  <div class='ocr_page' id='page_1' title='image "/cluster/home/n/w/nwhite01/storage/ocr_20150623/74/hvd.32044048207120/186.png"; bbox 0 0 4042 6204; ppageno 0'>
   <div class='ocr_carea' id='block_1_1' title="bbox 349 250 450 307">
    <p class='ocr_par' dir='ltr' id='par_1_1' title="bbox 349 250 450 307">
     <span class='ocr_line' id='line_1_1' title="bbox 349 250 450 307; baseline -0.02 0"><span class='ocrx_word' id='word_1_1' title='bbox 349 250 450 307; x_wconf 72' lang='lat'>361</span> 
     </span>
    </p>
   </div>
   <div class='ocr_carea' id='block_1_2' title="bbox 1407 244 2548 314">
    <p class='ocr_par' dir='ltr' id='par_1_2' title="bbox 1407 244 2548 314">
     <span class='ocr_line' id='line_1_2' title="bbox 1407 244 2548 314; baseline 0.004 -6"><span class='ocrx_word' id='word_1_2' title='bbox 1407 244 1477 308; x_wconf 71' lang='grc' dir='ltr'>ΙΝ</span> <span class='ocrx_word' id='word_1_3' title='bbox 1498 244 1781 312; x_wconf 73' lang='lat' dir='ltr'>JOANNIS</span> <span class='ocrx_word' id='word_1_4' title='bbox 1820 251 2273 314; x_wconf 77' lang='lat' dir='ltr'>EVANGELIUM</span> <span class='ocrx_word' id='word_1_5' title='bbox 2312 251 2440 311; x_wconf 73' lang='lat' dir='ltr'><strong>LIB.</strong></span> <span class='ocrx_word' id='word_1_6' title='bbox 2483 255 2548 312; x_wconf 80' lang='grc' dir='ltr'>Χ.</span> 
     </span>
    </p>
   </div>
   <div class='ocr_carea' id='block_1_3' title="bbox 3489 254 3593 312">
    <p class='ocr_par' dir='ltr' id='par_1_3' title="bbox 3489 254 3593 312">
     <span class='ocr_line' id='line_1_3' title="bbox 3489 254 3593 312; baseline 0.019 -2"><span class='ocrx_word' id='word_1_7' title='bbox 3489 254 3593 312; x_wconf 74' lang='grc' dir='ltr'>5θὶ</span> 
     </span>
    </p>
   </div>
   <div class='ocr_carea' id='block_1_4' title="bbox 348 364 1940 444">
    <p class='ocr_par' dir='ltr' id='par_1_4' title="bbox 348 364 1923 443">
     <span class='ocr_line' id='line_1_4' title="bbox 348 364 1923 443; baseline 0.003 -24"><span class='ocrx_word' id='word_1_8' title='bbox 348 365 581 435; x_wconf 72' lang='grc' dir='ltr'>λέγοντα</span> <span class='ocrx_word' id='word_1_9' title='bbox 602 364 937 437; x_wconf 78' lang='grc' dir='ltr'>Ψαλμῳδόνο</span> <span class='ocrx_word' id='word_1_10' title='bbox 973 383 991 419; x_wconf 83' lang='lat' dir='ltr'>t</span> <span class='ocrx_word' id='word_1_11' title='bbox 1036 364 1330 441; x_wconf 78' lang='grc' dir='ltr'>Ἐκολλήθη</span> <span class='ocrx_word' id='word_1_12' title='bbox 1354 370 1389 440; x_wconf 80' lang='grc' dir='ltr'><strong>ἡ</strong></span> <span class='ocrx_word' id='word_1_13' title='bbox 1427 369 1574 443; x_wconf 81' lang='grc' dir='ltr'>ψυχή</span> <span class='ocrx_word' id='word_1_14' title='bbox 1609 388 1710 443; x_wconf 87' lang='grc' dir='ltr'>μου</span> <span class='ocrx_word' id='word_1_15' title='bbox 1744 371 1923 426; x_wconf 83' lang='grc' dir='ltr'>ὀπίσω</span> 
     </span>
    </p>
   </div>
   <div class='ocr_carea' id='block_1_5' title="bbox 2040 364 3594 444">
    <p class='ocr_par' dir='ltr' id='par_1_5' title="bbox 2040 366 3594 444">
     <span class='ocr_line' id='line_1_5' title="bbox 2040 366 3594 444; baseline -0.004 -14"><span class='ocrx_word' id='word_1_16' title='bbox 2040 386 2132 444; x_wconf 60' lang='lat' dir='ltr'>tua</span> <span class='ocrx_word' id='word_1_17' title='bbox 2162 373 2474 430; x_wconf 79' lang='lat' dir='ltr'><strong>sanctiﬁcat</strong></span> <span class='ocrx_word' id='word_1_18' title='bbox 2502 387 2605 429; x_wconf 89' lang='lat' dir='ltr'>nos</span> <span class='ocrx_word' id='word_1_19' title='bbox 2621 366 2898 436; x_wconf 74' lang='lat' dir='ltr'>Christus,</span> <span class='ocrx_word' id='word_1_20' title='bbox 2921 369 3132 441; x_wconf 81' lang='lat' dir='ltr'>suscipi</span> <span class='ocrx_word' id='word_1_21' title='bbox 3163 368 3384 441; x_wconf 78' lang='lat' dir='ltr'>quidem</span> <span class='ocrx_word' id='word_1_22' title='bbox 3416 372 3594 428; x_wconf 81' lang='lat' dir='ltr'><strong>instar</strong></span> 
     </span>
    </p>
   </div>
   <div class='ocr_carea' id='block_1_6' title="bbox 349 455 1927 532">
    <p class='ocr_par' dir='ltr' id='par_1_6' title="bbox 349 455 1927 532">
     <span class='ocr_line' id='line_1_6' title="bbox 349 455 1927 532; baseline 0.002 -23"><span class='ocrx_word' id='word_1_23' title='bbox 349 470 469 510; x_wconf 83' lang='grc' dir='ltr'>σου.</span> <span class='ocrx_word' id='word_1_24' title='bbox 504 474 526 507; x_wconf 73' lang='grc' dir='ltr'>ι</span> <span class='ocrx_word' id='word_1_25' title='bbox 563 455 679 510; x_wconf 82' lang='grc' dir='ltr'>Οὐκ</span> <span class='ocrx_word' id='word_1_26' title='bbox 707 455 931 527; x_wconf 81' lang='grc' dir='ltr'>ἀρκέσει</span> <span class='ocrx_word' id='word_1_27' title='bbox 973 455 1262 527; x_wconf 79' lang='grc' dir='ltr'>τοιγαροῦν</span> <span class='ocrx_word' id='word_1_28' title='bbox 1308 458 1445 528; x_wconf 84' lang='grc' dir='ltr'>πρὸς</span> <span class='ocrx_word' id='word_1_29' title='bbox 1476 460 1767 532; x_wconf 81' lang='grc' dir='ltr'>ὀλόκληρον</span> <span class='ocrx_word' id='word_1_30' title='bbox 1794 461 1927 530; x_wconf 76' lang='grc' dir='ltr'>ἡμῖν</span> 
     </span>
    </p>
   </div>
   <div class='ocr_carea' id='block_1_7' title="bbox 346 544 1928 621">
    <p class='ocr_par' dir='ltr' id='par_1_7' title="bbox 346 544 1928 621">
     <span class='ocr_line' id='line_1_7' title="bbox 346 544 1928 621; baseline 0.001 -20"><span class='ocrx_word' id='word_1_31' title='bbox 346 544 653 619; x_wconf 77' lang='grc' dir='ltr'>θυμηδίαν,</span> <span class='ocrx_word' id='word_1_32' title='bbox 688 547 807 618; x_wconf 81' lang='grc' dir='ltr'>ῆτοι</span> <span class='ocrx_word' id='word_1_33' title='bbox 849 547 985 620; x_wconf 80' lang='grc' dir='ltr'>πρὸς</span> <span class='ocrx_word' id='word_1_34' title='bbox 1011 549 1284 621; x_wconf 75' lang='grc' dir='ltr'>ἁγιασμὸν</span> <span class='ocrx_word' id='word_1_35' title='bbox 1307 590 1323 616; x_wconf 91' lang='grc'>,</span> <span class='ocrx_word' id='word_1_36' title='bbox 1354 551 1445 604; x_wconf 82' lang='grc' dir='ltr'>τὸν</span> <span class='ocrx_word' id='word_1_37' title='bbox 1473 551 1548 615; x_wconf 87' lang='grc' dir='ltr'>ὼς</span> <span class='ocrx_word' id='word_1_38' title='bbox 1582 553 1674 605; x_wconf 76' lang='grc' dir='ltr'>ἐπὶ</span> <span class='ocrx_word' id='word_1_39' title='bbox 1715 550 1928 605; x_wconf 78' lang='grc' dir='ltr'>ἐκθέσει</span> 
     </span>
    </p>
   </div>
   <div class='ocr_carea' id='block_1_8' title="bbox 347 632 1925 715">
    <p class='ocr_par' dir='ltr' id='par_1_8' title="bbox 347 632 1925 715">
     <span class='ocr_line' id='line_1_8' title="bbox 347 632 1925 715; baseline 0.004 -25"><span class='ocrx_word' id='word_1_40' title='bbox 347 637 445 691; x_wconf 82' lang='grc' dir='ltr'>τοῦ</span> <span class='ocrx_word' id='word_1_41' title='bbox 474 632 796 706; x_wconf 78' lang='grc' dir='ltr'>ἁγιάζοντος</span> <span class='ocrx_word' id='word_1_42' title='bbox 820 640 971 710; x_wconf 79' lang='grc' dir='ltr'>ἡμᾶς</span> <span class='ocrx_word' id='word_1_43' title='bbox 1001 640 1243 711; x_wconf 73' lang='grc' dir='ltr'>Χριστοῦ</span> <span class='ocrx_word' id='word_1_44' title='bbox 1263 681 1278 708; x_wconf 94' lang='grc'>,</span> <span class='ocrx_word' id='word_1_45' title='bbox 1336 642 1398 695; x_wconf 87' lang='grc' dir='ltr'>τδ</span> <span class='ocrx_word' id='word_1_46' title='bbox 1442 642 1776 715; x_wconf 75' lang='grc' dir='ltr'>εἰσδεχθῆναι</span> <span class='ocrx_word' id='word_1_47' title='bbox 1807 643 1925 713; x_wconf 84' lang='grc' dir='ltr'>μὲν,</span> 
     </span>
    </p>
   </div>
   <div class='ocr_carea' id='block_1_9' title="bbox 350 728 1926 806">
    <p class='ocr_par' dir='ltr' id='par_1_9' title="bbox 350 728 1926 806">
     <span class='ocr_line' id='line_1_9' title="bbox 350 728 1926 806; baseline 0.004 -24"><span class='ocrx_word' id='word_1_48' title='bbox 350 728 428 791; x_wconf 84' lang='grc' dir='ltr'>ὡς</span> <span class='ocrx_word' id='word_1_49' title='bbox 448 731 507 783; x_wconf 77' lang='grc' dir='ltr'>ὲν</span> <span class='ocrx_word' id='word_1_50' title='bbox 540 728 692 794; x_wconf 78' lang='grc' dir='ltr'>τάξει</span> <span class='ocrx_word' id='word_1_51' title='bbox 725 729 1024 801; x_wconf 79' lang='grc' dir='ltr'>κλημάτων</span> <span class='ocrx_word' id='word_1_52' title='bbox 1046 749 1060 762; x_wconf 89' lang='grc'><strong>·</strong></span> <span class='ocrx_word' id='word_1_53' title='bbox 1094 733 1294 805; x_wconf 82' lang='grc' dir='ltr'>χρῆναι</span> <span class='ocrx_word' id='word_1_54' title='bbox 1325 734 1382 787; x_wconf 83' lang='grc' dir='ltr'>δὲ</span> <span class='ocrx_word' id='word_1_55' title='bbox 1412 733 1548 806; x_wconf 76' lang='grc' dir='ltr'>πρὸς</span> <span class='ocrx_word' id='word_1_56' title='bbox 1579 733 1740 789; x_wconf 82' lang='grc' dir='ltr'>τοῦτό</span> <span class='ocrx_word' id='word_1_57' title='bbox 1763 728 1926 806; x_wconf 84' lang='grc' dir='ltr'>φημι,</span> 
     </span>
    </p>
   </div>
   <div class='ocr_carea' id='block_1_10' title="bbox 350 821 1929 896">
    <p class='ocr_par' dir='ltr' id='par_1_10' title="bbox 350 821 1929 896">
     <span class='ocr_line' id='line_1_10' title="bbox 350 821 1929 896; baseline -0.009 -4"><span class='ocrx_word' id='word_1_58' title='bbox 350 822 450 876; x_wconf 62' lang='grc' dir='ltr'>καὶ</span> <span class='ocrx_word' id='word_1_59' title='bbox 478 821 540 875; x_wconf 69' lang='grc' dir='ltr'>τδ</span> <span class='ocrx_word' id='word_1_60' title='bbox 577 822 664 876; x_wconf 65' lang='grc' dir='ltr'>διὰ</span> <span class='ocrx_word' id='word_1_61' title='bbox 706 822 808 892; x_wconf 82' lang='grc' dir='ltr'>τῆς</span> <span class='ocrx_word' id='word_1_62' title='bbox 842 821 1053 887; x_wconf 78' lang='grc' dir='ltr'>τελείας</span> <span class='ocrx_word' id='word_1_63' title='bbox 1090 841 1149 877; x_wconf 84' lang='grc' dir='ltr'>τε</span> <span class='ocrx_word' id='word_1_64' title='bbox 1202 825 1296 879; x_wconf 72' lang='grc' dir='ltr'>καὶ</span> <span class='ocrx_word' id='word_1_65' title='bbox 1341 825 1658 890; x_wconf 74' lang='grc' dir='ltr'>άνελλιποῦς</span> <span class='ocrx_word' id='word_1_66' title='bbox 1706 827 1929 896; x_wconf 83' lang='grc' dir='ltr'>ἀγάπης</span> 
     </span>
    </p>
   </div>
   <div class='ocr_carea' id='block_1_11' title="bbox 358 910 1930 986">
    <p class='ocr_par' dir='ltr' id='par_1_11' title="bbox 358 910 1930 986">
     <span class='ocr_line' id='line_1_11' title="bbox 358 910 1930 986; baseline 0.003 -22"><span class='ocrx_word' id='word_1_67' title='bbox 358 912 592 980; x_wconf 82' lang='grc' dir='ltr'>γνησίως</span> <span class='ocrx_word' id='word_1_68' title='bbox 618 910 972 977; x_wconf 17' lang='grc' dir='ltr'>«ἀκολουθεῖνι</span> <span class='ocrx_word' id='word_1_69' title='bbox 1050 914 1140 967; x_wconf 81' lang='grc' dir='ltr'>Ἐν</span> <span class='ocrx_word' id='word_1_70' title='bbox 1189 914 1299 985; x_wconf 82' lang='grc' dir='ltr'>γάρ</span> <span class='ocrx_word' id='word_1_71' title='bbox 1348 914 1413 985; x_wconf 76' lang='grc' dir='ltr'>δὴ</span> <span class='ocrx_word' id='word_1_72' title='bbox 1462 914 1641 985; x_wconf 73' lang='grc' dir='ltr'>τούτῳ</span> <span class='ocrx_word' id='word_1_73' title='bbox 1698 916 1930 986; x_wconf 77' lang='grc' dir='ltr'>μάλιστα</span> 
     </span>
    </p>
   </div>
   <div class='ocr_carea' id='block_1_12' title="bbox 353 992 1931 1076">
    <p class='ocr_par' dir='ltr' id='par_1_12' title="bbox 353 992 1931 1076">
     <span class='ocr_line' id='line_1_12' title="bbox 353 992 1931 1076; baseline 0.001 -19"><span class='ocrx_word' id='word_1_74' title='bbox 353 1001 537 1067; x_wconf 88' lang='grc' dir='ltr'>καλῶς</span> <span class='ocrx_word' id='word_1_75' title='bbox 571 1002 780 1073; x_wconf 79' lang='grc' dir='ltr'>ἂνὲχοι</span> <span class='ocrx_word' id='word_1_76' title='bbox 817 1004 908 1057; x_wconf 76' lang='grc' dir='ltr'>καὶ</span> <span class='ocrx_word' id='word_1_77' title='bbox 941 1004 1170 1069; x_wconf 73' lang='grc' dir='ltr'>σώζοιτο</span> <span class='ocrx_word' id='word_1_78' title='bbox 1210 992 1308 1071; x_wconf 83' lang='grc' dir='ltr'>τῆς</span> <span class='ocrx_word' id='word_1_79' title='bbox 1339 1006 1397 1059; x_wconf 83' lang='grc' dir='ltr'>ὲν</span> <span class='ocrx_word' id='word_1_80' title='bbox 1430 1006 1704 1076; x_wconf 86' lang='grc' dir='ltr'>πνεύματι</span> <span class='ocrx_word' id='word_1_81' title='bbox 1736 1005 1931 1071; x_wconf 77' lang='grc' dir='ltr'>κολλή-</span> 
     </span>
    </p>
   </div>
   <div class='ocr_carea' id='block_1_13' title="bbox 354 1095 1930 1169">
    <p class='ocr_par' dir='ltr' id='par_1_13' title="bbox 354 1095 1930 1169">
     <span class='ocr_line' id='line_1_13' title="bbox 354 1095 1930 1169; baseline 0.002 -22"><span class='ocrx_word' id='word_1_82' title='bbox 354 1111 491 1157; x_wconf 83' lang='grc' dir='ltr'>σεως</span> <span class='ocrx_word' id='word_1_83' title='bbox 527 1095 846 1166; x_wconf 81' lang='grc' dir='ltr'>νοουμένης,</span> <span class='ocrx_word' id='word_1_84' title='bbox 880 1096 999 1166; x_wconf 79' lang='grc' dir='ltr'>ῆτοι</span> <span class='ocrx_word' id='word_1_85' title='bbox 1032 1096 1326 1165; x_wconf 76' lang='grc' dir='ltr'>συναφείας</span> <span class='ocrx_word' id='word_1_86' title='bbox 1358 1097 1392 1167; x_wconf 70' lang='grc' dir='ltr'><strong>ἡ</strong></span> <span class='ocrx_word' id='word_1_87' title='bbox 1424 1095 1671 1166; x_wconf 80' lang='grc' dir='ltr'>δύναμις.</span> <span class='ocrx_word' id='word_1_88' title='bbox 1710 1096 1930 1169; x_wconf 79' lang='grc' dir='ltr'>Ἐπειδὴ</span> 
     </span>
    </p>
   </div>
   <div class='ocr_carea' id='block_1_14' title="bbox 349 1186 1930 1260">
    <p class='ocr_par' dir='ltr' id='par_1_14' title="bbox 349 1186 1930 1260">
     <span class='ocr_line' id='line_1_14' title="bbox 349 1186 1930 1260; baseline 0.003 -22"><span class='ocrx_word' id='word_1_89' title='bbox 349 1186 534 1239; x_wconf 83' lang='grc' dir='ltr'>τοίνυν</span> <span class='ocrx_word' id='word_1_90' title='bbox 565 1186 672 1257; x_wconf 70' lang='grc' dir='ltr'>ἔφη</span> <span class='ocrx_word' id='word_1_91' title='bbox 720 1187 956 1258; x_wconf 76' lang='grc' dir='ltr'>Χριστὸς</span> <span class='ocrx_word' id='word_1_92' title='bbox 992 1190 1104 1252; x_wconf 86' lang='grc' dir='ltr'>τοῖς</span> <span class='ocrx_word' id='word_1_93' title='bbox 1149 1186 1342 1241; x_wconf 75' lang='grc' dir='ltr'>ἑαυτοῦ</span> <span class='ocrx_word' id='word_1_94' title='bbox 1397 1188 1697 1259; x_wconf 82' lang='grc' dir='ltr'>μαθηταῖς·</span> <span class='ocrx_word' id='word_1_95' title='bbox 1734 1207 1754 1241; x_wconf 75' lang='grc' dir='ltr'>ι</span> <span class='ocrx_word' id='word_1_96' title='bbox 1790 1189 1930 1260; x_wconf 85' lang='grc' dir='ltr'>Ἤδη</span> 
     </span>
    </p>
   </div>
   <div class='ocr_carea' id='block_1_15' title="bbox 354 1276 1926 1350">
    <p class='ocr_par' dir='ltr' id='par_1_15' title="bbox 354 1276 1926 1350">
     <span class='ocr_line' id='line_1_15' title="bbox 354 1276 1926 1350; baseline 0.001 -21"><span class='ocrx_word' id='word_1_97' title='bbox 354 1276 517 1347; x_wconf 79' lang='grc' dir='ltr'>ὑμεῖς</span> <span class='ocrx_word' id='word_1_98' title='bbox 537 1277 769 1348; x_wconf 86' lang='grc' dir='ltr'>καθαροί</span> <span class='ocrx_word' id='word_1_99' title='bbox 797 1280 942 1343; x_wconf 72' lang='grc' dir='ltr'>ἐστε,</span> <span class='ocrx_word' id='word_1_100' title='bbox 963 1276 1052 1331; x_wconf 84' lang='grc' dir='ltr'>διά</span> <span class='ocrx_word' id='word_1_101' title='bbox 1072 1277 1162 1332; x_wconf 82' lang='grc' dir='ltr'>τὸν</span> <span class='ocrx_word' id='word_1_102' title='bbox 1178 1277 1335 1345; x_wconf 85' lang='grc' dir='ltr'>λόγον</span> <span class='ocrx_word' id='word_1_103' title='bbox 1356 1277 1414 1331; x_wconf 82' lang='grc' dir='ltr'>ὃν</span> <span class='ocrx_word' id='word_1_104' title='bbox 1438 1277 1709 1350; x_wconf 78' lang='grc' dir='ltr'>λελάληκα</span> <span class='ocrx_word' id='word_1_105' title='bbox 1731 1278 1880 1350; x_wconf 81' lang='grc' dir='ltr'>ὑμῖν·</span> <span class='ocrx_word' id='word_1_106' title='bbox 1902 1297 1926 1331; x_wconf 77' lang='grc' dir='ltr'>ι</span> 
     </span>
    </p>
   </div>
   <div class='ocr_carea' id='block_1_16' title="bbox 358 1370 1930 1445">
    <p class='ocr_par' dir='ltr' id='par_1_16' title="bbox 358 1370 1930 1445">
     <span class='ocr_line' id='line_1_16' title="bbox 358 1370 1930 1445; baseline 0.003 -22"><span class='ocrx_word' id='word_1_107' title='bbox 358 1371 447 1423; x_wconf 89' lang='grc' dir='ltr'>ῖνα</span> <span class='ocrx_word' id='word_1_108' title='bbox 481 1372 557 1441; x_wconf 87' lang='grc' dir='ltr'>μή</span> <span class='ocrx_word' id='word_1_109' title='bbox 591 1387 675 1433; x_wconf 88' lang='grc' dir='ltr'>τις</span> <span class='ocrx_word' id='word_1_110' title='bbox 703 1370 912 1443; x_wconf 82' lang='grc' dir='ltr'>οἰηθείη</span> <span class='ocrx_word' id='word_1_111' title='bbox 961 1371 1093 1426; x_wconf 87' lang='grc' dir='ltr'>ποτὲ</span> <span class='ocrx_word' id='word_1_112' title='bbox 1145 1371 1255 1425; x_wconf 90' lang='grc' dir='ltr'>τῶν</span> <span class='ocrx_word' id='word_1_113' title='bbox 1289 1370 1436 1437; x_wconf 78' lang='grc' dir='ltr'>ἅπαξ</span> <span class='ocrx_word' id='word_1_114' title='bbox 1483 1372 1930 1445; x_wconf 78' lang='grc' dir='ltr'>κεκαθαρμένων,</span> 
     </span>
    </p>
   </div>
   <div class='ocr_carea' id='block_1_17' title="bbox 350 1461 1933 1532">
    <p class='ocr_par' dir='ltr' id='par_1_17' title="bbox 350 1461 1933 1532">
     <span class='ocr_line' id='line_1_17' title="bbox 350 1461 1933 1532; baseline 0 -18"><span class='ocrx_word' id='word_1_115' title='bbox 350 1461 712 1526; x_wconf 72' lang='grc' dir='ltr'>ἀδιαπτώτως</span> <span class='ocrx_word' id='word_1_116' title='bbox 742 1461 884 1532; x_wconf 72' lang='grc' dir='ltr'>ἔχειν</span> <span class='ocrx_word' id='word_1_117' title='bbox 909 1462 1193 1525; x_wconf 89' lang='grc' dir='ltr'>δύνασθαι,</span> <span class='ocrx_word' id='word_1_118' title='bbox 1216 1461 1309 1517; x_wconf 75' lang='grc' dir='ltr'>καὶ</span> <span class='ocrx_word' id='word_1_119' title='bbox 1342 1462 1390 1514; x_wconf 84' lang='grc' dir='ltr'>εἰ</span> <span class='ocrx_word' id='word_1_120' title='bbox 1427 1464 1500 1532; x_wconf 84' lang='grc' dir='ltr'>μή</span> <span class='ocrx_word' id='word_1_121' title='bbox 1523 1478 1645 1515; x_wconf 90' lang='grc' dir='ltr'>τινα</span> <span class='ocrx_word' id='word_1_122' title='bbox 1670 1462 1829 1532; x_wconf 82' lang='grc' dir='ltr'>τυχὸν</span> <span class='ocrx_word' id='word_1_123' title='bbox 1853 1462 1933 1525; x_wconf 87' lang='grc' dir='ltr'>είς</span> 
     </span>
    </p>
   </div>
   <div class='ocr_carea' id='block_1_18' title="bbox 352 1547 1936 1625">
    <p class='ocr_par' dir='ltr' id='par_1_18' title="bbox 352 1547 1936 1625">
     <span class='ocr_line' id='line_1_18' title="bbox 352 1547 1936 1625; baseline 0.001 -20"><span class='ocrx_word' id='word_1_124' title='bbox 352 1552 415 1605; x_wconf 80' lang='grc' dir='ltr'>τὸ</span> <span class='ocrx_word' id='word_1_125' title='bbox 440 1548 499 1606; x_wconf 79' lang='grc' dir='ltr'>εὖ</span> <span class='ocrx_word' id='word_1_126' title='bbox 522 1547 662 1606; x_wconf 78' lang='grc' dir='ltr'>εἶναι</span> <span class='ocrx_word' id='word_1_127' title='bbox 687 1556 889 1606; x_wconf 82' lang='grc' dir='ltr'>ποιοῖτο</span> <span class='ocrx_word' id='word_1_128' title='bbox 911 1553 1167 1624; x_wconf 82' lang='grc' dir='ltr'>σπουδὴν,</span> <span class='ocrx_word' id='word_1_129' title='bbox 1192 1554 1613 1622; x_wconf 87' lang='grc' dir='ltr'>προσεπιτάττοι</span> <span class='ocrx_word' id='word_1_130' title='bbox 1643 1552 1755 1625; x_wconf 72' lang='grc' dir='ltr'>[γρ.</span> <span class='ocrx_word' id='word_1_131' title='bbox 1774 1570 1936 1624; x_wconf 77' lang='grc' dir='ltr'>προσο</span> 
     </span>
    </p>
   </div>
   <div class='ocr_carea' id='block_1_19' title="bbox 352 1642 1931 1716">
    <p class='ocr_par' dir='ltr' id='par_1_19' title="bbox 352 1642 1931 1716">
     <span class='ocr_line' id='line_1_19' title="bbox 352 1642 1931 1716; baseline 0 -20"><span class='ocrx_word' id='word_1_132' title='bbox 352 1642 676 1716; x_wconf 78' lang='grc' dir='ltr'>επιτάττει]</span> <span class='ocrx_word' id='word_1_133' title='bbox 706 1642 1012 1715; x_wconf 86' lang='grc' dir='ltr'>χρησίμως,</span> <span class='ocrx_word' id='word_1_134' title='bbox 1036 1644 1119 1697; x_wconf 85' lang='grc' dir='ltr'>ὅτι</span> <span class='ocrx_word' id='word_1_135' title='bbox 1152 1645 1420 1715; x_wconf 81' lang='grc' dir='ltr'>προσήκοι</span> <span class='ocrx_word' id='word_1_136' title='bbox 1457 1643 1643 1714; x_wconf 82' lang='grc' dir='ltr'>μένειν</span> <span class='ocrx_word' id='word_1_137' title='bbox 1670 1646 1729 1697; x_wconf 82' lang='grc' dir='ltr'>ὲν</span> <span class='ocrx_word' id='word_1_138' title='bbox 1758 1643 1931 1714; x_wconf 82' lang='grc' dir='ltr'>αὐτῷ.</span> 
     </span>
    </p>
   </div>
   <div class='ocr_carea' id='block_1_20' title="bbox 356 1708 2007 1807">
    <p class='ocr_par' dir='ltr' id='par_1_20' title="bbox 356 1708 2007 1807">
     <span class='ocr_line' id='line_1_20' title="bbox 356 1708 2007 1807; baseline 0.001 -20"><span class='ocrx_word' id='word_1_139' title='bbox 356 1735 461 1787; x_wconf 66' lang='grc' dir='ltr'>Καὶ</span> <span class='ocrx_word' id='word_1_140' title='bbox 492 1734 546 1787; x_wconf 92' lang='grc' dir='ltr'>τί</span> <span class='ocrx_word' id='word_1_141' title='bbox 574 1708 936 1801; x_wconf 42' lang='lat' dir='ltr'><strong>roganterm;</strong></span> <span class='ocrx_word' id='word_1_142' title='bbox 962 1708 1208 1807; x_wconf 38' lang='grc' dir='ltr'>Ἕτερον.</span> <span class='ocrx_word' id='word_1_143' title='bbox 1228 1708 1400 1800; x_wconf 54' lang='grc' dir='ltr'>οὐδέν,</span> <span class='ocrx_word' id='word_1_144' title='bbox 1429 1708 1504 1798; x_wconf 80' lang='grc' dir='ltr'>ῶς</span> <span class='ocrx_word' id='word_1_145' title='bbox 1528 1735 1592 1802; x_wconf 80' lang='grc' dir='ltr'>γέ</span> <span class='ocrx_word' id='word_1_146' title='bbox 1624 1752 1714 1805; x_wconf 87' lang='grc' dir='ltr'>μοι</span> <span class='ocrx_word' id='word_1_147' title='bbox 1742 1708 1930 1805; x_wconf 76' lang='grc' dir='ltr'>φαίνε-</span> <span class='ocrx_word' id='word_1_148' title='bbox 1963 1708 2007 1768; x_wconf 74' lang='grc' dir='ltr'><strong><em>Β</em></strong></span> 
     </span>
    </p>
   </div>
   <div class='ocr_carea' id='block_1_21' title="bbox 354 1825 1933 1897">
    <p class='ocr_par' dir='ltr' id='par_1_21' title="bbox 354 1825 1933 1897">
     <span class='ocr_line' id='line_1_21' title="bbox 354 1825 1933 1897; baseline 0.001 -19"><span class='ocrx_word' id='word_1_149' title='bbox 354 1843 464 1892; x_wconf 84' lang='grc' dir='ltr'>ται,</span> <span class='ocrx_word' id='word_1_150' title='bbox 498 1825 702 1897; x_wconf 81' lang='grc' dir='ltr'>μᾶλλον</span> <span class='ocrx_word' id='word_1_151' title='bbox 746 1825 805 1878; x_wconf 83' lang='grc' dir='ltr'>δὲ</span> <span class='ocrx_word' id='word_1_152' title='bbox 844 1825 1091 1897; x_wconf 75' lang='grc' dir='ltr'>ἐναργῶς</span> <span class='ocrx_word' id='word_1_153' title='bbox 1121 1826 1183 1880; x_wconf 80' lang='grc' dir='ltr'>τὸ</span> <span class='ocrx_word' id='word_1_154' title='bbox 1223 1826 1313 1880; x_wconf 86' lang='grc' dir='ltr'>διά</span> <span class='ocrx_word' id='word_1_155' title='bbox 1358 1826 1452 1880; x_wconf 77' lang='grc' dir='ltr'>τοῦ</span> <span class='ocrx_word' id='word_1_156' title='bbox 1489 1826 1704 1881; x_wconf 80' lang='grc' dir='ltr'>Παύλου</span> <span class='ocrx_word' id='word_1_157' title='bbox 1753 1827 1933 1891; x_wconf 88' lang='grc' dir='ltr'>καλῶς</span> 
     </span>
    </p>
   </div>
   <div class='ocr_carea' id='block_1_22' title="bbox 356 1916 1932 1990">
    <p class='ocr_par' dir='ltr' id='par_1_22' title="bbox 356 1916 1932 1990">
     <span class='ocr_line' id='line_1_22' title="bbox 356 1916 1932 1990; baseline 0.001 -22"><span class='ocrx_word' id='word_1_158' title='bbox 356 1916 649 1987; x_wconf 78' lang='grc' dir='ltr'>εἰρημένον</span> <span class='ocrx_word' id='word_1_159' title='bbox 671 1931 684 1945; x_wconf 87' lang='grc'><strong>·</strong></span> <span class='ocrx_word' id='word_1_160' title='bbox 720 1933 740 1968; x_wconf 82' lang='lat' dir='ltr'>t</span> <span class='ocrx_word' id='word_1_161' title='bbox 775 1916 940 1969; x_wconf 82' lang='grc' dir='ltr'>Ὥστε</span> <span class='ocrx_word' id='word_1_162' title='bbox 986 1918 1014 1969; x_wconf 86' lang='grc' dir='ltr'>ό</span> <span class='ocrx_word' id='word_1_163' title='bbox 1045 1916 1222 1969; x_wconf 83' lang='grc' dir='ltr'>δοκῶν</span> <span class='ocrx_word' id='word_1_164' title='bbox 1264 1917 1519 1984; x_wconf 76' lang='grc' dir='ltr'>ἑστάναι,</span> <span class='ocrx_word' id='word_1_165' title='bbox 1577 1916 1822 1988; x_wconf 78' lang='grc' dir='ltr'>βλεπέτω</span> <span class='ocrx_word' id='word_1_166' title='bbox 1859 1918 1932 1990; x_wconf 89' lang='grc' dir='ltr'>μὴ</span> 
     </span>
    </p>
   </div>
   <div class='ocr_carea' id='block_1_23' title="bbox 356 2007 1935 2081">
    <p class='ocr_par' dir='ltr' id='par_1_23' title="bbox 356 2007 1935 2081">
     <span class='ocr_line' id='line_1_23' title="bbox 356 2007 1935 2081; baseline 0.002 -21"><span class='ocrx_word' id='word_1_167' title='bbox 356 2009 522 2080; x_wconf 78' lang='grc' dir='ltr'>πέσῃ.</span> <span class='ocrx_word' id='word_1_168' title='bbox 555 2026 574 2060; x_wconf 72' lang='grc' dir='ltr'>ι</span> <span class='ocrx_word' id='word_1_169' title='bbox 612 2008 796 2079; x_wconf 87' lang='grc' dir='ltr'>Μυρία</span> <span class='ocrx_word' id='word_1_170' title='bbox 818 2008 927 2078; x_wconf 83' lang='grc' dir='ltr'>γάρ</span> <span class='ocrx_word' id='word_1_171' title='bbox 952 2007 1019 2062; x_wconf 84' lang='grc' dir='ltr'>ἂν</span> <span class='ocrx_word' id='word_1_172' title='bbox 1045 2008 1139 2062; x_wconf 72' lang='grc' dir='ltr'>καὶ</span> <span class='ocrx_word' id='word_1_173' title='bbox 1163 2011 1276 2072; x_wconf 89' lang='grc' dir='ltr'>τοῖς</span> <span class='ocrx_word' id='word_1_174' title='bbox 1301 2009 1401 2081; x_wconf 79' lang='grc' dir='ltr'>ῆδη</span> <span class='ocrx_word' id='word_1_175' title='bbox 1429 2008 1663 2079; x_wconf 84' lang='grc' dir='ltr'>βεϐαίως</span> <span class='ocrx_word' id='word_1_176' title='bbox 1689 2008 1935 2063; x_wconf 78' lang='grc' dir='ltr'>δοκοῦσιν</span> 
     </span>
    </p>
   </div>
   <div class='ocr_carea' id='block_1_24' title="bbox 357 2099 1937 2173">
    <p class='ocr_par' dir='ltr' id='par_1_24' title="bbox 357 2099 1937 2173">
     <span class='ocr_line' id='line_1_24' title="bbox 357 2099 1937 2173; baseline 0.001 -20"><span class='ocrx_word' id='word_1_177' title='bbox 357 2100 584 2155; x_wconf 76' lang='grc' dir='ltr'>ἑστάναι</span> <span class='ocrx_word' id='word_1_178' title='bbox 611 2100 946 2171; x_wconf 77' lang='grc' dir='ltr'>συναντῆσαι</span> <span class='ocrx_word' id='word_1_179' title='bbox 980 2100 1054 2155; x_wconf 79' lang='grc' dir='ltr'>τά</span> <span class='ocrx_word' id='word_1_180' title='bbox 1074 2099 1444 2173; x_wconf 77' lang='grc' dir='ltr'>ὀλισθήματα,</span> <span class='ocrx_word' id='word_1_181' title='bbox 1480 2100 1556 2173; x_wconf 84' lang='grc' dir='ltr'>μὴ</span> <span class='ocrx_word' id='word_1_182' title='bbox 1587 2099 1937 2172; x_wconf 84' lang='grc' dir='ltr'>ούχίδιεδρά-</span> 
     </span>
    </p>
   </div>
   <div class='ocr_carea' id='block_1_25' title="bbox 359 2187 1938 2264">
    <p class='ocr_par' dir='ltr' id='par_1_25' title="bbox 359 2187 1938 2264">
     <span class='ocr_line' id='line_1_25' title="bbox 359 2187 1938 2264; baseline 0 -21"><span class='ocrx_word' id='word_1_183' title='bbox 359 2192 487 2245; x_wconf 89' lang='grc' dir='ltr'>σθαι</span> <span class='ocrx_word' id='word_1_184' title='bbox 505 2190 688 2255; x_wconf 86' lang='grc' dir='ltr'>καλῶς</span> <span class='ocrx_word' id='word_1_185' title='bbox 711 2193 770 2244; x_wconf 83' lang='grc' dir='ltr'>ὲν</span> <span class='ocrx_word' id='word_1_186' title='bbox 792 2187 989 2263; x_wconf 78' lang='grc' dir='ltr'>οἷσπερ</span> <span class='ocrx_word' id='word_1_187' title='bbox 1017 2191 1082 2246; x_wconf 83' lang='grc' dir='ltr'>ἂν</span> <span class='ocrx_word' id='word_1_188' title='bbox 1107 2188 1342 2258; x_wconf 75' lang='grc' dir='ltr'>εἷεν,διά</span> <span class='ocrx_word' id='word_1_189' title='bbox 1371 2192 1572 2264; x_wconf 86' lang='grc' dir='ltr'>πολλῆς</span> <span class='ocrx_word' id='word_1_190' title='bbox 1591 2193 1730 2261; x_wconf 78' lang='grc' dir='ltr'>ἄγαν</span> <span class='ocrx_word' id='word_1_191' title='bbox 1760 2207 1938 2246; x_wconf 85' lang='grc' dir='ltr'>ποιου-</span> 
     </span>
    </p>
   </div>
   <div class='ocr_carea' id='block_1_26' title="bbox 361 2278 1935 2355">
    <p class='ocr_par' dir='ltr' id='par_1_26' title="bbox 361 2278 1935 2355">
     <span class='ocr_line' id='line_1_26' title="bbox 361 2278 1935 2355; baseline 0.002 -21"><span class='ocrx_word' id='word_1_192' title='bbox 361 2284 550 2353; x_wconf 83' lang='grc' dir='ltr'>μένοις</span> <span class='ocrx_word' id='word_1_193' title='bbox 588 2282 843 2351; x_wconf 77' lang='grc' dir='ltr'>σπουδῆς.</span> <span class='ocrx_word' id='word_1_194' title='bbox 894 2284 983 2335; x_wconf 85' lang='grc' dir='ltr'>Δεῖ</span> <span class='ocrx_word' id='word_1_195' title='bbox 1027 2282 1108 2349; x_wconf 76' lang='grc' dir='ltr'>δὲ,</span> <span class='ocrx_word' id='word_1_196' title='bbox 1152 2278 1303 2355; x_wconf 79' lang='grc' dir='ltr'>οῐμαι</span> <span class='ocrx_word' id='word_1_197' title='bbox 1331 2321 1348 2349; x_wconf 96' lang='grc'>,</span> <span class='ocrx_word' id='word_1_198' title='bbox 1403 2284 1497 2338; x_wconf 77' lang='grc' dir='ltr'>καὶ</span> <span class='ocrx_word' id='word_1_199' title='bbox 1551 2284 1735 2355; x_wconf 84' lang='grc' dir='ltr'>πάσης</span> <span class='ocrx_word' id='word_1_200' title='bbox 1788 2283 1935 2354; x_wconf 74' lang='grc' dir='ltr'>ἡμᾶς</span> 
     </span>
    </p>
   </div>
   <div class='ocr_carea' id='block_1_27' title="bbox 354 2374 1936 2446">
    <p class='ocr_par' dir='ltr' id='par_1_27' title="bbox 354 2374 1936 2446">
     <span class='ocr_line' id='line_1_27' title="bbox 354 2374 1936 2446; baseline -0.001 -17"><span class='ocrx_word' id='word_1_201' title='bbox 354 2374 544 2442; x_wconf 78' lang='grc' dir='ltr'>ἀξιοῦν</span> <span class='ocrx_word' id='word_1_202' title='bbox 585 2374 884 2438; x_wconf 75' lang='grc' dir='ltr'>ἐπιεικείας</span> <span class='ocrx_word' id='word_1_203' title='bbox 909 2375 1004 2428; x_wconf 76' lang='grc' dir='ltr'>καὶ</span> <span class='ocrx_word' id='word_1_204' title='bbox 1033 2375 1251 2446; x_wconf 79' lang='grc' dir='ltr'>νήψεως</span> <span class='ocrx_word' id='word_1_205' title='bbox 1273 2376 1345 2429; x_wconf 81' lang='grc' dir='ltr'>τά</span> <span class='ocrx_word' id='word_1_206' title='bbox 1382 2376 1504 2430; x_wconf 86' lang='grc' dir='ltr'>καθ’</span> <span class='ocrx_word' id='word_1_207' title='bbox 1534 2375 1799 2440; x_wconf 81' lang='grc' dir='ltr'>ἑαυτοὺς,</span> <span class='ocrx_word' id='word_1_208' title='bbox 1831 2374 1936 2429; x_wconf 78' lang='grc' dir='ltr'>κᾶν</span> 
     </span>
    </p>
   </div>
   <div class='ocr_carea' id='block_1_28' title="bbox 358 2462 1938 2537">
    <p class='ocr_par' dir='ltr' id='par_1_28' title="bbox 358 2462 1938 2537">
     <span class='ocr_line' id='line_1_28' title="bbox 358 2462 1938 2537; baseline 0 -20"><span class='ocrx_word' id='word_1_209' title='bbox 358 2462 684 2537; x_wconf 78' lang='grc' dir='ltr'>ἐρηρεῖσθαί</span> <span class='ocrx_word' id='word_1_210' title='bbox 712 2482 830 2529; x_wconf 86' lang='grc' dir='ltr'>πως</span> <span class='ocrx_word' id='word_1_211' title='bbox 856 2465 988 2537; x_wconf 82' lang='grc' dir='ltr'>δοκῇ</span> <span class='ocrx_word' id='word_1_212' title='bbox 1020 2482 1127 2530; x_wconf 86' lang='grc' dir='ltr'>τις,</span> <span class='ocrx_word' id='word_1_213' title='bbox 1167 2466 1234 2519; x_wconf 81' lang='grc' dir='ltr'>δι’</span> <span class='ocrx_word' id='word_1_214' title='bbox 1269 2466 1512 2521; x_wconf 76' lang='grc' dir='ltr'>ἐπίδοσιν</span> <span class='ocrx_word' id='word_1_215' title='bbox 1540 2466 1640 2536; x_wconf 78' lang='grc' dir='ltr'>τὴν</span> <span class='ocrx_word' id='word_1_216' title='bbox 1665 2465 1764 2536; x_wconf 76' lang='grc' dir='ltr'>ἤδη</span> <span class='ocrx_word' id='word_1_217' title='bbox 1799 2480 1938 2536; x_wconf 87' lang='grc' dir='ltr'>προ-</span> 
     </span>
    </p>
   </div>
   <div class='ocr_carea' id='block_1_29' title="bbox 359 2554 1941 2628">
    <p class='ocr_par' dir='ltr' id='par_1_29' title="bbox 359 2554 1941 2628">
     <span class='ocr_line' id='line_1_29' title="bbox 359 2554 1941 2628; baseline -0.001 -19"><span class='ocrx_word' id='word_1_218' title='bbox 359 2556 678 2628; x_wconf 84' lang='grc' dir='ltr'>ηνυσμένην</span> <span class='ocrx_word' id='word_1_219' title='bbox 711 2557 791 2619; x_wconf 86' lang='grc' dir='ltr'>είς</span> <span class='ocrx_word' id='word_1_220' title='bbox 823 2556 1162 2627; x_wconf 84' lang='grc' dir='ltr'>κατόρθωσιν</span> <span class='ocrx_word' id='word_1_221' title='bbox 1186 2556 1431 2626; x_wconf 82' lang='grc' dir='ltr'>ἀγαθῶν.</span> <span class='ocrx_word' id='word_1_222' title='bbox 1474 2555 1698 2610; x_wconf 84' lang='grc' dir='ltr'>ὐποίαν</span> <span class='ocrx_word' id='word_1_223' title='bbox 1723 2554 1832 2627; x_wconf 88' lang='grc' dir='ltr'>γάρ</span> <span class='ocrx_word' id='word_1_224' title='bbox 1852 2571 1941 2620; x_wconf 86' lang='grc' dir='ltr'>τις</span> 
     </span>
    </p>
   </div>
   <div class='ocr_carea' id='block_1_30' title="bbox 359 2645 1942 2719">
    <p class='ocr_par' dir='ltr' id='par_1_30' title="bbox 359 2645 1942 2719">
     <span class='ocr_line' id='line_1_30' title="bbox 359 2645 1942 2719; baseline -0.001 -18"><span class='ocrx_word' id='word_1_225' title='bbox 359 2647 458 2701; x_wconf 74' lang='grc' dir='ltr'>καὶ</span> <span class='ocrx_word' id='word_1_226' title='bbox 491 2647 624 2718; x_wconf 80' lang='grc' dir='ltr'>ὅσην</span> <span class='ocrx_word' id='word_1_227' title='bbox 653 2646 914 2717; x_wconf 81' lang='grc' dir='ltr'>ὑπομένει</span> <span class='ocrx_word' id='word_1_228' title='bbox 951 2647 1051 2718; x_wconf 76' lang='grc' dir='ltr'>τὴν</span> <span class='ocrx_word' id='word_1_229' title='bbox 1077 2647 1304 2717; x_wconf 78' lang='grc' dir='ltr'>ζημίαν,</span> <span class='ocrx_word' id='word_1_230' title='bbox 1340 2649 1440 2717; x_wconf 88' lang='grc' dir='ltr'>τῆς</span> <span class='ocrx_word' id='word_1_231' title='bbox 1469 2650 1609 2719; x_wconf 74' lang='grc' dir='ltr'>πρὸς</span> <span class='ocrx_word' id='word_1_232' title='bbox 1639 2645 1772 2701; x_wconf 82' lang='grc' dir='ltr'>Θεὸν</span> <span class='ocrx_word' id='word_1_233' title='bbox 1802 2662 1942 2717; x_wconf 88' lang='grc' dir='ltr'>συμ-</span> 
     </span>
    </p>
   </div>
   <div class='ocr_carea' id='block_1_31' title="bbox 362 2736 1941 2810">
    <p class='ocr_par' dir='ltr' id='par_1_31' title="bbox 362 2736 1941 2810">
     <span class='ocr_line' id='line_1_31' title="bbox 362 2736 1941 2810; baseline 0.001 -20"><span class='ocrx_word' id='word_1_234' title='bbox 362 2739 529 2807; x_wconf 76' lang='grc' dir='ltr'>φυΐας</span> <span class='ocrx_word' id='word_1_235' title='bbox 581 2738 1033 2809; x_wconf 82' lang='grc' dir='ltr'>άποκεκομμένος</span> <span class='ocrx_word' id='word_1_236' title='bbox 1084 2737 1274 2810; x_wconf 83' lang='grc' dir='ltr'>ὥσπερ</span> <span class='ocrx_word' id='word_1_237' title='bbox 1333 2738 1424 2793; x_wconf 80' lang='grc' dir='ltr'>διὰ</span> <span class='ocrx_word' id='word_1_238' title='bbox 1482 2738 1577 2794; x_wconf 84' lang='grc' dir='ltr'>τοῦ</span> <span class='ocrx_word' id='word_1_239' title='bbox 1633 2739 1718 2808; x_wconf 78' lang='grc' dir='ltr'>ἐφ’</span> <span class='ocrx_word' id='word_1_240' title='bbox 1770 2736 1807 2792; x_wconf 72' lang='grc' dir='ltr'>ἃ.</span> <span class='ocrx_word' id='word_1_241' title='bbox 1865 2736 1941 2809; x_wconf 81' lang='grc' dir='ltr'>μὴ</span> 
     </span>
    </p>
   </div>
   <div class='ocr_carea' id='block_1_32' title="bbox 362 2827 1940 2902">
    <p class='ocr_par' dir='ltr' id='par_1_32' title="bbox 362 2827 1940 2902">
     <span class='ocr_line' id='line_1_32' title="bbox 362 2827 1940 2902; baseline 0.001 -20"><span class='ocrx_word' id='word_1_242' title='bbox 362 2829 646 2901; x_wconf 80' lang='grc' dir='ltr'>προσῆκεν</span> <span class='ocrx_word' id='word_1_243' title='bbox 699 2830 764 2883; x_wconf 75' lang='grc' dir='ltr'>ὲκ</span> <span class='ocrx_word' id='word_1_244' title='bbox 817 2828 1093 2900; x_wconf 76' lang='grc' dir='ltr'>ῥᾳθυμίας</span> <span class='ocrx_word' id='word_1_245' title='bbox 1159 2829 1543 2902; x_wconf 89' lang='grc' dir='ltr'>παρολισθεῖν,</span> <span class='ocrx_word' id='word_1_246' title='bbox 1619 2827 1940 2902; x_wconf 73' lang='grc' dir='ltr'>παρέδειξεν</span> 
     </span>
    </p>
   </div>
   <div class='ocr_carea' id='block_1_33' title="bbox 361 2919 1943 2993">
    <p class='ocr_par' dir='ltr' id='par_1_33' title="bbox 361 2919 1943 2993">
     <span class='ocr_line' id='line_1_33' title="bbox 361 2919 1943 2993; baseline -0.003 -16"><span class='ocrx_word' id='word_1_247' title='bbox 361 2921 683 2991; x_wconf 73' lang='grc' dir='ltr'>ἀναγκαίως</span> <span class='ocrx_word' id='word_1_248' title='bbox 716 2922 957 2974; x_wconf 79' lang='grc' dir='ltr'>ἐπειπών</span> <span class='ocrx_word' id='word_1_249' title='bbox 979 2936 994 2951; x_wconf 90' lang='grc'><strong>·</strong></span> <span class='ocrx_word' id='word_1_250' title='bbox 1028 2939 1047 2972; x_wconf 80' lang='lat' dir='ltr'>t</span> <span class='ocrx_word' id='word_1_251' title='bbox 1089 2919 1288 2985; x_wconf 85' lang='grc' dir='ltr'>Καθώς</span> <span class='ocrx_word' id='word_1_252' title='bbox 1321 2920 1384 2974; x_wconf 77' lang='grc' dir='ltr'>τὸ</span> <span class='ocrx_word' id='word_1_253' title='bbox 1407 2921 1593 2993; x_wconf 80' lang='grc' dir='ltr'>κλῆμα</span> <span class='ocrx_word' id='word_1_254' title='bbox 1628 2922 1688 2975; x_wconf 85' lang='grc' dir='ltr'>ού</span> <span class='ocrx_word' id='word_1_255' title='bbox 1715 2920 1943 2976; x_wconf 88' lang='grc' dir='ltr'>δύναται</span> 
     </span>
    </p>
   </div>
   <div class='ocr_carea' id='block_1_34' title="bbox 2029 462 3592 536">
    <p class='ocr_par' dir='ltr' id='par_1_34' title="bbox 2029 462 3592 536">
     <span class='ocr_line' id='line_1_34' title="bbox 2029 462 3592 536; baseline 0 -18"><span class='ocrx_word' id='word_1_256' title='bbox 2029 465 2339 535; x_wconf 78' lang='lat' dir='ltr'><strong>palmitum,</strong></span> <span class='ocrx_word' id='word_1_257' title='bbox 2373 464 2467 521; x_wconf 89' lang='lat' dir='ltr'>sed</span> <span class='ocrx_word' id='word_1_258' title='bbox 2502 473 2765 536; x_wconf 59' lang='lat' dir='ltr'><strong>praterea</strong></span> <span class='ocrx_word' id='word_1_259' title='bbox 2812 477 2909 533; x_wconf 88' lang='lat' dir='ltr'>per</span> <span class='ocrx_word' id='word_1_260' title='bbox 2937 462 3263 518; x_wconf 86' lang='lat' dir='ltr'><strong>charitatem</strong></span> <span class='ocrx_word' id='word_1_261' title='bbox 3296 464 3592 533; x_wconf 76' lang='lat' dir='ltr'>perfectam</span> 
     </span>
    </p>
   </div>
   <div class='ocr_carea' id='block_1_35' title="bbox 2026 554 3596 625">
    <p class='ocr_par' dir='ltr' id='par_1_35' title="bbox 2026 554 3596 625">
     <span class='ocr_line' id='line_1_35' title="bbox 2026 554 3596 625; baseline -0.001 -15"><span class='ocrx_word' id='word_1_262' title='bbox 2026 563 2083 610; x_wconf 85' lang='lat' dir='ltr'>et</span> <span class='ocrx_word' id='word_1_263' title='bbox 2134 554 2531 611; x_wconf 87' lang='lat' dir='ltr'><strong>indesinentem</strong></span> <span class='ocrx_word' id='word_1_264' title='bbox 2596 555 2811 610; x_wconf 81' lang='lat' dir='ltr'>sincere</span> <span class='ocrx_word' id='word_1_265' title='bbox 2859 554 3172 625; x_wconf 84' lang='lat' dir='ltr'><strong>sequendus</strong></span> <span class='ocrx_word' id='word_1_266' title='bbox 3214 564 3321 609; x_wconf 86' lang='lat' dir='ltr'><strong>est.</strong></span> <span class='ocrx_word' id='word_1_267' title='bbox 3378 563 3437 609; x_wconf 90' lang='lat' dir='ltr'>tn</span> <span class='ocrx_word' id='word_1_268' title='bbox 3492 555 3596 608; x_wconf 89' lang='lat' dir='ltr'>hoc</span> 
     </span>
    </p>
   </div>
   <div class='ocr_carea' id='block_1_36' title="bbox 2024 644 3595 716">
    <p class='ocr_par' dir='ltr' id='par_1_36' title="bbox 2024 644 3595 716">
     <span class='ocr_line' id='line_1_36' title="bbox 2024 644 3595 716; baseline -0.003 -17"><span class='ocrx_word' id='word_1_269' title='bbox 2024 644 2174 700; x_wconf 89' lang='lat' dir='ltr'><strong>enim</strong></span> <span class='ocrx_word' id='word_1_270' title='bbox 2208 645 2560 716; x_wconf 88' lang='lat' dir='ltr'><strong>potissimum</strong></span> <span class='ocrx_word' id='word_1_271' title='bbox 2599 645 2860 702; x_wconf 89' lang='lat' dir='ltr'><strong>consistit</strong></span> <span class='ocrx_word' id='word_1_272' title='bbox 2890 654 2945 701; x_wconf 91' lang='lat' dir='ltr'>et</span> <span class='ocrx_word' id='word_1_273' title='bbox 2978 654 3229 700; x_wconf 74' lang='lat' dir='ltr'>servatur</span> <span class='ocrx_word' id='word_1_274' title='bbox 3257 644 3344 700; x_wconf 82' lang='lat' dir='ltr'>vis</span> <span class='ocrx_word' id='word_1_275' title='bbox 3370 653 3423 700; x_wconf 88' lang='lat' dir='ltr'>et</span> <span class='ocrx_word' id='word_1_276' title='bbox 3455 646 3595 698; x_wconf 78' lang='lat' dir='ltr'><strong>ratio</strong></span> 
     </span>
    </p>
   </div>
   <div class='ocr_carea' id='block_1_37' title="bbox 2030 733 3598 808">
    <p class='ocr_par' dir='ltr' id='par_1_37' title="bbox 2030 733 3598 808">
     <span class='ocr_line' id='line_1_37' title="bbox 2030 733 3598 808; baseline 0 -17"><span class='ocrx_word' id='word_1_277' title='bbox 2030 735 2441 805; x_wconf 78' lang='lat' dir='ltr'><strong>coniunctionis</strong></span> <span class='ocrx_word' id='word_1_278' title='bbox 2488 738 2774 808; x_wconf 76' lang='lat' dir='ltr'>spiritalis.</span> <span class='ocrx_word' id='word_1_279' title='bbox 2808 735 3078 803; x_wconf 84' lang='lat' dir='ltr'><strong>Quoniam</strong></span> <span class='ocrx_word' id='word_1_280' title='bbox 3110 749 3244 807; x_wconf 81' lang='lat' dir='ltr'><strong>ergo</strong></span> <span class='ocrx_word' id='word_1_281' title='bbox 3277 736 3417 791; x_wconf 78' lang='lat' dir='ltr'><strong>dixit</strong></span> <span class='ocrx_word' id='word_1_282' title='bbox 3439 733 3598 791; x_wconf 81' lang='lat' dir='ltr'><strong>Chri-</strong></span> 
     </span>
    </p>
   </div>
   <div class='ocr_carea' id='block_1_38' title="bbox 2026 827 3599 901">
    <p class='ocr_par' dir='ltr' id='par_1_38' title="bbox 2026 827 3599 901">
     <span class='ocr_line' id='line_1_38' title="bbox 2026 827 3599 901; baseline -0.001 -18"><span class='ocrx_word' id='word_1_283' title='bbox 2026 836 2149 883; x_wconf 81' lang='lat' dir='ltr'><strong>stus</strong></span> <span class='ocrx_word' id='word_1_284' title='bbox 2184 829 2299 885; x_wconf 86' lang='lat' dir='ltr'>suis</span> <span class='ocrx_word' id='word_1_285' title='bbox 2328 829 2654 901; x_wconf 84' lang='lat' dir='ltr'>discipulis:</span> <span class='ocrx_word' id='word_1_286' title='bbox 2684 847 2702 880; x_wconf 82' lang='grc' dir='ltr'>ι</span> <span class='ocrx_word' id='word_1_287' title='bbox 2737 827 2856 882; x_wconf 79' lang='lat' dir='ltr'>Jam</span> <span class='ocrx_word' id='word_1_288' title='bbox 2884 843 2979 883; x_wconf 73' lang='lat' dir='ltr'>vos</span> <span class='ocrx_word' id='word_1_289' title='bbox 3003 827 3189 882; x_wconf 89' lang='lat' dir='ltr'><strong>mundi</strong></span> <span class='ocrx_word' id='word_1_290' title='bbox 3213 829 3346 883; x_wconf 81' lang='lat' dir='ltr'><strong>estis</strong></span> <span class='ocrx_word' id='word_1_291' title='bbox 3378 838 3599 898; x_wconf 83' lang='lat' dir='ltr'><strong>propter</strong></span> 
     </span>
    </p>
   </div>
   <div class='ocr_carea' id='block_1_39' title="bbox 2024 919 3602 990">
    <p class='ocr_par' dir='ltr' id='par_1_39' title="bbox 2024 919 3602 990">
     <span class='ocr_line' id='line_1_39' title="bbox 2024 919 3602 990; baseline 0.001 -17"><span class='ocrx_word' id='word_1_292' title='bbox 2024 933 2340 974; x_wconf 80' lang='lat' dir='ltr'><strong>sermonem</strong></span> <span class='ocrx_word' id='word_1_293' title='bbox 2383 935 2546 990; x_wconf 85' lang='lat' dir='ltr'><strong>quem</strong></span> <span class='ocrx_word' id='word_1_294' title='bbox 2594 920 2811 975; x_wconf 89' lang='lat' dir='ltr'><strong>locutus</strong></span> <span class='ocrx_word' id='word_1_295' title='bbox 2862 934 2984 975; x_wconf 86' lang='lat' dir='ltr'>sum</span> <span class='ocrx_word' id='word_1_296' title='bbox 3040 919 3237 973; x_wconf 79' lang='lat' dir='ltr'><strong>vobis:</strong></span> <span class='ocrx_word' id='word_1_297' title='bbox 3279 938 3297 970; x_wconf 73' lang='grc' dir='ltr'>ι</span> <span class='ocrx_word' id='word_1_298' title='bbox 3353 932 3424 974; x_wconf 86' lang='lat' dir='ltr'>ne</span> <span class='ocrx_word' id='word_1_299' title='bbox 3473 920 3602 988; x_wconf 86' lang='lat' dir='ltr'><strong>quis</strong></span> 
     </span>
    </p>
   </div>
   <div class='ocr_carea' id='block_1_40' title="bbox 2032 1009 3596 1080">
    <p class='ocr_par' dir='ltr' id='par_1_40' title="bbox 2032 1009 3596 1080">
     <span class='ocr_line' id='line_1_40' title="bbox 2032 1009 3596 1080; baseline -0.003 -15"><span class='ocrx_word' id='word_1_300' title='bbox 2032 1009 2202 1066; x_wconf 82' lang='lat' dir='ltr'><strong>semel</strong></span> <span class='ocrx_word' id='word_1_301' title='bbox 2263 1018 2528 1080; x_wconf 82' lang='lat' dir='ltr'><strong>purgatus</strong></span> <span class='ocrx_word' id='word_1_302' title='bbox 2568 1024 2598 1063; x_wconf 74' lang='grc' dir='ltr'>α</span> <span class='ocrx_word' id='word_1_303' title='bbox 2655 1023 2789 1064; x_wconf 85' lang='lat' dir='ltr'><strong>casu</strong></span> <span class='ocrx_word' id='word_1_304' title='bbox 2855 1009 3155 1063; x_wconf 85' lang='lat' dir='ltr'><strong>immunem</strong></span> <span class='ocrx_word' id='word_1_305' title='bbox 3220 1022 3285 1064; x_wconf 87' lang='lat' dir='ltr'>se</span> <span class='ocrx_word' id='word_1_306' title='bbox 3341 1016 3596 1078; x_wconf 82' lang='lat' dir='ltr'><strong>putaret,</strong></span> 
     </span>
    </p>
   </div>
   <div class='ocr_carea' id='block_1_41' title="bbox 2029 1100 3600 1170">
    <p class='ocr_par' dir='ltr' id='par_1_41' title="bbox 2029 1100 3600 1170">
     <span class='ocr_line' id='line_1_41' title="bbox 2029 1100 3600 1170; baseline -0.003 -14"><span class='ocrx_word' id='word_1_307' title='bbox 2029 1101 2242 1169; x_wconf 81' lang='lat' dir='ltr'><strong>etiarnsi</strong></span> <span class='ocrx_word' id='word_1_308' title='bbox 2274 1103 2477 1156; x_wconf 87' lang='lat' dir='ltr'><strong>nullam</strong></span> <span class='ocrx_word' id='word_1_309' title='bbox 2511 1103 2578 1157; x_wconf 88' lang='lat' dir='ltr'>ad</span> <span class='ocrx_word' id='word_1_310' title='bbox 2606 1101 2660 1156; x_wconf 88' lang='lat' dir='ltr'>id</span> <span class='ocrx_word' id='word_1_311' title='bbox 2682 1116 2869 1157; x_wconf 86' lang='lat' dir='ltr'><strong>curam</strong></span> <span class='ocrx_word' id='word_1_312' title='bbox 2896 1101 3169 1165; x_wconf 86' lang='lat' dir='ltr'><strong>adhibeat,</strong></span> <span class='ocrx_word' id='word_1_313' title='bbox 3210 1100 3417 1155; x_wconf 92' lang='lat' dir='ltr'><strong>utiliter</strong></span> <span class='ocrx_word' id='word_1_314' title='bbox 3448 1100 3600 1170; x_wconf 80' lang='lat' dir='ltr'><strong>jubet</strong></span> 
     </span>
    </p>
   </div>
   <div class='ocr_carea' id='block_1_42' title="bbox 2034 1190 3596 1261">
    <p class='ocr_par' dir='ltr' id='par_1_42' title="bbox 2034 1190 3596 1261">
     <span class='ocr_line' id='line_1_42' title="bbox 2034 1190 3596 1261; baseline -0.001 -18"><span class='ocrx_word' id='word_1_315' title='bbox 2034 1190 2089 1243; x_wconf 92' lang='lat' dir='ltr'><strong>in</strong></span> <span class='ocrx_word' id='word_1_316' title='bbox 2118 1205 2184 1246; x_wconf 90' lang='lat' dir='ltr'>eo</span> <span class='ocrx_word' id='word_1_317' title='bbox 2215 1206 2556 1261; x_wconf 83' lang='lat' dir='ltr'><strong>permanere.</strong></span> <span class='ocrx_word' id='word_1_318' title='bbox 2587 1191 2861 1258; x_wconf 81' lang='lat' dir='ltr'>Quidnam</span> <span class='ocrx_word' id='word_1_319' title='bbox 2886 1200 3072 1247; x_wconf 81' lang='lat' dir='ltr'><strong>autem</strong></span> <span class='ocrx_word' id='word_1_320' title='bbox 3116 1190 3266 1245; x_wconf 86' lang='lat' dir='ltr'><strong>aliud</strong></span> <span class='ocrx_word' id='word_1_321' title='bbox 3298 1190 3445 1247; x_wconf 87' lang='lat' dir='ltr'><strong>istud</strong></span> <span class='ocrx_word' id='word_1_322' title='bbox 3492 1199 3596 1251; x_wconf 75' lang='grc' dir='ltr'>εει,</span> 
     </span>
    </p>
   </div>
   <div class='ocr_carea' id='block_1_43' title="bbox 2032 1279 3599 1354">
    <p class='ocr_par' dir='ltr' id='par_1_43' title="bbox 2032 1279 3599 1354">
     <span class='ocr_line' id='line_1_43' title="bbox 2032 1279 3599 1354; baseline 0.001 -21"><span class='ocrx_word' id='word_1_323' title='bbox 2032 1296 2194 1350; x_wconf 87' lang='lat' dir='ltr'><strong>quam</strong></span> <span class='ocrx_word' id='word_1_324' title='bbox 2224 1284 2368 1352; x_wconf 88' lang='lat' dir='ltr'><strong>quod</strong></span> <span class='ocrx_word' id='word_1_325' title='bbox 2401 1298 2499 1354; x_wconf 91' lang='lat' dir='ltr'>per</span> <span class='ocrx_word' id='word_1_326' title='bbox 2535 1282 2767 1339; x_wconf 83' lang='lat' dir='ltr'><strong>Paulum</strong></span> <span class='ocrx_word' id='word_1_327' title='bbox 2792 1291 2942 1339; x_wconf 90' lang='lat' dir='ltr'><strong>recte</strong></span> <span class='ocrx_word' id='word_1_328' title='bbox 2960 1282 3171 1338; x_wconf 87' lang='lat' dir='ltr'><strong>dicitur</strong></span> <span class='ocrx_word' id='word_1_329' title='bbox 3198 1299 3211 1336; x_wconf 95' lang='lat'>:</span> <span class='ocrx_word' id='word_1_330' title='bbox 3250 1300 3268 1332; x_wconf 73' lang='grc' dir='ltr'>ι</span> <span class='ocrx_word' id='word_1_331' title='bbox 3301 1279 3483 1348; x_wconf 84' lang='lat' dir='ltr'><strong>Quare</strong></span> <span class='ocrx_word' id='word_1_332' title='bbox 3506 1285 3599 1351; x_wconf 85' lang='lat' dir='ltr'>qui</span> 
     </span>
    </p>
   </div>
   <div class='ocr_carea' id='block_1_44' title="bbox 2033 1371 3597 1440">
    <p class='ocr_par' dir='ltr' id='par_1_44' title="bbox 2033 1371 3597 1440">
     <span class='ocr_line' id='line_1_44' title="bbox 2033 1371 3597 1440; baseline -0.003 -11"><span class='ocrx_word' id='word_1_333' title='bbox 2033 1372 2141 1429; x_wconf 88' lang='lat' dir='ltr'><strong>sibi</strong></span> <span class='ocrx_word' id='word_1_334' title='bbox 2197 1374 2410 1429; x_wconf 87' lang='lat' dir='ltr'><strong>videtur</strong></span> <span class='ocrx_word' id='word_1_335' title='bbox 2456 1383 2628 1440; x_wconf 86' lang='lat' dir='ltr'><strong>stare,</strong></span> <span class='ocrx_word' id='word_1_336' title='bbox 2677 1376 2860 1430; x_wconf 86' lang='lat' dir='ltr'><strong>videat</strong></span> <span class='ocrx_word' id='word_1_337' title='bbox 2899 1390 2968 1430; x_wconf 92' lang='lat' dir='ltr'><strong>ne</strong></span> <span class='ocrx_word' id='word_1_338' title='bbox 3001 1374 3164 1429; x_wconf 86' lang='lat' dir='ltr'><strong>cadat</strong></span> <span class='ocrx_word' id='word_1_339' title='bbox 3184 1372 3299 1425; x_wconf 74' lang='lat' dir='ltr'>““l</span> <span class='ocrx_word' id='word_1_340' title='bbox 3337 1390 3356 1423; x_wconf 68' lang='grc' dir='ltr'>ι</span> <span class='ocrx_word' id='word_1_341' title='bbox 3394 1371 3597 1426; x_wconf 86' lang='lat' dir='ltr'><strong>lnllniti</strong></span> 
     </span>
    </p>
   </div>
   <div class='ocr_carea' id='block_1_45' title="bbox 2034 1463 3602 1536">
    <p class='ocr_par' dir='ltr' id='par_1_45' title="bbox 2034 1463 3602 1536">
     <span class='ocr_line' id='line_1_45' title="bbox 2034 1463 3602 1536; baseline -0.001 -17"><span class='ocrx_word' id='word_1_342' title='bbox 2034 1464 2180 1519; x_wconf 89' lang='lat' dir='ltr'><strong>enim</strong></span> <span class='ocrx_word' id='word_1_343' title='bbox 2224 1465 2410 1536; x_wconf 87' lang='lat' dir='ltr'><strong>lapsus</strong></span> <span class='ocrx_word' id='word_1_344' title='bbox 2444 1467 2612 1521; x_wconf 86' lang='lat' dir='ltr'><strong>etiam</strong></span> <span class='ocrx_word' id='word_1_345' title='bbox 2653 1466 2723 1522; x_wconf 92' lang='lat' dir='ltr'><strong>iis</strong></span> <span class='ocrx_word' id='word_1_346' title='bbox 2755 1474 3060 1521; x_wconf 89' lang='lat' dir='ltr'><strong>occurrunt</strong></span> <span class='ocrx_word' id='word_1_347' title='bbox 3090 1465 3184 1536; x_wconf 88' lang='lat' dir='ltr'><strong>qui</strong></span> <span class='ocrx_word' id='word_1_348' title='bbox 3227 1464 3338 1520; x_wconf 84' lang='lat' dir='ltr'><strong>sibi</strong></span> <span class='ocrx_word' id='word_1_349' title='bbox 3362 1465 3473 1535; x_wconf 80' lang='lat' dir='ltr'><strong>jam</strong></span> <span class='ocrx_word' id='word_1_350' title='bbox 3508 1463 3602 1517; x_wconf 77' lang='lat' dir='ltr'><strong>lir-</strong></span> 
     </span>
    </p>
   </div>
   <div class='ocr_carea' id='block_1_46' title="bbox 2032 1555 3604 1621">
    <p class='ocr_par' dir='ltr' id='par_1_46' title="bbox 2032 1555 3604 1621">
     <span class='ocr_line' id='line_1_46' title="bbox 2032 1555 3604 1621; baseline 0.001 -13"><span class='ocrx_word' id='word_1_351' title='bbox 2032 1555 2197 1609; x_wconf 84' lang='lat' dir='ltr'><strong>miter</strong></span> <span class='ocrx_word' id='word_1_352' title='bbox 2227 1564 2376 1611; x_wconf 83' lang='lat' dir='ltr'><strong>stare</strong></span> <span class='ocrx_word' id='word_1_353' title='bbox 2413 1557 2695 1621; x_wconf 84' lang='lat' dir='ltr'><strong>videntur,</strong></span> <span class='ocrx_word' id='word_1_354' title='bbox 2723 1558 2828 1612; x_wconf 88' lang='lat' dir='ltr'><strong>nisi</strong></span> <span class='ocrx_word' id='word_1_355' title='bbox 2862 1559 3100 1614; x_wconf 80' lang='lat' dir='ltr'><strong>maxime</strong></span> <span class='ocrx_word' id='word_1_356' title='bbox 3134 1556 3391 1613; x_wconf 82' lang='lat' dir='ltr'><strong>studeant</strong></span> <span class='ocrx_word' id='word_1_357' title='bbox 3417 1555 3473 1610; x_wconf 92' lang='lat' dir='ltr'><strong>in</strong></span> <span class='ocrx_word' id='word_1_358' title='bbox 3537 1570 3604 1610; x_wconf 84' lang='lat' dir='ltr'>eo</span> 
     </span>
    </p>
   </div>
   <div class='ocr_carea' id='block_1_47' title="bbox 2035 1646 3601 1716">
    <p class='ocr_par' dir='ltr' id='par_1_47' title="bbox 2035 1646 3601 1716">
     <span class='ocr_line' id='line_1_47' title="bbox 2035 1646 3601 1716; baseline 0 -18"><span class='ocrx_word' id='word_1_359' title='bbox 2035 1646 2091 1698; x_wconf 91' lang='lat' dir='ltr'>in</span> <span class='ocrx_word' id='word_1_360' title='bbox 2122 1659 2233 1714; x_wconf 90' lang='lat' dir='ltr'>quo</span> <span class='ocrx_word' id='word_1_361' title='bbox 2263 1653 2394 1701; x_wconf 89' lang='lat' dir='ltr'><strong>sunt</strong></span> <span class='ocrx_word' id='word_1_362' title='bbox 2422 1646 2598 1716; x_wconf 86' lang='lat' dir='ltr'><strong>gradu</strong></span> <span class='ocrx_word' id='word_1_363' title='bbox 2636 1646 2867 1703; x_wconf 87' lang='lat' dir='ltr'><strong>ﬁrmiter</strong></span> <span class='ocrx_word' id='word_1_364' title='bbox 2899 1648 3126 1704; x_wconf 65' lang='lat' dir='ltr'><strong>haerere.</strong></span> <span class='ocrx_word' id='word_1_365' title='bbox 3152 1647 3389 1704; x_wconf 82' lang='lat' dir='ltr'><strong>Necesse</strong></span> <span class='ocrx_word' id='word_1_366' title='bbox 3422 1653 3601 1701; x_wconf 86' lang='lat' dir='ltr'><strong>autem</strong></span> 
     </span>
    </p>
   </div>
   <div class='ocr_carea' id='block_1_48' title="bbox 2032 1736 3606 1812">
    <p class='ocr_par' dir='ltr' id='par_1_48' title="bbox 2032 1736 3606 1812">
     <span class='ocr_line' id='line_1_48' title="bbox 2032 1736 3606 1812; baseline 0 -20"><span class='ocrx_word' id='word_1_367' title='bbox 2032 1740 2141 1802; x_wconf 77' lang='lat' dir='ltr'><strong>est,</strong></span> <span class='ocrx_word' id='word_1_368' title='bbox 2166 1736 2385 1808; x_wconf 88' lang='lat' dir='ltr'><strong>opinor,</strong></span> <span class='ocrx_word' id='word_1_369' title='bbox 2420 1753 2522 1795; x_wconf 89' lang='lat' dir='ltr'>nos</span> <span class='ocrx_word' id='word_1_370' title='bbox 2553 1754 2768 1794; x_wconf 89' lang='lat' dir='ltr'><strong>omnem</strong></span> <span class='ocrx_word' id='word_1_371' title='bbox 2806 1752 2995 1794; x_wconf 84' lang='lat' dir='ltr'><strong>curam</strong></span> <span class='ocrx_word' id='word_1_372' title='bbox 3029 1754 3092 1795; x_wconf 92' lang='lat' dir='ltr'>ac</span> <span class='ocrx_word' id='word_1_373' title='bbox 3126 1740 3465 1812; x_wconf 78' lang='lat' dir='ltr'><strong>vigilantiam</strong></span> <span class='ocrx_word' id='word_1_374' title='bbox 3506 1737 3606 1792; x_wconf 75' lang='lat' dir='ltr'><strong>ad-</strong></span> 
     </span>
    </p>
   </div>
   <div class='ocr_carea' id='block_1_49' title="bbox 2032 1828 3606 1903">
    <p class='ocr_par' dir='ltr' id='par_1_49' title="bbox 2032 1828 3606 1903">
     <span class='ocr_line' id='line_1_49' title="bbox 2032 1828 3606 1903; baseline 0.001 -20"><span class='ocrx_word' id='word_1_375' title='bbox 2032 1828 2243 1895; x_wconf 85' lang='lat' dir='ltr'><strong>bibere,</strong></span> <span class='ocrx_word' id='word_1_376' title='bbox 2273 1831 2526 1901; x_wconf 78' lang='lat' dir='ltr'><strong>quamvis</strong></span> <span class='ocrx_word' id='word_1_377' title='bbox 2550 1846 2845 1903; x_wconf 88' lang='lat' dir='ltr'><strong>progressu</strong></span> <span class='ocrx_word' id='word_1_378' title='bbox 2868 1830 2937 1886; x_wconf 90' lang='lat' dir='ltr'>ad</span> <span class='ocrx_word' id='word_1_379' title='bbox 2977 1832 3115 1888; x_wconf 89' lang='lat' dir='ltr'><strong>bene</strong></span> <span class='ocrx_word' id='word_1_380' title='bbox 3144 1831 3415 1903; x_wconf 85' lang='lat' dir='ltr'><strong>agendum</strong></span> <span class='ocrx_word' id='word_1_381' title='bbox 3449 1845 3606 1885; x_wconf 74' lang='lat' dir='ltr'><strong>cum-</strong></span> 
     </span>
    </p>
   </div>
   <div class='ocr_carea' id='block_1_50' title="bbox 2034 1921 3605 1992">
    <p class='ocr_par' dir='ltr' id='par_1_50' title="bbox 2034 1921 3605 1992">
     <span class='ocr_line' id='line_1_50' title="bbox 2034 1921 3605 1992; baseline 0.001 -18"><span class='ocrx_word' id='word_1_382' title='bbox 2034 1921 2229 1990; x_wconf 88' lang='lat' dir='ltr'><strong>primis</strong></span> <span class='ocrx_word' id='word_1_383' title='bbox 2268 1922 2516 1979; x_wconf 80' lang='lat' dir='ltr'><strong>ﬁrmatos</strong></span> <span class='ocrx_word' id='word_1_384' title='bbox 2538 1931 2593 1977; x_wconf 92' lang='lat' dir='ltr'>et</span> <span class='ocrx_word' id='word_1_385' title='bbox 2625 1922 2905 1979; x_wconf 87' lang='lat' dir='ltr'><strong>stabilitos</strong></span> <span class='ocrx_word' id='word_1_386' title='bbox 2935 1937 3036 1979; x_wconf 85' lang='lat' dir='ltr'>nos</span> <span class='ocrx_word' id='word_1_387' title='bbox 3065 1931 3342 1992; x_wconf 87' lang='lat' dir='ltr'><strong>putemus.</strong></span> <span class='ocrx_word' id='word_1_388' title='bbox 3378 1921 3605 1988; x_wconf 81' lang='lat' dir='ltr'><strong>Qualem</strong></span> 
     </span>
    </p>
   </div>
   <div class='ocr_carea' id='block_1_51' title="bbox 2035 2012 3608 2083">
    <p class='ocr_par' dir='ltr' id='par_1_51' title="bbox 2035 2012 3608 2083">
     <span class='ocr_line' id='line_1_51' title="bbox 2035 2012 3608 2083; baseline -0.001 -17"><span class='ocrx_word' id='word_1_389' title='bbox 2035 2013 2180 2066; x_wconf 90' lang='lat' dir='ltr'><strong>enim</strong></span> <span class='ocrx_word' id='word_1_390' title='bbox 2211 2021 2265 2068; x_wconf 86' lang='lat' dir='ltr'>et</span> <span class='ocrx_word' id='word_1_391' title='bbox 2293 2020 2559 2083; x_wconf 85' lang='lat' dir='ltr'><strong>quantam</strong></span> <span class='ocrx_word' id='word_1_392' title='bbox 2584 2013 2856 2083; x_wconf 68' lang='lat' dir='ltr'><strong>iacturam</strong></span> <span class='ocrx_word' id='word_1_393' title='bbox 2891 2012 3149 2083; x_wconf 83' lang='lat' dir='ltr'><strong>patiatur,</strong></span> <span class='ocrx_word' id='word_1_394' title='bbox 3182 2012 3346 2083; x_wconf 75' lang='lat'>875</span> <span class='ocrx_word' id='word_1_395' title='bbox 3390 2013 3485 2083; x_wconf 94' lang='lat' dir='ltr'><strong>qui</strong></span> <span class='ocrx_word' id='word_1_396' title='bbox 3512 2026 3608 2082; x_wconf 87' lang='lat' dir='ltr'>per</span> 
     </span>
    </p>
   </div>
   <div class='ocr_carea' id='block_1_52' title="bbox 2036 2101 3608 2174">
    <p class='ocr_par' dir='ltr' id='par_1_52' title="bbox 2036 2101 3608 2174">
     <span class='ocr_line' id='line_1_52' title="bbox 2036 2101 3608 2174; baseline 0.001 -18"><span class='ocrx_word' id='word_1_397' title='bbox 2036 2103 2425 2173; x_wconf 75' lang='lat' dir='ltr'><strong>negligentiam</strong></span> <span class='ocrx_word' id='word_1_398' title='bbox 2457 2103 2513 2158; x_wconf 92' lang='lat' dir='ltr'><strong>in</strong></span> <span class='ocrx_word' id='word_1_399' title='bbox 2535 2103 2666 2158; x_wconf 84' lang='lat' dir='ltr'><strong>vitia</strong></span> <span class='ocrx_word' id='word_1_400' title='bbox 2697 2103 3059 2172; x_wconf 88' lang='lat' dir='ltr'><strong>prolabendo,</strong></span> <span class='ocrx_word' id='word_1_401' title='bbox 3092 2118 3122 2156; x_wconf 88' lang='lat' dir='ltr'>a</span> <span class='ocrx_word' id='word_1_402' title='bbox 3155 2101 3250 2158; x_wconf 80' lang='lat' dir='ltr'><strong>Dei</strong></span> <span class='ocrx_word' id='word_1_403' title='bbox 3282 2104 3608 2174; x_wconf 74' lang='lat' dir='ltr'><strong>cognatione</strong></span> 
     </span>
    </p>
   </div>
   <div class='ocr_carea' id='block_1_53' title="bbox 2037 2191 3609 2262">
    <p class='ocr_par' dir='ltr' id='par_1_53' title="bbox 2037 2191 3609 2262">
     <span class='ocr_line' id='line_1_53' title="bbox 2037 2191 3609 2262; baseline 0.001 -17"><span class='ocrx_word' id='word_1_404' title='bbox 2037 2191 2274 2262; x_wconf 87' lang='lat' dir='ltr'><strong>quodam</strong></span> <span class='ocrx_word' id='word_1_405' title='bbox 2309 2191 2474 2248; x_wconf 89' lang='lat' dir='ltr'><strong>modo</strong></span> <span class='ocrx_word' id='word_1_406' title='bbox 2498 2200 2750 2250; x_wconf 84' lang='lat' dir='ltr'><strong>resectus</strong></span> <span class='ocrx_word' id='word_1_407' title='bbox 2789 2192 2977 2261; x_wconf 81' lang='lat' dir='ltr'><strong>fuerit,</strong></span> <span class='ocrx_word' id='word_1_408' title='bbox 3004 2193 3220 2249; x_wconf 87' lang='lat' dir='ltr'><strong>utiliter</strong></span> <span class='ocrx_word' id='word_1_409' title='bbox 3246 2193 3497 2249; x_wconf 85' lang='lat' dir='ltr'><strong>ostendit</strong></span> <span class='ocrx_word' id='word_1_410' title='bbox 3522 2193 3609 2247; x_wconf 81' lang='lat' dir='ltr'>bis</span> 
     </span>
    </p>
   </div>
   <div class='ocr_carea' id='block_1_54' title="bbox 2037 2283 3610 2355">
    <p class='ocr_par' dir='ltr' id='par_1_54' title="bbox 2037 2283 3610 2355">
     <span class='ocr_line' id='line_1_54' title="bbox 2037 2283 3610 2355; baseline -0.002 -16"><span class='ocrx_word' id='word_1_411' title='bbox 2037 2284 2221 2340; x_wconf 81' lang='lat' dir='ltr'><strong>verbis</strong></span> <span class='ocrx_word' id='word_1_412' title='bbox 2245 2301 2259 2339; x_wconf 91' lang='lat'>:</span> <span class='ocrx_word' id='word_1_413' title='bbox 2289 2302 2307 2336; x_wconf 84' lang='grc' dir='ltr'>ι</span> <span class='ocrx_word' id='word_1_414' title='bbox 2352 2283 2505 2340; x_wconf 87' lang='lat' dir='ltr'><strong>Sicut</strong></span> <span class='ocrx_word' id='word_1_415' title='bbox 2527 2285 2737 2355; x_wconf 85' lang='lat' dir='ltr'><strong>palmes</strong></span> <span class='ocrx_word' id='word_1_416' title='bbox 2763 2299 2873 2339; x_wconf 92' lang='lat' dir='ltr'>non</span> <span class='ocrx_word' id='word_1_417' title='bbox 2902 2293 3083 2355; x_wconf 89' lang='lat' dir='ltr'><strong>potest</strong></span> <span class='ocrx_word' id='word_1_418' title='bbox 3123 2283 3267 2339; x_wconf 81' lang='lat' dir='ltr'><strong>ferre</strong></span> <span class='ocrx_word' id='word_1_419' title='bbox 3298 2283 3536 2339; x_wconf 77' lang='lat' dir='ltr'><strong>fructum</strong></span> <span class='ocrx_word' id='word_1_420' title='bbox 3578 2297 3610 2336; x_wconf 75' lang='grc' dir='ltr'>ιι</span> 
     </span>
    </p>
   </div>
   <div class='ocr_carea' id='block_1_55' title="bbox 2039 2360 3609 2446">
    <p class='ocr_par' dir='ltr' id='par_1_55' title="bbox 2039 2360 3609 2446">
     <span class='ocr_line' id='line_1_55' title="bbox 2039 2360 3609 2446; baseline -0.001 -14"><span class='ocrx_word' id='word_1_421' title='bbox 2039 2360 2358 2446; x_wconf 78' lang='lat' dir='ltr'><strong>semetipso,</strong></span> <span class='ocrx_word' id='word_1_422' title='bbox 2390 2377 2499 2432; x_wconf 89' lang='lat' dir='ltr'><strong>nisi</strong></span> <span class='ocrx_word' id='word_1_423' title='bbox 2531 2377 2800 2432; x_wconf 88' lang='lat' dir='ltr'><strong>manserit</strong></span> <span class='ocrx_word' id='word_1_424' title='bbox 2846 2379 2900 2430; x_wconf 85' lang='lat' dir='ltr'>in</span> <span class='ocrx_word' id='word_1_425' title='bbox 2945 2376 3097 2442; x_wconf 77' lang='lat' dir='ltr'><strong>vite,</strong></span> <span class='ocrx_word' id='word_1_426' title='bbox 3131 2377 3211 2431; x_wconf 84' lang='lat' dir='ltr'>sic</span> <span class='ocrx_word' id='word_1_427' title='bbox 3254 2390 3431 2445; x_wconf 83' lang='lat' dir='ltr'><strong>neque</strong></span> <span class='ocrx_word' id='word_1_428' title='bbox 3471 2391 3569 2430; x_wconf 83' lang='lat' dir='ltr'>vos</span> <span class='ocrx_word' id='word_1_429' title='bbox 3593 2414 3609 2442; x_wconf 89' lang='lat'>,</span> 
     </span>
    </p>
   </div>
   <div class='ocr_carea' id='block_1_56' title="bbox 2040 2464 3612 2537">
    <p class='ocr_par' dir='ltr' id='par_1_56' title="bbox 2040 2464 3612 2537">
     <span class='ocr_line' id='line_1_56' title="bbox 2040 2464 3612 2537; baseline -0.001 -14"><span class='ocrx_word' id='word_1_430' title='bbox 2040 2469 2150 2524; x_wconf 83' lang='lat' dir='ltr'><strong>nisi</strong></span> <span class='ocrx_word' id='word_1_431' title='bbox 2177 2469 2233 2523; x_wconf 83' lang='lat' dir='ltr'><strong>in</strong></span> <span class='ocrx_word' id='word_1_432' title='bbox 2270 2484 2356 2525; x_wconf 90' lang='lat' dir='ltr'>me</span> <span class='ocrx_word' id='word_1_433' title='bbox 2394 2468 2788 2524; x_wconf 66' lang='lat' dir='ltr'><strong>manseritisn</strong></span> <span class='ocrx_word' id='word_1_434' title='bbox 2816 2464 2931 2523; x_wconf 87' lang='lat' dir='ltr'><strong>Nisi</strong></span> <span class='ocrx_word' id='word_1_435' title='bbox 2977 2467 3124 2522; x_wconf 86' lang='lat' dir='ltr'><strong>enim</strong></span> <span class='ocrx_word' id='word_1_436' title='bbox 3178 2468 3386 2537; x_wconf 84' lang='lat' dir='ltr'><strong>palmes</strong></span> <span class='ocrx_word' id='word_1_437' title='bbox 3416 2481 3446 2521; x_wconf 70' lang='grc' dir='ltr'>τι</span> <span class='ocrx_word' id='word_1_438' title='bbox 3501 2467 3612 2522; x_wconf 77' lang='lat' dir='ltr'><strong>vite</strong></span> 
     </span>
    </p>
   </div>
   <div class='ocr_carea' id='block_1_57' title="bbox 2039 2553 3613 2628">
    <p class='ocr_par' dir='ltr' id='par_1_57' title="bbox 2039 2553 3613 2628">
     <span class='ocr_line' id='line_1_57' title="bbox 2039 2553 3613 2628; baseline -0.003 -15"><span class='ocrx_word' id='word_1_439' title='bbox 2039 2566 2305 2628; x_wconf 88' lang='lat' dir='ltr'><strong>tanquam</strong></span> <span class='ocrx_word' id='word_1_440' title='bbox 2333 2572 2365 2612; x_wconf 88' lang='lat' dir='ltr'>a</span> <span class='ocrx_word' id='word_1_441' title='bbox 2392 2564 2569 2613; x_wconf 84' lang='lat' dir='ltr'><strong>matre</strong></span> <span class='ocrx_word' id='word_1_442' title='bbox 2598 2556 2876 2612; x_wconf 78' lang='lat' dir='ltr'><strong>viviﬁcum</strong></span> <span class='ocrx_word' id='word_1_443' title='bbox 2913 2554 3196 2610; x_wconf 84' lang='lat' dir='ltr'><strong>humorem</strong></span> <span class='ocrx_word' id='word_1_444' title='bbox 3242 2553 3443 2619; x_wconf 76' lang='lat' dir='ltr'><strong>trahat,</strong></span> <span class='ocrx_word' id='word_1_445' title='bbox 3474 2570 3613 2625; x_wconf 66' lang='lat' dir='ltr'><strong>quo»</strong></span> 
     </span>
    </p>
   </div>
   <div class='ocr_carea' id='block_1_58' title="bbox 2041 2645 3611 2720">
    <p class='ocr_par' dir='ltr' id='par_1_58' title="bbox 2041 2645 3611 2720">
     <span class='ocr_line' id='line_1_58' title="bbox 2041 2645 3611 2720; baseline -0.004 -13"><span class='ocrx_word' id='word_1_446' title='bbox 2041 2651 2206 2707; x_wconf 88' lang='lat' dir='ltr'><strong>modo</strong></span> <span class='ocrx_word' id='word_1_447' title='bbox 2254 2665 2414 2706; x_wconf 84' lang='lat' dir='ltr'><strong>uvam</strong></span> <span class='ocrx_word' id='word_1_448' title='bbox 2463 2648 2663 2720; x_wconf 88' lang='lat' dir='ltr'><strong>pariet,</strong></span> <span class='ocrx_word' id='word_1_449' title='bbox 2712 2656 2809 2703; x_wconf 84' lang='lat' dir='ltr'>aut</span> <span class='ocrx_word' id='word_1_450' title='bbox 2850 2661 3047 2718; x_wconf 87' lang='lat' dir='ltr'><strong>quetn,</strong></span> <span class='ocrx_word' id='word_1_451' title='bbox 3079 2656 3135 2702; x_wconf 89' lang='lat' dir='ltr'>et</span> <span class='ocrx_word' id='word_1_452' title='bbox 3168 2645 3611 2702; x_wconf 80' lang='lat' dir='ltr'><strong>unde&#39;fruclum</strong></span> 
     </span>
    </p>
   </div>
   <div class='ocr_carea' id='block_1_59' title="bbox 2042 2736 3616 2809">
    <p class='ocr_par' dir='ltr' id='par_1_59' title="bbox 2042 2736 3616 2809">
     <span class='ocr_line' id='line_1_59' title="bbox 2042 2736 3616 2809; baseline -0.004 -14"><span class='ocrx_word' id='word_1_453' title='bbox 2042 2739 2165 2795; x_wconf 87' lang='lat' dir='ltr'><strong>edet</strong></span> <span class='ocrx_word' id='word_1_454' title='bbox 2192 2738 2216 2793; x_wconf 76' lang='grc' dir='ltr'><strong><em>τ</em></strong></span> <span class='ocrx_word' id='word_1_455' title='bbox 2244 2737 2425 2793; x_wconf 90' lang='lat' dir='ltr'><strong>Simili</strong></span> <span class='ocrx_word' id='word_1_456' title='bbox 2459 2738 2646 2809; x_wconf 85' lang='lat' dir='ltr'><strong>itaque</strong></span> <span class='ocrx_word' id='word_1_457' title='bbox 2683 2737 2896 2793; x_wconf 87' lang='lat' dir='ltr'><strong>ratione</strong></span> <span class='ocrx_word' id='word_1_458' title='bbox 2922 2737 2992 2792; x_wconf 89' lang='lat' dir='ltr'>de</span> <span class='ocrx_word' id='word_1_459' title='bbox 3025 2736 3193 2792; x_wconf 87' lang='lat' dir='ltr'><strong>nobis</strong></span> <span class='ocrx_word' id='word_1_460' title='bbox 3231 2749 3450 2808; x_wconf 88' lang='lat' dir='ltr'><strong>quoque</strong></span> <span class='ocrx_word' id='word_1_461' title='bbox 3477 2738 3616 2807; x_wconf 80' lang='lat' dir='ltr'><strong>ipsis</strong></span> 
     </span>
    </p>
   </div>
   <div class='ocr_carea' id='block_1_60' title="bbox 2041 2826 3616 2900">
    <p class='ocr_par' dir='ltr' id='par_1_60' title="bbox 2041 2826 3616 2900">
     <span class='ocr_line' id='line_1_60' title="bbox 2041 2826 3616 2900; baseline -0.004 -15"><span class='ocrx_word' id='word_1_462' title='bbox 2041 2830 2253 2885; x_wconf 90' lang='lat' dir='ltr'><strong>dictum</strong></span> <span class='ocrx_word' id='word_1_463' title='bbox 2305 2829 2601 2900; x_wconf 83' lang='lat' dir='ltr'><strong>intelliges.</strong></span> <span class='ocrx_word' id='word_1_464' title='bbox 2654 2826 2851 2883; x_wconf 84' lang='lat' dir='ltr'><strong>Nullus</strong></span> <span class='ocrx_word' id='word_1_465' title='bbox 2905 2827 3052 2883; x_wconf 87' lang='lat' dir='ltr'><strong>enim</strong></span> <span class='ocrx_word' id='word_1_466' title='bbox 3109 2839 3348 2897; x_wconf 87' lang='lat' dir='ltr'><strong>unquam</strong></span> <span class='ocrx_word' id='word_1_467' title='bbox 3392 2826 3616 2880; x_wconf 86' lang='lat' dir='ltr'><strong>virtutis</strong></span> 
     </span>
    </p>
   </div>
   <div class='ocr_carea' id='block_1_61' title="bbox 2045 2917 3615 2991">
    <p class='ocr_par' dir='ltr' id='par_1_61' title="bbox 2045 2917 3615 2991">
     <span class='ocr_line' id='line_1_61' title="bbox 2045 2917 3615 2991; baseline -0.004 -14"><span class='ocrx_word' id='word_1_468' title='bbox 2045 2922 2260 2977; x_wconf 86' lang='lat' dir='ltr'><strong>fructus</strong></span> <span class='ocrx_word' id='word_1_469' title='bbox 2307 2921 2365 2976; x_wconf 84' lang='lat' dir='ltr'><strong>in</strong></span> <span class='ocrx_word' id='word_1_470' title='bbox 2402 2919 2562 2976; x_wconf 85' lang='lat' dir='ltr'><strong>nobis</strong></span> <span class='ocrx_word' id='word_1_471' title='bbox 2595 2918 2949 2991; x_wconf 81' lang='lat' dir='ltr'><strong>geminabit,</strong></span> <span class='ocrx_word' id='word_1_472' title='bbox 3006 2918 3055 2975; x_wconf 85' lang='lat' dir='ltr'>si</span> <span class='ocrx_word' id='word_1_473' title='bbox 3087 2917 3481 2989; x_wconf 80' lang='lat' dir='ltr'><strong>conjunctione</strong></span> <span class='ocrx_word' id='word_1_474' title='bbox 3525 2917 3615 2972; x_wconf 84' lang='lat' dir='ltr'><strong>illa</strong></span> 
     </span>
    </p>
   </div>
   <div class='ocr_carea' id='block_1_62' title="bbox 363 3008 1940 3097">
    <p class='ocr_par' dir='ltr' id='par_1_62' title="bbox 363 3010 1939 3086">
     <span class='ocr_line' id='line_1_62' title="bbox 363 3010 1939 3086; baseline -0.001 -20"><span class='ocrx_word' id='word_1_475' title='bbox 363 3013 553 3084; x_wconf 79' lang='grc' dir='ltr'>φέρειν</span> <span class='ocrx_word' id='word_1_476' title='bbox 603 3011 815 3083; x_wconf 73' lang='grc' dir='ltr'>καρπὸν</span> <span class='ocrx_word' id='word_1_477' title='bbox 843 3011 938 3080; x_wconf 79' lang='grc' dir='ltr'>ἀφ’</span> <span class='ocrx_word' id='word_1_478' title='bbox 970 3010 1165 3065; x_wconf 70' lang='grc' dir='ltr'>ἑαυτοῦ</span> <span class='ocrx_word' id='word_1_479' title='bbox 1193 3050 1209 3077; x_wconf 94' lang='grc'>,</span> <span class='ocrx_word' id='word_1_480' title='bbox 1263 3010 1358 3065; x_wconf 75' lang='grc' dir='ltr'>ἐὰν</span> <span class='ocrx_word' id='word_1_481' title='bbox 1409 3012 1485 3084; x_wconf 83' lang='grc' dir='ltr'>μὴ</span> <span class='ocrx_word' id='word_1_482' title='bbox 1546 3012 1705 3086; x_wconf 81' lang='grc' dir='ltr'>μείνῃ</span> <span class='ocrx_word' id='word_1_483' title='bbox 1760 3013 1819 3066; x_wconf 80' lang='grc' dir='ltr'>ἑν</span> <span class='ocrx_word' id='word_1_484' title='bbox 1872 3013 1939 3082; x_wconf 75' lang='grc' dir='ltr'>τῇ</span> 
     </span>
    </p>
   </div>
   <div class='ocr_carea' id='block_1_63' title="bbox 2040 3008 3617 3097">
    <p class='ocr_par' dir='ltr' id='par_1_63' title="bbox 2047 3008 3617 3080">
     <span class='ocr_line' id='line_1_63' title="bbox 2047 3008 3617 3080; baseline -0.003 -14"><span class='ocrx_word' id='word_1_485' title='bbox 2047 3027 2171 3067; x_wconf 89' lang='lat' dir='ltr'>cum</span> <span class='ocrx_word' id='word_1_486' title='bbox 2203 3011 2423 3067; x_wconf 87' lang='lat' dir='ltr'><strong>Christo</strong></span> <span class='ocrx_word' id='word_1_487' title='bbox 2448 3009 2837 3066; x_wconf 78' lang='lat' dir='ltr'><strong>exciderimus.</strong></span> <span class='ocrx_word' id='word_1_488' title='bbox 2873 3009 3029 3076; x_wconf 84' lang='lat' dir='ltr'><strong>Quod</strong></span> <span class='ocrx_word' id='word_1_489' title='bbox 3062 3010 3107 3066; x_wconf 88' lang='lat' dir='ltr'>si</span> <span class='ocrx_word' id='word_1_490' title='bbox 3139 3008 3260 3080; x_wconf 87' lang='lat' dir='ltr'><strong>ejus</strong></span> <span class='ocrx_word' id='word_1_491' title='bbox 3295 3010 3387 3080; x_wconf 85' lang='lat' dir='ltr'><strong>qu&#39;i</strong></span> <span class='ocrx_word' id='word_1_492' title='bbox 3420 3009 3617 3079; x_wconf 73' lang='lat' dir='ltr'><strong>impin~</strong></span> 
     </span>
    </p>
   </div>
   <div class='ocr_carea' id='block_1_64' title="bbox 362 3102 1941 3175">
    <p class='ocr_par' dir='ltr' id='par_1_64' title="bbox 362 3102 1941 3175">
     <span class='ocr_line' id='line_1_64' title="bbox 362 3102 1941 3175; baseline -0.001 -17"><span class='ocrx_word' id='word_1_493' title='bbox 362 3103 631 3173; x_wconf 79' lang='grc' dir='ltr'>ἀμπέλῳ,</span> <span class='ocrx_word' id='word_1_494' title='bbox 678 3102 853 3167; x_wconf 73' lang='grc' dir='ltr'>οὕτως</span> <span class='ocrx_word' id='word_1_495' title='bbox 896 3103 1018 3156; x_wconf 77' lang='grc' dir='ltr'>οὐδὲ</span> <span class='ocrx_word' id='word_1_496' title='bbox 1066 3103 1261 3175; x_wconf 82' lang='grc' dir='ltr'>ὑμεῖς,</span> <span class='ocrx_word' id='word_1_497' title='bbox 1297 3104 1394 3157; x_wconf 70' lang='grc' dir='ltr'>ἐὰν</span> <span class='ocrx_word' id='word_1_498' title='bbox 1429 3103 1507 3175; x_wconf 85' lang='grc' dir='ltr'>μὴ</span> <span class='ocrx_word' id='word_1_499' title='bbox 1538 3105 1595 3157; x_wconf 77' lang='grc' dir='ltr'>ἐν</span> <span class='ocrx_word' id='word_1_500' title='bbox 1645 3103 1769 3175; x_wconf 74' lang='grc' dir='ltr'>ἐμοὶ</span> <span class='ocrx_word' id='word_1_501' title='bbox 1820 3105 1941 3175; x_wconf 80' lang='grc' dir='ltr'>μεί-</span> 
     </span>
    </p>
   </div>
   <div class='ocr_carea' id='block_1_65' title="bbox 364 3190 1944 3267">
    <p class='ocr_par' dir='ltr' id='par_1_65' title="bbox 364 3190 1944 3267">
     <span class='ocr_line' id='line_1_65' title="bbox 364 3190 1944 3267; baseline 0.002 -22"><span class='ocrx_word' id='word_1_502' title='bbox 364 3210 515 3264; x_wconf 86' lang='grc' dir='ltr'>νητε.</span> <span class='ocrx_word' id='word_1_503' title='bbox 558 3213 577 3245; x_wconf 77' lang='grc' dir='ltr'>ι</span> <span class='ocrx_word' id='word_1_504' title='bbox 610 3193 674 3246; x_wconf 82' lang='lat' dir='ltr'><strong>El</strong></span> <span class='ocrx_word' id='word_1_505' title='bbox 726 3192 836 3264; x_wconf 87' lang='grc' dir='ltr'>γὰρ</span> <span class='ocrx_word' id='word_1_506' title='bbox 881 3193 957 3265; x_wconf 83' lang='grc' dir='ltr'>μὴ</span> <span class='ocrx_word' id='word_1_507' title='bbox 1009 3190 1125 3264; x_wconf 74' lang='grc' dir='ltr'>ἔχοι</span> <span class='ocrx_word' id='word_1_508' title='bbox 1175 3193 1238 3247; x_wconf 79' lang='grc' dir='ltr'>τὸ</span> <span class='ocrx_word' id='word_1_509' title='bbox 1300 3193 1489 3265; x_wconf 84' lang='grc' dir='ltr'>κλῆμα</span> <span class='ocrx_word' id='word_1_510' title='bbox 1538 3193 1789 3267; x_wconf 86' lang='grc' dir='ltr'>καθάπερ</span> <span class='ocrx_word' id='word_1_511' title='bbox 1836 3194 1944 3249; x_wconf 82' lang='grc' dir='ltr'>άπὸ</span> 
     </span>
    </p>
   </div>
   <div class='ocr_carea' id='block_1_66' title="bbox 364 3284 1946 3358">
    <p class='ocr_par' dir='ltr' id='par_1_66' title="bbox 364 3284 1946 3358">
     <span class='ocr_line' id='line_1_66' title="bbox 364 3284 1946 3358; baseline 0.003 -22"><span class='ocrx_word' id='word_1_512' title='bbox 364 3285 575 3356; x_wconf 78' lang='grc' dir='ltr'>μητρὸς</span> <span class='ocrx_word' id='word_1_513' title='bbox 608 3285 707 3355; x_wconf 78' lang='grc' dir='ltr'>τῆς</span> <span class='ocrx_word' id='word_1_514' title='bbox 736 3284 984 3355; x_wconf 82' lang='grc' dir='ltr'>ἀμπέλου</span> <span class='ocrx_word' id='word_1_515' title='bbox 1034 3284 1135 3356; x_wconf 76' lang='grc' dir='ltr'>τὴν</span> <span class='ocrx_word' id='word_1_516' title='bbox 1178 3284 1445 3350; x_wconf 75' lang='grc' dir='ltr'>ζωοποιὺν</span> <span class='ocrx_word' id='word_1_517' title='bbox 1491 3286 1645 3358; x_wconf 84' lang='grc' dir='ltr'>αὐτῷ</span> <span class='ocrx_word' id='word_1_518' title='bbox 1680 3302 1946 3357; x_wconf 84' lang='grc' dir='ltr'>χορηγου-</span> 
     </span>
    </p>
   </div>
   <div class='ocr_carea' id='block_1_67' title="bbox 366 3374 1943 3452">
    <p class='ocr_par' dir='ltr' id='par_1_67' title="bbox 366 3374 1943 3452">
     <span class='ocr_line' id='line_1_67' title="bbox 366 3374 1943 3452; baseline 0.001 -24"><span class='ocrx_word' id='word_1_519' title='bbox 366 3376 539 3447; x_wconf 83' lang='grc' dir='ltr'>μένην</span> <span class='ocrx_word' id='word_1_520' title='bbox 569 3376 793 3447; x_wconf 79' lang='grc' dir='ltr'>ἰκμάδα,</span> <span class='ocrx_word' id='word_1_521' title='bbox 821 3375 938 3440; x_wconf 83' lang='grc' dir='ltr'>πῶς</span> <span class='ocrx_word' id='word_1_522' title='bbox 968 3374 1035 3429; x_wconf 77' lang='grc' dir='ltr'>ἂν</span> <span class='ocrx_word' id='word_1_523' title='bbox 1069 3376 1333 3452; x_wconf 67' lang='grc' dir='ltr'>άποτέκοι</span> <span class='ocrx_word' id='word_1_524' title='bbox 1367 3376 1460 3432; x_wconf 78' lang='grc' dir='ltr'>τὸν</span> <span class='ocrx_word' id='word_1_525' title='bbox 1495 3376 1709 3447; x_wconf 85' lang='grc' dir='ltr'>βότρυν,</span> <span class='ocrx_word' id='word_1_526' title='bbox 1739 3377 1772 3449; x_wconf 78' lang='grc' dir='ltr'>ἢ</span> <span class='ocrx_word' id='word_1_527' title='bbox 1799 3378 1943 3440; x_wconf 89' lang='grc' dir='ltr'>τίνα,</span> 
     </span>
    </p>
   </div>
   <div class='ocr_carea' id='block_1_68' title="bbox 366 3464 1946 3540">
    <p class='ocr_par' dir='ltr' id='par_1_68' title="bbox 366 3464 1946 3540">
     <span class='ocr_line' id='line_1_68' title="bbox 366 3464 1946 3540; baseline -0.001 -19"><span class='ocrx_word' id='word_1_528' title='bbox 366 3468 467 3521; x_wconf 74' lang='grc' dir='ltr'>καὶ</span> <span class='ocrx_word' id='word_1_529' title='bbox 494 3467 657 3520; x_wconf 89' lang='grc' dir='ltr'>πόθεν</span> <span class='ocrx_word' id='word_1_530' title='bbox 697 3467 897 3532; x_wconf 74' lang='grc' dir='ltr'>ἐξοίσει</span> <span class='ocrx_word' id='word_1_531' title='bbox 940 3467 1188 3540; x_wconf 88' lang='grc' dir='ltr'>καρπόν;</span> <span class='ocrx_word' id='word_1_532' title='bbox 1240 3468 1547 3536; x_wconf 86' lang='grc' dir='ltr'>Ἀναλόγως</span> <span class='ocrx_word' id='word_1_533' title='bbox 1588 3464 1683 3522; x_wconf 83' lang='grc' dir='ltr'>οὖν</span> <span class='ocrx_word' id='word_1_534' title='bbox 1714 3468 1823 3539; x_wconf 83' lang='grc' dir='ltr'>ἄρα</span> <span class='ocrx_word' id='word_1_535' title='bbox 1853 3469 1946 3522; x_wconf 78' lang='grc' dir='ltr'>καὶ</span> 
     </span>
    </p>
   </div>
   <div class='ocr_carea' id='block_1_69' title="bbox 365 3558 1946 3631">
    <p class='ocr_par' dir='ltr' id='par_1_69' title="bbox 365 3558 1946 3631">
     <span class='ocr_line' id='line_1_69' title="bbox 365 3558 1946 3631; baseline 0.001 -21"><span class='ocrx_word' id='word_1_536' title='bbox 365 3559 454 3626; x_wconf 76' lang='grc' dir='ltr'>ἐφ’</span> <span class='ocrx_word' id='word_1_537' title='bbox 495 3558 652 3628; x_wconf 75' lang='grc' dir='ltr'>ἡμῶν</span> <span class='ocrx_word' id='word_1_538' title='bbox 682 3558 863 3613; x_wconf 80' lang='grc' dir='ltr'>αὐτῶν</span> <span class='ocrx_word' id='word_1_539' title='bbox 890 3561 1106 3627; x_wconf 82' lang='grc' dir='ltr'>νοήσεις</span> <span class='ocrx_word' id='word_1_540' title='bbox 1144 3559 1205 3613; x_wconf 86' lang='grc' dir='ltr'>τὸ</span> <span class='ocrx_word' id='word_1_541' title='bbox 1235 3560 1547 3631; x_wconf 75' lang='grc' dir='ltr'>εἰρημένον.</span> <span class='ocrx_word' id='word_1_542' title='bbox 1577 3560 1810 3629; x_wconf 77' lang='grc' dir='ltr'>Καρπὸς</span> <span class='ocrx_word' id='word_1_543' title='bbox 1837 3559 1946 3628; x_wconf 86' lang='grc' dir='ltr'>γὰρ</span> 
     </span>
    </p>
   </div>
   <div class='ocr_carea' id='block_1_70' title="bbox 365 3650 1949 3723">
    <p class='ocr_par' dir='ltr' id='par_1_70' title="bbox 365 3650 1949 3723">
     <span class='ocr_line' id='line_1_70' title="bbox 365 3650 1949 3723; baseline 0 -21"><span class='ocrx_word' id='word_1_544' title='bbox 365 3650 546 3713; x_wconf 79' lang='grc' dir='ltr'>οὐδεὶς</span> <span class='ocrx_word' id='word_1_545' title='bbox 585 3652 643 3703; x_wconf 82' lang='grc' dir='ltr'>ὲν</span> <span class='ocrx_word' id='word_1_546' title='bbox 694 3652 829 3720; x_wconf 80' lang='grc' dir='ltr'>ἡμῖν</span> <span class='ocrx_word' id='word_1_547' title='bbox 866 3651 1072 3722; x_wconf 81' lang='grc' dir='ltr'>ἀρετῆς</span> <span class='ocrx_word' id='word_1_548' title='bbox 1116 3650 1521 3723; x_wconf 83' lang='grc' dir='ltr'>άναϐλαστήσει</span> <span class='ocrx_word' id='word_1_549' title='bbox 1570 3650 1700 3704; x_wconf 80' lang='grc' dir='ltr'>ποτὲ</span> <span class='ocrx_word' id='word_1_550' title='bbox 1732 3651 1830 3720; x_wconf 89' lang='grc' dir='ltr'>τῆς</span> <span class='ocrx_word' id='word_1_551' title='bbox 1866 3651 1949 3713; x_wconf 82' lang='grc' dir='ltr'>εἰς</span> 
     </span>
    </p>
   </div>
   <div class='ocr_carea' id='block_1_71' title="bbox 364 3740 1948 3813">
    <p class='ocr_par' dir='ltr' id='par_1_71' title="bbox 364 3740 1948 3813">
     <span class='ocr_line' id='line_1_71' title="bbox 364 3740 1948 3813; baseline 0.002 -21"><span class='ocrx_word' id='word_1_552' title='bbox 364 3740 606 3810; x_wconf 74' lang='grc' dir='ltr'>Χριστὸν</span> <span class='ocrx_word' id='word_1_553' title='bbox 634 3740 935 3809; x_wconf 77' lang='grc' dir='ltr'>συναφείας</span> <span class='ocrx_word' id='word_1_554' title='bbox 964 3741 1404 3795; x_wconf 65' lang='grc' dir='ltr'>ἐκπεπτωκόσιν.</span> <span class='ocrx_word' id='word_1_555' title='bbox 1449 3741 1866 3813; x_wconf 77' lang='grc' dir='ltr'>Ἐξηρτυμένοις</span> <span class='ocrx_word' id='word_1_556' title='bbox 1883 3758 1948 3811; x_wconf 83' lang='grc' dir='ltr'>γε</span> 
     </span>
    </p>
   </div>
   <div class='ocr_carea' id='block_1_72' title="bbox 369 3830 1950 3903">
    <p class='ocr_par' dir='ltr' id='par_1_72' title="bbox 369 3830 1950 3903">
     <span class='ocr_line' id='line_1_72' title="bbox 369 3830 1950 3903; baseline 0.003 -23"><span class='ocrx_word' id='word_1_557' title='bbox 369 3831 481 3901; x_wconf 81' lang='grc' dir='ltr'>μὴν</span> <span class='ocrx_word' id='word_1_558' title='bbox 511 3830 608 3884; x_wconf 73' lang='grc' dir='ltr'>τοῦ</span> <span class='ocrx_word' id='word_1_559' title='bbox 640 3831 1025 3886; x_wconf 87' lang='grc' dir='ltr'>καταπιαίνειν</span> <span class='ocrx_word' id='word_1_560' title='bbox 1063 3831 1337 3902; x_wconf 80' lang='grc' dir='ltr'>ἰσχύοντος</span> <span class='ocrx_word' id='word_1_561' title='bbox 1358 3873 1374 3899; x_wconf 96' lang='grc'>,</span> <span class='ocrx_word' id='word_1_562' title='bbox 1422 3832 1517 3885; x_wconf 76' lang='grc' dir='ltr'>κιιί⁵</span> <span class='ocrx_word' id='word_1_563' title='bbox 1546 3831 1950 3903; x_wconf 75' lang='grc' dir='ltr'>άποτρέφοντος</span> 
     </span>
    </p>
   </div>
   <div class='ocr_carea' id='block_1_73' title="bbox 366 3924 1948 3997">
    <p class='ocr_par' dir='ltr' id='par_1_73' title="bbox 366 3924 1948 3997">
     <span class='ocr_line' id='line_1_73' title="bbox 366 3924 1948 3997; baseline 0.003 -23"><span class='ocrx_word' id='word_1_564' title='bbox 366 3924 453 3986; x_wconf 84' lang='grc' dir='ltr'>εἰς</span> <span class='ocrx_word' id='word_1_565' title='bbox 503 3924 824 3990; x_wconf 80' lang='grc' dir='ltr'>εὐσέϐειαν,</span> <span class='ocrx_word' id='word_1_566' title='bbox 883 3924 1135 3996; x_wconf 82' lang='grc' dir='ltr'>καθάπερ</span> <span class='ocrx_word' id='word_1_567' title='bbox 1193 3925 1344 3979; x_wconf 78' lang='grc' dir='ltr'>ὕδατι</span> <span class='ocrx_word' id='word_1_568' title='bbox 1405 3924 1688 3995; x_wconf 67' lang='grc' dir='ltr'>ζωποιῷ,</span> <span class='ocrx_word' id='word_1_569' title='bbox 1744 3929 1811 3997; x_wconf 74' lang='grc' dir='ltr'>τῇ</span> <span class='ocrx_word' id='word_1_570' title='bbox 1856 3926 1948 3981; x_wconf 80' lang='grc' dir='ltr'>τοῦ</span> 
     </span>
    </p>
   </div>
   <div class='ocr_carea' id='block_1_74' title="bbox 371 4013 1951 4087">
    <p class='ocr_par' dir='ltr' id='par_1_74' title="bbox 371 4013 1951 4087">
     <span class='ocr_line' id='line_1_74' title="bbox 371 4013 1951 4087; baseline 0.003 -21"><span class='ocrx_word' id='word_1_571' title='bbox 371 4013 694 4085; x_wconf 83' lang='grc' dir='ltr'>Πνεύματος</span> <span class='ocrx_word' id='word_1_572' title='bbox 748 4016 987 4087; x_wconf 82' lang='grc' dir='ltr'>χορηγίᾳ</span> <span class='ocrx_word' id='word_1_573' title='bbox 1035 4015 1134 4069; x_wconf 81' lang='grc' dir='ltr'>καὶ</span> <span class='ocrx_word' id='word_1_574' title='bbox 1184 4016 1408 4087; x_wconf 85' lang='grc' dir='ltr'>χάριτι,</span> <span class='ocrx_word' id='word_1_575' title='bbox 1459 4015 1556 4069; x_wconf 77' lang='grc' dir='ltr'>καὶ</span> <span class='ocrx_word' id='word_1_576' title='bbox 1599 4015 1660 4068; x_wconf 77' lang='grc' dir='ltr'>τὺ</span> <span class='ocrx_word' id='word_1_577' title='bbox 1689 4015 1951 4071; x_wconf 85' lang='grc' dir='ltr'>δύνασθαι</span> 
     </span>
    </p>
   </div>
   <div class='ocr_carea' id='block_1_75' title="bbox 370 4104 1951 4179">
    <p class='ocr_par' dir='ltr' id='par_1_75' title="bbox 370 4104 1951 4179">
     <span class='ocr_line' id='line_1_75' title="bbox 370 4104 1951 4179; baseline 0.003 -21"><span class='ocrx_word' id='word_1_578' title='bbox 370 4109 747 4178; x_wconf 77' lang='grc' dir='ltr'>καρποφορεῖν</span> <span class='ocrx_word' id='word_1_579' title='bbox 785 4107 1083 4178; x_wconf 85' lang='grc' dir='ltr'>προσέσται</span> <span class='ocrx_word' id='word_1_580' title='bbox 1123 4107 1342 4179; x_wconf 79' lang='grc' dir='ltr'>ῥᾳδίως.</span> <span class='ocrx_word' id='word_1_581' title='bbox 1379 4107 1493 4160; x_wconf 82' lang='grc' dir='ltr'>Καὶ</span> <span class='ocrx_word' id='word_1_582' title='bbox 1537 4104 1699 4160; x_wconf 82' lang='grc' dir='ltr'>τοῦτο</span> <span class='ocrx_word' id='word_1_583' title='bbox 1735 4107 1887 4173; x_wconf 85' lang='grc' dir='ltr'>είδὼς</span> <span class='ocrx_word' id='word_1_584' title='bbox 1922 4111 1951 4163; x_wconf 84' lang='grc' dir='ltr'><strong>ὁ</strong></span> 
     </span>
    </p>
   </div>
   <div class='ocr_carea' id='block_1_76' title="bbox 371 4197 1948 4272">
    <p class='ocr_par' dir='ltr' id='par_1_76' title="bbox 371 4197 1948 4272">
     <span class='ocr_line' id='line_1_76' title="bbox 371 4197 1948 4272; baseline 0.002 -20"><span class='ocrx_word' id='word_1_585' title='bbox 371 4197 728 4269; x_wconf 79' lang='grc' dir='ltr'>Μονογενὴς,</span> <span class='ocrx_word' id='word_1_586' title='bbox 770 4201 829 4253; x_wconf 80' lang='grc' dir='ltr'>ὲν</span> <span class='ocrx_word' id='word_1_587' title='bbox 868 4198 1223 4269; x_wconf 79' lang='grc' dir='ltr'>Εὐαγγελίοις</span> <span class='ocrx_word' id='word_1_588' title='bbox 1266 4198 1479 4267; x_wconf 81' lang='grc' dir='ltr'>ἔλεγεν·</span> <span class='ocrx_word' id='word_1_589' title='bbox 1518 4218 1536 4252; x_wconf 83' lang='grc' dir='ltr'>ι</span> <span class='ocrx_word' id='word_1_590' title='bbox 1574 4199 1641 4252; x_wconf 80' lang='lat' dir='ltr'><strong>El</strong></span> <span class='ocrx_word' id='word_1_591' title='bbox 1668 4216 1754 4263; x_wconf 89' lang='grc' dir='ltr'>τις</span> <span class='ocrx_word' id='word_1_592' title='bbox 1797 4199 1948 4272; x_wconf 72' lang='grc' dir='ltr'>διψᾷ,</span> 
     </span>
    </p>
   </div>
   <div class='ocr_carea' id='block_1_77' title="bbox 371 4288 1950 4363">
    <p class='ocr_par' dir='ltr' id='par_1_77' title="bbox 371 4288 1950 4363">
     <span class='ocr_line' id='line_1_77' title="bbox 371 4288 1950 4363; baseline 0.002 -21"><span class='ocrx_word' id='word_1_593' title='bbox 371 4288 623 4359; x_wconf 71' lang='grc' dir='ltr'>ἐρχέσθω</span> <span class='ocrx_word' id='word_1_594' title='bbox 656 4292 792 4362; x_wconf 81' lang='grc' dir='ltr'>πρός</span> <span class='ocrx_word' id='word_1_595' title='bbox 844 4294 951 4362; x_wconf 84' lang='grc' dir='ltr'>με,</span> <span class='ocrx_word' id='word_1_596' title='bbox 1003 4292 1100 4346; x_wconf 80' lang='grc' dir='ltr'>καὶ</span> <span class='ocrx_word' id='word_1_597' title='bbox 1150 4290 1373 4345; x_wconf 78' lang='grc' dir='ltr'>πινέτω.</span> <span class='ocrx_word' id='word_1_598' title='bbox 1415 4308 1434 4342; x_wconf 73' lang='grc' dir='ltr'>ι</span> <span class='ocrx_word' id='word_1_599' title='bbox 1489 4291 1555 4342; x_wconf 90' lang='grc' dir='ltr'><em>Ὃ</em></span> <span class='ocrx_word' id='word_1_600' title='bbox 1598 4290 1693 4344; x_wconf 80' lang='grc' dir='ltr'>καὶ</span> <span class='ocrx_word' id='word_1_601' title='bbox 1748 4291 1950 4363; x_wconf 84' lang='grc' dir='ltr'>σφόδρα</span> 
     </span>
    </p>
   </div>
   <div class='ocr_carea' id='block_1_78' title="bbox 2047 3100 3615 3173">
    <p class='ocr_par' dir='ltr' id='par_1_78' title="bbox 2047 3100 3615 3173">
     <span class='ocr_line' id='line_1_78' title="bbox 2047 3100 3615 3173; baseline -0.002 -16"><span class='ocrx_word' id='word_1_602' title='bbox 2047 3116 2216 3173; x_wconf 87' lang='lat' dir='ltr'><strong>guare</strong></span> <span class='ocrx_word' id='word_1_603' title='bbox 2242 3109 2422 3171; x_wconf 89' lang='lat' dir='ltr'><strong>potest</strong></span> <span class='ocrx_word' id='word_1_604' title='bbox 2454 3116 2519 3157; x_wconf 88' lang='lat' dir='ltr'>ac</span> <span class='ocrx_word' id='word_1_605' title='bbox 2560 3102 2615 3157; x_wconf 91' lang='lat' dir='ltr'><strong>in</strong></span> <span class='ocrx_word' id='word_1_606' title='bbox 2652 3101 2861 3171; x_wconf 82' lang='lat' dir='ltr'><strong>pietate</strong></span> <span class='ocrx_word' id='word_1_607' title='bbox 2899 3102 3093 3167; x_wconf 88' lang='lat' dir='ltr'><strong>nutrit,</strong></span> <span class='ocrx_word' id='word_1_608' title='bbox 3159 3100 3406 3172; x_wconf 86' lang='lat' dir='ltr'><strong>Spiritus</strong></span> <span class='ocrx_word' id='word_1_609' title='bbox 3448 3102 3615 3172; x_wconf 42' lang='lat' dir='ltr'><strong>largi.</strong></span> 
     </span>
    </p>
   </div>
   <div class='ocr_carea' id='block_1_79' title="bbox 2046 3190 3618 3264">
    <p class='ocr_par' dir='ltr' id='par_1_79' title="bbox 2046 3190 3618 3264">
     <span class='ocr_line' id='line_1_79' title="bbox 2046 3190 3618 3264; baseline 0 -15"><span class='ocrx_word' id='word_1_610' title='bbox 2046 3194 2197 3249; x_wconf 89' lang='lat' dir='ltr'><strong>tione</strong></span> <span class='ocrx_word' id='word_1_611' title='bbox 2222 3200 2278 3248; x_wconf 90' lang='lat' dir='ltr'>et</span> <span class='ocrx_word' id='word_1_612' title='bbox 2306 3193 2483 3264; x_wconf 87' lang='lat' dir='ltr'><strong>gratia</strong></span> <span class='ocrx_word' id='word_1_613' title='bbox 2511 3190 2610 3248; x_wconf 88' lang='lat' dir='ltr'>ceu</span> <span class='ocrx_word' id='word_1_614' title='bbox 2635 3192 2784 3248; x_wconf 87' lang='lat' dir='ltr'><strong>unda</strong></span> <span class='ocrx_word' id='word_1_615' title='bbox 2811 3192 3046 3260; x_wconf 79' lang='lat' dir='ltr'><strong>quadam</strong></span> <span class='ocrx_word' id='word_1_616' title='bbox 3071 3192 3286 3249; x_wconf 82' lang='lat' dir='ltr'><strong>viviﬁca</strong></span> <span class='ocrx_word' id='word_1_617' title='bbox 3312 3193 3470 3263; x_wconf 86' lang='lat' dir='ltr'><strong>rigati</strong></span> <span class='ocrx_word' id='word_1_618' title='bbox 3500 3193 3618 3249; x_wconf 84' lang='lat' dir='ltr'><strong>fue-</strong></span> 
     </span>
    </p>
   </div>
   <div class='ocr_carea' id='block_1_80' title="bbox 2046 3279 3616 3352">
    <p class='ocr_par' dir='ltr' id='par_1_80' title="bbox 2046 3279 3616 3352">
     <span class='ocr_line' id='line_1_80' title="bbox 2046 3279 3616 3352; baseline 0.001 -17"><span class='ocrx_word' id='word_1_619' title='bbox 2046 3282 2240 3349; x_wconf 87' lang='lat' dir='ltr'><strong>rimus,</strong></span> <span class='ocrx_word' id='word_1_620' title='bbox 2292 3282 2451 3337; x_wconf 82' lang='lat' dir='ltr'><strong>facile</strong></span> <span class='ocrx_word' id='word_1_621' title='bbox 2496 3296 2717 3352; x_wconf 88' lang='lat' dir='ltr'><strong>quoque</strong></span> <span class='ocrx_word' id='word_1_622' title='bbox 2772 3281 2879 3336; x_wconf 92' lang='lat' dir='ltr'><strong>erit</strong></span> <span class='ocrx_word' id='word_1_623' title='bbox 2923 3279 3143 3336; x_wconf 80' lang='lat' dir='ltr'><strong>fructus</strong></span> <span class='ocrx_word' id='word_1_624' title='bbox 3176 3281 3507 3350; x_wconf 84' lang='lat' dir='ltr'><strong>producere.</strong></span> <span class='ocrx_word' id='word_1_625' title='bbox 3562 3281 3616 3336; x_wconf 85' lang='lat' dir='ltr'><strong>Id</strong></span> 
     </span>
    </p>
   </div>
   <div class='ocr_carea' id='block_1_81' title="bbox 2047 3370 3615 3444">
    <p class='ocr_par' dir='ltr' id='par_1_81' title="bbox 2047 3370 3615 3444">
     <span class='ocr_line' id='line_1_81' title="bbox 2047 3370 3615 3444; baseline -0.001 -17"><span class='ocrx_word' id='word_1_626' title='bbox 2047 3388 2172 3428; x_wconf 91' lang='lat' dir='ltr'>cum</span> <span class='ocrx_word' id='word_1_627' title='bbox 2219 3374 2386 3429; x_wconf 87' lang='lat' dir='ltr'><strong>sciret</strong></span> <span class='ocrx_word' id='word_1_628' title='bbox 2420 3372 2766 3443; x_wconf 86' lang='lat' dir='ltr'><strong>Unigenitus,</strong></span> <span class='ocrx_word' id='word_1_629' title='bbox 2798 3371 2855 3426; x_wconf 92' lang='lat' dir='ltr'><strong>in</strong></span> <span class='ocrx_word' id='word_1_630' title='bbox 2897 3370 3209 3444; x_wconf 84' lang='lat' dir='ltr'><strong>Evangeliis</strong></span> <span class='ocrx_word' id='word_1_631' title='bbox 3260 3373 3440 3427; x_wconf 76' lang='lat' dir='ltr'><strong>dixit:</strong></span> <span class='ocrx_word' id='word_1_632' title='bbox 3486 3391 3505 3425; x_wconf 81' lang='grc' dir='ltr'>ι</span> <span class='ocrx_word' id='word_1_633' title='bbox 3555 3372 3615 3427; x_wconf 91' lang='lat' dir='ltr'><strong>Si</strong></span> 
     </span>
    </p>
   </div>
   <div class='ocr_carea' id='block_1_82' title="bbox 2047 3463 3621 3535">
    <p class='ocr_par' dir='ltr' id='par_1_82' title="bbox 2047 3463 3621 3535">
     <span class='ocr_line' id='line_1_82' title="bbox 2047 3463 3621 3535; baseline 0.002 -16"><span class='ocrx_word' id='word_1_634' title='bbox 2047 3466 2173 3535; x_wconf 90' lang='lat' dir='ltr'><strong>quis</strong></span> <span class='ocrx_word' id='word_1_635' title='bbox 2202 3465 2336 3530; x_wconf 84' lang='lat' dir='ltr'><strong>sitit,</strong></span> <span class='ocrx_word' id='word_1_636' title='bbox 2366 3466 2552 3520; x_wconf 82' lang='lat' dir='ltr'><strong>veniat</strong></span> <span class='ocrx_word' id='word_1_637' title='bbox 2582 3463 2650 3519; x_wconf 91' lang='lat' dir='ltr'>ad</span> <span class='ocrx_word' id='word_1_638' title='bbox 2676 3478 2784 3527; x_wconf 90' lang='lat' dir='ltr'>me,</span> <span class='ocrx_word' id='word_1_639' title='bbox 2822 3472 2878 3519; x_wconf 90' lang='lat' dir='ltr'>et</span> <span class='ocrx_word' id='word_1_640' title='bbox 2926 3464 3075 3519; x_wconf 90' lang='lat' dir='ltr'><strong>bibat</strong></span> <span class='ocrx_word' id='word_1_641' title='bbox 3100 3464 3169 3518; x_wconf 78' lang='lat'><strong>&quot;.</strong></span> <span class='ocrx_word' id='word_1_642' title='bbox 3212 3484 3233 3517; x_wconf 74' lang='grc' dir='ltr'>ι</span> <span class='ocrx_word' id='word_1_643' title='bbox 3282 3463 3439 3532; x_wconf 89' lang='lat' dir='ltr'><strong>Quod</strong></span> <span class='ocrx_word' id='word_1_644' title='bbox 3475 3476 3621 3522; x_wconf 84' lang='lat' dir='ltr'><strong>recte</strong></span> 
     </span>
    </p>
   </div>
   <div class='ocr_carea' id='block_1_83' title="bbox 2046 3553 3620 3628">
    <p class='ocr_par' dir='ltr' id='par_1_83' title="bbox 2046 3553 3620 3628">
     <span class='ocr_line' id='line_1_83' title="bbox 2046 3553 3620 3628; baseline -0.001 -17"><span class='ocrx_word' id='word_1_645' title='bbox 2046 3571 2269 3628; x_wconf 87' lang='lat' dir='ltr'><strong>quoque</strong></span> <span class='ocrx_word' id='word_1_646' title='bbox 2292 3556 2458 3612; x_wconf 89' lang='lat' dir='ltr'><strong>nobis</strong></span> <span class='ocrx_word' id='word_1_647' title='bbox 2486 3554 2860 3625; x_wconf 82' lang='lat' dir='ltr'><strong>interpretans</strong></span> <span class='ocrx_word' id='word_1_648' title='bbox 2888 3553 3112 3611; x_wconf 81' lang='lat' dir='ltr'><strong>divinus</strong></span> <span class='ocrx_word' id='word_1_649' title='bbox 3137 3556 3500 3626; x_wconf 76' lang='lat' dir='ltr'><strong>evangelista,</strong></span> <span class='ocrx_word' id='word_1_650' title='bbox 3537 3563 3620 3610; x_wconf 84' lang='lat' dir='ltr'><strong>tc-</strong></span> 
     </span>
    </p>
   </div>
   <div class='ocr_carea' id='block_1_84' title="bbox 2048 3644 3621 3717">
    <p class='ocr_par' dir='ltr' id='par_1_84' title="bbox 2048 3644 3621 3717">
     <span class='ocr_line' id='line_1_84' title="bbox 2048 3644 3621 3717; baseline -0.004 -13"><span class='ocrx_word' id='word_1_651' title='bbox 2048 3655 2225 3704; x_wconf 86' lang='lat' dir='ltr'><strong>status</strong></span> <span class='ocrx_word' id='word_1_652' title='bbox 2254 3654 2338 3703; x_wconf 84' lang='lat' dir='ltr'>est</span> <span class='ocrx_word' id='word_1_653' title='bbox 2370 3647 2601 3703; x_wconf 89' lang='lat' dir='ltr'><strong>dicens:</strong></span> <span class='ocrx_word' id='word_1_654' title='bbox 2641 3664 2660 3698; x_wconf 81' lang='grc' dir='ltr'>ι</span> <span class='ocrx_word' id='word_1_655' title='bbox 2705 3644 2823 3700; x_wconf 81' lang='lat' dir='ltr'>Hoc</span> <span class='ocrx_word' id='word_1_656' title='bbox 2866 3652 3046 3701; x_wconf 91' lang='lat' dir='ltr'><strong>autem</strong></span> <span class='ocrx_word' id='word_1_657' title='bbox 3091 3645 3247 3714; x_wconf 81' lang='lat' dir='ltr'><strong>dixit,</strong></span> <span class='ocrx_word' id='word_1_658' title='bbox 3301 3645 3499 3717; x_wconf 85' lang='lat' dir='ltr'><strong>inquit,</strong></span> <span class='ocrx_word' id='word_1_659' title='bbox 3553 3645 3621 3699; x_wconf 83' lang='lat' dir='ltr'>de</span> 
     </span>
    </p>
   </div>
   <div class='ocr_carea' id='block_1_85' title="bbox 2050 3736 3613 3810">
    <p class='ocr_par' dir='ltr' id='par_1_85' title="bbox 2050 3736 3613 3810">
     <span class='ocr_line' id='line_1_85' title="bbox 2050 3736 3613 3810; baseline -0.004 -16"><span class='ocrx_word' id='word_1_660' title='bbox 2050 3738 2282 3810; x_wconf 87' lang='lat' dir='ltr'><strong>Spiritu,</strong></span> <span class='ocrx_word' id='word_1_661' title='bbox 2305 3753 2466 3810; x_wconf 89' lang='lat' dir='ltr'><strong>quem</strong></span> <span class='ocrx_word' id='word_1_662' title='bbox 2496 3736 2779 3808; x_wconf 81' lang='lat' dir='ltr'><strong>accepturi</strong></span> <span class='ocrx_word' id='word_1_663' title='bbox 2801 3736 3260 3793; x_wconf 85' lang='lat' dir='ltr'><strong>erantcredentes</strong></span> <span class='ocrx_word' id='word_1_664' title='bbox 3284 3737 3337 3791; x_wconf 91' lang='lat' dir='ltr'>in</span> <span class='ocrx_word' id='word_1_665' title='bbox 3362 3752 3485 3792; x_wconf 89' lang='lat' dir='ltr'>eum</span> <span class='ocrx_word' id='word_1_666' title='bbox 3502 3737 3565 3790; x_wconf 81' lang='lat'><strong>“.</strong></span> <span class='ocrx_word' id='word_1_667' title='bbox 3594 3756 3613 3787; x_wconf 75' lang='grc' dir='ltr'>ι</span> 
     </span>
    </p>
   </div>
   <div class='ocr_carea' id='block_1_86' title="bbox 2050 3827 3618 3903">
    <p class='ocr_par' dir='ltr' id='par_1_86' title="bbox 2050 3827 3618 3903">
     <span class='ocr_line' id='line_1_86' title="bbox 2050 3827 3618 3903; baseline -0.003 -18"><span class='ocrx_word' id='word_1_668' title='bbox 2050 3830 2119 3886; x_wconf 85' lang='lat' dir='ltr'><strong>Et</strong></span> <span class='ocrx_word' id='word_1_669' title='bbox 2170 3833 2288 3903; x_wconf 88' lang='lat' dir='ltr'><strong>ipse</strong></span> <span class='ocrx_word' id='word_1_670' title='bbox 2343 3837 2608 3903; x_wconf 67' lang='lat' dir='ltr'><strong>praeterea</strong></span> <span class='ocrx_word' id='word_1_671' title='bbox 2650 3830 2845 3885; x_wconf 88' lang='lat' dir='ltr'><strong>beatus</strong></span> <span class='ocrx_word' id='word_1_672' title='bbox 2903 3827 3072 3883; x_wconf 86' lang='lat' dir='ltr'><strong>David</strong></span> <span class='ocrx_word' id='word_1_673' title='bbox 3129 3829 3459 3898; x_wconf 81' lang='lat' dir='ltr'><strong>precabatur</strong></span> <span class='ocrx_word' id='word_1_674' title='bbox 3486 3868 3501 3893; x_wconf 87' lang='lat'>,</span> <span class='ocrx_word' id='word_1_675' title='bbox 3551 3830 3618 3881; x_wconf 86' lang='lat' dir='ltr'>ad</span> 
     </span>
    </p>
   </div>
   <div class='ocr_carea' id='block_1_87' title="bbox 2051 3916 3620 3989">
    <p class='ocr_par' dir='ltr' id='par_1_87' title="bbox 2051 3916 3620 3989">
     <span class='ocr_line' id='line_1_87' title="bbox 2051 3916 3620 3989; baseline -0.004 -13"><span class='ocrx_word' id='word_1_676' title='bbox 2051 3919 2219 3977; x_wconf 87' lang='lat' dir='ltr'><strong>Deum</strong></span> <span class='ocrx_word' id='word_1_677' title='bbox 2249 3935 2314 3975; x_wconf 86' lang='lat' dir='ltr'>ac</span> <span class='ocrx_word' id='word_1_678' title='bbox 2340 3921 2556 3976; x_wconf 82' lang='lat' dir='ltr'><strong>Patrem</strong></span> <span class='ocrx_word' id='word_1_679' title='bbox 2590 3917 2887 3989; x_wconf 90' lang='lat' dir='ltr'><strong>inquiens:</strong></span> <span class='ocrx_word' id='word_1_680' title='bbox 2925 3936 2943 3968; x_wconf 81' lang='grc' dir='ltr'>ι</span> <span class='ocrx_word' id='word_1_681' title='bbox 2979 3916 3247 3983; x_wconf 86' lang='lat' dir='ltr'><strong>Quoniam</strong></span> <span class='ocrx_word' id='word_1_682' title='bbox 3279 3916 3420 3986; x_wconf 91' lang='lat' dir='ltr'><strong>apud</strong></span> <span class='ocrx_word' id='word_1_683' title='bbox 3457 3925 3509 3971; x_wconf 90' lang='lat' dir='ltr'>te</span> <span class='ocrx_word' id='word_1_684' title='bbox 3537 3926 3620 3971; x_wconf 87' lang='lat' dir='ltr'>est</span> 
     </span>
    </p>
   </div>
   <div class='ocr_carea' id='block_1_88' title="bbox 2053 4007 3613 4079">
    <p class='ocr_par' dir='ltr' id='par_1_88' title="bbox 2053 4007 3613 4079">
     <span class='ocr_line' id='line_1_88' title="bbox 2053 4007 3613 4079; baseline -0.006 -13"><span class='ocrx_word' id='word_1_685' title='bbox 2053 4012 2178 4068; x_wconf 77' lang='lat' dir='ltr'><strong>fons</strong></span> <span class='ocrx_word' id='word_1_686' title='bbox 2197 4013 2342 4076; x_wconf 67' lang='lat' dir='ltr'><strong>vitae,</strong></span> <span class='ocrx_word' id='word_1_687' title='bbox 2360 4019 2416 4067; x_wconf 91' lang='lat' dir='ltr'>et</span> <span class='ocrx_word' id='word_1_688' title='bbox 2434 4017 2683 4065; x_wconf 87' lang='lat' dir='ltr'><strong>torrente</strong></span> <span class='ocrx_word' id='word_1_689' title='bbox 2706 4008 3009 4079; x_wconf 73' lang='lat' dir='ltr'><strong>voluptatis</strong></span> <span class='ocrx_word' id='word_1_690' title='bbox 3034 4016 3139 4062; x_wconf 66' lang='lat' dir='ltr'><strong>tua:</strong></span> <span class='ocrx_word' id='word_1_691' title='bbox 3158 4007 3374 4077; x_wconf 87' lang='lat' dir='ltr'><strong>potabis</strong></span> <span class='ocrx_word' id='word_1_692' title='bbox 3396 4022 3491 4063; x_wconf 91' lang='lat' dir='ltr'>eos</span> <span class='ocrx_word' id='word_1_693' title='bbox 3504 4008 3570 4061; x_wconf 82' lang='lat'><strong>&quot;.</strong></span> <span class='ocrx_word' id='word_1_694' title='bbox 3596 4027 3613 4057; x_wconf 77' lang='grc' dir='ltr'>ι</span> 
     </span>
    </p>
   </div>
   <div class='ocr_carea' id='block_1_89' title="bbox 2051 4096 3619 4169">
    <p class='ocr_par' dir='ltr' id='par_1_89' title="bbox 2051 4096 3619 4169">
     <span class='ocr_line' id='line_1_89' title="bbox 2051 4096 3619 4169; baseline -0.005 -10"><span class='ocrx_word' id='word_1_695' title='bbox 2051 4103 2201 4159; x_wconf 85' lang='lat' dir='ltr'><strong>Fons</strong></span> <span class='ocrx_word' id='word_1_696' title='bbox 2232 4102 2379 4158; x_wconf 90' lang='lat' dir='ltr'><strong>enim</strong></span> <span class='ocrx_word' id='word_1_697' title='bbox 2420 4102 2616 4157; x_wconf 61' lang='lat' dir='ltr'><strong>divinae</strong></span> <span class='ocrx_word' id='word_1_698' title='bbox 2646 4101 2792 4163; x_wconf 67' lang='lat' dir='ltr'><strong>vitaz,</strong></span> <span class='ocrx_word' id='word_1_699' title='bbox 2831 4109 2885 4156; x_wconf 89' lang='lat' dir='ltr'>et</span> <span class='ocrx_word' id='word_1_700' title='bbox 2927 4099 3259 4169; x_wconf 87' lang='lat' dir='ltr'><strong>spiritalium</strong></span> <span class='ocrx_word' id='word_1_701' title='bbox 3298 4096 3619 4152; x_wconf 88' lang='lat' dir='ltr'><strong>deliciarum</strong></span> 
     </span>
    </p>
   </div>
   <div class='ocr_carea' id='block_1_90' title="bbox 2053 4187 3622 4264">
    <p class='ocr_par' dir='ltr' id='par_1_90' title="bbox 2053 4187 3622 4264">
     <span class='ocr_line' id='line_1_90' title="bbox 2053 4187 3622 4264; baseline -0.006 -13"><span class='ocrx_word' id='word_1_702' title='bbox 2053 4205 2271 4251; x_wconf 87' lang='lat' dir='ltr'><strong>torrens</strong></span> <span class='ocrx_word' id='word_1_703' title='bbox 2301 4195 2524 4264; x_wconf 86' lang='lat' dir='ltr'><strong>quinam</strong></span> <span class='ocrx_word' id='word_1_704' title='bbox 2569 4191 2885 4249; x_wconf 89' lang='lat' dir='ltr'><strong>censendus</strong></span> <span class='ocrx_word' id='word_1_705' title='bbox 2923 4199 3009 4247; x_wconf 91' lang='lat' dir='ltr'>est</span> <span class='ocrx_word' id='word_1_706' title='bbox 3059 4190 3200 4245; x_wconf 83' lang='lat' dir='ltr'><strong>alius</strong></span> <span class='ocrx_word' id='word_1_707' title='bbox 3234 4203 3398 4258; x_wconf 90' lang='lat' dir='ltr'><strong>quam</strong></span> <span class='ocrx_word' id='word_1_708' title='bbox 3449 4187 3622 4242; x_wconf 87' lang='lat' dir='ltr'><strong>Filius</strong></span> 
     </span>
    </p>
   </div>
   <div class='ocr_carea' id='block_1_91' title="bbox 2053 4276 3622 4359">
    <p class='ocr_par' dir='ltr' id='par_1_91' title="bbox 2053 4276 3622 4359">
     <span class='ocr_line' id='line_1_91' title="bbox 2053 4276 3622 4359; baseline -0.006 -16"><span class='ocrx_word' id='word_1_709' title='bbox 2053 4288 2147 4359; x_wconf 91' lang='lat' dir='ltr'>qui</span> <span class='ocrx_word' id='word_1_710' title='bbox 2182 4287 2509 4358; x_wconf 72' lang='lat' dir='ltr'><strong>impingunt,</strong></span> <span class='ocrx_word' id='word_1_711' title='bbox 2544 4292 2596 4341; x_wconf 92' lang='lat' dir='ltr'>et</span> <span class='ocrx_word' id='word_1_712' title='bbox 2621 4284 2819 4355; x_wconf 82' lang='lat' dir='ltr'><strong>irrigat</strong></span> <span class='ocrx_word' id='word_1_713' title='bbox 2850 4281 3068 4337; x_wconf 80' lang='lat' dir='ltr'><strong>viviﬁca</strong></span> <span class='ocrx_word' id='word_1_714' title='bbox 3099 4288 3156 4337; x_wconf 91' lang='lat' dir='ltr'>et</span> <span class='ocrx_word' id='word_1_715' title='bbox 3194 4279 3355 4334; x_wconf 85' lang='lat' dir='ltr'><strong>hilari</strong></span> <span class='ocrx_word' id='word_1_716' title='bbox 3383 4276 3622 4347; x_wconf 87' lang='lat' dir='ltr'><strong>Spiritus</strong></span> 
     </span>
    </p>
   </div>
   <div class='ocr_carea' id='block_1_92' title="bbox 374 4368 1940 4454">
    <p class='ocr_par' dir='ltr' id='par_1_92' title="bbox 374 4379 1940 4454">
     <span class='ocr_line' id='line_1_92' title="bbox 374 4379 1940 4454; baseline 0.001 -21"><span class='ocrx_word' id='word_1_717' title='bbox 374 4381 559 4446; x_wconf 89' lang='grc' dir='ltr'>καλῶς</span> <span class='ocrx_word' id='word_1_718' title='bbox 597 4383 974 4454; x_wconf 86' lang='grc' dir='ltr'>διερμηνεύων</span> <span class='ocrx_word' id='word_1_719' title='bbox 1006 4384 1138 4454; x_wconf 81' lang='grc' dir='ltr'>ἡμῖν</span> <span class='ocrx_word' id='word_1_720' title='bbox 1167 4384 1197 4435; x_wconf 86' lang='grc' dir='ltr'>ό</span> <span class='ocrx_word' id='word_1_721' title='bbox 1236 4379 1680 4452; x_wconf 85' lang='grc' dir='ltr'>πνευματοφόρος</span> <span class='ocrx_word' id='word_1_722' title='bbox 1717 4380 1940 4452; x_wconf 80' lang='grc' dir='ltr'>εὐαγγε-</span> 
     </span>
    </p>
   </div>
   <div class='ocr_carea' id='block_1_93' title="bbox 2040 4368 3623 4454">
    <p class='ocr_par' dir='ltr' id='par_1_93' title="bbox 2055 4371 3623 4450">
     <span class='ocr_line' id='line_1_93' title="bbox 2055 4371 3623 4450; baseline -0.006 -18"><span class='ocrx_word' id='word_1_723' title='bbox 2055 4379 2255 4450; x_wconf 86' lang='lat' dir='ltr'><strong>gratia,</strong></span> <span class='ocrx_word' id='word_1_724' title='bbox 2288 4392 2397 4433; x_wconf 92' lang='lat' dir='ltr'>non</span> <span class='ocrx_word' id='word_1_725' title='bbox 2429 4391 2592 4432; x_wconf 87' lang='lat' dir='ltr'><strong>secus</strong></span> <span class='ocrx_word' id='word_1_726' title='bbox 2645 4390 2708 4430; x_wconf 92' lang='lat' dir='ltr'>ac</span> <span class='ocrx_word' id='word_1_727' title='bbox 2738 4374 2993 4447; x_wconf 84' lang='lat' dir='ltr'><strong>palmites</strong></span> <span class='ocrx_word' id='word_1_728' title='bbox 3049 4372 3098 4428; x_wconf 91' lang='lat' dir='ltr'><strong>ei</strong></span> <span class='ocrx_word' id='word_1_729' title='bbox 3131 4371 3477 4427; x_wconf 80' lang='lat' dir='ltr'><strong>adhaerentes</strong></span> <span class='ocrx_word' id='word_1_730' title='bbox 3526 4384 3623 4441; x_wconf 86' lang='lat' dir='ltr'>per</span> 
     </span>
    </p>
   </div>
   <div class='ocr_carea' id='block_1_94' title="bbox 374 4465 1947 4545">
    <p class='ocr_par' dir='ltr' id='par_1_94' title="bbox 374 4465 1947 4545">
     <span class='ocr_line' id='line_1_94' title="bbox 374 4465 1947 4545; baseline 0.001 -21"><span class='ocrx_word' id='word_1_731' title='bbox 374 4470 585 4545; x_wconf 83' lang='grc' dir='ltr'>λιστὴς,</span> <span class='ocrx_word' id='word_1_732' title='bbox 618 4473 1024 4545; x_wconf 82' lang='grc' dir='ltr'>διεμαρτύρατο</span> <span class='ocrx_word' id='word_1_733' title='bbox 1045 4472 1221 4542; x_wconf 81' lang='grc' dir='ltr'>λέγων</span> <span class='ocrx_word' id='word_1_734' title='bbox 1240 4486 1255 4501; x_wconf 90' lang='grc'><strong>·</strong></span> <span class='ocrx_word' id='word_1_735' title='bbox 1292 4491 1311 4522; x_wconf 81' lang='grc' dir='ltr'>ι</span> <span class='ocrx_word' id='word_1_736' title='bbox 1340 4472 1511 4524; x_wconf 82' lang='grc' dir='ltr'>Τοῦτο</span> <span class='ocrx_word' id='word_1_737' title='bbox 1544 4469 1602 4523; x_wconf 81' lang='grc' dir='ltr'>δὲ</span> <span class='ocrx_word' id='word_1_738' title='bbox 1626 4465 1766 4536; x_wconf 85' lang='grc' dir='ltr'>εἷπε,</span> <span class='ocrx_word' id='word_1_739' title='bbox 1793 4473 1947 4542; x_wconf 79' lang='grc' dir='ltr'>φησὶ,</span> 
     </span>
    </p>
   </div>
   <div class='ocr_carea' id='block_1_95' title="bbox 2055 4463 3182 4530">
    <p class='ocr_par' dir='ltr' id='par_1_95' title="bbox 2055 4463 3182 4530">
     <span class='ocr_line' id='line_1_95' title="bbox 2055 4463 3182 4530; baseline -0.01 -4"><span class='ocrx_word' id='word_1_740' title='bbox 2055 4469 2381 4527; x_wconf 85' lang='lat' dir='ltr'><strong>charitatem</strong></span> <span class='ocrx_word' id='word_1_741' title='bbox 2412 4482 2478 4521; x_wconf 90' lang='lat' dir='ltr'>ac</span> <span class='ocrx_word' id='word_1_742' title='bbox 2512 4467 2691 4530; x_wconf 84' lang='lat' dir='ltr'><strong>iidem,</strong></span> <span class='ocrx_word' id='word_1_743' title='bbox 2725 4471 2945 4520; x_wconf 85' lang='lat' dir='ltr'><strong>nostras</strong></span> <span class='ocrx_word' id='word_1_744' title='bbox 2968 4463 3182 4516; x_wconf 85' lang='lat' dir='ltr'><strong>animas</strong></span> 
     </span>
    </p>
   </div>
   <div class='ocr_carea' id='block_1_96' title="bbox 375 4549 3624 4634">
    <p class='ocr_par' dir='ltr' id='par_1_96' title="bbox 375 4549 3624 4634">
     <span class='ocr_line' id='line_1_96' title="bbox 375 4549 3624 4634; baseline -0.004 -21"><span class='ocrx_word' id='word_1_745' title='bbox 375 4562 508 4631; x_wconf 76' lang='grc' dir='ltr'>περὶ</span> <span class='ocrx_word' id='word_1_746' title='bbox 535 4562 628 4615; x_wconf 76' lang='grc' dir='ltr'>τοῦ</span> <span class='ocrx_word' id='word_1_747' title='bbox 647 4562 988 4634; x_wconf 88' lang='grc' dir='ltr'>Πνεύματος,</span> <span class='ocrx_word' id='word_1_748' title='bbox 1015 4556 1077 4616; x_wconf 77' lang='grc' dir='ltr'>οὗ</span> <span class='ocrx_word' id='word_1_749' title='bbox 1129 4558 1356 4631; x_wconf 78' lang='grc' dir='ltr'>ἔμελλον</span> <span class='ocrx_word' id='word_1_750' title='bbox 1409 4558 1707 4629; x_wconf 88' lang='grc' dir='ltr'>λαμϐάνειν</span> <span class='ocrx_word' id='word_1_751' title='bbox 1759 4561 1809 4612; x_wconf 86' lang='grc' dir='ltr'>οἰ</span> <span class='ocrx_word' id='word_1_752' title='bbox 1864 4563 2212 4624; x_wconf 87' lang='grc' dir='ltr'>πιστεύοντες</span> <span class='ocrx_word' id='word_1_753' title='bbox 2245 4560 2325 4622; x_wconf 83' lang='grc' dir='ltr'>είς</span> <span class='ocrx_word' id='word_1_754' title='bbox 2357 4557 2538 4613; x_wconf 82' lang='grc' dir='ltr'>αὐτόν.</span> <span class='ocrx_word' id='word_1_755' title='bbox 2580 4575 2599 4607; x_wconf 70' lang='grc' dir='ltr'>ι</span> <span class='ocrx_word' id='word_1_756' title='bbox 2636 4556 2747 4608; x_wconf 62' lang='grc' dir='ltr'>Καὶ⁵</span> <span class='ocrx_word' id='word_1_757' title='bbox 2775 4553 2937 4616; x_wconf 76' lang='grc' dir='ltr'>αὐτὸς</span> <span class='ocrx_word' id='word_1_758' title='bbox 2983 4552 3043 4605; x_wconf 77' lang='grc' dir='ltr'>δὲ</span> <span class='ocrx_word' id='word_1_759' title='bbox 3078 4550 3215 4621; x_wconf 82' lang='grc' dir='ltr'>πρὸς</span> <span class='ocrx_word' id='word_1_760' title='bbox 3243 4549 3417 4621; x_wconf 84' lang='grc' dir='ltr'>τούτῳ</span> <span class='ocrx_word' id='word_1_761' title='bbox 3458 4564 3624 4618; x_wconf 85' lang='grc' dir='ltr'>προσ-</span> 
     </span>
    </p>
   </div>
   <div class='ocr_carea' id='block_1_97' title="bbox 376 4640 3626 4724">
    <p class='ocr_par' dir='ltr' id='par_1_97' title="bbox 376 4640 3626 4724">
     <span class='ocr_line' id='line_1_97' title="bbox 376 4640 3626 4724; baseline -0.008 -6"><span class='ocrx_word' id='word_1_762' title='bbox 376 4650 576 4721; x_wconf 65' lang='grc' dir='ltr'>τύχετι)</span> <span class='ocrx_word' id='word_1_763' title='bbox 617 4652 794 4721; x_wconf 82' lang='grc' dir='ltr'>λέγων</span> <span class='ocrx_word' id='word_1_764' title='bbox 830 4654 859 4705; x_wconf 78' lang='grc' dir='ltr'>ὁ</span> <span class='ocrx_word' id='word_1_765' title='bbox 895 4651 1163 4723; x_wconf 82' lang='grc' dir='ltr'>μακάριος</span> <span class='ocrx_word' id='word_1_766' title='bbox 1188 4650 1385 4714; x_wconf 75' lang='grc' dir='ltr'>Δαϐὶδ,</span> <span class='ocrx_word' id='word_1_767' title='bbox 1416 4649 1492 4712; x_wconf 84' lang='grc' dir='ltr'>ὡς</span> <span class='ocrx_word' id='word_1_768' title='bbox 1526 4648 1664 4720; x_wconf 78' lang='grc' dir='ltr'>πρὸς</span> <span class='ocrx_word' id='word_1_769' title='bbox 1692 4648 1826 4702; x_wconf 77' lang='grc' dir='ltr'>Θεὸν</span> <span class='ocrx_word' id='word_1_770' title='bbox 1856 4655 1951 4706; x_wconf 80' lang='grc' dir='ltr'>καὶ</span> <span class='ocrx_word' id='word_1_771' title='bbox 1983 4653 2241 4724; x_wconf 78' lang='grc' dir='ltr'>Πατέραο</span> <span class='ocrx_word' id='word_1_772' title='bbox 2288 4669 2305 4702; x_wconf 80' lang='lat' dir='ltr'>t</span> <span class='ocrx_word' id='word_1_773' title='bbox 2349 4650 2472 4702; x_wconf 73' lang='grc' dir='ltr'>Ὀτι</span> <span class='ocrx_word' id='word_1_774' title='bbox 2511 4646 2663 4719; x_wconf 82' lang='grc' dir='ltr'>παρά</span> <span class='ocrx_word' id='word_1_775' title='bbox 2700 4647 2783 4699; x_wconf 66' lang='grc' dir='ltr'>σοι</span> <span class='ocrx_word' id='word_1_776' title='bbox 2816 4642 2967 4715; x_wconf 80' lang='grc' dir='ltr'>πηγὴ</span> <span class='ocrx_word' id='word_1_777' title='bbox 2994 4642 3167 4713; x_wconf 82' lang='grc' dir='ltr'>ζωῆς,</span> <span class='ocrx_word' id='word_1_778' title='bbox 3200 4640 3297 4695; x_wconf 73' lang='grc' dir='ltr'>καὶ</span> <span class='ocrx_word' id='word_1_779' title='bbox 3356 4640 3447 4693; x_wconf 80' lang='grc' dir='ltr'>τὸν</span> <span class='ocrx_word' id='word_1_780' title='bbox 3510 4656 3626 4710; x_wconf 82' lang='grc' dir='ltr'>χει-</span> 
     </span>
    </p>
   </div>
   <div class='ocr_carea' id='block_1_98' title="bbox 378 4731 3625 4816">
    <p class='ocr_par' dir='ltr' id='par_1_98' title="bbox 378 4731 3625 4816">
     <span class='ocr_line' id='line_1_98' title="bbox 378 4731 3625 4816; baseline -0.004 -18"><span class='ocrx_word' id='word_1_781' title='bbox 378 4745 625 4816; x_wconf 76' lang='grc' dir='ltr'>μάρρουν</span> <span class='ocrx_word' id='word_1_782' title='bbox 665 4746 764 4816; x_wconf 85' lang='grc' dir='ltr'>τῆς</span> <span class='ocrx_word' id='word_1_783' title='bbox 818 4744 1029 4814; x_wconf 86' lang='grc' dir='ltr'>τρυφῆς</span> <span class='ocrx_word' id='word_1_784' title='bbox 1079 4744 1282 4805; x_wconf 78' lang='grc' dir='ltr'>ποτιεῖς</span> <span class='ocrx_word' id='word_1_785' title='bbox 1329 4740 1544 4803; x_wconf 83' lang='grc' dir='ltr'>αὐτούς.</span> <span class='ocrx_word' id='word_1_786' title='bbox 1592 4759 1611 4793; x_wconf 75' lang='grc' dir='ltr'>ι</span> <span class='ocrx_word' id='word_1_787' title='bbox 1650 4740 1807 4813; x_wconf 81' lang='grc' dir='ltr'>Πηγὴ</span> <span class='ocrx_word' id='word_1_788' title='bbox 1876 4743 1987 4815; x_wconf 80' lang='grc' dir='ltr'>γὰρ</span> <span class='ocrx_word' id='word_1_789' title='bbox 2020 4746 2167 4815; x_wconf 77' lang='grc' dir='ltr'>ζωῆς</span> <span class='ocrx_word' id='word_1_790' title='bbox 2241 4742 2389 4806; x_wconf 87' lang='grc' dir='ltr'>θείας</span> <span class='ocrx_word' id='word_1_791' title='bbox 2432 4740 2527 4794; x_wconf 87' lang='grc' dir='ltr'><strong>καί</strong></span> <span class='ocrx_word' id='word_1_792' title='bbox 2577 4736 2953 4809; x_wconf 84' lang='grc' dir='ltr'>πνευματικῆς</span> <span class='ocrx_word' id='word_1_793' title='bbox 2998 4734 3333 4806; x_wconf 76' lang='grc' dir='ltr'>χειμάρρους</span> <span class='ocrx_word' id='word_1_794' title='bbox 3389 4731 3625 4802; x_wconf 83' lang='grc' dir='ltr'>τρυφῆς,</span> 
     </span>
    </p>
   </div>
   <div class='ocr_carea' id='block_1_99' title="bbox 371 4820 3626 4905">
    <p class='ocr_par' dir='ltr' id='par_1_99' title="bbox 371 4820 3626 4905">
     <span class='ocr_line' id='line_1_99' title="bbox 371 4820 3626 4905; baseline -0.002 -20"><span class='ocrx_word' id='word_1_795' title='bbox 371 4833 459 4896; x_wconf 81' lang='grc' dir='ltr'>τίς</span> <span class='ocrx_word' id='word_1_796' title='bbox 491 4833 559 4887; x_wconf 85' lang='grc' dir='ltr'>ἂν</span> <span class='ocrx_word' id='word_1_797' title='bbox 586 4820 774 4905; x_wconf 73' lang='grc' dir='ltr'>ἕτερος</span> <span class='ocrx_word' id='word_1_798' title='bbox 807 4834 979 4888; x_wconf 83' lang='grc' dir='ltr'>νοοῖτο</span> <span class='ocrx_word' id='word_1_799' title='bbox 1017 4830 1169 4902; x_wconf 83' lang='grc' dir='ltr'>παρὰ</span> <span class='ocrx_word' id='word_1_800' title='bbox 1199 4830 1291 4883; x_wconf 81' lang='grc' dir='ltr'>τὸν</span> <span class='ocrx_word' id='word_1_801' title='bbox 1321 4829 1470 4893; x_wconf 83' lang='grc' dir='ltr'>Υίὺν,</span> <span class='ocrx_word' id='word_1_802' title='bbox 1516 4828 1574 4891; x_wconf 81' lang='grc' dir='ltr'>ὃς</span> <span class='ocrx_word' id='word_1_803' title='bbox 1601 4829 1952 4884; x_wconf 84' lang='grc' dir='ltr'>καταπιαίνει</span> <span class='ocrx_word' id='word_1_804' title='bbox 1990 4849 2051 4885; x_wconf 88' lang='grc' dir='ltr'>τε</span> <span class='ocrx_word' id='word_1_805' title='bbox 2075 4833 2170 4886; x_wconf 70' lang='grc' dir='ltr'>καὶ</span> <span class='ocrx_word' id='word_1_806' title='bbox 2197 4830 2542 4902; x_wconf 83' lang='grc' dir='ltr'>καταρδεύει,</span> <span class='ocrx_word' id='word_1_807' title='bbox 2572 4831 2638 4899; x_wconf 79' lang='grc' dir='ltr'>τῇ</span> <span class='ocrx_word' id='word_1_808' title='bbox 2699 4824 2948 4896; x_wconf 76' lang='grc' dir='ltr'>ζωοποιῷ</span> <span class='ocrx_word' id='word_1_809' title='bbox 2975 4827 3071 4879; x_wconf 74' lang='grc' dir='ltr'>καὶ</span> <span class='ocrx_word' id='word_1_810' title='bbox 3111 4826 3274 4896; x_wconf 69' lang='grc' dir='ltr'>ἰλαρᾷ</span> <span class='ocrx_word' id='word_1_811' title='bbox 3316 4824 3412 4878; x_wconf 76' lang='grc' dir='ltr'>τοῦ</span> <span class='ocrx_word' id='word_1_812' title='bbox 3456 4824 3626 4878; x_wconf 87' lang='grc' dir='ltr'>Πνεύ-</span> 
     </span>
    </p>
   </div>
   <div class='ocr_carea' id='block_1_100' title="bbox 374 4916 3470 4994">
    <p class='ocr_par' dir='ltr' id='par_1_100' title="bbox 374 4916 3470 4994">
     <span class='ocr_line' id='line_1_100' title="bbox 374 4916 3470 4994; baseline -0.001 -19"><span class='ocrx_word' id='word_1_813' title='bbox 374 4940 549 4991; x_wconf 87' lang='grc' dir='ltr'>ματος</span> <span class='ocrx_word' id='word_1_814' title='bbox 598 4924 782 4994; x_wconf 86' lang='grc' dir='ltr'>χάριτι</span> <span class='ocrx_word' id='word_1_815' title='bbox 807 4962 821 4986; x_wconf 92' lang='grc'>,</span> <span class='ocrx_word' id='word_1_816' title='bbox 856 4920 1110 4990; x_wconf 85' lang='grc' dir='ltr'>καθάπερ</span> <span class='ocrx_word' id='word_1_817' title='bbox 1184 4921 1241 4972; x_wconf 81' lang='grc' dir='ltr'>ὲν</span> <span class='ocrx_word' id='word_1_818' title='bbox 1314 4917 1467 4982; x_wconf 78' lang='grc' dir='ltr'>τάξει</span> <span class='ocrx_word' id='word_1_819' title='bbox 1517 4916 1813 4988; x_wconf 76' lang='grc' dir='ltr'>κλημάτων</span> <span class='ocrx_word' id='word_1_820' title='bbox 1869 4923 2343 4991; x_wconf 73' lang='grc' dir='ltr'>προσπεφυκότων</span> <span class='ocrx_word' id='word_1_821' title='bbox 2395 4918 2547 4990; x_wconf 72' lang='grc' dir='ltr'>αὐτῷ</span> <span class='ocrx_word' id='word_1_822' title='bbox 2591 4919 2661 4972; x_wconf 86' lang='grc' dir='ltr'>δι’</span> <span class='ocrx_word' id='word_1_823' title='bbox 2721 4918 2948 4987; x_wconf 82' lang='grc' dir='ltr'>ἀγάπης</span> <span class='ocrx_word' id='word_1_824' title='bbox 3033 4916 3129 4971; x_wconf 70' lang='grc' dir='ltr'>καί⁵</span> <span class='ocrx_word' id='word_1_825' title='bbox 3178 4917 3420 4981; x_wconf 80' lang='grc' dir='ltr'>πίστεως</span> <span class='ocrx_word' id='word_1_826' title='bbox 3454 4958 3470 4983; x_wconf 92' lang='grc'>,</span> 
     </span>
    </p>
   </div>
   <div class='ocr_carea' id='block_1_101' title="bbox 369 5008 878 5080">
    <p class='ocr_par' dir='ltr' id='par_1_101' title="bbox 369 5008 878 5080">
     <span class='ocr_line' id='line_1_101' title="bbox 369 5008 878 5080; baseline -0.006 0"><span class='ocrx_word' id='word_1_827' title='bbox 369 5011 650 5080; x_wconf 74' lang='grc' dir='ltr'>ἡμετέρας</span> <span class='ocrx_word' id='word_1_828' title='bbox 680 5008 878 5078; x_wconf 75' lang='grc' dir='ltr'>ψυχάς-</span> 
     </span>
    </p>
   </div>
   <div class='ocr_carea' id='block_1_102' title="bbox 475 5094 1954 5167">
    <p class='ocr_par' dir='ltr' id='par_1_102' title="bbox 475 5094 1954 5167">
     <span class='ocr_line' id='line_1_102' title="bbox 475 5094 1954 5167; baseline -0.003 -15"><span class='ocrx_word' id='word_1_829' title='bbox 475 5098 603 5167; x_wconf 79' lang='grc' dir='ltr'>Ετώ</span> <span class='ocrx_word' id='word_1_830' title='bbox 650 5100 767 5167; x_wconf 78' lang='grc' dir='ltr'>εἰμι</span> <span class='ocrx_word' id='word_1_831' title='bbox 807 5098 847 5165; x_wconf 78' lang='grc' dir='ltr'><strong><em>ἡ</em></strong></span> <span class='ocrx_word' id='word_1_832' title='bbox 893 5097 1180 5167; x_wconf 75' lang='grc' dir='ltr'>ἄμπελος,</span> <span class='ocrx_word' id='word_1_833' title='bbox 1211 5095 1379 5164; x_wconf 83' lang='grc' dir='ltr'>ὑμεῖς</span> <span class='ocrx_word' id='word_1_834' title='bbox 1428 5095 1498 5148; x_wconf 84' lang='grc' dir='ltr'>τὰ</span> <span class='ocrx_word' id='word_1_835' title='bbox 1535 5094 1827 5163; x_wconf 69' lang='grc' dir='ltr'>κλήματα.</span> <span class='ocrx_word' id='word_1_836' title='bbox 1893 5095 1954 5148; x_wconf 84' lang='grc'>’0</span> 
     </span>
    </p>
   </div>
   <div class='ocr_carea' id='block_1_103' title="bbox 365 5182 1954 5261">
    <p class='ocr_par' dir='ltr' id='par_1_103' title="bbox 365 5182 1954 5261">
     <span class='ocr_line' id='line_1_103' title="bbox 365 5182 1954 5261; baseline -0.003 -17"><span class='ocrx_word' id='word_1_837' title='bbox 365 5190 569 5261; x_wconf 73' lang='grc' dir='ltr'>μένων</span> <span class='ocrx_word' id='word_1_838' title='bbox 588 5191 658 5244; x_wconf 78' lang='grc' dir='ltr'>ἐν</span> <span class='ocrx_word' id='word_1_839' title='bbox 677 5188 828 5260; x_wconf 78' lang='grc' dir='ltr'>ἐμοὶ,</span> <span class='ocrx_word' id='word_1_840' title='bbox 852 5187 1014 5258; x_wconf 80' lang='grc' dir='ltr'>κάγὼ</span> <span class='ocrx_word' id='word_1_841' title='bbox 1043 5189 1114 5242; x_wconf 79' lang='grc' dir='ltr'>ἐν</span> <span class='ocrx_word' id='word_1_842' title='bbox 1136 5184 1318 5252; x_wconf 82' lang='grc' dir='ltr'>αὐτῷ,</span> <span class='ocrx_word' id='word_1_843' title='bbox 1341 5182 1517 5252; x_wconf 84' lang='grc' dir='ltr'>οὗτος</span> <span class='ocrx_word' id='word_1_844' title='bbox 1545 5188 1707 5255; x_wconf 72' lang='grc' dir='ltr'>φέρει</span> <span class='ocrx_word' id='word_1_845' title='bbox 1723 5186 1954 5255; x_wconf 69' lang='grc' dir='ltr'>καρπὸν</span> 
     </span>
    </p>
   </div>
   <div class='ocr_carea' id='block_1_104' title="bbox 370 5274 1949 5349">
    <p class='ocr_par' dir='ltr' id='par_1_104' title="bbox 370 5274 1949 5349">
     <span class='ocr_line' id='line_1_104' title="bbox 370 5274 1949 5349; baseline -0.004 -15"><span class='ocrx_word' id='word_1_846' title='bbox 370 5282 592 5335; x_wconf 72' lang='grc' dir='ltr'>πολύν·</span> <span class='ocrx_word' id='word_1_847' title='bbox 632 5280 723 5335; x_wconf 83' lang='grc' dir='ltr'>ὅτι</span> <span class='ocrx_word' id='word_1_848' title='bbox 747 5279 925 5349; x_wconf 77' lang='grc' dir='ltr'>χωρὶς</span> <span class='ocrx_word' id='word_1_849' title='bbox 950 5278 1095 5348; x_wconf 76' lang='grc' dir='ltr'>ἐμοῦ</span> <span class='ocrx_word' id='word_1_850' title='bbox 1128 5279 1201 5333; x_wconf 86' lang='grc' dir='ltr'>οὐ</span> <span class='ocrx_word' id='word_1_851' title='bbox 1241 5276 1504 5331; x_wconf 76' lang='grc' dir='ltr'>δύνασθε</span> <span class='ocrx_word' id='word_1_852' title='bbox 1536 5275 1727 5330; x_wconf 80' lang='grc' dir='ltr'>ποιεῖν</span> <span class='ocrx_word' id='word_1_853' title='bbox 1750 5274 1949 5329; x_wconf 82' lang='grc' dir='ltr'>οὐδέν.</span> 
     </span>
    </p>
   </div>
   <div class='ocr_carea' id='block_1_105' title="bbox 368 5363 1950 5438">
    <p class='ocr_par' dir='ltr' id='par_1_105' title="bbox 368 5363 1950 5438">
     <span class='ocr_line' id='line_1_105' title="bbox 368 5363 1950 5438; baseline -0.004 -14"><span class='ocrx_word' id='word_1_854' title='bbox 368 5369 502 5424; x_wconf 75' lang='grc' dir='ltr'>Εὰν</span> <span class='ocrx_word' id='word_1_855' title='bbox 522 5367 607 5437; x_wconf 78' lang='grc' dir='ltr'>μή</span> <span class='ocrx_word' id='word_1_856' title='bbox 634 5387 722 5435; x_wconf 80' lang='grc' dir='ltr'>τις</span> <span class='ocrx_word' id='word_1_857' title='bbox 738 5368 918 5437; x_wconf 75' lang='grc' dir='ltr'>μείνῃ</span> <span class='ocrx_word' id='word_1_858' title='bbox 939 5367 1009 5422; x_wconf 81' lang='grc' dir='ltr'>ἐν</span> <span class='ocrx_word' id='word_1_859' title='bbox 1045 5368 1197 5438; x_wconf 76' lang='grc' dir='ltr'>ἐμοὶ,</span> <span class='ocrx_word' id='word_1_860' title='bbox 1219 5367 1445 5435; x_wconf 79' lang='grc' dir='ltr'>ἐϐλήθη</span> <span class='ocrx_word' id='word_1_861' title='bbox 1461 5365 1578 5431; x_wconf 78' lang='grc' dir='ltr'>ἔξω</span> <span class='ocrx_word' id='word_1_862' title='bbox 1598 5366 1678 5432; x_wconf 85' lang='grc' dir='ltr'>ὡς</span> <span class='ocrx_word' id='word_1_863' title='bbox 1713 5366 1778 5420; x_wconf 83' lang='grc' dir='ltr'>τὸ</span> <span class='ocrx_word' id='word_1_864' title='bbox 1805 5363 1950 5433; x_wconf 73' lang='grc' dir='ltr'>κλῇ-</span> 
     </span>
    </p>
   </div>
   <div class='ocr_carea' id='block_1_106' title="bbox 363 5457 1950 5528">
    <p class='ocr_par' dir='ltr' id='par_1_106' title="bbox 363 5457 1950 5528">
     <span class='ocr_line' id='line_1_106' title="bbox 363 5457 1950 5528; baseline -0.001 -17"><span class='ocrx_word' id='word_1_865' title='bbox 363 5474 475 5528; x_wconf 82' lang='grc' dir='ltr'>μα,</span> <span class='ocrx_word' id='word_1_866' title='bbox 511 5458 609 5511; x_wconf 80' lang='grc' dir='ltr'>καί</span> <span class='ocrx_word' id='word_1_867' title='bbox 634 5458 954 5526; x_wconf 77' lang='grc' dir='ltr'>ὲξτιράνθη-</span> <span class='ocrx_word' id='word_1_868' title='bbox 986 5461 1084 5513; x_wconf 82' lang='grc' dir='ltr'>καί</span> <span class='ocrx_word' id='word_1_869' title='bbox 1115 5458 1491 5528; x_wconf 77' lang='grc' dir='ltr'>συνάγουσιν</span> <span class='ocrx_word' id='word_1_870' title='bbox 1527 5457 1707 5521; x_wconf 75' lang='grc' dir='ltr'>αὐτὸ,</span> <span class='ocrx_word' id='word_1_871' title='bbox 1737 5457 1835 5511; x_wconf 77' lang='grc' dir='ltr'>καὶ</span> <span class='ocrx_word' id='word_1_872' title='bbox 1863 5462 1950 5524; x_wconf 77' lang='grc' dir='ltr'>εἰς</span> 
     </span>
    </p>
   </div>
   <div class='ocr_carea' id='block_1_107' title="bbox 370 5549 1246 5631">
    <p class='ocr_par' dir='ltr' id='par_1_107' title="bbox 370 5549 1246 5631">
     <span class='ocr_line' id='line_1_107' title="bbox 370 5549 1246 5631; baseline 0.001 -29"><span class='ocrx_word' id='word_1_873' title='bbox 370 5549 494 5618; x_wconf 75' lang='grc' dir='ltr'>πῦρ</span> <span class='ocrx_word' id='word_1_874' title='bbox 516 5549 848 5614; x_wconf 71' lang='grc' dir='ltr'>βάλλουσι,</span> <span class='ocrx_word' id='word_1_875' title='bbox 881 5549 980 5603; x_wconf 75' lang='grc' dir='ltr'>καὶ</span> <span class='ocrx_word' id='word_1_876' title='bbox 1003 5552 1246 5631; x_wconf 52' lang='grc' dir='ltr'>καίεται.</span> 
     </span>
    </p>
   </div>
   <div class='ocr_carea' id='block_1_108' title="bbox 443 5637 1511 5704">
    <p class='ocr_par' dir='ltr' id='par_1_108' title="bbox 443 5637 1511 5704">
     <span class='ocr_line' id='line_1_108' title="bbox 443 5637 1511 5704; baseline -0.002 -12"><span class='ocrx_word' id='word_1_877' title='bbox 443 5642 513 5673; x_wconf 75' lang='grc'><strong><em>⁸⁵⁵</em></strong></span> <span class='ocrx_word' id='word_1_878' title='bbox 552 5640 572 5694; x_wconf 87' lang='grc' dir='ltr'>Ι</span> <span class='ocrx_word' id='word_1_879' title='bbox 603 5641 731 5696; x_wconf 86' lang='lat' dir='ltr'><strong>Cor.</strong></span> <span class='ocrx_word' id='word_1_880' title='bbox 762 5655 829 5704; x_wconf 68' lang='grc' dir='ltr'>ι,</span> <span class='ocrx_word' id='word_1_881' title='bbox 859 5638 946 5693; x_wconf 77' lang='grc'>12.</span> <span class='ocrx_word' id='word_1_882' title='bbox 1021 5638 1067 5669; x_wconf 79' lang='grc'>’⁸</span> <span class='ocrx_word' id='word_1_883' title='bbox 1107 5637 1259 5692; x_wconf 79' lang='lat' dir='ltr'><strong>Joun.</strong></span> <span class='ocrx_word' id='word_1_884' title='bbox 1297 5655 1390 5702; x_wconf 81' lang='lat' dir='ltr'><strong>Vit,</strong></span> <span class='ocrx_word' id='word_1_885' title='bbox 1423 5638 1511 5691; x_wconf 79' lang='grc'>57.</span> 
     </span>
    </p>
   </div>
   <div class='ocr_carea' id='block_1_109' title="bbox 702 5731 1432 5795">
    <p class='ocr_par' dir='ltr' id='par_1_109' title="bbox 702 5731 1432 5795">
     <span class='ocr_line' id='line_1_109' title="bbox 702 5731 1432 5795; baseline 0.004 -4"><span class='ocrx_word' id='word_1_886' title='bbox 702 5732 979 5795; x_wconf 79' lang='grc' dir='ltr'>ΡΑτιιοι..</span> <span class='ocrx_word' id='word_1_887' title='bbox 1019 5733 1134 5793; x_wconf 78' lang='lat' dir='ltr'><strong>Gn.</strong></span> <span class='ocrx_word' id='word_1_888' title='bbox 1160 5731 1432 5795; x_wconf 78' lang='lat' dir='ltr'><strong>LXXIV.</strong></span> 
     </span>
    </p>
   </div>
   <div class='ocr_carea' id='block_1_110' title="bbox 1593 5634 1919 5692">
    <p class='ocr_par' dir='ltr' id='par_1_110' title="bbox 1593 5634 1919 5692">
     <span class='ocr_line' id='line_1_110' title="bbox 1593 5634 1919 5692; baseline -0.015 0"><span class='ocrx_word' id='word_1_889' title='bbox 1593 5639 1636 5670; x_wconf 74' lang='grc'>’⁸</span> <span class='ocrx_word' id='word_1_890' title='bbox 1675 5636 1806 5692; x_wconf 85' lang='lat' dir='ltr'><strong>ibid.</strong></span> <span class='ocrx_word' id='word_1_891' title='bbox 1838 5634 1919 5691; x_wconf 77' lang='grc'>59,</span> 
     </span>
    </p>
   </div>
   <div class='ocr_carea' id='block_1_111' title="bbox 3527 4916 3626 4978">
    <p class='ocr_par' dir='ltr' id='par_1_111' title="bbox 3527 4916 3626 4978">
     <span class='ocr_line' id='line_1_111' title="bbox 3527 4916 3626 4978; baseline 0 -10"><span class='ocrx_word' id='word_1_892' title='bbox 3527 4916 3626 4978; x_wconf 71' lang='grc' dir='ltr'>τὰς</span> 
     </span>
    </p>
   </div>
   <div class='ocr_carea' id='block_1_112' title="bbox 2133 5089 3624 5161">
    <p class='ocr_par' dir='ltr' id='par_1_112' title="bbox 2133 5089 3624 5161">
     <span class='ocr_line' id='line_1_112' title="bbox 2133 5089 3624 5161; baseline -0.001 -15"><span class='ocrx_word' id='word_1_893' title='bbox 2133 5090 2249 5157; x_wconf 83' lang='lat' dir='ltr'><strong>XV,</strong></span> <span class='ocrx_word' id='word_1_894' title='bbox 2289 5092 2343 5158; x_wconf 83' lang='grc'>5,</span> <span class='ocrx_word' id='word_1_895' title='bbox 2368 5092 2423 5147; x_wconf 89' lang='lat'><strong>6.</strong></span> <span class='ocrx_word' id='word_1_896' title='bbox 2450 5091 2561 5161; x_wconf 88' lang='lat' dir='ltr'>Ego</span> <span class='ocrx_word' id='word_1_897' title='bbox 2590 5107 2706 5144; x_wconf 80' lang='lat' dir='ltr'>sum</span> <span class='ocrx_word' id='word_1_898' title='bbox 2738 5091 2882 5154; x_wconf 76' lang='lat' dir='ltr'><strong>ritis,</strong></span> <span class='ocrx_word' id='word_1_899' title='bbox 2920 5106 3007 5146; x_wconf 74' lang='lat' dir='ltr'><strong>vos</strong></span> <span class='ocrx_word' id='word_1_900' title='bbox 3031 5091 3297 5159; x_wconf 71' lang='lat' dir='ltr'><strong>palmites.</strong></span> <span class='ocrx_word' id='word_1_901' title='bbox 3320 5089 3425 5154; x_wconf 83' lang='lat' dir='ltr'>Qui</span> <span class='ocrx_word' id='word_1_902' title='bbox 3452 5104 3624 5147; x_wconf 89' lang='lat' dir='ltr'><strong>manet</strong></span> 
     </span>
    </p>
   </div>
   <div class='ocr_carea' id='block_1_113' title="bbox 2058 5179 3625 5252">
    <p class='ocr_par' dir='ltr' id='par_1_113' title="bbox 2058 5179 3625 5252">
     <span class='ocr_line' id='line_1_113' title="bbox 2058 5179 3625 5252; baseline -0.001 -14"><span class='ocrx_word' id='word_1_903' title='bbox 2058 5186 2117 5239; x_wconf 88' lang='lat' dir='ltr'>in</span> <span class='ocrx_word' id='word_1_904' title='bbox 2143 5201 2242 5249; x_wconf 79' lang='lat' dir='ltr'>me,</span> <span class='ocrx_word' id='word_1_905' title='bbox 2269 5196 2319 5239; x_wconf 87' lang='lat' dir='ltr'>et</span> <span class='ocrx_word' id='word_1_906' title='bbox 2346 5200 2440 5252; x_wconf 86' lang='lat' dir='ltr'><strong>ego</strong></span> <span class='ocrx_word' id='word_1_907' title='bbox 2471 5183 2524 5235; x_wconf 88' lang='lat' dir='ltr'>in</span> <span class='ocrx_word' id='word_1_908' title='bbox 2557 5197 2638 5245; x_wconf 86' lang='lat' dir='ltr'>eo,</span> <span class='ocrx_word' id='word_1_909' title='bbox 2686 5181 2771 5236; x_wconf 78' lang='lat' dir='ltr'>hic</span> <span class='ocrx_word' id='word_1_910' title='bbox 2810 5181 2912 5249; x_wconf 82' lang='lat' dir='ltr'><strong>fert</strong></span> <span class='ocrx_word' id='word_1_911' title='bbox 2941 5182 3177 5250; x_wconf 80' lang='lat' dir='ltr'><strong>fructum</strong></span> <span class='ocrx_word' id='word_1_912' title='bbox 3213 5179 3475 5234; x_wconf 78' lang='lat' dir='ltr'><strong>multum:</strong></span> <span class='ocrx_word' id='word_1_913' title='bbox 3501 5186 3625 5252; x_wconf 87' lang='lat' dir='ltr'><strong>quia</strong></span> 
     </span>
    </p>
   </div>
   <div class='ocr_carea' id='block_1_114' title="bbox 2058 5264 3626 5344">
    <p class='ocr_par' dir='ltr' id='par_1_114' title="bbox 2058 5264 3626 5344">
     <span class='ocr_line' id='line_1_114' title="bbox 2058 5264 3626 5344; baseline -0.003 -14"><span class='ocrx_word' id='word_1_914' title='bbox 2058 5278 2172 5330; x_wconf 78' lang='lat' dir='ltr'><strong>sine</strong></span> <span class='ocrx_word' id='word_1_915' title='bbox 2201 5291 2281 5328; x_wconf 86' lang='lat' dir='ltr'>me</span> <span class='ocrx_word' id='word_1_916' title='bbox 2310 5274 2443 5328; x_wconf 84' lang='lat' dir='ltr'><strong>nihil</strong></span> <span class='ocrx_word' id='word_1_917' title='bbox 2465 5274 2680 5344; x_wconf 77' lang='lat' dir='ltr'><strong>potestis</strong></span> <span class='ocrx_word' id='word_1_918' title='bbox 2704 5264 2897 5341; x_wconf 78' lang='lat' dir='ltr'><strong>facere.</strong></span> <span class='ocrx_word' id='word_1_919' title='bbox 2934 5272 2995 5328; x_wconf 87' lang='lat' dir='ltr'><strong>Si</strong></span> <span class='ocrx_word' id='word_1_920' title='bbox 3022 5273 3138 5341; x_wconf 78' lang='lat' dir='ltr'><strong>quis</strong></span> <span class='ocrx_word' id='word_1_921' title='bbox 3167 5272 3222 5326; x_wconf 84' lang='lat' dir='ltr'>in</span> <span class='ocrx_word' id='word_1_922' title='bbox 3245 5288 3326 5326; x_wconf 88' lang='lat' dir='ltr'>me</span> <span class='ocrx_word' id='word_1_923' title='bbox 3349 5289 3453 5327; x_wconf 80' lang='lat' dir='ltr'>non</span> <span class='ocrx_word' id='word_1_924' title='bbox 3478 5291 3626 5326; x_wconf 78' lang='lat' dir='ltr'><strong>man—</strong></span> 
     </span>
    </p>
   </div>
   <div class='ocr_carea' id='block_1_115' title="bbox 2057 5365 3625 5436">
    <p class='ocr_par' dir='ltr' id='par_1_115' title="bbox 2057 5365 3625 5436">
     <span class='ocr_line' id='line_1_115' title="bbox 2057 5365 3625 5436; baseline -0.002 -16"><span class='ocrx_word' id='word_1_925' title='bbox 2057 5367 2205 5433; x_wconf 78' lang='lat' dir='ltr'><strong>serit,</strong></span> <span class='ocrx_word' id='word_1_926' title='bbox 2253 5366 2489 5419; x_wconf 81' lang='lat' dir='ltr'><strong>mittetur</strong></span> <span class='ocrx_word' id='word_1_927' title='bbox 2524 5367 2672 5436; x_wconf 79' lang='lat' dir='ltr'><strong>foras</strong></span> <span class='ocrx_word' id='word_1_928' title='bbox 2719 5368 2855 5422; x_wconf 81' lang='lat' dir='ltr'><strong>sicut</strong></span> <span class='ocrx_word' id='word_1_929' title='bbox 2905 5365 3127 5435; x_wconf 79' lang='lat' dir='ltr'><strong>palmes,</strong></span> <span class='ocrx_word' id='word_1_930' title='bbox 3178 5374 3229 5419; x_wconf 87' lang='lat' dir='ltr'>et</span> <span class='ocrx_word' id='word_1_931' title='bbox 3287 5376 3524 5421; x_wconf 78' lang='lat' dir='ltr'><strong>arescet:</strong></span> <span class='ocrx_word' id='word_1_932' title='bbox 3576 5376 3625 5419; x_wconf 82' lang='lat' dir='ltr'>et</span> 
     </span>
    </p>
   </div>
   <div class='ocr_carea' id='block_1_116' title="bbox 2058 5455 3395 5529">
    <p class='ocr_par' dir='ltr' id='par_1_116' title="bbox 2058 5455 3395 5529">
     <span class='ocr_line' id='line_1_116' title="bbox 2058 5455 3395 5529; baseline -0.001 -19"><span class='ocrx_word' id='word_1_933' title='bbox 2058 5457 2304 5528; x_wconf 85' lang='lat' dir='ltr'><strong>colligent</strong></span> <span class='ocrx_word' id='word_1_934' title='bbox 2334 5472 2473 5524; x_wconf 85' lang='lat' dir='ltr'><strong>eum,</strong></span> <span class='ocrx_word' id='word_1_935' title='bbox 2508 5469 2557 5513; x_wconf 84' lang='lat' dir='ltr'>et</span> <span class='ocrx_word' id='word_1_936' title='bbox 2587 5460 2640 5513; x_wconf 85' lang='lat' dir='ltr'>in</span> <span class='ocrx_word' id='word_1_937' title='bbox 2673 5459 2840 5529; x_wconf 84' lang='lat' dir='ltr'><strong>ignem</strong></span> <span class='ocrx_word' id='word_1_938' title='bbox 2883 5458 3113 5521; x_wconf 81' lang='lat' dir='ltr'><strong>mittent,</strong></span> <span class='ocrx_word' id='word_1_939' title='bbox 3143 5466 3191 5510; x_wconf 73' lang='lat' dir='ltr'>et</span> <span class='ocrx_word' id='word_1_940' title='bbox 3223 5455 3395 5510; x_wconf 81' lang='lat' dir='ltr'><strong>ardet.</strong></span> 
     </span>
    </p>
   </div>
   <div class='ocr_carea' id='block_1_117' title="bbox 2003 5632 2523 5700">
    <p class='ocr_par' dir='ltr' id='par_1_117' title="bbox 2003 5632 2523 5700">
     <span class='ocr_line' id='line_1_117' title="bbox 2003 5632 2523 5700; baseline 0.002 -13"><span class='ocrx_word' id='word_1_941' title='bbox 2003 5634 2047 5665; x_wconf 76' lang='lat'>&quot;</span> <span class='ocrx_word' id='word_1_942' title='bbox 2083 5632 2229 5689; x_wconf 78' lang='lat' dir='ltr'><strong>Psal.</strong></span> <span class='ocrx_word' id='word_1_943' title='bbox 2264 5649 2436 5700; x_wconf 77' lang='lat' dir='ltr'><strong>xxxv,</strong></span> <span class='ocrx_word' id='word_1_944' title='bbox 2470 5637 2523 5690; x_wconf 88' lang='lat'><strong>9.</strong></span> 
     </span>
    </p>
   </div>
   <div class='ocr_carea' id='block_1_118' title="bbox 3225 5722 3296 5785">
    <p class='ocr_par' dir='ltr' id='par_1_118' title="bbox 3225 5722 3296 5785">
     <span class='ocr_line' id='line_1_118' title="bbox 3225 5722 3296 5785; baseline -0.014 0"><span class='ocrx_word' id='word_1_945' title='bbox 3225 5722 3296 5785; x_wconf 80' lang='grc'>12</span> 
     </span>
    </p>
   </div>
  </div>
