4042 6204
439 255 543 312 563

509 376 714 442 Aperte
778 367 1039 423 Dominus
1098 373 1286 423 noster
1336 363 1501 422 Jesus
1565 365 1824 420 Christus
1875 360 2097 417 hancA

441 465 620 520 solum
650 462 722 516 ob
759 473 982 516 causam
1034 458 1275 527 seipsum
1329 455 1550 527 quidem
1582 455 1746 510 vitem
1798 444 2012 507 nuncu-

445 565 628 625 patum
673 568 796 614 esse
841 553 936 614 ait,
971 559 1030 606 ut
1069 554 1219 605 clare
1262 563 1638 613 cerneremus,
1680 555 1734 601 et
1763 544 2015 614 corporis

444 646 835 719 propemodum
855 644 1030 699 oculis
1050 650 1310 713 tanquam
1334 641 1388 696 in
1413 639 1556 704 rudi,
1578 647 1634 696 et
1651 637 1925 702 sensibili,
1953 650 2017 689 ac

446 737 740 794 manifesto
774 734 1022 806 exemplo
1068 734 1531 805 perspiceremus,
1580 731 1648 786 ad
1702 728 2016 802 pariendam

447 835 726 893 virtutem,
765 827 1086 895 fructusque
1140 824 1420 894 spiritales
1463 821 1854 893 producendos
1897 817 2018 872 ido-

449 933 582 972 neos
618 917 742 970 illos
775 930 920 979 esse,
971 914 1066 984 qui
1101 914 1149 967 ei
1191 913 1468 968 mordicus
1503 911 1781 966 adhaerere
1815 917 2020 964 statue-

448 1013 584 1075 rint,
619 1023 650 1062 a
674 1008 781 1062 vite
807 1007 1068 1062 nimirum
1103 1013 1330 1075 accepta
1359 1005 1564 1059 virtute
1595 1002 1764 1074 876
1789 999 1949 1071 quasi
1991 1015 2020 1053 a

450 1107 643 1162 matre,
675 1103 734 1150 ut
768 1096 936 1151 etiam
963 1094 1180 1164 operari
1217 1094 1452 1165 possint.
1503 1092 1607 1160 Qui
1637 1107 1767 1147 vero
1803 1090 1874 1147 ab
1901 1090 2023 1159 ejus

449 1188 846 1258 conjunctione
881 1186 1056 1240 avulsi
1087 1184 1494 1256 quodammodo
1540 1193 1636 1238 aut
1664 1183 1866 1239 resecti
1896 1191 2025 1238 sunt

448 1279 919 1341 conversionead
959 1278 1109 1342 vitia,
1161 1287 1215 1333 et
1268 1277 1434 1332 vitam
1480 1275 1589 1331 Deo
1635 1275 1861 1330 minime
1911 1274 2022 1345 pla-

449 1387 685 1439 eentem,
715 1373 867 1430 nullo
897 1370 1057 1426 modo
1081 1369 1149 1423 ad
1173 1368 1429 1424 virtutem
1460 1367 1638 1423 idonei
1665 1366 2020 1430 videbuntur,

452 1477 547 1523 aut
584 1469 857 1524 bonorum
889 1480 1119 1536 operum
1148 1463 1452 1518 claritatem
1487 1460 1720 1530 adipisci
1743 1468 2022 1530 poterunt,

454 1560 546 1616 sed
579 1557 871 1614 omnivoro
923 1556 1036 1626 igni
1085 1554 1376 1609 tradentur
1424 1561 1688 1622 tanquam
1721 1550 2024 1606 inevitabili

1465 242 1522 296 S.
1565 239 1836 298 CYRILLI
1866 229 2330 292 ALEXANDRINI
2354 226 2670 288 ARCHIEP.

3594 222 3703 277 564

2206 372 2532 443 Ἀναιρανδὸν
2564 372 2592 424 ὁ
2625 369 2828 440 Κύριος
2846 367 3050 440 Ἰησοῦς
3073 369 3103 421 ό
3125 365 3357 438 Χριστὸς
3384 364 3588 435 ταύτης
3622 382 3702 418 τοι

2115 469 2210 521 καὶ
2252 467 2419 538 μόνης
2458 466 2622 520 ἕνεκα
2669 467 2768 535 τῆς
2807 462 3016 526 αἰτίας,
3065 458 3307 531 ἄμπελον
3365 457 3464 528 μὲν
3496 456 3704 528 ,ἑαυτὸν

2115 557 2536 628 κατωνομάσθαι
2567 555 2751 624 φησὶν,
2793 553 2934 624 ὑπὲρ
2963 551 3056 604 τοῦ
3083 549 3320 604 συνιέναι
3355 545 3561 616 σαφῶς,
3613 545 3709 616 μό-

2116 666 2206 703 νον
2231 650 2286 702 δὲ
2307 647 2427 718 οὐχὶ
2451 646 2545 700 καὶ
2569 647 2680 708 τοῖς
2719 642 2815 696 τοῦ
2856 643 3103 712 σώματος
3132 637 3426 709 ὀφθαλμοῖς
3455 637 3707 702 κατιδεῖν,

2115 741 2192 803 ὼς
2237 741 2294 792 ὲν
2324 738 2490 808 παχεῖ
2517 753 2576 789 τε
2617 735 2710 788 καὶ
2747 731 2992 802 αίσθητῷ
3020 731 3115 784 καὶ
3144 728 3430 799 φανοτάτῳ
3455 726 3583 781 -λίαν
3605 743 3711 780 πα-

2121 830 2466 902 ραδείγματι,
2499 827 2576 890 ὡς
2613 827 2726 888 τοῖς
2763 823 2862 894 μὲν
2910 819 3060 891 αὐτῷ
3107 816 3491 892 προσηλῶσθαι
3543 834 3711 869 σπου-

2119 922 2377 986 δάζουσι,
2457 917 2553 972 καὶ
2625 913 2795 987 ἀπρὶξ
2869 912 3142 984 ἑλομένοις
3225 907 3710 980 προσπεφυκέναι,

2124 1011 2406 1080 περιέσται
2427 1005 2627 1070 καλῶς,
2655 1005 2714 1058 τὸ
2734 1003 2992 1057 δύνασθαί
3011 1019 3072 1054 τε
3091 1000 3182 1053 καὶ
3202 997 3521 1068 ἐπιτηδείως
3548 994 3709 1066 ἔχειν,

2125 1101 2260 1172 πρὸς
2309 1099 2408 1170 τὴν
2460 1096 2562 1166 τῆς
2622 1094 2824 1165 ἀρετῆς
2881 1090 3220 1161 ἀποκύησιν,
3275 1088 3377 1140 καὶ
3421 1101 3713 1156 ’καρποφοο

2128 1192 2246 1263 ρίας
2275 1187 2666 1259 πνευματικῆς,
2687 1183 3125 1257 χορηγουμένους
3153 1178 3414 1252 δηλονότι,
3459 1176 3714 1246 καθάπερ

2123 1285 2191 1336 ὲκ
2222 1280 2427 1352 μητρὸς
2453 1279 2554 1348 τῆς
2593 1276 2860 1348 ἀμπέλου,
2893 1274 2992 1345 τὴν
3027 1271 3086 1338 ἐξ
3137 1269 3307 1340 αὐτῆς
3345 1267 3605 1338 δύναμιν,
3634 1268 3716 1328 εἰς

2125 1375 2188 1427 τὸ
2211 1372 2468 1428 δύνασθαι
2517 1370 2611 1424 καὶ
2654 1368 2900 1439 ἐνεργεῖν
2934 1382 2948 1397 ·
2983 1367 3096 1428 τοῖς
3128 1381 3192 1432 γε
3239 1362 3344 1433 μὴν
3379 1359 3716 1430 ἀποσπωμέ-

2128 1483 2239 1529 νοις
2295 1464 2505 1534 ῶσπερ,
2547 1462 2679 1533 ,ἢτοι
2721 1457 3196 1529 διακεκομμένοις,
3257 1455 3360 1526 τῆς
3414 1455 3496 1517 είς
3553 1451 3716 1508 αὐτὸν

2129 1557 2367 1628 σχέσεως
2409 1553 2621 1609 διάτοῦ
2691 1593 2713 1607 η
2795 1591 2810 1604 .
2891 1593 2905 1604 .
2973 1589 2999 1603 ..
3079 1589 3094 1604 .
3174 1586 3188 1601 .
3269 1587 3282 1601 .
3361 1587 3378 1602 .
3458 1542 3718 1614 ,πρὸςᾶ

455 1648 781 1706 necessitate
829 1645 1214 1702 consumendi.
1263 1643 1419 1708 Quod
1453 1643 1601 1697 enim
1661 1641 1730 1695 ad
1765 1640 2020 1710 pietatem

2137 1649 2209 1720 μὴ
2251 1649 2384 1712 δεῖν,
2410 1647 2505 1702 καὶ
2533 1647 2613 1709 είς
2649 1643 2865 1714 ἀπῳδὸν
2914 1641 2992 1712 τῷ
3016 1639 3134 1710 Θεῷ
3162 1637 3433 1692 πολιτείαν
3450 1676 3465 1702 ,
3495 1633 3720 1705 οὐδεμία

454 1752 536 1797 est
570 1739 786 1799 inutile.
835 1737 1016 1806 pmnis
1050 1735 1265 1790 luendis
1312 1733 1719 1804 quodammodo
1760 1707 1848 1786 est
1905 1729 2027 1786 ido-

2137 1707 2233 1810 μέν
2255 1707 2487 1808 δύναμις
2524 1707 2895 1804 ἐποφθήσεται
2932 1707 3031 1802 τῆς
3061 1707 3138 1793 εἰς
3180 1728 3380 1801 ἀρετὴν
3417 1723 3717 1794 ὲπιτηδειόυ

457 1847 642 1898 neum,
670 1827 1129 1901 quemadmodum
1161 1840 1354 1897 nempe
1383 1824 1601 1894 etquod
1631 1824 1686 1878 in
1713 1822 2030 1894 palmitibus

456 1934 540 1980 est
591 1923 828 1982 aridum,
885 1918 949 1974 ad
993 1918 1174 1988 ignem
1219 1917 1396 1972 solum
1442 1925 1527 1971 est
1572 1914 1724 1969 utile.
1783 1912 2029 1980 Quorum

459 2015 726 2070 indicium
784 2021 840 2068 et
893 2017 1277 2081 argumentum
1327 2021 1520 2075 verum
1567 2014 1622 2062 et
1660 2005 2029 2060 indubitatum

460 2107 722 2177 accipies,
756 2119 865 2160 non
892 2102 1114 2172 quidem
1146 2100 1195 2154 si
1224 2106 1467 2155 veterum
1499 2106 1818 2154 sanctorum
1851 2096 2030 2166 capita

459 2197 749 2267 respicias.
782 2192 876 2249 sed
906 2191 974 2246 ad
1008 2192 1158 2260 ipsos
1204 2196 1428 2245 sanctos
1467 2186 1747 2256 apostolos
1787 2193 2029 2239 mentem

461 2288 737 2343 advertas.
772 2283 838 2338 lli
867 2283 1048 2346 enim,
1077 2281 1228 2336 nullo
1258 2279 1420 2334 modo
1449 2287 1634 2349 spreta
1659 2277 1868 2333 Christi
1897 2275 2033 2330 dile-

462 2379 677 2441 ctione,
721 2374 816 2430 sed
859 2379 1246 2442 permanentes
1300 2371 1356 2424 in
1404 2385 1502 2435 eo,
1554 2368 1804 2438 nihilque
1844 2365 2032 2436 pietati

459 2483 587 2540 erga
612 2481 737 2523 eum
765 2462 1194 2535 praeponendum
1222 2462 1326 2516 rati
1348 2459 1690 2516 celeberrimi
1721 2458 1850 2512 facti
1870 2465 2030 2519 .sunt,

460 2563 810 2630 fructumque
843 2572 958 2614 suae
989 2555 1208 2611 virtutis
1236 2554 1408 2610 totius
1431 2553 1582 2609 orbis
1616 2551 2033 2608 conversionem

459 2654 831 2725 protulerunt,
872 2656 926 2706 et
956 2648 1169 2718 seipsos
1211 2645 1314 2716 piae
1367 2644 1811 2700 conversationis
1847 2657 2034 2697 exem-

458 2747 607 2816 plum
632 2759 731 2799 ceu
763 2743 1032 2797 illustrem
1063 2736 1356 2808 quamdam
1392 2735 1555 2790 terris
1586 2735 1878 2804 imaginem
1909 2747 2036 2802 pro-

460 2842 748 2905 ponentes,
782 2826 1298 2884 itnmarcescibilem
1334 2825 1520 2894 gloria:
1549 2838 1670 2892 qua:
1695 2823 1836 2892 apud
1869 2821 2034 2876 Deum

457 2935 546 2982 est
583 2934 846 2978 coronam
880 2917 988 2974 sibi
1047 2926 1382 2986 pepererunt
1403 2916 1469 2969 ³⁸.
1533 2912 1669 2969 Vilis
1703 2921 1887 2967 autem
1923 2912 2033 2977 ille,

2130 1848 2311 1903 τητος,
2340 1830 2454 1884 ἀλλ’
2492 1828 2614 1882 οὐδὲ
2656 1825 2750 1880 τοῦ
2776 1824 3034 1879 δύνασθαι
3078 1824 3191 1885 τοῖς
3229 1821 3293 1874 ὲκ
3326 1818 3428 1889 τῆς
3449 1815 3724 1886 ἀγαθουρο

2131 1922 2258 1992 γίας
2307 1921 2628 1991 διαπρέπειν
2681 1918 2938 1988 καρποῖς,
2997 1913 3147 1967 ἔσται
3198 1911 3256 1966 δὲ
3291 1909 3512 1982 μᾶλλον,
3542 1907 3628 1970 -ῶς
3660 1907 3724 1973 ἐξ

2131 2013 2377 2083 ἀνάγκης
2419 2009 2792 2081 ἀπαραιτήτου
2837 2005 3041 2070 λοιπὸν,
3091 2003 3152 2057 τὸ
3195 2002 3394 2074 χρῆναι
3441 1999 3723 2070 παμφάγῳ

2131 2102 2473 2160 δαπανᾶσθαι
2539 2102 2690 2171 πυρί.
2763 2099 2837 2152 Τὸ
2895 2098 3004 2167 γὰρ
3075 2096 3345 2167 ἄχρηστον
3426 2095 3506 2156 είς
3571 2091 3724 2144 εὐτέ-

2134 2199 2307 2262 6ειαν,
2347 2195 2646 2266 ἐπιτήδειόν
2679 2209 2793 2255 πως
2838 2193 2924 2264 εἰς
2947 2190 3008 2242 τὸ
3059 2187 3213 2250 δίκας
3248 2184 3587 2240 ἀποτιννύειν
3634 2182 3722 2235 δο-

2134 2293 2241 2355 κεῖ,
2297 2288 2485 2358 ὥσπερ
2535 2281 2628 2339 οὖν
2659 2284 2850 2354 ἀμέλει
2894 2282 2987 2335 καὶ
3018 2281 3078 2332 τὸ
3111 2278 3344 2332 αὐανθέν
3373 2278 3430 2330 ὲν
3461 2275 3721 2348 κλήμασι,

2138 2381 2282 2449 μόνῳ
2320 2379 2586 2449 χρήσιμον
2617 2375 2767 2427 ἐσται
2795 2371 2948 2444 πυρί.
2983 2369 3181 2432 Λάδοις
3207 2368 3250 2421 δ’
3271 2367 3336 2422 ἂν
3363 2367 3472 2420 τῶν
3503 2365 3728 2437 εἰρημέ-

2133 2487 2240 2523 νων
2271 2466 2640 2538 ἀναμφίλογόν
2677 2482 2738 2518 τε
2763 2465 2854 2517 καὶ
2891 2461 3066 2533 ἀληθῆ
3097 2461 3193 2532 τὴν
3211 2458 3501 2522 ἀπόδειξιν,
3531 2458 3594 2510 οὐ
3625 2457 3724 2519 τάς

2135 2561 2242 2614 τῶν
2337 2557 2582 2630 ἀρχαίων
2633 2556 2805 2624 ἁγίων
2880 2552 3382 2623 περισκοπούμενος
3461 2547 3727 2618 κεφαλὰς,

2135 2653 2250 2708 ἀλλ’
2284 2652 2468 2712 αὐτοῖς
2491 2649 2721 2717 ἐπαφεὶς
2749 2647 2846 2717 τὴν
2868 2644 3104 2698 διάνοιαν
3139 2645 3250 2706 τοῖς
3284 2641 3461 2709 ἁγίοις
3493 2637 3730 2693 ἀποστό-

2135 2746 2268 2806 λοις.
2301 2744 2363 2796 Οἱ
2397 2742 2492 2812 μὲν
2519 2740 2628 2810 γὰρ
2649 2740 2748 2808 τῆς
2779 2739 2858 2800 είς
2877 2734 3114 2806 ’Χριστὸν
3144 2733 3363 2803 ἀγάπης
3392 2731 3513 2785 κατ’
3537 2727 3725 2786 οὐζὲνα

2135 2836 2334 2905 τρόπον
2382 2832 2836 2901 ὀλιγωρήσαντες,
2884 2824 3347 2897 διαμεμενηκότες
3377 2822 3431 2875 δὲ
3463 2823 3521 2874 ὲν
3554 2819 3729 2889 αὐτῷ,

2138 2925 2232 2977 καί¹
2273 2922 2434 2994 μηδὲν
2473 2920 2617 2982 ὅλως
2662 2914 3057 2989 προτάττεσθαι
3081 2915 3181 2980 τῆς
3238 2915 3318 2977 είς
3357 2911 3521 2966 αὑτὸν
3569 2910 3730 2963 εὐσε-

459 3024 512 3070 et
542 3013 750 3069 venalis
780 3009 955 3066 Judas
987 3009 1138 3063 tenui
1186 3007 1384 3063 lucello
1431 3016 1647 3076 captus,
1688 3005 1763 3059 ab
1818 3003 2033 3060 intelle-

2138 3014 2292 3076 6siag
2341 3012 2577 3082 οἰόμενοι
2632 3010 2767 3072 δεῖν,
2835 3008 3089 3076 γεγόνασι
3152 3004 3516 3074 παναοίδιμοισ
3591 3018 3733 3072 καρ-

459 3105 628 3162 ctuali
661 3103 790 3168 vite,
814 3101 918 3155 hoc
947 3107 1032 3156 est
1063 3098 1306 3162 Christo,
1329 3104 1602 3159 resectus,
1625 3093 2037 3166 quodammodo

459 3197 690 3261 exaruit,
724 3209 831 3248 una
856 3207 984 3248 cum
1026 3189 1286 3260 discipuli
1321 3187 1616 3258 dignitate,
1651 3185 1871 3241 vivilica
1915 3182 2037 3254 Spi-

462 3291 602 3345 ritus
644 3286 849 3342 atnissa
885 3284 937 3338 vi
978 3283 1266 3354 qualitate.
1307 3277 1476 3333 Foras
1505 3277 1656 3332 enim
1691 3276 1902 3346 eiectus
1929 3281 2034 3336 est,

457 3385 612 3452 juxta
647 3375 962 3434 Servatoris
1000 3389 1192 3430 vocem
1232 3390 1246 3426 :
1285 3371 1630 3427 abalienatus
1678 3367 1878 3439 quippe
1932 3372 2036 3428 est,

462 3480 625 3541 atque
685 3466 980 3522 ultricibus
1040 3462 1278 3518 llatnmis
1329 3463 1503 3515 instar
1551 3459 1725 3528 paleae
1778 3455 2036 3510 traditus.

468 3561 683 3615 Utiliter
713 3559 898 3626 itaque
935 3554 1199 3609 Dominus
1231 3560 1421 3606 noster
1463 3549 1627 3606 Jesus
1655 3548 1910 3603 Christus
1939 3561 2038 3600 au-

465 3651 742 3706 ditoribus
773 3647 892 3702 suis
921 3644 1166 3700 ostendit
1196 3651 1402 3712 quanta
1452 3655 1551 3696 eos
1581 3640 1769 3696 laetitia
1825 3645 2041 3692 maneat

465 3743 558 3815 qui
591 3741 695 3798 sibi
727 3739 1006 3794 adhaerere
1033 3735 1284 3798 student,
1321 3741 1376 3788 et
1423 3738 1691 3803 quantum
1725 3738 1917 3786 contra
1953 3729 2042 3798 ja-

465 3848 656 3897 ctura3,
703 3831 749 3887 si
795 3829 889 3900 qui
937 3845 967 3883 a
1008 3844 1066 3885 se
1114 3834 1476 3889 resecentur,
1525 3822 1798 3893 duplicem
1850 3821 2043 3876 salutis

467 3928 688 3981 modum
721 3922 1063 3992 excogitans.
1097 3918 1194 3977 Vel
1220 3919 1365 3975 enim
1397 3917 1585 3989 gloriae
1635 3930 1700 3970 ac
1725 3915 1852 3969 vita:
1883 3913 2040 3984 cupi-

467 4021 658 4081 ditate,
685 4017 766 4071 vel
790 4016 934 4085 ignis
963 4013 1219 4083 supplicii
1262 4020 1408 4066 metu
1439 4025 1505 4064 ac
1537 4008 1686 4079 fuga,
1721 4016 1837 4062 toto
1871 4005 2042 4062 animi

468 4107 652 4164 studio
697 4109 744 4162 ei
794 4105 988 4160 fortius
1028 4103 1448 4174 conjungemur.
1501 4099 1816 4171 Agricolam
1857 4107 2040 4152 autem

470 4201 684 4254 Patrem
717 4199 813 4260 ait,
849 4205 1060 4252 natura:
1098 4195 1299 4250 divina:
1334 4195 1737 4264 inspectionem
1774 4192 1828 4246 in
1860 4207 1961 4246 nos
1991 4199 2046 4244 et

469 4306 658 4348 curam
691 4290 1029 4352 attribueus,
1061 4285 1521 4357 quemadmodum
1557 4292 1612 4339 et
1652 4284 1707 4338 in
1735 4281 2042 4352 superiori-

473 4385 573 4440 bus
615 4382 792 4437 lusius
829 4378 1349 4434 demonstravimus.
1387 4375 1566 4446 Ipsum
1591 4375 1793 4444 quippe
1819 4387 2041 4440 contpe-
2077 4364 2120 4417 1)

472 4477 678 4528 ricmus
710 4489 831 4527 esse
881 4470 1140 4541 agricolzn
1183 4485 1427 4533 manum,
1475 4481 1820 4537 nequaquam
1869 4465 1937 4517 ab
1979 4479 2043 4517 co

472 4565 714 4618 essentia
739 4564 975 4616 alienam
1003 4577 1067 4616 ac
1088 4563 1362 4626 dissitam,
1388 4560 1480 4614 sed
1505 4576 1570 4614 ex
1599 4561 1718 4628 ipso
1742 4559 1872 4613 etin
1905 4558 2042 4626 ipso,

473 4653 932 4724 quemadmodum
961 4663 1014 4708 et
1043 4655 1096 4706 in
1125 4653 1286 4707 nobis
1315 4651 1505 4704 videre
1539 4650 1688 4704 licet.
1711 4648 1865 4713 Quod
1898 4646 2046 4701 enim

475 4751 674 4799 cuncta
708 4743 819 4798 sint
853 4759 948 4812 per
974 4741 1176 4798 Filium
1197 4783 1212 4808 ,
1242 4741 1404 4812 quasi
1454 4756 1548 4810 per
1585 4754 1807 4794 manum
1847 4737 2044 4802 Patris,

474 4838 637 4908 877
679 4836 860 4906 ipsum
892 4836 959 4891 de
993 4834 1268 4890 creaturis
1297 4833 1614 4902 loquentem
1656 4829 1781 4884 audi
1811 4848 1824 4884 :
1861 4847 1880 4880 ι
1929 4827 2047 4884 Ma-

484 4945 590 4982 nus
625 4942 744 4981 mea
779 4926 908 4981 fecit
950 4925 1067 4979 haec
1098 4925 1284 4978 omnia
1305 4924 1389 4976 ηε
1429 4921 1645 4976 tametsi
1684 4919 1866 4974 omnia
1905 4917 2046 4973 facta

474 5027 603 5074 sunt
633 5033 728 5086 per
755 5015 982 5076 Filium,
1033 5012 1189 5080 juxta
1235 5019 1458 5066 sanctas
1505 5008 1903 5079 Scripturas”.
1939 5008 2049 5063 No-

475 5109 696 5162 tandum
759 5121 892 5161 vero
925 5104 1167 5159 divinum
1225 5101 1456 5156 Paulum
1487 5102 1849 5157 resectionem
1882 5116 2044 5170 quam

477 5199 563 5252 hic
619 5197 1019 5267 intelligimus,
1076 5194 1164 5249 his
1222 5193 1359 5248 forte
1407 5194 1592 5249 verbis
1665 5193 2044 5249 subinnuere:

483 5306 501 5337 ι
541 5283 675 5339 Vide
708 5301 840 5354 ergo
866 5285 1166 5341 bonitatem
1205 5292 1260 5340 et
1288 5285 1636 5340 severitatem
1674 5284 1810 5340 Dei:
1849 5285 1905 5340 in
1949 5300 2047 5342 eos

481 5374 821 5444 quidemqui
867 5377 1205 5438 ceciderunt,
1249 5376 1593 5431 severitatem
1626 5395 1640 5431 :
1669 5376 1722 5430 in
1765 5385 1817 5432 te
1865 5385 2044 5432 autent

550 5637 593 5671 ”
629 5636 649 5693 Ι
679 5632 827 5693 Petr.
859 5653 906 5697 \'.
947 5637 978 5690 vi
1060 5638 1098 5667 δ”
1140 5636 1238 5691 Isti.
1276 5655 1393 5690 ωτι
1425 5685 1431 5699 ,
1467 5641 1517 5693 2.
1601 5640 1640 5667 ³ο
1687 5637 1840 5691 Juatt.
1884 5656 1938 5705 ι,
1974 5641 2024 5693 5.

2139 3105 2240 3159 πδν
2262 3104 2318 3158 δὲ
2365 3103 2464 3173 τῆς
2502 3102 2709 3155 ἑαυτῶν
2755 3099 2954 3171 ἀρετῆς
3001 3097 3207 3165 ἔδειξαν
3240 3096 3338 3166 τὴν
3375 3093 3728 3164 οἰκουμένην,

2139 3197 2232 3250 καὶ
2259 3194 2505 3264 φιλοθέου
2542 3191 2815 3255 πολιτείας
2844 3188 3227 3260 ὑπογραμμὸν,
3259 3187 3326 3241 τὰ
3357 3186 3478 3241 καθ’
3505 3185 3732 3246 ἑαυτοὺς

2139 3287 2451 3352 ἀναθέντες,
2511 3285 2762 3356 καθάπερ
2818 3282 3003 3337 εἰκόνα
3060 3282 3127 3354 τῇ
3179 3281 3392 3352 ὕφηλίῳ
3443 3277 3728 3350 λαμπρὰν,

2141 3379 2230 3432 τὸν
2291 3379 2606 3448 ἀμάραντον
2656 3375 2757 3445 τῆς
2815 3374 2966 3446 παρὰ
3033 3372 3153 3444 Θεῷ
3209 3373 3367 3442 δόξης
3412 3369 3733 3424 ἐνεδύσαντο

2143 3441 2424 3538 στέφανονί
2458 3468 2519 3521 '0
2549 3467 2605 3520 δὲ
2665 3441 2883 3537 μικροῖς
2899 3441 3200 3536 ’ἀργυρίοις
3255 3441 3611 3533 σαγηνευθεὶς
3651 3461 3733 3524 είς
3773 3441 3781 3448 ’

2142 3559 2436 3624 ἀπώλειαν,
2491 3558 2633 3628 φημὶ
2676 3556 2732 3610 δὲ
2770 3557 2862 3610 τὸν
2906 3556 3106 3627 εὐχερῆ
3162 3571 3221 3608 τε
3249 3555 3346 3608 καὶ
3397 3552 3736 3606 εὐωνότατον

2155 3648 2375 3714 Ἰούδαν,
2453 3644 2792 3718 ἀποτμηθεὶς
2873 3645 2975 3714 τῆς
3036 3642 3287 3714 ἀμπέλου
3349 3642 3448 3712 τῆς
3513 3639 3731 3709 νοητῆς.

2142 3741 2285 3796 τοῦτ’
2321 3740 2436 3794 ἔστι
2501 3739 2757 3811 Χριστοῦ,
2813 3735 3188 3808 κατεξηράνθη
3224 3734 3422 3806 τρόπον
3468 3731 3608 3796 τινὰ,
3653 3729 3737 3800 τῷ

2144 3832 2244 3901 τῆς
2276 3830 2575 3902 μαθητείας
2597 3828 2887 3899 ἀξιώματι,
2912 3829 3008 3882 καὶ
3030 3827 3128 3898 τὴν
3156 3825 3417 3890 ξωοποιὸν
3437 3823 3530 3877 τοῦ
3564 3822 3736 3877 πνεύ-

2148 3939 2319 3992 ματος
2371 3921 2633 3990 ποιότητα
2685 3916 3096 3973 συναποὸαλὼν.
3133 3915 3398 3986 Βέϐληται
3459 3913 3566 3984 γὰρ
3605 3911 3737 3976 ἔξω,

2145 4013 2289 4067 κατά
2317 4011 2416 4083 τὴν
2448 4010 2540 4064 τοῦ
2580 4010 2833 4081 Σωτῆρος
2879 4009 3082 4079 φωνήν·
3139 4003 3569 4077 ἀπηλλοτρίωται
3600 4002 3736 4074 γὰρ,

2145 4110 2239 4161 καὶ
2267 4107 2403 4176 πυρὶ
2457 4104 2532 4175 τῷ
2587 4103 2866 4168 κολάζοντι
2915 4099 3182 4171 συρφετοῦ
3237 4096 3515 4169 παρεδόθη
3556 4093 3738 4162 δίκην.

2145 4199 2446 4269 Χρησίμως
2509 4190 2600 4248 οὖν
2657 4193 2763 4264 ἄρα
2816 4194 2928 4254 τοῖς
3001 4187 3374 4262 ἀκροωμένοις
3439 4187 3469 4238 ὁ
3530 4183 3739 4252 Κύριος

2146 4290 2303 4360 ἡμῶν
2351 4285 2556 4359 Ἰησοῦς
2587 4287 2616 4338 ὁ
2651 4283 2912 4355 Χριστὸς,
2953 4283 3053 4353 τήν
3093 4299 3153 4335 τε
3215 4282 3279 4334 ὲκ
3322 4278 3416 4332 τοῦ
3458 4274 3737 4349 προσηλῶ-

2151 4383 2273 4435 σθαι
2313 4378 2632 4442 σπουδάζειν
2671 4376 2818 4446 αὑτῷ
2848 4374 3162 4446 παρέδειξεν
3207 4372 3490 4442 εὐθυμίαν,
3515 4370 3607 4422 κτιιῖ⁵
3635 4368 3740 4436 τὴν

2141 4475 2216 4526 ἐκ
2245 4471 2336 4526 τοῦ
2366 4469 2754 4541 παρακοπῆναι
2783 4464 2986 4536 ζημίαν
3035 4461 3477 4532 ἀντιπαρξστησι,
3517 4455 3741 4510 διπλοῦν

2151 4566 2444 4633 ἐπινοήσας
2472 4561 2570 4631 τῆς
2609 4558 2877 4628 σωτηρίας
2905 4556 2996 4609 τὸν
3023 4554 3241 4625 τρόπον.
3301 4554 3370 4606 Ἢ
3403 4551 3512 4621 γὰρ
3553 4549 3746 4618 ἐφέσει

2152 4656 2218 4722 τῇ
2282 4652 2417 4721 πρὸς
2475 4647 2630 4712 δόξαν
2697 4645 2877 4718 ὁρώσῃ
2928 4647 3023 4698 καὶ
3076 4643 3240 4713 ζωὴν,
3295 4642 3461 4713 ῆγουν
3505 4639 3562 4692 τὸ
3605 4638 3741 4708 πυρῖ

2153 4741 2478 4805 κολάζεσθαι
2549 4737 2975 4809 παραιτούμενοι
3022 4735 3119 4804 τῆς
3187 4735 3323 4803 πρὸς
3381 4730 3543 4784 αὐτὸν
3611 4745 3740 4780 συν-

2154 4835 2350 4904 αφείας
2387 4831 2664 4902 ὁλοκλήρῳ
2719 4829 2798 4899 τῷ
2838 4829 2934 4897 τῆς
2979 4826 3221 4889 διανοίας
3276 4825 3411 4893 τόνῳ
3465 4819 3753 4874 σπουδαιότ-

2153 4942 2314 4995 τερον
2341 4922 2659 4991 ἀνεξόμεθα,
2692 4918 2939 4989 Γεωργδν
2994 4915 3051 4970 δέ
3091 4932 3223 4987 φησι
3255 4914 3346 4968 τὸν
3397 4910 3633 4981 Πατέρα,
3667 4911 3744 4979 τῇ

2157 5015 2275 5086 θείᾳ
2321 5015 2478 5083 φύσει
2530 5013 2704 5075 διδοὺς
2757 5009 2865 5062 τῶν
2912 5008 3034 5062 καθ’
3077 5008 3227 5078 ἡμᾶς
3277 5005 3379 5076 τὴν
3427 5000 3744 5069 ἐπίσκεψιν,

2326 5067 2420 5157 καὶ
2449 5105 2506 5154 έν
2553 5104 2664 5164 τοῖς
2684 5067 2959 5170 ⁷ἀνωτέρω
2998 5067 3494 5166 διά’πολλῶν’ἡμῖν
3521 5067 3737 5145 ἀπεδεί-
3762 5067 3774 5126 ῗ

2155 5194 2257 5265 χθη
2305 5194 2495 5262 λόγων.
2541 5191 2916 5262 Εὑρεθήσεται
2959 5187 3067 5257 γὰρ
3117 5185 3380 5255 ὑπάρχων
3427 5180 3589 5244 αὐτὸς
3641 5176 3746 5232 τοῦ

2154 5285 2521 5356 γεωργοῦντος
2549 5285 2582 5353 ἡ
2610 5284 2752 5353 χεὶρ,
2783 5282 2878 5351 οὐχ
2905 5279 3067 5351 ἑτέρα
3091 5276 3222 5348 παρ’
3259 5275 3422 5330 αὐτὸν
3449 5271 3741 5342 νοουμένη,

2156 5377 2295 5431 κατά
2330 5393 2391 5444 γε
2420 5377 2479 5430 τὸ
2510 5374 2791 5445 ὁμοούσιον
2822 5373 2913 5427 καὶ
2946 5370 3002 5437 ἐξ
3035 5366 3201 5423 αὐτοῦ
3261 5385 3320 5420 τε
3357 5366 3451 5420 καὶ
3476 5366 3534 5420 ὲν
3565 5359 3742 5432 αὐτῷ,
