4042 6204
377 260 484 318 365
1435 249 1505 315 ῘΝ
1543 249 1827 317 JOANNIS
1861 253 2313 319 EVANGELIUM
2350 259 2482 318 LIB.
2520 259 2590 315 Χ.
3534 267 3642 326 368

373 374 632 444 καθάπερ
679 369 774 428 οὖν
826 373 942 428 ἔστι
996 375 1197 444 κα“ιὲφ’
1251 375 1408 446 ἡμῶν
1460 377 1634 441 οὕτως
1662 377 1787 448 ἔχον
1816 377 1964 432 ἰδεῖν.

2075 378 2384 436 bonitatem
2417 379 2547 442 Dei,
2580 379 2629 436 si
2683 383 3057 450 permanseris
3103 383 3158 438 in
3191 383 3478 443 bonitate;
3506 388 3644 445 alio.

377 465 507 518 Ὀτι
543 465 652 537 γάρ
673 464 740 519 δι’
767 464 896 518 Υἱοῦ
921 463 991 518 τά
1019 465 1220 531 πάντα,
1251 466 1503 538 καθάπερ
1531 467 1622 520 διὰ
1659 468 1839 538 χειρὸς
1865 467 1960 521 τοῦ

2073 471 2205 540 quin
2236 478 2290 526 et
2321 480 2377 526 tu
2411 472 2768 529 excideris".
2807 493 2827 526 ›

362 557 791 630 ιΙΙατρὸς,αύτοῦ
815 556 1062 636 λέγοντος
1091 558 1322 612 ἄκουσον
1339 559 1467 629 περὶ
1491 559 1599 612 τῶν
1631 561 1962 630 κτισμάτων·
2011 580 2030 612 ι
2078 562 2141 615 Ἦ
2186 563 2308 634 χείρ
2359 581 2459 634 μου
2493 564 2716 636 ἐποίησε
2761 565 2941 620 ταῦτα
2975 565 3171 631 πάντα,
3212 584 3232 621 ι
3315 569 3490 624 καίτοι
3537 571 3646 626 τῶν

376 653 598 708 πάντων
629 635 928 722 γεγονότων
959 652 1026 706 δι’
1052 653 1204 719 Υίοῦ,
1233 655 1375 709 κατά
1426 655 1526 718 τάς
1559 657 1719 724 ἁγίας
1782 657 2022 728 Γραφάς.
2061 661 2407 730 Σηνμειωτέον
2439 662 2520 728 δὲ,
2550 635 2752 716 ὃτιῗκαὶ
2785 663 2814 713 ὁ
2855 661 3137 726 θεσπέσιος
3169 660 3401 729 Παῦλος,
3438 661 3535 733 τὴν
3565 662 3649 716 tv.

373 748 503 801 Θάδε
535 747 832 816 νοουμένην
867 747 999 817 ἡμῖν
1027 746 1399 800 ὑπαινίττεται
1434 749 1628 819 τομὴν,
1677 751 1724 803 εί
1758 751 1850 803 καὶ
1891 751 1966 823 μὴ
2005 751 2081 815 ὡς
2109 750 2354 823 ἄμπελον
2391 755 2500 825 [ἴα.
2524 754 2796 827 ἀμπέλου]
2823 755 3006 824 τυχὸν,
3039 754 3184 809 οὕτω
3219 753 3415 824 λέγων’
3471 773 3490 807 ι
3537 752 3644 807 Ἴδα

372 834 468 893 οὖν
539 838 883 908 χρηστότητα
930 838 1026 891 καὶ
1077 839 1379 910 ἀποτομίαν
1414 839 1572 894 Θεοῦ·
1631 842 1724 897 ἐπὶ
1774 843 1874 913 μὲν
1899 845 2027 906 τοὺς
2061 847 2323 912 πεσόντας
2379 848 2705 919 ἀποτομίαν,
2769 849 2860 902 ἐπὶ
2920 848 2976 902 δὲ
3036 849 3095 902 σε
3138 848 3503 920 χρηστότητα,
3551 848 3646 904 ἐὰν

371 932 662 1005 ἐπιμείνῃς
701 934 767 1003 τῇ
810 932 1139 1004 χρηστότητι
1178 949 1194 966 ο
1219 932 1344 986 ἐπεὶ
1381 935 1567 990 καὶσὺ
1593 938 1898 1010 ἐκκοπήσῃ.
1940 956 1960 990 ι

457 1023 593 1078 Ἐὰν
639 1027 878 1094 μείνητε
905 1027 976 1079 ἐν
1004 1026 1154 1096 ἐμοὶ,
1210 1027 1309 1081 καὶ
1340 1027 1413 1082 τὰ
1455 1029 1698 1096 ῥήματά
1724 1048 1844 1101 μου
1900 1032 1971 1086 ἐν

371 1115 519 1184 ὑμῖν
533 1117 937 1184 μείνῃ,.ὂ.ἐὰν
965 1119 1180 1186 θέλητε
1215 1119 1563 1189 αἰτήσεσθε,
1597 1125 1692 1176 καὶ
1724 1126 1972 1194 γενήσε-

371 1224 468 1261 ται
486 1207 652 1277 ὑμῖν.

455 1300 640 1363 Ῥίζαν
670 1299 893 1354 ἔσεσθαί
919 1319 1082 1372 φησιν
1111 1303 1400 1373 εὐμενείας
1428 1306 1611 1370 αὐτοῖς
1636 1307 1735 1378 τῆς
1766 1309 1972 1362 ἀνωτά-

368 1409 468 1455 τω,
511 1392 574 1446 τὸ
603 1393 1037 1462 προσκολλᾶσθαι
1064 1395 1239 1463 φιλεῖν
1283 1397 1634 1467 ἁδιατμήτως
1658 1400 1828 1470 αὐτῷ,
1873 1402 1971 1454 καὶ

370 1483 664 1550 φυλάττειν
753 1485 812 1535 ἑν
884 1484 984 1554 νῷ,
1057 1487 1310 1557 καθάπερ
1371 1489 1498 1542 -τινά
1575 1493 1969 1563 παρακαταθή-

370 1591 478 1643 κην
507 1573 658 1627 Θείαν
681 1590 739 1627 τε
769 1576 866 1630 καὶ
915 1578 1311 1650 πνευματικὴν,
1361 1579 1458 1651 τὴν
1490 1582 1968 1656 ἀκραιφνεστάτην

368 1664 480 1717 τῶν
506 1666 876 1733 εὐαγγελιηκῶν
894 1668 1297 1739 παιδευμάτων,
1325 1672 1428 1724 καὶ
1455 1670 1564 1726 τῶν
1578 1673 1670 1726 ἐπὶ
1686 1677 1754 1744 τῇ
1780 1675 1964 1728 πίστει

367 1754 656 1825 δογμάτων
683 1755 782 1828 τὴν
803 1757 978 1829 ἀληθῆ
1002 1775 1060 1811 τε
1087 1759 1256 1823 ὅντως
1287 1759 1588 1827 παίδευσιν,
1615 1765 1707 1818 καὶ
1731 1764 1961 1835 εἰλικρι-

368 1846 518 1899 νέσιν
568 1848 802 1910 ὲννοίαις
839 1851 1335 1922 κατωχυρωμένην.
1381 1852 1468 1906 Ἐν
1519 1853 1726 1926 γάριδὴ
1753 1831 1964 1919 τούτοις
1995 1831 2038 1886 Β

370 1939 505 2007 ἡμῖν
532 1938 752 2008 σύμπας
791 1939 863 1993 ,ἂν
895 1941 980 2010 είη
1025 1942 1118 1994 τοῦ
1146 1943 1402 2015 Σωτῆρος
1430 1945 1459 1998 ὁ
1504 1944 1683 2014 λόγος,
1713 1949 1761 2000 ει
1788 1946 1964 2000 τδν,ὲν

367 2032 484 2092 τοῖς
545 2029 895 2098 Εὐαγγελίοις
947 2033 1321 2105 περιαορῆσαι
1381 2037 1582 2090 σκοπὸν
1641 2037 1961 2110 θελήσομεν.

369 2119 446 2172 Τὸ
476 2120 584 2190 γὰρ
628 2123 743 2183 τοῖς
787 2122 1034 2177 αἰτοῦσιν
1076 2124 1342 2195 ἀμελλητὶ
1377 2127 1652 2199 διανέμειν
1693 2129 1763 2183 τὰ
1787 2130 1968 2198 ἀγαθά

367 2211 914 2279 κατεπαγγέλλεσθαι
960 2212 1050 2267 τὸν
1075 2214 1331 2284 Χριστὸν,
1383 2217 1499 2280 πῶς
1527 2219 1647 2288 οὐχὶ
1679 2218 1836 2273 τοῦτο
1871 2222 1966 2274 καὶ

365 2301 520 2370 μάλα
552 2302 742 2372 σαφῶς
773 2304 1087 2372 ἐγγυᾶσθαι
1113 2308 1359 2378 φήσομεν
1380 2325 1394 2373 ;
1419 2310 1485 2361 Τί
1517 2310 1574 2362 δὲ
1605 2310 1668 2376 δὴ
1719 2309 1966 2380 βούλεται

369 2391 509 2462 ³πρὸς
537 2393 746 2458 τούτοις
773 2397 903 2466 ἡμῖν
942 2397 1037 2450 καὶ
1103 2399 1197 2450 τοῦ
1239 2399 1396 2467 λόγου
1423 2400 1485 2453 τὸ
1517 2402 1764 2471 ἀκριϐὲς,
1798 2405 1969 2472 ¹ἐρευ-

366 2483 532 2554 νῆσαι
561 2485 672 2539 δεῖν
713 2486 1098 2558 ὑπολαμϐάνω.
1131 2508 1156 2541 1
1227 2491 1350 2544 Ἐὰν
1397 2492 1637 2563 μείνητε,
1676 2495 1861 2564 φησὶν,
1911 2499 1967 2550 ἐν

367 2573 496 2642 ὲμοὶ
520 2576 619 2629 καὶ
647 2576 717 2630 τά
749 2580 971 2648 ῥήματά
999 2597 1100 2650 μου
1145 2582 1204 2633 ὲν
1233 2583 1363 2650 ὑμῖν
1401 2583 1580 2656 μείνῃ,
1611 2584 1638 2636 ὃ
1679 2585 1773 2637 ἐὰν
1804 2585 1966 2657 θέλη-

369 2674 430 2719 τε
482 2669 797 2739 αἰτήσεσθε,
850 2672 943 2726 καὶ
991 2674 1283 2742 γενήσεται
1334 2676 1481 2743 ὑμῖν.
1515 2694 1532 2725 ι
1581 2676 1828 2743 Ἐφικτὺν
1861 2679 1969 2748 γάρ

367 2759 508 2822 ὅλως
541 2761 655 2831 δοίη
684 2780 768 2826 τις
800 2762 867 2816 ἂν
918 2764 978 2817 τὸ
1014 2766 1200 2835 μένειν
1229 2767 1285 2818 ὲν
1318 2766 1540 2837 Χριστῷ
1569 2766 1858 2834 δύνασθαι,
1894 2771 1969 2840 μὴ

363 2850 485 2922 ,μὴν
505 2851 646 2921 ἔχειν
683 2855 741 2906 ὲν
780 2854 956 2925 ἐαυτῷ
1002 2858 1093 2910 καὶ
1122 2857 1246 2920 τοὺς
1277 2855 1444 2911 αὑτοῦ
1479 2857 1690 2926 λόγους.
1720 2860 1826 2913 Ναὶ
1879 2860 1968 2932 δὴ»

369 2942 530 3010 φαῖεν
576 2943 684 3015 γὰρ
729 2945 796 2999 ἂν
830 2948 1058 3011 εἰκότως
1087 2949 1136 3000 o‘i
1181 2949 1442 3018 φρονήσει
1491 2949 1965 3022 διαπρεπέστεροι.

369 3037 776 3106 Διαμεμνὴσθω
800 3039 950 3109 γάρὸ
977 3039 1253 3109 φιλήκοος,
1274 3042 1356 3094 ὅτι
1380 3041 1472 3094 τὸν
1501 3041 1600 3111 τῆς
1630 3044 1712 3106 είς
1735 3044 1968 3114 Χριστὸν

371 3128 594 3199 ἀγάπης
625 3129 1040 3200 διερευνώμενοι
1082 3133 1300 3203 τρόπον,
1347 3132 1432 3196 τίς
1465 3148 1523 3186 τε
1552 3133 1658 3203 εἴη,
1683 3135 1778 3187 καὶ
1821 3135 1966 3198 ὅπως
1993 3174 2038 3230 C

375 3219 445 3274 ἃν
522 3221 734 3288 γένοιτο
801 3223 981 3286 καλῶς
1047 3224 1453 3295 δοκιμάζοντες,
1528 3225 1711 3296 διττὴν
1783 3227 1966 3297 ἐλέγου

377 3331 479 3383 μεν
518 3313 663 3385 ἐχειν
690 3316 829 3379 ὁδὸν,
858 3317 999 3386 φημὶ
1017 3316 1087 3370 -δὲ
1113 3316 1316 3384 τὴνκδιά
1341 3316 1602 3381 πίστεως,
1630 3314 1731 3388 τῆς
1757 3319 1900 3372 κατά
1921 3335 1971 3372 τι

372 3405 508 3474 γοῦν
537 3407 857 3461 άνυπαιτίου
915 3407 1214 3473 παντελῶς,
1267 3409 1363 3462 καὶ
1391 3409 1492 3478 τῆς
1520 3411 1639 3461 κατ’
1694 3409 1972 3481 ἐνέργειαν

374 3499 714 3568 πρακτικῆς.
755 3500 794 3570 -ἢ
843 3500 936 3552 καὶ
964 3501 1051 3556 διὰ
1098 3499 1197 3569 τῆς
1232 3499 1558 3570 εἰλικρινοῦς
1579 3501 1798 3570 ἀγάπης
1832 3519 1973 3574 παρ-

375 3589 733 3659 εισκρίνεται.
803 3591 988 3659 Ἕχειν
1015 3591 1070 3642 δὲ
1134 3588 1306 3655 οὕτως
1358 3593 1488 3662 ἡμῖν
1519 3594 1972 3663 πεπιστευμένων

370 3682 490 3734 τῶν
524 3682 719 3749 λόγων,
774 3683 823 3734 οἱ
853 3681 950 3750 μὲν
981 3680 1042 3733 οὐ
1086 3681 1205 3736 λίαν
1256 3682 1476 3752 ἀσφαλῆ
1518 3684 1618 3736 καὶ
1645 3683 1972 3738 εὐκάθεκτον

374 3775 469 3827 τὸν
495 3777 592 3844 τῆς
616 3773 934 3841 συναφείας,
957 3773 1076 3844 ἦτοι
1097 3774 1193 3842 τῆς
1213 3774 1545 3842 οἰκειότητος
1560 3775 1970 3844 ἐπιτηδεύοντες

369 3867 605 3936 τρόπον,
653 3865 812 3934 ψιλὴν
843 3864 940 3935 τὴν
982 3866 1039 3917 ὲν
1073 3864 1249 3930 λόγοις
1305 3863 1734 3935 ὁμολογήσαντες
1767 3865 1969 3930 πίστιν,

375 3960 481 4028 τήν
509 3973 570 4024 γε
627 3955 849 4026 μὴνδιά
887 3955 994 4007 τῶν
1043 3953 1484 4025 κατορθωμάτων
1530 3957 1610 4019 εἰς
1660 3956 1974 4027 τελειότητα

383 4048 770 4119 μορφουμένην
832 4047 1055 4114 ἀγάπην
1107 4047 1211 4100 οὐκ
1271 4045 1692 4117 ἑπιδεξάμενοι,
1737 4048 1972 4118 ,μένουσι

383 4139 487 4208 μὲν
530 4142 584 4193 ὲν
606 4139 848 4209 Χριστῷ.
879 4139 1021 4192 κατά
1048 4156 1108 4206 γε
1148 4139 1246 4208 τὴν
1272 4141 1335 4191 ὲκ
1364 4139 1457 4192 τοῦ
1497 4141 1782 4194 πιστεῦσαι
1811 4141 1972 4212 τυχὸν

381 4232 713 4300 οἰκειότητα,
742 4231 843 4282 καὶ
877 4229 966 4282 διὰ
998 4229 1090 4282 τοῦ
1127 4231 1215 4301 μὴ
1249 4231 1385 4301 πρὸς
1421 4232 1613 4300 ἑτέραν
1669 4233 1972 4303 ὲξοίχεσθαι

381 4322 660 4394 λατρείαν.
685 4321 882 4376 Οὐκέτι
907 4321 963 4374 δὲ
977 4322 1212 4385 καὶτοὺς
1231 4322 1424 4390 λόγους
1447 4323 1658 4392 ἔχοντες
1683 4326 1971 4390 ὲν-ὲαυτοίς

382 4413 899 4484 καταληφθήσονται
954 4413 1048 4467 τοῦ
1097 4413 1355 4485 Χριστοῦ.
1416 4414 1526 4466 Καὶ
1575 4415 1784 4485 οὐχὶδὴ
1815 4415 1972 4467 τοῦτο

2142 1019 2263 1091 XV,
2291 1027 2343 1082 7.
2382 1026 2442 1082 Si
2473 1028 2778 1084 manseritis
2805 1029 2859 1083 in
2896 1045 2996 1092 me,
3039 1040 3088 1084 et
3124 1031 3279 1086 verba
3322 1045 3440 1088 mea
3468 1035 3526 1089 in
3557 1052 3647 1092 νο·

2069 1117 2147 1172 bis
2179 1119 2491 1183 "conseruit,
2517 1119 2876 1190 quodcunque
2901 1120 3172 1176 volueritis
3226 1126 3436 1192 petatis,
3461 1134 3514 1180 et
3553 1127 3648 1196 ﬁet

2065 1211 2230 1266 vobis.

2135 1300 2402 1360 Radicem
2431 1307 2510 1362 eis
2555 1318 2809 1377 superna:
2855 1305 3255 1364 benevolentiae
3292 1308 3411 1365 fore
3456 1311 3554 1375 ait,
3595 1311 3645 1366 si

2065 1392 2176 1448 sibi
2209 1394 2655 1465 inseparabiliter
2704 1398 3042 1463 adhaereant,
3091 1409 3146 1456 et
3193 1400 3248 1455 in
3281 1400 3468 1457 animo
3511 1416 3647 1458 con-

2065 1493 2291 1540 servent
2334 1485 2581 1541 divinum
2624 1488 2793 1544 veluti
2825 1490 3102 1560 quoddam
3141 1505 3207 1546 ac
3256 1491 3506 1562 spiritale
3547 1492 3646 1548 de-

2064 1575 2329 1643 positum,
2353 1578 2706 1646 purissimam
2730 1593 2935 1650 nempe
2966 1581 3296 1651 evangelicae
3328 1582 3643 1654 disciplina

2063 1673 2118 1721 et
2164 1679 2350 1722 veram
2389 1668 2511 1724 ﬁdei
2553 1669 2870 1740 dogmatum
2906 1671 3239 1738 doctrinam,
3293 1689 3359 1730 ac
3408 1677 3642 1733 sinceris

2063 1756 2493 1826 cogitationibus
2533 1760 2824 1816 munitam.
2888 1761 2946 1815 In
2994 1762 3081 1817 his
3129 1764 3274 1818 enim
3333 1765 3644 1824 Serva-toris

2065 1848 2244 1904 omnis
2281 1863 2466 1907 sermo
2508 1859 2782 1919 versatur,
2825 1853 2882 1906 si
2941 1852 3361 1924 Evangeliorum
3413 1871 3643 1928 scopum

2065 1939 2351 1997 attendere
2383 1941 2638 1998 velimus.
2683 1942 2841 2008 Quod
2872 1944 3018 1999 enim
3051 1943 3311 2003 Christus
3337 1947 3500 2003 bona
3547 1965 3644 2020 pe-

2068 2032 2310 2089 tentibus
2371 2035 2760 2091 incunctanter
2815 2036 3142 2108 largiturum
3208 2055 3269 2097 se
3325 2042 3640 2111 pollicetur,

2065 2125 2335 2194 numquid
2367 2127 2517 2182 clare
2551 2127 2849 2183 admodum
2881 2129 3032 2184 istud
3046 2131 3307 2200 polliceri
3357 2133 3645 2192 dicemus!

2064 2214 2206 2280 Quid
2234 2225 2418 2272 autem
2443 2218 2555 2272 sibi
2579 2228 2845 2289 praeterea
2870 2221 3024 2283 vel-it.
3051 2232 3249 2294 etquae
3267 2239 3398 2281 vera
3431 2227 3504 2282 sit
3534 2228 3642 2284 loci

2068 2304 2233 2375 hujus
2289 2307 2602 2373 sententia,
2651 2309 3113 2382 investigandum
3166 2313 3440 2371 arbitror:
3509 2335 3529 2368 ι
3583 2317 3643 2373 Si

2066 2397 2405 2464 manseritis,
2433 2399 2632 2468 inquit,
2676 2400 2732 2454 in
2788 2416 2894 2463 me,
2925 2410 2980 2456 et
3010 2404 3179 2458 verba
3227 2419 3348 2460 mea
3383 2407 3440 2460 in
3485 2406 3644 2463 vobis

2071 2489 2396 2550 manserint,
2427 2488 2797 2559 quodcunque
2840 2490 3398 2562 volueritis,.pete'tis,
3443 2505 3499 2552 et
3553 2497 3646 2554 ﬁet

2071 2578 2247 2633 vobis.
2285 2596 2304 2629 ›
2355 2576 2499 2633 Fieri
2531 2579 2680 2633 enim
2721 2579 2948 2635 omnino
2981 2596 3142 2651 posse
3173 2585 3538 2643 concedamus
3586 2596 3646 2642 ut

2070 2669 2124 2723 in
2149 2667 2371 2724 Christo
2399 2671 2525 2740 quis
2557 2681 2796 2738 maneat,
2839 2687 2949 2727 non
2979 2683 3160 2730 tamen
3202 2677 3258 2732 in
3311 2679 3494 2749 seipso
3523 2679 3646 2750 ejus

2071 2777 2291 2832 quoque
2330 2763 2496 2818 verba
2533 2764 2754 2820 habeat.
2811 2764 2890 2820 ita
2927 2782 3160 2836 prorsus
3195 2770 3534 2829 cordatiores
3569 2773 3650 2829 lo-

2069 2864 2325 2924 quentur.
2364 2853 2675 2912 Meminerit
2713 2857 2857 2913 enim
2889 2859 3170 2916 studiosus
3212 2863 3429 2919 auditor
3471 2866 3645 2936 quod,

2071 2959 2197 3000 cum
2238 2946 2550 3004 dilectionis
2605 2948 2660 3004 in
2699 2949 2989 3007 Christum
3029 2953 3312 3010 rationem
3357 2957 3648 3028 indagare-

2070 3053 2218 3104 mus,
2253 3047 2307 3094 et
2329 3055 2578 3110 quasnam
2611 3051 2758 3098 esset
2787 3053 3159 3115 quovepacto
3198 3047 3648 3119 ﬁeret.perscru-

2072 3134 2356 3194 taremur,
2407 3129 2682 3202 duplicem
2723 3134 2865 3188 viam
2919 3137 3202 3192 continere
3253 3137 3516 3206 diximus,
3548 3151 3649 3212 per

2073 3219 2234 3274 ﬁdem
2266 3221 2526 3276 nimirum
2568 3224 2717 3278 omni
2748 3240 2815 3278 ex
2851 3233 3004 3294 parte
3051 3227 3436 3298 inoulpabilem
3483 3240 3650 3304 atque

2072 3324 2362 3378 operosam
2407 3312 2554 3367 illam
2597 3323 2651 3367 et
2679 3314 2734 3368 in
2769 3316 2980 3385 agendo
3015 3317 3274 3384 positam,
3312 3335 3434 3389 quae
3467 3329 3521 3376 et
3551 3336 3650 3392 per

2069 3403 2351 3458 sinceram
2388 3405 2716 3461 charitatem
2765 3407 3066 3462 inducitur.
3107 3407 3246 3474 Quae
3294 3424 3422 3464 cum
3473 3412 3548 3466 ita
3587 3427 3650 3469 se

2066 3493 2281 3549 habere
2315 3496 2630 3561 credamus,
2659 3497 2974 3568 quicunque
3005 3499 3414 3569 coniunctionis
3439 3503 3527 3559 vel
3551 3519 3650 3560 ne-

2071 3586 2428 3643 cessitudinis
2489 3587 2710 3643 modum
2767 3605 2877 3643 non
2933 3589 3228 3645 admodum
3277 3600 3645 3653 constantem.

2071 3679 2168 3734 sed
2201 3680 2369 3734 levem
2399 3679 2739 3752 ac-fragilem
2771 3682 2990 3748 colunt,
3029 3681 3193 3738 nudis
3215 3689 3429 3738 tantum
3464 3685 3649 3742 verbis

2063 3770 2235 3826 iidem
2285 3772 2648 3842 profitentes,
2699 3772 2948 3842 adeoque
3008 3787 3107 3842 per
3155 3773 3331 3828 bonas
3399 3775 3647 3830 actiones

2071 3865 2398 3921 charitatem
2432 3865 2498 3918 ad
2529 3864 2928 3934 perfectionem
2959 3879 3070 3918 non
3101 3865 3491 3934 suscipientes,
3530 3881 3647 3920 ma-

2073 3965 2207 4012 nent
2230 3955 2452 4025 quidem
2477 3955 2534 4009 in
2565 3955 2814 4019 Christo,
2858 3955 3124 4010 nimirum
3155 3955 3550 4024 conjunctione
3579 3956 3647 4010 ii-

2073 4047 2185 4108 dei,
2222 4054 2276 4101 et
2310 4047 2440 4116 quia
2483 4045 2550 4098 ad
2601 4046 2842 4098 alienum
2885 4046 3094 4098 cultum
3126 4043 3194 4098 ab
3236 4060 3302 4100 eo
3331 4059 3440 4098 non
3484 4045 3646 4100 deﬂe-

2069 4145 2252 4202 ctunt,
2280 4151 2389 4191 non
2415 4136 2531 4204 jam
2564 4143 2749 4189 tamen
2779 4135 2947 4189 verba
2979 4133 3191 4190 Christi
3221 4135 3275 4188 in
3312 4135 3510 4204 seipsis
3548 4135 3644 4188 ha-

2074 4229 2203 4284 bere
2245 4226 2746 4296 deprehendentur.
2793 4224 2978 4296 Neque
3027 4239 3155 4280 vero
3199 4226 3367 4296 878
3412 4224 3645 4281 dicimus

2073 4334 2170 4376 eos
2217 4319 2552 4389 evangelicae
2617 4317 3026 4388 praedicationis
3083 4317 3287 4373 oblitos
3352 4317 3646 4373 verborum

2077 4410 2398 4466 Serv-atoris
2434 4426 2558 4466 esse
2585 4425 2814 4480 prorsus
2847 4410 3214 4474 immemores,
3249 4409 3344 4464 sed
3372 4408 3648 4463 illecebris

385 4507 606 4568 πάντως
631 4505 830 4574 φαμὲν,
853 4506 936 4559 ὅτι
974 4504 1115 4577 λήθῃ
1137 4505 1553 4576 καταχώσαντες
1587 4506 1692 4559 τῶν
1725 4507 1970 4574 Εύαγγε-

2080 4502 2420 4572 voluptatum
2451 4509 2505 4556 et
2539 4500 2802 4556 eﬂ‘renata
2838 4516 3020 4555 rerum
3062 4507 3406 4555 terrenarum
3441 4501 3650 4587 cupidi-

384 4594 517 4647 λίων
533 4594 593 4646 τὸ
606 4594 897 4663 κήρυγμα,
928 4593 1204 4656 παντελῶς
1225 4594 1340 4646 -εἱσι
1372 4592 1480 4647 τῶν
1499 4592 1594 4646 τοῦ
1615 4594 1862 4665 Σωτῆρος
1890 4593 1979 4647 λό-

385 4687 861 4758 γων-ἀμνήμονες,
899 4686 1013 4739 ἀλλ’
1046 4686 1128 4740 ὅτι
1171 4685 1400 4756 μηδενὸς
1441 4684 1650 4750 ἀξιοῦσι
1695 4686 1852 4755 λόγου
1883 4687 1980 4757 τὴν

384 4779 446 4830 ὲν
478 4779 700 4848 Χριστῷ
755 4777 1048 4840 πολιτείαν,
1075 4781 1194 4840 ταῖς
1236 4778 1394 4841 ίδὶαις
1420 4778 1480 4830 τὸ
1509 4779 1615 4830 πᾶν
1663 4777 1981 4850 ἐπιτρέπον-

382 4887 479 4933 τες
507 4870 725 4940 ήδοναῖς
749 4869 843 4923 καὶ⁸
872 4870 1008 4939 πρὸς
1026 4869 1087 4922 τὸ
1130 4869 1266 4938 μόνα
1298 4872 1514 4940 φρονεῖν
1535 4871 1603 4924 τά
1632 4870 1723 4924 ἐπὶ
1748 4870 1847 4941 τῆς
1877 4871 1981 4940 γῆς

384 4960 643 5031 ἀχάλινον
676 4961 890 5031 ἔχοντες
917 4961 1014 5032 τὴν
1045 4960 1244 5032 ῥοπὴν,
1277 4960 1367 5014 διά
1389 4977 1448 5014 τε
1473 4962 1630 5014 τοῦτο
1658 4963 1755 5031 τῆς
1777 4960 1978 5032 νοητῆς

385 5052 485 5104 καὶ
525 5053 687 5120 ἀγίας
723 5053 969 5123 ἀμπέλου
1021 5052 1467 5123 κατασπώμενοι,
1528 5054 1622 5108 καὶ
1653 5053 1803 5106 αὐτοὶ⁵
1857 5056 1978 5117 ταῖς

387 5146 542 5215 σφῶν
569 5145 749 5200 αὐτῶν
798 5144 1194 5214 φιλοπαθείαις,
1226 5144 1323 5214 τὴν
1348 5144 1450 5213 τῆς
1485 5145 1812 5214 οἰκειότητος
1835 5145 1977 5196 ἀπο-

386 5235 738 5299 λακτίζοντες
780 5236 959 5306 χάριν.
991 5236 1196 5299 Παντὸς
1232 5235 1290 5288 δὲ
1319 5235 1565 5288 τοιούτου
1605 5237 1730 5304 πέρι
1759 5237 1850 5288 καὶ
1880 5235 1978 5287 αύ-

383 5326 483 5389 τδς
514 5326 618 5397 ἔφη
655 5327 910 5398 Χριστόςο
947 5345 965 5378 ι
1008 5329 1083 5382 Οὐ
1113 5329 1220 5391 πᾶς
1248 5329 1274 5380 ὁ
1309 5327 1482 5395 λέγων
1510 5343 1619 5397 μοι’
1653 5326 1842 5396 Κύριε,
1867 5325 1982 5378 Κύ-

390 5434 502 5488 ριε,
535 5417 903 5471 εἰσελεύσεται
927 5419 1006 5482 είς
1023 5417 1122 5487 τὴν
1143 5417 1422 5487 βασιλείαν
1440 5417 1549 5471 τῶν
1571 5416 1839 5487 οὐρανῶν,
1863 5416 1982 5470 ἀλλ’

384 5508 422 5562 ὁ
459 5508 626 5562 ποιῶν
655 5511 716 5562 τὸ
745 5509 956 5581 θέλημα
979 5509 1070 5563 τοῦ
1102 5510 1314 5580 Πατρός
1343 5527 1444 5580 μου
1477 5509 1570 5562 τοῦ
1596 5513 1652 5563 ὲν
1677 5513 1784 5572 τοῖς
1819 5511 1986 5580 ούρα-

470 5686 508 5717 ³¹
555 5685 716 5742 Rom.
757 5702 838 5752 χι,
879 5686 967 5741 22.
1046 5686 1088 5717 ³³
1145 5682 1341 5738 Matth.
1372 5687 1479 5754 νιιξ,
1522 5683 1612 5738 91.

2081 4599 2193 4648 tate
2214 4592 2502 4656 delinitos,
2527 4591 2868 4662 proindeque
2897 4592 2964 4646 ab
2994 4591 3353 4646 intellectuali
3378 4599 3432 4646 et
3458 4599 3646 4646 sancta

2078 4683 2189 4740 vite
2227 4685 2491 4749 avulsus,
2523 4684 2816 4754 gratiaque
2863 4681 3262 4738 familiaritatis
3317 4689 3372 4736 et
3417 4682 3651 4752 conjun-

2077 4777 2278 4830 ctionis
2304 4774 2610 4846 repudiata,
2630 4775 2797 4828 vitam
2825 4779 2880 4828 et
2901 4773 3378 4829 conversationem
3410 4774 3464 4826 in
3489 4770 3650 4828 Chri-

2079 4875 2164 4922 sto
2195 4867 2349 4920 nihili
2380 4881 2610 4936 prorsus
2640 4865 2861 4920 ducere.
2897 4863 2972 4919 De
2997 4864 3255 4919 omnibus
3275 4863 3342 4919 iis
3377 4863 3470 4934 qui
3502 4862 3652 4933 ejus-

2079 4957 2289 5015 cemodi
2330 4968 2459 5014 sunt
2488 4958 2740 5013 Christus
2774 4957 2890 5027 ipse
2935 4957 3105 5010 dixit:
3152 4975 3171 5008 ι
3204 4953 3322 5009 Non
3351 4955 3534 5010 omnis
3561 4955 3654 5024 qui

2079 5051 2216 5106 dicit
2249 5051 2421 5107 mihi:
2459 5049 2706 5115 Domine,
2751 5049 3001 5112 Domine,
3045 5048 3271 5102 intrabit
3323 5047 3378 5099 in
3427 5061 3657 5116 regnum

2082 5143 2368 5207 cmlorum,
2416 5141 2512 5198 sed
2543 5142 2635 5211 qui
2669 5141 2802 5196 facit
2831 5141 3160 5196 voluntatem
3193 5137 3374 5192 Patris
3400 5136 3532 5201 mei,
3565 5138 3659 5207 qui

2083 5238 2138 5290 in
2166 5235 2324 5291 cwlis
2354 5233 2528 5288 est".
2567 5253 2584 5283 ι
2630 5232 2787 5300 Quod
2814 5239 2994 5286 autem
3032 5229 3147 5284 sola
3191 5227 3325 5282 ﬁdes
3374 5228 3481 5283 nisi
3533 5244 3661 5300 ope-

2087 5341 2207 5380 rtun
2273 5324 2566 5396 splendore
2621 5323 2847 5395 praedita
2913 5321 2978 5376 ad
3038 5320 3442 5376 conciliandam
3500 5321 3664 5376 nobis

2091 5433 2216 5473 cum
2261 5417 2373 5474 Deo
2413 5417 2861 5488 coniunctionem
2921 5427 3030 5468 non
3087 5412 3355 5477 sulliciat,
3391 5410 3665 5485 signiﬁcat

2094 5524 2311 5579 quoque
2386 5510 2471 5565 his
2543 5507 2728 5564 verbis
2798 5505 3002 5561 Christi
3061 5504 3406 5574 discipulus:
3489 5522 3507 5554 ι
3579 5500 3660 5556 Tu
