4042 6204
408 289 512 346 567

1441 273 1499 329 S.
1542 270 1816 330 CYRILLI
1850 260 2328 322 ALEXANURINI
2367 252 2684 316 ARCHIEP.

3574 246 3683 305 568

408 409 591 465 credis
648 401 911 476 quoniam
980 412 1126 454 unus
1196 401 1282 451 est
1346 392 1536 449 Deus:
1587 401 1643 446 et
1703 388 1985 444 daemones

2103 383 2219 443 μοῖς.
2259 398 2277 430 ι
2307 378 2428 433 Ὀτι
2447 376 2504 430 δὲ
2530 375 2687 447 μόνη,
2722 371 2818 427 καὶ
2848 335 3191 442 καθ’ὲαυτήν
3211 372 3245 441 ή
3282 368 3467 433 πίστις
3492 364 3592 437 τῆς
3620 365 3685 418 ὲκ

408 498 674 560 credunt,
721 504 778 550 et
826 489 1265 547 contremiscunt
1291 483 1356 538 ³³.
1412 501 1431 533 ι
1485 483 1555 536 At
1599 480 1749 535 dicet
1787 478 1991 548 aliquis

408 593 479 648 iis
525 590 619 660 qui
675 570 879 642 nudam
935 589 991 637 et
1042 579 1216 636 solam
1264 575 1423 631 ﬁdem
1483 572 1593 630 sibi
1633 569 1992 628 suﬂ‘ecturam

408 692 647 753 putant,
684 687 744 734 ut
789 687 1087 746 supernam
1147 667 1599 739 conjunctionem
1654 676 1988 733 comparare

412 773 626 843 possint
649 788 660 823 :
681 769 894 839 Ergone
928 764 1176 834 ipsorum
1203 760 1370 816 etiam
1396 759 1707 815 daemonum
1735 755 1994 841 cohortes

412 835 480 921 ad
508 835 935 919 familiaritatem
969 870 1093 911 cum
1158 853 1266 909 Deo
1324 852 1584 907 redibunt
1609 865 1675 905 ex
1732 835 1801 904 eo
1844 846 1994 917 quod

414 974 584 1014 unum
626 956 779 1011 illum
816 964 943 1008 esse
975 946 1255 1004 credunt?
1284 947 1355 999 At
1384 941 1663 1016 quomodo
1692 938 1839 996 istud
1877 938 1995 993 tieri

413 1053 635 1125 potest?
675 1048 829 1104 Scire
857 1047 1003 1102 enim
1027 1051 1245 1098 tantum
1265 1039 1440 1096 Deum
1471 1051 1640 1092 unum
1664 1047 1811 1096 esse.
1838 1031 1993 1086 illum

415 1123 659 1201 universi
721 1141 984 1196 factorem
1018 1147 1073 1194 et
1124 1140 1430 1206 parentem,
1464 1139 1552 1187 est
1609 1126 1804 1183 inutile
1849 1123 1994 1179 :sed

413 1237 635 1308 pietatis
668 1235 724 1288 in
755 1233 933 1305 ipsum
956 1229 1189 1301 gloriam
1219 1225 1344 1281 fidei
1365 1222 1620 1279 comitem
1648 1233 1772 1274 esse
1797 1216 1997 1272 debere

415 1336 665 1383 autumo.
691 1323 831 1379 Nam
863 1322 960 1394 qui
996 1320 1124 1375 talis
1152 1325 1259 1381 est,
1300 1314 1470 1371 etiam
1507 1311 1569 1366 in
1598 1308 1828 1365 Christo
1876 1320 1995 1361 ma-

414 1427 530 1484 net.
560 1426 615 1473 et
660 1417 783 1487 ejus
822 1413 989 1469 verba
1042 1410 1249 1465 habere
1286 1402 1678 1474 comperietur,
1729 1399 1890 1470 juxta
1942 1396 1996 1451 id

414 1509 565 1581 quod
598 1509 655 1563 in
705 1505 847 1560 libro
900 1502 1242 1557 Psalmorum
1283 1505 1557 1566 tanquam
1594 1492 1665 1548 ad
1701 1489 1875 1546 Deum
1912 1487 1998 1543 di-

414 1612 564 1654 ctum
608 1604 734 1652 est:
772 1614 790 1646 ι
828 1591 886 1648 ln
919 1590 1086 1648 corde
1121 1603 1244 1645 meo
1296 1585 1568 1642 abscondi
1619 1581 1840 1654 eloquia
1878 1587 1992 1645 tua,

2093 470 2203 525 τῶν
2250 469 2427 541 ἔργων
2444 466 2809 538 φαιδρότητος
2847 466 2907 518 οὐ
2951 463 3191 534 λαχοῦσα
3231 461 3328 533 τὴν
3360 454 3683 528 συνδρομὴν,

2092 561 2460 634 ἀποχρώντως
2488 559 2585 628 ούχ
2617 556 2727 622 ἔξει
2768 558 2847 621 είς
2873 557 2941 609 τὸ
2972 554 3228 609 δύνασθαι
3272 550 3553 624 προξενεῖν
3587 549 3687 621 τὴν

2094 657 2175 720 εἰς
2205 654 2338 708 Θεὸν
2378 651 2712 721 οἰκειότητα,
2748 647 3003 719 σημαίνεί
3049 647 3223 715 λέγων
3257 645 3353 699 καὶ
3393 644 3424 696 6
3450 642 3687 715 Χριστοῦ

2098 745 2365 817 μαθητής
2398 763 2417 795 ι
2453 742 2525 795 Σὺ
2558 739 2856 804 πιστεύεις,
2890 741 2973 793 ὅτι
3003 732 3084 802 εἷς
3109 740 3137 791 6
3161 735 3312 800 Θεός·
3351 735 3444 789 καὶ
3474 734 3547 787 τὰ
3572 733 3688 788 δαι-

2098 835 2259 907 μόνια
2313 832 2652 897 πιστεύουσι,
2703 831 2795 885 καὶ
2823 829 3157 901 φρίττουσιν.
3199 845 3219 878 ι
3252 823 3389 880 Εἶτα
3412 823 3531 888 πῶς
3572 823 3690 894 ἐρεῖ

2095 946 2179 992 τις
2225 927 2324 998 ήδη
2362 927 2477 989 τοῖς
2527 923 2784 996 ἀρκέσειν
2826 924 3011 986 αὐτοῖς
3037 918 3252 993 γυμνήν
3277 936 3337 972 τε
3394 917 3489 973 καὶ
3520 915 3689 988 μόνην

2095 1018 2366 1091 οἰομένοις
2403 1016 2500 1088 τὴν
2534 1014 2738 1077 πίστιν,
2774 1016 2854 1077 είς
2911 1013 2973 1068 τὸ
3020 1011 3280 1066 δύνασθαι
3321 1009 3421 1081 τὴν
3474 1008 3681 1065 ἄνωθεν

2095 1112 2403 1184 οίκειότητα
2440 1109 2764 1181 περιποιεῖν·
2799 1103 2912 1180 ἆρα
2940 1107 3034 1161 καὶ
3064 1105 3255 1160 αὐτῶν
3282 1103 3391 1158 τῶν
3416 1103 3688 1174 δαιμόνων

2094 1203 2157 1257 τὸ
2191 1202 2376 1272 στίφος
2391 1200 2783 1271 ἀναδραμεῖται
2805 1198 2943 1268 πρὸς
2980 1197 3286 1267 οίκειότητα
3317 1195 3417 1265 τὴν
3445 1193 3522 1257 ὡς
3553 1194 3688 1265 πρὸς

2096 1294 2250 1360 Θεὸν,
2290 1292 2519 1363 ἐπείπερ
2548 1285 2687 1345 οἶδεν
2712 1290 2811 1345 ’ἐνα
2837 1305 2895 1342 τε
2930 1288 3024 1342 καὶ
3046 1288 3175 1342 ὄντα
3191 1286 3519 1341 πεπίστευκε
3546 1285 3689 1351 ;Καὶ

2098 1386 2215 1449 πῶς
2233 1385 2299 1439 ἂν
2334 1385 2419 1454 εἴη
2445 1382 2604 1437 τοῦτό
2635 1399 2699 1451 γε
2731 1399 2746 1448 ;
2776 1383 2849 1435 Τὸ
2883 1382 2991 1452 γὰρ
3020 1380 3219 1434 εἰδέναι
3254 1378 3416 1451 μόνον
3440 1378 3686 1449 ἀχρεῖον,

2096 1476 2327 1540 ὅτιΘεός
2343 1478 2490 1530 ἐστιν
2516 1469 2596 1539 εἷς
2619 1477 2648 1528 ό
2675 1474 2890 1529 πάντων
2923 1473 3152 1543 ποιητής
3180 1487 3238 1524 τε
3263 1471 3358 1524 καὶ
3380 1485 3685 1540 γενεσιουρ-

2094 1569 2212 1639 γός·
2251 1568 2361 1622 δεῖν
2387 1567 2443 1621 δὲ
2481 1563 2635 1638 οἶμαι
2659 1568 2726 1637 τῇ
2749 1565 2930 1619 πίστει
2956 1563 3445 1637 συμπαρομαρτεῖν
3466 1561 3563 1616 καὶ
3590 1558 3690 1628 τῆς

417 1696 476 1742 ut
509 1700 622 1741 non
665 1696 889 1754 peccem
947 1679 1046 1734 tibi
1068 1679 1134 1732 “.
1172 1695 1191 1729 ι
1234 1676 1307 1734 Ut
1354 1676 1502 1730 enim
1550 1673 1697 1745 ignis
1751 1671 1810 1726 in
1865 1684 1996 1725 vase

2103 1661 2177 1721 είς
2207 1659 2371 1713 αὑτὸν
2394 1657 2682 1721 εὐλαϐείας
2712 1658 2774 1711 τὸ
2802 1657 3083 1729 καύχημα.
3123 1656 3185 1710 '0
3209 1655 3316 1727 γὰρ
3335 1648 3577 1715 τοιοῦτος
3600 1651 3690 1705 καὶ

415 1793 558 1836 aereo
591 1774 911 1831 reconditus
946 1785 1110 1828 suum
1143 1769 1193 1825 ei
1225 1768 1467 1823 calorem
1517 1743 1711 1833 utique
1734 1776 1995 1817 -commuo

2103 1752 2155 1804 ὲν
2188 1749 2621 1821 Χριστῷμένει,
2672 1751 2766 1803 καὶ
2815 1748 2953 1820 ἔχων
2996 1747 3294 1820 ὀφθήσεται
3325 1746 3452 1809 τοὺς
3501 1743 3692 1813 λόγους

417 1874 590 1935 nicat,
618 1869 699 1926 sic
727 1881 852 1938 quae
910 1879 1009 1935 per
1052 1862 1237 1918 omnis
1289 1857 1513 1913 virtutis
1546 1853 1882 1911 desiderium
1939 1852 1996 1907 in

416 1958 599 2013 anima
628 1964 684 2010 et
714 1952 880 2009 corde
926 1950 1212 2006 caelestem
1272 1961 1338 2002 ac
1398 1943 1647 2000 divinum
1682 1956 1997 1998 sermonem

416 2065 572 2105 mens
605 2045 873 2109 continet,
907 2056 1125 2112 semper
1151 2038 1220 2095 ad
1254 2036 1388 2093 illud
1415 2051 1512 2108 per
1534 2050 1661 2091 eum
1687 2032 1995 2089 incalescit.

417 2140 699 2209 Scriptum
751 2142 837 2191 est
870 2134 1067 2191 enim:
1144 2151 1162 2185 ι
1208 2128 1446 2202 Ignitum
1500 2125 1783 2198 eloquium
1842 2133 1996 2179 tuum

417 2232 795 2291 vehementer,
829 2233 885 2281 et
923 2238 1119 2280 servus
1154 2229 1283 2277 tuus
1320 2219 1517 2276 dilexit
1544 2217 1682 2273 illud
1706 2216 1773 2270 ³⁸.
1811 2234 1829 2267 ›
1858 2213 1997 2282 Qui-

415 2336 632 2393 cunque
670 2321 858 2391 igitur,
895 2316 1097 2387 inquit,
1142 2329 1274 2372 suas
1328 2326 1417 2368 res
1451 2310 1509 2365 in
1552 2311 1637 2366 his
1682 2309 1994 2371 constituit,

415 2433 591 2490 coque
643 2423 869 2473 evectus
919 2421 1005 2468 est
1062 2409 1252 2482 gloriae
1294 2414 1356 2461 ut
1396 2413 1452 2462 et
1502 2406 1558 2459 in
1608 2419 1695 2458 me
1752 2409 1993 2466 maneat,

417 2524 650 2579 meaque
681 2504 822 2577 apud
852 2517 914 2561 se
946 2502 1113 2559 verba
1140 2499 1362 2563 habeat,
1400 2495 1791 2551 incunctanter
1825 2507 1989 2548 acce-

416 2603 534 2666 dat,
565 2607 622 2656 et
650 2597 1021 2669 quodcunque
1037 2591 1278 2648 ’libuerit
1312 2602 1447 2645 cum
1485 2600 1701 2641 summa
1736 2584 1988 2639 libertate

420 2703 588 2765 petat,
628 2700 684 2748 et
716 2691 859 2745 citra
886 2700 1094 2743 moram
1138 2684 1306 2738 ullam
1331 2680 1554 2735 dabitur
1577 2677 1626 2733 ei
1661 2695 1674 2731 :
1706 2692 1808 2732 nec
1851 2676 1997 2731 enim

417 2785 648 2856 negabo.
696 2779 837 2835 Num
890 2794 1023 2848 ergo
1078 2776 1127 2832 si
1179 2772 1311 2828 mali
1353 2771 1560 2841 aliquid
1611 2777 1788 2839 petat,
1848 2767 1997 2822 illico

420 2875 711 2945 suscipiet,
754 2870 1004 2939 illudque
1056 2863 1279 2922 virtutis
1317 2876 1510 2917 amans
1569 2859 1714 2915 Deus
1748 2857 2000 2913 tribuet?

419 2963 620 3019 Procul
655 2962 748 3026 sit,
781 2971 989 3029 quaeso,
1027 2962 1179 3010 tanta
1212 2950 1461 3007 insania!
1487 2948 1633 3003 Nihil
1667 2947 1874 3019 quippe
1905 2947 1989 3001 vi-

346 3108 351 3111 _
420 3055 548 3111 tiosi
607 3058 700 3108 aut
748 3047 1019 3120 inquinati
1076 3044 1220 3101 Deus
1269 3042 1531 3114 largietur
1573 3055 1842 3113 prorsus:
1901 3039 1998 3094 sed

419 3146 588 3219 879
617 3141 969 3215 cogitandum
1017 3136 1202 3210 potius
1236 3136 1448 3206 justum
1495 3143 1550 3190 et
1610 3147 1829 3204 aequum
1881 3146 2004 3187 esse

424 3248 484 3293 nt
513 3238 607 3309 qui
655 3243 841 3290 manet
884 3233 939 3287 in
964 3230 1219 3296 Christo,
1255 3235 1312 3284 et
1370 3225 1538 3282 verba
1589 3225 1710 3294 ejus
1746 3223 1910 3279 habet
1947 3222 2003 3276 in

424 3330 630 3400 seipse,
665 3323 971 3398 prarsertim
1006 3336 1134 3377 cum
1164 3321 1345 3376 bonus
1373 3318 1448 3375 sit
1472 3332 1537 3371 ac
1557 3318 1706 3387 pius,
1730 3329 1796 3371 ea
1823 3314 2002 3371 solum

423 3422 555 3476 velit
588 3434 710 3490 qua:
763 3423 893 3472 sunt
944 3414 1054 3470 Deo
1099 3411 1439 3484 gratissima.
1496 3408 1753 3463 Divinum
1796 3406 2007 3476 quippe

424 3527 735 3571 sermonem
766 3512 820 3565 in
845 3507 1013 3564 corde
1031 3505 1366 3561 habentibus
1388 3512 1575 3573 petere
1593 3500 1862 3572 permittit
1884 3514 2008 3568 qua:

423 3622 550 3660 cuni
590 3603 803 3657 ratione
838 3599 1042 3664 volent,
1088 3611 1198 3651 non
1239 3595 1502 3666 ignorans
1540 3608 1639 3649 eos
1672 3590 2004 3663 spiritalium

426 3698 687 3753 nimirum
730 3707 795 3749 ac
841 3691 1155 3748 divinorum
1212 3687 1489 3743 bonorum
1529 3683 2007 3755 participationem

426 3786 843 3858 concupiscere.
887 3781 1031 3837 Cum
1071 3792 1201 3835 vero
1231 3791 1301 3833 ex
1360 3776 1449 3832 his
1503 3772 1769 3831 Servator
1821 3784 2010 3828 noster

426 3881 684 3936 Christus
716 3873 991 3946 imprimis
1022 3871 1283 3927 statuerit
1309 3868 1526 3941 qualem
1554 3875 1610 3923 et
1638 3866 1841 3938 quibus
1886 3879 2009 3919 mo-

429 3972 584 4027 ribus
611 3967 896 4039 praeditum
935 3979 1058 4022 esse
1092 3964 1248 4020 illum
1285 3968 1541 4034 oporteat
1577 3959 1674 4031 qui
1720 3964 2005 4029 precatur,

429 4075 484 4119 et
513 4076 861 4135 quaecunque
894 4058 1011 4113 vult
1041 4071 1072 4110 a
1104 4052 1216 4110 Deo
1241 4055 1558 4125 dignus-est
1602 4050 1873 4121 accipere,
1909 4063 2009 4103 uo-

431 4167 606 4213 strum
636 4149 1119 4210 institutum.buic
1148 4146 1585 4207 cent‘ermemus,
1615 4142 1663 4199 si
1698 4141 2010 4213 benignita-
2043 4150 2048 4157 ”

430 4259 504 4305 tis
516 4260 767 4319 superna:
784 4249 1067 4313 compotes
1088 4240 1207 4295 lteri
1234 4238 1487 4295 velimus.
1518 4235 1618 4291 Sin
1640 4243 1846 4299 autem,
1872 4234 2011 4290 scito

312 4391 323 4401 .
434 4351 487 4396 te
518 4341 681 4395 talem
723 4334 862 4399 fore,
894 4334 1116 4405 qualem
1146 4331 1310 4386 nobis
1339 4329 1595 4385 Christus
1641 4326 1806 4382 modo
1837 4324 2011 4395 signi-

2029 3105 2071 3160 Ο

2098 1843 2287 1910 αὐτοῦ,
2314 1843 2456 1898 κατὰ
2493 1842 2555 1897 τὸ
2574 1844 2630 1896 ὲν
2652 1841 2827 1914 βίϐλῳ
2847 1842 3093 1913 Ψαλμῶν
3115 1842 3236 1911 είρη
3246 1839 3428 1910 μένον,
3452 1836 3531 1900 ὡς
3556 1835 3693 1908 πρὸς

2098 1937 2253 1992 Θεόν·
2301 1957 2320 1989 ι
2373 1937 2462 1991 Ἑν
2521 1939 2588 2009 τῇ
2611 1933 2811 2007 καρδίᾳ
2848 1951 2951 2006 μου
3008 1932 3222 2004 ἔκρυψα
3245 1931 3316 1985 τὰ
3365 1928 3522 1999 λόγιά
3574 1946 3690 1992 σου,

2098 2029 2247 2093 ὅπως
2273 2028 2340 2084 ἂν
2396 2028 2472 2101 μὴ
2512 2027 2745 2101 ἁμάρτω
2778 2044 2883 2083 σοι.
2925 2045 2945 2079 ι
2982 2027 3195 2099 Ὥσπερ
3236 2024 3365 2097 γὰρ,
3423 2022 3481 2076 εἴ
3522 2039 3603 2085 τις
3629 2022 3695 2074 ὲν

2097 2122 2258 2191 ἄγγει
2286 2120 2473 2192 χαλκῷ
2501 2120 2672 2192 πυρὸς
2702 2119 2958 2173 ἁπόθοιτο
2991 2118 3232 2191 σπέρμα,
3258 2116 3481 2179 πάντως
3501 2114 3564 2185 δή
3589 2131 3690 2166 που

2098 2217 2191 2269 καὶ
2216 2214 2318 2286 τῆς
2342 2212 2479 2285 παρ’
2518 2212 2684 2266 αὐτοῦ
2725 2211 3059 2284 θερμότητος
3082 2209 3403 2265 ἀποτελέσει
3443 2207 3689 2279 μέτοχον·

2097 2307 2270 2371 οὕτως
2304 2308 2335 2360 6
2369 2308 2430 2360 ὲν
2460 2304 2606 2377 ψυχῇ
2627 2321 2686 2358 τε
2717 2306 2813 2359 καὶ
2858 2303 3056 2375 καρδίᾳ
3086 2301 3177 2356 τὸν
3215 2300 3357 2355 θεῖόν
3387 2317 3447 2353 τε
3481 2298 3577 2352 καὶ
3602 2297 3694 2350 οὐ-

2100 2402 2284 2471 ράνιον
2310 2398 2470 2467 λόγον
2519 2395 2855 2467 διακατέχων
2911 2393 3059 2460 νοῦς,
3092 2393 3160 2447 δι’
3189 2392 3428 2462 ἐφέσεως
3468 2390 3570 2461 τῆς
3616 2389 3695 2452 είς

2099 2494 2320 2549 ἅπασαν
2348 2488 2576 2561 ἀρετὴν,
2606 2487 2694 2542 ἀεὶ
2724 2487 2862 2558 πρὸς
2904 2484 3064 2540 τοῦτο
3095 2485 3163 2539 δι’
3193 2482 3363 2539 αὐτοῦ
3406 2482 3694 2554 θερμαίνε-

2097 2603 2209 2640 ται.
2234 2584 2547 2655 Γέγραπται
2565 2577 3138 2653 γάρ’«Πεπυρωμένον
3167 2577 3227 2632 τὸ
3250 2574 3429 2645 λόγιόν
3449 2591 3543 2627 σου
3568 2572 3697 2641 στρό-

2098 2677 2220 2748 δρα,
2258 2676 2354 2730 καὶ
2376 2676 2405 2728 6
2452 2673 2638 2738 δοῦλός
2668 2690 2763 2727 σου
2801 2673 3088 2743 ἠγάπησεν
3135 2670 3287 2724 αὐτό.
3327 2686 3346 2719 ι
3393 2666 3454 2720 '0
3490 2664 3693 2728 τοίνυν,

2099 2768 2256 2838 φησι,
2294 2766 2642 2836 καταστήσας
2671 2766 2729 2819 ὲν
2757 2763 2965 2827 τούτοις
2985 2762 3055 2816 τὰ
3100 2762 3222 2816 καθ’
3243 2759 3460 2822 ἑαυτὸν,
3492 2756 3586 2811 καὶ
3615 2759 3698 2820 εις

2096 2859 2254 2913 τοῦτο
2275 2859 2458 2913 λοιπὸν
2475 2857 2826 2928 καυχήματος
2840 2855 3296 2925 ἀναδεδηκὼς,ὠς
3311 2856 3368 2908 ἐν
3388 2855 3509 2927 ἐμοί
3525 2873 3581 2909 τε
3601 2854 3699 2925 μέ-

2098 2969 2209 3007 νειν
2225 2951 2406 3016 αὐτὸν,
2439 2951 2582 3022 ἔχειν
2608 2967 2666 3004 τε
2699 2950 2829 3021 παρ’
2852 2949 3030 3021 ἑαυτῷ
3044 2949 3171 3012 τοὺς
3205 2949 3371 3020 ὲμοῦς
3388 2949 3699 3018 λόγους,ἁν-

2104 3042 2413 3107 υποστόλως
2428 3041 2694 3114 προσίτω,
2710 3044 2807 3095 καὶ
2827 3042 2965 3113 ὅπερ
2981 3039 3048 3094 ἂν
3070 3041 3168 3112 ἔχῃ
3187 3041 3322 3111 πρὸς
3341 3041 3533 3113 ἡδονὴν
3550 3038 3699 3107 ἐξαι-

2104 3136 2265 3189 τείτω
2296 3135 2417 3189 τότε
2452 3136 2549 3188 σὺν
2575 3133 2860 3206 παρρησίᾳ
2890 3133 3086 3204 πολλῇ,
3115 3133 3212 3186 καὶ
3242 3132 3554 3204 μελλησμοῦ
3577 3132 3701 3201 δίχα

2104 3226 2389 3298 δοθήσεται
2446 3224 2639 3295 αύτῷς
2678 3224 3002 3278 κατανεύσω
3040 3223 3167 3295 γὰρ,
3224 3223 3408 3293 φησίν.
3446 3219 3573 3293 Ἆρ’
3610 3218 3702 3276 οὖν

2106 3319 2257 3383 εἴτις
2283 3319 2385 3375 κᾶν
2412 3335 2466 3372 τι
2487 3316 2594 3372 τῶν
2625 3316 2844 3387 φαύλων
2875 3318 3000 3387 αἰτῇ
3026 3315 3426 3388 προαλέστερον
3444 3314 3698 3386 λήψεται,

2106 3412 2203 3465 καὶ
2227 3410 2432 3465 τούτων
2464 3409 2618 3464 ἔσται
2636 3408 2927 3479 διανομεὺς
2952 3409 2982 3461 6
3004 3407 3322 3480 φιλάρετοςς
3361 3409 3574 3476 Ἄπαγε
3604 3407 3703 3475 τῆς

2105 3501 2447 3569 δυσϐουλίας,
2492 3500 2766 3571 ἄνθρωπε.
2854 3498 3093 3568 ’Δπηχὲς
3144 3498 3254 3569 γὰρ
3305 3497 3479 3565 οὐδὲν,
3530 3497 3567 3569 ἢ
3596 3497 3703 3550 τῶν

2107 3596 2242 3658 ὅλως
2265 3592 2756 3664 κατηγορουμένων
2784 3591 2873 3645 ἐπ’
2896 3591 3213 3664 αἰσχρότητι
3237 3591 3536 3662 χορηγήσει
3551 3587 3704 3649 Θεός·

2109 3688 2289 3741 ἐκεῖνο
2314 3684 2372 3738 δὲ
2397 3683 2597 3755 μᾶλλον
2625 3683 2879 3754 ἐννοῆσαι
2914 3681 3367 3755 πρεπωδέστερον
3391 3680 3445 3751 (ἢ
3472 3681 3583 3751 γὰρ
3606 3681 3706 3733 οὐκ

2110 3778 2266 3832 ἔσται
2326 3773 2533 3828 δίκαιόν
2581 3791 2642 3826 τε
2685 3773 2780 3826 καὶ
2823 3772 3001 3843 ὀρθῶς
3040 3770 3208 3842 ἔχον),
3257 3770 3332 3834 ὡς
3362 3771 3391 3822 6
3440 3768 3624 3839 μένων
3650 3771 3708 3821 ὲν

2109 3867 2352 3941 Χριστῷ,
2387 3867 2482 3922 καὶ
2521 3865 2660 3936 ἔχων
2693 3867 2752 3919 ὲν
2778 3864 2956 3935 ἑαυτῷ
2980 3866 3108 3927 τοὺς
3144 3863 3336 3932 λόγους
3359 3861 3545 3925 αὑτοῦ,
3577 3860 3709 3932 πρό-

2109 3964 2269 4035 δηλον
2298 3963 2380 4017 ὃτι
2405 3962 2501 4016 ἆτε
2524 3960 2622 4014 καὶ
2655 3959 2859 4029 ἀγαθὸς
2887 3959 2963 4013 ῶν
2992 3959 3087 4013 καὶ
3116 3956 3385 4029 ἐπιεικὴς,
3411 3956 3549 4027 μόνα
3578 3971 3713 4026 cppe-

2111 4057 2221 4109 νεῖν
2253 4053 2460 4123 ἔγνωκε
2484 4051 2553 4105 τὰ
2576 4050 2697 4120 Θεῷ
2719 4050 2866 4121 θυμη
2875 4049 3128 4120 ρὲστατα.
3153 4050 3279 4112 Τοῖς
3301 4047 3411 4117 γὰρ
3425 4047 3483 4100 ὲν
3510 4044 3710 4116 καρδίᾳ

2111 4149 2203 4203 τὸν
2232 4147 2375 4201 θεῖον
2397 4145 2581 4217 ἔχουσι
2633 4144 2811 4212 λόγον,
2845 4142 2990 4215 ἅπερ
3035 4141 3102 4197 ἂν
3134 4141 3409 4213 βούλοιντο
3436 4137 3711 4209 καθηκόν-

2111 4251 2240 4299 τως,
2286 4231 2588 4305 ἐπέτρεψεν
2629 4232 2820 4295 αίτεῖν,
2867 4232 2968 4286 οὐκ
2998 4232 3272 4303 ἀγνοήσας
3320 4226 3708 4301 πνευματικῶν

2112 4325 2353 4397 δηλονότι
2391 4326 2485 4380 καὶ
2512 4324 2673 4380 θείων
2721 4325 2943 4395 ἀγαθῶν
2981 4323 3236 4396 όρεκτίαν
3269 4322 3385 4396 [γρ.
3427 4318 3708 4394 όρεκτιᾷν]

436 4433 640 4488 ticavit.
671 4429 797 4484 Noli
851 4426 1128 4496 repulsam
1173 4437 1316 4492 :egre
1362 4422 1494 4491 pati.
1537 4418 1696 4486 Quod
1748 4418 1807 4473 εἰ·
1849 4430 2003 4487 grave

2115 4420 2215 4490 τῆς
2268 4417 2555 4489 μεθέξεως.
2599 4417 2957 4490 Ὀρισαμένου
2986 4416 3042 4469 δὲ
3083 4415 3173 4470 διὰ
3218 4415 3410 4469 τούτου
3455 4408 3515 4468 εὖ
3560 4412 3709 4484 μάλα

432 4527 580 4582 istud
611 4524 708 4578 tibi
729 4522 967 4580 videtur,
984 4516 1329 4585 coniungens
1357 4512 1764 4568 tideibonorum
1786 4523 2010 4580 operum

434 4617 665 4690 gloriam
706 4613 837 4683 (hoc
869 4609 1017 4665 enim
1077 4605 1250 4661 estin
1295 4604 1517 4659 Christo
1562 4616 1809 4666 manere,
1853 4607 1911 4655 et
1959 4600 2014 4654 in

437 4709 627 4779 seipse
672 4702 838 4759 verba
897 4699 1020 4769 ejus
1053 4696 1320 4766 habere),
1380 4708 1611 4750 securus
1648 4690 1917 4752 accedito,
1961 4697 2017 4744 et

358 4838 365 4841 -
437 4801 577 4854 citra
605 4791 1016 4852 cunctationem
1046 4787 1214 4841 ullam
1254 4784 1494 4857 accipies
1518 4781 1889 4854 quodcunque
1915 4794 2015 4851 po-

438 4890 685 4963 posceris
712 4903 741 4941 a
776 4885 908 4941 Deo.

2110 4509 2205 4566 τοῦ
2233 4511 2483 4582 Σωτῆρος
2515 4508 2673 4580 ήμῶν
2711 4506 2972 4580 Χριστοῦ,
3006 4506 3092 4571 τίς
3120 4522 3181 4559 τε
3212 4505 3321 4577 εἴη,
3350 4505 3445 4559 καὶ
3469 4502 3711 4568 ποδαπὸς

2111 4600 2203 4655 τὸν
2225 4599 2426 4671 τρόπον
2454 4599 2484 4650 ὁ
2512 4597 2966 4669 προσευχόμενος,
3019 4598 3115 4651 καὶ
3168 4594 3469 4666 λαμὸἀνειν
3513 4592 3707 4660 ἀξιῶν,

2113 4694 2263 4764 ἅπερ
2284 4692 2351 4746 ἂν
2376 4690 2632 4762 βούληται
2661 4690 2813 4762 παρά
2857 4688 3015 4755 Θεοῦ,
3055 4687 3154 4759 τὴν
3187 4687 3395 4742 ἑαυτῶν
3440 4687 3521 4749 είς
3550 4683 3713 4740 τοῦτο

2108 4782 2527 4852 διαπλάττωμεν
2578 4780 2874 4844 πολιτείαν,
2928 4780 2977 4832 εί
3031 4779 3215 4849 τυχεῖν
3274 4774 3547 4848 εὐχόμεθα
3607 4772 3713 4843 τῆς

2114 4875 2323 4930 ἄνωθεν
2349 4875 2658 4944 εὐμενείας.
2693 4875 2757 4927 El
2813 4874 2870 4927 δὲ
2903 4871 3000 4944 μὴ,
3032 4871 3227 4926 σαυτὸν
3262 4865 3420 4924 οἶσθα
3447 4866 3712 4938 γεγονότα

438 4987 693 5050 τοιοῦτον,
738 4985 919 5037 ὁποῖον
961 4982 1091 5052 ἡμῖν
1136 4978 1337 5052 ἀρτίως
1378 4971 1656 5038 ὑπέδειξεν
1702 4970 1732 5023 6
1766 4972 2020 5043 Χριστός.
2083 4970 2176 5041 Μὴ
2222 4971 2479 5042 δυσφόρει
2532 4969 3035 5040 παρακρουόμενος.
3091 4968 3155 5022 Ei
3219 4966 3277 5020 δέ
3306 4983 3388 5019 σοι
3432 4965 3588 5019 ¹δοκεῖ
3648 4964 3715 5017 τὸ

440 5083 670 5155 πρᾶγμα
695 5075 968 5148 φορτικὸν,
987 5067 1444 5142 συμπαραζεύξας
1463 5067 1528 5136 τῇ
1553 5062 1731 5116 πίστει
1762 5062 1935 5155 ,τὰιὲκ
1963 5063 2060 5133 τῆς
2096 5060 2464 5132 ἀγαθουργίας
2493 5062 2821 5132 καυχήματα
2838 5057 3016 5119 (τοῦτο
3042 5057 3152 5128 γάρ
3186 5059 3303 5110 ἐστι
3332 5055 3394 5109 τὸ
3421 5056 3604 5126 μένειν
3655 5055 3716 5107 ὲν

441 5145 661 5246 Χριστῷ
683 5145 822 5236 ,καὶ
856 5168 999 5239 ἔχειν
1030 5169 1088 5220 ὲν
1118 5162 1294 5231 ἑαυτῷ
1318 5160 1445 5222 τοὺς
1487 5157 1679 5225 λόγους
1711 5152 1922 5223 αὐτοῦ),
1975 5153 2191 5225 πρόσιθι
2231 5151 2532 5221 πεποιθὼς,
2585 5151 2680 5206 καὶ
2713 5150 2861 5224 λήψῃ
2897 5150 2990 5205 καὶ
3036 5148 3197 5213 αὐτὸς
3237 5146 3547 5220 μελλησμοῦ
3590 5145 3717 5217 δίχα

443 5269 660 5331 παντὸς,
692 5269 828 5336 ὅπερ
847 5263 911 5319 ἂν
935 5261 1161 5330 αἰτήσῃς
1195 5255 1345 5325 παρὰ
1364 5250 1527 5306 Θεοῦ.

510 5352 631 5419 ΧΥ,
671 5355 725 5409 8.
770 5337 860 5406 ιιι*
885 5351 980 5405 hoc
1012 5346 1345 5416 clariﬁcatus
1403 5351 1480 5397 est
1524 5341 1686 5395 Pater
1735 5354 1920 5402 meus,
1963 5346 2018 5390 ιιι

443 5452 675 5516 fructum
704 5443 991 5514 plurimum
1021 5438 1260 5507 aﬁ'emlis
1280 5477 1292 5495 ,
1326 5442 1373 5487 ct
1394 5430 1695 5502 clﬁciamini
1726 5428 1824 5481 ιιιεὶ
1858 5427 2022 5480 disci-

440 5539 577 5610 puli.

514 5628 889 5686 (Llnriﬁcatum
929 5638 1052 5678 esse
1092 5620 1224 5675 dicit
1265 5632 1425 5674 suum
1466 5614 1683 5668 Patrem
1734 5624 1796 5664 ac
1826 5607 2019 5671 Deum,

521 5748 565 5780 ⁸³
599 5743 719 5802 Jac.
757 5758 833 5811 ιι,
872 5741 957 5797 19.
1036 5741 1080 5772 ³³
1116 5736 1258 5794 Psal.
1291 5746 1461 5789 cxvtn
1486 5770 1499 5797 ,
1544 5727 1628 5782 ll.
1711 5725 1761 5807 "r
1791 5723 1920 5779 ibid.
1968 5721 2088 5776 HO.

2211 5334 2307 5386 Ἑν
2348 5332 2537 5398 τούτῳ
2568 5329 2869 5397 ἐδοξάσθη
2918 5332 2952 5383 ό
2998 5328 3198 5396 Πατήρ
3238 5345 3379 5397 μου,
3420 5329 3523 5382 ἵνα
3571 5343 3716 5398 καρ-

2126 5425 2248 5477 πὸν
2299 5423 2499 5477 πολὺν
2563 5424 2814 5491 φέρητε,
2869 5421 2968 5476 καὶ
3022 5421 3356 5491 γενήσεσθε
3416 5421 3549 5490 ἐμοὶ
3598 5435 3716 5492 μα-

2129 5515 2323 5571 θητιιί.

2208 5534 2323 5568 ται.

2170 5534 2516 5673 ηΔεδοξᾰισθαι.
2566 5607 2697 5677 φησι
2749 5607 2837 5660 τὸν
2903 5604 3096 5661 ἑαυτοῦ
3148 5604 3370 5675 Πατέρα
3415 5602 3509 5659 καὶ
3557 5601 3724 5674 Θεὸν,
