4042 6204
407 323 511 381 371

1417 319 1474 377 S.
1517 320 1796 377 CYRILLI
1831 323 2299 385 ALEXANDRINI
2339 329 2662 387 ARGHIEP.

3558 325 3663 380 3'73

401 441 638 512 Ideoque
666 437 884 496 dicebat
918 460 929 494 ε
986 458 1004 490 ι
1041 436 1160 492 Νοιι
1211 436 1330 492 veni
1384 438 1602 493 solvere
1644 440 1838 510 legem,
1880 443 1971 498 sed

2083 447 2357 514 ἐκϐάλλει,
2389 447 2484 501 καὶ
2514 446 2746 514 παλαιὰ,
2776 445 2874 518 τὴν
2900 443 2994 499 τοῦ
3023 445 3188 516 νόμον
3221 442 3400 505 σκιὰν,
3436 443 3529 496 καὶ
3565 443 3664 513 τῆς

403 528 811 603 adimplere“;
859 549 878 581 ι
925 539 978 604 et
1024 543 1270 584 rursus:
1317 547 1335 580 ι
1381 527 1553 583 Amen
1581 571 1596 593 ,
1647 545 1804 584 amen
1847 531 1976 586 dico

389 625 561 679 ’vobis
584 662 599 684 .
635 623 746 678 iota
776 639 946 679 unum
982 631 1079 676 aut
1111 636 1257 676 unus
1286 636 1424 690 apex
1464 636 1574 675 non
1613 623 1913 689 prmteribit
1944 638 1973 675 a

401 715 540 785 lege,
567 713 746 771 donec
784 713 970 768 omnia
1006 711 1136 767 (iant
1167 711 1232 765 ⁸⁵.
1272 731 1290 763 ι
1320 710 1558 766 Fructus
1587 711 1773 782 itaque
1800 713 1974 783 pluri—

400 806 645 877 musqui
674 806 728 859 in
759 803 972 875 Spiritu
1005 812 1060 858 et
1089 802 1322 876 veritate
1351 803 1633 866 consistit,
1665 803 1972 872 evangelici

398 898 583 952 cultus
617 897 701 952 vis
737 903 792 950 et
829 893 972 950 ratio
1009 902 1114 956 est.
1150 892 1597 965 quandoquidem
1645 895 1699 948 in
1742 894 1974 964 gloriam

399 988 494 1042 Dei
535 1003 599 1043 ac
627 987 808 1042 Patris
843 987 1006 1041 homo
1042 984 1224 1039 factus
1257 991 1343 1039 est
1370 983 1729 1054 Unigenitus.
1759 983 1974 1039 Idcirco

375 1094 530 1160 ivero
557 1077 793 1148 contigit
824 1083 883 1132 ut
909 1084 965 1132 et
1013 1076 1266 1130 homines
1313 1074 1436 1145 ejus
1467 1073 1725 1143 discipuli
1757 1063 1972 1128 tierent.

376 1167 750 1238 ,Loquebatur
781 1169 928 1224 enim
957 1167 1237 1223 veteribus
1261 1167 1426 1219 etiam
1453 1165 1581 1218 olim
1610 1179 1707 1234 per
1739 1167 1974 1234 prophe-

399 1270 485 1316 tas
511 1259 590 1327 "',
627 1268 686 1314 ut
716 1259 881 1324 Deus,
909 1258 1006 1314 sed
1033 1273 1197 1314 causa
1229 1258 1390 1328 881
1425 1257 1599 1312 nostri
1636 1265 1689 1312 et
1718 1257 1784 1310 de
1814 1256 1974 1310 nobis

399 1347 611 1403 dictum
647 1357 732 1404 est
772 1365 785 1402 :
822 1367 841 1399 ι
887 1348 954 1401 Et
996 1355 1159 1403 erunt
1191 1362 1383 1401 omnes
1417 1346 1682 1401 docibiles
1718 1345 1810 1400 Dei
1843 1348 1907 1399 ‘7.
1949 1365 1966 1396 ι

370 1439 568 1516 ,Νοιιίε
603 1441 748 1495 enim
785 1440 881 1509 qui
934 1440 989 1493 in
1049 1453 1173 1492 eum
1224 1437 1561 1492 credidimus
1611 1438 1753 1492 alius
1810 1453 1975 1493 nemo

369 1521 708 1586 sermonem
735 1531 857 1600 ejus
887 1530 1260 1594 annuntiavit,
1293 1529 1388 1584 sed
1419 1543 1520 1583 nec
1559 1529 1679 1597 ejus
1717 1529 1972 1584 volunta-

396 1632 514 1678 tum
573 1623 949 1678 internuntius
998 1623 1290 1691 quisquam
1366 1621 1492 1686 l'uit,
1554 1621 1720 1676 sicuti
1778 1637 1973 1690 nempe

396 1713 580 1768 Moses
624 1712 888 1767 lsraelitis
938 1712 994 1766 in
1043 1719 1227 1764 monte
1281 1708 1433 1775 Sina,
1476 1717 1570 1763 aut
1606 1721 1734 1780 post
1785 1709 1969 1766 Mosen

2077 541 2136 592 ὲν
2189 539 2339 609 νόμῳ
2386 539 2643 610 λατρείας
2690 537 2789 608 τὴν
2849 536 3078 607 δύναμιν
3139 532 3531 604 μεταπλάττων
3585 532 3666 598 είς

2079 630 2263 701 σχῆμα
2316 630 2591 693 πολιτείας
2640 627 3018 697 εὐαγγελικῆς.
3056 628 3137 679 Ὃέ
3174 627 3284 696 γὰρ
3339 623 3526 694 ἐδήλου
3575 621 3664 678 διὰ

2074 719 2184 773 τῶν
2212 720 2398 773 τύπων
2435 723 2464 773 ό
2496 721 2675 790 νόμος.
2707 716 2864 771 τοῦτο
2891 716 3126 788 Χριστὸς
3167 713 3658 786 ἀπημφιεσμένως,

2075 812 2134 865 ἐν
2155 810 2402 882 ἀληθείᾳι
2439 811 2532 864 Διὸ
2563 811 2656 863 καὶ
2687 809 2870 879 ἔλεγεν
2891 825 2904 839 ο
2937 827 2955 860 t
2995 807 3109 862 Οὐκ
3154 802 3321 877 ἦλθον
3361 803 3661 858 καταλῦσαι

2075 901 2166 955 τὸν
2207 903 2388 972 νόμον,
2443 901 2580 956 ἀλλὰ
2627 901 2944 972 πληρῶσαι·
2987 918 3004 951 ι
3035 899 3130 952 καὶ
3168 897 3360 952 πάλινηο
3399 917 3418 948 ι
3467 897 3658 966 Ἀμὴν,

2075 994 2223 1063 ἀμὴν
2256 993 2398 1063 λέγω
2425 995 2573 1065 ὑμῖν,
2605 994 2738 1047 ἰῶτα
2771 993 2850 1055 ἒν,
2877 993 2910 1062 ἢ
2961 991 3059 1061 μία
3095 990 3294 1060 κεραία
3326 988 3384 1041 οὐ
3417 990 3490 1058 μὴ
3522 1004 3662 1057 παρ-

2075 1084 2205 1156 έλθῃ
2228 1086 2334 1138 ἀπὸ
2357 1085 2449 1138 τοῦ
2469 1086 2653 1156 νόμον,
2680 1085 2784 1148 ἕως
2808 1085 2873 1138 ἂν
2916 1084 3092 1137 πάντα
3116 1082 3360 1152 γένηται.
3395 1099 3413 1131 ι
3435 1080 3661 1148 Καρπδς

2073 1170 2165 1228 οὖν
2195 1174 2304 1245 ἄρα
2331 1175 2498 1238 πολὺς
2526 1177 2566 1227 ό
2588 1176 2644 1228 ὲν
2675 1173 2952 1244 Πνεύματι
2975 1173 3071 1226 καὶ
3095 1171 3341 1243 ἀληθείᾳ,
3365 1173 3464 1241 τῆς
3497 1171 3658 1238 εὐαγ-

2074 1266 2297 1336 γελικῆς
2341 1266 2593 1336 λατρείας
2623 1268 2664 1336 ἡ
2690 1265 2937 1336 δύναμις,
2987 1263 3219 1333 ἐπείπερ
3255 1264 3334 1325 εἰς
3375 1261 3533 1326 δόξαν
3563 1260 3656 1314 τοῦ

2073 1356 2207 1409 Θεοῦ
2255 1357 2350 1409 καὶ
2397 1357 2630 1428 Πατρδς,
2670 1355 2955 1426 ἄνθρωπος
2983 1354 3204 1422 γέγονεν
3247 1356 3275 1406 ὁ
3325 1352 3654 1422 Μονογενής.

2075 1447 2396 1518 Συμϐἐὸηκε
2422 1448 2478 1500 δὲ
2510 1447 2598 1500 διὰ
2621 1446 2780 1500 τοῦτο
2807 1445 2900 1500 καί
2931 1444 3094 1497 αὐτοῦ
3123 1442 3379 1512 γενέσθαι
3413 1441 3659 1513 μαθητὰς

2071 1538 2198 1600 τοὺς
2223 1537 2383 1600 ὄντας
2408 1537 2501 1590 ἐπὶ
2525 1537 2624 1602 τῆς
2651 1537 2774 1606 γῆς.
2811 1533 3142 1605 Προσελάλει
3167 1534 3275 1605 γὰρ
3298 1535 3412 1596 τοῖς
3443 1535 3660 1604 ἀρχαιο-

2073 1628 2270 1698 τέροις,
2307 1631 2402 1681 καὶ
2437 1629 2605 1682 πάλαι
2638 1628 2726 1682 διὰ
2767 1627 2878 1682 τῶν
2911 1626 3206 1699 προφητῶν
3244 1627 3319 1689 ὠς
3353 1626 3506 1693 Θεὸς,
3541 1625 3658 1680 ἀλλ’

2073 1721 2152 1783 εἰς
2182 1722 2215 1790 ἠ
2226 1721 2350 1791 μᾶς,
2377 1722 2470 1773 καὶ
2493 1721 2621 1791 περὶ
2649 1720 2804 1790 ἡμῶν
2833 1720 3068 1788 ἐλέγετο*
3100 1738 3118 1771 ι
3145 1718 3257 1772 Καὶ
3289 1717 3500 1770 ἔσονται
3523 1718 3657 1772 πάν-

393 1803 676 1874 ρτορίιεῑεε
734 1803 822 1857 sui
875 1801 1142 1872 temporis
1194 1800 1546 1866 hominibus;
1614 1815 1801 1854 verum
1853 1801 1971 1871 ipse

2074 1781 2164 1873 τες
2190 1781 2426 1863 δίδακτοὶ
2461 1781 2617 1862 Θεού.
2651 1781 2876 1880 »ΠἪμῖν
2914 1781 3024 1881 γὰρ
3076 1811 3187 1872 τοῖς
3231 1809 3312 1872 εἰς
3354 1807 3513 1860 αὑτὸν
3563 1824 3655 1859 πι-

393 1911 498 1952 nos
527 1895 716 1951 docuit
745 1894 1022 1951 Christus.
1082 1892 1358 1948 Docibiles
1415 1902 1600 1948 autem
1633 1891 1727 1948 Dei
1779 1906 1972 1949 omnes

394 1985 609 2041 ideirco
645 1999 862 2040 sumus.
910 1983 1029 2038 Non
1061 1997 1192 2052 ergo
1247 1980 1374 2036 lacti
1438 1996 1686 2036 essemus
1738 1983 1964 2036 omnino

393 2077 516 2146 ejus
543 2075 836 2147 discipuli,
872 2089 976 2130 nec
1003 2073 1177 2129 divini
1208 2073 1417 2127 amoris
1454 2071 1698 2126 fructum
1733 2087 1970 2142 emnque

393 2169 628 2224 multum
680 2167 1004 2229 ederemus.
1056 2165 1171 2220 nisi
1219 2179 1316 2234 per
1363 2163 1753 2233 benignitatem
1809 2178 1966 2217 suam

393 2258 728 2316 clarillcatus
778 2264 926 2312 esset
960 2255 1144 2320 Pater,
1190 2254 1282 2308 cui
1318 2254 1398 2308 sic
1450 2253 1852 2323 beneplacitum
1884 2263 1969 2309 est

391 2352 448 2406 in
476 2351 660 2419 nobis,
683 2358 743 2406 ut
764 2349 1007 2405 Verbum
1033 2349 1181 2420 quod
1210 2363 1276 2404 ex
1300 2349 1416 2416 ejus
1445 2346 1754 2402 substantia
1780 2361 1969 2416 proce-

397 2443 479 2498 dit
505 2444 781 2498 hominem
820 2441 938 2497 ﬁeri
974 2441 1236 2496 voluerit.
1273 2438 1363 2494 Sic
1397 2439 1768 2509 intelligemus
1797 2439 1964 2503 enim,

392 2551 520 2590 cum
554 2536 609 2590 in
659 2533 966 2606 Scripturis
997 2533 1198 2589 divinis
1243 2532 1532 2588 audiemus
1577 2547 1700 2587 eum
1745 2531 1968 2587 dedisse

391 2626 591 2683 Filium
619 2644 803 2685 suum.
836 2628 892 2683 ld
924 2627 1069 2683 enim
1097 2625 1430 2696 complacuit
1459 2626 1506 2680 ei
1539 2625 1632 2694 qui
1669 2640 1768 2695 pro
1805 2623 1965 2679 nobis

389 2719 505 2788 pati
546 2718 744 2782 voluit,
777 2719 1118 2788 proindeque
1148 2714 1312 2772 etiam
1364 2716 1582 2770 dedisse
1616 2716 1837 2778 dicitur,
1881 2715 1966 2768 id-

389 2824 501 2878 que
534 2809 692 2865 valde
729 2816 1119 2864 consentanee.

2071 1901 2382 1967 στεύσασιν,
2417 1903 2517 1972 οὐχ
2565 1901 2752 1972 ἕτερός
2810 1919 2894 1965 τις
2945 1900 3341 1972 μεσολαϐήσας,
3388 1898 3478 1951 τὸν
3524 1898 3655 1968 παρ’

2067 1992 2232 2045 αὐτοῦ
2260 1993 2654 2064 διεπόρθμευσε
2682 1994 2858 2063 λόγον,
2884 1993 2999 2045 ἀλλ’
3033 1992 3154 2045 οὐδὲ
3197 1991 3422 2061 μεσίτης
3458 1989 3646 2058 γέγονε

2063 2084 2173 2138 τῶν
2211 2084 2531 2155 θελημάτων
2571 2083 2735 2139 αὐτοῦ
2783 2085 2921 2155 πρὸς
2966 2085 3132 2152 ἡμᾶς,
3168 2082 3418 2150 καθάπερ
3463 2079 3652 2150 ἀμέλει

2065 2177 2267 2247 Μωσῆς
2302 2179 2413 2241 τοῖς
2444 2176 2503 2242 ἐξ
2539 2176 2769 2248 Ἰσραὴλ,
2813 2176 2971 2246 ἐντῷ
3014 2175 3132 2246 ὄρει
3182 2175 3329 2245 Σινᾷ,
3385 2175 3552 2243 ἤγουν
3603 2173 3651 2226 οι

2071 2267 2210 2335 μετὰ
2235 2267 2441 2321 Μωσέα
2481 2269 2758 2339 προφῆται
2800 2269 2912 2331 τοῖς
2955 2265 3076 2320 κατ’
3104 2265 3322 2328 αὐτοὺς,
3353 2263 3466 2318 ἀλλ’
3492 2261 3652 2327 αὐτὸς

2067 2358 2216 2426 ἡμᾶς
2249 2357 2486 2429 ἐδίδαξεν
2519 2360 2546 2411 ὁ
2569 2358 2821 2429 Χριστός.
2861 2358 3107 2411 Διδακτοὶ
3139 2357 3194 2410 δὲ
3221 2355 3355 2408 Θεοῦ
3386 2355 3474 2408 διὰ
3495 2354 3654 2407 τοῦτο

2067 2449 2267 2511 πάντες
2310 2451 2491 2520 ἡμεῖς.
2544 2451 2659 2503 Οὐκ
2707 2451 2773 2504 ἂν
2821 2445 2914 2503 οὖν
2959 2449 3094 2513 ὅλως
3143 2447 3308 2502 αὑτοῦ
3347 2446 3652 2516 γεγόναμεν

2070 2539 2330 2609 μαθηταὶ,
2357 2541 2458 2594 οὐκ
2499 2539 2565 2594 ἂν
2599 2541 2860 2611 ὲτέκομεν
2888 2540 2977 2594 τὸν
3009 2540 3107 2610 τῆς
3137 2538 3411 2608 φιλοθεῖας
3436 2534 3650 2608 καρπῦν

2073 2627 2166 2681 καὶ⁹
2193 2627 2382 2681 τοῦτον
2425 2628 2611 2693 πολὺν,
2653 2631 2702 2682 εἰ
2751 2628 2826 2700 μὴ
2871 2627 3129 2696 ἐδοξάσθη
3167 2628 3232 2680 δι’
3261 2625 3595 2696 ἡμερότητος
3621 2626 3652 2677 ό

2072 2717 2282 2788 Πατὴρ,
2306 2717 2603 2787 εὐδοκήσας
2639 2719 2696 2770 ὲν
2735 2719 2886 2788 ἡμῖν,
2931 2719 3002 2780 ὡς
3051 2717 3142 2770 καὶ⁸
3189 2716 3474 2785 ἄνθρωπον
3501 2713 3651 2781 γενέ·

2075 2807 2218 2872 σθαι,
2250 2808 2341 2860 τὸν
2384 2811 2450 2861 ὲκ
2495 2809 2596 2878 τῆς
2635 2808 2823 2872 οὐσίας
2868 2808 3032 2862 αὐτοῦ
3077 2807 3404 2878 προελθόντα
3456 2804 3646 2872 Λόγον.

390 2903 676 2974 Νοήσομεν
722 2901 832 2972 γὰρ
880 2901 1074 2967 οὕτως,
1120 2901 1209 2954 ὅτε
1250 2899 1512 2968 λεγούσης
1560 2899 1832 2969 ἀκούομεν
1873 2901 1970 2970 τῆς
2012 2898 2164 2963 θείας
2189 2901 2412 2972 Γραφῆς
2455 2903 2537 2955 ὅτι
2565 2903 2763 2956 δέδωκε
2811 2902 2902 2955 τὸν
2933 2902 3060 2955 ἴδιον
3097 2900 3245 2954 Υίόν.
3285 2899 3647 2969 Συνευδόκησε

391 2995 502 3067 γὰρ
549 2993 708 3048 τοῦτο
742 2993 822 3064 τῷ
855 2992 1046 3047 παθεῖν
1092 2992 1234 3062 ὑπὲρ
1267 2991 1425 3061 ἡμῶν
1459 2990 1719 3060 ἑλομένῳ,
1762 2990 1854 3042 καὶ
1882 2989 1972 3042 διὰ
2003 2991 2160 3044 τοῦτο
2185 2994 2279 3046 καὶ
2303 2993 2593 3046 δεδωκέναι
2617 2993 2854 3061 λέγεται,
2879 2995 2973 3047 καὶ
2999 2993 3140 3064 μάλα
3167 2992 3410 3054 εἰκότως.

464 3087 584 3154 XV,
625 3087 658 3142 9
684 3127 698 3150 ,
743 3085 829 3140 10.
874 3084 1028 3140 Sicut
1062 3084 1248 3138 dilexit
1281 3099 1360 3137 me
1397 3082 1581 3144 Pater,
1611 3093 1658 3134 et
1683 3098 1777 3152 ego
1807 3080 1971 3135 dilexi

2144 3081 2350 3149 Καθὼς
2401 3084 2680 3151 ἠγάπησέ
2707 3101 2784 3152 με
2824 3087 2857 3136 ὀ
2895 3083 3118 3150 Πατὴρ,
3169 3082 3330 3151 κάγὼ
3365 3082 3650 3150 ἠγάπησα

393 3193 531 3236 ros:
581 3183 786 3232 manete
824 3175 879 3229 in
921 3173 1199 3228 dilectione
1240 3187 1377 3225 mea.
1433 3171 1494 3226 Si
1541 3179 1803 3239 praecepta
1851 3183 1968 3221 mea

395 3272 750 3336 servaveritis,
791 3267 1071 3324 manebitis
1118 3266 1174 3320 in
1215 3265 1500 3320 dilectione
1549 3280 1697 3328 mea,
1732 3263 1870 3316 sicut
1917 3271 1966 3315 et

393 3381 485 3437 ego
521 3362 700 3418 Patris
727 3369 988 3429 prlecepta
1025 3357 1259 3421 servavi,
1289 3367 1337 3410 et
1375 3371 1559 3410 maneo
1593 3355 1647 3408 in
1683 3353 1796 3422 ejus
1830 3352 1966 3406 dile-

394 3457 583 3512 ctione.

467 3546 773 3602 Subtiliore
800 3543 1001 3598 mentis
1039 3541 1202 3598 oculo
1240 3539 1636 3596 consideranda
1681 3543 1811 3593 sunt
1839 3551 1966 3590 rur-

394 3655 493 3696 sus
527 3637 724 3694 horum
777 3634 1072 3690 verborum
1127 3631 1416 3701 mysteria.
1455 3630 1614 3684 Altus
1644 3629 1846 3698 quippe
1885 3633 1968 3680 est

394 3744 600 3794 sermo,
634 3728 935 3797 totiusque,
975 3731 1036 3780 ut
1078 3724 1248 3778 verbo
1307 3721 1511 3786 dicam,
1566 3717 1968 3774 incarnationis

393 3821 669 3876 rationem
707 3819 867 3874 nobis
893 3816 1090 3888 aperit.
1130 3814 1395 3869 Dilectum
1430 3812 1577 3868 enim
1609 3826 1670 3866 se
1703 3825 1733 3864 a
1774 3808 1887 3865 Deo
1915 3817 1969 3865 et

393 3914 557 3970 Patre
585 3913 806 3973 asserit,
844 3923 1058 3979 nosque
1087 3908 1169 3964 sic
1198 3905 1446 3962 vicissim
1479 3903 1738 3974 diligere,
1775 3901 1966 3957 eodem

394 4005 560 4061 modo
583 4003 794 4060 scilicet
820 4015 934 4072 quo
954 4009 1012 4056 et
1045 4001 1159 4070 ipse
1186 4012 1217 4052 a
1247 4011 1349 4052 suo
1374 3995 1534 4050 Patre
1564 3992 1718 4064 diligi
1745 4006 1970 4047 censea-

396 4109 511 4156 tur.
538 4097 788 4168 Subjecit
814 4093 1016 4150 deinde
1036 4133 1053 4161 ,
1085 4104 1309 4146 manere
1336 4103 1437 4144 nos
1467 4094 1728 4158 Oportere
1758 4084 1815 4139 in
1849 4082 1969 4152 ejus

397 4192 718 4249 dilectione.
760 4187 1077 4255 Quinetiam
1115 4196 1343 4238 causam
1391 4177 1686 4250 quamdam
1737 4190 1971 4246 eamque

396 4282 769 4342 necessariam
813 4278 973 4336 atl‘ert
1016 4291 1118 4332 cur
1150 4290 1179 4328 a
1218 4272 1384 4327 Patre
1431 4271 1713 4340 diligatur,
1771 4281 1972 4336 nempe

395 4375 542 4446 quod
569 4375 689 4443 ejus
712 4374 967 4426 observet
989 4371 1281 4439 praecepta.
1300 4361 1454 4428 Quod
1475 4361 1652 4431 ipsum
1668 4373 1770 4413 nos
1794 4357 1971 4412 facere

2073 3174 2260 3243 ὑμᾶς·
2311 3175 2557 3243 μείνατε
2596 3177 2666 3229 ἐν
2720 3174 2794 3243 τῇ
2838 3175 3037 3245 ἀγάπῃ
3086 3175 3161 3244 τῇ
3208 3174 3340 3244 ἐμῇ.
3379 3175 3519 3229 Ἐὰν
3546 3175 3652 3242 τὰς

2073 3265 2327 3332 ἐντολάς
2376 3283 2495 3335 μου
2546 3265 2863 3334 τηρήσητε,
2917 3266 3150 3335 μενεῖτε
3203 3266 3273 3320 ἐν
3322 3264 3397 3335 τῇ
3449 3265 3649 3336 drawn

2067 3373 2220 3425 μου,
2266 3355 2460 3420 καθὼς
2493 3355 2657 3426 κάγὼ
2694 3358 2800 3423 τὰς
2835 3357 3090 3424 ἐντολὰς
3129 3357 3233 3412 τοῦ
3268 3358 3496 3424 Πατρός
3526 3374 3652 3426 μου

2073 3448 2384 3516 τετήρηκα,
2411 3447 2510 3501 καί
2530 3447 2693 3518 μεΉῦ
2727 3448 2914 3502 αὐτοῦ
2941 3449 3010 3502 ὲν
3042 3447 3116 3516 τῇ
3138 3447 3362 3518 ἀγάπῃ.

2158 3536 2467 3610 Ἰσχνοτέρῳ
2504 3538 2665 3616 πάλιν
2691 3537 2769 3609 τῷ
2795 3540 2893 3608 τῆς
2921 3537 3156 3601 διανοίας
3192 3536 3453 3607 ὀφθαλμῷ
3484 3537 3552 3590 τὰ
3592 3539 3651 3591 ὲν

2074 3633 2184 3693 τοῖς
2215 3629 2594 3703 προκειμένοις
2633 3629 2898 3699 ἀθρητέον
2941 3629 3214 3700 μυστήρια
3240 3628 3439 3692 ,Βαθὺς
3477 3627 3584 3698 γὰρ
3622 3629 3653 3682 ό

2074 3719 2252 3788 λόγος,
2279 3720 2372 3772 καὶ
2391 3718 2518 3790 ὃλην
2548 3719 2698 3789 ἡμῖν,
2727 3718 2800 3780 ὡς
2827 3716 2957 3780 ἔπος
2987 3718 3182 3781 εἰπεῖν,
3212 3719 3311 3789 τῆς
3343 3717 3480 3788 μετὰ
3518 3734 3652 3788 σαρο

2075 3812 2171 3875 κὸς
2216 3811 2524 3880 οἰκονομίας
2575 3808 2841 3880 παραθεὶς
2876 3807 2974 3879 τὴν
3014 3808 3266 3878 δήλωσιν.
3303 3806 3651 3876 Ἠγαπῆσθαι

2078 3904 2177 3974 μὲν
2209 3903 2316 3976 γὰρ
2364 3901 2552 3956 ἑαυτὸν
2597 3898 2985 3971 διῖσχυρίζεται
3032 3898 3183 3968 παρὰ
3232 3897 3328 3951 τοῦ
3378 3897 3513 3951 Θεοῦ
3556 3899 3653 3951 καὶ

2075 3997 2307 4067 Πατρδς,
2341 3993 2727 4062 ἀνταγαπῆσαι
2758 3991 2813 4045 δὲ
2843 3990 3016 4055 οὕτως
3051 3992 3216 4062 ἡμᾶς,
3247 3990 3388 4044 κατὰ
3426 3991 3516 4043 τὸν
3547 3990 3650 4044 αὐ-

2073 4089 2166 4142 τὸν
2195 4087 2433 4159 δηλονότι
2455 4087 2676 4157 τρόπον,
2702 4085 2824 4140 καθ’
2849 4086 3015 4156 ὅνπερ
3038 4083 3104 4138 ἂν
3130 4083 3448 4154 ἠγαπῆσθαι
3480 4085 3652 4136 νοοῖτο

2077 4181 2170 4234 καὶ
2195 4178 2355 4242 αὐτὸς
2377 4179 2526 4250 παρὰ
2553 4178 2646 4231 τοῦ
2686 4177 2816 4230 ἰδίου
2840 4177 3183 4247 γεννήτορος.
3207 4172 3341 4230 Εῐτα
3361 4175 3413 4228 τί
3441 4173 3651 4238 τούτοις

2075 4270 2409 4343 ἐπήνεγκεν;
2442 4270 2562 4323 Ὅτι
2592 4269 2854 4340 προσήκει
2888 4266 3069 4338 μένειν
3095 4268 3242 4337 ἡμᾶς
3273 4269 3330 4319 ὲν
3359 4268 3423 4336 τῇ
3459 4265 3653 4338 ἀγάπῃ

2077 4360 2262 4415 αὐτοῦ.
2300 4360 2460 4414 Ἀλλὰ
2505 4360 2602 4414 καὶ
2645 4359 2918 4430 πρόφασιν
2957 4357 3144 4429 ὥσπερ
3172 4358 3314 4422 τινὰ,
3360 4359 3452 4410 καὶ
3483 4357 3653 4425 ἀναγ-

394 4443 573 4536 jubet,
606 4473 664 4518 et
691 4463 774 4517 sic
811 4473 1034 4515 manere
1065 4471 1169 4512 nos
1205 4456 1259 4509 in
1291 4455 1413 4524 ejus
1443 4452 1761 4508 dilectione.
1796 4451 1971 4519 Atque

2077 4454 2367 4523 καιοτάτην
2393 4451 2570 4506 αἰτίαν
2597 4451 2907 4512 ἀποδίδωσι,
2939 4450 3033 4503 τοῦ
3063 4452 3156 4503 καὶ
3191 4449 3397 4520 σφόδρα
3428 4449 3659 4514 δικαίως

397 4553 514 4608 haec
538 4551 832 4606 verborum
867 4549 1102 4603 istorum
1132 4542 1524 4613 compendiosa
1558 4551 1646 4597 est
1670 4542 1969 4611 expositio.

401 4644 508 4701 Sed
547 4642 808 4714 quoniam
841 4639 967 4695 inde
998 4636 1400 4706 simpliciorum
1451 4641 1692 4687 mentem
1734 4647 1844 4686 non
1878 4646 1974 4701 pa~

401 4753 525 4793 rum
553 4734 833 4790 turbatum
865 4732 930 4788 iri
961 4739 1210 4792 autumo,
1247 4741 1348 4797 age
1379 4739 1572 4780 rursus
1591 4724 1843 4780 dicamus
1866 4739 1976 4794 quo

401 4840 564 4904 pacto
595 4839 819 4883 sensum
852 4823 1048 4878 horum
1070 4820 1361 4876 verborum
1392 4831 1772 4887 assequamur.
1813 4814 1974 4870 Vide.

402 4932 497 4979 tur
539 4919 805 4976 Dominus
839 4925 1026 4973 noster
1066 4911 1228 4969 Iesus
1269 4911 1528 4967 Christus
1567 4916 1756 4980 typum
1805 4907 1975 4962 veluti

403 5012 696 5086 quemdam
725 5019 780 5065 et
823 5015 1038 5064 sanctae.
1061 5002 1500 5060 conversationis
1538 5000 1847 5068 exemplum
1891 5013 1976 5053 se-

407 5106 588 5176 ipsum
628 5101 794 5160 nobis
843 5111 1189 5172 proponere,
1225 5094 1460 5148 maxime
1507 5107 1632 5147 cum
1677 5089 1840 5144 fuerit
1875 5089 1978 5145 sub

408 5199 556 5269 lege,
589 5205 642 5252 et
675 5204 876 5252 nostrae
907 5189 1246 5264 paupertatis
1277 5187 1648 5241 conditionem
1696 5198 1980 5239 assumere

407 5304 519 5344 non
557 5287 883 5358 dedignatus
914 5287 1009 5351 sit,
1046 5293 1106 5338 ut
1145 5281 1312 5352 882
1349 5279 1556 5334 nostris
1584 5276 1836 5333 moribus
1865 5275 1980 5334 sin-

409 5379 585 5450 gulari
607 5377 842 5432 consilio
869 5376 1271 5438 conformatus,
1306 5371 1422 5427 suis
1453 5370 1706 5438 exemplo
1735 5383 1838 5423 suo
1871 5368 1981 5424 dux

409 5478 466 5525 et
511 5475 709 5524 auctor
756 5473 906 5522 esset
949 5466 1185 5521 insoli‘a:
1216 5471 1271 5518 et
1308 5461 1466 5517 nobis
1499 5460 1796 5514 inaccessae
1822 5473 1981 5529 pror-

411 5575 510 5618 sus
547 5556 1004 5616 conversationis.
1040 5554 1273 5611 Ubinam
1319 5567 1450 5624 ergo
1483 5561 1577 5606 aut
1603 5551 1766 5622 quale
1798 5548 1979 5606 Patris

2068 4545 2385 4616 ήγαπῆσθαι
2417 4543 2566 4614 παρὰ
2605 4542 2698 4595 τοῦ
2735 4542 2962 4612 Πατρὸς,
2997 4541 3059 4594 τὺ
3091 4542 3326 4612 τηρῆσαι
3370 4540 3467 4603 τὰς
3497 4543 3654 4594 ἐντος

2071 4641 2167 4702 λὰς
2207 4637 2394 4702 αὐτοῦ,
2425 4638 2520 4690 καὶ
2566 4637 2696 4706 ἡμῖν
2724 4635 2780 4688 δὲ
2827 4635 3010 4696 αὐτοῖς
3057 4633 3215 4686 τοῦτο
3257 4631 3656 4701 διακελεύεται,

2071 4731 2345 4801 διαμένειν
2368 4746 2425 4782 τε
2452 4727 2610 4790 οὕτω,
2649 4726 2834 4797 φησὶν,
2869 4729 2925 4780 ὲν
2967 4729 3033 4798 τῇ
3064 4726 3251 4797 ἀγάπῃ
3285 4725 3470 4779 αὑτοῦ.
3514 4726 3660 4779 Συλ-

2073 4821 2272 4892 λήὸδην
2301 4821 2423 4873 ὅσον
2455 4818 2552 4889 μὲν
2583 4813 2678 4870 οὖν
2709 4818 2855 4870 ἐστιν
2884 4819 3075 4883 εἰπεῖν,
3099 4818 3192 4870 καὶ
3230 4817 3298 4870 τὰ
3328 4820 3386 4870 ἐν
3413 4816 3490 4886 τῷ
3521 4834 3664 4887 προσ

2078 4910 2314 4981 κειμένῳ
2345 4908 2684 4975 συνενεγκεῖν
2712 4906 2943 4978 ἁθρόως,
2972 4909 3029 4959 ἐν
3067 4905 3274 4969 τούτοις
3302 4901 3358 4958 εὖ
3399 4905 3543 4975 μάλα
3567 4906 3661 4958 δε-

2076 4999 2420 5072 δηλώκαμεν.
2457 4998 2694 5067 Ἐπειδὴ
2726 4998 2782 5050 δὲ
2826 4994 2980 5068 οἶμαι
3039 4997 3150 5050 δεῖν
3196 4996 3257 5049 τὸ
3302 4995 3492 5049 δοκοῦν
3542 4995 3662 5050 ἔσθ’

2078 5095 2167 5146 ὅτε
2211 5090 2537 5162 Θορυὸήσειν
2567 5090 2626 5141 οὺ
2662 5087 2872 5159 μικρῶς
2919 5087 3028 5142 τῶν
3072 5087 3346 5156 ἀκεραίων
3399 5087 3490 5140 τὸν
3531 5089 3666 5149 νοῦν

2080 5181 2577 5253 κατεξευμαρίσαι,
2626 5180 2787 5234 πάλιν
2837 5180 2967 5251 φέρε
3004 5179 3066 5250 δὴ
3109 5180 3372 5249 λέγωμεν,
3415 5180 3562 5241 ὅπως
3599 5199 3666 5234 τε

2085 5277 2180 5329 καὶ
2209 5275 2332 5329 τίνα
2363 5273 2562 5342 τρόπον
2597 5272 2689 5325 τὸν
2739 5272 2797 5323 ὲν
2845 5276 2955 5335 τοῖς
2995 5272 3375 5342 προκειμένοις
3423 5271 3668 5341 ὲκληψό-

2089 5363 2229 5434 μεθα
2256 5363 2399 5423 νοῦν.
2429 5363 2682 5415 Φαίνεται
2727 5359 2904 5422 τοίνυν
2953 5362 2981 5422 ὁ
3021 5359 3224 5431 Κύριος
3257 5361 3412 5432 ἡμῶν
3449 5345 3670 5430 Ἰησοῦς

2083 5457 2112 5507 ὁ
2141 5453 2397 5524 Χριστος,
2422 5451 2591 5505 τύπον
2615 5451 2802 5521 ὥσπερ
2839 5449 2976 5514 τινὰ,
3027 5453 3117 5504 κα)⁸
3161 5453 3258 5519 τῆς
3307 5452 3535 5520 εὐαγοῦς
3571 5470 3673 5506 πο-

2084 5543 2286 5606 λιτείας
2313 5542 2676 5613 ὑπογραμμδν
2713 5541 2905 5596 ἑαυτὸν
2945 5543 3076 5612 ἡμῖν
3118 5542 3406 5614 παραθεὶς,
3454 5541 3545 5598 ἁτε
3595 5543 3682 5618 δὴ

373 5790 396 5816 ς
484 5741 529 5774 ιι
572 5737 764 5794 Matth.
803 5753 863 5804 v,
906 5737 992 5794 l7.
1070 5739 1114 5770 ⁸⁵
1153 5735 1292 5794 ibid.
1325 5733 1409 5789 is.
1488 5732 1532 5764 “
1575 5726 1738 5785 Hebr.
1789 5745 1841 5799 ι,
1882 5730 1931 5784 l.

2093 5726 2250 5785 J‘oan.
2285 5744 2360 5796 vr,
2425 5727 2516 5782 45.
