  <div class='ocr_page' id='page_1' title='image "/cluster/home/n/w/nwhite01/storage/ocr_20150623/74/hvd.32044048207120/192.png"; bbox 0 0 4042 6204; ppageno 0'>
   <div class='ocr_carea' id='block_1_1' title="bbox 379 319 506 381">
    <p class='ocr_par' dir='ltr' id='par_1_1' title="bbox 379 319 506 381">
     <span class='ocr_line' id='line_1_1' title="bbox 379 319 506 381; baseline 0.016 -2"><span class='ocrx_word' id='word_1_1' title='bbox 379 319 506 381; x_wconf 72' lang='lat'><strong>3-73?</strong></span> 
     </span>
    </p>
   </div>
   <div class='ocr_carea' id='block_1_2' title="bbox 1432 300 3649 397">
    <p class='ocr_par' dir='ltr' id='par_1_2' title="bbox 1432 300 3649 397">
     <span class='ocr_line' id='line_1_2' title="bbox 1432 300 3649 397; baseline 0.004 -10"><span class='ocrx_word' id='word_1_2' title='bbox 1432 330 1498 391; x_wconf 82' lang='lat' dir='ltr'><strong>lN</strong></span> <span class='ocrx_word' id='word_1_3' title='bbox 1535 331 1821 391; x_wconf 82' lang='lat' dir='ltr'><strong>JOANNIS</strong></span> <span class='ocrx_word' id='word_1_4' title='bbox 1873 300 2325 395; x_wconf 75' lang='lat' dir='ltr'><strong>EVANGELIUM</strong></span> <span class='ocrx_word' id='word_1_5' title='bbox 2361 338 2489 395; x_wconf 78' lang='lat' dir='ltr'><strong>us.</strong></span> <span class='ocrx_word' id='word_1_6' title='bbox 2530 340 2599 397; x_wconf 83' lang='lat' dir='ltr'><strong>x.</strong></span> <span class='ocrx_word' id='word_1_7' title='bbox 2634 370 2639 379; x_wconf 65' lang='grc' dir='ltr'><strong>ι</strong></span> <span class='ocrx_word' id='word_1_8' title='bbox 3543 339 3649 396; x_wconf 72' lang='lat'><strong>57:.</strong></span> 
     </span>
    </p>
   </div>
   <div class='ocr_carea' id='block_1_3' title="bbox 368 430 1939 527">
    <p class='ocr_par' dir='ltr' id='par_1_3' title="bbox 368 430 1939 518">
     <span class='ocr_line' id='line_1_3' title="bbox 368 430 1939 518; baseline 0.007 -29"><span class='ocrx_word' id='word_1_9' title='bbox 368 434 467 489; x_wconf 76' lang='grc' dir='ltr'><strong>καὶ</strong></span> <span class='ocrx_word' id='word_1_10' title='bbox 500 431 590 488; x_wconf 67' lang='grc' dir='ltr'><strong>διὰ</strong></span> <span class='ocrx_word' id='word_1_11' title='bbox 618 430 1169 507; x_wconf 55' lang='grc' dir='ltr'><strong>τοῦτοηγεγονὼςυὺπὸ</strong></span> <span class='ocrx_word' id='word_1_12' title='bbox 1208 443 1393 514; x_wconf 83' lang='grc' dir='ltr'><strong>νόμον,</strong></span> <span class='ocrx_word' id='word_1_13' title='bbox 1437 446 1649 518; x_wconf 72' lang='grc' dir='ltr'><strong>καὶτῆς</strong></span> <span class='ocrx_word' id='word_1_14' title='bbox 1680 446 1939 518; x_wconf 70' lang='grc' dir='ltr'><strong>ἡμετέραις</strong></span> 
     </span>
    </p>
   </div>
   <div class='ocr_carea' id='block_1_4' title="bbox 2043 430 3648 527">
    <p class='ocr_par' dir='ltr' id='par_1_4' title="bbox 2056 450 3648 527">
     <span class='ocr_line' id='line_1_4' title="bbox 2056 450 3648 527; baseline 0.003 -25"><span class='ocrx_word' id='word_1_15' title='bbox 2056 450 2372 507; x_wconf 87' lang='lat' dir='ltr'><strong>mandatum</strong></span> <span class='ocrx_word' id='word_1_16' title='bbox 2407 454 2732 520; x_wconf 85' lang='lat' dir='ltr'><strong>servaverit,</strong></span> <span class='ocrx_word' id='word_1_17' title='bbox 2773 462 2868 509; x_wconf 87' lang='lat' dir='ltr'><strong>aut</strong></span> <span class='ocrx_word' id='word_1_18' title='bbox 2896 455 3062 510; x_wconf 90' lang='lat' dir='ltr'><strong>etiam</strong></span> <span class='ocrx_word' id='word_1_19' title='bbox 3101 454 3375 527; x_wconf 87' lang='lat' dir='ltr'><strong>quomodo</strong></span> <span class='ocrx_word' id='word_1_20' title='bbox 3419 456 3487 510; x_wconf 86' lang='lat' dir='ltr'><strong>ab</strong></span> <span class='ocrx_word' id='word_1_21' title='bbox 3527 457 3648 527; x_wconf 78' lang='lat' dir='ltr'><strong>ipso</strong></span> 
     </span>
    </p>
   </div>
   <div class='ocr_carea' id='block_1_5' title="bbox 367 527 1963 609">
    <p class='ocr_par' dir='ltr' id='par_1_5' title="bbox 367 527 1963 609">
     <span class='ocr_line' id='line_1_5' title="bbox 367 527 1963 609; baseline 0.008 -30"><span class='ocrx_word' id='word_1_22' title='bbox 367 527 646 598; x_wconf 80' lang='grc' dir='ltr'><strong>πτωχείας</strong></span> <span class='ocrx_word' id='word_1_23' title='bbox 679 528 779 582; x_wconf 87' lang='grc' dir='ltr'><strong>οὑκ</strong></span> <span class='ocrx_word' id='word_1_24' title='bbox 821 528 1154 596; x_wconf 76' lang='grc' dir='ltr'><strong>ἀπαξιώσας·</strong></span> <span class='ocrx_word' id='word_1_25' title='bbox 1183 534 1244 587; x_wconf 78' lang='grc' dir='ltr'><strong>τὸ</strong></span> <span class='ocrx_word' id='word_1_26' title='bbox 1284 535 1482 609; x_wconf 80' lang='grc' dir='ltr'><strong>μέτρον</strong></span> <span class='ocrx_word' id='word_1_27' title='bbox 1522 537 1684 603; x_wconf 76' lang='grc' dir='ltr'><strong>ἑλεῖν,</strong></span> <span class='ocrx_word' id='word_1_28' title='bbox 1731 538 1817 593; x_wconf 83' lang='grc' dir='ltr'><strong>ἵνα</strong></span> <span class='ocrx_word' id='word_1_29' title='bbox 1851 540 1963 603; x_wconf 83' lang='grc' dir='ltr'><strong>τοῖς</strong></span> 
     </span>
    </p>
   </div>
   <div class='ocr_carea' id='block_1_6' title="bbox 324 618 1959 703">
    <p class='ocr_par' dir='ltr' id='par_1_6' title="bbox 324 618 1959 703">
     <span class='ocr_line' id='line_1_6' title="bbox 324 618 1959 703; baseline 0.01 -34"><span class='ocrx_word' id='word_1_30' title='bbox 324 622 335 631; x_wconf 87' lang='grc'><em>’</em></span> <span class='ocrx_word' id='word_1_31' title='bbox 370 618 667 691; x_wconf 72' lang='grc' dir='ltr'><strong>ἡμετέροις</strong></span> <span class='ocrx_word' id='word_1_32' title='bbox 710 618 890 675; x_wconf 73' lang='grc' dir='ltr'><strong>ἔθεσιν</strong></span> <span class='ocrx_word' id='word_1_33' title='bbox 933 624 1294 696; x_wconf 74' lang='grc' dir='ltr'><strong>οἰκονομικῶς</strong></span> <span class='ocrx_word' id='word_1_34' title='bbox 1342 630 1920 703; x_wconf 84' lang='grc' dir='ltr'><strong>συναναπλαττόμενος</strong></span> <span class='ocrx_word' id='word_1_35' title='bbox 1943 671 1959 694; x_wconf 91' lang='grc'><strong>,</strong></span> 
     </span>
    </p>
   </div>
   <div class='ocr_carea' id='block_1_7' title="bbox 368 704 1960 793">
    <p class='ocr_par' dir='ltr' id='par_1_7' title="bbox 368 704 1960 793">
     <span class='ocr_line' id='line_1_7' title="bbox 368 704 1960 793; baseline 0.009 -32"><span class='ocrx_word' id='word_1_36' title='bbox 368 708 577 780; x_wconf 77' lang='grc' dir='ltr'><strong>ὁδηγὸς-</strong></span> <span class='ocrx_word' id='word_1_37' title='bbox 608 712 833 786; x_wconf 76' lang='grc' dir='ltr'><strong>εὑρεθῇ,</strong></span> <span class='ocrx_word' id='word_1_38' title='bbox 864 714 1114 788; x_wconf 81' lang='grc' dir='ltr'><strong>καθάπερ</strong></span> <span class='ocrx_word' id='word_1_39' title='bbox 1145 719 1204 771; x_wconf 84' lang='grc' dir='ltr'><strong>ὲν</strong></span> <span class='ocrx_word' id='word_1_40' title='bbox 1237 721 1644 793; x_wconf 83' lang='grc' dir='ltr'><strong>παραδείγμασι</strong></span> <span class='ocrx_word' id='word_1_41' title='bbox 1687 724 1798 787; x_wconf 88' lang='grc' dir='ltr'><strong>τοῖς</strong></span> <span class='ocrx_word' id='word_1_42' title='bbox 1840 704 1960 777; x_wconf 74' lang='grc' dir='ltr'><strong>καθ’</strong></span> 
     </span>
    </p>
   </div>
   <div class='ocr_carea' id='block_1_8' title="bbox 369 800 1960 884">
    <p class='ocr_par' dir='ltr' id='par_1_8' title="bbox 369 800 1960 884">
     <span class='ocr_line' id='line_1_8' title="bbox 369 800 1960 884; baseline 0.009 -32"><span class='ocrx_word' id='word_1_43' title='bbox 369 800 595 866; x_wconf 79' lang='grc' dir='ltr'><strong>ἑαυτὸν,</strong></span> <span class='ocrx_word' id='word_1_44' title='bbox 654 802 790 874; x_wconf 80' lang='grc' dir='ltr'><strong>πρὸς</strong></span> <span class='ocrx_word' id='word_1_45' title='bbox 832 804 1101 876; x_wconf 78' lang='grc' dir='ltr'><strong>ἀνάληψιν</strong></span> <span class='ocrx_word' id='word_1_46' title='bbox 1157 808 1470 874; x_wconf 80' lang='grc' dir='ltr'><strong>πολιτείας,</strong></span> <span class='ocrx_word' id='word_1_47' title='bbox 1528 810 1621 865; x_wconf 81' lang='grc' dir='ltr'><strong>καὶ</strong></span> <span class='ocrx_word' id='word_1_48' title='bbox 1672 812 1817 884; x_wconf 75' lang='grc' dir='ltr'><strong>ζωῆς</strong></span> <span class='ocrx_word' id='word_1_49' title='bbox 1859 812 1960 883; x_wconf 76' lang='grc' dir='ltr'><strong>τῆς</strong></span> 
     </span>
    </p>
   </div>
   <div class='ocr_carea' id='block_1_9' title="bbox 367 893 1956 976">
    <p class='ocr_par' dir='ltr' id='par_1_9' title="bbox 367 893 1956 976">
     <span class='ocr_line' id='line_1_9' title="bbox 367 893 1956 976; baseline 0.006 -28"><span class='ocrx_word' id='word_1_50' title='bbox 367 893 572 964; x_wconf 79' lang='grc' dir='ltr'><strong>ἀήθους</strong></span> <span class='ocrx_word' id='word_1_51' title='bbox 604 897 737 967; x_wconf 79' lang='grc' dir='ltr'><strong>ἡμῖν</strong></span> <span class='ocrx_word' id='word_1_52' title='bbox 766 896 860 951; x_wconf 83' lang='grc' dir='ltr'><strong>καὶ</strong></span> <span class='ocrx_word' id='word_1_53' title='bbox 889 898 1150 964; x_wconf 79' lang='grc' dir='ltr'><strong>ἀστιὸοῦς</strong></span> <span class='ocrx_word' id='word_1_54' title='bbox 1180 901 1479 967; x_wconf 84' lang='grc' dir='ltr'><strong>παντελῶς.</strong></span> <span class='ocrx_word' id='word_1_55' title='bbox 1507 902 1615 956; x_wconf 85' lang='grc' dir='ltr'><strong>Ποῦ</strong></span> <span class='ocrx_word' id='word_1_56' title='bbox 1644 903 1956 976; x_wconf 80' lang='grc' dir='ltr'><strong>τοιγαροῦν,</strong></span> 
     </span>
    </p>
   </div>
   <div class='ocr_carea' id='block_1_10' title="bbox 367 983 1955 1062">
    <p class='ocr_par' dir='ltr' id='par_1_10' title="bbox 367 983 1955 1062">
     <span class='ocr_line' id='line_1_10' title="bbox 367 983 1955 1062; baseline 0.004 -25"><span class='ocrx_word' id='word_1_57' title='bbox 367 983 403 1054; x_wconf 78' lang='grc' dir='ltr'>ἢ</span> <span class='ocrx_word' id='word_1_58' title='bbox 439 983 611 1039; x_wconf 71' lang='grc' dir='ltr'><strong>ποίαν·</strong></span> <span class='ocrx_word' id='word_1_59' title='bbox 642 984 735 1039; x_wconf 88' lang='grc' dir='ltr'><strong>τοῦ</strong></span> <span class='ocrx_word' id='word_1_60' title='bbox 779 987 991 1058; x_wconf 63' lang='lat' dir='ltr'><strong>Harpe;</strong></span> <span class='ocrx_word' id='word_1_61' title='bbox 1031 992 1332 1061; x_wconf 80' lang='grc' dir='ltr'><strong>τετήρηκεν</strong></span> <span class='ocrx_word' id='word_1_62' title='bbox 1377 988 1672 1062; x_wconf 79' lang='grc' dir='ltr'><strong>ὲντολὴν,ἢ</strong></span> <span class='ocrx_word' id='word_1_63' title='bbox 1705 992 1796 1044; x_wconf 79' lang='grc' dir='ltr'><strong>καὶ</strong></span> <span class='ocrx_word' id='word_1_64' title='bbox 1836 990 1955 1044; x_wconf 85' lang='grc' dir='ltr'><strong>τίνα</strong></span> 
     </span>
    </p>
   </div>
   <div class='ocr_carea' id='block_1_11' title="bbox 375 1075 1954 1154">
    <p class='ocr_par' dir='ltr' id='par_1_11' title="bbox 375 1075 1954 1154">
     <span class='ocr_line' id='line_1_11' title="bbox 375 1075 1954 1154; baseline 0.006 -26"><span class='ocrx_word' id='word_1_65' title='bbox 375 1075 567 1147; x_wconf 75' lang='grc' dir='ltr'><strong>τρόπον</strong></span> <span class='ocrx_word' id='word_1_66' title='bbox 610 1077 931 1149; x_wconf 78' lang='grc' dir='ltr'><strong>ήγαπῆσθαι</strong></span> <span class='ocrx_word' id='word_1_67' title='bbox 967 1080 1221 1149; x_wconf 76' lang='grc' dir='ltr'><strong>λέγεσθαι</strong></span> <span class='ocrx_word' id='word_1_68' title='bbox 1249 1080 1361 1153; x_wconf 82' lang='grc' dir='ltr'><strong>[τσ.</strong></span> <span class='ocrx_word' id='word_1_69' title='bbox 1393 1080 1638 1153; x_wconf 84' lang='grc' dir='ltr'><strong>λέγεται]</strong></span> <span class='ocrx_word' id='word_1_70' title='bbox 1683 1083 1812 1154; x_wconf 81' lang='grc' dir='ltr'><strong>παρ’</strong></span> <span class='ocrx_word' id='word_1_71' title='bbox 1853 1083 1954 1137; x_wconf 81' lang='grc' dir='ltr'><strong>αὑ-</strong></span> 
     </span>
    </p>
   </div>
   <div class='ocr_carea' id='block_1_12' title="bbox 364 1166 1950 1245">
    <p class='ocr_par' dir='ltr' id='par_1_12' title="bbox 364 1166 1950 1245">
     <span class='ocr_line' id='line_1_12' title="bbox 364 1166 1950 1245; baseline 0.006 -24"><span class='ocrx_word' id='word_1_72' title='bbox 364 1166 485 1233; x_wconf 88' lang='grc' dir='ltr'><strong>τοῦ,</strong></span> <span class='ocrx_word' id='word_1_73' title='bbox 512 1166 796 1239; x_wconf 78' lang='grc' dir='ltr'><strong>ζητητέον.</strong></span> <span class='ocrx_word' id='word_1_74' title='bbox 824 1172 1090 1243; x_wconf 84' lang='grc' dir='ltr'><strong>Παρέστω</strong></span> <span class='ocrx_word' id='word_1_75' title='bbox 1109 1173 1397 1244; x_wconf 80' lang='grc' dir='ltr'><strong>τοιγαροῦν</strong></span> <span class='ocrx_word' id='word_1_76' title='bbox 1421 1172 1632 1239; x_wconf 81' lang='grc' dir='ltr'><strong>Παῦλος</strong></span> <span class='ocrx_word' id='word_1_77' title='bbox 1653 1177 1681 1229; x_wconf 87' lang='grc' dir='ltr'>ὁ</span> <span class='ocrx_word' id='word_1_78' title='bbox 1706 1176 1950 1245; x_wconf 82' lang='grc' dir='ltr'><strong>σοφώτα-</strong></span> 
     </span>
    </p>
   </div>
   <div class='ocr_carea' id='block_1_13' title="bbox 362 1261 1953 1338">
    <p class='ocr_par' dir='ltr' id='par_1_13' title="bbox 362 1261 1953 1338">
     <span class='ocr_line' id='line_1_13' title="bbox 362 1261 1953 1338; baseline 0.005 -26"><span class='ocrx_word' id='word_1_79' title='bbox 362 1276 479 1323; x_wconf 79' lang='grc' dir='ltr'><strong>τος,</strong></span> <span class='ocrx_word' id='word_1_80' title='bbox 504 1261 599 1315; x_wconf 74' lang='grc' dir='ltr'><strong>καὶ</strong></span> <span class='ocrx_word' id='word_1_81' title='bbox 638 1263 1066 1333; x_wconf 77' lang='grc' dir='ltr'><strong>μυπαγωγεὶτω</strong></span> <span class='ocrx_word' id='word_1_82' title='bbox 1107 1263 1281 1333; x_wconf 82' lang='grc' dir='ltr'><strong>λέγων</strong></span> <span class='ocrx_word' id='word_1_83' title='bbox 1323 1266 1667 1338; x_wconf 82' lang='grc' dir='ltr'><strong>περὶαύτοῦ,</strong></span> <span class='ocrx_word' id='word_1_84' title='bbox 1700 1267 1776 1332; x_wconf 84' lang='grc' dir='ltr'><strong>ὡς</strong></span> <span class='ocrx_word' id='word_1_85' title='bbox 1802 1286 1820 1320; x_wconf 76' lang='grc' dir='ltr'><strong>ι</strong></span> <span class='ocrx_word' id='word_1_86' title='bbox 1866 1268 1953 1322; x_wconf 85' lang='grc' dir='ltr'><strong>Ἐν</strong></span> 
     </span>
    </p>
   </div>
   <div class='ocr_carea' id='block_1_14' title="bbox 366 1354 1951 1431">
    <p class='ocr_par' dir='ltr' id='par_1_14' title="bbox 366 1354 1951 1431">
     <span class='ocr_line' id='line_1_14' title="bbox 366 1354 1951 1431; baseline 0.005 -27"><span class='ocrx_word' id='word_1_87' title='bbox 366 1356 552 1423; x_wconf 71' lang='grc' dir='ltr'><strong>μορερῇ</strong></span> <span class='ocrx_word' id='word_1_88' title='bbox 603 1354 813 1426; x_wconf 79' lang='grc' dir='ltr'><strong>ὑπῆρχε</strong></span> <span class='ocrx_word' id='word_1_89' title='bbox 856 1354 1012 1422; x_wconf 84' lang='grc' dir='ltr'><strong>Θεοῦ,</strong></span> <span class='ocrx_word' id='word_1_90' title='bbox 1059 1356 1174 1411; x_wconf 85' lang='grc' dir='ltr'><strong>ἀλλ’</strong></span> <span class='ocrx_word' id='word_1_91' title='bbox 1221 1358 1410 1412; x_wconf 80' lang='grc' dir='ltr'><strong>ἑαυτὸν</strong></span> <span class='ocrx_word' id='word_1_92' title='bbox 1459 1358 1695 1413; x_wconf 81' lang='grc' dir='ltr'><strong>ὲκένωσε</strong></span> <span class='ocrx_word' id='word_1_93' title='bbox 1738 1359 1951 1431; x_wconf 79' lang='grc' dir='ltr'><strong>μορφὴν</strong></span> 
     </span>
    </p>
   </div>
   <div class='ocr_carea' id='block_1_15' title="bbox 360 1442 1949 1521">
    <p class='ocr_par' dir='ltr' id='par_1_15' title="bbox 360 1442 1949 1521">
     <span class='ocr_line' id='line_1_15' title="bbox 360 1442 1949 1521; baseline 0.006 -26"><span class='ocrx_word' id='word_1_94' title='bbox 360 1442 552 1496; x_wconf 81' lang='grc' dir='ltr'><strong>δούλου</strong></span> <span class='ocrx_word' id='word_1_95' title='bbox 588 1444 799 1510; x_wconf 77' lang='grc' dir='ltr'><strong>λαϐὼν,</strong></span> <span class='ocrx_word' id='word_1_96' title='bbox 843 1447 899 1500; x_wconf 77' lang='grc' dir='ltr'><strong>ἐν</strong></span> <span class='ocrx_word' id='word_1_97' title='bbox 944 1446 1250 1519; x_wconf 76' lang='grc' dir='ltr'><strong>ὁμοιώματι</strong></span> <span class='ocrx_word' id='word_1_98' title='bbox 1300 1448 1601 1521; x_wconf 87' lang='grc' dir='ltr'><strong>ἀνθρώπων</strong></span> <span class='ocrx_word' id='word_1_99' title='bbox 1637 1451 1949 1521; x_wconf 87' lang='grc' dir='ltr'><strong>γενόμενος,</strong></span> 
     </span>
    </p>
   </div>
   <div class='ocr_carea' id='block_1_16' title="bbox 360 1533 1948 1611">
    <p class='ocr_par' dir='ltr' id='par_1_16' title="bbox 360 1533 1948 1611">
     <span class='ocr_line' id='line_1_16' title="bbox 360 1533 1948 1611; baseline 0.006 -27"><span class='ocrx_word' id='word_1_100' title='bbox 360 1533 463 1585; x_wconf 79' lang='grc' dir='ltr'><strong>καὶ</strong></span> <span class='ocrx_word' id='word_1_101' title='bbox 499 1534 737 1605; x_wconf 85' lang='grc' dir='ltr'><strong>σχήματι.</strong></span> <span class='ocrx_word' id='word_1_102' title='bbox 774 1535 1020 1607; x_wconf 83' lang='grc' dir='ltr'><strong>εὑρεθεὶς</strong></span> <span class='ocrx_word' id='word_1_103' title='bbox 1067 1537 1143 1602; x_wconf 85' lang='grc' dir='ltr'><strong>ὡς</strong></span> <span class='ocrx_word' id='word_1_104' title='bbox 1196 1537 1502 1611; x_wconf 77' lang='grc' dir='ltr'><strong>ἄνθρωπος.</strong></span> <span class='ocrx_word' id='word_1_105' title='bbox 1537 1538 1948 1593; x_wconf 83' lang='grc' dir='ltr'><strong>Τεταπείνωκεν</strong></span> 
     </span>
    </p>
   </div>
   <div class='ocr_carea' id='block_1_17' title="bbox 360 1625 1944 1702">
    <p class='ocr_par' dir='ltr' id='par_1_17' title="bbox 360 1625 1944 1702">
     <span class='ocr_line' id='line_1_17' title="bbox 360 1625 1944 1702; baseline 0.006 -24"><span class='ocrx_word' id='word_1_106' title='bbox 360 1625 574 1689; x_wconf 77' lang='grc' dir='ltr'><strong>ἑαυτὸν,</strong></span> <span class='ocrx_word' id='word_1_107' title='bbox 604 1627 894 1698; x_wconf 85' lang='grc' dir='ltr'><strong>γενόμενος</strong></span> <span class='ocrx_word' id='word_1_108' title='bbox 927 1629 1162 1701; x_wconf 76' lang='grc' dir='ltr'><strong>ὑπήκοος</strong></span> <span class='ocrx_word' id='word_1_109' title='bbox 1213 1632 1375 1702; x_wconf 86' lang='grc' dir='ltr'><strong>μέχρι</strong></span> <span class='ocrx_word' id='word_1_110' title='bbox 1424 1632 1678 1698; x_wconf 81' lang='grc' dir='ltr'><strong>Θανάτου,</strong></span> <span class='ocrx_word' id='word_1_111' title='bbox 1711 1632 1944 1687; x_wconf 80' lang='grc' dir='ltr'><strong>θανάτου</strong></span> 
     </span>
    </p>
   </div>
   <div class='ocr_carea' id='block_1_18' title="bbox 356 1717 1944 1794">
    <p class='ocr_par' dir='ltr' id='par_1_18' title="bbox 356 1717 1944 1794">
     <span class='ocr_line' id='line_1_18' title="bbox 356 1717 1944 1794; baseline 0.005 -24"><span class='ocrx_word' id='word_1_112' title='bbox 356 1717 417 1771; x_wconf 74' lang='grc' dir='ltr'><strong>δὲ</strong></span> <span class='ocrx_word' id='word_1_113' title='bbox 444 1718 703 1790; x_wconf 74' lang='grc' dir='ltr'><strong>σταυροῦ.</strong></span> <span class='ocrx_word' id='word_1_114' title='bbox 736 1719 828 1773; x_wconf 77' lang='grc' dir='ltr'><strong>Διὸ</strong></span> <span class='ocrx_word' id='word_1_115' title='bbox 862 1722 953 1774; x_wconf 69' lang='grc' dir='ltr'><strong>καὶ</strong></span> <span class='ocrx_word' id='word_1_116' title='bbox 1005 1723 1034 1775; x_wconf 90' lang='grc' dir='ltr'><strong>ό</strong></span> <span class='ocrx_word' id='word_1_117' title='bbox 1086 1722 1218 1788; x_wconf 83' lang='grc' dir='ltr'><strong>Θεὸς</strong></span> <span class='ocrx_word' id='word_1_118' title='bbox 1261 1723 1431 1778; x_wconf 80' lang='grc' dir='ltr'><strong>αὑτὸν·</strong></span> <span class='ocrx_word' id='word_1_119' title='bbox 1460 1723 1808 1794; x_wconf 81' lang='grc' dir='ltr'><strong>ὑπερύψωσε,</strong></span> <span class='ocrx_word' id='word_1_120' title='bbox 1851 1725 1944 1778; x_wconf 83' lang='grc' dir='ltr'><strong>καὶ</strong></span> 
     </span>
    </p>
   </div>
   <div class='ocr_carea' id='block_1_19' title="bbox 2065 534 3649 616">
    <p class='ocr_par' dir='ltr' id='par_1_19' title="bbox 2065 534 3649 616">
     <span class='ocr_line' id='line_1_19' title="bbox 2065 534 3649 616; baseline 0.002 -20"><span class='ocrx_word' id='word_1_121' title='bbox 2065 539 2219 613; x_wconf 73' lang='lat' dir='ltr'><strong>diligi</strong></span> <span class='ocrx_word' id='word_1_122' title='bbox 2244 543 2484 609; x_wconf 85' lang='lat' dir='ltr'><strong>dicatur,</strong></span> <span class='ocrx_word' id='word_1_123' title='bbox 2527 544 2882 616; x_wconf 65' lang='lat' dir='ltr'><strong>quarendum</strong></span> <span class='ocrx_word' id='word_1_124' title='bbox 2926 545 3096 601; x_wconf 94' lang='lat' dir='ltr'><strong>venit.</strong></span> <span class='ocrx_word' id='word_1_125' title='bbox 3136 545 3298 601; x_wconf 84' lang='lat' dir='ltr'><strong>Adsit</strong></span> <span class='ocrx_word' id='word_1_126' title='bbox 3335 534 3466 615; x_wconf 80' lang='lat' dir='ltr'><strong>ergo</strong></span> <span class='ocrx_word' id='word_1_127' title='bbox 3506 534 3649 599; x_wconf 71' lang='lat' dir='ltr'><strong>Pau-</strong></span> 
     </span>
    </p>
   </div>
   <div class='ocr_carea' id='block_1_20' title="bbox 2062 631 3644 708">
    <p class='ocr_par' dir='ltr' id='par_1_20' title="bbox 2062 631 3644 708">
     <span class='ocr_line' id='line_1_20' title="bbox 2062 631 3644 708; baseline 0.001 -23"><span class='ocrx_word' id='word_1_128' title='bbox 2062 631 2151 687; x_wconf 90' lang='lat' dir='ltr'><strong>lus</strong></span> <span class='ocrx_word' id='word_1_129' title='bbox 2182 634 2652 704; x_wconf 86' lang='lat' dir='ltr'><strong>sapientissimus,</strong></span> <span class='ocrx_word' id='word_1_130' title='bbox 2687 634 2865 708; x_wconf 84' lang='lat' dir='ltr'><strong>deque</strong></span> <span class='ocrx_word' id='word_1_131' title='bbox 2909 634 2987 692; x_wconf 82' lang='lat' dir='ltr'><strong>eo‘</strong></span> <span class='ocrx_word' id='word_1_132' title='bbox 3018 636 3236 701; x_wconf 85' lang='lat' dir='ltr'><strong>doceat,</strong></span> <span class='ocrx_word' id='word_1_133' title='bbox 3272 635 3420 706; x_wconf 92' lang='lat' dir='ltr'><strong>quod</strong></span> <span class='ocrx_word' id='word_1_134' title='bbox 3457 654 3475 686; x_wconf 76' lang='grc' dir='ltr'><strong>ι</strong></span> <span class='ocrx_word' id='word_1_135' title='bbox 3509 634 3644 689; x_wconf 88' lang='lat' dir='ltr'><strong>Cum</strong></span> 
     </span>
    </p>
   </div>
   <div class='ocr_carea' id='block_1_21' title="bbox 2061 721 3643 801">
    <p class='ocr_par' dir='ltr' id='par_1_21' title="bbox 2061 721 3643 801">
     <span class='ocr_line' id='line_1_21' title="bbox 2061 721 3643 801; baseline 0.001 -24"><span class='ocrx_word' id='word_1_136' title='bbox 2061 722 2117 777; x_wconf 94' lang='lat' dir='ltr'><strong>in</strong></span> <span class='ocrx_word' id='word_1_137' title='bbox 2158 721 2334 779; x_wconf 79' lang='lat' dir='ltr'><strong>forma</strong></span> <span class='ocrx_word' id='word_1_138' title='bbox 2370 725 2466 781; x_wconf 87' lang='lat' dir='ltr'><strong>Dei</strong></span> <span class='ocrx_word' id='word_1_139' title='bbox 2499 737 2688 793; x_wconf 89' lang='lat' dir='ltr'><strong>esset,</strong></span> <span class='ocrx_word' id='word_1_140' title='bbox 2723 729 2964 801; x_wconf 88' lang='lat' dir='ltr'><strong>seipsum</strong></span> <span class='ocrx_word' id='word_1_141' title='bbox 3031 729 3337 785; x_wconf 82' lang='lat' dir='ltr'><strong>exinanivit</strong></span> <span class='ocrx_word' id='word_1_142' title='bbox 3359 768 3374 791; x_wconf 95' lang='lat'><strong>,</strong></span> <span class='ocrx_word' id='word_1_143' title='bbox 3412 725 3643 782; x_wconf 79' lang='lat' dir='ltr'><strong>formam</strong></span> 
     </span>
    </p>
   </div>
   <div class='ocr_carea' id='block_1_22' title="bbox 2059 815 3641 888">
    <p class='ocr_par' dir='ltr' id='par_1_22' title="bbox 2059 815 3641 888">
     <span class='ocr_line' id='line_1_22' title="bbox 2059 815 3641 888; baseline 0.002 -17"><span class='ocrx_word' id='word_1_144' title='bbox 2059 815 2203 871; x_wconf 84' lang='lat' dir='ltr'><strong>servi</strong></span> <span class='ocrx_word' id='word_1_145' title='bbox 2231 817 2535 888; x_wconf 83' lang='lat' dir='ltr'><strong>accipiens,</strong></span> <span class='ocrx_word' id='word_1_146' title='bbox 2565 821 2618 874; x_wconf 94' lang='lat' dir='ltr'><strong>in</strong></span> <span class='ocrx_word' id='word_1_147' title='bbox 2647 820 3066 877; x_wconf 78' lang='lat' dir='ltr'><strong>similitudinem</strong></span> <span class='ocrx_word' id='word_1_148' title='bbox 3102 820 3383 875; x_wconf 85' lang='lat' dir='ltr'><strong>hominum</strong></span> <span class='ocrx_word' id='word_1_149' title='bbox 3423 818 3603 874; x_wconf 82' lang='lat' dir='ltr'><strong>factus</strong></span> <span class='ocrx_word' id='word_1_150' title='bbox 3625 857 3641 881; x_wconf 90' lang='lat'><strong>.</strong></span> 
     </span>
    </p>
   </div>
   <div class='ocr_carea' id='block_1_23' title="bbox 2058 906 3641 970">
    <p class='ocr_par' dir='ltr' id='par_1_23' title="bbox 2058 906 3641 970">
     <span class='ocr_line' id='line_1_23' title="bbox 2058 906 3641 970; baseline 0.001 -8"><span class='ocrx_word' id='word_1_151' title='bbox 2058 914 2116 962; x_wconf 86' lang='lat' dir='ltr'><strong>et</strong></span> <span class='ocrx_word' id='word_1_152' title='bbox 2170 906 2362 964; x_wconf 88' lang='lat' dir='ltr'><strong>habitu</strong></span> <span class='ocrx_word' id='word_1_153' title='bbox 2414 913 2674 968; x_wconf 91' lang='lat' dir='ltr'><strong>inventus</strong></span> <span class='ocrx_word' id='word_1_154' title='bbox 2716 924 2776 969; x_wconf 93' lang='lat' dir='ltr'><strong>ut</strong></span> <span class='ocrx_word' id='word_1_155' title='bbox 2832 914 3017 970; x_wconf 85' lang='lat' dir='ltr'><strong>homo.</strong></span> <span class='ocrx_word' id='word_1_156' title='bbox 3075 911 3391 968; x_wconf 86' lang='lat' dir='ltr'><strong>Humiliavit</strong></span> <span class='ocrx_word' id='word_1_157' title='bbox 3438 918 3641 965; x_wconf 88' lang='lat' dir='ltr'><strong>semet-</strong></span> 
     </span>
    </p>
   </div>
   <div class='ocr_carea' id='block_1_24' title="bbox 2057 1000 3638 1078">
    <p class='ocr_par' dir='ltr' id='par_1_24' title="bbox 2057 1000 3638 1078">
     <span class='ocr_line' id='line_1_24' title="bbox 2057 1000 3638 1078; baseline 0.001 -25"><span class='ocrx_word' id='word_1_158' title='bbox 2057 1000 2264 1071; x_wconf 85' lang='lat' dir='ltr'><strong>ipsum,</strong></span> <span class='ocrx_word' id='word_1_159' title='bbox 2300 1001 2480 1059; x_wconf 83' lang='lat' dir='ltr'><strong>factus</strong></span> <span class='ocrx_word' id='word_1_160' title='bbox 2512 1004 2781 1062; x_wconf 87' lang='lat' dir='ltr'><strong>obediens</strong></span> <span class='ocrx_word' id='word_1_161' title='bbox 2812 1022 2993 1078; x_wconf 87' lang='lat' dir='ltr'><strong>usque</strong></span> <span class='ocrx_word' id='word_1_162' title='bbox 3017 1005 3085 1061; x_wconf 91' lang='lat' dir='ltr'><strong>ad</strong></span> <span class='ocrx_word' id='word_1_163' title='bbox 3119 1014 3374 1069; x_wconf 91' lang='lat' dir='ltr'><strong>mortem,</strong></span> <span class='ocrx_word' id='word_1_164' title='bbox 3408 1010 3638 1058; x_wconf 86' lang='lat' dir='ltr'><strong>mortem</strong></span> 
     </span>
    </p>
   </div>
   <div class='ocr_carea' id='block_1_25' title="bbox 2056 1094 3640 1170">
    <p class='ocr_par' dir='ltr' id='par_1_25' title="bbox 2056 1094 3640 1170">
     <span class='ocr_line' id='line_1_25' title="bbox 2056 1094 3640 1170; baseline 0.001 -25"><span class='ocrx_word' id='word_1_165' title='bbox 2056 1099 2240 1147; x_wconf 90' lang='lat' dir='ltr'><strong>autem</strong></span> <span class='ocrx_word' id='word_1_166' title='bbox 2299 1096 2503 1151; x_wconf 89' lang='lat' dir='ltr'><strong>crucis.</strong></span> <span class='ocrx_word' id='word_1_167' title='bbox 2567 1094 2799 1167; x_wconf 89' lang='lat' dir='ltr'><strong>Pr0pter</strong></span> <span class='ocrx_word' id='word_1_168' title='bbox 2857 1098 3003 1170; x_wconf 87' lang='lat' dir='ltr'><strong>quod</strong></span> <span class='ocrx_word' id='word_1_169' title='bbox 3063 1105 3119 1154; x_wconf 78' lang='lat' dir='ltr'><strong>et</strong></span> <span class='ocrx_word' id='word_1_170' title='bbox 3172 1096 3316 1153; x_wconf 88' lang='lat' dir='ltr'><strong>Deus</strong></span> <span class='ocrx_word' id='word_1_171' title='bbox 3380 1096 3640 1152; x_wconf 81' lang='lat' dir='ltr'><strong>exaltavit</strong></span> 
     </span>
    </p>
   </div>
   <div class='ocr_carea' id='block_1_26' title="bbox 2056 1174 3647 1261">
    <p class='ocr_par' dir='ltr' id='par_1_26' title="bbox 2056 1174 3647 1261">
     <span class='ocr_line' id='line_1_26' title="bbox 2056 1174 3647 1261; baseline 0.003 -25"><span class='ocrx_word' id='word_1_172' title='bbox 2056 1183 2247 1250; x_wconf 91' lang='lat' dir='ltr'><strong>illum,</strong></span> <span class='ocrx_word' id='word_1_173' title='bbox 2304 1194 2357 1240; x_wconf 87' lang='lat' dir='ltr'><strong>et</strong></span> <span class='ocrx_word' id='word_1_174' title='bbox 2410 1185 2562 1241; x_wconf 88' lang='lat' dir='ltr'><strong>dedit</strong></span> <span class='ocrx_word' id='word_1_175' title='bbox 2613 1188 2666 1243; x_wconf 89' lang='lat' dir='ltr'><strong>ei</strong></span> <span class='ocrx_word' id='word_1_176' title='bbox 2701 1203 2902 1245; x_wconf 87' lang='lat' dir='ltr'><strong>nomen</strong></span> <span class='ocrx_word' id='word_1_177' title='bbox 2946 1189 3096 1261; x_wconf 85' lang='lat' dir='ltr'><strong>quod</strong></span> <span class='ocrx_word' id='word_1_178' title='bbox 3140 1198 3224 1245; x_wconf 90' lang='lat' dir='ltr'><strong>est</strong></span> <span class='ocrx_word' id='word_1_179' title='bbox 3270 1174 3436 1258; x_wconf 78' lang='lat' dir='ltr'><strong>super</strong></span> <span class='ocrx_word' id='word_1_180' title='bbox 3475 1178 3647 1241; x_wconf 82' lang='lat' dir='ltr'><strong>omne</strong></span> 
     </span>
    </p>
   </div>
   <div class='ocr_carea' id='block_1_27' title="bbox 2055 1277 3635 1352">
    <p class='ocr_par' dir='ltr' id='par_1_27' title="bbox 2055 1277 3635 1352">
     <span class='ocr_line' id='line_1_27' title="bbox 2055 1277 3635 1352; baseline 0.003 -23"><span class='ocrx_word' id='word_1_181' title='bbox 2055 1277 2359 1332; x_wconf 63' lang='lat' dir='ltr'><strong>nomen“.</strong></span> <span class='ocrx_word' id='word_1_182' title='bbox 2384 1295 2403 1328; x_wconf 75' lang='grc' dir='ltr'><strong>ι</strong></span> <span class='ocrx_word' id='word_1_183' title='bbox 2432 1278 2651 1335; x_wconf 79' lang='lat' dir='ltr'><strong>Audisti</strong></span> <span class='ocrx_word' id='word_1_184' title='bbox 2685 1295 2795 1351; x_wconf 77' lang='lat' dir='ltr'><strong>quo</strong></span> <span class='ocrx_word' id='word_1_185' title='bbox 2823 1290 3003 1352; x_wconf 90' lang='lat' dir='ltr'><strong>pacto,</strong></span> <span class='ocrx_word' id='word_1_186' title='bbox 3034 1282 3158 1337; x_wconf 90' lang='lat' dir='ltr'><strong>licet</strong></span> <span class='ocrx_word' id='word_1_187' title='bbox 3180 1278 3326 1336; x_wconf 81' lang='lat' dir='ltr'><strong>Deus</strong></span> <span class='ocrx_word' id='word_1_188' title='bbox 3350 1295 3513 1334; x_wconf 85' lang='lat' dir='ltr'><strong>verus</strong></span> <span class='ocrx_word' id='word_1_189' title='bbox 3544 1294 3635 1333; x_wconf 87' lang='lat' dir='ltr'><strong>cs-</strong></span> 
     </span>
    </p>
   </div>
   <div class='ocr_carea' id='block_1_28' title="bbox 2053 1370 3635 1443">
    <p class='ocr_par' dir='ltr' id='par_1_28' title="bbox 2053 1370 3635 1443">
     <span class='ocr_line' id='line_1_28' title="bbox 2053 1370 3635 1443; baseline -0.001 -19"><span class='ocrx_word' id='word_1_190' title='bbox 2053 1378 2157 1435; x_wconf 90' lang='lat' dir='ltr'><strong>sct,</strong></span> <span class='ocrx_word' id='word_1_191' title='bbox 2184 1377 2374 1440; x_wconf 93' lang='lat' dir='ltr'><strong>utpote</strong></span> <span class='ocrx_word' id='word_1_192' title='bbox 2397 1370 2562 1426; x_wconf 87' lang='lat' dir='ltr'><strong>etiam</strong></span> <span class='ocrx_word' id='word_1_193' title='bbox 2591 1372 2897 1428; x_wconf 80' lang='lat' dir='ltr'><strong>conformis</strong></span> <span class='ocrx_word' id='word_1_194' title='bbox 2921 1371 3071 1428; x_wconf 82' lang='lat' dir='ltr'><strong>Patri</strong></span> <span class='ocrx_word' id='word_1_195' title='bbox 3103 1388 3133 1427; x_wconf 90' lang='lat' dir='ltr'><strong>a</strong></span> <span class='ocrx_word' id='word_1_196' title='bbox 3159 1386 3270 1443; x_wconf 90' lang='lat' dir='ltr'><strong>quo</strong></span> <span class='ocrx_word' id='word_1_197' title='bbox 3291 1372 3505 1441; x_wconf 75' lang='lat' dir='ltr'><strong>genitus</strong></span> <span class='ocrx_word' id='word_1_198' title='bbox 3530 1377 3635 1431; x_wconf 79' lang='lat' dir='ltr'><strong>est,</strong></span> 
     </span>
    </p>
   </div>
   <div class='ocr_carea' id='block_1_29' title="bbox 2053 1459 3631 1535">
    <p class='ocr_par' dir='ltr' id='par_1_29' title="bbox 2053 1459 3631 1535">
     <span class='ocr_line' id='line_1_29' title="bbox 2053 1459 3631 1535; baseline 0.003 -23"><span class='ocrx_word' id='word_1_199' title='bbox 2053 1459 2360 1514; x_wconf 87' lang='lat' dir='ltr'><strong>humiliavit</strong></span> <span class='ocrx_word' id='word_1_200' title='bbox 2389 1467 2571 1518; x_wconf 84' lang='lat' dir='ltr'><strong>tamen</strong></span> <span class='ocrx_word' id='word_1_201' title='bbox 2605 1464 2986 1535; x_wconf 83' lang='lat' dir='ltr'><strong>semetipsum,</strong></span> <span class='ocrx_word' id='word_1_202' title='bbox 3022 1462 3205 1518; x_wconf 83' lang='lat' dir='ltr'><strong>factus</strong></span> <span class='ocrx_word' id='word_1_203' title='bbox 3240 1461 3503 1517; x_wconf 89' lang='lat' dir='ltr'><strong>obediens</strong></span> <span class='ocrx_word' id='word_1_204' title='bbox 3536 1476 3631 1516; x_wconf 86' lang='lat' dir='ltr'><strong>us-</strong></span> 
     </span>
    </p>
   </div>
   <div class='ocr_carea' id='block_1_30' title="bbox 2050 1549 3632 1625">
    <p class='ocr_par' dir='ltr' id='par_1_30' title="bbox 2050 1549 3632 1625">
     <span class='ocr_line' id='line_1_30' title="bbox 2050 1549 3632 1625; baseline 0.004 -22"><span class='ocrx_word' id='word_1_205' title='bbox 2050 1563 2157 1618; x_wconf 90' lang='lat' dir='ltr'><strong>que</strong></span> <span class='ocrx_word' id='word_1_206' title='bbox 2183 1549 2252 1604; x_wconf 87' lang='lat' dir='ltr'><strong>ad</strong></span> <span class='ocrx_word' id='word_1_207' title='bbox 2287 1559 2518 1608; x_wconf 90' lang='lat' dir='ltr'><strong>mortem</strong></span> <span class='ocrx_word' id='word_1_208' title='bbox 2539 1553 2561 1607; x_wconf 69' lang='grc' dir='ltr'><strong>’ἒ</strong></span> <span class='ocrx_word' id='word_1_209' title='bbox 2580 1552 2714 1608; x_wconf 85' lang='lat' dir='ltr'><strong>Nam</strong></span> <span class='ocrx_word' id='word_1_210' title='bbox 2746 1570 2871 1608; x_wconf 88' lang='lat' dir='ltr'><strong>cum</strong></span> <span class='ocrx_word' id='word_1_211' title='bbox 2906 1553 3051 1610; x_wconf 85' lang='lat' dir='ltr'><strong>Deus</strong></span> <span class='ocrx_word' id='word_1_212' title='bbox 3077 1569 3140 1609; x_wconf 91' lang='lat' dir='ltr'><strong>ac</strong></span> <span class='ocrx_word' id='word_1_213' title='bbox 3162 1553 3323 1609; x_wconf 91' lang='lat' dir='ltr'><strong>Pater</strong></span> <span class='ocrx_word' id='word_1_214' title='bbox 3346 1568 3509 1609; x_wconf 90' lang='lat' dir='ltr'><strong>omne</strong></span> <span class='ocrx_word' id='word_1_215' title='bbox 3537 1569 3632 1625; x_wconf 78' lang='lat' dir='ltr'><strong>ge-</strong></span> 
     </span>
    </p>
   </div>
   <div class='ocr_carea' id='block_1_31' title="bbox 2051 1641 3633 1716">
    <p class='ocr_par' dir='ltr' id='par_1_31' title="bbox 2051 1641 3633 1716">
     <span class='ocr_line' id='line_1_31' title="bbox 2051 1641 3633 1716; baseline 0.004 -24"><span class='ocrx_word' id='word_1_216' title='bbox 2051 1655 2156 1695; x_wconf 86' lang='lat' dir='ltr'><strong>nus</strong></span> <span class='ocrx_word' id='word_1_217' title='bbox 2185 1641 2466 1697; x_wconf 84' lang='lat' dir='ltr'><strong>hominum</strong></span> <span class='ocrx_word' id='word_1_218' title='bbox 2501 1654 2823 1715; x_wconf 89' lang='lat' dir='ltr'><strong>corruptum</strong></span> <span class='ocrx_word' id='word_1_219' title='bbox 2857 1647 3073 1702; x_wconf 83' lang='lat' dir='ltr'><strong>salvare</strong></span> <span class='ocrx_word' id='word_1_220' title='bbox 3115 1646 3425 1711; x_wconf 87' lang='lat' dir='ltr'><strong>statuisset,</strong></span> <span class='ocrx_word' id='word_1_221' title='bbox 3456 1660 3633 1716; x_wconf 85' lang='lat' dir='ltr'><strong>neque</strong></span> 
     </span>
    </p>
   </div>
   <div class='ocr_carea' id='block_1_32' title="bbox 2049 1731 3629 1808">
    <p class='ocr_par' dir='ltr' id='par_1_32' title="bbox 2049 1731 3629 1808">
     <span class='ocr_line' id='line_1_32' title="bbox 2049 1731 3629 1808; baseline 0.003 -23"><span class='ocrx_word' id='word_1_222' title='bbox 2049 1731 2103 1786; x_wconf 90' lang='lat' dir='ltr'><strong>id</strong></span> <span class='ocrx_word' id='word_1_223' title='bbox 2142 1733 2209 1797; x_wconf 74' lang='lat' dir='ltr'><strong>ab</strong></span> <span class='ocrx_word' id='word_1_224' title='bbox 2242 1734 2349 1788; x_wconf 89' lang='lat' dir='ltr'><strong>ulla</strong></span> <span class='ocrx_word' id='word_1_225' title='bbox 2395 1742 2652 1791; x_wconf 83' lang='lat' dir='ltr'><strong>creatura</strong></span> <span class='ocrx_word' id='word_1_226' title='bbox 2695 1735 2808 1793; x_wconf 78' lang='lat' dir='ltr'><strong>fieri</strong></span> <span class='ocrx_word' id='word_1_227' title='bbox 2846 1745 3053 1808; x_wconf 86' lang='lat' dir='ltr'><strong>posset,</strong></span> <span class='ocrx_word' id='word_1_228' title='bbox 3091 1752 3217 1792; x_wconf 90' lang='lat' dir='ltr'><strong>cum</strong></span> <span class='ocrx_word' id='word_1_229' title='bbox 3254 1745 3629 1793; x_wconf 88' lang='lat' dir='ltr'><strong>creaturarum</strong></span> 
     </span>
    </p>
   </div>
   <div class='ocr_carea' id='block_1_33' title="bbox 355 1812 1939 1900">
    <p class='ocr_par' dir='ltr' id='par_1_33' title="bbox 355 1812 1939 1889">
     <span class='ocr_line' id='line_1_33' title="bbox 355 1812 1939 1889; baseline 0.004 -25"><span class='ocrx_word' id='word_1_230' title='bbox 355 1812 653 1883; x_wconf 77' lang='grc' dir='ltr'><strong>ἐχαρίσατο</strong></span> <span class='ocrx_word' id='word_1_231' title='bbox 678 1812 827 1884; x_wconf 85' lang='grc' dir='ltr'><strong>αὑτῷ</strong></span> <span class='ocrx_word' id='word_1_232' title='bbox 853 1814 1046 1887; x_wconf 77' lang='grc' dir='ltr'><strong>δνομα,</strong></span> <span class='ocrx_word' id='word_1_233' title='bbox 1075 1816 1136 1870; x_wconf 84' lang='grc' dir='ltr'><strong>τὸ</strong></span> <span class='ocrx_word' id='word_1_234' title='bbox 1166 1817 1308 1889; x_wconf 82' lang='grc' dir='ltr'><strong>ὑπὲρ</strong></span> <span class='ocrx_word' id='word_1_235' title='bbox 1345 1818 1453 1872; x_wconf 79' lang='grc' dir='ltr'><strong>πᾶν</strong></span> <span class='ocrx_word' id='word_1_236' title='bbox 1487 1817 1678 1888; x_wconf 78' lang='grc' dir='ltr'><strong>δνομα.</strong></span> <span class='ocrx_word' id='word_1_237' title='bbox 1710 1838 1730 1870; x_wconf 84' lang='grc'><strong><em>›</em></strong></span> <span class='ocrx_word' id='word_1_238' title='bbox 1777 1818 1939 1889; x_wconf 83' lang='grc' dir='ltr'><strong>Ἀκή-</strong></span> 
     </span>
    </p>
   </div>
   <div class='ocr_carea' id='block_1_34' title="bbox 2043 1812 3628 1900">
    <p class='ocr_par' dir='ltr' id='par_1_34' title="bbox 2047 1823 3628 1900">
     <span class='ocr_line' id='line_1_34' title="bbox 2047 1823 3628 1900; baseline 0.002 -23"><span class='ocrx_word' id='word_1_239' title='bbox 2047 1823 2191 1881; x_wconf 89' lang='lat' dir='ltr'><strong>vires</strong></span> <span class='ocrx_word' id='word_1_240' title='bbox 2225 1839 2419 1882; x_wconf 89' lang='lat' dir='ltr'><strong>omnes</strong></span> <span class='ocrx_word' id='word_1_241' title='bbox 2461 1826 2622 1898; x_wconf 76' lang='lat' dir='ltr'><strong>longe</strong></span> <span class='ocrx_word' id='word_1_242' title='bbox 2652 1828 2943 1883; x_wconf 67' lang='lat' dir='ltr'><strong>excederet</strong></span> <span class='ocrx_word' id='word_1_243' title='bbox 2964 1869 2979 1894; x_wconf 94' lang='lat'><strong>,</strong></span> <span class='ocrx_word' id='word_1_244' title='bbox 3014 1829 3133 1900; x_wconf 85' lang='lat' dir='ltr'><strong>ipse</strong></span> <span class='ocrx_word' id='word_1_245' title='bbox 3163 1828 3628 1899; x_wconf 70' lang='lat' dir='ltr'><strong>dispensationem</strong></span> 
     </span>
    </p>
   </div>
   <div class='ocr_carea' id='block_1_35' title="bbox 356 1905 1945 1982">
    <p class='ocr_par' dir='ltr' id='par_1_35' title="bbox 356 1905 1945 1982">
     <span class='ocr_line' id='line_1_35' title="bbox 356 1905 1945 1982; baseline 0.004 -24"><span class='ocrx_word' id='word_1_246' title='bbox 356 1921 491 1969; x_wconf 80' lang='grc' dir='ltr'><strong>κοας</strong></span> <span class='ocrx_word' id='word_1_247' title='bbox 519 1905 689 1969; x_wconf 84' lang='grc' dir='ltr'><strong>ὅπως,</strong></span> <span class='ocrx_word' id='word_1_248' title='bbox 730 1906 907 1962; x_wconf 78' lang='grc' dir='ltr'><strong>καίτοι</strong></span> <span class='ocrx_word' id='word_1_249' title='bbox 955 1906 1090 1973; x_wconf 80' lang='grc' dir='ltr'><strong>Θεὸς</strong></span> <span class='ocrx_word' id='word_1_250' title='bbox 1128 1907 1391 1982; x_wconf 77' lang='grc' dir='ltr'><strong>ὑπάρχων</strong></span> <span class='ocrx_word' id='word_1_251' title='bbox 1441 1910 1715 1982; x_wconf 77' lang='grc' dir='ltr'><strong>ἀληθινὸς,</strong></span> <span class='ocrx_word' id='word_1_252' title='bbox 1752 1911 1848 1965; x_wconf 78' lang='grc' dir='ltr'><strong>άτε</strong></span> <span class='ocrx_word' id='word_1_253' title='bbox 1880 1910 1945 1981; x_wconf 80' lang='grc' dir='ltr'><strong>δὴ</strong></span> 
     </span>
    </p>
   </div>
   <div class='ocr_carea' id='block_1_36' title="bbox 352 1996 1945 2074">
    <p class='ocr_par' dir='ltr' id='par_1_36' title="bbox 352 1996 1945 2074">
     <span class='ocr_line' id='line_1_36' title="bbox 352 1996 1945 2074; baseline 0.005 -25"><span class='ocrx_word' id='word_1_254' title='bbox 352 1998 452 2050; x_wconf 80' lang='grc' dir='ltr'><strong>καὶ</strong></span> <span class='ocrx_word' id='word_1_255' title='bbox 514 1996 837 2069; x_wconf 76' lang='grc' dir='ltr'><strong>σύμμορφος</strong></span> <span class='ocrx_word' id='word_1_256' title='bbox 884 1997 964 2070; x_wconf 81' lang='grc' dir='ltr'><strong>τῷ</strong></span> <span class='ocrx_word' id='word_1_257' title='bbox 1016 2001 1229 2057; x_wconf 85' lang='grc' dir='ltr'><strong>τεκόντι</strong></span> <span class='ocrx_word' id='word_1_258' title='bbox 1289 2003 1485 2074; x_wconf 78' lang='grc' dir='ltr'><strong>Πατρὶ,</strong></span> <span class='ocrx_word' id='word_1_259' title='bbox 1549 2002 1945 2058; x_wconf 85' lang='grc' dir='ltr'><strong>τεταπείνωκεν</strong></span> 
     </span>
    </p>
   </div>
   <div class='ocr_carea' id='block_1_37' title="bbox 354 2090 1945 2166">
    <p class='ocr_par' dir='ltr' id='par_1_37' title="bbox 354 2090 1945 2166">
     <span class='ocr_line' id='line_1_37' title="bbox 354 2090 1945 2166; baseline 0.014 -24"><span class='ocrx_word' id='word_1_260' title='bbox 354 2090 572 2153; x_wconf 79' lang='grc' dir='ltr'><strong>ἑαυτὸν,</strong></span> <span class='ocrx_word' id='word_1_261' title='bbox 602 2090 892 2162; x_wconf 86' lang='grc' dir='ltr'><strong>γενόμενος</strong></span> <span class='ocrx_word' id='word_1_262' title='bbox 919 2092 1179 2164; x_wconf 82' lang='grc' dir='ltr'><strong>ὑπήκοος,</strong></span> <span class='ocrx_word' id='word_1_263' title='bbox 1219 2093 1385 2166; x_wconf 72' lang='grc' dir='ltr'><strong>μέχρι</strong></span> <span class='ocrx_word' id='word_1_264' title='bbox 1418 2094 1687 2160; x_wconf 74' lang='grc' dir='ltr'><strong>θανάτους</strong></span> <span class='ocrx_word' id='word_1_265' title='bbox 1728 2094 1945 2166; x_wconf 76' lang='grc' dir='ltr'><strong>Ἐπειδῆ</strong></span> 
     </span>
    </p>
   </div>
   <div class='ocr_carea' id='block_1_38' title="bbox 350 2178 1946 2254">
    <p class='ocr_par' dir='ltr' id='par_1_38' title="bbox 350 2178 1946 2254">
     <span class='ocr_line' id='line_1_38' title="bbox 350 2178 1946 2254; baseline 0.003 -23"><span class='ocrx_word' id='word_1_266' title='bbox 350 2178 466 2248; x_wconf 84' lang='lat'><strong>7&amp;9</strong></span> <span class='ocrx_word' id='word_1_267' title='bbox 492 2178 755 2233; x_wconf 82' lang='grc' dir='ltr'><strong>διασῶσαι</strong></span> <span class='ocrx_word' id='word_1_268' title='bbox 785 2180 845 2234; x_wconf 82' lang='grc' dir='ltr'><strong>τὸ</strong></span> <span class='ocrx_word' id='word_1_269' title='bbox 878 2180 1326 2254; x_wconf 71' lang='grc' dir='ltr'><strong>κατεφθαρμένον</strong></span> <span class='ocrx_word' id='word_1_270' title='bbox 1357 2183 1450 2236; x_wconf 71' lang='grc' dir='ltr'><strong>ἐπὶ</strong></span> <span class='ocrx_word' id='word_1_271' title='bbox 1476 2184 1580 2254; x_wconf 81' lang='grc' dir='ltr'><strong>γῆς</strong></span> <span class='ocrx_word' id='word_1_272' title='bbox 1610 2183 1762 2252; x_wconf 89' lang='grc' dir='ltr'><strong>γένος</strong></span> <span class='ocrx_word' id='word_1_273' title='bbox 1792 2182 1946 2237; x_wconf 83' lang='grc' dir='ltr'><strong>ὲόου-</strong></span> 
     </span>
    </p>
   </div>
   <div class='ocr_carea' id='block_1_39' title="bbox 350 2268 1943 2344">
    <p class='ocr_par' dir='ltr' id='par_1_39' title="bbox 350 2268 1943 2344">
     <span class='ocr_line' id='line_1_39' title="bbox 350 2268 1943 2344; baseline 0.004 -23"><span class='ocrx_word' id='word_1_274' title='bbox 350 2268 586 2323; x_wconf 82' lang='grc' dir='ltr'><strong>λεὺσατο</strong></span> <span class='ocrx_word' id='word_1_275' title='bbox 631 2272 659 2324; x_wconf 89' lang='grc' dir='ltr'>ὁ</span> <span class='ocrx_word' id='word_1_276' title='bbox 703 2270 836 2335; x_wconf 76' lang='grc' dir='ltr'><strong>Θεὸς</strong></span> <span class='ocrx_word' id='word_1_277' title='bbox 885 2273 980 2326; x_wconf 66' lang='grc' dir='ltr'><strong>καὶ</strong></span> <span class='ocrx_word' id='word_1_278' title='bbox 1024 2273 1253 2344; x_wconf 81' lang='grc' dir='ltr'><strong>Πατὴρ,</strong></span> <span class='ocrx_word' id='word_1_279' title='bbox 1293 2274 1391 2328; x_wconf 81' lang='grc' dir='ltr'><strong>οὑκ</strong></span> <span class='ocrx_word' id='word_1_280' title='bbox 1440 2269 1511 2344; x_wconf 81' lang='grc' dir='ltr'><strong>ἦν</strong></span> <span class='ocrx_word' id='word_1_281' title='bbox 1556 2274 1613 2327; x_wconf 84' lang='grc' dir='ltr'><strong>δὲ</strong></span> <span class='ocrx_word' id='word_1_282' title='bbox 1670 2272 1829 2327; x_wconf 90' lang='grc' dir='ltr'><strong>τοῦτο</strong></span> <span class='ocrx_word' id='word_1_283' title='bbox 1862 2270 1943 2328; x_wconf 83' lang='grc' dir='ltr'><strong>δι-</strong></span> 
     </span>
    </p>
   </div>
   <div class='ocr_carea' id='block_1_40' title="bbox 351 2357 1947 2439">
    <p class='ocr_par' dir='ltr' id='par_1_40' title="bbox 351 2357 1947 2439">
     <span class='ocr_line' id='line_1_40' title="bbox 351 2357 1947 2439; baseline 0.006 -27"><span class='ocrx_word' id='word_1_284' title='bbox 351 2357 553 2414; x_wconf 80' lang='grc' dir='ltr'><strong>ανῦσαι</strong></span> <span class='ocrx_word' id='word_1_285' title='bbox 582 2359 740 2431; x_wconf 77' lang='grc' dir='ltr'><strong>θέμις</strong></span> <span class='ocrx_word' id='word_1_286' title='bbox 765 2362 873 2415; x_wconf 85' lang='grc' dir='ltr'><strong>τῶν</strong></span> <span class='ocrx_word' id='word_1_287' title='bbox 903 2364 974 2417; x_wconf 79' lang='grc' dir='ltr'><strong>ὲν⁴</strong></span> <span class='ocrx_word' id='word_1_288' title='bbox 1006 2363 1217 2431; x_wconf 79' lang='grc' dir='ltr'><strong>γενέσει</strong></span> <span class='ocrx_word' id='word_1_289' title='bbox 1241 2365 1367 2427; x_wconf 68' lang='grc' dir='ltr'><strong>τινὶ,</strong></span> <span class='ocrx_word' id='word_1_290' title='bbox 1413 2365 1812 2439; x_wconf 61' lang='grc' dir='ltr'><strong>πᾶσανλῶσπερ</strong></span> <span class='ocrx_word' id='word_1_291' title='bbox 1846 2366 1947 2437; x_wconf 77' lang='grc' dir='ltr'><strong>τὴν</strong></span> 
     </span>
    </p>
   </div>
   <div class='ocr_carea' id='block_1_41' title="bbox 349 2451 1943 2530">
    <p class='ocr_par' dir='ltr' id='par_1_41' title="bbox 349 2451 1943 2530">
     <span class='ocr_line' id='line_1_41' title="bbox 349 2451 1943 2530; baseline 0.006 -25"><span class='ocrx_word' id='word_1_292' title='bbox 349 2451 580 2506; x_wconf 75' lang='grc' dir='ltr'><strong>ἐνοῦσαν</strong></span> <span class='ocrx_word' id='word_1_293' title='bbox 613 2456 697 2525; x_wconf 32' lang='grc' dir='ltr'><strong>τῇ,</strong></span> <span class='ocrx_word' id='word_1_294' title='bbox 719 2454 896 2508; x_wconf 79' lang='grc' dir='ltr'><strong>κτίσει</strong></span> <span class='ocrx_word' id='word_1_295' title='bbox 932 2454 1159 2527; x_wconf 82' lang='grc' dir='ltr'><strong>δύναμιν</strong></span> <span class='ocrx_word' id='word_1_296' title='bbox 1189 2457 1572 2529; x_wconf 84' lang='grc' dir='ltr'><strong>ἀναπηδῶντος</strong></span> <span class='ocrx_word' id='word_1_297' title='bbox 1614 2458 1708 2512; x_wconf 86' lang='grc' dir='ltr'><strong>τοῦ</strong></span> <span class='ocrx_word' id='word_1_298' title='bbox 1748 2477 1943 2530; x_wconf 87' lang='grc' dir='ltr'><strong>κατορ-</strong></span> 
     </span>
    </p>
   </div>
   <div class='ocr_carea' id='block_1_42' title="bbox 348 2543 1942 2621">
    <p class='ocr_par' dir='ltr' id='par_1_42' title="bbox 348 2543 1942 2621">
     <span class='ocr_line' id='line_1_42' title="bbox 348 2543 1942 2621; baseline 0.004 -24"><span class='ocrx_word' id='word_1_299' title='bbox 348 2543 625 2615; x_wconf 83' lang='grc' dir='ltr'><strong>θώματος,</strong></span> <span class='ocrx_word' id='word_1_300' title='bbox 656 2546 816 2611; x_wconf 83' lang='grc' dir='ltr'><strong>αὑτὸς</strong></span> <span class='ocrx_word' id='word_1_301' title='bbox 862 2546 1029 2601; x_wconf 82' lang='grc' dir='ltr'>ὑπέδυ</span> <span class='ocrx_word' id='word_1_302' title='bbox 1078 2548 1177 2619; x_wconf 85' lang='grc' dir='ltr'><strong>τὴν</strong></span> <span class='ocrx_word' id='word_1_303' title='bbox 1222 2549 1555 2620; x_wconf 76' lang='grc' dir='ltr'><strong>οἰκονομίαν,</strong></span> <span class='ocrx_word' id='word_1_304' title='bbox 1583 2552 1612 2603; x_wconf 89' lang='grc' dir='ltr'>ὁ</span> <span class='ocrx_word' id='word_1_305' title='bbox 1656 2550 1942 2621; x_wconf 84' lang='grc' dir='ltr'><strong>γινώσκων</strong></span> 
     </span>
    </p>
   </div>
   <div class='ocr_carea' id='block_1_43' title="bbox 346 2636 1937 2717">
    <p class='ocr_par' dir='ltr' id='par_1_43' title="bbox 346 2636 1937 2717">
     <span class='ocr_line' id='line_1_43' title="bbox 346 2636 1937 2717; baseline 0.005 -27"><span class='ocrx_word' id='word_1_306' title='bbox 346 2637 412 2691; x_wconf 80' lang='grc' dir='ltr'><strong>τδ</strong></span> <span class='ocrx_word' id='word_1_307' title='bbox 452 2636 666 2708; x_wconf 75' lang='grc' dir='ltr'><strong>θέλημα</strong></span> <span class='ocrx_word' id='word_1_308' title='bbox 715 2637 810 2692; x_wconf 91' lang='grc' dir='ltr'><strong>τοῦ</strong></span> <span class='ocrx_word' id='word_1_309' title='bbox 867 2638 1002 2693; x_wconf 80' lang='grc' dir='ltr'><strong>Θεοῦ</strong></span> <span class='ocrx_word' id='word_1_310' title='bbox 1045 2641 1141 2696; x_wconf 84' lang='grc' dir='ltr'><strong>καί</strong></span> <span class='ocrx_word' id='word_1_311' title='bbox 1194 2642 1407 2713; x_wconf 84' lang='grc' dir='ltr'><strong>Πατρὸς</strong></span> <span class='ocrx_word' id='word_1_312' title='bbox 1452 2641 1587 2708; x_wconf 78' lang='grc' dir='ltr'><strong>Θεὸς</strong></span> <span class='ocrx_word' id='word_1_313' title='bbox 1626 2646 1937 2717; x_wconf 81' lang='grc' dir='ltr'><strong>μονογενής.</strong></span> 
     </span>
    </p>
   </div>
   <div class='ocr_carea' id='block_1_44' title="bbox 346 2728 1942 2805">
    <p class='ocr_par' dir='ltr' id='par_1_44' title="bbox 346 2728 1942 2805">
     <span class='ocr_line' id='line_1_44' title="bbox 346 2728 1942 2805; baseline 0.005 -24"><span class='ocrx_word' id='word_1_314' title='bbox 346 2728 574 2799; x_wconf 79' lang='grc' dir='ltr'><strong>Κατέδη</strong></span> <span class='ocrx_word' id='word_1_315' title='bbox 619 2729 676 2783; x_wconf 66' lang='grc' dir='ltr'><strong>δὲ</strong></span> <span class='ocrx_word' id='word_1_316' title='bbox 730 2728 903 2795; x_wconf 75' lang='grc' dir='ltr'><strong>οὕτως</strong></span> <span class='ocrx_word' id='word_1_317' title='bbox 956 2733 1035 2796; x_wconf 79' lang='grc' dir='ltr'><strong>είς</strong></span> <span class='ocrx_word' id='word_1_318' title='bbox 1090 2733 1336 2789; x_wconf 80' lang='grc' dir='ltr'><strong>ἑκούσιον</strong></span> <span class='ocrx_word' id='word_1_319' title='bbox 1379 2734 1680 2805; x_wconf 68' lang='grc' dir='ltr'><strong>ὑποταγὴν,</strong></span> <span class='ocrx_word' id='word_1_320' title='bbox 1725 2734 1800 2799; x_wconf 83' lang='grc' dir='ltr'><strong>ὡς</strong></span> <span class='ocrx_word' id='word_1_321' title='bbox 1847 2737 1942 2789; x_wconf 77' lang='grc' dir='ltr'><strong>καὶ</strong></span> 
     </span>
    </p>
   </div>
   <div class='ocr_carea' id='block_1_45' title="bbox 348 2819 1951 2897">
    <p class='ocr_par' dir='ltr' id='par_1_45' title="bbox 348 2819 1951 2897">
     <span class='ocr_line' id='line_1_45' title="bbox 348 2819 1951 2897; baseline 0.005 -26"><span class='ocrx_word' id='word_1_322' title='bbox 348 2819 517 2890; x_wconf 85' lang='grc' dir='ltr'><strong>μέχρι</strong></span> <span class='ocrx_word' id='word_1_323' title='bbox 550 2819 781 2876; x_wconf 86' lang='grc' dir='ltr'><strong>θανάτου</strong></span> <span class='ocrx_word' id='word_1_324' title='bbox 813 2821 1137 2878; x_wconf 80' lang='grc' dir='ltr'><strong>καθικέσθαι</strong></span> <span class='ocrx_word' id='word_1_325' title='bbox 1189 2824 1286 2879; x_wconf 74' lang='grc' dir='ltr'><strong>καὶ</strong></span> <span class='ocrx_word' id='word_1_326' title='bbox 1332 2824 1523 2879; x_wconf 85' lang='grc' dir='ltr'><strong>τούτου</strong></span> <span class='ocrx_word' id='word_1_327' title='bbox 1585 2827 1951 2897; x_wconf 72' lang='grc' dir='ltr'><strong>ἀτιμοτάτου..</strong></span> 
     </span>
    </p>
   </div>
   <div class='ocr_carea' id='block_1_46' title="bbox 345 2911 1936 2989">
    <p class='ocr_par' dir='ltr' id='par_1_46' title="bbox 345 2911 1936 2989">
     <span class='ocr_line' id='line_1_46' title="bbox 345 2911 1936 2989; baseline 0.006 -25"><span class='ocrx_word' id='word_1_328' title='bbox 345 2911 424 2965; x_wconf 84' lang='grc' dir='ltr'><strong>Τὸ</strong></span> <span class='ocrx_word' id='word_1_329' title='bbox 464 2912 572 2984; x_wconf 87' lang='lat'><strong>7&amp;9</strong></span> <span class='ocrx_word' id='word_1_330' title='bbox 632 2912 967 2986; x_wconf 78' lang='grc' dir='ltr'><strong>ἐξηρτῆσθαι</strong></span> <span class='ocrx_word' id='word_1_331' title='bbox 1024 2915 1281 2988; x_wconf 87' lang='grc' dir='ltr'><strong>σταυροῦ,</strong></span> <span class='ocrx_word' id='word_1_332' title='bbox 1314 2917 1431 2980; x_wconf 84' lang='grc' dir='ltr'><strong>πῶς</strong></span> <span class='ocrx_word' id='word_1_333' title='bbox 1478 2917 1544 2973; x_wconf 82' lang='grc' dir='ltr'><strong>ἂν</strong></span> <span class='ocrx_word' id='word_1_334' title='bbox 1599 2918 1687 2988; x_wconf 80' lang='grc' dir='ltr'><strong>εἴη</strong></span> <span class='ocrx_word' id='word_1_335' title='bbox 1734 2919 1936 2989; x_wconf 83' lang='grc' dir='ltr'><strong>τίμιον,</strong></span> 
     </span>
    </p>
   </div>
   <div class='ocr_carea' id='block_1_47' title="bbox 346 3003 1935 3080">
    <p class='ocr_par' dir='ltr' id='par_1_47' title="bbox 346 3003 1935 3080">
     <span class='ocr_line' id='line_1_47' title="bbox 346 3003 1935 3080; baseline 0.006 -25"><span class='ocrx_word' id='word_1_336' title='bbox 346 3003 554 3074; x_wconf 75' lang='grc' dir='ltr'><strong>μᾶλλον</strong></span> <span class='ocrx_word' id='word_1_337' title='bbox 604 3005 662 3059; x_wconf 77' lang='grc' dir='ltr'><strong>δὲ</strong></span> <span class='ocrx_word' id='word_1_338' title='bbox 719 3006 838 3071; x_wconf 84' lang='grc' dir='ltr'><strong>πῶς</strong></span> <span class='ocrx_word' id='word_1_339' title='bbox 904 3008 1002 3080; x_wconf 88' lang='grc' dir='ltr'><strong>οὑχ</strong></span> <span class='ocrx_word' id='word_1_340' title='bbox 1064 3009 1285 3078; x_wconf 87' lang='grc' dir='ltr'><strong>ἀπάσης</strong></span> <span class='ocrx_word' id='word_1_341' title='bbox 1352 3008 1569 3078; x_wconf 81' lang='grc' dir='ltr'><strong>ἀδοξίας</strong></span> <span class='ocrx_word' id='word_1_342' title='bbox 1635 3009 1935 3073; x_wconf 79' lang='grc' dir='ltr'><strong>ὲπέκεινα-;</strong></span> 
     </span>
    </p>
   </div>
   <div class='ocr_carea' id='block_1_48' title="bbox 358 3097 1936 3174">
    <p class='ocr_par' dir='ltr' id='par_1_48' title="bbox 358 3097 1936 3174">
     <span class='ocr_line' id='line_1_48' title="bbox 358 3097 1936 3174; baseline 0.006 -25"><span class='ocrx_word' id='word_1_343' title='bbox 358 3097 581 3169; x_wconf 80' lang='grc' dir='ltr'><strong>Ἐπειδὴ</strong></span> <span class='ocrx_word' id='word_1_344' title='bbox 617 3098 689 3171; x_wconf 50' lang='grc' dir='ltr'><strong>δὴ»</strong></span> <span class='ocrx_word' id='word_1_345' title='bbox 725 3100 784 3154; x_wconf 77' lang='grc' dir='ltr'><strong>δὲ</strong></span> <span class='ocrx_word' id='word_1_346' title='bbox 833 3099 1009 3157; x_wconf 88' lang='grc' dir='ltr'><strong>ταῦτα</strong></span> <span class='ocrx_word' id='word_1_347' title='bbox 1052 3102 1283 3174; x_wconf 81' lang='grc' dir='ltr'><strong>ὑπέστη,</strong></span> <span class='ocrx_word' id='word_1_348' title='bbox 1313 3103 1499 3172; x_wconf 76' lang='grc' dir='ltr'><strong>φησὶν,</strong></span> <span class='ocrx_word' id='word_1_349' title='bbox 1541 3105 1570 3157; x_wconf 84' lang='grc' dir='ltr'><strong>ό</strong></span> <span class='ocrx_word' id='word_1_350' title='bbox 1613 3104 1744 3167; x_wconf 77' lang='grc' dir='ltr'><strong>θεὸς</strong></span> <span class='ocrx_word' id='word_1_351' title='bbox 1775 3104 1936 3158; x_wconf 75' lang='grc' dir='ltr'><strong>αὑτὸν</strong></span> 
     </span>
    </p>
   </div>
   <div class='ocr_carea' id='block_1_49' title="bbox 2050 1916 3631 1990">
    <p class='ocr_par' dir='ltr' id='par_1_49' title="bbox 2050 1916 3631 1990">
     <span class='ocr_line' id='line_1_49' title="bbox 2050 1916 3631 1990; baseline 0.001 -21"><span class='ocrx_word' id='word_1_352' title='bbox 2050 1916 2197 1970; x_wconf 87' lang='lat' dir='ltr'><strong>illam</strong></span> <span class='ocrx_word' id='word_1_353' title='bbox 2229 1918 2418 1982; x_wconf 89' lang='lat' dir='ltr'><strong>subiit,</strong></span> <span class='ocrx_word' id='word_1_354' title='bbox 2449 1920 2653 1990; x_wconf 89' lang='lat' dir='ltr'><strong>quippe</strong></span> <span class='ocrx_word' id='word_1_355' title='bbox 2690 1935 2814 1974; x_wconf 89' lang='lat' dir='ltr'><strong>cum</strong></span> <span class='ocrx_word' id='word_1_356' title='bbox 2851 1919 2943 1975; x_wconf 90' lang='lat' dir='ltr'><strong>Dei</strong></span> <span class='ocrx_word' id='word_1_357' title='bbox 2986 1933 3049 1975; x_wconf 92' lang='lat' dir='ltr'><strong>ac</strong></span> <span class='ocrx_word' id='word_1_358' title='bbox 3082 1918 3266 1975; x_wconf 85' lang='lat' dir='ltr'><strong>Patris</strong></span> <span class='ocrx_word' id='word_1_359' title='bbox 3290 1919 3631 1974; x_wconf 78' lang='lat' dir='ltr'><strong>voluntatem</strong></span> 
     </span>
    </p>
   </div>
   <div class='ocr_carea' id='block_1_50' title="bbox 2050 2007 3616 2081">
    <p class='ocr_par' dir='ltr' id='par_1_50' title="bbox 2050 2007 3616 2081">
     <span class='ocr_line' id='line_1_50' title="bbox 2050 2007 3616 2081; baseline 0.001 -18"><span class='ocrx_word' id='word_1_360' title='bbox 2050 2007 2192 2064; x_wconf 86' lang='lat' dir='ltr'><strong>Deus</strong></span> <span class='ocrx_word' id='word_1_361' title='bbox 2230 2010 2546 2081; x_wconf 73' lang='lat' dir='ltr'><strong>unigenitus</strong></span> <span class='ocrx_word' id='word_1_362' title='bbox 2588 2020 2934 2081; x_wconf 74' lang='lat' dir='ltr'><strong>agnosceret.</strong></span> <span class='ocrx_word' id='word_1_363' title='bbox 2987 2011 3082 2068; x_wconf 90' lang='lat' dir='ltr'><strong>Sic</strong></span> <span class='ocrx_word' id='word_1_364' title='bbox 3124 2020 3305 2067; x_wconf 86' lang='lat' dir='ltr'><strong>autem</strong></span> <span class='ocrx_word' id='word_1_365' title='bbox 3348 2011 3405 2065; x_wconf 91' lang='lat' dir='ltr'><strong>in</strong></span> <span class='ocrx_word' id='word_1_366' title='bbox 3446 2010 3616 2081; x_wconf 73' lang='lat' dir='ltr'><strong>subje-</strong></span> 
     </span>
    </p>
   </div>
   <div class='ocr_carea' id='block_1_51' title="bbox 2047 2101 3630 2169">
    <p class='ocr_par' dir='ltr' id='par_1_51' title="bbox 2047 2101 3630 2169">
     <span class='ocr_line' id='line_1_51' title="bbox 2047 2101 3630 2169; baseline 0.002 -15"><span class='ocrx_word' id='word_1_367' title='bbox 2047 2101 2290 2156; x_wconf 79' lang='lat' dir='ltr'><strong>ctioncm</strong></span> <span class='ocrx_word' id='word_1_368' title='bbox 2326 2102 2692 2156; x_wconf 83' lang='lat' dir='ltr'><strong>voluntariam</strong></span> <span class='ocrx_word' id='word_1_369' title='bbox 2731 2103 2879 2158; x_wconf 90' lang='lat' dir='ltr'><strong>ultro</strong></span> <span class='ocrx_word' id='word_1_370' title='bbox 2912 2102 3218 2169; x_wconf 85' lang='lat' dir='ltr'><strong>descendit,</strong></span> <span class='ocrx_word' id='word_1_371' title='bbox 3262 2112 3321 2158; x_wconf 84' lang='lat' dir='ltr'><strong>ut</strong></span> <span class='ocrx_word' id='word_1_372' title='bbox 3351 2102 3516 2158; x_wconf 89' lang='lat' dir='ltr'><strong>etiam</strong></span> <span class='ocrx_word' id='word_1_373' title='bbox 3561 2101 3630 2157; x_wconf 89' lang='lat' dir='ltr'><strong>ad</strong></span> 
     </span>
    </p>
   </div>
   <div class='ocr_carea' id='block_1_52' title="bbox 2048 2191 3626 2263">
    <p class='ocr_par' dir='ltr' id='par_1_52' title="bbox 2048 2191 3626 2263">
     <span class='ocr_line' id='line_1_52' title="bbox 2048 2191 3626 2263; baseline -0.002 -18"><span class='ocrx_word' id='word_1_374' title='bbox 2048 2202 2276 2246; x_wconf 84' lang='lat' dir='ltr'><strong>mortem</strong></span> <span class='ocrx_word' id='word_1_375' title='bbox 2303 2202 2497 2261; x_wconf 88' lang='lat' dir='ltr'><strong>usque,</strong></span> <span class='ocrx_word' id='word_1_376' title='bbox 2517 2206 2750 2262; x_wconf 87' lang='lat' dir='ltr'><strong>eamque</strong></span> <span class='ocrx_word' id='word_1_377' title='bbox 2774 2192 3174 2263; x_wconf 82' lang='lat' dir='ltr'><strong>turpissimam,</strong></span> <span class='ocrx_word' id='word_1_378' title='bbox 3205 2207 3265 2248; x_wconf 88' lang='lat' dir='ltr'><strong>se</strong></span> <span class='ocrx_word' id='word_1_379' title='bbox 3288 2191 3626 2246; x_wconf 86' lang='lat' dir='ltr'><strong>demitteret.</strong></span> 
     </span>
    </p>
   </div>
   <div class='ocr_carea' id='block_1_53' title="bbox 2049 2281 3627 2354">
    <p class='ocr_par' dir='ltr' id='par_1_53' title="bbox 2049 2281 3627 2354">
     <span class='ocr_line' id='line_1_53' title="bbox 2049 2281 3627 2354; baseline -0.001 -18"><span class='ocrx_word' id='word_1_380' title='bbox 2049 2284 2104 2338; x_wconf 90' lang='lat' dir='ltr'><strong>In</strong></span> <span class='ocrx_word' id='word_1_381' title='bbox 2135 2298 2301 2339; x_wconf 86' lang='lat' dir='ltr'><strong>cruce</strong></span> <span class='ocrx_word' id='word_1_382' title='bbox 2328 2285 2477 2339; x_wconf 90' lang='lat' dir='ltr'><strong>enim</strong></span> <span class='ocrx_word' id='word_1_383' title='bbox 2509 2284 2767 2354; x_wconf 83' lang='lat' dir='ltr'><strong>pendere,</strong></span> <span class='ocrx_word' id='word_1_384' title='bbox 2822 2300 3008 2340; x_wconf 89' lang='lat' dir='ltr'><strong>nonne</strong></span> <span class='ocrx_word' id='word_1_385' title='bbox 3037 2298 3255 2340; x_wconf 90' lang='lat' dir='ltr'><strong>omnem</strong></span> <span class='ocrx_word' id='word_1_386' title='bbox 3286 2282 3511 2340; x_wconf 90' lang='lat' dir='ltr'><strong>omnino</strong></span> <span class='ocrx_word' id='word_1_387' title='bbox 3541 2281 3627 2336; x_wconf 75' lang='lat' dir='ltr'><strong>in~</strong></span> 
     </span>
    </p>
   </div>
   <div class='ocr_carea' id='block_1_54' title="bbox 2048 2372 3622 2446">
    <p class='ocr_par' dir='ltr' id='par_1_54' title="bbox 2048 2372 3622 2446">
     <span class='ocr_line' id='line_1_54' title="bbox 2048 2372 3622 2446; baseline -0.003 -17"><span class='ocrx_word' id='word_1_388' title='bbox 2048 2375 2273 2430; x_wconf 82' lang='lat' dir='ltr'><strong>famiam</strong></span> <span class='ocrx_word' id='word_1_389' title='bbox 2291 2376 2558 2446; x_wconf 80' lang='lat' dir='ltr'><strong>superat?</strong></span> <span class='ocrx_word' id='word_1_390' title='bbox 2585 2376 2725 2442; x_wconf 85' lang='lat' dir='ltr'><strong>Quia</strong></span> <span class='ocrx_word' id='word_1_391' title='bbox 2754 2391 2882 2431; x_wconf 86' lang='lat' dir='ltr'><strong>vero</strong></span> <span class='ocrx_word' id='word_1_392' title='bbox 2909 2376 3014 2431; x_wconf 90' lang='lat' dir='ltr'><strong>ista</strong></span> <span class='ocrx_word' id='word_1_393' title='bbox 3049 2390 3248 2446; x_wconf 86' lang='lat' dir='ltr'><strong>passus</strong></span> <span class='ocrx_word' id='word_1_394' title='bbox 3283 2380 3390 2434; x_wconf 86' lang='lat' dir='ltr'><strong>est,</strong></span> <span class='ocrx_word' id='word_1_395' title='bbox 3425 2372 3622 2443; x_wconf 87' lang='lat' dir='ltr'><strong>inquit,</strong></span> 
     </span>
    </p>
   </div>
   <div class='ocr_carea' id='block_1_55' title="bbox 2047 2463 3624 2538">
    <p class='ocr_par' dir='ltr' id='par_1_55' title="bbox 2047 2463 3624 2538">
     <span class='ocr_line' id='line_1_55' title="bbox 2047 2463 3624 2538; baseline -0.005 -14"><span class='ocrx_word' id='word_1_396' title='bbox 2047 2470 2254 2526; x_wconf 81' lang='lat' dir='ltr'><strong>idcirco</strong></span> <span class='ocrx_word' id='word_1_397' title='bbox 2289 2468 2435 2525; x_wconf 91' lang='lat' dir='ltr'><strong>Dcus</strong></span> <span class='ocrx_word' id='word_1_398' title='bbox 2474 2468 2906 2538; x_wconf 80' lang='lat' dir='ltr'><strong>superexaltavit</strong></span> <span class='ocrx_word' id='word_1_399' title='bbox 2935 2481 3083 2522; x_wconf 90' lang='lat' dir='ltr'><strong>eum.</strong></span> <span class='ocrx_word' id='word_1_400' title='bbox 3127 2466 3310 2520; x_wconf 82' lang='lat' dir='ltr'><strong>Habes</strong></span> <span class='ocrx_word' id='word_1_401' title='bbox 3350 2464 3518 2534; x_wconf 75' lang='lat' dir='ltr'><strong>igitur</strong></span> <span class='ocrx_word' id='word_1_402' title='bbox 3568 2463 3624 2516; x_wconf 87' lang='lat' dir='ltr'><strong>in</strong></span> 
     </span>
    </p>
   </div>
   <div class='ocr_carea' id='block_1_56' title="bbox 2045 2556 3623 2632">
    <p class='ocr_par' dir='ltr' id='par_1_56' title="bbox 2045 2556 3623 2632">
     <span class='ocr_line' id='line_1_56' title="bbox 2045 2556 3623 2632; baseline -0.005 -14"><span class='ocrx_word' id='word_1_403' title='bbox 2045 2561 2390 2632; x_wconf 82' lang='lat' dir='ltr'><strong>subjectione</strong></span> <span class='ocrx_word' id='word_1_404' title='bbox 2416 2562 2733 2616; x_wconf 85' lang='lat' dir='ltr'><strong>voluntaria</strong></span> <span class='ocrx_word' id='word_1_405' title='bbox 2754 2560 3099 2616; x_wconf 83' lang='lat' dir='ltr'><strong>voluntatum</strong></span> <span class='ocrx_word' id='word_1_406' title='bbox 3139 2557 3321 2612; x_wconf 86' lang='lat' dir='ltr'><strong>Patris</strong></span> <span class='ocrx_word' id='word_1_407' title='bbox 3355 2556 3623 2625; x_wconf 83' lang='lat' dir='ltr'><strong>adimple-</strong></span> 
     </span>
    </p>
   </div>
   <div class='ocr_carea' id='block_1_57' title="bbox 2045 2647 3625 2725">
    <p class='ocr_par' dir='ltr' id='par_1_57' title="bbox 2045 2647 3625 2725">
     <span class='ocr_line' id='line_1_57' title="bbox 2045 2647 3625 2725; baseline -0.004 -16"><span class='ocrx_word' id='word_1_408' title='bbox 2045 2656 2273 2718; x_wconf 90' lang='lat' dir='ltr'><strong>tiouem,</strong></span> <span class='ocrx_word' id='word_1_409' title='bbox 2301 2670 2442 2725; x_wconf 89' lang='lat' dir='ltr'><strong>quas</strong></span> <span class='ocrx_word' id='word_1_410' title='bbox 2472 2655 2595 2709; x_wconf 89' lang='lat' dir='ltr'><strong>loco</strong></span> <span class='ocrx_word' id='word_1_411' title='bbox 2635 2651 3020 2708; x_wconf 84' lang='lat' dir='ltr'><strong>mandatorum</strong></span> <span class='ocrx_word' id='word_1_412' title='bbox 3045 2649 3217 2705; x_wconf 85' lang='lat' dir='ltr'><strong>Filius</strong></span> <span class='ocrx_word' id='word_1_413' title='bbox 3245 2647 3386 2719; x_wconf 87' lang='lat' dir='ltr'><strong>apud</strong></span> <span class='ocrx_word' id='word_1_414' title='bbox 3411 2664 3470 2703; x_wconf 88' lang='lat' dir='ltr'><strong>se</strong></span> <span class='ocrx_word' id='word_1_415' title='bbox 3499 2663 3625 2702; x_wconf 90' lang='lat' dir='ltr'><strong>esse</strong></span> 
     </span>
    </p>
   </div>
   <div class='ocr_carea' id='block_1_58' title="bbox 2043 2737 3624 2804">
    <p class='ocr_par' dir='ltr' id='par_1_58' title="bbox 2043 2737 3624 2804">
     <span class='ocr_line' id='line_1_58' title="bbox 2043 2737 3624 2804; baseline -0.003 -10"><span class='ocrx_word' id='word_1_416' title='bbox 2043 2741 2137 2795; x_wconf 86' lang='lat' dir='ltr'><strong>ait.</strong></span> <span class='ocrx_word' id='word_1_417' title='bbox 2178 2738 2315 2794; x_wconf 87' lang='lat' dir='ltr'><strong>Nam</strong></span> <span class='ocrx_word' id='word_1_418' title='bbox 2352 2756 2477 2795; x_wconf 88' lang='lat' dir='ltr'><strong>cum</strong></span> <span class='ocrx_word' id='word_1_419' title='bbox 2511 2740 2693 2796; x_wconf 86' lang='lat' dir='ltr'><strong>Patris</strong></span> <span class='ocrx_word' id='word_1_420' title='bbox 2722 2740 2981 2804; x_wconf 89' lang='lat' dir='ltr'><strong>consilia,</strong></span> <span class='ocrx_word' id='word_1_421' title='bbox 3024 2749 3084 2793; x_wconf 86' lang='lat' dir='ltr'><strong>ut</strong></span> <span class='ocrx_word' id='word_1_422' title='bbox 3114 2738 3374 2798; x_wconf 80' lang='lat' dir='ltr'><strong>Verbum,</strong></span> <span class='ocrx_word' id='word_1_423' title='bbox 3421 2737 3624 2792; x_wconf 85' lang='lat' dir='ltr'><strong>intelli-</strong></span> 
     </span>
    </p>
   </div>
   <div class='ocr_carea' id='block_1_59' title="bbox 2042 2826 3624 2901">
    <p class='ocr_par' dir='ltr' id='par_1_59' title="bbox 2042 2826 3624 2901">
     <span class='ocr_line' id='line_1_59' title="bbox 2042 2826 3624 2901; baseline -0.003 -17"><span class='ocrx_word' id='word_1_424' title='bbox 2042 2837 2169 2901; x_wconf 77' lang='lat' dir='ltr'><strong>gat,</strong></span> <span class='ocrx_word' id='word_1_425' title='bbox 2196 2828 2426 2900; x_wconf 86' lang='lat' dir='ltr'><strong>ejusque</strong></span> <span class='ocrx_word' id='word_1_426' title='bbox 2459 2828 2729 2899; x_wconf 80' lang='lat' dir='ltr'><strong>profunda</strong></span> <span class='ocrx_word' id='word_1_427' title='bbox 2763 2835 3066 2891; x_wconf 86' lang='lat' dir='ltr'><strong>scrutetur,</strong></span> <span class='ocrx_word' id='word_1_428' title='bbox 3092 2826 3204 2881; x_wconf 91' lang='lat' dir='ltr'><strong>imo</strong></span> <span class='ocrx_word' id='word_1_429' title='bbox 3234 2840 3365 2881; x_wconf 89' lang='lat' dir='ltr'><strong>vero</strong></span> <span class='ocrx_word' id='word_1_430' title='bbox 3391 2840 3517 2881; x_wconf 87' lang='lat' dir='ltr'><strong>cum</strong></span> <span class='ocrx_word' id='word_1_431' title='bbox 3553 2826 3624 2881; x_wconf 90' lang='lat' dir='ltr'><strong>sit</strong></span> 
     </span>
    </p>
   </div>
   <div class='ocr_carea' id='block_1_60' title="bbox 2041 2916 3623 2992">
    <p class='ocr_par' dir='ltr' id='par_1_60' title="bbox 2041 2916 3623 2992">
     <span class='ocr_line' id='line_1_60' title="bbox 2041 2916 3623 2992; baseline -0.004 -15"><span class='ocrx_word' id='word_1_432' title='bbox 2041 2920 2309 2992; x_wconf 80' lang='lat' dir='ltr'><strong>sapientia</strong></span> <span class='ocrx_word' id='word_1_433' title='bbox 2336 2936 2402 2976; x_wconf 86' lang='lat' dir='ltr'><strong>ac</strong></span> <span class='ocrx_word' id='word_1_434' title='bbox 2427 2921 2602 2977; x_wconf 87' lang='lat' dir='ltr'><strong>virtus</strong></span> <span class='ocrx_word' id='word_1_435' title='bbox 2639 2919 2842 2983; x_wconf 86' lang='lat' dir='ltr'><strong>Patris,</strong></span> <span class='ocrx_word' id='word_1_436' title='bbox 2867 2919 3203 2974; x_wconf 77' lang='lat' dir='ltr'><strong>Vuluntatem</strong></span> <span class='ocrx_word' id='word_1_437' title='bbox 3240 2916 3362 2986; x_wconf 86' lang='lat' dir='ltr'><strong>ejus</strong></span> <span class='ocrx_word' id='word_1_438' title='bbox 3385 2918 3451 2972; x_wconf 84' lang='lat' dir='ltr'><strong>ad</strong></span> <span class='ocrx_word' id='word_1_439' title='bbox 3483 2932 3623 2987; x_wconf 86' lang='lat' dir='ltr'><strong>opus</strong></span> 
     </span>
    </p>
   </div>
   <div class='ocr_carea' id='block_1_61' title="bbox 2043 3010 3623 3084">
    <p class='ocr_par' dir='ltr' id='par_1_61' title="bbox 2043 3010 3623 3084">
     <span class='ocr_line' id='line_1_61' title="bbox 2043 3010 3623 3084; baseline -0.003 -16"><span class='ocrx_word' id='word_1_440' title='bbox 2043 3013 2321 3084; x_wconf 88' lang='lat' dir='ltr'><strong>perducit,</strong></span> <span class='ocrx_word' id='word_1_441' title='bbox 2363 3012 2606 3068; x_wconf 85' lang='lat' dir='ltr'><strong>mandati</strong></span> <span class='ocrx_word' id='word_1_442' title='bbox 2650 3013 2774 3067; x_wconf 76' lang='lat' dir='ltr'><strong>loco</strong></span> <span class='ocrx_word' id='word_1_443' title='bbox 2805 3027 2926 3065; x_wconf 87' lang='lat' dir='ltr'><strong>eam</strong></span> <span class='ocrx_word' id='word_1_444' title='bbox 2958 3010 3185 3077; x_wconf 84' lang='lat' dir='ltr'><strong>habens,</strong></span> <span class='ocrx_word' id='word_1_445' title='bbox 3226 3018 3390 3080; x_wconf 88' lang='lat' dir='ltr'><strong>atque</strong></span> <span class='ocrx_word' id='word_1_446' title='bbox 3419 3010 3493 3064; x_wconf 89' lang='lat' dir='ltr'><strong>ita</strong></span> <span class='ocrx_word' id='word_1_447' title='bbox 3524 3011 3623 3064; x_wconf 93' lang='lat' dir='ltr'><strong>hu-</strong></span> 
     </span>
    </p>
   </div>
   <div class='ocr_carea' id='block_1_62' title="bbox 2041 3099 3622 3173">
    <p class='ocr_par' dir='ltr' id='par_1_62' title="bbox 2041 3099 3622 3173">
     <span class='ocr_line' id='line_1_62' title="bbox 2041 3099 3622 3173; baseline -0.005 -13"><span class='ocrx_word' id='word_1_448' title='bbox 2041 3119 2204 3160; x_wconf 83' lang='lat' dir='ltr'><strong>mano</strong></span> <span class='ocrx_word' id='word_1_449' title='bbox 2235 3119 2390 3160; x_wconf 88' lang='lat' dir='ltr'><strong>more</strong></span> <span class='ocrx_word' id='word_1_450' title='bbox 2424 3118 2544 3173; x_wconf 76' lang='lat' dir='ltr'><strong>eam</strong></span> <span class='ocrx_word' id='word_1_451' title='bbox 2578 3117 2929 3172; x_wconf 72' lang='lat' dir='ltr'><strong>nuncupatis.</strong></span> <span class='ocrx_word' id='word_1_452' title='bbox 2962 3099 3100 3157; x_wconf 83' lang='lat' dir='ltr'><strong>Vide</strong></span> <span class='ocrx_word' id='word_1_453' title='bbox 3129 3115 3294 3171; x_wconf 86' lang='lat' dir='ltr'><strong>porro</strong></span> <span class='ocrx_word' id='word_1_454' title='bbox 3323 3100 3486 3157; x_wconf 88' lang='lat' dir='ltr'><strong>etiam</strong></span> <span class='ocrx_word' id='word_1_455' title='bbox 3533 3099 3622 3153; x_wconf 91' lang='lat' dir='ltr'><strong>hic</strong></span> 
     </span>
    </p>
   </div>
   <div class='ocr_carea' id='block_1_63' title="bbox 343 3165 1939 3266">
    <p class='ocr_par' dir='ltr' id='par_1_63' title="bbox 343 3165 1934 3266">
     <span class='ocr_line' id='line_1_63' title="bbox 343 3165 1934 3266; baseline 0.006 -26"><span class='ocrx_word' id='word_1_456' title='bbox 343 3165 725 3259; x_wconf 76' lang='grc' dir='ltr'><strong>ὑπερύψωσεν.</strong></span> <span class='ocrx_word' id='word_1_457' title='bbox 756 3190 967 3246; x_wconf 85' lang='grc' dir='ltr'><strong>Οὐκοῦν</strong></span> <span class='ocrx_word' id='word_1_458' title='bbox 996 3192 1163 3264; x_wconf 82' lang='grc' dir='ltr'><strong>ἔχεις,</strong></span> <span class='ocrx_word' id='word_1_459' title='bbox 1212 3165 1276 3248; x_wconf 74' lang='grc' dir='ltr'><strong>ἐν</strong></span> <span class='ocrx_word' id='word_1_460' title='bbox 1447 3197 1512 3266; x_wconf 81' lang='grc' dir='ltr'><strong>τῇ</strong></span> <span class='ocrx_word' id='word_1_461' title='bbox 1548 3196 1688 3249; x_wconf 84' lang='grc' dir='ltr'><strong>κατά</strong></span> <span class='ocrx_word' id='word_1_462' title='bbox 1718 3165 1934 3266; x_wconf 83' lang='grc' dir='ltr'><strong>θέλησιν</strong></span> 
     </span>
    </p>
   </div>
   <div class='ocr_carea' id='block_1_64' title="bbox 2043 3165 3619 3266">
    <p class='ocr_par' dir='ltr' id='par_1_64' title="bbox 2043 3165 3619 3264">
     <span class='ocr_line' id='line_1_64' title="bbox 2043 3165 3619 3264; baseline -0.005 -14"><span class='ocrx_word' id='word_1_463' title='bbox 2043 3194 2358 3250; x_wconf 81' lang='lat' dir='ltr'><strong>dilectionis</strong></span> <span class='ocrx_word' id='word_1_464' title='bbox 2416 3165 2663 3249; x_wconf 65' lang='lat' dir='ltr'><strong>tironum.</strong></span> <span class='ocrx_word' id='word_1_465' title='bbox 2739 3165 3184 3264; x_wconf 38' lang='lat' dir='ltr'><strong>S-upcrexaltav-it</strong></span> <span class='ocrx_word' id='word_1_466' title='bbox 3240 3193 3386 3246; x_wconf 91' lang='lat' dir='ltr'><strong>enim</strong></span> <span class='ocrx_word' id='word_1_467' title='bbox 3437 3191 3619 3262; x_wconf 86' lang='lat' dir='ltr'><strong>ipsum</strong></span> 
     </span>
    </p>
   </div>
   <div class='ocr_carea' id='block_1_65' title="bbox 346 3280 1934 3359">
    <p class='ocr_par' dir='ltr' id='par_1_65' title="bbox 346 3280 1934 3359">
     <span class='ocr_line' id='line_1_65' title="bbox 346 3280 1934 3359; baseline 0.006 -27"><span class='ocrx_word' id='word_1_468' title='bbox 346 3280 705 3352; x_wconf 57' lang='grc' dir='ltr'><strong>ὑπακοῇντῶν</strong></span> <span class='ocrx_word' id='word_1_469' title='bbox 754 3281 850 3337; x_wconf 87' lang='grc' dir='ltr'><strong>τοῦ</strong></span> <span class='ocrx_word' id='word_1_470' title='bbox 891 3284 1126 3355; x_wconf 73' lang='grc' dir='ltr'><strong>Πατρός·</strong></span> <span class='ocrx_word' id='word_1_471' title='bbox 1155 3285 1539 3357; x_wconf 78' lang='grc' dir='ltr'><strong>βουλευμάτων</strong></span> <span class='ocrx_word' id='word_1_472' title='bbox 1582 3287 1682 3357; x_wconf 82' lang='grc' dir='ltr'><strong>τὴν</strong></span> <span class='ocrx_word' id='word_1_473' title='bbox 1713 3289 1934 3359; x_wconf 69' lang='grc' dir='ltr'><strong>πλήρωα</strong></span> 
     </span>
    </p>
   </div>
   <div class='ocr_carea' id='block_1_66' title="bbox 344 3374 1933 3452">
    <p class='ocr_par' dir='ltr' id='par_1_66' title="bbox 344 3374 1933 3452">
     <span class='ocr_line' id='line_1_66' title="bbox 344 3374 1933 3452; baseline 0.004 -25"><span class='ocrx_word' id='word_1_474' title='bbox 344 3388 469 3427; x_wconf 76' lang='grc' dir='ltr'><strong>σινο</strong></span> <span class='ocrx_word' id='word_1_475' title='bbox 517 3374 554 3429; x_wconf 84' lang='grc' dir='ltr'><strong>ἀ</strong></span> <span class='ocrx_word' id='word_1_476' title='bbox 602 3375 695 3429; x_wconf 83' lang='grc' dir='ltr'><strong>καὶ</strong></span> <span class='ocrx_word' id='word_1_477' title='bbox 732 3377 792 3430; x_wconf 73' lang='grc' dir='ltr'><strong>ἐν</strong></span> <span class='ocrx_word' id='word_1_478' title='bbox 842 3376 996 3443; x_wconf 77' lang='grc' dir='ltr'><strong>τάξει</strong></span> <span class='ocrx_word' id='word_1_479' title='bbox 1049 3378 1278 3431; x_wconf 75' lang='grc' dir='ltr'><strong>ἐντολῶν</strong></span> <span class='ocrx_word' id='word_1_480' title='bbox 1328 3395 1462 3447; x_wconf 84' lang='grc' dir='ltr'><strong>φησι</strong></span> <span class='ocrx_word' id='word_1_481' title='bbox 1508 3379 1762 3448; x_wconf 84' lang='grc' dir='ltr'><strong>γενέσθαι</strong></span> <span class='ocrx_word' id='word_1_482' title='bbox 1797 3381 1933 3452; x_wconf 78' lang='grc' dir='ltr'><strong>πρὸς</strong></span> 
     </span>
    </p>
   </div>
   <div class='ocr_carea' id='block_1_67' title="bbox 338 3466 1933 3542">
    <p class='ocr_par' dir='ltr' id='par_1_67' title="bbox 338 3466 1933 3542">
     <span class='ocr_line' id='line_1_67' title="bbox 338 3466 1933 3542; baseline 0.004 -23"><span class='ocrx_word' id='word_1_483' title='bbox 338 3466 509 3521; x_wconf 79' lang='grc' dir='ltr'><strong>αὑτὸν</strong></span> <span class='ocrx_word' id='word_1_484' title='bbox 558 3469 589 3521; x_wconf 84' lang='grc' dir='ltr'><strong>ό</strong></span> <span class='ocrx_word' id='word_1_485' title='bbox 632 3468 781 3530; x_wconf 82' lang='grc' dir='ltr'><strong>Υἱός.</strong></span> <span class='ocrx_word' id='word_1_486' title='bbox 830 3468 1016 3532; x_wconf 75' lang='grc' dir='ltr'><strong>Συνεὶς</strong></span> <span class='ocrx_word' id='word_1_487' title='bbox 1061 3470 1171 3540; x_wconf 90' lang='lat'><strong>7&amp;9</strong></span> <span class='ocrx_word' id='word_1_488' title='bbox 1213 3469 1289 3535; x_wconf 83' lang='grc' dir='ltr'><strong>ὡς</strong></span> <span class='ocrx_word' id='word_1_489' title='bbox 1343 3470 1515 3539; x_wconf 85' lang='grc' dir='ltr'><strong>Λόγος</strong></span> <span class='ocrx_word' id='word_1_490' title='bbox 1562 3471 1630 3526; x_wconf 77' lang='grc' dir='ltr'><strong>τὰ</strong></span> <span class='ocrx_word' id='word_1_491' title='bbox 1667 3472 1726 3524; x_wconf 82' lang='grc' dir='ltr'><strong>έν</strong></span> <span class='ocrx_word' id='word_1_492' title='bbox 1756 3472 1933 3542; x_wconf 80' lang='grc' dir='ltr'><strong>Πατρὶ</strong></span> 
     </span>
    </p>
   </div>
   <div class='ocr_carea' id='block_1_68' title="bbox 340 3558 1931 3634">
    <p class='ocr_par' dir='ltr' id='par_1_68' title="bbox 340 3558 1931 3634">
     <span class='ocr_line' id='line_1_68' title="bbox 340 3558 1931 3634; baseline 0.003 -22"><span class='ocrx_word' id='word_1_493' title='bbox 340 3558 660 3631; x_wconf 80' lang='grc' dir='ltr'><strong>σκέμματα,</strong></span> <span class='ocrx_word' id='word_1_494' title='bbox 697 3561 794 3614; x_wconf 60' lang='grc' dir='ltr'><strong>καὶ⁸</strong></span> <span class='ocrx_word' id='word_1_495' title='bbox 824 3560 919 3615; x_wconf 85' lang='grc' dir='ltr'><strong>τοῦ</strong></span> <span class='ocrx_word' id='word_1_496' title='bbox 952 3561 1200 3627; x_wconf 76' lang='grc' dir='ltr'><strong>τεκόντος</strong></span> <span class='ocrx_word' id='word_1_497' title='bbox 1237 3561 1400 3617; x_wconf 85' lang='grc' dir='ltr'><strong>αὑτὸν</strong></span> <span class='ocrx_word' id='word_1_498' title='bbox 1451 3561 1527 3616; x_wconf 77' lang='grc' dir='ltr'><strong>τὰ</strong></span> <span class='ocrx_word' id='word_1_499' title='bbox 1550 3561 1690 3633; x_wconf 76' lang='grc' dir='ltr'><strong>βάθη</strong></span> <span class='ocrx_word' id='word_1_500' title='bbox 1722 3562 1931 3634; x_wconf 87' lang='grc' dir='ltr'><strong>διερευ-</strong></span> 
     </span>
    </p>
   </div>
   <div class='ocr_carea' id='block_1_69' title="bbox 337 3649 1927 3726">
    <p class='ocr_par' dir='ltr' id='par_1_69' title="bbox 337 3649 1927 3726">
     <span class='ocr_line' id='line_1_69' title="bbox 337 3649 1927 3726; baseline 0.003 -23"><span class='ocrx_word' id='word_1_501' title='bbox 337 3649 607 3721; x_wconf 74' lang='grc' dir='ltr'><strong>νώμενος,</strong></span> <span class='ocrx_word' id='word_1_502' title='bbox 641 3651 842 3723; x_wconf 76' lang='grc' dir='ltr'><strong>μᾶλλον</strong></span> <span class='ocrx_word' id='word_1_503' title='bbox 877 3651 935 3706; x_wconf 81' lang='grc' dir='ltr'><strong>δὲ</strong></span> <span class='ocrx_word' id='word_1_504' title='bbox 978 3653 1141 3717; x_wconf 80' lang='grc' dir='ltr'><strong>αὑτὸς</strong></span> <span class='ocrx_word' id='word_1_505' title='bbox 1191 3654 1452 3726; x_wconf 83' lang='grc' dir='ltr'><strong>ὑπάρχων</strong></span> <span class='ocrx_word' id='word_1_506' title='bbox 1475 3656 1510 3726; x_wconf 80' lang='grc' dir='ltr'><strong>ἡ</strong></span> <span class='ocrx_word' id='word_1_507' title='bbox 1542 3654 1724 3724; x_wconf 77' lang='grc' dir='ltr'><strong>σοφία,</strong></span> <span class='ocrx_word' id='word_1_508' title='bbox 1763 3656 1856 3708; x_wconf 71' lang='grc' dir='ltr'><strong>καὶ</strong></span> <span class='ocrx_word' id='word_1_509' title='bbox 1894 3657 1927 3725; x_wconf 81' lang='grc' dir='ltr'><strong>ἠ</strong></span> 
     </span>
    </p>
   </div>
   <div class='ocr_carea' id='block_1_70' title="bbox 336 3741 1931 3815">
    <p class='ocr_par' dir='ltr' id='par_1_70' title="bbox 336 3741 1931 3815">
     <span class='ocr_line' id='line_1_70' title="bbox 336 3741 1931 3815; baseline 0.003 -20"><span class='ocrx_word' id='word_1_510' title='bbox 336 3741 574 3811; x_wconf 74' lang='grc' dir='ltr'><strong>δύναμις</strong></span> <span class='ocrx_word' id='word_1_511' title='bbox 623 3741 717 3796; x_wconf 89' lang='grc' dir='ltr'><strong>τοῦ</strong></span> <span class='ocrx_word' id='word_1_512' title='bbox 760 3744 996 3814; x_wconf 68' lang='grc' dir='ltr'><strong>Πατρός,</strong></span> <span class='ocrx_word' id='word_1_513' title='bbox 1036 3745 1115 3808; x_wconf 89' lang='grc' dir='ltr'><strong>είς</strong></span> <span class='ocrx_word' id='word_1_514' title='bbox 1168 3743 1328 3815; x_wconf 78' lang='grc' dir='ltr'><strong>ἔργον</strong></span> <span class='ocrx_word' id='word_1_515' title='bbox 1368 3744 1492 3814; x_wconf 77' lang='grc' dir='ltr'><strong>ἄγει</strong></span> <span class='ocrx_word' id='word_1_516' title='bbox 1534 3745 1596 3800; x_wconf 83' lang='grc' dir='ltr'><strong>τὸ</strong></span> <span class='ocrx_word' id='word_1_517' title='bbox 1636 3744 1818 3812; x_wconf 78' lang='grc' dir='ltr'><strong>δόξαν,</strong></span> <span class='ocrx_word' id='word_1_518' title='bbox 1850 3748 1931 3809; x_wconf 85' lang='grc' dir='ltr'><strong>εἰς</strong></span> 
     </span>
    </p>
   </div>
   <div class='ocr_carea' id='block_1_71' title="bbox 336 3832 1928 3908">
    <p class='ocr_par' dir='ltr' id='par_1_71' title="bbox 336 3832 1928 3908">
     <span class='ocr_line' id='line_1_71' title="bbox 336 3832 1928 3908; baseline 0 -21"><span class='ocrx_word' id='word_1_519' title='bbox 336 3832 509 3888; x_wconf 86' lang='grc' dir='ltr'><strong>τόπον</strong></span> <span class='ocrx_word' id='word_1_520' title='bbox 539 3834 672 3889; x_wconf 82' lang='grc' dir='ltr'><strong>αὐτὸ</strong></span> <span class='ocrx_word' id='word_1_521' title='bbox 695 3834 867 3899; x_wconf 70' lang='grc' dir='ltr'><strong>τιθεῖς</strong></span> <span class='ocrx_word' id='word_1_522' title='bbox 897 3835 1140 3906; x_wconf 74' lang='grc' dir='ltr'><strong>ἐντολῆς,</strong></span> <span class='ocrx_word' id='word_1_523' title='bbox 1186 3837 1280 3890; x_wconf 83' lang='grc' dir='ltr'><strong>καὶ</strong></span> <span class='ocrx_word' id='word_1_524' title='bbox 1317 3834 1599 3908; x_wconf 78' lang='grc' dir='ltr'><strong>ὀνομάζων</strong></span> <span class='ocrx_word' id='word_1_525' title='bbox 1626 3835 1801 3903; x_wconf 73' lang='grc' dir='ltr'><strong>οὓτως</strong></span> <span class='ocrx_word' id='word_1_526' title='bbox 1831 3839 1928 3892; x_wconf 87' lang='grc' dir='ltr'><strong>ἀν-</strong></span> 
     </span>
    </p>
   </div>
   <div class='ocr_carea' id='block_1_72' title="bbox 336 3925 1931 4001">
    <p class='ocr_par' dir='ltr' id='par_1_72' title="bbox 336 3925 1931 4001">
     <span class='ocr_line' id='line_1_72' title="bbox 336 3925 1931 4001; baseline 0.003 -22"><span class='ocrx_word' id='word_1_527' title='bbox 336 3925 776 3998; x_wconf 57' lang='grc' dir='ltr'><strong>θρωπινώτερον,</strong></span> <span class='ocrx_word' id='word_1_528' title='bbox 817 3928 993 3983; x_wconf 75' lang='grc' dir='ltr'><strong>Βλέπε</strong></span> <span class='ocrx_word' id='word_1_529' title='bbox 1025 3928 1082 3983; x_wconf 80' lang='grc' dir='ltr'><strong>δὲ</strong></span> <span class='ocrx_word' id='word_1_530' title='bbox 1111 3930 1214 3983; x_wconf 86' lang='grc' dir='ltr'><strong>κάν</strong></span> <span class='ocrx_word' id='word_1_531' title='bbox 1251 3927 1564 4001; x_wconf 61' lang='grc' dir='ltr'><strong>τούτῳιτῆς</strong></span> <span class='ocrx_word' id='word_1_532' title='bbox 1610 3929 1834 4001; x_wconf 83' lang='grc' dir='ltr'><strong>ἀγάπης</strong></span> <span class='ocrx_word' id='word_1_533' title='bbox 1869 3929 1931 3983; x_wconf 79' lang='grc' dir='ltr'><strong>τὸ</strong></span> 
     </span>
    </p>
   </div>
   <div class='ocr_carea' id='block_1_73' title="bbox 340 4019 1928 4093">
    <p class='ocr_par' dir='ltr' id='par_1_73' title="bbox 340 4019 1928 4093">
     <span class='ocr_line' id='line_1_73' title="bbox 340 4019 1928 4093; baseline 0.001 -19"><span class='ocrx_word' id='word_1_534' title='bbox 340 4019 566 4092; x_wconf 68' lang='grc' dir='ltr'><strong>μέτρον.</strong></span> <span class='ocrx_word' id='word_1_535' title='bbox 607 4021 964 4093; x_wconf 79' lang='grc' dir='ltr'><strong>’Υπερὺψωσε</strong></span> <span class='ocrx_word' id='word_1_536' title='bbox 1010 4022 1121 4093; x_wconf 84' lang='lat'><strong>7&amp;9</strong></span> <span class='ocrx_word' id='word_1_537' title='bbox 1171 4024 1335 4079; x_wconf 85' lang='grc' dir='ltr'><strong>αὑτὸν</strong></span> <span class='ocrx_word' id='word_1_538' title='bbox 1374 4027 1404 4078; x_wconf 85' lang='grc' dir='ltr'><strong>ὁ</strong></span> <span class='ocrx_word' id='word_1_539' title='bbox 1447 4023 1601 4088; x_wconf 73' lang='grc' dir='ltr'><strong>Θεὸς,</strong></span> <span class='ocrx_word' id='word_1_540' title='bbox 1635 4023 1787 4092; x_wconf 82' lang='grc' dir='ltr'><strong>φησί,</strong></span> <span class='ocrx_word' id='word_1_541' title='bbox 1824 4023 1928 4076; x_wconf 85' lang='grc' dir='ltr'><strong>Τὸν</strong></span> 
     </span>
    </p>
   </div>
   <div class='ocr_carea' id='block_1_74' title="bbox 338 4112 1924 4187">
    <p class='ocr_par' dir='ltr' id='par_1_74' title="bbox 338 4112 1924 4187">
     <span class='ocr_line' id='line_1_74' title="bbox 338 4112 1924 4187; baseline 0.003 -22"><span class='ocrx_word' id='word_1_542' title='bbox 338 4112 549 4182; x_wconf 75' lang='grc' dir='ltr'><strong>ὑψηλὸν</strong></span> <span class='ocrx_word' id='word_1_543' title='bbox 578 4113 681 4184; x_wconf 68' lang='grc' dir='ltr'><strong>ἤδη</strong></span> <span class='ocrx_word' id='word_1_544' title='bbox 720 4114 815 4168; x_wconf 72' lang='grc' dir='ltr'><strong>καὶ</strong></span> <span class='ocrx_word' id='word_1_545' title='bbox 840 4114 1232 4187; x_wconf 68' lang='grc' dir='ltr'><strong>δεδοξασμένον</strong></span> <span class='ocrx_word' id='word_1_546' title='bbox 1258 4116 1529 4186; x_wconf 78' lang='grc' dir='ltr'><strong>ὑπερυψοῖ</strong></span> <span class='ocrx_word' id='word_1_547' title='bbox 1572 4116 1667 4169; x_wconf 73' lang='grc' dir='ltr'><strong>καὶ</strong></span> <span class='ocrx_word' id='word_1_548' title='bbox 1690 4115 1924 4183; x_wconf 78' lang='grc' dir='ltr'><strong>δοξάζει.</strong></span> 
     </span>
    </p>
   </div>
   <div class='ocr_carea' id='block_1_75' title="bbox 337 4202 1926 4279">
    <p class='ocr_par' dir='ltr' id='par_1_75' title="bbox 337 4202 1926 4279">
     <span class='ocr_line' id='line_1_75' title="bbox 337 4202 1926 4279; baseline 0.001 -20"><span class='ocrx_word' id='word_1_549' title='bbox 337 4203 523 4259; x_wconf 79' lang='grc' dir='ltr'><strong>καίτοι</strong></span> <span class='ocrx_word' id='word_1_550' title='bbox 555 4202 685 4267; x_wconf 82' lang='grc' dir='ltr'><strong>Θεὸς</strong></span> <span class='ocrx_word' id='word_1_551' title='bbox 729 4205 873 4259; x_wconf 88' lang='grc' dir='ltr'><strong>κατά</strong></span> <span class='ocrx_word' id='word_1_552' title='bbox 914 4205 1077 4274; x_wconf 77' lang='grc' dir='ltr'><strong>φύσιν</strong></span> <span class='ocrx_word' id='word_1_553' title='bbox 1105 4207 1242 4273; x_wconf 71' lang='grc' dir='ltr'><strong>ἐστὶ,</strong></span> <span class='ocrx_word' id='word_1_554' title='bbox 1285 4207 1382 4261; x_wconf 85' lang='grc' dir='ltr'><strong>καὶ</strong></span> <span class='ocrx_word' id='word_1_555' title='bbox 1431 4205 1703 4279; x_wconf 77' lang='grc' dir='ltr'><strong>ἀληθινὸς,</strong></span> <span class='ocrx_word' id='word_1_556' title='bbox 1734 4206 1830 4261; x_wconf 73' lang='grc' dir='ltr'><strong>ἅτε</strong></span> <span class='ocrx_word' id='word_1_557' title='bbox 1862 4207 1926 4278; x_wconf 83' lang='grc' dir='ltr'><strong>δὴ</strong></span> 
     </span>
    </p>
   </div>
   <div class='ocr_carea' id='block_1_76' title="bbox 339 4291 1925 4369">
    <p class='ocr_par' dir='ltr' id='par_1_76' title="bbox 339 4291 1925 4369">
     <span class='ocr_line' id='line_1_76' title="bbox 339 4291 1925 4369; baseline 0.002 -22"><span class='ocrx_word' id='word_1_558' title='bbox 339 4294 438 4346; x_wconf 70' lang='grc' dir='ltr'><strong>καὶ</strong></span> <span class='ocrx_word' id='word_1_559' title='bbox 469 4294 732 4365; x_wconf 77' lang='grc' dir='ltr'><strong>ὑπάρχων</strong></span> <span class='ocrx_word' id='word_1_560' title='bbox 754 4296 856 4366; x_wconf 85' lang='grc' dir='ltr'><strong>οὑχ</strong></span> <span class='ocrx_word' id='word_1_561' title='bbox 882 4291 962 4361; x_wconf 76' lang='grc' dir='ltr'><strong>εἷς</strong></span> <span class='ocrx_word' id='word_1_562' title='bbox 999 4298 1109 4352; x_wconf 82' lang='grc' dir='ltr'><strong>τῶν</strong></span> <span class='ocrx_word' id='word_1_563' title='bbox 1147 4298 1493 4369; x_wconf 84' lang='grc' dir='ltr'><strong>κτισμάτων,</strong></span> <span class='ocrx_word' id='word_1_564' title='bbox 1546 4298 1687 4352; x_wconf 88' lang='grc' dir='ltr'><strong>κατά</strong></span> <span class='ocrx_word' id='word_1_565' title='bbox 1717 4314 1782 4366; x_wconf 89' lang='grc' dir='ltr'><strong>γε</strong></span> <span class='ocrx_word' id='word_1_566' title='bbox 1827 4298 1925 4369; x_wconf 78' lang='grc' dir='ltr'><strong>τὴν</strong></span> 
     </span>
    </p>
   </div>
   <div class='ocr_carea' id='block_1_77' title="bbox 340 4380 1921 4461">
    <p class='ocr_par' dir='ltr' id='par_1_77' title="bbox 340 4380 1921 4461">
     <span class='ocr_line' id='line_1_77' title="bbox 340 4380 1921 4461; baseline 0.003 -22"><span class='ocrx_word' id='word_1_567' title='bbox 340 4380 646 4459; x_wconf 82' lang='grc' dir='ltr'><strong>ταυτότητα</strong></span> <span class='ocrx_word' id='word_1_568' title='bbox 671 4388 773 4459; x_wconf 78' lang='grc' dir='ltr'><strong>τὴν</strong></span> <span class='ocrx_word' id='word_1_569' title='bbox 797 4389 864 4445; x_wconf 82' lang='grc' dir='ltr'><strong>ὲκ</strong></span> <span class='ocrx_word' id='word_1_570' title='bbox 897 4389 996 4461; x_wconf 83' lang='grc' dir='ltr'><strong>τῆς</strong></span> <span class='ocrx_word' id='word_1_571' title='bbox 1024 4390 1212 4455; x_wconf 80' lang='grc' dir='ltr'><strong>οὐσίας</strong></span> <span class='ocrx_word' id='word_1_572' title='bbox 1249 4389 1438 4454; x_wconf 80' lang='grc' dir='ltr'><strong>αὑτοῦ,</strong></span> <span class='ocrx_word' id='word_1_573' title='bbox 1462 4391 1551 4445; x_wconf 72' lang='grc' dir='ltr'><strong>διὰ</strong></span> <span class='ocrx_word' id='word_1_574' title='bbox 1586 4390 1746 4445; x_wconf 85' lang='grc' dir='ltr'><strong>τοῦτο</strong></span> <span class='ocrx_word' id='word_1_575' title='bbox 1771 4391 1921 4444; x_wconf 76' lang='grc' dir='ltr'><strong>νοού-</strong></span> 
     </span>
    </p>
   </div>
   <div class='ocr_carea' id='block_1_78' title="bbox 2043 3281 3618 3356">
    <p class='ocr_par' dir='ltr' id='par_1_78' title="bbox 2043 3281 3618 3356">
     <span class='ocr_line' id='line_1_78' title="bbox 2043 3281 3618 3356; baseline -0.004 -17"><span class='ocrx_word' id='word_1_576' title='bbox 2043 3285 2209 3346; x_wconf 85' lang='lat' dir='ltr'><strong>Deus.</strong></span> <span class='ocrx_word' id='word_1_577' title='bbox 2251 3286 2451 3356; x_wconf 89' lang='lat' dir='ltr'><strong>inquit.</strong></span> <span class='ocrx_word' id='word_1_578' title='bbox 2501 3284 2788 3341; x_wconf 79' lang='lat' dir='ltr'><strong>Excelsum</strong></span> <span class='ocrx_word' id='word_1_579' title='bbox 2833 3283 2945 3354; x_wconf 81' lang='lat' dir='ltr'><strong>jam</strong></span> <span class='ocrx_word' id='word_1_580' title='bbox 2996 3290 3050 3337; x_wconf 92' lang='lat' dir='ltr'><strong>et</strong></span> <span class='ocrx_word' id='word_1_581' title='bbox 3091 3281 3265 3353; x_wconf 81' lang='lat' dir='ltr'><strong>gloria</strong></span> <span class='ocrx_word' id='word_1_582' title='bbox 3306 3281 3618 3337; x_wconf 85' lang='lat' dir='ltr'><strong>redimitum</strong></span> 
     </span>
    </p>
   </div>
   <div class='ocr_carea' id='block_1_79' title="bbox 2041 3372 3615 3448">
    <p class='ocr_par' dir='ltr' id='par_1_79' title="bbox 2041 3372 3615 3448">
     <span class='ocr_line' id='line_1_79' title="bbox 2041 3372 3615 3448; baseline -0.005 -15"><span class='ocrx_word' id='word_1_583' title='bbox 2041 3377 2416 3448; x_wconf 79' lang='lat' dir='ltr'><strong>superexaltat</strong></span> <span class='ocrx_word' id='word_1_584' title='bbox 2448 3385 2503 3433; x_wconf 90' lang='lat' dir='ltr'><strong>et</strong></span> <span class='ocrx_word' id='word_1_585' title='bbox 2530 3374 2801 3448; x_wconf 76' lang='lat' dir='ltr'><strong>gloriﬁcat</strong></span> <span class='ocrx_word' id='word_1_586' title='bbox 2825 3418 2840 3443; x_wconf 94' lang='lat'><strong>,</strong></span> <span class='ocrx_word' id='word_1_587' title='bbox 2873 3375 3093 3431; x_wconf 89' lang='lat' dir='ltr'><strong>tametsi</strong></span> <span class='ocrx_word' id='word_1_588' title='bbox 3135 3373 3278 3431; x_wconf 89' lang='lat' dir='ltr'><strong>Deus</strong></span> <span class='ocrx_word' id='word_1_589' title='bbox 3307 3372 3380 3429; x_wconf 89' lang='lat' dir='ltr'><strong>sit</strong></span> <span class='ocrx_word' id='word_1_590' title='bbox 3414 3388 3615 3428; x_wconf 47' lang='lat' dir='ltr'><strong>secunn</strong></span> 
     </span>
    </p>
   </div>
   <div class='ocr_carea' id='block_1_80' title="bbox 2039 3464 3617 3538">
    <p class='ocr_par' dir='ltr' id='par_1_80' title="bbox 2039 3464 3617 3538">
     <span class='ocr_line' id='line_1_80' title="bbox 2039 3464 3617 3538; baseline -0.004 -14"><span class='ocrx_word' id='word_1_591' title='bbox 2039 3469 2170 3524; x_wconf 90' lang='lat' dir='ltr'><strong>dum</strong></span> <span class='ocrx_word' id='word_1_592' title='bbox 2211 3477 2488 3535; x_wconf 85' lang='lat' dir='ltr'><strong>naturam,</strong></span> <span class='ocrx_word' id='word_1_593' title='bbox 2519 3483 2584 3524; x_wconf 90' lang='lat' dir='ltr'><strong>ac</strong></span> <span class='ocrx_word' id='word_1_594' title='bbox 2606 3483 2792 3536; x_wconf 82' lang='lat' dir='ltr'><strong>verus,</strong></span> <span class='ocrx_word' id='word_1_595' title='bbox 2834 3466 3084 3538; x_wconf 80' lang='lat' dir='ltr'><strong>ejusdem</strong></span> <span class='ocrx_word' id='word_1_596' title='bbox 3121 3481 3317 3537; x_wconf 88' lang='lat' dir='ltr'><strong>nempe</strong></span> <span class='ocrx_word' id='word_1_597' title='bbox 3342 3480 3467 3520; x_wconf 92' lang='lat' dir='ltr'><strong>cum</strong></span> <span class='ocrx_word' id='word_1_598' title='bbox 3498 3464 3617 3534; x_wconf 89' lang='lat' dir='ltr'><strong>ipso</strong></span> 
     </span>
    </p>
   </div>
   <div class='ocr_carea' id='block_1_81' title="bbox 2039 3544 3615 3631">
    <p class='ocr_par' dir='ltr' id='par_1_81' title="bbox 2039 3544 3615 3631">
     <span class='ocr_line' id='line_1_81' title="bbox 2039 3544 3615 3631; baseline -0.005 -15"><span class='ocrx_word' id='word_1_599' title='bbox 2039 3561 2385 3624; x_wconf 67' lang='lat' dir='ltr'><strong>substantiae,</strong></span> <span class='ocrx_word' id='word_1_600' title='bbox 2416 3567 2604 3631; x_wconf 88' lang='lat' dir='ltr'><strong>utpote</strong></span> <span class='ocrx_word' id='word_1_601' title='bbox 2639 3573 2769 3616; x_wconf 85' lang='lat' dir='ltr'><strong>cum</strong></span> <span class='ocrx_word' id='word_1_602' title='bbox 2796 3574 2905 3614; x_wconf 87' lang='lat' dir='ltr'><strong>non</strong></span> <span class='ocrx_word' id='word_1_603' title='bbox 2939 3558 3066 3614; x_wconf 90' lang='lat' dir='ltr'><strong>site</strong></span> <span class='ocrx_word' id='word_1_604' title='bbox 3096 3544 3476 3613; x_wconf 82' lang='lat' dir='ltr'><strong>creaturarum</strong></span> <span class='ocrx_word' id='word_1_605' title='bbox 3510 3571 3615 3609; x_wconf 87' lang='lat' dir='ltr'><strong>nu-</strong></span> 
     </span>
    </p>
   </div>
   <div class='ocr_carea' id='block_1_82' title="bbox 2038 3644 3617 3719">
    <p class='ocr_par' dir='ltr' id='par_1_82' title="bbox 2038 3644 3617 3719">
     <span class='ocr_line' id='line_1_82' title="bbox 2038 3644 3617 3719; baseline -0.006 -11"><span class='ocrx_word' id='word_1_606' title='bbox 2038 3667 2213 3719; x_wconf 87' lang='lat' dir='ltr'><strong>mero,</strong></span> <span class='ocrx_word' id='word_1_607' title='bbox 2244 3658 2301 3708; x_wconf 90' lang='lat' dir='ltr'><strong>et</strong></span> <span class='ocrx_word' id='word_1_608' title='bbox 2345 3651 2559 3707; x_wconf 89' lang='lat' dir='ltr'><strong>idcirco</strong></span> <span class='ocrx_word' id='word_1_609' title='bbox 2602 3658 2905 3715; x_wconf 83' lang='lat' dir='ltr'><strong>censeatur</strong></span> <span class='ocrx_word' id='word_1_610' title='bbox 2938 3664 3003 3706; x_wconf 84' lang='lat' dir='ltr'><strong>ac</strong></span> <span class='ocrx_word' id='word_1_611' title='bbox 3050 3663 3176 3713; x_wconf 80' lang='lat' dir='ltr'><strong>vere</strong></span> <span class='ocrx_word' id='word_1_612' title='bbox 3223 3647 3295 3706; x_wconf 90' lang='lat' dir='ltr'><strong>sit</strong></span> <span class='ocrx_word' id='word_1_613' title='bbox 3347 3660 3513 3719; x_wconf 87' lang='lat' dir='ltr'><strong>supra</strong></span> <span class='ocrx_word' id='word_1_614' title='bbox 3558 3644 3617 3699; x_wconf 89' lang='lat' dir='ltr'><strong>id</strong></span> 
     </span>
    </p>
   </div>
   <div class='ocr_carea' id='block_1_83' title="bbox 2036 3737 3617 3812">
    <p class='ocr_par' dir='ltr' id='par_1_83' title="bbox 2036 3737 3617 3812">
     <span class='ocr_line' id='line_1_83' title="bbox 2036 3737 3617 3812; baseline -0.004 -15"><span class='ocrx_word' id='word_1_615' title='bbox 2036 3757 2202 3797; x_wconf 75' lang='lat' dir='ltr'><strong>omne</strong></span> <span class='ocrx_word' id='word_1_616' title='bbox 2233 3741 2382 3812; x_wconf 85' lang='lat' dir='ltr'><strong>quod</strong></span> <span class='ocrx_word' id='word_1_617' title='bbox 2407 3749 2593 3798; x_wconf 87' lang='lat' dir='ltr'><strong>mente</strong></span> <span class='ocrx_word' id='word_1_618' title='bbox 2616 3739 3122 3812; x_wconf 86' lang='lat' dir='ltr'><strong>comprehenditur,</strong></span> <span class='ocrx_word' id='word_1_619' title='bbox 3155 3739 3400 3810; x_wconf 87' lang='lat' dir='ltr'><strong>adeoque</strong></span> <span class='ocrx_word' id='word_1_620' title='bbox 3428 3737 3617 3808; x_wconf 70' lang='lat' dir='ltr'><strong>gloria:</strong></span> 
     </span>
    </p>
   </div>
   <div class='ocr_carea' id='block_1_84' title="bbox 2040 3828 3612 3902">
    <p class='ocr_par' dir='ltr' id='par_1_84' title="bbox 2040 3828 3612 3902">
     <span class='ocr_line' id='line_1_84' title="bbox 2040 3828 3612 3902; baseline -0.005 -16"><span class='ocrx_word' id='word_1_621' title='bbox 2040 3832 2299 3888; x_wconf 85' lang='lat' dir='ltr'><strong>Dominus</strong></span> <span class='ocrx_word' id='word_1_622' title='bbox 2320 3840 2691 3902; x_wconf 89' lang='lat' dir='ltr'><strong>nuncupetur,</strong></span> <span class='ocrx_word' id='word_1_623' title='bbox 2720 3831 3023 3888; x_wconf 85' lang='lat' dir='ltr'><strong>secundum</strong></span> <span class='ocrx_word' id='word_1_624' title='bbox 3053 3829 3390 3901; x_wconf 88' lang='lat' dir='ltr'><strong>Scripturas.</strong></span> <span class='ocrx_word' id='word_1_625' title='bbox 3423 3828 3612 3881; x_wconf 86' lang='lat' dir='ltr'><strong>Euim-</strong></span> 
     </span>
    </p>
   </div>
   <div class='ocr_carea' id='block_1_85' title="bbox 2035 3920 3615 3994">
    <p class='ocr_par' dir='ltr' id='par_1_85' title="bbox 2035 3920 3615 3994">
     <span class='ocr_line' id='line_1_85' title="bbox 2035 3920 3615 3994; baseline -0.004 -18"><span class='ocrx_word' id='word_1_626' title='bbox 2035 3940 2165 3981; x_wconf 86' lang='lat' dir='ltr'><strong>vero</strong></span> <span class='ocrx_word' id='word_1_627' title='bbox 2206 3926 2516 3988; x_wconf 81' lang='lat' dir='ltr'><strong>exaltatur,</strong></span> <span class='ocrx_word' id='word_1_628' title='bbox 2551 3923 2753 3994; x_wconf 87' lang='lat' dir='ltr'><strong>inquit,</strong></span> <span class='ocrx_word' id='word_1_629' title='bbox 2800 3932 2854 3979; x_wconf 89' lang='lat' dir='ltr'><strong>et</strong></span> <span class='ocrx_word' id='word_1_630' title='bbox 2898 3923 3257 3978; x_wconf 88' lang='lat' dir='ltr'><strong>claritlcatur.</strong></span> <span class='ocrx_word' id='word_1_631' title='bbox 3302 3920 3423 3986; x_wconf 86' lang='lat' dir='ltr'><strong>Quo</strong></span> <span class='ocrx_word' id='word_1_632' title='bbox 3452 3924 3615 3989; x_wconf 79' lang='lat' dir='ltr'><strong>pacto</strong></span> 
     </span>
    </p>
   </div>
   <div class='ocr_carea' id='block_1_86' title="bbox 2034 4012 3615 4087">
    <p class='ocr_par' dir='ltr' id='par_1_86' title="bbox 2034 4012 3615 4087">
     <span class='ocr_line' id='line_1_86' title="bbox 2034 4012 3615 4087; baseline -0.004 -14"><span class='ocrx_word' id='word_1_633' title='bbox 2034 4031 2187 4082; x_wconf 79' lang='lat' dir='ltr'><strong>vero,</strong></span> <span class='ocrx_word' id='word_1_634' title='bbox 2236 4026 2331 4072; x_wconf 91' lang='lat' dir='ltr'><strong>aut</strong></span> <span class='ocrx_word' id='word_1_635' title='bbox 2360 4016 2604 4087; x_wconf 87' lang='lat' dir='ltr'><strong>quando,</strong></span> <span class='ocrx_word' id='word_1_636' title='bbox 2652 4025 2748 4071; x_wconf 89' lang='lat' dir='ltr'><strong>aut</strong></span> <span class='ocrx_word' id='word_1_637' title='bbox 2794 4015 3112 4087; x_wconf 80' lang='lat' dir='ltr'><strong>quomodo?</strong></span> <span class='ocrx_word' id='word_1_638' title='bbox 3157 4012 3390 4080; x_wconf 84' lang='lat' dir='ltr'><strong>Quando</strong></span> <span class='ocrx_word' id='word_1_639' title='bbox 3420 4027 3615 4081; x_wconf 86' lang='lat' dir='ltr'><strong>nempe</strong></span> 
     </span>
    </p>
   </div>
   <div class='ocr_carea' id='block_1_87' title="bbox 2033 4100 3609 4170">
    <p class='ocr_par' dir='ltr' id='par_1_87' title="bbox 2033 4100 3609 4170">
     <span class='ocr_line' id='line_1_87' title="bbox 2033 4100 3609 4170; baseline -0.004 -10"><span class='ocrx_word' id='word_1_640' title='bbox 2033 4107 2214 4160; x_wconf 74' lang='lat' dir='ltr'><strong>factus</strong></span> <span class='ocrx_word' id='word_1_641' title='bbox 2243 4115 2327 4161; x_wconf 91' lang='lat' dir='ltr'><strong>est</strong></span> <span class='ocrx_word' id='word_1_642' title='bbox 2355 4106 2408 4159; x_wconf 90' lang='lat' dir='ltr'><strong>in</strong></span> <span class='ocrx_word' id='word_1_643' title='bbox 2437 4103 2612 4160; x_wconf 76' lang='lat' dir='ltr'><strong>forma</strong></span> <span class='ocrx_word' id='word_1_644' title='bbox 2658 4105 2825 4170; x_wconf 87' lang='lat' dir='ltr'><strong>servi,</strong></span> <span class='ocrx_word' id='word_1_645' title='bbox 2868 4111 2923 4159; x_wconf 92' lang='lat' dir='ltr'><strong>et</strong></span> <span class='ocrx_word' id='word_1_646' title='bbox 2954 4102 3013 4159; x_wconf 89' lang='lat' dir='ltr'><strong>in</strong></span> <span class='ocrx_word' id='word_1_647' title='bbox 3041 4102 3372 4159; x_wconf 85' lang='lat' dir='ltr'><strong>humilitatis</strong></span> <span class='ocrx_word' id='word_1_648' title='bbox 3414 4100 3609 4163; x_wconf 65' lang='lat' dir='ltr'><strong>fortuna,</strong></span> 
     </span>
    </p>
   </div>
   <div class='ocr_carea' id='block_1_88' title="bbox 2032 4194 3608 4255">
    <p class='ocr_par' dir='ltr' id='par_1_88' title="bbox 2032 4194 3608 4255">
     <span class='ocr_line' id='line_1_88' title="bbox 2032 4194 3608 4255; baseline -0.007 -1"><span class='ocrx_word' id='word_1_649' title='bbox 2032 4200 2086 4255; x_wconf 90' lang='lat' dir='ltr'><strong>id</strong></span> <span class='ocrx_word' id='word_1_650' title='bbox 2134 4207 2219 4254; x_wconf 90' lang='lat' dir='ltr'><strong>est</strong></span> <span class='ocrx_word' id='word_1_651' title='bbox 2260 4198 2428 4252; x_wconf 88' lang='lat' dir='ltr'><strong>homo</strong></span> <span class='ocrx_word' id='word_1_652' title='bbox 2453 4197 2615 4254; x_wconf 88' lang='lat' dir='ltr'><strong>sicuti</strong></span> <span class='ocrx_word' id='word_1_653' title='bbox 2668 4211 2791 4252; x_wconf 86' lang='lat' dir='ltr'><strong>nos.</strong></span> <span class='ocrx_word' id='word_1_654' title='bbox 2840 4194 3059 4253; x_wconf 80' lang='lat' dir='ltr'><strong>Rursus</strong></span> <span class='ocrx_word' id='word_1_655' title='bbox 3113 4195 3261 4251; x_wconf 88' lang='lat' dir='ltr'><strong>enim</strong></span> <span class='ocrx_word' id='word_1_656' title='bbox 3295 4194 3455 4250; x_wconf 84' lang='lat' dir='ltr'><strong>etiam</strong></span> <span class='ocrx_word' id='word_1_657' title='bbox 3486 4207 3608 4246; x_wconf 85' lang='lat' dir='ltr'><strong>cum</strong></span> 
     </span>
    </p>
   </div>
   <div class='ocr_carea' id='block_1_89' title="bbox 2031 4285 3611 4360">
    <p class='ocr_par' dir='ltr' id='par_1_89' title="bbox 2031 4285 3611 4360">
     <span class='ocr_line' id='line_1_89' title="bbox 2031 4285 3611 4360; baseline -0.007 -13"><span class='ocrx_word' id='word_1_658' title='bbox 2031 4307 2197 4347; x_wconf 84' lang='lat' dir='ltr'><strong>carne</strong></span> <span class='ocrx_word' id='word_1_659' title='bbox 2246 4290 2519 4347; x_wconf 69' lang='lat' dir='ltr'><strong>exaltatur</strong></span> <span class='ocrx_word' id='word_1_660' title='bbox 2574 4288 2741 4360; x_wconf 71' lang='lat'><strong>883</strong></span> <span class='ocrx_word' id='word_1_661' title='bbox 2794 4288 2959 4344; x_wconf 90' lang='lat' dir='ltr'><strong>simul</strong></span> <span class='ocrx_word' id='word_1_662' title='bbox 3003 4302 3128 4343; x_wconf 86' lang='lat' dir='ltr'><strong>cum</strong></span> <span class='ocrx_word' id='word_1_663' title='bbox 3162 4285 3350 4350; x_wconf 79' lang='lat' dir='ltr'><strong>Patre,</strong></span> <span class='ocrx_word' id='word_1_664' title='bbox 3397 4292 3611 4339; x_wconf 78' lang='lat' dir='ltr'><strong>etcen-</strong></span> 
     </span>
    </p>
   </div>
   <div class='ocr_carea' id='block_1_90' title="bbox 2032 4376 3607 4455">
    <p class='ocr_par' dir='ltr' id='par_1_90' title="bbox 2032 4376 3607 4455">
     <span class='ocr_line' id='line_1_90' title="bbox 2032 4376 3607 4455; baseline -0.007 -17"><span class='ocrx_word' id='word_1_665' title='bbox 2032 4383 2390 4455; x_wconf 78' lang='lat' dir='ltr'><strong>glorilicatur,</strong></span> <span class='ocrx_word' id='word_1_666' title='bbox 2430 4389 2485 4437; x_wconf 90' lang='lat' dir='ltr'><strong>et</strong></span> <span class='ocrx_word' id='word_1_667' title='bbox 2514 4381 2746 4437; x_wconf 89' lang='lat' dir='ltr'><strong>dilectus</strong></span> <span class='ocrx_word' id='word_1_668' title='bbox 2785 4389 2872 4437; x_wconf 89' lang='lat' dir='ltr'><strong>est</strong></span> <span class='ocrx_word' id='word_1_669' title='bbox 2906 4380 2975 4435; x_wconf 87' lang='lat' dir='ltr'><strong>ab</strong></span> <span class='ocrx_word' id='word_1_670' title='bbox 3003 4394 3090 4445; x_wconf 88' lang='lat' dir='ltr'><strong>eo,</strong></span> <span class='ocrx_word' id='word_1_671' title='bbox 3125 4395 3236 4433; x_wconf 86' lang='lat' dir='ltr'><strong>non</strong></span> <span class='ocrx_word' id='word_1_672' title='bbox 3271 4376 3459 4448; x_wconf 84' lang='lat' dir='ltr'><strong>utique</strong></span> <span class='ocrx_word' id='word_1_673' title='bbox 3492 4384 3607 4428; x_wconf 90' lang='lat' dir='ltr'><strong>tum</strong></span> 
     </span>
    </p>
   </div>
   <div class='ocr_carea' id='block_1_91' title="bbox 342 4468 1939 4564">
    <p class='ocr_par' dir='ltr' id='par_1_91' title="bbox 342 4477 1925 4554">
     <span class='ocr_line' id='line_1_91' title="bbox 342 4477 1925 4554; baseline 0.004 -24"><span class='ocrx_word' id='word_1_674' title='bbox 342 4477 507 4548; x_wconf 65' lang='grc' dir='ltr'><strong>μανὸς</strong></span> <span class='ocrx_word' id='word_1_675' title='bbox 532 4492 593 4531; x_wconf 80' lang='grc' dir='ltr'><strong>τε</strong></span> <span class='ocrx_word' id='word_1_676' title='bbox 629 4480 725 4533; x_wconf 66' lang='grc' dir='ltr'><strong>καὶ</strong></span> <span class='ocrx_word' id='word_1_677' title='bbox 751 4479 829 4535; x_wconf 76' lang='grc' dir='ltr'><strong>ὢν</strong></span> <span class='ocrx_word' id='word_1_678' title='bbox 852 4480 1071 4552; x_wconf 78' lang='grc' dir='ltr'><strong>ἀληθῶς</strong></span> <span class='ocrx_word' id='word_1_679' title='bbox 1103 4482 1305 4547; x_wconf 79' lang='grc' dir='ltr'><strong>παντὸς</strong></span> <span class='ocrx_word' id='word_1_680' title='bbox 1350 4481 1644 4554; x_wconf 81' lang='grc' dir='ltr'><strong>ὑψώματος</strong></span> <span class='ocrx_word' id='word_1_681' title='bbox 1670 4482 1925 4537; x_wconf 73' lang='grc' dir='ltr'><strong>ἐπέκεινα</strong></span> 
     </span>
    </p>
   </div>
   <div class='ocr_carea' id='block_1_92' title="bbox 2043 4468 3606 4564">
    <p class='ocr_par' dir='ltr' id='par_1_92' title="bbox 2043 4468 3606 4546">
     <span class='ocr_line' id='line_1_92' title="bbox 2043 4468 3606 4546; baseline -0.006 -15"><span class='ocrx_word' id='word_1_682' title='bbox 2043 4477 2268 4546; x_wconf 77' lang='lat' dir='ltr'><strong>primum</strong></span> <span class='ocrx_word' id='word_1_683' title='bbox 2311 4488 2437 4530; x_wconf 93' lang='lat' dir='ltr'><strong>cum</strong></span> <span class='ocrx_word' id='word_1_684' title='bbox 2474 4474 2842 4529; x_wconf 83' lang='lat' dir='ltr'><strong>voluntariam</strong></span> <span class='ocrx_word' id='word_1_685' title='bbox 2893 4471 3295 4542; x_wconf 87' lang='lat' dir='ltr'><strong>subjectionem</strong></span> <span class='ocrx_word' id='word_1_686' title='bbox 3337 4468 3606 4539; x_wconf 87' lang='lat' dir='ltr'><strong>implevit,</strong></span> 
     </span>
    </p>
   </div>
   <div class='ocr_carea' id='block_1_93' title="bbox 340 4568 1928 4646">
    <p class='ocr_par' dir='ltr' id='par_1_93' title="bbox 340 4568 1928 4646">
     <span class='ocr_line' id='line_1_93' title="bbox 340 4568 1928 4646; baseline 0.004 -24"><span class='ocrx_word' id='word_1_687' title='bbox 340 4568 558 4639; x_wconf 83' lang='grc' dir='ltr'><strong>νοητοῦ,</strong></span> <span class='ocrx_word' id='word_1_688' title='bbox 586 4569 723 4624; x_wconf 77' lang='grc' dir='ltr'><strong>ἀλλά</strong></span> <span class='ocrx_word' id='word_1_689' title='bbox 748 4570 845 4625; x_wconf 72' lang='grc' dir='ltr'><strong>καὶ</strong></span> <span class='ocrx_word' id='word_1_690' title='bbox 877 4573 976 4644; x_wconf 81' lang='grc' dir='ltr'><strong>τῆς</strong></span> <span class='ocrx_word' id='word_1_691' title='bbox 1003 4572 1163 4645; x_wconf 74' lang='grc' dir='ltr'><strong>δόξης</strong></span> <span class='ocrx_word' id='word_1_692' title='bbox 1192 4573 1419 4646; x_wconf 76' lang='grc' dir='ltr'><strong>Κύριος,</strong></span> <span class='ocrx_word' id='word_1_693' title='bbox 1447 4574 1586 4629; x_wconf 82' lang='grc' dir='ltr'><strong>κατὰ</strong></span> <span class='ocrx_word' id='word_1_694' title='bbox 1632 4573 1732 4639; x_wconf 82' lang='grc' dir='ltr'><strong>τὰς</strong></span> <span class='ocrx_word' id='word_1_695' title='bbox 1766 4575 1928 4644; x_wconf 83' lang='grc' dir='ltr'><strong>ἀγίας</strong></span> 
     </span>
    </p>
   </div>
   <div class='ocr_carea' id='block_1_94' title="bbox 339 4659 1927 4736">
    <p class='ocr_par' dir='ltr' id='par_1_94' title="bbox 339 4659 1927 4736">
     <span class='ocr_line' id='line_1_94' title="bbox 339 4659 1927 4736; baseline 0.006 -24"><span class='ocrx_word' id='word_1_696' title='bbox 339 4659 587 4731; x_wconf 66' lang='grc' dir='ltr'><strong>Γραφάς.</strong></span> <span class='ocrx_word' id='word_1_697' title='bbox 622 4661 791 4716; x_wconf 75' lang='grc' dir='ltr'><strong>’Δλλάο</strong></span> <span class='ocrx_word' id='word_1_698' title='bbox 814 4664 929 4729; x_wconf 81' lang='grc' dir='ltr'><strong>ναὶ,</strong></span> <span class='ocrx_word' id='word_1_699' title='bbox 959 4665 1181 4736; x_wconf 63' lang='grc' dir='ltr'><strong>φησὶνρ</strong></span> <span class='ocrx_word' id='word_1_700' title='bbox 1195 4664 1425 4735; x_wconf 82' lang='grc' dir='ltr'><strong>ὑψοῦται</strong></span> <span class='ocrx_word' id='word_1_701' title='bbox 1470 4667 1566 4721; x_wconf 77' lang='grc' dir='ltr'><strong>καὶ</strong></span> <span class='ocrx_word' id='word_1_702' title='bbox 1620 4665 1927 4732; x_wconf 77' lang='grc' dir='ltr'><strong>δοξάζεται.</strong></span> 
     </span>
    </p>
   </div>
   <div class='ocr_carea' id='block_1_95' title="bbox 338 4749 1930 4829">
    <p class='ocr_par' dir='ltr' id='par_1_95' title="bbox 338 4749 1930 4829">
     <span class='ocr_line' id='line_1_95' title="bbox 338 4749 1930 4829; baseline 0.006 -26"><span class='ocrx_word' id='word_1_703' title='bbox 338 4749 473 4813; x_wconf 85' lang='grc' dir='ltr'><strong>Πῶς</strong></span> <span class='ocrx_word' id='word_1_704' title='bbox 523 4750 605 4817; x_wconf 73' lang='grc' dir='ltr'><strong>δὲ,</strong></span> <span class='ocrx_word' id='word_1_705' title='bbox 646 4752 682 4824; x_wconf 76' lang='grc' dir='ltr'><strong>ἢ</strong></span> <span class='ocrx_word' id='word_1_706' title='bbox 733 4753 866 4808; x_wconf 76' lang='grc' dir='ltr'><strong>πότε</strong></span> <span class='ocrx_word' id='word_1_707' title='bbox 918 4756 1012 4809; x_wconf 80' lang='grc' dir='ltr'><strong>καὶ</strong></span> <span class='ocrx_word' id='word_1_708' title='bbox 1037 4754 1161 4810; x_wconf 89' lang='grc' dir='ltr'><strong>τίνα</strong></span> <span class='ocrx_word' id='word_1_709' title='bbox 1213 4756 1452 4828; x_wconf 88' lang='grc' dir='ltr'><strong>τρόπον;</strong></span> <span class='ocrx_word' id='word_1_710' title='bbox 1495 4758 1623 4812; x_wconf 85' lang='grc' dir='ltr'><strong>Ὅτε</strong></span> <span class='ocrx_word' id='word_1_711' title='bbox 1685 4758 1930 4829; x_wconf 83' lang='grc' dir='ltr'><strong>δηλονότι</strong></span> 
     </span>
    </p>
   </div>
   <div class='ocr_carea' id='block_1_96' title="bbox 340 4837 1927 4922">
    <p class='ocr_par' dir='ltr' id='par_1_96' title="bbox 340 4837 1927 4922">
     <span class='ocr_line' id='line_1_96' title="bbox 340 4837 1927 4922; baseline 0.007 -29"><span class='ocrx_word' id='word_1_712' title='bbox 340 4837 569 4909; x_wconf 81' lang='grc' dir='ltr'><strong>γέγονεν</strong></span> <span class='ocrx_word' id='word_1_713' title='bbox 602 4842 661 4897; x_wconf 71' lang='grc' dir='ltr'><strong>ὲν</strong></span> <span class='ocrx_word' id='word_1_714' title='bbox 690 4844 881 4915; x_wconf 73' lang='grc' dir='ltr'><strong>τῇτοῦ</strong></span> <span class='ocrx_word' id='word_1_715' title='bbox 906 4844 1096 4899; x_wconf 77' lang='grc' dir='ltr'><strong>δούλου</strong></span> <span class='ocrx_word' id='word_1_716' title='bbox 1141 4850 1346 4920; x_wconf 80' lang='grc' dir='ltr'><strong>μορφῇ,</strong></span> <span class='ocrx_word' id='word_1_717' title='bbox 1381 4850 1475 4903; x_wconf 73' lang='grc' dir='ltr'><strong>καὶ</strong></span> <span class='ocrx_word' id='word_1_718' title='bbox 1502 4850 1560 4902; x_wconf 84' lang='grc' dir='ltr'><strong>ὲν</strong></span> <span class='ocrx_word' id='word_1_719' title='bbox 1588 4848 1666 4920; x_wconf 83' lang='grc' dir='ltr'><strong>τῷ</strong></span> <span class='ocrx_word' id='word_1_720' title='bbox 1705 4850 1805 4922; x_wconf 85' lang='grc' dir='ltr'><strong>τῆς</strong></span> <span class='ocrx_word' id='word_1_721' title='bbox 1831 4867 1927 4903; x_wconf 86' lang='grc' dir='ltr'><strong>τα·-</strong></span> 
     </span>
    </p>
   </div>
   <div class='ocr_carea' id='block_1_97' title="bbox 336 4929 1928 5011">
    <p class='ocr_par' dir='ltr' id='par_1_97' title="bbox 336 4929 1928 5011">
     <span class='ocr_line' id='line_1_97' title="bbox 336 4929 1928 5011; baseline 0.008 -28"><span class='ocrx_word' id='word_1_722' title='bbox 336 4929 654 4997; x_wconf 83' lang='grc' dir='ltr'><strong>πεινώσεως</strong></span> <span class='ocrx_word' id='word_1_723' title='bbox 705 4935 966 5006; x_wconf 83' lang='grc' dir='ltr'><strong>σχήματι,</strong></span> <span class='ocrx_word' id='word_1_724' title='bbox 1025 4935 1172 4993; x_wconf 85' lang='grc' dir='ltr'><strong>τοῦτ’</strong></span> <span class='ocrx_word' id='word_1_725' title='bbox 1226 4937 1409 5005; x_wconf 74' lang='grc' dir='ltr'><strong>ἐστιν,</strong></span> <span class='ocrx_word' id='word_1_726' title='bbox 1464 4938 1751 5011; x_wconf 74' lang='grc' dir='ltr'><strong>ἄνθρωπος</strong></span> <span class='ocrx_word' id='word_1_727' title='bbox 1807 4936 1928 4996; x_wconf 79' lang='grc' dir='ltr'><strong>καθ’</strong></span> 
     </span>
    </p>
   </div>
   <div class='ocr_carea' id='block_1_98' title="bbox 336 5024 1923 5101">
    <p class='ocr_par' dir='ltr' id='par_1_98' title="bbox 336 5024 1923 5101">
     <span class='ocr_line' id='line_1_98' title="bbox 336 5024 1923 5101; baseline 0.004 -22"><span class='ocrx_word' id='word_1_728' title='bbox 336 5024 511 5094; x_wconf 74' lang='grc' dir='ltr'><strong>ἡμᾶς.</strong></span> <span class='ocrx_word' id='word_1_729' title='bbox 548 5025 864 5098; x_wconf 73' lang='grc' dir='ltr'><strong>Ἀνατρέχει</strong></span> <span class='ocrx_word' id='word_1_730' title='bbox 893 5028 1003 5100; x_wconf 78' lang='grc' dir='ltr'><strong>γὰρ</strong></span> <span class='ocrx_word' id='word_1_731' title='bbox 1027 5031 1121 5084; x_wconf 69' lang='grc' dir='ltr'><strong>καὶ</strong></span> <span class='ocrx_word' id='word_1_732' title='bbox 1154 5029 1296 5100; x_wconf 87' lang='grc' dir='ltr'><strong>μετά</strong></span> <span class='ocrx_word' id='word_1_733' title='bbox 1322 5030 1525 5101; x_wconf 79' lang='grc' dir='ltr'><strong>σαρκὸς</strong></span> <span class='ocrx_word' id='word_1_734' title='bbox 1572 5033 1654 5096; x_wconf 76' lang='grc' dir='ltr'><strong>εὶς</strong></span> <span class='ocrx_word' id='word_1_735' title='bbox 1694 5031 1757 5085; x_wconf 88' lang='grc' dir='ltr'><strong>τὺ</strong></span> <span class='ocrx_word' id='word_1_736' title='bbox 1798 5050 1923 5086; x_wconf 81' lang='grc' dir='ltr'><strong>συν-</strong></span> 
     </span>
    </p>
   </div>
   <div class='ocr_carea' id='block_1_99' title="bbox 335 5116 1923 5195">
    <p class='ocr_par' dir='ltr' id='par_1_99' title="bbox 335 5116 1923 5195">
     <span class='ocr_line' id='line_1_99' title="bbox 335 5116 1923 5195; baseline 0.004 -25"><span class='ocrx_word' id='word_1_737' title='bbox 335 5116 612 5187; x_wconf 75' lang='grc' dir='ltr'><strong>υψοῦσθαι</strong></span> <span class='ocrx_word' id='word_1_738' title='bbox 641 5120 820 5186; x_wconf 86' lang='grc' dir='ltr'><strong>πάλιν,</strong></span> <span class='ocrx_word' id='word_1_739' title='bbox 852 5123 945 5176; x_wconf 73' lang='grc' dir='ltr'><strong>καὶ</strong></span> <span class='ocrx_word' id='word_1_740' title='bbox 979 5122 1392 5191; x_wconf 79' lang='grc' dir='ltr'><strong>συνδοξάζεσθαι</strong></span> <span class='ocrx_word' id='word_1_741' title='bbox 1434 5122 1513 5195; x_wconf 83' lang='grc' dir='ltr'><strong>τῷ</strong></span> <span class='ocrx_word' id='word_1_742' title='bbox 1547 5124 1723 5194; x_wconf 87' lang='grc' dir='ltr'><strong>Πατρί</strong></span> <span class='ocrx_word' id='word_1_743' title='bbox 1743 5140 1757 5154; x_wconf 74' lang='grc' dir='ltr'><strong>ο</strong></span> <span class='ocrx_word' id='word_1_744' title='bbox 1787 5125 1923 5193; x_wconf 81' lang='grc' dir='ltr'><strong>ἠγα-</strong></span> 
     </span>
    </p>
   </div>
   <div class='ocr_carea' id='block_1_100' title="bbox 2030 4559 3608 4636">
    <p class='ocr_par' dir='ltr' id='par_1_100' title="bbox 2030 4559 3608 4636">
     <span class='ocr_line' id='line_1_100' title="bbox 2030 4559 3608 4636; baseline -0.008 -12"><span class='ocrx_word' id='word_1_745' title='bbox 2030 4567 2127 4624; x_wconf 87' lang='lat' dir='ltr'><strong>sed</strong></span> <span class='ocrx_word' id='word_1_746' title='bbox 2167 4568 2269 4623; x_wconf 90' lang='lat' dir='ltr'><strong>bac</strong></span> <span class='ocrx_word' id='word_1_747' title='bbox 2303 4566 2514 4622; x_wconf 89' lang='lat' dir='ltr'><strong>ratione</strong></span> <span class='ocrx_word' id='word_1_748' title='bbox 2543 4565 2600 4620; x_wconf 91' lang='lat' dir='ltr'><strong>id</strong></span> <span class='ocrx_word' id='word_1_749' title='bbox 2621 4564 2911 4636; x_wconf 75' lang='lat' dir='ltr'><strong>intelliges.</strong></span> <span class='ocrx_word' id='word_1_750' title='bbox 2955 4560 3429 4632; x_wconf 75' lang='lat' dir='ltr'><strong>Quemadmodum</strong></span> <span class='ocrx_word' id='word_1_751' title='bbox 3462 4559 3608 4614; x_wconf 81' lang='lat' dir='ltr'><strong>enim</strong></span> 
     </span>
    </p>
   </div>
   <div class='ocr_carea' id='block_1_101' title="bbox 2026 4655 3611 4728">
    <p class='ocr_par' dir='ltr' id='par_1_101' title="bbox 2026 4655 3611 4728">
     <span class='ocr_line' id='line_1_101' title="bbox 2026 4655 3611 4728; baseline -0.008 -10"><span class='ocrx_word' id='word_1_752' title='bbox 2026 4661 2297 4718; x_wconf 70' lang='lat' dir='ltr'><strong>excelsus—</strong></span> <span class='ocrx_word' id='word_1_753' title='bbox 2334 4675 2460 4714; x_wconf 91' lang='lat' dir='ltr'><strong>cum</strong></span> <span class='ocrx_word' id='word_1_754' title='bbox 2512 4659 2585 4715; x_wconf 87' lang='lat' dir='ltr'><strong>sit</strong></span> <span class='ocrx_word' id='word_1_755' title='bbox 2608 4672 2850 4728; x_wconf 86' lang='lat' dir='ltr'><strong>semper,</strong></span> <span class='ocrx_word' id='word_1_756' title='bbox 2931 4655 3267 4713; x_wconf 77' lang='lat' dir='ltr'><strong>clariﬁcatus</strong></span> <span class='ocrx_word' id='word_1_757' title='bbox 3320 4663 3501 4708; x_wconf 86' lang='lat' dir='ltr'><strong>tamen</strong></span> <span class='ocrx_word' id='word_1_758' title='bbox 3556 4659 3611 4707; x_wconf 92' lang='lat' dir='ltr'><strong>ct</strong></span> 
     </span>
    </p>
   </div>
   <div class='ocr_carea' id='block_1_102' title="bbox 2028 4744 3611 4817">
    <p class='ocr_par' dir='ltr' id='par_1_102' title="bbox 2028 4744 3611 4817">
     <span class='ocr_line' id='line_1_102' title="bbox 2028 4744 3611 4817; baseline -0.007 -7"><span class='ocrx_word' id='word_1_759' title='bbox 2028 4754 2303 4810; x_wconf 76' lang='lat' dir='ltr'><strong>cxaltatus</strong></span> <span class='ocrx_word' id='word_1_760' title='bbox 2325 4750 2667 4807; x_wconf 87' lang='lat' dir='ltr'><strong>diciturcum</strong></span> <span class='ocrx_word' id='word_1_761' title='bbox 2698 4748 2877 4806; x_wconf 79' lang='lat' dir='ltr'><strong>factus</strong></span> <span class='ocrx_word' id='word_1_762' title='bbox 2902 4756 2989 4805; x_wconf 84' lang='lat' dir='ltr'><strong>est</strong></span> <span class='ocrx_word' id='word_1_763' title='bbox 3012 4748 3201 4815; x_wconf 88' lang='lat' dir='ltr'><strong>homo,</strong></span> <span class='ocrx_word' id='word_1_764' title='bbox 3228 4747 3415 4802; x_wconf 87' lang='lat' dir='ltr'><strong>divina</strong></span> <span class='ocrx_word' id='word_1_765' title='bbox 3436 4744 3611 4817; x_wconf 77' lang='lat' dir='ltr'><strong>gloria</strong></span> 
     </span>
    </p>
   </div>
   <div class='ocr_carea' id='block_1_103' title="bbox 2029 4836 3687 4916">
    <p class='ocr_par' dir='ltr' id='par_1_103' title="bbox 2029 4836 3687 4916">
     <span class='ocr_line' id='line_1_103' title="bbox 2029 4836 3687 4916; baseline -0.005 -17"><span class='ocrx_word' id='word_1_766' title='bbox 2029 4842 2407 4916; x_wconf 29' lang='lat' dir='ltr'><strong>quantumtad</strong></span> <span class='ocrx_word' id='word_1_767' title='bbox 2438 4843 2835 4899; x_wconf 81' lang='lat' dir='ltr'><strong>humanitatem</strong></span> <span class='ocrx_word' id='word_1_768' title='bbox 2882 4848 3101 4912; x_wconf 87' lang='lat' dir='ltr'><strong>spectat</strong></span> <span class='ocrx_word' id='word_1_769' title='bbox 3147 4839 3489 4896; x_wconf 84' lang='lat' dir='ltr'><strong>destitutus:</strong></span> <span class='ocrx_word' id='word_1_770' title='bbox 3532 4837 3612 4892; x_wconf 90' lang='lat' dir='ltr'><strong>sic</strong></span> <span class='ocrx_word' id='word_1_771' title='bbox 3685 4836 3687 4839; x_wconf 83' lang='grc'><strong>’</strong></span> 
     </span>
    </p>
   </div>
   <div class='ocr_carea' id='block_1_104' title="bbox 2029 4929 3613 5007">
    <p class='ocr_par' dir='ltr' id='par_1_104' title="bbox 2029 4929 3613 5007">
     <span class='ocr_line' id='line_1_104' title="bbox 2029 4929 3613 5007; baseline -0.008 -12"><span class='ocrx_word' id='word_1_772' title='bbox 2029 4940 2192 4995; x_wconf 86' lang='lat' dir='ltr'><strong>etiam</strong></span> <span class='ocrx_word' id='word_1_773' title='bbox 2232 4952 2358 4992; x_wconf 83' lang='lat' dir='ltr'><strong>cum</strong></span> <span class='ocrx_word' id='word_1_774' title='bbox 2394 4951 2423 4990; x_wconf 89' lang='lat' dir='ltr'><strong>a</strong></span> <span class='ocrx_word' id='word_1_775' title='bbox 2454 4934 2748 5007; x_wconf 81' lang='lat' dir='ltr'><strong>principio,</strong></span> <span class='ocrx_word' id='word_1_776' title='bbox 2776 4943 2831 4992; x_wconf 90' lang='lat' dir='ltr'><strong>et</strong></span> <span class='ocrx_word' id='word_1_777' title='bbox 2858 4948 3098 5005; x_wconf 87' lang='lat' dir='ltr'><strong>semper,</strong></span> <span class='ocrx_word' id='word_1_778' title='bbox 3140 4939 3196 4988; x_wconf 88' lang='lat' dir='ltr'><strong>et</strong></span> <span class='ocrx_word' id='word_1_779' title='bbox 3231 4940 3498 5002; x_wconf 83' lang='lat' dir='ltr'><strong>perpetuo</strong></span> <span class='ocrx_word' id='word_1_780' title='bbox 3529 4929 3613 4983; x_wconf 87' lang='lat' dir='ltr'><strong>di-</strong></span> 
     </span>
    </p>
   </div>
   <div class='ocr_carea' id='block_1_105' title="bbox 2028 5023 3607 5101">
    <p class='ocr_par' dir='ltr' id='par_1_105' title="bbox 2028 5023 3607 5101">
     <span class='ocr_line' id='line_1_105' title="bbox 2028 5023 3607 5101; baseline -0.008 -18"><span class='ocrx_word' id='word_1_781' title='bbox 2028 5030 2256 5101; x_wconf 77' lang='lat' dir='ltr'><strong>ligatur,</strong></span> <span class='ocrx_word' id='word_1_782' title='bbox 2290 5029 2527 5085; x_wconf 85' lang='lat' dir='ltr'><strong>dilectus</strong></span> <span class='ocrx_word' id='word_1_783' title='bbox 2569 5036 2750 5084; x_wconf 89' lang='lat' dir='ltr'><strong>tamen</strong></span> <span class='ocrx_word' id='word_1_784' title='bbox 2797 5025 2969 5083; x_wconf 82' lang='lat' dir='ltr'><strong>fuisse</strong></span> <span class='ocrx_word' id='word_1_785' title='bbox 3013 5025 3219 5080; x_wconf 92' lang='lat' dir='ltr'><strong>dicitur</strong></span> <span class='ocrx_word' id='word_1_786' title='bbox 3269 5023 3434 5078; x_wconf 87' lang='lat' dir='ltr'><strong>etiam</strong></span> <span class='ocrx_word' id='word_1_787' title='bbox 3481 5034 3607 5073; x_wconf 88' lang='lat' dir='ltr'><strong>cum</strong></span> 
     </span>
    </p>
   </div>
   <div class='ocr_carea' id='block_1_106' title="bbox 2023 5110 3606 5189">
    <p class='ocr_par' dir='ltr' id='par_1_106' title="bbox 2023 5110 3606 5189">
     <span class='ocr_line' id='line_1_106' title="bbox 2023 5110 3606 5189; baseline -0.009 -13"><span class='ocrx_word' id='word_1_788' title='bbox 2023 5136 2209 5176; x_wconf 90' lang='lat' dir='ltr'><strong>carne.</strong></span> <span class='ocrx_word' id='word_1_789' title='bbox 2262 5118 2535 5189; x_wconf 82' lang='lat' dir='ltr'><strong>Apparuit</strong></span> <span class='ocrx_word' id='word_1_790' title='bbox 2583 5118 2728 5174; x_wconf 92' lang='lat' dir='ltr'><strong>enim</strong></span> <span class='ocrx_word' id='word_1_791' title='bbox 2778 5117 2988 5173; x_wconf 88' lang='lat' dir='ltr'><strong>idcirco</strong></span> <span class='ocrx_word' id='word_1_792' title='bbox 3037 5113 3201 5170; x_wconf 90' lang='lat' dir='ltr'><strong>sicuti</strong></span> <span class='ocrx_word' id='word_1_793' title='bbox 3233 5126 3357 5178; x_wconf 92' lang='lat' dir='ltr'><strong>nos,</strong></span> <span class='ocrx_word' id='word_1_794' title='bbox 3409 5110 3460 5163; x_wconf 86' lang='lat' dir='ltr'><strong>id</strong></span> <span class='ocrx_word' id='word_1_795' title='bbox 3521 5115 3606 5164; x_wconf 83' lang='lat' dir='ltr'><strong>est</strong></span> 
     </span>
    </p>
   </div>
   <div class='ocr_carea' id='block_1_107' title="bbox 336 5203 1939 5285">
    <p class='ocr_par' dir='ltr' id='par_1_107' title="bbox 336 5207 1925 5285">
     <span class='ocr_line' id='line_1_107' title="bbox 336 5207 1925 5285; baseline 0.004 -25"><span class='ocrx_word' id='word_1_796' title='bbox 336 5207 494 5278; x_wconf 86' lang='grc' dir='ltr'><strong>πήθη</strong></span> <span class='ocrx_word' id='word_1_797' title='bbox 523 5225 582 5263; x_wconf 87' lang='grc' dir='ltr'><strong>τε</strong></span> <span class='ocrx_word' id='word_1_798' title='bbox 614 5209 744 5282; x_wconf 85' lang='grc' dir='ltr'><strong>παρ’</strong></span> <span class='ocrx_word' id='word_1_799' title='bbox 769 5210 956 5276; x_wconf 81' lang='grc' dir='ltr'><strong>αὑτοῦ,</strong></span> <span class='ocrx_word' id='word_1_800' title='bbox 984 5213 1077 5266; x_wconf 82' lang='grc' dir='ltr'><strong>καὶ</strong></span> <span class='ocrx_word' id='word_1_801' title='bbox 1112 5212 1234 5283; x_wconf 80' lang='grc' dir='ltr'><strong>οὑχὶ</strong></span> <span class='ocrx_word' id='word_1_802' title='bbox 1263 5212 1387 5268; x_wconf 85' lang='grc' dir='ltr'><strong>τότε</strong></span> <span class='ocrx_word' id='word_1_803' title='bbox 1420 5213 1658 5284; x_wconf 81' lang='grc' dir='ltr'><strong>πρῶτον,</strong></span> <span class='ocrx_word' id='word_1_804' title='bbox 1691 5214 1778 5267; x_wconf 80' lang='grc' dir='ltr'><strong>ὅτε</strong></span> <span class='ocrx_word' id='word_1_805' title='bbox 1820 5213 1925 5285; x_wconf 67' lang='grc' dir='ltr'><strong>τὴν</strong></span> 
     </span>
    </p>
   </div>
   <div class='ocr_carea' id='block_1_108' title="bbox 2043 5203 3609 5285">
    <p class='ocr_par' dir='ltr' id='par_1_108' title="bbox 2043 5203 3609 5283">
     <span class='ocr_line' id='line_1_108' title="bbox 2043 5203 3609 5283; baseline -0.006 -17"><span class='ocrx_word' id='word_1_806' title='bbox 2043 5220 2375 5283; x_wconf 83' lang='lat' dir='ltr'><strong>mncupatus</strong></span> <span class='ocrx_word' id='word_1_807' title='bbox 2408 5220 2493 5267; x_wconf 89' lang='lat' dir='ltr'><strong>est</strong></span> <span class='ocrx_word' id='word_1_808' title='bbox 2540 5218 2595 5266; x_wconf 94' lang='lat' dir='ltr'><strong>et</strong></span> <span class='ocrx_word' id='word_1_809' title='bbox 2631 5208 2811 5264; x_wconf 77' lang='lat' dir='ltr'><strong>lactus</strong></span> <span class='ocrx_word' id='word_1_810' title='bbox 2857 5217 2944 5265; x_wconf 89' lang='lat' dir='ltr'><strong>est</strong></span> <span class='ocrx_word' id='word_1_811' title='bbox 2998 5208 3182 5270; x_wconf 87' lang='lat' dir='ltr'><strong>homo,</strong></span> <span class='ocrx_word' id='word_1_812' title='bbox 3242 5213 3302 5258; x_wconf 89' lang='lat' dir='ltr'><strong>ut</strong></span> <span class='ocrx_word' id='word_1_813' title='bbox 3351 5218 3476 5259; x_wconf 89' lang='lat' dir='ltr'><strong>eum</strong></span> <span class='ocrx_word' id='word_1_814' title='bbox 3513 5203 3609 5273; x_wconf 88' lang='lat' dir='ltr'><strong>qui</strong></span> 
     </span>
    </p>
   </div>
   <div class='ocr_carea' id='block_1_109' title="bbox 335 5295 1939 5376">
    <p class='ocr_par' dir='ltr' id='par_1_109' title="bbox 335 5297 1916 5376">
     <span class='ocr_line' id='line_1_109' title="bbox 335 5297 1916 5376; baseline 0.006 -26"><span class='ocrx_word' id='word_1_815' title='bbox 335 5297 590 5353; x_wconf 71' lang='grc' dir='ltr'><strong>ἑκούσιον</strong></span> <span class='ocrx_word' id='word_1_816' title='bbox 637 5300 917 5373; x_wconf 79' lang='grc' dir='ltr'><strong>ὑποταγὴν</strong></span> <span class='ocrx_word' id='word_1_817' title='bbox 960 5303 1314 5374; x_wconf 79' lang='grc' dir='ltr'><strong>πεπλήρωκε,</strong></span> <span class='ocrx_word' id='word_1_818' title='bbox 1356 5305 1569 5376; x_wconf 84' lang='grc' dir='ltr'><strong>νοήσεις</strong></span> <span class='ocrx_word' id='word_1_819' title='bbox 1607 5304 1665 5359; x_wconf 82' lang='grc' dir='ltr'><strong>δὲ</strong></span> <span class='ocrx_word' id='word_1_820' title='bbox 1717 5304 1916 5376; x_wconf 75' lang='grc' dir='ltr'><strong>μᾶλλον</strong></span> 
     </span>
    </p>
   </div>
   <div class='ocr_carea' id='block_1_110' title="bbox 2043 5295 3608 5376">
    <p class='ocr_par' dir='ltr' id='par_1_110' title="bbox 2043 5295 3608 5372">
     <span class='ocr_line' id='line_1_110' title="bbox 2043 5295 3608 5372; baseline -0.006 -12"><span class='ocrx_word' id='word_1_821' title='bbox 2043 5306 2147 5360; x_wconf 81' lang='lat' dir='ltr'><strong>dim</strong></span> <span class='ocrx_word' id='word_1_822' title='bbox 2193 5303 2320 5359; x_wconf 90' lang='lat' dir='ltr'><strong>odio</strong></span> <span class='ocrx_word' id='word_1_823' title='bbox 2350 5314 2436 5359; x_wconf 91' lang='lat' dir='ltr'><strong>est</strong></span> <span class='ocrx_word' id='word_1_824' title='bbox 2466 5302 2688 5359; x_wconf 89' lang='lat' dir='ltr'><strong>habitus</strong></span> <span class='ocrx_word' id='word_1_825' title='bbox 2730 5308 2956 5372; x_wconf 89' lang='lat' dir='ltr'><strong>propter</strong></span> <span class='ocrx_word' id='word_1_826' title='bbox 2992 5298 3228 5370; x_wconf 88' lang='lat' dir='ltr'><strong>primam</strong></span> <span class='ocrx_word' id='word_1_827' title='bbox 3278 5295 3427 5350; x_wconf 91' lang='lat' dir='ltr'><strong>illam</strong></span> <span class='ocrx_word' id='word_1_828' title='bbox 3466 5310 3608 5366; x_wconf 74' lang='lat' dir='ltr'><strong>pra:-</strong></span> 
     </span>
    </p>
   </div>
   <div class='ocr_carea' id='block_1_111' title="bbox 335 5388 1916 5469">
    <p class='ocr_par' dir='ltr' id='par_1_111' title="bbox 335 5388 1916 5469">
     <span class='ocr_line' id='line_1_111' title="bbox 335 5388 1916 5469; baseline 0.005 -27"><span class='ocrx_word' id='word_1_829' title='bbox 335 5388 585 5455; x_wconf 74' lang='grc' dir='ltr'><strong>ὲκείνως.</strong></span> <span class='ocrx_word' id='word_1_830' title='bbox 620 5390 833 5464; x_wconf 80' lang='grc' dir='ltr'><strong>Ὀνπερ</strong></span> <span class='ocrx_word' id='word_1_831' title='bbox 875 5394 985 5465; x_wconf 85' lang='lat'><strong>7&amp;9</strong></span> <span class='ocrx_word' id='word_1_832' title='bbox 1023 5394 1231 5464; x_wconf 81' lang='grc' dir='ltr'><strong>,τρόπον</strong></span> <span class='ocrx_word' id='word_1_833' title='bbox 1279 5395 1482 5469; x_wconf 81' lang='grc' dir='ltr'><strong>ὑψηλὸς</strong></span> <span class='ocrx_word' id='word_1_834' title='bbox 1514 5397 1775 5469; x_wconf 86' lang='grc' dir='ltr'><strong>ὑπάρχων</strong></span> <span class='ocrx_word' id='word_1_835' title='bbox 1806 5397 1916 5463; x_wconf 74' lang='grc' dir='ltr'><strong>ἀεὶ,</strong></span> 
     </span>
    </p>
   </div>
   <div class='ocr_carea' id='block_1_112' title="bbox 2029 5386 3608 5461">
    <p class='ocr_par' dir='ltr' id='par_1_112' title="bbox 2029 5386 3608 5461">
     <span class='ocr_line' id='line_1_112' title="bbox 2029 5386 3608 5461; baseline -0.008 -11"><span class='ocrx_word' id='word_1_836' title='bbox 2029 5396 2452 5461; x_wconf 83' lang='lat' dir='ltr'><strong>varicationcm,</strong></span> <span class='ocrx_word' id='word_1_837' title='bbox 2489 5403 2546 5453; x_wconf 89' lang='lat' dir='ltr'><strong>et</strong></span> <span class='ocrx_word' id='word_1_838' title='bbox 2576 5395 2955 5452; x_wconf 89' lang='lat' dir='ltr'><strong>intromissum</strong></span> <span class='ocrx_word' id='word_1_839' title='bbox 3002 5394 3312 5461; x_wconf 89' lang='lat' dir='ltr'><strong>peccatum,</strong></span> <span class='ocrx_word' id='word_1_840' title='bbox 3343 5386 3608 5443; x_wconf 89' lang='lat' dir='ltr'><strong>dilectum</strong></span> 
     </span>
    </p>
   </div>
   <div class='ocr_carea' id='block_1_113' title="bbox 340 5480 1939 5558">
    <p class='ocr_par' dir='ltr' id='par_1_113' title="bbox 340 5482 1920 5558">
     <span class='ocr_line' id='line_1_113' title="bbox 340 5482 1920 5558; baseline 0.004 -21"><span class='ocrx_word' id='word_1_841' title='bbox 340 5482 439 5537; x_wconf 74' lang='grc' dir='ltr'><strong>καὶ</strong></span> <span class='ocrx_word' id='word_1_842' title='bbox 467 5482 883 5556; x_wconf 75' lang='grc' dir='ltr'><strong>δεδοξασμένος,</strong></span> <span class='ocrx_word' id='word_1_843' title='bbox 918 5483 1043 5539; x_wconf 80' lang='grc' dir='ltr'><strong>ὅσον</strong></span> <span class='ocrx_word' id='word_1_844' title='bbox 1086 5486 1166 5551; x_wconf 80' lang='grc' dir='ltr'><strong>εις</strong></span> <span class='ocrx_word' id='word_1_845' title='bbox 1211 5486 1348 5543; x_wconf 81' lang='grc' dir='ltr'><strong>ἰδίαν</strong></span> <span class='ocrx_word' id='word_1_846' title='bbox 1396 5488 1579 5558; x_wconf 79' lang='grc' dir='ltr'><strong>φύσιν,</strong></span> <span class='ocrx_word' id='word_1_847' title='bbox 1606 5487 1920 5557; x_wconf 79' lang='grc' dir='ltr'><strong>δεδοξάσθαι</strong></span> 
     </span>
    </p>
   </div>
   <div class='ocr_carea' id='block_1_114' title="bbox 2043 5480 3606 5558">
    <p class='ocr_par' dir='ltr' id='par_1_114' title="bbox 2043 5480 3606 5554">
     <span class='ocr_line' id='line_1_114' title="bbox 2043 5480 3606 5554; baseline -0.007 -12"><span class='ocrx_word' id='word_1_848' title='bbox 2043 5487 2143 5544; x_wconf 86' lang='lat' dir='ltr'><strong>Deo</strong></span> <span class='ocrx_word' id='word_1_849' title='bbox 2176 5487 2451 5544; x_wconf 88' lang='lat' dir='ltr'><strong>redderet.</strong></span> <span class='ocrx_word' id='word_1_850' title='bbox 2483 5487 2662 5545; x_wconf 80' lang='lat' dir='ltr'><strong>Janua</strong></span> <span class='ocrx_word' id='word_1_851' title='bbox 2705 5487 2852 5546; x_wconf 88' lang='lat' dir='ltr'><strong>enim</strong></span> <span class='ocrx_word' id='word_1_852' title='bbox 2899 5483 3133 5550; x_wconf 90' lang='lat' dir='ltr'><strong>idcirco,</strong></span> <span class='ocrx_word' id='word_1_853' title='bbox 3165 5488 3219 5538; x_wconf 90' lang='lat' dir='ltr'><strong>et</strong></span> <span class='ocrx_word' id='word_1_854' title='bbox 3251 5480 3606 5554; x_wconf 86' lang='lat' dir='ltr'><strong>principium,</strong></span> 
     </span>
    </p>
   </div>
   <div class='ocr_carea' id='block_1_115' title="bbox 328 5570 1939 5663">
    <p class='ocr_par' dir='ltr' id='par_1_115' title="bbox 328 5576 1919 5663">
     <span class='ocr_line' id='line_1_115' title="bbox 328 5576 1919 5663; baseline 0.004 -35"><span class='ocrx_word' id='word_1_855' title='bbox 328 5591 401 5663; x_wconf 57' lang='lat' dir='ltr'><strong>se</strong></span> <span class='ocrx_word' id='word_1_856' title='bbox 431 5591 526 5629; x_wconf 91' lang='grc' dir='ltr'><strong>και</strong></span> <span class='ocrx_word' id='word_1_857' title='bbox 549 5576 798 5647; x_wconf 80' lang='grc' dir='ltr'><strong>ὑψῶσθαι</strong></span> <span class='ocrx_word' id='word_1_858' title='bbox 817 5576 1053 5648; x_wconf 77' lang='grc' dir='ltr'><strong>λέγεται,</strong></span> <span class='ocrx_word' id='word_1_859' title='bbox 1074 5578 1163 5634; x_wconf 81' lang='grc' dir='ltr'><strong>ὅτε</strong></span> <span class='ocrx_word' id='word_1_860' title='bbox 1185 5579 1406 5649; x_wconf 81' lang='grc' dir='ltr'><strong>γέγονεν</strong></span> <span class='ocrx_word' id='word_1_861' title='bbox 1433 5578 1739 5653; x_wconf 77' lang='grc' dir='ltr'><strong>ἄνθρωπος,</strong></span> <span class='ocrx_word' id='word_1_862' title='bbox 1764 5581 1796 5634; x_wconf 81' lang='grc' dir='ltr'><strong>ό</strong></span> <span class='ocrx_word' id='word_1_863' title='bbox 1823 5581 1919 5653; x_wconf 84' lang='grc' dir='ltr'><strong>τῆς</strong></span> 
     </span>
    </p>
   </div>
   <div class='ocr_carea' id='block_1_116' title="bbox 2043 5570 3608 5663">
    <p class='ocr_par' dir='ltr' id='par_1_116' title="bbox 2043 5570 3608 5645">
     <span class='ocr_line' id='line_1_116' title="bbox 2043 5570 3608 5645; baseline -0.01 -8"><span class='ocrx_word' id='word_1_864' title='bbox 2043 5586 2083 5638; x_wconf 72' lang='lat' dir='ltr'><strong>et</strong></span> <span class='ocrx_word' id='word_1_865' title='bbox 2117 5580 2207 5637; x_wconf 85' lang='lat' dir='ltr'><strong>via</strong></span> <span class='ocrx_word' id='word_1_866' title='bbox 2236 5581 2481 5645; x_wconf 87' lang='lat' dir='ltr'><strong>omnium</strong></span> <span class='ocrx_word' id='word_1_867' title='bbox 2516 5579 2675 5638; x_wconf 88' lang='lat' dir='ltr'><strong>nobis</strong></span> <span class='ocrx_word' id='word_1_868' title='bbox 2706 5579 2977 5637; x_wconf 88' lang='lat' dir='ltr'><strong>bonorum</strong></span> <span class='ocrx_word' id='word_1_869' title='bbox 3026 5574 3313 5634; x_wconf 81' lang='lat' dir='ltr'><strong>exstitisse</strong></span> <span class='ocrx_word' id='word_1_870' title='bbox 3353 5570 3608 5628; x_wconf 78' lang='lat' dir='ltr'><strong>Christus</strong></span> 
     </span>
    </p>
   </div>
   <div class='ocr_carea' id='block_1_117' title="bbox 415 5757 1026 5832">
    <p class='ocr_par' dir='ltr' id='par_1_117' title="bbox 415 5757 1026 5832">
     <span class='ocr_line' id='line_1_117' title="bbox 415 5757 1026 5832; baseline 0 -14"><span class='ocrx_word' id='word_1_871' title='bbox 415 5759 461 5793; x_wconf 78' lang='lat'>“</span> <span class='ocrx_word' id='word_1_872' title='bbox 498 5757 736 5832; x_wconf 88' lang='lat' dir='ltr'><strong>Philipp.</strong></span> <span class='ocrx_word' id='word_1_873' title='bbox 784 5773 865 5832; x_wconf 88' lang='grc' dir='ltr'><strong>ιι,</strong></span> <span class='ocrx_word' id='word_1_874' title='bbox 907 5759 1026 5818; x_wconf 83' lang='lat'><strong>6-9.</strong></span> 
     </span>
    </p>
   </div>
  </div>
