4042 6204
416 318 525 375 375

1417 312 1476 370 S.
1517 310 1791 370 CYRILLI
1829 305 2302 367 ALEXANDRINI
2344 310 2661 368 ARCHIEP.

413 433 638 490 dicitur.
681 428 954 502 Numquid
995 445 1124 502 ergo
1169 430 1389 487 demum
1444 437 1592 486 recte
1625 438 1680 486 et
1717 429 1975 499 inculpatl

2098 427 2435 501 θεοπρεποῦς
2457 430 2617 503 δόξης
2647 429 2849 502 ἔρημος
2875 431 2972 499 ὢν,
2992 431 3117 486 ὅσον
3149 431 3229 496 ιίς
3256 429 3675 505 ἀνθρωπότητος

412 538 477 581 se
499 521 762 578 dilectum
794 536 917 578 esse
950 521 1049 587 ait,
1095 537 1160 578 ex
1188 536 1254 577 eo
1295 520 1443 592 quod
1489 529 1763 592 praecepta
1805 518 1989 576 Patris

411 614 758 674 observarit?
802 613 1078 686 Numquid
1113 614 1214 670 tibi
1267 614 1515 686 mysterii
1574 613 1714 668 ratio
1753 612 1875 669 visa
1906 620 1990 669 est

409 706 667 773 dimeilis,
706 714 763 765 et
792 707 961 762 menti
1008 713 1117 762 tua:
1157 705 1731 777 incomprehensibilis
1764 706 1991 777 dispen-

410 798 649 854 sationis
679 808 907 872 prapter
930 814 1034 856 nos
1071 799 1314 869 impletae
1344 797 1615 875 altitudo?
1656 818 1676 852 ι
1702 792 1772 854 Ᾱι
1802 800 1987 855 omnia

408 888 703 956 praesentia
772 888 1243 961 intelligentibus,
1297 902 1518 944 necnon
1580 895 1731 944 recta
1777 888 1985 943 haben-

407 977 557 1033 tibus
591 978 919 1046 scientiam,
962 998 982 1032 ι
1023 979 1173 1035 sicut
1220 980 1491 1051 scriptum
1538 987 1625 1036 est
1658 978 1725 1033 ".
1771 978 1987 1036 Manete

406 1071 599 1141 igitur,
631 1071 835 1143 inquit,
885 1072 941 1126 in
993 1070 1289 1129 dilectione
1335 1087 1495 1136 mea,’
1529 1072 1634 1128 hoc
1684 1081 1788 1138 est,
1834 1071 1984 1126 omni

406 1177 541 1217 cura
583 1177 649 1219 ac
694 1163 879 1220 studio
912 1164 1188 1220 conamini
1236 1164 1332 1219 tali
1363 1179 1465 1221 vos
1496 1178 1527 1217 a
1574 1178 1660 1219 me
1688 1162 1985 1219 dilectione

406 1253 638 1321 donari,
674 1255 892 1325 qualem
915 1270 1016 1326 ego
1050 1270 1268 1326 quoque
1292 1253 1436 1322 apud
1463 1252 1633 1309 Deum
1668 1268 1733 1308 ac
1763 1251 1982 1308 Patrem

402 1346 600 1402 habeo.
645 1345 796 1403 Patri
826 1348 1029 1419 quippe
1075 1362 1162 1403 me
1194 1346 1429 1417 subjeci,
1460 1345 1693 1417 ejusque
1723 1346 1982 1401 volunta~

403 1447 516 1493 tem
550 1439 731 1511 peregi
760 1458 773 1494 :
818 1440 1051 1511 ideoque
1082 1445 1663 1502 maneo,aconstanter
1696 1438 1766 1494 ab
1796 1453 1861 1495 eo
1902 1438 1984 1494 di-

402 1523 599 1580 lectus.
645 1523 751 1583 Sed
792 1526 840 1582 si
870 1542 967 1582 vos
1003 1542 1123 1582 mea
1163 1527 1269 1598 ipsi
1295 1542 1518 1598 quoque
1552 1535 1825 1597 praecepta
1862 1542 1981 1583 ser-

400 1616 682 1683 vaveritis,
734 1619 929 1675 eodem
982 1619 1173 1691 utique
1224 1620 1387 1674 modo
1432 1620 1486 1674 in
1524 1619 1824 1675 dilectione
1860 1634 1979 1674 mea

399 1708 717 1764 mancbitis.
764 1708 981 1765 Nullam
1018 1711 1433 1768 excusationem
1489 1711 1726 1782 pigritia:
1782 1711 1837 1765 in
1875 1710 1977 1765 hoc

399 1798 698 1866 habebitis,
746 1816 848 1856 nec
877 1802 1024 1857 enim
1059 1802 1214 1857 labor
1254 1803 1508 1858 mercede
1558 1803 1790 1858 carebit.
1835 1801 1978 1857 Tan-

402 1900 516 1944 tum
551 1891 697 1947 enim
746 1891 1063 1948 dilectionis
1114 1893 1272 1950 vobis
1345 1894 1647 1965 impertiar,
1711 1904 1976 1964 quantum

399 1981 578 2037 habeo
609 1981 725 2053 ipse
757 1998 788 2038 a
819 1983 1006 2049 Patre,
1034 1985 1346 2055 aequalibus
1379 1984 1776 2057 propemodum
1812 1985 1979 2042 hono-

397 2073 551 2128 ribus
582 2088 828 2130 meorum
860 2090 1184 2132 sermonum
1230 2077 1513 2134 custodem
1560 2090 1858 2133 coronans.
1894 2076 1979 2133 Me

396 2163 601 2234 quippe
624 2168 1055 2237 superexaltavit
1089 2167 1271 2233 Pater,
1297 2183 1608 2239 nomenque
1633 2168 1787 2225 dedit
1829 2168 1977 2241 quod

396 2264 480 2311 est
515 2271 683 2327 super
711 2272 876 2314 omne
906 2274 1129 2315 nomen.
1175 2259 1498 2314 Declaratus
1527 2260 1670 2314 enim
1696 2276 1817 2315 sum
1850 2261 1977 2315 uni-

393 2347 541 2402 versi
584 2345 759 2417 Deus;
801 2349 898 2405 sed
933 2364 1045 2405 non
1091 2350 1396 2406 accusabor
1446 2356 1599 2403 tanta
1630 2351 1777 2405 bona
1816 2349 1976 2406 vobis

394 2438 684 2497 invidisse.
714 2439 827 2498 Vos
872 2440 1019 2497 enim
1068 2442 1290 2497 tametsi
1321 2441 1599 2507 homines,
1637 2456 1703 2498 ac
1741 2441 1975 2512 proinde

395 2533 583 2588 servili
623 2533 887 2605 praeditos
916 2541 1113 2589 natura
1154 2533 1293 2590 deos
1327 2548 1392 2588 ac
1418 2532 1516 2590 Dei
1548 2533 1689 2589 ﬁlios
1719 2533 1935 2590 reddidi
1956 2572 1972 2598 ,

394 2625 911 2695 supernaturalibus
944 2625 1259 2681 illustratos
1308 2624 1660 2695 dogmatibus
1704 2639 1803 2695 per
1850 2639 1973 2695 gra-

393 2717 550 2778 tiam.
584 2715 640 2771 in
670 2717 826 2791 regni
851 2718 958 2773 mei
988 2724 1202 2787 partem
1237 2714 1453 2786 recepi,
1492 2714 1811 2771 conl'ormes
1841 2729 1974 2769 cur-

392 2807 513 2877 pori
547 2805 736 2877 gloriae
759 2821 893 2862 meae
939 2806 1155 2862 reddidi
1185 2807 1265 2871 ⁸⁰,
1316 2804 1736 2875 incorruptione
1762 2820 1826 2861 ac
1859 2805 1972 2860 vita

391 2899 606 2955 ornavi.
651 2898 758 2955 Sed
793 2899 910 2955 haec
952 2899 1177 2970 quidem
1228 2898 1284 2953 in
1320 2913 1450 2969 spe,
1495 2905 1549 2952 et
1601 2897 1655 2951 in
1707 2896 1970 2953 saeculum

391 2992 639 3048 futurum
673 3002 983 3048 servantur.
1021 2991 1190 3065 885.
1223 2990 1367 3058 Quid
1419 3005 1551 3046 vero
1591 2990 1971 3061 inpraesentia-

2091 521 2270 593 λόγον,
2297 523 2440 578 οὕτω
2491 524 2589 577 καὶ
2635 523 2693 590 ἐξ
2718 518 2913 596 ἀρχῆς,
2963 524 3051 578 ἀεί
3091 541 3150 578 τι
3199 524 3295 578 καὶ
3335 522 3424 578 διὰ
3473 524 3676 590 παντὸς

2090 613 2475 687 ἀγαπώμενος,
2499 615 2819 685 ήγαπῆσθαι
2866 614 3081 685 λέγεται
3132 616 3227 670 καὶ
3271 614 3412 686 μετά
3444 618 3669 688 σαρκός.

2090 707 2306 778 Πέφηνε
2339 707 2450 779 γάρ
2480 706 2569 762 διά
2595 706 2753 761 τοῦτο
2784 704 2907 761 καθ’
2940 708 3107 777 ἡμᾶς,
3129 705 3279 760 τοῦτ’
3304 706 3443 774 ἔστι,
3471 724 3676 779 κεχρη-

2091 800 2287 872 μάτικε
2316 799 2411 854 καὶ
2438 799 2659 868 γέγονεν
2689 797 2998 870 ἄνθρωπος,
3029 797 3116 851 ἵνα
3155 797 3249 852 τὸν
3292 797 3459 852 πάλαι
3507 815 3673 869 μεμιο

2090 888 2347 964 σημένον,
2375 890 2465 945 διὰ
2485 891 2584 961 τὴν
2627 891 2685 944 ἐν
2728 891 2870 962 ἀρχῇ
2909 889 3224 961 παράϐασιν
3252 890 3345 944 καὶ
3381 891 3482 962 τὴν
3512 893 3570 944 ἐν
3593 891 3674 960 τῷ

2089 981 2293 1054 μεταξὺ
2342 981 2833 1057 παρεισφρήσασαν
2870 979 3165 1051 ἁμαρτίαν,
3211 980 3496 1050 ἀγαπητὸν
3535 982 3672 1034 ἀπο-

2085 1074 2280 1145 τελέσῃ
2312 1072 2391 1144 τῷ
2432 1072 2574 1144 Θεῷ.
2622 1072 2772 1143 Θύρα
2802 1071 2912 1142 γὰρ
2939 1072 3028 1125 διά
3072 1071 3249 1137 τοῦτο,
3281 1071 3375 1124 καὶ
3400 1072 3543 1143 ἀρχὴ
3576 1074 3671 1126 καὶ

2085 1165 2202 1230 ὁδὸς
2228 1163 2485 1219 ἁπάντων
2524 1164 2659 1235 ἡμῖν
2688 1162 2797 1218 τῶν
2845 1161 3065 1231 ἀγαθῶν
3114 1162 3414 1233 πεφηνέναι
3446 1162 3666 1230 ὓέγεται

2084 1256 2340 1329 Χριστός.
2386 1250 2535 1328 *Δρα
2582 1256 2645 1327 δή
2696 1272 2778 1308 σοι
2822 1254 3010 1308 λοιπὸν
3067 1253 3417 1324 ἀνεγκλήτως
3477 1253 3668 1306 ἑαυτὸν

2083 1347 2400 1418 ὴγαπῆσθαί
2436 1363 2590 1417 φησι,
2622 1346 2707 1400 διὰ
2750 1346 2812 1399 τὸ
2843 1344 3173 1417 τετηρῆσθαι
3216 1345 3344 1416 παρ’
3375 1343 3538 1399 αὐτοῦ
3569 1343 3667 1406 τάς

2082 1437 2178 1491 τοῦ
2203 1437 2416 1509 Πατρὸς
2444 1436 2694 1502 ὲντολάς;
2725 1434 2879 1508 Ἀρα
2920 1435 2995 1507 μή
3038 1451 3119 1488 σοι
3145 1436 3349 1506 τραχὺς
3382 1435 3410 1487 ὁ
3440 1432 3536 1487 τοῦ
3565 1451 3665 1503 μυ-

2086 1528 2308 1601 στηρίου
2334 1528 2611 1598 κατεφάνη
2640 1526 2819 1595 λόγος,
2842 1526 2937 1580 καὶ
2966 1526 3068 1596 τῆς
3091 1525 3158 1577 δι’
3181 1526 3329 1595 ἡμᾶς
3350 1521 3664 1594 τετελεσμέ·

2082 1635 2181 1689 νης
2216 1619 2525 1689 οἰκονομίας
2557 1618 2618 1671 τὸ
2646 1617 2809 1689 βάθος
2850 1619 2924 1690 μὴ
2967 1616 3288 1686 δυσέφικτόν
3323 1632 3440 1679 πως
3467 1614 3545 1686 τῷ
3583 1613 3664 1685 σῷ

2083 1710 2271 1780 γέγονε
2294 1711 2370 1783 νῷ
2393 1729 2408 1779 ;
2445 1710 2584 1764 Ἀλλ’
2604 1710 2751 1764 ἔστιν
2770 1709 2973 1764 ἐνώπια
2993 1711 3104 1771 τοῖς
3133 1707 3390 1772 συνιοῦσι,
3410 1706 3503 1761 καὶ
3524 1705 3663 1776 ὀρθά

2086 1804 2262 1857 πάντα
2298 1806 2410 1867 τοῖς
2462 1801 2642 1874 έχουσι
2676 1803 2916 1871 γνῶσιν,
2960 1801 3102 1856 κατὰ
3143 1800 3205 1854 τὸ
3251 1798 3655 1873 γεγραμμένον.

2077 1896 2314 1950 Μείνατε
2351 1895 2552 1960 τοίνυν,
2603 1893 2793 1967 φησὶν,
2816 1896 2874 1947 ἐν
2906 1896 2973 1966 τῇ
3021 1893 3210 1965 ἀγάπῃ
3236 1896 3303 1964 τῇ
3341 1894 3470 1963 ἐμῇ,
3511 1889 3654 1944 τοῦτ’

2075 1987 2210 2050 ἐστι,
2247 1987 2336 2041 διά
2375 1987 2610 2057 σπουδῆς
2643 1987 2859 2058 ἀπάσης
2897 1985 2991 2040 καὶ
3018 1984 3327 2057 προθυμίας
3352 1983 3653 2055 ἐρχόμενοι,

2074 2079 2666 2153 διαπραγματεύσασθέ
2690 2097 2752 2133 τε
2783 2079 2875 2132 καὶ
2907 2075 3335 2147 ἐπιτηδεύσασθε
3372 2074 3433 2128 τὸ
3468 2072 3654 2157 τοιαύ-

2074 2192 2173 2244 της
2211 2172 2492 2240 ἀξιοῦσθαι
2533 2174 2662 2243 παρ’
2704 2170 2839 2241 ἐμοῦ
2886 2169 2987 2240 τῆς
3029 2168 3272 2238 ἀγάπης,
3316 2165 3506 2219 ὁποίαν
3546 2165 3660 2235 ἔχω

2075 2265 2232 2334 κάγὼ
2282 2263 2435 2334 παρά
2475 2261 2553 2334 τῷ
2597 2261 2718 2333 Θεῷ
2761 2261 2858 2316 καὶ
2909 2259 3107 2332 Πατρί.
3157 2259 3365 2326 Γέγονα
3406 2255 3504 2327 μὲν
3545 2255 3661 2326 γάρ

2074 2356 2317 2427 ὑπήκοος
2344 2353 2478 2423 ἐγὼ,
2511 2354 2606 2408 καὶ
2642 2353 2749 2408 τῶν
2777 2351 2873 2406 τοῦ
2924 2350 3138 2421 Πατρδς
3166 2346 3489 2419 θελημάτων
3514 2345 3659 2398 ἀπο-ι

2072 2447 2347 2516 τελεστὴς,
2383 2445 2529 2517 μένω
2557 2462 2616 2499 τε
2645 2443 2737 2498 διά
2763 2441 2942 2507 τοῦτο,
2987 2441 3084 2495 καὶ
3125 2438 3407 2511 ἀραρότως
3432 2438 3654 2507 ἠγαπη-

2076 2541 2256 2612 μένος.
2297 2538 2435 2592 Ἀλλ’
2462 2539 2592 2592 ὅταν
2623 2534 2855 2607 γένησθε
2889 2534 2983 2587 καὶ
3029 2530 3186 2586 αὐτοὶ
3223 2528 3332 2583 τῶν
3367 2528 3516 2597 ἐμῶν
3548 2526 3654 2596 φύ-

2071 2632 2236 2696 λακες
2264 2628 2514 2693 ἐντολῶν,
2561 2627 2703 2683 κατά
2739 2626 2832 2680 τὸν
2881 2625 2995 2678 ῖσον
3027 2621 3233 2695 τρόπον
3270 2622 3483 2692 μενεῖτε
3515 2618 3660 2672 πάν-.

2070 2742 2180 2789 τως
2224 2726 2283 2778 ἐν
2330 2726 2397 2794 τῇ
2454 2722 2642 2792 ἀγάπῃ
2693 2721 2761 2791 τῇ
2817 2720 2948 2789 ἐμῇ.
2984 2714 3415 2785 Ἀπροφάσιστον
3464 2711 3521 2764 δὲ
3554 2708 3657 2779 τὴν

2072 2816 2153 2879 είς
2184 2813 2362 2878 τοῦτο,
2386 2813 2572 2883 φησὶν.
2599 2811 2750 2877 ἕξετε
2777 2806 3080 2881 ρᾳθυμίαν
3114 2805 3175 2858 ού
3205 2802 3314 2874 γὰρ
3342 2799 3535 2872 ἀμισθὶ
3560 2800 3655 2853 τὸν

2072 2904 2166 2957 ἐπὶ
2196 2902 2406 2965 τούτοις
2439 2899 2637 2972 ἱδρῶτα
2665 2896 2994 2968 διατλήσετε.
3037 2894 3354 2965 Φανήσομαι
3391 2889 3500 2961 γὰρ
3526 2905 3656 2942 τοσ-

2072 2998 2240 3070 αύτην
2277 2999 2407 3068 ὑμῖν
2455 2995 2673 3059 ἐπιδοὺς
2721 2995 2822 3065 τὴν
2867 2992 3110 3062 ἀγάπην,
3164 2990 3297 3061 ὅσην
3335 2986 3494 3050 αὐτὸς
3543 2985 3655 3056 ἔχω

391 3082 555 3136 rum?
584 3082 859 3154 Numquid
896 3082 1142 3139 illustres
1184 3089 1238 3138 et
1261 3082 1436 3154 gloria
1470 3080 1802 3151 conspicuos
1845 3080 1969 3136 red.

2077 3088 2225 3159 παρά
2256 3086 2491 3156 Πατρδς,
2522 3085 2616 3138 καὶ
2650 3083 2934 3155 μονονουχὶ
2970 3083 3090 3145 ταῖς
3126 3077 3438 3151 ίσορῤόποις
3466 3076 3654 3145 τιμαῖς

390 3171 504 3227 didi
537 3179 592 3229 et
623 3176 766 3244 apud
801 3173 923 3249 pios
952 3188 1144 3243 omnes
1179 3172 1522 3230 venerandos
1561 3188 1657 3228 vos
1690 3172 1969 3243 praestiti?

2077 3182 2164 3234 τὸν
2191 3179 2300 3233 τῶν
2337 3177 2487 3249 ἐμῶν
2533 3176 2707 3246 λόγων
2752 3175 2969 3246 φύλακα
3022 3171 3322 3241 στεφανῶν.
3366 3167 3498 3239 Ἐμὲ
3541 3170 3661 3238 γὰρ

390 3264 604 3341 Quippe
626 3265 904 3321 daemones
930 3265 1181 3337 impuros
1204 3264 1544 3336 increpastis
1569 3283 1583 3319 :
1613 3265 1792 3321 omnis
1826 3278 1973 3318 mor-

392 3360 448 3418 bi
470 3400 484 3425 ,
518 3371 569 3416 et
593 3360 778 3421 omnis
810 3360 1149 3416 infirmitatis
1173 3361 1434 3417 sanandae
1465 3368 1790 3431 potestatem
1817 3358 1970 3414 vobis

392 3453 517 3510 l‘eci.
544 3452 832 3508 Pollicitus
859 3468 981 3509 sum
1005 3454 1196 3509 dicens
1224 3472 1237 3508 :
1264 3472 1283 3506 ι
1308 3454 1501 3517 Anien,
1528 3467 1688 3507 amen
1714 3452 1843 3507 dico
1873 3466 1973 3506 vo-

389 3542 505 3598 bis:
544 3542 638 3613 qui
669 3543 846 3597 credit
871 3542 925 3596 in
958 3557 1065 3607 me,
1099 3557 1269 3613 opera
1298 3557 1420 3612 quae
1445 3557 1545 3613 ego
1577 3543 1742 3606 facio,
1772 3550 1824 3598 et
1853 3542 1973 3612 ipse

390 3634 579 3701 faciet,
607 3642 662 3689 et
692 3633 902 3704 majora
929 3634 1128 3688 horum
1160 3632 1327 3689 faciet
1356 3634 1426 3687 δ’.
1450 3654 1469 3685 ι
1493 3632 1621 3689 Haec
1651 3633 1860 3689 sanctis
1886 3634 1969 3688 di-

390 3724 623 3795 scipulis
654 3724 833 3795 ipsum
866 3723 1271 3795 quodammodo
1308 3714 1494 3780 dicere
1530 3722 1847 3794 putabimus
1873 3764 1889 3789 ,
1923 3725 1969 3780 si

389 3815 796 3891 propositorum
839 3815 1132 3872 verborum
1179 3828 1405 3871 sensum
1440 3814 1589 3885 apud
1622 3828 1724 3869 nos
1762 3828 1971 3885 expen-

390 3908 607 3965 damus.
635 3907 850 3979 Ubique
874 3922 1003 3964 vero
1031 3906 1280 3963 veritatis
1299 3905 1573 3976 dogmatis
1599 3913 1835 3961 mentem
1864 3919 1968 3960 no—

390 4011 565 4056 stram
597 4000 1016 4064 submittentes,
1037 4006 1093 4054 et
1116 4012 1463 4070 quaecunque
1490 3996 1822 4068 exponenda
1843 4011 1970 4054 sese

388 4091 650 4156 offerunt,
680 4100 849 4157 recte,
881 4091 1064 4162 quoad
1096 4091 1244 4155 licet,
1276 4089 1497 4162 pietatis
1521 4088 1734 4145 artibus
1766 4089 1833 4146 ad
1859 4090 1968 4144 uti-

387 4186 598 4247 litatem
644 4184 963 4241 auditorum
1003 4191 1393 4241 convertentes
1419 4223 1434 4249 ,
1463 4183 1784 4240 cavebimus
1810 4198 1879 4239 ne
1912 4184 1965 4237 in

386 4276 714 4332 scandalum
743 4278 912 4335 stulte
938 4277 1271 4333 incidamus.
1316 4275 1591 4346 Scriptum
1620 4283 1706 4330 est
1731 4275 1877 4330 enim
1910 4277 1966 4331 in

389 4368 534 4424 lihro
571 4367 920 4426 Psalmorum
948 4388 962 4426 :
997 4388 1015 4421 ι
1040 4368 1155 4424 Pax
1192 4369 1367 4423 multa
1399 4367 1758 4439 diligentibus
1792 4369 1963 4439 legem

372 4469 561 4528 tuam,
599 4471 653 4517 et
675 4477 783 4519 non
811 4469 898 4519 est
930 4461 1042 4517 illis
1070 4460 1392 4517 scandalum
1426 4461 1493 4515 ".
1529 4481 1549 4514 ι

2072 3269 2432 3341 ὑπερύψωσεν
2459 3271 2488 3323 ό
2514 3268 2728 3339 Πατὴρ,
2753 3265 3044 3339 ἐχαρίσατό
3065 3281 3126 3317 τε
3148 3262 3207 3316 τὸ
3233 3262 3405 3332 ὄνομα
3428 3260 3488 3313 τὸ
3513 3257 3656 3329 ὑπὲρ

2074 3365 2183 3417 πᾶν
2211 3363 2401 3433 ὄνομα.
2440 3360 2847 3430 Ἀναδέδειγμαι
2888 3357 2997 3429 γάρ
3028 3356 3135 3410 τῶν
3175 3354 3313 3408 ὅλων
3354 3352 3505 3416 Θεὸς,
3535 3348 3655 3403 ἀλλ’

2071 3455 2169 3525 οὐχ
2218 3452 2498 3523 ἁλώσομαι
2550 3450 2838 3522 βάσκανος,
2889 3448 3007 3502 οὐδὲ
3059 3446 3166 3500 τῶν
3212 3443 3471 3499 τοιούτων
3524 3442 3657 3511 ὑμῖν

2071 3544 2435 3616 διαφθονήσας
2481 3542 2725 3612 ἀγαθῶν.
2773 3539 3117 3611 Ἀνθρώπους
3162 3536 3272 3607 γάρ
3312 3534 3494 3598 ὄντας,
3533 3530 3657 3584 δού-

2071 3638 2169 3710 λην
2190 3654 2249 3690 τε
2276 3635 2366 3690 διὰ
2393 3635 2551 3689 τοῦτο
2575 3633 2835 3705 λαχόντας
2865 3631 2962 3703 τὴν
2986 3630 3168 3700 φύσιν,
3191 3628 3349 3691 θεοὺς
3377 3624 3471 3679 καὶ
3502 3622 3656 3685 υἱοὺς

2072 3728 2330 3794 ἀπέδειξα
2356 3727 2514 3791 Θεοῦ,
2543 3729 2655 3791 τοῖς
2690 3725 2832 3796 ὑπὲρ
2860 3724 3022 3795 φύσιν
3065 3720 3342 3791 ἀξιώμασι
3378 3732 3652 3785 καταφαι-

2069 3822 2268 3894 δρύνας
2296 3820 2385 3875 διά
2413 3820 2517 3890 τῆς
2551 3818 2777 3891 χάριτος
2800 3856 2816 3882 ,
2872 3815 3163 3877 κοινωνοὺς
3194 3813 3292 3882 τῆς
3320 3810 3460 3881 ἐμῆς
3497 3808 3653 3878 βασι-

2069 3915 2217 3979 λείας
2252 3912 2626 3985 εἰσεδεξάμην,
2660 3908 3016 3984 συμμόρφους
3048 3903 3306 3971 ἀπέδειξα
3335 3901 3412 3974 τῷ
3441 3898 3654 3969 σώματι

2068 4008 2169 4079 τῆς
2208 4006 2367 4077 δόξης
2402 4006 2503 4076 τῆς
2548 4004 2709 4075 ἐμῆς,
2746 3999 3026 4071 ἀφθαρσίᾳ
3068 3996 3337 4068 τετίμηκα
3379 3991 3475 4046 καὶ
3511 3987 3649 4059 ζωῇ.

2083 4104 2242 4159 Ἀλλά
2267 4104 2440 4158 ταῦτα
2470 4103 2569 4173 μὲν
2603 4102 2661 4155 ἐν
2706 4099 2907 4161 ἐλπίσι,
2939 4097 3037 4151 καὶ
3072 4095 3153 4158 είς
3196 4090 3370 4146 αἰῶνα
3403 4087 3654 4158 τηρεῖται

2067 4199 2158 4253 τὸν
2194 4196 2479 4267 μέλλοντα.
2517 4193 2584 4247 Τί
2616 4192 2673 4245 δὲ
2705 4191 2768 4262 δὴ
2811 4189 2908 4244 καὶ
2939 4189 3021 4251 εἰς
3044 4185 3103 4241 τὸ
3138 4185 3313 4255 παρόν
3336 4200 3353 4249 ;
3377 4176 3503 4249 Ἆρ’
3530 4177 3655 4247 οὐχὶ

2067 4284 2389 4356 λαμπροὺς,
2442 4281 2538 4335 καὶ
2587 4277 3011 4348 δεδοξασμένους
3064 4274 3363 4342 ἀπέφηνα;
3422 4267 3654 4329 σεπτοὺς

2066 4378 2124 4431 δὲ
2151 4376 2272 4447 οὐχὶ
2300 4372 2455 4446 παρὰ
2483 4373 2618 4427 πᾶσι
2643 4372 2757 4434 τοῖς·
2788 4366 3055 4439 φιλοθέοις
3080 4362 3428 4432 κατέστησα;
3456 4356 3656 4447 Καίτοι

2069 4473 2183 4534 τοῖς
2210 4467 2447 4530 ἀνοσίοις
2474 4463 2845 4534 ἐπετιμήσατε
2873 4454 3092 4528 δαίμοσι
3110 4472 3126 4488 ο
3156 4456 3336 4509 πᾶσαν
3359 4449 3533 4513 νόσον,
3556 4446 3658 4499 καὶ

3566 311 3678 372 376
3750 333 3753 335 ί

388 4550 570 4602 πᾶσαν
611 4550 903 4619 μαλακίαν,
935 4547 1212 4619 ἐπέτρεψα
1237 4545 1581 4619 θεραπεύειν.
1628 4550 2094 4631 Ἐπηγγειλάμην,
2119 4558 2321 4627 λέγων’
2359 4573 2376 4608 ι
2422 4552 2619 4625 Ἀμὴν,
2686 4550 2834 4621 ἀμὴν
2874 4548 3019 4618 λέγω
3063 4547 3223 4618 ὑμῖνο
3286 4545 3317 4598 ὁ
3381 4538 3657 4594 πιστεύων

390 4643 471 4706 εἰς
509 4640 629 4710 ἐμὲ,
656 4640 725 4694 τὰ
756 4640 894 4712 ἔργα
922 4639 959 4693 ἀ
989 4638 1100 4708 ἐγὼ
1130 4637 1292 4702 ποιῶ.
1320 4638 1569 4703 κάκεῖνος
1602 4642 1836 4711 ποιήσει,
1866 4647 1962 4699 καὶ
2002 4650 2227 4720 μείζονα
2252 4649 2456 4703 τούτων
2487 4647 2725 4716 ποιήσει.
2774 4664 2794 4697 ι
2826 4642 3014 4697 Ταῦτά
3040 4658 3159 4704 πως
3182 4642 3296 4703 τοῖς
3336 4637 3511 4706 ἁγίοις
3547 4652 3659 4705 μα-

391 4735 578 4804 θηταῖς
612 4729 909 4803 οἰησόμεθα
951 4730 1135 4799 λέγειν
1171 4730 1353 4792 αὐτὸν,
1389 4730 1479 4784 τὸν
1527 4730 1635 4784 τῶν
1676 4739 2052 4809 προκειμένων
2081 4742 2517 4814 ἀναματτόμενοι
2550 4737 2696 4794 νοῦν.
2755 4735 3043 4807 Παπαχοῦ
3071 4734 3129 4788 δὲ
3184 4735 3297 4797 τοῖς
3355 4730 3455 4801 τῆς
3521 4727 3663 4796 ἀλη..

390 4826 541 4889 θείας
593 4822 827 4899 δόγμασι
865 4822 965 4894 τὴν
1005 4821 1243 4877 διάνοιαν
1283 4820 1708 4889 ὑποζεύξαντες.
1762 4831 1857 4884 καὶ¹
1900 4835 1969 4888 τὰ
2009 4834 2465 4907 παρεμπίπτοντα
2489 4831 2598 4886 τῶν
2622 4827 3015 4899 θεωρημάτων,
3040 4826 3116 4888 ὡς
3145 4824 3246 4891 ἔνι,
3303 4819 3482 4882 καλῶς
3536 4819 3660 4878 ταῖς

387 4921 468 4983 εἰς
498 4915 780 4971 εὐσέϐειαν
810 4913 1026 4986 τέχναις
1065 4915 1144 4978 είς
1186 4917 1246 4967 τὸ
1294 4916 1405 4979 τοῖς
1431 4914 1804 4988 ἀκροωμένοις
1872 4924 2152 4990 λυσιτελὲς
2230 4924 2676 4997 περι-τρέποντες,
2743 4924 2805 4976 τὸ
2850 4920 2982 4991 γοῦν
3032 4916 3312 4984 σκανδάλῳ
3352 4911 3459 4965 τινὶ
3501 4927 3665 4981 περι,

388 5010 576 5071 πεσεῖν
630 5007 871 5077 ἀνοήτως
921 5004 1342 5077 διαφευξόμεθα.
1393 5007 1705 5080 Γέγραπται
1750 5013 1860 5086 γὰρ
1910 5018 1968 5070 ἐν
2007 5019 2177 5090 βίϐλῳ
2205 5017 2486 5089 Ψαλμῶν*
2560 5035 2579 5068 ι
2613 5015 2818 5087 Εἰρήνη
2864 5011 3033 5085 πολλή
3080 5013 3194 5075 τοῖς
3234 5005 3493 5078 ἀγαπῶσι
3565 5005 3663 5058 τὸν

389 5102 552 5173 νόμον
586 5118 706 5166 σου,
745 5100 839 5153 καὶ
866 5098 966 5153 οὐκ
995 5098 1143 5152 ἐστιν
1173 5097 1354 5162 αὐτοῖς
1378 5100 1694 5159 σκάνδαλον.
1734 5123 1753 5155 ι

461 5191 579 5256 XV,
639 5192 727 5247 11.
768 5190 895 5246 ch
940 5191 1149 5246 locutus
1202 5205 1321 5244 sum
1368 5192 1549 5259 vobis,
1604 5202 1660 5247 ut
1711 5197 1969 5266 gaudium

2154 5196 2347 5252 Ταῦτα
2373 5195 2683 5263 ,λελάληκα
2718 5192 2859 5263 ὑμῖν
2882 5234 2897 5259 ,
2951 5194 3054 5248 ἵνα
3082 5194 3120 5260 ἡ
3158 5193 3315 5267 χαρὰ
3345 5190 3382 5259 ἡ
3425 5188 3537 5258 ἐμὴ
3588 5188 3668 5241 ἐν

392 5299 567 5344 meum
597 5284 651 5339 in
686 5283 829 5338 vobis
859 5279 1044 5349 sit,"et
1077 5281 1335 5353 gaudium
1385 5297 1617 5340 vestrum
1659 5288 1966 5358 impleatur.

463 5373 634 5431 Facta
667 5376 795 5431 vitis
828 5377 1128 5444 mentione,
1177 5386 1231 5432 et
1280 5377 1523 5448 palmitis
1563 5379 1630 5433 ab
1663 5395 1726 5436 ea
1769 5384 1970 5448 avulsi,

393 5485 459 5532 ac
481 5468 631 5523 velut
659 5466 730 5522 ab
757 5467 901 5522 alma
928 5477 1106 5525 matre
1135 5469 1359 5535 resecti,
1393 5484 1457 5524 ac
1492 5471 1722 5540 proinde
1754 5474 1967 5531 inutilis

403 5564 567 5636 plan:
612 5558 803 5626 futuri,
844 5559 1088 5631 adeoque
1128 5561 1250 5631 igne
1295 5560 1677 5629 consumendi,
1725 5579 1832 5620 non
1870 5580 1971 5636 pa.

2076 5288 2221 5358 ὑμῖν
2250 5288 2454 5358 μείνῃ,
2484 5286 2584 5341 καὶ
2623 5286 2660 5354 ή
2693 5287 2853 5356 χαρὰ
2885 5284 3040 5355 ὑμῶν
3082 5280 3389 5352 πληρωθῇ.

2148 5380 2250 5433 Τὸν
2282 5378 2411 5449 περὶ
2458 5379 2559 5450 τῆς
2591 5364 2836 5451 ἀμπέλου
2875 5377 3033 5446 λόγον
3063 5377 3198 5447 ἡμῖν
3233 5367 3657 5442 είσκεκομικῶς,

2077 5469 2200 5525 εἷτα
2242 5471 2304 5525 τὸ
2341 5470 2745 5542 ἀποσπώμενον
2780 5469 2968 5541 κλῆμα
2989 5510 3005 5537 ,
3054 5468 3152 5522 καὶ
3197 5466 3363 5520 οἱονεὶ
3395 5464 3499 5534 τῆς
3529 5479 3661 5534 τρε-

2084 5562 2291 5634 φούσης
2334 5562 2468 5616 αὐτὸ
2503 5562 2718 5634 ’μητρὸς
2772 5561 3204 5634 διακεκομμένον
3228 5600 3242 5627 ,
3282 5560 3503 5631 ἀχρεῖον
3553 5556 3670 5627 μὲν

464 5740 507 5779 δ’
537 5739 694 5799 l’t‘ov.
725 5755 841 5806 vni,
865 5739 918 5797 9.
996 5739 1290 5812 l"Philipp.
1319 5756 1398 5808 ιιι,
1422 5739 1512 5795 ‘21.
1589 5741 1629 5774 "
1650 5739 1805 5797 Joan.
1837 5758 1945 5811 xw,
1988 5743 2046 5798 2.
2127 5744 2171 5775 ⁸³
2202 5740 2346 5797 Psal.
2374 5757 2566 5811 cxviu,
2618 5739 2739 5796 165.
