4042 6204
305 315 422 370 577

1302 308 1369 369 IN
1408 310 1695 370 JOANNIS
1726 310 2185 375 EVANGELIL‘M
2224 317 2354 376 LIB.
2381 318 2449 375 Χ.

3465 321 3579 377 τοτε

306 428 537 486 εσεσθαι
567 429 870 492 παντελῶς,
896 426 1030 500 πυρὶ
1057 426 1117 481 δὲ
1148 428 1349 500 χρῆναι
1376 429 1720 485 δαπανᾶσθαι
1743 432 1882 486 διδά‹

2002 450 2120 489 rum
2152 436 2223 490 ob
2252 435 2306 490 id
2339 434 2574 492 terroris
2608 433 2897 505 discipulis
2921 435 3178 491 incussit.
3217 435 3408 492 Solent
3429 441 3578 496 enim

304 522 450 588 ξας.
492 522 556 575 ού
605 528 807 593 μικράν
852 520 1138 591 ἐνεποίησε
1188 523 1303 583 τοῖς
1361 521 1629 593 μαθηταῖς
1667 523 1766 593 τὴν
1800 526 1894 578 ἐπὶ

188 648 201 660 .
305 614 490 687 τούτῳ
540 613 755 667 πτοίαν.
806 613 872 665 Δί
906 608 1037 684 ’γάρ
1082 612 1191 666 τῶν
1238 614 1529 668 ἀπευκτῶν
1575 616 1890 686 ἀκροάσεις,

306 708 410 760 καὶ
442 706 491 758 εί
519 707 593 776 μή
635 723 723 758 πω
769 705 1046 775 φαίνοιντο
1074 704 1317 775 παρόντα
1344 705 1530 775 τυχὸν,
1561 707 1623 759 οὐ
1655 708 1893 779 μετρίως

306 798 455 851 εἰσὶν
490 796 846 867 ἐκταράττειν
900 797 1087 850 ἱκαναὶ⁵
1111 836 1128 860 ,
1191 797 1407 867 μάλισθ’
1466 798 1596 851 ὅταν
1654 799 1891 854 ἐντίκτοι

305 888 454 942 τισὶν
486 886 580 941 τοῦ
629 887 949 958 συμϐαίνειν
992 886 1132 940 αύτά
1184 885 1445 939 δύνασθαι
1500 887 1601 958 τὴν
1653 888 1891 959 ὑποψίαν

306 976 419 1029 τῶν
451 976 727 1047 ἐσομένων
771 976 835 1030 τὸ
879 975 1095 1046 ἄδηλον.
1147 976 1412 1048 Καθάπερ
1460 977 1681 1048 ἀμέλει,
1734 980 1831 1032 καὶ
1861 980 1890 1031 ὁ

306 1068 472 1139 τήνδε
509 1067 722 1138 μέλλων
755 1067 1001 1121 διαπλεῖν
1031 1066 1128 1137 τὴν
1173 1065 1470 1130 θάλασσαν,
1499 1067 1572 1131 ὼς
1607 1068 1890 1140 ἐνδεχομέ-

310 1175 404 1211 νου
437 1160 534 1214 καὶ
574 1157 843 1230 χειμῶνος
892 1159 973 1220 είς
1024 1160 1219 1228 πεῖραν
1265 1158 1461 1221 ἐλθεῖν,
1505 1159 1599 1212 καὶ
1645 1160 1753 1230 μὴν
1796 1162 1890 1215 καὶ

307 1250 507 1321 ἀγρίου
550 1248 793 1319 κύματος
842 1247 936 1302 καὶ
974 1248 1286 1304 ἀτιθάσσων
1321 1248 1583 1319 κυμάτων
1632 1252 1891 1321 καταδρο.

311 1342 446 1411 μῆς,
478 1342 573 1395 καὶ
615 1342 665 1395 εί
711 1341 786 1411 μή
839 1358 928 1394 πω
980 1340 1225 1410 παρόντα
1268 1340 1583 1411 καταθεῷτο
1614 1342 1797 1413 τυχὸν,
1830 1343 1889 1396 ἐν

310 1433 507 1504 μόναις
548 1432 827 1504 φροντίσιν
876 1431 957 1485 ἔτι
1006 1431 1102 1485 καὶ
1146 1428 1306 1484 τοῦτο
1353 1431 1601 1504 ἀδήλως,
1651 1432 1728 1497 ὼς
1786 1433 1886 1504 ήδη

306 1524 559 1594 παρόντα
575 1522 766 1577 δέδιεν.
808 1521 1267 1593 Ύποφρίττοντας
1297 1522 1477 1577 τοίνυν
1507 1525 1636 1588 τοὺς
1658 1524 1889 1578 ἀποστό-

304 1613 459 1679 λους,
490 1614 588 1669 καὶ
621 1617 690 1686 τῇ
719 1614 830 1668 τῶν
861 1614 1055 1669 δεινῶν
1082 1615 1219 1687 ἀκοῇ
1260 1615 1402 1686 τάχα
1431 1632 1570 1683 πως,
1605 1617 1700 1671 καὶ
1728 1633 1889 1686 γεγο⁶

305 1706 470 1770 νότας
498 1705 771 1776 περιδεεῖς
794 1747 809 1770 ,
860 1708 953 1761 καὶ
997 1707 1135 1779 πρὸς
1181 1706 1280 1775 τήν
1310 1706 1419 1760 τῶν
1449 1706 1727 1778 ἐσομένων
1758 1707 1889 1761 ἀπο-

2000 525 2121 580 dira
2155 541 2410 597 quasque,
2445 528 2665 582 tametsi
2711 527 2954 582 nondum
3006 527 3212 592 adsint,
3254 529 3340 583 vel
3387 532 3579 586 auditu

1995 619 2118 672 solo
2150 620 2509 681 conturbare,
2558 619 2799 675 maxime
2855 634 2980 674 cum
3033 634 3218 673 rerum
3266 619 3578 676 futurarum

1996 710 2242 766 incertus
2288 720 2523 766 eventus
2572 710 2857 765 nonnullis
2892 711 3267 780 suspicionem
3303 712 3480 778 injicit
3515 728 3578 766 ea

1994 815 2157 870 posse
2186 802 2507 873 contingere
2537 820 2551 857 :
2597 818 2706 857 non
2742 817 2905 857 secus
2933 817 2997 856 ac
3028 803 3120 871 qui
3152 802 3257 857 hoc
3296 818 3447 856 mare
3475 814 3584 856 tra-

1992 892 2180 946 naturi
2216 902 2368 956 sunt,
2419 893 2579 962 quasi
2621 894 2948 963 contingere
2994 894 3173 962 possit
3214 900 3275 945 ut
3321 895 3581 961 procellis

1992 982 2256 1052 durisque
2287 985 2710 1053 tempestatibus
2738 984 3036 1050 jactentur,
3070 985 3197 1037 licet
3222 1000 3285 1038 ea
3332 1000 3581 1036 nmmum

1993 1074 2187 1130 adesse
2213 1074 2456 1139 videant,
2503 1091 2635 1130 cura
2667 1087 2847 1131 tamen
2880 1084 2934 1131 et
2980 1076 3277 1137 anxietate,
3324 1077 3444 1127 licet
3481 1078 3563 1128 ad-

1991 1166 2100 1220 huc
2145 1166 2356 1220 incerto
2408 1168 2599 1232 exitu,
2648 1168 2805 1237 quasi
2857 1168 3145 1236 praesentia
3193 1164 3571 1220 refoi‘tttitlatit.

1990 1255 2135 1310 Metu
2170 1236 2352 1327 itaque
2399 1265 2452 1312 et
2504 1236 2736 1313 horrore
2788 1256 3104 1311 futurorum
3143 1258 3412 1311 malorum
3452 1275 3574 1326 per-

1989 1346 2177 1403 culsos
2211 1349 2491 1417 apostolos
2521 1349 2587 1402 ad
2622 1349 2791 1402 animi
2837 1349 3097 1402 virtutem
3135 1348 3425 1402 commode
3457 1364 3577 1401 rur-

1988 1454 2086 1494 sus
2125 1441 2355 1506 excitat,
2408 1440 2664 1509 tristique
2711 1453 2971 1495 sermone
3018 1437 3239 1500 relicto,
3285 1438 3351 1491 de
3391 1439 3575 1493 laetitia

1988 1546 2109 1600 qua:
2135 1531 2435 1586 secundum
2477 1530 2642 1585 Deum
2676 1539 2760 1586 est
2790 1531 2859 1586 iis
2888 1528 3175 1584 disseruit.
3221 1527 3342 1582 Non
3390 1529 3534 1584 enim
3559 1569 3575 1589 ,

1988 1623 2186 1693 inquit,
2218 1638 2252 1676 ο
2283 1623 2389 1676 mei
2420 1623 2715 1691 discipuli,
2765 1623 2905 1676 hanc
2938 1624 3011 1674 ob
3044 1635 3273 1674 causam
3324 1635 3473 1674 nunc
3504 1623 3574 1675 ad

1987 1729 2090 1768 vos
2111 1727 2420 1767 sermonem
2445 1712 2631 1777 habui,
2664 1723 2723 1766 ut
2746 1712 3021 1766 imbellem
3048 1711 3106 1764 in
3141 1712 3302 1766 vobis
3328 1713 3576 1767 animum

306 1798 686 1868 ναρκήσαντες
708 1795 835 1870 [γρ.
862 1797 1395 1870 ἀποναρκήσαντας]
1426 1800 1645 1869 πεῖραν,
1672 1795 1882 1852 ἀνάνεοῖ

2005 1803 2227 1869 laciam,
2268 1800 2363 1858 aut
2392 1819 2488 1859 vos
2517 1805 2729 1858 incerto
2762 1809 2910 1858 metu
2951 1802 3424 1872 perterrefaciam,
3473 1821 3577 1861 nec

306 1888 598 1960 χρησίμως
642 1890 722 1952 είς
756 1886 970 1944 εὔτονον
1004 1888 1261 1959 φρόνημα
1285 1929 1301 1953 ,
1355 1890 1451 1942 καὶ
1505 1888 1748 1957 στυγνῶν
1785 1890 1889 1957 ἀφ-

306 1981 505 2051 έμενος
542 1980 738 2049 λόγων,
768 1981 898 2053 περὶ
926 1980 1027 2050 τῆς
1056 1980 1198 2034 κατά
1240 1979 1375 2032 Θεὸν
1402 1980 1588 2043 αὐτοῖς
1611 1979 1889 2047 διελέγετο

307 2070 602 2142 θυμηδίας.
632 2070 707 2124 Οὐ
746 2070 857 2141 γάρ
896 2086 998 2134 τοι,
1032 2069 1219 2140 φησὶν,
1246 2062 1292 2122 ὦ
1321 2068 1582 2140 ἡμέτεροι
1623 2068 1886 2139 μαθηταὶ,

306 2164 501 2218 τούτου
534 2182 600 2234 γε
629 2167 791 2219 ἕνεκα
836 2166 954 2218 νυνὶ
977 2164 1070 2217 τὸν
1109 2163 1248 2235 πρὸς
1280 2164 1427 2234 ὑμᾶς
1456 2163 1768 2235 πεποίημαι
1802 2163 1887 2218 λό-

306 2274 405 2325 γον
431 2295 448 2320 ,
503 2257 580 2320 ὡς
632 2256 896 2328 ἄνανδρον
949 2257 1047 2327 μὲν
1096 2257 1227 2327 ύμῖν
1275 2256 1575 2327 ἐμποιῆσαι
1607 2255 1883 2327 φρόνημα,

305 2349 480 2419 ήγουν
512 2349 599 2402 ἐπ’
626 2347 808 2417 ἀδήλῳ
835 2346 1077 2417 δείματι,
1109 2347 1204 2399 καὶ
1243 2346 1366 2417 οὐχὶ
1401 2346 1617 2411 πάντως
1640 2346 1888 2417 ἐσομένῳ

304 2439 468 2509 κακῷ
506 2438 1109 2511 προσκατακλωμένους
1148 2438 1313 2507 ὑμᾶς,
1346 2438 1442 2492 καὶ
1484 2437 1887 2508 ἀτολμοτάτους

301 2529 541 2600 ὁρᾶσθαι
570 2530 705 2601 πρὸς
733 2528 1074 2599 κατόρθωσιν
1104 2527 1325 2596 ἀγαθῶν
1345 2569 1361 2592 ,
1392 2526 1509 2582 ἀλλ’
1550 2528 1641 2583 ῐνα
1666 2528 1881 2593 τούτοις

304 2621 582 2692 συμϐαίνῃ
640 2620 710 2673 τά
761 2618 979 2673 ἐναντία
1004 2657 1020 2684 ,
1082 2620 1180 2673 καὶ
1228 2618 1496 2691 θυμηδίαν
1560 2619 1722 2690 ἔχητε
1788 2619 1886 2722 ἰὴν

302 2714 470 2785 ἐμὴν,
510 2715 685 2784 ήτοιή
729 2712 836 2783 ἐμὴ
873 2712 1019 2782 χαρά
1046 2715 1105 2765 ἐν
1130 2711 1263 2781 ὑμῖν
1294 2711 1476 2783 μείνῃ.
1509 2711 1620 2764 Καὶ
1645 2711 1699 2764 τί
1726 2711 1886 2767 τοῦτό

302 2804 451 2869 ἑστι,
483 2803 536 2857 τί
578 2804 635 2857 δὲ
680 2803 771 2857 διά
822 2802 1011 2857 τούτου
1061 2805 1202 2856 νοεῖν
1241 2803 1391 2873 ἡμᾶς
1420 2801 1598 2855 ἐθέλει
1628 2803 1884 2873 Χριστὸς,

302 2894 633 2966 πικρότερον
664 2890 817 2964 οἶμαι
847 2893 1249 2963 διασκέψασθαι
1287 2893 1420 2948 δεῖν.
1460 2892 1632 2964 Διχῶς
1665 2909 1887 2966 τοιγαρ-

303 2986 400 3042 οῦν
424 2986 669 3056 νοητέον.
704 2986 775 3039 ’Ἡ
799 2985 909 3057 γὰρ
932 2984 1123 3057 ὥσπερ
1147 2987 1205 3038 ἐν
1234 2984 1484 3056 λογισμῷ
1515 2985 1682 3057 μηδὲν
1706 2986 1885 3056 ἔχοντι

306 3079 588 3142 παντελῶς
630 3077 1054 3150 περιεργότερον
1096 3078 1216 3147 ἐρεῖ
1262 3092 1347 3139 τις
1403 3076 1606 3146 τυχὸν,
1644 3075 1732 3128 ἵνα
1782 3074 1881 3146 τὴν

305 3171 437 3243 περί⁵
490 3171 590 3241 ἐμὲ
637 3169 814 3241 χαράν
858 3168 1061 3239 ἔχητε,
1100 3168 1220 3238 ἦτοι
1265 3166 1367 3237 τὴν
1417 3167 1497 3229 είς
1547 3166 1670 3237 ἐμέ.
1725 3164 1882 3220 Οὕτω

301 3265 416 3335 γὰρ
448 3263 515 3317 ἂν
546 3263 641 3316 καὶ
686 3262 842 3316 αὐτοὶ
892 3261 991 3332 τὴν
1057 3260 1195 3313 ἰδίαν
1243 3256 1718 3328 ἀναπληρώσητε,
1773 3257 1883 3312 τῶν

302 3354 693 3427 ὑπερκοσμίων
735 3352 958 3421 ἀγαθῶν
1005 3351 1315 3412 ἐννοοῦντες
1347 3350 1446 3421 τὴν
1476 3348 1713 3421 ἀμοιϐὴν
1742 3389 1757 3412 ,
1788 3350 1885 3403 καὶ

298 3448 402 3517 τὴν
446 3446 718 3517 ἐσομένην
760 3446 876 3508 τοῖς
925 3443 1061 3513 παρ’
1120 3441 1278 3513 ὑμῶν
1328 3440 1546 3512 ἱδρῶσιν
1593 3440 1881 3507 ἀντίδοσιν,

297 3540 397 3594 καὶ
431 3538 533 3609 τῆς
563 3536 717 3607 παρὰ
744 3535 865 3605 Θεῷ
888 3534 1049 3604 δόξης
1076 3534 1140 3588 τὸ
1170 3533 1422 3605 μέγεθος.
1462 3534 1668 3601 Ἥγουν
1695 3532 1882 3603 ἔτερόν

295 3647 352 3683 τι
381 3627 718 3690 σκοποῦντες
741 3626 836 3680 καὶ
862 3624 1225 3695 λογιζόμενοι,
1250 3623 1388 3695 πρὸς
1415 3621 1721 3694 βαθυτέραν
1745 3622 1880 3677 ίέναι

297 3719 539 3791 θεωρίαν
570 3718 672 3773 ούκ
699 3719 1101 3790 ἀποκνήσομεν.
1153 3716 1369 3786 Χρῆναι
1420 3714 1530 3786 γάρ
1564 3712 1742 3787 οἶμαι,
1784 3716 1881 3771 καὶ

293 3812 420 3865 λίαν
452 3805 513 3864 εὖ
547 3810 693 3881 μάλα
725 3809 1037 3881 φιλοθηρεῖν
1083 3806 1325 3870 εὐσεϐῶς
1372 3806 1591 3878 ἀπάσης
1641 3807 1875 3879 θεωρίας

293 3905 389 3957 τὸν
424 3904 649 3957 σκοπόν.
680 3902 746 3954 Τί
781 3897 876 3956 οὖν
903 3902 1013 3972 ἄρα
1037 3900 1190 3970 δηλοῖ
1224 3898 1311 3962 τό,
1347 3917 1365 3951 ι
1406 3900 1589 3970 ἰναή
1638 3900 1786 3972 χαρὰ
1844 3904 1877 3974 ή

295 3996 408 4066 ἐμὴ
531 3998 590 4049 ἐν
632 3995 788 4065 ὑμῖνο
836 4011 861 4057 ι
905 3992 1071 4063 me,
1121 3992 1205 4045 ὅτι
1247 3993 1439 4059 γέγονε
1493 3990 1613 4044 καθ’
1660 3993 1809 4062 ἡμᾶς
1850 3996 1879 4047 ὁ

294 4085 628 4157 Μονογενὴς,
658 4084 808 4154 τοῦτ’
842 4084 1008 4149 ἔστιν,
1039 4081 1323 4154 ἄνθρωπος
1354 4081 1479 4152 δίχα
1504 4083 1671 4153 μόνης
1701 4084 1880 4155 ἀμαρ-

294 4179 438 4241 τίκς,
476 4179 654 4232 πάντα
696 4174 970 4247 κεκρικὼς
1014 4174 1310 4244 ὑπομεῖναι
1359 4175 1455 4227 καὶ
1513 4173 1701 4227 παθεῖν
1733 4176 1877 4229 ὅσων

296 4270 508 4335 ἢγαγεν
542 4268 623 4330 είς
668 4270 860 4339 πεῖραν
890 4265 1052 4320 αὑτὸν
1083 4267 1118 4333 ἡ
1151 4265 1429 4334 ἐπάρατος
1452 4264 1560 4318 τῶν
1608 4264 1877 4319 Ἰουδαίων

298 4358 566 4421 ἀπόνοια;
598 4359 920 4429 Εύρήσομεν
951 4356 1061 4426 γάρ
1092 4354 1420 4426 ὑϐρισθέντα
1452 4373 1513 4408 τε
1544 4356 1639 4410 καὶ
1678 4357 1872 4411 διωκό-

1991 1896 2151 1964 plane
2194 1903 2252 1948 ιιι
2275 1893 2363 1953 ob,
2380 1901 2709 1948 eventurum
2740 1891 2943 1946 malum
2983 1890 3141 1944 fracti
3191 1899 3245 1947 et
3285 1907 3481 1962 segnes
3505 1893 3577 1948 ad

1990 1986 2129 2041 bene
2162 1985 2433 2055 agendum
2485 1985 2630 2051 sitis,
2684 1984 2779 2039 sed
2843 1994 2902 2038 ut
2946 1983 3032 2038 his
3088 1984 3363 2037 contraria
3417 1984 3574 2039 vobis

1989 2075 2268 2140 eveniant,
2309 2087 2364 2130 et
2408 2074 2671 2144 gaudium
2711 2088 2892 2128 meum
2924 2072 3197 2137 habeatis,
3234 2072 3337 2127 hoc
3369 2082 3475 2135 est,
3515 2080 3574 2126 ut

1987 2166 2244 2237 gaudium
2286 2180 2467 2220 meum
2506 2166 2560 2219 in
2607 2164 2760 2220 vobis
2791 2172 3028 2219 maneat.
3064 2162 3206 2229 Quid
3241 2179 3409 2234 porro
3441 2164 3573 2219 illud

1991 2258 2159 2329 885
2193 2259 2286 2321 sit,
2325 2267 2418 2312 aut
2440 2258 2575 2327 quid
2607 2256 2692 2311 his
2728 2258 2915 2312 verbis
2951 2257 3261 2326 intelligere
3288 2273 3389 2311 nos
3413 2256 3574 2311 Chri-

1987 2357 2107 2402 stus
2138 2347 2287 2412 velit,
2319 2346 2577 2401 subtilius
2614 2344 2773 2400 nobis
2812 2342 3276 2398 considerandum
3304 2343 3572 2398 arbitror.

1986 2439 2178 2508 Itaque
2228 2438 2522 2507 dupliciter
2601 2444 2687 2492 est
2750 2436 3186 2506 intelligendum.
3260 2436 3370 2489 Aut
3420 2436 3573 2489 enim

1982 2529 2309 2600 simpliciter
2344 2528 2449 2582 hoc
2476 2525 2644 2580 modo
2666 2526 2793 2596 quis
2828 2525 3323 2596 interpretabitur:
3358 2536 3414 2579 ut
3437 2541 3572 2597 gau-

1986 2622 2135 2676 dium
2179 2635 2307 2689 erga
2337 2635 2423 2675 me
2457 2620 2729 2681 habeatis.
2781 2618 2867 2673 vel
2919 2619 2973 2673 in
3031 2634 3136 2673 me.
3191 2616 3284 2674 Sic
3316 2619 3463 2673 enim
3514 2626 3572 2674 et

1986 2712 2090 2782 ipsi
2130 2718 2374 2765 vestrum
2427 2708 2764 2779 implebitis,
2821 2707 3224 2778 perpendentes
3270 2709 3417 2778 apud
3472 2723 3571 2764 vos

1986 2804 2291 2860 cmlestium
2351 2802 2622 2857 bonorum
2676 2800 3139 2863 retributionem,
3197 2806 3251 2853 et
3319 2798 3571 2853 futuram

1984 2897 2186 2953 vestris
2218 2895 2506 2950 laboribus
2545 2891 3086 2962 compensationem,
3130 2898 3184 2944 et
3220 2890 3409 2960 gloriae
3445 2905 3574 2959 qua:

1989 2987 2133 3057 apud
2165 2985 2334 3041 Deum
2362 2991 2447 3040 est
2482 2982 2942 3052 magnitudinem.
2983 2981 3093 3034 Aut
3132 2978 3284 3034 aliud
3304 2978 3569 3049 quiddam

1987 3075 2383 3147 excogitantes,
2409 3072 2477 3127 ad
2511 3072 2762 3126 altiorem
2790 3070 3425 3140 contemplationcmire
3455 3083 3569 3123 non

1987 3166 2362 3240 gravabimur.
2397 3163 2669 3219 Existimo
2698 3163 2844 3217 enim
2890 3162 2982 3230 pie
3026 3160 3299 3230 imprimis
3346 3159 3569 3214 int-esti-

1984 3258 2229 3328 gandum
2286 3271 2411 3311 esse
2487 3254 2661 3308 totius
2736 3251 3232 3321 contemplationis
3313 3266 3564 3321 scoputn.

1984 3349 2128 3415 Quid
2175 3363 2309 3418 ergo
2370 3346 2652 3416 significat
2686 3343 2846 3406 illud.
2901 3362 2920 3395 ε
2974 3352 3033 3396 ιιι
3076 3341 3339 3413 gaudium
3383 3358 3566 3397 meum

1983 3441 2055 3496 sit
2079 3441 2135 3494 in
2169 3439 2350 3501 vobis,
2394 3455 2413 3487 ι
2451 3436 2559 3490 nisi
2589 3435 2739 3505 quod
2773 3436 2957 3489 lactus
2990 3434 3065 3488 sit
3099 3434 3266 3488 sicuti
3299 3446 3402 3486 nos
3431 3430 3560 3486 Uni-

1981 3533 2227 3603 genitus,
2258 3530 2311 3584 id
2352 3510 2453 3584 est.
2474 3528 2665 3591 homo,
2702 3528 2917 3597 absque
2945 3532 3194 3595 peccato,
3213 3539 3340 3578 cum
3372 3523 3567 3578 volun-

1986 3631 2094 3677 tate
2122 3636 2187 3676 ac
2227 3619 2515 3691 proposito
2545 3634 2609 3674 ea
2648 3615 2922 3688 patiendi,
2966 3628 3311 3684 qumcunque
3340 3610 3562 3667 Judan-

1981 3728 2103 3767 rnm
2134 3710 2495 3767 exsecrabilis
2527 3708 2887 3778 intemperies
2942 3706 3127 3775 ipsum
3173 3704 3411 3774 experiri
3469 3718 3563 3758 co-

1980 3804 2127 3875 egit?
2153 3802 2503 3859 Inveniemus
2532 3802 2680 3857 enim
2711 3816 2835 3854 eum
2872 3798 3096 3867 injuriis
3124 3812 3189 3851 ac
3220 3798 3562 3865 persecutio-

1983 3897 2146 3950 nibus
2167 3895 2418 3965 petitum,
2445 3892 2780 3962 probrisque
2802 3889 3019 3943 acerbis
3048 3889 3352 3957 pulsatum,
3384 3888 3561 3956 sputis

1936 3981 1943 3987 ’
1982 3988 2352 4056 inquinatum,
2401 3982 2650 4053 colaphis
2701 3981 2892 4045 ictum,
2939 3979 3267 4035 verberibus
3314 3993 3560 4042 caesum,

1980 4077 2314 4146 tandemque
2339 4074 2495 4130 cruci
2530 4081 2754 4143 propter
2778 4087 2879 4126 nos
2910 4078 2964 4125 et.
2999 4085 3097 4140 pro
3128 4069 3291 4126 nobis
3314 4069 3556 4124 allixum.

1980 4171 2193 4237 Quibus
2226 4169 2395 4223 tantis
2442 4182 2507 4222 ac
2546 4176 2657 4220 tam
2693 4164 2966 4235 gravibus
3012 4164 3174 4218 malis
3222 4163 3274 4217 in
3309 4162 3557 4217 dolorem

1980 4276 2328 4332 nequaquam
2367 4258 2642 4313 abductus
2691 4264 2799 4316 est,
2838 4270 3020 4324 neque
3073 4254 3352 4324 passionis
3400 4253 3558 4319 igno-

1979 4355 2207 4409 miniam
2243 4334 2521 4423 quatenus
2569 4348 3007 4420 dispensationis
3060 4361 3195 4416 ergo
3244 4345 3559 4416 patiebatur

302 4471 467 4524 μενον
492 4456 588 4509 καὶ
617 4459 834 4526 πικροῖς
865 4455 1097 4508 ὀνείδεσι
1120 4451 1639 4522 διακεκρουσμένον,
1667 4451 1875 4519 ἐμπτυ-

1984 4445 2292 4508 exhorruit.
2344 4444 2441 4500 sed
2486 4442 2677 4498 laetitia
2728 4442 2836 4497 sibi
2884 4439 3239 4495 convenienti
3271 4445 3327 4493 et
3354 4438 3557 4507 gaudio

299 4545 500 4600 σθέντα
535 4563 597 4599 τε
642 4548 739 4601 καὶ
784 4545 1120 4618 ῥαπισθέντα
1145 4586 1159 4611 ,
1198 4544 1421 4615 καὶτῆς
1450 4541 1541 4594 διὰ
1593 4539 1875 4612 μαστίγων

295 4636 485 4700 αἰκίας
522 4637 622 4690 οὐκ
657 4639 1036 4710 ἀμοιρήσαντα
1061 4680 1077 4705 ,
1125 4638 1221 4693 καὶ⁸
1264 4638 1578 4692 τελευταῖον
1619 4636 1713 4688 ἐπὶ
1754 4632 1887 4687 τού-.

292 4745 414 4790 τοις
441 4728 520 4799 τῷ
565 4729 632 4782 δι’
672 4731 856 4800 ἡμᾶς,
908 4730 1005 4783 καὶ
1051 4730 1192 4800 ύπὲρ
1237 4729 1395 4799 ήμῶν
1450 4725 1878 4799 προσηλωθέντα

293 4818 539 4890 σταυρῷ.
581 4820 705 4873 Ἐπὶ
749 4819 807 4873 δέ
850 4819 1065 4884 τούτοις
1106 4819 1281 4873 ἆπασι
1323 4821 1436 4883 τοῖς
1467 4818 1609 4872 οὕτω
1661 4819 1875 4880 δεινοῖς,

197 4940 203 4945 ~
289 4910 357 4962 οὐ
400 4909 758 4981 κατεσπάσθη
791 4910 929 4980 πρὸς
970 4909 1178 4981 λύπην,
1212 4909 1354 4979 πλὴν
1395 4910 1519 4962 ὅσον
1547 4907 1642 4962 τοῦ
1680 4907 1877 4961 παθεῖν

290 5002 663 5072 οῖκονομικῶς
697 5002 759 5054 οὐ
809 5001 1109 5072 κατέφριξε
1143 5000 1241 5071 τὴν
1292 5000 1510 5065 ἀδοξίαν
1535 5039 1550 5066 ,
1604 5000 1741 5055 ἀλλά
1777 5001 1878 5072 τῆς

289 5093 619 5163 πρεπούσης
646 5092 914 5163 θυμηδίας
938 5092 1111 5162 αὐτῷ,
1141 5093 1235 5145 καὶ
1268 5092 1445 5164 χαρᾶς
1471 5091 1756 5153 ἀνάπλεως
1781 5086 1871 5161 ἦν,

289 5184 534 5257 ἐπείπερ
557 5185 822 5239 ἐθεάσατο
847 5184 947 5256 τὴν
972 5184 1082 5237 τῶν
1110 5183 1437 5254 σωζομένων
1468 5182 1704 5255 πληθὺν,
1735 5182 1876 5253 πλη-

291 5277 562 5350 ρούμενόν
592 5295 654 5331 τε
696 5277 755 5331 τὸ
790 5276 1002 5348 θέλημα
1032 5276 1126 5329 τοῦ
1164 5276 1301 5330 Θεοῦ
1349 5277 1446 5330 καὶ
1492 5275 1726 5345 Πατρός.
1769 5275 1872 5330 Διὰ

289 5370 456 5425 τοῦτο
477 5370 656 5440 χαράν
685 5371 930 5424 ἐποιεῖτο
957 5369 1058 5439 τὴν
1085 5370 1333 5440 ἀτιμίαν,
1361 5371 1574 5441 τρυφὴν
1597 5369 1875 5439 ἐλογίζετο

294 5463 425 5525 τοὺς
450 5462 670 5525 πόνους.
710 5462 905 5515 Καίτοι
930 5463 1039 5532 γὰρ
1070 5460 1315 5527 πολλῶν,
1347 5462 1442 5517 καὶ
1474 5462 1872 5533 ἀπηχεστάτων

294 5553 419 5604 κατ’
459 5549 628 5605 αὐτοῦ
668 5549 1073 5622 τολμωμένων,
1124 5553 1514 5627 γεγραμμένον
1540 5553 1870 5625 εὑρήσομεν,

374 5722 419 5754 ⁸³
439 5722 631 5781 Matth.
660 5742 738 5799 xl,
764 5727 856 5795 25,
884 5725 973 5782 ‘26.

1977 4537 2174 4607 plenus
2211 4544 2348 4595 erat,
2392 4531 2844 4602 quandoquidem
2877 4529 3269 4586 salvandorum
3302 4527 3557 4581 multitu-

1976 4630 2163 4685 dinetu
2192 4626 2434 4690 videbat,
2476 4624 2687 4694 Deique
2715 4638 2779 4677 ac
2810 4622 2990 4677 Patris
3016 4623 3356 4676 voluntatem
3387 4619 3557 4673 adim-

1976 4721 2153 4793 pleri;
2194 4720 2427 4789 ideoque
2478 4718 2663 4787 gaudii
2719 4717 2838 4770 loco
2892 4714 3129 4769 habebat
3168 4712 3551 4783 ignominiam,

1978 4812 2198 4867 labores
2228 4811 2517 4881 reputabat
2566 4808 2815 4863 delicias.
2867 4805 3134 4872 Quamvis
3183 4806 3328 4861 enim
3385 4804 3557 4858 multa

1977 4918 2154 4974 eaque
2185 4901 2573 4957 crudelissima
2616 4898 2672 4953 in
2726 4914 2850 4953 eum
2893 4904 3375 4968 perpetrarentur,
3417 4894 3557 4948 scri-

1979 5007 2131 5066 ptum
2173 5005 2357 5049 tamen
2413 4991 2759 5048 inveniemus
2818 4988 3010 5045 Jesum
3060 4996 3192 5042 tunc
3244 4985 3556 5041 exsultasse

1981 5086 2214 5158 Spiritu,
2246 5094 2301 5141 et
2328 5084 2535 5141 dixisse
2560 5101 2573 5138 :
2605 5102 2624 5135 ι
2651 5081 2930 5138 Conﬁteor
2962 5080 3087 5143 tibi,
3112 5078 3297 5141 Pater,
3327 5076 3556 5130 Domine

1977 5181 2100 5234 cceli
2140 5194 2205 5234 ac
2240 5186 2419 5241 terrae,
2448 5175 2580 5246 quia
2615 5172 2969 5229 abscondisti
3001 5173 3115 5224 haec
3146 5185 3176 5223 a
3210 5166 3554 5239 sapientibus

1975 5280 2030 5327 et
2063 5269 2448 5341 prudentibus,
2478 5277 2533 5323 et
2567 5266 2823 5323 revelasti
2848 5279 2913 5320 ea
2941 5262 3208 5333 parvulis.
3241 5261 3339 5325 ιτα,
3369 5259 3552 5325 Pater,

1978 5363 2240 5434 quoniam
2276 5361 2363 5416 sic
2411 5360 2512 5415 luit
2551 5360 2813 5431 placitum
2870 5365 2995 5410 ante
3025 5364 3081 5410 te
3112 5355 3210 5410 ".9
3256 5352 3434 5409 Audis
3468 5363 3547 5416 ut,

1978 5471 2106 5513 cum
2136 5455 2350 5511 videret
2396 5452 2466 5507 ad
2513 5451 2842 5523 sapientiam
2885 5449 3097 5505 erudiri
3150 5463 3247 5506 eos
3289 5447 3384 5518 qui
3418 5462 3550 5517 par-

1980 5549 2094 5606 vuli
2120 5548 2251 5606 olim
2279 5557 2336 5606 et
2361 5546 2518 5604 stulti
2544 5552 2723 5614 erant,
2749 5545 2985 5618 gaudeat
3009 5545 3256 5617 quidem,
3282 5552 3337 5601 et
3362 5538 3549 5598 exsul-
