4042 6204
441 269 549 328 579

1436 269 1494 326 S.
1536 267 1811 326 CYRILLI
1848 264 2314 322 ALEXANDR‘INI
2348 270 2666 326 ARCHIEP:

3590 270 3686 328 380

442 394 523 442 tet
549 399 650 458 per
682 381 974 456 Spiritum,
1003 390 1058 439 et
1101 383 1314 454 gratias
1349 381 1759 454 quodammodo
1787 395 1888 450 pro
1920 396 2022 436 uo-

2125 378 2204 431 ὅτι
2230 381 2350 434 τότε
2384 383 2412 434 ὁ
2458 382 2664 452 Ἰησοῦς
2706 381 3082 450 ἠγαλλιάσατο
3129 381 3208 453 τῷ
3254 383 3553 454 Πνεύματι,
3597 388 3687 439 καὶ

443 479 530 538 bis
553 487 674 550 agat
709 477 956 534 servanti
985 474 1176 531 Patri?
1209 475 1352 543 Quin
1383 484 1438 532 et
1479 492 1603 530 cum
1639 475 2018 529 Samaritano-

444 583 564 623 rum
595 567 873 638 regionem
906 576 1222 638 peragrarat
1244 607 1259 630 ,
1295 582 1360 622 ac
1393 563 1470 622 de‘
1499 567 1584 620 via
1633 567 1816 622 lassus
1849 572 2017 630 esset,

443 666 505 713 ut
532 657 799 727 scriptum
827 667 912 712 est
933 657 1000 721 “,
1027 657 1093 711 ad
1130 664 1350 728 puteum
1374 655 1545 711 Jacob
1574 654 1748 721 sedit;
1781 667 2016 722 cumque

443 749 768 803 muliercula
798 749 849 802 ei
883 749 1179 804 obtulisset
1226 749 1371 803 unde
1419 762 1622 818 aquam-
1655 745 1921 811 hauriret,
1962 750 2020 799 et

443 841 707 894 salutaria
733 840 782 894 ei
833 840 1052 894 locutus
1083 849 1191 903 est,
1221 847 1276 894 et
1322 839 1795 893 Samaritanorum
1825 835 2019 889 multi-

443 932 632 986 tudine
658 939 998 1001 exspectata,
1025 931 1340 987 necessario
1379 946 1598 1002 quoque
1627 930 1751 984 cibo
1781 944 1840 984 se
1870 927 2017 982 frau-

444 1022 616 1076 davit.
669 1020 810 1087 Quid
861 1023 1006 1076 enim
1058 1021 1126 1075 ad
1178 1022 1484 1090 discipulos
1530 1034 1662 1075 suos
1718 1018 1878 1082 dixit,
1921 1017 2017 1086 qui

445 1121 507 1169 ut
545 1114 669 1168 cibo
699 1130 900 1184 corpus
938 1115 1190 1169 reticeret
1220 1130 1344 1170 eum
1375 1113 1778 1168 hortabantur?
1816 1129 1834 1162 ι
1869 1109 2019 1165 Meus

445 1206 605 1260 cibus
638 1213 724 1261 est
752 1214 811 1258 ut
854 1206 1052 1260 faciam
1083 1207 1423 1260 voluntatem
1469 1206 1638 1276 886
1677 1204 1857 1258 Patris
1890 1203 2017 1268 mei,

445 1309 498 1352 et
527 1297 808 1366 perﬁciam
841 1298 966 1368 ejus
995 1314 1135 1368 Opus
1169 1299 1236 1351 ⁸⁵.
1273 1317 1290 1349 ι
1327 1297 1520 1352 Nonne
1565 1298 1730 1366 igitur
1763 1295 1846 1350 vel
1890 1294 2021 1348 hinc

446 1389 661 1460 patebit
688 1389 918 1446 delicias
939 1392 992 1446 ei
1016 1399 1070 1445 et
1100 1391 1357 1462 gaudium
1389 1389 1584 1455 fuisse,
1613 1388 1795 1443 Patris
1824 1389 2022 1443 volun-

443 1487 615 1535 tatem
669 1481 990 1552 adimplere,
1041 1483 1144 1539 hoc
1187 1490 1294 1547 est,
1344 1498 1441 1538 eos
1490 1483 1585 1552 qui
1626 1484 1900 1553 perierant
1951 1479 2018 1534 ad

446 1573 681 1628 salutem
719 1574 1021 1630 revocare?
1053 1574 1289 1629 Dubium
1323 1575 1374 1628 id
1411 1582 1561 1629 certe
1607 1589 1716 1627 non
1744 1581 1848 1628 est.
1894 1569 2030 1626 Haec

445 1663 614 1733 igitur
642 1666 851 1730 omnia,
907 1667 1108 1736 inquit,
1144 1667 1363 1722 locutus
1409 1681 1530 1720 sum
1564 1666 1742 1728 vobis,
1795 1674 1852 1718 ut
1883 1678 2012 1734 gau-

444 1755 594 1810 dium
628 1772 816 1812 meum-
842 1758 914 1813 sit
936 1758 990 1811 in
1014 1757 1191 1822 vobis,
1217 1757 1272 1812 id
1303 1765 1409 1822 est,
1443 1766 1503 1810 ut
1530 1757 1600 1811 ob
1627 1757 1720 1809 illa
1751 1755 2018 1809 duntaxat

446 1847 619 1902 laetari
658 1850 858 1915 velitis,
889 1851 1091 1919 quibus
1124 1850 1338 1921 gaudeo
1368 1864 1496 1918 ego,
1531 1857 1588 1902 ut
1614 1848 1680 1902 ad
1716 1846 2025 1901 certamina-

447 1937 620 1992 l‘ortes
659 1938 995 2004 emciamini,
1041 1949 1093 1995 et
1135 1956 1231 2011 spe
1281 1941 1676 1996 salvandorum
1731 1938 2018 1992 hominum

444 2034 756 2103 praecincti.
798 2035 926 2091 licet
958 2035 1165 2105 aliquid
1209 2036 1420 2090 idcirco
1451 2035 1561 2105 pati
1603 2033 1908 2102 contingat,
1953 2045 2032 2084 ne

444 2124 686 2179 animum
717 2126 1017 2195 dejiciatis,
1050 2141 1239 2181 verum
1272 2133 1429 2180 tanto
1481 2132 1614 2179 tunc
1663 2123 1837 2194 magis
1883 2136 2021 2193 gau-

444 2217 644 2284 deatis,
697 2217 827 2289 quia
860 2234 957 2288 per
985 2233 1085 2274 vos
1132 2218 1394 2288 impletur
1442 2217 1700 2271 voluntas
1751 2215 1872 2286 ejus
1926 2212 2021 2284 qui

443 2308 564 2363 vult
596 2323 789 2364 omnes
821 2309 1072 2366 homines
1106 2311 1291 2365 salvos
1321 2309 1462 2374 ﬂeri,
1494 2316 1548 2363 et
1578 2309 1648 2361 ad
1684 2306 2021 2378 agnitionem

442 2400 696 2456 veritatis
728 2401 916 2457 venire
945 2403 1014 2458 ".
1036 2401 1277 2458 Gavisus
1305 2402 1452 2458 enim
1487 2415 1614 2458 sum
1649 2401 1720 2455 ob
1754 2399 1872 2454 haec
1895 2412 2019 2468 ego,

442 2496 500 2544 et
547 2489 713 2560 longe
746 2491 1114 2547 suavissimos
1150 2490 1375 2545 labores
1432 2487 1589 2556 duxi.
1654 2486 1792 2541 Cum
1867 2496 2021 2553 ergo,

444 2580 645 2650 inquit,
671 2580 930 2650 gaudium
961 2582 1168 2638 habere
1198 2581 1513 2643 volueritis,
1544 2577 1692 2649 quod
1723 2576 1853 2630 mihi
1886 2590 2020 2629 con-

442 2673 631 2728 venire
681 2673 894 2742 putavi,
949 2683 1079 2728 tunc
1131 2673 1435 2743 perfectum
1499 2673 1633 2727 illud
1686 2686 1751 2725 ac
1785 2669 2019 2725 solidum

443 2763 585 2818 estis
617 2764 883 2820 habituri.
924 2764 1233 2820 Perfectum
1267 2765 1413 2819 enim
1457 2772 1607 2818 certe
1645 2772 1700 2817 et
1727 2761 2020 2817 abundan-

445 2852 722 2906 tissimum
773 2869 901 2908 esse
962 2855 1227 2925 gaudium
1285 2854 1418 2908 illud
1471 2864 1725 2932 putamus
1767 2853 1914 2924 quod
1965 2854 2021 2908 in

447 2941 562 2997 Deo
594 2949 699 3006 est,
735 2952 790 2999 et
832 2951 1057 3015 propter
1104 2944 1297 3009 Deum,
1333 2955 1388 3001 et
1420 2947 1488 3001 de
1528 2946 1691 3001 bonis
1735 2945 2018 3016 Operibus,

2125 468 2278 526 εἶπεν
2303 490 2315 504 ·
2355 493 2372 525 ι
2431 473 2892 545 Ἐξομολογοῦμαί
2941 492 3063 538 σοι,
3112 475 3293 545 Πάτερ
3319 515 3332 537 ,
3383 476 3555 546 Κύριε
3596 477 3690 530 τοῦ

2120 564 2351 634 ούρανοῦ
2402 566 2496 618 καὶ
2535 565 2638 634 τῆς
2674 566 2812 635 γῆς,
2860 566 2940 619 ὅτι
2986 565 3311 637 ἀπέκρυψας
3356 567 3542 620 ταῦτα’
3584 568 3692 620 ἀπὸ

2126 657 2306 726 σοφῶν
2338 658 2430 709 καὶ
2475 658 2731 720 συνετῶν,
2761 658 2854 710 καὶ
2889 657 3242 726 ἀπεκάλυψας
3271 657 3408 711 αύτά
3453 659 3686 728 νηπίοις.

2120 748 2248 811 Ναὶ,
2277 750 2304 801 ό
2325 749 2536 820 Πατὴρ,
2566 751 2646 802 ὅτι
2677 747 2849 813 οὕτως
2876 749 3094 802 εὐδοκία
3131 749 3346 818 ἐγένετο
3382 750 3690 822 ἔμπροσθέν

2121 855 2236 891 σου.
2276 857 2294 888 ι
2340 839 2582 901 Ἀκούεις
2609 880 2622 900 ,
2675 841 2758 893 ὅτι
2812 839 3042 910 ἐπείπερ
3090 839 3280 893 ἐθεᾶτο
3324 841 3691 911 σοφουμένους

2117 929 2242 993 τοὺς
2268 929 2495 1000 νηπίους
2547 948 2608 984 τε
2655 932 2814 995 ὄντας
2866 932 2962 984 καὶ
3009 933 3270 1001 ἀνοήτους
3317 934 3466 994 ποτέ,
3507 933 3690 1004 χαίρει

2121 1022 2220 1091 μὲν
2267 1023 2358 1075 καὶ
2399 1023 2723 1092 ἀγαλλιᾶται
2761 1024 2849 1077 διὰ
2901 1024 2994 1078 τοῦ
3042 1024 3393 1095 Πνεύματος,
3439 1025 3598 1096 χάριν
3625 1025 3704 1079 δές

2119 1113 2308 1184 ὥσπερ
2336 1115 2476 1185 ὑπὲρ
2513 1115 2668 1185 ἡμῶν
2707 1117 2951 1169 ἀνατιθεῖ
2985 1115 3064 1186 τῷ
3110 1116 3430 1182 διασώζοντι
3475 1119 3648 1188 Πατρί
3669 1135 3684 1180 ;

2132 1205 2306 1258 Ἀλλά
2335 1208 2430 1259 καὶ
2476 1207 2561 1260 ὅτε
2604 1207 2701 1278 τὴν
2747 1207 2858 1260 τῶν
2903 1207 3256 1280 Σαμαρειτῶν
3284 1207 3448 1260 διέθει
3479 1206 3683 1277 χώραν,

2119 1298 2366 1368 κέκμηκε
2419 1299 2478 1351 δέ
2530 1301 2595 1352 ἐκ
2641 1301 2740 1369 τῆς
2769 1299 3110 1370 ὁδοιπορίας,
3161 1299 3307 1352 καθά
3355 1300 3684 1368 γέγραπται,

2119 1389 2410 1454 ἐκαθέζετο
2447 1392 2541 1444 ἐπὶ
2585 1393 2651 1462 τῇ
2687 1394 2838 1462 πηγῇ
2881 1391 2974 1444 τοῦ
3033 1390 3247 1444 Ἰακώϐ.
3291 1389 3508 1461 Ἐπειδὴ
3547 1389 3602 1442 δέ
3631 1391 3691 1441 τὸ

2119 1481 2338 1548 γύναιον
2396 1481 2546 1552 αὐτῷ
2625 1482 2988 1552 προσεκόμιζε
3063 1481 3162 1552 τὴν
3219 1480 3312 1534 τοῦ
3382 1479 3691 1551 ἀρύσασθαι

2119 1571 2330 1643 χρείαν,
2355 1572 2814 1643 προσελάλησέτε
2851 1572 3004 1644 αὐτῷ
3028 1572 3098 1625 τὰ
3125 1573 3335 1635 εἰκότα,
3373 1570 3467 1623 καὶ
3511 1572 3696 1640 Σαμα-

2125 1658 2317 1729 ρειτῶν
2345 1658 2502 1728 ὃχλον
2529 1659 2729 1729 ἦξοντα
2768 1659 3136 1730 προσεδόκησε
3169 1659 3264 1712 καὶ
3293 1659 3499 1730 τροφῆς
3526 1659 3694 1724 ἀναγ-

2051 1721 2098 1777 B
2123 1721 2286 1814 καίας
2315 1721 2595 1821 ἀλογήσας
2641 1721 2910 1818 φαίνεται.
2961 1750 3026 1802 Τί
3059 1721 3178 1820 ’γὰρ
3223 1721 3341 1819 ἔφη’
3567 1721 3706 1811 τούς.

2126 1841 2396 1913 μαθητὰς,
2417 1842 2732 1912 ἐδεσμάτων
2765 1841 2914 1911 αύτῷ
2946 1842 3269 1913 μεταλαϐεῖν
3297 1840 3695 1912 συμϐουλεύον-

2121 1953 2257 2002 τας;
2297 1956 2314 1986 ι
2363 1935 2522 2003 Ἐμὸν
2552 1933 2746 2006 βρῶμά
2792 1936 2959 1995 ἐστιν.
3003 1936 3092 1988 ἵνα
3122 1936 3330 2005 ποιήσω
3369 1934 3430 1986 τὸ
3477 1933 3700 2004 θέλημα

2121 2026 2215 2080 τού
2249 2027 2462 2098 Πατρός
2493 2043 2592 2098 μου
2617 2070 2632 2092 ,
2674 2028 2767 2080 καὶ
2803 2027 3074 2080 τελειώσω
3125 2027 3288 2080 αύτοῦ
3337 2027 3398 2079 τὸ
3448 2025 3626 2097 ἔργον.
3668 2044 3687 2073 ι

2119 2114 2248 2190 τΑρ⁹
2284 2115 2376 2172 οὖν
2415 2119 2710 2173 κάντεῦθεν
2761 2120 2860 2172 oux
2910 2119 2975 2172 ἂν
3025 2119 3234 2186 γένοιτο
3282 2119 3563 2188 συμφανὲς
3609 2117 3694 2168 ὅτι

2121 2210 2332 2282 τρυφὴν
2381 2213 2616 2265 ἐποιεῖτο
2648 2212 2743 2265 καὶ
2794 2209 2967 2281 χαράν
3003 2209 3415 2281 τῶνπατρῴων
3455 2209 3696 2277 θέλημά-

2123 2321 2229 2357 των
2252 2304 2352 2373 τὴν
2402 2303 2719 2374 πλήρωσιν,
2755 2302 2899 2356 τοῦτ’
2935 2302 3085 2366 ἐστι,
3133 2302 3231 2372 τὴν
3282 2303 3361 2364 είς
3418 2301 3691 2372 σωτηρίαν

2122 2394 2433 2466 ἀναδρομὴν
2466 2394 2574 2448 τῶν
2609 2397 2688 2458 είς
2719 2395 2998 2448 ἀπώλειαν
3042 2394 3506 2464 διωλισθηκότων;
3549 2393 3693 2445 Ἀλλ’

2125 2487 2272 2541 ἐστιν
2321 2486 2421 2541 οὑκ
2462 2485 2786 2556 ἀμφίλογον.
2820 2485 3006 2538 Ταῦτα
3063 2485 3248 2538 τοίνυν
3283 2486 3461 2539 πάντα
3485 2526 3499 2548 ,
3537 2485 3704 2554 φησι..

2123 2580 2424 2650 διείλεγμαι
2448 2581 2585 2651 πρὸς
2609 2580 2773 2650 ὑμᾶς,
2813 2579 2900 2632 ἵνα
2931 2580 2962 2649 ἠ
2994 2578 3139 2648 χαρὰ
3171 2579 3202 2646 ἡ
3231 2577 3338 2647 ἐμὴ
3366 2578 3422 2629 έν
3451 2578 3581 2646 ὑμῖν
3680 2594 3694 2607 ’

2122 2669 2268 2724 τοῦτ’
2304 2670 2472 2735 ἐστιν,
2514 2670 2604 2723 ἵνα
2644 2671 2729 2722 ἐπ’
2756 2669 2988 2732 ἐκείνοις
3029 2667 3249 2738 ἐθέλητε
3287 2667 3698 2735 διευθυμεῖσθαι

2126 2763 2311 2833 μόνοις
2335 2805 2351 2830 ,
2392 2762 2478 2830 ἐφ’
2504 2758 2698 2831 οἷσπερ
2733 2759 2889 2828 κάγὼ
2910 2800 2925 2825 ,
2977 2759 3066 2813 ἴνα
3104 2759 3238 2828 πρὸς
3265 2758 3481 2826 ἀγῶνας
3512 2757 3698 2826 ἀνδρί-

2126 2857 2291 2925 σησθε
2317 2895 2332 2919 ,
2382 2853 2476 2908 καὶ
2510 2852 2608 2923 τὴν
2654 2853 2748 2904 ἐπὶ
2780 2854 2892 2915 τοῖς
2935 2852 3265 2922 σωζομένοις
3313 2849 3506 2903 ἐλπίδα
3543 2865 3700 2918 περι-

2125 2947 2455 3018 ζωσάμενοι,
2493 2945 2596 2999 κάν
2639 2963 2692 2998 τι
2720 2944 2809 2998 διὰ
2837 2943 2998 2996 τοῦτο
3043 2942 3317 3012 συμϐαίνῃ
3371 2940 3582 3006 παθεῖν,
3622 2939 3700 3010 μὴ

446 3043 676 3102 propter
734 3049 887 3104 spem
946 3035 1159 3089 ﬁrmam
1199 3031 1264 3091 ’et
1314 3035 1738 3099 inconcussam,
1789 3043 1846 3090 et
1889 3036 2017 3106 quia

2129 3041 2264 3108 πρὸς
2303 3037 2531 3104 ἁκηδίας
2578 3036 2829 3106 ἀδρανεῖς
2870 3033 3252 3104 καταφέρησθε
3288 3032 3522 3103 μᾶλλον,
3574 3032 3702 3102 χαί-

444 3127 515 3180 de
552 3125 620 3180 iis
646 3125 850 3195 quibus
881 3141 979 3197 par
1007 3134 1093 3181 est
1122 3142 1230 3181 non
1264 3127 1441 3182 solum
1475 3144 1597 3193 nos,
1633 3128 1726 3183 sed
1756 3138 1808 3182 et
1837 3129 2018 3198 ipsum

2131 3149 2261 3204 ρητε
2306 3131 2364 3184 δὲ
2401 3130 2523 3183 τότε
2577 3127 3009 3198 πλουσιώτερον,
3042 3126 3274 3196 ἐπείπερ
3311 3125 3406 3180 καὶ
3447 3126 3514 3178 δι’
3544 3124 3706 3194 ὑμῶν

443 3214 634 3274 Jesum
681 3217 850 3272 [artari
884 3218 1109 3288 contigit
1142 3237 1155 3273 :
1188 3219 1577 3288 imperfectum
1622 3235 1753 3275 vero
1789 3219 2024 3273 munda-

445 3324 579 3362 num
619 3310 875 3380 gaudium
911 3309 1048 3364 illud
1092 3310 1417 3371 asserimus,
1450 3325 1574 3364 cum
1626 3317 1848 3380 propter
1887 3310 2023 3364 levi-

446 3405 615 3453 tatem
643 3410 697 3454 et
717 3401 1167 3466 inconstantiam,
1197 3409 1311 3454 tum
1334 3400 1482 3469 quod
1504 3402 1575 3455 ob
1598 3417 1662 3455 ea
1685 3417 1808 3470 quae
1838 3401 2022 3455 minus

443 3489 606 3545 decet
657 3498 972 3560 peragatur,
1021 3491 1076 3546 id
1121 3499 1209 3546 est
1243 3493 1316 3545 oh
1373 3507 1465 3546 res
1526 3493 1853 3554 mundanas,
1903 3507 2026 3562 quae

448 3581 896 3651 phantasuiatum
949 3589 1000 3636 et
1051 3583 1261 3636 umbrae
1305 3583 1482 3638 instar
1521 3583 1788 3638 avolant:
1833 3599 2024 3652 quem-

448 3671 742 3726 admodum
789 3671 1094 3741 perfectum
1147 3673 1332 3727 odium
1383 3688 1508 3729 esse
1563 3674 1823 3740 dicimus,
1876 3674 2024 3745 quod

454 3769 605 3816 recte
639 3771 694 3817 et
715 3762 866 3831 juste
901 3763 973 3818 ob
997 3764 1296 3819 nonnullas
1333 3779 1420 3818 res
1447 3779 1477 3817 a
1511 3765 1672 3820 nohis
1699 3767 2024 3836 suscipitur.

453 3851 629 3909 Sicuti
677 3869 873 3926 nempe
906 3854 1100 3910 beatus
1133 3856 1226 3910 ille
1276 3854 1450 3910 David
1494 3857 1564 3912 de
1601 3857 1669 3912 iis
1702 3859 1794 3928 qui
1837 3859 2026 3928 gloriae

450 3942 549 4001 Dei
580 3953 886 4017 repugnant
913 3947 1023 4002 ait:
1047 3967 1066 4000 ‹
1091 3946 1342 4004 Perfecto
1365 3948 1496 4004 odio
1515 3949 1738 4005 oderam
1764 3951 1950 4007 illos"
1971 3969 2020 4018 ;ι

454 4035 750 4107 perfectam
783 4053 913 4093 vero
962 4039 1340 4104 dilectionem,
1381 4057 1503 4110 quae
1555 4041 1665 4098 Deo
1709 4052 1852 4098 totos
1886 4060 2025 4100 cono

447 4128 640 4199 jungit
681 4145 777 4184 eos
810 4129 904 4200 qui
943 4129 1092 4185 illam
1127 4133 1483 4202 susceperint
1528 4134 1584 4188 in
1638 4134 1751 4190 Deo
1797 4145 1852 4190 ct
1906 4152 2029 4207 pro-

453 4227 574 4291 pter
603 4219 812 4289 Deum,
858 4237 967 4279 non
1015 4231 1201 4279 autem
1242 4238 1360 4279 eam
1415 4241 1538 4295 quae
1583 4225 1641 4281 in
1684 4230 1922 4284 terrenis
1963 4244 2027 4284 ac

453 4313 608 4368 nihili
646 4316 811 4371 rebus
841 4323 1114 4371 versatur.

2127 3221 2536 3292 ἀναπληροῦται
2587 3221 2650 3273 τὸ
2701 3219 2912 3290 θέλημα
2956 3219 3050 3272 τοῦ
3105 3219 3316 3283 πάντας
3379 3217 3704 3288 ἀνθρώπους

2128 3314 2374 3375 θέλοντος
2412 3311 2713 3376 σώζεσθαι,
2756 3312 2852 3365 καὶ
2895 3312 2976 3374 είς
3003 3311 3297 3378 ἐπίγνωσιν
3332 3308 3587 3377 ἀληθείας
3616 3309 3706 3360 ex-

2129 3402 2262 3456 θεῖν.
2309 3403 2570 3470 Ἔέχαιρον
2596 3399 2706 3469 γὰρ
2742 3400 2836 3452 ἐπὶ
2866 3398 3073 3463 τούτοις
3106 3397 3282 3466 κάγὼ,
3311 3398 3406 3453 καὶ
3439 3399 3559 3452 λίαν
3588 3398 3706 3467 ἠδί-

2129 3511 2287 3558 στους
2314 3492 2636 3562 ἐλογιζόμην
2673 3493 2799 3555 τοὺς
2849 3492 3066 3552 πόνους.
3109 3491 3280 3543 Ὅταν
3307 3489 3510 3553 τοίνυν,
3544 3490 3703 3559 φησὶ,

2126 3588 2383 3657 τοιαύτην
2433 3587 2633 3658 ἕλησθε
2673 3585 2817 3657 ἔχειν
2843 3585 3018 3656 χαρὰν
3045 3628 3059 3652 ,
3103 3585 3171 3655 ἣν
3202 3583 3424 3655 ἐμαυτῷ
3471 3584 3708 3654 πρέπειν

2128 3680 2482 3749 ἐλογισάμην,
2514 3679 2633 3732 τότε
2668 3677 2880 3730 τελείαν
2920 3677 3090 3747 αὐτὴν
3122 3676 3273 3742 ἕξετε
3296 3716 3311 3741 ,
3346 3675 3441 3729 καὶ
3482 3674 3706 3744 ὁλόκλη-

2131 3789 2242 3843 ρον.
2299 3771 2687 3842 Πληρεστάτην
2739 3769 2850 3840 γὰρ
2911 3768 3080 3832 ὅντως
3137 3769 3230 3822 καὶ
3293 3767 3507 3820 τελείαν
3559 3762 3706 3819 εἶναι

2082 3932 2090 3940 ν
2129 3863 2302 3936 χαράν
2339 3859 2686 3932 λογιζόμεθα,
2723 3860 2822 3931 τὴν
2870 3861 2929 3913 ἐν
2957 3859 3111 3931 Θεῷ,
3146 3861 3241 3912 καὶ
3285 3858 3374 3911 διὰ
3411 3856 3576 3920 Θεὸν,
3610 3856 3713 3908 καὶ

2129 3955 2216 4008 ἐπ’
2248 3953 2432 4026 ἔργοις
2470 3952 2719 4021 ἀγαθοῖς,
2749 3951 2837 4004 διὰ
2883 3950 2945 4003 τὸ
2975 3949 3244 4020 πεπηγὸς,
3279 3949 3374 4002 καὶ
3414 3947 3710 4016 άκλόνητον

2129 4048 2229 4118 τῆς
2257 4046 2469 4109 ἐλπίδος
2495 4061 2509 4076 ο
2545 4043 2640 4097 καὶ
2668 4045 2750 4096 ὅτι
2776 4042 2998 4111 γέγονεν
3023 4081 3038 4104 ,
3069 4042 3153 4111 ἐφ’
3182 4035 3264 4104 οἷς
3293 4036 3360 4111 ἦν
3389 4039 3554 4102 είκὸς,
3581 4037 3710 4106 ούχὶ

2135 4142 2330 4211 μόνους
2359 4139 2526 4208 ἡμᾶς,
2561 4134 2700 4189 ἀλλὰ
2726 4135 2821 4187 καὶ¹
2849 4133 3012 4186 αὐτὸν
3039 4133 3275 4203 ἡσθῆναι
3317 4133 3409 4185 τὸν
3448 4129 3659 4202 Ἰησοῦν
3689 4146 3706 4161 ο

2131 4230 2296 4300 ἀτελῆ
2325 4229 2381 4282 δὲ
2409 4227 2581 4299 χαρὰν
2607 4226 2706 4297 τὴν
2744 4228 2800 4279 ἐν
2825 4225 3016 4295 κόσμῳ
3037 4223 3236 4294 φαμὲν,
3262 4223 3353 4275 διά
3379 4239 3437 4274 τε
3461 4219 3709 4289 εὐπαρά-

2134 4337 2321 4394 φορον,
2362 4319 2458 4373 καὶ
2483 4318 2543 4371 τὸ
2575 4318 2660 4386 ἐφ’
2689 4311 2769 4378 οἷς
2804 4316 3002 4385 ἥκιστα
3048 4316 3186 4383 χρῆν
3212 4311 3545 4382 τελουμένην
3568 4309 3709 4379 όρᾶ-

455 4404 600 4470 σθαιν
631 4405 776 4460 τοῦτ’
841 4405 977 4473 ἔστι.
1038 4409 1328 4479 πράγμασι
1385 4413 1690 4480 κοσμικαῖς.
1749 4411 1786 4466 ἃ
1846 4421 2250 4492 φαντασμάτων
2303 4414 2398 4468 καλ⁸
2457 4413 2615 4473 σκιᾶς
2676 4409 2961 4474 ἐξίπταται
3020 4406 3210 4477 δίκηγ
3257 4405 3445 4476 ὥσπερ
3501 4403 3712 4456 τέλειον

457 4501 612 4568 μῖσος
634 4493 773 4551 εἷναί
800 4515 1000 4568 φαμεν,
1028 4499 1090 4551 τὸ
1116 4499 1340 4562 δικαίως
1375 4516 1434 4552 τε
1468 4503 1561 4554 καὶ
1590 4502 1763 4573 ὀρθῶς
1799 4507 1890 4558 ἐπί
1928 4526 2036 4564 τισι
2069 4513 2196 4581 παρ’
2221 4507 2375 4580 ἡμῶν
2398 4504 2697 4572 γινόμενον.
2734 4503 2942 4572 ’Ὠσπερ
2971 4497 3063 4555 οὖν
3100 4500 3290 4571 ἀμέλει
3323 4500 3416 4552 καὶ
3462 4501 3490 4551 ό
3524 4497 3710 4568 μακά·-

455 4606 570 4661 ριος
623 4589 818 4654 Δαὸὶδ,
865 4591 993 4660 περὶ
1027 4591 1135 4644 τῶν
1167 4592 1577 4660 ἀνθεστηκότων
1637 4598 1702 4665 τῇ
1765 4597 1888 4669 δόξῃ
1954 4603 2048 4656 τοῦ
2093 4604 2229 4658 Θεοῦ
2264 4616 2434 4670 φησισ
2479 4617 2497 4648 ι
2540 4595 2753 4649 Τέλειον
2796 4597 2950 4665 μῖσος
2989 4595 3213 4665 ἐμίσουν
3271 4593 3492 4654 αύτούς·
3530 4611 3546 4642 ι
3611 4606 3710 4642 τε-

449 4684 600 4739 λείαν
635 4684 694 4739 δέ
736 4683 976 4756 ἀγάπην,
1015 4685 1114 4754 τὴν
1159 4685 1466 4756 ὁλοκλήρως
1491 4687 1812 4742 ἀνακεῖσθαι
1861 4692 1978 4765 Θεῷ
2009 4692 2534 4769 παρασκευάζουσαν
2580 4690 2706 4769 τοὺς
2740 4688 2960 4752 ἑλόντας
3008 4687 3176 4758 αὐτὴν
3225 4689 3284 4740 ἐν
3322 4687 3442 4758 Θεῷ
3485 4688 3578 4739 καὶ
3612 4686 3709 4741 διὰ

451 4776 618 4838 Θεδν,
673 4773 734 4828 ού
788 4773 886 4844 τὴν
936 4774 1028 4826 ἐπί
1072 4790 1213 4827 τισιν
1260 4775 1560 4844 ἐπιγείοις,
1632 4779 1726 4832 καὶ
1768 4780 1927 4852 λόγου
1964 4768 2192 4858 μηδενὸς
2215 4785 2386 4850 ἀξίοις
2418 4768 2755 4854 πράγμασῖν.

524 4910 642 4977 XV,
699 4910 802 4976 ιε,
846 4910 935 4966 15.
981 4909 1097 4964 Hoc
1134 4920 1214 4965 est
1238 4922 1554 4982 pra'ceptum
1596 4930 1790 4980 meum,
1825 4928 1880 4969 ut
1904 4918 2030 4972 dili-

452 5007 593 5077 galia
635 5005 878 5066 inuicem,
910 5004 1048 5058 sicut
1079 5002 1246 5056 dilexi
1283 5020 1396 5059 vos.
1445 5003 1704 5075 Majorem
1752 5006 1851 5059 hac
1896 5007 2032 5063 dile—

455 5097 681 5149 ctionem
717 5111 866 5148 nemo
897 5092 1072 5159 habet,
1103 5109 1261 5166 quam
1292 5103 1348 5147 ut
1396 5095 1634 5150 animant
1669 5112 1825 5150 suam
1869 5109 2034 5166 ponat

453 5186 574 5254 quis
599 5201 694 5254 pro
726 5187 912 5240 amicis
942 5187 1076 5241 suis.

527 5313 764 5371 Sensum
796 5334 986 5374 eorum
1009 5337 1130 5391 quae
1157 5322 1310 5392 prius
1332 5322 1478 5378 dicta
1519 5332 1649 5378 sunt
1677 5321 2025 5379 manifestius

455 5408 544 5464 his
566 5407 748 5464 verbis
771 5413 970 5480 aperit,
994 5414 1096 5469 hoc
1120 5423 1225 5478 est,
1259 5415 1458 5470 debere
1484 5414 1793 5485 discipulos
1821 5415 2029 5470 habere

456 5497 716 5571 gaudium
753 5499 874 5571 cjus
903 5501 958 5556 in
988 5505 1204 5574 seipsis.
1229 5504 1364 5577 Ego,
1391 5504 1590 5576 inquit,
1619 5505 1722 5561 hoc
1748 5504 2026 5575 prmcipio,

2201 4919 2365 4985 Αὕτη
2411 4917 2584 4971 ἐστὶν
2640 4917 2678 4985 ἠ
2726 4915 2947 4985 ἐντολὴ
3001 4917 3036 4984 ἡ
3075 4916 3188 4984 ἐμὴ
3214 4957 3228 4980 ,
3282 4916 3383 4970 ἵνα
3440 4915 3711 4984 ἀγαπᾶτε

2129 5007 2484 5074 ἀλλήλους,
2536 5007 2731 5073 καθὼς
2780 5008 2942 5078 κάγὼ
2995 5007 3282 5077 ἠγάπησα
3335 5007 3511 5077 ὑμᾶς.
3569 5008 3712 5060 Μεί-

2131 5099 2268 5162 ζονα
2298 5101 2522 5165 ταύτης
2552 5097 2799 5168 ἀγάπην
2847 5098 3048 5165 οὐδεὶς
3103 5099 3265 5168 ἕχει,
3313 5100 3415 5152 ἵνα
3467 5117 3556 5164 τις
3593 5097 3712 5164 τὴν

2135 5187 2349 5258 ψυχὴν
2373 5187 2558 5242 αὐτοῦ
2588 5187 2685 5257 θῇ,
2720 5188 2871 5256 ὑπὲρ
2905 5187 3023 5243 τῶν
3053 5191 3247 5259 φίλων
3282 5189 3469 5244 αὑτοῦ

2221 5319 2668 5392 Ἐμφανεστέραν
2713 5323 2813 5394 ἤδη
2853 5323 3176 5394 καθίστησι,
3223 5322 3312 5376 διὰ
3362 5323 3464 5392 τῆς
3500 5322 3708 5374 τούτων

2134 5414 2431 5482 ἐπαγωγῆς
2456 5452 2470 5477 ,
2531 5412 2642 5466 τῶν
2701 5414 2800 5484 ἤδη
2856 5415 3268 5486 προειρημένων
3326 5413 3422 5484 τὴν
3453 5412 3709 5483 δύναμιν,

2136 5503 2277 5560 τοῦτ’
2311 5503 2426 5557 ἐστι
2453 5547 2465 5570 ,
2517 5504 2580 5559 τὸ
2635 5505 2830 5579 χρῆναι
2873 5507 2999 5571 τοὺς
3051 5507 3338 5579 μαθητάς,
3395 5504 3492 5577 τὴν
3538 5503 3715 5559 αὑτοῦ

531 5683 578 5716 ⁸⁸
619 5680 776 5739 Joan.
819 5697 892 5738 tv.
968 5682 1012 5714 ⁸⁵
1066 5680 1222 5740 Joau.
1260 5701 1410 5752 xxxi,
1443 5685 1534 5742 54.
1614 5685 1658 5716 ⁸⁸
1714 5686 1732 5738 1
1776 5683 1915 5745 Titii.
1949 5707 2008 5757 ιι,

2185 5688 2227 5719 ⁸⁷
2271 5687 2413 5745 Psal.
2452 5704 2681 5756 cxxvm,
2714 5688 2804 5742 22.
