4042 6204
275 326 386 383 58!

1345 337 1410 392 ΙΝ
1451 337 1735 398 JOANNIS
1768 343 2220 406 EVANGELIUM
2268 351 2398 407 LIB.
2440 352 2507 406 Χ.

3448 362 3554 418 58.!

273 447 463 519 χαράν
505 444 649 517 ἐχειν
686 446 744 500 ἐν
784 448 1016 513 ἑαυτοῖς.
1085 450 1414 523 ’Λναφανδδν
1457 458 1514 511 δέ
1568 476 1732 528 φησιν
1783 461 1861 514 ὅτι

1969 466 2163 521 ethoc
2197 468 2372 524 doceo
2433 469 2746 524 faciendum
2806 485 2870 526 ac
2925 472 3277 529 sentiendum
3332 476 3400 532 iis
3458 483 3550 550 qui

273 539 445 592 τοῦτο
492 538 808 610 ἐντέλλομαι
837 582 853 606 ,
907 542 999 595 καὶ
1034 542 1192 596 τοῦτο
1228 545 1468 625 διδάσκω
1505 549 1640 621 δρᾷν
1681 568 1741 604 τε
1773 552 1867 606 καὶ

276 634 530 702 φρονεῖν,
561 634 689 696 τοὺς
715 633 948 689 ἕπεσθαι
991 636 1104 689 δεῖν
1145 639 1426 709 οἰομένους
1452 643 1597 712 ἐμοὶ,
1626 647 1866 698 τοιουτό-

275 734 488 792 τρόπον
515 724 596 785 είς
622 723 887 795 ἀλλήλους
914 727 1222 800 ἐκμελετᾷν
1267 731 1366 802 τὴν
1395 734 1639 804 ἀγάπην,
1673 737 1866 791 ὁποίαν

1969 573 2056 612 me
2090 559 2246 628 sequi
2285 561 2606 628 statuerint,
2669 559 2830 614 talem
2887 563 3030 619 inter
3086 579 3146 620 se
3194 565 3551 624 dilectionem

1965 663 2246 716 exercere,
2287 652 2504 718 qualem
2540 667 2642 722 ego
2685 653 2844 722 prius
2902 654 3127 708 exhibui
3182 664 3234 710 et
3295 657 3548 727 implevi.

1967 737 2184 804 Quanta
2213 755 2348 795 vero
2377 741 2544 811 887
2571 743 2644 796 sit
2675 743 2991 800 dilectionis
3018 745 3227 802 Christi
3266 763 3550 814 mensura,

276 813 397 907 ἐγὼ
465 815 678 883 φθάσας
721 817 1088 890 ἐπεδειξάμην
1143 823 1239 874 καὶ
1290 825 1652 896 πεπλήρωκα.
1707 830 1861 882 Ποῖον

1968 827 2086 897 ipse
2118 844 2317 884 rursus
2369 831 2729 900 significavit,
2779 833 2968 889 dicens
3019 835 3152 888 nihil
3202 852 3326 893 esse
3367 841 3552 907 majus

276 902 374 960 οῦν
404 906 510 976 ἄρα
545 906 604 960 τὸ
633 908 830 978 μέτρον
863 909 1142 982 θεωρῆσαι
1171 931 1254 976 τις
1281 913 1347 967 ἂν
1380 918 1479 986 τῆς
1507 919 1729 990 ἀγάπης
1769 919 1864 974 τοῦ

278 997 545 1067 Χριστοῦ,
580 997 743 1052 πάλιν
793 1000 956 1064 αὐτὸς
984 1002 1294 1074 ὑπέφηνεν,
1347 1007 1552 1074 είπὼν,
1587 1011 1647 1064 τὸ
1679 1011 1864 1080 μεῖζον

280 1083 421 1139 εἶναι
485 1088 654 1159 μηδὲν
710 1091 810 1160 τῆς
862 1091 1114 1164 τοιαύτης
1162 1095 1424 1166 ἀγάπης,
1477 1099 1510 1169 ἢ
1557 1101 1652 1154 καί¹
1693 1104 1864 1174 αὐτὴν

283 1177 552 1246 προέσθαι
593 1177 694 1248 τὴν
733 1178 910 1249 ψυχὴν
943 1182 1082 1252 ὑπὲρ
1120 1184 1228 1238 τῶν
1260 1187 1645 1256 ἀγαπωμένων
1677 1193 1865 1247 διακε-

279 1267 521 1324 λεύεται.
567 1269 664 1325 Ἐκ
718 1272 783 1344 δὴ
834 1274 1040 1328 τούτων
1097 1277 1353 1332 ἁπάντων
1409 1285 1693 1354 μονονουχὶ
1750 1288 1865 1348 τοῖς

283 1362 438 1426 ίδίοις
460 1362 837 1418 διακελεύεται
875 1367 1164 1438 μαθηταῖς,
1194 1371 1276 1424 ὅτι
1307 1374 1576 1443 προσήκει
1609 1375 1865 1429 τοσοῦτον

278 1453 585 1522 ἀφεστάναι
610 1453 706 1507 τοῦ
733 1454 963 1509 δεδιέναι
1001 1457 1176 1524 φιλεῖν
1222 1460 1348 1522 τοὺς
1379 1459 1520 1530 ὑπὲρ
1551 1461 1660 1515 τῶν
1696 1461 1866 1526 σωζο-

279 1544 466 1615 μένων
496 1545 735 1613 ἀγῶνας,
762 1547 859 1600 καὶ
889 1547 1051 1602 αὑτὸν
1081 1550 1406 1613 ἀοκνότατα,
1440 1552 1536 1604 καὶ
1575 1551 1694 1605 λίαν
1727 1553 1864 1606 ἐτοί-

280 1655 402 1708 μως
424 1636 572 1708 ἐχειν
601 1639 906 1710 ὑποστῆναι
950 1639 1043 1694 τὸν
1068 1644 1167 1710 τῆς
1199 1643 1400 1712 σαρκὸς
1428 1643 1680 1698 θάνατον.
1709 1644 1826 1696 Καθ
1844 1673 1861 1685 -

281 1728 432 1782 ίκετο
482 1729 593 1802 γάρ
649 1731 742 1784 καὶ
797 1731 960 1802 μέχρι
1012 1731 1166 1786 τοῦδε
1209 1733 1304 1786 τοῦ
1359 1735 1563 1805 μέτρου
1618 1736 1720 1805 τῆς
1765 1735 1859 1790 τοῦ

275 1821 531 1892 Σωτῆρος
577 1821 736 1892 ήμῶν
799 1822 1022 1892 ἀγάπης
1072 1825 1106 1894 ἡ
1162 1823 1412 1894 δύναμις.
1465 1826 1538 1878 Τὸ
1586 1826 1644 1880 δὲ
1689 1827 1859 1881 ταῦτα
1893 1806 1935 1860 Β

275 1913 460 1981 λέγειν
488 1914 675 1985 ἕτερον
727 1911 796 1986 ἦν
845 1915 1081 1987 δρῶντος
1126 1917 1318 1980 οὐδὲν,
1362 1918 1395 1989 ἢ
1443 1917 1859 1988 παραθήσοντος

277 2003 410 2078 [ισ.
440 2006 899 2080 παραθήγοντος]
943 2009 1042 2078 μὲν
1075 2011 1154 2072 είς
1201 2010 1460 2080 ὑπερφυᾶ
1488 2027 1548 2062 τε
1582 2011 1678 2064 καὶ⁵
1720 2011 1862 2076 ἐξαί-

279 2115 439 2168 ρετον
493 2099 740 2170 ἀνδρείαν
795 2101 921 2164 τοὺς
981 2099 1266 2170 μαθητάς,
1330 2100 1762 2166 διανιστάνοντος
1803 2103 1862 2156 δὲ

276 2191 399 2245 λίαν
429 2193 510 2254 είς
537 2191 915 2261 ἀκμαιοτάτην
948 2191 1322 2261 φιλαδελφίαν,
1365 2195 1459 2247 καὶ
1493 2194 1752 2265 φρόνημα
1795 2195 1859 2248 τὸ

277 2283 530 2336 νεανικὸν
565 2283 661 2336 καὶ
697 2283 947 2352 φιλόθεον
976 2283 1438 2354 ὲγχαλκεύοντος,
1479 2286 1574 2339 καὶ
1617 2287 1698 2350 εἰς
1728 2287 1863 2355 ἄμα-

276 2375 374 2445 χόν
401 2393 546 2438 τινα,
577 2376 672 2430 καὶ
705 2376 1149 2445 ἀκαταγὼνιστον
1193 2377 1499 2448 ἐγείροντος
1528 2377 1857 2450 προθυμίαν,

275 2469 360 2530 είς
386 2468 452 2522 τὸ
483 2469 661 2522 πάντα
691 2469 992 2540 κατορθοῦν
1023 2469 1338 2536 ἐπείγεσθαι
1364 2469 1581 2540 γοργῶς
1605 2469 1677 2523 τὰ
1709 2470 1859 2541 αὑτῷ

276 2559 694 2631 θυμηρὲστατα.
730 2562 982 2616 Τοιοῦτον
1015 2563 1146 2632 ἡμῖν
1168 2561 1358 2615 ἑαυτὸν
1381 2561 1662 2614 ἐπεδείκνυ
1685 2561 1859 2631 λέγων

274 2652 306 2704 ὁ
340 2651 551 2714 Παῦλος
581 2668 596 2683 ο
635 2671 654 2704 ι
705 2653 860 2724 Ἐμοὶ
919 2653 1028 2724 γάρ
1069 2654 1130 2707 τὸ
1171 2656 1270 2726 ζῇν
1307 2656 1581 2729 Χριστὸς,
1644 2657 1739 2710 καὶ
1797 2657 1860 2710 τὸ

274 2743 574 2798 ἀποθανεῖν
618 2745 825 2814 κέρδος.
863 2763 882 2795 ι
919 2747 1028 2799 Καὶ
1077 2746 1278 2799 πάλιν·
1319 2767 1338 2800 ι
1387 2749 1452 2800 Ἡ
1505 2748 1615 2820 γάρ
1661 2747 1858 2818 ἀγάπη

275 2833 373 2887 τοῦ
401 2832 641 2904 Χριστοῦ
670 2833 888 2904 συνέχει
921 2836 1072 2906 ἡμᾶς
1115 2835 1407 2905 κρίναντας
1451 2836 1628 2900 τοῦτο,
1662 2837 1743 2892 ὅτι
1778 2831 1860 2901 εἷς

277 2925 424 2994 ὑπὲρ
454 2925 672 2978 πάντων
699 2925 973 2978 ἀπέθανεν
1000 2943 1012 2954 ·
1042 2925 1150 2996 ἄρα
1182 2927 1232 2978 oi
1273 2927 1474 2990 πάντες
1509 2927 1801 2981 ἀπέθανον.
1833 2947 1851 2980 ι

277 3017 392 3070 Καὶ
427 3017 564 3089 πρὸς
593 3016 801 3082 τούτοις
839 3017 920 3073 ἔτι
947 3034 961 3049 ⁶
1000 3037 1018 3069 ι
1063 3019 1159 3082 Τίς
1188 3021 1333 3090 ἡμᾶς
1371 3021 1598 3092 χωρίσει
1625 3021 1732 3074 ἀπὸ
1759 3020 1859 3091 τῆς

1965 935 2026 975 ea
2066 921 2366 976 dilectione
2403 939 2526 992 quae
2566 925 2650 978 vel
2693 925 2932 979 animam
2978 927 3150 995 ipsam
3203 945 3302 997 pro
3358 931 3552 986 amicis

1960 1009 2150 1079 juheat
2184 1011 2539 1080 profundere.
2571 1013 2650 1068 Ex
2682 1013 2770 1069 his
2795 1016 3073 1082 omnibus,
3104 1019 3220 1072 suis
3253 1034 3551 1089 propemo-

1967 1101 2094 1155 dum
2133 1103 2358 1157 mandat
2403 1105 2693 1176 discipulis
2722 1122 2896 1176 usque
2929 1108 3066 1162 adeo
3103 1124 3212 1164 non
3255 1126 3378 1165 esse
3431 1127 3550 1166 meo

1969 1195 2167 1248 tuenda
2201 1211 2300 1265 pro
2333 1197 2617 1253 salvaudis
2653 1198 2970 1254 hominibus
3003 1202 3330 1264 certamina,
3379 1212 3435 1255 ut
3463 1205 3545 1258 vel

1966 1284 2139 1353 ipsam
2187 1287 2372 1343 carnis
2423 1296 2656 1343 mortem
2690 1298 2917 1346 strenue
2977 1301 3032 1346 et
3079 1292 3310 1363 impigre
3362 1296 3550 1350 subire

1963 1375 2356 1432 detrectemus.
2393 1377 2470 1432 Eo
2496 1380 2644 1434 enim
2687 1380 2994 1437 Salvatoris
3030 1386 3205 1438 nostri
3233 1385 3550 1440 dilectionis

1963 1465 2047 1520 vis
2098 1469 2366 1536 pervenit.
2417 1469 2530 1524 Hoc
2581 1479 2767 1525 autem
2815 1473 3034 1537 dicere,
3089 1474 3239 1528 aliud
3280 1475 3413 1529 nihil
3467 1486 3551 1532 est

1963 1573 2128 1626 quam
2165 1559 2233 1612 ad
2283 1563 2764 1629 supernaturalem
2822 1571 2879 1617 et
2918 1565 3178 1618 eximiam
3231 1566 3397 1619 animi
3436 1569 3548 1619 vir-

1964 1657 2134 1702 tutem
2166 1663 2230 1703 ac
2284 1651 2587 1705 maximum
2648 1652 2882 1706 fratrum
2938 1669 3182 1709 amorem
3239 1649 3578 1726 discipulos"

1962 1741 2234 1807 excitare,
2288 1741 2341 1794 in
2394 1743 2586 1812 eisque
2633 1760 2960 1814 generosum
2995 1761 3059 1799 ac
3100 1747 3248 1815 pium
3304 1751 3545 1802 animum

1963 1831 2190 1896 cudere,
2217 1840 2272 1886 et
2305 1831 2373 1886 ad
2445 1833 2715 1888 invictum
2774 1849 2838 1889 ac
2885 1835 3254 1904 insuperabile
3303 1836 3547 1891 studium

1963 1924 2197 1994 erigere,
2235 1925 2302 1980 ad
2339 1928 2526 1981 omnia
2566 1937 2820 1998 prompte
2864 1928 3172 1996 praestanda
3203 1943 3548 1998 quaecunque

1963 2017 2012 2070 ei
2047 2017 2381 2086 placuerint.
2418 2019 2604 2074 Talem
2652 2035 2712 2076 se
2767 2020 2931 2076 nobis
2973 2018 3181 2074 Paulus
3225 2021 3544 2085 exhibebat,

1961 2107 2152 2163 dicens
2184 2121 2199 2160 :
2250 2128 2268 2160 ι
2298 2109 2434 2163 Mihi
2467 2111 2614 2164 enim
2646 2111 2830 2165 vivere
2870 2109 3126 2166 Christus
3161 2121 3268 2174 est,
3303 2123 3360 2166 et
3405 2111 3546 2166 mori

1963 2201 2180 2255 lucrum
2211 2202 2288 2267 '9;
2333 2221 2351 2253 ›
2395 2211 2446 2257 et
2483 2217 2724 2260 rursus:
2779 2221 2797 2254 ι
2839 2202 3096 2259 Charitas
3147 2203 3296 2258 enim
3331 2203 3541 2257 Christi

1961 2299 2122 2360 urget
2151 2306 2275 2354 nos,
2303 2292 2646 2347 mstimantes
2687 2292 2816 2356 hoc,
2855 2295 3138 2363 quoniam,
3181 2294 3226 2348 si
3270 2307 3414 2347 unus
3446 2307 3546 2362 pro

1962 2380 2220 2436 omnibus
2252 2390 2510 2435 mortuus
2533 2389 2639 2446 est,
2671 2397 2804 2450 ergo
2832 2397 3025 2436 omnes
3052 2381 3255 2436 mortui
3281 2391 3412 2435 sunt
3438 2383 3538 2436 ⁸⁸.»

1961 2469 2229 2526 Praeterea
2266 2489 2280 2525 :
2329 2490 2348 2523 ι
2397 2471 2539 2537 Quis
2570 2487 2672 2528 nos
2709 2473 2990 2542 separabit
3016 2488 3044 2526 a
3079 2472 3355 2527 charitate
3381 2473 3544 2528 (Ἀπί-

1962 2562 2068 2617 sti?
2105 2561 2437 2627 Tribulatio,
2471 2577 2540 2616 an
2581 2565 2860 2632 angustia,
2895 2579 2963 2617 an
2999 2563 3246 2630 nuditas,
3292 2577 3360 2616 an
3393 2567 3542 2633 peri-

1961 2653 2184 2719 culum,
2237 2668 2304 2706 an
2353 2653 2570 2723 gladius
2615 2654 2702 2706 ‘°?
2747 2671 2765 2704 ι
2821 2654 2996 2708 Audis
3048 2669 3159 2724 quo
3213 2663 3375 2724 pacto
3408 2654 3544 2708 nihil

1961 2757 2056 2798 eos
2088 2756 2118 2795 a
2151 2742 2358 2798 Christi
2401 2741 2697 2796 dilectione
2721 2741 2898 2812 possit
2934 2741 3226 2811 seiungere
3252 2741 3458 2807 il-Quod
3495 2741 3544 2795 si

1962 2850 2156 2904 greges
2189 2845 2242 2889 et
2273 2849 2444 2906 agnos
2481 2833 2692 2889 Christi
2729 2847 2973 2902 pascere.
3009 2841 3094 2889 est
3124 2833 3304 2903 ipsum
3331 2846 3542 2895 amare,

1963 2928 2240 2997 quomodo
2269 2927 2786 2984 manifestissimum
2829 2942 2938 2980 non
2982 2927 3090 2982 erit
3121 2935 3299 2980 morte
3327 2933 3374 2980 et
3416 2941 3542 2994 per-

1963 3017 2348 3073 secutionibus
2384 3017 2728 3087 superiorem
2762 3016 2903 3081 fore,
2940 3030 3136 3070 omnes
3162 3014 3403 3083 denique
3433 3029 3546 3067 an-

279 3110 505 3180 ἀγάπης
549 3109 644 3164 τοῦ
695 3110 966 3182 Χριστοῦ;
1017 3110 1250 3180 Θλίψις,
1308 3112 1341 3182 ἢ
1394 3113 1769 3183 στενοχωρία,
1817 3111 1850 3184 ἢ

1962 3110 2171 3178 gustius
2219 3124 2322 3180 pro
2361 3109 2536 3164 nihilo
2587 3109 2898 3163 habiturum
2937 3123 3063 3163 eum
3111 3107 3204 3178 qui
3243 3107 3544 3164 salutarem

280 3197 479 3270 λιμὸς,
529 3199 562 3270 ἢ
619 3201 925 3271 γυμνότης,
978 3200 1012 3271 ἢ
1073 3200 1354 3266 κίνδυνος,
1414 3202 1448 3272 ἥ
1502 3203 1788 3274 μάχαιρα;
1833 3221 1851 3254 ι

292 3288 576 3355 Ἀκούεις,
629 3289 777 3352 ὅπως
823 3289 978 3342 οὐδὲν
1022 3289 1160 3352 ὅλως
1210 3289 1352 3354 ἕξειν
1388 3291 1449 3344 τὸ
1497 3291 1856 3345 ἀντιστατοῦν

278 3379 718 3448 ἐπαγγέλλεται,
779 3381 948 3451 ήγουν
1003 3380 1318 3434 διακόπτειν
1379 3381 1561 3453 ίσχύον
1613 3384 1716 3453 τῆς
1773 3383 1856 3447 είς

275 3473 516 3543 Χριστὸν
561 3473 784 3544 ἀγάπης
830 3471 1065 3538 αὑτούς;
1118 3473 1182 3526 Εί
1229 3473 1286 3526 δὲ
1329 3473 1391 3526 τὸ
1446 3473 1757 3544 ποιμαίνειν
1789 3473 1860 3528 τά

277 3565 511 3635 ποίμνια
546 3566 642 3618 καὶ
700 3566 762 3619 τὸ
821 3565 1040 3636 βόσκειν
1103 3565 1173 3619 τά
1220 3567 1384 3637 ἀρνία
1440 3567 1536 3620 τοῦ
1593 3566 1857 3638 Χριστοῦ,

276 3657 438 3711 τοῦτο
465 3657 530 3712 ἀν
562 3657 648 3727 εἴη
685 3657 747 3712 τὸ
775 3659 996 3728 ἀγαπᾷν
1040 3657 1223 3723 αὑτὸν,
1258 3658 1378 3721 πῶς
1406 3659 1506 3712 οὑκ
1539 3657 1694 3712 ἔσται
1729 3675 1860 3728 προ-

274 3749 596 3822 δηλότατον,
642 3751 725 3804 ἂτι
764 3751 860 3804 καὶ
895 3750 1129 3805 θανάτου
1165 3751 1433 3822 κρείττων
1468 3751 1674 3817 ἔσεται,
1701 3752 1856 3823 φησὶ,

274 3841 538 3912 διωγμῶν
584 3858 646 3894 τε
693 3842 787 3896 καὶ
835 3842 1112 3913 μαχαίρας
1172 3842 1413 3911 ἀμείνων
1438 3882 1453 3907 ,
1511 3843 1771 3914 ἀλογήσει
1801 3843 1858 3896 δέ

276 3931 564 3994 παντελῶς
591 3931 686 3984 καὶ
712 3933 1075 4002 στενοχωρίας
1115 3933 1144 3984 ὁ
1180 3932 1271 3984 τὸν
1307 3931 1575 4002 σωτήριον
1605 3935 1720 3995 τοῖς
1757 3933 1859 3986 οὐκ

276 4020 446 4074 εἰδόσι
483 4020 616 4073 Θεὸν
651 4020 1031 4092 διακηρύττων
1063 4021 1254 4088 λόγον;
1290 4023 1353 4075 Ei
1389 4022 1447 4074 δὲ
1490 4021 1554 4092 δὴ
1592 4023 1858 4092 προσήκοι

278 4111 364 4164 διὰ
383 4111 484 4179 τὴν
507 4109 602 4164 τοῦ
641 4111 912 4181 νοήματος
954 4110 1264 4182 συστροφὴν
1285 4150 1299 4174 ,
1350 4111 1442 4164 τὸν
1484 4110 1577 4164 τοῦ
1607 4111 1860 4182 Σωτῆρος

279 4201 706 4268 συνενεγκόντας
752 4201 945 4268 λόγον,
1002 4201 1544 4272 κεφαλαιωδέστερον
1597 4203 1775 4256 εἰπεῖν
1829 4201 1859 4254 δ

280 4291 531 4360 βούλεται
574 4292 707 4362 δρᾷν
746 4291 872 4354 τοὺς
905 4291 1099 4344 ἐαυτοῦ
1137 4290 1406 4361 μαθητὰς,
1442 4292 1768 4346 ἀοκνότατόν
1798 4309 1856 4345 τε

276 4382 374 4434 καὶ
401 4381 602 4444 παντὸς
630 4380 736 4446 ἔξω
774 4380 1067 4450 δείματος,
1105 4380 1198 4434 τὸν
1243 4383 1445 4434 οἰκεῖον
1490 4381 1856 4447 διασώζοντας

1957 3199 2264 3254 doctrinam
2291 3199 2460 3256 Deum
2493 3201 2883 3272 ignorantibus
2902 3200 3202 3270 praedicat?
3223 3199 3276 3253 In
3302 3215 3547 3263 summa,

1961 3291 2223 3346 Servator
2252 3291 2338 3346 his
2372 3292 2559 3347 verbis
2614 3307 2746 3347 suos
2784 3292 3092 3360 discipulos
3137 3289 3296 3359 jubet
3343 3291 3544 3344 incun-

1958 3393 2174 3440 ctanter
2207 3393 2261 3439 et
2313 3384 2586 3454 intrepide
2624 3384 2749 3438 ﬁdei
2805 3383 3116 3438 doctrinam
3171 3383 3541 3446 sanctiﬁcare,

1957 3484 2011 3530 et
2042 3473 2301 3529 omnibus
2328 3489 2424 3544 per
2468 3473 2793 3530 universum
2826 3472 3016 3527 orbem
3058 3471 3380 3526 hominibus
3420 3485 3541 3524 ma-

1959 3564 2227 3621 nifestare
2290 3563 2672 3635 Evangelium.
2747 3563 2992 3632 ldipsum
3071 3570 3258 3617 autem
3313 3561 3390 3615 ait
3446 3576 3543 3631 per

1960 3657 2116 3713 Isaiae
2153 3671 2340 3712 vocem
2373 3675 2386 3710 :
2425 3675 2442 3708 ι
2481 3653 2662 3726 Super
2695 3665 2940 3709 montem
2965 3655 3248 3710 excelsum
3277 3654 3537 3716 ascende,

1959 3749 2052 3818 qui
2093 3748 2439 3819 evangelizas
2472 3748 2640 3815 Sion;
2671 3747 2853 3802 exalta
2889 3747 2946 3800 in
2992 3745 3318 3801 fortitudine
3350 3759 3542 3799 vocem

1961 3849 2134 3906 tuam,
2171 3841 2266 3909 qui
2295 3839 2655 3910 evangelizas
2692 3838 3000 3894 Jerusalem
3029 3855 3044 3904 ;
3077 3837 3335 3900 exaltate,
3372 3835 3546 3890 nolite

1959 3933 2159 3988 timere
2176 3933 2245 3986 “.
2271 3951 2288 3983 ι
2313 3930 2472 3997 Quod
2501 3938 2560 3984 ut
2589 3929 2770 3986 facere
2796 3937 3027 4000 possent
3058 3929 3233 3984 sancti
3255 3927 3538 3996 discipuli,

1960 4024 2306 4079 inveniemus
2353 4039 2451 4078 eos
2505 4021 2992 4077 vehementissima
3045 4017 3301 4074 oratione
3346 4033 3377 4072 a
3429 4017 3541 4074 Deo

1960 4125 2165 4186 petere,
2216 4129 2342 4168 cum
2383 4112 2697 4168 Iudaeorum
2754 4112 2999 4167 furorem
3051 4119 3107 4165 et
3157 4109 3540 4180 intemperiem

1960 4213 2290 4260 accusantes
2319 4203 2583 4258 dicebant
2620 4221 2634 4258 :
2672 4221 2692 4253 ι
2723 4201 2788 4255 Et
2819 4216 2988 4265 nunc,
3031 4199 3284 4262 Domine.
3325 4200 3540 4269 respice

1961 4295 2016 4349 in
2049 4295 2226 4349 minas
2251 4308 2466 4355 eorum,
2490 4300 2546 4346 et
2570 4293 2638 4346 da
2676 4292 2854 4346 servis
2883 4290 2993 4344 tuis
3021 4305 3146 4344 cum
3186 4289 3370 4360 888‘
3389 4289 3539 4342 omni

1961 4384 2158 4440 fiducia
2192 4385 2342 4454 loqui
2375 4383 2602 4438 verbum
2634 4391 2790 4436 tuum
2817 4381 2884 4434 ".
2927 4399 2945 4432 ι
2992 4379 3153 4434 Multi
3199 4380 3346 4434 enim
3377 4393 3538 4448 pror-

276 4471 426 4534 νοῦν,
451 4472 543 4525 τὸν
568 4472 666 4541 τῆς
692 4474 772 4535 είς
799 4449 962 4526 αὐτὸν
988 4472 1223 4534 πίστεως
1254 4473 1608 4544 ίερουργῆσαι
1643 4474 1854 4528 κελεύει

1962 4493 2057 4533 sus
2107 4449 2475 4532 adversantur
2523 4474 2594 4530 iis
2645 4473 2740 4544 qui
2787 4474 3138 4528 sanctiticant
3175 4471 3538 4542 Evangelium

275 4561 456 4629 λόγον,
487 4562 717 4626 καὶτοῖς
743 4563 846 4615 άνά
884 4565 1064 4617 πᾶσαν
1111 4561 1210 4633 τὴν
1251 4564 1578 4635 οἰκουμένην
1608 4565 1854 4635 ἐμφανὲς

1962 4568 2195 4631 Christi,
2246 4567 2516 4636 multique
2571 4566 2950 4635 obstrepunt:
3013 4563 3110 4620 sed
3171 4565 3302 4618 licet
3355 4563 3540 4634 gravis

274 4653 620 4722 καταστῆσαι
661 4653 722 4706 τὸ
764 4654 1114 4722 Εὐαγγέλιον.
1160 4653 1304 4707 Αὐτὸ
1327 4653 1383 4705 δὲ
1413 4653 1604 4715 τοῦτο,
1645 4654 1739 4707 καὶ
1767 4654 1855 4708 διά

1962 4669 2136 4714 metus
2171 4658 2414 4728 ingruat,
2453 4667 2509 4712 et
2544 4657 2876 4712 insidiarum
2923 4656 3402 4711 vehementissimi
3437 4654 3538 4709 llu-

271 4747 462 4815 φωνῆς
499 4745 725 4798 Ἡσαΐου
754 4745 917 4814 φησίν
941 4761 952 4776 ·
981 4763 999 4797 ι
1051 4746 1167 4799 Ἐπ’
1191 4745 1318 4815 ὅρος
1359 4745 1564 4815 ὑψηλὸν
1596 4746 1850 4817 ἀνάϐηθι,

1962 4753 2080 4800 ctus
2116 4746 2435 4816 insurgant,
2467 4745 2737 4816 supplicia
2778 4752 2964 4799 tamen
2997 4759 3107 4799 non
3149 4743 3539 4799 detrectabunt

266 4835 300 4888 ό
329 4831 818 4903 εὐαγγελιζόμενος
845 4832 983 4886 Σιών
1005 4850 1019 4864 ·
1065 4833 1283 4903 ῦψωσον
1313 4837 1380 4906 τῇ
1426 4835 1570 4905 ἰσχύϊ
1601 4835 1698 4906 τὴν
1742 4853 1855 4905 φω-

1962 4851 2081 4892 vere
2119 4835 2416 4906 discipuli,
2468 4837 2645 4892 donec
2693 4835 2760 4890 ad
2800 4836 3010 4890 exitum
3057 4837 3377 4891 dilectionis
3421 4852 3536 4892 sua;

266 4925 373 4994 νήν
413 4940 532 4986 σου,
557 4926 585 4977 ό
612 4923 1101 4994 εὐαγγελιζόμενος
1135 4925 1493 4996 Ἰερουσαλήμ
1515 4941 1528 4954 ⁸
1565 4926 1848 4996 ἰσχύσατε,

1962 4943 2116 4997 opera
2174 4925 2566 4996 perduxerint,
2633 4926 2989 4990 dilectionis,
3057 4926 3308 4995 inquam,
3368 4927 3533 4990 talis,

271 5014 353 5085 μὴ
382 5014 655 5082 φοϐεῖσθε.
705 5035 726 5068 ι
768 5017 836 5069 '0
881 5017 977 5069 καὶ
1007 5016 1264 5070 δύνασθαι
1305 5017 1652 5081 ἐξαιτοῦντας
1702 5019 1854 5090 παρά

1962 5019 2172 5090 qualem
2207 5019 2369 5074 nobis
2398 5018 2656 5072 Servator
2689 5017 2960 5082 exhibuit,
2992 5018 3084 5087 qui
3120 5018 3241 5071 loco
3265 5017 3534 5086 propositi

264 5106 411 5160 Θεοῦ
458 5107 759 5179 κατορθοῦν
796 5108 863 5162 δι’
912 5110 1305 5177 ἐκτενεστάτης
1360 5113 1708 5182 προσευχῆς,
1759 5113 1854 5166 καὶ

1962 5113 2056 5167 sibi
2101 5112 2289 5182 gaudii
2343 5124 2566 5165 crucem
2613 5110 2902 5174 sustinuit,
2946 5107 3251 5178 ignominia
3281 5115 3534 5161 contem-

263 5198 473 5262 αὐτοὺς
525 5199 831 5271 εὑρήσομεν
887 5201 1015 5262 τοὺς
1050 5201 1238 5268 ἁγίους
1285 5200 1563 5271 μαθητάς,
1611 5204 1701 5255 ὅτε
1753 5204 1852 5274 τῆς

1962 5212 2066 5271 pta,
2101 5212 2156 5255 ut
2203 5200 2590 5270 peccatoribus
2644 5201 2884 5257 salutem
2937 5199 3227 5270 perﬁceret
3260 5198 3325 5253 ⁸³.
3354 5198 3532 5267 ,Οιιυιί

276 5291 554 5344 Ἰουδαίων
571 5291 1004 5361 κατηγοροῦντες
1023 5293 1280 5356 ἀπονοίας
1307 5292 1563 5362 ἔφασκον·
1596 5313 1613 5345 ι
1643 5293 1753 5346 Καὶ
1777 5295 1847 5348 τά

1962 5299 2003 5353 si
2031 5312 2131 5367 pro
2171 5295 2334 5351 nobis
2359 5296 2471 5366 pati
2501 5297 2794 5362 noluisset,
2822 5293 3023 5348 mortui
3058 5292 3238 5348 adhuc
3256 5308 3528 5354 essemus.
3555 5289 3575 5340 ί

263 5378 388 5442 νῦν,
419 5379 594 5451 Κύριε
615 5420 630 5445 ,
664 5379 813 5432 ἔπιδε
860 5381 954 5432 ἐπὶ
997 5379 1094 5444 τὰς
1123 5380 1354 5444 ἀπειλάς
1390 5381 1591 5441 αὐτῶν,
1635 5383 1728 5435 καὶ
1761 5383 1849 5446 δὸς

1962 5388 2160 5444 diaboli
2214 5386 2441 5454 famuli,
2485 5389 2642 5444 stulti
2689 5403 2753 5443 ac
2787 5387 2941 5451 caeci,
2987 5394 3154 5457 atque
3197 5387 3348 5441 omni
3383 5385 3533 5442 bono
3571 5371 3576 5375 ’

262 5474 381 5535 τοῖς
407 5471 618 5536 δούλοις
660 5489 753 5526 σου
791 5472 928 5542 μετά
967 5473 1283 5544 παρρησίας
1329 5473 1514 5527 λαλεῖν
1557 5472 1648 5525 τὸν
1687 5474 1846 5544 λόγον

1962 5479 2241 5544 destituti,
2274 5479 2423 5536 servi
2469 5479 2768 5548 voluptatis
2801 5485 2854 5533 et
2903 5477 3159 5547 peccati,
3210 5492 3366 5547 spem
3419 5491 3530 5531 non

267 5578 385 5615 σου.
426 5581 445 5614 ι
489 5561 970 5632 Ὀμολογουμένως
1000 5562 1097 5632 μὲν
1134 5561 1244 5633 γὰρ
1267 5564 1378 5626 τοῖς
1408 5563 1759 5635 ίερουργοῦσι
1785 5565 1845 5619 τὸ

1962 5571 2243 5638 habentes,
2279 5579 2334 5627 et
2373 5571 2492 5629 sine
2527 5572 2636 5627 Deo
2670 5570 2728 5626 in
2759 5569 2863 5626 hoc
2894 5569 3102 5625 mundo
3142 5569 3207 5624 “.
3238 5567 3396 5622 Nunc
3431 5581 3534 5620 auo

341 5676 388 5708 ⁸⁸⁵
410 5675 648 5744 Philipp.
684 5692 722 5736 ι,
757 5675 847 5729 2t.
941 5675 1048 5730 "ll
1081 5675 1205 5733 Cor.
1242 5693 1294 5742 ν,
1339 5676 1422 5731 ll.
1513 5679 1557 5711 '°
1585 5677 1743 5736 Rom.
1781 5698 1854 5739 vn

275 5745 332 5811 2,
359 5745 412 5800 3.
515 5747 561 5778 εδ
587 5745 785 5815 Ephcs.
821 5763 880 5813 ιι,
920 5747 1004 5801 l2.

1962 5687 2026 5743 35.
2123 5687 2163 5719 ⁶¹
2187 5683 2290 5742 lsa.
2323 5701 2415 5753 ιιι,
2448 5686 2500 5741 9.
2620 5685 2664 5718 ⁸³
2697 5685 2819 5740 Act.
2852 5701 2926 5753 ιν,
2955 5685 3046 5741 29.
3154 5685 3200 5716 ⁸³
3225 5681 3390 5738 llebr.
3424 5692 3522 5746 ιιι,
