4042 6204
481 293 587 351 585

1523 292 1581 348 S.
1611 292 1887 350 CYBILLI
1926 293 2397 352 ALEXANDRINI
2435 299 2761 357 ARCIIIEP.

3638 308 3740 366 386

481 416 591 465 tem
616 398 787 464 etiam
818 408 991 478 ipsam
1038 422 1137 478 pro
1168 408 1329 464 nobis
1358 411 1595 464 animam
1642 427 1742 481 pro
1788 428 1888 467 sua
1928 428 2056 483 erga

2178 416 2496 485 Ξὺαγγὲλιον
2536 417 2631 471 τοῦ
2667 418 2939 489 Χριστοῦ,
2984 418 3168 474 πολλοὶ
3217 421 3338 474 λίαν
3390 422 3439 476 oi
3481 420 3738 479 ἀνθιστά-

481 517 588 558 nos
621 502 920 557 dilectione
946 499 1210 557 Servator
1242 503 1449 571 posuit,
1488 511 1544 558 et
1570 502 2058 574 incomparabilem

480 593 775 663 quamdam
829 593 1132 648 bonitatem
1182 609 1311 663 erga
1375 609 1477 649 nos
1522 594 1828 657 exhibens.
1870 596 2060 652 beatos

482 686 738 749 reddidit,
772 701 837 741 ac
867 695 950 742 ter
983 686 1194 752 felices,
1224 688 1430 743 nullius
1456 688 1619 758 piane
1645 689 1775 743 boni
1814 690 2055 761 indigos.

482 777 690 832 Textns
715 779 899 846 itaque
927 778 1196 847 propositi
1227 792 1426 835 sensus
1458 779 1618 849 juxta
1650 783 1795 836 hunc
1831 797 2059 852 scapum

482 868 686 922 divinis
727 867 1129 937 discipulorum
1177 868 1454 938 capitibus
1498 872 1775 926 convenit.
1823 870 1980 937 Quod
2014 874 2060 927 si

484 960 548 1010 ad
578 959 716 1011 alios
747 973 938 1013 omnes
965 958 1172 1012 dictum
1199 958 1335 1013 illud
1374 961 1726 1026 extendatur,
1754 962 2014 1018 nimirum
2045 983 2058 1019 :

490 1069 509 1101 ι
550 1051 664 1104 Hoc
695 1060 779 1106 est
818 1061 1147 1122 praeceptum
1177 1067 1358 1107 meum
1389 1061 1450 1106 ut
1496 1053 1743 1122 diligatis
1780 1055 2054 1127 invicem,

483 1144 630 1198 sicut
667 1144 828 1198 dilexi
867 1158 965 1198 vos
1004 1144 1086 1209 ",
1139 1162 1157 1195 ι
1215 1145 1446 1198 multum
1500 1145 1755 1200 utilitatis
1806 1147 2063 1202 omnibus

483 1235 767 1302 continget
799 1248 863 1287 ex
906 1233 1055 1287 illius
1093 1231 1369 1301 indagine.
1405 1231 1540 1286 Nam
1581 1235 1631 1288 si
1663 1236 1909 1289 omnium
1940 1236 2065 1289 Sal-

487 1325 693 1379 vatoris
728 1324 898 1378 nostri
933 1324 1316 1377 mandatorum
1360 1326 1890 1381 consummationem
1923 1340 2067 1380 con-

490 1418 626 1470 tinet
663 1429 728 1469 ac
758 1425 1023 1485 operatur
1066 1414 1300 1469 fratrum
1346 1415 1594 1481 dilectio,
1643 1418 1924 1487 quomodo
1954 1435 2064 1474 non

486 1506 644 1561 valde
672 1506 955 1560 mirandus
986 1513 1072 1561 est
1116 1506 1213 1573 qui
1254 1507 1396 1562 hanc
1423 1508 1638 1563 sincere
1680 1517 1735 1563 et
1784 1509 2066 1579 inculpate

486 1597 641 1663 colit,
669 1611 792 1651 eum
820 1598 1085 1661 omnium,
1112 1603 1172 1649 ut
1199 1596 1369 1650 semel
1390 1596 1589 1661 dicam,
1610 1598 1875 1653 virtutum
1901 1607 2066 1670 caput

488 1687 544 1742 in
580 1703 643 1743 ea
676 1688 1065 1742 contineatur?
1103 1687 1355 1742 Secunda
1396 1689 1541 1743 enim
1576 1698 1661 1745 est
1696 1702 1819 1761 post
1857 1691 1952 1748 Dei
1983 1692 2068 1749 di-

2166 524 2351 576 μενοι,
2401 509 2499 561 καὶ
2555 510 2833 575 δυσσεϐῶς
2900 509 3309 583 ἐπιτρίζοντες’
3364 513 3479 566 ἀλλ’
3535 518 3583 570 εἰ
3639 519 3734 570 καὶ

2162 597 2356 668 δριμὺς
2387 600 2416 652 ό
2445 600 2640 669 φόϐος,
2673 602 2766 654 καὶ
2798 600 3080 656 δεινότατα
3114 602 3184 655 τὰ
3221 603 3285 655 ἐκ
3314 603 3413 673 τῆς
3445 604 3740 677 ἐπιϐουλῆς

2162 689 2498 745 διανίσταται
2528 692 2770 763 κύματα,
2804 693 2965 761 λόγος
2993 692 3086 746 τοῦ
3118 692 3314 747 παθεῖν
3353 695 3553 761 οὐδεὶς,
3590 700 3742 769 παρά

2164 796 2227 846 γε
2270 784 2382 844 τοῖς
2419 781 2635 851 ἀληθῶς
2671 784 2941 852 μαθηταῖς
2964 825 2978 849 ,
3033 783 3144 836 ἐστ’
3172 784 3238 837 ἂν
3268 785 3352 855 είη
3400 785 3541 857 πρὸς
3579 786 3741 858 ἔργον

2165 873 2348 936 αὐτοῖς
2384 873 2454 926 τὰ
2499 876 2562 927 ἐκ
2590 874 2690 944 τῆς
2725 875 2947 946 ἀγάπης
2974 876 3397 947 κατορθώματα,
3433 878 3651 950 ἀγάπης
3680 880 3738 932 δέ

2165 982 2308 1035 φημι
2337 964 2435 1035 τῆς
2468 964 2724 1037 τοιαύτης
2743 1007 2756 1029 ,
2808 967 3000 1021 ὁποίαν
3049 966 3185 1039 πρὸς
3227 969 3377 1039 ἡμᾶς
3405 969 3686 1036 ὑπέδειξεν
3712 973 3742 1024 ὁ

2165 1055 2389 1126 Σωτὴρ,
2432 1056 2492 1119 ὃς
2533 1056 2653 1110 ἀντὶ
2696 1057 2796 1128 τῆς
2829 1058 3196 1129 προκειμένης
3233 1057 3383 1129 αὐτῷ
3433 1062 3607 1130 χαρᾶς
3636 1061 3743 1114 ὑπ-

2166 1146 2350 1217 έμεινε
2380 1147 2614 1217 σταυρὸν
2633 1189 2647 1212 ,
2676 1148 2941 1218 αἰσχύνης
2989 1141 3412 1221 καταφρονήσας
3435 1192 3449 1216 ,
3495 1150 3583 1204 ἴνα
3628 1154 3743 1214 τοῖς

2166 1235 2513 1306 ἡμαρτηκόσι
2562 1234 2884 1308 κατορθώσῃ
2926 1235 3033 1307 ,τὴν
3091 1236 3384 1306 σωτηρίαν.
3444 1237 3504 1289 Εἰ
3554 1235 3610 1289 δὲ
3664 1237 3749 1306 μὴ

2166 1325 2363 1378 παθεῖν
2405 1325 2669 1395 ἠθέλησεν
2719 1326 2860 1397 ὑπὲρ
2907 1326 3093 1396 ἠμῶντ
3123 1322 3266 1397 ἦμεν
3303 1326 3369 1379 ἂν
3398 1326 3478 1379 ἐτι
3532 1327 3739 1397 νεκροὶ,

2167 1417 2374 1471 οἰκέται
2410 1415 2657 1470 διαϐόλου
2682 1458 2698 1482 ,
2753 1417 2927 1489 μωροὶ
2950 1458 2966 1482 ,
3018 1419 3111 1471 καὶ
3141 1417 3363 1486 τυφλοὶ,
3400 1419 3497 1472 καὶ
3540 1417 3745 1480 παντὸς

2171 1509 2425 1579 μένοντες
2446 1508 2675 1572 ἐπιδεεῖς
2696 1508 2926 1577 ἀγαθοῦ,
2950 1509 3146 1580 ἡδονῆς
3172 1509 3228 1562 δὲ
3250 1509 3427 1562 δοῦλοι
3449 1510 3543 1563 καὶ
3567 1511 3745 1580 ἁμαρ·

2167 1599 2309 1663 τίας,
2338 1599 2527 1653 ἐλπίδα
2561 1600 2636 1670 μὴ
2663 1598 2901 1670 ἔχοντες,
2943 1600 3039 1652 καὶ
3087 1598 3238 1652 ἄθεοι
3287 1602 3344 1652 ἐν
3393 1599 3470 1670 τῷ
3523 1599 3735 1670 κόσμῳ.

2169 1688 2308 1742 Νυνὶ
2335 1688 2393 1741 δὲ
2421 1690 2514 1742 καὶ
2547 1689 2716 1760 αὐτὴν
2752 1689 2892 1760 ὑπὲρ
2923 1688 3083 1761 ἡμῶν
3106 1688 3321 1743 τέθεικε
3345 1688 3445 1760 τὴν
3471 1689 3652 1760 ψυχὴν
3679 1688 3744 1753 ἐξ

488 1775 803 1838 lectionem,
828 1778 881 1829 in
917 1777 1117 1831 fratres
1146 1776 1413 1842 cltaritas,
1444 1785 1499 1833 et
1527 1758 1713 1834 omnis
1738 1795 1865 1850 erga
1893 1780 2060 1835 Deum

2178 1779 2389 1850 ἀγάπης
2411 1779 2509 1848 τῆς
2533 1780 2611 1842 εἰς
2648 1758 2800 1849 ημᾶς
2831 1758 3098 1852 ὁὴΣῶτὴρ,
3125 1780 3216 1834 καὶ
3259 1758 3589 1851 ἀσύγκριτόν
3609 1758 3743 1833 τινα

488 1868 711 1936 pietatis
744 1869 825 1924 vis
865 1868 968 1923 hoc
1009 1882 1118 1922 uno
1145 1869 1316 1923 verbo
1360 1868 1771 1939 quodammodo
1812 1886 2065 1942 compre-

2178 1872 2267 1942 τὴν
2326 1870 2736 1942 φιλανθρωπίαν
2796 1870 3231 1942 ἐπιδειξάμενος,
3307 1873 3581 1943 ζηλωτοὺς
3636 1873 3741 1925 ἀπ-

489 1955 794 2013 lrenditur:
833 1976 852 2009 ι
905 1955 1111 2027 Diliges
1165 1958 1483 2027 proximum
1533 1965 1689 2013 tuum
1739 1959 1884 2016 sicut
1919 1962 2064 2032 teip-

2178 1964 2358 2034 ἔφηνε,
2386 1965 2479 2017 καὶ
2504 1964 2956 2035 τρισμακαρίους,
3004 1965 3215 2028 οὐδενὸς
3243 1966 3304 2017 τὸ
3345 1965 3603 2035 παράπαν
3632 1962 3749 2015 τῶν

489 2062 612 2104 sum
637 2049 702 2103 “.
742 2066 764 2100 ι
2174 2053 2397 2123 ἀγαθῶν
2432 2055 2685 2119 ἐπιδεεῖς.
2727 2056 2986 2126 ’Λρμόσει
3024 2057 3122 2125 μὲν
3162 2053 3257 2110 οὖν
3302 2056 3410 2109 τῶν
3449 2055 3749 2125 ἰτροκειμέι⁵

489 2141 655 2211 νωνή
688 2139 939 2211 δύναμις,
968 2138 1107 2194 κατά
1135 2138 1324 2193 τοῦτον
1362 2134 1518 2211 οἶμαι
1565 2140 1657 2194 τὸν
1701 2142 1904 2195 σκοπὸν
1947 2145 2068 2208 ταῖς
2104 2142 2485 2208 θεοπνεύστοις
2516 2145 2625 2199 τῶν
2676 2144 2935 2218 μαθητῶν
2972 2146 3254 2215 κεφαλαῖς.
3299 2146 3361 2199 Ei
3401 2144 3457 2197 δέ
3505 2143 3585 2215 δὴ
3650 2142 3747 2196 διειιί⁸

490 2234 572 2295 εἰς
600 2232 842 2293 ἅπαντας
879 2229 1009 2295 ἐξίοι
1045 2229 1106 2283 τὸ
1139 2230 1448 2300 εἰρημένον,
1486 2229 1630 2283 τοῦτ’
1652 2230 1818 2297 ἔστιν,
1857 2248 1875 2282 ι
1909 2230 2057 2301 Αὕτη
2096 2232 2244 2285 ἐστὶν
2270 2232 2303 2302 ἡ
2330 2233 2515 2304 ἐντολὴ
2545 2235 2578 2304 ἠ
2609 2234 2738 2305 ἐμὴ,
2775 2235 2864 2288 ἵνα
2920 2235 3172 2302 ἀγαπᾶτε
3239 2233 3548 2305 ἀλλήλουςρ
3563 2229 3750 2291 καθὼς

490 2322 752 2395 ὴγάπησα
781 2323 960 2395 ὑμᾶς·
994 2340 1011 2372 ι
1050 2321 1185 2376 πολύ
1258 2339 1310 2376 τι
1352 2324 1467 2385 τοῖς
1518 2321 1661 2385 ὅλοις
1705 2322 1983 2385 λυσιτελὲς
2053 2322 2140 2375 διὰ
2176 2324 2276 2392 τῆς
2309 2326 2539 2396 ἐρεύνης
2582 2327 2917 2398 εἰσϐησεται.
2965 2328 3028 2381 Εἰ
3080 2327 3188 2398 γὰρ
3237 2325 3460 2394 ἀπάσης
3502 2322 3603 2392 τῆς
3650 2319 3747 2373 τοῦ

491 2418 742 2489 Σωτῆρος
777 2417 933 2488 ἡμῶν
980 2417 1201 2487 ἐντολῆς
1227 2416 1327 2487 τὴν
1358 2416 1657 2488 πλήρωσιν,
1693 2419 1725 2487 ἠ
1781 2418 1861 2480 εἰς
1904 2418 2167 2487 ἀδελφοὺς
2193 2418 2386 2489 ἀγάπη
2411 2400 2595 2491 τηρεῖ.
2636 2423 2729 2476 καὶ
2769 2423 3084 2493 ἐργάζεται,
3154 2420 3271 2484 πῶς
3327 2421 3388 2473 οὐ
3446 2417 3563 2471 λίαν
3597 2415 3745 2479 ἀξιο-

492 2510 861 2580 θαύμαστοξό
885 2507 1091 2579 ταύτην
1133 2507 1215 2561 ὅτι
1281 2507 1518 2577 μάλιστα
1588 2508 1892 2579 κατορθοῦν
1936 2510 2262 2581 ἐπιχειρῶν,
2303 2511 2665 2583 ἀλοιδορήτως
2726 2530 2787 2566 τε
2829 2514 2924 2567 καὶ
2964 2513 3325 2576 ἀνυπαιτίως,
3395 2511 3482 2564 ὅτε
3537 2507 3747 2569 πασῶν,

491 2603 567 2665 ὡς
595 2602 724 2665 ἔπος
749 2601 954 2661 εἰπεῖν,
988 2598 1097 2652 τῶν
1140 2597 1352 2669 ἀρετῶν
1398 2601 1752 2654 ἐναπόκειται
1803 2601 1863 2653 τὸ
1896 2601 2233 2667 κεφάλαιον;
2301 2604 2544 2676 Δευτέρα
2597 2604 2706 2677 γὰρ
2749 2605 2852 2675 τῆς
2899 2606 2980 2668 είς
3019 2605 3153 2659 Θεὸν
3206 2604 3489 2675 ἀγάπης,
3567 2603 3600 2671 ἡ
3667 2601 3755 2663 εἰς

492 2692 756 2771 ἀλλήλους
811 2691 947 2753 ἐστὶ,
998 2687 1092 2739 καί⁸
1136 2690 1285 2744 πᾶσα
1329 2689 1430 2758 τῆς
1484 2690 1564 2751 εἰς
1608 2690 1739 2742 Θεὸν
1780 2689 2060 2754 εὐσεϐείας
2093 2692 2126 2761 ὴ
2161 2690 2391 2764 δύναμις
2418 2692 2495 2756 ὡς
2535 2694 2593 2746 ἐν
2636 2693 2717 2748 ἐνὶ
2759 2691 2934 2764 τούτῳ
2990 2691 3425 2764 συμπεραιοῦται
3460 2691 3638 2760 λόγῳ,
3688 2691 3757 2743 ἐν

492 2785 593 2857 τῷ,
628 2804 647 2836 ι
673 2787 998 2855 Ἀγαπήσεις
1026 2785 1119 2838 τὸν
1147 2784 1372 2854 πλησίον
1400 2800 1515 2849 σου,
1546 2786 1621 2848 ὡς
1646 2785 1858 2839 ἑαυτόν.
1899 2804 1919 2837 r

565 2875 685 2940 XV,
727 2875 827 2940 14,
869 2875 956 2929 15.
1018 2872 1121 2928 Vos
1168 2875 1330 2927 amici
1380 2876 1481 2928 mei
1530 2876 1694 2938 estis,
1738 2876 1785 2929 si
1838 2876 2071 2945 feceritis

495 2984 613 3042 qua:
632 2984 725 3039 ego
750 2968 999 3037 pracipio
1030 2967 1194 3022 vobis.
1230 2967 1355 3021 lam
1388 2984 1492 3021 non
1520 2966 1697 3021 dicam
1740 2985 1829 3024 vos
1855 2987 2031 3026 servos
2053 3013 2068 3038 ,

2262 2872 2448 2943 Ὑμεῖς
2483 2873 2651 2943 φίλοι
2672 2873 2792 2941 μού
2844 2873 3023 2938 ἐστε,
3071 2872 3183 2927 ἐὰν
3230 2874 3441 2943 ποιῆτε
3482 2875 3600 2931 ὅσα
3631 2879 3750 2948 ἐγὼ

2175 2964 2532 3035 ἐντέλλομαι
2570 2964 2735 3034 ὑμῖν.
2785 2964 2996 3019 Οὐκέτι
3044 2965 3199 3036 λέγω
3247 2965 3403 3035 ὑμᾶς
3461 2967 3746 3036 δούλους,

496 3062 622 3132 quia
664 3075 846 3114 seruus
896 3060 1061 3113 nescit
1108 3057 1235 3128 quid
1285 3057 1451 3128 faciat
1484 3057 1731 3115 dominus
1783 3061 1945 3131 ejus:
1982 3080 2070 3119 vos

2178 3054 2267 3108 ὅτι
2296 3058 2329 3109 ὁ
2371 3054 2594 3121 δοῦλος
2633 3057 2746 3109 οὐκ
2776 3053 2900 3111 οἶδε
2930 3057 2989 3110 τί
3019 3056 3183 3111 ποιεῖ
3207 3058 3396 3113 αὑτοῦ
3436 3062 3469 3113 ό
3506 3061 3708 3129 κύριος
3732 3080 3749 3094 ⁸

499 3162 675 3209 autem
706 3152 821 3206 dixi
852 3153 1073 3214 amicos.
1106 3152 1232 3222 quia
1266 3151 1445 3206 omnia
1490 3167 1808 3224 quacunque
1832 3152 2011 3208 audivi
2041 3171 2074 3209 a

507 3243 664 3301 Patre
696 3238 806 3297 meo
837 3252 963 3296 nota
995 3241 1095 3312 feci
1127 3240 1290 3296 vobis.

545 3317 839 3407 IOpposuit
884 3350 1080 3390 rursus
1124 3335 1406 3390 eventui-is
1458 3334 1759 3405 aliquando
1814 3351 1883 3391 ex
1938 3336 2071 3393 obe-

508 3412 705 3487 dientia
738 3437 792 3486 et
837 3429 1055 3484 virtutis
1102 3428 1285 3483 studio
1332 3430 1596 3499 periculis
1645 3444 1710 3484 ac
1764 3430 2076 3486 terroribus

506 3522 716 3576 lucrum
752 3519 901 3588 quod
935 3534 1000 3574 ex
1031 3533 1215 3573 amore
1258 3534 1387 3588 erga
1440 3535 1501 3575 se
1535 3522 1871 3590 reportaturi
1921 3529 2074 3586 sunt,

506 3623 560 3666 ut
593 3611 794 3682 gaudio
829 3609 957 3663 inde
984 3617 1250 3679 concepto
1279 3619 1334 3664 et
1370 3611 1424 3664 in
1459 3611 1640 3680 majus
1689 3613 2077 3682 progrediendi

508 3703 823 3773 cupiditate,
870 3717 1062 3757 eorum
1095 3701 1506 3771 abstergeretur
1543 3703 1819 3771 molestia,
1845 3714 1899 3760 et
1931 3704 2077 3775 quod

507 3810 668 3855 rrave
725 3793 1057 3864 quandoque
1103 3793 1321 3848 videtur
1382 3793 1434 3848 in
1495 3793 1729 3848 nihilum
1783 3795 2078 3851 recideret.

508 3887 690 3944 Dulcis
719 3888 864 3941 enim
912 3894 1025 3938 tum
1068 3885 1223 3939 labor
1260 3893 1345 3941 est
1385 3884 1555 3940 Deum
1599 3885 1917 3942 amantibus
1951 3903 2079 3943 cum

505 3976 752 4047 proxima
801 3984 855 4029 et
895 3975 1121 4044 copiosa
1174 3982 1260 4029 est
1313 3990 1546 4032 merces.
1591 3975 1663 4029 At
1704 3976 1837 4046 quid
1876 3977 2077 4046 majus,

511 4077 602 4126 aut
639 4068 912 4122 illustrius
938 4067 1109 4138 889
1139 4066 1250 4121 dici
1282 4075 1467 4137 potest
1490 4084 1652 4138 quam
1685 4068 1898 4124 Christi
1942 4071 2082 4124 ami—

511 4174 631 4213 cum
664 4167 719 4213 et
745 4174 870 4215 esse
913 4168 967 4213 et
1001 4159 1298 4229 appellari?
1344 4160 1587 4215 Observa
1627 4160 1774 4213 enim
1810 4168 2081 4229 quantum

510 4249 622 4305 lima
669 4249 909 4320 dignitas
962 4256 1172 4304 natura:
1206 4249 1459 4304 humanae
1513 4251 1777 4305 terminos
1833 4250 2080 4304 excedat.

508 4339 704 4395 Omnia
750 4341 896 4394 enim
949 4338 1198 4394 Creatori
1249 4340 1519 4402 serviunt,
1563 4340 1720 4409 juxta
1773 4338 2084 4394 Psalmistte

2174 3145 2333 3216 ὑμᾶς
2378 3146 2448 3200 δὲ
2491 3148 2708 3218 εἴρηκα
2758 3149 3011 3218 φίλους,
3061 3150 3152 3204 ὅτι
3182 3149 3379 3203 πάντα
3434 3148 3474 3204 ἄ
3511 3150 3756 3221 ἤκουσα

2176 3237 2337 3307 παρὰ
2366 3238 2474 3292 τοῦ
2503 3241 2735 3307 Πατρός
2757 3257 2877 3310 μου
2917 3240 3214 3311 ἐγνώρισα
3237 3241 3400 3310 ὑμῖν.

2260 3328 2544 3396 Ἀντέταξε
2591 3330 2752 3385 πάλιν
2789 3334 2902 3395 τοῖς
2940 3332 3006 3385 ἐκ
3050 3333 3151 3402 τῆς
3196 3333 3444 3403 ὑπακοῆς
3486 3335 3581 3387 καὶ
3634 3334 3758 3402 φιλ-

2176 3424 2374 3495 αρέτου
2400 3424 2628 3495 γνώμης
2671 3424 2953 3496 ἐσομένοις
2980 3423 3094 3477 ἔσθ’
3119 3425 3209 3478 ὅτε
3246 3425 3494 3495 δείμασι,
3529 3427 3630 3496 τῆς
3671 3428 3757 3490 εἰς

2176 3502 2339 3570 αὐτὸν
2369 3516 2552 3586 φιλίας
2579 3516 2640 3569 τὸ
2666 3515 2877 3587 κέρδος,
2909 3516 2997 3571 ἵνα
3026 3519 3146 3580 ταῖς
3181 3516 3433 3570 ἐντεῦθεν
3466 3516 3760 3587 εὐθυμίαις

2177 3608 2275 3661 καὶ
2300 3609 2367 3678 τῇ
2397 3606 2535 3677 πρὸς
2563 3607 2625 3660 τὸ
2656 3605 2841 3677 μεῖζον
2869 3606 3077 3675 ἐφέσει,
3110 3605 3172 3659 τὸ
3209 3607 3268 3658 ἐν
3295 3606 3527 3670 ἐκείνοις
3556 3607 3760 3676 ἀφανί-

2179 3698 2344 3770 ζηται
2374 3698 2653 3769 φορτικὸν,
2681 3698 2776 3752 καὶ
2809 3698 2869 3752 τὸ
2905 3698 3096 3751 λυπεῖν
3128 3697 3239 3752 ἐσθ’
3264 3699 3354 3752 ὅτε
3381 3698 3574 3752 δοκοῦν
3601 3700 3760 3770 οίχήο

2181 3803 2334 3842 σεται
2356 3787 2494 3858 πρὸς
2515 3787 2577 3840 τὸ
2608 3786 2798 3858 μηδέν.
2829 3787 3041 3851 Γλυκὺς
3064 3788 3177 3859 γὰρ
3197 3788 3319 3842 τότε
3343 3792 3458 3851 τοῖς
3487 3776 3771 3858 φιλοθέοιξ

2179 3880 2208 3932 ὸ
2239 3879 2402 3944 πόνος
2425 3918 2440 3944 ,
2489 3880 2601 3932 ὅτε
2624 3878 2822 3947 γείτων
2874 3880 2984 3951 ἄρα
3040 3881 3136 3934 καὶ
3191 3880 3446 3944 πλούσιος
3477 3882 3506 3933 ό
3543 3881 3761 3952 μισθός.

2181 3967 2316 4025 Εἶτα
2345 3972 2429 4036 τίς
2458 3972 2524 4026 ἂν
2550 3970 2763 4041 οἰηθείη
2807 3972 2861 4025 τί
2897 3972 3080 4043 μεῖζον
3102 4011 3119 4039 ,
3160 3972 3212 4026 τί
3245 3973 3300 4026 δὲ
3329 3968 3470 4028 εἶναι
3510 3972 3767 4045 λαμπρό-

2181 4080 2339 4135 τερον
2380 4066 2498 4136 ἐρεῖ
2533 4063 2627 4117 τοῦ
2663 4063 2817 4133 φίλον
2862 4059 3003 4118 εἶναι
3046 4064 3141 4118 καὶ
3185 4065 3447 4133 λέγεσθαι
3474 4064 3715 4134 Χριστοῦ
3746 4084 3763 4132 ;

2182 4154 2294 4208 Θέα
2324 4154 2430 4226 γὰρ
2464 4155 2615 4217 ὅπως
2658 4154 2755 4208 καὶ
2804 4155 2944 4225 ὑπὲρ
2979 4156 3180 4218 αὐτοὺς
3224 4157 3352 4220 τοὺς
3406 4156 3512 4226 τῆς
3547 4156 3767 4228 ἀνθρω-

2184 4247 2346 4310 πείας
2371 4246 2586 4316 φύσεως
2616 4247 2775 4317 ὄρους
2809 4247 2925 4300 ἐστὶ
2959 4247 3020 4300 τὸ
3047 4247 3283 4318 ἀξίωμα.
3316 4249 3488 4302 Δοῦλα
3526 4250 3625 4320 μὲν
3652 4250 3770 4322 γὰρ

2184 4339 2365 4393 πάντα
2384 4338 2479 4391 τοῦ
2505 4338 2863 4407 πεποιηκότος
2895 4338 3054 4403 αὐτὰ,
3091 4339 3232 4393 κατὰ
3259 4340 3362 4410 τὴν
3394 4339 3490 4393 τοῦ
3517 4340 3772 4398 rana»-

509 4448 698 4487 vocem
729 4433 797 4497 ",
831 4447 934 4485 nec
967 4432 1075 4485 ulla
1113 4447 1202 4486 res
1231 4440 1317 4486 est
1341 4440 1526 4486 creata
1561 4447 1683 4501 quae
1715 4431 1940 4486 subdita
1970 4444 2080 4485 non

2188 4446 2279 4493 τος
2301 4428 2516 4498 φωνὴν,
2548 4428 2644 4480 καὶ
2671 4426 2825 4480 οὐδὲν
2846 4467 2861 4492 ,
2893 4422 3046 4497 οἴμαι
3071 4467 3086 4491 ,
3125 4427 3234 4482 τῶν
3259 4430 3562 4497 γεγονότων
3614 4432 3772 4485 ἐστὶν

509 4526 582 4579 sit
616 4523 749 4593 jngo
786 4524 1096 4585 servitutis.
1145 4525 1190 4578 si
1230 4525 1369 4577 ratio
1406 4525 1688 4579 Creatoris
1717 4533 1773 4579 et
1817 4531 2090 4578 creaturae

510 4619 804 4681 spectetur.
859 4612 967 4665 Nec
1004 4613 1152 4666 enim
1184 4614 1410 4681 aequalis
1448 4620 1532 4667 est
1583 4622 1839 4667 creatura
1896 4612 2090 4666 factori

511 4716 636 4765 suo,
677 4701 829 4754 nullo
860 4701 1022 4754 modo
1057 4720 1069 4755 :
1105 4702 1200 4756 sed
1237 4703 1471 4771 imperat
1503 4702 1689 4771 potius
1720 4712 1775 4757 et
1826 4702 2091 4773 praeposi-

512 4801 601 4847 tus
627 4792 831 4861 estqui
864 4807 1030 4861 supra
1058 4807 1250 4847 omnes
1281 4803 1366 4847 est
1399 4792 1562 4848 Deus.
1598 4794 1877 4862 Subjectis
1925 4795 2092 4865 igitur

512 4885 788 4950 omnibus,
820 4892 874 4939 et
935 4884 1047 4938 Deo
1097 4885 1431 4951 substratis,
1488 4885 1555 4940 ad
1612 4887 2090 4955 supernaturalem

511 4978 741 5049 gloriam
785 4984 1014 5032 sanctos
1053 4976 1314 5030 mandata
1346 4993 1444 5032 sua
1496 4987 1782 5033 servantes
1824 4977 2092 5036 Dominus

513 5069 698 5140 erigit,
725 5077 779 5124 et
807 5068 872 5123 ad
917 5068 1251 5136 inculpatam
1280 5067 1676 5135 subiectionem
1703 5069 1858 5138 quasi
1898 5084 2092 5125 mune-

513 5163 592 5216 ris
625 5162 748 5216 loco
798 5160 1047 5216 deducit.
1082 5157 1246 5214 Clara
1276 5158 1442 5229 igitur
1469 5167 1523 5213 et
1567 5161 1800 5216 illustris
1826 5161 1985 5216 valde
2009 5170 2094 5218 est

516 5267 728 5307 merces
763 5269 776 5306 :
810 5260 1189 5308 verumtamen
1224 5251 1356 5304 illud
1389 5251 1479 5305 hic
1518 5252 1791 5322 imprimis
1830 5252 2090 5308 conside-

516 5343 751 5399 randum
785 5351 873 5398 est
909 5343 1033 5413 (nec
1074 5345 1220 5399 enim
1272 5358 1462 5414 parum
1508 5345 1823 5415 conducat),
1855 5345 1998 5415 quod
2037 5345 2084 5401 si

519 5432 645 5489 Filii
674 5448 827 5488 amor
867 5434 935 5488 ad
976 5435 1248 5490 libertatis
1293 5434 1636 5505 dignitatem,
1681 5444 1846 5507 atque
1873 5446 1935 5492 ut
1981 5452 2089 5492 non

483 5586 490 5597 ,
523 5524 757 5597 amplius
784 5525 928 5582 servi
980 5534 1267 5593 vocentur,
1322 5528 1603 5584 nonnullis
1641 5528 1904 5594 sufficiat,
1950 5544 2092 5599 quo-

2186 4518 2215 4572 δ
2247 4519 2322 4590 μὴ
2348 4519 2428 4589 τῷ
2464 4519 2563 4587 τῆς
2594 4516 2842 4581 δουλείας
2883 4517 3165 4590 ὑπηνέχθη
3196 4519 3365 4591 ζυγῷ,
3401 4522 3543 4575 κατά
3569 4538 3631 4588 γε
3670 4522 3774 4575 τὸν

2189 4611 2469 4682 πρέποντα
2508 4608 2667 4677 λόγον
2701 4609 2796 4662 καὶ
2827 4609 3171 4681 δημιουργῷ,
3213 4612 3309 4666 καὶ
3351 4614 3639 4684 ποιήματι.
3687 4616 3770 4668 Οὐ

2188 4702 2297 4772 γὰρ
2340 4703 2398 4754 ἐν
2434 4698 2533 4767 ἴσῳ
2577 4698 2639 4751 τὸ
2702 4698 2926 4770 ποιηθὲν
2982 4700 3063 4770 τῷ
3117 4702 3506 4773 τεκτηναμένῳ
3576 4703 3769 4764 ποθὲν,

2189 4788 2450 4861 κατάρξει
2490 4789 2548 4842 δὲ
2602 4787 2804 4859 μᾶλλον
2825 4827 2840 4851 ,
2891 4789 2989 4843 καὶ
3039 4790 3419 4862 καθηγήσεται
3463 4792 3572 4845 τῶν
3619 4792 3774 4845 ἰδίων

2189 4882 2364 4954 ἔργων
2387 4883 2417 4935 ὁ
2450 4880 2542 4934 ἐπὶ
2568 4881 2777 4944 πάντας
2811 4880 2965 4943 Θεός.
3007 4882 3471 4954 ’Υπεζευγμένων
3518 4880 3613 4938 οὖν
3659 4884 3775 4953 ἄρα

2189 4974 2299 5026 τῶν
2341 4974 2512 5036 ὅλων,
2563 4973 2659 5025 καὶ
2690 4970 2875 5025 δοῦλον
2915 4973 3350 5045 ὑπεστρωκότων
3387 4976 3467 5045 τῷ
3513 4974 3634 5044 Θεῷ
3678 4976 3777 5027 τὸν

2191 5066 2416 5137 αὐχένα,
2455 5064 2590 5135 πρὸς
2611 5063 2712 5134 τὴν
2743 5063 2884 5135 ὑπὲρ
2914 5064 3078 5134 φύσιν
3109 5065 3433 5136 ἀνακομίζει
3458 5064 3615 5130 δόξαν
3645 5066 3777 5127 τοὺς

2189 5159 2378 5226 ἁγίους
2421 5157 2451 5208 ὁ
2500 5153 2736 5224 Κύριος,
2790 5155 2838 5206 εἰ
2879 5153 3011 5225 δρᾷν
3054 5154 3332 5218 ἐθέλοντες
3374 5156 3654 5224 φαίνοιντο
3703 5154 3777 5206 τὰ

2196 5248 2455 5304 δοκοῦντα
2480 5245 2629 5314 αὐτῷ
2655 5285 2671 5310 ,
2707 5246 2800 5298 καὶ
2830 5245 3085 5316 καθάπερ
3125 5250 3183 5300 ἐν
3216 5247 3369 5312 τάξει
3407 5247 3770 5318 δωροφορίας,

2197 5338 2614 5409 ἀκατηγόρητον
2684 5336 2833 5407 αὐτῷ
2888 5336 3253 5409 προσκομίζει
3309 5339 3409 5411 τὴν
3464 5339 3774 5408 ὑποταγὴν.

2200 5430 2467 5504 Λαμπρὸς
2489 5426 2583 5483 οὖν
2611 5428 2739 5502 ἄρα,
2769 5429 2865 5481 καὶ.
2907 5428 3269 5502 ἁξιοζήλωτος
3294 5432 3323 5485 ό
3359 5430 3551 5502 μισθός
3573 5446 3587 5459 ο
3629 5428 3783 5498 πλὴν

2200 5528 2375 5580 ἐκεῖνο
2400 5520 2809 5579 κατασκεπτέον
2830 5522 2888 5576 ἐν
2914 5521 3124 5587 τούτοις
3146 5519 3204 5578 εὖ
3235 5523 3380 5595 μάλα
3403 5518 3784 5593 (λυσιτελήσει

600 5700 819 5762 "Joan.
854 5719 942 5776 xv,
972 5705 1055 5765 12.
1136 5710 1180 5743 ⁵⁸
1212 5707 1405 5767 Matth.
1429 5725 1480 5777 v,
1523 5711 1599 5769 i5.
1681 5711 1720 5744 ⁸⁷
1762 5712 1907 5770 Psal.
1937 5729 2101 5771 cum
2132 5754 2144 5782 ,
2181 5715 2268 5772 9|.
