4042 6204
255 221 379 277 385

1286 216 1352 273 IN
1376 217 1659 276 JOANNIS
1697 220 2146 280 EVANGELIUM
2186 222 2316 280 LIB.
2359 225 2429 280 X.

3403 245 3509 303 380

252 328 377 401 γὰρ
403 325 465 381 ού
503 326 791 398 μικρῶς),
840 328 887 381 εί
934 326 1038 399 γὰρ
1079 329 1361 401 ἐξαρκέσει
1397 333 1540 391 τισὶν
1575 335 1655 397 είς
1687 333 1819 387 ἐλεύ-

1948 332 2107 388 modo
2140 348 2334 390 servus
2363 335 2503 402 erit,
2541 345 2635 392 aut
2669 347 2928 413 tanquam
2977 354 3227 403 creatura
3273 361 3326 407 et
3365 369 3519 413 crea-

252 417 426 493 θερον
453 419 692 489 ἀξίωμα,
725 419 979 491 καὶπρὸς
1004 422 1064 473 τὸ
1086 420 1286 492 μηκέτι
1312 423 1596 479 καλεῖσθαι
1619 425 1839 489 δούλους

253 510 296 580 ἠ
336 509 469 579 πρὸς
501 508 592 563 τὸν
628 509 755 562 Υίὸν
786 509 972 578 φιλία,
1018 511 1135 574 πῶς
1181 510 1247 565 ἂν
1297 513 1383 582 εἴη
1418 513 1640 583 δοῦλος,
1689 515 1722 587 ἢ
1764 515 1840 578 ὡς

256 600 503 669 ποίημα,
549 599 645 652 καὶ
673 600 918 669 γενητὸς,
952 602 1094 654 κατὰ
1120 604 1216 673 τήν
1238 620 1401 659 τινων
1427 604 1722 673 ἀδουλίανς
1764 606 1837 660 Οὐ
1887 612 1892 618 ’

256 689 377 762 γὰρ
404 689 468 759 δὴ
504 691 615 752 τοῖς
650 688 860 759 ἑτέροις
900 691 1000 761 τὴν
1049 692 1150 761 μὲν
1184 692 1280 763 τῆς
1312 694 1624 765 ἐλευθερίας
1671 696 1838 767 τιμὴν

255 781 540 852 διανέμειν
565 781 715 834 ἐστὶν
756 780 972 845 ἱκανὸς,
1012 781 1216 853 ἔρημον
1240 783 1297 837 δὲ
1333 784 1538 856 ταύτης
1570 786 1667 855 τὴν
1703 784 1838 838 ἰδίαν

256 869 376 937 Ξξεῑ
397 869 557 939 φύσιν
578 885 591 898 ·
620 869 817 939 χρῆναι
850 869 961 941 γὰρ
985 865 1159 940 οῑμαι,
1188 871 1294 942 πρὸ
1330 870 1438 925 τῶν
1472 872 1646 927 ἄλλων
1676 873 1837 927 αὑτὸν

256 958 503 1013 τοιοῦτον
541 953 679 1011 εἶναι
718 957 1025 1027 φαίνεσθαι.
1086 958 1256 1012 Δὼσει
1312 959 1423 1031 γὰρ
1455 960 1575 1014 τότε
1612 978 1835 1032 πρεπω-

254 1048 412 1102 δέστε
423 1065 513 1117 ρον
542 1049 655 1111 τοῖς
683 1048 785 1102 οὐκ
814 1048 999 1119 έχουσι
1028 1049 1088 1102 τὸ
1112 1049 1242 1104 ἴδιον
1267 1051 1489 1119 ἀγαθόν.
1534 1051 1697 1105 ’Δλλά
1720 1055 1834 1117 τοῖς

255 1139 439 1208 ἁγίοις
467 1139 788 1202 ἀποστόλοις
810 1181 825 1205 ,
866 1140 899 1211 ἢ
933 1141 1024 1193 καὶ
1057 1143 1167 1204 τοῖς
1210 1140 1390 1204 ἄλλοις
1447 1141 1619 1196 ἅπασι
1672 1144 1833 1213 τυχὸν

252 1233 371 1293 τοῖς
396 1230 485 1283 διὰ
519 1228 758 1294 πίστεως
798 1231 877 1293 είς
912 1230 1095 1299 φιλίαν
1144 1231 1496 1286 ἀναϐαίνουσι
1544 1234 1645 1302 τὴν
1693 1234 1831 1305 προς

251 1322 347 1375 τὸν
375 1321 582 1386 Κύριον
615 1321 770 1393 ἡμῶν
809 1322 1016 1392 Ἰησοῦν
1060 1324 1294 1395 Χριστὸν
1319 1363 1332 1388 ,
1371 1325 1606 1405 ἐπακτὸν
1639 1327 1705 1380 ἂν
1743 1327 1828 1398 εἴη

250 1408 349 1461 καὶ
380 1408 532 1462 δοτὸν
556 1449 572 1474 ,
620 1410 694 1472 ὼς
724 1411 781 1463 ὲν
829 1409 980 1475 τάξει
1009 1414 1174 1482 τιμῆς
1207 1413 1267 1465 τὸ
1300 1413 1517 1484 ἀξίωμα
1540 1456 1555 1482 ,
1603 1415 1725 1487 ἔχον
1773 1416 1828 1470 δὲ

248 1498 440 1552 οὐκέτι
464 1499 607 1552 κατά
635 1499 727 1553 τὸν
757 1501 871 1554 ίσον
900 1501 1120 1572 τρόπον.
1159 1505 1221 1557 Οἱ
1263 1503 1371 1577 γὰρ
1403 1508 1468 1577 τῇ
1501 1505 1637 1577 πρὸς
1663 1506 1826 1563 αὑτὸν

245 1588 506 1659 ὁμοιώσει
563 1591 698 1663 πρὸς
765 1590 865 1663 τὴν
919 1592 1017 1664 τῆς
1064 1593 1377 1667 ἐλευθερίας
1432 1595 1824 1667 ἀνατρέχοντες

1943 428 2054 488 tus,
2082 429 2141 475 ut
2180 422 2436 492 imperite
2463 425 2682 495 quidam
2724 434 3027 487 asserunt?
3067 433 3178 491 Nec
3214 441 3357 494 enim
3394 445 3516 500 aliis

1942 511 2218 569 libertatis
2249 514 2516 572 honorem
2542 518 2781 575 tribuere
2812 531 3013 592 potest,
3057 527 3150 594 qui
3182 541 3386 584 natura
3419 550 3518 590 sua

1939 614 2135 668 expers
2168 602 2287 672 ejus
2328 605 2422 669 sit,
2458 604 2551 659 sed
2585 621 2696 675 prae
2722 611 2937 667 caeteris
2976 613 3158 684 ipsum
3197 617 3362 672 talem
3397 635 3521 678 esse

1939 689 2143 744 debere
2197 699 2442 746 autumo.
2505 692 2662 750 Tunc
2718 701 2864 753 enim
2906 706 3255 760 convenienti
3307 710 3521 767 ratione

1939 780 2145 834 bonum
2177 797 2338 836 suum
2376 784 2719 854 impertietur
2751 805 2817 844 eo
2847 792 3151 851 destitutis.
3175 795 3282 853 Sed
3308 803 3519 856 sanctis

1938 871 2227 940 aposmlis,
2261 872 2371 929 imo
2405 878 2619 933 caeteris
2665 880 2849 936 forsan
2884 886 3144 942 omnibus
3189 891 3285 958 qui
3324 906 3423 960 per
3456 891 3518 946 ﬁ-

1935 959 2058 1015 dem
2092 963 2160 1017 ad
2199 965 2495 1020 amicitiam
2527 966 2743 1025 Domini
2778 976 2954 1031 nostri
2996 974 3127 1031 Jesu
3159 959 3366 1035 Christi
3393 998 3518 1036 eve-

1936 1049 2164 1117 huntur,
2225 1053 2523 1111 adventitia
2572 1068 2656 1114 est
2695 1070 2861 1132 atque
2914 1065 3144 1122 honoris
3204 1068 3326 1123 loco
3386 1070 3516 1125 data

1934 1141 2191 1211 dignitas,
2230 1160 2338 1200 non
2381 1154 2562 1205 tamen
2597 1154 2793 1222 aequali
2825 1156 3008 1210 modo.
3040 1156 3103 1211 lli
3139 1159 3283 1213 enim
3317 1160 3515 1215 simili-

1932 1231 2123 1287 tudine
2155 1248 2278 1288 eum
2311 1238 2433 1306 ipso
2466 1240 2530 1292 ad
2566 1241 2834 1299 libertatis
2865 1246 3095 1315 gloriam
3129 1252 3342 1317 evecti,
3379 1250 3432 1305 id
3464 1254 3513 1307 ei

1930 1335 1996 1376 ac
2028 1324 2131 1378 soli
2165 1328 2496 1383 naturaliter
2524 1331 2709 1388 inesse
2744 1336 3108 1392 ostenderint.
3162 1338 3317 1405 Quod
3364 1344 3512 1397 enim

1929 1410 2247 1483 adoptivum
2283 1425 2366 1471 est
2396 1422 2632 1475 naturali
2663 1439 2879 1494 semper
2911 1428 3272 1483 assimilatur.
3304 1429 3511 1487 Obser-

1928 1505 2164 1559 vandum
2207 1516 2388 1563 tamen
2423 1513 2657 1581 (etenim
2697 1531 2793 1586 per
2823 1532 2986 1573 omne
3019 1537 3192 1590 genus
3239 1523 3510 1595 indaginis

1926 1594 2190 1659 eundum,
2215 1596 2335 1665 quas
2368 1600 2432 1652 ad
2462 1604 2857 1671 expositionem
2892 1609 3039 1663 utilis
3067 1611 3137 1665 sit
3164 1626 3230 1665 ac
3254 1594 3507 1668 necessa-

244 1676 444 1741 δόξαν,
480 1677 629 1749 αύτῷ
662 1678 726 1745 δὴ
765 1679 940 1751 τούτῳ
990 1680 1085 1733 καὶ
1135 1681 1280 1752 μόνῳ
1337 1683 1538 1753 προσὸν
1573 1687 1817 1753 φυσικῶς

1924 1683 2027 1752 ria)
2046 1685 2409 1755 antiquiorem
2436 1707 2559 1747 esse
2582 1693 3010 1753 declarationem
3035 1702 3267 1769 justitiae
3291 1720 3413 1774 qua:
3440 1722 3506 1760 ex

245 1768 612 1834 ἀποδείξειαν.
638 1768 728 1839 Τῷ
762 1768 871 1841 γάρ
896 1770 1037 1825 κατά
1066 1771 1249 1841 φύσιν,
1282 1773 1368 1826 ἀεὶ
1395 1775 1457 1827 τὸ
1490 1775 1631 1829 κατά
1668 1774 1820 1830 θέσιν

245 1858 666 1927 παρεικάζεται.
699 1859 1041 1929 Σημειωτέον
1085 1878 1147 1929 γε
1197 1862 1303 1932 μὴν
1350 1862 1498 1933 (δεῖν
1528 1863 1639 1935 γάρ
1665 1861 1819 1935 οἶμαι

242 1948 335 2001 διὰ
372 1949 571 2013 παντὸς
607 1949 741 2004 ίέναι
771 1950 1127 2023 θεωρήματος
1165 1954 1439 2025 χρησίμου
1477 1971 1538 2007 τε
1579 1955 1671 2008 καὶ
1700 1955 1819 2010 λίαν

244 2037 563 2106 ἀναγκαίαν
611 2037 826 2109 ἔχοντος
875 2041 976 2111 τὴν
1028 2041 1326 2113 ἐξήγησιν)
1396 2044 1478 2097 ὅτι
1528 2044 1629 2114 τῆς
1676 2045 1817 2099 κατά

245 2129 410 2200 νόμον
443 2131 791 2203 δικαιοσύνης
812 2172 827 2197 ,
877 2134 911 2204 ή
950 2135 1014 2186 ὲκ
1068 2136 1305 2199 πίστεως
1336 2136 1437 2206 τῆς
1471 2138 1551 2200 είς
1580 2138 1817 2209 Χριστὸν

243 2219 610 2292 ἀρχαιοτέραν
646 2221 759 2293 ἔχει
806 2222 906 2294 τὴν
939 2224 1207 2289 ἀνάδειξιν
1231 2242 1244 2255 ο
1284 2226 1379 2279 καί⁵
1413 2227 1548 2299 πρὸς
1585 2228 1814 2293 τούτοις,

240 2313 324 2364 ὄτι
378 2315 492 2381 τοῖς
545 2313 862 2369 πιστεύουσι
920 2316 1016 2371 καὶ
1094 2317 1433 2373 ὑπακούουσι
1480 2319 1557 2392 τῷ
1612 2318 1854 2391 Χριστῷ,

1919 1771 2025 1826 [ide
2058 1774 2111 1828 in
2141 1772 2443 1844 Christum,
2476 1795 2639 1849 quam
2672 1784 2742 1838 sit
2767 1786 2996 1854 justitite
3018 1789 3207 1860 legalis
3233 1811 3246 1846 :
3273 1771 3335 1847 ac
3364 1809 3506 1863 prae-

1920 1871 2069 1919 terea
2091 1865 2447 1925 credentibus
2467 1882 2520 1926 et
2536 1873 2921 1934 obedientihus
2938 1880 3178 1946 Christo,
3198 1884 3505 1939 divinorum

1916 1958 2307 2028 mysteriorum
2343 1963 2712 2032 cognitionem
2735 1969 2989 2036 revelari,
3011 1985 3065 2027 et
3093 1972 3189 2029 Dei
3227 1989 3291 2029 ae
3322 1974 3504 2031 Patris

1917 2051 2252 2107 voluntatem
2281 2067 2309 2106 a
2340 2051 2501 2119 Filio,
2530 2058 2625 2127 qui
2655 2074 2774 2115 eam
2800 2064 2982 2128 novit,
3016 2068 3238 2136 aperiri,
3261 2068 3502 2122 inﬁdeli-

1924 2138 2027 2195 bus
2069 2156 2176 2194 non
2219 2142 2368 2198 item.
2388 2147 2500 2216 Age
2540 2164 2670 2204 vero
2709 2151 2950 2223 idipsum
2984 2171 3180 2213 rursus
3212 2175 3279 2214 ex
3303 2160 3502 2214 divinis

1925 2229 2149 2288 Litteris
2176 2234 2557 2304 ostendamus,
2597 2257 2698 2297 nos
2733 2246 2942 2300 utiliter
2974 2247 3027 2301 in
3062 2250 3130 2305 iis
3160 2258 3498 2305 exercentes.

1931 2321 1963 2391 ἡ
2017 2321 2124 2373 τῶν
2175 2322 2337 2380 θείων
2402 2331 2716 2402 μυστηρίων
2774 2334 3222 2393 ἀποκαλύπτεται
3274 2339 3498 2408 γνῶσις,

239 2406 339 2458 καὶ
417 2407 451 2475 ή
500 2407 595 2460 τοῦ
643 2406 777 2461 Θεοῦ
831 2411 925 2463 καὶ
988 2410 1195 2483 Πατρὸς
1258 2412 1615 2484 ἑρμηνεύεται
1688 2412 1850 2485 βουλὴ
1879 2413 2041 2485 ’παρὰ
2090 2416 2183 2470 τοῦ
2236 2418 2441 2488 ταύτην
2491 2422 2691 2488 είδότος
2741 2427 2909 2480 Υίοῦο
2957 2434 3069 2494 τοῖς
3119 2433 3177 2485 δὲ
3267 2406 3497 2505 ἀπειθή-

242 2510 407 2548 σασιν
479 2495 684 2549 οὐκέτι.
738 2497 850 2549 Καὶ
896 2497 1029 2568 φέρε
1078 2498 1240 2553 πάλιν
1287 2500 1455 2566 αὐτὸ,
1505 2500 1593 2553 διὰ
1652 2502 1751 2572 τῆς
1818 2503 2180 2557 θεοπνεύστου
2252 2506 2586 2580 δεικνύωμεν
2655 2514 2909 2588 Γραφῆς,

232 2588 395 2643 ἀδολε
402 2589 502 2658 σχή
513 2603 717 2651 σαντες.

302 2681 625 2752 Γέγραπται
672 2679 851 2733 τοίνυν
901 2680 959 2733 ὲν
1009 2679 1176 2751 βίϐλῳ
1227 2681 1488 2748 Μωσέως,
1532 2683 1613 2737 ὅτι
1660 2684 1819 2737 πεπί-

232 2790 435 2827 στευκε
481 2771 580 2842 μὲν
616 2762 868 2844 ’Δύραάμ
900 2770 978 2842 τῷ
1004 2771 1142 2842 Θεῷ,
1172 2773 1312 2845 πλὴν
1350 2776 1383 2846 ὴ
1435 2776 1619 2840 πίστις
1668 2776 1814 2847 αὐτῷ

229 2862 541 2931 λελόγισται
583 2863 662 2925 είς
693 2860 1056 2934 δικαιοσύνην,
1081 2864 1179 2917 καὶ
1210 2864 1362 2933 φίλος
1401 2865 1535 2919 Θεοῦ
1585 2867 1810 2939 ἐκλήθη.

2983 2520 3139 2590 ὀλίγα
3198 2526 3487 2595 χρησίμως

1994 2678 2270 2751 Scriptum
2299 2694 2382 2739 est
2428 2685 2595 2756 igitur
2640 2687 2693 2743 in
2739 2690 2881 2747 libro
2929 2692 3158 2766 Moysis,
3194 2702 3494 2764 credidisse

1918 2771 2140 2841 quidem
2170 2773 2445 2830 Abraham
2498 2776 2630 2842 Deo,
2661 2791 2714 2835 et
2770 2782 2925 2838 ﬁdem
2952 2788 3000 2841 ei
3033 2800 3339 2860 reputatam
3375 2814 3493 2855 esse

1915 2863 1985 2918 ad
2014 2865 2285 2935 justitiam
2325 2867 2389 2932 “,
2421 2876 2475 2923 et
2508 2870 2745 2927 amicum
2799 2873 2890 2930 Dei
2926 2891 3304 2951 nuncupatum
3350 2903 3492 2946 esse.

230 2954 349 3007 Καὶ
370 2952 457 3015 τίς
485 2952 513 3003 ὁ
534 2953 631 3022 τῆς
648 2952 883 3015 πίστεως
909 2951 1129 3023 τρόπος,
1148 2953 1181 3025 ἢ
1206 2952 1451 3050 πῶς-ἀρα
1473 2954 1624 3024 φίλος
1648 2955 1811 3050 ὲκλήῗ

1920 2955 2179 3023 ριιιοιιιιῐη
2236 2967 2420 3013 autem
2476 2969 2560 3016 est
2606 2964 2696 3017 illa
2741 2965 2867 3021 ﬁdei
2896 2970 3056 3037 ratio,
3091 2981 3185 3027 aut
3216 2980 3492 3045 quomodo

232 3042 305 3112 θη
338 3041 511 3107 Θεοῦ;
542 3042 811 3095 Ἤκουσεν
836 3058 851 3073 ο
892 3060 910 3095 ι
937 3042 1157 3110 Ἔξελθε
1192 3045 1256 3097 ὲκ
1287 3042 1386 3114 τῆς
1416 3045 1519 3114 γῆς
1557 3062 1681 3109 σου,
1718 3047 1812 3099 καὶ

1920 3048 2127 3103 amicus
2172 3047 2267 3103 Dei
2306 3060 2534 3108 vocatus
2584 3056 2710 3110 est?
2745 3058 2910 3128 89o
2959 3061 3189 3122 Audiit:
3290 3068 3388 3125 Exi
3428 3072 3495 3128 de

236 3136 303 3188 ὲκ
329 3136 429 3205 τῆς
468 3133 788 3204 συγγενείας
839 3151 932 3188 σου
958 3174 973 3200 ,
1002 3136 1097 3188 καὶ
1145 3134 1304 3206 δεῦρο
1335 3136 1414 3198 είς
1452 3134 1551 3208 τὴν
1586 3138 1709 3208 γῆν,
1746 3138 1813 3210 ἢν

236 3226 302 3279 ἄν
333 3242 415 3279 σοι
455 3225 634 3292 δείξω.
679 3244 697 3277 ι
734 3225 894 3281 Ἀλλά
930 3226 1029 3279 καὶ
1077 3228 1166 3280 ὅτε
1209 3226 1301 3280 τὸν
1344 3228 1610 3299 μονογενῆ
1642 3247 1812 3299 προσ-

234 3317 488 3371 ετάττετο
541 3317 688 3370 θύειν
730 3317 810 3381 είς
841 3316 1012 3371 τύπον
1053 3318 1313 3391 Χριστοῦ,
1349 3318 1441 3373 τὸν
1489 3323 1545 3374 ὲν
1576 3322 1654 3392 τῷ
1695 3322 1813 3394 Θεῷ

234 3408 620 3478 κεκρυμμένον
651 3409 960 3463 ἐδιδάσκετο
994 3411 1213 3465 σκοπόν.
1254 3412 1362 3464 Καὶ
1407 3410 1537 3477 γοῦν
1566 3414 1594 3465 ὁ
1625 3412 1813 3484 Σωτὴρ

229 3499 335 3569 ἔφη
370 3500 499 3570 περὶ
533 3501 697 3553 αὐτοῦ
731 3504 841 3564 τοῖς
874 3503 1111 3565 ἀνοσίοις
1161 3502 1434 3566 Ἰουδαίοις
1464 3502 1808 3573 προσλαλῶν⁹

235 3607 255 3640 ι
300 3589 557 3661 Ἀϐραὰμ
593 3592 622 3642 ὁ
664 3590 850 3661 Πατὴρ
890 3589 1044 3661 ὑμῶν
1073 3590 1460 3660 ἠγαλλιάσατο,
1490 3590 1578 3643 ἵνα
1606 3590 1686 3661 ἴδῃ
1715 3590 1812 3661 τὴν

232 3681 444 3751 ἡμέραν
470 3681 566 3752 τὴν
596 3680 757 3753 ἐμὴν,
795 3683 889 3735 καὶ
930 3677 1061 3747 εἶδε,
1091 3681 1184 3735 καὶ
1213 3681 1407 3753 ἐχάρη.
1441 3702 1458 3733 ι
1495 3681 1705 3735 Οὐκοῦν
1743 3681 1812 3734 δι’

231 3773 503 3843 ὑπακοῆς,
555 3774 651 3826 καὶ
710 3773 899 3837 θυσίας
954 3775 983 3827 ὁ
1033 3774 1319 3835 θεσπέσιος
1360 3773 1612 3844 Ἀϐραὰμ
1662 3773 1812 3842 φίλος

228 3860 435 3933 ἐκλήθη
495 3860 671 3927 Θεοῦ,
700 3863 795 3916 καὶ
849 3864 910 3917 τὸ
966 3863 1067 3933 τῆς
1115 3862 1459 3934 δικαιοσύνης
1512 3864 1812 3934 ἀνεδήσατο

228 3951 495 4022 καύημα
532 3967 546 3980 ⁸
596 3952 689 4005 καὶ
734 3953 855 4024 οὐχὶ
908 3953 1065 4007 τοῦτο
1110 3954 1267 4023 μόνον
1292 3994 1305 4018 ,
1330 3954 1464 4008 ἀλλά
1512 3954 1607 4007 καὶ
1653 3953 1812 4008 θείων

227 4040 439 4112 ⁴ίιῖειώθη
472 4041 665 4109 λόγων,
695 4043 791 4096 καὶ
815 4043 1008 4115 βουλὴν
1041 4043 1182 4111 ἔγνω
1213 4044 1371 4106 Θεοῦ,
1406 4044 1505 4115 τὴν
1538 4043 1808 4113 ἐπ’ὲσχά-

226 4148 345 4195 τοις
374 4133 676 4203 γενομένην
697 4137 928 4204 καιροῖς.
962 4135 1083 4187 Ἐπὶ
1107 4134 1386 4206 συντελείᾳ
1408 4135 1517 4205 γὰρ
1544 4133 1651 4188 τῶν
1680 4134 1810 4187 aid)-

229 4239 340 4274 νων
373 4223 511 4294 ὑπὲρ
537 4223 697 4294 ἡμῶν
737 4224 1010 4279 ἀπέθανεν
1040 4227 1069 4277 ὁ
1102 4226 1355 4297 Χριστὸς,
1386 4225 1446 4279 τὺ
1473 4225 1615 4297 ἱερὸν
1642 4226 1809 4290 ὅντως

1916 3144 2063 3192 terra
2098 3145 2193 3194 tua
2223 3149 2277 3195 et
2306 3140 2375 3196 de
2404 3146 2731 3213 cognatione
2782 3157 2894 3213 tua,
2936 3161 2990 3206 et
3020 3156 3143 3210 veni
3195 3158 3251 3212 in
3289 3169 3489 3217 terram

1914 3245 2077 3300 quam
2108 3242 2486 3288 monstravero
2526 3219 2620 3289 tibi
2657 3240 2723 3291 ⁸³.
2774 3257 2793 3289 ι
2840 3237 2945 3296 Sed
2985 3252 3041 3298 et
3074 3260 3198 3301 cum
3231 3252 3486 3320 unigeni-

1916 3328 2027 3372 tum
2059 3336 2218 3374 suum
2242 3323 2432 3390 jussus
2458 3333 2543 3379 est
2593 3326 2877 3384 immolare
2907 3332 2960 3385 in
2997 3333 3225 3405 ﬁguram
3262 3339 3485 3405 Christi,

1914 3411 2297 3467 abseonditum
2334 3414 2387 3466 in
2418 3414 2530 3469 Deo
2566 3429 2790 3485 scopum
2818 3420 3048 3479 edoctus
3097 3434 3200 3480 est.
3258 3426 3324 3480 Et
3361 3445 3494 3486 sane

1916 3500 2169 3557 Salvator
2211 3502 2415 3561 Judaeis
2456 3506 2639 3578 impiis
2692 3509 2759 3565 de
2799 3511 2919 3581 ipso
2977 3515 3210 3586 loquens
3265 3520 3486 3574 aiebat:

1923 3610 1941 3643 ι
1982 3594 2257 3649 Abraham
2286 3596 2451 3653 Pater
2489 3609 2671 3657 vester
2697 3605 2993 3661 exsultavit
3028 3617 3091 3677 ut
3114 3611 3321 3667 videret
3346 3612 3484 3669 diem

1913 3697 2094 3738 meum
2124 3704 2137 3739 :
2185 3686 2353 3753 vidit,
2378 3696 2432 3744 et
2481 3693 2705 3760 gavisus
2740 3706 2823 3751 est
2852 3697 2921 3752 ⁷ο.
2958 3716 2977 3749 ι
3027 3699 3196 3771 Igitur
3227 3720 3324 3774 per
3359 3706 3483 3761 obe-

1914 3772 2175 3831 dientiam
2224 3788 2278 3833 et
2315 3782 2648 3838 sacriﬁcium
2698 3786 2917 3843 divinus
2975 3772 3244 3848 Abraham
3282 3797 3492 3852 amicus

1914 3861 2008 3919 Dei
2042 3874 2275 3923 vocatus
2306 3878 2410 3933 est,
2441 3878 2496 3926 et
2518 3873 2748 3941 justitiae
2796 3879 2971 3947 gloria
3025 3882 3314 3939 redimitus
3356 3895 3445 3940 est
3468 3900 3487 3939 :

1912 3966 2091 4021 neque
2130 3954 2182 4008 id
2218 3964 2453 4022 tantum,
2498 3961 2593 4015 sed
2636 3971 2691 4016 et
2741 3964 2948 4023 divinis
2995 3974 3345 4030 sermonibus
3388 3976 3487 4030 ho-

1912 4048 2161 4098 nestatus
2183 4052 2289 4110 est,
2312 4054 2368 4101 et
2397 4049 2688 4105 consilium
2718 4052 2814 4108 Dei
2843 4059 3110 4116 extremis
3148 4066 3487 4133 temporibus

1911 4130 1977 4183 ad
2026 4132 2233 4186 exitum
2284 4136 2694 4203 perducendum
2730 4146 2978 4214 agnovit.
3033 4150 3090 4203 ln
3136 4130 3486 4210 consumma-

1912 4220 2063 4275 tione
2120 4224 2323 4293 quippe
2382 4228 2707 4285 saeculorum
2758 4249 2856 4303 pro
2893 4237 3054 4293 nobis
3107 4251 3358 4297 mortuus
3403 4257 3484 4299 est

228 4315 329 4365 καὶ
352 4315 504 4381 ἀγιον
534 4314 682 4386 θῦμα
710 4316 771 4370 τὸ
807 4313 960 4387 αἶρον
1001 4316 1100 4387 τῆν
1148 4316 1423 4388 ἁμαρτίαν
1451 4317 1546 4370 τοῦ
1577 4318 1798 4388 κόσμου.

1920 4310 2186 4377 Christus,
2219 4330 2376 4371 sacra
2429 4318 2522 4372 illa
2573 4335 2698 4377 vere
2733 4334 2789 4378 et
2837 4335 3031 4380 saneta
3075 4332 3321 4399 victima,
3367 4350 3485 4402 quae

245 4404 388 4456 Ἀλλ’
413 4407 513 4475 ὅρα
550 4423 641 4477 μοι
669 4404 828 4460 πάλιν
860 4408 928 4460 τὰ
961 4406 1054 4459 ἴσα
1077 4406 1434 4478 πληρούμενα
1466 4409 1560 4460 καὶ
1584 4409 1674 4460 ἐπὶ
1700 4408 1806 4461 τῶν

224 4491 323 4546 διὰ
355 4494 582 4557 πίστεως
618 4497 699 4557 είς
746 4494 927 4562 φιλίαν
984 4495 1379 4549 ἀναϐαινόντων
1426 4495 1522 4548 τοῦ
1557 4497 1810 4566 Σωτῆρος

225 4581 391 4652 ἡμῶν
416 4583 670 4653 Χριστοῦ.
698 4584 974 4637 Ἤκουσαν
1016 4586 1107 4637 καὶ
1132 4585 1317 4638 αὐτοί·
1359 4584 1577 4650 Ἔξελθε
1613 4588 1676 4638 ἐκ
1711 4586 1809 4654 τῆς

1910 4403 2049 4458 tollit
2087 4416 2368 4473 peccatum
2409 4410 2597 4465 mundi
2649 4414 2716 4467 ⁷³.
2752 4414 2858 4471 Sed
2912 4418 3038 4473 vide
3089 4422 3242 4487 mihi,
3273 4440 3483 4492 quaeso.

1905 4494 2093 4548 eadem
2150 4496 2361 4566 impleri
2421 4517 2642 4573 quoque
2700 4507 2753 4560 in
2813 4508 2883 4564 iis
2932 4512 3024 4580 qui
3076 4514 3144 4567 ad
3185 4517 3482 4571 amicitiam

1909 4582 2221 4643 Servatoris
2255 4593 2434 4647 nostri
2465 4595 2664 4650 Christi
2715 4601 3047 4659 evehuntur.
3077 4605 3387 4661 Audierunt
3429 4619 3481 4664 et

219 4672 336 4742 γῆς
360 4688 473 4737 σου,
491 4674 585 4725 καὶ
603 4674 687 4726 ὅτι
710 4673 1001 4745 δεδράκασι
1025 4674 1341 4745 προθύμως,
1358 4674 1520 4729 ἄκουε
1542 4676 1594 4729 τί
1621 4692 1804 4744 φασιν·
1908 4676 2010 4745 ipsi

226 4783 251 4815 ¢
293 4764 371 4816 Ού
395 4762 502 4833 γάρ
526 4763 724 4833 ἔχομεν
744 4760 843 4818 ὧδε
882 4766 1149 4834 μένουσαν
1176 4767 1349 4833 πόλιν,
1382 4756 1518 4821 ἀλλά
1551 4768 1651 4838 τὴν
1681 4768 1807 4836 μέλ·-

216 4857 424 4907 λουσαν
456 4855 824 4925 ἐπιζητοῦμεν
844 4873 856 4886 ’
890 4877 908 4910 ι
941 4854 1005 4929 ἦς
1033 4860 1282 4929 τεχνίτης
1310 4859 1404 4913 καὶ
1422 4859 1750 4929 δημιουργὸς
1778 4860 1807 4911 ὁ

215 4944 379 5007 Θεός.
415 4946 673 5001 Μέτοικοι
718 4946 827 5017 γάρ
865 4950 970 5000 είσι
994 4990 1008 5013 ,
1037 4951 1131 5002 καὶ
1172 4949 1543 5020 παρεπίδημοι
1575 4949 1668 5001 ἐπὶ
1710 4950 1807 5020 τῆς

214 5033 348 5103 γῆς,
372 5034 486 5095 τοῖς
513 5034 626 5087 ἀνω
648 5035 1078 5105 πολιτευόμενοι,
1112 5037 1207 5090 καὶ
1226 5038 1326 5104 τὴν
1350 5035 1449 5104 μὲν
1478 5036 1807 5104 ἐνεγκοῦσαν

219 5124 459 5193 ἀφέντες
488 5163 503 5187 ,
532 5126 656 5178 ὅσον
689 5121 826 5198 ἦκεν
857 5128 1031 5180 εἰπεῖν
1060 5128 1140 5190 είς
1174 5127 1425 5198 φρόνημα
1449 5127 1511 5181 τὸ
1538 5126 1805 5196 φιλόθεον,

221 5216 537 5286 γλιχόμενοι
573 5216 631 5269 δὲ
681 5218 780 5287 τῆς
833 5219 945 5272 ἀνω
976 5218 1161 5289 μονῆς.
1194 5218 1407 5291 Ταύτην
1437 5220 1544 5291 γὰρ
1568 5221 1800 5283 αὐτοίςὸ

222 5307 415 5378 Σωτὴρ
453 5307 695 5372 ὑπέδειξε
738 5309 945 5377 λέγων⁵
975 5329 992 5360 ι
1040 5309 1349 5380 Πορεύομαι
1385 5311 1478 5363 καὶ
1522 5310 1800 5380 ἑτοιμάσω

221 5399 386 5452 τόπον
415 5384 545 5469 ύμῖν
572 5400 708 5454 ’ὅτε
754 5400 812 5453 δὲ
853 5400 991 5454 έλθω
1013 5442 1028 5468 ,
1064 5401 1454 5473 παραλήψομαι
1490 5402 1633 5472 ὑμᾶς
1680 5404 1797 5473 μετ’

309 5578 358 5611 ⁸⁸
404 5577 541 5636 Gen.
586 5596 674 5648 xv,
706 5580 758 5637 6.
838 5582 882 5616 "
921 5585 1054 5642 Gen.
1088 5601 1188 5652 xit,
1232 5584 1279 5639 1.
1358 5587 1404 5619 7°
1449 5585 1606 5643 Joan.
1639 5604 1696 5653 ιι,
1738 5586 1827 5643 9.6.

1905 4870 2216 4917 manentem
2248 4865 2551 4934 civitatem,
2580 4874 2674 4928 sed
2704 4873 2943 4930 futuram
2980 4878 3318 4948 inquirimus
3347 4884 3415 4946 τ’,
3457 4901 3477 4935 ι

1906 4950 2064 5021 cujus
2097 4954 2276 5024 opifex
2307 4966 2360 5012 et
2392 4960 2650 5016 conditor
2676 4974 2761 5019 est
2795 4965 2958 5022 Deus.
3004 4967 3288 5040 Peregrini
3332 4974 3476 5026 enim

1907 5050 2039 5097 sunt
2084 5052 2138 5099 et
2192 5046 2416 5102 advenae
2450 5049 2505 5103 in
2535 5059 2680 5106 terra
2732 5056 2822 5125 qui
2850 5058 3127 5114 cmlestem
3165 5061 3331 5114 vitam
3375 5062 3472 5116 du-

1908 5140 2059 5195 cunt,
2090 5141 2145 5187 et
2177 5143 2378 5190 terram
2402 5137 2601 5195 aﬂectu
2629 5157 2693 5197 ac
2711 5146 2898 5200 studio
2915 5148 3137 5216 pietatis
3161 5165 3287 5219 erga
3310 5150 3474 5205 Deum

1906 5223 2251 5294 relinquunt,
2299 5243 2550 5298 supernae
2597 5237 2898 5292 mansionis
2925 5238 3245 5295 desiderio:
3278 5242 3479 5313 quippe

1904 5313 2046 5368 hanc
2076 5317 2160 5372 eis
2189 5316 2439 5374 Salvator
2467 5326 2726 5391 ostendit,
2765 5327 2955 5383 dicens
2991 5345 3005 5383 :
3041 5349 3061 5382 ι
3102 5329 3252 5385 Vado
3284 5346 3481 5403 parare

1910 5404 2063 5461 vobis
2093 5406 2273 5462 locum
2300 5425 2315 5475 ;
2344 5424 2467 5465 cum
2494 5424 2675 5470 autem
2705 5433 2931 5487 venero,
2981 5423 3245 5495 accipiam
3279 5439 3376 5481 vos
3407 5424 3473 5480 ad

1905 5590 1945 5623 ⁷³
1971 5588 2129 5647 Joan.
2156 5631 2193 5659 .,
2219 5593 2310 5651 29.
2388 5598 2432 5629 τ’
2454 5596 2621 5656 Hebr.
2649 5600 2882 5666 31",”.
