4042 6204
530 263 638 322 387

1525 240 1582 295 S.
1631 231 1903 294 CYRILLI
1964 225 2428 282 ALEK‘ANDRINI
2471 225 2788 282 ABCIIiEP.

3678 227 3771 284 388

530 383 841 452 meipsum,
908 383 967 430 ιιι
1016 372 1108 429 ubi
1167 385 1310 426 sum-
1348 380 1469 438 ego,
1521 373 1575 420 ct
1626 377 1724 416 vos
1783 358 1904 415 sitis
1952 357 2021 412 ’³.
2077 372 2095 404 ι

2223 349 2468 421 ;μαυτοῦ,
2503 351 2590 405 ἴνα
2620 352 2754 404 ὅπου
2783 349 2898 422 εἰμὶ
2927 349 3054 418 ἐγὼ,
3074 348 3168 402 καὶ
3202 347 3360 418 ὑμεῖς
3387 341 3506 419 ἦτε.
3531 363 3550 397 ι
3582 347 3774 400 Ἥκου·

531 448 837 528 Audierunt
901 463 1208 520 exeundum
1267 473 1392 514 esse
1455 453 1522 508 de
1587 448 1918 520 cognatione
1978 458 2099 498 sua.

533 567 604 619 At
642 557 918 634 quomodo
977 555 1120 608 istud
1173 542 1731 606 demonstrabimus?
1783 538 1965 610 Ipsum
2003 535 2102 590 tibi

534 655 811 711 Christum
843 651 1192 716 interpretem
1223 641 1594 696 adducemus:
1635 653 1653 686 ‹
1693 633 1794 698 Qui
1831 636 1979 684 amat
2012 641 2105 698 pa-

535 757 674 802 trem
721 749 814 798 aut
846 748 1072 794 matrem
1117 736 1240 806 plus
1271 745 1436 801 quam
1471 742 1577 789 me,
1612 741 1718 780 non
1754 731 1838 778 est
1889 736 1973 775 me
2022 718 2106 773 di-

537 853 677 909 gnus
701 835 768 888 ".
810 852 828 885 ι
865 829 1021 897 Quod
1067 835 1247 880 autem
1301 819 1545 877 terrestri
1581 828 1632 872 et
1661 815 1874 872 carnali
1906 827 2108 882 cogna-

537 904 672 983 tioni
725 932 942 996 praestet
979 920 1071 975 Dei
1118 914 1384 980 amicitia,
1412 919 1466 967 et
1508 909 1651 978 apud
1712 906 1832 976 ejus
1863 904 2108 959 cultores

538 1019 697 1086 longe
726 993 910 1083 potior
943 1011 1012 1065 sit
1065 1009 1118 1062 in
1146 1006 1420 1060 Christum
1459 999 1702 1062 dilectio,
1738 997 1924 1066 utique
1948 993 2109 1048 dubi-

539 1084 764 1164 tandum
812 1121 920 1160 non
970 1112 1072 1158 est.
1128 1099 1192 1153 Et
1239 1099 1433 1153 beatus
1473 1092 1691 1164 quidem
1724 1089 1999 1144 Abraham
2044 1084 2109 1138 ﬁ-

539 1203 675 1258 lium
715 1213 877 1254 suum
925 1196 978 1249 in
1021 1193 1244 1247 odorem
1277 1186 1564 1244 suavitatis
1604 1179 1800 1236 oll‘erre
1841 1178 1950 1232 Deo
1987 1178 2109 1246 jus-

541 1308 638 1347 sus
667 1298 750 1346 est
775 1289 856 1337 "z
898 1285 952 1340 hi
985 1299 1113 1339 vero
1144 1281 1360 1351 justitia
1409 1277 1529 1331 ﬁdei
1572 1270 1872 1344 priceincti,
1904 1282 2110 1338 nequa—

542 1398 704 1454 quam
737 1380 896 1444 alios,
929 1376 1021 1432 sed
1059 1376 1270 1444 seipsos
1302 1371 1445 1442 jussi
1477 1375 1605 1423 sunt
1642 1364 1859 1420 oﬁ‘erre.
1885 1381 1903 1414 ι
1943 1361 2111 1416 Exhi-

541 1451 720 1528 beatis
777 1471 950 1533 enim,
988 1466 1186 1536 inquit,
1239 1475 1474 1532 corpora
1520 1466 1700 1513 vestra
1751 1453 1985 1508 hostiam
2031 1451 2113 1505 vi-

542 1571 785 1626 ventem,
828 1568 1099 1620 sanctam,
1132 1557 1240 1611 Deo
1273 1557 1600 1624 placentem,
1654 1545 1981 1604 rationabile
2017 1543 2113 1598 ob-

544 1656 796 1724 sequium
830 1660 1073 1707 vestrum
1099 1649 1170 1714 ",
1208 1665 1226 1698 ι
1263 1660 1384 1702 cum
1415 1653 1467 1699 et
1500 1643 1566 1698 de
1597 1642 1664 1696 iis
1691 1640 1956 1708 scriptum
1998 1635 2109 1691 sit:

550 1765 568 1798 ι
608 1745 711 1812 Qui
738 1754 915 1798 autem
947 1750 1076 1796 sunt
1123 1739 1325 1794 Christi
1355 1735 1508 1799 Jesu,
1538 1747 1759 1788 carnem
1791 1744 1945 1786 suam
1981 1743 2112 1782 cru-

545 1839 836 1893 ciﬁxerunt
865 1848 988 1889 cum
1022 1833 1168 1886 vitiis
1220 1838 1274 1882 et
1305 1824 1764 1896 concupiscentiis
1794 1822 1862 1874 ⁷⁷.
1908 1839 1926 1871 ι
1973 1819 2116 1873 Prae-

545 1939 696 1985 terea
728 1933 1103 1999 cognoverunt
1134 1923 1238 1994 ipsi
1269 1935 1488 1992 quoque
1527 1917 1734 1973 Christi
1765 1912 2113 1985 mysterium.

548 2020 743 2078 Sciunt
768 2020 917 2075 enim
952 2019 1184 2070 virtutes
1228 2014 1396 2068 futuri
1426 2011 1635 2074 szeculi,
1670 2017 1723 2063 et
1750 2021 1868 2076 quae
1899 2005 1953 2059 in
1987 2003 2116 2057 ulti-

549 2113 653 2166 mis
685 2111 866 2165 l‘utura
901 2117 1030 2164 sunt
1054 2106 1420 2176 temporibus,
1460 2102 1564 2158 sibi
1593 2114 1817 2155 suorum
1868 2097 2117 2150 laborum

548 2204 770 2273 praunia
801 2203 986 2257 datum
1020 2201 1108 2262 iri,
1140 2208 1193 2253 et
1219 2196 1444 2267 pietatis
1475 2195 1530 2247 in
1563 2192 1847 2247 Christum
1882 2187 2115 2242 retribu-

548 2296 775 2348 tioaem.
809 2293 970 2362 891
1024 2292 1209 2356 Itaque
1233 2288 1371 2359 justi
1408 2294 1462 2342 et
1494 2284 1657 2340 amici
1688 2282 1782 2336 Dei
1833 2293 2118 2348 nuncupa-

549 2385 754 2444 bimur,
788 2382 951 2438 sicuti
971 2381 1268 2434 Abraham.
1291 2377 1479 2446 Longe
1507 2389 1638 2430 vero
1661 2372 1819 2444 legali
1843 2370 2122 2440 antiquior

550 2482 633 2528 cst
683 2471 994 2540 evangelica
1029 2467 1395 2531 conversatio,
1429 2466 1480 2518 id
1511 2473 1595 2519 est
1635 2464 1725 2517 illa
1762 2476 1884 2532 qua:
1931 2474 2029 2530 per
2057 2458 2120 2513 ﬁ-

551 2566 674 2620 dem
705 2573 758 2618 ct
787 2563 1087 2616 amicitiam
1117 2560 1210 2614 Dei
1236 2561 1290 2613 in
1327 2558 1502 2628 primo
1538 2555 1760 2627 quidem
1815 2564 1948 2610 tunc
1983 2552 2121 2622 ﬁgu-

550 2666 670 2713 rata
700 2667 782 2712 est
823 2656 1156 2718 Abrahamo,
1209 2661 1270 2706 ut
1314 2655 1369 2705 in
1404 2651 1621 2721 generis
1663 2649 1962 2704 secundum
1998 2661 2122 2700 car-

551 2764 697 2811 nem,
741 2747 841 2800 hoc
873 2753 958 2799 est
990 2743 1208 2797 lsraclis
1241 2740 1528 2810 principio,
1558 2737 1655 2792 scd
1689 2753 1834 2798 nunc
1861 2747 2121 2805 tanquam

554 2855 584 2894 a
620 2847 748 2908 typo
787 2835 854 2890 ad
900 2835 1184 2889 veritatem
1220 2830 1488 2902 pervenit,
1524 2837 1578 2883 et
1618 2829 1673 2881 in
1728 2826 1939 2882 sanctis
1988 2824 2123 2895 ipsis

555 2927 840 2996 discipulis
872 2926 1020 2980 velut
1051 2925 1104 2977 in
1137 2923 1400 2992 primitiis
1426 2919 1642 2990 generis
1667 2918 1970 2974 secundum
2014 2917 2124 2986 spi-

2206 460 2304 496 σαν
2352 441 2587 507 ἐξελθεῖν
2620 441 2728 495 ἀπὸ
2770 441 2871 510 τῆς
2926 438 3244 510 συγγενείας
3278 435 3478 492 αὐτῶν.
3519 437 3634 490 Καὶ⁸
3668 437 3776 502 πῶς

2202 535 2362 587 τοῦτο
2404 532 2688 604 δείξομεν;
2722 533 2892 585 Αύτόν
2927 550 3008 586 σοι
3057 531 3391 602 παροίσομεν
3434 529 3662 598 λέγοντα
3692 529 3777 582 τὸν

2205 627 2468 699 Χριστόν’
2503 647 2521 678 ι
2543 628 2602 678 Ὀ
2633 625 2800 696 φιλῶν
2826 624 3092 695 πατέραῆ
3120 623 3330 695 μητέρα
3369 621 3511 693 ὑπὲρ
3545 620 3664 692 ἐμὲ,
3683 620 3779 674 ούκ

2206 721 2320 772 ἐστι
2353 737 2454 790 μου
2484 719 2650 784 ἄξιος.
2669 739 2685 770 ι
2714 721 2837 772 ’Ὁτι
2862 718 2917 771 δὲ
2944 718 3262 787 συγγενείας
3288 716 3386 787 τῆς
3418 714 3661 782 ἐπιγείου
3691 713 3780 765 καὶ

2208 813 2478 882 σαρκικῆς
2519 811 2912 884 προτετίμηται
2939 810 3009 863 τά
3040 809 3189 880 παρὰ
3231 807 3388 872 Θεοῦ,
3421 807 3515 860 καὶ
3559 805 3690 858 πολὺ
3718 805 3779 875 δὴ

2207 907 2472 976 κρείττων
2514 907 2546 975 ἡ
2602 907 2681 968 είς
2723 905 2952 975 Χριστὸν
2989 904 3177 972 ἀγάπη
3225 900 3498 964 τέθειται,
3538 897 3688 967 παρά
3720 912 3780 964 γε

2206 1000 2318 1061 τοῖς
2342 996 2655 1067 σεϐομένοις
2686 996 2878 1062 αὑτὸν,
2903 994 3116 1066 ἀληθῶς
3138 994 3240 1047 οὐκ
3266 990 3586 1062 ἀμφίλογον.
3619 987 3728 1042 Καὶ
3757 990 3783 1042 ὁ

2213 1092 2312 1162 μὲν
2336 1091 2604 1162 μακάριος
2631 1089 2883 1161 Ἀϐραὰμ
2906 1089 2996 1142 τὸν
3042 1088 3170 1142 ίδιον
3212 1087 3323 1139 υἱὸν
3366 1085 3445 1148 είς
3479 1082 3651 1154 ὀσμὴν
3691 1081 3784 1135 εύ-

2209 1181 2374 1246 ωδίας
2396 1183 2766 1252 προσαγαγεῖν
2795 1181 2872 1250 τῷ
2895 1179 3014 1250 Θεῷ
3041 1176 3377 1232 διεκελεύετο
3395 1190 3408 1206 ·
3447 1176 3493 1228 οί
3524 1174 3578 1226 δὲ
3601 1172 3697 1243 τὴν
3728 1173 3784 1225 ἐν

2213 1273 2393 1327 πίστει
2415 1272 2756 1342 δικαιοσύνην
2776 1271 3236 1342 περιζωσάμενοι,
3255 1269 3352 1338 ούχ
3381 1265 3465 1320 ἐτέ
3475 1283 3598 1338 ρους
3620 1280 3786 1334 προσ-

2212 1363 2460 1430 αγαγεῖν,
2489 1361 2600 1416 ἀλλ’
2631 1364 2854 1425 ἑαυτοὺς
2888 1359 3306 1428 ἐκελεύσθησαν,
3345 1375 3364 1407 ι
3391 1353 3783 1424 Παραστήσατε

2213 1451 2342 1523 γάρ,
2379 1453 2532 1524 φησὶ,
2564 1453 2632 1506 τὰ
2675 1451 2900 1522 σώματα
2945 1448 3099 1520 ὑμῶν
3144 1447 3334 1501 Θυσίαν
3376 1444 3576 1509 ζῶσαν,
3603 1443 3782 1510 ἁγίαν,

2214 1544 2506 1615 εὐάρεστον
2532 1543 2611 1615 τῷ
2658 1543 2797 1614 Θεῷ,
2842 1541 2940 1613 τὴν
2987 1539 3209 1611 λογικὴν
3247 1536 3501 1608 λατρείαν
3549 1535 3728 1604 ὑμῶνς
3762 1551 3780 1585 ι

2216 1635 2305 1688 ὅτε
2339 1636 2433 1689 καὶ
2466 1635 2773 1707 γέγραπται
2801 1634 2926 1704 περὶ
2974 1631 3153 1687 αὐτῶν
3183 1647 3196 1660 ·
3231 1648 3250 1682 ι
3295 1627 3360 1682 Ui
3393 1629 3502 1698 γὰρ
3526 1627 3617 1680 τοῦ
3656 1625 3789 1695 Χρι-

2217 1725 2342 1779 στοῦ
2388 1727 2564 1795 Ἰησοῦ
2614 1725 2712 1798 τὴν
2747 1726 2928 1796 σάρκα
2955 1722 3306 1793 ἐσταύρωσαν
3337 1721 3436 1774 σὺν
3471 1721 3581 1782 τοῖς
3611 1717 3787 1788 παθή-
3827 1749 3833 1756 -

2219 1832 2351 1885 μασι
2400 1817 2494 1872 καὶ
2535 1818 2652 1879 ταῖς
2699 1815 3031 1885 ἐπιθυμίαις.
3067 1832 3085 1865 ι
3122 1813 3403 1880 Ἕγνωσαν
3424 1807 3480 1862 δέ
3514 1807 3608 1861 καὶ
3637 1805 3791 1860 αὐτοὶ

2215 1913 2277 1966 τὸ
2308 1913 2364 1964 ὲν
2395 1908 2614 1980 Χριστῷ
2655 1907 2973 1978 μυστήριον.
3008 1906 3182 1965 Ἴσασι
3211 1903 3317 1973 γάρ
3362 1900 3618 1970 δυνάμεις
3664 1897 3792 1968 μέλ-

2217 2001 2398 2064 λοντος
2425 1999 2620 2067 αἰῶνος
2644 2036 2660 2061 ,
2687 1995 2872 2050 καὶτὰ
2916 1996 2972 2048 ἐν
3003 1994 3251 2064 ἐσχάτοις
3296 1991 3530 2060 ἐσόμενα
3555 1990 3790 2057 καιροῖς,

2217 2095 2300 2148 ὅτι
2341 2093 2450 2147 τῶν
2482 2093 2627 2145 ίδίων
2653 2089 3018 2159 ἀπολήψονται
3057 2086 3234 2139 πόνων
3264 2085 3390 2148 τοὺς
3423 2081 3664 2154 μισθοὺς,
3698 2079 3795 2132 καὶ

2217 2189 2317 2260 τῆς
2341 2190 2419 2251 είς
2464 2186 2700 2255 Χριστὸν
2739 2183 3020 2246 εὐσεϐείας
3052 2178 3490 2252 ἁντικομιοῦνται
3514 2176 3611 2247 τὴν
3632 2176 3794 2243 ἀμοι-

2220 2280 2341 2352 ϐήν.
2359 2279 2567 2333 Οὐκοῦν
2599 2278 2798 2332 δίκαιοί
2826 2293 2885 2330 τε
2912 2275 3007 2328 καὶ
3032 2274 3172 2344 φίλοι
3194 2270 3326 2326 Θεοῦ
3360 2266 3792 2342 χρηματιοῦμεν,

2221 2371 2471 2441 καθάπερ
2533 2368 2804 2440 Ἀϐραάμ.
2843 2364 3199 2437 Ἀρχαιοτέρα
3229 2363 3286 2415 δὲ
3339 2360 3541 2431 σφόδρα
3570 2358 3668 2428 τῆς
3709 2374 3795 2410 vo-

2223 2464 2390 2534 μικῆς
2435 2460 2772 2531 πολιτείαςὴ
2821 2457 3188 2527 εύαγγελικὴ,
3225 2452 3368 2508 τοῦτ’
3426 2452 3591 2515 ἐστιν,
3629 2453 3660 2522 ή
3708 2449 3798 2504 διὰ

2223 2554 2457 2615 πίστεως
2481 2593 2494 2616 ,
2525 2549 2618 2604 καὶ
2651 2549 2832 2618 φιλίας
2877 2547 3036 2609 Θεοῦ,
3063 2550 3121 2600 ἐν
3157 2545 3358 2616 πρώτῳ
3397 2544 3496 2614 μὲν
3535 2543 3653 2595 τότε
3681 2541 3797 2596 δια-

2223 2641 2582 2713 πεπλασμένη
2626 2639 2704 2710 τῷ
2772 2636 3156 2710 Ἀϐραὰμ,ώς
3206 2638 3264 2689 ἐν
3308 2636 3450 2707 ἀρχῇ
3502 2633 3596 2687 τοῦ
3651 2632 3800 2686 κατὰ

2225 2735 2402 2805 σάρκα
2428 2733 2618 2802 γένους
2637 2773 2652 2798 ,
2681 2731 2826 2786 τοῦτ’
2871 2731 2986 2784 ἔστι
3021 2731 3117 2784 τοῦ
3161 2728 3375 2800 Ἰσραήλ
3397 2744 3411 2755 ·
3442 2725 3714 2798 ἐρχομένη
3744 2724 3800 2779 δὲ

2225 2829 2359 2889 νυνὶ,
2390 2827 2641 2896 καθάπερ
2669 2825 2732 2878 ἐκ
2763 2822 2933 2876 τύπου
2962 2821 3098 2893 πρὸς
3144 2819 3420 2891 ἀλήθειαν,
3445 2816 3801 2888 πληρουμένη

2223 2937 2282 2972 τε
2337 2918 2515 2981 καλῶς
2559 2921 2616 2969 ἐν
2667 2917 2848 2979 αὐτοῖς
2900 2918 3013 2978 τοῖς
3059 2915 3233 2982 ἁγίοις
3290 2911 3587 2982 μαθηταῖς,
3615 2909 3697 2972 ὼς
3746 2911 3802 2960 ὲν

555 3018 726 3072 ritum
764 3025 909 3072 recte
936 3015 1287 3084 adimpletur,
1317 3012 1465 3082 quod
1500 3011 1792 3080 acquisivit
1832 3011 1888 3063 in
1932 3009 2118 3078 acqui-

2223 3012 2443 3081 ὰπαρχῇ
2477 3009 2568 3063 τοῦ
2601 3009 2739 3062 κατὰ
2769 3006 2984 3078 πνεῦμα
3010 3006 3219 3075 γένους,
3235 3003 3328 3058 τοῦ
3361 3004 3456 3057 καί⁵
3481 3017 3804 3072 περιποιουο

557 3111 808 3165 sitionem
859 3106 1068 3178 populi,
1105 3105 1198 3175 qui
1247 3112 1299 3159 et
1321 3119 1456 3175 gens
1501 3111 1725 3166 sancta,
1744 3110 1798 3158 et
1824 3100 2006 3170 regale
2037 3116 2127 3155 sa-

557 3203 859 3258 cerdotium
894 3210 1242 3268 nuncupatur
1274 3197 1603 3272 ",ldcbque
1636 3205 1689 3252 et
1713 3197 1782 3251 ad
1814 3194 2126 3249 Judzeornm

556 3301 810 3356 matrem,
840 3292 894 3346 id
924 3300 1009 3346 est
1056 3290 1423 3361 Synagogam,
1459 3304 1555 3357 per
1594 3285 1897 3341 Psalmista:
1935 3298 2127 3339 vocem

559 3387 766 3444 dictum
794 3392 880 3441 est
909 3401 922 3438 :
961 3403 980 3436 ι
1015 3383 1120 3438 Pro
1147 3383 1398 3452 patribus
1426 3380 1532 3436 tuis
1583 3379 1697 3434 nati
1748 3386 1878 3433 sunt
1916 3377 2014 3431 tibi
2069 3377 2130 3428 ii-

559 3478 619 3535 lii
649 3480 716 3531 ⁷⁸.
753 3496 771 3529 ι
810 3475 1072 3543 Quamvis
1126 3477 1274 3530 enim
1309 3481 1488 3529 essent
1543 3472 1637 3526 lilii
1687 3471 1985 3542 Synagogze
2032 3466 2131 3523 Ju-

561 3569 802 3625 dmorum
844 3567 1013 3621 divini
1065 3566 1322 3634 discipuli
1370 3565 1641 3634 (moribus
1690 3564 1836 3618 enim
1879 3559 2131 3616 Judaicis

562 3658 814 3712 innutriti
867 3657 1134 3723 fuerant),
1194 3657 1248 3711 in
1309 3663 1491 3724 patres
1547 3662 1730 3707 tamen
1791 3653 1920 3707 facti
1979 3659 2129 3717 sunt,

561 3747 857 3804 Abrahami
911 3749 1090 3802 locum
1150 3753 1422 3811 tenentes,
1482 3753 1536 3799 et
1591 3743 1809 3814 generis
1865 3742 2132 3813 spiritalis

564 3841 891 3912 principium
923 3837 1053 3892 facti
1081 3847 1227 3900 sunt,
1265 3845 1429 3906 atque
1462 3834 1666 3890 idcirco
1697 3833 1859 3903 primi
1890 3848 1986 3903 per
2018 3833 2135 3886 uni-

566 3946 788 3985 versum
837 3932 1024 3985 orbem
1064 3928 1347 3982 constituti
1377 3934 1533 3988 sunt,
1567 3935 1623 3980 et
1661 3925 1752 3995 qui
1790 3923 2135 3978 immolarent

564 4022 1017 4093 [sanctiﬁcarentj
1053 4020 1408 4091 Evangelium
1446 4018 1673 4084 Christi,
1697 4018 1843 4074 sicut
1871 4017 1964 4071 ille
1990 4017 2043 4070 in
2075 4015 2135 4069 ﬁ-

565 4105 700 4184 guia
733 4113 936 4168 Christi
971 4111 1140 4166 ﬁlium
1170 4127 1335 4167 suum
1368 4112 1541 4167 Isaac.
1572 4110 1698 4164 llaec
1749 4110 2005 4172 dicimus,
2042 4122 2135 4161 ne-

564 4220 837 4276 quaquam
860 4206 1042 4261 debita
1069 4213 1122 4260 et
1145 4203 1491 4260 convenienti
1515 4204 1688 4274 gloria
1712 4202 1930 4268 beatum
1960 4201 2137 4255 Abra-

564 4297 786 4352 hamum
835 4296 1244 4359 defraudantes,
1277 4298 1376 4353 sed
1423 4295 1782 4352 ostendentes
1823 4294 1880 4347 in
1915 4307 1979 4348 eo
2013 4302 2133 4347 tan-

563 4404 728 4459 quam
775 4389 829 4443 in
861 4397 988 4461 typo
1030 4390 1344 4459 dispensata
1395 4387 1566 4443 fuisse
1601 4402 1696 4457 per
1743 4385 2022 4442 Christum
2069 4399 2132 4438 ea

565 4493 688 4546 quae
718 4477 1036 4532 novissimis
1065 4478 1400 4548 temporibus
1427 4479 1796 4547 contigerunt.
1830 4476 2134 4531 Comitatur

566 4568 772 4637 itaque,
801 4577 855 4622 et
879 4569 1136 4640 colligata
1176 4577 1260 4624 est
1289 4569 1694 4638 quodammodo
1725 4569 1966 4623 libertati
2011 4567 2133 4623 ﬁdei

568 4658 774 4712 amoris
819 4675 946 4727 erga
987 4659 1156 4713 Deum
1203 4659 1478 4729 dignitas:
1525 4660 1669 4728 quod
1701 4661 1878 4715 visum
1913 4660 2133 4729 quidem

565 4755 650 4801 est
680 4753 812 4800 tunc
844 4746 898 4799 in
928 4747 1105 4814 primo
1133 4748 1224 4801 illo
1241 4748 1585 4802 Abrahamo:
1625 4764 1770 4804 nunc
1799 4757 1983 4804 autem
2013 4765 2138 4805 rur-

570 4852 666 4893 sus
721 4838 776 4891 in
829 4839 1034 4892 sanctis
1089 4839 1377 4910 discipulis
1431 4847 1691 4909 tanquam
1749 4841 1803 4895 in
1857 4843 2133 4911 primitiis.

569 4929 726 4997 Quod
763 4937 819 4984 ut
850 4945 1163 4986 asseramus
1191 4930 1410 4987 divinus
1437 4933 1529 4988 ille
1558 4931 1760 4989 Paulus
1802 4949 1906 4990 nos
1942 4935 2135 5006 adigit,

571 5023 666 5092 qui
697 5037 820 5077 cum
849 5021 1054 5078 Iudaeis
1092 5023 1254 5079 enixe
1300 5027 1667 5083 contendebat
1699 5026 1824 5082 ﬁdei
1870 5026 2138 5096 justitiam

572 5111 733 5182 longe
779 5114 1145 5184 antiquiorem
1189 5129 1313 5170 esse
1344 5115 1525 5186 legali.
1577 5117 1710 5171 Cum
1748 5117 1896 5172 enim
1930 5116 1996 5171 de
2029 5116 2136 5170 cir-

2229 3102 2392 3173 μένου
2439 3102 2519 3164 εἰς
2567 3099 2913 3172 περιποίησιν
2944 3097 3094 3164 λαοῦ,
3125 3097 3184 3161 ὃς
3217 3097 3312 3150 καὶ
3336 3094 3485 3158 έθνος
3513 3095 3666 3162 ἅγιον
3707 3093 3804 3146 καὶ

2229 3194 2499 3264 βασίλειον
2546 3191 2840 3263 ἱεράτευμα
2890 3187 3376 3261 προσαγορεύεται.
3415 3185 3506 3239 Διὸ
3526 3184 3629 3240 καὶ
3661 3182 3807 3256 πρὸς

2227 3286 2326 3354 τὴν
2349 3285 2456 3338 τῶν
2490 3284 2755 3337 Ἰουδαίων
2788 3281 3018 3353 μητέρα,
3051 3281 3194 3352 φημὶ
3226 3280 3290 3350 δὴ
3317 3279 3416 3351 τὴν
3446 3278 3805 3348 Συναγωγὴν,

2228 3377 2317 3430 διὰ
2355 3379 2450 3447 τῆς
2489 3376 2581 3429 τοῦ
2607 3375 2915 3437 Ψάλλοντος
2956 3373 3169 3445 εἴρηται
3204 3373 3416 3444 φωνῆς’
3454 3391 3473 3426 ι
3515 3373 3658 3427 Ἀντί
3695 3373 3808 3427 τῶν

2232 3466 2480 3537 πατέρων
2524 3481 2618 3517 σου
2687 3463 3055 3532 ἐγεννήθησαν
3117 3463 3167 3515 οί
3224 3461 3329 3514 υίοί
3389 3479 3501 3515 σου.
3547 3480 3565 3513 ι
3607 3461 3807 3514 Καίτοι

2230 3558 2338 3628 γὰρ
2372 3557 2522 3620 ὄντες
2543 3555 2648 3608 υἱοὶ⁵
2667 3555 2767 3626 τῆς
2791 3555 3063 3608 Ἰουδαίων
3094 3552 3422 3622 Συναγωγῆς
3446 3553 3497 3606 οἱ
3526 3551 3809 3605 θεσπέσιοι

2235 3650 2472 3721 μαθηταὶ
2512 3649 2678 3720 (ἔθεσι
2723 3647 2832 3718 γὰρ
2873 3646 3257 3718 ἀνετράφησαν
3303 3647 3410 3708 τοῖς
3443 3642 3808 3713 Μωσαῖκοῖς),

2233 3744 2522 3812 γεγόνασιν
2549 3745 2627 3806 είς
2670 3741 2934 3812 πατέρας,
2958 3740 3057 3810 τὴν
3092 3737 3186 3793 τοῦ
3231 3736 3482 3809 Ἀϐραὰμ
3511 3737 3807 3806 ἐπέχοντες

2233 3837 2402 3900 τάξιν,
2429 3836 2522 3888 καὶ
2550 3836 2736 3902 γένους
2753 3833 2896 3903 ἀρχὴ
2920 3832 3258 3902 κατέστησαν
3286 3829 3381 3883 τοῦ
3407 3828 3806 3900 πνευματικοῦ,

2234 3925 2491 3996 ἄρχοντές
2521 3941 2580 3976 τε
2607 3923 2695 3976 διὰ
2738 3922 2897 3975 τοῦτο
2945 3919 3412 3990 κεχειροτόνηνται
3445 3917 3589 3971 κατὰ
3623 3917 3808 3968 πᾶσαν

2234 4018 2332 4087 τὴν
2385 4013 2708 4084 οἰκουμένην
2771 4012 3176 4083 ἱερουργοῦντες
3221 4010 3283 4062 τὸ
3328 4007 3658 4076 Εὑαγγέλιον
3711 4003 3808 4059 τοῦ

2235 4108 2508 4182 Χριστοῦ,
2541 4107 2795 4176 καθάπερ
2850 4107 3056 4167 ἐκεῖνος
3107 4105 3164 4156 ἐν
3213 4102 3366 4172 τύπῳ
3421 4098 3656 4171 Χριστοῦ
3718 4099 3810 4152 τὸν

2249 4201 2452 4255 Ἰσαάκ.
2509 4199 2693 4253 Ταῦτά
2725 4214 2924 4267 φαμεν,
2965 4197 3086 4266 οὐχὶ
3134 4196 3232 4264 τῆς
3263 4194 3616 4264 ὀφειλομένης
3655 4190 3812 4261 αὐτῷ

2239 4295 2333 4347 καὶ
2389 4290 2708 4363 πρεπούσης
2751 4289 2908 4359 δόξης
2963 4288 3066 4352 ἔξω
3106 4287 3344 4349 τιθέντες
3395 4284 3485 4338 τὸν
3538 4283 3811 4354 μακάριον

2249 4387 2520 4457 Ἀϐραὰμ,
2549 4385 2664 4439 ἀλλ’
2694 4382 2769 4444 ὡς
2790 4385 2848 4436 ἐν
2880 4381 3034 4452 τύπῳ
3077 4379 3415 4442 δεικνύοντες
3456 4379 3514 4430 ἐν
3555 4377 3709 4447 αὐτῷ
3743 4375 3813 4428 τά

2234 4481 2292 4533 ἐν
2342 4477 2594 4548 ἐσχάτοις
2656 4476 2868 4545 καιροῖς
2924 4470 3345 4540 οίκονομηθέντα
3408 4468 3496 4522 διὰ
3542 4465 3809 4536 Χριστοῦ.

2233 4569 2544 4640 Παρέπεται
2595 4566 2775 4619 τοίνυν
2818 4564 2911 4616 καὶ
2963 4560 3313 4624 συνέζευκται
3357 4576 3471 4622 πως
3503 4561 3566 4628 τῇ
3599 4557 3692 4610 διὰ
3726 4557 3813 4610 πίε

2236 4678 2406 4723 στεως
2433 4658 2733 4729 ἐλευθερίᾳ,
2755 4657 2817 4710 τὸ
2839 4656 2936 4725 τῆς
2968 4654 3103 4724 πρὸς
3131 4652 3264 4706 Θεὸν
3291 4651 3470 4721 φιλίας
3491 4651 3551 4703 τὸ
3569 4649 3809 4717 ἀξίωμα,

2233 4755 2370 4822 ὅπερ
2400 4751 2559 4819 ὤφθη
2591 4749 2686 4820 μὲν
2721 4750 2777 4802 ἐν
2808 4747 3009 4816 πρώτῳ
3038 4746 3158 4799 τότε
3186 4743 3263 4814 τῷ
3302 4742 3578 4813 ⁹Δϐρςιάμ·
3612 4743 3736 4795 νυνὶ
3757 4741 3812 4793 δὲ

2235 4844 2416 4904 πάλιν,
2451 4841 2527 4904 ὼς
2568 4841 2623 4892 ὲν
2654 4839 2878 4908 ἀπαρχῇ
2913 4839 3024 4898 τοῖς
3070 4833 3245 4902 ἁγίοις
3304 4831 3591 4900 μαθηταῖς.
3625 4830 3812 4898 Παρα-

2235 4933 2458 5005 κομίσαι
2491 4932 2548 4984 δέ
2575 4948 2692 4994 πως
2736 4931 2828 4982 ἐπὶ
2867 4928 2935 4981 τὸ
2971 4926 3143 4980 ταῦτα
3185 4924 3380 4994 χρῆναι
3405 4921 3583 4988 λέγειν
3615 4920 3766 4990 ἡμᾶς
3786 4916 3813 4968 ό

2237 5022 2525 5084 θεσπέσιος
2552 5019 2784 5080 Παῦλος,
2815 5017 2875 5070 οὐ
2931 5014 3166 5086 μετρίως
3203 5016 3315 5077 τοῖς
3352 5009 3626 5071 Ἰουδαίοις
3668 5007 3815 5075 φιλο-

2238 5113 2554 5178 νεικῶυ,ὃτι
2586 5114 2686 5182 τῆς
2722 5107 2864 5162 κατὰ
2891 5107 3054 5178 νόμον
3079 5102 3425 5171 δικαιοσύνης
3460 5096 3818 5171 πρεσϐυτέρα

573 5203 914 5261 cumcisione
963 5207 1150 5262 carnis
1203 5207 1372 5262 verba
1427 5207 1663 5274 faceret,
1699 5225 1807 5264 non
1869 5209 2030 5263 aliam
2065 5208 2122 5263 oi

2241 5206 2362 5260 λίαν
2397 5205 2541 5257 ἐστὶν
2588 5204 2622 5273 ὴ
2667 5203 2733 5254 ἐκ
2780 5200 3033 5261 πίστεως.
3072 5198 3201 5250 Ὅτε
3252 5194 3363 5266 γὰρ
3403 5193 3496 5246 τὸν
3532 5189 3634 5260 τῆς
3668 5184 3821 5241 κατὰ

572 5306 796 5349 causam
825 5297 1006 5351 datam
1041 5312 1164 5352 esse
1205 5297 1350 5352 hanc
1380 5298 1601 5367 generis
1631 5299 1908 5368 primitiis,
1960 5299 2012 5353 id
2057 5315 2116 5354 es

2245 5298 2426 5367 σάρκα
2471 5293 2776 5366 περιτομῆς
2809 5292 3045 5345 ἐποιεῖτο
3077 5288 3271 5356 λόγον,
3297 5287 3398 5356 οὐχ
3440 5282 3628 5354 ἐτέρου
3665 5277 3824 5342 τινὸς

574 5380 906 5449 Abrahamo,
934 5389 1301 5451 conﬁrmavit,
1335 5403 1500 5458 quam
1553 5399 1613 5444 ut
1644 5399 2023 5462 argumentum
2053 5406 2122 5446 csa

2243 5393 2402 5462 χάριν
2443 5387 2689 5442 δεδόσθαι
2737 5383 2942 5456 ταύτην
2984 5381 3358 5452 διῖσχυρίσατο
3401 5379 3468 5447 τῇ
3500 5374 3595 5428 τοῦ
3625 5373 3830 5441 γένους

575 5477 660 5527 set
689 5486 753 5526 ac
799 5473 1137 5544 signaculum
1167 5479 1289 5532 ﬁdei
1325 5493 1446 5548 quae
1476 5478 1530 5533 in
1574 5482 1855 5550 praeputio.
1885 5480 2041 5546 Quod
2089 5484 2122 5536 si

2245 5483 2492 5552 ἀπαρχῇ,
2536 5477 2679 5532 τοῦτ’
2728 5477 2840 5530 ἔστι
2889 5475 2967 5546 τῷ
3010 5473 3280 5545 Ἀϐραὰμ,
3333 5471 3366 5541 ἢ
3422 5468 3516 5523 τοῦ
3563 5463 3834 5536 γενέσθαι

645 5586 1085 5676 ⁷⁸ΑΙοηιιζξιν,“5.
1161 5594 1206 5626 ⁷⁸
1230 5597 1418 5676 M_atth.
1449 5597 1608 5662 x,37.
1688 5601 1731 5632 "
1757 5601 1869 5656 Gen
1920 5619 2055 5670 un,
2096 5605 2116 5657 1
2153 5620 2306 5676 seqq.
2410 5600 2636 5654 "Rom.
2683 5615 2778 5665 ιιι,
2816 5600 2864 5652 1.
2975 5596 3020 5629 ’⁷
3043 5595 3221 5650 Galat.
3263 5611 3315 5659 τ,
3348 5593 3459 5647 24.‘
3540 5589 3626 5643 "l
3662 5587 3828 5644 Petr.

646 5600 691 5619 "
710 5600 867 5644 Joan.
891 5607 1000 5653 xtv,
1033 5600 1085 5647 5.
1161 5600 1206 5626 ⁷⁵
1230 5600 1418 5651 Matth.
1449 5600 1608 5662 x,37.
1688 5601 1731 5632 "
1757 5601 1869 5656 Gen
1920 5619 2033 5658 un
2096 5605 2116 5657 1

577 5672 638 5727 ιι,
682 5659 733 5715 9.
827 5661 1042 5717 "Psal.
1083 5679 1226 5727 κων,
1260 5666 1309 5716 7.
2045 5647 2055 5670 ⁷

2223 5620 2306 5676 qq.
2410 5600 2636 5654 "Rom.
2683 5615 2778 5665 ιιι,
2816 5600 2864 5652 1.
