  <div class='ocr_page' id='page_1' title='image "/cluster/home/n/w/nwhite01/storage/ocr_20150623/74/hvd.32044048207120/200.png"; bbox 0 0 4042 6204; ppageno 0'>
   <div class='ocr_carea' id='block_1_1' title="bbox 266 220 389 279">
    <p class='ocr_par' dir='ltr' id='par_1_1' title="bbox 266 220 389 279">
     <span class='ocr_line' id='line_1_1' title="bbox 266 220 389 279; baseline -0.016 0"><span class='ocrx_word' id='word_1_1' title='bbox 266 220 389 279; x_wconf 76' lang='lat'><strong>389</strong></span> 
     </span>
    </p>
   </div>
   <div class='ocr_carea' id='block_1_2' title="bbox 1248 168 2441 270">
    <p class='ocr_par' dir='ltr' id='par_1_2' title="bbox 1248 168 2441 270">
     <span class='ocr_line' id='line_1_2' title="bbox 1248 168 2441 270; baseline -0.006 -2"><span class='ocrx_word' id='word_1_2' title='bbox 1248 168 1255 177; x_wconf 64' lang='grc'><em>’</em></span> <span class='ocrx_word' id='word_1_3' title='bbox 1294 212 1362 268; x_wconf 79' lang='lat' dir='ltr'><strong>IN</strong></span> <span class='ocrx_word' id='word_1_4' title='bbox 1391 210 1679 270; x_wconf 77' lang='lat' dir='ltr'><strong>JO‘ANNIS</strong></span> <span class='ocrx_word' id='word_1_5' title='bbox 1715 206 2170 267; x_wconf 60' lang='lat' dir='ltr'><strong>nuncnum</strong></span> <span class='ocrx_word' id='word_1_6' title='bbox 2210 208 2336 265; x_wconf 87' lang='lat' dir='ltr'><strong>LIB.</strong></span> <span class='ocrx_word' id='word_1_7' title='bbox 2371 197 2441 263; x_wconf 83' lang='lat' dir='ltr'><strong>x:</strong></span> 
     </span>
    </p>
   </div>
   <div class='ocr_carea' id='block_1_3' title="bbox 3438 210 3544 268">
    <p class='ocr_par' dir='ltr' id='par_1_3' title="bbox 3438 210 3544 268">
     <span class='ocr_line' id='line_1_3' title="bbox 3438 210 3544 268; baseline 0.019 -2"><span class='ocrx_word' id='word_1_8' title='bbox 3438 210 3544 268; x_wconf 65' lang='lat'><strong>€90</strong></span> 
     </span>
    </p>
   </div>
   <div class='ocr_carea' id='block_1_4' title="bbox 273 320 1869 401">
    <p class='ocr_par' dir='ltr' id='par_1_4' title="bbox 273 321 1863 401">
     <span class='ocr_line' id='line_1_4' title="bbox 273 321 1863 401; baseline -0.003 -20"><span class='ocrx_word' id='word_1_9' title='bbox 273 326 510 401; x_wconf 83' lang='grc' dir='ltr'>σημεῖον</span> <span class='ocrx_word' id='word_1_10' title='bbox 550 324 644 380; x_wconf 80' lang='grc' dir='ltr'>καὶ</span> <span class='ocrx_word' id='word_1_11' title='bbox 686 323 960 396; x_wconf 87' lang='grc' dir='ltr'>σφραγῖδα</span> <span class='ocrx_word' id='word_1_12' title='bbox 1012 322 1113 394; x_wconf 81' lang='grc' dir='ltr'>τῆς</span> <span class='ocrx_word' id='word_1_13' title='bbox 1161 323 1218 375; x_wconf 88' lang='grc' dir='ltr'>ἐν</span> <span class='ocrx_word' id='word_1_14' title='bbox 1245 323 1579 393; x_wconf 63' lang='grc' dir='ltr'><strong>ἀκροϐυστίᾳ⁴</strong></span> <span class='ocrx_word' id='word_1_15' title='bbox 1609 321 1863 387; x_wconf 88' lang='grc' dir='ltr'>πίστεως.</span> 
     </span>
    </p>
   </div>
   <div class='ocr_carea' id='block_1_5' title="bbox 1968 320 3545 401">
    <p class='ocr_par' dir='ltr' id='par_1_5' title="bbox 1973 320 3545 396">
     <span class='ocr_line' id='line_1_5' title="bbox 1973 320 3545 396; baseline 0.007 -22"><span class='ocrx_word' id='word_1_16' title='bbox 1973 330 2098 376; x_wconf 98' lang='lat' dir='ltr'><strong>ante</strong></span> <span class='ocrx_word' id='word_1_17' title='bbox 2135 321 2310 392; x_wconf 91' lang='lat' dir='ltr'><strong>legem</strong></span> <span class='ocrx_word' id='word_1_18' title='bbox 2342 328 2461 376; x_wconf 90' lang='lat' dir='ltr'><strong>erat</strong></span> <span class='ocrx_word' id='word_1_19' title='bbox 2488 320 2836 393; x_wconf 69' lang='lat' dir='ltr'><strong>praeputium,</strong></span> <span class='ocrx_word' id='word_1_20' title='bbox 2865 335 2988 377; x_wconf 91' lang='lat' dir='ltr'><strong>cum</strong></span> <span class='ocrx_word' id='word_1_21' title='bbox 3015 337 3125 396; x_wconf 90' lang='lat' dir='ltr'><strong>quo</strong></span> <span class='ocrx_word' id='word_1_22' title='bbox 3172 326 3336 382; x_wconf 88' lang='lat' dir='ltr'><strong>etiam</strong></span> <span class='ocrx_word' id='word_1_23' title='bbox 3368 324 3545 392; x_wconf 80' lang='lat' dir='ltr'><strong>ﬁdes;</strong></span> 
     </span>
    </p>
   </div>
   <div class='ocr_carea' id='block_1_6' title="bbox 268 410 1865 488">
    <p class='ocr_par' dir='ltr' id='par_1_6' title="bbox 268 410 1865 488">
     <span class='ocr_line' id='line_1_6' title="bbox 268 410 1865 488; baseline -0.004 -15"><span class='ocrx_word' id='word_1_24' title='bbox 268 419 346 485; x_wconf 76' lang='grc' dir='ltr'><strong>Εἰ</strong></span> <span class='ocrx_word' id='word_1_25' title='bbox 374 417 431 472; x_wconf 82' lang='grc' dir='ltr'><strong>δέ</strong></span> <span class='ocrx_word' id='word_1_26' title='bbox 459 416 567 488; x_wconf 82' lang='grc' dir='ltr'>πρὸ</span> <span class='ocrx_word' id='word_1_27' title='bbox 594 416 762 488; x_wconf 89' lang='grc' dir='ltr'>νόμου</span> <span class='ocrx_word' id='word_1_28' title='bbox 788 416 822 486; x_wconf 80' lang='grc' dir='ltr'><strong>ἡ</strong></span> <span class='ocrx_word' id='word_1_29' title='bbox 850 413 1204 486; x_wconf 89' lang='grc' dir='ltr'>ἀκροϐυστία,</span> <span class='ocrx_word' id='word_1_30' title='bbox 1239 414 1359 486; x_wconf 85' lang='grc' dir='ltr'>μεθ’</span> <span class='ocrx_word' id='word_1_31' title='bbox 1383 410 1451 488; x_wconf 82' lang='grc' dir='ltr'>ἦς</span> <span class='ocrx_word' id='word_1_32' title='bbox 1478 416 1572 470; x_wconf 76' lang='grc' dir='ltr'><strong>καὶ</strong></span> <span class='ocrx_word' id='word_1_33' title='bbox 1599 416 1633 487; x_wconf 79' lang='grc' dir='ltr'>ἠ</span> <span class='ocrx_word' id='word_1_34' title='bbox 1662 414 1865 478; x_wconf 86' lang='grc' dir='ltr'>πίστις,</span> 
     </span>
    </p>
   </div>
   <div class='ocr_carea' id='block_1_7' title="bbox 277 506 1868 582">
    <p class='ocr_par' dir='ltr' id='par_1_7' title="bbox 277 506 1868 582">
     <span class='ocr_line' id='line_1_7' title="bbox 277 506 1868 582; baseline -0.003 -18"><span class='ocrx_word' id='word_1_35' title='bbox 277 508 420 582; x_wconf 77' lang='grc' dir='ltr'>μετὰ</span> <span class='ocrx_word' id='word_1_36' title='bbox 464 509 524 562; x_wconf 84' lang='grc' dir='ltr'>δὲ</span> <span class='ocrx_word' id='word_1_37' title='bbox 578 508 669 564; x_wconf 83' lang='grc' dir='ltr'><strong>τὸν</strong></span> <span class='ocrx_word' id='word_1_38' title='bbox 716 507 880 578; x_wconf 89' lang='grc' dir='ltr'>νόμον</span> <span class='ocrx_word' id='word_1_39' title='bbox 916 508 950 578; x_wconf 80' lang='grc' dir='ltr'><strong>η</strong></span> <span class='ocrx_word' id='word_1_40' title='bbox 987 506 1258 579; x_wconf 80' lang='grc' dir='ltr'>περιτομὴ</span> <span class='ocrx_word' id='word_1_41' title='bbox 1302 507 1364 560; x_wconf 84' lang='grc' dir='ltr'>τὸ</span> <span class='ocrx_word' id='word_1_42' title='bbox 1408 508 1475 561; x_wconf 89' lang='grc' dir='ltr'><strong>ἐκ</strong></span> <span class='ocrx_word' id='word_1_43' title='bbox 1507 507 1741 571; x_wconf 90' lang='grc' dir='ltr'>πίστεως</span> <span class='ocrx_word' id='word_1_44' title='bbox 1769 506 1868 560; x_wconf 84' lang='grc' dir='ltr'>οὐκ</span> 
     </span>
    </p>
   </div>
   <div class='ocr_carea' id='block_1_8' title="bbox 274 597 1870 671">
    <p class='ocr_par' dir='ltr' id='par_1_8' title="bbox 274 597 1870 671">
     <span class='ocr_line' id='line_1_8' title="bbox 274 597 1870 671; baseline -0.003 -17"><span class='ocrx_word' id='word_1_45' title='bbox 274 600 481 671; x_wconf 75' lang='grc' dir='ltr'>ἔχουσα</span> <span class='ocrx_word' id='word_1_46' title='bbox 535 599 821 669; x_wconf 84' lang='grc' dir='ltr'>καύχημα,</span> <span class='ocrx_word' id='word_1_47' title='bbox 854 597 1185 651; x_wconf 81' lang='grc' dir='ltr'><strong>πεπίστευκε</strong></span> <span class='ocrx_word' id='word_1_48' title='bbox 1216 597 1274 650; x_wconf 86' lang='grc' dir='ltr'>δὲ</span> <span class='ocrx_word' id='word_1_49' title='bbox 1337 597 1588 669; x_wconf 85' lang='grc' dir='ltr'>Ἀϐραὰμ</span> <span class='ocrx_word' id='word_1_50' title='bbox 1613 598 1672 651; x_wconf 87' lang='grc' dir='ltr'><strong>ἐν</strong></span> <span class='ocrx_word' id='word_1_51' title='bbox 1712 597 1870 668; x_wconf 82' lang='grc' dir='ltr'>ἀκρο·</span> 
     </span>
    </p>
   </div>
   <div class='ocr_carea' id='block_1_9' title="bbox 276 689 1870 765">
    <p class='ocr_par' dir='ltr' id='par_1_9' title="bbox 276 689 1870 765">
     <span class='ocr_line' id='line_1_9' title="bbox 276 689 1870 765; baseline -0.003 -18"><span class='ocrx_word' id='word_1_52' title='bbox 276 693 496 765; x_wconf 79' lang='grc' dir='ltr'>ϐυστίᾳ,</span> <span class='ocrx_word' id='word_1_53' title='bbox 525 690 645 756; x_wconf 89' lang='grc' dir='ltr'><strong>πῶς</strong></span> <span class='ocrx_word' id='word_1_54' title='bbox 691 691 752 745; x_wconf 84' lang='grc' dir='ltr'>οὐ</span> <span class='ocrx_word' id='word_1_55' title='bbox 793 690 1142 763; x_wconf 88' lang='grc' dir='ltr'>πρεσϐυτέρα</span> <span class='ocrx_word' id='word_1_56' title='bbox 1178 691 1277 762; x_wconf 87' lang='grc' dir='ltr'>τῆς</span> <span class='ocrx_word' id='word_1_57' title='bbox 1310 691 1368 744; x_wconf 88' lang='grc' dir='ltr'><strong>ἐν</strong></span> <span class='ocrx_word' id='word_1_58' title='bbox 1400 690 1550 762; x_wconf 86' lang='grc' dir='ltr'>νόμῳ</span> <span class='ocrx_word' id='word_1_59' title='bbox 1596 689 1870 754; x_wconf 76' lang='grc' dir='ltr'><strong>πολιτείας</strong></span> 
     </span>
    </p>
   </div>
   <div class='ocr_carea' id='block_1_10' title="bbox 277 779 1869 857">
    <p class='ocr_par' dir='ltr' id='par_1_10' title="bbox 277 779 1869 857">
     <span class='ocr_line' id='line_1_10' title="bbox 277 779 1869 857; baseline -0.004 -17"><span class='ocrx_word' id='word_1_60' title='bbox 277 791 315 857; x_wconf 82' lang='grc' dir='ltr'><strong>ἡ</strong></span> <span class='ocrx_word' id='word_1_61' title='bbox 338 786 429 841; x_wconf 86' lang='grc' dir='ltr'><strong>διά</strong></span> <span class='ocrx_word' id='word_1_62' title='bbox 452 785 693 848; x_wconf 86' lang='grc' dir='ltr'>πίστεως</span> <span class='ocrx_word' id='word_1_63' title='bbox 716 783 873 836; x_wconf 79' lang='grc' dir='ltr'>ἐσται</span> <span class='ocrx_word' id='word_1_64' title='bbox 898 780 1240 854; x_wconf 82' lang='grc' dir='ltr'><strong>δικαιοσύνη,</strong></span> <span class='ocrx_word' id='word_1_65' title='bbox 1271 781 1663 853; x_wconf 85' lang='grc' dir='ltr'>δικαιουμένων</span> <span class='ocrx_word' id='word_1_66' title='bbox 1693 798 1752 835; x_wconf 90' lang='grc' dir='ltr'><strong>τε</strong></span> <span class='ocrx_word' id='word_1_67' title='bbox 1774 779 1869 834; x_wconf 79' lang='grc' dir='ltr'>καὶ</span> 
     </span>
    </p>
   </div>
   <div class='ocr_carea' id='block_1_11' title="bbox 278 872 1869 948">
    <p class='ocr_par' dir='ltr' id='par_1_11' title="bbox 278 872 1869 948">
     <span class='ocr_line' id='line_1_11' title="bbox 278 872 1869 948; baseline -0.004 -16"><span class='ocrx_word' id='word_1_68' title='bbox 278 876 753 948; x_wconf 71' lang='grc' dir='ltr'><strong>ἐλευθερουμένων</strong></span> <span class='ocrx_word' id='word_1_69' title='bbox 782 873 878 927; x_wconf 54' lang='grc' dir='ltr'><strong>ηδιά</strong></span> <span class='ocrx_word' id='word_1_70' title='bbox 930 873 1032 944; x_wconf 81' lang='grc' dir='ltr'>τῆς</span> <span class='ocrx_word' id='word_1_71' title='bbox 1062 874 1156 938; x_wconf 85' lang='grc' dir='ltr'><strong>εἰς</strong></span> <span class='ocrx_word' id='word_1_72' title='bbox 1197 872 1330 927; x_wconf 85' lang='grc' dir='ltr'>Θεὸν</span> <span class='ocrx_word' id='word_1_73' title='bbox 1375 873 1590 943; x_wconf 89' lang='grc' dir='ltr'>φιλίας,</span> <span class='ocrx_word' id='word_1_74' title='bbox 1616 872 1869 944; x_wconf 86' lang='grc' dir='ltr'>καθάπερ</span> 
     </span>
    </p>
   </div>
   <div class='ocr_carea' id='block_1_12' title="bbox 292 962 1867 1039">
    <p class='ocr_par' dir='ltr' id='par_1_12' title="bbox 292 962 1867 1039">
     <span class='ocr_line' id='line_1_12' title="bbox 292 962 1867 1039; baseline -0.004 -17"><span class='ocrx_word' id='word_1_75' title='bbox 292 968 583 1039; x_wconf 71' lang='grc' dir='ltr'>Ἀϐραάμς</span> <span class='ocrx_word' id='word_1_76' title='bbox 613 965 757 1019; x_wconf 76' lang='grc' dir='ltr'>οὕτω</span> <span class='ocrx_word' id='word_1_77' title='bbox 789 964 899 1037; x_wconf 84' lang='grc' dir='ltr'><strong>γὰρ</strong></span> <span class='ocrx_word' id='word_1_78' title='bbox 932 964 1087 1018; x_wconf 74' lang='grc' dir='ltr'>ἔσται</span> <span class='ocrx_word' id='word_1_79' title='bbox 1113 963 1207 1018; x_wconf 79' lang='grc' dir='ltr'>καὶ</span> <span class='ocrx_word' id='word_1_80' title='bbox 1237 965 1418 1035; x_wconf 71' lang='grc' dir='ltr'>πατὴρ</span> <span class='ocrx_word' id='word_1_81' title='bbox 1438 962 1647 1017; x_wconf 80' lang='grc' dir='ltr'>πολλῶν</span> <span class='ocrx_word' id='word_1_82' title='bbox 1676 962 1867 1032; x_wconf 87' lang='grc' dir='ltr'>ἐθνῶν,</span> 
     </span>
    </p>
   </div>
   <div class='ocr_carea' id='block_1_13' title="bbox 277 1053 1870 1127">
    <p class='ocr_par' dir='ltr' id='par_1_13' title="bbox 277 1053 1870 1127">
     <span class='ocr_line' id='line_1_13' title="bbox 277 1053 1870 1127; baseline -0.008 -16"><span class='ocrx_word' id='word_1_83' title='bbox 277 1058 342 1125; x_wconf 78' lang='grc' dir='ltr'>ἐξ</span> <span class='ocrx_word' id='word_1_84' title='bbox 370 1056 703 1127; x_wconf 76' lang='grc' dir='ltr'>ἐπαγγελίας</span> <span class='ocrx_word' id='word_1_85' title='bbox 723 1096 740 1124; x_wconf 93' lang='grc'><strong>,</strong></span> <span class='ocrx_word' id='word_1_86' title='bbox 763 1055 826 1111; x_wconf 84' lang='grc' dir='ltr'><strong>ού</strong></span> <span class='ocrx_word' id='word_1_87' title='bbox 854 1054 995 1111; x_wconf 88' lang='grc' dir='ltr'><strong>κατά</strong></span> <span class='ocrx_word' id='word_1_88' title='bbox 1028 1054 1229 1126; x_wconf 82' lang='grc' dir='ltr'>σάρκα.</span> <span class='ocrx_word' id='word_1_89' title='bbox 1256 1053 1368 1109; x_wconf 76' lang='grc' dir='ltr'><strong>Καὶ</strong></span> <span class='ocrx_word' id='word_1_90' title='bbox 1395 1053 1566 1109; x_wconf 79' lang='grc' dir='ltr'>ταῦτα</span> <span class='ocrx_word' id='word_1_91' title='bbox 1594 1057 1710 1109; x_wconf 80' lang='grc' dir='ltr'>νυνὶ</span> <span class='ocrx_word' id='word_1_92' title='bbox 1736 1066 1870 1127; x_wconf 80' lang='grc' dir='ltr'>χρη-</span> 
     </span>
    </p>
   </div>
   <div class='ocr_carea' id='block_1_14' title="bbox 280 1143 1869 1219">
    <p class='ocr_par' dir='ltr' id='par_1_14' title="bbox 280 1143 1869 1219">
     <span class='ocr_line' id='line_1_14' title="bbox 280 1143 1869 1219; baseline -0.002 -17"><span class='ocrx_word' id='word_1_93' title='bbox 280 1148 456 1219; x_wconf 81' lang='grc' dir='ltr'>σίμως</span> <span class='ocrx_word' id='word_1_94' title='bbox 484 1146 811 1219; x_wconf 75' lang='grc' dir='ltr'>εἰρήκαμεν,</span> <span class='ocrx_word' id='word_1_95' title='bbox 837 1143 925 1199; x_wconf 88' lang='grc' dir='ltr'><strong>διά</strong></span> <span class='ocrx_word' id='word_1_96' title='bbox 952 1143 1012 1198; x_wconf 81' lang='grc' dir='ltr'>τὸ</span> <span class='ocrx_word' id='word_1_97' title='bbox 1036 1144 1202 1215; x_wconf 78' lang='grc' dir='ltr'>φάναι</span> <span class='ocrx_word' id='word_1_98' title='bbox 1227 1143 1319 1198; x_wconf 74' lang='grc' dir='ltr'><strong>τὸν</strong></span> <span class='ocrx_word' id='word_1_99' title='bbox 1344 1144 1550 1216; x_wconf 83' lang='grc' dir='ltr'>Κύριον</span> <span class='ocrx_word' id='word_1_100' title='bbox 1577 1162 1590 1178; x_wconf 83' lang='lat'><strong><em>°</em></strong></span> <span class='ocrx_word' id='word_1_101' title='bbox 1622 1163 1640 1197; x_wconf 85' lang='grc' dir='ltr'><strong>ι</strong></span> <span class='ocrx_word' id='word_1_102' title='bbox 1673 1147 1869 1200; x_wconf 83' lang='grc' dir='ltr'>οὐκέτι</span> 
     </span>
    </p>
   </div>
   <div class='ocr_carea' id='block_1_15' title="bbox 276 1234 1870 1308">
    <p class='ocr_par' dir='ltr' id='par_1_15' title="bbox 276 1234 1870 1308">
     <span class='ocr_line' id='line_1_15' title="bbox 276 1234 1870 1308; baseline 0.001 -18"><span class='ocrx_word' id='word_1_103' title='bbox 276 1240 426 1307; x_wconf 85' lang='grc' dir='ltr'>λέγω</span> <span class='ocrx_word' id='word_1_104' title='bbox 454 1238 600 1308; x_wconf 75' lang='grc' dir='ltr'>ὑμᾶς</span> <span class='ocrx_word' id='word_1_105' title='bbox 626 1234 846 1300; x_wconf 77' lang='grc' dir='ltr'>δούλους</span> <span class='ocrx_word' id='word_1_106' title='bbox 873 1251 887 1263; x_wconf 91' lang='grc'><strong>·</strong></span> <span class='ocrx_word' id='word_1_107' title='bbox 923 1235 1082 1307; x_wconf 80' lang='grc' dir='ltr'>ὑμεῖς</span> <span class='ocrx_word' id='word_1_108' title='bbox 1114 1234 1258 1305; x_wconf 90' lang='grc' dir='ltr'>φίλοι</span> <span class='ocrx_word' id='word_1_109' title='bbox 1293 1235 1395 1307; x_wconf 89' lang='grc' dir='ltr'><strong>μού</strong></span> <span class='ocrx_word' id='word_1_110' title='bbox 1426 1238 1570 1301; x_wconf 86' lang='grc' dir='ltr'>ἐστε,</span> <span class='ocrx_word' id='word_1_111' title='bbox 1590 1237 1671 1291; x_wconf 78' lang='grc' dir='ltr'>ὅτι</span> <span class='ocrx_word' id='word_1_112' title='bbox 1694 1238 1870 1293; x_wconf 90' lang='grc' dir='ltr'>πάντα</span> 
     </span>
    </p>
   </div>
   <div class='ocr_carea' id='block_1_16' title="bbox 279 1324 1662 1400">
    <p class='ocr_par' dir='ltr' id='par_1_16' title="bbox 279 1324 1662 1400">
     <span class='ocr_line' id='line_1_16' title="bbox 279 1324 1662 1400; baseline -0.003 -16"><span class='ocrx_word' id='word_1_113' title='bbox 279 1328 317 1383; x_wconf 71' lang='grc' dir='ltr'><strong>ἃ.</strong></span> <span class='ocrx_word' id='word_1_114' title='bbox 337 1330 551 1400; x_wconf 73' lang='grc' dir='ltr'>ηκουσα</span> <span class='ocrx_word' id='word_1_115' title='bbox 575 1326 729 1396; x_wconf 79' lang='grc' dir='ltr'>παρὰ</span> <span class='ocrx_word' id='word_1_116' title='bbox 752 1324 848 1380; x_wconf 80' lang='grc' dir='ltr'><strong>τοῦ</strong></span> <span class='ocrx_word' id='word_1_117' title='bbox 880 1326 1095 1399; x_wconf 78' lang='grc' dir='ltr'>[ἰατρὸς</span> <span class='ocrx_word' id='word_1_118' title='bbox 1121 1327 1422 1398; x_wconf 81' lang='grc' dir='ltr'>ἀνήγγειλα</span> <span class='ocrx_word' id='word_1_119' title='bbox 1453 1329 1604 1400; x_wconf 76' lang='grc' dir='ltr'>ύμῖψ</span> <span class='ocrx_word' id='word_1_120' title='bbox 1644 1347 1662 1380; x_wconf 77' lang='grc' dir='ltr'><strong>ι</strong></span> 
     </span>
    </p>
   </div>
   <div class='ocr_carea' id='block_1_17' title="bbox 357 1417 1871 1492">
    <p class='ocr_par' dir='ltr' id='par_1_17' title="bbox 357 1417 1871 1492">
     <span class='ocr_line' id='line_1_17' title="bbox 357 1417 1871 1492; baseline 0 -17"><span class='ocrx_word' id='word_1_121' title='bbox 357 1423 484 1490; x_wconf 83' lang='grc' dir='ltr'><strong>οὐχ</strong></span> <span class='ocrx_word' id='word_1_122' title='bbox 534 1418 704 1490; x_wconf 83' lang='grc' dir='ltr'><strong>ὑμεῖς</strong></span> <span class='ocrx_word' id='word_1_123' title='bbox 725 1435 802 1488; x_wconf 82' lang='grc' dir='ltr'><strong>με</strong></span> <span class='ocrx_word' id='word_1_124' title='bbox 841 1417 1235 1484; x_wconf 73' lang='grc' dir='ltr'>ἐξελέξασθε,</span> <span class='ocrx_word' id='word_1_125' title='bbox 1276 1420 1566 1492; x_wconf 69' lang='grc' dir='ltr'><strong>ἁλλ’,ὲγὼ</strong></span> <span class='ocrx_word' id='word_1_126' title='bbox 1590 1420 1871 1487; x_wconf 74' lang='grc' dir='ltr'>ἐξελεξά-</span> 
     </span>
    </p>
   </div>
   <div class='ocr_carea' id='block_1_18' title="bbox 271 1508 1869 1584">
    <p class='ocr_par' dir='ltr' id='par_1_18' title="bbox 271 1508 1869 1584">
     <span class='ocr_line' id='line_1_18' title="bbox 271 1508 1869 1584; baseline -0.002 -18"><span class='ocrx_word' id='word_1_127' title='bbox 271 1530 405 1584; x_wconf 78' lang='grc' dir='ltr'>μην</span> <span class='ocrx_word' id='word_1_128' title='bbox 440 1509 630 1581; x_wconf 76' lang='grc' dir='ltr'>ὑμᾶς,</span> <span class='ocrx_word' id='word_1_129' title='bbox 658 1509 755 1564; x_wconf 75' lang='grc' dir='ltr'><strong>καί</strong></span> <span class='ocrx_word' id='word_1_130' title='bbox 793 1508 1025 1565; x_wconf 82' lang='grc' dir='ltr'>τέθεικα</span> <span class='ocrx_word' id='word_1_131' title='bbox 1075 1509 1266 1580; x_wconf 81' lang='grc' dir='ltr'>ὑμᾶς,</span> <span class='ocrx_word' id='word_1_132' title='bbox 1304 1512 1407 1566; x_wconf 74' lang='grc' dir='ltr'><strong>ἳνα</strong></span> <span class='ocrx_word' id='word_1_133' title='bbox 1452 1512 1720 1583; x_wconf 77' lang='grc' dir='ltr'><strong>ὑπάγητε</strong></span> <span class='ocrx_word' id='word_1_134' title='bbox 1769 1514 1869 1568; x_wconf 81' lang='grc' dir='ltr'><strong>καί</strong></span> 
     </span>
    </p>
   </div>
   <div class='ocr_carea' id='block_1_19' title="bbox 276 1599 1869 1673">
    <p class='ocr_par' dir='ltr' id='par_1_19' title="bbox 276 1599 1869 1673">
     <span class='ocr_line' id='line_1_19' title="bbox 276 1599 1869 1673; baseline 0.005 -21"><span class='ocrx_word' id='word_1_135' title='bbox 276 1601 519 1671; x_wconf 74' lang='grc' dir='ltr'>καρπὸν</span> <span class='ocrx_word' id='word_1_136' title='bbox 564 1599 817 1671; x_wconf 56' lang='grc' dir='ltr'>ερῲητε,</span> <span class='ocrx_word' id='word_1_137' title='bbox 861 1599 958 1657; x_wconf 81' lang='grc' dir='ltr'><strong>καί</strong></span> <span class='ocrx_word' id='word_1_138' title='bbox 993 1601 1028 1655; x_wconf 84' lang='grc' dir='ltr'><em>ὁ</em></span> <span class='ocrx_word' id='word_1_139' title='bbox 1063 1600 1292 1671; x_wconf 83' lang='grc' dir='ltr'>καρπὸς</span> <span class='ocrx_word' id='word_1_140' title='bbox 1339 1602 1508 1672; x_wconf 84' lang='grc' dir='ltr'>ὑμῶν</span> <span class='ocrx_word' id='word_1_141' title='bbox 1536 1603 1691 1673; x_wconf 76' lang='grc' dir='ltr'>μένῃ</span> <span class='ocrx_word' id='word_1_142' title='bbox 1721 1620 1734 1634; x_wconf 73' lang='grc'><strong><em>⁸</em></strong></span> <span class='ocrx_word' id='word_1_143' title='bbox 1769 1607 1869 1661; x_wconf 76' lang='grc' dir='ltr'><strong>ἵνα</strong></span> 
     </span>
    </p>
   </div>
   <div class='ocr_carea' id='block_1_20' title="bbox 1971 414 3545 487">
    <p class='ocr_par' dir='ltr' id='par_1_20' title="bbox 1971 414 3545 487">
     <span class='ocr_line' id='line_1_20' title="bbox 1971 414 3545 487; baseline 0.004 -17"><span class='ocrx_word' id='word_1_144' title='bbox 1971 423 2095 485; x_wconf 86' lang='lat' dir='ltr'><strong>post</strong></span> <span class='ocrx_word' id='word_1_145' title='bbox 2138 414 2313 486; x_wconf 89' lang='lat' dir='ltr'><strong>legem</strong></span> <span class='ocrx_word' id='word_1_146' title='bbox 2364 423 2544 471; x_wconf 90' lang='lat' dir='ltr'><strong>autem</strong></span> <span class='ocrx_word' id='word_1_147' title='bbox 2590 414 2963 482; x_wconf 77' lang='lat' dir='ltr'><strong>circumcisio,</strong></span> <span class='ocrx_word' id='word_1_148' title='bbox 3006 430 3128 487; x_wconf 84' lang='lat' dir='ltr'><strong>quae</strong></span> <span class='ocrx_word' id='word_1_149' title='bbox 3163 416 3545 486; x_wconf 86' lang='lat' dir='ltr'><strong>gloriationem</strong></span> 
     </span>
    </p>
   </div>
   <div class='ocr_carea' id='block_1_21' title="bbox 1969 505 3545 578">
    <p class='ocr_par' dir='ltr' id='par_1_21' title="bbox 1969 505 3545 578">
     <span class='ocr_line' id='line_1_21' title="bbox 1969 505 3545 578; baseline 0.001 -17"><span class='ocrx_word' id='word_1_150' title='bbox 1969 521 2036 561; x_wconf 79' lang='lat' dir='ltr'><strong>ex</strong></span> <span class='ocrx_word' id='word_1_151' title='bbox 2070 506 2173 562; x_wconf 77' lang='lat' dir='ltr'><strong>title</strong></span> <span class='ocrx_word' id='word_1_152' title='bbox 2200 521 2312 561; x_wconf 90' lang='lat' dir='ltr'><strong>non</strong></span> <span class='ocrx_word' id='word_1_153' title='bbox 2345 505 2531 572; x_wconf 91' lang='lat' dir='ltr'><strong>habet,</strong></span> <span class='ocrx_word' id='word_1_154' title='bbox 2561 513 2614 562; x_wconf 90' lang='lat' dir='ltr'><strong>et</strong></span> <span class='ocrx_word' id='word_1_155' title='bbox 2663 505 2941 563; x_wconf 75' lang='lat' dir='ltr'><strong>Abraham</strong></span> <span class='ocrx_word' id='word_1_156' title='bbox 2978 508 3034 562; x_wconf 91' lang='lat' dir='ltr'><strong>in</strong></span> <span class='ocrx_word' id='word_1_157' title='bbox 3074 508 3345 578; x_wconf 80' lang='lat' dir='ltr'><strong>praeputio</strong></span> <span class='ocrx_word' id='word_1_158' title='bbox 3369 508 3545 564; x_wconf 83' lang='lat' dir='ltr'><strong>credi-</strong></span> 
     </span>
    </p>
   </div>
   <div class='ocr_carea' id='block_1_22' title="bbox 1970 595 3550 669">
    <p class='ocr_par' dir='ltr' id='par_1_22' title="bbox 1970 595 3550 669">
     <span class='ocr_line' id='line_1_22' title="bbox 1970 595 3550 669; baseline 0.003 -20"><span class='ocrx_word' id='word_1_159' title='bbox 1970 595 2087 650; x_wconf 90' lang='lat' dir='ltr'><strong>dit:</strong></span> <span class='ocrx_word' id='word_1_160' title='bbox 2121 596 2214 668; x_wconf 88' lang='lat' dir='ltr'><strong>qui</strong></span> <span class='ocrx_word' id='word_1_161' title='bbox 2250 597 2366 653; x_wconf 82' lang='lat' dir='ltr'><strong>ﬁeri</strong></span> <span class='ocrx_word' id='word_1_162' title='bbox 2399 604 2584 668; x_wconf 91' lang='lat' dir='ltr'><strong>potest</strong></span> <span class='ocrx_word' id='word_1_163' title='bbox 2619 604 2675 651; x_wconf 85' lang='grc' dir='ltr'><strong>ιιι</strong></span> <span class='ocrx_word' id='word_1_164' title='bbox 2689 596 2904 666; x_wconf 89' lang='lat' dir='ltr'><strong>justitia</strong></span> <span class='ocrx_word' id='word_1_165' title='bbox 2939 597 3100 669; x_wconf 85' lang='lat' dir='ltr'><strong>legali</strong></span> <span class='ocrx_word' id='word_1_166' title='bbox 3126 612 3237 652; x_wconf 88' lang='lat' dir='ltr'><strong>non</strong></span> <span class='ocrx_word' id='word_1_167' title='bbox 3268 596 3550 667; x_wconf 87' lang='lat' dir='ltr'><strong>antiquior</strong></span> 
     </span>
    </p>
   </div>
   <div class='ocr_carea' id='block_1_23' title="bbox 1969 687 3549 761">
    <p class='ocr_par' dir='ltr' id='par_1_23' title="bbox 1969 687 3549 761">
     <span class='ocr_line' id='line_1_23' title="bbox 1969 687 3549 761; baseline -0.001 -17"><span class='ocrx_word' id='word_1_168' title='bbox 1969 687 2042 744; x_wconf 89' lang='lat' dir='ltr'><strong>sit</strong></span> <span class='ocrx_word' id='word_1_169' title='bbox 2069 687 2288 759; x_wconf 76' lang='lat' dir='ltr'><strong>institia</strong></span> <span class='ocrx_word' id='word_1_170' title='bbox 2308 688 2456 755; x_wconf 83' lang='lat' dir='ltr'><strong>ﬁdei,</strong></span> <span class='ocrx_word' id='word_1_171' title='bbox 2483 703 2608 745; x_wconf 89' lang='lat' dir='ltr'><strong>cum</strong></span> <span class='ocrx_word' id='word_1_172' title='bbox 2647 704 2745 759; x_wconf 90' lang='lat' dir='ltr'><strong>per</strong></span> <span class='ocrx_word' id='word_1_173' title='bbox 2771 689 3071 744; x_wconf 77' lang='lat' dir='ltr'><strong>amicitiam</strong></span> <span class='ocrx_word' id='word_1_174' title='bbox 3097 704 3226 761; x_wconf 89' lang='lat' dir='ltr'><strong>erga</strong></span> <span class='ocrx_word' id='word_1_175' title='bbox 3261 689 3430 746; x_wconf 87' lang='lat' dir='ltr'><strong>Deum</strong></span> <span class='ocrx_word' id='word_1_176' title='bbox 3457 687 3549 759; x_wconf 84' lang='lat' dir='ltr'><strong>ju-</strong></span> 
     </span>
    </p>
   </div>
   <div class='ocr_carea' id='block_1_24' title="bbox 1970 779 3552 838">
    <p class='ocr_par' dir='ltr' id='par_1_24' title="bbox 1970 779 3552 838">
     <span class='ocr_line' id='line_1_24' title="bbox 1970 779 3552 838; baseline -0.001 -3"><span class='ocrx_word' id='word_1_177' title='bbox 1970 779 2282 836; x_wconf 83' lang='lat' dir='ltr'><strong>stiﬁcentur</strong></span> <span class='ocrx_word' id='word_1_178' title='bbox 2309 795 2374 836; x_wconf 91' lang='lat' dir='ltr'><strong>ac</strong></span> <span class='ocrx_word' id='word_1_179' title='bbox 2412 780 2571 837; x_wconf 87' lang='lat' dir='ltr'><strong>liberi</strong></span> <span class='ocrx_word' id='word_1_180' title='bbox 2601 780 2733 837; x_wconf 80' lang='lat' dir='ltr'><strong>ﬂant</strong></span> <span class='ocrx_word' id='word_1_181' title='bbox 2766 781 3017 838; x_wconf 86' lang='lat' dir='ltr'><strong>homines</strong></span> <span class='ocrx_word' id='word_1_182' title='bbox 3049 782 3194 838; x_wconf 91' lang='lat' dir='ltr'><strong>sicut</strong></span> <span class='ocrx_word' id='word_1_183' title='bbox 3224 780 3503 837; x_wconf 82' lang='lat' dir='ltr'><strong>Abraham</strong></span> <span class='ocrx_word' id='word_1_184' title='bbox 3525 780 3552 834; x_wconf 83' lang='lat' dir='ltr'><strong>&#39;l</strong></span> 
     </span>
    </p>
   </div>
   <div class='ocr_carea' id='block_1_25' title="bbox 1970 870 3550 946">
    <p class='ocr_par' dir='ltr' id='par_1_25' title="bbox 1970 870 3550 946">
     <span class='ocr_line' id='line_1_25' title="bbox 1970 870 3550 946; baseline 0.002 -21"><span class='ocrx_word' id='word_1_185' title='bbox 1970 871 2063 927; x_wconf 88' lang='lat' dir='ltr'><strong>Sic</strong></span> <span class='ocrx_word' id='word_1_186' title='bbox 2107 870 2253 927; x_wconf 90' lang='lat' dir='ltr'><strong>enim</strong></span> <span class='ocrx_word' id='word_1_187' title='bbox 2287 871 2392 927; x_wconf 90' lang='lat' dir='ltr'><strong>erit</strong></span> <span class='ocrx_word' id='word_1_188' title='bbox 2434 887 2653 944; x_wconf 88' lang='lat' dir='ltr'><strong>quoque</strong></span> <span class='ocrx_word' id='word_1_189' title='bbox 2677 881 2848 944; x_wconf 86' lang='lat' dir='ltr'><strong>pater</strong></span> <span class='ocrx_word' id='word_1_190' title='bbox 2875 874 3175 930; x_wconf 90' lang='lat' dir='ltr'><strong>multarum</strong></span> <span class='ocrx_word' id='word_1_191' title='bbox 3206 874 3451 946; x_wconf 90' lang='lat' dir='ltr'><strong>gentium</strong></span> <span class='ocrx_word' id='word_1_192' title='bbox 3480 888 3550 929; x_wconf 73' lang='lat' dir='ltr'><strong>ex</strong></span> 
     </span>
    </p>
   </div>
   <div class='ocr_carea' id='block_1_26' title="bbox 1968 961 3549 1034">
    <p class='ocr_par' dir='ltr' id='par_1_26' title="bbox 1968 961 3549 1034">
     <span class='ocr_line' id='line_1_26' title="bbox 1968 961 3549 1034; baseline 0.003 -18"><span class='ocrx_word' id='word_1_193' title='bbox 1968 961 2356 1034; x_wconf 82' lang='lat' dir='ltr'><strong>promissione,</strong></span> <span class='ocrx_word' id='word_1_194' title='bbox 2407 978 2518 1018; x_wconf 90' lang='lat' dir='ltr'><strong>non</strong></span> <span class='ocrx_word' id='word_1_195' title='bbox 2554 963 2873 1023; x_wconf 83' lang='lat' dir='ltr'><strong>secundum</strong></span> <span class='ocrx_word' id='word_1_196' title='bbox 2915 980 3159 1022; x_wconf 86' lang='lat' dir='ltr'><strong>carnem.</strong></span> <span class='ocrx_word' id='word_1_197' title='bbox 3195 965 3376 1034; x_wconf 84' lang='lat' dir='ltr'><strong>Atque</strong></span> <span class='ocrx_word' id='word_1_198' title='bbox 3430 965 3549 1021; x_wconf 65' lang='lat' dir='ltr'><strong>haec</strong></span> 
     </span>
    </p>
   </div>
   <div class='ocr_carea' id='block_1_27' title="bbox 1969 1052 3551 1128">
    <p class='ocr_par' dir='ltr' id='par_1_27' title="bbox 1969 1052 3551 1128">
     <span class='ocr_line' id='line_1_27' title="bbox 1969 1052 3551 1128; baseline 0.001 -17"><span class='ocrx_word' id='word_1_199' title='bbox 1969 1052 2256 1111; x_wconf 86' lang='lat' dir='ltr'><strong>commode</strong></span> <span class='ocrx_word' id='word_1_200' title='bbox 2299 1070 2447 1110; x_wconf 89' lang='lat' dir='ltr'><strong>nunc</strong></span> <span class='ocrx_word' id='word_1_201' title='bbox 2492 1055 2755 1124; x_wconf 78' lang='lat' dir='ltr'><strong>diximus,</strong></span> <span class='ocrx_word' id='word_1_202' title='bbox 2813 1064 3101 1128; x_wconf 83' lang='lat' dir='ltr'><strong>propterea</strong></span> <span class='ocrx_word' id='word_1_203' title='bbox 3148 1055 3295 1127; x_wconf 91' lang='lat' dir='ltr'><strong>quod</strong></span> <span class='ocrx_word' id='word_1_204' title='bbox 3340 1058 3419 1113; x_wconf 83' lang='lat' dir='ltr'><strong>ait</strong></span> <span class='ocrx_word' id='word_1_205' title='bbox 3442 1055 3551 1112; x_wconf 80' lang='lat' dir='ltr'><strong>llo-</strong></span> 
     </span>
    </p>
   </div>
   <div class='ocr_carea' id='block_1_28' title="bbox 1971 1144 3547 1205">
    <p class='ocr_par' dir='ltr' id='par_1_28' title="bbox 1971 1144 3547 1205">
     <span class='ocr_line' id='line_1_28' title="bbox 1971 1144 3547 1205; baseline 0.004 -6"><span class='ocrx_word' id='word_1_206' title='bbox 1971 1145 2198 1201; x_wconf 90' lang='lat' dir='ltr'><strong>minus:</strong></span> <span class='ocrx_word' id='word_1_207' title='bbox 2244 1165 2264 1198; x_wconf 84' lang='grc' dir='ltr'><strong>ι</strong></span> <span class='ocrx_word' id='word_1_208' title='bbox 2307 1144 2427 1202; x_wconf 87' lang='lat' dir='ltr'><strong>Jam</strong></span> <span class='ocrx_word' id='word_1_209' title='bbox 2462 1161 2573 1203; x_wconf 90' lang='lat' dir='ltr'><strong>non</strong></span> <span class='ocrx_word' id='word_1_210' title='bbox 2615 1147 2793 1203; x_wconf 88' lang='lat' dir='ltr'><strong>dicam</strong></span> <span class='ocrx_word' id='word_1_211' title='bbox 2840 1163 2942 1205; x_wconf 86' lang='lat' dir='ltr'><strong>vos</strong></span> <span class='ocrx_word' id='word_1_212' title='bbox 2983 1163 3213 1205; x_wconf 89' lang='lat' dir='ltr'><strong>servos:</strong></span> <span class='ocrx_word' id='word_1_213' title='bbox 3249 1164 3346 1204; x_wconf 90' lang='lat' dir='ltr'><strong>vos</strong></span> <span class='ocrx_word' id='word_1_214' title='bbox 3381 1147 3547 1205; x_wconf 88' lang='lat' dir='ltr'><strong>amici</strong></span> 
     </span>
    </p>
   </div>
   <div class='ocr_carea' id='block_1_29' title="bbox 1970 1237 3549 1312">
    <p class='ocr_par' dir='ltr' id='par_1_29' title="bbox 1970 1237 3549 1312">
     <span class='ocr_line' id='line_1_29' title="bbox 1970 1237 3549 1312; baseline 0.003 -19"><span class='ocrx_word' id='word_1_215' title='bbox 1970 1238 2075 1293; x_wconf 89' lang='lat' dir='ltr'><strong>mei</strong></span> <span class='ocrx_word' id='word_1_216' title='bbox 2108 1237 2268 1304; x_wconf 85' lang='lat' dir='ltr'><strong>estis,</strong></span> <span class='ocrx_word' id='word_1_217' title='bbox 2318 1238 2449 1309; x_wconf 91' lang='lat' dir='ltr'><strong>quia</strong></span> <span class='ocrx_word' id='word_1_218' title='bbox 2493 1239 2678 1294; x_wconf 88' lang='lat' dir='ltr'><strong>omnia</strong></span> <span class='ocrx_word' id='word_1_219' title='bbox 2710 1255 3055 1312; x_wconf 63' lang='lat' dir='ltr'><strong>quacunque</strong></span> <span class='ocrx_word' id='word_1_220' title='bbox 3098 1239 3289 1297; x_wconf 83' lang='lat' dir='ltr'><strong>audivi</strong></span> <span class='ocrx_word' id='word_1_221' title='bbox 3315 1255 3346 1295; x_wconf 90' lang='lat' dir='ltr'><strong>a</strong></span> <span class='ocrx_word' id='word_1_222' title='bbox 3381 1239 3549 1297; x_wconf 86' lang='lat' dir='ltr'><strong>Patre</strong></span> 
     </span>
    </p>
   </div>
   <div class='ocr_carea' id='block_1_30' title="bbox 1975 1328 2765 1393">
    <p class='ocr_par' dir='ltr' id='par_1_30' title="bbox 1975 1328 2765 1393">
     <span class='ocr_line' id='line_1_30' title="bbox 1975 1328 2765 1393; baseline 0.003 -11"><span class='ocrx_word' id='word_1_223' title='bbox 1975 1341 2115 1393; x_wconf 91' lang='lat' dir='ltr'><strong>meo,</strong></span> <span class='ocrx_word' id='word_1_224' title='bbox 2149 1336 2282 1384; x_wconf 90' lang='lat' dir='ltr'><strong>nota</strong></span> <span class='ocrx_word' id='word_1_225' title='bbox 2313 1328 2415 1386; x_wconf 82' lang='lat' dir='ltr'><strong>feci</strong></span> <span class='ocrx_word' id='word_1_226' title='bbox 2447 1330 2608 1385; x_wconf 82' lang='lat' dir='ltr'><strong>vobis</strong></span> <span class='ocrx_word' id='word_1_227' title='bbox 2640 1330 2708 1384; x_wconf 78' lang='lat'><strong>“.</strong></span> <span class='ocrx_word' id='word_1_228' title='bbox 2745 1348 2765 1384; x_wconf 79' lang='grc' dir='ltr'><strong>ι</strong></span> 
     </span>
    </p>
   </div>
   <div class='ocr_carea' id='block_1_31' title="bbox 2038 1418 3548 1492">
    <p class='ocr_par' dir='ltr' id='par_1_31' title="bbox 2038 1418 3548 1492">
     <span class='ocr_line' id='line_1_31' title="bbox 2038 1418 3548 1492; baseline 0.002 -19"><span class='ocrx_word' id='word_1_229' title='bbox 2038 1418 2205 1490; x_wconf 66' lang='lat'><strong>892</strong></span> <span class='ocrx_word' id='word_1_230' title='bbox 2259 1418 2374 1485; x_wconf 78' lang='lat' dir='ltr'><strong>XV,</strong></span> <span class='ocrx_word' id='word_1_231' title='bbox 2404 1419 2491 1475; x_wconf 81' lang='grc'><strong>16.</strong></span> <span class='ocrx_word' id='word_1_232' title='bbox 2523 1420 2645 1475; x_wconf 83' lang='lat' dir='ltr'><strong>Non</strong></span> <span class='ocrx_word' id='word_1_233' title='bbox 2677 1438 2764 1476; x_wconf 76' lang='lat' dir='ltr'><strong>vos</strong></span> <span class='ocrx_word' id='word_1_234' title='bbox 2803 1437 2884 1474; x_wconf 88' lang='lat' dir='ltr'><strong>me</strong></span> <span class='ocrx_word' id='word_1_235' title='bbox 2911 1420 3165 1491; x_wconf 72' lang='lat' dir='ltr'><strong>elegistis,</strong></span> <span class='ocrx_word' id='word_1_236' title='bbox 3194 1419 3284 1475; x_wconf 84' lang='lat' dir='ltr'><strong>sed</strong></span> <span class='ocrx_word' id='word_1_237' title='bbox 3303 1436 3395 1492; x_wconf 82' lang='lat' dir='ltr'><strong>ego</strong></span> <span class='ocrx_word' id='word_1_238' title='bbox 3414 1418 3548 1492; x_wconf 71' lang='lat' dir='ltr'><strong>elegi</strong></span> 
     </span>
    </p>
   </div>
   <div class='ocr_carea' id='block_1_32' title="bbox 1971 1512 3544 1583">
    <p class='ocr_par' dir='ltr' id='par_1_32' title="bbox 1971 1512 3544 1583">
     <span class='ocr_line' id='line_1_32' title="bbox 1971 1512 3544 1583; baseline 0.001 -18"><span class='ocrx_word' id='word_1_239' title='bbox 1971 1520 2146 1576; x_wconf 79' lang='lat' dir='ltr'><strong>uos,et</strong></span> <span class='ocrx_word' id='word_1_240' title='bbox 2171 1512 2323 1579; x_wconf 87' lang='lat' dir='ltr'><strong>posui</strong></span> <span class='ocrx_word' id='word_1_241' title='bbox 2347 1528 2436 1567; x_wconf 83' lang='lat' dir='ltr'><strong>vos</strong></span> <span class='ocrx_word' id='word_1_242' title='bbox 2459 1521 2516 1565; x_wconf 85' lang='lat' dir='ltr'><strong>ut</strong></span> <span class='ocrx_word' id='word_1_243' title='bbox 2548 1514 2705 1580; x_wconf 82' lang='lat' dir='ltr'><strong>eatis,</strong></span> <span class='ocrx_word' id='word_1_244' title='bbox 2732 1522 2782 1568; x_wconf 90' lang='lat' dir='ltr'><strong>et</strong></span> <span class='ocrx_word' id='word_1_245' title='bbox 2806 1514 3040 1582; x_wconf 76' lang='lat' dir='ltr'><strong>fructum</strong></span> <span class='ocrx_word' id='word_1_246' title='bbox 3058 1512 3322 1583; x_wconf 68' lang='lat' dir='ltr'><strong>aﬂ‘eratis,</strong></span> <span class='ocrx_word' id='word_1_247' title='bbox 3349 1521 3399 1568; x_wconf 85' lang='lat' dir='ltr'><strong>et</strong></span> <span class='ocrx_word' id='word_1_248' title='bbox 3423 1512 3544 1583; x_wconf 78' lang='lat' dir='ltr'><strong>fru-</strong></span> 
     </span>
    </p>
   </div>
   <div class='ocr_carea' id='block_1_33' title="bbox 1969 1602 3547 1674">
    <p class='ocr_par' dir='ltr' id='par_1_33' title="bbox 1969 1602 3547 1674">
     <span class='ocr_line' id='line_1_33' title="bbox 1969 1602 3547 1674; baseline 0.003 -20"><span class='ocrx_word' id='word_1_249' title='bbox 1969 1610 2086 1656; x_wconf 83' lang='lat' dir='ltr'><strong>etus</strong></span> <span class='ocrx_word' id='word_1_250' title='bbox 2115 1610 2280 1655; x_wconf 79' lang='lat' dir='ltr'><strong>vester</strong></span> <span class='ocrx_word' id='word_1_251' title='bbox 2313 1611 2561 1656; x_wconf 81' lang='lat' dir='ltr'><strong>maneat:</strong></span> <span class='ocrx_word' id='word_1_252' title='bbox 2592 1612 2649 1655; x_wconf 84' lang='lat' dir='ltr'><strong>ut</strong></span> <span class='ocrx_word' id='word_1_253' title='bbox 2677 1602 3022 1674; x_wconf 83' lang='lat' dir='ltr'><strong>quodcunque</strong></span> <span class='ocrx_word' id='word_1_254' title='bbox 3042 1603 3299 1674; x_wconf 70' lang='lat' dir='ltr'><strong>petieritis</strong></span> <span class='ocrx_word' id='word_1_255' title='bbox 3317 1602 3547 1660; x_wconf 68' lang='lat' dir='ltr'><strong>Patrem</strong></span> 
     </span>
    </p>
   </div>
   <div class='ocr_carea' id='block_1_34' title="bbox 277 1689 1869 1766">
    <p class='ocr_par' dir='ltr' id='par_1_34' title="bbox 277 1689 1859 1766">
     <span class='ocr_line' id='line_1_34' title="bbox 277 1689 1859 1766; baseline 0.006 -24"><span class='ocrx_word' id='word_1_256' title='bbox 277 1694 311 1745; x_wconf 75' lang='grc' dir='ltr'><em>ὅ</em></span> <span class='ocrx_word' id='word_1_257' title='bbox 345 1710 398 1746; x_wconf 87' lang='grc' dir='ltr'><strong>τι</strong></span> <span class='ocrx_word' id='word_1_258' title='bbox 424 1692 503 1749; x_wconf 76' lang='grc' dir='ltr'><strong>ἂν</strong></span> <span class='ocrx_word' id='word_1_259' title='bbox 529 1689 818 1759; x_wconf 79' lang='grc' dir='ltr'>αἰτήσητε</span> <span class='ocrx_word' id='word_1_260' title='bbox 848 1690 1214 1762; x_wconf 24' lang='grc' dir='ltr'>τὸνγΠατέρα</span> <span class='ocrx_word' id='word_1_261' title='bbox 1244 1693 1315 1747; x_wconf 78' lang='grc' dir='ltr'>ἐν</span> <span class='ocrx_word' id='word_1_262' title='bbox 1347 1692 1429 1759; x_wconf 82' lang='grc' dir='ltr'>τῷ</span> <span class='ocrx_word' id='word_1_263' title='bbox 1458 1694 1704 1766; x_wconf 78' lang='grc' dir='ltr'>ὀνόματί</span> <span class='ocrx_word' id='word_1_264' title='bbox 1720 1715 1859 1766; x_wconf 86' lang='grc' dir='ltr'>μου,</span> 
     </span>
    </p>
   </div>
   <div class='ocr_carea' id='block_1_35' title="bbox 1968 1689 2732 1766">
    <p class='ocr_par' dir='ltr' id='par_1_35' title="bbox 1968 1692 2732 1751">
     <span class='ocr_line' id='line_1_35' title="bbox 1968 1692 2732 1751; baseline 0.004 -3"><span class='ocrx_word' id='word_1_265' title='bbox 1968 1694 2018 1748; x_wconf 86' lang='lat' dir='ltr'><strong>in</strong></span> <span class='ocrx_word' id='word_1_266' title='bbox 2044 1694 2253 1749; x_wconf 81' lang='lat' dir='ltr'><strong>nomine</strong></span> <span class='ocrx_word' id='word_1_267' title='bbox 2282 1708 2414 1748; x_wconf 86' lang='lat' dir='ltr'><strong>meo.</strong></span> <span class='ocrx_word' id='word_1_268' title='bbox 2447 1693 2533 1748; x_wconf 82' lang='lat' dir='ltr'><strong>det</strong></span> <span class='ocrx_word' id='word_1_269' title='bbox 2565 1692 2732 1751; x_wconf 77' lang='lat' dir='ltr'><strong>vobis.</strong></span> 
     </span>
    </p>
   </div>
   <div class='ocr_carea' id='block_1_36' title="bbox 275 1783 572 1854">
    <p class='ocr_par' dir='ltr' id='par_1_36' title="bbox 275 1783 572 1854">
     <span class='ocr_line' id='line_1_36' title="bbox 275 1783 572 1854; baseline -0.007 -15"><span class='ocrx_word' id='word_1_270' title='bbox 275 1783 363 1850; x_wconf 77' lang='grc' dir='ltr'>δῷ</span> <span class='ocrx_word' id='word_1_271' title='bbox 412 1783 572 1854; x_wconf 77' lang='grc' dir='ltr'>ὑμῖν.</span> 
     </span>
    </p>
   </div>
   <div class='ocr_carea' id='block_1_37' title="bbox 350 1872 1870 1950">
    <p class='ocr_par' dir='ltr' id='par_1_37' title="bbox 350 1872 1870 1950">
     <span class='ocr_line' id='line_1_37' title="bbox 350 1872 1870 1950; baseline 0.004 -23"><span class='ocrx_word' id='word_1_272' title='bbox 350 1872 489 1927; x_wconf 73' lang='grc' dir='ltr'>Οὖτε</span> <span class='ocrx_word' id='word_1_273' title='bbox 549 1875 661 1936; x_wconf 87' lang='grc' dir='ltr'>τοῖς</span> <span class='ocrx_word' id='word_1_274' title='bbox 704 1872 843 1941; x_wconf 86' lang='grc' dir='ltr'>ἀγαν</span> <span class='ocrx_word' id='word_1_275' title='bbox 878 1872 1328 1946; x_wconf 84' lang='grc' dir='ltr'>δυσαχθεστέροις</span> <span class='ocrx_word' id='word_1_276' title='bbox 1375 1876 1870 1950; x_wconf 75' lang='grc' dir='ltr'>καταφορτίζεσθαι</span> 
     </span>
    </p>
   </div>
   <div class='ocr_carea' id='block_1_38' title="bbox 278 1963 1871 2035">
    <p class='ocr_par' dir='ltr' id='par_1_38' title="bbox 278 1963 1871 2035">
     <span class='ocr_line' id='line_1_38' title="bbox 278 1963 1871 2035; baseline 0.004 -19"><span class='ocrx_word' id='word_1_277' title='bbox 278 1965 462 2033; x_wconf 87' lang='grc' dir='ltr'>λόγοις</span> <span class='ocrx_word' id='word_1_278' title='bbox 490 1964 618 2028; x_wconf 78' lang='grc' dir='ltr'>τοὺς</span> <span class='ocrx_word' id='word_1_279' title='bbox 641 1964 829 2032; x_wconf 79' lang='grc' dir='ltr'>ἁγίους</span> <span class='ocrx_word' id='word_1_280' title='bbox 851 1964 1037 2034; x_wconf 80' lang='grc' dir='ltr'>ἐφίησι</span> <span class='ocrx_word' id='word_1_281' title='bbox 1067 1963 1335 2035; x_wconf 81' lang='grc' dir='ltr'>μαθητὰς,</span> <span class='ocrx_word' id='word_1_282' title='bbox 1362 1966 1422 2019; x_wconf 86' lang='grc' dir='ltr'>τὸ</span> <span class='ocrx_word' id='word_1_283' title='bbox 1450 1967 1584 2022; x_wconf 79' lang='grc' dir='ltr'>πολὺ</span> <span class='ocrx_word' id='word_1_284' title='bbox 1620 1969 1871 2034; x_wconf 78' lang='grc' dir='ltr'>νενευκὸς</span> 
     </span>
    </p>
   </div>
   <div class='ocr_carea' id='block_1_39' title="bbox 278 2054 1872 2133">
    <p class='ocr_par' dir='ltr' id='par_1_39' title="bbox 278 2054 1872 2133">
     <span class='ocr_line' id='line_1_39' title="bbox 278 2054 1872 2133; baseline 0.002 -22"><span class='ocrx_word' id='word_1_285' title='bbox 278 2058 362 2123; x_wconf 86' lang='grc' dir='ltr'><strong>είς</strong></span> <span class='ocrx_word' id='word_1_286' title='bbox 388 2055 675 2112; x_wconf 83' lang='grc' dir='ltr'>ἀσθένειαν</span> <span class='ocrx_word' id='word_1_287' title='bbox 703 2055 812 2108; x_wconf 87' lang='grc' dir='ltr'><strong>τῶν</strong></span> <span class='ocrx_word' id='word_1_288' title='bbox 844 2054 1202 2126; x_wconf 82' lang='grc' dir='ltr'>ἀνθρωπίνων</span> <span class='ocrx_word' id='word_1_289' title='bbox 1235 2055 1513 2128; x_wconf 84' lang='grc' dir='ltr'>λογισμῶν</span> <span class='ocrx_word' id='word_1_290' title='bbox 1550 2059 1651 2112; x_wconf 85' lang='grc' dir='ltr'>οὐκ</span> <span class='ocrx_word' id='word_1_291' title='bbox 1673 2060 1872 2133; x_wconf 75' lang='grc' dir='ltr'>ἀγνοήο</span> 
     </span>
    </p>
   </div>
   <div class='ocr_carea' id='block_1_40' title="bbox 282 2144 1869 2225">
    <p class='ocr_par' dir='ltr' id='par_1_40' title="bbox 282 2144 1869 2225">
     <span class='ocr_line' id='line_1_40' title="bbox 282 2144 1869 2225; baseline 0.004 -24"><span class='ocrx_word' id='word_1_292' title='bbox 282 2165 403 2211; x_wconf 81' lang='grc' dir='ltr'>σας,</span> <span class='ocrx_word' id='word_1_293' title='bbox 432 2147 507 2211; x_wconf 84' lang='grc' dir='ltr'><strong>ὡς</strong></span> <span class='ocrx_word' id='word_1_294' title='bbox 543 2144 695 2212; x_wconf 73' lang='grc' dir='ltr'>Θεὸς,</span> <span class='ocrx_word' id='word_1_295' title='bbox 738 2144 860 2200; x_wconf 78' lang='grc' dir='ltr'>οὔτε</span> <span class='ocrx_word' id='word_1_296' title='bbox 880 2145 998 2216; x_wconf 84' lang='grc' dir='ltr'><strong>,μὴν</strong></span> <span class='ocrx_word' id='word_1_297' title='bbox 1041 2149 1162 2211; x_wconf 91' lang='grc' dir='ltr'>ταῖς</span> <span class='ocrx_word' id='word_1_298' title='bbox 1187 2148 1553 2221; x_wconf 86' lang='grc' dir='ltr'>ύπερμέτροις</span> <span class='ocrx_word' id='word_1_299' title='bbox 1579 2152 1869 2225; x_wconf 79' lang='grc' dir='ltr'>θυμηδίαις</span> 
     </span>
    </p>
   </div>
   <div class='ocr_carea' id='block_1_41' title="bbox 278 2236 1870 2315">
    <p class='ocr_par' dir='ltr' id='par_1_41' title="bbox 278 2236 1870 2315">
     <span class='ocr_line' id='line_1_41' title="bbox 278 2236 1870 2315; baseline 0.005 -24"><span class='ocrx_word' id='word_1_300' title='bbox 278 2240 347 2310; x_wconf 80' lang='grc' dir='ltr'><strong>ἐᾷ</strong></span> <span class='ocrx_word' id='word_1_301' title='bbox 402 2236 705 2292; x_wconf 83' lang='grc' dir='ltr'>διακεῖσθαι</span> <span class='ocrx_word' id='word_1_302' title='bbox 749 2236 886 2306; x_wconf 72' lang='grc' dir='ltr'>πρδς</span> <span class='ocrx_word' id='word_1_303' title='bbox 922 2236 984 2290; x_wconf 83' lang='grc' dir='ltr'>τὸ</span> <span class='ocrx_word' id='word_1_304' title='bbox 1027 2238 1300 2295; x_wconf 86' lang='grc' dir='ltr'>εὐόλισθον</span> <span class='ocrx_word' id='word_1_305' title='bbox 1332 2240 1567 2313; x_wconf 89' lang='grc' dir='ltr'>(νόσημα</span> <span class='ocrx_word' id='word_1_306' title='bbox 1602 2244 1711 2315; x_wconf 90' lang='grc' dir='ltr'><strong>γάρ</strong></span> <span class='ocrx_word' id='word_1_307' title='bbox 1752 2262 1870 2311; x_wconf 90' lang='grc' dir='ltr'><strong>πως</strong></span> 
     </span>
    </p>
   </div>
   <div class='ocr_carea' id='block_1_42' title="bbox 280 2328 1871 2405">
    <p class='ocr_par' dir='ltr' id='par_1_42' title="bbox 280 2328 1871 2405">
     <span class='ocr_line' id='line_1_42' title="bbox 280 2328 1871 2405; baseline 0.004 -21"><span class='ocrx_word' id='word_1_308' title='bbox 280 2332 378 2384; x_wconf 75' lang='grc' dir='ltr'>καὶ</span> <span class='ocrx_word' id='word_1_309' title='bbox 411 2328 572 2383; x_wconf 76' lang='grc' dir='ltr'>τοῦτο</span> <span class='ocrx_word' id='word_1_310' title='bbox 612 2328 826 2400; x_wconf 84' lang='grc' dir='ltr'>πικρόν)</span> <span class='ocrx_word' id='word_1_311' title='bbox 850 2347 866 2359; x_wconf 90' lang='grc'><strong>·</strong></span> <span class='ocrx_word' id='word_1_312' title='bbox 904 2329 1030 2400; x_wconf 89' lang='grc' dir='ltr'>μίαν</span> <span class='ocrx_word' id='word_1_313' title='bbox 1059 2330 1115 2384; x_wconf 84' lang='grc' dir='ltr'>δὲ</span> <span class='ocrx_word' id='word_1_314' title='bbox 1154 2329 1345 2403; x_wconf 84' lang='grc' dir='ltr'>ὥσπερ</span> <span class='ocrx_word' id='word_1_315' title='bbox 1370 2333 1428 2401; x_wconf 82' lang='grc' dir='ltr'>ἐξ</span> <span class='ocrx_word' id='word_1_316' title='bbox 1458 2334 1661 2405; x_wconf 89' lang='grc' dir='ltr'>ἀμφοῖν</span> <span class='ocrx_word' id='word_1_317' title='bbox 1689 2336 1871 2391; x_wconf 80' lang='grc' dir='ltr'>διακε·</span> 
     </span>
    </p>
   </div>
   <div class='ocr_carea' id='block_1_43' title="bbox 278 2421 1866 2500">
    <p class='ocr_par' dir='ltr' id='par_1_43' title="bbox 278 2421 1866 2500">
     <span class='ocr_line' id='line_1_43' title="bbox 278 2421 1866 2500; baseline 0.003 -23"><span class='ocrx_word' id='word_1_318' title='bbox 278 2423 456 2493; x_wconf 82' lang='grc' dir='ltr'>ράσας</span> <span class='ocrx_word' id='word_1_319' title='bbox 517 2421 789 2492; x_wconf 87' lang='grc' dir='ltr'>μεσότητα</span> <span class='ocrx_word' id='word_1_320' title='bbox 812 2461 827 2486; x_wconf 94' lang='grc'><strong>,</strong></span> <span class='ocrx_word' id='word_1_321' title='bbox 861 2421 1088 2492; x_wconf 86' lang='grc' dir='ltr'>ποδηγεῖ</span> <span class='ocrx_word' id='word_1_322' title='bbox 1131 2422 1480 2493; x_wconf 81' lang='grc' dir='ltr'>καθηκόντως</span> <span class='ocrx_word' id='word_1_323' title='bbox 1527 2427 1608 2489; x_wconf 89' lang='grc' dir='ltr'><strong>είς</strong></span> <span class='ocrx_word' id='word_1_324' title='bbox 1650 2427 1866 2500; x_wconf 83' lang='grc' dir='ltr'>ἀσφαλῆ</span> 
     </span>
    </p>
   </div>
   <div class='ocr_carea' id='block_1_44' title="bbox 275 2513 1869 2591">
    <p class='ocr_par' dir='ltr' id='par_1_44' title="bbox 275 2513 1869 2591">
     <span class='ocr_line' id='line_1_44' title="bbox 275 2513 1869 2591; baseline 0.003 -23"><span class='ocrx_word' id='word_1_325' title='bbox 275 2516 467 2587; x_wconf 78' lang='grc' dir='ltr'>τρίϐον</span> <span class='ocrx_word' id='word_1_326' title='bbox 496 2557 511 2580; x_wconf 91' lang='grc'><strong>,</strong></span> <span class='ocrx_word' id='word_1_327' title='bbox 548 2515 640 2569; x_wconf 77' lang='grc' dir='ltr'><strong>καὶ</strong></span> <span class='ocrx_word' id='word_1_328' title='bbox 694 2514 965 2568; x_wconf 81' lang='grc' dir='ltr'>πολιτείαν</span> <span class='ocrx_word' id='word_1_329' title='bbox 1020 2513 1133 2588; x_wconf 75' lang='grc' dir='ltr'>[γρ.</span> <span class='ocrx_word' id='word_1_330' title='bbox 1186 2516 1485 2591; x_wconf 79' lang='grc' dir='ltr'>πολιτείας]</span> <span class='ocrx_word' id='word_1_331' title='bbox 1527 2519 1708 2583; x_wconf 83' lang='grc' dir='ltr'>αὐτοῖς</span> <span class='ocrx_word' id='word_1_332' title='bbox 1766 2520 1869 2591; x_wconf 85' lang='grc' dir='ltr'>τῆς</span> 
     </span>
    </p>
   </div>
   <div class='ocr_carea' id='block_1_45' title="bbox 269 2606 1867 2682">
    <p class='ocr_par' dir='ltr' id='par_1_45' title="bbox 269 2606 1867 2682">
     <span class='ocr_line' id='line_1_45' title="bbox 269 2606 1867 2682; baseline 0.003 -22"><span class='ocrx_word' id='word_1_333' title='bbox 269 2606 632 2678; x_wconf 72' lang='grc' dir='ltr'>ἐδραιοτέρας</span> <span class='ocrx_word' id='word_1_334' title='bbox 655 2645 669 2669; x_wconf 88' lang='grc'><strong>,</strong></span> <span class='ocrx_word' id='word_1_335' title='bbox 698 2606 795 2660; x_wconf 80' lang='grc' dir='ltr'>καὶ</span> <span class='ocrx_word' id='word_1_336' title='bbox 828 2606 1230 2677; x_wconf 85' lang='grc' dir='ltr'>σφαλερότητος</span> <span class='ocrx_word' id='word_1_337' title='bbox 1263 2608 1481 2681; x_wconf 85' lang='grc' dir='ltr'>ἀπάσης</span> <span class='ocrx_word' id='word_1_338' title='bbox 1510 2609 1867 2682; x_wconf 87' lang='grc' dir='ltr'>ἀπηλλαγμέ-</span> 
     </span>
    </p>
   </div>
   <div class='ocr_carea' id='block_1_46' title="bbox 273 2695 1866 2771">
    <p class='ocr_par' dir='ltr' id='par_1_46' title="bbox 273 2695 1866 2771">
     <span class='ocr_line' id='line_1_46' title="bbox 273 2695 1866 2771; baseline 0.001 -20"><span class='ocrx_word' id='word_1_339' title='bbox 273 2714 378 2766; x_wconf 79' lang='grc' dir='ltr'><strong>νης</strong></span> <span class='ocrx_word' id='word_1_340' title='bbox 406 2696 769 2766; x_wconf 48' lang='grc' dir='ltr'>«ἐνεργάζεται</span> <span class='ocrx_word' id='word_1_341' title='bbox 800 2695 1020 2765; x_wconf 87' lang='grc' dir='ltr'>γνῶσιν.</span> <span class='ocrx_word' id='word_1_342' title='bbox 1052 2697 1433 2771; x_wconf 63' lang='grc' dir='ltr'>Αιαρκέστατα</span> <span class='ocrx_word' id='word_1_343' title='bbox 1461 2699 1639 2753; x_wconf 88' lang='grc' dir='ltr'>τοίνυν</span> <span class='ocrx_word' id='word_1_344' title='bbox 1666 2701 1866 2765; x_wconf 79' lang='grc' dir='ltr'>αὐτοὺς</span> 
     </span>
    </p>
   </div>
   <div class='ocr_carea' id='block_1_47' title="bbox 268 2786 1867 2861">
    <p class='ocr_par' dir='ltr' id='par_1_47' title="bbox 268 2786 1867 2861">
     <span class='ocr_line' id='line_1_47' title="bbox 268 2786 1867 2861; baseline 0.003 -20"><span class='ocrx_word' id='word_1_345' title='bbox 268 2791 396 2851; x_wconf 79' lang='grc' dir='ltr'>τοῖς</span> <span class='ocrx_word' id='word_1_346' title='bbox 438 2790 518 2852; x_wconf 89' lang='grc' dir='ltr'><strong>είς</strong></span> <span class='ocrx_word' id='word_1_347' title='bbox 569 2787 915 2859; x_wconf 70' lang='grc' dir='ltr'>παράκλησιν</span> <span class='ocrx_word' id='word_1_348' title='bbox 957 2788 1265 2859; x_wconf 75' lang='grc' dir='ltr'>ἀπαλείψας</span> <span class='ocrx_word' id='word_1_349' title='bbox 1307 2789 1522 2858; x_wconf 87' lang='grc' dir='ltr'>λόγοις,</span> <span class='ocrx_word' id='word_1_350' title='bbox 1557 2786 1867 2861; x_wconf 75' lang='grc' dir='ltr'>καὶέφ⁹οἷς</span> 
     </span>
    </p>
   </div>
   <div class='ocr_carea' id='block_1_48' title="bbox 277 2876 1867 2951">
    <p class='ocr_par' dir='ltr' id='par_1_48' title="bbox 277 2876 1867 2951">
     <span class='ocr_line' id='line_1_48' title="bbox 277 2876 1867 2951; baseline 0 -18"><span class='ocrx_word' id='word_1_351' title='bbox 277 2876 354 2949; x_wconf 80' lang='grc' dir='ltr'><strong>ἦν</strong></span> <span class='ocrx_word' id='word_1_352' title='bbox 382 2878 529 2943; x_wconf 70' lang='grc' dir='ltr'>είκδς</span> <span class='ocrx_word' id='word_1_353' title='bbox 560 2878 1005 2947; x_wconf 80' lang='grc' dir='ltr'>καταστυγνάσαι</span> <span class='ocrx_word' id='word_1_354' title='bbox 1038 2879 1290 2950; x_wconf 86' lang='grc' dir='ltr'>πρέπειν,</span> <span class='ocrx_word' id='word_1_355' title='bbox 1327 2880 1539 2951; x_wconf 87' lang='grc' dir='ltr'>χαίρειν</span> <span class='ocrx_word' id='word_1_356' title='bbox 1568 2881 1867 2944; x_wconf 87' lang='grc' dir='ltr'>ἀναπείσας</span> 
     </span>
    </p>
   </div>
   <div class='ocr_carea' id='block_1_49' title="bbox 274 2969 1864 3044">
    <p class='ocr_par' dir='ltr' id='par_1_49' title="bbox 274 2969 1864 3044">
     <span class='ocr_line' id='line_1_49' title="bbox 274 2969 1864 3044; baseline 0.001 -19"><span class='ocrx_word' id='word_1_357' title='bbox 274 2971 342 3037; x_wconf 79' lang='grc' dir='ltr'>ἐξ</span> <span class='ocrx_word' id='word_1_358' title='bbox 372 2971 757 3042; x_wconf 85' lang='grc' dir='ltr'>ἀντιστροφῆς,</span> <span class='ocrx_word' id='word_1_359' title='bbox 806 2972 929 3034; x_wconf 63' lang='grc' dir='ltr'>ταῖς</span> <span class='ocrx_word' id='word_1_360' title='bbox 958 2972 1039 3034; x_wconf 87' lang='grc' dir='ltr'><strong>είς</strong></span> <span class='ocrx_word' id='word_1_361' title='bbox 1058 2969 1380 3041; x_wconf 77' lang='grc' dir='ltr'>,φιλεργείαν</span> <span class='ocrx_word' id='word_1_362' title='bbox 1413 2970 1657 3036; x_wconf 76' lang='grc' dir='ltr'>ἐντολαῖς</span> <span class='ocrx_word' id='word_1_363' title='bbox 1686 2990 1864 3044; x_wconf 88' lang='grc' dir='ltr'>παρα-</span> 
     </span>
    </p>
   </div>
   <div class='ocr_carea' id='block_1_50' title="bbox 278 3060 1863 3135">
    <p class='ocr_par' dir='ltr' id='par_1_50' title="bbox 278 3060 1863 3135">
     <span class='ocr_line' id='line_1_50' title="bbox 278 3060 1863 3135; baseline 0.002 -19"><span class='ocrx_word' id='word_1_364' title='bbox 278 3062 439 3129; x_wconf 75' lang='grc' dir='ltr'>θήσει</span> <span class='ocrx_word' id='word_1_365' title='bbox 485 3061 598 3133; x_wconf 74' lang='grc' dir='ltr'><strong>[ῃο.</strong></span> <span class='ocrx_word' id='word_1_366' title='bbox 626 3061 958 3134; x_wconf 84' lang='grc' dir='ltr'>παραθήγει]</span> <span class='ocrx_word' id='word_1_367' title='bbox 1000 3062 1162 3116; x_wconf 79' lang='grc' dir='ltr'>πάλιν</span> <span class='ocrx_word' id='word_1_368' title='bbox 1189 3064 1269 3127; x_wconf 80' lang='grc' dir='ltr'><strong>είς</strong></span> <span class='ocrx_word' id='word_1_369' title='bbox 1294 3060 1555 3133; x_wconf 76' lang='grc' dir='ltr'>εὔτολμον</span> <span class='ocrx_word' id='word_1_370' title='bbox 1588 3061 1863 3135; x_wconf 87' lang='grc' dir='ltr'>φρόνημα,</span> 
     </span>
    </p>
   </div>
   <div class='ocr_carea' id='block_1_51' title="bbox 278 3150 1867 3224">
    <p class='ocr_par' dir='ltr' id='par_1_51' title="bbox 278 3150 1867 3224">
     <span class='ocr_line' id='line_1_51' title="bbox 278 3150 1867 3224; baseline 0 -18"><span class='ocrx_word' id='word_1_371' title='bbox 278 3153 377 3206; x_wconf 76' lang='grc' dir='ltr'><strong>καὶ</strong></span> <span class='ocrx_word' id='word_1_372' title='bbox 402 3151 491 3205; x_wconf 69' lang='grc' dir='ltr'><strong>διὰ</strong></span> <span class='ocrx_word' id='word_1_373' title='bbox 542 3152 724 3222; x_wconf 83' lang='grc' dir='ltr'>πάσης</span> <span class='ocrx_word' id='word_1_374' title='bbox 766 3152 944 3215; x_wconf 82' lang='grc' dir='ltr'>ίόντας</span> <span class='ocrx_word' id='word_1_375' title='bbox 979 3152 1216 3224; x_wconf 76' lang='grc' dir='ltr'>σπουδῆς</span> <span class='ocrx_word' id='word_1_376' title='bbox 1248 3153 1341 3207; x_wconf 83' lang='grc' dir='ltr'>καὶ</span> <span class='ocrx_word' id='word_1_377' title='bbox 1369 3152 1461 3205; x_wconf 86' lang='grc' dir='ltr'>τὸν</span> <span class='ocrx_word' id='word_1_378' title='bbox 1486 3150 1764 3224; x_wconf 81' lang='grc' dir='ltr'>ἐξαίρετον</span> <span class='ocrx_word' id='word_1_379' title='bbox 1786 3153 1867 3217; x_wconf 84' lang='grc' dir='ltr'><strong>είς</strong></span> 
     </span>
    </p>
   </div>
   <div class='ocr_carea' id='block_1_52' title="bbox 278 3242 1865 3316">
    <p class='ocr_par' dir='ltr' id='par_1_52' title="bbox 278 3242 1865 3316">
     <span class='ocr_line' id='line_1_52' title="bbox 278 3242 1865 3316; baseline 0 -20"><span class='ocrx_word' id='word_1_380' title='bbox 278 3242 630 3314; x_wconf 79' lang='grc' dir='ltr'>φιλαλληλίαν</span> <span class='ocrx_word' id='word_1_381' title='bbox 668 3242 1089 3315; x_wconf 78' lang='grc' dir='ltr'>ἐπιτηδεύοντας</span> <span class='ocrx_word' id='word_1_382' title='bbox 1120 3245 1343 3316; x_wconf 81' lang='grc' dir='ltr'>τρόπον,</span> <span class='ocrx_word' id='word_1_383' title='bbox 1382 3244 1616 3314; x_wconf 86' lang='grc' dir='ltr'>ὠφελεῖν</span> <span class='ocrx_word' id='word_1_384' title='bbox 1649 3242 1865 3297; x_wconf 83' lang='grc' dir='ltr'>κελεύει</span> 
     </span>
    </p>
   </div>
   <div class='ocr_carea' id='block_1_53' title="bbox 275 3330 1866 3400">
    <p class='ocr_par' dir='ltr' id='par_1_53' title="bbox 275 3330 1866 3400">
     <span class='ocr_line' id='line_1_53' title="bbox 275 3330 1866 3400; baseline -0.001 -14"><span class='ocrx_word' id='word_1_385' title='bbox 275 3334 407 3396; x_wconf 74' lang='grc' dir='ltr'>τοὺς</span> <span class='ocrx_word' id='word_1_386' title='bbox 436 3331 699 3396; x_wconf 85' lang='grc' dir='ltr'>ἀπίστους</span> <span class='ocrx_word' id='word_1_387' title='bbox 748 3330 860 3397; x_wconf 83' lang='grc' dir='ltr'>ἐτι,</span> <span class='ocrx_word' id='word_1_388' title='bbox 895 3331 989 3385; x_wconf 78' lang='grc' dir='ltr'>καὶ</span> <span class='ocrx_word' id='word_1_389' title='bbox 1017 3334 1131 3395; x_wconf 84' lang='grc' dir='ltr'>τοῖς</span> <span class='ocrx_word' id='word_1_390' title='bbox 1162 3333 1242 3394; x_wconf 86' lang='grc' dir='ltr'><strong>είς</strong></span> <span class='ocrx_word' id='word_1_391' title='bbox 1282 3331 1564 3386; x_wconf 83' lang='grc' dir='ltr'>εὐσέϐειαν</span> <span class='ocrx_word' id='word_1_392' title='bbox 1604 3330 1783 3400; x_wconf 88' lang='grc' dir='ltr'>λόγοις</span> <span class='ocrx_word' id='word_1_393' title='bbox 1805 3348 1866 3385; x_wconf 90' lang='grc' dir='ltr'><strong>τε</strong></span> 
     </span>
    </p>
   </div>
   <div class='ocr_carea' id='block_1_54' title="bbox 275 3421 1868 3493">
    <p class='ocr_par' dir='ltr' id='par_1_54' title="bbox 275 3421 1868 3493">
     <span class='ocr_line' id='line_1_54' title="bbox 275 3421 1868 3493; baseline -0.003 -16"><span class='ocrx_word' id='word_1_394' title='bbox 275 3424 375 3477; x_wconf 69' lang='grc' dir='ltr'>καὶ</span> <span class='ocrx_word' id='word_1_395' title='bbox 409 3423 699 3493; x_wconf 77' lang='grc' dir='ltr'>πράγμασι</span> <span class='ocrx_word' id='word_1_396' title='bbox 730 3421 1052 3492; x_wconf 87' lang='grc' dir='ltr'>σαγηνεύειν</span> <span class='ocrx_word' id='word_1_397' title='bbox 1083 3421 1401 3491; x_wconf 80' lang='grc' dir='ltr'>ἐπείγεσθαι</span> <span class='ocrx_word' id='word_1_398' title='bbox 1434 3423 1559 3485; x_wconf 75' lang='grc' dir='ltr'>τοὺς</span> <span class='ocrx_word' id='word_1_399' title='bbox 1590 3421 1868 3492; x_wconf 83' lang='grc' dir='ltr'>πεπλανη-</span> 
     </span>
    </p>
   </div>
   <div class='ocr_carea' id='block_1_55' title="bbox 278 3512 1862 3586">
    <p class='ocr_par' dir='ltr' id='par_1_55' title="bbox 278 3512 1862 3586">
     <span class='ocr_line' id='line_1_55' title="bbox 278 3512 1862 3586; baseline 0.001 -21"><span class='ocrx_word' id='word_1_400' title='bbox 278 3514 498 3586; x_wconf 79' lang='grc' dir='ltr'>μένους,</span> <span class='ocrx_word' id='word_1_401' title='bbox 527 3516 609 3578; x_wconf 84' lang='grc' dir='ltr'><strong>είς</strong></span> <span class='ocrx_word' id='word_1_402' title='bbox 660 3513 722 3566; x_wconf 84' lang='grc' dir='ltr'>τὸ</span> <span class='ocrx_word' id='word_1_403' title='bbox 768 3512 942 3566; x_wconf 81' lang='grc' dir='ltr'>θέλειν</span> <span class='ocrx_word' id='word_1_404' title='bbox 984 3512 1071 3567; x_wconf 82' lang='grc' dir='ltr'><strong>διὰ</strong></span> <span class='ocrx_word' id='word_1_405' title='bbox 1117 3513 1351 3575; x_wconf 82' lang='grc' dir='ltr'>πίστεως</span> <span class='ocrx_word' id='word_1_406' title='bbox 1384 3512 1678 3567; x_wconf 82' lang='grc' dir='ltr'>κολλᾶσθαι</span> <span class='ocrx_word' id='word_1_407' title='bbox 1724 3512 1862 3583; x_wconf 87' lang='grc' dir='ltr'><strong>Θεῷ.</strong></span> 
     </span>
    </p>
   </div>
   <div class='ocr_carea' id='block_1_56' title="bbox 285 3599 1868 3672">
    <p class='ocr_par' dir='ltr' id='par_1_56' title="bbox 285 3599 1868 3672">
     <span class='ocr_line' id='line_1_56' title="bbox 285 3599 1868 3672; baseline 0.001 -18"><span class='ocrx_word' id='word_1_408' title='bbox 285 3601 518 3655; x_wconf 81' lang='grc' dir='ltr'>Ἑαυτὸν</span> <span class='ocrx_word' id='word_1_409' title='bbox 555 3599 848 3672; x_wconf 79' lang='grc' dir='ltr'>τοιγαροῦν</span> <span class='ocrx_word' id='word_1_410' title='bbox 888 3600 1072 3653; x_wconf 78' lang='grc' dir='ltr'>εἰκόνα</span> <span class='ocrx_word' id='word_1_411' title='bbox 1118 3601 1214 3654; x_wconf 78' lang='grc' dir='ltr'>καὶ</span> <span class='ocrx_word' id='word_1_412' title='bbox 1235 3600 1404 3654; x_wconf 89' lang='grc' dir='ltr'>τύπον</span> <span class='ocrx_word' id='word_1_413' title='bbox 1426 3600 1519 3654; x_wconf 82' lang='grc' dir='ltr'><strong>τοῦ</strong></span> <span class='ocrx_word' id='word_1_414' title='bbox 1543 3600 1868 3672; x_wconf 87' lang='grc' dir='ltr'>πράγματος</span> 
     </span>
    </p>
   </div>
   <div class='ocr_carea' id='block_1_57' title="bbox 279 3691 1869 3764">
    <p class='ocr_par' dir='ltr' id='par_1_57' title="bbox 279 3691 1869 3764">
     <span class='ocr_line' id='line_1_57' title="bbox 279 3691 1869 3764; baseline 0 -17"><span class='ocrx_word' id='word_1_415' title='bbox 279 3691 574 3764; x_wconf 70' lang='grc' dir='ltr'>παραθεὶς,</span> <span class='ocrx_word' id='word_1_416' title='bbox 611 3692 705 3745; x_wconf 77' lang='grc' dir='ltr'>καὶ</span> <span class='ocrx_word' id='word_1_417' title='bbox 754 3691 1110 3763; x_wconf 84' lang='grc' dir='ltr'>παρενεγκὼν</span> <span class='ocrx_word' id='word_1_418' title='bbox 1153 3695 1232 3756; x_wconf 89' lang='grc' dir='ltr'><strong>είς</strong></span> <span class='ocrx_word' id='word_1_419' title='bbox 1262 3693 1427 3762; x_wconf 83' lang='grc' dir='ltr'>μέσον</span> <span class='ocrx_word' id='word_1_420' title='bbox 1460 3693 1519 3746; x_wconf 75' lang='grc' dir='ltr'><strong>τὸ</strong></span> <span class='ocrx_word' id='word_1_421' title='bbox 1546 3694 1627 3756; x_wconf 83' lang='grc' dir='ltr'><strong>είς</strong></span> <span class='ocrx_word' id='word_1_422' title='bbox 1672 3693 1869 3758; x_wconf 74' lang='grc' dir='ltr'>αὐτοὺς</span> 
     </span>
    </p>
   </div>
   <div class='ocr_carea' id='block_1_58' title="bbox 278 3779 1868 3854">
    <p class='ocr_par' dir='ltr' id='par_1_58' title="bbox 278 3779 1868 3854">
     <span class='ocr_line' id='line_1_58' title="bbox 278 3779 1868 3854; baseline 0.002 -21"><span class='ocrx_word' id='word_1_423' title='bbox 278 3779 384 3854; x_wconf 64' lang='grc' dir='ltr'>ἤδη</span> <span class='ocrx_word' id='word_1_424' title='bbox 434 3779 820 3851; x_wconf 81' lang='grc' dir='ltr'>τετελεσμένον</span> <span class='ocrx_word' id='word_1_425' title='bbox 858 3779 1007 3852; x_wconf 85' lang='grc' dir='ltr'>αύτῷ</span> <span class='ocrx_word' id='word_1_426' title='bbox 1030 3820 1046 3846; x_wconf 92' lang='grc'><strong>,</strong></span> <span class='ocrx_word' id='word_1_427' title='bbox 1075 3780 1358 3852; x_wconf 88' lang='grc' dir='ltr'>μιμεῖσθαί</span> <span class='ocrx_word' id='word_1_428' title='bbox 1378 3798 1435 3834; x_wconf 91' lang='grc' dir='ltr'><strong>τε</strong></span> <span class='ocrx_word' id='word_1_429' title='bbox 1464 3781 1640 3835; x_wconf 86' lang='grc' dir='ltr'>πείθει</span> <span class='ocrx_word' id='word_1_430' title='bbox 1670 3782 1763 3835; x_wconf 78' lang='grc' dir='ltr'>τὸν</span> <span class='ocrx_word' id='word_1_431' title='bbox 1787 3782 1868 3836; x_wconf 90' lang='grc' dir='ltr'>δι-</span> 
     </span>
    </p>
   </div>
   <div class='ocr_carea' id='block_1_59' title="bbox 275 3868 1864 3943">
    <p class='ocr_par' dir='ltr' id='par_1_59' title="bbox 275 3868 1864 3943">
     <span class='ocr_line' id='line_1_59' title="bbox 275 3868 1864 3943; baseline 0.003 -23"><span class='ocrx_word' id='word_1_432' title='bbox 275 3868 573 3931; x_wconf 75' lang='grc' dir='ltr'>δάσκαλον,</span> <span class='ocrx_word' id='word_1_433' title='bbox 601 3869 696 3922; x_wconf 76' lang='grc' dir='ltr'>καὶ</span> <span class='ocrx_word' id='word_1_434' title='bbox 738 3872 851 3934; x_wconf 88' lang='grc' dir='ltr'>τοῖς</span> <span class='ocrx_word' id='word_1_435' title='bbox 900 3869 1034 3935; x_wconf 82' lang='grc' dir='ltr'>ίσοις</span> <span class='ocrx_word' id='word_1_436' title='bbox 1066 3870 1394 3940; x_wconf 84' lang='grc' dir='ltr'>διαλάμπειν</span> <span class='ocrx_word' id='word_1_437' title='bbox 1445 3871 1640 3935; x_wconf 72' lang='grc' dir='ltr'>αὐτοὺς</span> <span class='ocrx_word' id='word_1_438' title='bbox 1669 3889 1864 3943; x_wconf 86' lang='grc' dir='ltr'>κατορ-</span> 
     </span>
    </p>
   </div>
   <div class='ocr_carea' id='block_1_60' title="bbox 274 3959 1869 4035">
    <p class='ocr_par' dir='ltr' id='par_1_60' title="bbox 274 3959 1869 4035">
     <span class='ocr_line' id='line_1_60' title="bbox 274 3959 1869 4035; baseline 0.003 -22"><span class='ocrx_word' id='word_1_439' title='bbox 274 3959 523 4029; x_wconf 80' lang='grc' dir='ltr'>θώμασι,</span> <span class='ocrx_word' id='word_1_440' title='bbox 551 3960 725 4030; x_wconf 80' lang='grc' dir='ltr'>λέγων</span> <span class='ocrx_word' id='word_1_441' title='bbox 748 3978 795 4013; x_wconf 77' lang='grc' dir='ltr'><strong>ἰ</strong></span> <span class='ocrx_word' id='word_1_442' title='bbox 821 3962 934 4034; x_wconf 85' lang='grc' dir='ltr'><strong>υύχ</strong></span> <span class='ocrx_word' id='word_1_443' title='bbox 959 3964 1118 4034; x_wconf 85' lang='grc' dir='ltr'>ὑμεῖς</span> <span class='ocrx_word' id='word_1_444' title='bbox 1147 3981 1214 4035; x_wconf 86' lang='grc' dir='ltr'><strong>με</strong></span> <span class='ocrx_word' id='word_1_445' title='bbox 1242 3963 1585 4029; x_wconf 81' lang='grc' dir='ltr'>ἐξελέξασθε,</span> <span class='ocrx_word' id='word_1_446' title='bbox 1614 3962 1729 4017; x_wconf 86' lang='grc' dir='ltr'>ἀλλ’</span> <span class='ocrx_word' id='word_1_447' title='bbox 1758 3963 1869 4032; x_wconf 85' lang='grc' dir='ltr'>ἐγὼ</span> 
     </span>
    </p>
   </div>
   <div class='ocr_carea' id='block_1_61' title="bbox 276 4050 1870 4124">
    <p class='ocr_par' dir='ltr' id='par_1_61' title="bbox 276 4050 1870 4124">
     <span class='ocr_line' id='line_1_61' title="bbox 276 4050 1870 4124; baseline 0.003 -22"><span class='ocrx_word' id='word_1_448' title='bbox 276 4050 431 4118; x_wconf 77' lang='grc' dir='ltr'>ὑμᾶς</span> <span class='ocrx_word' id='word_1_449' title='bbox 463 4050 819 4123; x_wconf 77' lang='grc' dir='ltr'>ἐξελεξάμην,</span> <span class='ocrx_word' id='word_1_450' title='bbox 865 4070 884 4104; x_wconf 76' lang='grc' dir='ltr'><strong>ι</strong></span> <span class='ocrx_word' id='word_1_451' title='bbox 914 4053 1010 4107; x_wconf 76' lang='grc' dir='ltr'><strong>καὶ</strong></span> <span class='ocrx_word' id='word_1_452' title='bbox 1051 4052 1121 4106; x_wconf 82' lang='grc' dir='ltr'>τὰ</span> <span class='ocrx_word' id='word_1_453' title='bbox 1162 4052 1374 4114; x_wconf 86' lang='grc' dir='ltr'>τούτοις</span> <span class='ocrx_word' id='word_1_454' title='bbox 1411 4050 1627 4124; x_wconf 79' lang='grc' dir='ltr'>ἐφεξῆς.</span> <span class='ocrx_word' id='word_1_455' title='bbox 1671 4053 1870 4107; x_wconf 85' lang='grc' dir='ltr'>Ἓννόει</span> 
     </span>
    </p>
   </div>
   <div class='ocr_carea' id='block_1_62' title="bbox 275 4140 1869 4217">
    <p class='ocr_par' dir='ltr' id='par_1_62' title="bbox 275 4140 1869 4217">
     <span class='ocr_line' id='line_1_62' title="bbox 275 4140 1869 4217; baseline 0.003 -24"><span class='ocrx_word' id='word_1_456' title='bbox 275 4140 395 4211; x_wconf 76' lang='grc' dir='ltr'><strong>γὰρ</strong></span> <span class='ocrx_word' id='word_1_457' title='bbox 446 4140 673 4210; x_wconf 82' lang='grc' dir='ltr'>λέγοντα</span> <span class='ocrx_word' id='word_1_458' title='bbox 700 4142 885 4214; x_wconf 89' lang='grc' dir='ltr'>’τυχόν</span> <span class='ocrx_word' id='word_1_459' title='bbox 906 4159 920 4174; x_wconf 84' lang='grc'><em>’</em></span> <span class='ocrx_word' id='word_1_460' title='bbox 953 4142 1343 4214; x_wconf 84' lang='grc' dir='ltr'>Περιζὼσασθε</span> <span class='ocrx_word' id='word_1_461' title='bbox 1377 4142 1478 4215; x_wconf 81' lang='grc' dir='ltr'>τὴν</span> <span class='ocrx_word' id='word_1_462' title='bbox 1504 4146 1584 4208; x_wconf 86' lang='grc' dir='ltr'><strong>είς</strong></span> <span class='ocrx_word' id='word_1_463' title='bbox 1606 4145 1869 4217; x_wconf 78' lang='grc' dir='ltr'>ἀλλήλους</span> 
     </span>
    </p>
   </div>
   <div class='ocr_carea' id='block_1_63' title="bbox 277 4226 1869 4309">
    <p class='ocr_par' dir='ltr' id='par_1_63' title="bbox 277 4226 1869 4309">
     <span class='ocr_line' id='line_1_63' title="bbox 277 4226 1869 4309; baseline 0.002 -23"><span class='ocrx_word' id='word_1_464' title='bbox 277 4226 591 4303; x_wconf 78' lang='grc' dir='ltr'>ἀγάπην,ὧ</span> <span class='ocrx_word' id='word_1_465' title='bbox 622 4234 899 4305; x_wconf 88' lang='grc' dir='ltr'>μαθηταί·</span> <span class='ocrx_word' id='word_1_466' title='bbox 930 4235 1100 4288; x_wconf 81' lang='grc' dir='ltr'>ταῦτα</span> <span class='ocrx_word' id='word_1_467' title='bbox 1133 4234 1239 4309; x_wconf 82' lang='grc' dir='ltr'><strong>γὰρ</strong></span> <span class='ocrx_word' id='word_1_468' title='bbox 1266 4235 1417 4306; x_wconf 85' lang='grc' dir='ltr'>δήτοι</span> <span class='ocrx_word' id='word_1_469' title='bbox 1448 4238 1664 4305; x_wconf 84' lang='grc' dir='ltr'>φρονεῖν</span> <span class='ocrx_word' id='word_1_470' title='bbox 1685 4252 1742 4289; x_wconf 91' lang='grc' dir='ltr'>τε</span> <span class='ocrx_word' id='word_1_471' title='bbox 1777 4237 1869 4290; x_wconf 75' lang='grc' dir='ltr'>καὶ</span> 
     </span>
    </p>
   </div>
   <div class='ocr_carea' id='block_1_64' title="bbox 2042 1870 3546 1948">
    <p class='ocr_par' dir='ltr' id='par_1_64' title="bbox 2042 1870 3546 1948">
     <span class='ocr_line' id='line_1_64' title="bbox 2042 1870 3546 1948; baseline 0.007 -22"><span class='ocrx_word' id='word_1_472' title='bbox 2042 1870 2153 1927; x_wconf 79' lang='lat' dir='ltr'><strong>Nec</strong></span> <span class='ocrx_word' id='word_1_473' title='bbox 2204 1881 2431 1929; x_wconf 80' lang='lat' dir='ltr'><strong>sanctos</strong></span> <span class='ocrx_word' id='word_1_474' title='bbox 2475 1874 2778 1945; x_wconf 77' lang='lat' dir='ltr'><strong>discipulos</strong></span> <span class='ocrx_word' id='word_1_475' title='bbox 2819 1877 3168 1948; x_wconf 75' lang='lat' dir='ltr'><strong>gravioribus</strong></span> <span class='ocrx_word' id='word_1_476' title='bbox 3199 1879 3381 1939; x_wconf 86' lang='lat' dir='ltr'><strong>verbis</strong></span> <span class='ocrx_word' id='word_1_477' title='bbox 3412 1895 3546 1937; x_wconf 87' lang='lat' dir='ltr'><strong>one-</strong></span> 
     </span>
    </p>
   </div>
   <div class='ocr_carea' id='block_1_65' title="bbox 1971 1959 3544 2047">
    <p class='ocr_par' dir='ltr' id='par_1_65' title="bbox 1971 1959 3544 2047">
     <span class='ocr_line' id='line_1_65' title="bbox 1971 1959 3544 2047; baseline 0.01 -35"><span class='ocrx_word' id='word_1_478' title='bbox 1971 1959 2083 2013; x_wconf 90' lang='lat' dir='ltr'><strong>rari</strong></span> <span class='ocrx_word' id='word_1_479' title='bbox 2113 1960 2266 2025; x_wconf 88' lang='lat' dir='ltr'><strong>sinit,</strong></span> <span class='ocrx_word' id='word_1_480' title='bbox 2298 1960 2525 2018; x_wconf 84' lang='lat' dir='ltr'><strong>humani</strong></span> <span class='ocrx_word' id='word_1_481' title='bbox 2550 1963 2756 2035; x_wconf 83' lang='lat' dir='ltr'><strong>ingenii</strong></span> <span class='ocrx_word' id='word_1_482' title='bbox 2789 1966 3220 2024; x_wconf 85' lang='lat' dir='ltr'><strong>imbecillitatem</strong></span> <span class='ocrx_word' id='word_1_483' title='bbox 3243 1985 3353 2025; x_wconf 93' lang='lat' dir='ltr'><strong>non</strong></span> <span class='ocrx_word' id='word_1_484' title='bbox 3384 1970 3544 2047; x_wconf 78' lang='lat' dir='ltr'><strong>igno-</strong></span> 
     </span>
    </p>
   </div>
   <div class='ocr_carea' id='block_1_66' title="bbox 1970 2050 3545 2132">
    <p class='ocr_par' dir='ltr' id='par_1_66' title="bbox 1970 2050 3545 2132">
     <span class='ocr_line' id='line_1_66' title="bbox 1970 2050 3545 2132; baseline 0.007 -28"><span class='ocrx_word' id='word_1_485' title='bbox 1970 2064 2126 2117; x_wconf 82' lang='lat' dir='ltr'><strong>rans,</strong></span> <span class='ocrx_word' id='word_1_486' title='bbox 2167 2059 2227 2106; x_wconf 92' lang='lat' dir='ltr'><strong>ut</strong></span> <span class='ocrx_word' id='word_1_487' title='bbox 2275 2050 2441 2120; x_wconf 90' lang='lat' dir='ltr'><strong>Deus,</strong></span> <span class='ocrx_word' id='word_1_488' title='bbox 2471 2070 2573 2110; x_wconf 91' lang='lat' dir='ltr'><strong>nec</strong></span> <span class='ocrx_word' id='word_1_489' title='bbox 2609 2054 2972 2113; x_wconf 88' lang='lat' dir='ltr'><strong>immoderata</strong></span> <span class='ocrx_word' id='word_1_490' title='bbox 3026 2058 3214 2114; x_wconf 69' lang='lat' dir='ltr'><strong>laetitia</strong></span> <span class='ocrx_word' id='word_1_491' title='bbox 3247 2059 3545 2132; x_wconf 85' lang='lat' dir='ltr'><strong>dilabipa-</strong></span> 
     </span>
    </p>
   </div>
   <div class='ocr_carea' id='block_1_67' title="bbox 1970 2139 3545 2218">
    <p class='ocr_par' dir='ltr' id='par_1_67' title="bbox 1970 2139 3545 2218">
     <span class='ocr_line' id='line_1_67' title="bbox 1970 2139 3545 2218; baseline 0.007 -21"><span class='ocrx_word' id='word_1_492' title='bbox 1970 2139 2103 2197; x_wconf 86' lang='lat' dir='ltr'><strong>titur</strong></span> <span class='ocrx_word' id='word_1_493' title='bbox 2132 2143 2338 2212; x_wconf 87' lang='lat' dir='ltr'><strong>(gravis</strong></span> <span class='ocrx_word' id='word_1_494' title='bbox 2360 2145 2506 2198; x_wconf 91' lang='lat' dir='ltr'><strong>enim</strong></span> <span class='ocrx_word' id='word_1_495' title='bbox 2530 2144 2619 2199; x_wconf 86' lang='lat' dir='ltr'><strong>hic</strong></span> <span class='ocrx_word' id='word_1_496' title='bbox 2649 2162 2870 2218; x_wconf 88' lang='lat' dir='ltr'><strong>quoque</strong></span> <span class='ocrx_word' id='word_1_497' title='bbox 2904 2150 3133 2208; x_wconf 91' lang='lat' dir='ltr'><strong>morbus</strong></span> <span class='ocrx_word' id='word_1_498' title='bbox 3161 2150 3285 2218; x_wconf 90' lang='lat' dir='ltr'><strong>est),</strong></span> <span class='ocrx_word' id='word_1_499' title='bbox 3318 2152 3415 2208; x_wconf 87' lang='lat' dir='ltr'><strong>sed</strong></span> <span class='ocrx_word' id='word_1_500' title='bbox 3434 2168 3545 2209; x_wconf 77' lang='lat' dir='ltr'><strong>una</strong></span> 
     </span>
    </p>
   </div>
   <div class='ocr_carea' id='block_1_68' title="bbox 1970 2231 3544 2313">
    <p class='ocr_par' dir='ltr' id='par_1_68' title="bbox 1970 2231 3544 2313">
     <span class='ocr_line' id='line_1_68' title="bbox 1970 2231 3544 2313; baseline 0.007 -27"><span class='ocrx_word' id='word_1_501' title='bbox 1970 2231 2377 2301; x_wconf 85' lang='lat' dir='ltr'><strong>quodammodo</strong></span> <span class='ocrx_word' id='word_1_502' title='bbox 2404 2250 2469 2290; x_wconf 82' lang='lat' dir='ltr'><strong>ex</strong></span> <span class='ocrx_word' id='word_1_503' title='bbox 2502 2236 2770 2294; x_wconf 90' lang='lat' dir='ltr'><strong>ambobus</strong></span> <span class='ocrx_word' id='word_1_504' title='bbox 2800 2239 3181 2298; x_wconf 90' lang='lat' dir='ltr'><strong>mediocritate</strong></span> <span class='ocrx_word' id='word_1_505' title='bbox 3224 2251 3544 2313; x_wconf 87' lang='lat' dir='ltr'><strong>temperata,</strong></span> 
     </span>
    </p>
   </div>
   <div class='ocr_carea' id='block_1_69' title="bbox 1970 2323 3545 2401">
    <p class='ocr_par' dir='ltr' id='par_1_69' title="bbox 1970 2323 3545 2401">
     <span class='ocr_line' id='line_1_69' title="bbox 1970 2323 3545 2401; baseline 0.008 -24"><span class='ocrx_word' id='word_1_506' title='bbox 1970 2323 2024 2377; x_wconf 93' lang='lat' dir='ltr'><strong>in</strong></span> <span class='ocrx_word' id='word_1_507' title='bbox 2081 2331 2260 2379; x_wconf 91' lang='lat' dir='ltr'><strong>tntum</strong></span> <span class='ocrx_word' id='word_1_508' title='bbox 2311 2325 2415 2380; x_wconf 84' lang='lat' dir='ltr'><strong>iter</strong></span> <span class='ocrx_word' id='word_1_509' title='bbox 2448 2341 2545 2383; x_wconf 91' lang='lat' dir='ltr'><strong>eos</strong></span> <span class='ocrx_word' id='word_1_510' title='bbox 2596 2330 2990 2386; x_wconf 86' lang='lat' dir='ltr'><strong>convenienter</strong></span> <span class='ocrx_word' id='word_1_511' title='bbox 3021 2331 3267 2401; x_wconf 91' lang='lat' dir='ltr'><strong>deducit,</strong></span> <span class='ocrx_word' id='word_1_512' title='bbox 3319 2341 3375 2390; x_wconf 87' lang='lat' dir='ltr'><strong>et</strong></span> <span class='ocrx_word' id='word_1_513' title='bbox 3416 2335 3545 2389; x_wconf 71' lang='lat' dir='ltr'><strong>vitae</strong></span> 
     </span>
    </p>
   </div>
   <div class='ocr_carea' id='block_1_70' title="bbox 1969 2415 3545 2494">
    <p class='ocr_par' dir='ltr' id='par_1_70' title="bbox 1969 2415 3545 2494">
     <span class='ocr_line' id='line_1_70' title="bbox 1969 2415 3545 2494; baseline 0.005 -23"><span class='ocrx_word' id='word_1_514' title='bbox 1969 2415 2277 2472; x_wconf 74' lang='lat' dir='ltr'><strong>stabilior-is</strong></span> <span class='ocrx_word' id='word_1_515' title='bbox 2322 2428 2489 2487; x_wconf 89' lang='lat' dir='ltr'><strong>atque</strong></span> <span class='ocrx_word' id='word_1_516' title='bbox 2520 2420 2670 2473; x_wconf 91' lang='lat' dir='ltr'><strong>omni</strong></span> <span class='ocrx_word' id='word_1_517' title='bbox 2724 2435 2915 2476; x_wconf 89' lang='lat' dir='ltr'><strong>errore</strong></span> <span class='ocrx_word' id='word_1_518' title='bbox 2940 2438 3130 2477; x_wconf 71' lang='lat' dir='ltr'><strong>vacua:</strong></span> <span class='ocrx_word' id='word_1_519' title='bbox 3173 2424 3545 2494; x_wconf 80' lang='lat' dir='ltr'><strong>cognitionem</strong></span> 
     </span>
    </p>
   </div>
   <div class='ocr_carea' id='block_1_71' title="bbox 1968 2505 3544 2581">
    <p class='ocr_par' dir='ltr' id='par_1_71' title="bbox 1968 2505 3544 2581">
     <span class='ocr_line' id='line_1_71' title="bbox 1968 2505 3544 2581; baseline 0.006 -21"><span class='ocrx_word' id='word_1_520' title='bbox 1968 2505 2182 2561; x_wconf 90' lang='lat' dir='ltr'><strong>inserit.</strong></span> <span class='ocrx_word' id='word_1_521' title='bbox 2214 2506 2322 2564; x_wconf 88' lang='lat' dir='ltr'><strong>Eos</strong></span> <span class='ocrx_word' id='word_1_522' title='bbox 2351 2508 2535 2579; x_wconf 88' lang='lat' dir='ltr'><strong>itaque</strong></span> <span class='ocrx_word' id='word_1_523' title='bbox 2575 2509 2713 2565; x_wconf 86' lang='lat' dir='ltr'><strong>satis</strong></span> <span class='ocrx_word' id='word_1_524' title='bbox 2752 2525 3029 2581; x_wconf 85' lang='lat' dir='ltr'><strong>superque</strong></span> <span class='ocrx_word' id='word_1_525' title='bbox 3063 2512 3360 2569; x_wconf 90' lang='lat' dir='ltr'><strong>verborum</strong></span> <span class='ocrx_word' id='word_1_526' title='bbox 3393 2515 3544 2570; x_wconf 88' lang='lat' dir='ltr'><strong>sola-</strong></span> 
     </span>
    </p>
   </div>
   <div class='ocr_carea' id='block_1_72' title="bbox 1968 2596 3544 2674">
    <p class='ocr_par' dir='ltr' id='par_1_72' title="bbox 1968 2596 3544 2674">
     <span class='ocr_line' id='line_1_72' title="bbox 1968 2596 3544 2674; baseline 0.006 -24"><span class='ocrx_word' id='word_1_527' title='bbox 1968 2597 2045 2652; x_wconf 91' lang='lat' dir='ltr'><strong>tio</strong></span> <span class='ocrx_word' id='word_1_528' title='bbox 2073 2596 2356 2666; x_wconf 89' lang='lat' dir='ltr'><strong>delinitos,</strong></span> <span class='ocrx_word' id='word_1_529' title='bbox 2396 2610 2453 2655; x_wconf 92' lang='lat' dir='ltr'><strong>et</strong></span> <span class='ocrx_word' id='word_1_530' title='bbox 2485 2600 2689 2670; x_wconf 88' lang='lat' dir='ltr'><strong>quibus</strong></span> <span class='ocrx_word' id='word_1_531' title='bbox 2721 2616 2787 2656; x_wconf 81' lang='lat' dir='ltr'><strong>ex</strong></span> <span class='ocrx_word' id='word_1_532' title='bbox 2820 2603 2985 2660; x_wconf 89' lang='lat' dir='ltr'><strong>rebus</strong></span> <span class='ocrx_word' id='word_1_533' title='bbox 3016 2619 3114 2674; x_wconf 89' lang='lat' dir='ltr'><strong>par</strong></span> <span class='ocrx_word' id='word_1_534' title='bbox 3160 2611 3279 2659; x_wconf 90' lang='lat' dir='ltr'><strong>erat</strong></span> <span class='ocrx_word' id='word_1_535' title='bbox 3312 2619 3409 2661; x_wconf 89' lang='lat' dir='ltr'><strong>eos</strong></span> <span class='ocrx_word' id='word_1_536' title='bbox 3438 2605 3544 2660; x_wconf 86' lang='lat' dir='ltr'><strong>tri-</strong></span> 
     </span>
    </p>
   </div>
   <div class='ocr_carea' id='block_1_73' title="bbox 1966 2688 3542 2764">
    <p class='ocr_par' dir='ltr' id='par_1_73' title="bbox 1966 2688 3542 2764">
     <span class='ocr_line' id='line_1_73' title="bbox 1966 2688 3542 2764; baseline 0.004 -20"><span class='ocrx_word' id='word_1_537' title='bbox 1966 2688 2116 2744; x_wconf 90' lang='lat' dir='ltr'><strong>stitia</strong></span> <span class='ocrx_word' id='word_1_538' title='bbox 2158 2688 2321 2754; x_wconf 80' lang='lat' dir='ltr'><strong>aﬂici,</strong></span> <span class='ocrx_word' id='word_1_539' title='bbox 2350 2705 2380 2746; x_wconf 92' lang='lat' dir='ltr'><strong>e</strong></span> <span class='ocrx_word' id='word_1_540' title='bbox 2407 2692 2691 2746; x_wconf 85' lang='lat' dir='ltr'><strong>contrario</strong></span> <span class='ocrx_word' id='word_1_541' title='bbox 2721 2693 2963 2762; x_wconf 90' lang='lat' dir='ltr'><strong>gaudere</strong></span> <span class='ocrx_word' id='word_1_542' title='bbox 2996 2709 3313 2764; x_wconf 88' lang='lat' dir='ltr'><strong>persuasos,</strong></span> <span class='ocrx_word' id='word_1_543' title='bbox 3354 2696 3425 2751; x_wconf 86' lang='lat' dir='ltr'><strong>ad</strong></span> <span class='ocrx_word' id='word_1_544' title='bbox 3461 2697 3542 2751; x_wconf 81' lang='lat' dir='ltr'><strong>la-</strong></span> 
     </span>
    </p>
   </div>
   <div class='ocr_carea' id='block_1_74' title="bbox 1965 2772 3543 2852">
    <p class='ocr_par' dir='ltr' id='par_1_74' title="bbox 1965 2772 3543 2852">
     <span class='ocr_line' id='line_1_74' title="bbox 1965 2772 3543 2852; baseline 0.006 -23"><span class='ocrx_word' id='word_1_545' title='bbox 1965 2772 2115 2830; x_wconf 90' lang='lat' dir='ltr'><strong>boris</strong></span> <span class='ocrx_word' id='word_1_546' title='bbox 2143 2773 2383 2829; x_wconf 91' lang='lat' dir='ltr'><strong>studium</strong></span> <span class='ocrx_word' id='word_1_547' title='bbox 2419 2775 2694 2834; x_wconf 90' lang='lat' dir='ltr'><strong>hortando</strong></span> <span class='ocrx_word' id='word_1_548' title='bbox 2726 2794 2923 2835; x_wconf 89' lang='lat' dir='ltr'><strong>rursus</strong></span> <span class='ocrx_word' id='word_1_549' title='bbox 2947 2780 3015 2835; x_wconf 89' lang='lat' dir='ltr'><strong>ad</strong></span> <span class='ocrx_word' id='word_1_550' title='bbox 3045 2797 3368 2852; x_wconf 77' lang='lat' dir='ltr'><strong>generosam</strong></span> <span class='ocrx_word' id='word_1_551' title='bbox 3392 2799 3543 2841; x_wconf 89' lang='lat' dir='ltr'><strong>men-</strong></span> 
     </span>
    </p>
   </div>
   <div class='ocr_carea' id='block_1_75' title="bbox 1967 2865 3542 2939">
    <p class='ocr_par' dir='ltr' id='par_1_75' title="bbox 1967 2865 3542 2939">
     <span class='ocr_line' id='line_1_75' title="bbox 1967 2865 3542 2939; baseline 0.007 -21"><span class='ocrx_word' id='word_1_552' title='bbox 1967 2872 2074 2919; x_wconf 89' lang='lat' dir='ltr'><strong>tem</strong></span> <span class='ocrx_word' id='word_1_553' title='bbox 2128 2865 2311 2934; x_wconf 84' lang='lat' dir='ltr'><strong>erigit,</strong></span> <span class='ocrx_word' id='word_1_554' title='bbox 2359 2867 2622 2939; x_wconf 88' lang='lat' dir='ltr'><strong>omnique</strong></span> <span class='ocrx_word' id='word_1_555' title='bbox 2669 2870 2884 2926; x_wconf 89' lang='lat' dir='ltr'><strong>ratione</strong></span> <span class='ocrx_word' id='word_1_556' title='bbox 2918 2872 2973 2926; x_wconf 90' lang='lat' dir='ltr'><strong>in</strong></span> <span class='ocrx_word' id='word_1_557' title='bbox 3000 2881 3248 2929; x_wconf 91' lang='lat' dir='ltr'><strong>mutuum</strong></span> <span class='ocrx_word' id='word_1_558' title='bbox 3301 2889 3542 2931; x_wconf 89' lang='lat' dir='ltr'><strong>amorem</strong></span> 
     </span>
    </p>
   </div>
   <div class='ocr_carea' id='block_1_76' title="bbox 1964 2956 3545 3036">
    <p class='ocr_par' dir='ltr' id='par_1_76' title="bbox 1964 2956 3545 3036">
     <span class='ocr_line' id='line_1_76' title="bbox 1964 2956 3545 3036; baseline 0.008 -27"><span class='ocrx_word' id='word_1_559' title='bbox 1964 2970 2158 3011; x_wconf 88' lang='lat' dir='ltr'><strong>versos</strong></span> <span class='ocrx_word' id='word_1_560' title='bbox 2192 2956 2449 3026; x_wconf 89' lang='lat' dir='ltr'><strong>opitulari</strong></span> <span class='ocrx_word' id='word_1_561' title='bbox 2477 2957 2637 3029; x_wconf 86' lang='lat' dir='ltr'><strong>jubet</strong></span> <span class='ocrx_word' id='word_1_562' title='bbox 2668 2958 2982 3017; x_wconf 80' lang='lat' dir='ltr'><strong>inﬁdelibus</strong></span> <span class='ocrx_word' id='word_1_563' title='bbox 3010 2963 3213 3029; x_wconf 89' lang='lat' dir='ltr'><strong>adhuc,</strong></span> <span class='ocrx_word' id='word_1_564' title='bbox 3243 2971 3299 3021; x_wconf 91' lang='lat' dir='ltr'><strong>et</strong></span> <span class='ocrx_word' id='word_1_565' title='bbox 3324 2964 3545 3036; x_wconf 89' lang='lat' dir='ltr'><strong>pietatis</strong></span> 
     </span>
    </p>
   </div>
   <div class='ocr_carea' id='block_1_77' title="bbox 1967 3046 3547 3126">
    <p class='ocr_par' dir='ltr' id='par_1_77' title="bbox 1967 3046 3547 3126">
     <span class='ocr_line' id='line_1_77' title="bbox 1967 3046 3547 3126; baseline 0.007 -26"><span class='ocrx_word' id='word_1_566' title='bbox 1967 3046 2316 3101; x_wconf 86' lang='lat' dir='ltr'><strong>sermonibus</strong></span> <span class='ocrx_word' id='word_1_567' title='bbox 2351 3062 2417 3101; x_wconf 89' lang='lat' dir='ltr'><strong>ac</strong></span> <span class='ocrx_word' id='word_1_568' title='bbox 2466 3048 2726 3119; x_wconf 90' lang='lat' dir='ltr'><strong>operibus</strong></span> <span class='ocrx_word' id='word_1_569' title='bbox 2758 3059 3033 3119; x_wconf 88' lang='lat' dir='ltr'><strong>errantes,</strong></span> <span class='ocrx_word' id='word_1_570' title='bbox 3079 3053 3306 3125; x_wconf 88' lang='lat' dir='ltr'><strong>adigere</strong></span> <span class='ocrx_word' id='word_1_571' title='bbox 3350 3060 3411 3110; x_wconf 89' lang='lat' dir='ltr'><strong>ut</strong></span> <span class='ocrx_word' id='word_1_572' title='bbox 3446 3068 3547 3126; x_wconf 88' lang='lat' dir='ltr'><strong>per</strong></span> 
     </span>
    </p>
   </div>
   <div class='ocr_carea' id='block_1_78' title="bbox 1968 3133 3546 3216">
    <p class='ocr_par' dir='ltr' id='par_1_78' title="bbox 1968 3133 3546 3216">
     <span class='ocr_line' id='line_1_78' title="bbox 1968 3133 3546 3216; baseline 0.009 -29"><span class='ocrx_word' id='word_1_573' title='bbox 1968 3133 2128 3188; x_wconf 78' lang='lat' dir='ltr'><strong>ﬁdem</strong></span> <span class='ocrx_word' id='word_1_574' title='bbox 2155 3133 2268 3190; x_wconf 89' lang='lat' dir='ltr'><strong>Deo</strong></span> <span class='ocrx_word' id='word_1_575' title='bbox 2301 3136 2634 3194; x_wconf 73' lang='lat' dir='ltr'><strong>cobmreant.</strong></span> <span class='ocrx_word' id='word_1_576' title='bbox 2670 3138 2922 3210; x_wconf 88' lang='lat' dir='ltr'><strong>Seipsum</strong></span> <span class='ocrx_word' id='word_1_577' title='bbox 2955 3143 3123 3214; x_wconf 85' lang='lat' dir='ltr'><strong>igitur</strong></span> <span class='ocrx_word' id='word_1_578' title='bbox 3154 3144 3445 3216; x_wconf 89' lang='lat' dir='ltr'><strong>imaginem</strong></span> <span class='ocrx_word' id='word_1_579' title='bbox 3478 3159 3546 3201; x_wconf 83' lang='lat' dir='ltr'><strong>ac</strong></span> 
     </span>
    </p>
   </div>
   <div class='ocr_carea' id='block_1_79' title="bbox 1965 3223 3546 3303">
    <p class='ocr_par' dir='ltr' id='par_1_79' title="bbox 1965 3223 3546 3303">
     <span class='ocr_line' id='line_1_79' title="bbox 1965 3223 3546 3303; baseline 0.009 -29"><span class='ocrx_word' id='word_1_580' title='bbox 1965 3226 2155 3291; x_wconf 82' lang='lat' dir='ltr'><strong>typum</strong></span> <span class='ocrx_word' id='word_1_581' title='bbox 2208 3223 2371 3279; x_wconf 90' lang='lat' dir='ltr'><strong>istius</strong></span> <span class='ocrx_word' id='word_1_582' title='bbox 2412 3224 2490 3279; x_wconf 90' lang='lat' dir='ltr'><strong>rei</strong></span> <span class='ocrx_word' id='word_1_583' title='bbox 2526 3226 2816 3294; x_wconf 84' lang='lat' dir='ltr'><strong>exhibens,</strong></span> <span class='ocrx_word' id='word_1_584' title='bbox 2850 3236 2907 3284; x_wconf 90' lang='lat' dir='ltr'><strong>et</strong></span> <span class='ocrx_word' id='word_1_585' title='bbox 2958 3230 3012 3283; x_wconf 93' lang='lat' dir='ltr'><strong>in</strong></span> <span class='ocrx_word' id='word_1_586' title='bbox 3071 3232 3309 3286; x_wconf 89' lang='lat' dir='ltr'><strong>medium</strong></span> <span class='ocrx_word' id='word_1_587' title='bbox 3363 3232 3546 3303; x_wconf 81' lang='lat' dir='ltr'><strong>profe-</strong></span> 
     </span>
    </p>
   </div>
   <div class='ocr_carea' id='block_1_80' title="bbox 1967 3315 3546 3389">
    <p class='ocr_par' dir='ltr' id='par_1_80' title="bbox 1967 3315 3546 3389">
     <span class='ocr_line' id='line_1_80' title="bbox 1967 3315 3546 3389; baseline 0.007 -23"><span class='ocrx_word' id='word_1_588' title='bbox 1967 3327 2095 3368; x_wconf 88' lang='lat' dir='ltr'><strong>rens</strong></span> <span class='ocrx_word' id='word_1_589' title='bbox 2124 3315 2268 3384; x_wconf 87' lang='lat' dir='ltr'><strong>quod</strong></span> <span class='ocrx_word' id='word_1_590' title='bbox 2308 3330 2441 3386; x_wconf 85' lang='lat' dir='ltr'><strong>erga</strong></span> <span class='ocrx_word' id='word_1_591' title='bbox 2478 3331 2572 3371; x_wconf 90' lang='lat' dir='ltr'><strong>eos</strong></span> <span class='ocrx_word' id='word_1_592' title='bbox 2605 3327 2912 3389; x_wconf 78' lang='lat' dir='ltr'><strong>peregerat,</strong></span> <span class='ocrx_word' id='word_1_593' title='bbox 2940 3319 3262 3389; x_wconf 89' lang='lat' dir='ltr'><strong>magistrum</strong></span> <span class='ocrx_word' id='word_1_594' title='bbox 3299 3336 3458 3376; x_wconf 89' lang='lat' dir='ltr'><strong>suum</strong></span> <span class='ocrx_word' id='word_1_595' title='bbox 3478 3320 3546 3377; x_wconf 80' lang='grc' dir='ltr'><strong>ἰιι</strong></span> 
     </span>
    </p>
   </div>
   <div class='ocr_carea' id='block_1_81' title="bbox 1970 3402 3545 3479">
    <p class='ocr_par' dir='ltr' id='par_1_81' title="bbox 1970 3402 3545 3479">
     <span class='ocr_line' id='line_1_81' title="bbox 1970 3402 3545 3479; baseline 0.006 -24"><span class='ocrx_word' id='word_1_596' title='bbox 1970 3402 2250 3458; x_wconf 90' lang='lat' dir='ltr'><strong>imitentur</strong></span> <span class='ocrx_word' id='word_1_597' title='bbox 2302 3406 2618 3475; x_wconf 78' lang='lat' dir='ltr'><strong>persuadet,</strong></span> <span class='ocrx_word' id='word_1_598' title='bbox 2677 3422 2742 3462; x_wconf 90' lang='lat' dir='ltr'><strong>ac</strong></span> <span class='ocrx_word' id='word_1_599' title='bbox 2793 3407 3070 3464; x_wconf 90' lang='lat' dir='ltr'><strong>similibus</strong></span> <span class='ocrx_word' id='word_1_600' title='bbox 3121 3408 3386 3479; x_wconf 81' lang='lat' dir='ltr'><strong>operibus</strong></span> <span class='ocrx_word' id='word_1_601' title='bbox 3428 3410 3545 3465; x_wconf 86' lang='lat' dir='ltr'><strong>cla-</strong></span> 
     </span>
    </p>
   </div>
   <div class='ocr_carea' id='block_1_82' title="bbox 1966 3493 3545 3573">
    <p class='ocr_par' dir='ltr' id='par_1_82' title="bbox 1966 3493 3545 3573">
     <span class='ocr_line' id='line_1_82' title="bbox 1966 3493 3545 3573; baseline 0.006 -25"><span class='ocrx_word' id='word_1_602' title='bbox 1966 3501 2145 3558; x_wconf 86' lang='lat' dir='ltr'><strong>reant,</strong></span> <span class='ocrx_word' id='word_1_603' title='bbox 2188 3493 2420 3551; x_wconf 88' lang='lat' dir='ltr'><strong>dicens:</strong></span> <span class='ocrx_word' id='word_1_604' title='bbox 2468 3515 2487 3549; x_wconf 84' lang='grc' dir='ltr'><strong>ι</strong></span> <span class='ocrx_word' id='word_1_605' title='bbox 2532 3496 2652 3553; x_wconf 79' lang='lat' dir='ltr'><strong>Non</strong></span> <span class='ocrx_word' id='word_1_606' title='bbox 2709 3513 2810 3555; x_wconf 82' lang='lat' dir='ltr'><strong>vos</strong></span> <span class='ocrx_word' id='word_1_607' title='bbox 2864 3498 2951 3554; x_wconf 74' lang='lat' dir='ltr'><strong>uie</strong></span> <span class='ocrx_word' id='word_1_608' title='bbox 3003 3499 3267 3570; x_wconf 84' lang='lat' dir='ltr'><strong>elegistis,</strong></span> <span class='ocrx_word' id='word_1_609' title='bbox 3301 3499 3399 3557; x_wconf 88' lang='lat' dir='ltr'><strong>sed</strong></span> <span class='ocrx_word' id='word_1_610' title='bbox 3443 3516 3545 3573; x_wconf 85' lang='lat' dir='ltr'><strong>ego</strong></span> 
     </span>
    </p>
   </div>
   <div class='ocr_carea' id='block_1_83' title="bbox 1967 3584 3543 3660">
    <p class='ocr_par' dir='ltr' id='par_1_83' title="bbox 1967 3584 3543 3660">
     <span class='ocr_line' id='line_1_83' title="bbox 1967 3584 3543 3660; baseline 0.006 -23"><span class='ocrx_word' id='word_1_611' title='bbox 1967 3584 2103 3652; x_wconf 84' lang='lat' dir='ltr'><strong>elegi</strong></span> <span class='ocrx_word' id='word_1_612' title='bbox 2139 3598 2259 3650; x_wconf 88' lang='lat' dir='ltr'><strong>vos,</strong></span> <span class='ocrx_word' id='word_1_613' title='bbox 2312 3603 2331 3636; x_wconf 78' lang='grc' dir='ltr'><strong>ι</strong></span> <span class='ocrx_word' id='word_1_614' title='bbox 2385 3596 2439 3641; x_wconf 92' lang='lat' dir='ltr'><strong>et</strong></span> <span class='ocrx_word' id='word_1_615' title='bbox 2470 3601 2591 3657; x_wconf 77' lang='lat' dir='ltr'><strong>qua-</strong></span> <span class='ocrx_word' id='word_1_616' title='bbox 2626 3596 2951 3658; x_wconf 91' lang='lat' dir='ltr'><strong>sequuntur.</strong></span> <span class='ocrx_word' id='word_1_617' title='bbox 2997 3588 3164 3660; x_wconf 83' lang='lat' dir='ltr'><strong>Finge</strong></span> <span class='ocrx_word' id='word_1_618' title='bbox 3216 3590 3364 3646; x_wconf 89' lang='lat' dir='ltr'><strong>enim</strong></span> <span class='ocrx_word' id='word_1_619' title='bbox 3414 3607 3543 3647; x_wconf 88' lang='lat' dir='ltr'><strong>eum</strong></span> 
     </span>
    </p>
   </div>
   <div class='ocr_carea' id='block_1_84' title="bbox 1969 3673 3545 3751">
    <p class='ocr_par' dir='ltr' id='par_1_84' title="bbox 1969 3673 3545 3751">
     <span class='ocr_line' id='line_1_84' title="bbox 1969 3673 3545 3751; baseline 0.008 -24"><span class='ocrx_word' id='word_1_620' title='bbox 1969 3673 2041 3728; x_wconf 88' lang='lat' dir='ltr'><strong>ita</strong></span> <span class='ocrx_word' id='word_1_621' title='bbox 2077 3674 2262 3746; x_wconf 86' lang='lat' dir='ltr'><strong>loqui:</strong></span> <span class='ocrx_word' id='word_1_622' title='bbox 2289 3675 2698 3751; x_wconf 75' lang='lat' dir='ltr'><strong>Praeeingimini</strong></span> <span class='ocrx_word' id='word_1_623' title='bbox 2732 3681 3024 3737; x_wconf 87' lang='lat' dir='ltr'><strong>dilectione</strong></span> <span class='ocrx_word' id='word_1_624' title='bbox 3062 3691 3280 3746; x_wconf 84' lang='lat' dir='ltr'><strong>mutua,</strong></span> <span class='ocrx_word' id='word_1_625' title='bbox 3308 3697 3341 3739; x_wconf 91' lang='grc' dir='ltr'><strong>ο</strong></span> <span class='ocrx_word' id='word_1_626' title='bbox 3372 3683 3545 3739; x_wconf 86' lang='lat' dir='ltr'><strong>disci-</strong></span> 
     </span>
    </p>
   </div>
   <div class='ocr_carea' id='block_1_85' title="bbox 1970 3767 3542 3842">
    <p class='ocr_par' dir='ltr' id='par_1_85' title="bbox 1970 3767 3542 3842">
     <span class='ocr_line' id='line_1_85' title="bbox 1970 3767 3542 3842; baseline 0.007 -23"><span class='ocrx_word' id='word_1_627' title='bbox 1970 3767 2105 3836; x_wconf 88' lang='lat' dir='ltr'><strong>puli.</strong></span> <span class='ocrx_word' id='word_1_628' title='bbox 2156 3770 2283 3823; x_wconf 68' lang='lat' dir='ltr'><strong>Haec</strong></span> <span class='ocrx_word' id='word_1_629' title='bbox 2315 3770 2460 3824; x_wconf 91' lang='lat' dir='ltr'><strong>enim</strong></span> <span class='ocrx_word' id='word_1_630' title='bbox 2500 3769 2746 3841; x_wconf 79' lang='lat' dir='ltr'><strong>profecto</strong></span> <span class='ocrx_word' id='word_1_631' title='bbox 2778 3788 2972 3842; x_wconf 88' lang='lat' dir='ltr'><strong>sapere</strong></span> <span class='ocrx_word' id='word_1_632' title='bbox 3007 3781 3062 3828; x_wconf 90' lang='lat' dir='ltr'><strong>et</strong></span> <span class='ocrx_word' id='word_1_633' title='bbox 3116 3772 3297 3829; x_wconf 79' lang='lat' dir='ltr'><strong>facere</strong></span> <span class='ocrx_word' id='word_1_634' title='bbox 3343 3775 3436 3829; x_wconf 83' lang='lat' dir='ltr'><strong>alii</strong></span> <span class='ocrx_word' id='word_1_635' title='bbox 3485 3775 3542 3830; x_wconf 90' lang='lat' dir='ltr'><strong>in</strong></span> 
     </span>
    </p>
   </div>
   <div class='ocr_carea' id='block_1_86' title="bbox 1969 3858 3543 3935">
    <p class='ocr_par' dir='ltr' id='par_1_86' title="bbox 1969 3858 3543 3935">
     <span class='ocr_line' id='line_1_86' title="bbox 1969 3858 3543 3935; baseline 0.006 -25"><span class='ocrx_word' id='word_1_636' title='bbox 1969 3860 2108 3913; x_wconf 88' lang='lat' dir='ltr'><strong>alios</strong></span> <span class='ocrx_word' id='word_1_637' title='bbox 2153 3858 2258 3929; x_wconf 91' lang='lat' dir='ltr'><strong>ipsi</strong></span> <span class='ocrx_word' id='word_1_638' title='bbox 2298 3860 2532 3926; x_wconf 90' lang='lat' dir='ltr'><strong>debetis,</strong></span> <span class='ocrx_word' id='word_1_639' title='bbox 2566 3875 2630 3916; x_wconf 87' lang='lat' dir='ltr'><strong>ac</strong></span> <span class='ocrx_word' id='word_1_640' title='bbox 2661 3862 3148 3918; x_wconf 87' lang='lat' dir='ltr'><strong>vehementissimo</strong></span> <span class='ocrx_word' id='word_1_641' title='bbox 3187 3863 3373 3919; x_wconf 89' lang='lat' dir='ltr'><strong>studio</strong></span> <span class='ocrx_word' id='word_1_642' title='bbox 3410 3880 3543 3935; x_wconf 82' lang='lat' dir='ltr'><strong>ope—</strong></span> 
     </span>
    </p>
   </div>
   <div class='ocr_carea' id='block_1_87' title="bbox 1969 3950 3543 4026">
    <p class='ocr_par' dir='ltr' id='par_1_87' title="bbox 1969 3950 3543 4026">
     <span class='ocr_line' id='line_1_87' title="bbox 1969 3950 3543 4026; baseline 0.004 -24"><span class='ocrx_word' id='word_1_643' title='bbox 1969 3950 2079 4003; x_wconf 90' lang='lat' dir='ltr'><strong>rari</strong></span> <span class='ocrx_word' id='word_1_644' title='bbox 2109 3957 2273 4019; x_wconf 89' lang='lat' dir='ltr'><strong>atque</strong></span> <span class='ocrx_word' id='word_1_645' title='bbox 2299 3950 2433 4005; x_wconf 90' lang='lat' dir='ltr'><strong>eniti</strong></span> <span class='ocrx_word' id='word_1_646' title='bbox 2473 3966 2595 4021; x_wconf 64' lang='lat' dir='ltr'><strong>quae</strong></span> <span class='ocrx_word' id='word_1_647' title='bbox 2617 3954 2772 4022; x_wconf 91' lang='lat' dir='ltr'><strong>prius</strong></span> <span class='ocrx_word' id='word_1_648' title='bbox 2799 3954 2853 4007; x_wconf 87' lang='lat' dir='ltr'><strong>in</strong></span> <span class='ocrx_word' id='word_1_649' title='bbox 2895 3968 2992 4008; x_wconf 89' lang='lat' dir='ltr'><strong>vos</strong></span> <span class='ocrx_word' id='word_1_650' title='bbox 3024 3969 3125 4024; x_wconf 85' lang='lat' dir='ltr'><strong>ego</strong></span> <span class='ocrx_word' id='word_1_651' title='bbox 3168 3954 3396 4024; x_wconf 80' lang='lat' dir='ltr'><strong>perfeci.</strong></span> <span class='ocrx_word' id='word_1_652' title='bbox 3427 3954 3543 4026; x_wconf 84' lang='lat' dir='ltr'><strong>Ego</strong></span> 
     </span>
    </p>
   </div>
   <div class='ocr_carea' id='block_1_88' title="bbox 1967 4040 3541 4116">
    <p class='ocr_par' dir='ltr' id='par_1_88' title="bbox 1967 4040 3541 4116">
     <span class='ocr_line' id='line_1_88' title="bbox 1967 4040 3541 4116; baseline 0.004 -21"><span class='ocrx_word' id='word_1_653' title='bbox 1967 4041 2113 4095; x_wconf 90' lang='lat' dir='ltr'><strong>enim</strong></span> <span class='ocrx_word' id='word_1_654' title='bbox 2146 4040 2283 4110; x_wconf 86' lang='lat' dir='ltr'><strong>elegi</strong></span> <span class='ocrx_word' id='word_1_655' title='bbox 2329 4056 2447 4104; x_wconf 92' lang='lat' dir='ltr'><strong>vos,</strong></span> <span class='ocrx_word' id='word_1_656' title='bbox 2484 4056 2593 4095; x_wconf 90' lang='lat' dir='ltr'><strong>non</strong></span> <span class='ocrx_word' id='word_1_657' title='bbox 2624 4058 2724 4098; x_wconf 87' lang='lat' dir='ltr'><strong>vos</strong></span> <span class='ocrx_word' id='word_1_658' title='bbox 2765 4059 2873 4099; x_wconf 89' lang='lat' dir='ltr'><strong>me.</strong></span> <span class='ocrx_word' id='word_1_659' title='bbox 2906 4043 3017 4115; x_wconf 84' lang='lat' dir='ltr'><strong>Ego</strong></span> <span class='ocrx_word' id='word_1_660' title='bbox 3066 4059 3154 4098; x_wconf 90' lang='lat' dir='ltr'><strong>me</strong></span> <span class='ocrx_word' id='word_1_661' title='bbox 3191 4045 3345 4100; x_wconf 89' lang='lat' dir='ltr'><strong>vobis</strong></span> <span class='ocrx_word' id='word_1_662' title='bbox 3388 4046 3541 4116; x_wconf 88' lang='lat' dir='ltr'><strong>igno-</strong></span> 
     </span>
    </p>
   </div>
   <div class='ocr_carea' id='block_1_89' title="bbox 1970 4130 3540 4191">
    <p class='ocr_par' dir='ltr' id='par_1_89' title="bbox 1970 4130 3540 4191">
     <span class='ocr_line' id='line_1_89' title="bbox 1970 4130 3540 4191; baseline 0.003 -5"><span class='ocrx_word' id='word_1_663' title='bbox 1970 4130 2223 4186; x_wconf 86' lang='lat' dir='ltr'><strong>rantibus</strong></span> <span class='ocrx_word' id='word_1_664' title='bbox 2288 4132 2531 4186; x_wconf 85' lang='lat' dir='ltr'><strong>inaudita</strong></span> <span class='ocrx_word' id='word_1_665' title='bbox 2598 4133 2840 4190; x_wconf 86' lang='lat' dir='ltr'><strong>bonitate</strong></span> <span class='ocrx_word' id='word_1_666' title='bbox 2891 4144 2946 4190; x_wconf 89' lang='lat' dir='ltr'><strong>et</strong></span> <span class='ocrx_word' id='word_1_667' title='bbox 3004 4135 3294 4190; x_wconf 87' lang='lat' dir='ltr'><strong>clementia</strong></span> <span class='ocrx_word' id='word_1_668' title='bbox 3352 4145 3540 4191; x_wconf 88' lang='lat' dir='ltr'><strong>notum</strong></span> 
     </span>
    </p>
   </div>
   <div class='ocr_carea' id='block_1_90' title="bbox 1938 4222 3542 4290">
    <p class='ocr_par' dir='ltr' id='par_1_90' title="bbox 1938 4222 3542 4290">
     <span class='ocr_line' id='line_1_90' title="bbox 1938 4222 3542 4290; baseline 0.003 -14"><span class='ocrx_word' id='word_1_669' title='bbox 1938 4222 2097 4290; x_wconf 81' lang='lat' dir='ltr'><strong>.feci,</strong></span> <span class='ocrx_word' id='word_1_670' title='bbox 2129 4234 2185 4279; x_wconf 89' lang='lat' dir='ltr'><strong>et</strong></span> <span class='ocrx_word' id='word_1_671' title='bbox 2223 4224 2292 4278; x_wconf 90' lang='lat' dir='ltr'><strong>ad</strong></span> <span class='ocrx_word' id='word_1_672' title='bbox 2333 4232 2540 4279; x_wconf 86' lang='lat' dir='ltr'><strong>tantam</strong></span> <span class='ocrx_word' id='word_1_673' title='bbox 2578 4226 2745 4279; x_wconf 89' lang='lat' dir='ltr'><strong>animi</strong></span> <span class='ocrx_word' id='word_1_674' title='bbox 2796 4228 3163 4281; x_wconf 85' lang='lat' dir='ltr'><strong>constantiam</strong></span> <span class='ocrx_word' id='word_1_675' title='bbox 3201 4241 3263 4281; x_wconf 88' lang='lat' dir='ltr'><strong>ac</strong></span> <span class='ocrx_word' id='word_1_676' title='bbox 3314 4227 3542 4282; x_wconf 83' lang='lat' dir='ltr'><strong>ﬁrmita-</strong></span> 
     </span>
    </p>
   </div>
   <div class='ocr_carea' id='block_1_91' title="bbox 274 4317 1869 4399">
    <p class='ocr_par' dir='ltr' id='par_1_91' title="bbox 274 4324 1868 4395">
     <span class='ocr_line' id='line_1_91' title="bbox 274 4324 1868 4395; baseline 0.003 -19"><span class='ocrx_word' id='word_1_677' title='bbox 274 4324 420 4392; x_wconf 75' lang='grc' dir='ltr'><strong>δρᾴν</strong></span> <span class='ocrx_word' id='word_1_678' title='bbox 444 4325 524 4386; x_wconf 89' lang='grc' dir='ltr'><strong>είς</strong></span> <span class='ocrx_word' id='word_1_679' title='bbox 556 4324 777 4393; x_wconf 83' lang='grc' dir='ltr'>ἐτέρους</span> <span class='ocrx_word' id='word_1_680' title='bbox 823 4325 1067 4394; x_wconf 84' lang='grc' dir='ltr'>ὀφείλετε</span> <span class='ocrx_word' id='word_1_681' title='bbox 1110 4325 1208 4381; x_wconf 77' lang='grc' dir='ltr'>καὶ</span> <span class='ocrx_word' id='word_1_682' title='bbox 1246 4325 1408 4395; x_wconf 85' lang='grc' dir='ltr'>ὑμεῖς</span> <span class='ocrx_word' id='word_1_683' title='bbox 1454 4326 1626 4391; x_wconf 76' lang='grc' dir='ltr'>αὐτοὶ,</span> <span class='ocrx_word' id='word_1_684' title='bbox 1657 4327 1750 4380; x_wconf 70' lang='grc' dir='ltr'><strong>καί</strong></span> <span class='ocrx_word' id='word_1_685' title='bbox 1781 4327 1868 4380; x_wconf 85' lang='grc' dir='ltr'><strong>διά</strong></span> 
     </span>
    </p>
   </div>
   <div class='ocr_carea' id='block_1_92' title="bbox 1968 4317 3541 4399">
    <p class='ocr_par' dir='ltr' id='par_1_92' title="bbox 1976 4317 3541 4391">
     <span class='ocr_line' id='line_1_92' title="bbox 1976 4317 3541 4391; baseline 0.004 -20"><span class='ocrx_word' id='word_1_686' title='bbox 1976 4326 2082 4373; x_wconf 88' lang='lat' dir='ltr'><strong>tem</strong></span> <span class='ocrx_word' id='word_1_687' title='bbox 2132 4333 2233 4388; x_wconf 84' lang='lat' dir='ltr'><strong>ego</strong></span> <span class='ocrx_word' id='word_1_688' title='bbox 2274 4332 2372 4373; x_wconf 84' lang='lat' dir='ltr'><strong>vos</strong></span> <span class='ocrx_word' id='word_1_689' title='bbox 2414 4317 2692 4381; x_wconf 86' lang='lat' dir='ltr'><strong>revocavi,</strong></span> <span class='ocrx_word' id='word_1_690' title='bbox 2746 4324 2806 4372; x_wconf 91' lang='lat' dir='ltr'><strong>ut</strong></span> <span class='ocrx_word' id='word_1_691' title='bbox 2838 4317 3132 4388; x_wconf 89' lang='lat' dir='ltr'><strong>procedere</strong></span> <span class='ocrx_word' id='word_1_692' title='bbox 3180 4320 3541 4391; x_wconf 84' lang='lat' dir='ltr'><strong>progrediquc</strong></span> 
     </span>
    </p>
   </div>
   <div class='ocr_carea' id='block_1_93' title="bbox 279 4415 1876 4489">
    <p class='ocr_par' dir='ltr' id='par_1_93' title="bbox 279 4415 1876 4489">
     <span class='ocr_line' id='line_1_93' title="bbox 279 4415 1876 4489; baseline 0.004 -23"><span class='ocrx_word' id='word_1_693' title='bbox 279 4415 541 4467; x_wconf 79' lang='grc' dir='ltr'>συντόνου</span> <span class='ocrx_word' id='word_1_694' title='bbox 571 4416 810 4487; x_wconf 83' lang='grc' dir='ltr'>σπουδῆς</span> <span class='ocrx_word' id='word_1_695' title='bbox 839 4417 1169 4489; x_wconf 80' lang='grc' dir='ltr'>ἐργάξεσθαι</span> <span class='ocrx_word' id='word_1_696' title='bbox 1202 4418 1405 4487; x_wconf 84' lang='grc' dir='ltr'>φιλεῖν,</span> <span class='ocrx_word' id='word_1_697' title='bbox 1447 4419 1589 4488; x_wconf 83' lang='grc' dir='ltr'>ἀπερ</span> <span class='ocrx_word' id='word_1_698' title='bbox 1620 4420 1698 4482; x_wconf 82' lang='grc' dir='ltr'><strong>εἰς</strong></span> <span class='ocrx_word' id='word_1_699' title='bbox 1730 4420 1876 4489; x_wconf 80' lang='grc' dir='ltr'>ὑμᾶς</span> 
     </span>
    </p>
   </div>
   <div class='ocr_carea' id='block_1_94' title="bbox 276 4503 1872 4581">
    <p class='ocr_par' dir='ltr' id='par_1_94' title="bbox 276 4503 1872 4581">
     <span class='ocr_line' id='line_1_94' title="bbox 276 4503 1872 4581; baseline 0.007 -25"><span class='ocrx_word' id='word_1_700' title='bbox 276 4503 406 4572; x_wconf 72' lang='grc' dir='ltr'>ἐγὼ</span> <span class='ocrx_word' id='word_1_701' title='bbox 432 4506 685 4560; x_wconf 80' lang='grc' dir='ltr'>τετέλεκα</span> <span class='ocrx_word' id='word_1_702' title='bbox 728 4507 979 4575; x_wconf 83' lang='grc' dir='ltr'>φθάσας.’</span> <span class='ocrx_word' id='word_1_703' title='bbox 1023 4508 1164 4576; x_wconf 81' lang='grc' dir='ltr'>Ἐγὼ</span> <span class='ocrx_word' id='word_1_704' title='bbox 1193 4508 1299 4579; x_wconf 77' lang='grc' dir='ltr'><strong>γὰρ</strong></span> <span class='ocrx_word' id='word_1_705' title='bbox 1334 4509 1664 4580; x_wconf 80' lang='grc' dir='ltr'>ἐξελεξάμην</span> <span class='ocrx_word' id='word_1_706' title='bbox 1695 4511 1838 4581; x_wconf 77' lang='grc' dir='ltr'>ὑμᾶς</span> <span class='ocrx_word' id='word_1_707' title='bbox 1859 4527 1872 4541; x_wconf 89' lang='lat'><strong>&#39;</strong></span> 
     </span>
    </p>
   </div>
   <div class='ocr_carea' id='block_1_95' title="bbox 275 4595 1877 4671">
    <p class='ocr_par' dir='ltr' id='par_1_95' title="bbox 275 4595 1877 4671">
     <span class='ocr_line' id='line_1_95' title="bbox 275 4595 1877 4671; baseline 0.004 -24"><span class='ocrx_word' id='word_1_708' title='bbox 275 4596 394 4648; x_wconf 81' lang='grc' dir='ltr'>οὐκ</span> <span class='ocrx_word' id='word_1_709' title='bbox 418 4595 517 4665; x_wconf 80' lang='grc' dir='ltr'>ἐμὲ</span> <span class='ocrx_word' id='word_1_710' title='bbox 548 4597 747 4667; x_wconf 81' lang='grc' dir='ltr'>μᾶλλον</span> <span class='ocrx_word' id='word_1_711' title='bbox 774 4598 956 4668; x_wconf 74' lang='grc' dir='ltr'>ὑμεῖς.</span> <span class='ocrx_word' id='word_1_712' title='bbox 992 4599 1131 4666; x_wconf 81' lang='grc' dir='ltr'>Ἐγὼ</span> <span class='ocrx_word' id='word_1_713' title='bbox 1162 4601 1593 4671; x_wconf 74' lang='grc' dir='ltr'>προσηγαγόμην</span> <span class='ocrx_word' id='word_1_714' title='bbox 1623 4601 1717 4653; x_wconf 76' lang='grc' dir='ltr'>καὶ</span> <span class='ocrx_word' id='word_1_715' title='bbox 1743 4602 1877 4669; x_wconf 84' lang='grc' dir='ltr'><strong>γνὼ-</strong></span> 
     </span>
    </p>
   </div>
   <div class='ocr_carea' id='block_1_96' title="bbox 284 4684 1873 4762">
    <p class='ocr_par' dir='ltr' id='par_1_96' title="bbox 284 4684 1873 4762">
     <span class='ocr_line' id='line_1_96' title="bbox 284 4684 1873 4762; baseline 0.006 -27"><span class='ocrx_word' id='word_1_716' title='bbox 284 4699 458 4755; x_wconf 82' lang='grc' dir='ltr'>ριμον</span> <span class='ocrx_word' id='word_1_717' title='bbox 483 4684 580 4754; x_wconf 75' lang='grc' dir='ltr'><strong>μὲν</strong></span> <span class='ocrx_word' id='word_1_718' title='bbox 620 4687 721 4739; x_wconf 79' lang='grc' dir='ltr'>οὐκ</span> <span class='ocrx_word' id='word_1_719' title='bbox 754 4687 920 4740; x_wconf 74' lang='grc' dir='ltr'>εἰδόσι</span> <span class='ocrx_word' id='word_1_720' title='bbox 950 4688 1282 4760; x_wconf 87' lang='grc' dir='ltr'>κατέστησα,</span> <span class='ocrx_word' id='word_1_721' title='bbox 1315 4688 1381 4742; x_wconf 83' lang='grc' dir='ltr'>δι’</span> <span class='ocrx_word' id='word_1_722' title='bbox 1424 4690 1679 4761; x_wconf 83' lang='grc' dir='ltr'>ὑπερφυᾶ</span> <span class='ocrx_word' id='word_1_723' title='bbox 1701 4691 1873 4762; x_wconf 86' lang='grc' dir='ltr'>γαλη-</span> 
     </span>
    </p>
   </div>
   <div class='ocr_carea' id='block_1_97' title="bbox 284 4771 1870 4851">
    <p class='ocr_par' dir='ltr' id='par_1_97' title="bbox 284 4771 1870 4851">
     <span class='ocr_line' id='line_1_97' title="bbox 284 4771 1870 4851; baseline 0.005 -27"><span class='ocrx_word' id='word_1_724' title='bbox 284 4771 515 4842; x_wconf 84' lang='grc' dir='ltr'>νότητα,</span> <span class='ocrx_word' id='word_1_725' title='bbox 546 4775 626 4837; x_wconf 83' lang='grc' dir='ltr'><strong>είς</strong></span> <span class='ocrx_word' id='word_1_726' title='bbox 670 4774 893 4847; x_wconf 75' lang='grc' dir='ltr'>ἑδραίαν</span> <span class='ocrx_word' id='word_1_727' title='bbox 942 4776 1000 4829; x_wconf 83' lang='grc' dir='ltr'>δὲ</span> <span class='ocrx_word' id='word_1_728' title='bbox 1048 4776 1223 4841; x_wconf 77' lang='grc' dir='ltr'>οὕτως</span> <span class='ocrx_word' id='word_1_729' title='bbox 1275 4778 1575 4849; x_wconf 84' lang='grc' dir='ltr'>ἀνεκόμισα</span> <span class='ocrx_word' id='word_1_730' title='bbox 1622 4779 1870 4851; x_wconf 78' lang='grc' dir='ltr'>γνώμην,</span> 
     </span>
    </p>
   </div>
   <div class='ocr_carea' id='block_1_98' title="bbox 281 4862 1873 4943">
    <p class='ocr_par' dir='ltr' id='par_1_98' title="bbox 281 4862 1873 4943">
     <span class='ocr_line' id='line_1_98' title="bbox 281 4862 1873 4943; baseline 0.004 -27"><span class='ocrx_word' id='word_1_731' title='bbox 281 4862 433 4916; x_wconf 74' lang='grc' dir='ltr'>ὥστε</span> <span class='ocrx_word' id='word_1_732' title='bbox 476 4863 620 4933; x_wconf 80' lang='grc' dir='ltr'>ὑμᾶς</span> <span class='ocrx_word' id='word_1_733' title='bbox 661 4865 907 4933; x_wconf 85' lang='grc' dir='ltr'>ἀνάγειν,</span> <span class='ocrx_word' id='word_1_734' title='bbox 936 4865 1085 4919; x_wconf 83' lang='grc' dir='ltr'>τοῦτ’</span> <span class='ocrx_word' id='word_1_735' title='bbox 1114 4866 1282 4930; x_wconf 77' lang='grc' dir='ltr'>ἐστιν,</span> <span class='ocrx_word' id='word_1_736' title='bbox 1314 4870 1402 4923; x_wconf 79' lang='grc' dir='ltr'>ἀεὶ</span> <span class='ocrx_word' id='word_1_737' title='bbox 1436 4870 1572 4943; x_wconf 84' lang='grc' dir='ltr'>πρὸς</span> <span class='ocrx_word' id='word_1_738' title='bbox 1595 4871 1655 4924; x_wconf 85' lang='grc' dir='ltr'>τὸ</span> <span class='ocrx_word' id='word_1_739' title='bbox 1692 4872 1873 4941; x_wconf 78' lang='grc' dir='ltr'>μεῖζον</span> 
     </span>
    </p>
   </div>
   <div class='ocr_carea' id='block_1_99' title="bbox 278 4953 1875 5032">
    <p class='ocr_par' dir='ltr' id='par_1_99' title="bbox 278 4953 1875 5032">
     <span class='ocr_line' id='line_1_99' title="bbox 278 4953 1875 5032; baseline 0.006 -27"><span class='ocrx_word' id='word_1_740' title='bbox 278 4953 629 5007; x_wconf 83' lang='grc' dir='ltr'>ἐκτείνεσθαι</span> <span class='ocrx_word' id='word_1_741' title='bbox 671 4955 768 5007; x_wconf 77' lang='grc' dir='ltr'>καὶ</span> <span class='ocrx_word' id='word_1_742' title='bbox 810 4960 1182 5027; x_wconf 85' lang='grc' dir='ltr'>καρποφορεῖν</span> <span class='ocrx_word' id='word_1_743' title='bbox 1213 4957 1475 5013; x_wconf 88' lang='grc' dir='ltr'>δύνασθαι</span> <span class='ocrx_word' id='word_1_744' title='bbox 1500 4959 1578 5029; x_wconf 80' lang='grc' dir='ltr'><strong>τῷ</strong></span> <span class='ocrx_word' id='word_1_745' title='bbox 1608 4960 1747 5032; x_wconf 80' lang='grc' dir='ltr'><strong>Θεῷ.</strong></span> <span class='ocrx_word' id='word_1_746' title='bbox 1776 4960 1875 5014; x_wconf 87' lang='grc' dir='ltr'>Διά</span> 
     </span>
    </p>
   </div>
   <div class='ocr_carea' id='block_1_100' title="bbox 276 5043 1873 5118">
    <p class='ocr_par' dir='ltr' id='par_1_100' title="bbox 276 5043 1873 5118">
     <span class='ocr_line' id='line_1_100' title="bbox 276 5043 1873 5118; baseline 0.004 -23"><span class='ocrx_word' id='word_1_747' title='bbox 276 5059 341 5095; x_wconf 82' lang='grc' dir='ltr'><strong>τε</strong></span> <span class='ocrx_word' id='word_1_748' title='bbox 376 5043 569 5095; x_wconf 88' lang='grc' dir='ltr'>τούτου</span> <span class='ocrx_word' id='word_1_749' title='bbox 595 5043 731 5114; x_wconf 82' lang='grc' dir='ltr'>πρὸς</span> <span class='ocrx_word' id='word_1_750' title='bbox 754 5046 1026 5116; x_wconf 87' lang='grc' dir='ltr'>τοσαύτην</span> <span class='ocrx_word' id='word_1_751' title='bbox 1072 5046 1203 5100; x_wconf 81' lang='grc' dir='ltr'>ῐοιτε</span> <span class='ocrx_word' id='word_1_752' title='bbox 1246 5048 1583 5118; x_wconf 76' lang='grc' dir='ltr'>παρρησίαν,</span> <span class='ocrx_word' id='word_1_753' title='bbox 1612 5048 1753 5102; x_wconf 85' lang='grc' dir='ltr'>ὥστε</span> <span class='ocrx_word' id='word_1_754' title='bbox 1780 5050 1873 5103; x_wconf 73' lang='grc' dir='ltr'>καὶ</span> 
     </span>
    </p>
   </div>
   <div class='ocr_carea' id='block_1_101' title="bbox 278 5134 1875 5209">
    <p class='ocr_par' dir='ltr' id='par_1_101' title="bbox 278 5134 1875 5209">
     <span class='ocr_line' id='line_1_101' title="bbox 278 5134 1875 5209; baseline 0.004 -22"><span class='ocrx_word' id='word_1_755' title='bbox 278 5137 306 5187; x_wconf 86' lang='grc' dir='ltr'>ὂ</span> <span class='ocrx_word' id='word_1_756' title='bbox 327 5151 389 5186; x_wconf 87' lang='grc' dir='ltr'><strong>τι</strong></span> <span class='ocrx_word' id='word_1_757' title='bbox 424 5134 493 5186; x_wconf 83' lang='grc' dir='ltr'>ἂν</span> <span class='ocrx_word' id='word_1_758' title='bbox 523 5136 712 5204; x_wconf 84' lang='grc' dir='ltr'>αίτῆτε</span> <span class='ocrx_word' id='word_1_759' title='bbox 743 5135 928 5189; x_wconf 78' lang='grc' dir='ltr'>λοιπὸν</span> <span class='ocrx_word' id='word_1_760' title='bbox 958 5138 1051 5190; x_wconf 73' lang='grc' dir='ltr'>ἐπὶ</span> <span class='ocrx_word' id='word_1_761' title='bbox 1077 5138 1154 5209; x_wconf 84' lang='grc' dir='ltr'><strong>τῷ</strong></span> <span class='ocrx_word' id='word_1_762' title='bbox 1182 5139 1408 5209; x_wconf 77' lang='grc' dir='ltr'>ὀνόματί</span> <span class='ocrx_word' id='word_1_763' title='bbox 1436 5156 1559 5209; x_wconf 91' lang='grc' dir='ltr'>μου,</span> <span class='ocrx_word' id='word_1_764' title='bbox 1592 5139 1750 5194; x_wconf 83' lang='grc' dir='ltr'>τοῦτο</span> <span class='ocrx_word' id='word_1_765' title='bbox 1781 5142 1875 5195; x_wconf 74' lang='grc' dir='ltr'><strong>καὶ</strong></span> 
     </span>
    </p>
   </div>
   <div class='ocr_carea' id='block_1_102' title="bbox 280 5224 1874 5304">
    <p class='ocr_par' dir='ltr' id='par_1_102' title="bbox 280 5224 1874 5304">
     <span class='ocr_line' id='line_1_102' title="bbox 280 5224 1874 5304; baseline 0.006 -26"><span class='ocrx_word' id='word_1_766' title='bbox 280 5224 495 5280; x_wconf 85' lang='grc' dir='ltr'>λαϐεῖν.</span> <span class='ocrx_word' id='word_1_767' title='bbox 524 5224 735 5278; x_wconf 80' lang='grc' dir='ltr'>Οὐκοῦν</span> <span class='ocrx_word' id='word_1_768' title='bbox 762 5228 996 5298; x_wconf 89' lang='grc' dir='ltr'>ἐπείπερ</span> <span class='ocrx_word' id='word_1_769' title='bbox 1019 5228 1127 5281; x_wconf 88' lang='grc' dir='ltr'><strong>τῶν</strong></span> <span class='ocrx_word' id='word_1_770' title='bbox 1154 5229 1301 5300; x_wconf 83' lang='grc' dir='ltr'>ἐμῶν</span> <span class='ocrx_word' id='word_1_771' title='bbox 1337 5230 1461 5284; x_wconf 76' lang='grc' dir='ltr'>κατ’</span> <span class='ocrx_word' id='word_1_772' title='bbox 1485 5232 1631 5302; x_wconf 87' lang='grc' dir='ltr'>ῖχνος</span> <span class='ocrx_word' id='word_1_773' title='bbox 1663 5232 1874 5304; x_wconf 78' lang='grc' dir='ltr'>βαίνετε</span> 
     </span>
    </p>
   </div>
   <div class='ocr_carea' id='block_1_103' title="bbox 282 5316 1877 5395">
    <p class='ocr_par' dir='ltr' id='par_1_103' title="bbox 282 5316 1877 5395">
     <span class='ocr_line' id='line_1_103' title="bbox 282 5316 1877 5395; baseline 0.006 -28"><span class='ocrx_word' id='word_1_774' title='bbox 282 5317 465 5372; x_wconf 69' lang='grc' dir='ltr'>λόγων</span> <span class='ocrx_word' id='word_1_775' title='bbox 496 5331 556 5368; x_wconf 88' lang='grc' dir='ltr'><strong>τε</strong></span> <span class='ocrx_word' id='word_1_776' title='bbox 584 5317 678 5369; x_wconf 73' lang='grc' dir='ltr'><strong>καὶ</strong></span> <span class='ocrx_word' id='word_1_777' title='bbox 701 5316 1047 5389; x_wconf 85' lang='grc' dir='ltr'>διοικήσεων,</span> <span class='ocrx_word' id='word_1_778' title='bbox 1072 5320 1167 5375; x_wconf 76' lang='grc' dir='ltr'><strong>καὶ</strong></span> <span class='ocrx_word' id='word_1_779' title='bbox 1195 5320 1295 5391; x_wconf 74' lang='grc' dir='ltr'><strong>τὴν</strong></span> <span class='ocrx_word' id='word_1_780' title='bbox 1328 5323 1439 5385; x_wconf 87' lang='grc' dir='ltr'>τοῖς</span> <span class='ocrx_word' id='word_1_781' title='bbox 1472 5323 1715 5393; x_wconf 86' lang='grc' dir='ltr'>γνησίοις</span> <span class='ocrx_word' id='word_1_782' title='bbox 1743 5324 1877 5395; x_wconf 79' lang='grc' dir='ltr'>πρέ-</span> 
     </span>
    </p>
   </div>
   <div class='ocr_carea' id='block_1_104' title="bbox 286 5407 1876 5489">
    <p class='ocr_par' dir='ltr' id='par_1_104' title="bbox 286 5407 1876 5489">
     <span class='ocr_line' id='line_1_104' title="bbox 286 5407 1876 5489; baseline 0.002 -26"><span class='ocrx_word' id='word_1_783' title='bbox 286 5423 503 5463; x_wconf 75' lang='grc' dir='ltr'>πουσαν</span> <span class='ocrx_word' id='word_1_784' title='bbox 535 5407 804 5479; x_wconf 86' lang='grc' dir='ltr'>μαθηταῖς</span> <span class='ocrx_word' id='word_1_785' title='bbox 834 5412 1240 5484; x_wconf 80' lang='grc' dir='ltr'>περιξώσασθαι</span> <span class='ocrx_word' id='word_1_786' title='bbox 1281 5411 1392 5485; x_wconf 62' lang='lat' dir='ltr'><strong>[Ion</strong></span> <span class='ocrx_word' id='word_1_787' title='bbox 1439 5411 1876 5489; x_wconf 78' lang='grc' dir='ltr'>περιεξώσασθε]</span> 
     </span>
    </p>
   </div>
   <div class='ocr_carea' id='block_1_105' title="bbox 357 5599 799 5670">
    <p class='ocr_par' dir='ltr' id='par_1_105' title="bbox 357 5599 799 5670">
     <span class='ocr_line' id='line_1_105' title="bbox 357 5599 799 5670; baseline 0.002 -14"><span class='ocrx_word' id='word_1_788' title='bbox 357 5601 406 5634; x_wconf 84' lang='grc'><strong>⁸⁸</strong></span> <span class='ocrx_word' id='word_1_789' title='bbox 426 5599 593 5656; x_wconf 82' lang='lat' dir='ltr'><strong>Joan.</strong></span> <span class='ocrx_word' id='word_1_790' title='bbox 632 5618 722 5670; x_wconf 80' lang='lat' dir='ltr'><strong>xv,</strong></span> <span class='ocrx_word' id='word_1_791' title='bbox 748 5603 799 5659; x_wconf 86' lang='lat'><strong>5.</strong></span> 
     </span>
    </p>
   </div>
   <div class='ocr_carea' id='block_1_106' title="bbox 1972 4408 3541 4481">
    <p class='ocr_par' dir='ltr' id='par_1_106' title="bbox 1972 4408 3541 4481">
     <span class='ocr_line' id='line_1_106' title="bbox 1972 4408 3541 4481; baseline 0.001 -15"><span class='ocrx_word' id='word_1_792' title='bbox 1972 4427 2191 4481; x_wconf 86' lang='lat' dir='ltr'><strong>semper</strong></span> <span class='ocrx_word' id='word_1_793' title='bbox 2235 4411 2287 4465; x_wconf 90' lang='lat' dir='ltr'><strong>in</strong></span> <span class='ocrx_word' id='word_1_794' title='bbox 2323 4410 2525 4480; x_wconf 85' lang='lat' dir='ltr'><strong>majus,</strong></span> <span class='ocrx_word' id='word_1_795' title='bbox 2554 4417 2608 4466; x_wconf 91' lang='lat' dir='ltr'><strong>et</strong></span> <span class='ocrx_word' id='word_1_796' title='bbox 2638 4408 2896 4464; x_wconf 71' lang='lat' dir='ltr'><strong>fructum&#39;</strong></span> <span class='ocrx_word' id='word_1_797' title='bbox 2925 4409 3122 4464; x_wconf 78' lang='lat' dir='ltr'><strong>afferre</strong></span> <span class='ocrx_word' id='word_1_798' title='bbox 3143 4409 3255 4465; x_wconf 89' lang='lat' dir='ltr'><strong>Deo</strong></span> <span class='ocrx_word' id='word_1_799' title='bbox 3290 4412 3541 4480; x_wconf 85' lang='lat' dir='ltr'><strong>possitis,</strong></span> 
     </span>
    </p>
   </div>
   <div class='ocr_carea' id='block_1_107' title="bbox 1970 4500 3537 4574">
    <p class='ocr_par' dir='ltr' id='par_1_107' title="bbox 1970 4500 3537 4574">
     <span class='ocr_line' id='line_1_107' title="bbox 1970 4500 3537 4574; baseline 0.001 -17"><span class='ocrx_word' id='word_1_800' title='bbox 1970 4511 2024 4557; x_wconf 91' lang='lat' dir='ltr'><strong>et</strong></span> <span class='ocrx_word' id='word_1_801' title='bbox 2060 4517 2155 4572; x_wconf 92' lang='lat' dir='ltr'><strong>per</strong></span> <span class='ocrx_word' id='word_1_802' title='bbox 2185 4501 2288 4557; x_wconf 88' lang='lat' dir='ltr'><strong>hoc</strong></span> <span class='ocrx_word' id='word_1_803' title='bbox 2317 4502 2385 4557; x_wconf 91' lang='lat' dir='ltr'><strong>ad</strong></span> <span class='ocrx_word' id='word_1_804' title='bbox 2419 4509 2628 4556; x_wconf 89' lang='lat' dir='ltr'><strong>tantam</strong></span> <span class='ocrx_word' id='word_1_805' title='bbox 2662 4500 2920 4557; x_wconf 78' lang='lat' dir='ltr'><strong>fiduciam</strong></span> <span class='ocrx_word' id='word_1_806' title='bbox 2951 4501 3127 4565; x_wconf 85' lang='lat' dir='ltr'><strong>evehi,</strong></span> <span class='ocrx_word' id='word_1_807' title='bbox 3156 4509 3215 4555; x_wconf 91' lang='lat' dir='ltr'><strong>ut</strong></span> <span class='ocrx_word' id='word_1_808' title='bbox 3256 4502 3537 4574; x_wconf 60' lang='lat' dir='ltr'><strong>quodcuno</strong></span> 
     </span>
    </p>
   </div>
   <div class='ocr_carea' id='block_1_108' title="bbox 1969 4592 3540 4664">
    <p class='ocr_par' dir='ltr' id='par_1_108' title="bbox 1969 4592 3540 4664">
     <span class='ocr_line' id='line_1_108' title="bbox 1969 4592 3540 4664; baseline -0.001 -16"><span class='ocrx_word' id='word_1_809' title='bbox 1969 4611 2077 4664; x_wconf 90' lang='lat' dir='ltr'><strong>que</strong></span> <span class='ocrx_word' id='word_1_810' title='bbox 2120 4594 2389 4664; x_wconf 84' lang='lat' dir='ltr'><strong>petieritis</strong></span> <span class='ocrx_word' id='word_1_811' title='bbox 2442 4594 2496 4647; x_wconf 91' lang='lat' dir='ltr'><strong>in</strong></span> <span class='ocrx_word' id='word_1_812' title='bbox 2534 4594 2751 4648; x_wconf 87' lang='lat' dir='ltr'><strong>nomine</strong></span> <span class='ocrx_word' id='word_1_813' title='bbox 2803 4607 2944 4657; x_wconf 89' lang='lat' dir='ltr'><strong>meo,</strong></span> <span class='ocrx_word' id='word_1_814' title='bbox 2982 4592 3032 4646; x_wconf 84' lang='lat' dir='ltr'><strong>id</strong></span> <span class='ocrx_word' id='word_1_815' title='bbox 3069 4593 3341 4663; x_wconf 85' lang='lat' dir='ltr'><strong>accepturi</strong></span> <span class='ocrx_word' id='word_1_816' title='bbox 3396 4593 3540 4649; x_wconf 83' lang='lat' dir='ltr'><strong>sitis.</strong></span> 
     </span>
    </p>
   </div>
   <div class='ocr_carea' id='block_1_109' title="bbox 1968 4678 3539 4755">
    <p class='ocr_par' dir='ltr' id='par_1_109' title="bbox 1968 4678 3539 4755">
     <span class='ocr_line' id='line_1_109' title="bbox 1968 4678 3539 4755; baseline -0.001 -18"><span class='ocrx_word' id='word_1_817' title='bbox 1968 4684 2312 4755; x_wconf 82' lang='lat' dir='ltr'><strong>Quapropter</strong></span> <span class='ocrx_word' id='word_1_818' title='bbox 2344 4697 2469 4737; x_wconf 91' lang='lat' dir='ltr'><strong>cum</strong></span> <span class='ocrx_word' id='word_1_819' title='bbox 2512 4678 2761 4738; x_wconf 79' lang='lat' dir='ltr'><strong>meorum</strong></span> <span class='ocrx_word' id='word_1_820' title='bbox 2794 4697 3109 4736; x_wconf 87' lang='lat' dir='ltr'><strong>sermonum</strong></span> <span class='ocrx_word' id='word_1_821' title='bbox 3155 4697 3219 4736; x_wconf 89' lang='lat' dir='ltr'><strong>ac</strong></span> <span class='ocrx_word' id='word_1_822' title='bbox 3251 4683 3539 4753; x_wconf 78' lang='lat' dir='ltr'><strong>dispensa—</strong></span> 
     </span>
    </p>
   </div>
   <div class='ocr_carea' id='block_1_110' title="bbox 1970 4773 3539 4845">
    <p class='ocr_par' dir='ltr' id='par_1_110' title="bbox 1970 4773 3539 4845">
     <span class='ocr_line' id='line_1_110' title="bbox 1970 4773 3539 4845; baseline -0.001 -14"><span class='ocrx_word' id='word_1_823' title='bbox 1970 4776 2134 4831; x_wconf 88' lang='lat' dir='ltr'><strong>tionis</strong></span> <span class='ocrx_word' id='word_1_824' title='bbox 2161 4775 2391 4844; x_wconf 86' lang='lat' dir='ltr'><strong>vestigia</strong></span> <span class='ocrx_word' id='word_1_825' title='bbox 2442 4774 2772 4844; x_wconf 86' lang='lat' dir='ltr'><strong>sequamini,</strong></span> <span class='ocrx_word' id='word_1_826' title='bbox 2803 4781 2857 4826; x_wconf 90' lang='lat' dir='ltr'><strong>et</strong></span> <span class='ocrx_word' id='word_1_827' title='bbox 2889 4787 2955 4827; x_wconf 90' lang='lat' dir='ltr'><strong>eo</strong></span> <span class='ocrx_word' id='word_1_828' title='bbox 2987 4773 3080 4842; x_wconf 88' lang='lat' dir='ltr'><strong>qui</strong></span> <span class='ocrx_word' id='word_1_829' title='bbox 3111 4788 3273 4829; x_wconf 88' lang='lat' dir='ltr'><strong>veros</strong></span> <span class='ocrx_word' id='word_1_830' title='bbox 3314 4788 3377 4829; x_wconf 88' lang='lat' dir='ltr'><strong>ac</strong></span> <span class='ocrx_word' id='word_1_831' title='bbox 3410 4773 3539 4845; x_wconf 78' lang='lat' dir='ltr'><strong>legi-</strong></span> 
     </span>
    </p>
   </div>
   <div class='ocr_carea' id='block_1_111' title="bbox 1971 4863 3541 4935">
    <p class='ocr_par' dir='ltr' id='par_1_111' title="bbox 1971 4863 3541 4935">
     <span class='ocr_line' id='line_1_111' title="bbox 1971 4863 3541 4935; baseline 0 -15"><span class='ocrx_word' id='word_1_832' title='bbox 1971 4868 2134 4922; x_wconf 89' lang='lat' dir='ltr'><strong>timos</strong></span> <span class='ocrx_word' id='word_1_833' title='bbox 2170 4866 2474 4935; x_wconf 87' lang='lat' dir='ltr'><strong>discipulos</strong></span> <span class='ocrx_word' id='word_1_834' title='bbox 2526 4865 2684 4920; x_wconf 88' lang='lat' dir='ltr'><strong>decet</strong></span> <span class='ocrx_word' id='word_1_835' title='bbox 2737 4865 2923 4919; x_wconf 89' lang='lat' dir='ltr'><strong>animo</strong></span> <span class='ocrx_word' id='word_1_836' title='bbox 2973 4863 3184 4933; x_wconf 64' lang='lat' dir='ltr'><strong>praediti</strong></span> <span class='ocrx_word' id='word_1_837' title='bbox 3237 4864 3380 4931; x_wconf 88' lang='lat' dir='ltr'><strong>sitis,</strong></span> <span class='ocrx_word' id='word_1_838' title='bbox 3428 4880 3541 4920; x_wconf 91' lang='lat' dir='ltr'><strong>non</strong></span> 
     </span>
    </p>
   </div>
   <div class='ocr_carea' id='block_1_112' title="bbox 1964 4955 3538 5029">
    <p class='ocr_par' dir='ltr' id='par_1_112' title="bbox 1964 4955 3538 5029">
     <span class='ocr_line' id='line_1_112' title="bbox 1964 4955 3538 5029; baseline -0.001 -19"><span class='ocrx_word' id='word_1_839' title='bbox 1964 4960 2077 5029; x_wconf 86' lang='lat' dir='ltr'><strong>jam</strong></span> <span class='ocrx_word' id='word_1_840' title='bbox 2114 4956 2485 5012; x_wconf 87' lang='lat' dir='ltr'><strong>cunctandum</strong></span> <span class='ocrx_word' id='word_1_841' title='bbox 2514 4955 2670 5012; x_wconf 81' lang='lat' dir='ltr'><strong>vobis</strong></span> <span class='ocrx_word' id='word_1_842' title='bbox 2696 4962 2801 5020; x_wconf 91' lang='lat' dir='ltr'><strong>est,</strong></span> <span class='ocrx_word' id='word_1_843' title='bbox 2838 4955 3378 5025; x_wconf 79' lang='lat' dir='ltr'><strong>exspectandtnnque</strong></span> <span class='ocrx_word' id='word_1_844' title='bbox 3404 4955 3538 5021; x_wconf 83' lang='lat' dir='ltr'><strong>‘dum</strong></span> 
     </span>
    </p>
   </div>
   <div class='ocr_carea' id='block_1_113' title="bbox 1971 5045 3537 5117">
    <p class='ocr_par' dir='ltr' id='par_1_113' title="bbox 1971 5045 3537 5117">
     <span class='ocr_line' id='line_1_113' title="bbox 1971 5045 3537 5117; baseline -0.004 -13"><span class='ocrx_word' id='word_1_845' title='bbox 1971 5051 2036 5104; x_wconf 81' lang='lat' dir='ltr'><strong>ad</strong></span> <span class='ocrx_word' id='word_1_846' title='bbox 2086 5048 2244 5105; x_wconf 84' lang='lat' dir='ltr'><strong>ﬁdem</strong></span> <span class='ocrx_word' id='word_1_847' title='bbox 2289 5047 2454 5117; x_wconf 72' lang='lat'><strong>393</strong></span> <span class='ocrx_word' id='word_1_848' title='bbox 2500 5054 2556 5101; x_wconf 92' lang='lat' dir='ltr'><strong>et</strong></span> <span class='ocrx_word' id='word_1_849' title='bbox 2588 5046 2654 5099; x_wconf 88' lang='lat' dir='ltr'><strong>ad</strong></span> <span class='ocrx_word' id='word_1_850' title='bbox 2688 5047 2943 5116; x_wconf 87' lang='lat' dir='ltr'><strong>pietatem</strong></span> <span class='ocrx_word' id='word_1_851' title='bbox 2978 5045 3122 5100; x_wconf 88' lang='lat' dir='ltr'><strong>ultro</strong></span> <span class='ocrx_word' id='word_1_852' title='bbox 3161 5060 3220 5101; x_wconf 82' lang='lat' dir='ltr'><strong>se</strong></span> <span class='ocrx_word' id='word_1_853' title='bbox 3246 5046 3537 5114; x_wconf 86' lang='lat' dir='ltr'><strong>quisquam</strong></span> 
     </span>
    </p>
   </div>
   <div class='ocr_carea' id='block_1_114' title="bbox 1971 5135 3540 5211">
    <p class='ocr_par' dir='ltr' id='par_1_114' title="bbox 1971 5135 3540 5211">
     <span class='ocr_line' id='line_1_114' title="bbox 1971 5135 3540 5211; baseline -0.003 -16"><span class='ocrx_word' id='word_1_854' title='bbox 1971 5142 2205 5211; x_wconf 89' lang='lat' dir='ltr'><strong>ingerat,</strong></span> <span class='ocrx_word' id='word_1_855' title='bbox 2255 5138 2351 5194; x_wconf 88' lang='lat' dir='ltr'><strong>sed</strong></span> <span class='ocrx_word' id='word_1_856' title='bbox 2384 5137 2769 5208; x_wconf 90' lang='lat' dir='ltr'><strong>ignorantibus</strong></span> <span class='ocrx_word' id='word_1_857' title='bbox 2794 5145 2850 5192; x_wconf 90' lang='lat' dir='ltr'><strong>et</strong></span> <span class='ocrx_word' id='word_1_858' title='bbox 2896 5136 3210 5191; x_wconf 87' lang='lat' dir='ltr'><strong>errantibus</strong></span> <span class='ocrx_word' id='word_1_859' title='bbox 3258 5135 3459 5204; x_wconf 90' lang='lat' dir='ltr'><strong>adhuc,</strong></span> <span class='ocrx_word' id='word_1_860' title='bbox 3486 5142 3540 5191; x_wconf 90' lang='lat' dir='ltr'><strong>et</strong></span> 
     </span>
    </p>
   </div>
   <div class='ocr_carea' id='block_1_115' title="bbox 1972 5227 3541 5303">
    <p class='ocr_par' dir='ltr' id='par_1_115' title="bbox 1972 5227 3541 5303">
     <span class='ocr_line' id='line_1_115' title="bbox 1972 5227 3541 5303; baseline -0.004 -17"><span class='ocrx_word' id='word_1_861' title='bbox 1972 5233 2064 5303; x_wconf 90' lang='lat' dir='ltr'><strong>qui</strong></span> <span class='ocrx_word' id='word_1_862' title='bbox 2119 5229 2363 5286; x_wconf 87' lang='lat' dir='ltr'><strong>nondum</strong></span> <span class='ocrx_word' id='word_1_863' title='bbox 2424 5228 2724 5284; x_wconf 88' lang='lat' dir='ltr'><strong>salutarem</strong></span> <span class='ocrx_word' id='word_1_864' title='bbox 2776 5227 3217 5297; x_wconf 67' lang='lat' dir='ltr'><strong>praedicationem</strong></span> <span class='ocrx_word' id='word_1_865' title='bbox 3272 5240 3541 5297; x_wconf 79' lang='lat' dir='ltr'><strong>suscepe-</strong></span> 
     </span>
    </p>
   </div>
   <div class='ocr_carea' id='block_1_116' title="bbox 1970 5314 3540 5386">
    <p class='ocr_par' dir='ltr' id='par_1_116' title="bbox 1970 5314 3540 5386">
     <span class='ocr_line' id='line_1_116' title="bbox 1970 5314 3540 5386; baseline -0.002 -10"><span class='ocrx_word' id='word_1_866' title='bbox 1970 5330 2101 5376; x_wconf 89' lang='lat' dir='ltr'><strong>runt</strong></span> <span class='ocrx_word' id='word_1_867' title='bbox 2137 5319 2307 5382; x_wconf 89' lang='lat' dir='ltr'><strong>ultro,</strong></span> <span class='ocrx_word' id='word_1_868' title='bbox 2335 5332 2435 5374; x_wconf 87' lang='lat' dir='ltr'><strong>vos</strong></span> <span class='ocrx_word' id='word_1_869' title='bbox 2478 5316 2737 5372; x_wconf 88' lang='lat' dir='ltr'><strong>ductores</strong></span> <span class='ocrx_word' id='word_1_870' title='bbox 2789 5314 3009 5380; x_wconf 83' lang='lat' dir='ltr'><strong>oﬂ‘erre,</strong></span> <span class='ocrx_word' id='word_1_871' title='bbox 3064 5330 3270 5386; x_wconf 89' lang='lat' dir='ltr'><strong>eosque</strong></span> <span class='ocrx_word' id='word_1_872' title='bbox 3319 5323 3540 5373; x_wconf 77' lang='lat' dir='ltr'><strong>strenue</strong></span> 
     </span>
    </p>
   </div>
   <div class='ocr_carea' id='block_1_117' title="bbox 1973 5404 3539 5478">
    <p class='ocr_par' dir='ltr' id='par_1_117' title="bbox 1973 5404 3539 5478">
     <span class='ocr_line' id='line_1_117' title="bbox 1973 5404 3539 5478; baseline -0.002 -11"><span class='ocrx_word' id='word_1_873' title='bbox 1973 5411 2251 5468; x_wconf 88' lang='lat' dir='ltr'><strong>adhortari</strong></span> <span class='ocrx_word' id='word_1_874' title='bbox 2296 5409 2553 5465; x_wconf 79' lang='lat' dir='ltr'><strong>convenit</strong></span> <span class='ocrx_word' id='word_1_875' title='bbox 2597 5408 2663 5464; x_wconf 84' lang='lat' dir='ltr'><strong>ad</strong></span> <span class='ocrx_word' id='word_1_876' title='bbox 2694 5421 2835 5463; x_wconf 82' lang='lat' dir='ltr'><strong>verae</strong></span> <span class='ocrx_word' id='word_1_877' title='bbox 2867 5404 2960 5463; x_wconf 88' lang='lat' dir='ltr'><strong>Dei</strong></span> <span class='ocrx_word' id='word_1_878' title='bbox 3013 5407 3346 5478; x_wconf 85' lang='lat' dir='ltr'><strong>cognitionis</strong></span> <span class='ocrx_word' id='word_1_879' title='bbox 3391 5422 3539 5465; x_wconf 54' lang='lat' dir='ltr'><strong>com.</strong></span> 
     </span>
    </p>
   </div>
  </div>
