4042 6204
501 234 601 292 39!

1529 235 1587 290 S.
1626 235 1902 293 CYRILLI
1938 239 2412 297 ALEXANDRlNl
2451 241 2772 300 ARCIIIEP.

3664 246 3762 301 333

499 354 945 428 prehensionem,
975 353 1107 411 licet
1134 353 1199 409 ad
1237 354 1678 412 incredulitatem
1712 368 2072 430 exasperetur

2178 362 2403 435 γνώμην
2429 404 2445 431 ,
2494 365 2596 418 οὐκ
2643 363 2975 418 ἀνακόπτειν
3025 360 3318 417 ἀκόλουθον
3375 361 3763 432 περιμένοντας

500 446 842 502 audientium
870 447 1111 503 animus.
1145 445 1239 503 Sic
1270 448 1415 502 enim
1447 456 1500 504 et
1533 448 1637 518 ipsi
1675 450 1836 506 vobis
1867 453 2077 509 similes

498 548 682 607 erunt,
714 541 822 594 hoc
850 552 932 595 est
959 540 1266 609 proﬁcient,
1307 555 1370 594 ac
1402 540 1663 595 redibunt
1697 556 1993 613 progressu
2022 545 2077 600 in

500 634 696 688 melius
747 632 814 687 ad
868 631 1108 687 fructum
1148 634 1201 687 in
1231 632 1343 687 Deo
1376 631 1685 700 ferendum,
1718 641 1779 688 ut
1834 633 2076 691 fructum

498 723 720 792 quidem
753 723 992 777 habeant
1021 723 1171 777 illum
1205 738 1423 793 semper
1459 731 1772 778 manentem
1807 740 1871 780 ac
1914 722 2080 780 dural

500 813 687 880 bilem,
714 828 1015 884 precesque
1045 822 1154 867 tam
1184 823 1371 886 gratas
1406 823 1460 868 et
1496 823 1771 885 acceptas,
1816 823 1875 869 ιιι
1904 816 2080 886 quod-

501 919 719 970 cunque
774 903 944 959 velint
995 906 1291 975 accipiant,
1332 904 1377 959 si
1432 913 1643 959 tantum
1696 905 1831 959 illud
1869 905 1923 959 in
1974 920 2078 960 no-

499 996 648 1051 mine
676 1010 795 1051 meo
829 995 1112 1066 petierint.
1148 996 1342 1066 Igitur,
1382 1003 1443 1048 ut
1486 995 1590 1050 loci
1631 995 1796 1064 hujus
1846 1009 2077 1066 scopum

497 1104 696 1144 rursus
733 1089 924 1158 paucis
954 1088 1227 1159 complexi
1266 1087 1618 1142 manifestum
1647 1103 1772 1143 eum
1809 1086 2078 1145 faciamus

498 1181 865 1245 auditoribus,
894 1182 1055 1235 talem
1088 1183 1141 1235 in
1170 1181 1306 1234 alios
1341 1180 1690 1236 dilectionem
1719 1181 1924 1236 habere
1955 1196 2078 1251 per-

498 1266 695 1327 suadet
720 1272 1041 1342 discipulos,
1075 1272 1293 1340 taleque
1323 1272 1439 1326 vult
1472 1287 1566 1327 eos
1603 1270 1847 1326 studium
1876 1286 1988 1340 prae
2016 1286 2095 1327 se‘

498 1364 644 1420 ferre
678 1365 732 1418 in
763 1373 985 1418 strenue
1017 1362 1415 1432 pcrtrahendos
1447 1361 1515 1416 ad
1547 1362 1708 1418 ﬁdem
1756 1377 1948 1418 eorum
1985 1362 2076 1432 qui

496 1459 740 1513 nondum
772 1456 1004 1513 credunt
1041 1456 1276 1521 animos,
1317 1456 1535 1525 qualem
1567 1471 1627 1512 se
1675 1456 1792 1528 ipse
1832 1456 1988 1527 prius
2024 1456 2079 1511 in

495 1565 599 1603 nos
627 1555 720 1603 aut
746 1562 878 1618 erga
915 1561 1012 1602 eos
1044 1546 1317 1601 exhibuit.
1346 1545 1503 1612 Quod
1547 1547 1694 1603 enim
1744 1547 1861 1618 ipse
1906 1547 2078 1603 disci-

494 1639 654 1709 pulos
688 1638 935 1709 elegerit,
970 1653 1133 1693 nemo
1161 1638 1406 1704 dubitat,
1452 1647 1506 1693 et
1536 1654 1649 1708 quo
1682 1646 1846 1710 pacto
1884 1639 2078 1697 unius-

2181 454 2369 517 ἁπλῶς
2396 455 2486 508 τὸν
2516 456 2593 517 εἰς
2624 454 2806 506 πίστιν
2840 452 3156 523 αὐτόμολον,
3186 451 3283 505 καὶ
3323 450 3656 522 αὐτόκλητον
3687 455 3763 518 είς

2180 543 2485 598 εὐσέϐειαν.
2525 542 2783 605 Ἑαυτοὺς
2823 540 2878 594 δὲ
2925 542 3127 612 μᾶλλον
3177 543 3288 603 τοῖς
3321 539 3608 607 ἀγνοοῦσιν
3651 541 3761 610 ἔτι,

2180 636 2277 689 καὶ
2308 635 2681 707 πλανωμένοις
2724 633 3022 705 προσάγειν
3062 632 3440 704 χειραγωγοὺς
3468 634 3561 684 καὶ
3592 650 3764 704 προσ-

2180 724 2454 796 κομίζειν,
2488 727 2584 779 καὶ
2629 728 2742 789 τοῖς
2770 724 2926 778 οὐπω
2970 724 3164 796 μαθεῖν
3199 723 3474 793 ἑλομένοις
3505 723 3566 776 τὸ
3592 725 3766 795 σωτήι

2184 833 2298 889 ριον
2344 817 2604 888 κήρυγμα
2629 855 2643 881 ,
2679 815 3018 886 παρακαλεῖν
3047 832 3105 868 τε
3148 812 3447 884 προθύμως
3489 812 3625 883 πρὸς
3664 814 3763 884 τὴν

2180 910 2279 980 τῆς
2304 908 2537 979 ἀληθοῦς
2580 907 2912 978 θεογνωσίας
2948 906 3081 960 ίέναι
3136 905 3463 974 κατάληψιν,
3495 904 3596 958 κᾶν
3628 906 3768 959 ἀπο-

2178 999 2516 1071 τραχύνηταί
2545 1018 2660 1064 πως
2687 1002 2768 1063 εἰς
2789 998 3074 1053 ἀπείθειαν
3093 998 3202 1052 τῶν
3231 999 3538 1053 ἀκουόντων
3560 1000 3589 1053 ὁ
3613 1000 3765 1063 νοῦς.

2180 1087 2305 1144 Εἶεν
2339 1092 2445 1163 γὰρ
2476 1092 2543 1146 ἂν
2576 1090 2719 1144 οῦτω
2758 1091 2850 1144 καὶ
2898 1090 3054 1144 αὐτοὶ
3086 1090 3208 1144 καθ’
3248 1090 3412 1162 ὑμᾶς,
3433 1090 3577 1144 τοῦτ’
3620 1090 3764 1157 ἔστι,

2181 1183 2516 1256 προκόψουσι
2564 1185 2660 1238 καὶ
2710 1184 3104 1240 ἀπελεύσονται
3151 1185 3271 1247 ταῖς
3318 1183 3399 1248 είς
3438 1182 3500 1235 τὸ
3540 1182 3768 1253 ἄμεινον

2181 1276 2515 1342 ἐπιδόσεσιν,
2546 1278 2626 1342 είς
2661 1277 3038 1350 καρποφορίαν
3063 1275 3159 1346 τὴν
3183 1277 3240 1328 ἐν
3272 1274 3413 1345 Θεῷ,
3441 1274 3517 1338 ὡς
3552 1275 3768 1345 καρπὸν

2184 1367 2284 1437 μὲν
2315 1367 2457 1439 ἔχειν
2481 1370 2575 1423 τὸν
2618 1369 2705 1423 ἀεὶ
2731 1371 2958 1442 μένοντα
2988 1370 3081 1424 καὶ
3105 1366 3430 1439 σωζόμενον,
3457 1365 3767 1438 προσευχὴν

2178 1455 2235 1513 δὲ
2276 1459 2418 1515 οὕτω
2466 1462 2697 1534 δεκτὴν,
2730 1464 2806 1527 ὡς
2857 1464 2994 1536 ὅπερ
3035 1462 3101 1518 ἂν
3147 1461 3427 1533 βούλονται
3458 1459 3676 1523 λαϐεῖν,
3713 1461 3765 1512 εί

2184 1551 2342 1621 μόνον
2390 1555 2592 1606 αἰτοῖεν
2626 1553 2721 1607 ἐπὶ
2750 1554 2828 1625 τῷ
2873 1550 3098 1625 ὀνόματί
3144 1569 3265 1623 μου.
3297 1549 3527 1617 Οὐκοῦν,
3566 1536 3767 1621 χρῆναι

2181 1640 2290 1713 γὰρ
2316 1642 2494 1706 πάλιν,
2521 1643 2597 1707 ὡς
2625 1646 2684 1697 ἐν
2711 1644 2913 1714 ὀλίγοις
2943 1644 3231 1698 συνελόντα
3259 1643 3361 1696 τὸν
3396 1641 3490 1695 τοῦ
3543 1659 3773 1713 προκει-

494 1733 766 1803 cnjusque
809 1732 1027 1788 vocatio
1063 1732 1379 1804 contigerit,
1410 1731 1747 1802 superﬂuum
1780 1747 1904 1789 esse
1951 1748 2072 1789 reor

2185 1732 2345 1804 μένου
2397 1734 2620 1800 σκοπὸν,
2672 1734 2819 1807 σαφῆ
2852 1737 3192 1808 καταστῆσαι
3215 1739 3330 1798 τοῖς
3372 1734 3767 1805 ἀκροωμένοις,

495 1826 586 1882 hic
631 1825 861 1881 aﬁ‘erre:
896 1833 1082 1880 tamen
1119 1824 1431 1882 Servatoris
1462 1841 1773 1881 sermonem
1797 1841 1922 1881 eum
1952 1841 2077 1882 sen-

496 1931 621 1972 sum
662 1930 857 1987 parere
889 1931 1052 1985 quem
1088 1915 1253 1970 modo
1303 1916 1442 1982 dixi,
1482 1931 1590 1971 non
1640 1915 1826 1970 minus
1872 1930 1939 1971 ex
1985 1929 2076 1970 se-

494 2008 796 2078 quentibus
828 2008 1055 2078 patebit.

2181 1823 2437 1896 τοιαύτην
2482 1829 2629 1898 ἔχειν
2674 1829 2752 1891 είς
2801 1827 3021 1897 ἐτέρους
3049 1826 3331 1880 ἀναπείθει
3362 1826 3486 1888 τοὺς
3519 1824 3769 1896 μαθητὰς

2181 1914 2281 1986 τὴν
2315 1916 2554 1988 ἀγάπην,
2586 1919 2681 1971 καὶ
2733 1918 2994 1990 τοιαύτην
3022 1918 3224 1981 αὐτοὺς.
3254 1915 3591 1987 ἐπιτηδεύειν
3621 1915 3768 1969 θέλει

2182 2005 2281 2076 τὴν
2312 2007 2620 2078 προθυμίαν
2660 2011 2740 2074 είς
2768 2010 2830 2064 τὸ
2859 2007 3170 2082 μηδαμόθεν
3209 2009 3492 2062 κατοκνεῖν
3529 2006 3625 2070 τὰς
3653 2006 3768 2061 τῶν

493 2098 647 2154 οῦπω
676 2098 1117 2153 πεπιστευκότων
1138 2097 1317 2169 ψυχάς
1339 2094 1648 2168 φιλοθηρεῖν
1669 2095 1747 2159 είς
1767 2093 2076 2161 εὐσέϐειαν,
2118 2095 2417 2172 ὀποίανπερ
2450 2099 2663 2169 φθάσας
2689 2103 2851 2166 αὐτὸς
2879 2103 2957 2165 είς
3000 2101 3167 2171 ἡμᾶς,
3197 2100 3315 2171 ἤτοι
3368 2098 3504 2170 πρὸς
3564 2098 3764 2160 αὐτοὺς

494 2194 814 2259 ἐνεδείξατο.
847 2194 969 2247 Ὅτι
1007 2192 1117 2264 γὰρ
1150 2190 1312 2254 αὐτὸς
1351 2189 1644 2254 ἐπελέξατο
1673 2188 1801 2252 τοὺς
1870 2186 2117 2258 μαθητὰς
2155 2188 2256 2243 οὐκ
2306 2191 2606 2263 ἀμφίϐολον
2632 2234 2647 2259 ,
2679 2196 2774 2250 καὶ
2809 2192 3095 2265 περιττὸν,
3120 2186 3294 2263 οἶμαι,
3342 2192 3543 2261 λέγειν,
3612 2194 3765 2257 ὅπως

492 2308 552 2344 τε
601 2291 694 2342 καὶ
722 2286 842 2340 τίνα
883 2287 1084 2358 τρόπον
1121 2286 1155 2354 ἡ
1179 2283 1410 2337 ἑκάστου
1447 2282 1634 2351 γέγονε
1670 2280 1861 2351 κλῆσις
1882 2295 1897 2310 ⁸
1938 2278 2077 2351 πλὴν
2114 2281 2199 2336 ὅτι
2230 2284 2471 2341 τοιοῦτον
2500 2287 2676 2342 ὼδίνει
2709 2287 2802 2342 τὸν
2832 2285 3032 2340 σκοπὸν
3055 2284 3148 2337 τοῦ
3185 2285 3433 2356 Σωτῆρος
3488 2285 3517 2337 ὁ
3580 2282 3765 2353 λόγος,

492 2384 675 2440 ὁποῖον
705 2377 840 2448 ἔφην
885 2377 1110 2449 ἀρτίως,
1145 2377 1301 2431 οὐδὲν
1332 2371 1495 2447 ἦττον
1521 2374 1671 2445 ἡμᾶς
1698 2371 2055 2427 ἁναπείσεται
2084 2373 2301 2447 ἐφεξῆς,

564 2469 687 2537 XV,
722 2470 809 2525 l7.
844 2468 976 2523 Hazc
1002 2468 1195 2523 mando
1229 2466 1397 2535 vobis,
1424 2475 1482 2519 ut
1509 2465 1747 2538 diligatis
1769 2465 2005 2519 invicem.

562 2642 841 2715 Numquid
874 2658 1145 2712 suprema:
1169 2643 1416 2697 omnium
1452 2638 1766 2695 dilectionis
1792 2653 1930 2707 opus
1960 2650 2083 2691 esse

493 2739 793 2794 fatebimur
827 2734 1077 2788 inﬁdeles
1104 2733 1284 2788 adhuc
1306 2739 1361 2786 et
1388 2736 1637 2785 errantes
1663 2728 1729 2782 ad
1755 2727 2079 2797 obsequium

494 2829 591 2885 Dei
621 2826 864 2884 vocare?
910 2822 1309 2895 Ambigendum
1344 2828 1493 2876 certe
1520 2834 1627 2874 non
1670 2827 1773 2874 est.
1808 2817 1962 2883 Quod
1990 2819 2073 2888 ip—

493 2938 617 2979 sum
645 2923 827 2978 facere
856 2919 1064 2975 Paulus
1096 2913 1425 2977 conabatur,
1456 2912 1679 2967 dicens:
1721 2927 1739 2960 ι
1780 2907 1887 2964 Pro
1917 2906 2069 2962 Chri-

2253 2468 2449 2525 Ταῦτα
2492 2470 2848 2540 ἐντέλλομαι
2896 2468 3075 2539 ὑμῖν,
3107 2467 3208 2547 ἵνα
3251 2466 3519 2539 ἀγαπᾶτε
3564 2464 3768 2537 (Ulti-

2176 2565 2291 2616 λου

2257 2583 2291 2616 υ

2253 2583 2326 2704 “Ii
2365 2652 2471 2720 γὰρ
2514 2651 2634 2723 οὐχὶ
2673 2650 2773 2722 τῆς
2822 2651 3083 2706 ἀνωτάτω
3113 2649 3302 2705 πασῶν
3350 2647 3572 2722 ἀγάπης
3597 2647 3775 2722 ἔργον

2178 2737 2316 2796 εἶναι
2365 2741 2611 2812 δώσομεν
2640 2740 2702 2794 τὸ
2753 2741 3106 2807 ἐπιλέξασθαι
3152 2760 3211 2795 τε
3245 2743 3337 2795 καὶ
3370 2741 3595 2796 καλέσαι
3621 2742 3775 2812 πρὸς

2184 2832 2430 2903 ὑπακοὴν
2469 2832 2548 2903 τῷ
2596 2832 2716 2904 Θεῷ
2737 2872 2751 2899 ,
2786 2834 2910 2898 τοὺς
2942 2831 3203 2898 ἀπίστους
3230 2832 3309 2887 ἔτι
3346 2835 3441 2887 καὶ
3475 2833 3776 2903 πλανωμέ-

2181 2939 2335 2989 νους;
2377 2921 2521 2976 Ἀλλ’
2552 2921 2700 2977 ἔστιν
2732 2923 2833 2976 οὐκ
2864 2920 3182 2994 ἀμφίϐολον.
3219 2924 3285 2976 Ὃ
3314 2925 3408 2977 καὶ
3437 2923 3570 2994 δρᾷν
3600 2922 3777 2992 ἠπεί-

494 3031 579 3075 sto
608 3033 738 3089 ergo
781 3016 1054 3087 legatione
1089 3008 1394 3081 fungimur,
1426 3016 1688 3077 tanquam
1721 3002 1831 3059 Deo
1874 3001 2072 3058 exhor-

2182 3030 2327 3082 γετο,
2359 3013 2534 3082 λέγων
2564 3015 2592 3067 ὁ
2632 3014 2876 3079 Παῦλος’
2915 3033 2933 3067 ι
2981 3014 3154 3086 ’Υπὲρ
3202 3014 3440 3086 Χριστοῦ
3486 3010 3577 3068 οὖν
3619 3030 3777 3085 πρε-

493 3118 647 3165 tante
695 3127 791 3181 per
838 3122 957 3162 nos.
992 3105 1363 3162 Obsecramus
1400 3114 1497 3171 pro
1543 3098 1788 3163 Christo,
1824 3094 2074 3152 reconci-

493 3202 705 3257 liamini
740 3201 851 3257 Deo
882 3202 951 3253 “.
987 3218 1006 3251 ι
1034 3197 1179 3263 Quin
1200 3202 1255 3250 et
1282 3192 1478 3249 Petrus
1511 3190 1827 3247 Judaeorurn
1858 3188 2073 3259 populis

493 3309 618 3350 cum
656 3293 853 3348 ﬁducia
884 3292 1114 3362 loquens
1147 3305 1161 3341 :
1197 3305 1215 3337 ι
1240 3285 1307 3340 Ει
1335 3299 1505 3349 nunc,
1536 3282 1756 3347 fratres,
1794 3280 1911 3335 scio
1944 3279 2073 3349 quia

492 3402 591 3458 per
607 3384 971 3456 ignorantiam
997 3379 1228 3444 fecistis,
1249 3378 1394 3434 sicut
1410 3383 1463 3430 et
1480 3374 1757 3444 principes
1777 3370 1951 3426 vestri
1967 3369 2067 3423 θ’.»

499 3495 519 3529 ι
563 3475 913 3531 Poenitemini
970 3473 1161 3542 igitur,
1201 3477 1255 3526 et
1322 3469 1636 3538 haptizetur
1686 3463 2074 3534 unusquisque

492 3577 738 3623 vestrum
766 3568 821 3620 in
849 3566 1070 3619 nomine
1101 3562 1319 3617 Domini
1342 3559 1472 3615 Jesu
1503 3558 1708 3613 Christi
1733 3557 1799 3611 ⁸³.
1845 3574 1865 3608 ι
1903 3554 2073 3611 Vides

494 3668 553 3715 ut
581 3671 635 3714 et
666 3661 733 3715 iis
764 3660 854 3729 qui
886 3656 1129 3712 nondum
1158 3654 1318 3709 ﬁdem
1355 3656 1715 3720 susceperant
1735 3648 1987 3705 studiose
2013 3661 2073 3702 se

493 3752 750 3817 olle-rant,
790 3759 843 3804 et
894 3746 1139 3804 nondum
1200 3745 1257 3800 in
1318 3742 1768 3812 disquisitionem
1821 3744 2070 3794 vocatam

493 3843 802 3898 doctrinam
856 3838 1161 3910 proferant,
1202 3833 1590 3906 ignorantibus
1621 3831 1758 3902 ipsis
1808 3844 1918 3885 non
1944 3843 2072 3898 per-

495 3936 776 3988 mittentes
815 3941 873 3985 ut
904 3929 1066 3999 primi
1116 3931 1385 3981 vocentur
1418 3920 1522 3991 ipsi
1558 3917 1828 3990 magistri,
1873 3916 1970 3973 sed
2013 3914 2070 3969 in

493 4027 600 4081 hoc
632 4040 755 4080 eum
806 4023 971 4079 etiam
1007 4018 1408 4092 prmvenicntes
1440 4014 1536 4085 qui
1586 4012 1828 4067 nondum
1861 4008 2071 4080 aliquid

493 4132 683 4173 eorum
727 4131 849 4185 quae
898 4114 1004 4170 sibi
1051 4110 1177 4168 usui
1216 4108 1397 4165 forent
1443 4107 1657 4162 discere
1709 4104 1891 4159 vellet.
1930 4101 2067 4157 Cum

494 4216 677 4264 autem
710 4206 969 4262 Servator
997 4205 1147 4260 dicat
1181 4222 1195 4259 :
1243 4221 1262 4255 ι
1299 4202 1373 4259 Ut
1411 4214 1511 4255 vos
1535 4198 1698 4263 eatis,
1728 4203 1784 4251 et
1828 4193 2069 4249 fructum

495 4300 758 4364 all'eratis,
787 4307 841 4354 et
872 4298 1085 4353 fructus
1139 4304 1321 4352 vester
1355 4300 1595 4355 maneat,
1632 4307 1651 4340 ι
1686 4286 1816 4358 quid
1844 4284 2064 4341 demum

500 4393 767 4464 signiﬁcet
803 4391 934 4445 illud
962 4404 1211 4459 qumrere
1242 4386 1516 4442 convenit.
1545 4381 1690 4450 Quid
1719 4382 1865 4436 enim
1890 4378 2065 4451 signi—

494 4482 641 4546 ﬁcat,
681 4480 849 4551 89h
899 4489 993 4534 aut
1043 4479 1318 4549 quomodo
1365 4475 1747 4547 accipiendum
1787 4480 1895 4537 est,
1925 4469 2074 4542 quod

496 4575 597 4639 ait,
644 4587 867 4626 manere
913 4572 1167 4626 fructum
1187 4567 1629 4637 discipulorum?
1667 4566 1940 4620 Existimo
1971 4565 2075 4618 ita-

496 4679 604 4733 que
648 4663 994 4717 Servatorem
1052 4664 1301 4716 fructum
1345 4664 1655 4713 manentem
1704 4671 1902 4710 vocare
1958 4654 2075 4708 fru-

496 4763 643 4809 ctum
671 4752 999 4821 evangelicae
1041 4752 1366 4822 disciplinae,
1397 4764 1507 4803 non
1539 4754 1722 4800 autem
1764 4743 1955 4814 legalis
1979 4744 2071 4813 ju-

497 4842 680 4897 stitiae.
711 4840 1015 4908 Autiquata
1044 4840 1191 4894 enim
1223 4847 1309 4895 est
1339 4839 1451 4902 illa,
1481 4843 1769 4908 propterea
1806 4832 1952 4903 quod
1982 4833 2066 4887 ni-

497 4935 574 4989 hil
608 4933 835 5001 implere
859 4938 1092 5001 poterat.
1131 4950 1149 4981 ι
1186 4930 1327 5010 Nihil
1354 4930 1501 4986 enim
1535 4929 1602 4982 ad
1636 4924 1935 4997 perfectum
1970 4923 2070 4977 ad-

496 5026 658 5081 duxit
701 5028 812 5085 lex,
853 5043 873 5076 ι
913 5023 1070 5093 juxta
1100 5020 1254 5077 Pauli
1284 5023 1491 5077 dictutn
1538 5020 1624 5085 8";
1654 5018 1750 5074 sed
1787 5018 1910 5087 ejus
1950 5016 2071 5071 loco

494 5126 683 5174 exorta
714 5125 800 5173 est
831 5131 994 5181 nova,
1026 5130 1149 5186 quae
1181 5114 1414 5184 primam
1461 5113 1715 5182 antiquat
1746 5125 1810 5165 ac
1832 5108 1994 5167 delet.
2019 5114 2073 5162 et

492 5225 621 5265 vere
681 5216 992 5265 manentem
1054 5223 1120 5262 ac
1169 5207 1478 5261 durabilem
1535 5204 1772 5259 fructum
1827 5200 2060 5257 inducit.

494 5297 842 5369 Quapropter
880 5300 1045 5355 etiam
1099 5299 1321 5354 divinus
1380 5296 1470 5351 ille
1517 5295 1722 5350 Paulus
1773 5309 1872 5349 nos
1922 5291 2063 5345 allo-

493 5405 693 5461 quens,
720 5391 1081 5446 libentissime
1111 5406 1171 5447 se
1190 5389 1419 5460 iustitia:
1456 5388 1645 5456 legalis
1670 5387 1945 5456 jacturam
1980 5382 2060 5438 fe-

492 5481 638 5537 cisse
680 5480 777 5546 ait,
802 5488 863 5535 ut
907 5480 1185 5537 Christum
1217 5479 1588 5547 lucrifaceret,
1620 5482 1724 5535 hoc
1751 5488 1836 5536 est
1867 5493 1963 5547 per
1990 5480 2052 5532 ﬁ-

2178 3104 2464 3177 σεεύομεν,
2492 3104 2567 3171 ὼς
2592 3106 2684 3160 τοῦ
2708 3103 2843 3160 Θεοῦ
2876 3103 3318 3177 παρακαλοῦντος
3339 3105 3405 3159 δι’
3425 3105 3579 3177 ἡμῶν
3600 3121 3615 3136 ·
3640 3104 3741 3158 δεᾶ
3757 3135 3779 3146 -

2178 3198 2319 3270 μεθα
2343 3199 2483 3270 ὑπὲρ
2505 3199 2742 3270 Χριστοῦ
2762 3244 2774 3267 ,
2798 3202 3177 3273 καταλλάγητε
3198 3200 3274 3272 τῷ
3294 3200 3432 3270 Θεῷ.
3462 3217 3481 3251 ι
3511 3199 3618 3253 Καὶ
3650 3198 3778 3269 μὴν

2173 3293 2202 3345 ὁ
2228 3292 2433 3364 Πέτρος
2462 3295 2574 3356 τοῖς
2619 3293 2892 3357 Ἰουδαίοις
2925 3293 3120 3365 δήμοις
3149 3294 3205 3346 ἐν
3237 3291 3517 3365 παρρησία
3544 3289 3727 3344 λαλῶν
3757 3308 3773 3322 ·
3829 3279 3845 3293 ’

2179 3401 2198 3434 ι
2236 3383 2347 3436 Καὶ
2389 3382 2517 3447 νῦν,
2545 3384 2783 3454 ἀδελφοὶ,
2839 3380 2980 3450 οἴδα,
3031 3385 3114 3438 ὃτι
3148 3383 3289 3438 κατά
3327 3382 3547 3450 ἄγνοιαν
3585 3382 3774 3452 ἐπρά-

2176 3473 2523 3545 ξατε,ῶσπερ
2540 3476 2631 3530 καὶ
2646 3479 2695 3529 οἱ
2716 3476 2973 3547 ἄρχοντες
2985 3477 3158 3548 ὑμῶν.
3184 3496 3201 3530 ι
3230 3506 3299 3517 -
3328 3495 3345 3527 ι
3372 3476 3773 3545 Μετανοήσατε

2173 3559 2265 3618 οὐν
2301 3564 2393 3618 καὶ
2434 3564 2786 3637 βαπτισθήτω
2833 3566 3061 3630 ἕκαστος
3098 3566 3251 3636 ὑμῶν
3273 3606 3289 3631 ,
3321 3566 3379 3620 ἐν
3417 3564 3495 3635 τῷ
3531 3565 3773 3634 ὀνόματι

2173 3655 2267 3710 τοῦ
2321 3657 2530 3729 Κυρίου
2585 3658 2743 3730 ἡμῶν
2803 3658 2980 3729 Ἰησοῦ
3039 3657 3297 3729 Χριστοῦ.
3346 3675 3365 3708 ι
3408 3656 3571 3728 Ὀρᾷς
3605 3656 3772 3723 ὅπως

2176 3746 2275 3818 μὲν
2329 3747 2427 3800 καὶ
2477 3749 2591 3810 τοῖς
2649 3746 2804 3802 οῦπω
2861 3747 3287 3801 πεπιστευκόσιν
3320 3745 3600 3800 ὑπαντῶσι
3655 3746 3772 3817 μὲν

2174 3838 2582 3910 προθυμότατα,
2614 3837 2705 3892 τὸν
2745 3838 2802 3891 δὲ
2836 3836 2990 3892 οὐπω
3023 3836 3324 3909 ζητηθέντα
3361 3834 3771 3907 προκομίζουσι

2172 3928 2332 3997 λόγον
2360 3968 2376 3993 ,
2411 3930 2472 3982 οὐ
2520 3931 2631 3992 τοῖς
2683 3928 2968 3996 ἀγνοοῦσιν
3019 3931 3205 3994 αὐτοῖς
3259 3931 3651 4002 ἐπιτρέποντες
3698 3928 3771 3984 τὸ

2173 4021 2373 4092 χρῆναι
2434 4019 2684 4093 πρώτους
2730 4021 2931 4084 αὐτοὺς
2977 4021 3325 4091 ἐπιλέγεσθαι
3381 4020 3768 4089 διδασκάλους,

2174 4110 2310 4164 ἀλλά
2340 4109 2630 4178 φθάνοντες
2678 4112 2760 4176 είς
2809 4111 2968 4165 τοῦτο
2989 4152 3004 4176 ,
3035 4113 3129 4165 καὶ
3159 4112 3250 4165 τὸν
3288 4111 3442 4167 οὐπω
3482 4112 3676 4183 μαθεῖν
3705 4129 3772 4166 τι

2171 4200 2283 4255 τῶν
2311 4200 2622 4269 ἀναγκαίων
2655 4200 2930 4257 ἐθέλοντα.
2975 4203 3191 4273 Ἐπειδὴ
3225 4203 3284 4258 δὲ
3306 4207 3418 4268 τοῖς
3437 4204 3530 4258 τοῦ
3565 4205 3771 4276 Σωτῆφ

2178 4309 2269 4364 ρος
2299 4291 2456 4363 ἡμῶν
2489 4291 2811 4364 πρόσκειται
2838 4293 3019 4364 λόγοις
3038 4295 3099 4349 τὸ
3118 4313 3138 4347 ι
3163 4296 3282 4350 ’Ἰνα
3301 4296 3458 4366 ὑμεῖς
3479 4295 3771 4367 ὑπάγητε,

2176 4384 2273 4439 καὶ
2314 4385 2525 4455 καρπὸν
2559 4386 2781 4457 φέρητε,
2816 4388 2908 4440 καὶ
2939 4389 2968 4440 ό
3011 4387 3222 4459 καρπὸς
3254 4389 3407 4460 ὐμῶν
3435 4386 3604 4460 μένῃ*
3640 4407 3662 4439 ι
3709 4389 3773 4442 τί

2174 4495 2305 4531 ποτε
2340 4477 2449 4549 ἄρα
2474 4477 2570 4532 καὶ
2609 4477 2769 4532 τοῦτο
2790 4478 2939 4548 δηλοῖ
2970 4478 3201 4550 ζητῆσαι
3230 4480 3516 4551 προσήκει.
3545 4479 3611 4532 Τί
3646 4480 3773 4550 γὰρ

2173 4568 2240 4622 ἂν
2269 4572 2458 4633 νοοῖτο,
2500 4569 2595 4622 καὶ
2625 4569 2745 4633 πῶς
2769 4569 2831 4623 τὸ
2857 4569 3056 4640 λέγειν,
3077 4570 3159 4623 ὅτι
3190 4570 3340 4640 μένει
3359 4572 3464 4624 τῶν
3493 4568 3773 4641 μαθητῶν

2172 4662 2201 4713 ὁ
2235 4660 2476 4729 καρπός;
2517 4656 2688 4731 Οἶμαι
2733 4661 2934 4723 τοίνυν,
2970 4662 3053 4715 ὅτι
3088 4661 3302 4732 καρπὸν
3330 4660 3561 4731 μένοντά
3586 4678 3773 4732 φησιν

2172 4750 2201 4801 ὁ
2238 4750 2452 4821 Σωτὴρ,
2486 4750 2578 4805 τὸν
2608 4751 2698 4804 διά
2734 4752 2836 4822 τῆς
2869 4752 3233 4823 εὐαγγελικῆς
3263 4750 3632 4815 παιδεύσεως,
3663 4754 3775 4808 καὶ

2168 4842 2289 4911 οὐχὶ
2318 4842 2417 4912 τῆς
2437 4843 2494 4895 ἐν
2521 4842 2671 4913 νόμῳ
2694 4843 3057 4910 δικαιοσύνης.
3094 4842 3480 4898 Πεπαλαίωται
3507 4842 3608 4910 μὲν
3646 4845 3775 4913 γὲρ

2170 4932 2375 5002 ἐκείνη,
2402 4933 2493 4987 διά
2519 4932 2580 4987 τὸ
2608 4933 2774 5005 μηδὲν
2795 4934 3056 4989 δύνασθαι
3083 4933 3344 5006 πληροῦν.
3369 4953 3388 4984 ι
3421 4931 3774 4987 Τετελείωκε

2169 5023 2277 5093 γὰρ
2315 5022 2345 5076 ό
2382 5025 2545 5094 νόμος
2571 5024 2746 5088 οὐδὲν,
2778 5043 2797 5076 ι
2836 5023 2979 5078 κατά
3019 5026 3121 5095 τὴν
3159 5023 3253 5083 τοῦ
3287 5023 3499 5078 Παύλου
3540 5025 3770 5096 φωνὴν,

2170 5113 2496 5168 ἁντανέθαλε
2531 5114 2590 5167 δὲ
2618 5113 2808 5185 ῶσπερ
2847 5116 2941 5169 καὶ
2971 5114 3340 5184 ἀντανέκυψεν
3374 5115 3409 5183 ἡ
3438 5113 3622 5183 καινὴ,
3644 5132 3775 5168 παρ

2171 5203 2398 5258 λαιοῦσά
2443 5221 2502 5257 τε
2554 5205 2651 5276 τὴν
2706 5205 2928 5277 πρώτην
2950 5245 2966 5270 ,
2999 5205 3095 5259 καὶ
3131 5202 3468 5274 ἀφανίζουσα
3489 5245 3505 5269 ,
3534 5203 3629 5256 καὶ
3661 5204 3779 5256 τὸν

2170 5294 2387 5365 ἀληθῶς
2419 5295 2654 5365 μένοντά
2690 5313 2746 5349 τε
2774 5296 2870 5350 καὶ
2910 5297 3216 5366 σωζόμενον
3245 5294 3580 5364 εἰσφέρουσα
3606 5310 3775 5362 acap-

2167 5386 2290 5439 πόν.
2347 5385 2634 5457 Τοιγάρτοι
2668 5388 2761 5442 καὶ
2794 5387 3007 5452 Παῦλος
3044 5390 3176 5457 ἡμῖν
3208 5388 3236 5440 ό
3267 5385 3554 5449 θεσπέσιος
3582 5401 3784 5454 προσ-

2158 5477 2355 5542 λαλῶν,
2376 5478 2571 5549 ἥδιστά
2613 5497 2673 5533 τε
2714 5480 2807 5535 καὶ
2858 5480 3103 5552 εὐμενῶς
3142 5479 3241 5550 τὴν
3283 5480 3340 5533 ἐν
3374 5475 3526 5548 νόμῳ
3551 5476 3786 5534 δικαίου

564 5661 678 5719 "ll
702 5660 831 5720 Cor.
867 5675 922 5730 ν,
962 5660 1051 5716 80.
1129 5659 1313 5716 "Act.
1354 5674 1438 5728 ιιι,
1482 5658 1561 5714 l7.
1640 5660 1833 5714 “Act.
1881 5674 1939 5724 ιι,
1975 5658 2062 5713 58.

2181 5658 2200 5690 ³
2228 5656 2394 5714 llebr.
2443 5678 2511 5716 vn
2533 5702 2548 5719 .
2587 5660 2651 5716 l9
