4042 6204
339 318 449 375 593

1389 315 1452 370 IN
1493 311 1783 370 JOANMS
1823 309 2272 367 EVANGELIUM
2306 311 2431 366 LIB.
2470 310 2536 364 Χ.

3494 312 3560 366 59
3575 311 3598 365 ί

339 436 512 509 σύνην
540 434 883 508 ἐζημιῶσθαί
914 451 1099 504 φησιν,
1123 434 1211 487 ἶνα
1237 435 1470 506 κερδάνη
1497 432 1753 505 Χριστὸν,
1778 429 1913 484 τοῦτ

2029 430 2151 487 dem
2201 432 2255 485 in
2289 432 2491 501 ipsum,
2521 428 2788 500 justitiam
2821 439 2873 483 et
2899 426 3378 484 fructiﬁcationem
3431 445 3599 486 evan-

335 528 491 590 ἔστι,
529 528 618 582 διὰ
660 528 899 591 πίστεως
937 528 1037 597 τῆς
1082 528 1162 591 είς
1196 527 1393 591 αὐτὸν,
1441 524 1786 594 δικαιοσύνην
1830 526 1927 577 καὶ

336 621 718 691 καρποφορίαν
770 619 1155 689 εὐαγγελικὴν.
1197 620 1455 689 Διαμενεῖ
1485 618 1596 690 γὰρ
1627 618 1655 670 ό
1686 615 1926 678 τοιοῦτος

337 713 433 764 καί
463 713 719 783 διηνεκὴς
762 712 915 765 ἔσται
963 711 1197 782 καρπὸς,
1230 711 1615 782 πληρεστάτην
1656 711 1737 774 είς
1772 706 1928 761 τίοσὲ-

338 806 493 855 6ειαν
525 803 622 875 τὴν
653 805 745 857 τοῦ
778 806 1069 879 ἀνθρώπου
1102 804 1281 876 ψυχὴν
1300 805 1584 859 ἀποτελεῖν
1606 802 1922 872 δυνάμενος.

336 894 414 947 Οὐ
442 894 549 966 γὰρ
571 898 684 959 τοῖς
712 896 1086 965 εὐαγγελικοῖς
1102 897 1442 968 κηρύγμασι,
1467 897 1626 965 καινή
1657 910 1739 956 τις
1760 892 1923 961 ἑτέρα

336 988 836 1058 παρεισδραμεῖται
863 988 1145 1052 παίδευσις
1184 987 1497 1042 παλαιοῦσα
1526 985 1625 1056 τὴν
1653 981 1880 1054 πρώτην
1907 999 1920 1013 ·

334 1077 590 1149 καθάπερ
638 1080 832 1150 ἀμέλει
866 1080 1088 1148 γέγονεν
1120 1082 1213 1134 ἐπὶ
1236 1080 1336 1149 τῆς
1363 1078 1452 1133 διὰ
1498 1077 1739 1137 Μωσέως
1770 1075 1921 1127 ἐντο-

332 1169 453 1239 λῆς,
489 1169 607 1224 ἀλλ’
651 1172 732 1234 είς
771 1172 943 1225 αἰῶνα
987 1172 1242 1242 στήσεται
1267 1170 1363 1225 τοῦ
1405 1169 1654 1240 Σωτῆρος
1684 1167 1713 1219 ὁ
1739 1165 1919 1234 λόγθςν

2024 524 2276 594 gelicam.
2300 522 2455 578 Talis
2482 522 2684 577 etenim
2717 521 3054 591 permanebit
3078 535 3142 574 ac
3172 531 3468 591 perpetuus
3494 524 3600 577 erit

2026 616 2262 678 fruetus,
2292 616 2385 686 qui
2435 615 2612 686 possit
2655 616 2896 671 hominis
2944 616 3182 670 animam
3225 615 3293 669 ad
3343 616 3598 685 pietatem

2025 705 2462 762 cumulatissime
2518 706 2798 777 perﬁcere.
2848 707 2958 762 Nec
3001 708 3146 762 enim
3195 706 3302 761 alia
3349 708 3459 763 ulla
3502 708 3601 761 do-

2024 799 2201 853 ctrina
2232 799 2545 869 antiquabit
2572 800 2963 870 evangelieam,
3000 801 3161 855 sicuti
3196 800 3454 855 nimirum
3484 800 3602 855 Mo-

2027 892 2178 944 saica
2210 891 2492 961 antiquata
2524 902 2606 946 est
2649 908 2742 961 per
2771 893 3162 963 eVangelicam,
3196 894 3292 950 sed
3336 896 3391 948 in
3437 904 3600 948 teter-

2028 995 2161 1034 num
2215 981 2384 1037 stabit
2432 982 2744 1038 Servatoris
2789 999 2991 1048 sermo,
3038 985 3498 1054 quemadmodum
3547 994 3602 1040 et

2027 1073 2146 1142 ipse
2167 1074 2245 1127 ait
2276 1075 2507 1131 alicubi:
2546 1094 2565 1126 ι
2594 1076 2807 1130 Caelum
2834 1087 2888 1131 et
2913 1085 3057 1131 terra
3082 1078 3600 1144 transibunt,verha

2028 1173 2210 1219 autem
2242 1181 2362 1220 mea
2393 1181 2504 1222 non
2530 1168 2846 1222 transibunt
2870 1169 2937 1222 ⁸⁵.
2978 1188 2995 1221 ι

329 1265 480 1320 καθά
518 1284 623 1319 που
670 1268 764 1320 καὶ
815 1266 979 1331 αὑτός
1028 1283 1194 1339 φησιν
1222 1283 1236 1298 ο
1273 1286 1293 1319 ι
1337 1267 1398 1319 '0
1448 1265 1711 1337 οὐρανὸς,
1781 1259 1876 1315 καὶ
1917 1260 1949 1329 ἡ
1992 1257 2063 1327 γῆ
2121 1260 2546 1332 παρελεύσεται,
2613 1264 2664 1316 οἱ
2709 1263 2765 1316 δὲ
2808 1263 2954 1332 λόγοι
3009 1282 3110 1335 μου
3158 1265 3219 1317 οὐ
3266 1266 3340 1337 μὴ
3398 1267 3600 1337 παρέλ-

327 1356 521 1410 θωσιν.
553 1376 572 1407 ι

404 1450 475 1502 Et
518 1452 552 1502 ὁ
593 1449 821 1517 κόσμος
865 1448 1021 1519 ὑμᾶς
1069 1451 1254 1521 μισεῖ,
1305 1449 1630 1519 γινώσκετε
1680 1448 1769 1502 ὅτι
1813 1446 1918 1516 ἐμὲ

325 1539 569 1607 πρῶτον
603 1539 769 1608 ὑμῶν
783 1542 1099 1611 μεμίσηκε.

401 1632 515 1702 Τῆς
544 1631 655 1683 τῶν
685 1631 885 1704 ίατρῶν
916 1634 1229 1705 ἐμπειρίας.
1261 1635 1357 1687 καὶ
1394 1634 1671 1705 ὲξαιρέτου
1701 1633 1915 1704 τέχνης,

321 1722 485 1776 οὐδὲν
534 1717 693 1793 οἶμαι
723 1725 1002 1790 παντελῶς
1036 1726 1371 1781 ἀποδέουσαν
1396 1727 1495 1799 τὴν
1540 1727 1633 1779 τοῦ
1666 1727 1918 1797 Σωτῆρος

323 1816 640 1887 εὑρήσομεν
686 1816 942 1889 μέθοδον,
979 1821 1046 1890 ἣν
1097 1821 1182 1889 ἐφ’
1231 1820 1447 1891 ἑκάστῳ
1492 1823 1726 1873 ποιεῖται
1777 1818 1918 1890 πρόι-

326 1923 502 1977 γματι
529 1950 544 1974 ,
590 1910 929 1981 πανταχόθεν
975 1911 1035 1965 τὺ
1080 1910 1357 1975 λυσιτελὲς
1403 1913 1513 1974 τοῖς
1549 1911 1919 1981 ἀκροωμένοις

326 2001 422 2053 ἀεὶ
468 2000 962 2071 μηχανώμενος.οί
995 2003 1096 2072 μὲν
1135 2004 1243 2075 γὰρ
1273 2003 1373 2074 τὴν
1399 2002 1668 2073 ἐσομένην
1693 2001 1803 2055 ἔσθ’
1832 2002 1920 2055 ὅτε

326 2095 391 2145 ἑν
420 2095 532 2156 τοῖς
578 2091 794 2163 σώμασι
829 2094 937 2147 τῶν
999 2093 1189 2148 παθῶν
1242 2093 1573 2164 δυστροπίαν
1626 2093 1920 2165 ἀνασειρά-

329 2184 509 2247 (eum,
550 2188 674 2249 ταῖς
711 2186 819 2239 ἀπὸ
843 2187 942 2256 τῆς
965 2186 1161 2256 τέχνης
1186 2188 1504 2254 ἐπαγωγαῖς
1523 2203 1536 2215 ·
1573 2189 1601 2240 ὁ
1626 2186 1683 2239 δὲ
1716 2186 1813 2257 τὴν
1840 2187 1922 2250 είς

328 2276 393 2328 ἰδ
434 2277 623 2348 πρόσω
670 2276 903 2347 πάροδον
942 2278 1278 2349 ἀποφράττει
1336 2280 1452 2341 τοῖς
1512 2278 1703 2343 κακοῖς
1725 2317 1740 2343 ,
1790 2292 1923 2343 προ-

330 2369 698 2438 φυλακτικαῖς
754 2368 947 2441 ὥσπερ
1001 2371 1110 2423 τισὶ
1170 2370 1631 2441 προανατειχίζων
1682 2369 1921 2433 ἐντολαῖς

331 2460 437 2530 τὴν
476 2462 706 2514 ἑκάστου
745 2459 945 2531 ψυχήν.
988 2461 1205 2533 Ἐπειδὴ
1232 2461 1410 2516 τοίνυν
1446 2459 1669 2532 ἔμελλον
1705 2461 1807 2514 οὐκ
1829 2458 1917 2531 ἐφ’

327 2550 453 2614 tab;
500 2550 686 2615 ἔθνους
723 2552 885 2622 τυχὸν
908 2593 922 2617 ,
947 2552 1062 2605 ἀλλ’
1095 2552 1218 2606 οὐδὲ
1260 2554 1354 2608 ἐπὶ
1383 2553 1568 2625 χώρας
1608 2556 1738 2624 μιᾶς
1780 2569 1917 2625 προ-

326 2642 574 2714 εδρεύειν
600 2644 650 2697 oi
679 2644 941 2716 μαθηταὶ,
956 2644 1375 2717 καθηγήσασθαι
1395 2646 1451 2700 δὲ
1474 2644 1675 2717 μᾶλλον
1699 2645 1919 2717 ἀπάσης

324 2733 434 2805 τῆς
465 2732 555 2804 ὕφ’
582 2733 721 2806 ἡλίῳ
745 2774 760 2799 ,
791 2736 888 2790 καὶ
917 2738 1032 2800 τοῖς
1064 2735 1206 2790 κατά
1236 2738 1416 2791 πᾶσαν
1460 2736 1557 2808 τὴν
1589 2737 1917 2810 οἰκουμένην

324 2826 423 2881 τὸν
457 2828 810 2898 εὐαγγελικδν
843 2829 939 2884 καὶ
982 2831 1128 2885 θεῖον
1163 2830 1488 2903 διακηρύξαι
1524 2831 1709 2903 λόγον,
1736 2848 1916 2904 παρα·-

318 2920 555 2992 τρέπειν
599 2938 659 2975 τε
694 2923 822 2987 τοὺς
867 2923 1250 2995 ἀκροωμένους
1278 2924 1372 2977 ἐπὶ
1413 2924 1476 2977 τὸ
1504 2924 1650 2995 μόνῳ
1674 2923 1754 2996 τῷ
1793 2923 1915 2994 Θεῷ

325 3007 541 3073 δοκοῦν,
593 3012 687 3065 καὶ
724 3011 1048 3083 μεταθήσειν
1079 3011 1138 3078 ἐξ
1170 3012 1450 3083 ἁμαρτίας
1498 3013 1591 3067 ἐπὶ
1621 3015 1682 3067 τὸ
1728 3014 1913 3084 βούλε-

330 3100 456 3155 σθαι
479 3102 613 3173 δρᾷν
645 3105 714 3156 τὰ
741 3105 924 3167 αὐτοῖς
952 3102 1250 3174 πρέποντα,
1287 3104 1382 3158 καὶ
1430 3102 1629 3158 κανόνα
1660 3105 1759 3176 τῆς
1787 3106 1913 3160 ἑαυ-

2097 1441 2213 1510 X’V,
2249 1442 2336 1499 i8.
2369 1443 2431 1499 Si
2456 1446 2684 1499 mundus
2715 1462 2802 1500 vos
2824 1446 2956 1508 odit,
2991 1446 3176 1500 scitote
3196 1447 3321 1516 quia
3347 1463 3426 1502 me
3453 1451 3598 1518 priu-

2026 1552 2133 1589 rem
2163 1536 2309 1591 vobis
2342 1536 2464 1591 odia
2490 1535 2699 1593 habuit.

2096 1625 2405 1682 Servatoris
2438 1628 2756 1683 methodum
2802 1645 2967 1699 quant
3005 1631 3204 1701 cuique
3253 1633 3329 1686 rei
3377 1632 3602 1688 adhibet

2024 1726 2079 1773 et
2107 1734 2217 1787 qua
2252 1718 2385 1789 quid
2439 1719 2785 1775 auditoribus
2824 1721 2998 1790 prosit
3032 1733 3297 1792 perpetuo
3342 1725 3600 1786 rimatur,

1954 1857 1991 1911 Β
2024 1811 2179 1875 nihil.
2208 1812 2425 1882 opinor,
2475 1810 2694 1867 diﬂ'erre
2737 1812 3138 1882 comperiemus
3167 1815 3238 1869 ab
3270 1816 3472 1870 eximia
3509 1817 3603 1872 illa

2022 1903 2216 1972 peritia
2243 1913 2297 1958 et
2327 1910 2445 1958 arte
2480 1902 2841 1959 medicorum.
2872 1902 2940 1958 Hi
2969 1905 3117 1959 enim
3168 1904 3430 1962 adhibitis
3461 1908 3601 1964 artis

2022 1994 2282 2050 remediis
2305 1995 2527 2051 morbos
2555 1997 2889 2067 corporibus
2915 1998 3241 2067 ingruentes
3274 1999 3597 2053 retundunt:

2021 2087 2111 2142 ille
2136 2085 2345 2142 aditum
2370 2088 2531 2144 malis
2553 2088 2887 2154 intercludit,
2915 2090 3269 2146 cautionibus
3293 2092 3456 2147 veluti
3479 2095 3602 2163 qni-

2018 2178 2251 2235 busdam
2284 2179 2726 2251 uniuscujusque
2760 2178 3001 2234 animum
3031 2182 3424 2251 prmmuniens.
3459 2182 3599 2249 Quia

2018 2285 2150 2341 ergo
2182 2270 2454 2327 debebant
2500 2289 2607 2327 non
2643 2272 2807 2327 unius
2839 2273 3221 2328 tantummodo
3266 2276 3467 2344 gentis,
3496 2291 3600 2331 nec

2020 2362 2187 2419 unius
2231 2365 2499 2419 duntaxat
2543 2366 2785 2435 regionis
2814 2366 2982 2421 duces
3016 2381 3141 2422 esse
3184 2367 3464 2439 discipuli,
3497 2372 3597 2426 sed

2018 2455 2335 2512 constitutis
2380 2471 2478 2526 per
2523 2456 2843 2513 universum
2873 2457 3061 2514 orbem
3114 2459 3432 2517 hominibus
3458 2461 3600 2516 divi-

2018 2561 2150 2603 num
2177 2555 2231 2602 et
2253 2547 2635 2617 evangelicum
2679 2563 2989 2605 sermonem
3028 2551 3380 2620 pradicaturi
3413 2563 3597 2619 erant,

2017 2644 2182 2709 atque
2237 2638 2305 2694 ad
2353 2639 2518 2695 unius
2549 2637 2644 2695 Dei
2691 2638 3020 2710 obsequium
3055 2642 3339 2700 auditores
3368 2661 3598 2702 conver-

2017 2730 2158 2795 suri,
2190 2740 2245 2785 et
2270 2744 2302 2784 a
2359 2738 2586 2801 peccato
2610 2731 2676 2787 ad
2708 2730 2969 2786 virtutem
3001 2741 3056 2787 et
3098 2733 3441 2792 honestatem
3485 2746 3599 2792 tra-

2017 2819 2259 2887 ducturi,
2306 2835 2529 2891 suaeque
2569 2820 2695 2877 vitae
2728 2821 2972 2893 regulam
3018 2822 3191 2895 legem
3221 2828 3596 2895 evangelicam

2015 2912 2332 2980 adhibituri,
2362 2914 2681 2971 necessario
2706 2914 2776 2971 iis
2818 2915 3068 2987 praecipit
3108 2927 3166 2970 ut
3199 2918 3356 2974 nihili
3388 2918 3597 2975 faciant

2015 3004 2142 3060 odio
2170 3020 2202 3058 a
2232 3007 2438 3063 mundo
2476 3007 2687 3072 haberi,
2721 3008 2772 3063 id
2798 3016 2904 3076 est,
2929 3011 2998 3065 ah
3029 3010 3101 3067 iis
3129 3011 3223 3082 qui
3251 3027 3373 3080 qua:
3401 3014 3594 3069 mundi

2016 3103 2151 3150 sunt
2180 3096 2424 3166 sapiunt,
2457 3104 2511 3154 et
2543 3097 2710 3168 impie
2746 3106 2914 3168 atque
2944 3098 3236 3156 libidinose
3286 3101 3452 3155 vitam
3501 3102 3597 3158 de-

327 3187 435 3239 τῶν
463 3185 611 3257 ζωῆς
641 3189 910 3243 ποιεῖσθαι
940 3190 1031 3244 τὸν
1059 3188 1245 3262 νόμον,
1275 3192 1420 3264 φημὶ
1443 3192 1501 3246 δὲ
1518 3191 1609 3247 τὸν
1633 3194 1912 3264 εὐαγγελι-

2014 3196 2171 3259 gunt.
2195 3190 2266 3241 At
2298 3203 2550 3259 quaenam
2579 3197 2663 3245 est
2684 3189 2923 3260 hujusce
2943 3191 3022 3246 rei
3053 3192 3223 3248 ratio?
3252 3190 3392 3247 Num
3419 3194 3590 3256 enim,

326 3279 445 3342 κδν,
485 3280 804 3347 ἀναγκαίως
844 3281 1031 3347 αὐτοῖς
1057 3283 1188 3353 παρ’
1214 3282 1368 3336 οὐδὲν
1397 3284 1667 3339 ποιεῖσθαι
1698 3286 1910 3342 κελεύει

322 3370 385 3423 τὸ
411 3371 564 3441 παρά
590 3370 685 3425 τοῦ
710 3374 915 3444 κόσμου
946 3374 1241 3444 μισεῖσθαι,
1269 3374 1413 3431 τοῦτ’
1442 3376 1579 3441 ἐστι,
1611 3379 1764 3452 παρὰ
1800 3379 1910 3436 τῶν

321 3460 668 3529 φρονούντων
698 3463 767 3516 τὰ
802 3464 862 3516 ὲν
882 3464 1094 3534 κόσμῳ,
1115 3466 1212 3519 καὶ
1247 3467 1548 3538 φιληδόνως
1576 3471 1672 3526 καὶ
1697 3470 1912 3537 ἀσεϐῶς

320 3550 423 3622 ζῇν
448 3552 740 3621 ἑλομένων.
779 3555 889 3608 Καὶ
920 3555 1006 3620 τίς
1033 3556 1099 3611 ἂν
1128 3556 1214 3630 εῐη
1244 3558 1408 3614 πάλιν
1440 3562 1470 3614 ό
1495 3561 1686 3616 τούτου
1716 3563 1908 3632 λόγος;

319 3638 470 3715 ’Δρα
493 3644 627 3715 γὰρ,
654 3646 777 3699 είπέ
801 3662 914 3717 μοι,
941 3649 1168 3719 φήσειεν
1193 3648 1259 3703 ἀν
1282 3667 1367 3714 τις
1384 3652 1567 3722 τυχὸν,
1593 3653 1661 3706 τὰ
1683 3654 1912 3710 τοιαῦτα

320 3737 431 3799 τοῖς
460 3736 659 3790 ἑαυτοῦ
694 3735 963 3807 μαθηταῖς
993 3739 1407 3795 διακελεύεσθαι
1438 3743 1551 3797 δεῖν
1588 3746 1912 3818 ἐδοκίμασεν

317 3826 351 3878 ό
370 3827 628 3897 Χριστος,
656 3828 936 3897 ὲπωφελές
958 3847 1012 3884 τι
1056 3830 1248 3902 χρῆμα
1278 3832 1340 3885 τὸ
1380 3833 1656 3903 μισεῖσθαι
1675 3835 1908 3904 δεικνὺς,

316 3918 655 3990 ἀδιακρίτως
682 3936 744 3973 τε
790 3922 889 3975 καὶ
933 3923 1024 3975 ἐπ’
1056 3923 1236 3978 οὐδενὶ⁹
1257 3925 1421 3997 τυχὸν
1445 3925 1556 3980 τῶν
1593 3929 1911 3999 ἀναγκαίων

316 4012 403 4074 είς
422 4011 611 4084 ὄνησιν
631 4027 647 4077 ;
678 4012 894 4082 ’Δπαγε
917 4015 1015 4086 τῆς
1041 4015 1304 4087 ἀμαθίας.
1329 4019 1406 4072 Οὐ
1431 4021 1540 4092 γὰρ
1562 4021 1630 4075 ἂν
1652 4025 1734 4088 είς
1753 4022 1912 4079 τοῦτο

316 4102 603 4158 διὼλισθεν
634 4107 663 4159 ό
690 4106 847 4176 λόγος
882 4105 1034 4177 αὐτῷ
1052 4123 1067 4138 ⁸
1090 4106 1153 4161 τὸ
1189 4107 1467 4179 μισεῖσθαι
1491 4111 1548 4166 δὲ
1569 4113 1668 4185 οὐχ
1698 4115 1908 4182 ἁπλῶς,

317 4195 387 4247 οὐ
439 4197 645 4268 σφόδρα
692 4197 1244 4271 φυλάττεσθαιφπαρὰ
1284 4202 1485 4266 παντὸς
1517 4205 1909 4275 συμϐουλεύει,

319 4283 698 4355 διωρισμένως
726 4288 893 4358 φησὶν
916 4328 930 4352 ,
957 4288 1159 4360 ἀριστά
1200 4307 1259 4343 τε
1295 4292 1389 4346 καὶ
1435 4293 1868 4367 διακεκριμένως
1892 4317 1907 4332 ·

328 4391 347 4420 ι
391 4374 454 4425 Εἰ
482 4376 509 4425 ό
537 4375 741 4447 κόσμος
762 4378 905 4449 ὑμᾶς
946 4383 1113 4449 μισεῖ,
1143 4400 1162 4433 ι
1192 4380 1338 4435 τοῦτ’
1375 4381 1540 4448 ἐστιν,
1570 4387 1619 4438 εί
1649 4388 1742 4441 καὶ
1777 4389 1909 4458 μέλ-

324 4458 466 4513 λοιεν
500 4463 642 4531 ὑμᾶς
667 4464 755 4519 διὰ
783 4467 976 4535 μίσους
1005 4469 1149 4539 ἔχειν
1176 4472 1223 4524 οί
1272 4472 1340 4525 τὰ
1364 4474 1421 4525 ἐν
1455 4475 1646 4547 κόσμῳ
1686 4496 1911 4551 τετιμη-

2009 3281 2155 3336 dicet
2188 3280 2374 3336 forsan
2408 3282 2632 3353 aliquis,
2673 3283 2791 3339 suis
2819 3283 3111 3354 discipulis
3168 3285 3426 3343 Christus
3477 3290 3593 3346 haec

2013 3370 2274 3427 mandare
2316 3372 2493 3427 voluit
2523 3371 2690 3444 895
2728 3375 2875 3444 quod
2930 3376 3250 3431 ostenderet
3282 3380 3415 3435 utile
3448 3396 3591 3446 esse,

2010 3463 2140 3518 odio
2170 3463 2360 3519 haberi
2400 3464 2878 3521 indiscriminatim
2925 3475 2982 3523 et
3034 3467 3091 3523 in
3129 3483 3191 3524 re
3231 3471 3438 3528 nullius
3468 3488 3593 3528 mo-

2011 3555 2225 3611 menti?
2272 3555 2433 3613 Ahsit
2472 3563 2627 3613 tanta
2660 3558 2966 3630 imperitia!
3006 3559 3118 3617 Nec
3144 3563 3289 3618 enim
3319 3580 3387 3620 eo
3423 3568 3593 3637 perti-

2012 3653 2105 3700 net
2137 3645 2259 3715 ejus
2299 3647 2519 3702 oratio:
2561 3662 2673 3703 non
2708 3648 2857 3704 enim
2897 3650 3227 3721 simpliciter
3256 3656 3497 3711 consulit
3533 3666 3593 3711 ut

2009 3735 2067 3790 in
2099 3735 2284 3792 odium
2328 3737 2577 3809 cujusvis
2611 3740 2898 3797 incurrere
2928 3755 3029 3811 pro
3061 3741 3235 3798 nihllo
3272 3745 3544 3803 ducamus
3573 3767 3588 3812 ;

2011 3826 2107 3882 sed
2140 3828 2401 3885 distincte
2431 3832 2532 3895 ait.
2580 3839 2636 3887 et
2677 3839 2828 3888 recte
2881 3833 3207 3907 cumprimis
3242 3851 3306 3892 ac
3335 3837 3540 3895 diserte
3572 3859 3586 3895 :

2016 3939 2036 3973 ι
2074 3917 2133 3974 Si
2162 3934 2261 3975 vos
2291 3921 2411 3976 odit
2449 3920 2711 3988 mundus,
2748 3941 2769 3975 ι
2800 3922 2854 3978 id
2896 3932 3001 3989 est,
3043 3925 3172 3982 licet
3200 3926 3331 3982 odio
3355 3945 3453 3985 vos
3489 3930 3592 3985 ha-

2009 4009 2178 4066 bituri
2209 4011 2325 4066 sint
2358 4012 2453 4081 qui
2488 4012 2679 4069 mundi
2713 4028 2803 4069 res
2827 4014 2882 4069 in
2922 4016 3101 4086 pretio
3131 4016 3356 4084 habent,
3388 4034 3453 4075 ac
3482 4030 3591 4078 ter-

2010 4116 2143 4158 rena
2192 4110 2405 4157 tantum
2443 4104 2705 4173 sapiunt,
2749 4108 2970 4175 scitote,
3012 4108 3234 4179 inquit,
3279 4111 3386 4168 hoc
3438 4115 3592 4185 prius

2010 4197 2263 4252 evenisse
2302 4198 2586 4270 magistro.
2637 4198 2792 4266 Quod
2824 4211 3007 4258 autem
3041 4217 3227 4259 rerum
3255 4207 3588 4276 optimarum
3693 4259 3700 4267 .

2011 4288 2331 4345 doctoribus
2362 4306 2471 4344 non
2503 4306 2694 4362 parum
2725 4294 2981 4350 utilitatis
3019 4295 3321 4352 allaturum
3354 4300 3427 4355 sit
3456 4298 3589 4356 Ser-

2014 4382 2222 4436 vatoris
2256 4383 2596 4444 mandatum,
2638 4384 2799 4440 facile
2841 4388 2898 4441 is
2946 4398 3210 4458 agnoscet
3249 4392 3341 4460 qui
3399 4407 3589 4449 rerum

2012 4480 2266 4528 naturam
2292 4473 2464 4542 ipsam
2491 4476 2805 4532 attenderit.
2836 4476 3026 4533 Solent
3049 4480 3194 4533 enim
3225 4482 3314 4551 qui
3344 4485 3603 4551 spurcis-~

322 4551 500 4618 κότες,
534 4556 629 4608 καὶ
653 4558 790 4627 μόνα
836 4560 1157 4631 φρονοῦντες
1198 4562 1265 4616 τά
1311 4564 1403 4618 ἐπὶ
1422 4566 1520 4637 τῆς
1542 4568 1666 4638 γῆς,
1699 4568 1810 4623 ίστε
1842 4570 1907 4642 δὴ

2014 4566 2168 4622 simis
2212 4567 2374 4623 rebus
2423 4569 2649 4623 student
2677 4578 2731 4624 et
2765 4570 3098 4642 impuritatis
3138 4575 3435 4632 mundana:
3470 4580 3591 4634 cul-

316 4645 467 4709 τότε,
508 4648 662 4718 φησι,
694 4652 1109 4719 προπεπονθότα
1129 4654 1288 4707 τοῦτο
1316 4656 1408 4710 τὸν
1435 4657 1906 4718 διδάσκαλον.”οτι

313 4736 381 4789 δὲ
412 4741 522 4803 τοῖς
564 4739 671 4793 τῶν
718 4742 1020 4797 καλλίστων
1067 4747 1386 4817 είσηγηταῖς
1414 4751 1474 4803 οὐ
1506 4754 1740 4825 μετρίως
1769 4757 1905 4810 οἴσει

307 4828 421 4898 τὴν
438 4830 626 4901 ὄνησιν
650 4831 748 4885 τοῦ
779 4835 1031 4906 Σωτῆρος
1062 4839 1095 4907 ἡ
1138 4839 1352 4910 ἐντολὴ,
1384 4843 1589 4897 κατίδοι
1622 4862 1706 4909 τις
1748 4847 1815 4900 ἄν
1844 4844 1902 4902 εὖ

317 4921 468 4991 μάλα
497 4923 718 4994 ῥᾳδίως,
753 4928 802 4979 εί
849 4930 915 4999 τῇ
960 4928 1071 4983 τῶν
1098 4933 1441 5005 πραγμάτων
1482 4935 1687 5009 ἐνορῴη
1720 4942 1902 5010 φύσει.

307 5011 473 5065 Φίλον
506 5014 607 5084 μὲν
631 5014 743 5086 γάρ
773 5034 892 5081 πως
929 5018 1039 5081 ἀεὶ,
1075 5019 1276 5089 μᾶλλον
1303 5020 1361 5074 δὲ
1380 5020 1455 5085 ὡς
1484 5024 1688 5095 ἐπίπαν
1708 5029 1907 5085 ἐσπου-

308 5102 584 5173 δασμένον
622 5110 738 5170 τοῖς
771 5109 882 5163 τῶν
926 5112 1224 5181 αἰσχίστων
1253 5113 1530 5183 ἐρασταῖς,
1564 5118 1660 5171 καὶ
1687 5123 1798 5186 τοῖς
1830 5125 1911 5187 είς

308 5194 489 5265 ἄκρον
508 5196 702 5266 ἥκουσι
736 5197 1020 5272 βδελυρίας
1045 5204 1339 5274 κοσμικῆς,
1375 5209 1787 5278 παρακούεσθαι
1811 5216 1911 5285 μὲν

308 5286 394 5348 ὡς
419 5285 659 5357 δυσαχθῆ
712 5290 807 5343 καὶ
838 5291 1125 5346 ἀλλόκοτον
1153 5295 1247 5347 τὸν
1282 5297 1683 5368 σωφρονίζοντα
1731 5303 1912 5373 λόγον,

310 5377 640 5447 ἐπιφύεσθαι
682 5381 739 5437 δὲ
786 5386 895 5448 τοῖς
935 5387 1276 5456 είσηγεῖσθαι
1313 5392 1670 5457 σπουδάζουσι
1695 5397 1763 5451 τὰ
1793 5400 1903 5452 τῶν

316 5469 662 5540 μαθημάτων
694 5474 892 5542 ἄριστα
913 5515 928 5539 ,
962 5479 1056 5530 καὶ
1093 5477 1163 5531 τὰ
1189 5478 1257 5531 δι’
1282 5472 1358 5533 ὧν
1383 5483 1638 5552 ἀμείνους
1666 5489 1905 5552 ἔσονται,

316 5561 347 5630 ἢ
389 5562 656 5633 πῴτερον
684 5562 845 5636 ἦσαν,
879 5569 1068 5637 μόναις
1092 5573 1213 5633 ταῖς
1250 5572 1405 5635 ίδίαις
1437 5574 1646 5643 ἡδοναῖς
1672 5581 1733 5633 τὸ
1758 5599 1890 5649 κρα-

395 5745 439 5778 ”
466 5748 637 5804 Marc.
668 5766 789 5811 χιιι,
828 5751 918 5804 3|.

663 5845 771 5931 l‘at
791 5862 929 5903 ιιοι..
965 5844 1079 5900 Gtt.
1110 5842 1376 5901 LXXIV.

2015 4672 2137 4711 men
2168 4660 2491 4729 attigerunt,
2532 4659 2937 4718 admonitiones
2972 4673 3029 4718 ut
3077 4667 3338 4724 molestas
3364 4679 3419 4723 et
3458 4687 3587 4742 gra-

2015 4762 2106 4802 ves
2138 4748 2392 4814 ahjicere,
2425 4759 2478 4805 et
2507 4751 2560 4805 in
2607 4765 2703 4806 eos
2744 4753 2839 4821 qui
2894 4764 3045 4808 reet-a
3096 4756 3295 4813 docere
3343 4764 3587 4831 aggressi

2011 4840 2240 4907 fuerint,
2286 4842 2491 4908 quibus
2533 4843 2599 4898 ad
2652 4846 2934 4899 meliorem
2970 4846 3191 4918 frugem
3231 4864 3583 4919 revocentur,

2006 4934 2231 5002 gravius
2280 4935 2586 5005 insurgere,
2617 4937 2990 5005 voluptatibus
3024 4940 3141 4995 suis
3180 4942 3275 4995 toti
3326 4960 3581 5000 succum-

2006 5025 2220 5081 bentes.
2252 5024 2450 5081 Verum
2483 5028 2614 5081 utile
2640 5024 2899 5095 quiddam
2936 5047 3021 5086 me
3067 5034 3460 5102 propemodum
3494 5036 3580 5089 fu-

2007 5117 2106 5187 git,
2135 5118 2284 5187 quod
2318 5119 2725 5189 propositorum
2753 5122 3044 5175 verborum
3091 5123 3447 5191 explicationi
3492 5128 3579 5181 in—

2012 5209 2204 5278 primis
2234 5210 2497 5265 convenit
2523 5224 2585 5265 ac
2614 5210 2866 5267 debetur.
2906 5212 3077 5267 ,ιιιόωὶ
3105 5214 3308 5284 quippe
3341 5218 3431 5270 uni
3463 5217 3581 5274 Mo-

2011 5299 2174 5355 saicae
2200 5301 2393 5354 litterae
2439 5314 2502 5355 ac
2539 5303 2725 5373 ﬁguris
2752 5304 3110 5369 adhaerentes,
3146 5321 3320 5377 usque
3344 5309 3412 5364 ad
3441 5322 3584 5367 tem-

2011 5406 2115 5462 pus
2170 5391 2536 5446 correctionis
2595 5394 2870 5447 ohlirmati
2931 5393 3161 5461 animo,
3233 5397 3585 5470 disciplinam

2012 5481 2384 5552 evangelicam
2416 5483 2574 5537 nihili
2609 5484 2767 5553 plane
2799 5483 3093 5553 faciebant,
3122 5486 3274 5545 illius
3300 5499 3479 5547 autem
3510 5494 3589 5548 iu-

2018 5584 2283 5645 terpretes
2331 5575 2720 5631 inlensissimis
2768 5577 3022 5634 hostibus
3071 5581 3356 5651 graviores
3413 5580 3587 5636 duce.

3179 5850 3253 5913 13
