  <div class='ocr_page' id='page_1' title='image "/cluster/home/n/w/nwhite01/storage/ocr_20150623/74/hvd.32044048207120/203.png"; bbox 0 0 4042 6204; ppageno 0'>
   <div class='ocr_carea' id='block_1_1' title="bbox 443 279 550 338">
    <p class='ocr_par' dir='ltr' id='par_1_1' title="bbox 443 279 550 338">
     <span class='ocr_line' id='line_1_1' title="bbox 443 279 550 338; baseline 0.019 -4"><span class='ocrx_word' id='word_1_1' title='bbox 443 279 550 338; x_wconf 70' lang='lat'><strong>395</strong></span> 
     </span>
    </p>
   </div>
   <div class='ocr_carea' id='block_1_2' title="bbox 1464 268 2704 328">
    <p class='ocr_par' dir='ltr' id='par_1_2' title="bbox 1464 268 2704 328">
     <span class='ocr_line' id='line_1_2' title="bbox 1464 268 2704 328; baseline -0.005 0"><span class='ocrx_word' id='word_1_2' title='bbox 1464 274 1519 328; x_wconf 91' lang='lat' dir='ltr'><strong>S.</strong></span> <span class='ocrx_word' id='word_1_3' title='bbox 1559 270 1837 328; x_wconf 81' lang='lat' dir='ltr'><strong>CYRILLI</strong></span> <span class='ocrx_word' id='word_1_4' title='bbox 1874 270 2345 327; x_wconf 68' lang='lat' dir='ltr'><strong>ALEXANDRINI</strong></span> <span class='ocrx_word' id='word_1_5' title='bbox 2386 268 2704 324; x_wconf 75' lang='lat' dir='ltr'><strong>ARCHIEP.</strong></span> 
     </span>
    </p>
   </div>
   <div class='ocr_carea' id='block_1_3' title="bbox 3596 268 3704 322">
    <p class='ocr_par' dir='ltr' id='par_1_3' title="bbox 3596 268 3704 322">
     <span class='ocr_line' id='line_1_3' title="bbox 3596 268 3704 322; baseline -0.019 0"><span class='ocrx_word' id='word_1_6' title='bbox 3596 268 3704 322; x_wconf 73' lang='lat'><strong>396</strong></span> 
     </span>
    </p>
   </div>
   <div class='ocr_carea' id='block_1_4' title="bbox 446 381 2031 464">
    <p class='ocr_par' dir='ltr' id='par_1_4' title="bbox 446 388 2020 464">
     <span class='ocr_line' id='line_1_4' title="bbox 446 388 2020 464; baseline -0.004 -15"><span class='ocrx_word' id='word_1_7' title='bbox 446 396 616 449; x_wconf 87' lang='lat' dir='ltr'><strong>bant:</strong></span> <span class='ocrx_word' id='word_1_8' title='bbox 663 397 854 464; x_wconf 87' lang='lat' dir='ltr'><strong>gentes</strong></span> <span class='ocrx_word' id='word_1_9' title='bbox 907 404 1057 453; x_wconf 83' lang='lat' dir='ltr'><strong>vero,</strong></span> <span class='ocrx_word' id='word_1_10' title='bbox 1096 388 1377 444; x_wconf 86' lang='lat' dir='ltr'><strong>diversum</strong></span> <span class='ocrx_word' id='word_1_11' title='bbox 1427 388 1749 461; x_wconf 81' lang='lat' dir='ltr'><strong>proﬁtentes</strong></span> <span class='ocrx_word' id='word_1_12' title='bbox 1773 403 2020 445; x_wconf 88' lang='lat' dir='ltr'><strong>errorem</strong></span> 
     </span>
    </p>
   </div>
   <div class='ocr_carea' id='block_1_5' title="bbox 2133 381 3705 464">
    <p class='ocr_par' dir='ltr' id='par_1_5' title="bbox 2133 381 3705 457">
     <span class='ocr_line' id='line_1_5' title="bbox 2133 381 3705 457; baseline -0.003 -18"><span class='ocrx_word' id='word_1_13' title='bbox 2133 389 2235 440; x_wconf 81' lang='grc' dir='ltr'><strong>τείν</strong></span> <span class='ocrx_word' id='word_1_14' title='bbox 2269 387 2681 457; x_wconf 67' lang='grc' dir='ltr'><strong>ἐπιτρέψαντες.</strong></span> <span class='ocrx_word' id='word_1_15' title='bbox 2737 384 2897 443; x_wconf 76' lang='grc' dir='ltr'>Ἀλλὰ</span> <span class='ocrx_word' id='word_1_16' title='bbox 2934 383 3039 454; x_wconf 76' lang='grc' dir='ltr'>γὰρ</span> <span class='ocrx_word' id='word_1_17' title='bbox 3069 381 3268 455; x_wconf 87' lang='grc' dir='ltr'>μικροῦ</span> <span class='ocrx_word' id='word_1_18' title='bbox 3299 384 3365 453; x_wconf 84' lang='grc' dir='ltr'><strong>μέ</strong></span> <span class='ocrx_word' id='word_1_19' title='bbox 3403 401 3454 436; x_wconf 90' lang='grc' dir='ltr'><strong>τι</strong></span> <span class='ocrx_word' id='word_1_20' title='bbox 3479 383 3586 436; x_wconf 81' lang='grc' dir='ltr'><strong>τῶν</strong></span> <span class='ocrx_word' id='word_1_21' title='bbox 3611 384 3705 438; x_wconf 85' lang='grc' dir='ltr'>ἀν-</span> 
     </span>
    </p>
   </div>
   <div class='ocr_carea' id='block_1_6' title="bbox 443 479 2025 552">
    <p class='ocr_par' dir='ltr' id='par_1_6' title="bbox 443 479 2025 552">
     <span class='ocr_line' id='line_1_6' title="bbox 443 479 2025 552; baseline -0.003 -12"><span class='ocrx_word' id='word_1_22' title='bbox 443 492 498 540; x_wconf 89' lang='lat' dir='ltr'><strong>et</strong></span> <span class='ocrx_word' id='word_1_23' title='bbox 556 481 885 539; x_wconf 78' lang='lat' dir='ltr'><strong>inetlabilcm</strong></span> <span class='ocrx_word' id='word_1_24' title='bbox 932 480 1027 536; x_wconf 88' lang='lat' dir='ltr'><strong>Dei</strong></span> <span class='ocrx_word' id='word_1_25' title='bbox 1078 481 1313 552; x_wconf 75' lang='lat' dir='ltr'><strong>gloriam</strong></span> <span class='ocrx_word' id='word_1_26' title='bbox 1359 489 1628 536; x_wconf 67' lang='lat' dir='ltr'><strong>creatura:</strong></span> <span class='ocrx_word' id='word_1_27' title='bbox 1681 479 2025 552; x_wconf 74' lang='lat' dir='ltr'><strong>aliiugentes,</strong></span> 
     </span>
    </p>
   </div>
   <div class='ocr_carea' id='block_1_7' title="bbox 444 573 2028 646">
    <p class='ocr_par' dir='ltr' id='par_1_7' title="bbox 444 573 2028 646">
     <span class='ocr_line' id='line_1_7' title="bbox 444 573 2028 646; baseline -0.003 -14"><span class='ocrx_word' id='word_1_28' title='bbox 444 575 750 632; x_wconf 76' lang='lat' dir='ltr'><strong>doctrinam</strong></span> <span class='ocrx_word' id='word_1_29' title='bbox 781 589 887 646; x_wconf 91' lang='lat' dir='ltr'><strong>qua</strong></span> <span class='ocrx_word' id='word_1_30' title='bbox 920 574 1299 630; x_wconf 89' lang='lat' dir='ltr'><strong>illuminentur</strong></span> <span class='ocrx_word' id='word_1_31' title='bbox 1326 573 1470 630; x_wconf 89' lang='lat' dir='ltr'><strong>haud</strong></span> <span class='ocrx_word' id='word_1_32' title='bbox 1488 588 1656 644; x_wconf 64' lang='lat' dir='ltr'><strong>teque</strong></span> <span class='ocrx_word' id='word_1_33' title='bbox 1687 573 1873 629; x_wconf 86' lang='lat' dir='ltr'><strong>animo</strong></span> <span class='ocrx_word' id='word_1_34' title='bbox 1902 588 2028 628; x_wconf 89' lang='lat' dir='ltr'><strong>sus-</strong></span> 
     </span>
    </p>
   </div>
   <div class='ocr_carea' id='block_1_8' title="bbox 445 665 2026 738">
    <p class='ocr_par' dir='ltr' id='par_1_8' title="bbox 445 665 2026 738">
     <span class='ocr_line' id='line_1_8' title="bbox 445 665 2026 738; baseline -0.003 -15"><span class='ocrx_word' id='word_1_35' title='bbox 445 667 680 738; x_wconf 83' lang='lat' dir='ltr'><strong>cipiunt.</strong></span> <span class='ocrx_word' id='word_1_36' title='bbox 714 666 1005 722; x_wconf 85' lang='lat' dir='ltr'><strong>Veteribus</strong></span> <span class='ocrx_word' id='word_1_37' title='bbox 1057 665 1262 736; x_wconf 85' lang='lat' dir='ltr'><strong>quippe</strong></span> <span class='ocrx_word' id='word_1_38' title='bbox 1312 666 1471 721; x_wconf 89' lang='lat' dir='ltr'><strong>malis</strong></span> <span class='ocrx_word' id='word_1_39' title='bbox 1506 665 1913 736; x_wconf 88' lang='lat' dir='ltr'><strong>quodammodo</strong></span> <span class='ocrx_word' id='word_1_40' title='bbox 1939 665 2026 719; x_wconf 80' lang='lat' dir='ltr'><strong>in-</strong></span> 
     </span>
    </p>
   </div>
   <div class='ocr_carea' id='block_1_9' title="bbox 446 757 2028 829">
    <p class='ocr_par' dir='ltr' id='par_1_9' title="bbox 446 757 2028 829">
     <span class='ocr_line' id='line_1_9' title="bbox 446 757 2028 829; baseline -0.001 -15"><span class='ocrx_word' id='word_1_41' title='bbox 446 759 596 816; x_wconf 90' lang='lat' dir='ltr'><strong>olitis</strong></span> <span class='ocrx_word' id='word_1_42' title='bbox 630 772 989 829; x_wconf 81' lang='lat' dir='ltr'><strong>summopere</strong></span> <span class='ocrx_word' id='word_1_43' title='bbox 1020 758 1494 828; x_wconf 82' lang='lat' dir='ltr'><strong>amplectebantur</strong></span> <span class='ocrx_word' id='word_1_44' title='bbox 1539 757 1839 817; x_wconf 86' lang='lat' dir='ltr'><strong>inscitiam.</strong></span> <span class='ocrx_word' id='word_1_45' title='bbox 1872 767 1929 812; x_wconf 89' lang='lat' dir='ltr'><strong>et</strong></span> <span class='ocrx_word' id='word_1_46' title='bbox 1958 758 2028 812; x_wconf 88' lang='lat' dir='ltr'><strong>ab</strong></span> 
     </span>
    </p>
   </div>
   <div class='ocr_carea' id='block_1_10' title="bbox 448 848 2029 922">
    <p class='ocr_par' dir='ltr' id='par_1_10' title="bbox 448 848 2029 922">
     <span class='ocr_line' id='line_1_10' title="bbox 448 848 2029 922; baseline -0.001 -18"><span class='ocrx_word' id='word_1_47' title='bbox 448 850 698 922; x_wconf 88' lang='lat' dir='ltr'><strong>ingenito</strong></span> <span class='ocrx_word' id='word_1_48' title='bbox 720 850 912 904; x_wconf 89' lang='lat' dir='ltr'><strong>morbo</strong></span> <span class='ocrx_word' id='word_1_49' title='bbox 934 849 1193 904; x_wconf 84' lang='lat' dir='ltr'><strong>recedere</strong></span> <span class='ocrx_word' id='word_1_50' title='bbox 1222 849 1309 903; x_wconf 82' lang='lat' dir='ltr'><strong>vix</strong></span> <span class='ocrx_word' id='word_1_51' title='bbox 1342 863 1406 903; x_wconf 91' lang='lat' dir='ltr'><strong>ac</strong></span> <span class='ocrx_word' id='word_1_52' title='bbox 1436 864 1503 904; x_wconf 90' lang='lat' dir='ltr'><strong>ne</strong></span> <span class='ocrx_word' id='word_1_53' title='bbox 1526 848 1620 903; x_wconf 82' lang='lat' dir='ltr'><strong>vix</strong></span> <span class='ocrx_word' id='word_1_54' title='bbox 1655 848 1876 919; x_wconf 80' lang='lat' dir='ltr'><strong>quidem</strong></span> <span class='ocrx_word' id='word_1_55' title='bbox 1910 858 2029 904; x_wconf 88' lang='lat' dir='ltr'><strong>stu-</strong></span> 
     </span>
    </p>
   </div>
   <div class='ocr_carea' id='block_1_11' title="bbox 448 937 2023 1007">
    <p class='ocr_par' dir='ltr' id='par_1_11' title="bbox 448 937 2023 1007">
     <span class='ocr_line' id='line_1_11' title="bbox 448 937 2023 1007; baseline -0.001 -14"><span class='ocrx_word' id='word_1_56' title='bbox 448 940 669 994; x_wconf 87' lang='lat' dir='ltr'><strong>debant.</strong></span> <span class='ocrx_word' id='word_1_57' title='bbox 732 938 868 993; x_wconf 90' lang='lat' dir='ltr'><strong>Cum</strong></span> <span class='ocrx_word' id='word_1_58' title='bbox 919 952 1051 1007; x_wconf 82' lang='lat' dir='ltr'><strong>ergo</strong></span> <span class='ocrx_word' id='word_1_59' title='bbox 1104 952 1285 993; x_wconf 78' lang='lat' dir='ltr'><strong>rerum</strong></span> <span class='ocrx_word' id='word_1_60' title='bbox 1333 946 1529 992; x_wconf 89' lang='lat' dir='ltr'><strong>natura</strong></span> <span class='ocrx_word' id='word_1_61' title='bbox 1580 938 1655 991; x_wconf 91' lang='lat' dir='ltr'><strong>ita</strong></span> <span class='ocrx_word' id='word_1_62' title='bbox 1696 952 1757 993; x_wconf 88' lang='lat' dir='ltr'><strong>se</strong></span> <span class='ocrx_word' id='word_1_63' title='bbox 1800 937 2023 1003; x_wconf 88' lang='lat' dir='ltr'><strong>habeat,</strong></span> 
     </span>
    </p>
   </div>
   <div class='ocr_carea' id='block_1_12' title="bbox 447 1028 2031 1102">
    <p class='ocr_par' dir='ltr' id='par_1_12' title="bbox 447 1028 2031 1102">
     <span class='ocr_line' id='line_1_12' title="bbox 447 1028 2031 1102; baseline -0.002 -16"><span class='ocrx_word' id='word_1_64' title='bbox 447 1032 572 1101; x_wconf 88' lang='lat' dir='ltr'><strong>quis</strong></span> <span class='ocrx_word' id='word_1_65' title='bbox 619 1031 835 1086; x_wconf 88' lang='lat' dir='ltr'><strong>dubitet</strong></span> <span class='ocrx_word' id='word_1_66' title='bbox 862 1031 1174 1088; x_wconf 83' lang='lat' dir='ltr'><strong>Servatoris</strong></span> <span class='ocrx_word' id='word_1_67' title='bbox 1222 1029 1532 1102; x_wconf 81' lang='lat' dir='ltr'><strong>discipulos</strong></span> <span class='ocrx_word' id='word_1_68' title='bbox 1566 1046 1768 1087; x_wconf 84' lang='lat' dir='ltr'><strong>exesos</strong></span> <span class='ocrx_word' id='word_1_69' title='bbox 1794 1029 1912 1085; x_wconf 78' lang='lat' dir='ltr'><strong>fore</strong></span> <span class='ocrx_word' id='word_1_70' title='bbox 1932 1028 2031 1084; x_wconf 84' lang='lat' dir='ltr'><strong>Ju-</strong></span> 
     </span>
    </p>
   </div>
   <div class='ocr_carea' id='block_1_13' title="bbox 447 1119 2030 1192">
    <p class='ocr_par' dir='ltr' id='par_1_13' title="bbox 447 1119 2030 1192">
     <span class='ocr_line' id='line_1_13' title="bbox 447 1119 2030 1192; baseline 0.001 -18"><span class='ocrx_word' id='word_1_71' title='bbox 447 1120 580 1175; x_wconf 77' lang='lat' dir='ltr'><strong>daeis</strong></span> <span class='ocrx_word' id='word_1_72' title='bbox 613 1134 675 1174; x_wconf 89' lang='lat' dir='ltr'><strong>ac</strong></span> <span class='ocrx_word' id='word_1_73' title='bbox 705 1120 1001 1191; x_wconf 81' lang='lat' dir='ltr'><strong>gentilibus</strong></span> <span class='ocrx_word' id='word_1_74' title='bbox 1042 1120 1308 1184; x_wconf 82' lang='lat' dir='ltr'><strong>infensos,</strong></span> <span class='ocrx_word' id='word_1_75' title='bbox 1344 1119 1671 1192; x_wconf 84' lang='lat' dir='ltr'><strong>voluptariis</strong></span> <span class='ocrx_word' id='word_1_76' title='bbox 1709 1127 1892 1175; x_wconf 87' lang='lat' dir='ltr'><strong>autem</strong></span> <span class='ocrx_word' id='word_1_77' title='bbox 1930 1120 2030 1176; x_wconf 83' lang='lat' dir='ltr'><strong>bo-</strong></span> 
     </span>
    </p>
   </div>
   <div class='ocr_carea' id='block_1_14' title="bbox 446 1209 2030 1284">
    <p class='ocr_par' dir='ltr' id='par_1_14' title="bbox 446 1209 2030 1284">
     <span class='ocr_line' id='line_1_14' title="bbox 446 1209 2030 1284; baseline -0.001 -18"><span class='ocrx_word' id='word_1_78' title='bbox 446 1213 693 1268; x_wconf 88' lang='lat' dir='ltr'><strong>minibus</strong></span> <span class='ocrx_word' id='word_1_79' title='bbox 727 1213 887 1283; x_wconf 90' lang='lat' dir='ltr'><strong>longe</strong></span> <span class='ocrx_word' id='word_1_80' title='bbox 920 1211 1330 1284; x_wconf 85' lang='lat' dir='ltr'><strong>gravissimos?</strong></span> <span class='ocrx_word' id='word_1_81' title='bbox 1356 1211 1428 1265; x_wconf 79' lang='lat' dir='ltr'><strong>At</strong></span> <span class='ocrx_word' id='word_1_82' title='bbox 1455 1214 1503 1267; x_wconf 90' lang='lat' dir='ltr'><strong>si</strong></span> <span class='ocrx_word' id='word_1_83' title='bbox 1531 1210 1789 1282; x_wconf 83' lang='lat' dir='ltr'><strong>discipuli</strong></span> <span class='ocrx_word' id='word_1_84' title='bbox 1830 1209 2030 1267; x_wconf 85' lang='lat' dir='ltr'><strong>Serva-</strong></span> 
     </span>
    </p>
   </div>
   <div class='ocr_carea' id='block_1_15' title="bbox 449 1301 2031 1375">
    <p class='ocr_par' dir='ltr' id='par_1_15' title="bbox 449 1301 2031 1375">
     <span class='ocr_line' id='line_1_15' title="bbox 449 1301 2031 1375; baseline 0 -18"><span class='ocrx_word' id='word_1_85' title='bbox 449 1304 585 1359; x_wconf 91' lang='lat' dir='ltr'><strong>toris</strong></span> <span class='ocrx_word' id='word_1_86' title='bbox 606 1320 750 1375; x_wconf 75' lang='lat' dir='ltr'><strong>aegre</strong></span> <span class='ocrx_word' id='word_1_87' title='bbox 780 1304 944 1359; x_wconf 89' lang='lat' dir='ltr'><strong>laturi</strong></span> <span class='ocrx_word' id='word_1_88' title='bbox 968 1311 1158 1360; x_wconf 87' lang='lat' dir='ltr'><strong>essent</strong></span> <span class='ocrx_word' id='word_1_89' title='bbox 1179 1303 1249 1357; x_wconf 91' lang='lat' dir='ltr'><strong>ab</strong></span> <span class='ocrx_word' id='word_1_90' title='bbox 1270 1303 1459 1373; x_wconf 90' lang='lat' dir='ltr'><strong>aliquo</strong></span> <span class='ocrx_word' id='word_1_91' title='bbox 1488 1318 1676 1358; x_wconf 85' lang='lat' dir='ltr'><strong>eorum</strong></span> <span class='ocrx_word' id='word_1_92' title='bbox 1708 1317 1849 1373; x_wconf 88' lang='lat' dir='ltr'><strong>quos</strong></span> <span class='ocrx_word' id='word_1_93' title='bbox 1868 1301 2031 1357; x_wconf 89' lang='lat' dir='ltr'><strong>modo</strong></span> 
     </span>
    </p>
   </div>
   <div class='ocr_carea' id='block_1_16' title="bbox 449 1395 2030 1466">
    <p class='ocr_par' dir='ltr' id='par_1_16' title="bbox 449 1395 2030 1466">
     <span class='ocr_line' id='line_1_16' title="bbox 449 1395 2030 1466; baseline 0 -18"><span class='ocrx_word' id='word_1_94' title='bbox 449 1398 829 1452; x_wconf 89' lang='lat' dir='ltr'><strong>recensuimus</strong></span> <span class='ocrx_word' id='word_1_95' title='bbox 851 1396 980 1452; x_wconf 90' lang='lat' dir='ltr'><strong>odio</strong></span> <span class='ocrx_word' id='word_1_96' title='bbox 1006 1395 1221 1463; x_wconf 89' lang='lat' dir='ltr'><strong>haberi,</strong></span> <span class='ocrx_word' id='word_1_97' title='bbox 1247 1410 1313 1450; x_wconf 88' lang='lat' dir='ltr'><strong>ac</strong></span> <span class='ocrx_word' id='word_1_98' title='bbox 1325 1411 1438 1449; x_wconf 87' lang='lat' dir='ltr'><strong>non</strong></span> <span class='ocrx_word' id='word_1_99' title='bbox 1461 1396 1649 1466; x_wconf 86' lang='lat' dir='ltr'><strong>potius</strong></span> <span class='ocrx_word' id='word_1_100' title='bbox 1668 1410 1862 1451; x_wconf 86' lang='lat' dir='ltr'><strong>eorum</strong></span> <span class='ocrx_word' id='word_1_101' title='bbox 1891 1395 2030 1450; x_wconf 90' lang='lat' dir='ltr'><strong>ami-</strong></span> 
     </span>
    </p>
   </div>
   <div class='ocr_carea' id='block_1_17' title="bbox 448 1485 2031 1557">
    <p class='ocr_par' dir='ltr' id='par_1_17' title="bbox 448 1485 2031 1557">
     <span class='ocr_line' id='line_1_17' title="bbox 448 1485 2031 1557; baseline -0.001 -15"><span class='ocrx_word' id='word_1_102' title='bbox 448 1488 634 1542; x_wconf 91' lang='lat' dir='ltr'><strong>citiam</strong></span> <span class='ocrx_word' id='word_1_103' title='bbox 670 1487 819 1541; x_wconf 90' lang='lat' dir='ltr'><strong>omni</strong></span> <span class='ocrx_word' id='word_1_104' title='bbox 850 1487 1038 1542; x_wconf 89' lang='lat' dir='ltr'><strong>studio</strong></span> <span class='ocrx_word' id='word_1_105' title='bbox 1073 1488 1262 1542; x_wconf 80' lang='lat' dir='ltr'><strong>venari</strong></span> <span class='ocrx_word' id='word_1_106' title='bbox 1299 1488 1588 1552; x_wconf 83' lang='lat' dir='ltr'><strong>deberent,</strong></span> <span class='ocrx_word' id='word_1_107' title='bbox 1619 1485 1884 1557; x_wconf 90' lang='lat' dir='ltr'><strong>numquid</strong></span> <span class='ocrx_word' id='word_1_108' title='bbox 1914 1500 2031 1541; x_wconf 89' lang='lat' dir='ltr'><strong>om-</strong></span> 
     </span>
    </p>
   </div>
   <div class='ocr_carea' id='block_1_18' title="bbox 448 1578 2029 1650">
    <p class='ocr_par' dir='ltr' id='par_1_18' title="bbox 448 1578 2029 1650">
     <span class='ocr_line' id='line_1_18' title="bbox 448 1578 2029 1650; baseline -0.001 -15"><span class='ocrx_word' id='word_1_109' title='bbox 448 1581 609 1635; x_wconf 89' lang='lat' dir='ltr'><strong>nibus</strong></span> <span class='ocrx_word' id='word_1_110' title='bbox 632 1588 783 1649; x_wconf 84' lang='lat' dir='ltr'><strong>patet</strong></span> <span class='ocrx_word' id='word_1_111' title='bbox 817 1581 1020 1634; x_wconf 84' lang='lat' dir='ltr'><strong>nullam</strong></span> <span class='ocrx_word' id='word_1_112' title='bbox 1049 1581 1216 1650; x_wconf 81' lang='lat' dir='ltr'><strong>plane</strong></span> <span class='ocrx_word' id='word_1_113' title='bbox 1249 1579 1468 1635; x_wconf 90' lang='lat' dir='ltr'><strong>laudem</strong></span> <span class='ocrx_word' id='word_1_114' title='bbox 1498 1586 1902 1650; x_wconf 81' lang='lat' dir='ltr'><strong>reportaturus,</strong></span> <span class='ocrx_word' id='word_1_115' title='bbox 1932 1578 2029 1649; x_wconf 92' lang='lat' dir='ltr'><strong>qui</strong></span> 
     </span>
    </p>
   </div>
   <div class='ocr_carea' id='block_1_19' title="bbox 446 1671 2031 1743">
    <p class='ocr_par' dir='ltr' id='par_1_19' title="bbox 446 1671 2031 1743">
     <span class='ocr_line' id='line_1_19' title="bbox 446 1671 2031 1743; baseline -0.001 -16"><span class='ocrx_word' id='word_1_116' title='bbox 446 1672 757 1727; x_wconf 84' lang='lat' dir='ltr'><strong>doctrinam</strong></span> <span class='ocrx_word' id='word_1_117' title='bbox 809 1671 944 1725; x_wconf 88' lang='lat' dir='ltr'><strong>nulli</strong></span> <span class='ocrx_word' id='word_1_118' title='bbox 993 1686 1224 1741; x_wconf 89' lang='lat' dir='ltr'><strong>prorsus</strong></span> <span class='ocrx_word' id='word_1_119' title='bbox 1265 1672 1452 1727; x_wconf 87' lang='lat' dir='ltr'><strong>utilem</strong></span> <span class='ocrx_word' id='word_1_120' title='bbox 1495 1672 1883 1743; x_wconf 82' lang='lat' dir='ltr'><strong>proﬁteantur,</strong></span> <span class='ocrx_word' id='word_1_121' title='bbox 1931 1671 2031 1727; x_wconf 90' lang='lat' dir='ltr'><strong>sed</strong></span> 
     </span>
    </p>
   </div>
   <div class='ocr_carea' id='block_1_20' title="bbox 449 1741 2029 1834">
    <p class='ocr_par' dir='ltr' id='par_1_20' title="bbox 449 1741 2029 1834">
     <span class='ocr_line' id='line_1_20' title="bbox 449 1741 2029 1834; baseline 0 -17"><span class='ocrx_word' id='word_1_122' title='bbox 449 1763 810 1819; x_wconf 80' lang='lat' dir='ltr'><strong>asseutationi</strong></span> <span class='ocrx_word' id='word_1_123' title='bbox 849 1762 1021 1833; x_wconf 76' lang='lat'><strong>896</strong></span> <span class='ocrx_word' id='word_1_124' title='bbox 1073 1763 1256 1833; x_wconf 86' lang='lat' dir='ltr'><strong>potius</strong></span> <span class='ocrx_word' id='word_1_125' title='bbox 1300 1741 1579 1832; x_wconf 84' lang='lat' dir='ltr'><strong>studeant,</strong></span> <span class='ocrx_word' id='word_1_126' title='bbox 1626 1741 1892 1834; x_wconf 78' lang='lat' dir='ltr'><strong>arguendi</strong></span> <span class='ocrx_word' id='word_1_127' title='bbox 1939 1777 2029 1818; x_wconf 84' lang='lat' dir='ltr'><strong>se-</strong></span> 
     </span>
    </p>
   </div>
   <div class='ocr_carea' id='block_1_21' title="bbox 447 1853 2032 1926">
    <p class='ocr_par' dir='ltr' id='par_1_21' title="bbox 447 1853 2032 1926">
     <span class='ocr_line' id='line_1_21' title="bbox 447 1853 2032 1926; baseline 0.003 -19"><span class='ocrx_word' id='word_1_128' title='bbox 447 1856 686 1910; x_wconf 79' lang='lat' dir='ltr'><strong>cundum</strong></span> <span class='ocrx_word' id='word_1_129' title='bbox 729 1853 897 1909; x_wconf 89' lang='lat' dir='ltr'><strong>Deum</strong></span> <span class='ocrx_word' id='word_1_130' title='bbox 949 1854 1205 1909; x_wconf 76' lang='lat' dir='ltr'><strong>ﬁduciam</strong></span> <span class='ocrx_word' id='word_1_131' title='bbox 1233 1856 1622 1926; x_wconf 80' lang='lat' dir='ltr'><strong>comprimunt,</strong></span> <span class='ocrx_word' id='word_1_132' title='bbox 1648 1854 1797 1926; x_wconf 89' lang='lat' dir='ltr'><strong>quod</strong></span> <span class='ocrx_word' id='word_1_133' title='bbox 1831 1855 2032 1926; x_wconf 85' lang='lat' dir='ltr'><strong>cuique</strong></span> 
     </span>
    </p>
   </div>
   <div class='ocr_carea' id='block_1_22' title="bbox 447 1947 2029 2020">
    <p class='ocr_par' dir='ltr' id='par_1_22' title="bbox 447 1947 2029 2020">
     <span class='ocr_line' id='line_1_22' title="bbox 447 1947 2029 2020; baseline 0.001 -18"><span class='ocrx_word' id='word_1_134' title='bbox 447 1958 659 2019; x_wconf 82' lang='lat' dir='ltr'><strong>gratum</strong></span> <span class='ocrx_word' id='word_1_135' title='bbox 690 1948 763 2004; x_wconf 87' lang='lat' dir='ltr'><strong>sit</strong></span> <span class='ocrx_word' id='word_1_136' title='bbox 796 1949 1083 2019; x_wconf 86' lang='lat' dir='ltr'><strong>loquentes</strong></span> <span class='ocrx_word' id='word_1_137' title='bbox 1107 1955 1274 2020; x_wconf 89' lang='lat' dir='ltr'><strong>atque</strong></span> <span class='ocrx_word' id='word_1_138' title='bbox 1304 1948 1603 2006; x_wconf 89' lang='lat' dir='ltr'><strong>docentes?</strong></span> <span class='ocrx_word' id='word_1_139' title='bbox 1641 1947 2029 2004; x_wconf 86' lang='lat' dir='ltr'><strong>Necessarium</strong></span> 
     </span>
    </p>
   </div>
   <div class='ocr_carea' id='block_1_23' title="bbox 446 2040 2028 2111">
    <p class='ocr_par' dir='ltr' id='par_1_23' title="bbox 446 2040 2028 2111">
     <span class='ocr_line' id='line_1_23' title="bbox 446 2040 2028 2111; baseline -0.001 -15"><span class='ocrx_word' id='word_1_140' title='bbox 446 2049 531 2096; x_wconf 89' lang='lat' dir='ltr'><strong>est</strong></span> <span class='ocrx_word' id='word_1_141' title='bbox 571 2040 736 2111; x_wconf 83' lang='lat' dir='ltr'><strong>igitur</strong></span> <span class='ocrx_word' id='word_1_142' title='bbox 764 2053 992 2095; x_wconf 86' lang='lat' dir='ltr'><strong>monere</strong></span> <span class='ocrx_word' id='word_1_143' title='bbox 1020 2055 1132 2095; x_wconf 89' lang='lat' dir='ltr'><strong>non</strong></span> <span class='ocrx_word' id='word_1_144' title='bbox 1163 2055 1289 2096; x_wconf 87' lang='lat' dir='ltr'><strong>esse</strong></span> <span class='ocrx_word' id='word_1_145' title='bbox 1316 2040 1619 2095; x_wconf 89' lang='lat' dir='ltr'><strong>amicitiam</strong></span> <span class='ocrx_word' id='word_1_146' title='bbox 1650 2042 2028 2111; x_wconf 84' lang='lat' dir='ltr'><strong>quaerendam,</strong></span> 
     </span>
    </p>
   </div>
   <div class='ocr_carea' id='block_1_24' title="bbox 447 2132 2030 2189">
    <p class='ocr_par' dir='ltr' id='par_1_24' title="bbox 447 2132 2030 2189">
     <span class='ocr_line' id='line_1_24' title="bbox 447 2132 2030 2189; baseline -0.002 -1"><span class='ocrx_word' id='word_1_147' title='bbox 447 2133 540 2189; x_wconf 80' lang='lat' dir='ltr'><strong>sed</strong></span> <span class='ocrx_word' id='word_1_148' title='bbox 571 2133 659 2189; x_wconf 86' lang='lat' dir='ltr'><strong>vel</strong></span> <span class='ocrx_word' id='word_1_149' title='bbox 684 2133 741 2187; x_wconf 91' lang='lat' dir='ltr'><strong>in</strong></span> <span class='ocrx_word' id='word_1_150' title='bbox 770 2132 1164 2187; x_wconf 90' lang='lat' dir='ltr'><strong>nonnullorum</strong></span> <span class='ocrx_word' id='word_1_151' title='bbox 1186 2134 1372 2188; x_wconf 91' lang='lat' dir='ltr'><strong>odium</strong></span> <span class='ocrx_word' id='word_1_152' title='bbox 1398 2133 1683 2188; x_wconf 88' lang='lat' dir='ltr'><strong>incurrere</strong></span> <span class='ocrx_word' id='word_1_153' title='bbox 1711 2134 1854 2187; x_wconf 88' lang='lat' dir='ltr'><strong>haud</strong></span> <span class='ocrx_word' id='word_1_154' title='bbox 1890 2133 2030 2186; x_wconf 82' lang='lat' dir='ltr'><strong>mul-</strong></span> 
     </span>
    </p>
   </div>
   <div class='ocr_carea' id='block_1_25' title="bbox 448 2224 2031 2296">
    <p class='ocr_par' dir='ltr' id='par_1_25' title="bbox 448 2224 2031 2296">
     <span class='ocr_line' id='line_1_25' title="bbox 448 2224 2031 2296; baseline 0.001 -16"><span class='ocrx_word' id='word_1_155' title='bbox 448 2236 563 2280; x_wconf 93' lang='lat' dir='ltr'><strong>tum</strong></span> <span class='ocrx_word' id='word_1_156' title='bbox 597 2224 905 2281; x_wconf 85' lang='lat' dir='ltr'><strong>curandum</strong></span> <span class='ocrx_word' id='word_1_157' title='bbox 931 2263 946 2290; x_wconf 95' lang='lat'><strong>,</strong></span> <span class='ocrx_word' id='word_1_158' title='bbox 989 2239 1116 2279; x_wconf 88' lang='lat' dir='ltr'><strong>eum</strong></span> <span class='ocrx_word' id='word_1_159' title='bbox 1160 2240 1226 2279; x_wconf 82' lang='lat' dir='ltr'><strong>ex</strong></span> <span class='ocrx_word' id='word_1_160' title='bbox 1264 2224 1642 2287; x_wconf 82' lang='lat' dir='ltr'><strong>admonitione</strong></span> <span class='ocrx_word' id='word_1_161' title='bbox 1690 2225 1899 2296; x_wconf 85' lang='lat' dir='ltr'><strong>aliquid</strong></span> <span class='ocrx_word' id='word_1_162' title='bbox 1949 2225 2031 2281; x_wconf 92' lang='lat' dir='ltr'><strong>eis</strong></span> 
     </span>
    </p>
   </div>
   <div class='ocr_carea' id='block_1_26' title="bbox 446 2317 2032 2389">
    <p class='ocr_par' dir='ltr' id='par_1_26' title="bbox 446 2317 2032 2389">
     <span class='ocr_line' id='line_1_26' title="bbox 446 2317 2032 2389; baseline -0.001 -16"><span class='ocrx_word' id='word_1_163' title='bbox 446 2319 707 2374; x_wconf 83' lang='lat' dir='ltr'><strong>utilitatis</strong></span> <span class='ocrx_word' id='word_1_164' title='bbox 744 2317 985 2374; x_wconf 76' lang='lat' dir='ltr'><strong>exsistit.</strong></span> <span class='ocrx_word' id='word_1_165' title='bbox 1020 2317 1135 2373; x_wconf 84' lang='lat' dir='ltr'><strong>Hoc</strong></span> <span class='ocrx_word' id='word_1_166' title='bbox 1160 2318 1349 2389; x_wconf 87' lang='lat' dir='ltr'><strong>utique</strong></span> <span class='ocrx_word' id='word_1_167' title='bbox 1377 2329 1433 2373; x_wconf 91' lang='lat' dir='ltr'><strong>et</strong></span> <span class='ocrx_word' id='word_1_168' title='bbox 1456 2318 1685 2374; x_wconf 87' lang='lat' dir='ltr'><strong>Paulum</strong></span> <span class='ocrx_word' id='word_1_169' title='bbox 1719 2318 1919 2375; x_wconf 75' lang='lat' dir='ltr'><strong>iecisse</strong></span> <span class='ocrx_word' id='word_1_170' title='bbox 1950 2318 2032 2372; x_wconf 83' lang='lat' dir='ltr'><strong>vi-</strong></span> 
     </span>
    </p>
   </div>
   <div class='ocr_carea' id='block_1_27' title="bbox 445 2409 2031 2477">
    <p class='ocr_par' dir='ltr' id='par_1_27' title="bbox 445 2409 2031 2477">
     <span class='ocr_line' id='line_1_27' title="bbox 445 2409 2031 2477; baseline 0 -13"><span class='ocrx_word' id='word_1_171' title='bbox 445 2409 723 2477; x_wconf 87' lang='lat' dir='ltr'><strong>debimus,</strong></span> <span class='ocrx_word' id='word_1_172' title='bbox 752 2419 808 2465; x_wconf 90' lang='lat' dir='ltr'><strong>et</strong></span> <span class='ocrx_word' id='word_1_173' title='bbox 831 2409 981 2465; x_wconf 85' lang='lat' dir='ltr'><strong>clare</strong></span> <span class='ocrx_word' id='word_1_174' title='bbox 1011 2409 1222 2467; x_wconf 77' lang='lat' dir='ltr'><strong>dixisse</strong></span> <span class='ocrx_word' id='word_1_175' title='bbox 1250 2429 1263 2466; x_wconf 89' lang='lat'><strong>:</strong></span> <span class='ocrx_word' id='word_1_176' title='bbox 1294 2430 1313 2461; x_wconf 77' lang='grc'><strong><em>‹</em></strong></span> <span class='ocrx_word' id='word_1_177' title='bbox 1344 2409 1504 2465; x_wconf 76' lang='lat' dir='ltr'><strong>Modo</strong></span> <span class='ocrx_word' id='word_1_178' title='bbox 1531 2411 1676 2465; x_wconf 89' lang='lat' dir='ltr'><strong>enim</strong></span> <span class='ocrx_word' id='word_1_179' title='bbox 1712 2410 2031 2465; x_wconf 88' lang='lat' dir='ltr'><strong>hominibus</strong></span> 
     </span>
    </p>
   </div>
   <div class='ocr_carea' id='block_1_28' title="bbox 447 2500 2031 2573">
    <p class='ocr_par' dir='ltr' id='par_1_28' title="bbox 447 2500 2031 2573">
     <span class='ocr_line' id='line_1_28' title="bbox 447 2500 2031 2573; baseline 0 -16"><span class='ocrx_word' id='word_1_180' title='bbox 447 2501 675 2569; x_wconf 83' lang='lat' dir='ltr'><strong>suadeo,</strong></span> <span class='ocrx_word' id='word_1_181' title='bbox 716 2517 784 2556; x_wconf 89' lang='lat' dir='ltr'><strong>an</strong></span> <span class='ocrx_word' id='word_1_182' title='bbox 816 2500 971 2558; x_wconf 75' lang='lat' dir='ltr'><strong>Deo?</strong></span> <span class='ocrx_word' id='word_1_183' title='bbox 1000 2502 1081 2556; x_wconf 86' lang='lat' dir='ltr'><strong>An</strong></span> <span class='ocrx_word' id='word_1_184' title='bbox 1102 2517 1296 2573; x_wconf 64' lang='lat' dir='ltr'><strong>quaero</strong></span> <span class='ocrx_word' id='word_1_185' title='bbox 1329 2503 1647 2560; x_wconf 78' lang='lat' dir='ltr'><strong>hominibus</strong></span> <span class='ocrx_word' id='word_1_186' title='bbox 1678 2502 1940 2572; x_wconf 79' lang='lat' dir='ltr'><strong>placere?</strong></span> <span class='ocrx_word' id='word_1_187' title='bbox 1973 2503 2031 2557; x_wconf 82' lang='lat' dir='ltr'><strong>Si</strong></span> 
     </span>
    </p>
   </div>
   <div class='ocr_carea' id='block_1_29' title="bbox 447 2595 2031 2665">
    <p class='ocr_par' dir='ltr' id='par_1_29' title="bbox 447 2595 2031 2665">
     <span class='ocr_line' id='line_1_29' title="bbox 447 2595 2031 2665; baseline 0.001 -17"><span class='ocrx_word' id='word_1_188' title='bbox 447 2595 628 2649; x_wconf 84' lang='lat' dir='ltr'><strong>adhuc</strong></span> <span class='ocrx_word' id='word_1_189' title='bbox 662 2595 978 2650; x_wconf 86' lang='lat' dir='ltr'><strong>hominibus</strong></span> <span class='ocrx_word' id='word_1_190' title='bbox 1006 2595 1301 2665; x_wconf 81' lang='lat' dir='ltr'><strong>placerem,</strong></span> <span class='ocrx_word' id='word_1_191' title='bbox 1334 2595 1544 2650; x_wconf 83' lang='lat' dir='ltr'><strong>Christi</strong></span> <span class='ocrx_word' id='word_1_192' title='bbox 1573 2608 1768 2651; x_wconf 83' lang='lat' dir='ltr'><strong>servus</strong></span> <span class='ocrx_word' id='word_1_193' title='bbox 1803 2611 1911 2650; x_wconf 91' lang='lat' dir='ltr'><strong>non</strong></span> <span class='ocrx_word' id='word_1_194' title='bbox 1941 2602 2031 2650; x_wconf 82' lang='lat' dir='ltr'><strong>es-</strong></span> 
     </span>
    </p>
   </div>
   <div class='ocr_carea' id='block_1_30' title="bbox 445 2686 2034 2757">
    <p class='ocr_par' dir='ltr' id='par_1_30' title="bbox 445 2686 2034 2757">
     <span class='ocr_line' id='line_1_30' title="bbox 445 2686 2034 2757; baseline -0.001 -14"><span class='ocrx_word' id='word_1_195' title='bbox 445 2702 562 2743; x_wconf 87' lang='lat' dir='ltr'><strong>sem</strong></span> <span class='ocrx_word' id='word_1_196' title='bbox 590 2687 656 2740; x_wconf 82' lang='lat'><strong>“.</strong></span> <span class='ocrx_word' id='word_1_197' title='bbox 686 2706 709 2739; x_wconf 65' lang='grc' dir='ltr'>θ</span> <span class='ocrx_word' id='word_1_198' title='bbox 740 2686 877 2742; x_wconf 87' lang='lat' dir='ltr'><strong>Cum</strong></span> <span class='ocrx_word' id='word_1_199' title='bbox 911 2697 1094 2741; x_wconf 90' lang='lat' dir='ltr'><strong>autem</strong></span> <span class='ocrx_word' id='word_1_200' title='bbox 1136 2687 1485 2741; x_wconf 82' lang='lat' dir='ltr'><strong>Corinthium</strong></span> <span class='ocrx_word' id='word_1_201' title='bbox 1515 2688 1811 2757; x_wconf 86' lang='lat' dir='ltr'><strong>quemdam</strong></span> <span class='ocrx_word' id='word_1_202' title='bbox 1856 2689 2034 2742; x_wconf 87' lang='lat' dir='ltr'><strong>corri-</strong></span> 
     </span>
    </p>
   </div>
   <div class='ocr_carea' id='block_1_31' title="bbox 446 2777 2028 2849">
    <p class='ocr_par' dir='ltr' id='par_1_31' title="bbox 446 2777 2028 2849">
     <span class='ocr_line' id='line_1_31' title="bbox 446 2777 2028 2849; baseline 0.001 -17"><span class='ocrx_word' id='word_1_203' title='bbox 446 2779 681 2849; x_wconf 87' lang='lat' dir='ltr'><strong>puisset,</strong></span> <span class='ocrx_word' id='word_1_204' title='bbox 713 2786 877 2847; x_wconf 88' lang='lat' dir='ltr'><strong>atque</strong></span> <span class='ocrx_word' id='word_1_205' title='bbox 909 2777 965 2830; x_wconf 92' lang='lat' dir='ltr'><strong>id</strong></span> <span class='ocrx_word' id='word_1_206' title='bbox 996 2777 1322 2845; x_wconf 78' lang='lat' dir='ltr'><strong>gravissime</strong></span> <span class='ocrx_word' id='word_1_207' title='bbox 1352 2777 1550 2833; x_wconf 82' lang='lat' dir='ltr'><strong>tulisse</strong></span> <span class='ocrx_word' id='word_1_208' title='bbox 1584 2777 1894 2840; x_wconf 89' lang='lat' dir='ltr'><strong>didicisset,</strong></span> <span class='ocrx_word' id='word_1_209' title='bbox 1930 2779 2028 2833; x_wconf 88' lang='lat' dir='ltr'><strong>ait:</strong></span> 
     </span>
    </p>
   </div>
   <div class='ocr_carea' id='block_1_32' title="bbox 451 2866 2033 2938">
    <p class='ocr_par' dir='ltr' id='par_1_32' title="bbox 451 2866 2033 2938">
     <span class='ocr_line' id='line_1_32' title="bbox 451 2866 2033 2938; baseline 0.002 -20"><span class='ocrx_word' id='word_1_210' title='bbox 451 2885 470 2918; x_wconf 75' lang='grc'><strong>(</strong></span> <span class='ocrx_word' id='word_1_211' title='bbox 514 2868 569 2921; x_wconf 84' lang='lat' dir='ltr'><strong>Si</strong></span> <span class='ocrx_word' id='word_1_212' title='bbox 616 2866 763 2921; x_wconf 89' lang='lat' dir='ltr'><strong>enim</strong></span> <span class='ocrx_word' id='word_1_213' title='bbox 799 2879 903 2936; x_wconf 86' lang='lat' dir='ltr'><strong>ego</strong></span> <span class='ocrx_word' id='word_1_214' title='bbox 940 2866 1214 2922; x_wconf 86' lang='lat' dir='ltr'><strong>contristo</strong></span> <span class='ocrx_word' id='word_1_215' title='bbox 1258 2881 1378 2933; x_wconf 84' lang='lat' dir='ltr'><strong>vos,</strong></span> <span class='ocrx_word' id='word_1_216' title='bbox 1426 2877 1480 2923; x_wconf 87' lang='lat' dir='ltr'><strong>et</strong></span> <span class='ocrx_word' id='word_1_217' title='bbox 1532 2866 1659 2938; x_wconf 86' lang='lat' dir='ltr'><strong>quis</strong></span> <span class='ocrx_word' id='word_1_218' title='bbox 1704 2874 1790 2922; x_wconf 89' lang='lat' dir='ltr'><strong>est</strong></span> <span class='ocrx_word' id='word_1_219' title='bbox 1817 2868 1909 2936; x_wconf 92' lang='lat' dir='ltr'><strong>qui</strong></span> <span class='ocrx_word' id='word_1_220' title='bbox 1945 2882 2033 2922; x_wconf 92' lang='lat' dir='ltr'><strong>me</strong></span> 
     </span>
    </p>
   </div>
   <div class='ocr_carea' id='block_1_33' title="bbox 447 2953 2030 3023">
    <p class='ocr_par' dir='ltr' id='par_1_33' title="bbox 447 2953 2030 3023">
     <span class='ocr_line' id='line_1_33' title="bbox 447 2953 2030 3023; baseline -0.001 -12"><span class='ocrx_word' id='word_1_221' title='bbox 447 2956 704 3021; x_wconf 72' lang='lat' dir='ltr'><strong>laetificet,</strong></span> <span class='ocrx_word' id='word_1_222' title='bbox 737 2954 845 3010; x_wconf 92' lang='lat' dir='ltr'><strong>nisi</strong></span> <span class='ocrx_word' id='word_1_223' title='bbox 867 2955 959 3023; x_wconf 92' lang='lat' dir='ltr'><strong>qui</strong></span> <span class='ocrx_word' id='word_1_224' title='bbox 996 2957 1367 3010; x_wconf 87' lang='lat' dir='ltr'><strong>contristatur</strong></span> <span class='ocrx_word' id='word_1_225' title='bbox 1399 2971 1465 3010; x_wconf 81' lang='lat' dir='ltr'><strong>ex</strong></span> <span class='ocrx_word' id='word_1_226' title='bbox 1507 2971 1594 3011; x_wconf 87' lang='lat' dir='ltr'><strong>me</strong></span> <span class='ocrx_word' id='word_1_227' title='bbox 1618 2957 1704 3009; x_wconf 77' lang='grc' dir='ltr'><strong>⁸τῖ</strong></span> <span class='ocrx_word' id='word_1_228' title='bbox 1733 2974 1751 3007; x_wconf 76' lang='grc' dir='ltr'><strong>ι</strong></span> <span class='ocrx_word' id='word_1_229' title='bbox 1782 2953 2030 3011; x_wconf 80' lang='lat' dir='ltr'><strong>Tristitia</strong></span> 
     </span>
    </p>
   </div>
   <div class='ocr_carea' id='block_1_34' title="bbox 2129 476 3713 552">
    <p class='ocr_par' dir='ltr' id='par_1_34' title="bbox 2129 476 3713 552">
     <span class='ocr_line' id='line_1_34' title="bbox 2129 476 3713 552; baseline -0.003 -17"><span class='ocrx_word' id='word_1_230' title='bbox 2129 481 2375 549; x_wconf 89' lang='grc' dir='ltr'>αγκαίων</span> <span class='ocrx_word' id='word_1_231' title='bbox 2432 479 2748 552; x_wconf 76' lang='grc' dir='ltr'>παρελάσαν</span> <span class='ocrx_word' id='word_1_232' title='bbox 2776 477 2969 549; x_wconf 77' lang='grc' dir='ltr'>ᾤχετο,</span> <span class='ocrx_word' id='word_1_233' title='bbox 3001 477 3178 530; x_wconf 87' lang='grc' dir='ltr'>καίτοι</span> <span class='ocrx_word' id='word_1_234' title='bbox 3205 479 3322 539; x_wconf 73' lang='grc' dir='ltr'>ταῖς</span> <span class='ocrx_word' id='word_1_235' title='bbox 3350 476 3460 528; x_wconf 82' lang='grc' dir='ltr'>τῶν</span> <span class='ocrx_word' id='word_1_236' title='bbox 3490 494 3713 549; x_wconf 72' lang='grc' dir='ltr'>προκεισι</span> 
     </span>
    </p>
   </div>
   <div class='ocr_carea' id='block_1_35' title="bbox 2132 566 3717 643">
    <p class='ocr_par' dir='ltr' id='par_1_35' title="bbox 2132 566 3717 643">
     <span class='ocr_line' id='line_1_35' title="bbox 2132 566 3717 643; baseline -0.003 -19"><span class='ocrx_word' id='word_1_237' title='bbox 2132 572 2311 643; x_wconf 83' lang='grc' dir='ltr'>μένων</span> <span class='ocrx_word' id='word_1_238' title='bbox 2337 570 2592 641; x_wconf 82' lang='grc' dir='ltr'><strong>θεωρίαις</strong></span> <span class='ocrx_word' id='word_1_239' title='bbox 2612 570 2694 622; x_wconf 84' lang='grc' dir='ltr'><strong>ὅτι</strong></span> <span class='ocrx_word' id='word_1_240' title='bbox 2718 568 2952 640; x_wconf 85' lang='grc' dir='ltr'>μάλιστα</span> <span class='ocrx_word' id='word_1_241' title='bbox 2975 567 3184 638; x_wconf 81' lang='grc' dir='ltr'><strong>πρέπον</strong></span> <span class='ocrx_word' id='word_1_242' title='bbox 3205 585 3263 619; x_wconf 89' lang='grc' dir='ltr'>τε</span> <span class='ocrx_word' id='word_1_243' title='bbox 3288 567 3381 619; x_wconf 74' lang='grc' dir='ltr'>καὶ</span> <span class='ocrx_word' id='word_1_244' title='bbox 3412 566 3717 637; x_wconf 79' lang='grc' dir='ltr'>χρεωστού·</span> 
     </span>
    </p>
   </div>
   <div class='ocr_carea' id='block_1_36' title="bbox 2133 657 3718 733">
    <p class='ocr_par' dir='ltr' id='par_1_36' title="bbox 2133 657 3718 733">
     <span class='ocr_line' id='line_1_36' title="bbox 2133 657 3718 733; baseline -0.004 -16"><span class='ocrx_word' id='word_1_245' title='bbox 2133 680 2310 733; x_wconf 90' lang='grc' dir='ltr'>μενον.</span> <span class='ocrx_word' id='word_1_246' title='bbox 2354 661 2594 716; x_wconf 84' lang='grc' dir='ltr'>Ἰουδαῖοι</span> <span class='ocrx_word' id='word_1_247' title='bbox 2647 661 2744 731; x_wconf 84' lang='grc' dir='ltr'><strong>μὲν</strong></span> <span class='ocrx_word' id='word_1_248' title='bbox 2785 660 2896 731; x_wconf 83' lang='grc' dir='ltr'><strong>γὰρ</strong></span> <span class='ocrx_word' id='word_1_249' title='bbox 2933 659 3076 731; x_wconf 85' lang='grc' dir='ltr'><strong>μόνῳ</strong></span> <span class='ocrx_word' id='word_1_250' title='bbox 3106 658 3185 730; x_wconf 77' lang='grc' dir='ltr'><strong>τῷ</strong></span> <span class='ocrx_word' id='word_1_251' title='bbox 3233 657 3515 728; x_wconf 84' lang='grc' dir='ltr'><strong>Μωσαῖκῷ</strong></span> <span class='ocrx_word' id='word_1_252' title='bbox 3546 675 3718 726; x_wconf 85' lang='grc' dir='ltr'>προσ-</span> 
     </span>
    </p>
   </div>
   <div class='ocr_carea' id='block_1_37' title="bbox 2130 747 3716 825">
    <p class='ocr_par' dir='ltr' id='par_1_37' title="bbox 2130 747 3716 825">
     <span class='ocr_line' id='line_1_37' title="bbox 2130 747 3716 825; baseline -0.004 -19"><span class='ocrx_word' id='word_1_253' title='bbox 2130 752 2440 825; x_wconf 81' lang='grc' dir='ltr'>εδρεύοντες</span> <span class='ocrx_word' id='word_1_254' title='bbox 2493 751 2780 824; x_wconf 81' lang='grc' dir='ltr'><strong>πράγματι</strong></span> <span class='ocrx_word' id='word_1_255' title='bbox 2814 750 2941 822; x_wconf 69' lang='grc' dir='ltr'><strong>[πρ.</strong></span> <span class='ocrx_word' id='word_1_256' title='bbox 2997 747 3310 821; x_wconf 82' lang='grc' dir='ltr'><strong>γράμματι]</strong></span> <span class='ocrx_word' id='word_1_257' title='bbox 3363 749 3456 801; x_wconf 73' lang='grc' dir='ltr'><strong>καὶ</strong></span> <span class='ocrx_word' id='word_1_258' title='bbox 3495 749 3606 810; x_wconf 83' lang='grc' dir='ltr'>τοῖς</span> <span class='ocrx_word' id='word_1_259' title='bbox 3654 749 3716 801; x_wconf 84' lang='grc' dir='ltr'><strong>ἐν</strong></span> 
     </span>
    </p>
   </div>
   <div class='ocr_carea' id='block_1_38' title="bbox 2128 838 3716 913">
    <p class='ocr_par' dir='ltr' id='par_1_38' title="bbox 2128 838 3716 913">
     <span class='ocr_line' id='line_1_38' title="bbox 2128 838 3716 913; baseline -0.005 -17"><span class='ocrx_word' id='word_1_260' title='bbox 2128 843 2286 913; x_wconf 83' lang='grc' dir='ltr'>τύπῳ</span> <span class='ocrx_word' id='word_1_261' title='bbox 2324 841 2726 913; x_wconf 82' lang='grc' dir='ltr'><strong>τετελεσμένοις</strong></span> <span class='ocrx_word' id='word_1_262' title='bbox 2749 881 2763 905; x_wconf 93' lang='grc'><strong>,</strong></span> <span class='ocrx_word' id='word_1_263' title='bbox 2795 842 2956 912; x_wconf 80' lang='grc' dir='ltr'>μέχρι</span> <span class='ocrx_word' id='word_1_264' title='bbox 3008 840 3204 912; x_wconf 81' lang='grc' dir='ltr'><strong>καιροῦ</strong></span> <span class='ocrx_word' id='word_1_265' title='bbox 3253 838 3589 910; x_wconf 67' lang='grc' dir='ltr'><strong>διορθώσεως</strong></span> <span class='ocrx_word' id='word_1_266' title='bbox 3623 838 3716 889; x_wconf 76' lang='grc' dir='ltr'><strong>τὸν</strong></span> 
     </span>
    </p>
   </div>
   <div class='ocr_carea' id='block_1_39' title="bbox 2130 929 3717 1008">
    <p class='ocr_par' dir='ltr' id='par_1_39' title="bbox 2130 929 3717 1008">
     <span class='ocr_line' id='line_1_39' title="bbox 2130 929 3717 1008; baseline -0.006 -17"><span class='ocrx_word' id='word_1_267' title='bbox 2130 938 2328 992; x_wconf 80' lang='grc' dir='ltr'>οἰκεῖον</span> <span class='ocrx_word' id='word_1_268' title='bbox 2361 935 2742 1008; x_wconf 71' lang='grc' dir='ltr'>ἐνιδρύσαντες</span> <span class='ocrx_word' id='word_1_269' title='bbox 2789 935 2934 1001; x_wconf 83' lang='grc' dir='ltr'>νοῦν,</span> <span class='ocrx_word' id='word_1_270' title='bbox 2966 934 3067 1004; x_wconf 80' lang='grc' dir='ltr'><strong>τῆς</strong></span> <span class='ocrx_word' id='word_1_271' title='bbox 3093 932 3457 1001; x_wconf 81' lang='grc' dir='ltr'>εὐαγγελικῆς</span> <span class='ocrx_word' id='word_1_272' title='bbox 3492 929 3717 986; x_wconf 75' lang='grc' dir='ltr'>παιδεύ-</span> 
     </span>
    </p>
   </div>
   <div class='ocr_carea' id='block_1_40' title="bbox 2132 1023 3718 1101">
    <p class='ocr_par' dir='ltr' id='par_1_40' title="bbox 2132 1023 3718 1101">
     <span class='ocr_line' id='line_1_40' title="bbox 2132 1023 3718 1101; baseline -0.008 -15"><span class='ocrx_word' id='word_1_273' title='bbox 2132 1050 2271 1097; x_wconf 91' lang='grc' dir='ltr'>σεως</span> <span class='ocrx_word' id='word_1_274' title='bbox 2293 1031 2483 1085; x_wconf 77' lang='grc' dir='ltr'>οὐδένα</span> <span class='ocrx_word' id='word_1_275' title='bbox 2536 1030 2635 1101; x_wconf 79' lang='grc' dir='ltr'>μὲν</span> <span class='ocrx_word' id='word_1_276' title='bbox 2682 1029 2744 1083; x_wconf 81' lang='grc' dir='ltr'><strong>τὸ</strong></span> <span class='ocrx_word' id='word_1_277' title='bbox 2772 1027 3036 1099; x_wconf 86' lang='grc' dir='ltr'>παράπαν</span> <span class='ocrx_word' id='word_1_278' title='bbox 3066 1025 3347 1080; x_wconf 79' lang='grc' dir='ltr'>ἐποιοῦντο</span> <span class='ocrx_word' id='word_1_279' title='bbox 3372 1024 3553 1093; x_wconf 77' lang='grc' dir='ltr'>λόγον.</span> <span class='ocrx_word' id='word_1_280' title='bbox 3587 1023 3718 1086; x_wconf 73' lang='grc' dir='ltr'>τοὺς</span> 
     </span>
    </p>
   </div>
   <div class='ocr_carea' id='block_1_41' title="bbox 2129 1116 3719 1196">
    <p class='ocr_par' dir='ltr' id='par_1_41' title="bbox 2129 1116 3719 1196">
     <span class='ocr_line' id='line_1_41' title="bbox 2129 1116 3719 1196; baseline -0.007 -17"><span class='ocrx_word' id='word_1_281' title='bbox 2129 1125 2187 1179; x_wconf 79' lang='grc' dir='ltr'>δέ</span> <span class='ocrx_word' id='word_1_282' title='bbox 2213 1143 2278 1195; x_wconf 92' lang='grc' dir='ltr'><strong>γε</strong></span> <span class='ocrx_word' id='word_1_283' title='bbox 2328 1122 2670 1196; x_wconf 78' lang='grc' dir='ltr'>πρεσϐευτὰς</span> <span class='ocrx_word' id='word_1_284' title='bbox 2692 1163 2707 1187; x_wconf 89' lang='grc'><strong>,</strong></span> <span class='ocrx_word' id='word_1_285' title='bbox 2744 1121 3036 1193; x_wconf 77' lang='grc' dir='ltr'><strong>φορτικοὺς</strong></span> <span class='ocrx_word' id='word_1_286' title='bbox 3082 1117 3330 1190; x_wconf 76' lang='grc' dir='ltr'>ἡγεῖσθαι</span> <span class='ocrx_word' id='word_1_287' title='bbox 3372 1117 3573 1188; x_wconf 79' lang='grc' dir='ltr'>μᾶλλον</span> <span class='ocrx_word' id='word_1_288' title='bbox 3608 1116 3719 1169; x_wconf 83' lang='grc' dir='ltr'>τῶν</span> 
     </span>
    </p>
   </div>
   <div class='ocr_carea' id='block_1_42' title="bbox 2132 1207 3721 1289">
    <p class='ocr_par' dir='ltr' id='par_1_42' title="bbox 2132 1207 3721 1289">
     <span class='ocr_line' id='line_1_42' title="bbox 2132 1207 3721 1289; baseline -0.007 -18"><span class='ocrx_word' id='word_1_289' title='bbox 2132 1216 2338 1289; x_wconf 88' lang='grc' dir='ltr'>σφόδρα</span> <span class='ocrx_word' id='word_1_290' title='bbox 2376 1214 2796 1284; x_wconf 82' lang='grc' dir='ltr'><strong>πολεμιωτάτων</strong></span> <span class='ocrx_word' id='word_1_291' title='bbox 2838 1211 3006 1283; x_wconf 79' lang='grc' dir='ltr'>ᾤοντο</span> <span class='ocrx_word' id='word_1_292' title='bbox 3031 1211 3171 1264; x_wconf 84' lang='grc' dir='ltr'>δεῖν·</span> <span class='ocrx_word' id='word_1_293' title='bbox 3204 1209 3254 1263; x_wconf 92' lang='grc' dir='ltr'><strong>οί</strong></span> <span class='ocrx_word' id='word_1_294' title='bbox 3303 1209 3361 1262; x_wconf 81' lang='grc' dir='ltr'><strong>δὲ</strong></span> <span class='ocrx_word' id='word_1_295' title='bbox 3392 1208 3491 1279; x_wconf 81' lang='grc' dir='ltr'><strong>τὴν</strong></span> <span class='ocrx_word' id='word_1_296' title='bbox 3523 1207 3721 1279; x_wconf 86' lang='grc' dir='ltr'>ἐτέραν</span> 
     </span>
    </p>
   </div>
   <div class='ocr_carea' id='block_1_43' title="bbox 2136 1300 3719 1380">
    <p class='ocr_par' dir='ltr' id='par_1_43' title="bbox 2136 1300 3719 1380">
     <span class='ocr_line' id='line_1_43' title="bbox 2136 1300 3719 1380; baseline -0.006 -17"><span class='ocrx_word' id='word_1_297' title='bbox 2136 1309 2413 1380; x_wconf 82' lang='grc' dir='ltr'>μετιόντες</span> <span class='ocrx_word' id='word_1_298' title='bbox 2448 1307 2716 1377; x_wconf 83' lang='grc' dir='ltr'><strong>πλάνησιν</strong></span> <span class='ocrx_word' id='word_1_299' title='bbox 2740 1346 2755 1368; x_wconf 86' lang='grc'><strong>,</strong></span> <span class='ocrx_word' id='word_1_300' title='bbox 2791 1306 2885 1359; x_wconf 77' lang='grc' dir='ltr'>καὶ</span> <span class='ocrx_word' id='word_1_301' title='bbox 2911 1305 3012 1376; x_wconf 78' lang='grc' dir='ltr'><strong>τὴν</strong></span> <span class='ocrx_word' id='word_1_302' title='bbox 3057 1305 3298 1376; x_wconf 77' lang='grc' dir='ltr'>ἄρρητον</span> <span class='ocrx_word' id='word_1_303' title='bbox 3336 1301 3430 1356; x_wconf 92' lang='grc' dir='ltr'><strong>τοῦ</strong></span> <span class='ocrx_word' id='word_1_304' title='bbox 3461 1301 3596 1356; x_wconf 85' lang='grc' dir='ltr'>Θεοῦ</span> <span class='ocrx_word' id='word_1_305' title='bbox 3628 1300 3719 1354; x_wconf 85' lang='grc' dir='ltr'>δό-</span> 
     </span>
    </p>
   </div>
   <div class='ocr_carea' id='block_1_44' title="bbox 2134 1392 3719 1473">
    <p class='ocr_par' dir='ltr' id='par_1_44' title="bbox 2134 1392 3719 1473">
     <span class='ocr_line' id='line_1_44' title="bbox 2134 1392 3719 1473; baseline -0.005 -18"><span class='ocrx_word' id='word_1_306' title='bbox 2134 1401 2230 1467; x_wconf 82' lang='grc' dir='ltr'><strong>ξαν</strong></span> <span class='ocrx_word' id='word_1_307' title='bbox 2267 1400 2638 1473; x_wconf 78' lang='grc' dir='ltr'>περιτιθέντες</span> <span class='ocrx_word' id='word_1_308' title='bbox 2677 1401 2742 1470; x_wconf 78' lang='grc' dir='ltr'>τῇ</span> <span class='ocrx_word' id='word_1_309' title='bbox 2779 1398 2977 1462; x_wconf 80' lang='grc' dir='ltr'>κτίσει,</span> <span class='ocrx_word' id='word_1_310' title='bbox 3017 1396 3162 1467; x_wconf 79' lang='grc' dir='ltr'>φημὶ</span> <span class='ocrx_word' id='word_1_311' title='bbox 3185 1394 3242 1449; x_wconf 86' lang='grc' dir='ltr'>δὲ</span> <span class='ocrx_word' id='word_1_312' title='bbox 3275 1395 3401 1456; x_wconf 78' lang='grc' dir='ltr'>τοὺς</span> <span class='ocrx_word' id='word_1_313' title='bbox 3432 1392 3492 1458; x_wconf 82' lang='grc' dir='ltr'>ἐξ</span> <span class='ocrx_word' id='word_1_314' title='bbox 3524 1392 3719 1456; x_wconf 79' lang='grc' dir='ltr'>ἐθνῶν,</span> 
     </span>
    </p>
   </div>
   <div class='ocr_carea' id='block_1_45' title="bbox 2131 1484 3722 1563">
    <p class='ocr_par' dir='ltr' id='par_1_45' title="bbox 2131 1484 3722 1563">
     <span class='ocr_line' id='line_1_45' title="bbox 2131 1484 3722 1563; baseline -0.009 -15"><span class='ocrx_word' id='word_1_315' title='bbox 2131 1494 2193 1547; x_wconf 83' lang='grc' dir='ltr'>οὐ</span> <span class='ocrx_word' id='word_1_316' title='bbox 2220 1494 2340 1547; x_wconf 90' lang='grc' dir='ltr'>λίαν</span> <span class='ocrx_word' id='word_1_317' title='bbox 2380 1491 2633 1563; x_wconf 84' lang='grc' dir='ltr'>ἀσμένως</span> <span class='ocrx_word' id='word_1_318' title='bbox 2661 1490 2751 1543; x_wconf 79' lang='grc' dir='ltr'><strong>τὸν</strong></span> <span class='ocrx_word' id='word_1_319' title='bbox 2796 1485 3281 1558; x_wconf 86' lang='grc' dir='ltr'>καταλαμπρύνειν</span> <span class='ocrx_word' id='word_1_320' title='bbox 3309 1484 3506 1548; x_wconf 75' lang='grc' dir='ltr'>αὐτοὺς</span> <span class='ocrx_word' id='word_1_321' title='bbox 3544 1484 3722 1537; x_wconf 83' lang='grc' dir='ltr'>εἰδότα</span> 
     </span>
    </p>
   </div>
   <div class='ocr_carea' id='block_1_46' title="bbox 2133 1575 3721 1658">
    <p class='ocr_par' dir='ltr' id='par_1_46' title="bbox 2133 1575 3721 1658">
     <span class='ocr_line' id='line_1_46' title="bbox 2133 1575 3721 1658; baseline -0.008 -18"><span class='ocrx_word' id='word_1_322' title='bbox 2133 1584 2531 1658; x_wconf 76' lang='grc' dir='ltr'><strong>παραδέχονται</strong></span> <span class='ocrx_word' id='word_1_323' title='bbox 2588 1582 2764 1650; x_wconf 84' lang='grc' dir='ltr'>λόγον.</span> <span class='ocrx_word' id='word_1_324' title='bbox 2828 1578 3212 1649; x_wconf 83' lang='grc' dir='ltr'>Ἐντετηκότες</span> <span class='ocrx_word' id='word_1_325' title='bbox 3242 1577 3352 1650; x_wconf 86' lang='grc' dir='ltr'><strong>γὰρ</strong></span> <span class='ocrx_word' id='word_1_326' title='bbox 3390 1575 3581 1646; x_wconf 80' lang='grc' dir='ltr'>ὥσπερ</span> <span class='ocrx_word' id='word_1_327' title='bbox 3609 1576 3721 1638; x_wconf 83' lang='grc' dir='ltr'>τοῖς</span> 
     </span>
    </p>
   </div>
   <div class='ocr_carea' id='block_1_47' title="bbox 2131 1668 3722 1748">
    <p class='ocr_par' dir='ltr' id='par_1_47' title="bbox 2131 1668 3722 1748">
     <span class='ocr_line' id='line_1_47' title="bbox 2131 1668 3722 1748; baseline -0.008 -17"><span class='ocrx_word' id='word_1_328' title='bbox 2131 1676 2385 1748; x_wconf 84' lang='grc' dir='ltr'>ἀρχαίοις</span> <span class='ocrx_word' id='word_1_329' title='bbox 2425 1677 2618 1737; x_wconf 84' lang='grc' dir='ltr'>κακοῖς</span> <span class='ocrx_word' id='word_1_330' title='bbox 2637 1714 2651 1737; x_wconf 91' lang='grc'><strong>,</strong></span> <span class='ocrx_word' id='word_1_331' title='bbox 2680 1673 3004 1743; x_wconf 71' lang='grc' dir='ltr'>φιλαιτάτην</span> <span class='ocrx_word' id='word_1_332' title='bbox 3034 1670 3317 1724; x_wconf 79' lang='grc' dir='ltr'>ἐποιοῦντο</span> <span class='ocrx_word' id='word_1_333' title='bbox 3334 1669 3432 1740; x_wconf 76' lang='grc' dir='ltr'>τὴν</span> <span class='ocrx_word' id='word_1_334' title='bbox 3456 1668 3722 1739; x_wconf 76' lang='grc' dir='ltr'><strong>ἀμαθίαν,</strong></span> 
     </span>
    </p>
   </div>
   <div class='ocr_carea' id='block_1_48' title="bbox 2132 1757 3725 1837">
    <p class='ocr_par' dir='ltr' id='par_1_48' title="bbox 2132 1757 3725 1837">
     <span class='ocr_line' id='line_1_48' title="bbox 2132 1757 3725 1837; baseline -0.008 -13"><span class='ocrx_word' id='word_1_335' title='bbox 2132 1770 2226 1823; x_wconf 73' lang='grc' dir='ltr'>καὶ</span> <span class='ocrx_word' id='word_1_336' title='bbox 2257 1768 2555 1837; x_wconf 76' lang='grc' dir='ltr'>συντρόφου</span> <span class='ocrx_word' id='word_1_337' title='bbox 2595 1766 2902 1837; x_wconf 80' lang='grc' dir='ltr'><strong>νοσήματος</strong></span> <span class='ocrx_word' id='word_1_338' title='bbox 2944 1764 3245 1833; x_wconf 80' lang='grc' dir='ltr'>ἀποφοιτᾷν</span> <span class='ocrx_word' id='word_1_339' title='bbox 3278 1757 3418 1832; x_wconf 80' lang='grc' dir='ltr'>ἦσαν</span> <span class='ocrx_word' id='word_1_340' title='bbox 3444 1762 3525 1814; x_wconf 78' lang='grc' dir='ltr'>ὅτι</span> <span class='ocrx_word' id='word_1_341' title='bbox 3560 1760 3725 1830; x_wconf 83' lang='grc' dir='ltr'>μάλι-</span> 
     </span>
    </p>
   </div>
   <div class='ocr_carea' id='block_1_49' title="bbox 2135 1853 3727 1927">
    <p class='ocr_par' dir='ltr' id='par_1_49' title="bbox 2135 1853 3727 1927">
     <span class='ocr_line' id='line_1_49' title="bbox 2135 1853 3727 1927; baseline -0.005 -12"><span class='ocrx_word' id='word_1_342' title='bbox 2135 1879 2234 1915; x_wconf 89' lang='grc' dir='ltr'>στα</span> <span class='ocrx_word' id='word_1_343' title='bbox 2265 1860 2662 1915; x_wconf 85' lang='grc' dir='ltr'>δυσοκνότατοι.</span> <span class='ocrx_word' id='word_1_344' title='bbox 2691 1857 2849 1911; x_wconf 81' lang='grc' dir='ltr'>Οῦτω</span> <span class='ocrx_word' id='word_1_345' title='bbox 2877 1854 3166 1927; x_wconf 79' lang='grc' dir='ltr'><strong>τοιγαροῦν</strong></span> <span class='ocrx_word' id='word_1_346' title='bbox 3199 1854 3297 1924; x_wconf 78' lang='grc' dir='ltr'>τῆς</span> <span class='ocrx_word' id='word_1_347' title='bbox 3325 1853 3432 1907; x_wconf 82' lang='grc' dir='ltr'>τῶν</span> <span class='ocrx_word' id='word_1_348' title='bbox 3461 1854 3727 1924; x_wconf 82' lang='grc' dir='ltr'>πραγμά·</span> 
     </span>
    </p>
   </div>
   <div class='ocr_carea' id='block_1_50' title="bbox 2131 1944 3727 2024">
    <p class='ocr_par' dir='ltr' id='par_1_50' title="bbox 2131 1944 3727 2024">
     <span class='ocr_line' id='line_1_50' title="bbox 2131 1944 3727 2024; baseline -0.005 -19"><span class='ocrx_word' id='word_1_349' title='bbox 2131 1970 2239 2007; x_wconf 90' lang='grc' dir='ltr'>των</span> <span class='ocrx_word' id='word_1_350' title='bbox 2270 1952 2503 2024; x_wconf 83' lang='grc' dir='ltr'>ἐχούσης</span> <span class='ocrx_word' id='word_1_351' title='bbox 2564 1950 2801 2021; x_wconf 79' lang='grc' dir='ltr'>φύσεως,</span> <span class='ocrx_word' id='word_1_352' title='bbox 2830 1948 2913 2011; x_wconf 88' lang='grc' dir='ltr'><strong>τίς</strong></span> <span class='ocrx_word' id='word_1_353' title='bbox 2969 1947 3034 2000; x_wconf 84' lang='grc' dir='ltr'>ἂν</span> <span class='ocrx_word' id='word_1_354' title='bbox 3090 1946 3360 1999; x_wconf 80' lang='grc' dir='ltr'><strong>ἐνδοιάσαι</strong></span> <span class='ocrx_word' id='word_1_355' title='bbox 3409 1945 3612 2009; x_wconf 79' lang='grc' dir='ltr'>λοιπὸν,</span> <span class='ocrx_word' id='word_1_356' title='bbox 3644 1944 3727 2008; x_wconf 81' lang='grc' dir='ltr'><strong>ὡς</strong></span> 
     </span>
    </p>
   </div>
   <div class='ocr_carea' id='block_1_51' title="bbox 2132 2037 3725 2112">
    <p class='ocr_par' dir='ltr' id='par_1_51' title="bbox 2132 2037 3725 2112">
     <span class='ocr_line' id='line_1_51' title="bbox 2132 2037 3725 2112; baseline -0.004 -17"><span class='ocrx_word' id='word_1_357' title='bbox 2132 2041 2358 2112; x_wconf 75' lang='grc' dir='ltr'>ἔμελλον</span> <span class='ocrx_word' id='word_1_358' title='bbox 2405 2040 2625 2095; x_wconf 78' lang='grc' dir='ltr'>ἔσεσθαι</span> <span class='ocrx_word' id='word_1_359' title='bbox 2653 2039 2747 2093; x_wconf 86' lang='grc' dir='ltr'><strong>τοῦ</strong></span> <span class='ocrx_word' id='word_1_360' title='bbox 2784 2039 3033 2108; x_wconf 82' lang='grc' dir='ltr'><strong>Σωτῆρος</strong></span> <span class='ocrx_word' id='word_1_361' title='bbox 3073 2039 3123 2090; x_wconf 86' lang='grc' dir='ltr'>οί</span> <span class='ocrx_word' id='word_1_362' title='bbox 3170 2037 3432 2108; x_wconf 70' lang='grc' dir='ltr'>μαθηταὶ,</span> <span class='ocrx_word' id='word_1_363' title='bbox 3463 2038 3725 2106; x_wconf 62' lang='grc' dir='ltr'>στυγητοί</span> 
     </span>
    </p>
   </div>
   <div class='ocr_carea' id='block_1_52' title="bbox 2134 2126 3727 2205">
    <p class='ocr_par' dir='ltr' id='par_1_52' title="bbox 2134 2126 3727 2205">
     <span class='ocr_line' id='line_1_52' title="bbox 2134 2126 3727 2205; baseline -0.006 -17"><span class='ocrx_word' id='word_1_364' title='bbox 2134 2133 2235 2205; x_wconf 81' lang='grc' dir='ltr'><strong>μὲν</strong></span> <span class='ocrx_word' id='word_1_365' title='bbox 2267 2135 2379 2197; x_wconf 82' lang='grc' dir='ltr'>τοῖς</span> <span class='ocrx_word' id='word_1_366' title='bbox 2440 2132 2712 2194; x_wconf 85' lang='grc' dir='ltr'>Ἰουδαίοις</span> <span class='ocrx_word' id='word_1_367' title='bbox 2734 2171 2748 2194; x_wconf 94' lang='grc'><strong>,</strong></span> <span class='ocrx_word' id='word_1_368' title='bbox 2781 2128 3163 2200; x_wconf 80' lang='grc' dir='ltr'>διεπτυσμὲνοι</span> <span class='ocrx_word' id='word_1_369' title='bbox 3194 2129 3251 2182; x_wconf 81' lang='grc' dir='ltr'>δὲ</span> <span class='ocrx_word' id='word_1_370' title='bbox 3297 2129 3450 2199; x_wconf 86' lang='grc' dir='ltr'><strong>παρά</strong></span> <span class='ocrx_word' id='word_1_371' title='bbox 3482 2130 3592 2190; x_wconf 85' lang='grc' dir='ltr'>τοῖς</span> <span class='ocrx_word' id='word_1_372' title='bbox 3619 2126 3727 2195; x_wconf 66' lang='grc' dir='ltr'><strong>τὴν</strong></span> 
     </span>
    </p>
   </div>
   <div class='ocr_carea' id='block_1_53' title="bbox 2143 2219 3728 2297">
    <p class='ocr_par' dir='ltr' id='par_1_53' title="bbox 2143 2219 3728 2297">
     <span class='ocr_line' id='line_1_53' title="bbox 2143 2219 3728 2297; baseline -0.007 -17"><span class='ocrx_word' id='word_1_373' title='bbox 2143 2226 2413 2297; x_wconf 81' lang='grc' dir='ltr'>Ἑλλήνων</span> <span class='ocrx_word' id='word_1_374' title='bbox 2440 2224 2656 2279; x_wconf 85' lang='grc' dir='ltr'>νοσοῦσι</span> <span class='ocrx_word' id='word_1_375' title='bbox 2689 2223 2953 2292; x_wconf 77' lang='grc' dir='ltr'>πλάνησιν</span> <span class='ocrx_word' id='word_1_376' title='bbox 2982 2239 2996 2252; x_wconf 76' lang='grc'><strong>⁸</strong></span> <span class='ocrx_word' id='word_1_377' title='bbox 3023 2223 3222 2293; x_wconf 73' lang='grc' dir='ltr'>ἥκιστα</span> <span class='ocrx_word' id='word_1_378' title='bbox 3248 2221 3306 2274; x_wconf 84' lang='grc' dir='ltr'>δὲ</span> <span class='ocrx_word' id='word_1_379' title='bbox 3328 2223 3494 2292; x_wconf 87' lang='grc' dir='ltr'>ἡδεῖς,</span> <span class='ocrx_word' id='word_1_380' title='bbox 3522 2219 3728 2290; x_wconf 76' lang='grc' dir='ltr'>μᾶλλον</span> 
     </span>
    </p>
   </div>
   <div class='ocr_carea' id='block_1_54' title="bbox 2131 2312 3727 2388">
    <p class='ocr_par' dir='ltr' id='par_1_54' title="bbox 2131 2312 3727 2388">
     <span class='ocr_line' id='line_1_54' title="bbox 2131 2312 3727 2388; baseline -0.004 -17"><span class='ocrx_word' id='word_1_381' title='bbox 2131 2318 2189 2371; x_wconf 87' lang='grc' dir='ltr'><strong>δέ</strong></span> <span class='ocrx_word' id='word_1_382' title='bbox 2224 2316 2646 2388; x_wconf 74' lang='grc' dir='ltr'>δυσαγθέστατοι</span> <span class='ocrx_word' id='word_1_383' title='bbox 2695 2316 2810 2378; x_wconf 85' lang='grc' dir='ltr'>τοῖς</span> <span class='ocrx_word' id='word_1_384' title='bbox 2837 2314 3141 2387; x_wconf 79' lang='grc' dir='ltr'>φιληδονεῖν</span> <span class='ocrx_word' id='word_1_385' title='bbox 3171 2313 3482 2384; x_wconf 79' lang='grc' dir='ltr'>ἑλομένοις,</span> <span class='ocrx_word' id='word_1_386' title='bbox 3514 2312 3727 2367; x_wconf 74' lang='grc' dir='ltr'>καὶτὸν</span> 
     </span>
    </p>
   </div>
   <div class='ocr_carea' id='block_1_55' title="bbox 2133 2405 3725 2482">
    <p class='ocr_par' dir='ltr' id='par_1_55' title="bbox 2133 2405 3725 2482">
     <span class='ocr_line' id='line_1_55' title="bbox 2133 2405 3725 2482; baseline -0.003 -19"><span class='ocrx_word' id='word_1_387' title='bbox 2133 2410 2377 2482; x_wconf 73' lang='grc' dir='ltr'>ἐξίτηλον</span> <span class='ocrx_word' id='word_1_388' title='bbox 2440 2411 2499 2463; x_wconf 77' lang='grc' dir='ltr'><strong>ἐν</strong></span> <span class='ocrx_word' id='word_1_389' title='bbox 2535 2411 2770 2480; x_wconf 82' lang='grc' dir='ltr'>τρυφαῖς</span> <span class='ocrx_word' id='word_1_390' title='bbox 2814 2407 3139 2479; x_wconf 83' lang='grc' dir='ltr'>τετιμηκόσι</span> <span class='ocrx_word' id='word_1_391' title='bbox 3183 2406 3331 2477; x_wconf 84' lang='grc' dir='ltr'>βίον;</span> <span class='ocrx_word' id='word_1_392' title='bbox 3389 2406 3529 2460; x_wconf 81' lang='grc' dir='ltr'>Ἀλλ’</span> <span class='ocrx_word' id='word_1_393' title='bbox 3563 2405 3725 2477; x_wconf 80' lang='grc' dir='ltr'>είπερ</span> 
     </span>
    </p>
   </div>
   <div class='ocr_carea' id='block_1_56' title="bbox 2133 2499 3726 2573">
    <p class='ocr_par' dir='ltr' id='par_1_56' title="bbox 2133 2499 3726 2573">
     <span class='ocr_line' id='line_1_56' title="bbox 2133 2499 3726 2573; baseline -0.002 -17"><span class='ocrx_word' id='word_1_394' title='bbox 2133 2502 2358 2573; x_wconf 78' lang='grc' dir='ltr'>ἔμελλον</span> <span class='ocrx_word' id='word_1_395' title='bbox 2402 2501 2498 2556; x_wconf 91' lang='grc' dir='ltr'><strong>τοῦ</strong></span> <span class='ocrx_word' id='word_1_396' title='bbox 2527 2500 2781 2572; x_wconf 82' lang='grc' dir='ltr'><strong>Σωτῆρος</strong></span> <span class='ocrx_word' id='word_1_397' title='bbox 2826 2500 2877 2555; x_wconf 89' lang='grc' dir='ltr'><strong>οί</strong></span> <span class='ocrx_word' id='word_1_398' title='bbox 2925 2500 3207 2572; x_wconf 76' lang='grc' dir='ltr'>μαθηταὶ,</span> <span class='ocrx_word' id='word_1_399' title='bbox 3244 2500 3304 2554; x_wconf 81' lang='grc' dir='ltr'><strong>τὸ</strong></span> <span class='ocrx_word' id='word_1_400' title='bbox 3345 2500 3442 2571; x_wconf 81' lang='grc' dir='ltr'>μὲν</span> <span class='ocrx_word' id='word_1_401' title='bbox 3488 2500 3593 2553; x_wconf 80' lang='grc' dir='ltr'>ὑπὸ</span> <span class='ocrx_word' id='word_1_402' title='bbox 3620 2499 3726 2553; x_wconf 86' lang='grc' dir='ltr'><strong>τοῦ</strong></span> 
     </span>
    </p>
   </div>
   <div class='ocr_carea' id='block_1_57' title="bbox 2135 2589 3726 2667">
    <p class='ocr_par' dir='ltr' id='par_1_57' title="bbox 2135 2589 3726 2667">
     <span class='ocr_line' id='line_1_57' title="bbox 2135 2589 3726 2667; baseline -0.004 -19"><span class='ocrx_word' id='word_1_403' title='bbox 2135 2594 2249 2667; x_wconf 79' lang='grc' dir='ltr'><strong>[γρ.</strong></span> <span class='ocrx_word' id='word_1_404' title='bbox 2276 2594 2384 2647; x_wconf 80' lang='grc' dir='ltr'><strong>ὑπό</strong></span> <span class='ocrx_word' id='word_1_405' title='bbox 2416 2592 2539 2666; x_wconf 86' lang='grc' dir='ltr'>του]</span> <span class='ocrx_word' id='word_1_406' title='bbox 2575 2590 2850 2663; x_wconf 76' lang='grc' dir='ltr'>μισεῖσθαι</span> <span class='ocrx_word' id='word_1_407' title='bbox 2872 2589 3035 2661; x_wconf 84' lang='grc' dir='ltr'>τυχὸν</span> <span class='ocrx_word' id='word_1_408' title='bbox 3074 2589 3182 2644; x_wconf 80' lang='grc' dir='ltr'><strong>τῶν</strong></span> <span class='ocrx_word' id='word_1_409' title='bbox 3217 2590 3320 2661; x_wconf 75' lang='grc' dir='ltr'>ἤδη</span> <span class='ocrx_word' id='word_1_410' title='bbox 3353 2589 3726 2660; x_wconf 73' lang='grc' dir='ltr'>κατειλεγμέ-</span> 
     </span>
    </p>
   </div>
   <div class='ocr_carea' id='block_1_58' title="bbox 2132 2679 3729 2755">
    <p class='ocr_par' dir='ltr' id='par_1_58' title="bbox 2132 2679 3729 2755">
     <span class='ocr_line' id='line_1_58' title="bbox 2132 2679 3729 2755; baseline -0.005 -15"><span class='ocrx_word' id='word_1_411' title='bbox 2132 2704 2238 2740; x_wconf 91' lang='grc' dir='ltr'><strong>νων</strong></span> <span class='ocrx_word' id='word_1_412' title='bbox 2262 2684 2533 2739; x_wconf 83' lang='grc' dir='ltr'>ποιείσθαι</span> <span class='ocrx_word' id='word_1_413' title='bbox 2560 2682 2837 2755; x_wconf 74' lang='grc' dir='ltr'>φορτικὸν,</span> <span class='ocrx_word' id='word_1_414' title='bbox 2861 2682 3057 2753; x_wconf 79' lang='grc' dir='ltr'><strong>ζηλοῦν</strong></span> <span class='ocrx_word' id='word_1_415' title='bbox 3077 2682 3135 2737; x_wconf 83' lang='grc' dir='ltr'><strong>δέ</strong></span> <span class='ocrx_word' id='word_1_416' title='bbox 3176 2681 3377 2751; x_wconf 81' lang='grc' dir='ltr'>μᾶλλον</span> <span class='ocrx_word' id='word_1_417' title='bbox 3404 2679 3729 2749; x_wconf 77' lang='grc' dir='ltr'>ἐπείγεσθαι</span> 
     </span>
    </p>
   </div>
   <div class='ocr_carea' id='block_1_59' title="bbox 2133 2772 3729 2847">
    <p class='ocr_par' dir='ltr' id='par_1_59' title="bbox 2133 2772 3729 2847">
     <span class='ocr_line' id='line_1_59' title="bbox 2133 2772 3729 2847; baseline -0.004 -16"><span class='ocrx_word' id='word_1_418' title='bbox 2133 2778 2229 2831; x_wconf 72' lang='grc' dir='ltr'>καὶ</span> <span class='ocrx_word' id='word_1_419' title='bbox 2279 2776 2595 2847; x_wconf 84' lang='grc' dir='ltr'>φιλοθηρεῖν</span> <span class='ocrx_word' id='word_1_420' title='bbox 2651 2776 2900 2839; x_wconf 87' lang='grc' dir='ltr'>ἐκτόπως</span> <span class='ocrx_word' id='word_1_421' title='bbox 2931 2777 3024 2829; x_wconf 81' lang='grc' dir='ltr'>καὶ</span> <span class='ocrx_word' id='word_1_422' title='bbox 3049 2775 3150 2846; x_wconf 83' lang='grc' dir='ltr'>τὴν</span> <span class='ocrx_word' id='word_1_423' title='bbox 3199 2773 3352 2845; x_wconf 90' lang='grc' dir='ltr'><strong>παρά</strong></span> <span class='ocrx_word' id='word_1_424' title='bbox 3373 2773 3480 2827; x_wconf 82' lang='grc' dir='ltr'><strong>τῶν</strong></span> <span class='ocrx_word' id='word_1_425' title='bbox 3508 2772 3579 2826; x_wconf 81' lang='grc' dir='ltr'>τὰ</span> <span class='ocrx_word' id='word_1_426' title='bbox 3603 2789 3729 2826; x_wconf 83' lang='grc' dir='ltr'>τοι-</span> 
     </span>
    </p>
   </div>
   <div class='ocr_carea' id='block_1_60' title="bbox 2132 2863 3732 2939">
    <p class='ocr_par' dir='ltr' id='par_1_60' title="bbox 2132 2863 3732 2939">
     <span class='ocr_line' id='line_1_60' title="bbox 2132 2863 3732 2939; baseline -0.005 -14"><span class='ocrx_word' id='word_1_427' title='bbox 2132 2871 2269 2926; x_wconf 84' lang='grc' dir='ltr'>αῦτα</span> <span class='ocrx_word' id='word_1_428' title='bbox 2302 2869 2600 2925; x_wconf 80' lang='grc' dir='ltr'><strong>νοσούντων</strong></span> <span class='ocrx_word' id='word_1_429' title='bbox 2628 2868 2931 2939; x_wconf 82' lang='grc' dir='ltr'>ἀγάπησιν,</span> <span class='ocrx_word' id='word_1_430' title='bbox 2980 2865 3099 2932; x_wconf 82' lang='grc' dir='ltr'><strong>πῶς</strong></span> <span class='ocrx_word' id='word_1_431' title='bbox 3129 2865 3190 2919; x_wconf 78' lang='grc' dir='ltr'><strong>οὗ</strong></span> <span class='ocrx_word' id='word_1_432' title='bbox 3229 2867 3365 2919; x_wconf 80' lang='grc' dir='ltr'>πᾶσι</span> <span class='ocrx_word' id='word_1_433' title='bbox 3392 2863 3732 2934; x_wconf 80' lang='grc' dir='ltr'>προδηλότα-</span> 
     </span>
    </p>
   </div>
   <div class='ocr_carea' id='block_1_61' title="bbox 2131 2955 3731 3031">
    <p class='ocr_par' dir='ltr' id='par_1_61' title="bbox 2131 2955 3731 3031">
     <span class='ocr_line' id='line_1_61' title="bbox 2131 2955 3731 3031; baseline -0.006 -15"><span class='ocrx_word' id='word_1_434' title='bbox 2131 2980 2246 3026; x_wconf 89' lang='grc' dir='ltr'>τον,</span> <span class='ocrx_word' id='word_1_435' title='bbox 2279 2962 2356 3025; x_wconf 79' lang='grc' dir='ltr'>ὡς</span> <span class='ocrx_word' id='word_1_436' title='bbox 2384 2961 2485 3015; x_wconf 84' lang='grc' dir='ltr'><strong>οὐκ</strong></span> <span class='ocrx_word' id='word_1_437' title='bbox 2509 2959 2575 3015; x_wconf 79' lang='grc' dir='ltr'>ἂν</span> <span class='ocrx_word' id='word_1_438' title='bbox 2605 2959 2853 3028; x_wconf 79' lang='grc' dir='ltr'>ἐγένοντο</span> <span class='ocrx_word' id='word_1_439' title='bbox 2882 2958 3227 3031; x_wconf 85' lang='grc' dir='ltr'>περιφανεῖς,</span> <span class='ocrx_word' id='word_1_440' title='bbox 3258 2955 3432 3010; x_wconf 78' lang='grc' dir='ltr'>οὐδενὶ</span> <span class='ocrx_word' id='word_1_441' title='bbox 3451 2955 3511 3008; x_wconf 82' lang='grc' dir='ltr'>τὸ</span> <span class='ocrx_word' id='word_1_442' title='bbox 3544 2955 3731 3027; x_wconf 82' lang='grc' dir='ltr'>παράο</span> 
     </span>
    </p>
   </div>
   <div class='ocr_carea' id='block_1_62' title="bbox 446 3046 2031 3132">
    <p class='ocr_par' dir='ltr' id='par_1_62' title="bbox 446 3046 2027 3120">
     <span class='ocr_line' id='line_1_62' title="bbox 446 3046 2027 3120; baseline -0.001 -16"><span class='ocrx_word' id='word_1_443' title='bbox 446 3048 647 3120; x_wconf 88' lang='lat' dir='ltr'><strong>quippe</strong></span> <span class='ocrx_word' id='word_1_444' title='bbox 677 3062 800 3119; x_wconf 70' lang='lat' dir='ltr'><strong>quae</strong></span> <span class='ocrx_word' id='word_1_445' title='bbox 834 3047 1136 3103; x_wconf 85' lang='lat' dir='ltr'><strong>secundum</strong></span> <span class='ocrx_word' id='word_1_446' title='bbox 1172 3046 1340 3103; x_wconf 90' lang='lat' dir='ltr'><strong>Deum</strong></span> <span class='ocrx_word' id='word_1_447' title='bbox 1380 3056 1489 3111; x_wconf 90' lang='lat' dir='ltr'><strong>est,</strong></span> <span class='ocrx_word' id='word_1_448' title='bbox 1544 3048 1928 3119; x_wconf 63' lang='lat' dir='ltr'><strong>paenitentiam</strong></span> <span class='ocrx_word' id='word_1_449' title='bbox 1971 3048 2027 3102; x_wconf 93' lang='lat' dir='ltr'><strong>in</strong></span> 
     </span>
    </p>
   </div>
   <div class='ocr_carea' id='block_1_63' title="bbox 2133 3046 3730 3132">
    <p class='ocr_par' dir='ltr' id='par_1_63' title="bbox 2133 3047 3730 3124">
     <span class='ocr_line' id='line_1_63' title="bbox 2133 3047 3730 3124; baseline -0.006 -16"><span class='ocrx_word' id='word_1_450' title='bbox 2133 3072 2240 3109; x_wconf 91' lang='grc' dir='ltr'>παν</span> <span class='ocrx_word' id='word_1_451' title='bbox 2267 3054 2358 3108; x_wconf 83' lang='grc' dir='ltr'>τὸν</span> <span class='ocrx_word' id='word_1_452' title='bbox 2382 3053 2610 3122; x_wconf 80' lang='grc' dir='ltr'>ὠφελεῖν</span> <span class='ocrx_word' id='word_1_453' title='bbox 2652 3050 2905 3121; x_wconf 76' lang='grc' dir='ltr'><strong>ἰσχύοντα</strong></span> <span class='ocrx_word' id='word_1_454' title='bbox 2943 3050 3333 3124; x_wconf 80' lang='grc' dir='ltr'>προῖσχόμενοι</span> <span class='ocrx_word' id='word_1_455' title='bbox 3364 3047 3541 3116; x_wconf 83' lang='grc' dir='ltr'>λόγον,</span> <span class='ocrx_word' id='word_1_456' title='bbox 3576 3063 3730 3116; x_wconf 79' lang='grc' dir='ltr'>κομ-</span> 
     </span>
    </p>
   </div>
   <div class='ocr_carea' id='block_1_64' title="bbox 446 3137 2028 3208">
    <p class='ocr_par' dir='ltr' id='par_1_64' title="bbox 446 3137 2028 3208">
     <span class='ocr_line' id='line_1_64' title="bbox 446 3137 2028 3208; baseline -0.003 -12"><span class='ocrx_word' id='word_1_457' title='bbox 446 3142 679 3196; x_wconf 89' lang='lat' dir='ltr'><strong>salutem</strong></span> <span class='ocrx_word' id='word_1_458' title='bbox 739 3137 1136 3200; x_wconf 85' lang='lat' dir='ltr'><strong>immutabilem</strong></span> <span class='ocrx_word' id='word_1_459' title='bbox 1193 3145 1476 3208; x_wconf 85' lang='lat' dir='ltr'><strong>operatur.</strong></span> <span class='ocrx_word' id='word_1_460' title='bbox 1546 3138 1783 3193; x_wconf 88' lang='lat' dir='ltr'><strong>Dubium</strong></span> <span class='ocrx_word' id='word_1_461' title='bbox 1843 3137 2028 3207; x_wconf 91' lang='lat' dir='ltr'><strong>itaque</strong></span> 
     </span>
    </p>
   </div>
   <div class='ocr_carea' id='block_1_65' title="bbox 446 3228 2027 3296">
    <p class='ocr_par' dir='ltr' id='par_1_65' title="bbox 446 3228 2027 3296">
     <span class='ocr_line' id='line_1_65' title="bbox 446 3228 2027 3296; baseline -0.003 -9"><span class='ocrx_word' id='word_1_462' title='bbox 446 3247 558 3288; x_wconf 86' lang='lat' dir='ltr'><strong>non</strong></span> <span class='ocrx_word' id='word_1_463' title='bbox 605 3232 714 3286; x_wconf 90' lang='lat' dir='ltr'><strong>erit</strong></span> <span class='ocrx_word' id='word_1_464' title='bbox 753 3244 1088 3296; x_wconf 85' lang='lat' dir='ltr'><strong>sermonem,</strong></span> <span class='ocrx_word' id='word_1_465' title='bbox 1135 3229 1207 3284; x_wconf 91' lang='lat' dir='ltr'><strong>ad</strong></span> <span class='ocrx_word' id='word_1_466' title='bbox 1253 3229 1676 3286; x_wconf 79' lang='lat' dir='ltr'><strong>oblectationem</strong></span> <span class='ocrx_word' id='word_1_467' title='bbox 1709 3228 2027 3284; x_wconf 87' lang='lat' dir='ltr'><strong>auditorum</strong></span> 
     </span>
    </p>
   </div>
   <div class='ocr_carea' id='block_1_66' title="bbox 447 3320 2026 3395">
    <p class='ocr_par' dir='ltr' id='par_1_66' title="bbox 447 3320 2026 3395">
     <span class='ocr_line' id='line_1_66' title="bbox 447 3320 2026 3395; baseline -0.003 -15"><span class='ocrx_word' id='word_1_468' title='bbox 447 3323 812 3395; x_wconf 90' lang='lat' dir='ltr'><strong>compositum</strong></span> <span class='ocrx_word' id='word_1_469' title='bbox 839 3330 897 3378; x_wconf 89' lang='lat' dir='ltr'><strong>et</strong></span> <span class='ocrx_word' id='word_1_470' title='bbox 942 3321 1035 3392; x_wconf 92' lang='lat' dir='ltr'><strong>qui</strong></span> <span class='ocrx_word' id='word_1_471' title='bbox 1070 3321 1216 3391; x_wconf 90' lang='lat' dir='ltr'><strong>quod</strong></span> <span class='ocrx_word' id='word_1_472' title='bbox 1259 3321 1386 3376; x_wconf 90' lang='lat' dir='ltr'><strong>usui</strong></span> <span class='ocrx_word' id='word_1_473' title='bbox 1414 3320 1487 3377; x_wconf 87' lang='lat' dir='ltr'><strong>sit</strong></span> <span class='ocrx_word' id='word_1_474' title='bbox 1524 3321 1606 3377; x_wconf 87' lang='lat' dir='ltr'><strong>eis</strong></span> <span class='ocrx_word' id='word_1_475' title='bbox 1636 3337 1747 3376; x_wconf 89' lang='lat' dir='ltr'><strong>non</strong></span> <span class='ocrx_word' id='word_1_476' title='bbox 1778 3321 2026 3392; x_wconf 80' lang='lat' dir='ltr'><strong>exponit,</strong></span> 
     </span>
    </p>
   </div>
   <div class='ocr_carea' id='block_1_67' title="bbox 449 3411 2033 3484">
    <p class='ocr_par' dir='ltr' id='par_1_67' title="bbox 449 3411 2033 3484">
     <span class='ocr_line' id='line_1_67' title="bbox 449 3411 2033 3484; baseline 0 -16"><span class='ocrx_word' id='word_1_477' title='bbox 449 3415 656 3468; x_wconf 85' lang='lat' dir='ltr'><strong>mundo</strong></span> <span class='ocrx_word' id='word_1_478' title='bbox 686 3413 871 3483; x_wconf 82' lang='lat' dir='ltr'><strong>potius</strong></span> <span class='ocrx_word' id='word_1_479' title='bbox 898 3412 1169 3467; x_wconf 80' lang='lat' dir='ltr'><strong>assentari</strong></span> <span class='ocrx_word' id='word_1_480' title='bbox 1203 3425 1371 3481; x_wconf 88' lang='lat' dir='ltr'><strong>quam</strong></span> <span class='ocrx_word' id='word_1_481' title='bbox 1418 3411 1726 3482; x_wconf 87' lang='lat' dir='ltr'><strong>prodesse:</strong></span> <span class='ocrx_word' id='word_1_482' title='bbox 1766 3412 1861 3484; x_wconf 89' lang='lat' dir='ltr'><strong>qui</strong></span> <span class='ocrx_word' id='word_1_483' title='bbox 1896 3426 2033 3468; x_wconf 86' lang='lat' dir='ltr'><strong>vero</strong></span> 
     </span>
    </p>
   </div>
   <div class='ocr_carea' id='block_1_68' title="bbox 454 3502 2031 3575">
    <p class='ocr_par' dir='ltr' id='par_1_68' title="bbox 454 3502 2031 3575">
     <span class='ocr_line' id='line_1_68' title="bbox 454 3502 2031 3575; baseline -0.002 -14"><span class='ocrx_word' id='word_1_484' title='bbox 454 3504 765 3561; x_wconf 80' lang='lat' dir='ltr'><strong>Servatoris</strong></span> <span class='ocrx_word' id='word_1_485' title='bbox 823 3502 1013 3557; x_wconf 85' lang='lat' dir='ltr'><strong>verbis</strong></span> <span class='ocrx_word' id='word_1_486' title='bbox 1051 3502 1249 3567; x_wconf 87' lang='lat' dir='ltr'><strong>credit,</strong></span> <span class='ocrx_word' id='word_1_487' title='bbox 1302 3502 1444 3557; x_wconf 83' lang='lat' dir='ltr'><strong>nihil</strong></span> <span class='ocrx_word' id='word_1_488' title='bbox 1482 3503 1794 3558; x_wconf 87' lang='lat' dir='ltr'><strong>istiusmodi</strong></span> <span class='ocrx_word' id='word_1_489' title='bbox 1830 3503 2031 3575; x_wconf 67' lang='lat' dir='ltr'><strong>praedi-</strong></span> 
     </span>
    </p>
   </div>
   <div class='ocr_carea' id='block_1_69' title="bbox 451 3594 2028 3667">
    <p class='ocr_par' dir='ltr' id='par_1_69' title="bbox 451 3594 2028 3667">
     <span class='ocr_line' id='line_1_69' title="bbox 451 3594 2028 3667; baseline -0.001 -15"><span class='ocrx_word' id='word_1_490' title='bbox 451 3597 618 3652; x_wconf 79' lang='lat' dir='ltr'><strong>cabit.</strong></span> <span class='ocrx_word' id='word_1_491' title='bbox 658 3595 717 3649; x_wconf 85' lang='lat' dir='ltr'><strong>Ei</strong></span> <span class='ocrx_word' id='word_1_492' title='bbox 750 3594 955 3665; x_wconf 86' lang='lat' dir='ltr'><strong>quippe</strong></span> <span class='ocrx_word' id='word_1_493' title='bbox 984 3594 1208 3665; x_wconf 87' lang='lat' dir='ltr'><strong>placere</strong></span> <span class='ocrx_word' id='word_1_494' title='bbox 1247 3595 1353 3650; x_wconf 91' lang='lat' dir='ltr'><strong>sibi</strong></span> <span class='ocrx_word' id='word_1_495' title='bbox 1398 3595 1578 3652; x_wconf 88' lang='lat' dir='ltr'><strong>satius</strong></span> <span class='ocrx_word' id='word_1_496' title='bbox 1618 3610 1743 3653; x_wconf 88' lang='lat' dir='ltr'><strong>esse</strong></span> <span class='ocrx_word' id='word_1_497' title='bbox 1790 3597 2028 3667; x_wconf 86' lang='lat' dir='ltr'><strong>putabit,</strong></span> 
     </span>
    </p>
   </div>
   <div class='ocr_carea' id='block_1_70' title="bbox 444 3685 2032 3757">
    <p class='ocr_par' dir='ltr' id='par_1_70' title="bbox 444 3685 2032 3757">
     <span class='ocr_line' id='line_1_70' title="bbox 444 3685 2032 3757; baseline 0.001 -16"><span class='ocrx_word' id='word_1_498' title='bbox 444 3696 504 3741; x_wconf 91' lang='lat' dir='ltr'><strong>et</strong></span> <span class='ocrx_word' id='word_1_499' title='bbox 537 3687 872 3757; x_wconf 84' lang='lat' dir='ltr'><strong>spiritalium</strong></span> <span class='ocrx_word' id='word_1_500' title='bbox 905 3685 1222 3746; x_wconf 87' lang='lat' dir='ltr'><strong>divitiarum</strong></span> <span class='ocrx_word' id='word_1_501' title='bbox 1261 3685 1386 3741; x_wconf 90' lang='lat' dir='ltr'><strong>loco</strong></span> <span class='ocrx_word' id='word_1_502' title='bbox 1412 3685 1754 3741; x_wconf 72' lang='lat' dir='ltr'><strong>existimabit</strong></span> <span class='ocrx_word' id='word_1_503' title='bbox 1789 3686 1919 3741; x_wconf 87' lang='lat' dir='ltr'><strong>odio</strong></span> <span class='ocrx_word' id='word_1_504' title='bbox 1957 3687 2032 3742; x_wconf 89' lang='lat' dir='ltr'><strong>ab</strong></span> 
     </span>
    </p>
   </div>
   <div class='ocr_carea' id='block_1_71' title="bbox 451 3777 2030 3850">
    <p class='ocr_par' dir='ltr' id='par_1_71' title="bbox 451 3777 2030 3850">
     <span class='ocr_line' id='line_1_71' title="bbox 451 3777 2030 3850; baseline 0.001 -19"><span class='ocrx_word' id='word_1_505' title='bbox 451 3782 523 3835; x_wconf 79' lang='lat' dir='ltr'><strong>iis</strong></span> <span class='ocrx_word' id='word_1_506' title='bbox 563 3779 753 3835; x_wconf 85' lang='lat' dir='ltr'><strong>haberi</strong></span> <span class='ocrx_word' id='word_1_507' title='bbox 799 3778 893 3849; x_wconf 91' lang='lat' dir='ltr'><strong>qui</strong></span> <span class='ocrx_word' id='word_1_508' title='bbox 923 3777 1311 3850; x_wconf 84' lang='lat' dir='ltr'><strong>gravissimum</strong></span> <span class='ocrx_word' id='word_1_509' title='bbox 1340 3778 1531 3832; x_wconf 90' lang='lat' dir='ltr'><strong>virtuti</strong></span> <span class='ocrx_word' id='word_1_510' title='bbox 1579 3778 1787 3833; x_wconf 88' lang='lat' dir='ltr'><strong>bellum</strong></span> <span class='ocrx_word' id='word_1_511' title='bbox 1817 3779 2030 3834; x_wconf 71' lang='lat' dir='ltr'><strong>indire-</strong></span> 
     </span>
    </p>
   </div>
   <div class='ocr_carea' id='block_1_72' title="bbox 450 3868 2028 3940">
    <p class='ocr_par' dir='ltr' id='par_1_72' title="bbox 450 3868 2028 3940">
     <span class='ocr_line' id='line_1_72' title="bbox 450 3868 2028 3940; baseline -0.001 -13"><span class='ocrx_word' id='word_1_512' title='bbox 450 3884 599 3927; x_wconf 85' lang='lat' dir='ltr'><strong>runt.</strong></span> <span class='ocrx_word' id='word_1_513' title='bbox 630 3871 768 3926; x_wconf 77' lang='lat' dir='ltr'><strong>Cum</strong></span> <span class='ocrx_word' id='word_1_514' title='bbox 797 3884 929 3940; x_wconf 88' lang='lat' dir='ltr'><strong>ergo</strong></span> <span class='ocrx_word' id='word_1_515' title='bbox 956 3869 1125 3925; x_wconf 82' lang='lat' dir='ltr'><strong>vestri</strong></span> <span class='ocrx_word' id='word_1_516' title='bbox 1151 3868 1398 3924; x_wconf 90' lang='lat' dir='ltr'><strong>nominis</strong></span> <span class='ocrx_word' id='word_1_517' title='bbox 1432 3869 1715 3939; x_wconf 81' lang='lat' dir='ltr'><strong>splendori</strong></span> <span class='ocrx_word' id='word_1_518' title='bbox 1755 3870 2028 3926; x_wconf 84' lang='lat' dir='ltr'><strong>interdum</strong></span> 
     </span>
    </p>
   </div>
   <div class='ocr_carea' id='block_1_73' title="bbox 445 3960 2030 4033">
    <p class='ocr_par' dir='ltr' id='par_1_73' title="bbox 445 3960 2030 4033">
     <span class='ocr_line' id='line_1_73' title="bbox 445 3960 2030 4033; baseline -0.002 -13"><span class='ocrx_word' id='word_1_519' title='bbox 445 3963 665 4020; x_wconf 66' lang='lat' dir='ltr'><strong>efﬁcere</strong></span> <span class='ocrx_word' id='word_1_520' title='bbox 696 3960 857 4017; x_wconf 83' lang='lat' dir='ltr'><strong>videb</strong></span> <span class='ocrx_word' id='word_1_521' title='bbox 881 3970 974 4016; x_wconf 87' lang='lat' dir='ltr'><strong>tur</strong></span> <span class='ocrx_word' id='word_1_522' title='bbox 1001 3961 1130 4016; x_wconf 82' lang='lat' dir='ltr'><strong>odio</strong></span> <span class='ocrx_word' id='word_1_523' title='bbox 1161 3976 1286 4018; x_wconf 88' lang='lat' dir='ltr'><strong>esse</strong></span> <span class='ocrx_word' id='word_1_524' title='bbox 1317 3963 1546 4027; x_wconf 89' lang='lat' dir='ltr'><strong>mundo,</strong></span> <span class='ocrx_word' id='word_1_525' title='bbox 1579 3963 2030 4033; x_wconf 90' lang='lat' dir='ltr'><strong>impedimentum</strong></span> 
     </span>
    </p>
   </div>
   <div class='ocr_carea' id='block_1_74' title="bbox 447 4053 2033 4125">
    <p class='ocr_par' dir='ltr' id='par_1_74' title="bbox 447 4053 2033 4125">
     <span class='ocr_line' id='line_1_74' title="bbox 447 4053 2033 4125; baseline 0 -15"><span class='ocrx_word' id='word_1_526' title='bbox 447 4054 586 4111; x_wconf 91' lang='lat' dir='ltr'><strong>illud</strong></span> <span class='ocrx_word' id='word_1_527' title='bbox 640 4053 938 4125; x_wconf 84' lang='lat' dir='ltr'><strong>projicite,</strong></span> <span class='ocrx_word' id='word_1_528' title='bbox 982 4054 1319 4124; x_wconf 88' lang='lat' dir='ltr'><strong>contemptis</strong></span> <span class='ocrx_word' id='word_1_529' title='bbox 1378 4054 1487 4109; x_wconf 85' lang='lat' dir='ltr'><strong>illis</strong></span> <span class='ocrx_word' id='word_1_530' title='bbox 1538 4054 1870 4119; x_wconf 87' lang='lat' dir='ltr'><strong>honoribus,</strong></span> <span class='ocrx_word' id='word_1_531' title='bbox 1924 4055 2033 4112; x_wconf 90' lang='lat' dir='ltr'><strong>nisi</strong></span> 
     </span>
    </p>
   </div>
   <div class='ocr_carea' id='block_1_75' title="bbox 449 4144 2033 4216">
    <p class='ocr_par' dir='ltr' id='par_1_75' title="bbox 449 4144 2033 4216">
     <span class='ocr_line' id='line_1_75' title="bbox 449 4144 2033 4216; baseline 0 -14"><span class='ocrx_word' id='word_1_532' title='bbox 449 4161 577 4202; x_wconf 88' lang='lat' dir='ltr'><strong>cum</strong></span> <span class='ocrx_word' id='word_1_533' title='bbox 624 4145 886 4201; x_wconf 86' lang='lat' dir='ltr'><strong>utilitatis</strong></span> <span class='ocrx_word' id='word_1_534' title='bbox 930 4145 1149 4199; x_wconf 89' lang='lat' dir='ltr'><strong>ratione</strong></span> <span class='ocrx_word' id='word_1_535' title='bbox 1206 4144 1653 4216; x_wconf 87' lang='lat' dir='ltr'><strong>conjungantur:</strong></span> <span class='ocrx_word' id='word_1_536' title='bbox 1692 4160 1871 4216; x_wconf 89' lang='lat' dir='ltr'><strong>neque</strong></span> <span class='ocrx_word' id='word_1_537' title='bbox 1903 4162 2033 4202; x_wconf 89' lang='lat' dir='ltr'><strong>vero</strong></span> 
     </span>
    </p>
   </div>
   <div class='ocr_carea' id='block_1_76' title="bbox 450 4237 2034 4309">
    <p class='ocr_par' dir='ltr' id='par_1_76' title="bbox 450 4237 2034 4309">
     <span class='ocr_line' id='line_1_76' title="bbox 450 4237 2034 4309; baseline 0 -15"><span class='ocrx_word' id='word_1_538' title='bbox 450 4238 747 4295; x_wconf 89' lang='lat' dir='ltr'><strong>molestum</strong></span> <span class='ocrx_word' id='word_1_539' title='bbox 779 4237 938 4293; x_wconf 84' lang='lat' dir='ltr'><strong>vobis</strong></span> <span class='ocrx_word' id='word_1_540' title='bbox 973 4237 1048 4292; x_wconf 85' lang='lat' dir='ltr'><strong>sit</strong></span> <span class='ocrx_word' id='word_1_541' title='bbox 1086 4237 1217 4293; x_wconf 89' lang='lat' dir='ltr'><strong>odio</strong></span> <span class='ocrx_word' id='word_1_542' title='bbox 1248 4238 1461 4305; x_wconf 87' lang='lat' dir='ltr'><strong>haberi,</strong></span> <span class='ocrx_word' id='word_1_543' title='bbox 1497 4252 1623 4293; x_wconf 92' lang='lat' dir='ltr'><strong>cum</strong></span> <span class='ocrx_word' id='word_1_544' title='bbox 1666 4239 1822 4309; x_wconf 82' lang='lat' dir='ltr'><strong>prior</strong></span> <span class='ocrx_word' id='word_1_545' title='bbox 1848 4237 1902 4292; x_wconf 88' lang='lat' dir='ltr'><strong>id</strong></span> <span class='ocrx_word' id='word_1_546' title='bbox 1933 4253 2034 4309; x_wconf 81' lang='lat' dir='ltr'><strong>ego</strong></span> 
     </span>
    </p>
   </div>
   <div class='ocr_carea' id='block_1_77' title="bbox 452 4327 2033 4402">
    <p class='ocr_par' dir='ltr' id='par_1_77' title="bbox 452 4327 2033 4402">
     <span class='ocr_line' id='line_1_77' title="bbox 452 4327 2033 4402; baseline -0.001 -17"><span class='ocrx_word' id='word_1_547' title='bbox 452 4330 558 4385; x_wconf 88' lang='lat' dir='ltr'><strong>sim</strong></span> <span class='ocrx_word' id='word_1_548' title='bbox 601 4337 884 4400; x_wconf 82' lang='lat' dir='ltr'><strong>expertus.</strong></span> <span class='ocrx_word' id='word_1_549' title='bbox 928 4327 1061 4384; x_wconf 91' lang='lat' dir='ltr'><strong>Sum</strong></span> <span class='ocrx_word' id='word_1_550' title='bbox 1114 4337 1299 4383; x_wconf 86' lang='lat' dir='ltr'><strong>autem</strong></span> <span class='ocrx_word' id='word_1_551' title='bbox 1348 4327 1621 4384; x_wconf 87' lang='lat' dir='ltr'><strong>Dominus</strong></span> <span class='ocrx_word' id='word_1_552' title='bbox 1667 4336 1723 4385; x_wconf 90' lang='lat' dir='ltr'><strong>et</strong></span> <span class='ocrx_word' id='word_1_553' title='bbox 1766 4332 2033 4402; x_wconf 88' lang='lat' dir='ltr'><strong>magister</strong></span> 
     </span>
    </p>
   </div>
   <div class='ocr_carea' id='block_1_78' title="bbox 452 4413 2109 4492">
    <p class='ocr_par' dir='ltr' id='par_1_78' title="bbox 452 4413 2109 4492">
     <span class='ocr_line' id='line_1_78' title="bbox 452 4413 2109 4492; baseline 0.001 -16"><span class='ocrx_word' id='word_1_554' title='bbox 452 4422 683 4476; x_wconf 87' lang='lat' dir='ltr'><strong>scilicet.</strong></span> <span class='ocrx_word' id='word_1_555' title='bbox 713 4420 871 4486; x_wconf 84' lang='lat' dir='ltr'><strong>Quod</strong></span> <span class='ocrx_word' id='word_1_556' title='bbox 894 4428 1083 4475; x_wconf 87' lang='lat' dir='ltr'><strong>autem</strong></span> <span class='ocrx_word' id='word_1_557' title='bbox 1113 4421 1200 4475; x_wconf 84' lang='lat' dir='ltr'><strong>sui</strong></span> <span class='ocrx_word' id='word_1_558' title='bbox 1224 4420 1422 4490; x_wconf 88' lang='lat' dir='ltr'><strong>capitis</strong></span> <span class='ocrx_word' id='word_1_559' title='bbox 1451 4421 1622 4476; x_wconf 78' lang='lat' dir='ltr'><strong>exitio</strong></span> <span class='ocrx_word' id='word_1_560' title='bbox 1652 4421 1834 4492; x_wconf 89' lang='lat' dir='ltr'><strong>ipsum</strong></span> <span class='ocrx_word' id='word_1_561' title='bbox 1865 4423 2032 4478; x_wconf 85' lang='lat' dir='ltr'><strong>etiam</strong></span> <span class='ocrx_word' id='word_1_562' title='bbox 2066 4413 2109 4468; x_wconf 80' lang='grc' dir='ltr'><strong>Ι)</strong></span> 
     </span>
    </p>
   </div>
   <div class='ocr_carea' id='block_1_79' title="bbox 451 4511 2033 4582">
    <p class='ocr_par' dir='ltr' id='par_1_79' title="bbox 451 4511 2033 4582">
     <span class='ocr_line' id='line_1_79' title="bbox 451 4511 2033 4582; baseline 0.003 -15"><span class='ocrx_word' id='word_1_563' title='bbox 451 4512 731 4568; x_wconf 89' lang='lat' dir='ltr'><strong>Christum</strong></span> <span class='ocrx_word' id='word_1_564' title='bbox 763 4511 981 4567; x_wconf 86' lang='lat' dir='ltr'><strong>oderint</strong></span> <span class='ocrx_word' id='word_1_565' title='bbox 1019 4512 1115 4581; x_wconf 92' lang='lat' dir='ltr'><strong>qui</strong></span> <span class='ocrx_word' id='word_1_566' title='bbox 1177 4512 1455 4565; x_wconf 85' lang='lat' dir='ltr'><strong>mundana</strong></span> <span class='ocrx_word' id='word_1_567' title='bbox 1499 4514 1720 4582; x_wconf 89' lang='lat' dir='ltr'><strong>sapiunt</strong></span> <span class='ocrx_word' id='word_1_568' title='bbox 1757 4529 1822 4569; x_wconf 89' lang='lat' dir='ltr'><strong>ac</strong></span> <span class='ocrx_word' id='word_1_569' title='bbox 1863 4516 2033 4571; x_wconf 65' lang='lat' dir='ltr'><strong>coale-</strong></span> 
     </span>
    </p>
   </div>
   <div class='ocr_carea' id='block_1_80' title="bbox 451 4600 2033 4671">
    <p class='ocr_par' dir='ltr' id='par_1_80' title="bbox 451 4600 2033 4671">
     <span class='ocr_line' id='line_1_80' title="bbox 451 4600 2033 4671; baseline 0.003 -13"><span class='ocrx_word' id='word_1_570' title='bbox 451 4603 557 4659; x_wconf 88' lang='lat' dir='ltr'><strong>stia</strong></span> <span class='ocrx_word' id='word_1_571' title='bbox 596 4603 742 4656; x_wconf 86' lang='lat' dir='ltr'><strong>bona</strong></span> <span class='ocrx_word' id='word_1_572' title='bbox 771 4610 1158 4668; x_wconf 80' lang='lat' dir='ltr'><strong>contemnunt,</strong></span> <span class='ocrx_word' id='word_1_573' title='bbox 1191 4600 1449 4656; x_wconf 82' lang='lat' dir='ltr'><strong>existimo</strong></span> <span class='ocrx_word' id='word_1_574' title='bbox 1495 4603 1728 4671; x_wconf 88' lang='lat' dir='ltr'><strong>probatu</strong></span> <span class='ocrx_word' id='word_1_575' title='bbox 1767 4620 1875 4660; x_wconf 88' lang='lat' dir='ltr'><strong>non</strong></span> <span class='ocrx_word' id='word_1_576' title='bbox 1907 4621 2033 4663; x_wconf 84' lang='lat' dir='ltr'><strong>esse</strong></span> 
     </span>
    </p>
   </div>
   <div class='ocr_carea' id='block_1_81' title="bbox 451 4691 2027 4765">
    <p class='ocr_par' dir='ltr' id='par_1_81' title="bbox 451 4691 2027 4765">
     <span class='ocr_line' id='line_1_81' title="bbox 451 4691 2027 4765; baseline 0.003 -16"><span class='ocrx_word' id='word_1_577' title='bbox 451 4692 690 4749; x_wconf 82' lang='lat' dir='ltr'><strong>diliieile.</strong></span> <span class='ocrx_word' id='word_1_578' title='bbox 720 4692 840 4763; x_wconf 86' lang='lat' dir='ltr'><strong>Ipse</strong></span> <span class='ocrx_word' id='word_1_579' title='bbox 865 4692 1012 4747; x_wconf 88' lang='lat' dir='ltr'><strong>enim</strong></span> <span class='ocrx_word' id='word_1_580' title='bbox 1041 4693 1096 4746; x_wconf 90' lang='lat' dir='ltr'><strong>in</strong></span> <span class='ocrx_word' id='word_1_581' title='bbox 1137 4691 1451 4762; x_wconf 82' lang='lat' dir='ltr'><strong>Evangeliis</strong></span> <span class='ocrx_word' id='word_1_582' title='bbox 1482 4693 1552 4748; x_wconf 89' lang='lat' dir='ltr'><strong>ad</strong></span> <span class='ocrx_word' id='word_1_583' title='bbox 1594 4696 1865 4765; x_wconf 88' lang='lat' dir='ltr'><strong>quosdam</strong></span> <span class='ocrx_word' id='word_1_584' title='bbox 1912 4699 1989 4752; x_wconf 90' lang='lat' dir='ltr'><strong>ait</strong></span> <span class='ocrx_word' id='word_1_585' title='bbox 2015 4718 2027 4754; x_wconf 91' lang='lat'><strong>:</strong></span> 
     </span>
    </p>
   </div>
   <div class='ocr_carea' id='block_1_82' title="bbox 458 4784 2029 4858">
    <p class='ocr_par' dir='ltr' id='par_1_82' title="bbox 458 4784 2029 4858">
     <span class='ocr_line' id='line_1_82' title="bbox 458 4784 2029 4858; baseline 0.005 -20"><span class='ocrx_word' id='word_1_586' title='bbox 458 4808 476 4838; x_wconf 79' lang='grc' dir='ltr'><strong>ι</strong></span> <span class='ocrx_word' id='word_1_587' title='bbox 509 4785 629 4841; x_wconf 82' lang='lat' dir='ltr'><strong>Non</strong></span> <span class='ocrx_word' id='word_1_588' title='bbox 658 4792 835 4857; x_wconf 86' lang='lat' dir='ltr'><strong>potest</strong></span> <span class='ocrx_word' id='word_1_589' title='bbox 865 4785 1102 4841; x_wconf 89' lang='lat' dir='ltr'><strong>mundus</strong></span> <span class='ocrx_word' id='word_1_590' title='bbox 1159 4784 1344 4841; x_wconf 86' lang='lat' dir='ltr'><strong>odisse</strong></span> <span class='ocrx_word' id='word_1_591' title='bbox 1392 4800 1511 4851; x_wconf 85' lang='lat' dir='ltr'><strong>vos,</strong></span> <span class='ocrx_word' id='word_1_592' title='bbox 1558 4801 1647 4842; x_wconf 86' lang='lat' dir='ltr'><strong>me</strong></span> <span class='ocrx_word' id='word_1_593' title='bbox 1675 4798 1855 4844; x_wconf 89' lang='lat' dir='ltr'><strong>autem</strong></span> <span class='ocrx_word' id='word_1_594' title='bbox 1891 4791 2029 4858; x_wconf 88' lang='lat' dir='ltr'><strong>odit,</strong></span> 
     </span>
    </p>
   </div>
   <div class='ocr_carea' id='block_1_83' title="bbox 450 4878 2030 4955">
    <p class='ocr_par' dir='ltr' id='par_1_83' title="bbox 450 4878 2030 4955">
     <span class='ocr_line' id='line_1_83' title="bbox 450 4878 2030 4955; baseline 0.003 -20"><span class='ocrx_word' id='word_1_595' title='bbox 450 4879 580 4952; x_wconf 85' lang='lat' dir='ltr'><strong>quia</strong></span> <span class='ocrx_word' id='word_1_596' title='bbox 617 4894 719 4951; x_wconf 88' lang='lat' dir='ltr'><strong>ego</strong></span> <span class='ocrx_word' id='word_1_597' title='bbox 743 4879 1116 4934; x_wconf 89' lang='lat' dir='ltr'><strong>testimonium</strong></span> <span class='ocrx_word' id='word_1_598' title='bbox 1147 4878 1408 4949; x_wconf 87' lang='lat' dir='ltr'><strong>perhibeo</strong></span> <span class='ocrx_word' id='word_1_599' title='bbox 1438 4879 1506 4935; x_wconf 91' lang='lat' dir='ltr'><strong>de</strong></span> <span class='ocrx_word' id='word_1_600' title='bbox 1540 4879 1635 4934; x_wconf 89' lang='lat' dir='ltr'><strong>illo</strong></span> <span class='ocrx_word' id='word_1_601' title='bbox 1668 4881 1816 4952; x_wconf 86' lang='lat' dir='ltr'><strong>quod</strong></span> <span class='ocrx_word' id='word_1_602' title='bbox 1860 4899 2030 4955; x_wconf 88' lang='lat' dir='ltr'><strong>opera</strong></span> 
     </span>
    </p>
   </div>
   <div class='ocr_carea' id='block_1_84' title="bbox 449 4968 2032 5046">
    <p class='ocr_par' dir='ltr' id='par_1_84' title="bbox 449 4968 2032 5046">
     <span class='ocr_line' id='line_1_84' title="bbox 449 4968 2032 5046; baseline 0.003 -19"><span class='ocrx_word' id='word_1_603' title='bbox 449 4971 572 5043; x_wconf 86' lang='lat' dir='ltr'><strong>ejus</strong></span> <span class='ocrx_word' id='word_1_604' title='bbox 609 4971 751 5025; x_wconf 87' lang='lat' dir='ltr'><strong>mala</strong></span> <span class='ocrx_word' id='word_1_605' title='bbox 784 4979 917 5026; x_wconf 87' lang='lat' dir='ltr'><strong>sunt</strong></span> <span class='ocrx_word' id='word_1_606' title='bbox 940 4970 1005 5024; x_wconf 79' lang='grc'><strong>⁸⁸.</strong></span> <span class='ocrx_word' id='word_1_607' title='bbox 1034 4990 1054 5022; x_wconf 73' lang='grc' dir='ltr'><strong>ι</strong></span> <span class='ocrx_word' id='word_1_608' title='bbox 1086 4968 1379 5041; x_wconf 78' lang='lat' dir='ltr'><strong>Exemplar</strong></span> <span class='ocrx_word' id='word_1_609' title='bbox 1403 4971 1593 5042; x_wconf 85' lang='lat' dir='ltr'><strong>itaque</strong></span> <span class='ocrx_word' id='word_1_610' title='bbox 1627 4974 1874 5044; x_wconf 83' lang='lat' dir='ltr'><strong>seipsum</strong></span> <span class='ocrx_word' id='word_1_611' title='bbox 1900 4991 2032 5046; x_wconf 68' lang='lat' dir='ltr'><strong>pra:-</strong></span> 
     </span>
    </p>
   </div>
   <div class='ocr_carea' id='block_1_85' title="bbox 451 5063 2029 5132">
    <p class='ocr_par' dir='ltr' id='par_1_85' title="bbox 451 5063 2029 5132">
     <span class='ocr_line' id='line_1_85' title="bbox 451 5063 2029 5132; baseline 0.001 -12"><span class='ocrx_word' id='word_1_612' title='bbox 451 5065 589 5120; x_wconf 87' lang='lat' dir='ltr'><strong>bens</strong></span> <span class='ocrx_word' id='word_1_613' title='bbox 617 5064 784 5121; x_wconf 90' lang='lat' dir='ltr'><strong>etiam</strong></span> <span class='ocrx_word' id='word_1_614' title='bbox 813 5063 901 5118; x_wconf 91' lang='lat' dir='ltr'><strong>hic</strong></span> <span class='ocrx_word' id='word_1_615' title='bbox 930 5066 1140 5119; x_wconf 87' lang='lat' dir='ltr'><strong>sanctis</strong></span> <span class='ocrx_word' id='word_1_616' title='bbox 1174 5063 1463 5132; x_wconf 82' lang='lat' dir='ltr'><strong>apostolis,</strong></span> <span class='ocrx_word' id='word_1_617' title='bbox 1498 5064 1605 5120; x_wconf 88' lang='lat' dir='ltr'><strong>hoc</strong></span> <span class='ocrx_word' id='word_1_618' title='bbox 1634 5065 1741 5120; x_wconf 89' lang='lat' dir='ltr'><strong>iter</strong></span> <span class='ocrx_word' id='word_1_619' title='bbox 1769 5066 2029 5123; x_wconf 87' lang='lat' dir='ltr'><strong>insistere</strong></span> 
     </span>
    </p>
   </div>
   <div class='ocr_carea' id='block_1_86' title="bbox 447 5157 2029 5228">
    <p class='ocr_par' dir='ltr' id='par_1_86' title="bbox 447 5157 2029 5228">
     <span class='ocr_line' id='line_1_86' title="bbox 447 5157 2029 5228; baseline 0.003 -14"><span class='ocrx_word' id='word_1_620' title='bbox 447 5158 621 5227; x_wconf 76' lang='lat' dir='ltr'><strong>jubet.</strong></span> <span class='ocrx_word' id='word_1_621' title='bbox 651 5173 778 5214; x_wconf 89' lang='lat' dir='ltr'><strong>cum</strong></span> <span class='ocrx_word' id='word_1_622' title='bbox 818 5157 946 5213; x_wconf 85' lang='lat' dir='ltr'><strong>alibi</strong></span> <span class='ocrx_word' id='word_1_623' title='bbox 990 5171 1191 5213; x_wconf 87' lang='lat' dir='ltr'><strong>rursus</strong></span> <span class='ocrx_word' id='word_1_624' title='bbox 1238 5166 1426 5228; x_wconf 89' lang='lat' dir='ltr'><strong>aperte</strong></span> <span class='ocrx_word' id='word_1_625' title='bbox 1469 5158 1586 5213; x_wconf 88' lang='lat' dir='ltr'><strong>ait:</strong></span> <span class='ocrx_word' id='word_1_626' title='bbox 1629 5176 1650 5211; x_wconf 75' lang='grc' dir='ltr'><strong>ι</strong></span> <span class='ocrx_word' id='word_1_627' title='bbox 1692 5157 1842 5215; x_wconf 88' lang='lat' dir='ltr'><strong>Beati</strong></span> <span class='ocrx_word' id='word_1_628' title='bbox 1891 5161 2029 5220; x_wconf 87' lang='lat' dir='ltr'><strong>estis</strong></span> 
     </span>
    </p>
   </div>
   <div class='ocr_carea' id='block_1_87' title="bbox 450 5249 2027 5325">
    <p class='ocr_par' dir='ltr' id='par_1_87' title="bbox 450 5249 2027 5325">
     <span class='ocr_line' id='line_1_87' title="bbox 450 5249 2027 5325; baseline 0.006 -24"><span class='ocrx_word' id='word_1_629' title='bbox 450 5263 576 5302; x_wconf 90' lang='lat' dir='ltr'><strong>cum</strong></span> <span class='ocrx_word' id='word_1_630' title='bbox 607 5249 999 5306; x_wconf 78' lang='lat' dir='ltr'><strong>maledixerint</strong></span> <span class='ocrx_word' id='word_1_631' title='bbox 1042 5250 1199 5307; x_wconf 83' lang='lat' dir='ltr'><strong>vobis</strong></span> <span class='ocrx_word' id='word_1_632' title='bbox 1243 5249 1517 5314; x_wconf 86' lang='lat' dir='ltr'><strong>homines,</strong></span> <span class='ocrx_word' id='word_1_633' title='bbox 1565 5258 1621 5307; x_wconf 89' lang='lat' dir='ltr'><strong>et</strong></span> <span class='ocrx_word' id='word_1_634' title='bbox 1652 5252 2027 5325; x_wconf 77' lang='lat' dir='ltr'><strong>exprobrave-</strong></span> 
     </span>
    </p>
   </div>
   <div class='ocr_carea' id='block_1_88' title="bbox 439 5340 2028 5403">
    <p class='ocr_par' dir='ltr' id='par_1_88' title="bbox 439 5340 2028 5403">
     <span class='ocr_line' id='line_1_88' title="bbox 439 5340 2028 5403; baseline 0.004 -10"><span class='ocrx_word' id='word_1_635' title='bbox 439 5340 585 5403; x_wconf 84' lang='lat' dir='ltr'><strong>rint,</strong></span> <span class='ocrx_word' id='word_1_636' title='bbox 618 5349 673 5395; x_wconf 87' lang='lat' dir='ltr'><strong>et</strong></span> <span class='ocrx_word' id='word_1_637' title='bbox 702 5342 942 5397; x_wconf 76' lang='lat' dir='ltr'><strong>dixerint</strong></span> <span class='ocrx_word' id='word_1_638' title='bbox 958 5358 1134 5400; x_wconf 80' lang='lat' dir='ltr'><strong>omne</strong></span> <span class='ocrx_word' id='word_1_639' title='bbox 1173 5342 1380 5397; x_wconf 86' lang='lat' dir='ltr'><strong>malum</strong></span> <span class='ocrx_word' id='word_1_640' title='bbox 1412 5341 1707 5401; x_wconf 80' lang='lat' dir='ltr'><strong>adversum</strong></span> <span class='ocrx_word' id='word_1_641' title='bbox 1737 5360 1839 5402; x_wconf 88' lang='lat' dir='ltr'><strong>vos</strong></span> <span class='ocrx_word' id='word_1_642' title='bbox 1871 5362 2028 5402; x_wconf 89' lang='lat' dir='ltr'><strong>men-</strong></span> 
     </span>
    </p>
   </div>
   <div class='ocr_carea' id='block_1_89' title="bbox 450 5422 2026 5509">
    <p class='ocr_par' dir='ltr' id='par_1_89' title="bbox 450 5422 2026 5509">
     <span class='ocr_line' id='line_1_89' title="bbox 450 5422 2026 5509; baseline 0.005 -23"><span class='ocrx_word' id='word_1_643' title='bbox 450 5422 650 5489; x_wconf 80' lang='lat' dir='ltr'><strong>tientes</strong></span> <span class='ocrx_word' id='word_1_644' title='bbox 676 5442 899 5504; x_wconf 88' lang='lat' dir='ltr'><strong>propter</strong></span> <span class='ocrx_word' id='word_1_645' title='bbox 928 5449 1015 5491; x_wconf 91' lang='lat' dir='ltr'><strong>me</strong></span> <span class='ocrx_word' id='word_1_646' title='bbox 1040 5454 1054 5491; x_wconf 90' lang='lat'><strong>:</strong></span> <span class='ocrx_word' id='word_1_647' title='bbox 1080 5436 1313 5508; x_wconf 88' lang='lat' dir='ltr'><strong>gaudete</strong></span> <span class='ocrx_word' id='word_1_648' title='bbox 1345 5443 1402 5494; x_wconf 87' lang='lat' dir='ltr'><strong>et</strong></span> <span class='ocrx_word' id='word_1_649' title='bbox 1423 5432 1722 5505; x_wconf 75' lang='lat' dir='ltr'><strong>exsultate,</strong></span> <span class='ocrx_word' id='word_1_650' title='bbox 1761 5439 2026 5509; x_wconf 90' lang='lat' dir='ltr'><strong>quoniam</strong></span> 
     </span>
    </p>
   </div>
   <div class='ocr_carea' id='block_1_90' title="bbox 432 5699 980 5768">
    <p class='ocr_par' dir='ltr' id='par_1_90' title="bbox 432 5699 980 5768">
     <span class='ocr_line' id='line_1_90' title="bbox 432 5699 980 5768; baseline 0.005 -13"><span class='ocrx_word' id='word_1_651' title='bbox 432 5736 435 5737; x_wconf 51' lang='grc' dir='ltr'>ν</span> <span class='ocrx_word' id='word_1_652' title='bbox 530 5699 581 5734; x_wconf 81' lang='grc'><strong>⁸⁸</strong></span> <span class='ocrx_word' id='word_1_653' title='bbox 598 5699 777 5757; x_wconf 83' lang='lat' dir='ltr'><strong>Galat.</strong></span> <span class='ocrx_word' id='word_1_654' title='bbox 818 5716 855 5768; x_wconf 90' lang='lat' dir='ltr'><strong>t,</strong></span> <span class='ocrx_word' id='word_1_655' title='bbox 893 5701 980 5758; x_wconf 81' lang='lat' dir='ltr'><strong>li).</strong></span> 
     </span>
    </p>
   </div>
   <div class='ocr_carea' id='block_1_91' title="bbox 1087 5699 2108 5771">
    <p class='ocr_par' dir='ltr' id='par_1_91' title="bbox 1087 5699 2108 5771">
     <span class='ocr_line' id='line_1_91' title="bbox 1087 5699 2108 5771; baseline 0.002 -16"><span class='ocrx_word' id='word_1_656' title='bbox 1087 5703 1129 5734; x_wconf 80' lang='lat'><strong>&#39;&quot;</strong></span> <span class='ocrx_word' id='word_1_657' title='bbox 1154 5701 1195 5755; x_wconf 94' lang='lat' dir='ltr'><strong>ll</strong></span> <span class='ocrx_word' id='word_1_658' title='bbox 1228 5705 1357 5760; x_wconf 79' lang='lat' dir='ltr'><strong>Cor.</strong></span> <span class='ocrx_word' id='word_1_659' title='bbox 1391 5718 1456 5771; x_wconf 78' lang='grc' dir='ltr'><strong>ιι,</strong></span> <span class='ocrx_word' id='word_1_660' title='bbox 1493 5700 1550 5755; x_wconf 68' lang='lat'><strong>2.</strong></span> <span class='ocrx_word' id='word_1_661' title='bbox 1644 5701 1693 5733; x_wconf 81' lang='lat'>“</span> <span class='ocrx_word' id='word_1_662' title='bbox 1726 5699 1888 5757; x_wconf 84' lang='lat' dir='ltr'><strong>Joan.</strong></span> <span class='ocrx_word' id='word_1_663' title='bbox 1918 5717 2019 5769; x_wconf 72' lang='grc' dir='ltr'>νυ,</span> <span class='ocrx_word' id='word_1_664' title='bbox 2056 5704 2108 5757; x_wconf 88' lang='lat'><strong>7.</strong></span> 
     </span>
    </p>
   </div>
   <div class='ocr_carea' id='block_1_92' title="bbox 2130 3137 3732 3216">
    <p class='ocr_par' dir='ltr' id='par_1_92' title="bbox 2130 3137 3732 3216">
     <span class='ocr_line' id='line_1_92' title="bbox 2130 3137 3732 3216; baseline -0.004 -17"><span class='ocrx_word' id='word_1_665' title='bbox 2130 3145 2314 3216; x_wconf 81' lang='grc' dir='ltr'>ψείαις</span> <span class='ocrx_word' id='word_1_666' title='bbox 2348 3143 2408 3197; x_wconf 82' lang='grc' dir='ltr'>δὲ</span> <span class='ocrx_word' id='word_1_667' title='bbox 2446 3143 2648 3214; x_wconf 78' lang='grc' dir='ltr'>μᾶλλον</span> <span class='ocrx_word' id='word_1_668' title='bbox 2673 3141 3003 3206; x_wconf 79' lang='grc' dir='ltr'>ἐπιδιδόντες</span> <span class='ocrx_word' id='word_1_669' title='bbox 3028 3143 3097 3195; x_wconf 81' lang='grc' dir='ltr'><strong>τὰ</strong></span> <span class='ocrx_word' id='word_1_670' title='bbox 3123 3141 3469 3212; x_wconf 86' lang='grc' dir='ltr'>φρονήματα,</span> <span class='ocrx_word' id='word_1_671' title='bbox 3500 3137 3594 3191; x_wconf 70' lang='grc' dir='ltr'>καὶ</span> <span class='ocrx_word' id='word_1_672' title='bbox 3624 3138 3732 3192; x_wconf 68' lang='grc' dir='ltr'><strong>τὸν</strong></span> 
     </span>
    </p>
   </div>
   <div class='ocr_carea' id='block_1_93' title="bbox 2135 3228 3732 3307">
    <p class='ocr_par' dir='ltr' id='par_1_93' title="bbox 2135 3228 3732 3307">
     <span class='ocr_line' id='line_1_93' title="bbox 2135 3228 3732 3307; baseline -0.005 -17"><span class='ocrx_word' id='word_1_673' title='bbox 2135 3235 2234 3307; x_wconf 86' lang='grc' dir='ltr'>μὲν</span> <span class='ocrx_word' id='word_1_674' title='bbox 2271 3236 2335 3287; x_wconf 86' lang='grc' dir='ltr'><strong>ἐκ</strong></span> <span class='ocrx_word' id='word_1_675' title='bbox 2364 3232 2674 3305; x_wconf 79' lang='grc' dir='ltr'>παρρησίας</span> <span class='ocrx_word' id='word_1_676' title='bbox 2697 3232 2798 3303; x_wconf 78' lang='grc' dir='ltr'>τῆς</span> <span class='ocrx_word' id='word_1_677' title='bbox 2830 3232 2971 3286; x_wconf 85' lang='grc' dir='ltr'>κατὰ</span> <span class='ocrx_word' id='word_1_678' title='bbox 3002 3230 3136 3285; x_wconf 82' lang='grc' dir='ltr'>Θεὸν</span> <span class='ocrx_word' id='word_1_679' title='bbox 3168 3230 3546 3290; x_wconf 84' lang='grc' dir='ltr'>συστείλαντες</span> <span class='ocrx_word' id='word_1_680' title='bbox 3568 3228 3732 3298; x_wconf 75' lang='grc' dir='ltr'>ἐλεγε-</span> 
     </span>
    </p>
   </div>
   <div class='ocr_carea' id='block_1_94' title="bbox 2130 3321 3734 3400">
    <p class='ocr_par' dir='ltr' id='par_1_94' title="bbox 2130 3321 3734 3400">
     <span class='ocr_line' id='line_1_94' title="bbox 2130 3321 3734 3400; baseline -0.006 -18"><span class='ocrx_word' id='word_1_681' title='bbox 2130 3346 2244 3400; x_wconf 87' lang='grc' dir='ltr'><strong>χον.</strong></span> <span class='ocrx_word' id='word_1_682' title='bbox 2271 3327 2332 3381; x_wconf 90' lang='grc' dir='ltr'><strong>τό</strong></span> <span class='ocrx_word' id='word_1_683' title='bbox 2356 3343 2419 3396; x_wconf 88' lang='grc' dir='ltr'><strong>γε</strong></span> <span class='ocrx_word' id='word_1_684' title='bbox 2462 3326 2568 3398; x_wconf 82' lang='grc' dir='ltr'><strong>μὴν</strong></span> <span class='ocrx_word' id='word_1_685' title='bbox 2594 3325 2811 3395; x_wconf 77' lang='grc' dir='ltr'>ἑκάστῳ</span> <span class='ocrx_word' id='word_1_686' title='bbox 2836 3323 3038 3396; x_wconf 82' lang='grc' dir='ltr'>μᾶλλον</span> <span class='ocrx_word' id='word_1_687' title='bbox 3067 3323 3187 3395; x_wconf 78' lang='grc' dir='ltr'>ἡδὺ,</span> <span class='ocrx_word' id='word_1_688' title='bbox 3222 3321 3514 3385; x_wconf 73' lang='grc' dir='ltr'>λαλοῦντες</span> <span class='ocrx_word' id='word_1_689' title='bbox 3542 3338 3600 3374; x_wconf 92' lang='grc' dir='ltr'><strong>τε</strong></span> <span class='ocrx_word' id='word_1_690' title='bbox 3625 3323 3734 3374; x_wconf 77' lang='grc' dir='ltr'><strong>καὶ</strong></span> 
     </span>
    </p>
   </div>
   <div class='ocr_carea' id='block_1_95' title="bbox 2131 3412 3734 3492">
    <p class='ocr_par' dir='ltr' id='par_1_95' title="bbox 2131 3412 3734 3492">
     <span class='ocr_line' id='line_1_95' title="bbox 2131 3412 3734 3492; baseline -0.004 -18"><span class='ocrx_word' id='word_1_691' title='bbox 2131 3419 2509 3492; x_wconf 77' lang='grc' dir='ltr'>εἰσηγούμενοι</span> <span class='ocrx_word' id='word_1_692' title='bbox 2529 3438 2544 3485; x_wconf 84' lang='grc'>;</span> <span class='ocrx_word' id='word_1_693' title='bbox 2562 3418 2865 3487; x_wconf 83' lang='grc' dir='ltr'>Ἀναγκαία</span> <span class='ocrx_word' id='word_1_694' title='bbox 2888 3415 3180 3489; x_wconf 74' lang='grc' dir='ltr'>τοιγαροῦν</span> <span class='ocrx_word' id='word_1_695' title='bbox 3215 3417 3247 3488; x_wconf 72' lang='grc' dir='ltr'><strong>ἡ</strong></span> <span class='ocrx_word' id='word_1_696' title='bbox 3277 3414 3599 3484; x_wconf 84' lang='grc' dir='ltr'>παραίνεσις</span> <span class='ocrx_word' id='word_1_697' title='bbox 3622 3412 3734 3467; x_wconf 82' lang='grc' dir='ltr'><strong>τοῦ</strong></span> 
     </span>
    </p>
   </div>
   <div class='ocr_carea' id='block_1_96' title="bbox 2133 3506 3732 3584">
    <p class='ocr_par' dir='ltr' id='par_1_96' title="bbox 2133 3506 3732 3584">
     <span class='ocr_line' id='line_1_96' title="bbox 2133 3506 3732 3584; baseline -0.004 -19"><span class='ocrx_word' id='word_1_698' title='bbox 2133 3513 2210 3584; x_wconf 78' lang='grc' dir='ltr'>μὴ</span> <span class='ocrx_word' id='word_1_699' title='bbox 2238 3513 2445 3582; x_wconf 87' lang='grc' dir='ltr'>σφόδρα</span> <span class='ocrx_word' id='word_1_700' title='bbox 2477 3510 2751 3582; x_wconf 78' lang='grc' dir='ltr'>φιλεῖσθαι</span> <span class='ocrx_word' id='word_1_701' title='bbox 2778 3510 2984 3581; x_wconf 79' lang='grc' dir='ltr'>ζητεῖν,</span> <span class='ocrx_word' id='word_1_702' title='bbox 3005 3508 3355 3563; x_wconf 86' lang='grc' dir='ltr'>ποιεῖσθαιδέ</span> <span class='ocrx_word' id='word_1_703' title='bbox 3389 3509 3515 3579; x_wconf 85' lang='grc' dir='ltr'>παρ’</span> <span class='ocrx_word' id='word_1_704' title='bbox 3544 3506 3732 3571; x_wconf 77' lang='grc' dir='ltr'>οὐδὲν,</span> 
     </span>
    </p>
   </div>
   <div class='ocr_carea' id='block_1_97' title="bbox 2129 3596 3739 3672">
    <p class='ocr_par' dir='ltr' id='par_1_97' title="bbox 2129 3596 3739 3672">
     <span class='ocr_line' id='line_1_97' title="bbox 2129 3596 3739 3672; baseline -0.004 -15"><span class='ocrx_word' id='word_1_705' title='bbox 2129 3603 2192 3657; x_wconf 83' lang='grc' dir='ltr'><strong>τὸ</strong></span> <span class='ocrx_word' id='word_1_706' title='bbox 2219 3603 2315 3656; x_wconf 79' lang='grc' dir='ltr'>καὶ</span> <span class='ocrx_word' id='word_1_707' title='bbox 2335 3601 2427 3655; x_wconf 84' lang='grc' dir='ltr'>διὰ</span> <span class='ocrx_word' id='word_1_708' title='bbox 2445 3602 2636 3672; x_wconf 87' lang='grc' dir='ltr'>μίσους</span> <span class='ocrx_word' id='word_1_709' title='bbox 2666 3601 2802 3654; x_wconf 83' lang='grc' dir='ltr'>ίέναι</span> <span class='ocrx_word' id='word_1_710' title='bbox 2824 3600 2965 3653; x_wconf 79' lang='grc' dir='ltr'>τισὶν</span> <span class='ocrx_word' id='word_1_711' title='bbox 2997 3599 3109 3655; x_wconf 77' lang='grc' dir='ltr'>ἐστ’</span> <span class='ocrx_word' id='word_1_712' title='bbox 3140 3599 3207 3653; x_wconf 80' lang='grc' dir='ltr'><strong>ἂν</strong></span> <span class='ocrx_word' id='word_1_713' title='bbox 3239 3599 3424 3662; x_wconf 77' lang='grc' dir='ltr'>αὐτοῖς</span> <span class='ocrx_word' id='word_1_714' title='bbox 3452 3596 3512 3651; x_wconf 84' lang='grc' dir='ltr'><strong>τὸ</strong></span> <span class='ocrx_word' id='word_1_715' title='bbox 3530 3599 3592 3650; x_wconf 85' lang='grc' dir='ltr'><strong>ἐκ</strong></span> <span class='ocrx_word' id='word_1_716' title='bbox 3622 3599 3739 3667; x_wconf 86' lang='grc' dir='ltr'><strong>τῆς</strong></span> 
     </span>
    </p>
   </div>
   <div class='ocr_carea' id='block_1_98' title="bbox 2129 3688 3735 3766">
    <p class='ocr_par' dir='ltr' id='par_1_98' title="bbox 2129 3688 3735 3766">
     <span class='ocr_line' id='line_1_98' title="bbox 2129 3688 3735 3766; baseline -0.006 -14"><span class='ocrx_word' id='word_1_717' title='bbox 2129 3696 2413 3758; x_wconf 81' lang='grc' dir='ltr'>νουθεσίας</span> <span class='ocrx_word' id='word_1_718' title='bbox 2433 3694 2669 3766; x_wconf 84' lang='grc' dir='ltr'>ὑπάρχοι</span> <span class='ocrx_word' id='word_1_719' title='bbox 2698 3694 2986 3765; x_wconf 82' lang='grc' dir='ltr'>χρήσιμον.</span> <span class='ocrx_word' id='word_1_720' title='bbox 3018 3690 3191 3746; x_wconf 83' lang='grc' dir='ltr'>Τοῦτό</span> <span class='ocrx_word' id='word_1_721' title='bbox 3215 3708 3270 3744; x_wconf 89' lang='grc' dir='ltr'><strong>τι</strong></span> <span class='ocrx_word' id='word_1_722' title='bbox 3293 3690 3410 3764; x_wconf 77' lang='grc' dir='ltr'><strong>[γρ.</strong></span> <span class='ocrx_word' id='word_1_723' title='bbox 3435 3688 3592 3746; x_wconf 84' lang='grc' dir='ltr'>τοῦτό</span> <span class='ocrx_word' id='word_1_724' title='bbox 3613 3688 3735 3762; x_wconf 82' lang='grc' dir='ltr'>τοι]</span> 
     </span>
    </p>
   </div>
   <div class='ocr_carea' id='block_1_99' title="bbox 2132 3784 3739 3861">
    <p class='ocr_par' dir='ltr' id='par_1_99' title="bbox 2132 3784 3739 3861">
     <span class='ocr_line' id='line_1_99' title="bbox 2132 3784 3739 3861; baseline -0.004 -17"><span class='ocrx_word' id='word_1_725' title='bbox 2132 3790 2229 3844; x_wconf 81' lang='grc' dir='ltr'>καὶ</span> <span class='ocrx_word' id='word_1_726' title='bbox 2280 3788 2497 3845; x_wconf 86' lang='grc' dir='ltr'>Παῦλον</span> <span class='ocrx_word' id='word_1_727' title='bbox 2548 3787 2854 3861; x_wconf 84' lang='grc' dir='ltr'>δεδρακότα</span> <span class='ocrx_word' id='word_1_728' title='bbox 2886 3786 3237 3858; x_wconf 81' lang='grc' dir='ltr'>θεωρήσομεν</span> <span class='ocrx_word' id='word_1_729' title='bbox 3263 3825 3278 3850; x_wconf 91' lang='grc'><strong>,</strong></span> <span class='ocrx_word' id='word_1_730' title='bbox 3310 3784 3407 3839; x_wconf 74' lang='grc' dir='ltr'><strong>καὶ</strong></span> <span class='ocrx_word' id='word_1_731' title='bbox 3458 3785 3739 3855; x_wconf 73' lang='grc' dir='ltr'>εἰρηκότα</span> 
     </span>
    </p>
   </div>
   <div class='ocr_carea' id='block_1_100' title="bbox 2133 3875 3739 3952">
    <p class='ocr_par' dir='ltr' id='par_1_100' title="bbox 2133 3875 3739 3952">
     <span class='ocr_line' id='line_1_100' title="bbox 2133 3875 3739 3952; baseline -0.005 -16"><span class='ocrx_word' id='word_1_732' title='bbox 2133 3881 2351 3951; x_wconf 75' lang='grc' dir='ltr'>σαφῶςσ</span> <span class='ocrx_word' id='word_1_733' title='bbox 2388 3900 2411 3933; x_wconf 84' lang='grc'><strong>‹</strong></span> <span class='ocrx_word' id='word_1_734' title='bbox 2455 3882 2615 3952; x_wconf 77' lang='grc' dir='ltr'><strong>Ἄρτι</strong></span> <span class='ocrx_word' id='word_1_735' title='bbox 2653 3880 2762 3952; x_wconf 81' lang='grc' dir='ltr'>γὰρ</span> <span class='ocrx_word' id='word_1_736' title='bbox 2791 3878 3113 3950; x_wconf 84' lang='grc' dir='ltr'>ἀνθρώπους</span> <span class='ocrx_word' id='word_1_737' title='bbox 3145 3877 3339 3944; x_wconf 86' lang='grc' dir='ltr'>πείθω,</span> <span class='ocrx_word' id='word_1_738' title='bbox 3373 3876 3520 3948; x_wconf 80' lang='grc' dir='ltr'>ἢτὺν</span> <span class='ocrx_word' id='word_1_739' title='bbox 3551 3875 3739 3943; x_wconf 84' lang='grc' dir='ltr'>Θεόν;</span> 
     </span>
    </p>
   </div>
   <div class='ocr_carea' id='block_1_101' title="bbox 2139 3965 3741 4044">
    <p class='ocr_par' dir='ltr' id='par_1_101' title="bbox 2139 3965 3741 4044">
     <span class='ocr_line' id='line_1_101' title="bbox 2139 3965 3741 4044; baseline -0.006 -17"><span class='ocrx_word' id='word_1_740' title='bbox 2139 3971 2210 4027; x_wconf 78' lang='grc' dir='ltr'><em>Ἦ</em></span> <span class='ocrx_word' id='word_1_741' title='bbox 2258 3972 2407 4044; x_wconf 80' lang='grc' dir='ltr'><strong>ζητῶ</strong></span> <span class='ocrx_word' id='word_1_742' title='bbox 2460 3969 2772 4043; x_wconf 86' lang='grc' dir='ltr'>ἀνθρώποις</span> <span class='ocrx_word' id='word_1_743' title='bbox 2813 3970 3111 4042; x_wconf 57' lang='lat' dir='ltr'><strong>optassent;</strong></span> <span class='ocrx_word' id='word_1_744' title='bbox 3144 3968 3208 4022; x_wconf 82' lang='lat' dir='ltr'><strong>Ei</strong></span> <span class='ocrx_word' id='word_1_745' title='bbox 3241 3966 3322 4020; x_wconf 78' lang='grc' dir='ltr'><strong>ἐτι</strong></span> <span class='ocrx_word' id='word_1_746' title='bbox 3347 3965 3607 4037; x_wconf 78' lang='grc' dir='ltr'><strong>ἀρέσκειν</strong></span> <span class='ocrx_word' id='word_1_747' title='bbox 3629 3967 3741 4020; x_wconf 79' lang='grc' dir='ltr'><strong>ἀν-</strong></span> 
     </span>
    </p>
   </div>
   <div class='ocr_carea' id='block_1_102' title="bbox 2135 4057 3733 4138">
    <p class='ocr_par' dir='ltr' id='par_1_102' title="bbox 2135 4057 3733 4138">
     <span class='ocr_line' id='line_1_102' title="bbox 2135 4057 3733 4138; baseline -0.008 -18"><span class='ocrx_word' id='word_1_748' title='bbox 2135 4064 2379 4138; x_wconf 81' lang='grc' dir='ltr'>θρώποις</span> <span class='ocrx_word' id='word_1_749' title='bbox 2436 4063 2630 4135; x_wconf 74' lang='grc' dir='ltr'>ἧθελον</span> <span class='ocrx_word' id='word_1_750' title='bbox 2662 4102 2679 4130; x_wconf 95' lang='grc'><strong>,</strong></span> <span class='ocrx_word' id='word_1_751' title='bbox 2707 4061 2945 4133; x_wconf 83' lang='grc' dir='ltr'>Χριστοῦ</span> <span class='ocrx_word' id='word_1_752' title='bbox 2994 4060 3180 4124; x_wconf 84' lang='grc' dir='ltr'>δοῦλος</span> <span class='ocrx_word' id='word_1_753' title='bbox 3220 4057 3440 4126; x_wconf 66' lang='grc' dir='ltr'>οὐκ,ἃν</span> <span class='ocrx_word' id='word_1_754' title='bbox 3478 4057 3664 4129; x_wconf 70' lang='grc' dir='ltr'>ἥμην.</span> <span class='ocrx_word' id='word_1_755' title='bbox 3710 4076 3733 4109; x_wconf 73' lang='grc' dir='ltr'><strong>ι</strong></span> 
     </span>
    </p>
   </div>
   <div class='ocr_carea' id='block_1_103' title="bbox 2147 4150 3744 4228">
    <p class='ocr_par' dir='ltr' id='par_1_103' title="bbox 2147 4150 3744 4228">
     <span class='ocr_line' id='line_1_103' title="bbox 2147 4150 3744 4228; baseline -0.008 -15"><span class='ocrx_word' id='word_1_756' title='bbox 2147 4158 2512 4228; x_wconf 83' lang='grc' dir='ltr'>Ἐπιτιμήσας</span> <span class='ocrx_word' id='word_1_757' title='bbox 2548 4156 2609 4210; x_wconf 82' lang='grc' dir='ltr'>δὲ</span> <span class='ocrx_word' id='word_1_758' title='bbox 2643 4155 2805 4211; x_wconf 82' lang='grc' dir='ltr'>πάλιν</span> <span class='ocrx_word' id='word_1_759' title='bbox 2842 4153 2949 4208; x_wconf 84' lang='grc' dir='ltr'>τῶν</span> <span class='ocrx_word' id='word_1_760' title='bbox 2977 4155 3035 4209; x_wconf 78' lang='grc' dir='ltr'><strong>ἐν</strong></span> <span class='ocrx_word' id='word_1_761' title='bbox 3064 4151 3317 4222; x_wconf 81' lang='grc' dir='ltr'>Κορίνθῳ</span> <span class='ocrx_word' id='word_1_762' title='bbox 3343 4151 3474 4216; x_wconf 76' lang='grc' dir='ltr'>τινὶ,</span> <span class='ocrx_word' id='word_1_763' title='bbox 3515 4150 3744 4222; x_wconf 75' lang='grc' dir='ltr'>ἀφορή-</span> 
     </span>
    </p>
   </div>
   <div class='ocr_carea' id='block_1_104' title="bbox 2133 4240 3741 4318">
    <p class='ocr_par' dir='ltr' id='par_1_104' title="bbox 2133 4240 3741 4318">
     <span class='ocr_line' id='line_1_104' title="bbox 2133 4240 3741 4318; baseline -0.005 -16"><span class='ocrx_word' id='word_1_764' title='bbox 2133 4266 2244 4312; x_wconf 89' lang='grc' dir='ltr'>τως</span> <span class='ocrx_word' id='word_1_765' title='bbox 2265 4265 2325 4302; x_wconf 87' lang='grc' dir='ltr'><strong>τε</strong></span> <span class='ocrx_word' id='word_1_766' title='bbox 2371 4247 2492 4301; x_wconf 88' lang='grc' dir='ltr'>λίαν</span> <span class='ocrx_word' id='word_1_767' title='bbox 2530 4246 2897 4318; x_wconf 86' lang='grc' dir='ltr'>ἀπηλγηκότα</span> <span class='ocrx_word' id='word_1_768' title='bbox 2931 4243 3093 4297; x_wconf 89' lang='grc' dir='ltr'>τοῦτο</span> <span class='ocrx_word' id='word_1_769' title='bbox 3121 4241 3331 4314; x_wconf 83' lang='grc' dir='ltr'>μαθὼν,</span> <span class='ocrx_word' id='word_1_770' title='bbox 3362 4240 3530 4311; x_wconf 87' lang='grc' dir='ltr'>φησίν</span> <span class='ocrx_word' id='word_1_771' title='bbox 3556 4254 3574 4271; x_wconf 81' lang='lat'><strong>&#39;</strong></span> <span class='ocrx_word' id='word_1_772' title='bbox 3600 4260 3622 4291; x_wconf 72' lang='grc' dir='ltr'>ο</span> <span class='ocrx_word' id='word_1_773' title='bbox 3664 4242 3741 4294; x_wconf 75' lang='lat' dir='ltr'><strong>Et</strong></span> 
     </span>
    </p>
   </div>
   <div class='ocr_carea' id='block_1_105' title="bbox 2135 4333 3745 4413">
    <p class='ocr_par' dir='ltr' id='par_1_105' title="bbox 2135 4333 3745 4413">
     <span class='ocr_line' id='line_1_105' title="bbox 2135 4333 3745 4413; baseline -0.007 -17"><span class='ocrx_word' id='word_1_774' title='bbox 2135 4342 2246 4413; x_wconf 80' lang='grc' dir='ltr'><strong>γάρ</strong></span> <span class='ocrx_word' id='word_1_775' title='bbox 2273 4339 2384 4409; x_wconf 87' lang='grc' dir='ltr'><strong>ἐγὼ</strong></span> <span class='ocrx_word' id='word_1_776' title='bbox 2410 4339 2565 4393; x_wconf 82' lang='grc' dir='ltr'>λυπῶ</span> <span class='ocrx_word' id='word_1_777' title='bbox 2587 4340 2755 4410; x_wconf 77' lang='grc' dir='ltr'>ὑμᾶς,</span> <span class='ocrx_word' id='word_1_778' title='bbox 2787 4336 2884 4391; x_wconf 66' lang='grc' dir='ltr'><strong>καλ⁸</strong></span> <span class='ocrx_word' id='word_1_779' title='bbox 2908 4335 2990 4400; x_wconf 90' lang='grc' dir='ltr'><strong>τίς</strong></span> <span class='ocrx_word' id='word_1_780' title='bbox 3027 4337 3057 4389; x_wconf 85' lang='grc' dir='ltr'>ὁ</span> <span class='ocrx_word' id='word_1_781' title='bbox 3082 4334 3393 4408; x_wconf 77' lang='grc' dir='ltr'>εὐφραίνων</span> <span class='ocrx_word' id='word_1_782' title='bbox 3429 4349 3520 4404; x_wconf 90' lang='grc' dir='ltr'><strong>με,</strong></span> <span class='ocrx_word' id='word_1_783' title='bbox 3564 4334 3617 4386; x_wconf 87' lang='grc' dir='ltr'>εἰ</span> <span class='ocrx_word' id='word_1_784' title='bbox 3652 4333 3745 4405; x_wconf 73' lang='grc' dir='ltr'>μὴ</span> 
     </span>
    </p>
   </div>
   <div class='ocr_carea' id='block_1_106' title="bbox 2137 4424 3741 4504">
    <p class='ocr_par' dir='ltr' id='par_1_106' title="bbox 2137 4424 3741 4504">
     <span class='ocr_line' id='line_1_106' title="bbox 2137 4424 3741 4504; baseline -0.008 -15"><span class='ocrx_word' id='word_1_785' title='bbox 2137 4432 2519 4504; x_wconf 84' lang='grc' dir='ltr'>ὁλυπούμενος</span> <span class='ocrx_word' id='word_1_786' title='bbox 2546 4431 2608 4497; x_wconf 82' lang='grc' dir='ltr'><strong>ἐξ</strong></span> <span class='ocrx_word' id='word_1_787' title='bbox 2628 4429 2801 4502; x_wconf 83' lang='grc' dir='ltr'>ἐμοῦ;</span> <span class='ocrx_word' id='word_1_788' title='bbox 2829 4448 2849 4482; x_wconf 74' lang='grc' dir='ltr'><strong>ι</strong></span> <span class='ocrx_word' id='word_1_789' title='bbox 2879 4429 2943 4483; x_wconf 87' lang='grc' dir='ltr'><strong>Ἦ</strong></span> <span class='ocrx_word' id='word_1_790' title='bbox 2971 4428 3082 4498; x_wconf 85' lang='grc' dir='ltr'>γὰρ</span> <span class='ocrx_word' id='word_1_791' title='bbox 3115 4425 3260 4481; x_wconf 81' lang='grc' dir='ltr'>κατὰ</span> <span class='ocrx_word' id='word_1_792' title='bbox 3285 4424 3419 4479; x_wconf 80' lang='grc' dir='ltr'>Θεὸν</span> <span class='ocrx_word' id='word_1_793' title='bbox 3448 4424 3594 4495; x_wconf 81' lang='grc' dir='ltr'>λύπη</span> <span class='ocrx_word' id='word_1_794' title='bbox 3630 4442 3741 4495; x_wconf 81' lang='grc' dir='ltr'>με-</span> 
     </span>
    </p>
   </div>
   <div class='ocr_carea' id='block_1_107' title="bbox 2138 4513 3745 4594">
    <p class='ocr_par' dir='ltr' id='par_1_107' title="bbox 2138 4513 3745 4594">
     <span class='ocr_line' id='line_1_107' title="bbox 2138 4513 3745 4594; baseline -0.006 -14"><span class='ocrx_word' id='word_1_795' title='bbox 2138 4526 2355 4581; x_wconf 86' lang='grc' dir='ltr'>τάνοιαν</span> <span class='ocrx_word' id='word_1_796' title='bbox 2409 4525 2491 4587; x_wconf 83' lang='grc' dir='ltr'><strong>είς</strong></span> <span class='ocrx_word' id='word_1_797' title='bbox 2543 4521 2818 4594; x_wconf 76' lang='grc' dir='ltr'>σωτηρίαν</span> <span class='ocrx_word' id='word_1_798' title='bbox 2862 4518 3242 4592; x_wconf 74' lang='grc' dir='ltr'>ἀμετάϐλητον</span> <span class='ocrx_word' id='word_1_799' title='bbox 3294 4513 3745 4588; x_wconf 76' lang='grc' dir='ltr'>κατεργάζεται.</span> 
     </span>
    </p>
   </div>
   <div class='ocr_carea' id='block_1_108' title="bbox 2142 4606 3747 4685">
    <p class='ocr_par' dir='ltr' id='par_1_108' title="bbox 2142 4606 3747 4685">
     <span class='ocr_line' id='line_1_108' title="bbox 2142 4606 3747 4685; baseline -0.007 -14"><span class='ocrx_word' id='word_1_800' title='bbox 2142 4618 2334 4671; x_wconf 86' lang='grc' dir='ltr'>Ἔσται</span> <span class='ocrx_word' id='word_1_801' title='bbox 2371 4612 2663 4685; x_wconf 87' lang='grc' dir='ltr'>τοιγαροῦν</span> <span class='ocrx_word' id='word_1_802' title='bbox 2693 4612 2995 4684; x_wconf 85' lang='grc' dir='ltr'>οὐδαμόθεν</span> <span class='ocrx_word' id='word_1_803' title='bbox 3020 4610 3324 4682; x_wconf 87' lang='grc' dir='ltr'>ἀμφίλογον</span> <span class='ocrx_word' id='word_1_804' title='bbox 3356 4607 3433 4671; x_wconf 82' lang='grc' dir='ltr'>ὡς</span> <span class='ocrx_word' id='word_1_805' title='bbox 3454 4606 3747 4660; x_wconf 77' lang='grc' dir='ltr'>κολακεύ-</span> 
     </span>
    </p>
   </div>
   <div class='ocr_carea' id='block_1_109' title="bbox 2138 4696 3742 4779">
    <p class='ocr_par' dir='ltr' id='par_1_109' title="bbox 2138 4696 3742 4779">
     <span class='ocr_line' id='line_1_109' title="bbox 2138 4696 3742 4779; baseline -0.006 -18"><span class='ocrx_word' id='word_1_806' title='bbox 2138 4726 2224 4762; x_wconf 89' lang='grc' dir='ltr'><strong>σει</strong></span> <span class='ocrx_word' id='word_1_807' title='bbox 2286 4706 2385 4779; x_wconf 77' lang='grc' dir='ltr'>μὲν</span> <span class='ocrx_word' id='word_1_808' title='bbox 2430 4705 2522 4759; x_wconf 77' lang='grc' dir='ltr'>τὸν</span> <span class='ocrx_word' id='word_1_809' title='bbox 2576 4704 2782 4776; x_wconf 85' lang='grc' dir='ltr'>κόσμον</span> <span class='ocrx_word' id='word_1_810' title='bbox 2818 4746 2835 4771; x_wconf 85' lang='grc'><strong>,</strong></span> <span class='ocrx_word' id='word_1_811' title='bbox 2867 4704 3015 4775; x_wconf 73' lang='grc' dir='ltr'>ἥπερ</span> <span class='ocrx_word' id='word_1_812' title='bbox 3062 4702 3249 4773; x_wconf 81' lang='grc' dir='ltr'>ὀνήσει</span> <span class='ocrx_word' id='word_1_813' title='bbox 3307 4699 3505 4771; x_wconf 78' lang='grc' dir='ltr'>μᾶλλον</span> <span class='ocrx_word' id='word_1_814' title='bbox 3536 4696 3567 4749; x_wconf 85' lang='grc' dir='ltr'>ὁ</span> <span class='ocrx_word' id='word_1_815' title='bbox 3601 4696 3742 4752; x_wconf 73' lang='grc' dir='ltr'>καθ’</span> 
     </span>
    </p>
   </div>
   <div class='ocr_carea' id='block_1_110' title="bbox 2134 4789 3748 4872">
    <p class='ocr_par' dir='ltr' id='par_1_110' title="bbox 2134 4789 3748 4872">
     <span class='ocr_line' id='line_1_110' title="bbox 2134 4789 3748 4872; baseline -0.006 -19"><span class='ocrx_word' id='word_1_816' title='bbox 2134 4799 2328 4872; x_wconf 72' lang='grc' dir='ltr'>ἡδονὴν</span> <span class='ocrx_word' id='word_1_817' title='bbox 2352 4801 2464 4863; x_wconf 84' lang='grc' dir='ltr'>τοῖς</span> <span class='ocrx_word' id='word_1_818' title='bbox 2481 4798 2851 4870; x_wconf 81' lang='grc' dir='ltr'>ἀκροωμένοις</span> <span class='ocrx_word' id='word_1_819' title='bbox 2882 4796 3136 4867; x_wconf 86' lang='grc' dir='ltr'>ἐσόμενος</span> <span class='ocrx_word' id='word_1_820' title='bbox 3167 4793 3346 4862; x_wconf 86' lang='grc' dir='ltr'>λόγος,</span> <span class='ocrx_word' id='word_1_821' title='bbox 3363 4793 3457 4847; x_wconf 77' lang='grc' dir='ltr'>καὶ</span> <span class='ocrx_word' id='word_1_822' title='bbox 3478 4789 3603 4861; x_wconf 76' lang='grc' dir='ltr'><strong>οὐχὶ</strong></span> <span class='ocrx_word' id='word_1_823' title='bbox 3630 4790 3748 4864; x_wconf 75' lang='grc' dir='ltr'>τὴν</span> 
     </span>
    </p>
   </div>
   <div class='ocr_carea' id='block_1_111' title="bbox 2135 4880 3747 4958">
    <p class='ocr_par' dir='ltr' id='par_1_111' title="bbox 2135 4880 3747 4958">
     <span class='ocr_line' id='line_1_111' title="bbox 2135 4880 3747 4958; baseline -0.002 -18"><span class='ocrx_word' id='word_1_824' title='bbox 2135 4888 2227 4940; x_wconf 89' lang='grc' dir='ltr'><strong>τοῦ</strong></span> <span class='ocrx_word' id='word_1_825' title='bbox 2252 4886 2621 4958; x_wconf 83' lang='grc' dir='ltr'>συμφέροντος</span> <span class='ocrx_word' id='word_1_826' title='bbox 2652 4885 2880 4957; x_wconf 85' lang='grc' dir='ltr'>γνώμην</span> <span class='ocrx_word' id='word_1_827' title='bbox 2920 4883 3246 4956; x_wconf 86' lang='grc' dir='ltr'>παρατιθείς</span> <span class='ocrx_word' id='word_1_828' title='bbox 3279 4896 3295 4910; x_wconf 84' lang='grc'>⁶</span> <span class='ocrx_word' id='word_1_829' title='bbox 3322 4884 3351 4936; x_wconf 88' lang='grc' dir='ltr'>ὁ</span> <span class='ocrx_word' id='word_1_830' title='bbox 3378 4881 3437 4935; x_wconf 84' lang='grc' dir='ltr'><strong>δέ</strong></span> <span class='ocrx_word' id='word_1_831' title='bbox 3481 4884 3595 4944; x_wconf 86' lang='grc' dir='ltr'>τοῖς</span> <span class='ocrx_word' id='word_1_832' title='bbox 3631 4880 3747 4936; x_wconf 80' lang='grc' dir='ltr'><strong>τοῦ</strong></span> 
     </span>
    </p>
   </div>
   <div class='ocr_carea' id='block_1_112' title="bbox 2136 4971 3747 5051">
    <p class='ocr_par' dir='ltr' id='par_1_112' title="bbox 2136 4971 3747 5051">
     <span class='ocr_line' id='line_1_112' title="bbox 2136 4971 3747 5051; baseline -0.003 -19"><span class='ocrx_word' id='word_1_833' title='bbox 2136 4978 2387 5051; x_wconf 80' lang='grc' dir='ltr'><strong>Σωτῆρος</strong></span> <span class='ocrx_word' id='word_1_834' title='bbox 2422 4976 2748 5049; x_wconf 87' lang='grc' dir='ltr'>πειθόμενος</span> <span class='ocrx_word' id='word_1_835' title='bbox 2795 4977 3000 5046; x_wconf 84' lang='grc' dir='ltr'>λόγοις,</span> <span class='ocrx_word' id='word_1_836' title='bbox 3046 4976 3167 5048; x_wconf 75' lang='grc' dir='ltr'><strong>οὐχὶ</strong></span> <span class='ocrx_word' id='word_1_837' title='bbox 3203 4973 3365 5029; x_wconf 90' lang='grc' dir='ltr'>τοῦτο</span> <span class='ocrx_word' id='word_1_838' title='bbox 3389 4971 3747 5045; x_wconf 70' lang='grc' dir='ltr'>πρεσϐεύει-ει</span> 
     </span>
    </p>
   </div>
   <div class='ocr_carea' id='block_1_113' title="bbox 2138 5062 3744 5143">
    <p class='ocr_par' dir='ltr' id='par_1_113' title="bbox 2138 5062 3744 5143">
     <span class='ocr_line' id='line_1_113' title="bbox 2138 5062 3744 5143; baseline -0.004 -19"><span class='ocrx_word' id='word_1_839' title='bbox 2138 5069 2319 5126; x_wconf 79' lang='grc' dir='ltr'>ποθέν.</span> <span class='ocrx_word' id='word_1_840' title='bbox 2371 5070 2691 5142; x_wconf 88' lang='grc' dir='ltr'>Προελεῖται</span> <span class='ocrx_word' id='word_1_841' title='bbox 2729 5070 2840 5143; x_wconf 85' lang='grc' dir='ltr'><strong>γὰρ</strong></span> <span class='ocrx_word' id='word_1_842' title='bbox 2893 5068 3094 5141; x_wconf 79' lang='grc' dir='ltr'>μᾶλλον</span> <span class='ocrx_word' id='word_1_843' title='bbox 3135 5067 3199 5121; x_wconf 80' lang='grc' dir='ltr'>τὸ</span> <span class='ocrx_word' id='word_1_844' title='bbox 3243 5065 3503 5138; x_wconf 80' lang='grc' dir='ltr'>ἀρέσκειν</span> <span class='ocrx_word' id='word_1_845' title='bbox 3545 5062 3744 5136; x_wconf 80' lang='grc' dir='ltr'>αὐτῷ,</span> 
     </span>
    </p>
   </div>
   <div class='ocr_carea' id='block_1_114' title="bbox 2129 5154 3751 5235">
    <p class='ocr_par' dir='ltr' id='par_1_114' title="bbox 2129 5154 3751 5235">
     <span class='ocr_line' id='line_1_114' title="bbox 2129 5154 3751 5235; baseline -0.006 -15"><span class='ocrx_word' id='word_1_846' title='bbox 2129 5166 2224 5220; x_wconf 72' lang='grc' dir='ltr'>καὶ</span> <span class='ocrx_word' id='word_1_847' title='bbox 2244 5163 2611 5235; x_wconf 77' lang='grc' dir='ltr'>πνευματικὸν</span> <span class='ocrx_word' id='word_1_848' title='bbox 2638 5162 2907 5233; x_wconf 78' lang='grc' dir='ltr'>ἡγήσεται</span> <span class='ocrx_word' id='word_1_849' title='bbox 2936 5159 3186 5223; x_wconf 89' lang='grc' dir='ltr'>πλοῦτον,</span> <span class='ocrx_word' id='word_1_850' title='bbox 3216 5158 3312 5212; x_wconf 67' lang='grc' dir='ltr'><strong>καλ⁸</strong></span> <span class='ocrx_word' id='word_1_851' title='bbox 3349 5155 3411 5210; x_wconf 82' lang='grc' dir='ltr'><strong>τὸ</strong></span> <span class='ocrx_word' id='word_1_852' title='bbox 3442 5154 3751 5226; x_wconf 68' lang='grc' dir='ltr'>μισεῖσθαι</span> 
     </span>
    </p>
   </div>
   <div class='ocr_carea' id='block_1_115' title="bbox 2127 5245 3752 5329">
    <p class='ocr_par' dir='ltr' id='par_1_115' title="bbox 2127 5245 3752 5329">
     <span class='ocr_line' id='line_1_115' title="bbox 2127 5245 3752 5329; baseline -0.006 -19"><span class='ocrx_word' id='word_1_853' title='bbox 2127 5256 2317 5312; x_wconf 84' lang='grc' dir='ltr'>λοιπόν</span> <span class='ocrx_word' id='word_1_854' title='bbox 2345 5257 2496 5329; x_wconf 87' lang='grc' dir='ltr'><strong>παρά</strong></span> <span class='ocrx_word' id='word_1_855' title='bbox 2527 5255 2637 5310; x_wconf 83' lang='grc' dir='ltr'><strong>τῶν</strong></span> <span class='ocrx_word' id='word_1_856' title='bbox 2669 5254 2920 5326; x_wconf 79' lang='grc' dir='ltr'>ἡγεῖσθαι</span> <span class='ocrx_word' id='word_1_857' title='bbox 2944 5250 3363 5323; x_wconf 83' lang='grc' dir='ltr'>πολεμιωτάτην</span> <span class='ocrx_word' id='word_1_858' title='bbox 3384 5247 3483 5320; x_wconf 78' lang='grc' dir='ltr'><strong>τὴν</strong></span> <span class='ocrx_word' id='word_1_859' title='bbox 3515 5245 3752 5321; x_wconf 74' lang='grc' dir='ltr'>ἀρετὴν</span> 
     </span>
    </p>
   </div>
   <div class='ocr_carea' id='block_1_116' title="bbox 2128 5339 3746 5419">
    <p class='ocr_par' dir='ltr' id='par_1_116' title="bbox 2128 5339 3746 5419">
     <span class='ocr_line' id='line_1_116' title="bbox 2128 5339 3746 5419; baseline -0.006 -16"><span class='ocrx_word' id='word_1_860' title='bbox 2128 5349 2420 5419; x_wconf 78' lang='grc' dir='ltr'>ἑλομένων.</span> <span class='ocrx_word' id='word_1_861' title='bbox 2460 5348 2630 5402; x_wconf 84' lang='grc' dir='ltr'>Ὅταν</span> <span class='ocrx_word' id='word_1_862' title='bbox 2661 5348 2842 5402; x_wconf 88' lang='grc' dir='ltr'>τοίνυν</span> <span class='ocrx_word' id='word_1_863' title='bbox 2865 5390 2878 5411; x_wconf 91' lang='grc'><strong>,</strong></span> <span class='ocrx_word' id='word_1_864' title='bbox 2904 5346 3059 5416; x_wconf 72' lang='grc' dir='ltr'>φησὶ,</span> <span class='ocrx_word' id='word_1_865' title='bbox 3084 5345 3208 5407; x_wconf 80' lang='grc' dir='ltr'>ταῖς</span> <span class='ocrx_word' id='word_1_866' title='bbox 3240 5340 3539 5414; x_wconf 73' lang='grc' dir='ltr'>ὑμετέραις</span> <span class='ocrx_word' id='word_1_867' title='bbox 3569 5339 3746 5393; x_wconf 68' lang='grc' dir='ltr'>εὕδοι</span> 
     </span>
    </p>
   </div>
   <div class='ocr_carea' id='block_1_117' title="bbox 2129 5429 3760 5511">
    <p class='ocr_par' dir='ltr' id='par_1_117' title="bbox 2129 5429 3760 5511">
     <span class='ocr_line' id='line_1_117' title="bbox 2129 5429 3760 5511; baseline -0.005 -17"><span class='ocrx_word' id='word_1_868' title='bbox 2129 5440 2424 5511; x_wconf 85' lang='grc' dir='ltr'>κιμήσεσιν</span> <span class='ocrx_word' id='word_1_869' title='bbox 2462 5439 2851 5511; x_wconf 82' lang='grc' dir='ltr'>ἀντιπράττειν</span> <span class='ocrx_word' id='word_1_870' title='bbox 2881 5437 2993 5492; x_wconf 80' lang='grc' dir='ltr'>ἐσθ’</span> <span class='ocrx_word' id='word_1_871' title='bbox 3023 5438 3114 5492; x_wconf 81' lang='grc' dir='ltr'><strong>ὅτε</strong></span> <span class='ocrx_word' id='word_1_872' title='bbox 3144 5432 3320 5507; x_wconf 83' lang='grc' dir='ltr'>ὁρῷτο</span> <span class='ocrx_word' id='word_1_873' title='bbox 3358 5429 3760 5504; x_wconf 66' lang='grc' dir='ltr'>κεκινημένον</span> 
     </span>
    </p>
   </div>
  </div>
