  <div class='ocr_page' id='page_1' title='image "/cluster/home/n/w/nwhite01/storage/ocr_20150623/74/hvd.32044048207120/204.png"; bbox 0 0 4042 6204; ppageno 0'>
   <div class='ocr_carea' id='block_1_1' title="bbox 387 285 1981 355">
    <p class='ocr_par' dir='ltr' id='par_1_1' title="bbox 387 285 1981 346">
     <span class='ocr_line' id='line_1_1' title="bbox 387 285 1981 346; baseline 0.001 -3"><span class='ocrx_word' id='word_1_1' title='bbox 387 285 490 343; x_wconf 77' lang='grc'>’597</span> <span class='ocrx_word' id='word_1_2' title='bbox 1430 288 1495 343; x_wconf 80' lang='grc' dir='ltr'>ΙΝ</span> <span class='ocrx_word' id='word_1_3' title='bbox 1529 288 1813 346; x_wconf 63' lang='grc' dir='ltr'>,ιοΑΝΝιδ</span> <span class='ocrx_word' id='word_1_4' title='bbox 1856 288 1981 346; x_wconf 68' lang='lat' dir='ltr'>EVA</span> 
     </span>
    </p>
   </div>
   <div class='ocr_carea' id='block_1_2' title="bbox 2086 285 3658 355">
    <p class='ocr_par' dir='ltr' id='par_1_2' title="bbox 2093 288 3658 355">
     <span class='ocr_line' id='line_1_2' title="bbox 2093 288 3658 355; baseline 0.006 -10"><span class='ocrx_word' id='word_1_5' title='bbox 2093 289 2304 349; x_wconf 77' lang='lat' dir='ltr'>ELIUM</span> <span class='ocrx_word' id='word_1_6' title='bbox 2345 288 2475 345; x_wconf 87' lang='lat' dir='ltr'>LIB.</span> <span class='ocrx_word' id='word_1_7' title='bbox 2519 290 2583 346; x_wconf 77' lang='grc' dir='ltr'>Χ.</span> <span class='ocrx_word' id='word_1_8' title='bbox 3552 294 3658 355; x_wconf 74' lang='lat'>398</span> 
     </span>
    </p>
   </div>
   <div class='ocr_carea' id='block_1_3' title="bbox 373 404 1981 487">
    <p class='ocr_par' dir='ltr' id='par_1_3' title="bbox 373 404 1975 480">
     <span class='ocr_line' id='line_1_3' title="bbox 373 404 1975 480; baseline 0.005 -23"><span class='ocrx_word' id='word_1_9' title='bbox 373 404 436 457; x_wconf 75' lang='grc' dir='ltr'>τὸ</span> <span class='ocrx_word' id='word_1_10' title='bbox 465 405 743 475; x_wconf 80' lang='grc' dir='ltr'>μισεῖσθαι</span> <span class='ocrx_word' id='word_1_11' title='bbox 786 407 937 478; x_wconf 71' lang='grc' dir='ltr'>παρὰ</span> <span class='ocrx_word' id='word_1_12' title='bbox 975 406 1068 460; x_wconf 84' lang='grc' dir='ltr'>τοῦ</span> <span class='ocrx_word' id='word_1_13' title='bbox 1120 408 1327 480; x_wconf 78' lang='grc' dir='ltr'>κόσμου</span> <span class='ocrx_word' id='word_1_14' title='bbox 1349 428 1361 440; x_wconf 87' lang='grc'>·</span> <span class='ocrx_word' id='word_1_15' title='bbox 1394 411 1655 478; x_wconf 79' lang='grc' dir='ltr'>νικάσθω,</span> <span class='ocrx_word' id='word_1_16' title='bbox 1683 412 1779 467; x_wconf 83' lang='grc' dir='ltr'>καὶ</span> <span class='ocrx_word' id='word_1_17' title='bbox 1816 412 1975 466; x_wconf 85' lang='grc' dir='ltr'>τοῦτο</span> 
     </span>
    </p>
   </div>
   <div class='ocr_carea' id='block_1_4' title="bbox 2086 404 3664 487">
    <p class='ocr_par' dir='ltr' id='par_1_4' title="bbox 2086 410 3664 487">
     <span class='ocr_line' id='line_1_4' title="bbox 2086 410 3664 487; baseline 0.003 -23"><span class='ocrx_word' id='word_1_18' title='bbox 2086 426 2294 466; x_wconf 89' lang='lat' dir='ltr'><strong>merces</strong></span> <span class='ocrx_word' id='word_1_19' title='bbox 2323 419 2507 467; x_wconf 85' lang='lat' dir='ltr'><strong>vestra</strong></span> <span class='ocrx_word' id='word_1_20' title='bbox 2558 410 2781 482; x_wconf 81' lang='lat' dir='ltr'><strong>copiosa</strong></span> <span class='ocrx_word' id='word_1_21' title='bbox 2811 419 2893 467; x_wconf 90' lang='lat' dir='ltr'>est</span> <span class='ocrx_word' id='word_1_22' title='bbox 2929 412 2983 466; x_wconf 91' lang='lat' dir='ltr'>in</span> <span class='ocrx_word' id='word_1_23' title='bbox 3013 411 3191 469; x_wconf 60' lang='lat' dir='ltr'><strong>caelis.</strong></span> <span class='ocrx_word' id='word_1_24' title='bbox 3229 410 3323 469; x_wconf 87' lang='lat' dir='ltr'>Sic</span> <span class='ocrx_word' id='word_1_25' title='bbox 3358 414 3506 471; x_wconf 88' lang='lat' dir='ltr'><strong>enim</strong></span> <span class='ocrx_word' id='word_1_26' title='bbox 3539 430 3664 487; x_wconf 82' lang='lat' dir='ltr'><strong>per-</strong></span> 
     </span>
    </p>
   </div>
   <div class='ocr_carea' id='block_1_5' title="bbox 372 486 1981 574">
    <p class='ocr_par' dir='ltr' id='par_1_5' title="bbox 372 486 1962 574">
     <span class='ocr_line' id='line_1_5' title="bbox 372 486 1962 574; baseline 0.004 -24"><span class='ocrx_word' id='word_1_27' title='bbox 372 486 797 569; x_wconf 71' lang='grc' dir='ltr'>διαρρίπτεσθαι</span> <span class='ocrx_word' id='word_1_28' title='bbox 850 501 910 552; x_wconf 83' lang='grc' dir='ltr'>τὸ</span> <span class='ocrx_word' id='word_1_29' title='bbox 967 499 1400 573; x_wconf 84' lang='grc' dir='ltr'>παραπόδισμα,</span> <span class='ocrx_word' id='word_1_30' title='bbox 1455 502 1544 556; x_wconf 77' lang='grc' dir='ltr'>διὰ</span> <span class='ocrx_word' id='word_1_31' title='bbox 1579 502 1677 556; x_wconf 83' lang='grc' dir='ltr'>τοῦ</span> <span class='ocrx_word' id='word_1_32' title='bbox 1727 504 1801 574; x_wconf 78' lang='grc' dir='ltr'>μὴ</span> <span class='ocrx_word' id='word_1_33' title='bbox 1842 502 1962 556; x_wconf 82' lang='grc' dir='ltr'>λίαν</span> 
     </span>
    </p>
   </div>
   <div class='ocr_carea' id='block_1_6' title="bbox 2086 486 3587 574">
    <p class='ocr_par' dir='ltr' id='par_1_6' title="bbox 2086 486 3587 574">
     <span class='ocr_line' id='line_1_6' title="bbox 2086 486 3587 574; baseline 0 -16"><span class='ocrx_word' id='word_1_34' title='bbox 2086 503 2262 558; x_wconf 86' lang='lat' dir='ltr'><strong>secuti</strong></span> <span class='ocrx_word' id='word_1_35' title='bbox 2295 512 2423 558; x_wconf 91' lang='lat' dir='ltr'><strong>sunt</strong></span> <span class='ocrx_word' id='word_1_36' title='bbox 2452 503 2769 573; x_wconf 76' lang='lat' dir='ltr'>prophetas,</span> <span class='ocrx_word' id='word_1_37' title='bbox 2805 503 2901 574; x_wconf 85' lang='lat' dir='ltr'><strong>qui</strong></span> <span class='ocrx_word' id='word_1_38' title='bbox 2930 501 3154 559; x_wconf 79' lang='lat' dir='ltr'><strong>fuerunt</strong></span> <span class='ocrx_word' id='word_1_39' title='bbox 3181 512 3311 560; x_wconf 87' lang='lat' dir='ltr'><strong>ante</strong></span> <span class='ocrx_word' id='word_1_40' title='bbox 3340 520 3437 560; x_wconf 90' lang='lat' dir='ltr'>vos</span> <span class='ocrx_word' id='word_1_41' title='bbox 3461 505 3529 558; x_wconf 68' lang='grc' dir='ltr'>δ’.</span> <span class='ocrx_word' id='word_1_42' title='bbox 3550 486 3587 558; x_wconf 14' lang='grc' dir='ltr'>ν»</span> 
     </span>
    </p>
   </div>
   <div class='ocr_carea' id='block_1_7' title="bbox 372 587 3664 669">
    <p class='ocr_par' dir='ltr' id='par_1_7' title="bbox 372 587 3664 669">
     <span class='ocr_line' id='line_1_7' title="bbox 372 587 3664 669; baseline 0.003 -27"><span class='ocrx_word' id='word_1_43' title='bbox 372 587 670 661; x_wconf 69' lang='grc' dir='ltr'>ἐφήδεσθαι</span> <span class='ocrx_word' id='word_1_44' title='bbox 701 593 821 654; x_wconf 86' lang='grc' dir='ltr'>ταῖς</span> <span class='ocrx_word' id='word_1_45' title='bbox 854 592 962 645; x_wconf 84' lang='grc' dir='ltr'>τῶν</span> <span class='ocrx_word' id='word_1_46' title='bbox 1007 592 1349 662; x_wconf 76' lang='grc' dir='ltr'>ἀγαπώντων</span> <span class='ocrx_word' id='word_1_47' title='bbox 1390 595 1555 649; x_wconf 80' lang='grc' dir='ltr'>αὐτὸν</span> <span class='ocrx_word' id='word_1_48' title='bbox 1584 599 1791 666; x_wconf 84' lang='grc' dir='ltr'>τιμαῖς,</span> <span class='ocrx_word' id='word_1_49' title='bbox 1812 596 1861 649; x_wconf 84' lang='grc' dir='ltr'>εί</span> <span class='ocrx_word' id='word_1_50' title='bbox 1894 594 1970 668; x_wconf 82' lang='grc' dir='ltr'>μὴ</span> <span class='ocrx_word' id='word_1_51' title='bbox 2008 595 2103 649; x_wconf 86' lang='grc' dir='ltr'>τοῦ</span> <span class='ocrx_word' id='word_1_52' title='bbox 2150 594 2457 665; x_wconf 77' lang='grc' dir='ltr'>πεφυκότος</span> <span class='ocrx_word' id='word_1_53' title='bbox 2494 595 2727 666; x_wconf 81' lang='grc' dir='ltr'>ὠφελεῖν</span> <span class='ocrx_word' id='word_1_54' title='bbox 2771 596 3047 668; x_wconf 75' lang='grc' dir='ltr'>ἀνέχοιντο</span> <span class='ocrx_word' id='word_1_55' title='bbox 3075 596 3236 667; x_wconf 86' lang='grc' dir='ltr'>λόγου</span> <span class='ocrx_word' id='word_1_56' title='bbox 3261 613 3274 627; x_wconf 81' lang='grc'><strong>-</strong></span> <span class='ocrx_word' id='word_1_57' title='bbox 3338 598 3556 669; x_wconf 85' lang='grc' dir='ltr'>ὁράσθω</span> <span class='ocrx_word' id='word_1_58' title='bbox 3610 599 3664 653; x_wconf 61' lang='grc' dir='ltr'>δὲ</span> 
     </span>
    </p>
   </div>
   <div class='ocr_carea' id='block_1_8' title="bbox 378 682 3663 761">
    <p class='ocr_par' dir='ltr' id='par_1_8' title="bbox 378 682 3663 761">
     <span class='ocr_line' id='line_1_8' title="bbox 378 682 3663 761; baseline 0.002 -25"><span class='ocrx_word' id='word_1_59' title='bbox 378 682 651 754; x_wconf 78' lang='grc' dir='ltr'>μηδαμῶς</span> <span class='ocrx_word' id='word_1_60' title='bbox 709 682 773 737; x_wconf 77' lang='grc' dir='ltr'>τὸ</span> <span class='ocrx_word' id='word_1_61' title='bbox 808 684 1091 753; x_wconf 81' lang='grc' dir='ltr'>μισεῖσθαι</span> <span class='ocrx_word' id='word_1_62' title='bbox 1148 688 1424 759; x_wconf 70' lang='grc' dir='ltr'>φορτικὸν,</span> <span class='ocrx_word' id='word_1_63' title='bbox 1470 687 1606 759; x_wconf 83' lang='grc' dir='ltr'>ἐμοῦ</span> <span class='ocrx_word' id='word_1_64' title='bbox 1654 688 1809 742; x_wconf 85' lang='grc' dir='ltr'>τοῦτο</span> <span class='ocrx_word' id='word_1_65' title='bbox 1848 688 2307 761; x_wconf 86' lang='grc' dir='ltr'>προπεπονθότος.</span> <span class='ocrx_word' id='word_1_66' title='bbox 2330 689 2459 761; x_wconf 69' lang='grc' dir='ltr'>Εἰμὶ</span> <span class='ocrx_word' id='word_1_67' title='bbox 2485 689 2541 743; x_wconf 81' lang='grc' dir='ltr'>δὲ</span> <span class='ocrx_word' id='word_1_68' title='bbox 2573 689 2815 761; x_wconf 89' lang='grc' dir='ltr'>δηλονότι</span> <span class='ocrx_word' id='word_1_69' title='bbox 2874 689 3080 761; x_wconf 83' lang='grc' dir='ltr'>Κύριος</span> <span class='ocrx_word' id='word_1_70' title='bbox 3145 690 3241 744; x_wconf 70' lang='grc' dir='ltr'>καὶ</span> <span class='ocrx_word' id='word_1_71' title='bbox 3313 690 3663 751; x_wconf 79' lang='grc' dir='ltr'>Διδάσκαλος,</span> 
     </span>
    </p>
   </div>
   <div class='ocr_carea' id='block_1_9' title="bbox 376 777 3666 858">
    <p class='ocr_par' dir='ltr' id='par_1_9' title="bbox 376 777 3666 858">
     <span class='ocr_line' id='line_1_9' title="bbox 376 777 3666 858; baseline 0.002 -28"><span class='ocrx_word' id='word_1_72' title='bbox 376 777 501 830; x_wconf 78' lang='grc' dir='ltr'>Ὀτι</span> <span class='ocrx_word' id='word_1_73' title='bbox 526 778 583 832; x_wconf 86' lang='grc' dir='ltr'>δὲ</span> <span class='ocrx_word' id='word_1_74' title='bbox 638 777 725 832; x_wconf 78' lang='grc' dir='ltr'>ἐπ’</span> <span class='ocrx_word' id='word_1_75' title='bbox 769 779 978 852; x_wconf 78' lang='grc' dir='ltr'>ὀλέθρῳ</span> <span class='ocrx_word' id='word_1_76' title='bbox 1015 780 1118 852; x_wconf 85' lang='grc' dir='ltr'>τῆς</span> <span class='ocrx_word' id='word_1_77' title='bbox 1154 781 1364 837; x_wconf 76' lang='grc' dir='ltr'>ἑαυτῶν</span> <span class='ocrx_word' id='word_1_78' title='bbox 1415 781 1655 854; x_wconf 82' lang='grc' dir='ltr'>κεφαλῆς</span> <span class='ocrx_word' id='word_1_79' title='bbox 1683 783 1779 838; x_wconf 75' lang='grc' dir='ltr'>καὶ</span> <span class='ocrx_word' id='word_1_80' title='bbox 1807 784 1971 839; x_wconf 79' lang='grc' dir='ltr'>αὐτὸν</span> <span class='ocrx_word' id='word_1_81' title='bbox 2013 786 2354 856; x_wconf 81' lang='grc' dir='ltr'>μεμισήκασι</span> <span class='ocrx_word' id='word_1_82' title='bbox 2404 786 2498 839; x_wconf 76' lang='grc' dir='ltr'>τὸν</span> <span class='ocrx_word' id='word_1_83' title='bbox 2582 785 2851 857; x_wconf 84' lang='grc' dir='ltr'>Χριστὸν,</span> <span class='ocrx_word' id='word_1_84' title='bbox 2916 788 2965 840; x_wconf 85' lang='grc' dir='ltr'>οἱ</span> <span class='ocrx_word' id='word_1_85' title='bbox 3007 787 3074 841; x_wconf 83' lang='grc' dir='ltr'>τὰ</span> <span class='ocrx_word' id='word_1_86' title='bbox 3113 787 3173 839; x_wconf 84' lang='grc' dir='ltr'>ἐν</span> <span class='ocrx_word' id='word_1_87' title='bbox 3216 787 3408 858; x_wconf 83' lang='grc' dir='ltr'>κόσμῳ</span> <span class='ocrx_word' id='word_1_88' title='bbox 3454 788 3666 857; x_wconf 75' lang='grc' dir='ltr'>φρονεῖν</span> 
     </span>
    </p>
   </div>
   <div class='ocr_carea' id='block_1_10' title="bbox 373 873 3667 954">
    <p class='ocr_par' dir='ltr' id='par_1_10' title="bbox 373 873 3667 954">
     <span class='ocr_line' id='line_1_10' title="bbox 373 873 3667 954; baseline 0.003 -27"><span class='ocrx_word' id='word_1_89' title='bbox 373 873 667 944; x_wconf 68' lang='grc' dir='ltr'>ᾑρημένοι,</span> <span class='ocrx_word' id='word_1_90' title='bbox 695 876 791 929; x_wconf 72' lang='grc' dir='ltr'>καὶ</span> <span class='ocrx_word' id='word_1_91' title='bbox 819 875 930 929; x_wconf 87' lang='grc' dir='ltr'>τῶν</span> <span class='ocrx_word' id='word_1_92' title='bbox 968 875 1238 948; x_wconf 82' lang='grc' dir='ltr'>οὐρανίων</span> <span class='ocrx_word' id='word_1_93' title='bbox 1289 877 1805 950; x_wconf 69' lang='grc' dir='ltr'>ὑπερφρονήσαντες</span> <span class='ocrx_word' id='word_1_94' title='bbox 1831 879 2073 949; x_wconf 83' lang='grc' dir='ltr'>ἀγαθῶν,</span> <span class='ocrx_word' id='word_1_95' title='bbox 2107 880 2208 933; x_wconf 81' lang='grc' dir='ltr'>οὐκ</span> <span class='ocrx_word' id='word_1_96' title='bbox 2280 880 2438 952; x_wconf 76' lang='grc' dir='ltr'>ἔργον</span> <span class='ocrx_word' id='word_1_97' title='bbox 2476 876 2631 952; x_wconf 77' lang='grc' dir='ltr'>οἶμαι</span> <span class='ocrx_word' id='word_1_98' title='bbox 2670 881 2959 936; x_wconf 84' lang='grc' dir='ltr'>δεικνύειν.</span> <span class='ocrx_word' id='word_1_99' title='bbox 3009 883 3154 954; x_wconf 75' lang='grc' dir='ltr'>Ἔφη</span> <span class='ocrx_word' id='word_1_100' title='bbox 3198 884 3306 954; x_wconf 82' lang='grc' dir='ltr'>γὰρ</span> <span class='ocrx_word' id='word_1_101' title='bbox 3368 883 3529 947; x_wconf 72' lang='grc' dir='ltr'>αὐτὸς</span> <span class='ocrx_word' id='word_1_102' title='bbox 3610 885 3667 937; x_wconf 83' lang='grc' dir='ltr'>ἐν</span> 
     </span>
    </p>
   </div>
   <div class='ocr_carea' id='block_1_11' title="bbox 370 968 3671 1049">
    <p class='ocr_par' dir='ltr' id='par_1_11' title="bbox 370 968 3671 1049">
     <span class='ocr_line' id='line_1_11' title="bbox 370 968 3671 1049; baseline 0.003 -30"><span class='ocrx_word' id='word_1_103' title='bbox 370 968 485 1029; x_wconf 87' lang='grc' dir='ltr'>τοῖς</span> <span class='ocrx_word' id='word_1_104' title='bbox 513 969 871 1037; x_wconf 77' lang='grc' dir='ltr'>Εὐαγγελίοις</span> <span class='ocrx_word' id='word_1_105' title='bbox 898 971 1033 1041; x_wconf 76' lang='grc' dir='ltr'>πρός</span> <span class='ocrx_word' id='word_1_106' title='bbox 1057 987 1209 1033; x_wconf 88' lang='grc' dir='ltr'>τινας</span> <span class='ocrx_word' id='word_1_107' title='bbox 1232 986 1249 1003; x_wconf 75' lang='grc' dir='ltr'><strong>ο</strong></span> <span class='ocrx_word' id='word_1_108' title='bbox 1289 989 1307 1021; x_wconf 80' lang='grc' dir='ltr'>ι</span> <span class='ocrx_word' id='word_1_109' title='bbox 1342 970 1417 1024; x_wconf 83' lang='grc' dir='ltr'>Οὐ</span> <span class='ocrx_word' id='word_1_110' title='bbox 1444 970 1670 1026; x_wconf 82' lang='grc' dir='ltr'>δύναται</span> <span class='ocrx_word' id='word_1_111' title='bbox 1699 974 1727 1025; x_wconf 90' lang='grc' dir='ltr'>ὁ</span> <span class='ocrx_word' id='word_1_112' title='bbox 1757 970 1961 1044; x_wconf 79' lang='grc' dir='ltr'>κόσμος</span> <span class='ocrx_word' id='word_1_113' title='bbox 2002 976 2179 1044; x_wconf 84' lang='grc' dir='ltr'>μισεῖν</span> <span class='ocrx_word' id='word_1_114' title='bbox 2210 973 2355 1043; x_wconf 75' lang='grc' dir='ltr'>ὑμᾶς</span> <span class='ocrx_word' id='word_1_115' title='bbox 2379 988 2395 1003; x_wconf 89' lang='grc'><strong>·</strong></span> <span class='ocrx_word' id='word_1_116' title='bbox 2428 973 2526 1044; x_wconf 78' lang='grc' dir='ltr'>ἐμὲ</span> <span class='ocrx_word' id='word_1_117' title='bbox 2576 973 2635 1027; x_wconf 82' lang='grc' dir='ltr'>δὲ</span> <span class='ocrx_word' id='word_1_118' title='bbox 2686 977 2858 1043; x_wconf 87' lang='grc' dir='ltr'>μισεῖ,</span> <span class='ocrx_word' id='word_1_119' title='bbox 2898 976 2978 1029; x_wconf 84' lang='grc' dir='ltr'>ὅτι</span> <span class='ocrx_word' id='word_1_120' title='bbox 3025 974 3139 1045; x_wconf 82' lang='grc' dir='ltr'>ἐγὼ</span> <span class='ocrx_word' id='word_1_121' title='bbox 3206 976 3472 1049; x_wconf 80' lang='grc' dir='ltr'>μαρτυρῶ</span> <span class='ocrx_word' id='word_1_122' title='bbox 3542 977 3671 1046; x_wconf 70' lang='grc' dir='ltr'>περὶ</span> 
     </span>
    </p>
   </div>
   <div class='ocr_carea' id='block_1_12' title="bbox 368 1058 3671 1136">
    <p class='ocr_par' dir='ltr' id='par_1_12' title="bbox 368 1058 3671 1136">
     <span class='ocr_line' id='line_1_12' title="bbox 368 1058 3671 1136; baseline 0.002 -22"><span class='ocrx_word' id='word_1_123' title='bbox 368 1059 576 1123; x_wconf 78' lang='grc' dir='ltr'>αὑτοῦ,</span> <span class='ocrx_word' id='word_1_124' title='bbox 604 1060 782 1114; x_wconf 82' lang='grc' dir='ltr'>ὅτιτά</span> <span class='ocrx_word' id='word_1_125' title='bbox 804 1060 940 1131; x_wconf 74' lang='grc' dir='ltr'>ἔργα</span> <span class='ocrx_word' id='word_1_126' title='bbox 987 1060 1155 1115; x_wconf 77' lang='grc' dir='ltr'>αὐτοῦ</span> <span class='ocrx_word' id='word_1_127' title='bbox 1190 1062 1405 1133; x_wconf 85' lang='grc' dir='ltr'>πονηρά</span> <span class='ocrx_word' id='word_1_128' title='bbox 1442 1063 1581 1118; x_wconf 71' lang='grc' dir='ltr'>ἐστι.</span> <span class='ocrx_word' id='word_1_129' title='bbox 1630 1082 1650 1114; x_wconf 74' lang='grc' dir='ltr'>ι</span> <span class='ocrx_word' id='word_1_130' title='bbox 1684 1062 1867 1117; x_wconf 78' lang='grc' dir='ltr'>Τόπον</span> <span class='ocrx_word' id='word_1_131' title='bbox 1924 1058 2016 1118; x_wconf 81' lang='grc' dir='ltr'>οῦν</span> <span class='ocrx_word' id='word_1_132' title='bbox 2053 1064 2163 1136; x_wconf 80' lang='grc' dir='ltr'>ἄρα</span> <span class='ocrx_word' id='word_1_133' title='bbox 2221 1065 2334 1128; x_wconf 84' lang='grc' dir='ltr'>τοῖς</span> <span class='ocrx_word' id='word_1_134' title='bbox 2402 1065 2582 1133; x_wconf 78' lang='grc' dir='ltr'>ἁγίοις</span> <span class='ocrx_word' id='word_1_135' title='bbox 2627 1067 2972 1132; x_wconf 83' lang='grc' dir='ltr'>ἀποστόλοις,</span> <span class='ocrx_word' id='word_1_136' title='bbox 3008 1068 3077 1121; x_wconf 82' lang='grc' dir='ltr'>τὰ</span> <span class='ocrx_word' id='word_1_137' title='bbox 3131 1068 3252 1122; x_wconf 87' lang='grc' dir='ltr'>καθ’</span> <span class='ocrx_word' id='word_1_138' title='bbox 3299 1069 3516 1133; x_wconf 78' lang='grc' dir='ltr'>ἑαυτὸν,</span> <span class='ocrx_word' id='word_1_139' title='bbox 3566 1070 3671 1123; x_wconf 83' lang='grc' dir='ltr'>κάν</span> 
     </span>
    </p>
   </div>
   <div class='ocr_carea' id='block_1_13' title="bbox 369 1156 3671 1237">
    <p class='ocr_par' dir='ltr' id='par_1_13' title="bbox 369 1156 3671 1237">
     <span class='ocr_line' id='line_1_13' title="bbox 369 1156 3671 1237; baseline 0.002 -27"><span class='ocrx_word' id='word_1_140' title='bbox 369 1157 550 1227; x_wconf 74' lang='grc' dir='ltr'>τούτῳ</span> <span class='ocrx_word' id='word_1_141' title='bbox 601 1156 665 1228; x_wconf 83' lang='grc' dir='ltr'>δὴ</span> <span class='ocrx_word' id='word_1_142' title='bbox 714 1156 877 1213; x_wconf 81' lang='grc' dir='ltr'>πάλιν</span> <span class='ocrx_word' id='word_1_143' title='bbox 925 1157 1227 1228; x_wconf 79' lang='grc' dir='ltr'>παραθεὶς,</span> <span class='ocrx_word' id='word_1_144' title='bbox 1271 1159 1582 1231; x_wconf 82' lang='grc' dir='ltr'>ίχνηλατεῖν</span> <span class='ocrx_word' id='word_1_145' title='bbox 1628 1157 1841 1213; x_wconf 77' lang='grc' dir='ltr'>κελεύει</span> <span class='ocrx_word' id='word_1_146' title='bbox 1875 1160 1970 1214; x_wconf 78' lang='grc' dir='ltr'>καὶ</span> <span class='ocrx_word' id='word_1_147' title='bbox 2007 1158 2107 1230; x_wconf 73' lang='grc' dir='ltr'>τὴν</span> <span class='ocrx_word' id='word_1_148' title='bbox 2137 1161 2231 1214; x_wconf 68' lang='grc' dir='ltr'>ἐπὶ</span> <span class='ocrx_word' id='word_1_149' title='bbox 2270 1160 2483 1225; x_wconf 84' lang='grc' dir='ltr'>τούτοις</span> <span class='ocrx_word' id='word_1_150' title='bbox 2529 1161 2668 1225; x_wconf 83' lang='grc' dir='ltr'>ὁδὸν,</span> <span class='ocrx_word' id='word_1_151' title='bbox 2692 1163 2780 1217; x_wconf 83' lang='grc' dir='ltr'>ὅτε</span> <span class='ocrx_word' id='word_1_152' title='bbox 2815 1164 2910 1217; x_wconf 83' lang='grc' dir='ltr'>καὶ</span> <span class='ocrx_word' id='word_1_153' title='bbox 2954 1163 3253 1237; x_wconf 73' lang='grc' dir='ltr'>διαρρήδην</span> <span class='ocrx_word' id='word_1_154' title='bbox 3300 1165 3492 1233; x_wconf 74' lang='grc' dir='ltr'>ἔλεγεν</span> <span class='ocrx_word' id='word_1_155' title='bbox 3549 1165 3671 1219; x_wconf 64' lang='grc' dir='ltr'>ἑτέ.</span> 
     </span>
    </p>
   </div>
   <div class='ocr_carea' id='block_1_14' title="bbox 373 1254 3669 1333">
    <p class='ocr_par' dir='ltr' id='par_1_14' title="bbox 373 1254 3669 1333">
     <span class='ocr_line' id='line_1_14' title="bbox 373 1254 3669 1333; baseline 0.002 -28"><span class='ocrx_word' id='word_1_156' title='bbox 373 1254 513 1322; x_wconf 84' lang='grc' dir='ltr'>ρωθί</span> <span class='ocrx_word' id='word_1_157' title='bbox 573 1271 666 1307; x_wconf 88' lang='grc' dir='ltr'>ποι</span> <span class='ocrx_word' id='word_1_158' title='bbox 716 1254 915 1308; x_wconf 76' lang='grc' dir='ltr'>πάλιν·</span> <span class='ocrx_word' id='word_1_159' title='bbox 991 1273 1008 1307; x_wconf 87' lang='grc' dir='ltr'>ι</span> <span class='ocrx_word' id='word_1_160' title='bbox 1042 1255 1321 1328; x_wconf 86' lang='grc' dir='ltr'>Μακάριοί</span> <span class='ocrx_word' id='word_1_161' title='bbox 1364 1256 1511 1321; x_wconf 76' lang='grc' dir='ltr'>ἐστε,</span> <span class='ocrx_word' id='word_1_162' title='bbox 1558 1257 1689 1311; x_wconf 83' lang='grc' dir='ltr'>ὅταν</span> <span class='ocrx_word' id='word_1_163' title='bbox 1738 1256 2005 1321; x_wconf 83' lang='grc' dir='ltr'>διώξωσιν</span> <span class='ocrx_word' id='word_1_164' title='bbox 2077 1258 2223 1327; x_wconf 79' lang='grc' dir='ltr'>ὑμᾶς</span> <span class='ocrx_word' id='word_1_165' title='bbox 2264 1257 2358 1311; x_wconf 73' lang='grc' dir='ltr'>καὶ</span> <span class='ocrx_word' id='word_1_166' title='bbox 2402 1257 2705 1311; x_wconf 78' lang='grc' dir='ltr'>ὁνειδίσωσι</span> <span class='ocrx_word' id='word_1_167' title='bbox 2758 1258 2854 1312; x_wconf 77' lang='grc' dir='ltr'>καὶ</span> <span class='ocrx_word' id='word_1_168' title='bbox 2904 1259 3100 1313; x_wconf 83' lang='grc' dir='ltr'>εἴπωσι</span> <span class='ocrx_word' id='word_1_169' title='bbox 3145 1261 3253 1314; x_wconf 79' lang='grc' dir='ltr'>πᾶν</span> <span class='ocrx_word' id='word_1_170' title='bbox 3282 1261 3516 1333; x_wconf 85' lang='grc' dir='ltr'>πονηρὸν</span> <span class='ocrx_word' id='word_1_171' title='bbox 3546 1261 3669 1314; x_wconf 87' lang='grc' dir='ltr'>καθ’</span> 
     </span>
    </p>
   </div>
   <div class='ocr_carea' id='block_1_15' title="bbox 370 1346 1372 1421">
    <p class='ocr_par' dir='ltr' id='par_1_15' title="bbox 370 1346 1372 1421">
     <span class='ocr_line' id='line_1_15' title="bbox 370 1346 1372 1421; baseline 0.005 -22"><span class='ocrx_word' id='word_1_172' title='bbox 370 1346 532 1419; x_wconf 81' lang='grc' dir='ltr'>ὑμῶν</span> <span class='ocrx_word' id='word_1_173' title='bbox 580 1349 904 1421; x_wconf 73' lang='grc' dir='ltr'>ψευδόμενοι</span> <span class='ocrx_word' id='word_1_174' title='bbox 949 1346 1140 1405; x_wconf 77' lang='grc' dir='ltr'>ἕνεκεν</span> <span class='ocrx_word' id='word_1_175' title='bbox 1183 1351 1322 1421; x_wconf 82' lang='grc' dir='ltr'>ἐμοῦ</span> <span class='ocrx_word' id='word_1_176' title='bbox 1360 1368 1372 1382; x_wconf 75' lang='grc' dir='ltr'>ο</span> 
     </span>
    </p>
   </div>
   <div class='ocr_carea' id='block_1_16' title="bbox 1450 1351 3665 1447">
    <p class='ocr_par' dir='ltr' id='par_1_16' title="bbox 1450 1351 3665 1447">
     <span class='ocr_line' id='line_1_16' title="bbox 1450 1351 3665 1447; baseline 0.003 -42"><span class='ocrx_word' id='word_1_177' title='bbox 1450 1352 1673 1424; x_wconf 77' lang='grc' dir='ltr'>χαίρετε</span> <span class='ocrx_word' id='word_1_178' title='bbox 1732 1351 1830 1406; x_wconf 76' lang='grc' dir='ltr'>καὶ</span> <span class='ocrx_word' id='word_1_179' title='bbox 1877 1352 2251 1422; x_wconf 84' lang='grc' dir='ltr'>ἀγαλλιᾶσθε,</span> <span class='ocrx_word' id='word_1_180' title='bbox 2330 1352 2412 1447; x_wconf 37' lang='grc' dir='ltr'>δ’τι</span> <span class='ocrx_word' id='word_1_181' title='bbox 2459 1354 2488 1407; x_wconf 90' lang='grc' dir='ltr'>ὁ</span> <span class='ocrx_word' id='word_1_182' title='bbox 2537 1353 2729 1423; x_wconf 75' lang='grc' dir='ltr'>μισθὸς</span> <span class='ocrx_word' id='word_1_183' title='bbox 2799 1354 2953 1424; x_wconf 77' lang='grc' dir='ltr'>ὑμῶν</span> <span class='ocrx_word' id='word_1_184' title='bbox 3009 1354 3178 1418; x_wconf 76' lang='grc' dir='ltr'>πολὺς</span> <span class='ocrx_word' id='word_1_185' title='bbox 3235 1357 3295 1409; x_wconf 81' lang='grc' dir='ltr'>ἐν</span> <span class='ocrx_word' id='word_1_186' title='bbox 3348 1359 3460 1421; x_wconf 86' lang='grc' dir='ltr'>τοῖς</span> <span class='ocrx_word' id='word_1_187' title='bbox 3498 1356 3665 1427; x_wconf 74' lang='grc' dir='ltr'>οὖρα-</span> 
     </span>
    </p>
   </div>
   <div class='ocr_carea' id='block_1_17' title="bbox 369 1443 2233 1520">
    <p class='ocr_par' dir='ltr' id='par_1_17' title="bbox 369 1443 2233 1520">
     <span class='ocr_line' id='line_1_17' title="bbox 369 1443 2233 1520; baseline 0.002 -24"><span class='ocrx_word' id='word_1_188' title='bbox 369 1447 504 1507; x_wconf 68' lang='grc' dir='ltr'>νοῖς.</span> <span class='ocrx_word' id='word_1_189' title='bbox 546 1443 703 1498; x_wconf 77' lang='grc' dir='ltr'>υῦτω</span> <span class='ocrx_word' id='word_1_190' title='bbox 751 1444 860 1516; x_wconf 81' lang='grc' dir='ltr'>γὰρ</span> <span class='ocrx_word' id='word_1_191' title='bbox 908 1443 1136 1509; x_wconf 76' lang='grc' dir='ltr'>ἐδίωξαν</span> <span class='ocrx_word' id='word_1_192' title='bbox 1177 1446 1304 1510; x_wconf 81' lang='grc' dir='ltr'>τοὺς</span> <span class='ocrx_word' id='word_1_193' title='bbox 1351 1449 1637 1519; x_wconf 64' lang='grc' dir='ltr'>προφήτας</span> <span class='ocrx_word' id='word_1_194' title='bbox 1684 1449 1811 1513; x_wconf 81' lang='grc' dir='ltr'>τοὺς</span> <span class='ocrx_word' id='word_1_195' title='bbox 1860 1448 1968 1520; x_wconf 76' lang='grc' dir='ltr'>πρὸ</span> <span class='ocrx_word' id='word_1_196' title='bbox 2002 1448 2175 1520; x_wconf 75' lang='grc' dir='ltr'>ὑμῶν.</span> <span class='ocrx_word' id='word_1_197' title='bbox 2214 1467 2233 1500; x_wconf 81' lang='grc' dir='ltr'>ι</span> 
     </span>
    </p>
   </div>
   <div class='ocr_carea' id='block_1_18' title="bbox 444 1538 1971 1613">
    <p class='ocr_par' dir='ltr' id='par_1_18' title="bbox 444 1538 1971 1613">
     <span class='ocr_line' id='line_1_18' title="bbox 444 1538 1971 1613; baseline 0.001 -14"><span class='ocrx_word' id='word_1_198' title='bbox 444 1547 516 1600; x_wconf 77' lang='grc' dir='ltr'>Εἰ</span> <span class='ocrx_word' id='word_1_199' title='bbox 550 1545 620 1599; x_wconf 81' lang='grc' dir='ltr'>ἐκ</span> <span class='ocrx_word' id='word_1_200' title='bbox 676 1542 783 1597; x_wconf 82' lang='grc' dir='ltr'>τοῦ</span> <span class='ocrx_word' id='word_1_201' title='bbox 829 1542 1063 1611; x_wconf 81' lang='grc' dir='ltr'>κόσμου</span> <span class='ocrx_word' id='word_1_202' title='bbox 1090 1538 1214 1613; x_wconf 82' lang='grc' dir='ltr'>ἦτε,</span> <span class='ocrx_word' id='word_1_203' title='bbox 1244 1546 1277 1597; x_wconf 86' lang='grc' dir='ltr'>ό</span> <span class='ocrx_word' id='word_1_204' title='bbox 1308 1544 1539 1613; x_wconf 80' lang='grc' dir='ltr'>κόσμος</span> <span class='ocrx_word' id='word_1_205' title='bbox 1581 1545 1658 1599; x_wconf 82' lang='grc' dir='ltr'>ἂν</span> <span class='ocrx_word' id='word_1_206' title='bbox 1701 1545 1769 1600; x_wconf 85' lang='grc' dir='ltr'>τὸ</span> <span class='ocrx_word' id='word_1_207' title='bbox 1815 1545 1971 1600; x_wconf 76' lang='grc' dir='ltr'>ἴδιον</span> 
     </span>
    </p>
   </div>
   <div class='ocr_carea' id='block_1_19' title="bbox 369 1634 1973 1707">
    <p class='ocr_par' dir='ltr' id='par_1_19' title="bbox 369 1634 1973 1707">
     <span class='ocr_line' id='line_1_19' title="bbox 369 1634 1973 1707; baseline 0.002 -17"><span class='ocrx_word' id='word_1_208' title='bbox 369 1638 588 1707; x_wconf 67' lang='grc' dir='ltr'>ἐφίλει·</span> <span class='ocrx_word' id='word_1_209' title='bbox 626 1636 715 1690; x_wconf 86' lang='grc' dir='ltr'>ὅτι</span> <span class='ocrx_word' id='word_1_210' title='bbox 748 1634 818 1689; x_wconf 82' lang='grc' dir='ltr'>δὲ</span> <span class='ocrx_word' id='word_1_211' title='bbox 834 1636 905 1689; x_wconf 80' lang='grc' dir='ltr'>ἐκ</span> <span class='ocrx_word' id='word_1_212' title='bbox 937 1634 1044 1689; x_wconf 83' lang='grc' dir='ltr'>τοῦ</span> <span class='ocrx_word' id='word_1_213' title='bbox 1092 1635 1327 1704; x_wconf 78' lang='grc' dir='ltr'>κόσμου</span> <span class='ocrx_word' id='word_1_214' title='bbox 1364 1637 1475 1690; x_wconf 76' lang='grc' dir='ltr'>οὐκ</span> <span class='ocrx_word' id='word_1_215' title='bbox 1496 1636 1659 1701; x_wconf 81' lang='grc' dir='ltr'>ἐστὲ,</span> <span class='ocrx_word' id='word_1_216' title='bbox 1693 1637 1830 1692; x_wconf 69' lang='grc' dir='ltr'>ἀλλ’</span> <span class='ocrx_word' id='word_1_217' title='bbox 1857 1638 1973 1707; x_wconf 74' lang='grc' dir='ltr'>ἐγὼ</span> 
     </span>
    </p>
   </div>
   <div class='ocr_carea' id='block_1_20' title="bbox 2146 1542 3668 1619">
    <p class='ocr_par' dir='ltr' id='par_1_20' title="bbox 2146 1542 3668 1619">
     <span class='ocr_line' id='line_1_20' title="bbox 2146 1542 3668 1619; baseline 0.002 -19"><span class='ocrx_word' id='word_1_218' title='bbox 2146 1544 2312 1615; x_wconf 76' lang='lat'>897</span> <span class='ocrx_word' id='word_1_219' title='bbox 2350 1542 2464 1609; x_wconf 79' lang='lat' dir='ltr'>XV,</span> <span class='ocrx_word' id='word_1_220' title='bbox 2494 1545 2579 1600; x_wconf 88' lang='lat' dir='ltr'><strong>l9.</strong></span> <span class='ocrx_word' id='word_1_221' title='bbox 2608 1544 2667 1601; x_wconf 79' lang='lat' dir='ltr'><strong>Si</strong></span> <span class='ocrx_word' id='word_1_222' title='bbox 2689 1545 2753 1601; x_wconf 82' lang='lat' dir='ltr'>de</span> <span class='ocrx_word' id='word_1_223' title='bbox 2778 1546 2972 1600; x_wconf 81' lang='lat' dir='ltr'><strong>mundo</strong></span> <span class='ocrx_word' id='word_1_224' title='bbox 2992 1546 3251 1615; x_wconf 78' lang='lat' dir='ltr'><strong>fuissetis,</strong></span> <span class='ocrx_word' id='word_1_225' title='bbox 3274 1546 3503 1603; x_wconf 82' lang='lat' dir='ltr'><strong>mundus</strong></span> <span class='ocrx_word' id='word_1_226' title='bbox 3528 1549 3668 1619; x_wconf 85' lang='lat' dir='ltr'><strong>quod</strong></span> 
     </span>
    </p>
   </div>
   <div class='ocr_carea' id='block_1_21' title="bbox 2077 1636 3667 1709">
    <p class='ocr_par' dir='ltr' id='par_1_21' title="bbox 2077 1636 3667 1709">
     <span class='ocr_line' id='line_1_21' title="bbox 2077 1636 3667 1709; baseline 0.003 -18"><span class='ocrx_word' id='word_1_227' title='bbox 2077 1652 2232 1691; x_wconf 78' lang='lat' dir='ltr'><strong>suum</strong></span> <span class='ocrx_word' id='word_1_228' title='bbox 2268 1647 2383 1692; x_wconf 84' lang='lat' dir='ltr'><strong>erat</strong></span> <span class='ocrx_word' id='word_1_229' title='bbox 2415 1636 2692 1709; x_wconf 70' lang='lat' dir='ltr'><strong>diligeret:</strong></span> <span class='ocrx_word' id='word_1_230' title='bbox 2717 1640 2845 1708; x_wconf 83' lang='lat' dir='ltr'>quia</span> <span class='ocrx_word' id='word_1_231' title='bbox 2888 1655 3006 1692; x_wconf 85' lang='lat' dir='ltr'><strong>vero</strong></span> <span class='ocrx_word' id='word_1_232' title='bbox 3047 1638 3111 1692; x_wconf 86' lang='lat' dir='ltr'>de</span> <span class='ocrx_word' id='word_1_233' title='bbox 3142 1639 3339 1693; x_wconf 82' lang='lat' dir='ltr'><strong>mundo</strong></span> <span class='ocrx_word' id='word_1_234' title='bbox 3372 1655 3474 1693; x_wconf 86' lang='lat' dir='ltr'>non</span> <span class='ocrx_word' id='word_1_235' title='bbox 3505 1643 3667 1703; x_wconf 82' lang='lat' dir='ltr'><strong>estis,</strong></span> 
     </span>
    </p>
   </div>
   <div class='ocr_carea' id='block_1_22' title="bbox 369 1724 1981 1818">
    <p class='ocr_par' dir='ltr' id='par_1_22' title="bbox 369 1724 1978 1800">
     <span class='ocr_line' id='line_1_22' title="bbox 369 1724 1978 1800; baseline 0.001 -18"><span class='ocrx_word' id='word_1_236' title='bbox 369 1727 754 1798; x_wconf 75' lang='grc' dir='ltr'>ἐξελεξάμην</span> <span class='ocrx_word' id='word_1_237' title='bbox 776 1724 932 1797; x_wconf 82' lang='grc' dir='ltr'>ὑμᾶς</span> <span class='ocrx_word' id='word_1_238' title='bbox 955 1726 1022 1781; x_wconf 82' lang='grc' dir='ltr'>ἐκ</span> <span class='ocrx_word' id='word_1_239' title='bbox 1042 1726 1152 1781; x_wconf 83' lang='grc' dir='ltr'>τοῦ</span> <span class='ocrx_word' id='word_1_240' title='bbox 1179 1727 1433 1798; x_wconf 79' lang='grc' dir='ltr'>κόσμου,</span> <span class='ocrx_word' id='word_1_241' title='bbox 1465 1727 1563 1782; x_wconf 82' lang='grc' dir='ltr'>διὰ</span> <span class='ocrx_word' id='word_1_242' title='bbox 1599 1728 1775 1783; x_wconf 86' lang='grc' dir='ltr'>τοῦτο</span> <span class='ocrx_word' id='word_1_243' title='bbox 1802 1729 1978 1800; x_wconf 84' lang='grc' dir='ltr'>μισεῖ</span> 
     </span>
    </p>
   </div>
   <div class='ocr_carea' id='block_1_23' title="bbox 2086 1724 3667 1818">
    <p class='ocr_par' dir='ltr' id='par_1_23' title="bbox 2086 1729 3667 1803">
     <span class='ocr_line' id='line_1_23' title="bbox 2086 1729 3667 1803; baseline 0.002 -18"><span class='ocrx_word' id='word_1_244' title='bbox 2086 1733 2172 1787; x_wconf 80' lang='lat' dir='ltr'>sed</span> <span class='ocrx_word' id='word_1_245' title='bbox 2219 1747 2314 1802; x_wconf 83' lang='lat' dir='ltr'><strong>ego</strong></span> <span class='ocrx_word' id='word_1_246' title='bbox 2366 1731 2499 1803; x_wconf 83' lang='lat' dir='ltr'><strong>elegi</strong></span> <span class='ocrx_word' id='word_1_247' title='bbox 2555 1747 2643 1787; x_wconf 84' lang='lat' dir='ltr'><strong>vos</strong></span> <span class='ocrx_word' id='word_1_248' title='bbox 2688 1730 2753 1786; x_wconf 86' lang='lat' dir='ltr'>de</span> <span class='ocrx_word' id='word_1_249' title='bbox 2800 1729 3035 1797; x_wconf 82' lang='lat' dir='ltr'><strong>mundo,</strong></span> <span class='ocrx_word' id='word_1_250' title='bbox 3090 1740 3366 1799; x_wconf 81' lang='lat' dir='ltr'>propterea</span> <span class='ocrx_word' id='word_1_251' title='bbox 3419 1733 3532 1786; x_wconf 82' lang='lat' dir='ltr'><strong>odit</strong></span> <span class='ocrx_word' id='word_1_252' title='bbox 3576 1750 3667 1788; x_wconf 80' lang='lat' dir='ltr'><strong>vos</strong></span> 
     </span>
    </p>
   </div>
   <div class='ocr_carea' id='block_1_24' title="bbox 371 1819 886 1890">
    <p class='ocr_par' dir='ltr' id='par_1_24' title="bbox 371 1819 886 1890">
     <span class='ocr_line' id='line_1_24' title="bbox 371 1819 886 1890; baseline -0.008 -14"><span class='ocrx_word' id='word_1_253' title='bbox 371 1819 533 1890; x_wconf 79' lang='grc' dir='ltr'>ὑμᾶς</span> <span class='ocrx_word' id='word_1_254' title='bbox 571 1823 605 1875; x_wconf 86' lang='grc' dir='ltr'>ό</span> <span class='ocrx_word' id='word_1_255' title='bbox 634 1821 886 1888; x_wconf 78' lang='grc' dir='ltr'>κόσμος.</span> 
     </span>
    </p>
   </div>
   <div class='ocr_carea' id='block_1_25' title="bbox 457 1909 1982 1983">
    <p class='ocr_par' dir='ltr' id='par_1_25' title="bbox 457 1909 1982 1983">
     <span class='ocr_line' id='line_1_25' title="bbox 457 1909 1982 1983; baseline 0.002 -19"><span class='ocrx_word' id='word_1_256' title='bbox 457 1910 724 1983; x_wconf 76' lang='grc' dir='ltr'>Ἐλαφρὸν</span> <span class='ocrx_word' id='word_1_257' title='bbox 744 1912 808 1964; x_wconf 78' lang='grc' dir='ltr'>ἐκ</span> <span class='ocrx_word' id='word_1_258' title='bbox 834 1909 1030 1981; x_wconf 82' lang='grc' dir='ltr'>τέχνης</span> <span class='ocrx_word' id='word_1_259' title='bbox 1056 1910 1150 1964; x_wconf 69' lang='grc' dir='ltr'>καὶ</span> <span class='ocrx_word' id='word_1_260' title='bbox 1177 1909 1237 1964; x_wconf 79' lang='grc' dir='ltr'>τὸ</span> <span class='ocrx_word' id='word_1_261' title='bbox 1257 1911 1472 1965; x_wconf 82' lang='grc' dir='ltr'>πάντων</span> <span class='ocrx_word' id='word_1_262' title='bbox 1492 1912 1575 1965; x_wconf 80' lang='grc' dir='ltr'>ὅτι</span> <span class='ocrx_word' id='word_1_263' title='bbox 1608 1912 1842 1983; x_wconf 83' lang='grc' dir='ltr'>μάλιστα</span> <span class='ocrx_word' id='word_1_264' title='bbox 1855 1912 1982 1967; x_wconf 86' lang='grc' dir='ltr'>δυσ-</span> 
     </span>
    </p>
   </div>
   <div class='ocr_carea' id='block_1_26' title="bbox 372 1997 1980 2078">
    <p class='ocr_par' dir='ltr' id='par_1_26' title="bbox 372 1997 1980 2078">
     <span class='ocr_line' id='line_1_26' title="bbox 372 1997 1980 2078; baseline 0.001 -19"><span class='ocrx_word' id='word_1_265' title='bbox 372 2005 709 2077; x_wconf 85' lang='grc' dir='ltr'>αχθέστατον</span> <span class='ocrx_word' id='word_1_266' title='bbox 743 2004 840 2058; x_wconf 74' lang='grc' dir='ltr'>καὶ</span> <span class='ocrx_word' id='word_1_267' title='bbox 884 2006 970 2074; x_wconf 68' lang='grc' dir='ltr'>ἐφ’</span> <span class='ocrx_word' id='word_1_268' title='bbox 996 2005 1132 2078; x_wconf 83' lang='grc' dir='ltr'>ὅπερ</span> <span class='ocrx_word' id='word_1_269' title='bbox 1177 2003 1288 2077; x_wconf 80' lang='grc' dir='ltr'>[ῑσ.</span> <span class='ocrx_word' id='word_1_270' title='bbox 1324 1997 1503 2077; x_wconf 79' lang='grc' dir='ltr'>ᾧπερ]</span> <span class='ocrx_word' id='word_1_271' title='bbox 1535 2001 1603 2078; x_wconf 78' lang='grc' dir='ltr'>ἦν</span> <span class='ocrx_word' id='word_1_272' title='bbox 1630 2005 1776 2069; x_wconf 76' lang='grc' dir='ltr'>εἰκὸς</span> <span class='ocrx_word' id='word_1_273' title='bbox 1802 2006 1863 2060; x_wconf 83' lang='grc' dir='ltr'>οὐ</span> <span class='ocrx_word' id='word_1_274' title='bbox 1886 2024 1980 2077; x_wconf 82' lang='grc' dir='ltr'>με·</span> 
     </span>
    </p>
   </div>
   <div class='ocr_carea' id='block_1_27' title="bbox 372 2095 1979 2170">
    <p class='ocr_par' dir='ltr' id='par_1_27' title="bbox 372 2095 1979 2170">
     <span class='ocr_line' id='line_1_27' title="bbox 372 2095 1979 2170; baseline 0.002 -21"><span class='ocrx_word' id='word_1_275' title='bbox 372 2099 543 2169; x_wconf 81' lang='grc' dir='ltr'>τρίως</span> <span class='ocrx_word' id='word_1_276' title='bbox 560 2096 956 2168; x_wconf 80' lang='grc' dir='ltr'>δυσχεραίνειν,</span> <span class='ocrx_word' id='word_1_277' title='bbox 985 2095 1302 2167; x_wconf 81' lang='grc' dir='ltr'>παραδόξως</span> <span class='ocrx_word' id='word_1_278' title='bbox 1339 2096 1566 2168; x_wconf 77' lang='grc' dir='ltr'>ἥδεσθαι</span> <span class='ocrx_word' id='word_1_279' title='bbox 1605 2100 1768 2153; x_wconf 83' lang='grc' dir='ltr'>ποιεῖ.</span> <span class='ocrx_word' id='word_1_280' title='bbox 1790 2100 1979 2170; x_wconf 78' lang='grc' dir='ltr'>Φορτι-</span> 
     </span>
    </p>
   </div>
   <div class='ocr_carea' id='block_1_28' title="bbox 374 2188 1981 2263">
    <p class='ocr_par' dir='ltr' id='par_1_28' title="bbox 374 2188 1981 2263">
     <span class='ocr_line' id='line_1_28' title="bbox 374 2188 1981 2263; baseline 0 -18"><span class='ocrx_word' id='word_1_281' title='bbox 374 2192 473 2246; x_wconf 77' lang='grc' dir='ltr'>κὸν</span> <span class='ocrx_word' id='word_1_282' title='bbox 503 2193 602 2262; x_wconf 74' lang='grc' dir='ltr'>μὲν</span> <span class='ocrx_word' id='word_1_283' title='bbox 629 2190 739 2263; x_wconf 82' lang='grc' dir='ltr'>γὰρ</span> <span class='ocrx_word' id='word_1_284' title='bbox 774 2189 945 2252; x_wconf 73' lang='grc' dir='ltr'>ὅντως</span> <span class='ocrx_word' id='word_1_285' title='bbox 968 2188 1032 2242; x_wconf 81' lang='grc' dir='ltr'>τὸ</span> <span class='ocrx_word' id='word_1_286' title='bbox 1061 2188 1336 2260; x_wconf 86' lang='grc' dir='ltr'>μισεῖσθαι</span> <span class='ocrx_word' id='word_1_287' title='bbox 1383 2189 1521 2261; x_wconf 85' lang='grc' dir='ltr'>πρός</span> <span class='ocrx_word' id='word_1_288' title='bbox 1555 2208 1741 2252; x_wconf 89' lang='grc' dir='ltr'>τινων,</span> <span class='ocrx_word' id='word_1_289' title='bbox 1794 2190 1884 2245; x_wconf 79' lang='grc' dir='ltr'>διὰ</span> <span class='ocrx_word' id='word_1_290' title='bbox 1911 2191 1981 2245; x_wconf 81' lang='grc' dir='ltr'>τὰ</span> 
     </span>
    </p>
   </div>
   <div class='ocr_carea' id='block_1_29' title="bbox 373 2280 1980 2355">
    <p class='ocr_par' dir='ltr' id='par_1_29' title="bbox 373 2280 1980 2355">
     <span class='ocr_line' id='line_1_29' title="bbox 373 2280 1980 2355; baseline -0.001 -18"><span class='ocrx_word' id='word_1_291' title='bbox 373 2283 628 2337; x_wconf 70' lang='grc' dir='ltr'>ἐντεῦθεν</span> <span class='ocrx_word' id='word_1_292' title='bbox 674 2280 788 2335; x_wconf 76' lang='grc' dir='ltr'>ἐσθ’</span> <span class='ocrx_word' id='word_1_293' title='bbox 836 2282 922 2335; x_wconf 83' lang='grc' dir='ltr'>ὅτε</span> <span class='ocrx_word' id='word_1_294' title='bbox 943 2280 1339 2335; x_wconf 78' lang='grc' dir='ltr'>διεκκύπτοντα</span> <span class='ocrx_word' id='word_1_295' title='bbox 1361 2281 1533 2353; x_wconf 85' lang='grc' dir='ltr'>βλάϐη</span> <span class='ocrx_word' id='word_1_296' title='bbox 1561 2282 1655 2335; x_wconf 76' lang='grc' dir='ltr'>καὶ</span> <span class='ocrx_word' id='word_1_297' title='bbox 1685 2282 1980 2355; x_wconf 82' lang='grc' dir='ltr'>ἀδοκήτους</span> 
     </span>
    </p>
   </div>
   <div class='ocr_carea' id='block_1_30' title="bbox 374 2370 1980 2442">
    <p class='ocr_par' dir='ltr' id='par_1_30' title="bbox 374 2370 1980 2442">
     <span class='ocr_line' id='line_1_30' title="bbox 374 2370 1980 2442; baseline 0 -15"><span class='ocrx_word' id='word_1_298' title='bbox 374 2372 696 2436; x_wconf 75' lang='grc' dir='ltr'>ἐπιϐουλὰς,</span> <span class='ocrx_word' id='word_1_299' title='bbox 754 2370 872 2425; x_wconf 84' lang='grc' dir='ltr'>ἀλλ’</span> <span class='ocrx_word' id='word_1_300' title='bbox 915 2372 1016 2442; x_wconf 79' lang='grc' dir='ltr'>ἡδὺ</span> <span class='ocrx_word' id='word_1_301' title='bbox 1065 2373 1161 2426; x_wconf 77' lang='grc' dir='ltr'>καὶ</span> <span class='ocrx_word' id='word_1_302' title='bbox 1201 2371 1362 2426; x_wconf 90' lang='grc' dir='ltr'>τοῦτο</span> <span class='ocrx_word' id='word_1_303' title='bbox 1391 2371 1480 2426; x_wconf 73' lang='grc' dir='ltr'>διὰ</span> <span class='ocrx_word' id='word_1_304' title='bbox 1518 2372 1670 2438; x_wconf 76' lang='grc' dir='ltr'>Θεὸν,</span> <span class='ocrx_word' id='word_1_305' title='bbox 1712 2373 1805 2427; x_wconf 81' lang='grc' dir='ltr'>καὶ</span> <span class='ocrx_word' id='word_1_306' title='bbox 1852 2374 1980 2427; x_wconf 85' lang='grc' dir='ltr'>ὅταν</span> 
     </span>
    </p>
   </div>
   <div class='ocr_carea' id='block_1_31' title="bbox 377 2463 1979 2539">
    <p class='ocr_par' dir='ltr' id='par_1_31' title="bbox 377 2463 1979 2539">
     <span class='ocr_line' id='line_1_31' title="bbox 377 2463 1979 2539; baseline 0 -21"><span class='ocrx_word' id='word_1_307' title='bbox 377 2464 658 2539; x_wconf 79' lang='grc' dir='ltr'>συμϐαίνῃ</span> <span class='ocrx_word' id='word_1_308' title='bbox 686 2465 753 2518; x_wconf 81' lang='grc' dir='ltr'>δι’</span> <span class='ocrx_word' id='word_1_309' title='bbox 793 2463 1094 2530; x_wconf 76' lang='grc' dir='ltr'>εὐσέϐειαν,</span> <span class='ocrx_word' id='word_1_310' title='bbox 1123 2463 1396 2529; x_wconf 81' lang='grc' dir='ltr'>ἀπόδειξιν</span> <span class='ocrx_word' id='word_1_311' title='bbox 1434 2465 1837 2536; x_wconf 79' lang='grc' dir='ltr'>ἐναργεστάτην</span> <span class='ocrx_word' id='word_1_312' title='bbox 1867 2466 1979 2518; x_wconf 77' lang='grc' dir='ltr'>εἰσ-</span> 
     </span>
    </p>
   </div>
   <div class='ocr_carea' id='block_1_32' title="bbox 374 2541 1982 2630">
    <p class='ocr_par' dir='ltr' id='par_1_32' title="bbox 374 2541 1982 2630">
     <span class='ocr_line' id='line_1_32' title="bbox 374 2541 1982 2630; baseline -0.001 -18"><span class='ocrx_word' id='word_1_313' title='bbox 374 2559 538 2630; x_wconf 73' lang='grc' dir='ltr'>φέρει</span> <span class='ocrx_word' id='word_1_314' title='bbox 564 2558 658 2612; x_wconf 87' lang='grc' dir='ltr'>τοῦ</span> <span class='ocrx_word' id='word_1_315' title='bbox 693 2557 768 2628; x_wconf 85' lang='grc' dir='ltr'>μὴ</span> <span class='ocrx_word' id='word_1_316' title='bbox 798 2551 937 2610; x_wconf 80' lang='grc' dir='ltr'>εἶναι</span> <span class='ocrx_word' id='word_1_317' title='bbox 964 2557 1248 2627; x_wconf 77' lang='grc' dir='ltr'>κοσμικδν,</span> <span class='ocrx_word' id='word_1_318' title='bbox 1278 2557 1368 2610; x_wconf 77' lang='grc' dir='ltr'>τὸν</span> <span class='ocrx_word' id='word_1_319' title='bbox 1397 2557 1480 2626; x_wconf 81' lang='grc' dir='ltr'>ἐφ’</span> <span class='ocrx_word' id='word_1_320' title='bbox 1539 2549 1693 2627; x_wconf 77' lang='grc' dir='ltr'>ᾧπερ</span> <span class='ocrx_word' id='word_1_321' title='bbox 1721 2541 1788 2610; x_wconf 71' lang='grc' dir='ltr'>ἂν</span> <span class='ocrx_word' id='word_1_322' title='bbox 1812 2557 1982 2629; x_wconf 83' lang='grc' dir='ltr'>πράτ-</span> 
     </span>
    </p>
   </div>
   <div class='ocr_carea' id='block_1_33' title="bbox 374 2644 1975 2723">
    <p class='ocr_par' dir='ltr' id='par_1_33' title="bbox 374 2644 1975 2723">
     <span class='ocr_line' id='line_1_33' title="bbox 374 2644 1975 2723; baseline -0.002 -18"><span class='ocrx_word' id='word_1_323' title='bbox 374 2670 526 2706; x_wconf 90' lang='grc' dir='ltr'>τοιτο</span> <span class='ocrx_word' id='word_1_324' title='bbox 549 2652 699 2722; x_wconf 83' lang='grc' dir='ltr'>παρά</span> <span class='ocrx_word' id='word_1_325' title='bbox 718 2668 899 2705; x_wconf 88' lang='grc' dir='ltr'>τινων.</span> <span class='ocrx_word' id='word_1_326' title='bbox 919 2651 1131 2723; x_wconf 79' lang='grc' dir='ltr'>Ὥσπερ</span> <span class='ocrx_word' id='word_1_327' title='bbox 1145 2650 1252 2723; x_wconf 80' lang='grc' dir='ltr'>γὰρ</span> <span class='ocrx_word' id='word_1_328' title='bbox 1277 2651 1565 2720; x_wconf 84' lang='grc' dir='ltr'>σωμάτων,</span> <span class='ocrx_word' id='word_1_329' title='bbox 1588 2649 1781 2714; x_wconf 71' lang='grc' dir='ltr'>οὕτως,</span> <span class='ocrx_word' id='word_1_330' title='bbox 1804 2644 1975 2720; x_wconf 83' lang='grc' dir='ltr'>οἶμαι,</span> 
     </span>
    </p>
   </div>
   <div class='ocr_carea' id='block_1_34' title="bbox 375 2741 1978 2815">
    <p class='ocr_par' dir='ltr' id='par_1_34' title="bbox 375 2741 1978 2815">
     <span class='ocr_line' id='line_1_34' title="bbox 375 2741 1978 2815; baseline -0.001 -18"><span class='ocrx_word' id='word_1_331' title='bbox 375 2744 473 2797; x_wconf 76' lang='grc' dir='ltr'>καὶ</span> <span class='ocrx_word' id='word_1_332' title='bbox 521 2743 740 2812; x_wconf 85' lang='grc' dir='ltr'>τρόπων</span> <span class='ocrx_word' id='word_1_333' title='bbox 772 2742 1094 2811; x_wconf 82' lang='grc' dir='ltr'>συγγενείας</span> <span class='ocrx_word' id='word_1_334' title='bbox 1138 2744 1466 2815; x_wconf 78' lang='grc' dir='ltr'>εὑρήσομεν,</span> <span class='ocrx_word' id='word_1_335' title='bbox 1505 2744 1600 2796; x_wconf 77' lang='grc' dir='ltr'>καὶ</span> <span class='ocrx_word' id='word_1_336' title='bbox 1636 2742 1744 2796; x_wconf 89' lang='grc' dir='ltr'>τῶν</span> <span class='ocrx_word' id='word_1_337' title='bbox 1779 2741 1978 2813; x_wconf 83' lang='grc' dir='ltr'>ὲθῶνὴ</span> 
     </span>
    </p>
   </div>
   <div class='ocr_carea' id='block_1_35' title="bbox 376 2831 1978 2905">
    <p class='ocr_par' dir='ltr' id='par_1_35' title="bbox 376 2831 1978 2905">
     <span class='ocr_line' id='line_1_35' title="bbox 376 2831 1978 2905; baseline -0.001 -17"><span class='ocrx_word' id='word_1_338' title='bbox 376 2835 664 2905; x_wconf 78' lang='grc' dir='ltr'>ταυτότης,</span> <span class='ocrx_word' id='word_1_339' title='bbox 688 2835 783 2888; x_wconf 76' lang='grc' dir='ltr'>καὶ</span> <span class='ocrx_word' id='word_1_340' title='bbox 810 2836 843 2905; x_wconf 79' lang='grc' dir='ltr'><strong>ἡ</strong></span> <span class='ocrx_word' id='word_1_341' title='bbox 892 2834 1034 2888; x_wconf 85' lang='grc' dir='ltr'>κατά</span> <span class='ocrx_word' id='word_1_342' title='bbox 1062 2835 1170 2889; x_wconf 78' lang='grc' dir='ltr'>πᾶν</span> <span class='ocrx_word' id='word_1_343' title='bbox 1241 2833 1418 2887; x_wconf 78' lang='grc' dir='ltr'>ὁτιοῦν</span> <span class='ocrx_word' id='word_1_344' title='bbox 1481 2832 1755 2904; x_wconf 83' lang='grc' dir='ltr'>ὁμοιότης,</span> <span class='ocrx_word' id='word_1_345' title='bbox 1795 2832 1894 2904; x_wconf 79' lang='grc' dir='ltr'>τὴν</span> <span class='ocrx_word' id='word_1_346' title='bbox 1920 2831 1978 2900; x_wconf 80' lang='grc' dir='ltr'>ἐξ</span> 
     </span>
    </p>
   </div>
   <div class='ocr_carea' id='block_1_36' title="bbox 375 2922 1979 2998">
    <p class='ocr_par' dir='ltr' id='par_1_36' title="bbox 375 2922 1979 2998">
     <span class='ocr_line' id='line_1_36' title="bbox 375 2922 1979 2998; baseline -0.004 -16"><span class='ocrx_word' id='word_1_347' title='bbox 375 2928 611 2998; x_wconf 75' lang='grc' dir='ltr'>αἵματος</span> <span class='ocrx_word' id='word_1_348' title='bbox 630 2926 947 2996; x_wconf 79' lang='grc' dir='ltr'>ἀγχιστείαν</span> <span class='ocrx_word' id='word_1_349' title='bbox 979 2925 1315 2997; x_wconf 74' lang='grc' dir='ltr'>ὑποδραμεῖν</span> <span class='ocrx_word' id='word_1_350' title='bbox 1363 2924 1541 2995; x_wconf 80' lang='grc' dir='ltr'>ἱκανή.</span> <span class='ocrx_word' id='word_1_351' title='bbox 1573 2925 1688 2978; x_wconf 76' lang='grc' dir='ltr'>Πᾶν</span> <span class='ocrx_word' id='word_1_352' title='bbox 1709 2922 1817 2995; x_wconf 86' lang='grc' dir='ltr'>γὰρ</span> <span class='ocrx_word' id='word_1_353' title='bbox 1842 2923 1979 2988; x_wconf 81' lang='grc' dir='ltr'>ζῶον</span> 
     </span>
    </p>
   </div>
   <div class='ocr_carea' id='block_1_37' title="bbox 378 3013 1979 3088">
    <p class='ocr_par' dir='ltr' id='par_1_37' title="bbox 378 3013 1979 3088">
     <span class='ocr_line' id='line_1_37' title="bbox 378 3013 1979 3088; baseline -0.003 -15"><span class='ocrx_word' id='word_1_354' title='bbox 378 3017 615 3086; x_wconf 83' lang='grc' dir='ltr'>ἀγαπῶν</span> <span class='ocrx_word' id='word_1_355' title='bbox 647 3018 710 3071; x_wconf 77' lang='grc' dir='ltr'>τὸ</span> <span class='ocrx_word' id='word_1_356' title='bbox 734 3017 919 3088; x_wconf 82' lang='grc' dir='ltr'>ὅμοιον</span> <span class='ocrx_word' id='word_1_357' title='bbox 948 3016 1117 3087; x_wconf 80' lang='grc' dir='ltr'>αὐτῷ,</span> <span class='ocrx_word' id='word_1_358' title='bbox 1145 3015 1287 3071; x_wconf 84' lang='grc' dir='ltr'>κατά</span> <span class='ocrx_word' id='word_1_359' title='bbox 1334 3016 1395 3069; x_wconf 78' lang='grc' dir='ltr'>τὸ</span> <span class='ocrx_word' id='word_1_360' title='bbox 1448 3013 1855 3087; x_wconf 79' lang='grc' dir='ltr'>γεγραμμένον,</span> <span class='ocrx_word' id='word_1_361' title='bbox 1885 3014 1979 3068; x_wconf 78' lang='grc' dir='ltr'>καὶ</span> 
     </span>
    </p>
   </div>
   <div class='ocr_carea' id='block_1_38' title="bbox 2082 1823 2336 1879">
    <p class='ocr_par' dir='ltr' id='par_1_38' title="bbox 2082 1823 2336 1879">
     <span class='ocr_line' id='line_1_38' title="bbox 2082 1823 2336 1879; baseline 0.008 -2"><span class='ocrx_word' id='word_1_362' title='bbox 2082 1823 2336 1879; x_wconf 83' lang='lat' dir='ltr'><strong>mundus.</strong></span> 
     </span>
    </p>
   </div>
   <div class='ocr_carea' id='block_1_39' title="bbox 2153 1909 3667 1984">
    <p class='ocr_par' dir='ltr' id='par_1_39' title="bbox 2153 1909 3667 1984">
     <span class='ocr_line' id='line_1_39' title="bbox 2153 1909 3667 1984; baseline -0.001 -17"><span class='ocrx_word' id='word_1_363' title='bbox 2153 1912 2467 1969; x_wconf 71' lang='lat' dir='ltr'><strong>Artificiose</strong></span> <span class='ocrx_word' id='word_1_364' title='bbox 2518 1911 2681 1984; x_wconf 87' lang='lat' dir='ltr'><strong>plane</strong></span> <span class='ocrx_word' id='word_1_365' title='bbox 2736 1910 2917 1967; x_wconf 87' lang='lat' dir='ltr'><strong>reddit</strong></span> <span class='ocrx_word' id='word_1_366' title='bbox 2968 1909 3189 1968; x_wconf 81' lang='lat' dir='ltr'>facilem</span> <span class='ocrx_word' id='word_1_367' title='bbox 3238 1926 3356 1967; x_wconf 91' lang='lat' dir='ltr'>rem</span> <span class='ocrx_word' id='word_1_368' title='bbox 3421 1911 3667 1966; x_wconf 90' lang='lat' dir='ltr'><strong>omnium</strong></span> 
     </span>
    </p>
   </div>
   <div class='ocr_carea' id='block_1_40' title="bbox 2084 2004 3667 2079">
    <p class='ocr_par' dir='ltr' id='par_1_40' title="bbox 2084 2004 3667 2079">
     <span class='ocr_line' id='line_1_40' title="bbox 2084 2004 3667 2079; baseline -0.003 -17"><span class='ocrx_word' id='word_1_369' title='bbox 2084 2008 2245 2079; x_wconf 75' lang='lat' dir='ltr'><strong>longe</strong></span> <span class='ocrx_word' id='word_1_370' title='bbox 2284 2006 2673 2078; x_wconf 75' lang='lat' dir='ltr'>gravissimam</span> <span class='ocrx_word' id='word_1_371' title='bbox 2699 2045 2715 2070; x_wconf 90' lang='lat'>,</span> <span class='ocrx_word' id='word_1_372' title='bbox 2754 2021 2934 2076; x_wconf 90' lang='lat' dir='ltr'><strong>eoque</strong></span> <span class='ocrx_word' id='word_1_373' title='bbox 2972 2015 3169 2077; x_wconf 69' lang='lat' dir='ltr'><strong>praeter</strong></span> <span class='ocrx_word' id='word_1_374' title='bbox 3208 2020 3359 2075; x_wconf 86' lang='lat' dir='ltr'>spem</span> <span class='ocrx_word' id='word_1_375' title='bbox 3399 2004 3667 2061; x_wconf 84' lang='lat' dir='ltr'><strong>obiectari</strong></span> 
     </span>
    </p>
   </div>
   <div class='ocr_carea' id='block_1_41' title="bbox 2081 2097 3668 2169">
    <p class='ocr_par' dir='ltr' id='par_1_41' title="bbox 2081 2097 3668 2169">
     <span class='ocr_line' id='line_1_41' title="bbox 2081 2097 3668 2169; baseline -0.002 -16"><span class='ocrx_word' id='word_1_376' title='bbox 2081 2100 2242 2165; x_wconf 77' lang='lat' dir='ltr'><strong>facit,</strong></span> <span class='ocrx_word' id='word_1_377' title='bbox 2281 2097 2430 2169; x_wconf 91' lang='lat' dir='ltr'><strong>quod</strong></span> <span class='ocrx_word' id='word_1_378' title='bbox 2458 2113 2567 2153; x_wconf 89' lang='lat' dir='ltr'>non</span> <span class='ocrx_word' id='word_1_379' title='bbox 2600 2097 2935 2154; x_wconf 87' lang='lat' dir='ltr'><strong>mediocrem</strong></span> <span class='ocrx_word' id='word_1_380' title='bbox 2979 2098 3290 2154; x_wconf 86' lang='lat' dir='ltr'><strong>molestiam</strong></span> <span class='ocrx_word' id='word_1_381' title='bbox 3313 2097 3439 2167; x_wconf 85' lang='lat' dir='ltr'><strong>jure</strong></span> <span class='ocrx_word' id='word_1_382' title='bbox 3466 2098 3668 2151; x_wconf 87' lang='lat' dir='ltr'><strong>allatu-</strong></span> 
     </span>
    </p>
   </div>
   <div class='ocr_carea' id='block_1_42' title="bbox 2081 2186 3670 2245">
    <p class='ocr_par' dir='ltr' id='par_1_42' title="bbox 2081 2186 3670 2245">
     <span class='ocr_line' id='line_1_42' title="bbox 2081 2186 3670 2245; baseline 0 -2"><span class='ocrx_word' id='word_1_383' title='bbox 2081 2204 2203 2243; x_wconf 90' lang='lat' dir='ltr'>rum</span> <span class='ocrx_word' id='word_1_384' title='bbox 2253 2189 2564 2245; x_wconf 84' lang='lat' dir='ltr'><strong>videbatur.</strong></span> <span class='ocrx_word' id='word_1_385' title='bbox 2613 2186 2793 2245; x_wconf 84' lang='lat' dir='ltr'><strong>Grave</strong></span> <span class='ocrx_word' id='word_1_386' title='bbox 2836 2188 2982 2243; x_wconf 90' lang='lat' dir='ltr'><strong>enim</strong></span> <span class='ocrx_word' id='word_1_387' title='bbox 3024 2197 3111 2244; x_wconf 89' lang='lat' dir='ltr'>est</span> <span class='ocrx_word' id='word_1_388' title='bbox 3149 2203 3342 2243; x_wconf 84' lang='lat' dir='ltr'><strong>revera</strong></span> <span class='ocrx_word' id='word_1_389' title='bbox 3376 2187 3504 2243; x_wconf 90' lang='lat' dir='ltr'><strong>odio</strong></span> <span class='ocrx_word' id='word_1_390' title='bbox 3544 2203 3670 2243; x_wconf 87' lang='lat' dir='ltr'><strong>esse</strong></span> 
     </span>
    </p>
   </div>
   <div class='ocr_carea' id='block_1_43' title="bbox 2081 2282 3668 2353">
    <p class='ocr_par' dir='ltr' id='par_1_43' title="bbox 2081 2282 3668 2353">
     <span class='ocr_line' id='line_1_43' title="bbox 2081 2282 3668 2353; baseline -0.001 -16"><span class='ocrx_word' id='word_1_391' title='bbox 2081 2283 2385 2346; x_wconf 90' lang='lat' dir='ltr'><strong>nonnullis,</strong></span> <span class='ocrx_word' id='word_1_392' title='bbox 2405 2290 2632 2352; x_wconf 88' lang='lat' dir='ltr'><strong>propter</strong></span> <span class='ocrx_word' id='word_1_393' title='bbox 2656 2282 2859 2337; x_wconf 89' lang='lat' dir='ltr'><strong>damna</strong></span> <span class='ocrx_word' id='word_1_394' title='bbox 2890 2297 3012 2353; x_wconf 65' lang='lat' dir='ltr'><strong>qua:</strong></span> <span class='ocrx_word' id='word_1_395' title='bbox 3034 2282 3308 2338; x_wconf 89' lang='lat' dir='ltr'><strong>interdum</strong></span> <span class='ocrx_word' id='word_1_396' title='bbox 3337 2282 3464 2336; x_wconf 82' lang='lat' dir='ltr'><strong>hinc</strong></span> <span class='ocrx_word' id='word_1_397' title='bbox 3486 2298 3668 2337; x_wconf 84' lang='lat' dir='ltr'><strong>emcr-</strong></span> 
     </span>
    </p>
   </div>
   <div class='ocr_carea' id='block_1_44' title="bbox 2078 2372 3670 2444">
    <p class='ocr_par' dir='ltr' id='par_1_44' title="bbox 2078 2372 3670 2444">
     <span class='ocr_line' id='line_1_44' title="bbox 2078 2372 3670 2444; baseline 0.001 -18"><span class='ocrx_word' id='word_1_398' title='bbox 2078 2382 2251 2444; x_wconf 81' lang='lat' dir='ltr'><strong>gunt,</strong></span> <span class='ocrx_word' id='word_1_399' title='bbox 2294 2381 2350 2429; x_wconf 87' lang='lat' dir='ltr'>et</span> <span class='ocrx_word' id='word_1_400' title='bbox 2382 2374 2697 2444; x_wconf 84' lang='lat' dir='ltr'><strong>inopinatas</strong></span> <span class='ocrx_word' id='word_1_401' title='bbox 2738 2373 2970 2428; x_wconf 88' lang='lat' dir='ltr'><strong>insidias</strong></span> <span class='ocrx_word' id='word_1_402' title='bbox 3004 2390 3017 2427; x_wconf 92' lang='lat'><strong>:</strong></span> <span class='ocrx_word' id='word_1_403' title='bbox 3070 2372 3165 2429; x_wconf 90' lang='lat' dir='ltr'>sed</span> <span class='ocrx_word' id='word_1_404' title='bbox 3207 2388 3376 2428; x_wconf 84' lang='lat' dir='ltr'><strong>suave</strong></span> <span class='ocrx_word' id='word_1_405' title='bbox 3406 2373 3539 2427; x_wconf 87' lang='lat' dir='ltr'><strong>illud</strong></span> <span class='ocrx_word' id='word_1_406' title='bbox 3582 2383 3670 2429; x_wconf 88' lang='lat' dir='ltr'>est</span> 
     </span>
    </p>
   </div>
   <div class='ocr_carea' id='block_1_45' title="bbox 2082 2467 3668 2539">
    <p class='ocr_par' dir='ltr' id='par_1_45' title="bbox 2082 2467 3668 2539">
     <span class='ocr_line' id='line_1_45' title="bbox 2082 2467 3668 2539; baseline -0.001 -16"><span class='ocrx_word' id='word_1_407' title='bbox 2082 2478 2311 2539; x_wconf 86' lang='lat' dir='ltr'><strong>propter</strong></span> <span class='ocrx_word' id='word_1_408' title='bbox 2344 2467 2540 2531; x_wconf 90' lang='lat' dir='ltr'><strong>Deum,</strong></span> <span class='ocrx_word' id='word_1_409' title='bbox 2566 2475 2643 2534; x_wconf 91' lang='lat' dir='ltr'>et,</span> <span class='ocrx_word' id='word_1_410' title='bbox 2681 2467 2726 2523; x_wconf 88' lang='lat' dir='ltr'>si</span> <span class='ocrx_word' id='word_1_411' title='bbox 2760 2467 2834 2523; x_wconf 88' lang='lat' dir='ltr'>ob</span> <span class='ocrx_word' id='word_1_412' title='bbox 2863 2468 3123 2537; x_wconf 86' lang='lat' dir='ltr'><strong>pietatem</strong></span> <span class='ocrx_word' id='word_1_413' title='bbox 3154 2468 3458 2538; x_wconf 79' lang='lat' dir='ltr'><strong>contingat,</strong></span> <span class='ocrx_word' id='word_1_414' title='bbox 3487 2468 3668 2522; x_wconf 91' lang='lat' dir='ltr'><strong>mani-</strong></span> 
     </span>
    </p>
   </div>
   <div class='ocr_carea' id='block_1_46' title="bbox 2084 2557 3670 2631">
    <p class='ocr_par' dir='ltr' id='par_1_46' title="bbox 2084 2557 3670 2631">
     <span class='ocr_line' id='line_1_46' title="bbox 2084 2557 3670 2631; baseline 0.001 -18"><span class='ocrx_word' id='word_1_415' title='bbox 2084 2558 2386 2616; x_wconf 78' lang='lat' dir='ltr'><strong>festissimo</strong></span> <span class='ocrx_word' id='word_1_416' title='bbox 2433 2569 2765 2631; x_wconf 76' lang='lat' dir='ltr'><strong>argumento</strong></span> <span class='ocrx_word' id='word_1_417' title='bbox 2818 2568 2906 2615; x_wconf 91' lang='lat' dir='ltr'>est</span> <span class='ocrx_word' id='word_1_418' title='bbox 2960 2574 3025 2614; x_wconf 90' lang='lat' dir='ltr'>ac</span> <span class='ocrx_word' id='word_1_419' title='bbox 3103 2557 3309 2613; x_wconf 86' lang='lat' dir='ltr'><strong>indicio</strong></span> <span class='ocrx_word' id='word_1_420' title='bbox 3380 2575 3487 2612; x_wconf 86' lang='lat' dir='ltr'>non</span> <span class='ocrx_word' id='word_1_421' title='bbox 3546 2574 3670 2614; x_wconf 81' lang='lat' dir='ltr'><strong>esse</strong></span> 
     </span>
    </p>
   </div>
   <div class='ocr_carea' id='block_1_47' title="bbox 2082 2642 3666 2721">
    <p class='ocr_par' dir='ltr' id='par_1_47' title="bbox 2082 2642 3666 2721">
     <span class='ocr_line' id='line_1_47' title="bbox 2082 2642 3666 2721; baseline 0.001 -18"><span class='ocrx_word' id='word_1_422' title='bbox 2082 2649 2419 2717; x_wconf 74' lang='lat' dir='ltr'><strong>mundanum</strong></span> <span class='ocrx_word' id='word_1_423' title='bbox 2459 2663 2584 2705; x_wconf 88' lang='lat' dir='ltr'>eum</span> <span class='ocrx_word' id='word_1_424' title='bbox 2639 2651 2693 2705; x_wconf 88' lang='lat' dir='ltr'>in</span> <span class='ocrx_word' id='word_1_425' title='bbox 2745 2666 2908 2721; x_wconf 87' lang='lat' dir='ltr'><strong>quem</strong></span> <span class='ocrx_word' id='word_1_426' title='bbox 2948 2642 3304 2721; x_wconf 27' lang='lat' dir='ltr'><strong>istud&#39;aliqui</strong></span> <span class='ocrx_word' id='word_1_427' title='bbox 3347 2652 3666 2705; x_wconf 85' lang='lat' dir='ltr'><strong>moliantur.</strong></span> 
     </span>
    </p>
   </div>
   <div class='ocr_carea' id='block_1_48' title="bbox 2082 2742 3669 2815">
    <p class='ocr_par' dir='ltr' id='par_1_48' title="bbox 2082 2742 3669 2815">
     <span class='ocr_line' id='line_1_48' title="bbox 2082 2742 3669 2815; baseline -0.002 -16"><span class='ocrx_word' id='word_1_428' title='bbox 2082 2742 2155 2799; x_wconf 87' lang='lat' dir='ltr'><strong>Ut</strong></span> <span class='ocrx_word' id='word_1_429' title='bbox 2187 2742 2331 2797; x_wconf 82' lang='lat' dir='ltr'><strong>enim</strong></span> <span class='ocrx_word' id='word_1_430' title='bbox 2368 2756 2699 2812; x_wconf 88' lang='lat' dir='ltr'><strong>corporum,</strong></span> <span class='ocrx_word' id='word_1_431' title='bbox 2738 2743 2813 2797; x_wconf 88' lang='lat' dir='ltr'>ita</span> <span class='ocrx_word' id='word_1_432' title='bbox 2858 2758 3071 2798; x_wconf 89' lang='lat' dir='ltr'><strong>morum</strong></span> <span class='ocrx_word' id='word_1_433' title='bbox 3120 2743 3381 2815; x_wconf 78' lang='lat' dir='ltr'><strong>cognatio</strong></span> <span class='ocrx_word' id='word_1_434' title='bbox 3418 2742 3669 2810; x_wconf 60' lang='lat' dir='ltr'><strong>quadam</strong></span> 
     </span>
    </p>
   </div>
   <div class='ocr_carea' id='block_1_49' title="bbox 2080 2834 3669 2906">
    <p class='ocr_par' dir='ltr' id='par_1_49' title="bbox 2080 2834 3669 2906">
     <span class='ocr_line' id='line_1_49' title="bbox 2080 2834 3669 2906; baseline -0.002 -15"><span class='ocrx_word' id='word_1_435' title='bbox 2080 2842 2167 2891; x_wconf 90' lang='lat' dir='ltr'>est</span> <span class='ocrx_word' id='word_1_436' title='bbox 2206 2852 2222 2890; x_wconf 91' lang='lat'><strong>:</strong></span> <span class='ocrx_word' id='word_1_437' title='bbox 2279 2844 2333 2890; x_wconf 90' lang='lat' dir='ltr'>et</span> <span class='ocrx_word' id='word_1_438' title='bbox 2362 2848 2576 2889; x_wconf 88' lang='lat' dir='ltr'><strong>morum</strong></span> <span class='ocrx_word' id='word_1_439' title='bbox 2609 2834 2847 2905; x_wconf 80' lang='lat' dir='ltr'><strong>perfecta</strong></span> <span class='ocrx_word' id='word_1_440' title='bbox 2875 2835 3180 2891; x_wconf 89' lang='lat' dir='ltr'><strong>similitudo</strong></span> <span class='ocrx_word' id='word_1_441' title='bbox 3221 2835 3290 2890; x_wconf 90' lang='lat' dir='ltr'>ad</span> <span class='ocrx_word' id='word_1_442' title='bbox 3343 2835 3669 2906; x_wconf 85' lang='lat' dir='ltr'><strong>propinqui-</strong></span> 
     </span>
    </p>
   </div>
   <div class='ocr_carea' id='block_1_50' title="bbox 2082 2925 3669 2998">
    <p class='ocr_par' dir='ltr' id='par_1_50' title="bbox 2082 2925 3669 2998">
     <span class='ocr_line' id='line_1_50' title="bbox 2082 2925 3669 2998; baseline -0.001 -18"><span class='ocrx_word' id='word_1_443' title='bbox 2082 2933 2250 2983; x_wconf 87' lang='lat' dir='ltr'><strong>tatem</strong></span> <span class='ocrx_word' id='word_1_444' title='bbox 2301 2927 2588 2998; x_wconf 84' lang='lat' dir='ltr'><strong>sanguinis</strong></span> <span class='ocrx_word' id='word_1_445' title='bbox 2634 2925 3050 2997; x_wconf 80' lang='lat' dir='ltr'><strong>exprimendam</strong></span> <span class='ocrx_word' id='word_1_446' title='bbox 3087 2927 3252 2983; x_wconf 84' lang='lat' dir='ltr'><strong>valet.</strong></span> <span class='ocrx_word' id='word_1_447' title='bbox 3316 2926 3492 2982; x_wconf 82' lang='lat' dir='ltr'><strong>Omne</strong></span> <span class='ocrx_word' id='word_1_448' title='bbox 3523 2927 3669 2981; x_wconf 88' lang='lat' dir='ltr'><strong>enim</strong></span> 
     </span>
    </p>
   </div>
   <div class='ocr_carea' id='block_1_51' title="bbox 2082 3019 3673 3091">
    <p class='ocr_par' dir='ltr' id='par_1_51' title="bbox 2082 3019 3673 3091">
     <span class='ocr_line' id='line_1_51' title="bbox 2082 3019 3673 3091; baseline -0.001 -16"><span class='ocrx_word' id='word_1_449' title='bbox 2082 3020 2288 3075; x_wconf 90' lang='lat' dir='ltr'><strong>auimal</strong></span> <span class='ocrx_word' id='word_1_450' title='bbox 2327 3020 2509 3091; x_wconf 78' lang='lat' dir='ltr'><strong>diligit</strong></span> <span class='ocrx_word' id='word_1_451' title='bbox 2548 3019 2727 3075; x_wconf 83' lang='lat' dir='ltr'><strong>simile</strong></span> <span class='ocrx_word' id='word_1_452' title='bbox 2771 3019 2917 3079; x_wconf 89' lang='lat' dir='ltr'><strong>sibi,</strong></span> <span class='ocrx_word' id='word_1_453' title='bbox 2969 3028 3027 3072; x_wconf 90' lang='lat' dir='ltr'>ut</span> <span class='ocrx_word' id='word_1_454' title='bbox 3062 3019 3330 3089; x_wconf 90' lang='lat' dir='ltr'><strong>scriptum</strong></span> <span class='ocrx_word' id='word_1_455' title='bbox 3379 3028 3463 3074; x_wconf 88' lang='lat' dir='ltr'>est</span> <span class='ocrx_word' id='word_1_456' title='bbox 3484 3020 3531 3052; x_wconf 81' lang='lat'>”</span> <span class='ocrx_word' id='word_1_457' title='bbox 3558 3060 3572 3082; x_wconf 90' lang='lat'>,</span> <span class='ocrx_word' id='word_1_458' title='bbox 3613 3028 3673 3074; x_wconf 89' lang='lat' dir='ltr'>et</span> 
     </span>
    </p>
   </div>
   <div class='ocr_carea' id='block_1_52' title="bbox 377 3108 1981 3182">
    <p class='ocr_par' dir='ltr' id='par_1_52' title="bbox 377 3108 1980 3182">
     <span class='ocr_line' id='line_1_52' title="bbox 377 3108 1980 3182; baseline -0.003 -16"><span class='ocrx_word' id='word_1_459' title='bbox 377 3112 463 3181; x_wconf 83' lang='grc' dir='ltr'>τῷ</span> <span class='ocrx_word' id='word_1_460' title='bbox 517 3110 689 3182; x_wconf 85' lang='grc' dir='ltr'>ὁμοίῳ</span> <span class='ocrx_word' id='word_1_461' title='bbox 725 3110 889 3166; x_wconf 85' lang='grc' dir='ltr'>αὐτοῦ</span> <span class='ocrx_word' id='word_1_462' title='bbox 945 3110 1482 3182; x_wconf 86' lang='grc' dir='ltr'>προσκολληθήσεται</span> <span class='ocrx_word' id='word_1_463' title='bbox 1534 3109 1695 3179; x_wconf 81' lang='grc' dir='ltr'>ἀνήρ.</span> <span class='ocrx_word' id='word_1_464' title='bbox 1753 3108 1865 3178; x_wconf 85' lang='grc' dir='ltr'>Τῆς</span> <span class='ocrx_word' id='word_1_465' title='bbox 1924 3108 1980 3162; x_wconf 74' lang='grc' dir='ltr'>δὲ</span> 
     </span>
    </p>
   </div>
   <div class='ocr_carea' id='block_1_53' title="bbox 2086 3108 3668 3182">
    <p class='ocr_par' dir='ltr' id='par_1_53' title="bbox 2086 3109 3668 3166">
     <span class='ocr_line' id='line_1_53' title="bbox 2086 3109 3668 3166; baseline 0 -1"><span class='ocrx_word' id='word_1_466' title='bbox 2086 3110 2269 3166; x_wconf 88' lang='lat' dir='ltr'><strong>omnis</strong></span> <span class='ocrx_word' id='word_1_467' title='bbox 2320 3112 2485 3166; x_wconf 87' lang='lat' dir='ltr'><strong>homo</strong></span> <span class='ocrx_word' id='word_1_468' title='bbox 2524 3111 2693 3166; x_wconf 89' lang='lat' dir='ltr'><strong>simili</strong></span> <span class='ocrx_word' id='word_1_469' title='bbox 2735 3112 2820 3165; x_wconf 91' lang='lat' dir='ltr'>sui</span> <span class='ocrx_word' id='word_1_470' title='bbox 2853 3110 3180 3166; x_wconf 86' lang='lat' dir='ltr'><strong>sociabitur.</strong></span> <span class='ocrx_word' id='word_1_471' title='bbox 3229 3109 3437 3164; x_wconf 78' lang='lat' dir='ltr'><strong>Moram</strong></span> <span class='ocrx_word' id='word_1_472' title='bbox 3484 3118 3668 3166; x_wconf 89' lang='lat' dir='ltr'><strong>autem</strong></span> 
     </span>
    </p>
   </div>
   <div class='ocr_carea' id='block_1_54' title="bbox 378 3200 1983 3277">
    <p class='ocr_par' dir='ltr' id='par_1_54' title="bbox 378 3200 1983 3277">
     <span class='ocr_line' id='line_1_54' title="bbox 378 3200 1983 3277; baseline -0.003 -18"><span class='ocrx_word' id='word_1_473' title='bbox 378 3205 675 3277; x_wconf 83' lang='grc' dir='ltr'>ὁμοηθείας</span> <span class='ocrx_word' id='word_1_474' title='bbox 695 3203 937 3276; x_wconf 82' lang='grc' dir='ltr'>δηλονότι</span> <span class='ocrx_word' id='word_1_475' title='bbox 967 3203 1059 3257; x_wconf 77' lang='grc' dir='ltr'>τὸν</span> <span class='ocrx_word' id='word_1_476' title='bbox 1098 3206 1196 3273; x_wconf 81' lang='grc' dir='ltr'>τῆς</span> <span class='ocrx_word' id='word_1_477' title='bbox 1228 3206 1306 3267; x_wconf 87' lang='grc' dir='ltr'>είς</span> <span class='ocrx_word' id='word_1_478' title='bbox 1327 3202 1591 3272; x_wconf 78' lang='grc' dir='ltr'>ἀλλήλους</span> <span class='ocrx_word' id='word_1_479' title='bbox 1606 3200 1829 3273; x_wconf 79' lang='grc' dir='ltr'>ἀγάπης</span> <span class='ocrx_word' id='word_1_480' title='bbox 1852 3202 1983 3255; x_wconf 85' lang='grc' dir='ltr'>ἀνα-</span> 
     </span>
    </p>
   </div>
   <div class='ocr_carea' id='block_1_55' title="bbox 379 3295 1984 3368">
    <p class='ocr_par' dir='ltr' id='par_1_55' title="bbox 379 3295 1984 3368">
     <span class='ocr_line' id='line_1_55' title="bbox 379 3295 1984 3368; baseline -0.001 -18"><span class='ocrx_word' id='word_1_481' title='bbox 379 3296 610 3368; x_wconf 82' lang='grc' dir='ltr'>νεούσης</span> <span class='ocrx_word' id='word_1_482' title='bbox 657 3296 840 3366; x_wconf 87' lang='grc' dir='ltr'>νόμον,</span> <span class='ocrx_word' id='word_1_483' title='bbox 874 3296 1030 3364; x_wconf 85' lang='grc' dir='ltr'>ἀγιος</span> <span class='ocrx_word' id='word_1_484' title='bbox 1073 3295 1170 3366; x_wconf 83' lang='grc' dir='ltr'>μὲν</span> <span class='ocrx_word' id='word_1_485' title='bbox 1197 3295 1337 3366; x_wconf 83' lang='grc' dir='ltr'>ἁγίῳ</span> <span class='ocrx_word' id='word_1_486' title='bbox 1370 3295 1827 3367; x_wconf 87' lang='grc' dir='ltr'>συνδιαιτήσεται,</span> <span class='ocrx_word' id='word_1_487' title='bbox 1889 3295 1984 3349; x_wconf 71' lang='grc' dir='ltr'>καὶ</span> 
     </span>
    </p>
   </div>
   <div class='ocr_carea' id='block_1_56' title="bbox 379 3386 1984 3459">
    <p class='ocr_par' dir='ltr' id='par_1_56' title="bbox 379 3386 1984 3459">
     <span class='ocr_line' id='line_1_56' title="bbox 379 3386 1984 3459; baseline -0.002 -18"><span class='ocrx_word' id='word_1_488' title='bbox 379 3388 503 3441; x_wconf 83' lang='grc' dir='ltr'>λίαν</span> <span class='ocrx_word' id='word_1_489' title='bbox 522 3388 694 3459; x_wconf 73' lang='grc' dir='ltr'>ἡδέως</span> <span class='ocrx_word' id='word_1_490' title='bbox 722 3387 904 3441; x_wconf 73' lang='grc' dir='ltr'>ἔσεται</span> <span class='ocrx_word' id='word_1_491' title='bbox 923 3387 1065 3440; x_wconf 86' lang='grc' dir='ltr'>κατά</span> <span class='ocrx_word' id='word_1_492' title='bbox 1093 3387 1289 3441; x_wconf 80' lang='grc' dir='ltr'>ταυτὸν</span> <span class='ocrx_word' id='word_1_493' title='bbox 1320 3387 1415 3440; x_wconf 77' lang='grc' dir='ltr'>καὶ</span> <span class='ocrx_word' id='word_1_494' title='bbox 1453 3386 1707 3440; x_wconf 84' lang='grc' dir='ltr'>συνέσται</span> <span class='ocrx_word' id='word_1_495' title='bbox 1729 3386 1984 3457; x_wconf 81' lang='grc' dir='ltr'>φιλοφρό-</span> 
     </span>
    </p>
   </div>
   <div class='ocr_carea' id='block_1_57' title="bbox 379 3477 1986 3551">
    <p class='ocr_par' dir='ltr' id='par_1_57' title="bbox 379 3477 1986 3551">
     <span class='ocr_line' id='line_1_57' title="bbox 379 3477 1986 3551; baseline -0.003 -15"><span class='ocrx_word' id='word_1_496' title='bbox 379 3498 509 3545; x_wconf 84' lang='grc' dir='ltr'>νως·</span> <span class='ocrx_word' id='word_1_497' title='bbox 542 3479 756 3551; x_wconf 82' lang='grc' dir='ltr'>βεϐήλῳ</span> <span class='ocrx_word' id='word_1_498' title='bbox 781 3479 838 3533; x_wconf 82' lang='grc' dir='ltr'>δὲ</span> <span class='ocrx_word' id='word_1_499' title='bbox 866 3480 1028 3534; x_wconf 81' lang='grc' dir='ltr'>πάλιν</span> <span class='ocrx_word' id='word_1_500' title='bbox 1058 3480 1087 3532; x_wconf 92' lang='grc' dir='ltr'>ὁ</span> <span class='ocrx_word' id='word_1_501' title='bbox 1107 3478 1347 3542; x_wconf 80' lang='grc' dir='ltr'>τοιοῦτος</span> <span class='ocrx_word' id='word_1_502' title='bbox 1392 3479 1484 3532; x_wconf 86' lang='grc' dir='ltr'>τὸν</span> <span class='ocrx_word' id='word_1_503' title='bbox 1521 3478 1740 3550; x_wconf 85' lang='grc' dir='ltr'>τρόπον.</span> <span class='ocrx_word' id='word_1_504' title='bbox 1771 3477 1986 3550; x_wconf 84' lang='grc' dir='ltr'>Ταύτῃ-</span> 
     </span>
    </p>
   </div>
   <div class='ocr_carea' id='block_1_58' title="bbox 378 3569 1986 3644">
    <p class='ocr_par' dir='ltr' id='par_1_58' title="bbox 378 3569 1986 3644">
     <span class='ocr_line' id='line_1_58' title="bbox 378 3569 1986 3644; baseline -0.001 -18"><span class='ocrx_word' id='word_1_505' title='bbox 378 3591 467 3627; x_wconf 85' lang='grc' dir='ltr'>τοι</span> <span class='ocrx_word' id='word_1_506' title='bbox 503 3574 601 3627; x_wconf 69' lang='grc' dir='ltr'>καὶ</span> <span class='ocrx_word' id='word_1_507' title='bbox 630 3572 796 3644; x_wconf 88' lang='grc' dir='ltr'>νόμος</span> <span class='ocrx_word' id='word_1_508' title='bbox 838 3574 867 3626; x_wconf 89' lang='grc' dir='ltr'>ὁ</span> <span class='ocrx_word' id='word_1_509' title='bbox 906 3571 995 3625; x_wconf 78' lang='grc' dir='ltr'>διὰ</span> <span class='ocrx_word' id='word_1_510' title='bbox 1033 3571 1279 3635; x_wconf 80' lang='grc' dir='ltr'>Μωσέως</span> <span class='ocrx_word' id='word_1_511' title='bbox 1310 3570 1597 3641; x_wconf 78' lang='grc' dir='ltr'>διαστολὴν</span> <span class='ocrx_word' id='word_1_512' title='bbox 1624 3573 1857 3624; x_wconf 78' lang='grc' dir='ltr'>ἐποιεῖτο</span> <span class='ocrx_word' id='word_1_513' title='bbox 1886 3569 1986 3642; x_wconf 77' lang='grc' dir='ltr'>τὴν</span> 
     </span>
    </p>
   </div>
   <div class='ocr_carea' id='block_1_59' title="bbox 379 3661 1986 3736">
    <p class='ocr_par' dir='ltr' id='par_1_59' title="bbox 379 3661 1986 3736">
     <span class='ocr_line' id='line_1_59' title="bbox 379 3661 1986 3736; baseline 0.001 -18"><span class='ocrx_word' id='word_1_514' title='bbox 379 3665 490 3719; x_wconf 80' lang='grc' dir='ltr'>ἀνά</span> <span class='ocrx_word' id='word_1_515' title='bbox 560 3664 723 3736; x_wconf 82' lang='grc' dir='ltr'>μέσον</span> <span class='ocrx_word' id='word_1_516' title='bbox 789 3663 947 3733; x_wconf 79' lang='grc' dir='ltr'>ἁγίου</span> <span class='ocrx_word' id='word_1_517' title='bbox 1004 3681 1065 3718; x_wconf 89' lang='grc' dir='ltr'>τε</span> <span class='ocrx_word' id='word_1_518' title='bbox 1118 3663 1213 3718; x_wconf 75' lang='grc' dir='ltr'>καὶ</span> <span class='ocrx_word' id='word_1_519' title='bbox 1273 3662 1504 3734; x_wconf 82' lang='grc' dir='ltr'>βεϐήλου</span> <span class='ocrx_word' id='word_1_520' title='bbox 1559 3664 1724 3733; x_wconf 77' lang='grc' dir='ltr'>φημὶ,</span> <span class='ocrx_word' id='word_1_521' title='bbox 1776 3661 1986 3734; x_wconf 81' lang='grc' dir='ltr'>ἀμικτά</span> 
     </span>
    </p>
   </div>
   <div class='ocr_carea' id='block_1_60' title="bbox 383 3754 1985 3829">
    <p class='ocr_par' dir='ltr' id='par_1_60' title="bbox 383 3754 1985 3829">
     <span class='ocr_line' id='line_1_60' title="bbox 383 3754 1985 3829; baseline 0 -18"><span class='ocrx_word' id='word_1_522' title='bbox 383 3775 503 3821; x_wconf 85' lang='grc' dir='ltr'>πως</span> <span class='ocrx_word' id='word_1_523' title='bbox 528 3756 782 3829; x_wconf 78' lang='grc' dir='ltr'>ἀλλήλοις</span> <span class='ocrx_word' id='word_1_524' title='bbox 811 3758 906 3811; x_wconf 73' lang='grc' dir='ltr'>καὶ</span> <span class='ocrx_word' id='word_1_525' title='bbox 932 3755 1214 3828; x_wconf 79' lang='grc' dir='ltr'>ἀσύγχυτα</span> <span class='ocrx_word' id='word_1_526' title='bbox 1260 3756 1329 3810; x_wconf 85' lang='grc' dir='ltr'>τά</span> <span class='ocrx_word' id='word_1_527' title='bbox 1357 3756 1581 3812; x_wconf 84' lang='grc' dir='ltr'>τοιαῦτα</span> <span class='ocrx_word' id='word_1_528' title='bbox 1614 3773 1678 3827; x_wconf 90' lang='grc' dir='ltr'>τη</span> <span class='ocrx_word' id='word_1_529' title='bbox 1690 3754 1818 3828; x_wconf 87' lang='grc' dir='ltr'>ρῶν,</span> <span class='ocrx_word' id='word_1_530' title='bbox 1845 3756 1985 3811; x_wconf 88' lang='grc' dir='ltr'>κατά</span> 
     </span>
    </p>
   </div>
   <div class='ocr_carea' id='block_1_61' title="bbox 378 3846 1986 3919">
    <p class='ocr_par' dir='ltr' id='par_1_61' title="bbox 378 3846 1986 3919">
     <span class='ocr_line' id='line_1_61' title="bbox 378 3846 1986 3919; baseline 0.001 -19"><span class='ocrx_word' id='word_1_531' title='bbox 378 3865 446 3917; x_wconf 90' lang='grc' dir='ltr'>γε</span> <span class='ocrx_word' id='word_1_532' title='bbox 486 3847 579 3901; x_wconf 78' lang='grc' dir='ltr'>τὸν</span> <span class='ocrx_word' id='word_1_533' title='bbox 612 3850 670 3900; x_wconf 84' lang='grc' dir='ltr'>ἐν</span> <span class='ocrx_word' id='word_1_534' title='bbox 720 3847 909 3919; x_wconf 79' lang='grc' dir='ltr'>ἀγάπῃ</span> <span class='ocrx_word' id='word_1_535' title='bbox 937 3847 1114 3916; x_wconf 74' lang='grc' dir='ltr'>λόγον.</span> <span class='ocrx_word' id='word_1_536' title='bbox 1150 3867 1170 3899; x_wconf 76' lang='grc' dir='ltr'>ι</span> <span class='ocrx_word' id='word_1_537' title='bbox 1192 3846 1476 3919; x_wconf 75' lang='grc' dir='ltr'>Φθείρουσι</span> <span class='ocrx_word' id='word_1_538' title='bbox 1501 3847 1610 3919; x_wconf 79' lang='grc' dir='ltr'>γὰρ</span> <span class='ocrx_word' id='word_1_539' title='bbox 1638 3846 1742 3919; x_wconf 77' lang='grc' dir='ltr'>ἦθη</span> <span class='ocrx_word' id='word_1_540' title='bbox 1775 3847 1986 3919; x_wconf 86' lang='grc' dir='ltr'>χρηστά</span> 
     </span>
    </p>
   </div>
   <div class='ocr_carea' id='block_1_62' title="bbox 379 3938 1985 4011">
    <p class='ocr_par' dir='ltr' id='par_1_62' title="bbox 379 3938 1985 4011">
     <span class='ocr_line' id='line_1_62' title="bbox 379 3938 1985 4011; baseline -0.001 -17"><span class='ocrx_word' id='word_1_541' title='bbox 379 3940 595 4011; x_wconf 79' lang='grc' dir='ltr'>ὁμιλίαι</span> <span class='ocrx_word' id='word_1_542' title='bbox 626 3940 815 4002; x_wconf 77' lang='grc' dir='ltr'>κακαὶ,</span> <span class='ocrx_word' id='word_1_543' title='bbox 859 3959 877 3989; x_wconf 77' lang='grc' dir='ltr'>ι</span> <span class='ocrx_word' id='word_1_544' title='bbox 916 3940 1013 3992; x_wconf 76' lang='grc' dir='ltr'>καὶ</span> <span class='ocrx_word' id='word_1_545' title='bbox 1062 3940 1290 4010; x_wconf 90' lang='grc' dir='ltr'>πολεμεῖ</span> <span class='ocrx_word' id='word_1_546' title='bbox 1329 3955 1446 4002; x_wconf 86' lang='grc' dir='ltr'>πως</span> <span class='ocrx_word' id='word_1_547' title='bbox 1490 3938 1740 4009; x_wconf 82' lang='grc' dir='ltr'>ἀλλήλοις</span> <span class='ocrx_word' id='word_1_548' title='bbox 1770 3938 1839 3992; x_wconf 82' lang='grc' dir='ltr'>τὰ</span> <span class='ocrx_word' id='word_1_549' title='bbox 1866 3940 1985 3993; x_wconf 78' lang='grc' dir='ltr'>ἐτε-</span> 
     </span>
    </p>
   </div>
   <div class='ocr_carea' id='block_1_63' title="bbox 386 4029 1983 4103">
    <p class='ocr_par' dir='ltr' id='par_1_63' title="bbox 386 4029 1983 4103">
     <span class='ocr_line' id='line_1_63' title="bbox 386 4029 1983 4103; baseline -0.001 -18"><span class='ocrx_word' id='word_1_550' title='bbox 386 4033 674 4103; x_wconf 66' lang='grc' dir='ltr'>ροτροττεῖν</span> <span class='ocrx_word' id='word_1_551' title='bbox 705 4032 977 4103; x_wconf 76' lang='grc' dir='ltr'>ᾑρημένα,</span> <span class='ocrx_word' id='word_1_552' title='bbox 1014 4032 1108 4084; x_wconf 73' lang='grc' dir='ltr'>καὶ</span> <span class='ocrx_word' id='word_1_553' title='bbox 1155 4031 1225 4084; x_wconf 79' lang='grc' dir='ltr'>τὰ</span> <span class='ocrx_word' id='word_1_554' title='bbox 1251 4033 1363 4095; x_wconf 85' lang='grc' dir='ltr'>τοῖς</span> <span class='ocrx_word' id='word_1_555' title='bbox 1399 4033 1479 4095; x_wconf 82' lang='grc' dir='ltr'>εἰς</span> <span class='ocrx_word' id='word_1_556' title='bbox 1502 4030 1563 4083; x_wconf 70' lang='grc' dir='ltr'>τὸ</span> <span class='ocrx_word' id='word_1_557' title='bbox 1592 4029 1831 4083; x_wconf 85' lang='grc' dir='ltr'>ἐναντίον</span> <span class='ocrx_word' id='word_1_558' title='bbox 1861 4029 1983 4101; x_wconf 85' lang='grc' dir='ltr'>βλέ-</span> 
     </span>
    </p>
   </div>
   <div class='ocr_carea' id='block_1_64' title="bbox 384 4122 1985 4195">
    <p class='ocr_par' dir='ltr' id='par_1_64' title="bbox 384 4122 1985 4195">
     <span class='ocr_line' id='line_1_64' title="bbox 384 4122 1985 4195; baseline -0.002 -17"><span class='ocrx_word' id='word_1_559' title='bbox 384 4140 550 4179; x_wconf 87' lang='grc' dir='ltr'>πουσι</span> <span class='ocrx_word' id='word_1_560' title='bbox 606 4124 943 4195; x_wconf 83' lang='grc' dir='ltr'>διῳκισμένα</span> <span class='ocrx_word' id='word_1_561' title='bbox 996 4123 1288 4195; x_wconf 84' lang='grc' dir='ltr'>θελήμασι,</span> <span class='ocrx_word' id='word_1_562' title='bbox 1345 4123 1625 4194; x_wconf 76' lang='grc' dir='ltr'>μονονουχὶ</span> <span class='ocrx_word' id='word_1_563' title='bbox 1677 4124 1769 4178; x_wconf 78' lang='grc' dir='ltr'>καὶ</span> <span class='ocrx_word' id='word_1_564' title='bbox 1820 4122 1985 4195; x_wconf 85' lang='grc' dir='ltr'>ἀλλή-</span> 
     </span>
    </p>
   </div>
   <div class='ocr_carea' id='block_1_65' title="bbox 384 4215 1985 4287">
    <p class='ocr_par' dir='ltr' id='par_1_65' title="bbox 384 4215 1985 4287">
     <span class='ocr_line' id='line_1_65' title="bbox 384 4215 1985 4287; baseline 0 -17"><span class='ocrx_word' id='word_1_565' title='bbox 384 4217 497 4271; x_wconf 87' lang='grc' dir='ltr'>λων</span> <span class='ocrx_word' id='word_1_566' title='bbox 540 4220 857 4286; x_wconf 88' lang='grc' dir='ltr'>κατηγορεῖ,</span> <span class='ocrx_word' id='word_1_567' title='bbox 913 4216 1174 4287; x_wconf 81' lang='grc' dir='ltr'>ἐκατέρου</span> <span class='ocrx_word' id='word_1_568' title='bbox 1245 4216 1305 4269; x_wconf 72' lang='grc' dir='ltr'>τὸ</span> <span class='ocrx_word' id='word_1_569' title='bbox 1356 4217 1555 4270; x_wconf 85' lang='grc' dir='ltr'>οἰκεῖον</span> <span class='ocrx_word' id='word_1_570' title='bbox 1616 4215 1985 4286; x_wconf 76' lang='grc' dir='ltr'>θαυμάζοντος</span> 
     </span>
    </p>
   </div>
   <div class='ocr_carea' id='block_1_66' title="bbox 386 4304 1984 4379">
    <p class='ocr_par' dir='ltr' id='par_1_66' title="bbox 386 4304 1984 4379">
     <span class='ocr_line' id='line_1_66' title="bbox 386 4304 1984 4379; baseline 0.001 -21"><span class='ocrx_word' id='word_1_571' title='bbox 386 4307 749 4376; x_wconf 70' lang='grc' dir='ltr'>ἐπιτήδευμα.</span> <span class='ocrx_word' id='word_1_572' title='bbox 809 4304 1017 4359; x_wconf 78' lang='grc' dir='ltr'>Οὐκοῦν</span> <span class='ocrx_word' id='word_1_573' title='bbox 1056 4307 1270 4377; x_wconf 81' lang='grc' dir='ltr'>ἀνάγκη</span> <span class='ocrx_word' id='word_1_574' title='bbox 1320 4306 1593 4376; x_wconf 87' lang='grc' dir='ltr'>μισεῖσθαι</span> <span class='ocrx_word' id='word_1_575' title='bbox 1640 4308 1729 4361; x_wconf 79' lang='grc' dir='ltr'>τὸν</span> <span class='ocrx_word' id='word_1_576' title='bbox 1762 4306 1984 4379; x_wconf 86' lang='grc' dir='ltr'>φιλάρε-</span> 
     </span>
    </p>
   </div>
   <div class='ocr_carea' id='block_1_67' title="bbox 386 4390 1979 4470">
    <p class='ocr_par' dir='ltr' id='par_1_67' title="bbox 386 4390 1979 4470">
     <span class='ocr_line' id='line_1_67' title="bbox 386 4390 1979 4470; baseline 0.001 -20"><span class='ocrx_word' id='word_1_577' title='bbox 386 4413 502 4461; x_wconf 87' lang='grc' dir='ltr'>τον,</span> <span class='ocrx_word' id='word_1_578' title='bbox 529 4396 597 4450; x_wconf 81' lang='grc' dir='ltr'>δι’</span> <span class='ocrx_word' id='word_1_579' title='bbox 629 4390 703 4451; x_wconf 85' lang='grc' dir='ltr'>ὧν</span> <span class='ocrx_word' id='word_1_580' title='bbox 730 4396 891 4460; x_wconf 77' lang='grc' dir='ltr'>αὐτὸς</span> <span class='ocrx_word' id='word_1_581' title='bbox 940 4397 1272 4467; x_wconf 77' lang='grc' dir='ltr'>θαυμάζοιτο</span> <span class='ocrx_word' id='word_1_582' title='bbox 1305 4398 1403 4469; x_wconf 83' lang='grc' dir='ltr'>τὴν</span> <span class='ocrx_word' id='word_1_583' title='bbox 1436 4398 1745 4470; x_wconf 79' lang='grc' dir='ltr'>φαυλότητα</span> <span class='ocrx_word' id='word_1_584' title='bbox 1772 4400 1979 4469; x_wconf 86' lang='grc' dir='ltr'>διελέγ-</span> 
     </span>
    </p>
   </div>
   <div class='ocr_carea' id='block_1_68' title="bbox 389 4485 1976 4558">
    <p class='ocr_par' dir='ltr' id='par_1_68' title="bbox 389 4485 1976 4558">
     <span class='ocr_line' id='line_1_68' title="bbox 389 4485 1976 4558; baseline 0.001 -19"><span class='ocrx_word' id='word_1_585' title='bbox 389 4503 575 4557; x_wconf 87' lang='grc' dir='ltr'>χοντα,</span> <span class='ocrx_word' id='word_1_586' title='bbox 599 4486 773 4540; x_wconf 76' lang='grc' dir='ltr'>καὶτὸ</span> <span class='ocrx_word' id='word_1_587' title='bbox 789 4488 847 4539; x_wconf 80' lang='grc' dir='ltr'>ὲν</span> <span class='ocrx_word' id='word_1_588' title='bbox 870 4490 985 4549; x_wconf 86' lang='grc' dir='ltr'>τοῖς</span> <span class='ocrx_word' id='word_1_589' title='bbox 1008 4489 1266 4556; x_wconf 86' lang='grc' dir='ltr'>πονηροῖς</span> <span class='ocrx_word' id='word_1_590' title='bbox 1286 4485 1472 4558; x_wconf 79' lang='grc' dir='ltr'>αἶσχος</span> <span class='ocrx_word' id='word_1_591' title='bbox 1492 4488 1976 4554; x_wconf 86' lang='grc' dir='ltr'>ἀπολευκαίνοντα,</span> 
     </span>
    </p>
   </div>
   <div class='ocr_carea' id='block_1_69' title="bbox 389 4577 1980 4650">
    <p class='ocr_par' dir='ltr' id='par_1_69' title="bbox 389 4577 1980 4650">
     <span class='ocr_line' id='line_1_69' title="bbox 389 4577 1980 4650; baseline 0.001 -20"><span class='ocrx_word' id='word_1_592' title='bbox 389 4580 456 4648; x_wconf 72' lang='grc' dir='ltr'>τῇ</span> <span class='ocrx_word' id='word_1_593' title='bbox 489 4577 596 4631; x_wconf 86' lang='grc' dir='ltr'>τῶν</span> <span class='ocrx_word' id='word_1_594' title='bbox 618 4577 833 4631; x_wconf 78' lang='grc' dir='ltr'>οἰκείων</span> <span class='ocrx_word' id='word_1_595' title='bbox 863 4577 1287 4649; x_wconf 81' lang='grc' dir='ltr'>ἀντιπαραθέσει</span> <span class='ocrx_word' id='word_1_596' title='bbox 1314 4578 1551 4649; x_wconf 81' lang='grc' dir='ltr'>τρόπων-</span> <span class='ocrx_word' id='word_1_597' title='bbox 1588 4577 1980 4650; x_wconf 84' lang='grc' dir='ltr'>παραδειχθέν-</span> 
     </span>
    </p>
   </div>
   <div class='ocr_carea' id='block_1_70' title="bbox 389 4667 1981 4742">
    <p class='ocr_par' dir='ltr' id='par_1_70' title="bbox 389 4667 1981 4742">
     <span class='ocr_line' id='line_1_70' title="bbox 389 4667 1981 4742; baseline 0.002 -20"><span class='ocrx_word' id='word_1_598' title='bbox 389 4685 480 4733; x_wconf 83' lang='grc' dir='ltr'>τος</span> <span class='ocrx_word' id='word_1_599' title='bbox 513 4669 620 4741; x_wconf 79' lang='grc' dir='ltr'>γὰρ</span> <span class='ocrx_word' id='word_1_600' title='bbox 663 4668 757 4723; x_wconf 87' lang='grc' dir='ltr'>τοῦ</span> <span class='ocrx_word' id='word_1_601' title='bbox 804 4667 1035 4738; x_wconf 84' lang='grc' dir='ltr'>ἀγαθοῦ,</span> <span class='ocrx_word' id='word_1_602' title='bbox 1090 4669 1257 4741; x_wconf 85' lang='grc' dir='ltr'>πολλή</span> <span class='ocrx_word' id='word_1_603' title='bbox 1288 4687 1405 4732; x_wconf 85' lang='grc' dir='ltr'>πως</span> <span class='ocrx_word' id='word_1_604' title='bbox 1447 4670 1661 4742; x_wconf 83' lang='grc' dir='ltr'>ἀνάγκη</span> <span class='ocrx_word' id='word_1_605' title='bbox 1688 4672 1748 4725; x_wconf 74' lang='grc' dir='ltr'>τὸ</span> <span class='ocrx_word' id='word_1_606' title='bbox 1777 4670 1981 4741; x_wconf 79' lang='grc' dir='ltr'>φαῦλον</span> 
     </span>
    </p>
   </div>
   <div class='ocr_carea' id='block_1_71' title="bbox 389 4756 1984 4832">
    <p class='ocr_par' dir='ltr' id='par_1_71' title="bbox 389 4756 1984 4832">
     <span class='ocr_line' id='line_1_71' title="bbox 389 4756 1984 4832; baseline 0.002 -20"><span class='ocrx_word' id='word_1_607' title='bbox 389 4760 739 4829; x_wconf 85' lang='grc' dir='ltr'>ἀσχημονεῖν.</span> <span class='ocrx_word' id='word_1_608' title='bbox 763 4762 863 4815; x_wconf 84' lang='grc' dir='ltr'>Διά</span> <span class='ocrx_word' id='word_1_609' title='bbox 888 4762 1111 4829; x_wconf 83' lang='grc' dir='ltr'>ταύτην,</span> <span class='ocrx_word' id='word_1_610' title='bbox 1134 4756 1306 4830; x_wconf 78' lang='grc' dir='ltr'>οἶμαι,</span> <span class='ocrx_word' id='word_1_611' title='bbox 1333 4761 1433 4832; x_wconf 73' lang='grc' dir='ltr'>τὴν</span> <span class='ocrx_word' id='word_1_612' title='bbox 1482 4762 1681 4822; x_wconf 73' lang='grc' dir='ltr'>αἰτίαν,</span> <span class='ocrx_word' id='word_1_613' title='bbox 1730 4765 1841 4826; x_wconf 82' lang='grc' dir='ltr'>τοῖς</span> <span class='ocrx_word' id='word_1_614' title='bbox 1870 4762 1984 4832; x_wconf 86' lang='grc' dir='ltr'>φιλ-</span> 
     </span>
    </p>
   </div>
   <div class='ocr_carea' id='block_1_72' title="bbox 387 4852 1982 4925">
    <p class='ocr_par' dir='ltr' id='par_1_72' title="bbox 387 4852 1982 4925">
     <span class='ocr_line' id='line_1_72' title="bbox 387 4852 1982 4925; baseline 0.002 -19"><span class='ocrx_word' id='word_1_615' title='bbox 387 4852 605 4923; x_wconf 85' lang='grc' dir='ltr'>αρέτοις</span> <span class='ocrx_word' id='word_1_616' title='bbox 636 4853 1065 4924; x_wconf 80' lang='grc' dir='ltr'>ὲπιμεμήνασιν,</span> <span class='ocrx_word' id='word_1_617' title='bbox 1101 4855 1150 4906; x_wconf 89' lang='grc' dir='ltr'>οἱ</span> <span class='ocrx_word' id='word_1_618' title='bbox 1175 4854 1249 4924; x_wconf 86' lang='grc' dir='ltr'>μὴ</span> <span class='ocrx_word' id='word_1_619' title='bbox 1295 4854 1387 4908; x_wconf 74' lang='grc' dir='ltr'>τὸν</span> <span class='ocrx_word' id='word_1_620' title='bbox 1418 4854 1530 4908; x_wconf 86' lang='grc' dir='ltr'>ῐσον</span> <span class='ocrx_word' id='word_1_621' title='bbox 1561 4856 1744 4918; x_wconf 83' lang='grc' dir='ltr'>αὐτοῖς</span> <span class='ocrx_word' id='word_1_622' title='bbox 1773 4854 1982 4925; x_wconf 78' lang='grc' dir='ltr'>ἐζηλω-</span> 
     </span>
    </p>
   </div>
   <div class='ocr_carea' id='block_1_73' title="bbox 387 4942 1983 5017">
    <p class='ocr_par' dir='ltr' id='par_1_73' title="bbox 387 4942 1983 5017">
     <span class='ocr_line' id='line_1_73' title="bbox 387 4942 1983 5017; baseline 0.003 -21"><span class='ocrx_word' id='word_1_623' title='bbox 387 4942 549 5008; x_wconf 83' lang='grc' dir='ltr'>κότες</span> <span class='ocrx_word' id='word_1_624' title='bbox 579 4943 803 5014; x_wconf 81' lang='grc' dir='ltr'>τρόπον.</span> <span class='ocrx_word' id='word_1_625' title='bbox 827 4944 941 4997; x_wconf 81' lang='grc' dir='ltr'>οὐκ</span> <span class='ocrx_word' id='word_1_626' title='bbox 972 4946 1037 5014; x_wconf 78' lang='grc' dir='ltr'>ἐᾷ</span> <span class='ocrx_word' id='word_1_627' title='bbox 1081 4944 1367 5016; x_wconf 85' lang='grc' dir='ltr'>τοιγαροῦν</span> <span class='ocrx_word' id='word_1_628' title='bbox 1398 4945 1685 4999; x_wconf 86' lang='grc' dir='ltr'>λυπεῖσθαι</span> <span class='ocrx_word' id='word_1_629' title='bbox 1713 4946 1843 5010; x_wconf 78' lang='grc' dir='ltr'>τοὺς</span> <span class='ocrx_word' id='word_1_630' title='bbox 1877 4964 1983 5017; x_wconf 85' lang='grc' dir='ltr'>μα-</span> 
     </span>
    </p>
   </div>
   <div class='ocr_carea' id='block_1_74' title="bbox 388 5034 1984 5121">
    <p class='ocr_par' dir='ltr' id='par_1_74' title="bbox 388 5034 1984 5121">
     <span class='ocr_line' id='line_1_74' title="bbox 388 5034 1984 5121; baseline 0.004 -33"><span class='ocrx_word' id='word_1_631' title='bbox 388 5034 587 5106; x_wconf 79' lang='grc' dir='ltr'>Θητὰς,</span> <span class='ocrx_word' id='word_1_632' title='bbox 615 5035 720 5089; x_wconf 73' lang='grc' dir='ltr'>κάν</span> <span class='ocrx_word' id='word_1_633' title='bbox 747 5035 1176 5107; x_wconf 83' lang='grc' dir='ltr'>ἀπηχθημένους</span> <span class='ocrx_word' id='word_1_634' title='bbox 1205 5038 1431 5102; x_wconf 75' lang='grc' dir='ltr'>ἑαυτοὺς</span> <span class='ocrx_word' id='word_1_635' title='bbox 1469 5039 1637 5109; x_wconf 82' lang='grc' dir='ltr'>ὁρῶσι</span> <span class='ocrx_word' id='word_1_636' title='bbox 1666 5038 1745 5109; x_wconf 89' lang='grc' dir='ltr'>τῷ</span> <span class='ocrx_word' id='word_1_637' title='bbox 1773 5039 1984 5121; x_wconf 76' lang='grc' dir='ltr'>κόσμῳ⁹</span> 
     </span>
    </p>
   </div>
   <div class='ocr_carea' id='block_1_75' title="bbox 387 5122 1985 5203">
    <p class='ocr_par' dir='ltr' id='par_1_75' title="bbox 387 5122 1985 5203">
     <span class='ocr_line' id='line_1_75' title="bbox 387 5122 1985 5203; baseline 0.003 -23"><span class='ocrx_word' id='word_1_638' title='bbox 387 5122 488 5180; x_wconf 71' lang='grc' dir='ltr'>διὰ</span> <span class='ocrx_word' id='word_1_639' title='bbox 503 5125 565 5179; x_wconf 79' lang='grc' dir='ltr'>τὸ</span> <span class='ocrx_word' id='word_1_640' title='bbox 588 5126 878 5195; x_wconf 83' lang='grc' dir='ltr'>φιλάρετον</span> <span class='ocrx_word' id='word_1_641' title='bbox 904 5127 997 5180; x_wconf 80' lang='grc' dir='ltr'>καὶ</span> <span class='ocrx_word' id='word_1_642' title='bbox 1024 5126 1123 5198; x_wconf 75' lang='grc' dir='ltr'>τὴν</span> <span class='ocrx_word' id='word_1_643' title='bbox 1148 5129 1228 5191; x_wconf 81' lang='grc' dir='ltr'>είς</span> <span class='ocrx_word' id='word_1_644' title='bbox 1264 5128 1426 5181; x_wconf 80' lang='grc' dir='ltr'>αὐτὸν</span> <span class='ocrx_word' id='word_1_645' title='bbox 1450 5129 1749 5191; x_wconf 73' lang='grc' dir='ltr'>εὐσέϐειαν,</span> <span class='ocrx_word' id='word_1_646' title='bbox 1773 5130 1985 5203; x_wconf 88' lang='grc' dir='ltr'>χαίρειν</span> 
     </span>
    </p>
   </div>
   <div class='ocr_carea' id='block_1_76' title="bbox 384 5219 1985 5295">
    <p class='ocr_par' dir='ltr' id='par_1_76' title="bbox 384 5219 1985 5295">
     <span class='ocr_line' id='line_1_76' title="bbox 384 5219 1985 5295; baseline 0.001 -21"><span class='ocrx_word' id='word_1_647' title='bbox 384 5219 450 5274; x_wconf 79' lang='grc' dir='ltr'>δὲ</span> <span class='ocrx_word' id='word_1_648' title='bbox 493 5220 695 5292; x_wconf 74' lang='grc' dir='ltr'>μᾶλλον</span> <span class='ocrx_word' id='word_1_649' title='bbox 721 5221 787 5272; x_wconf 79' lang='grc' dir='ltr'>ὲκ</span> <span class='ocrx_word' id='word_1_650' title='bbox 813 5219 925 5273; x_wconf 84' lang='grc' dir='ltr'>τῶν</span> <span class='ocrx_word' id='word_1_651' title='bbox 947 5220 1206 5275; x_wconf 71' lang='grc' dir='ltr'>ἐναντίων</span> <span class='ocrx_word' id='word_1_652' title='bbox 1258 5223 1561 5293; x_wconf 67' lang='grc' dir='ltr'>εἰσηγεῖται</span> <span class='ocrx_word' id='word_1_653' title='bbox 1597 5224 1725 5290; x_wconf 84' lang='grc' dir='ltr'>δεῖν,</span> <span class='ocrx_word' id='word_1_654' title='bbox 1757 5222 1985 5295; x_wconf 81' lang='grc' dir='ltr'>δεχομέ-</span> 
     </span>
    </p>
   </div>
   <div class='ocr_carea' id='block_1_77' title="bbox 385 5308 1982 5385">
    <p class='ocr_par' dir='ltr' id='par_1_77' title="bbox 385 5308 1982 5385">
     <span class='ocr_line' id='line_1_77' title="bbox 385 5308 1982 5385; baseline 0.003 -23"><span class='ocrx_word' id='word_1_655' title='bbox 385 5326 516 5372; x_wconf 86' lang='grc' dir='ltr'>νους</span> <span class='ocrx_word' id='word_1_656' title='bbox 544 5312 621 5373; x_wconf 86' lang='grc' dir='ltr'>είς</span> <span class='ocrx_word' id='word_1_657' title='bbox 652 5308 928 5375; x_wconf 79' lang='grc' dir='ltr'>ἀπόδειξιν</span> <span class='ocrx_word' id='word_1_658' title='bbox 948 5310 1043 5363; x_wconf 88' lang='grc' dir='ltr'>τοῦ</span> <span class='ocrx_word' id='word_1_659' title='bbox 1080 5312 1230 5382; x_wconf 82' lang='grc' dir='ltr'>παρὰ</span> <span class='ocrx_word' id='word_1_660' title='bbox 1273 5311 1393 5383; x_wconf 85' lang='grc' dir='ltr'>Θεῷ</span> <span class='ocrx_word' id='word_1_661' title='bbox 1421 5315 1703 5385; x_wconf 71' lang='grc' dir='ltr'>λαμπροὺς</span> <span class='ocrx_word' id='word_1_662' title='bbox 1744 5314 1982 5381; x_wconf 74' lang='grc' dir='ltr'>ἔσεσθαι,</span> 
     </span>
    </p>
   </div>
   <div class='ocr_carea' id='block_1_78' title="bbox 385 5401 1982 5477">
    <p class='ocr_par' dir='ltr' id='par_1_78' title="bbox 385 5401 1982 5477">
     <span class='ocr_line' id='line_1_78' title="bbox 385 5401 1982 5477; baseline 0.001 -20"><span class='ocrx_word' id='word_1_663' title='bbox 385 5402 486 5457; x_wconf 73' lang='grc' dir='ltr'>καὶ</span> <span class='ocrx_word' id='word_1_664' title='bbox 527 5401 684 5470; x_wconf 84' lang='grc' dir='ltr'>λόγου</span> <span class='ocrx_word' id='word_1_665' title='bbox 736 5401 938 5464; x_wconf 71' lang='grc' dir='ltr'>παντὸς</span> <span class='ocrx_word' id='word_1_666' title='bbox 990 5401 1196 5469; x_wconf 80' lang='grc' dir='ltr'>ἀξίους,</span> <span class='ocrx_word' id='word_1_667' title='bbox 1254 5404 1315 5456; x_wconf 81' lang='grc' dir='ltr'>τὸ</span> <span class='ocrx_word' id='word_1_668' title='bbox 1375 5406 1649 5474; x_wconf 79' lang='grc' dir='ltr'>μισεῖσθαι</span> <span class='ocrx_word' id='word_1_669' title='bbox 1690 5404 1839 5477; x_wconf 86' lang='grc' dir='ltr'>παρά</span> <span class='ocrx_word' id='word_1_670' title='bbox 1885 5406 1982 5461; x_wconf 84' lang='grc' dir='ltr'>τοῦ</span> 
     </span>
    </p>
   </div>
   <div class='ocr_carea' id='block_1_79' title="bbox 386 5490 1981 5567">
    <p class='ocr_par' dir='ltr' id='par_1_79' title="bbox 386 5490 1981 5567">
     <span class='ocr_line' id='line_1_79' title="bbox 386 5490 1981 5567; baseline 0.002 -21"><span class='ocrx_word' id='word_1_671' title='bbox 386 5490 620 5563; x_wconf 84' lang='grc' dir='ltr'>κόσμου.</span> <span class='ocrx_word' id='word_1_672' title='bbox 649 5491 824 5545; x_wconf 83' lang='grc' dir='ltr'>Βλέπε</span> <span class='ocrx_word' id='word_1_673' title='bbox 862 5493 974 5562; x_wconf 80' lang='grc' dir='ltr'>γὰρ</span> <span class='ocrx_word' id='word_1_674' title='bbox 1022 5491 1169 5556; x_wconf 80' lang='grc' dir='ltr'>ὅπως</span> <span class='ocrx_word' id='word_1_675' title='bbox 1203 5493 1469 5564; x_wconf 75' lang='grc' dir='ltr'>σφαλερὸν</span> <span class='ocrx_word' id='word_1_676' title='bbox 1504 5495 1808 5559; x_wconf 81' lang='grc' dir='ltr'>ἀπέδειξεν.</span> <span class='ocrx_word' id='word_1_677' title='bbox 1844 5494 1981 5567; x_wconf 86' lang='grc' dir='ltr'>ὅπερ</span> 
     </span>
    </p>
   </div>
   <div class='ocr_carea' id='block_1_80' title="bbox 388 5579 1975 5659">
    <p class='ocr_par' dir='ltr' id='par_1_80' title="bbox 388 5579 1975 5659">
     <span class='ocr_line' id='line_1_80' title="bbox 388 5579 1975 5659; baseline 0.004 -23"><span class='ocrx_word' id='word_1_678' title='bbox 388 5579 459 5656; x_wconf 69' lang='grc' dir='ltr'>ἦν</span> <span class='ocrx_word' id='word_1_679' title='bbox 495 5584 643 5648; x_wconf 70' lang='grc' dir='ltr'>εἰκὸς</span> <span class='ocrx_word' id='word_1_680' title='bbox 669 5584 884 5638; x_wconf 74' lang='grc' dir='ltr'>ἑλέσθαι</span> <span class='ocrx_word' id='word_1_681' title='bbox 918 5585 1104 5655; x_wconf 73' lang='grc' dir='ltr'>τυχὸν,</span> <span class='ocrx_word' id='word_1_682' title='bbox 1127 5585 1421 5656; x_wconf 84' lang='grc' dir='ltr'>τληπαθεῖν</span> <span class='ocrx_word' id='word_1_683' title='bbox 1447 5587 1546 5640; x_wconf 77' lang='grc' dir='ltr'>οὐκ</span> <span class='ocrx_word' id='word_1_684' title='bbox 1598 5588 1975 5659; x_wconf 79' lang='grc' dir='ltr'>ἀνεχομένους.</span> 
     </span>
    </p>
   </div>
   <div class='ocr_carea' id='block_1_81' title="bbox 2083 3202 3667 3273">
    <p class='ocr_par' dir='ltr' id='par_1_81' title="bbox 2083 3202 3667 3273">
     <span class='ocr_line' id='line_1_81' title="bbox 2083 3202 3667 3273; baseline -0.002 -13"><span class='ocrx_word' id='word_1_685' title='bbox 2083 3203 2468 3260; x_wconf 82' lang='lat' dir='ltr'><strong>coul‘ormitate</strong></span> <span class='ocrx_word' id='word_1_686' title='bbox 2516 3212 2722 3258; x_wconf 60' lang='lat' dir='ltr'><strong>mutua:</strong></span> <span class='ocrx_word' id='word_1_687' title='bbox 2753 3203 3073 3258; x_wconf 88' lang='lat' dir='ltr'><strong>dilectionis</strong></span> <span class='ocrx_word' id='word_1_688' title='bbox 3111 3202 3287 3273; x_wconf 75' lang='lat' dir='ltr'><strong>legem</strong></span> <span class='ocrx_word' id='word_1_689' title='bbox 3327 3213 3667 3264; x_wconf 83' lang='lat' dir='ltr'><strong>renovante.</strong></span> 
     </span>
    </p>
   </div>
   <div class='ocr_carea' id='block_1_82' title="bbox 2083 3293 3670 3366">
    <p class='ocr_par' dir='ltr' id='par_1_82' title="bbox 2083 3293 3670 3366">
     <span class='ocr_line' id='line_1_82' title="bbox 2083 3293 3670 3366; baseline -0.001 -15"><span class='ocrx_word' id='word_1_690' title='bbox 2083 3306 2308 3352; x_wconf 88' lang='lat' dir='ltr'><strong>sanctus</strong></span> <span class='ocrx_word' id='word_1_691' title='bbox 2338 3296 2559 3366; x_wconf 87' lang='lat' dir='ltr'><strong>quidem</strong></span> <span class='ocrx_word' id='word_1_692' title='bbox 2591 3309 2716 3349; x_wconf 90' lang='lat' dir='ltr'>cum</span> <span class='ocrx_word' id='word_1_693' title='bbox 2749 3302 2943 3349; x_wconf 89' lang='lat' dir='ltr'><strong>sancto</strong></span> <span class='ocrx_word' id='word_1_694' title='bbox 2971 3293 3416 3359; x_wconf 89' lang='lat' dir='ltr'><strong>conversabitur,</strong></span> <span class='ocrx_word' id='word_1_695' title='bbox 3453 3299 3670 3349; x_wconf 74' lang='lat' dir='ltr'><strong>et‘sua-</strong></span> 
     </span>
    </p>
   </div>
   <div class='ocr_carea' id='block_1_83' title="bbox 2084 3384 3667 3455">
    <p class='ocr_par' dir='ltr' id='par_1_83' title="bbox 2084 3384 3667 3455">
     <span class='ocr_line' id='line_1_83' title="bbox 2084 3384 3667 3455; baseline -0.001 -14"><span class='ocrx_word' id='word_1_696' title='bbox 2084 3387 2308 3442; x_wconf 90' lang='lat' dir='ltr'><strong>vissime</strong></span> <span class='ocrx_word' id='word_1_697' title='bbox 2358 3395 2524 3455; x_wconf 88' lang='lat' dir='ltr'><strong>atque</strong></span> <span class='ocrx_word' id='word_1_698' title='bbox 2591 3384 2975 3440; x_wconf 84' lang='lat' dir='ltr'><strong>amantissime</strong></span> <span class='ocrx_word' id='word_1_699' title='bbox 3033 3398 3141 3438; x_wconf 91' lang='lat' dir='ltr'>una</span> <span class='ocrx_word' id='word_1_700' title='bbox 3192 3398 3320 3438; x_wconf 90' lang='lat' dir='ltr'>cum</span> <span class='ocrx_word' id='word_1_701' title='bbox 3368 3398 3435 3439; x_wconf 91' lang='lat' dir='ltr'>eo</span> <span class='ocrx_word' id='word_1_702' title='bbox 3484 3384 3667 3455; x_wconf 75' lang='lat' dir='ltr'><strong>deget,</strong></span> 
     </span>
    </p>
   </div>
   <div class='ocr_carea' id='block_1_84' title="bbox 2082 3474 3673 3550">
    <p class='ocr_par' dir='ltr' id='par_1_84' title="bbox 2082 3474 3673 3550">
     <span class='ocr_line' id='line_1_84' title="bbox 2082 3474 3673 3550; baseline 0.001 -18"><span class='ocrx_word' id='word_1_703' title='bbox 2082 3479 2350 3550; x_wconf 79' lang='lat' dir='ltr'><strong>profanus</strong></span> <span class='ocrx_word' id='word_1_704' title='bbox 2373 3478 2501 3532; x_wconf 89' lang='lat' dir='ltr'><strong>item</strong></span> <span class='ocrx_word' id='word_1_705' title='bbox 2529 3488 2654 3531; x_wconf 90' lang='lat' dir='ltr'>cum</span> <span class='ocrx_word' id='word_1_706' title='bbox 2684 3474 2939 3546; x_wconf 83' lang='lat' dir='ltr'><strong>profano.</strong></span> <span class='ocrx_word' id='word_1_707' title='bbox 2962 3476 3176 3531; x_wconf 90' lang='lat' dir='ltr'><strong>Idcirco</strong></span> <span class='ocrx_word' id='word_1_708' title='bbox 3206 3475 3290 3530; x_wconf 88' lang='lat' dir='ltr'>lex</span> <span class='ocrx_word' id='word_1_709' title='bbox 3319 3490 3539 3546; x_wconf 87' lang='lat' dir='ltr'><strong>quoque</strong></span> <span class='ocrx_word' id='word_1_710' title='bbox 3559 3474 3673 3533; x_wconf 64' lang='lat' dir='ltr'><strong>llo-</strong></span> 
     </span>
    </p>
   </div>
   <div class='ocr_carea' id='block_1_85' title="bbox 2083 3564 3671 3636">
    <p class='ocr_par' dir='ltr' id='par_1_85' title="bbox 2083 3564 3671 3636">
     <span class='ocr_line' id='line_1_85' title="bbox 2083 3564 3671 3636; baseline -0.004 -9"><span class='ocrx_word' id='word_1_711' title='bbox 2083 3570 2231 3627; x_wconf 81' lang='lat' dir='ltr'><strong>saica</strong></span> <span class='ocrx_word' id='word_1_712' title='bbox 2279 3569 2420 3622; x_wconf 87' lang='lat' dir='ltr'><strong>inter</strong></span> <span class='ocrx_word' id='word_1_713' title='bbox 2452 3573 2705 3621; x_wconf 89' lang='lat' dir='ltr'><strong>sanctum</strong></span> <span class='ocrx_word' id='word_1_714' title='bbox 2749 3574 2804 3620; x_wconf 90' lang='lat' dir='ltr'>et</span> <span class='ocrx_word' id='word_1_715' title='bbox 2836 3564 3128 3636; x_wconf 82' lang='lat' dir='ltr'><strong>profanum</strong></span> <span class='ocrx_word' id='word_1_716' title='bbox 3160 3564 3465 3621; x_wconf 89' lang='lat' dir='ltr'><strong>discrimen</strong></span> <span class='ocrx_word' id='word_1_717' title='bbox 3500 3580 3671 3636; x_wconf 88' lang='lat' dir='ltr'><strong>pone-</strong></span> 
     </span>
    </p>
   </div>
   <div class='ocr_carea' id='block_1_86' title="bbox 2084 3657 3672 3730">
    <p class='ocr_par' dir='ltr' id='par_1_86' title="bbox 2084 3657 3672 3730">
     <span class='ocr_line' id='line_1_86' title="bbox 2084 3657 3672 3730; baseline -0.005 -13"><span class='ocrx_word' id='word_1_718' title='bbox 2084 3663 2197 3724; x_wconf 88' lang='lat' dir='ltr'><strong>bat,</strong></span> <span class='ocrx_word' id='word_1_719' title='bbox 2220 3676 2495 3730; x_wconf 88' lang='lat' dir='ltr'><strong>uusquam</strong></span> <span class='ocrx_word' id='word_1_720' title='bbox 2527 3672 2589 3713; x_wconf 91' lang='lat' dir='ltr'>ea</span> <span class='ocrx_word' id='word_1_721' title='bbox 2617 3658 2762 3712; x_wconf 89' lang='lat' dir='ltr'><strong>inter</strong></span> <span class='ocrx_word' id='word_1_722' title='bbox 2789 3672 2849 3713; x_wconf 89' lang='lat' dir='ltr'>se</span> <span class='ocrx_word' id='word_1_723' title='bbox 2881 3658 3033 3713; x_wconf 91' lang='lat' dir='ltr'><strong>coire</strong></span> <span class='ocrx_word' id='word_1_724' title='bbox 3060 3672 3223 3728; x_wconf 87' lang='lat' dir='ltr'><strong>posse</strong></span> <span class='ocrx_word' id='word_1_725' title='bbox 3250 3665 3502 3714; x_wconf 87' lang='lat' dir='ltr'><strong>statuens</strong></span> <span class='ocrx_word' id='word_1_726' title='bbox 3533 3657 3672 3711; x_wconf 86' lang='lat' dir='ltr'><strong>ami-</strong></span> 
     </span>
    </p>
   </div>
   <div class='ocr_carea' id='block_1_87' title="bbox 2084 3749 3671 3824">
    <p class='ocr_par' dir='ltr' id='par_1_87' title="bbox 2084 3749 3671 3824">
     <span class='ocr_line' id='line_1_87' title="bbox 2084 3749 3671 3824; baseline -0.004 -16"><span class='ocrx_word' id='word_1_727' title='bbox 2084 3754 2227 3809; x_wconf 66' lang='lat' dir='ltr'><strong>citiae</strong></span> <span class='ocrx_word' id='word_1_728' title='bbox 2263 3754 2400 3824; x_wconf 77' lang='lat' dir='ltr'><strong>lege.</strong></span> <span class='ocrx_word' id='word_1_729' title='bbox 2441 3772 2458 3803; x_wconf 81' lang='grc' dir='ltr'>ι</span> <span class='ocrx_word' id='word_1_730' title='bbox 2483 3750 2863 3821; x_wconf 86' lang='lat' dir='ltr'><strong>Corrumpunt</strong></span> <span class='ocrx_word' id='word_1_731' title='bbox 2896 3751 3041 3805; x_wconf 87' lang='lat' dir='ltr'><strong>enim</strong></span> <span class='ocrx_word' id='word_1_732' title='bbox 3082 3749 3258 3805; x_wconf 87' lang='lat' dir='ltr'><strong>bonos</strong></span> <span class='ocrx_word' id='word_1_733' title='bbox 3288 3765 3470 3806; x_wconf 86' lang='lat' dir='ltr'><strong>mores</strong></span> <span class='ocrx_word' id='word_1_734' title='bbox 3499 3751 3671 3806; x_wconf 82' lang='lat' dir='ltr'><strong>collo-</strong></span> 
     </span>
    </p>
   </div>
   <div class='ocr_carea' id='block_1_88' title="bbox 2083 3840 3670 3916">
    <p class='ocr_par' dir='ltr' id='par_1_88' title="bbox 2083 3840 3670 3916">
     <span class='ocr_line' id='line_1_88' title="bbox 2083 3840 3670 3916; baseline -0.001 -17"><span class='ocrx_word' id='word_1_735' title='bbox 2083 3845 2212 3916; x_wconf 88' lang='lat' dir='ltr'><strong>quia</strong></span> <span class='ocrx_word' id='word_1_736' title='bbox 2245 3859 2415 3914; x_wconf 86' lang='lat' dir='ltr'><strong>prava</strong></span> <span class='ocrx_word' id='word_1_737' title='bbox 2441 3842 2546 3907; x_wconf 74' lang='grc' dir='ltr'>’³,ι</span> <span class='ocrx_word' id='word_1_738' title='bbox 2581 3851 2636 3898; x_wconf 90' lang='lat' dir='ltr'>et</span> <span class='ocrx_word' id='word_1_739' title='bbox 2663 3857 2786 3912; x_wconf 61' lang='lat' dir='ltr'><strong>quae</strong></span> <span class='ocrx_word' id='word_1_740' title='bbox 2814 3841 3132 3912; x_wconf 87' lang='lat' dir='ltr'><strong>discrepant</strong></span> <span class='ocrx_word' id='word_1_741' title='bbox 3159 3840 3393 3896; x_wconf 82' lang='lat' dir='ltr'><strong>diversis</strong></span> <span class='ocrx_word' id='word_1_742' title='bbox 3425 3841 3670 3897; x_wconf 90' lang='lat' dir='ltr'><strong>moribus</strong></span> 
     </span>
    </p>
   </div>
   <div class='ocr_carea' id='block_1_89' title="bbox 2086 3931 3670 4004">
    <p class='ocr_par' dir='ltr' id='par_1_89' title="bbox 2086 3931 3670 4004">
     <span class='ocr_line' id='line_1_89' title="bbox 2086 3931 3670 4004; baseline -0.003 -12"><span class='ocrx_word' id='word_1_743' title='bbox 2086 3953 2150 3993; x_wconf 86' lang='lat' dir='ltr'>ac</span> <span class='ocrx_word' id='word_1_744' title='bbox 2180 3938 2235 3991; x_wconf 92' lang='lat' dir='ltr'>in</span> <span class='ocrx_word' id='word_1_745' title='bbox 2259 3937 2540 3992; x_wconf 84' lang='lat' dir='ltr'><strong>diversum</strong></span> <span class='ocrx_word' id='word_1_746' title='bbox 2568 3935 2921 3991; x_wconf 87' lang='lat' dir='ltr'><strong>tendentibus</strong></span> <span class='ocrx_word' id='word_1_747' title='bbox 2966 3931 3191 3998; x_wconf 85' lang='lat' dir='ltr'><strong>animis,</strong></span> <span class='ocrx_word' id='word_1_748' title='bbox 3237 3933 3384 3988; x_wconf 88' lang='lat' dir='ltr'><strong>inter</strong></span> <span class='ocrx_word' id='word_1_749' title='bbox 3427 3948 3487 3989; x_wconf 89' lang='lat' dir='ltr'>se</span> <span class='ocrx_word' id='word_1_750' title='bbox 3528 3949 3670 4004; x_wconf 82' lang='lat' dir='ltr'><strong>quo-</strong></span> 
     </span>
    </p>
   </div>
   <div class='ocr_carea' id='block_1_90' title="bbox 2085 4027 3670 4098">
    <p class='ocr_par' dir='ltr' id='par_1_90' title="bbox 2085 4027 3670 4098">
     <span class='ocr_line' id='line_1_90' title="bbox 2085 4027 3670 4098; baseline -0.001 -15"><span class='ocrx_word' id='word_1_751' title='bbox 2085 4028 2380 4084; x_wconf 84' lang='lat' dir='ltr'><strong>dammodo</strong></span> <span class='ocrx_word' id='word_1_752' title='bbox 2419 4027 2626 4083; x_wconf 89' lang='lat' dir='ltr'><strong>bellum</strong></span> <span class='ocrx_word' id='word_1_753' title='bbox 2670 4032 2907 4098; x_wconf 73' lang='lat' dir='ltr'><strong>gerunt,</strong></span> <span class='ocrx_word' id='word_1_754' title='bbox 2945 4040 3115 4096; x_wconf 89' lang='lat' dir='ltr'><strong>seque</strong></span> <span class='ocrx_word' id='word_1_755' title='bbox 3150 4032 3343 4080; x_wconf 87' lang='lat' dir='ltr'><strong>mutuo</strong></span> <span class='ocrx_word' id='word_1_756' title='bbox 3375 4040 3670 4096; x_wconf 83' lang='lat' dir='ltr'><strong>propemo-</strong></span> 
     </span>
    </p>
   </div>
   <div class='ocr_carea' id='block_1_91' title="bbox 2086 4118 3671 4187">
    <p class='ocr_par' dir='ltr' id='par_1_91' title="bbox 2086 4118 3671 4187">
     <span class='ocr_line' id='line_1_91' title="bbox 2086 4118 3671 4187; baseline -0.003 -10"><span class='ocrx_word' id='word_1_757' title='bbox 2086 4122 2215 4177; x_wconf 86' lang='lat' dir='ltr'>dum</span> <span class='ocrx_word' id='word_1_758' title='bbox 2252 4126 2556 4183; x_wconf 88' lang='lat' dir='ltr'><strong>accusant,</strong></span> <span class='ocrx_word' id='word_1_759' title='bbox 2587 4118 2950 4175; x_wconf 86' lang='lat' dir='ltr'><strong>exosculante</strong></span> <span class='ocrx_word' id='word_1_760' title='bbox 2985 4127 3221 4187; x_wconf 90' lang='lat' dir='ltr'><strong>utroque</strong></span> <span class='ocrx_word' id='word_1_761' title='bbox 3254 4132 3419 4173; x_wconf 88' lang='lat' dir='ltr'><strong>suum</strong></span> <span class='ocrx_word' id='word_1_762' title='bbox 3456 4118 3671 4174; x_wconf 88' lang='lat' dir='ltr'><strong>institu-</strong></span> 
     </span>
    </p>
   </div>
   <div class='ocr_carea' id='block_1_92' title="bbox 2089 4209 3670 4281">
    <p class='ocr_par' dir='ltr' id='par_1_92' title="bbox 2089 4209 3670 4281">
     <span class='ocr_line' id='line_1_92' title="bbox 2089 4209 3670 4281; baseline -0.004 -11"><span class='ocrx_word' id='word_1_763' title='bbox 2089 4225 2225 4270; x_wconf 78' lang='lat' dir='ltr'><strong>tmn.</strong></span> <span class='ocrx_word' id='word_1_764' title='bbox 2255 4213 2525 4281; x_wconf 86' lang='lat' dir='ltr'><strong>Quocirca</strong></span> <span class='ocrx_word' id='word_1_765' title='bbox 2551 4226 2780 4267; x_wconf 89' lang='lat' dir='ltr'><strong>necesse</strong></span> <span class='ocrx_word' id='word_1_766' title='bbox 2803 4219 2888 4266; x_wconf 89' lang='lat' dir='ltr'>est</span> <span class='ocrx_word' id='word_1_767' title='bbox 2918 4210 3047 4264; x_wconf 91' lang='lat' dir='ltr'><strong>odio</strong></span> <span class='ocrx_word' id='word_1_768' title='bbox 3075 4210 3266 4265; x_wconf 85' lang='lat' dir='ltr'><strong>haberi</strong></span> <span class='ocrx_word' id='word_1_769' title='bbox 3296 4209 3520 4264; x_wconf 90' lang='lat' dir='ltr'><strong>virtutis</strong></span> <span class='ocrx_word' id='word_1_770' title='bbox 3550 4220 3670 4265; x_wconf 90' lang='lat' dir='ltr'><strong>stu-</strong></span> 
     </span>
    </p>
   </div>
   <div class='ocr_carea' id='block_1_93' title="bbox 2086 4288 3664 4374">
    <p class='ocr_par' dir='ltr' id='par_1_93' title="bbox 2086 4288 3664 4374">
     <span class='ocr_line' id='line_1_93' title="bbox 2086 4288 3664 4374; baseline -0.005 -13"><span class='ocrx_word' id='word_1_771' title='bbox 2086 4288 2305 4362; x_wconf 73' lang='lat' dir='ltr'><strong>diosum</strong></span> <span class='ocrx_word' id='word_1_772' title='bbox 2355 4320 2423 4361; x_wconf 83' lang='lat' dir='ltr'>ex</span> <span class='ocrx_word' id='word_1_773' title='bbox 2469 4305 2539 4361; x_wconf 90' lang='lat' dir='ltr'>iis</span> <span class='ocrx_word' id='word_1_774' title='bbox 2590 4304 2662 4360; x_wconf 89' lang='lat' dir='ltr'>ob</span> <span class='ocrx_word' id='word_1_775' title='bbox 2700 4302 3212 4374; x_wconf 64' lang='lat' dir='ltr'><strong>quaa’admirationi</strong></span> <span class='ocrx_word' id='word_1_776' title='bbox 3251 4316 3376 4358; x_wconf 86' lang='lat' dir='ltr'><strong>esse</strong></span> <span class='ocrx_word' id='word_1_777' title='bbox 3427 4291 3664 4365; x_wconf 80' lang='lat' dir='ltr'><strong>debeat,</strong></span> 
     </span>
    </p>
   </div>
   <div class='ocr_carea' id='block_1_94' title="bbox 2087 4392 3666 4470">
    <p class='ocr_par' dir='ltr' id='par_1_94' title="bbox 2087 4392 3666 4470">
     <span class='ocr_line' id='line_1_94' title="bbox 2087 4392 3666 4470; baseline -0.005 -17"><span class='ocrx_word' id='word_1_778' title='bbox 2087 4400 2292 4470; x_wconf 77' lang='lat' dir='ltr'><strong>quippe</strong></span> <span class='ocrx_word' id='word_1_779' title='bbox 2338 4398 2433 4468; x_wconf 90' lang='lat' dir='ltr'>qui</span> <span class='ocrx_word' id='word_1_780' title='bbox 2486 4396 2893 4467; x_wconf 87' lang='lat' dir='ltr'><strong>improbitatem</strong></span> <span class='ocrx_word' id='word_1_781' title='bbox 2937 4400 3202 4465; x_wconf 75' lang='lat' dir='ltr'><strong>coarguat</strong></span> <span class='ocrx_word' id='word_1_782' title='bbox 3233 4434 3248 4459; x_wconf 92' lang='lat'>,</span> <span class='ocrx_word' id='word_1_783' title='bbox 3297 4400 3350 4448; x_wconf 89' lang='lat' dir='ltr'>et</span> <span class='ocrx_word' id='word_1_784' title='bbox 3398 4392 3666 4447; x_wconf 88' lang='lat' dir='ltr'><strong>malorum</strong></span> 
     </span>
    </p>
   </div>
   <div class='ocr_carea' id='block_1_95' title="bbox 2088 4485 3668 4560">
    <p class='ocr_par' dir='ltr' id='par_1_95' title="bbox 2088 4485 3668 4560">
     <span class='ocr_line' id='line_1_95' title="bbox 2088 4485 3668 4560; baseline -0.006 -13"><span class='ocrx_word' id='word_1_785' title='bbox 2088 4491 2489 4548; x_wconf 83' lang='lat' dir='ltr'><strong>obscenitatem</strong></span> <span class='ocrx_word' id='word_1_786' title='bbox 2528 4487 2799 4560; x_wconf 91' lang='lat' dir='ltr'><strong>oppositis</strong></span> <span class='ocrx_word' id='word_1_787' title='bbox 2824 4487 2941 4542; x_wconf 88' lang='lat' dir='ltr'><strong>suis</strong></span> <span class='ocrx_word' id='word_1_788' title='bbox 2966 4486 3214 4542; x_wconf 89' lang='lat' dir='ltr'><strong>moribus</strong></span> <span class='ocrx_word' id='word_1_789' title='bbox 3244 4493 3453 4554; x_wconf 76' lang='lat' dir='ltr'><strong>relegat</strong></span> <span class='ocrx_word' id='word_1_790' title='bbox 3478 4500 3492 4536; x_wconf 89' lang='lat'><strong>:</strong></span> <span class='ocrx_word' id='word_1_791' title='bbox 3520 4485 3668 4539; x_wconf 85' lang='lat' dir='ltr'><strong>bono</strong></span> 
     </span>
    </p>
   </div>
   <div class='ocr_carea' id='block_1_96' title="bbox 2087 4574 3664 4654">
    <p class='ocr_par' dir='ltr' id='par_1_96' title="bbox 2087 4574 3664 4654">
     <span class='ocr_line' id='line_1_96' title="bbox 2087 4574 3664 4654; baseline -0.004 -17"><span class='ocrx_word' id='word_1_792' title='bbox 2087 4584 2291 4654; x_wconf 90' lang='lat' dir='ltr'><strong>quippe</strong></span> <span class='ocrx_word' id='word_1_793' title='bbox 2323 4581 2570 4637; x_wconf 85' lang='lat' dir='ltr'><strong>exhibito</strong></span> <span class='ocrx_word' id='word_1_794' title='bbox 2600 4594 2830 4636; x_wconf 88' lang='lat' dir='ltr'><strong>necesse</strong></span> <span class='ocrx_word' id='word_1_795' title='bbox 2853 4589 2936 4634; x_wconf 88' lang='lat' dir='ltr'>est</span> <span class='ocrx_word' id='word_1_796' title='bbox 2967 4577 3095 4632; x_wconf 84' lang='lat' dir='ltr'><strong>mali</strong></span> <span class='ocrx_word' id='word_1_797' title='bbox 3125 4584 3313 4650; x_wconf 88' lang='lat' dir='ltr'><strong>patere</strong></span> <span class='ocrx_word' id='word_1_798' title='bbox 3340 4574 3664 4632; x_wconf 75' lang='lat' dir='ltr'><strong>fmditatem.</strong></span> 
     </span>
    </p>
   </div>
   <div class='ocr_carea' id='block_1_97' title="bbox 2088 4669 3669 4745">
    <p class='ocr_par' dir='ltr' id='par_1_97' title="bbox 2088 4669 3669 4745">
     <span class='ocr_line' id='line_1_97' title="bbox 2088 4669 3669 4745; baseline -0.003 -16"><span class='ocrx_word' id='word_1_799' title='bbox 2088 4673 2265 4740; x_wconf 85' lang='lat' dir='ltr'><strong>Hanc,</strong></span> <span class='ocrx_word' id='word_1_800' title='bbox 2285 4674 2504 4745; x_wconf 90' lang='lat' dir='ltr'><strong>opinor,</strong></span> <span class='ocrx_word' id='word_1_801' title='bbox 2532 4673 2602 4729; x_wconf 91' lang='lat' dir='ltr'>ob</span> <span class='ocrx_word' id='word_1_802' title='bbox 2622 4687 2845 4728; x_wconf 87' lang='lat' dir='ltr'><strong>causam</strong></span> <span class='ocrx_word' id='word_1_803' title='bbox 2883 4671 3107 4727; x_wconf 83' lang='lat' dir='ltr'><strong>virtutis</strong></span> <span class='ocrx_word' id='word_1_804' title='bbox 3140 4669 3409 4727; x_wconf 80' lang='lat' dir='ltr'><strong>studiosis</strong></span> <span class='ocrx_word' id='word_1_805' title='bbox 3439 4686 3669 4726; x_wconf 87' lang='lat' dir='ltr'><strong>succen-</strong></span> 
     </span>
    </p>
   </div>
   <div class='ocr_carea' id='block_1_98' title="bbox 2088 4762 3669 4836">
    <p class='ocr_par' dir='ltr' id='par_1_98' title="bbox 2088 4762 3669 4836">
     <span class='ocr_line' id='line_1_98' title="bbox 2088 4762 3669 4836; baseline -0.003 -16"><span class='ocrx_word' id='word_1_806' title='bbox 2088 4774 2245 4830; x_wconf 89' lang='lat' dir='ltr'><strong>sent,</strong></span> <span class='ocrx_word' id='word_1_807' title='bbox 2277 4766 2372 4836; x_wconf 93' lang='lat' dir='ltr'>qui</span> <span class='ocrx_word' id='word_1_808' title='bbox 2405 4779 2518 4820; x_wconf 89' lang='lat' dir='ltr'>nou</span> <span class='ocrx_word' id='word_1_809' title='bbox 2549 4764 2771 4821; x_wconf 86' lang='lat' dir='ltr'><strong>eosdem</strong></span> <span class='ocrx_word' id='word_1_810' title='bbox 2803 4772 3084 4821; x_wconf 87' lang='lat' dir='ltr'><strong>sectantur</strong></span> <span class='ocrx_word' id='word_1_811' title='bbox 3114 4778 3319 4819; x_wconf 89' lang='lat' dir='ltr'><strong>mores.</strong></span> <span class='ocrx_word' id='word_1_812' title='bbox 3356 4762 3669 4834; x_wconf 83' lang='lat' dir='ltr'><strong>Discipulos</strong></span> 
     </span>
    </p>
   </div>
   <div class='ocr_carea' id='block_1_99' title="bbox 2088 4856 3668 4930">
    <p class='ocr_par' dir='ltr' id='par_1_99' title="bbox 2088 4856 3668 4930">
     <span class='ocr_line' id='line_1_99' title="bbox 2088 4856 3668 4930; baseline -0.004 -16"><span class='ocrx_word' id='word_1_813' title='bbox 2088 4859 2257 4930; x_wconf 80' lang='lat' dir='ltr'><strong>igitur</strong></span> <span class='ocrx_word' id='word_1_814' title='bbox 2282 4858 2407 4929; x_wconf 71' lang='lat' dir='ltr'><strong>angi</strong></span> <span class='ocrx_word' id='word_1_815' title='bbox 2435 4873 2544 4912; x_wconf 90' lang='lat' dir='ltr'>non</span> <span class='ocrx_word' id='word_1_816' title='bbox 2573 4857 2726 4922; x_wconf 84' lang='lat' dir='ltr'><strong>sinit,</strong></span> <span class='ocrx_word' id='word_1_817' title='bbox 2753 4856 3006 4926; x_wconf 80' lang='lat' dir='ltr'><strong>quamvis</strong></span> <span class='ocrx_word' id='word_1_818' title='bbox 3030 4856 3244 4925; x_wconf 78' lang='lat' dir='ltr'><strong>seipsos</strong></span> <span class='ocrx_word' id='word_1_819' title='bbox 3277 4869 3477 4911; x_wconf 79' lang='lat' dir='ltr'><strong>exosos</strong></span> <span class='ocrx_word' id='word_1_820' title='bbox 3509 4871 3668 4909; x_wconf 86' lang='lat' dir='ltr'><strong>mun-</strong></span> 
     </span>
    </p>
   </div>
   <div class='ocr_carea' id='block_1_100' title="bbox 2091 4945 3665 5017">
    <p class='ocr_par' dir='ltr' id='par_1_100' title="bbox 2091 4945 3665 5017">
     <span class='ocr_line' id='line_1_100' title="bbox 2091 4945 3665 5017; baseline -0.003 -13"><span class='ocrx_word' id='word_1_821' title='bbox 2091 4948 2164 5004; x_wconf 90' lang='lat' dir='ltr'>do</span> <span class='ocrx_word' id='word_1_822' title='bbox 2201 4947 2422 5003; x_wconf 85' lang='lat' dir='ltr'><strong>videant</strong></span> <span class='ocrx_word' id='word_1_823' title='bbox 2464 4956 2690 5017; x_wconf 83' lang='lat' dir='ltr'><strong>propter</strong></span> <span class='ocrx_word' id='word_1_824' title='bbox 2727 4946 2949 5001; x_wconf 82' lang='lat' dir='ltr'><strong>virtutis</strong></span> <span class='ocrx_word' id='word_1_825' title='bbox 3001 4947 3331 5017; x_wconf 88' lang='lat' dir='ltr'><strong>pietatisque</strong></span> <span class='ocrx_word' id='word_1_826' title='bbox 3379 4945 3665 5001; x_wconf 85' lang='lat' dir='ltr'><strong>studium:</strong></span> 
     </span>
    </p>
   </div>
   <div class='ocr_carea' id='block_1_101' title="bbox 2092 5034 3669 5103">
    <p class='ocr_par' dir='ltr' id='par_1_101' title="bbox 2092 5034 3669 5103">
     <span class='ocr_line' id='line_1_101' title="bbox 2092 5034 3669 5103; baseline -0.005 -5"><span class='ocrx_word' id='word_1_827' title='bbox 2092 5042 2186 5098; x_wconf 90' lang='lat' dir='ltr'>sed</span> <span class='ocrx_word' id='word_1_828' title='bbox 2222 5056 2253 5096; x_wconf 89' lang='lat' dir='ltr'>e</span> <span class='ocrx_word' id='word_1_829' title='bbox 2290 5039 2570 5096; x_wconf 89' lang='lat' dir='ltr'><strong>contrario</strong></span> <span class='ocrx_word' id='word_1_830' title='bbox 2612 5038 2905 5093; x_wconf 65' lang='lat' dir='ltr'><strong>laetandum</strong></span> <span class='ocrx_word' id='word_1_831' title='bbox 2937 5052 3061 5094; x_wconf 90' lang='lat' dir='ltr'><strong>esse</strong></span> <span class='ocrx_word' id='word_1_832' title='bbox 3085 5036 3284 5103; x_wconf 89' lang='lat' dir='ltr'><strong>docet,</strong></span> <span class='ocrx_word' id='word_1_833' title='bbox 3322 5034 3522 5090; x_wconf 76' lang='lat' dir='ltr'><strong>futurae</strong></span> <span class='ocrx_word' id='word_1_834' title='bbox 3562 5037 3669 5090; x_wconf 86' lang='lat' dir='ltr'><strong>sibi</strong></span> 
     </span>
    </p>
   </div>
   <div class='ocr_carea' id='block_1_102' title="bbox 2091 5126 3670 5205">
    <p class='ocr_par' dir='ltr' id='par_1_102' title="bbox 2091 5126 3670 5205">
     <span class='ocr_line' id='line_1_102' title="bbox 2091 5126 3670 5205; baseline -0.004 -17"><span class='ocrx_word' id='word_1_835' title='bbox 2091 5133 2237 5205; x_wconf 90' lang='lat' dir='ltr'><strong>apud</strong></span> <span class='ocrx_word' id='word_1_836' title='bbox 2275 5131 2444 5188; x_wconf 89' lang='lat' dir='ltr'><strong>Deum</strong></span> <span class='ocrx_word' id='word_1_837' title='bbox 2493 5131 2763 5186; x_wconf 89' lang='lat' dir='ltr'><strong>claritatis</strong></span> <span class='ocrx_word' id='word_1_838' title='bbox 2803 5142 2866 5184; x_wconf 89' lang='lat' dir='ltr'>ac</span> <span class='ocrx_word' id='word_1_839' title='bbox 2900 5126 3216 5199; x_wconf 85' lang='lat' dir='ltr'><strong>splendoris</strong></span> <span class='ocrx_word' id='word_1_840' title='bbox 3276 5133 3501 5196; x_wconf 90' lang='lat' dir='ltr'><strong>sumpto</strong></span> <span class='ocrx_word' id='word_1_841' title='bbox 3542 5126 3670 5181; x_wconf 86' lang='lat' dir='ltr'><strong>hinc</strong></span> 
     </span>
    </p>
   </div>
   <div class='ocr_carea' id='block_1_103' title="bbox 2091 5215 3672 5295">
    <p class='ocr_par' dir='ltr' id='par_1_103' title="bbox 2091 5215 3672 5295">
     <span class='ocr_line' id='line_1_103' title="bbox 2091 5215 3672 5295; baseline -0.003 -17"><span class='ocrx_word' id='word_1_842' title='bbox 2091 5229 2417 5295; x_wconf 74' lang='lat' dir='ltr'><strong>argumento</strong></span> <span class='ocrx_word' id='word_1_843' title='bbox 2445 5229 2501 5277; x_wconf 90' lang='lat' dir='ltr'>et</span> <span class='ocrx_word' id='word_1_844' title='bbox 2535 5219 2764 5284; x_wconf 87' lang='lat' dir='ltr'><strong>indicio,</strong></span> <span class='ocrx_word' id='word_1_845' title='bbox 2793 5218 2938 5291; x_wconf 89' lang='lat' dir='ltr'><strong>quod</strong></span> <span class='ocrx_word' id='word_1_846' title='bbox 2971 5218 3098 5273; x_wconf 84' lang='lat' dir='ltr'><strong>odio</strong></span> <span class='ocrx_word' id='word_1_847' title='bbox 3123 5232 3152 5271; x_wconf 87' lang='lat' dir='ltr'>a</span> <span class='ocrx_word' id='word_1_848' title='bbox 3183 5215 3396 5274; x_wconf 87' lang='lat' dir='ltr'><strong>mundo</strong></span> <span class='ocrx_word' id='word_1_849' title='bbox 3427 5217 3672 5273; x_wconf 83' lang='lat' dir='ltr'><strong>habean-</strong></span> 
     </span>
    </p>
   </div>
   <div class='ocr_carea' id='block_1_104' title="bbox 2092 5309 3675 5383">
    <p class='ocr_par' dir='ltr' id='par_1_104' title="bbox 2092 5309 3675 5383">
     <span class='ocr_line' id='line_1_104' title="bbox 2092 5309 3675 5383; baseline -0.003 -12"><span class='ocrx_word' id='word_1_850' title='bbox 2092 5324 2202 5371; x_wconf 90' lang='lat' dir='ltr'><strong>tur.</strong></span> <span class='ocrx_word' id='word_1_851' title='bbox 2240 5311 2375 5368; x_wconf 77' lang='lat' dir='ltr'><strong>Vide</strong></span> <span class='ocrx_word' id='word_1_852' title='bbox 2407 5312 2554 5368; x_wconf 89' lang='lat' dir='ltr'><strong>enim</strong></span> <span class='ocrx_word' id='word_1_853' title='bbox 2583 5327 2693 5383; x_wconf 82' lang='lat' dir='ltr'>quo</span> <span class='ocrx_word' id='word_1_854' title='bbox 2717 5319 2878 5382; x_wconf 86' lang='lat' dir='ltr'><strong>pacto</strong></span> <span class='ocrx_word' id='word_1_855' title='bbox 2903 5309 3272 5382; x_wconf 87' lang='lat' dir='ltr'><strong>periculosum</strong></span> <span class='ocrx_word' id='word_1_856' title='bbox 3319 5325 3446 5367; x_wconf 87' lang='lat' dir='ltr'><strong>esse</strong></span> <span class='ocrx_word' id='word_1_857' title='bbox 3485 5320 3675 5369; x_wconf 88' lang='lat' dir='ltr'><strong>osten-</strong></span> 
     </span>
    </p>
   </div>
   <div class='ocr_carea' id='block_1_105' title="bbox 2091 5399 3671 5475">
    <p class='ocr_par' dir='ltr' id='par_1_105' title="bbox 2091 5399 3671 5475">
     <span class='ocr_line' id='line_1_105' title="bbox 2091 5399 3671 5475; baseline -0.003 -14"><span class='ocrx_word' id='word_1_858' title='bbox 2091 5406 2186 5461; x_wconf 88' lang='lat' dir='ltr'>dat</span> <span class='ocrx_word' id='word_1_859' title='bbox 2229 5403 2375 5459; x_wconf 88' lang='lat' dir='ltr'><strong>nolle</strong></span> <span class='ocrx_word' id='word_1_860' title='bbox 2435 5403 2551 5475; x_wconf 83' lang='lat' dir='ltr'><strong>pati</strong></span> <span class='ocrx_word' id='word_1_861' title='bbox 2607 5402 2755 5474; x_wconf 90' lang='lat' dir='ltr'><strong>quod</strong></span> <span class='ocrx_word' id='word_1_862' title='bbox 2793 5401 2935 5457; x_wconf 84' lang='lat' dir='ltr'><strong>velle</strong></span> <span class='ocrx_word' id='word_1_863' title='bbox 2967 5400 3179 5458; x_wconf 86' lang='lat' dir='ltr'><strong>deceat.</strong></span> <span class='ocrx_word' id='word_1_864' title='bbox 3220 5399 3362 5457; x_wconf 86' lang='lat' dir='ltr'><strong>0dio</strong></span> <span class='ocrx_word' id='word_1_865' title='bbox 3403 5402 3611 5473; x_wconf 85' lang='lat' dir='ltr'><strong>quippe</strong></span> <span class='ocrx_word' id='word_1_866' title='bbox 3642 5416 3671 5457; x_wconf 83' lang='lat' dir='ltr'>a</span> 
     </span>
    </p>
   </div>
   <div class='ocr_carea' id='block_1_106' title="bbox 2090 5492 3672 5566">
    <p class='ocr_par' dir='ltr' id='par_1_106' title="bbox 2090 5492 3672 5566">
     <span class='ocr_line' id='line_1_106' title="bbox 2090 5492 3672 5566; baseline -0.004 -17"><span class='ocrx_word' id='word_1_867' title='bbox 2090 5493 2370 5551; x_wconf 84' lang='lat' dir='ltr'><strong>nonnullis</strong></span> <span class='ocrx_word' id='word_1_868' title='bbox 2392 5493 2605 5559; x_wconf 87' lang='lat' dir='ltr'><strong>haberi,</strong></span> <span class='ocrx_word' id='word_1_869' title='bbox 2626 5492 2876 5566; x_wconf 88' lang='lat' dir='ltr'><strong>periculo</strong></span> <span class='ocrx_word' id='word_1_870' title='bbox 2901 5492 3093 5562; x_wconf 89' lang='lat' dir='ltr'><strong>utique</strong></span> <span class='ocrx_word' id='word_1_871' title='bbox 3112 5506 3345 5564; x_wconf 89' lang='lat' dir='ltr'><strong>prorsus</strong></span> <span class='ocrx_word' id='word_1_872' title='bbox 3367 5508 3475 5547; x_wconf 92' lang='lat' dir='ltr'>non</span> <span class='ocrx_word' id='word_1_873' title='bbox 3500 5503 3672 5553; x_wconf 70' lang='lat' dir='ltr'><strong>caret,</strong></span> 
     </span>
    </p>
   </div>
   <div class='ocr_carea' id='block_1_107' title="bbox 2089 5583 3675 5659">
    <p class='ocr_par' dir='ltr' id='par_1_107' title="bbox 2089 5583 3675 5659">
     <span class='ocr_line' id='line_1_107' title="bbox 2089 5583 3675 5659; baseline -0.003 -17"><span class='ocrx_word' id='word_1_874' title='bbox 2089 5588 2313 5644; x_wconf 88' lang='lat' dir='ltr'><strong>liberam</strong></span> <span class='ocrx_word' id='word_1_875' title='bbox 2340 5595 2524 5644; x_wconf 81' lang='lat' dir='ltr'><strong>tamen</strong></span> <span class='ocrx_word' id='word_1_876' title='bbox 2553 5586 2699 5658; x_wconf 87' lang='lat' dir='ltr'><strong>apud</strong></span> <span class='ocrx_word' id='word_1_877' title='bbox 2727 5583 2901 5659; x_wconf 69' lang='lat'>898</span> <span class='ocrx_word' id='word_1_878' title='bbox 2923 5583 3093 5642; x_wconf 88' lang='lat' dir='ltr'><strong>Deum</strong></span> <span class='ocrx_word' id='word_1_879' title='bbox 3119 5587 3535 5643; x_wconf 79' lang='lat' dir='ltr'><strong>excusationem</strong></span> <span class='ocrx_word' id='word_1_880' title='bbox 3565 5597 3675 5637; x_wconf 86' lang='lat' dir='ltr'>non</span> 
     </span>
    </p>
   </div>
   <div class='ocr_carea' id='block_1_108' title="bbox 465 5762 2395 5835">
    <p class='ocr_par' dir='ltr' id='par_1_108' title="bbox 465 5762 2395 5835">
     <span class='ocr_line' id='line_1_108' title="bbox 465 5762 2395 5835; baseline 0.001 -17"><span class='ocrx_word' id='word_1_881' title='bbox 465 5766 514 5796; x_wconf 83' lang='lat'><strong>&quot;</strong></span> <span class='ocrx_word' id='word_1_882' title='bbox 540 5764 731 5820; x_wconf 71' lang='lat' dir='ltr'><strong>Matth.</strong></span> <span class='ocrx_word' id='word_1_883' title='bbox 767 5781 817 5824; x_wconf 74' lang='grc' dir='ltr'>ν,</span> <span class='ocrx_word' id='word_1_884' title='bbox 862 5766 947 5830; x_wconf 84' lang='lat' dir='ltr'>ll,</span> <span class='ocrx_word' id='word_1_885' title='bbox 994 5765 1077 5818; x_wconf 71' lang='lat' dir='ltr'><strong>l2.</strong></span> <span class='ocrx_word' id='word_1_886' title='bbox 1153 5764 1199 5796; x_wconf 81' lang='lat'><strong>”</strong></span> <span class='ocrx_word' id='word_1_887' title='bbox 1228 5763 1391 5818; x_wconf 77' lang='lat' dir='ltr'><strong>Eccli.</strong></span> <span class='ocrx_word' id='word_1_888' title='bbox 1423 5779 1541 5829; x_wconf 70' lang='lat' dir='ltr'><strong>xm,</strong></span> <span class='ocrx_word' id='word_1_889' title='bbox 1592 5763 1673 5824; x_wconf 76' lang='lat'>19,</span> <span class='ocrx_word' id='word_1_890' title='bbox 1712 5762 1802 5814; x_wconf 71' lang='grc' dir='ltr'>ΞΟ.</span> <span class='ocrx_word' id='word_1_891' title='bbox 1879 5763 1922 5795; x_wconf 84' lang='grc'>⁹¹</span> <span class='ocrx_word' id='word_1_892' title='bbox 1950 5764 1967 5817; x_wconf 97' lang='grc'><strong>1</strong></span> <span class='ocrx_word' id='word_1_893' title='bbox 2000 5762 2131 5819; x_wconf 85' lang='lat' dir='ltr'><strong>Cor.</strong></span> <span class='ocrx_word' id='word_1_894' title='bbox 2169 5779 2260 5833; x_wconf 81' lang='lat' dir='ltr'>xv,</span> <span class='ocrx_word' id='word_1_895' title='bbox 2304 5765 2395 5835; x_wconf 68' lang='lat'>33.</span> 
     </span>
    </p>
   </div>
  </div>
