4042 6204
393 282 497 344 599

1420 283 1478 338 S.
1510 282 1785 339 CYRILLI
1821 279 2296 339 ALEXANDRIN!
2321 282 2641 341 ARClllEP.

3568 287 3674 343 ιοο

396 407 559 463 habet
581 407 731 471 ,‘sed
766 402 906 459 lucri
940 401 1243 473 plurimum
1276 403 1462 473 potius
1495 418 1619 457 eum
1655 412 1838 459 manet
1873 403 1965 473 qui

2074 402 2146 455 Τδ
2176 403 2274 474 μὲν
2304 403 2411 475 γὰρ
2444 404 2715 474 μισεῖσθαι
2770 404 2920 475 παρά
2951 421 3133 468 τινων,
3157 399 3224 476 ἦν
3255 404 3426 474 δήπου
3456 403 3674 465 πάντως

397 501 529 556 illud
564 501 709 554 ultro
739 496 1066 566 susceperit.
1113 494 1171 550 Si
1201 495 1348 549 enim
1378 495 1472 564 qui
1504 494 1629 548 odio
1665 502 1749 548 est
1780 494 1848 548 iis
1879 497 1975 566 qui

396 595 675 649 mundana
710 592 971 662 sapiunt,
1014 598 1274 658 tauquam
1302 596 1457 643 extra
1492 586 1757 640 mundum
1788 602 1979 643 cense-

2079 494 2177 564 ούχ
2194 495 2498 566 ὁλοκλήρως
2524 495 2777 565 ἀζήμιον·
2804 494 2917 548 ἀλλ’
2945 496 3046 549 οὐκ
3080 496 3193 565 ἔχει
3211 493 3310 566 τὴν
3338 494 3674 566 παραίτησιν

2078 584 2367 657 ἐλευθέραν
2402 586 2552 656 παρά
2571 585 2711 656 Θεῷ,
2752 586 2887 639 πολὺ
2919 587 2975 639 δὲ
3002 586 3066 658 δή
3098 603 3149 639 τι
3183 587 3246 638 τὸ
3277 585 3468 657 κέρδος
3504 586 3563 638 ὲν
3592 585 3674 656 τῷ

398 695 488 740 tur
515 699 676 740 esse:
713 697 844 753 ergo
875 681 967 752 qui
1000 696 1109 735 non
1136 679 1370 734 habetur
1408 677 1535 732 odio
1559 717 1575 742 ,
1618 693 1845 733 necesse
1893 690 1967 735 est

2081 679 2281 747 μᾶλλον
2325 678 2580 748 ἐθελῆσαι
2622 678 2817 731 παθεῖν
2848 678 2998 731 αὑτό.
3034 678 3097 731 Et
3152 678 3259 747 γὰρ
3290 678 3319 729 ὁ
3347 674 3672 746 μισούμενος

396 776 583 830 mundi
616 774 774 827 malis
804 772 1099 841 implicari.
1134 768 1287 837 Quid
1316 784 1447 839 ergo
1478 767 1565 822 liis
1605 767 1785 822 verbis
1815 770 1973 822 Clu-i-

394 877 513 922 stus
545 865 778 922 statuit?
816 863 951 917 Cum
987 860 1182 915 liducia
1222 869 1276 914 ct
1318 860 1488 914 libere
1521 875 1618 915 cos
1658 860 1826 929 loqui,
1874 876 1975 915 nec

393 968 741 1031 peccatorum
766 965 913 1010 metu
944 962 1243 1007 auteorum
1274 954 1391 1023 qui,
1419 953 1603 1006 divina
1630 953 1974 1022 prazdicatio-

393 1067 462 1107 ne
485 1055 819 1117 contempta,
856 1043 1253 1115 castigationes
1282 1052 1333 1098 et
1352 1043 1757 1098 admonitiones
1788 1043 1972 1113 probi-

394 1143 541 1203 bent,
572 1139 690 1193 sine
718 1137 899 1191 fructu
926 1135 1203 1190 dimittere
1227 1133 1531 1198 auditores,
1557 1135 1677 1198 sed,
1708 1136 1972 1204 periculis

391 1249 512 1304 qum
550 1246 615 1285 ex
662 1228 792 1283 odio
828 1242 974 1297 saepe
1008 1228 1335 1297 contingunt
1368 1225 1634 1296 neglectis
1657 1266 1671 1289 ,
1707 1225 1880 1281 fortes
1909 1243 1973 1281 ac

393 1333 651 1380 strenuos
684 1322 734 1373 in
765 1319 1045 1390 proposito
1079 1332 1322 1381 manere,
1347 1332 1449 1370 nec
1484 1317 1640 1386 prius
1670 1316 1970 1386 quidquam

394 1417 596 1469 habere
643 1423 736 1466 aut
781 1412 989 1465 ducere
1043 1424 1204 1480 quam
1252 1418 1309 1462 ut
1364 1407 1475 1462 Deo
1504 1409 1778 1479 placeant.
1811 1407 1968 1475 Quod

392 1525 516 1564 cum
538 1507 740 1560 Paulus
763 1505 984 1575 egregie
1016 1509 1341 1573 praestaret,
1376 1501 1449 1555 ita
1481 1501 1677 1555 scribit
1708 1520 1721 1555 :
1755 1519 1775 1552 ι
1811 1500 1971 1555 Modo

390 1603 536 1657 enim
568 1599 880 1655 hominibus
907 1596 1147 1663 suadeo,
1180 1611 1248 1649 an
1280 1594 1429 1649 Deo?
1456 1594 1538 1648 An
1570 1594 1758 1665 quaero
1792 1594 1970 1649 homi-

392 1696 554 1749 nibus
577 1692 831 1765 placere?
860 1691 916 1745 Si
940 1690 1119 1744 adliuc
1150 1687 1464 1741 hominibus
1487 1687 1783 1756 placerem,
1808 1686 1969 1742 Chri-

2079 770 2229 839 παρά
2257 770 2365 823 τῶν
2382 770 2449 823 τὰ
2475 773 2531 824 ὲν
2556 771 2746 840 κόσμῳ
2770 768 3211 842 πεφροντικότων,
3240 768 3315 831 ὡς
3343 766 3447 833 ἔξω
3464 767 3669 838 κόσμου

2075 863 2403 933 λελόγισται,
2429 864 2521 916 τὸν
2552 863 2659 933 ἄρα
2707 863 2782 934 μὴ
2822 861 3142 933 μισηθέντα,
3191 863 3303 923 τοῖς
3328 859 3422 914 τοῦ
3460 860 3667 931 κόσμου

2075 958 2266 1019 κακοῖς
2306 954 2611 1009 συνδεῖσθαι
2661 954 2849 1008 λοιπὸν
2879 953 3092 1022 ἀνάγκη
3126 955 3287 1006 νοεῖν.
3329 951 3393 1004 Τί
3422 947 3514 1004 οὖν
3558 952 3669 1023 ἄρα

2074 1047 2162 1103 διὰ
2187 1048 2394 1102 τούτων
2423 1048 2775 1120 ᾠκονόμησεν
2826 1049 2855 1101 ό
2886 1048 3121 1120 Χριστός
3146 1064 3160 1113 ;
3209 1048 3283 1100 Τὸ
3301 1049 3358 1100 ὲν
3387 1047 3669 1118 παρρησίᾳ

2075 1140 2347 1194 ποιεῖσθαι
2369 1141 2462 1194 τὸν
2478 1140 2635 1210 λόγον
2658 1142 2878 1206 αὐτοὺς,
2900 1142 2994 1193 καὶ
3028 1139 3102 1211 μὴ
3122 1139 3261 1194 αἰδοῖ
3283 1142 3346 1211 τῇ
3376 1140 3668 1210 περίτινας

2072 1233 2181 1286 τῶν
2211 1234 2630 1305 ἡμαρτηκότων,
2668 1234 2835 1305 ἥγουν
2861 1232 3107 1287 ἀπειθεῖν
3136 1232 3403 1303 ἑλομένων
3431 1230 3511 1301 τῷ
3536 1230 3667 1301 θείῳ

2074 1325 2411 1397 κηρύγματι,
2438 1326 2530 1381 τὸν
2560 1328 2861 1397 σωφρονεῖν
2878 1324 3238 1378 ἀναπείθοντα
3267 1322 3666 1386 διακωλύοντας

2071 1418 2248 1487 λόγον,
2284 1420 2663 1491 ἀνωφελήτους
2693 1420 2788 1491 ὲᾷν
2848 1419 2972 1481 τοὺς
3010 1417 3416 1489 ἀκροωμένους,
3449 1433 3664 1486 παριπ-

2072 1510 2340 1575 πεύοντας
2371 1511 2428 1565 δὲ
2462 1511 2559 1565 καὶ
2588 1512 2655 1565 τὰ
2679 1513 2742 1565 ἐκ
2784 1511 2893 1563 τῶν
2928 1509 3202 1582 μισεῖσθαι
3254 1508 3510 1570 πολλάκις
3543 1507 3664 1560 ὲσό-

2074 1619 2211 1674 μενα
2230 1602 2400 1673 βλάϐη
2426 1606 2598 1675 γοργῇ
2618 1604 2713 1656 καὶ
2735 1602 3085 1673 ἀνυποστόλῳ
3108 1600 3409 1672 κεχρῆσθαι
3429 1602 3494 1671 τῇ
3525 1617 3669 1670 συμο

2071 1689 2259 1760 ϐουλῇ,
2283 1691 2449 1761 μηδὲν
2465 1691 2524 1744 τὸ
2551 1692 2811 1761 παράπαν
2836 1691 3243 1762 ὑφορωμένους,
3260 1691 3427 1762 ἤγουν
3455 1690 3663 1760 προύρ-

391 1789 459 1840 sti
497 1800 689 1841 servus
716 1801 823 1839 non
856 1797 1036 1838 essem
1062 1783 1131 1836 9’.
1166 1798 1185 1831 ι
1230 1777 1341 1833 Nec
1373 1780 1518 1833 enim
1552 1777 1668 1831 fieri
1694 1789 1874 1848 potest
1908 1791 1967 1834 ut

2071 1781 2348 1849 γιαίτερόν
2372 1798 2424 1834 τι
2446 1780 2833 1853 λογιζομένους
2856 1782 2951 1835 τοῦ
2980 1782 3090 1835 δεῖν
3114 1781 3309 1853 ἀρέσαι
3332 1779 3471 1851 Θεῷ.
3510 1782 3576 1834 Ὃ
3600 1780 3666 1852 δὴ

389 1879 514 1949 quis
543 1876 809 1947 improbis
834 1875 1044 1944 placeat
1072 1880 1125 1926 et
1174 1872 1303 1926 Deo.
1331 1869 1617 1937 Quomodo
1642 1871 1785 1949 enim
1809 1872 1972 1927 ambo

392 1948 443 2024 lii
493 1970 547 2024 in
597 1982 764 2022 unum
802 1966 1153 2031 coalescent,
1199 1977 1324 2018 cum
1356 1964 1611 2020 voluntas
1645 1948 1972 2035 in‘utroque

392 2068 548 2135 longe
575 2063 649 2119 sit
673 2060 993 2117 dissimilis?
1021 2059 1147 2113 Haec
1173 2058 1318 2112 enim
1342 2058 1627 2123 virtute‘m,
1654 2058 1749 2113 illa
1780 2058 1971 2112 vitium

392 2157 633 2228 reSpicit.
667 2154 770 2221 Qui
800 2166 931 2224 ergo
964 2150 1177 2206 servire
1211 2148 1323 2205 Deo
1355 2148 1707 2205 unil‘ormiter
1734 2151 1927 2206 statuit
1953 2190 1969 2215 ,

393 2267 494 2305 nec
539 2250 743 2319 pietate
781 2260 910 2315 erga
944 2259 1070 2299 eum
1121 2242 1277 2314 prius
1324 2242 1625 2313 quidquam
1662 2242 1860 2305 habet.
1911 2242 1968 2297 in

389 2342 749 2398 aliensiouem
790 2335 1521 2392 mundanorumhomiuum
1572 2337 1819 2389 incurrat
1871 2350 1966 2390 ne-

388 2449 543 2489 cesse
568 2441 672 2494 est,
706 2430 754 2485 si
788 2428 1010 2499 quando
1041 2429 1111 2482 ab
1138 2427 1460 2497 impuritate
1495 2426 1683 2481 mundi
1698 2442 1808 2483 eos
1836 2442 1969 2481 avo-

387 2536 492 2581 cet.
532 2521 887 2577 Gravissimze
934 2516 1082 2574 enim
1130 2524 1259 2572 sunt
1309 2517 1613 2587 voluptatis
1662 2518 1968 2573 cultoribus

386 2612 798 2669 exhortationes
826 2649 842 2672 ,
886 2622 1009 2678 qua:
1034 2606 1099 2661 ad
1133 2606 1412 2661 meliorem
1448 2604 1659 2676 frugem
1684 2621 1781 2662 eos
1812 2622 1969 2662 revo-

386 2716 550 2770 cant,
599 2701 761 2760 sicuti
811 2700 1075 2754 nimirum
1116 2710 1170 2752 et
1214 2697 1285 2752 iis
1315 2697 1517 2767 quibus
1564 2696 1716 2751 hisce
1754 2696 1965 2751 morbis

386 2812 588 2868 corpus
616 2801 939 2864 corruptum
958 2797 1062 2858 est,
1084 2788 1326 2845 remedia
1353 2788 1442 2842 illa
1467 2795 1599 2843 sunt
1624 2788 1820 2843 acerba
1844 2803 1966 2859 qua:

386 2884 669 2942 salutaria.

2068 1873 2164 1927 καὶ
2194 1872 2406 1935 Παῦλος
2451 1872 2648 1945 ἄριστα
2682 1874 2987 1945 κατορθῶν,
3010 1873 3151 1928 οὕτω
3183 1874 3406 1943 τράφεν
3444 1893 3463 1925 ι
3506 1875 3666 1945 Ἀρτι

2068 1964 2178 2037 γὰρ
2205 1964 2526 2036 ἀνθρώπους
2553 1966 2745 2031 πείθω,
2770 1967 2804 2039 ἢ
2835 1967 2926 2023 τὸν
2965 1967 3134 2035 Θεόν;
3174 1970 3246 2021 Ἥ
3270 1967 3419 2039 ζητῶ
3449 1966 3662 2040 ἀνθρώ·

2070 2075 2194 2121 ποις
2221 2058 2514 2129 ἀρέσκειν;
2552 2057 2614 2112 Εἰ
2654 2059 2734 2112 ἔτι
2786 2058 3096 2130 ἀνθρώποις
3134 2060 3389 2132 ἤρεσκον,
3426 2059 3663 2131 Χριστοῦ

2067 2147 2253 2211 δοῦλος
2277 2148 2379 2201 οὐκ
2402 2148 2467 2202 ἂν
2497 2149 2696 2220 ἤμην.»
2726 2149 2800 2203 Οὐ
2828 2150 2936 2220 γὰρ
2957 2149 3095 2216 ἔστι,
3118 2151 3223 2205 οὐκ
3245 2151 3391 2204 ἐστιν
3409 2152 3664 2221 πονηροῖς

2071 2238 2325 2307 ἀρέσκειν
2368 2239 2464 2294 καλ⁵
2521 2239 2658 2312 Θεῷ.
2714 2240 2839 2305 Πῶς
2885 2241 2994 2313 γὰρ
3045 2240 3111 2296 ἂν
3171 2243 3240 2295 τοι
3276 2242 3415 2296 κατά
3465 2244 3663 2295 ταυτὶν

2070 2328 2379 2401 ἀμφότερα,
2408 2329 2542 2383 πολύ
2557 2348 2609 2383 τι
2629 2333 2709 2393 είς
2735 2331 3098 2403 ἀνομοιότητα
3112 2332 3475 2403 διῳκισμένης
3492 2332 3587 2401 τῆς
3607 2333 3666 2385 ἐν

2069 2420 2315 2493 ἑκατέρῳ
2345 2421 2652 2493 θελήσεως;
2696 2423 2759 2475 Ἠ
2789 2423 2886 2494 μὲν
2912 2424 3021 2497 γὰρ
3051 2426 3131 2489 είς
3166 2425 3385 2497 ἀρετὴν,
3424 2427 3456 2497 ἡ
3496 2424 3555 2477 δὲ
3582 2427 3666 2488 εἰς

2068 2512 2379 2583 φαυλότητα
2440 2512 2646 2583 βλέπει.
2700 2513 2803 2567 Τὸν
2849 2514 2958 2584 ἀρα
3005 2516 3352 2589 μονοτρόπως
3411 2516 3667 2571 ἐθέλοντα

2073 2604 2345 2659 δουλεύειν
2364 2605 2442 2676 τῷ
2469 2605 2602 2675 Θεῷ,
2636 2605 2728 2658 καὶ
2760 2607 2860 2677 τῆς
2896 2608 2975 2671 είς
3007 2608 3171 2662 αὑτὸν
3210 2608 3489 2672 εὐσεϐείας
3511 2609 3665 2663 οῦδὲν

2072 2695 2292 2750 τιθέντα
2327 2696 2383 2751 τὸ
2430 2696 2671 2768 ἄμεινον,
2723 2698 3085 2769 προσκρούειν
3142 2700 3356 2773 ἀνάγκη
3388 2703 3502 2764 τοῖς
3531 2702 3665 2769 ἀγα-

2074 2788 2218 2841 πῶσι
2244 2788 2332 2841 τὸν
2366 2788 2589 2859 κόσμον,
2619 2790 2747 2843 ὅταν
2776 2791 3043 2864 ἀναπείθῃ
3076 2796 3292 2863 φρονεῖν
3323 2792 3390 2845 τὰ
3429 2794 3527 2862 τῆς
3571 2792 3664 2845 κό-

2074 2897 2212 2952 σμου
2291 2879 2573 2951 βδελυρίας
2656 2880 2980 2954 ἐκφέροντα.
3058 2882 3474 2955 Δυσφορώτατοι
3553 2883 3664 2954 γὰρ

384 2983 497 3044 τοῖς
537 2978 866 3049 φιληδόνοις,
923 2978 980 3029 αί
1031 2975 1169 3047 πρὸς
1213 2974 1398 3046 ἕτερόν
1447 2993 1500 3029 τι
1542 2974 1805 3029 καλοῦσαι
1846 2977 2169 3049 συμϐουλαὶ,
2204 2975 2456 3049 καθάπερ
2482 2977 2681 3048 κάμέλει
2710 2979 2810 3033 καὶ
2854 2982 2969 3044 τοῖς
2998 2980 3104 3033 ὑπὸ
3157 2979 3361 3035 τούτων
3406 2980 3522 3033 τῶν
3560 2998 3666 3036 παμ-

386 3074 495 3129 θῶν
521 3074 583 3127 τδ
603 3072 762 3144 σῶμα
789 3068 1209 3139 διεφθαρμένοις
1239 3065 1309 3120 τὰ
1340 3066 1597 3137 ὲπωφελῆ
1631 3066 1726 3120 καὶ
1748 3066 2016 3123 δάκνοντα
2050 3068 2158 3123 τῶν
2196 3067 2583 3141 βοηθημάτων.

456 3164 551 3221 XV
574 3205 589 3230 ,
630 3164 721 3218 20.
760 3161 1077 3217 Mementote
1108 3157 1368 3213 sermonis
1402 3158 1502 3212 mei
1533 3173 1685 3227 quem
1718 3172 1811 3228 ego
1851 3158 1966 3211 dixi

2140 3158 2562 3226 Μιημονεύετε
2584 3158 2690 3213 τοῦ
2717 3160 2905 3230 λόγου
2937 3155 3009 3216 οὗ
3038 3159 3154 3232 ἐγὼ
3173 3156 3346 3215 εἷπον
3359 3160 3515 3231 ὑμῖν·
3538 3162 3662 3220 Οὐκ

385 3261 574 3317 vobis:
627 3256 752 3311 Non
794 3266 872 3309 est
914 3268 1091 3309 servus
1148 3248 1322 3319 major
1361 3247 1576 3303 domino
1618 3265 1739 3303 suo.
1783 3246 1842 3303 Si
1888 3264 1969 3303 me

384 3332 639 3423 persecuti
669 3357 830 3408 sunt,
885 3356 933 3400 et
979 3362 1065 3400 vos
1094 3352 1483 3413 persequentur
1513 3356 1532 3395 :
1582 3341 1630 3396 si
1674 3356 1966 3396 sermonem

386 3459 557 3498 meum
586 3446 957 3502 servaverunt,
994 3445 1042 3490 et
1080 3443 1307 3489 vestrum
1339 3433 1647 3488 servabunt.

440 3535 736 3602 Postquam
771 3528 1025 3598 superius
1058 3526 1301 3581 ostendit
1323 3525 1530 3579 bonum
1563 3539 1685 3580 esse
1717 3523 1844 3579 odio
1873 3524 1968 3578 ba-

386 3627 527 3691 beri,
568 3628 617 3680 si
646 3630 862 3691 tempus
895 3620 946 3673 id
980 3617 1215 3687 postulet
1247 3616 1631 3686 (levissimum
1662 3616 1812 3670 enim
1859 3626 1963 3680 est,

387 3722 497 3775 imo
531 3731 662 3773 vero
692 3723 777 3770 ter
805 3710 1106 3783 optandum
1140 3708 1509 3780 quodcunque
1542 3709 1810 3778 contingit
1840 3723 1967 3778 pro-

385 3818 508 3879 pter
535 3808 725 3871 Deum,
755 3805 850 3875 qui
880 3811 941 3858 ut
969 3801 1251 3857 obstacula
1280 3814 1509 3869 quaeque
1539 3799 1821 3853 vincamus
1851 3796 1967 3865 elli-

384 3917 511 3958 cere
537 3897 792 3972 potest),
827 3894 979 3950 addit
1011 3894 1235 3963 insuper
1267 3890 1475 3945 utiliter
1504 3890 1651 3960 quod
1684 3890 1869 3954 novit,
1908 3897 1967 3944 ut

388 3995 533 4050 Deus
560 4033 575 4057 ,
616 3988 1032 4047 retardaturum
1067 4000 1163 4039 eos
1197 3984 1496 4054 quominus
1538 3981 1750 4036 ardenti
1783 3982 1966 4037 studio

386 4086 668 4141 caelestem
719 4079 1029 4136 doctrinam
1087 4076 1405 4147 praedicent.
1456 4072 1592 4127 Nam
1631 4074 1726 4144 qui
1764 4072 1965 4129 delecti

386 4187 517 4236 sunt
548 4175 615 4230 ad
647 4170 976 4235 docendum,
1006 4170 1183 4224 solent
1219 4176 1276 4222 ut
1302 4166 1600 4237 plurimum
1639 4167 1692 4221 in
1720 4168 1965 4236 pericula

386 4266 800 4340 etignominias
834 4265 1155 4326 incurrere,
1189 4276 1314 4315 cum
1360 4260 1428 4314 iis
1482 4274 1620 4329 quos
1670 4258 1967 4315 admonent

390 4364 571 4417 minus
627 4362 846 4431 placent
908 4372 1030 4427 quae
1070 4355 1367 4420 dicuntur;
1417 4368 1653 4421 cumque
1702 4360 1964 4422 praeterea

386 4452 665 4519 contingat
696 4457 755 4503 ut
787 4448 1070 4517 repudiata
1102 4461 1202 4500 sua
1230 4443 1478 4499 doctrina
1508 4442 1679 4513 899
1710 4458 1965 4512 persecu-

2067 3249 2200 3303 ἐστι
2250 3248 2474 3316 δοῦλος
2502 3248 2717 3320 μείζων
2771 3249 2878 3305 τοῦ
2928 3252 3139 3319 κυρίου
3183 3253 3391 3309 αὐτοῦ.
3439 3255 3511 3308 Ei
3559 3255 3666 3326 ἐμὲ

2067 3339 2342 3407 ἐδίωξαν,
2390 3342 2488 3396 καὶ
2545 3341 2702 3412 ὑμᾶς
2731 3341 3061 3408 διώξουσιν
3082 3362 3095 3375 ·
3122 3347 3177 3399 εὶ
3204 3345 3309 3399 τὸν
3332 3348 3520 3417 λόγον
3543 3364 3664 3416 μου

2066 3432 2395 3499 ἐτήρησαν,
2423 3433 2520 3487 καί
2557 3432 2667 3488 τὸν
2704 3433 2992 3505 ὑμέτερον
3037 3436 3394 3506 τηρήσουσι.

2139 3523 2541 3593 Προαποδείξας
2580 3521 2638 3579 εὖ
2698 3526 2843 3597 μάλα
2882 3526 2976 3580 καὶ
3023 3526 3085 3581 τὸ
3142 3530 3418 3599 μισεῖσθαι
3474 3530 3662 3596 καλὸν,

2069 3615 2228 3684 εἴπερ
2257 3616 2340 3686 εἵη
2376 3618 2471 3669 καὶ
2502 3616 2694 3671 τούτου
2723 3619 2913 3691 καιρὸς
2931 3619 3187 3693 (φορητὸν
3207 3622 3313 3695 γάρ
3338 3624 3498 3692 ἄγαν,
3524 3624 3663 3694 μᾶλ-

2066 3707 2156 3761 λον
2178 3707 2231 3760 δὲ
2252 3706 2602 3780 τριπόθητον,
2628 3710 2765 3783 ὅπερ
2789 3709 2855 3764 ἂν
2879 3710 3151 3784 συμϐαίνῃ
3180 3712 3269 3766 διά
3295 3713 3447 3779 Θεὸν,
3485 3730 3665 3783 παρα-

2068 3799 2412 3869 ποδωμάτων
2451 3800 2707 3871 ἀμείνους
2758 3801 3087 3873 ἐργάζεσθαι
3111 3803 3446 3876 δυνάμενον),
3494 3822 3666 3877 προσ·-

2067 3891 2251 3961 ανερεῖ
2302 3890 2367 3962 δὴ
2430 3890 2738 3964 χρησίμως,
2797 3894 2935 3967 ὅπερ
3020 3891 3161 3953 οἵδεν
3216 3897 3292 3960 ῶς
3337 3897 3489 3959 Θεὸς,
3532 3914 3666 3951 κατ-

2065 3982 2317 4050 οκνήσειν
2342 3982 2629 4036 ἀναπεῖθον
2660 3984 2854 4048 αὐτοὺς
2889 3985 3026 4057 πρὸς
3072 3987 3132 4040 τὸ
3155 3987 3359 4059 σφόδρα
3395 3988 3667 4042 συντείνε-

2069 4072 2194 4127 σθαι
2228 4073 2403 4128 θέλειν
2435 4076 2561 4147 περὶ
2616 4076 2675 4128 τὸ
2708 4077 2907 4147 χρῆναι
2957 4078 3246 4149 κηρύττειν
3289 4080 3379 4133 τὸν
3408 4081 3663 4151 ούράνιον

2067 4167 2245 4236 λόγον.
2290 4168 2587 4239 Ἐπόμενον
2620 4168 2731 4240 γὰρ
2759 4170 2851 4221 ἐπὶ
2885 4170 3018 4224 πολὺ
3048 4174 3160 4236 τοῖς
3192 4174 3272 4236 είς
3300 4173 3362 4226 τὸ
3388 4173 3669 4227 διδάσκειν

2069 4248 2612 4329 προκεχειρισμένοις
2658 4259 2718 4312 τὸ
2776 4260 3139 4332 ἀτιμάζεσθαῐ
3167 4264 3260 4316 καὶ
3306 4264 3663 4330 κινδυνεύειν,

2066 4348 2193 4402 ὅταν
2217 4348 2315 4419 οὐχ
2335 4347 2479 4419 ἡδεῖς
2499 4352 2610 4413 τοῖς
2639 4349 3079 4422 νουθετουμένοις
3112 4355 3159 4406 oi
3200 4355 3331 4425 παρ’
3360 4357 3541 4418 αὐτοῖς
3570 4357 3666 4409 εύ-

2071 4444 2347 4514 ρίσκονται
2376 4444 2545 4513 λόγοι,
2581 4444 2968 4515 συμϐαίνοντός
2998 4464 3058 4500 τε
3088 4447 3222 4520 πρὸς
3246 4449 3420 4521 τούτῳ
3446 4451 3538 4503 καὶ
3563 4449 3665 4503 τοῦ

386 4545 591 4598 tionem
622 4542 924 4611 patiantur,
953 4539 1118 4593 etiam
1155 4535 1420 4590 adversus
1452 4535 1567 4589 haec
1591 4535 1875 4604 expeditos
1897 4549 1961 4589 ac

2071 4509 2421 4589 διαπυθέσθαι
2451 4509 2549 4606 ⁷μὴ
2604 4509 3036 4608 παραδεχθέντος
3082 4509 3316 4594 ἔσθ’-ὅτε
3341 4509 3434 4594 τόῦ
3476 4541 3661 4609 λόγου,

387 4644 612 4692 strenue
646 4641 868 4703 paratos
902 4646 1024 4687 esse
1044 4630 1222 4700 jubet.
1247 4627 1369 4682 llaec
1396 4634 1576 4680 autem
1610 4626 1793 4680 futura
1824 4642 1960 4695 quo-

386 4721 685 4780 dammodo
727 4719 1002 4792 prmdicit,
1039 4728 1261 4790 propter
1295 4732 1486 4773 eorum
1535 4717 1628 4787 qui
1672 4715 1961 4771 erudiendi

388 4815 682 4872 veniebant
710 4812 1144 4881 improbitatem.
1178 4809 1336 4877 Quod
1368 4809 1499 4863 alibi
1534 4823 1753 4878 quoque
1796 4808 1959 4878 signi-

389 4910 607 4970 ﬁcabat,
633 4907 822 4962 dicens
854 4923 867 4959 :
909 4922 928 4956 ι
961 4902 1058 4958 Vae
1093 4901 1298 4956 mundo
1326 4917 1355 4956 a
1381 4900 1661 4958 scaudalis
1690 4920 1703 4955 :
1740 4916 1968 4957 necesse

387 5000 533 5055 enim
583 5005 668 5053 est
702 5003 761 5051 ut
810 4995 1035 5050 veniant
1081 4993 1341 5048 scandala
1372 4993 1440 5048 ".
1478 5011 1498 5045 ι
1537 4988 1750 5061 Ubique
1799 5009 1966 5062 porro

387 5089 655 5161 singulari
681 5088 911 5144 consilio
934 5087 1242 5157 exemplum
1283 5100 1343 5142 se
1381 5086 1620 5156 praebet,
1657 5102 1729 5140 ne
1758 5085 1963 5154 majora

388 5189 706 5251 appetentes
739 5179 886 5235 aliud
929 5180 1168 5235 infamia:
1209 5194 1384 5250 genus
1436 5180 1720 5233 incurrere
1767 5180 1961 5247 depre-

389 5270 702 5324 hendantur
727 5314 742 5337 ,
782 5270 879 5326 sed
912 5271 1242 5327 necessitate
1281 5268 1447 5323 νιιιιιί
1477 5268 1717 5339 quadam
1744 5265 1961 5321 Domini

388 5357 617 5430 gloriam
650 5373 790 5428 pone
824 5372 1115 5430 sequentes
1155 5374 1321 5431 supra
1372 5374 1497 5414 eum
1540 5356 1721 5413 efferri
1762 5356 1960 5411 nolint.

389 5449 498 5505 Eos
528 5449 693 5520 igitur
727 5450 1084 5521 ignominiam
1132 5454 1460 5509 incursuros
1509 5449 1798 5506 subinnuit
1826 5489 1841 5515 ,
1882 5450 1964 5505 di-

389 5558 517 5600 cens
549 5559 562 5594 :
621 5560 640 5594 ι
675 5539 791 5596 Non
822 5552 906 5598 est
951 5560 1146 5600 servus
1186 5544 1363 5614 major
1395 5543 1617 5598 domino
1657 5556 1777 5597 suo.
1816 5560 1832 5593 ι
1878 5539 1962 5596 Me

458 5721 696 5780 "Galat.
727 5741 762 5790 ι,
800 5723 887 5779 10.
978 5723 1021 5753 ’³
1046 5719 1238 5776 Matth.
1276 5738 1435 5788 xrin,
1475 5722 1529 5775 7.

2067 4627 2351 4699 εὐτρεπεῖς
2385 4621 2522 4678 εἶναι
2573 4627 2665 4679 καὶ
2716 4627 2850 4699 πρὸς
2895 4628 3071 4685 ταῦτα
3102 4630 3220 4684 λίαν
3272 4635 3515 4705 εὐχερεῖς
3564 4635 3667 4690 καὶ

2071 4715 2366 4787 προθύμως
2430 4716 2524 4770 καὶ
2580 4718 2843 4781 νεανικῶς
2903 4720 3292 4777 διακελεύεται.
3346 4724 3665 4795 Προμηνύει

2070 4806 2128 4861 δὲ
2160 4806 2348 4879 ὥσπερ
2376 4808 2553 4878 πάντη
2589 4825 2649 4861 τε
2698 4810 2790 4863 καὶ
2844 4812 3060 4877 πάντως
3094 4814 3389 4885 ἐσομένων,
3444 4815 3534 4868 διὰ
3560 4815 3663 4888 τὴν

2072 4899 2179 4952 τῶν
2211 4899 2514 4970 μελλόντων
2536 4901 3125 4976 παιδαγωγηθήσεσθαι
3145 4906 3467 4978 μοχθηρίαν.
3490 4907 3667 4962 Τοῦτο

2068 4990 2125 5043 δὲ
2159 4992 2252 5044 καὶ
2287 4993 2344 5045 ἐν
2385 4992 2593 5063 ἑτέροις
2638 4994 2824 5065 ἐδήλου
2868 4996 3062 5065 λέγων·
3101 5018 3120 5051 ι
3182 4999 3318 5053 υύαὶ
3360 4998 3440 5069 τῷ
3471 4999 3666 5071 κόσμῳ

2068 5081 2176 5135 ἀπὸ
2209 5081 2317 5135 τῶν
2368 5082 2697 5138 σκανδάλωψ
2758 5086 2970 5157 ἀνάγκη
3027 5088 3136 5160 γὰρ
3175 5090 3353 5144 ἐλθεῖν
3391 5091 3462 5145 τὰ
3496 5092 3666 5146 σκάν-

2067 5174 2223 5229 δαλα.
2265 5194 2284 5226 ι
2320 5177 2608 5247 Οἰκονομεῖ
2632 5175 2689 5231 δὲ
2720 5182 2970 5250 πανταχῆ
2999 5181 3067 5235 τὰ
3091 5182 3210 5235 καθ’
3240 5182 3435 5237 ἑαυτὸν
3458 5184 3519 5237 ἐν
3540 5186 3665 5236 τού-

2064 5286 2143 5339 τῳ
2208 5268 2593 5349 παραδεικνὺς,
2638 5270 2724 5323 ἵνα
2769 5272 2844 5342 μὴ
2890 5272 3153 5342 μειζόνων
3194 5274 3493 5345 ἐφιέμενοι,
3538 5276 3663 5328 καθ’

2064 5362 2251 5432 ἓτερον
2276 5362 2474 5433 τρόπον
2497 5363 2931 5434 ἀσχημονοῦντες
2953 5365 3303 5430 ἁλίσκωνται,
3333 5367 3449 5421 ἀλλ’
3468 5367 3661 5438 ὥσπερ

2070 5450 2130 5517 ἐξ
2170 5450 2417 5521 ἀνάγκης
2441 5453 2677 5506 κατόπιν
2701 5454 2803 5525 τῆς
2838 5454 2932 5508 τοῦ
2960 5457 3166 5529 Κυρίου
3204 5456 3473 5527 βαίνοντες
3501 5458 3662 5526 δόξης

2068 5545 2127 5599 τὸ
2159 5543 2234 5616 μὴ
2257 5545 2394 5616 ὑπὲρ
2428 5547 2589 5601 αὑτὸν
2615 5549 2865 5616 γενέσθαι
2919 5549 3278 5613 σπουδάζωσι.
3318 5549 3392 5603 Τὸ
3435 5550 3536 5620 μὲν
3567 5547 3663 5606 οὖν
