4042 6204
339 338 445 393 ιω

1334 337 1397 390 IN
1429 336 1719 393 J.0Ai\'NlS
1760 334 2213 395 EVARGELIUM
2254 338 2377 396 UB.
2408 338 2473 393 Χ.

3492 349 3600 405 ιοὶ

336 455 817 528 ἀτιμασθήσεσθαι
846 457 1062 521 πάντως
1087 446 1286 522 αὑτοὺς
1310 460 1677 531 ὑποσημαίνει
1704 460 1878 528 λέγων
1911 478 1923 490 ·

2033 462 2176 514 enim
2203 501 2217 523 ,
2264 460 2485 532 inquit,
2521 460 2784 516 effrenata
2814 464 2998 534 lingua
3034 464 3349 533 petierunt,
3389 469 3598 523 nttllum

342 570 360 603 ι
396 550 512 602 Οὑκ
539 548 651 601 ἔστι
690 548 871 612 δοῦλος
925 549 1061 620 ὑπὲρ
1119 550 1210 603 τὸν
1258 551 1446 622 κύριον
1474 552 1661 606 αὑτοῦ.
1707 572 1725 604 ι
1793 552 1924 623 Ἐμὲ

334 639 466 708 γὰρ,
530 639 714 708 φησὶν,
779 639 1017 711 ἀχαλίνῳ
1069 643 1169 711 μὲν
1216 643 1628 714 κατεκράτησαν
1688 641 1921 713 γλώττῃ,

333 731 598 800 λοιδορίας
616 731 816 798 τρόπον
832 732 1244 803 ἀνεπιτήδευτον
1260 734 1596 803 οὑκάφέντες
1613 736 1661 787 οἱ
1681 735 1921 796 δείλαιοι,

334 822 673 895 δαιμονῶντα
698 825 792 877 καὶ
821 825 1056 895 μέθυσον
1086 825 1182 878 καὶ
1212 828 1466 895 πορνείας
1515 828 1742 881 ἐκάλουν
1791 845 1926 898 καρ⁴

336 917 457 972 πόν.
499 916 636 969 Ἀλλ’
667 918 768 970 οὑκ
809 917 1036 986 ἐζήτουν
1066 919 1412 989 παραχρῆμα
1464 918 1563 982 τὰς
1588 918 1762 983 δίκας,
1806 919 1923 973 ἀλλ’

286 1072 289 1073 ν
337 1009 459 1062 οὐδὲ
481 1012 602 1071 ταῖς
627 1010 755 1079 παρ’
780 1009 959 1064 αὑτῶν
984 1011 1268 1083 λοιδορίαις
1293 1010 1675 1082 καταδηχθεὶς,
1694 1012 1786 1066 τὸν
1810 1015 1921 1077 τοῖς

332 1100 705 1173 ἀκροωμένοις
738 1101 1003 1172 σωτήριον
1050 1102 1341 1173 ἀνέκαμψα
1376 1103 1554 1172 λόγον.
1584 1102 1795 1158 Οὑκοῦν
1848 1103 1922 1176 μὴ

334 1192 606 1262 ζητείσθω
644 1194 771 1263 παρ’
801 1193 954 1263 ὑμῶν
1002 1194 1061 1247 τὸ
1110 1194 1294 1263 μεῖζον
1349 1196 1615 1267 ἀκαίρως,
1650 1197 1784 1267 μηδὲ
1812 1196 1921 1250 τῶν

331 1285 429 1339 τοῦ
460 1285 663 1354 Κυρίου
693 1285 1195 1357 κατασοϐαρεύεσθε
1227 1288 1458 1360 μέτρων,
1492 1290 1631 1361 πρὸς
1651 1288 1922 1359 τοσαύτην

336 1378 529 1432 ἑαυτὸν
562 1378 632 1430 δι’
659 1381 808 1449 ἡμᾶς
839 1378 1304 1444 καταϐιϐάσαντος
1331 1381 1429 1452 τὴν
1456 1380 1806 1447 ταπείνωσιν,
1833 1382 1921 1435 διὰ

334 1470 397 1522 τὸ
453 1472 587 1522 πᾶσι
638 1470 930 1534 λυσιτελές.
981 1471 1184 1524 υὺκοῦν
1216 1472 1471 1543 ἀμείνους
1502 1468 1795 1543 ἐργάζεται
1828 1476 1921 1529 καὶ

333 1560 437 1629 τῆς
461 1563 518 1613 ἐν
540 1548 718 1629 λόγοις
742 1561 1101 1634 σκληρότητος
1124 1564 1216 1617 καὶ
1238 1565 1338 1635 τῆς
1354 1565 1462 1618 τῶν
1478 1566 1785 1636 φιλοψογεῖν
1801 1569 1921 1622 εἰω-

337 1653 507 1707 θότων
536 1654 899 1723 ἀνοσιότητος,
951 1655 1201 1725 καθάπερ
1231 1657 1424 1725 ἀμέλει
1477 1659 1570 1710 κα)⁸
1591 1659 1619 1710 ὁ
1654 1660 1923 1730 μακάριος

338 1745 623 1815 προφήτης
678 1744 966 1815 Ἱερεμίας,
1003 1745 1139 1817 πρὸς
1184 1747 1316 1800 αὑτὸ
1345 1747 1411 1818 δὴ
1448 1747 1604 1801 τοῦτο
1641 1765 1919 1821 γεγυμνα-

339 1833 535 1902 σμένος
585 1832 788 1902 ἔλεγεν·
842 1853 861 1885 ι
912 1836 973 1888 Ἦ
1034 1836 1183 1906 ἰσχύς
1248 1855 1348 1906 μου
1401 1837 1648 1904 ἐξέλιπεν
1701 1842 1760 1893 ὲν
1807 1844 1920 1904 τοῖς

336 1925 747 1995 καταρωμένοις
806 1944 893 1995 με.
954 1944 973 1978 ›
1008 1928 1285 1990 Μειζόνως
1310 1946 1373 1996 γε
1428 1930 1534 1999 μὴν
1564 1932 1594 1981 ὁ
1636 1929 1921 1997 θεσπέσιος

337 2016 550 2080 Παῦλος
578 2017 883 2088 διαλάμψας
916 2019 973 2072 ὲν
1024 2018 1193 2090 αὑτῷ,
1249 2022 1345 2072 καὶ
1407 2022 1540 2074 πολὺ
1576 2021 1922 2094 καταθλήσας

334 2108 435 2174 τῆς
475 2107 583 2160 τῶν
634 2108 963 2177 ὑϐριζόντων
1012 2109 1378 2180 ἀνοσιότητος,
1408 2129 1427 2161 ι
1484 2112 1918 2184 Λοιδοροὺμενοι,

336 2200 523 2269 φησὶν,
597 2199 944 2270 εὐλογοῦμεν,
1024 2200 1486 2273 δυσφημούμενοι,
1572 2205 1921 2274 παρακαλοῦ-

338 2308 457 2362 μεν.
488 2312 508 2343 ι
549 2292 620 2345 Τὸ
644 2293 740 2363 μὲν
759 2292 867 2365 γάρ
885 2292 991 2346 τῶν
1013 2293 1268 2348 τοιούτων
1294 2296 1808 2351 κατανεανιεύεσθαι
1832 2316 1920 2368 φι-

335 2383 467 2446 λεῖν,
517 2382 677 2454 ἔργον
733 2383 799 2438 ἂν
845 2385 1059 2453 γένοιτο
1115 2384 1351 2447 διανοίας
1402 2388 1791 2460 πτωχευούσης
1844 2390 1922 2460 τῷ

335 2473 627 2544 πνεύματι,
667 2473 812 2528 κατά
843 2474 905 2529 τὺ
943 2476 1352 2548 γεγραμμένον,
1398 2480 1492 2531 καὶ
1533 2480 1737 2551 μετρίῳ
1764 2498 1924 2550 κομι-

332 2566 396 2636 δῇ
451 2566 873 2637 κεκοσμημένης
918 2568 1247 2637 φρονήματι.
1279 2568 1477 2622 Φύεται
1517 2570 1625 2640 γάρ
1677 2589 1794 2634 πως
1830 2573 1924 2625 καὶ

335 2656 590 2726 καθάπερ
636 2658 701 2709 ὲκ
729 2658 883 2729 ῥίζης
928 2657 1141 2728 ἀνίσχει
1181 2659 1375 2730 καλῆς,
1414 2663 1478 2713 ὲκ
1516 2661 1707 2716 τούτου
1740 2662 1795 2716 δὲ
1823 2664 1925 2733 μά-

334 2746 514 2811 λιστα,
544 2746 605 2799 τὸ
634 2747 980 2817 μακρόθυμόν
1008 2764 1065 2800 τε
1102 2749 1197 2802 καὶ
1234 2750 1575 2816 ἀνεξίκακον.
1610 2753 1683 2805 Τὸ
1710 2754 1766 2807 δὲ
1786 2756 1922 2824 ἀφοε-

337 2841 517 2911 ρήτως
574 2839 715 2910 ἔχειν
778 2841 857 2903 είς
917 2838 1109 2908 λόγους
1160 2843 1284 2905 τοὺς
1321 2845 1792 2914 παροτρύνσντας,
1845 2849 1926 2912 εἰς

336 2931 554 2985 πάντων
586 2929 699 3002 [γρ.
749 2929 899 3002 πᾶν],
936 2931 968 3000 ἢ
1014 2931 1109 2983 καλ⁵
1152 2931 1327 2985 ὁτιοῦν
1369 2934 1591 3003 ἀτιμίας
1623 2932 1779 3003 εἶδος,
1826 2939 1925 3009 τῆς

336 3024 490 3095 παρά
517 3041 699 3090 τινων,
725 3022 944 3087 ἔνδειξιν
975 3022 1041 3076 ἂν
1068 3022 1179 3093 ἔχοι
1202 3024 1348 3095 σαφῆ
1369 3026 1630 3096 λογισμοῦ
1665 3028 1926 3100 φιλοκόμ-

2026 556 2261 607 convicii
2297 570 2469 624 gentts
2503 554 2769 608 intactum
2808 556 3183 626 relinquentes
3214 557 3435 620 miseri,
3490 559 3600 612 daa-

2026 646 2370 708 moniacum,
2419 646 2775 701 temulentum
2813 655 2866 700 et
2899 649 3147 717 spuriutn
3183 658 3467 703 vocarunt.
3502 647 3602 702 Ve-

2024 752 2145 790 rum
2180 754 2287 792 non
2320 740 2506 793 statim
2542 755 2733 810 poenas
2768 743 2957 811 exegi,
2992 743 3088 797 sed
3124 758 3300 812 neque
3334 742 3601 797 conviciis

2023 846 2211 885 eorum
2252 833 2530 902 appetitus
2574 834 2871 889 salutarem
2914 836 3262 890 auditoribus
3292 835 3598 889 doctrinam

2024 922 2255 978 inhibui.
2284 922 2466 990 Quare
2494 926 2663 981 nolite
2693 927 2862 980 altum
2898 928 3283 997 intempestive
3313 941 3505 996 sapere
3530 925 3597 987 “,

2022 1030 2125 1069 nec
2166 1014 2377 1069 Domini
2419 1016 2856 1072 mediocritatem
2893 1020 3129 1089 superbe
3159 1018 3460 1087 despicite,
3503 1017 3598 1085 qui

2024 1114 2226 1159 tantam
2268 1107 2332 1162 ad
2375 1107 2767 1164 demissionem
2809 1119 3031 1180 prepter
3075 1126 3177 1165 nos
3236 1116 3294 1162 ut
3342 1109 3599 1164 omnibus

2024 1195 2310 1265 prodesset
2341 1213 2400 1253 se
2430 1198 2723 1269 depressit.
2756 1199 2927 1271 Igitur
2956 1201 3268 1272 superiores
3299 1216 3395 1255 eos
3436 1199 3599 1262 facit,

2022 1296 2078 1341 et
2109 1288 2395 1343 verborum
2426 1290 2628 1346 duritie
2653 1330 2666 1355 ,
2711 1300 2763 1346 et
2809 1293 3247 1347 conviciatorum
3277 1292 3553 1362 impietate
3583 1330 3597 1351 .

2023 1380 2480 1448 quemadmodum
2513 1398 2708 1454 nempe
2738 1385 2934 1439 beatus
2962 1384 3053 1438 ille
3074 1398 3296 1454 quoque
3333 1382 3601 1453 propheta

2021 1471 2287 1527 Jeremias
2311 1473 2366 1527 in
2398 1488 2463 1528 eo
2496 1474 2616 1544 ipso
2643 1475 2978 1530 exercitatus
3008 1475 3187 1530 aiebat
3213 1492 3226 1528 :
3267 1493 3285 1524 ι
3316 1472 3600 1527 Fortitudo

2023 1575 2142 1614 mea
2175 1559 2380 1615 defecit
2411 1561 2464 1614 in
2493 1562 2561 1616 iis
2612 1563 2706 1632 qui
2748 1564 3087 1618 maledicunt
3133 1562 3265 1617 mihi
3290 1563 3355 1614 ⁸⁵.
3393 1581 3412 1615 ι
3455 1562 3599 1629 Quin

2022 1656 2077 1703 et
2102 1652 2327 1707 divinus
2364 1653 2454 1707 ille
2484 1651 2689 1709 Paulus
2729 1669 2792 1709 ea
2830 1669 2890 1708 re
2922 1655 3158 1708 maxime
3192 1662 3475 1723 spectatus
3497 1693 3511 1715 ,
3547 1660 3603 1709 et

2025 1745 2318 1813 impiorum
2351 1759 2493 1814 saepe
2524 1746 2894 1801 contumelias
2940 1760 3238 1815 perpessus
3269 1764 3283 1799 :
3322 1761 3340 1796 ι
3374 1743 3602 1799 Maledi-

2021 1838 2220 1899 cimur,
2251 1837 2449 1905 inquit.
2485 1846 2540 1892 et
2580 1837 2959 1893 benedicimus
2988 1855 3002 1904 ;
3042 1836 3512 1907 blaepbemamur,
3545 1842 3602 1891 et

2022 1928 2383 1983 obsecramus
2419 1929 2486 1980 ³⁸.
2523 1947 2541 1979 ι
2612 1929 2717 1983 Ista
2773 1929 2976 1999 quippe
3022 1943 3289 1999 generose
3344 1927 3601 1997 perpeti,

2021 2035 2160 2090 opus
2199 2031 2282 2074 est
2323 2021 2520 2074 mentis
2558 2020 2815 2089 pauperis
2856 2021 3053 2089 spiritu
3086 2058 3102 2082 ,
3144 2022 3290 2074 sicut
3330 2018 3601 2088 scriptum

2021 2122 2106 2166 est
2147 2114 2190 2144 ’7
2216 2151 2230 2174 ,
2272 2120 2325 2167 et
2370 2112 2638 2182 singulari
2681 2111 2945 2166 modestia
2980 2110 3244 2181 pra-diue.
3282 2107 3424 2161 Hinc
3453 2107 3601 2163 enim

2021 2205 2170 2260 velut
2203 2220 2268 2259 ex
2302 2204 2445 2258 bona
2478 2204 2665 2259 radice
2696 2205 2959 2258 oriuntur
2985 2201 3382 2271 longanimitas
3411 2210 3466 2255 et
3501 2213 3602 2269 pa-

2022 2295 2235 2351 tientia.
2261 2294 2415 2353 Nolle
2449 2303 2630 2351 autem
2670 2310 2738 2351 ne
2773 2295 2939 2349 verbo
2966 2293 3189 2364 quidem
3226 2291 3340 2345 ullo
3377 2290 3602 2353 lacessi,

2023 2394 2117 2440 aut
2167 2385 2453 2440 minimum
2494 2384 2841 2440 contumelia:
2886 2399 3059 2454 genus
3100 2382 3331 2453 perpeti,
3371 2378 3606 2434 manife-

2024 2489 2169 2535 stum
2218 2486 2304 2534 est
2349 2486 2734 2548 argumentum
2772 2476 2938 2529 animi
2981 2474 3247 2546 superbi,
3302 2488 3405 2528 nec
3452 2472 3603 2526 inani

2022 2571 2211 2643 gloria:
2266 2569 2561 2625 mundanae
2617 2569 2801 2624 studio
2855 2569 3089 2622 multum
3146 2567 3407 2638 expediti.
3461 2565 3602 2632 Quid

2024 2663 2168 2716 enim
2193 2661 2378 2726 faciet,
2403 2676 2611 2730 quaeso,
2636 2669 2728 2714 aut
2756 2675 2862 2729 qua
2899 2663 2953 2713 in
2988 2674 3046 2714 re
3069 2658 3345 2713 hominem
3374 2673 3405 2711 a
3435 2659 3605 2728 typho

2025 2755 2264 2809 alienum
2299 2752 2456 2807 laedet
2484 2753 2870 2807 contumelia?
2910 2753 3018 2806 Aut
3059 2751 3333 2823 quomodo
3365 2750 3603 2805 munda-

2025 2860 2110 2899 nae
2156 2844 2343 2915 gloria:
2386 2851 2734 2912 contemptor
2770 2843 3040 2898 conviciis
3084 2842 3215 2897 ullis
3253 2842 3607 2897 offendetur?

2027 2935 2142 2990 Hac
2182 2937 2366 3005 itaque
2424 2934 2723 2990 vanissima
2769 2942 2824 2989 et
2869 2949 3033 3005 quam
3075 2933 3316 2989 mundus
3365 2931 3604 3002 suspicit

2027 3028 2200 3098 gloria
2260 3035 2500 3081 mentem
2572 3025 2823 3079 altiorem
2891 3040 3084 3096 gerere
3147 3025 3345 3079 merito
3402 3023 3603 3094 jubet,

338 3133 464 3181 που,
490 3117 587 3169 καὶ
616 3118 711 3187 τῆς
743 3118 800 3170 ὲν
830 3116 1021 3187 κόσμῳ
1050 3116 1352 3185 φιλοδοξίας
1380 3118 1441 3170 οὑ
1485 3118 1607 3173 λίαν
1647 3121 1929 3192 ἀπηλλαγ-

2033 3119 2198 3190 900
2222 3119 2522 3188 quinetiam
2557 3117 2930 3172 necessariam
2964 3117 3128 3171 veluti
3163 3117 3477 3171 cautionem
3512 3131 3608 3170 ex-

343 3206 504 3279 μένου
530 3208 894 3277 φρονήματος.
914 3206 979 3259 Τί
1003 3208 1112 3278 γὰρ
1135 3205 1202 3260 ἂν
1220 3207 1396 3279 δράσῃ
1421 3209 1604 3279 τυχὸν,
1638 3211 1671 3282 ἢ
1697 3212 1749 3265 τί
1775 3212 1929 3285 ὕϐρις

2035 3214 2280 3280 cogitat,
2325 3218 2385 3263 ut
2424 3209 2563 3263 tales
2607 3224 2731 3263 esse
2768 3208 2975 3272 velint,
3019 3218 3074 3264 et
3115 3208 3364 3263 adhibito
3399 3208 3451 3262 in
3482 3222 3605 3261 eam

341 3299 576 3371 ἀδικήσῃ
597 3297 685 3350 τὸν
722 3298 820 3369 τῆς
865 3296 1093 3367 ἀτυφίας
1128 3298 1400 3371 ὲραστήνς
1435 3300 1523 3371 Τῷ
1561 3300 1619 3355 δὲ
1665 3302 1739 3374 μὴ
1774 3303 1932 3375 δόξης

343 3393 621 3463 ἐφιεμένῳ
651 3386 943 3461 κοσμικῆς,
976 3388 1091 3452 πῶς
1127 3390 1351 3463 ἀνιαρὸν
1383 3391 1535 3445 ἔσται
1587 3393 1649 3445 τὸ
1675 3394 1934 3465 λοιδορεῖ-

344 3488 469 3540 σθαι
509 3486 644 3557 πρός
675 3502 819 3549 τινος
844 3501 859 3550 ;
891 3484 1057 3557 Δόξης
1076 3480 1168 3539 οὖν
1206 3486 1315 3556 ἄρα
1343 3487 1572 3556 ταυτησὶ⁸
1602 3488 1698 3555 τῆς
1735 3488 1935 3542 εἰκαιο-

340 3583 534 3651 τάτης,
562 3579 726 3648 φημὶ,
759 3579 853 3632 καὶ
884 3579 982 3649 τῆς
1009 3580 1066 3630 ὲν
1083 3578 1275 3648 κόσμῳ
1298 3580 1671 3649 τετιμημένης
1702 3580 1812 3634 ἀνω
1844 3580 1933 3651 βε-

343 3670 557 3742 ϐηκότα
590 3672 681 3724 τὸν
727 3670 875 3733 νοῦν,
904 3671 997 3723 καὶ
1040 3669 1133 3724 τὸν
1182 3669 1440 3724 τοιούτων
1490 3671 1934 3742 ὑπεριπτάμενον

344 3762 510 3833 ἔχειν,
565 3763 790 3823 εἰκότως
838 3761 1228 3816 διακελεύεται·
1289 3766 1603 3832 προεπινοεῖ
1644 3764 1701 3817 δὲ
1745 3763 1935 3836 ὥσπερ

344 3856 650 3925 ἀναγκαίαν
673 3855 993 3923 ἀσφάλειαν,
1028 3855 1163 3927 πρὸς
1190 3854 1252 3908 τὸ
1273 3855 1383 3909 δεῖν
1413 3854 1620 3909 ἐθέλειν
1649 3857 1707 3910 ὲν
1728 3858 1934 3923 τούτοις

346 3950 601 4013 ὁρᾶσθαι,
652 3948 748 4000 καὶ
810 3946 1062 4017 καθάπερ
1114 3947 1300 4000 αἰκίαν
1357 3946 1458 4018 τὴν
1490 3948 1568 4011 είς
1599 3948 1758 4002 τοῦτο
1807 3968 1936 4004 κατ-

347 4040 593 4094 ωθοῦντα
625 4038 805 4108 τίθησι
836 4039 1116 4109 λογισμὸν,
1151 4039 1289 4109 ὅπερ
1333 4038 1595 4110 ἐλέγομεν
1637 4041 1698 4106 ἐξ
1737 4042 1932 4114 ἀρχῆς,

347 4133 407 4185 τὸ
432 4131 665 4185 κατόπιν
696 4131 830 4183 ἰέναι
863 4129 963 4200 τῆς
995 4130 1090 4183 τοῦ
1140 4130 1347 4201 Κυρίου
1402 4132 1589 4202 τιμῆς,
1638 4133 1827 4203 ἥδιστα
1879 4134 1938 4188 δὲ

347 4224 471 4278 λίαν
497 4222 817 4296 προσίεσθαι
845 4223 951 4275 πᾶν
976 4223 1112 4293 ὅπερ
1143 4220 1209 4276 ἂν
1241 4222 1310 4275 τοι
1331 4224 1472 4278 κατὰ
1491 4225 1701 4295 καιρὸν,
1732 4225 1844 4279 ἐστ’
1870 4226 1936 4280 ἂν

350 4316 532 4377 αὑτοῖς
549 4313 611 4366 τὸ
626 4313 930 4383 εὐδοκιμεῖν
950 4312 1171 4384 ὑπάρχῃ
1191 4312 1279 4365 διὰ
1301 4312 1453 4378 Θεὸν,
1470 4315 1531 4367 οὑ
1550 4317 1670 4378 ταῖς
1695 4315 1937 4387 ἀτιμίαις

351 4407 767 4477 ὑπτιουμένους,
823 4403 900 4467 ὡς
962 4404 1118 4459 ὄκνον
1160 4404 1446 4475 ἀνωφελῆ,
1506 4405 1627 4458 οὑδὲ
1683 4407 1787 4461 ὑπό
1839 4425 1935 4461 του

2032 3318 2147 3357 rem
2183 3301 2420 3370 quodam
2450 3303 2606 3371 quasi
2638 3301 2863 3357 stimulo
2893 3308 3050 3371 urget
3078 3315 3175 3355 eos
3198 3302 3412 3355 ratione
3443 3316 3607 3370 quam

2034 3393 2192 3448 initio
2220 3393 2482 3453 diximus,
2508 3408 2705 3462 nempe
2726 3391 2938 3447 Domini
2962 3392 3192 3464 gloriam
3221 3408 3346 3449 esse
3373 3409 3610 3463 sequen-

2034 3485 2182 3552 dam,
2218 3494 2273 3541 et
2314 3485 2686 3556 quodcunque
2737 3501 2796 3540 se
2834 3484 3095 3540 obtulerit
3125 3484 3362 3540 libenter
3398 3485 3606 3553 ample-

2033 3578 2314 3640 ctemlum,
2348 3576 2568 3648 quoties
2607 3576 2829 3633 occasio
2860 3591 2919 3631 se
2973 3576 3124 3632 dabit
3158 3576 3346 3648 gloria:
3387 3585 3609 3647 propter

2037 3671 2201 3726 Deum
2228 3669 2619 3740 adipiscendae,
2653 3677 2712 3724 ut
2740 3685 2838 3725 nec
2871 3669 3115 3725 infamia:
3152 3679 3304 3725 metu
3339 3669 3518 3723 inutili
3549 3683 3608 3724 se

2034 3761 2237 3817 dedant
2269 3761 2514 3823 inertiae,
2553 3775 2656 3815 nec
2688 3776 2757 3815 ex
2784 3775 2853 3814 eo
2884 3760 3032 3830 quod
3083 3760 3153 3814 ab
3196 3759 3384 3829 aliquo
3417 3759 3605 3814 forsan

2034 3855 2303 3910 conviciis
2330 3856 2517 3908 acrius
2551 3852 2774 3921 appetiti
2810 3852 3042 3919 fuerint,
3077 3850 3315 3906 docendi
3353 3849 3606 3905 fiduciam

2036 3946 2333 4002 retundant
2356 3986 2371 4008 ,
2428 3959 2529 3999 nec
2570 3943 2757 3998 divina
2793 3943 3050 3997 mandata
3085 3951 3479 4008 contemnant,
3513 3941 3607 3996 sed

2034 4038 2382 4094 dilectionem
2421 4038 2606 4107 potius
2643 4035 2790 4088 illam
2827 4036 2882 4088 in
2925 4032 3126 4088 fratres
3171 4032 3607 4103 amplectantur,

2035 4140 2089 4187 et
2116 4139 2371 4186 errantes
2399 4127 2659 4182 omnibus
2688 4126 2866 4181 modis
2911 4125 3106 4195 juvare
3134 4124 3413 4179 studeant.
3450 4121 3613 4177 Post-

2036 4238 2198 4294 quam
2233 4222 2400 4292 igitur
2431 4218 2706 4290 persuasit
2734 4218 3068 4271 mundanam
3099 4215 3249 4270 illam
3295 4230 3375 4268 ac.
3395 4221 3611 4281 tempo-

2038 4316 2236 4372 rariam
2266 4314 2494 4385 gloriam
2530 4310 2931 4381 aspernandam
2953 4349 2967 4373 ,
3005 4307 3156 4362 aliud
3186 4306 3447 4376 quiddam
3479 4304 3613 4359 utile

2039 4422 2103 4461 ac
2150 4405 2529 4461 necessarium
2580 4403 2805 4471 insuper
2853 4401 3122 4453 molitur:
3182 4417 3201 4450 ι
3237 4397 3293 4451 Si
3333 4396 3480 4452 enim
3530 4412 3616 4450 me

351 4498 510 4568 τυχὸν
552 4495 783 4566 ἐπείπερ
820 4492 1304 4563 διαλελοιδόρηνται
1357 4493 1586 4564 πικρῶς,
1616 4495 1715 4566 τὴν
1756 4496 1813 4548 ὲν
1857 4496 1929 4567 τῷ

2043 4497 2500 4568 persecutisunt,
2531 4492 2731 4563 inquit,
2762 4501 2815 4546 et
2849 4506 2947 4544 vos
2975 4498 3377 4560 persequentur
3399 4484 3468 4539 ’⁸.
3500 4504 3521 4540 ι
3552 4484 3617 4539 Et

351 4588 622 4641 διδάσκειν
655 4582 966 4657 παρρησίαν
1016 4583 1491 4655 ἀνασειράζοντας,
1519 4585 1612 4638 καὶ
1635 4584 1743 4639 τῶν
1777 4586 1936 4639 θείων

353 4678 707 4748 ἑνταλμάτων
743 4676 1206 4746 ὀλιγωρήσαντας,
1259 4675 1580 4747 ἀντέχεσθαι
1628 4676 1686 4729 δὲ
1737 4677 1937 4746 μᾶλλον

351 4771 453 4842 τῆς
492 4771 572 4833 εἰς
598 4768 859 4837 ἀδελφοὺς
889 4766 1130 4837 ἀγάπης,
1160 4768 1252 4820 καὶ
1290 4768 1378 4821 διὰ
1401 4768 1597 4830 παντὸς
1623 4769 1937 4836 ἐπείγεσθαι

350 4862 554 4932 τρόπου
580 4861 705 4924 τοὺς
727 4856 1107 4928 πλανωμένους
1127 4856 1374 4926 ὠφελεῖν.
1421 4858 1738 4922 Ἀναπείσας
1758 4859 1937 4913 τοίνυν

353 4953 462 5007 ὑπὸ
513 4952 681 5015 πόδας
742 4952 840 5023 τῆς
910 4950 1246 5021 προσκαίρου
1297 4949 1454 5021 δόξης
1499 4950 1775 5020 φείδεσθαι
1836 4952 1936 5022 τῆς

355 5043 654 5114 κοσμικῆς,
737 5042 922 5113 ἕτερόν
988 5060 1042 5095 τι
1120 5042 1684 5115 προσεπαγωνίζεται,
1747 5043 1942 5113 χρήσιε-

361 5136 461 5205 μόν
484 5152 544 5187 τε
565 5134 661 5187 καὶ
684 5133 998 5199 ἀναγκαῖον.
1033 5152 1051 5186 ι
1089 5136 1153 5189 Et
1187 5136 1296 5204 γὰρ
1317 5134 1438 5205 ἐμὲ,
1480 5133 1666 5204 φησὶν,
1699 5133 1941 5200 ἐδίωξαν,

357 5226 455 5279 καὶ
490 5225 635 5296 ὑμᾶς
664 5224 931 5291 διώξουσι.
964 5244 982 5275 ι
1028 5225 1139 5278 Καὶ
1167 5226 1401 5298 συγγενῆ
1443 5225 1557 5297 μὲν,
1572 5229 1682 5289 τοῖς
1711 5225 1948 5296 πρώτοις

359 5317 475 5388 ἔχει
504 5316 600 5371 καὶ
627 5316 787 5370 τοῦτο
829 5316 929 5387 τὴν
960 5315 1216 5387 θεωρίαν.
1252 5316 1567 5388 Τληπαθεῖν
1613 5319 1657 5372 δ’
1680 5314 1770 5373 οὖν
1797 5319 1949 5390 ὅμως

361 5407 664 5474 ἀναπείθει,
699 5407 793 5461 καὶ
823 5407 931 5463 τῶν
968 5407 1191 5465 ἔσεσθαι
1215 5409 1271 5463 ὲν
1304 5410 1434 5480 ἡμῖν
1468 5410 1945 5483 προσδοκηθέντων

360 5499 723 5569 διαλογισμῶν
764 5503 1084 5572 προαναιρεῖ
1119 5500 1218 5571 τὴν
1245 5501 1547 5557 ἀσθένειαν.
1569 5498 1677 5556 Ἦν
1710 5501 1808 5574 μὲν
1836 5503 1943 5575 γὰρ

364 5592 464 5647 οὑκ
494 5589 818 5661 ἀμφίϐολον,
841 5592 921 5647 ὃτι
952 5594 1071 5655 ταῖς
1100 5591 1207 5646 τῶν
1238 5591 1538 5647 διωκόντων
1564 5592 1665 5665 τὴν
1690 5592 1943 5665 ἀλήθειαν

2045 4594 2159 4645 haec
2191 4588 2409 4659 quidem
2440 4586 2673 4642 similem
2707 4584 2913 4640 habent
2943 4598 3066 4636 cum
3097 4580 3373 4652 prioribus
3396 4588 3619 4634 senten-

2043 4684 2196 4737 tiam.
2240 4679 2500 4735 Tolerare
2546 4677 2728 4746 itaque
2781 4673 3113 4745 persuadet,
3159 4678 3214 4725 et
3255 4685 3447 4724 eorum
3496 4684 3619 4739 quae

2043 4772 2336 4845 cogitaturi
2377 4784 2570 4825 sumus
2610 4768 2986 4823 infirmitatem
3040 4763 3337 4835 praevertit.
3382 4761 3616 4816 Dubium

2041 4866 2249 4937 quippe
2276 4880 2388 4919 non
2417 4871 2538 4919 erat
2560 4862 2693 4933 quin
2713 4859 3026 4916 Servatoris
3054 4856 3341 4926 discipuli,
3375 4854 3430 4909 in
3472 4854 3618 4909 veri-

2041 4958 2168 5015 tatis
2196 4964 2577 5028 persecutores
2609 4953 2937 5015 incidentes,
2969 4951 3086 5005 dira
3120 4963 3354 5020 quaeque
3377 4946 3619 5002 subituri

2039 5058 2267 5107 essent:
2320 5064 2509 5104 verum
2545 5045 2829 5116 probabile
2857 5052 2940 5099 est
2969 5059 3066 5098 eos
3091 5043 3146 5095 in
3183 5041 3425 5093 animum
3460 5037 3621 5092 indu-

2041 5143 2210 5209 xisse,
2243 5156 2370 5195 cum
2403 5138 2673 5210 de°gloria
2705 5137 2910 5192 Christi
2939 5134 3107 5190 verba
3138 5130 3409 5194 facerent,
3440 5129 3620 5184 abun-

2042 5235 2229 5291 dantis
2274 5232 2397 5301 ejus
2442 5229 2838 5285 misericordia:
2870 5242 2930 5282 se
2968 5225 3086 5279 fore
3113 5222 3450 5292 participes,
3484 5220 3621 5276 adeo

2045 5333 2105 5380 ut
2132 5324 2268 5380 nihil
2291 5334 2400 5379 tarn
2418 5322 2743 5392 praeclarum
2769 5318 3011 5375 studium
3035 5328 3268 5385 prorsus
3290 5313 3615 5376 retardaret,

2046 5413 2146 5472 sed
2175 5415 2357 5469 omnis
2399 5413 2631 5468 omnino
2670 5409 2936 5465 tumultus
2978 5421 3042 5461 ac
3087 5405 3324 5476 periculi
3369 5414 3621 5476 expertes

2045 5509 2257 5567 essent,
2286 5503 2530 5573 nihilque
2566 5501 2723 5555 triste
2763 5506 3105 5569 paterentur,
3139 5497 3235 5553 sed
3268 5496 3337 5550 ab
3365 5495 3621 5551 omnibus

2045 5595 2408 5652 laudarentur
2436 5636 2451 5661 ,
2503 5599 2696 5665 utpote
2735 5590 2828 5661 qui
2864 5590 3162 5646 salutarem
3201 5590 3282 5646 eis
3312 5586 3621 5651 doctrinam

440 5781 486 5820 9"
511 5777 674 5834 Boni.
706 5794 782 5843 τι,
811 5777 901 5831 20.
982 5777 1026 5809 ’³
1050 5775 1251 5834 Jercm.
1286 5796 1373 5846 xv,
1412 5781 1496 5836 10.
1569 5783 1655 5839 ’⁸1
1688 5783 1815 5838 Cor.
1861 5799 1929 5851 ινι

2030 5787 2057 5839 ι.
2135 5783 2180 5817 ⁸⁷
2203 5781 2396 5837 Matth.
2433 5798 2486 5847 ν,
2528 5781 2580 5835 5.
2657 5782 2703 5815 ’⁸
2728 5778 2866 5837 lhid.
2891 5780 2976 5835 10.
