4042 6204
347 322 451 378 403
1365 312 1422 369 S.
1465 308 1743 368 CYR'LIJ
1784 303 2256 362 ALEXANDRINI
2290 303 2610 361 ARCHlEP.
3501 290 3606 348 4οι

350 439 764 493 aununtiarent.
812 436 880 490 Et
930 433 1046 490 haec
1097 429 1318 504 quidem
1367 445 1465 486 eos
1504 432 1830 499 exspectare
1869 429 1973 484 et!

2076 425 2440 497 εριπταίοντες
2468 423 2658 495 ὀργαῖς
2680 419 2772 475 τοῦ
2800 419 3049 490 Σωτῆρος
3068 417 3117 470 οί
3150 411 3388 486 μαθηταὶ
3401 411 3611 504 τοῖς-ὲκ

349 545 552 601 cupere
601 528 700 583 abs
735 543 795 584 re
842 542 951 582 non
990 499 1151 591 erat',
1195 524 1289 595 qui
1336 521 1406 576 ad
1442 528 1706 576 aeternam
1755 518 1925 572 vitam

2076 518 2121 571 δῦ
2177 515 2467 572 διώκεσθαι
2507 511 2927 586 περιπεσοῦνται
2979 510 3189 570 δεινοῖς·
3235 504 3350 559 ἀλλ’
3397 499 3467 574 ἦν
3518 502 3613 574 δή-

353 593 492 677 ιιιιοε
536 634 736 674 vocare
788 617 1087 673 studebant
1138 624 1193 670 et
1217 593 1579 669 auditoribus
1613 609 1926 665 divinarum

2076 627 2133 663 ου
2167 612 2263 663 καὶ
2296 608 2439 680 μάλα
2477 605 2621 669 είκδς
2653 601 2983 672 λογίζεσθαι,
3008 603 3088 655 ὅτι
3110 599 3201 653 τὸν
3222 596 3364 667 ὑπὲρ
3400 594 3501 665 τῆς
3525 593 3613 648 δό-

354 713 661 782 gratiarum
692 721 946 766 auctores
984 716 1150 779 atque
1181 706 1387 778 pararii
1420 719 1546 760 esse
1577 703 1925 757 videbantur.

2076 719 2127 775 qq
2160 700 2396 773 Χριστοῦ
2420 697 2730 769 ποιούμενοι
2758 696 2935 765 λόγον,
2978 692 3195 754 πάντως
3222 706 3326 743 που
3355 686 3615 750 πλουσίας

356 803 464 860 Sed
498 820 624 859 cum
662 804 1046 874 unusquisque
1088 801 1144 856 in
1178 815 1297 856 eam
1330 809 1539 870 partem
1575 796 1781 852 feratur
1810 808 1932 864 quae

2076 796 2132 866 ἧς
2153 794 2281 867 παρ’
2314 792 2478 846 αὐτοῦ
2513 789 2796 863 μεθέξουσι
2823 786 3055 859 φειδοῦς,
3085 784 3161 847 ὡς
3195 782 3360 853 μηδὲν
3391 780 3526 843 ὅλως
3556 779 3620 831 τὸ

359 897 600 952 maxime
644 872 886 962 arridet,
928 896 1091 965 eique
1117 894 1459 965 voluptatem
1494 890 1674 953 alfert,
1706 888 1935 944 demon-

2079 886 2405 959 αραποδίξον
2455 884 2686 956 ὁρᾶσθαι
2747 881 2883 955 πρὸς
2930 879 3029 951 τὴν
3078 875 3251 938 οὕτως
3293 872 3622 941 ἀξιάγαστον

359 989 648 1045 strandum
681 988 864 1058 potius
895 996 1014 1043 erat
1052 988 1369 1059 quicunque
1398 983 1616 1040 veritati
1655 981 1934 1038 contraria

2076 980 2344 1051 τροθυμίαν
2399 977 2598 1042 αὐτῶν,
2662 974 2890 1046 θορύϐου
2946 971 3002 1025 δὲ
3061 966 3259 1032 παντὸς
3306 966 3399 1020 καὶ
3444 962 3624 1018 κινδύ-

360 1080 643 1145 sentiunt,
678 1086 732 1134 et
771 1079 931 1135 malis
963 1079 1344 1151 voluptatibus
1377 1075 1783 1138 succumbunt,
1818 1073 1936 1128 bel-

361 1170 474 1222 lum
521 1170 605 1225 eis
658 1169 906 1226 indicere
949 1170 1043 1241 qui
1097 1185 1129 1225 a
1180 1169 1345 1226 rebus
1392 1165 1744 1223 suavissimis
1790 1164 1939 1234 ipsos

362 1262 627 1318 avellunt.
671 1262 784 1320 Nec
833 1264 979 1320 enim
1035 1262 1367 1333 voluptariis
1407 1259 1727 1316 hominibus
1782 1265 1938 1328 grata

364 1364 496 1411 sunt
544 1374 668 1428 quae
717 1371 785 1413 eo
829 1365 1084 1427 spectant
1131 1356 1361 1413 monita.
1406 1352 1738 1410 Necessario
1774 1351 1942 1420 igitur

365 1450 767 1507 ostendendum
813 1462 931 1508 erat
969 1450 1085 1507 fore
1133 1451 1228 1521 qui
1267 1457 1527 1520 tanquam
1571 1444 1940 1503 infensissimi

365 1542 557 1599 hostes
600 1555 1086 1615 persequerentur,
1122 1552 1176 1599 et
1207 1544 1394 1614 plagas
1432 1540 1747 1604 inferrent,
1782 1548 1944 1608 atque

366 1648 532 1690 omne
563 1638 929 1690 tentationum
962 1652 1137 1705 genus
1165 1635 1562 1705 excogitarent.
1594 1632 1753 1703 901
1783 1629 1941 1686 Virili

369 1724 556 1794 itaque
596 1726 784 1780 animo
818 1704 1071 1781 Christus
1114 1741 1208 1781 eos
1247 1704 1372 1781 esse
1400 1724 1581 1795 jubet,
1613 1738 1723 1778 non
1755 1721 1942 1776 celans

2076 1721 2182 1776 θεοῦ
2212 1718 2567 1792 χαρισμάτων
2595 1716 2707 1777 τοῖς
2729 1708 3100 1783 ἀκροωμένοις
3117 1704 3459 1795 η-δρίσκονᾲτο.

2038 1091 2128 1126 νου
2160 1070 2386 1142 ὁρᾶσθαι
2438 1068 2773 1140 κρείττονας,
2830 1062 3197 1133 ὑπομένοντας
3235 1057 3293 1111 δὲ
3331 1057 3395 1109 τὸ
3438 1053 3621 1125 παρά.-

2041 1183 2150 1221 παν
2199 1163 2351 1218 οὐδὲν
2406 1160 2512 1216 τῶν
2562 1162 2661 1215 ὅσα
2714 1158 2925 1227 πέφυκε
2993 1155 3200 1216 λυπεῖν,
3220 1148 3624 1228 ⁸ἐντρυφῶντας-

2039 1261 2097 1316 δὲ
2129 1259 2330 1332 μᾶλλον
2366 1259 2486 1320 ταῖς
2515 1252 2670 1326 παρὰ
2687 1251 2904 1306 πάντων
2932 1248 3139 1319 τιμαῖς,
3172 1244 3270 1299 ἆτε
3307 1243 3372 1332 δὴ
3417 1241 3512 1295 καὶ
3534 1238 3628 1332 τον

2044 1330 2310 1425 σωτήριον
2333 1350 2519 1412 αὐτοῖς
2540 1343 2942 1418 πρεσϐεύοντας
2966 1340 3142 1408 λόγον.
3169 1337 3280 1391 Καὶ
3305 1330 3374 1407 ἦν
3407 1333 3505 1404 μὲν
3529 1330 3629 1425 οὐκ

2043 1448 2153 1503 ἀπὸ
2179 1422 2404 1500 ἠσκοποῦ
2431 1440 2527 1497 τοῦ
2574 1438 2895 1512 πρέποντος,
2946 1433 3007 1486 τὸ
3043 1430 3113 1485 τά
3142 1427 3368 1484 τοιαῦτα
3399 1422 3632 1495 προσδοο

2045 1540 2167 1610 κᾷν,
2214 1537 2309 1590 καὶ
2360 1537 2419 1588 ὲν
2462 1529 2673 1593 τούτοις
2702 1522 2841 1580 εἶναι
2872 1524 3078 1594 ζητεῖν,
3117 1521 3241 1582 τοὺς
3281 1518 3335 1570 οῖ
3354 1532 3418 1584 γε
3448 1511 3633 1566 καλεῖν

2047 1628 2436 1691 σπουδάζουσιν
2460 1627 2540 1687 είς
2560 1622 2778 1676 αἰώνιον
2801 1619 2967 1690 ζωὴν,
2996 1610 3247 1686 πρόξενοί
3267 1627 3326 1662 τε
3349 1606 3457 1661 τῶν
3482 1602 3639 1709 παρέξ

3495 1694 3620 1749 Ἀλλ

370 1816 514 1885 quod
544 1823 663 1871 erat
696 1827 1045 1884 eventurum,
1084 1817 1178 1873 sed
1209 1833 1275 1872 ex
1313 1832 1379 1873 eo
1400 1783 1573 1887 ⁷ιιιιοιὶ
1612 1815 1770 1885 jubet
1800 1812 1945 1869 virili

2079 1783 2408 1880 κάκου-τῆς
2442 1807 2577 1870 ιδίας
2603 1802 2974 1876 προαιρέσεως
2998 1797 3095 1887 τὴν
3114 1795 3287 1868 ῥοπὴν
3308 1791 3390 1887 έφ’
3419 1789 3555 1887 δπερ
3572 1783 3642 1884 ἂν

372 1920 496 1960 esse
537 1907 744 1971 animo,
789 1907 1096 1977 praedicens
1146 1906 1335 1962 adfore
1375 1912 1785 1976 persecutores.
1832 1923 1851 1957 ι
1887 1901 1943 1957 Si

371 1997 519 2052 enim
552 2014 637 2054 me
662 2000 937 2068 persecuti
984 2008 1134 2065 sunt,
1159 1999 1358 2070 inquit,
1386 2007 1440 2053 et
1484 2013 1582 2053 vos
1605 2013 1949 2068 persequen-

374 2094 488 2142 tur.
505 2106 521 2138 ι
535 2086 702 2155 Quasi
729 2088 971 2145 diceret:
993 2091 1103 2161 Ego
1127 2087 1369 2145 universi
1395 2088 1601 2159 opifex,
1617 2086 1775 2158 cujus
1795 2094 1951 2157 pote—

379 2180 510 2234 stati
532 2189 731 2235 cuucta
755 2181 1044 2251 subjacent
1069 2194 1409 2252 quacunque
1433 2180 1486 2235 in
1503 2180 1643 2237 ctelo
1662 2188 1716 2234 et
1732 2179 1787 2233 in
1804 2187 1955 2233 terra

377 2280 542 2333 sunt,
574 2270 790 2327 frenum
823 2273 1024 2330 animis
1075 2273 1356 2328 hominum
1403 2286 1512 2327 non
1555 2271 1818 2341 imposui,
1853 2283 1957 2324 nec

380 2364 541 2432 quasi
569 2365 746 2436 plagis
778 2375 832 2422 et
861 2367 1182 2422 verberibus
1223 2365 1537 2420 auditorum
1575 2378 1821 2419 meorum
1857 2362 1960 2417 im-

383 2464 569 2525 petum
601 2457 845 2524 coercui,
866 2458 963 2515 sed
986 2458 1260 2529 cujusque
1280 2455 1549 2513 voluntati
1566 2457 1752 2528 potius
1782 2454 1959 2526 quod-

384 2562 604 2620 cunque
631 2550 827 2607 liberet
861 2566 926 2607 ac
955 2549 1137 2608 facere
1160 2550 1325 2607 vellet
1349 2549 1597 2621 permisi.
1628 2548 1695 2604 Et
1733 2548 1957 2621 quidem

384 2653 513 2695 cum
573 2628 1018 2711 persecutionem
1073 2652 1328 2713 paterer,
1387 2640 1663 2706 sustinui,
1712 2639 1965 2709 quamvis

388 2733 540 2790 illius
573 2734 887 2791 inhibenda:
918 2743 1243 2805 potestatem
1277 2734 1560 2789 haberem.
1589 2731 1825 2798 Quando
1870 2747 1961 2785 er-

389 2843 458 2896 go
501 2828 940 2897 persecutionem
998 2827 1103 2897 ipsi
1165 2841 1390 2897 quoque
1445 2825 1769 2896 patiemini,
1816 2824 1967 2880 illico

390 2919 689 2974 tolerantes
724 2933 950 2973 osorum
986 2918 1353 2982 aversionem,
1392 2932 1494 2972 nec
1527 2917 1598 2971 ob
1626 2930 1819 2971 eorum
1847 2915 1970 2985 qui-

392 3008 500 3064 bus
527 3008 780 3080 Opitulati
811 3007 1029 3064 fueritis
1057 3006 1508 3079 ingratitudinem
1539 3005 1707 3062 nimis
1738 3019 1970 3075 exaspe-

396 3101 523 3165 rati,
548 3115 725 3156 meum
747 3101 1061 3156 institutum
1089 3108 1382 3171 sequentes
1403 3113 1505 3170 per
1525 3099 1745 3155 easdem
1778 3098 1971 3152 volun-
2000 3129 2043 3188 ο

395 3200 539 3248 tates
571 3193 832 3259 iucedite,
865 3200 923 3247 ut
951 3201 1008 3249 et
1039 3192 1241 3249 similis
1275 3192 1467 3263 gloria:
1496 3190 1621 3248 sitis
1654 3190 1972 3261 participes.

403 3301 423 3335 ι
458 3281 563 3350 Qui
606 3284 750 3338 enim
799 3284 1244 3355 compatiuntur,
1286 3293 1342 3338 et
1390 3281 1816 3352 conregnabunt
1849 3281 1916 3334 θ’.
1954 3299 1971 3330 ι

400 3373 537 3430 Cum
569 3386 751 3431 autem
790 3375 943 3431 addit
979 3375 1207 3430 tertium
1234 3415 1248 3437 ,
1284 3374 1548 3430 nimirum
1585 3393 1597 3428 :
1639 3393 1655 3425 ι
1684 3372 1742 3427 Si
1771 3388 1981 3428 sermo-

401 3484 525 3524 nem
559 3483 740 3523 meum
788 3475 1181 3533 servaverunt,
1207 3475 1261 3521 et
1290 3473 1536 3522 vestrum
1572 3465 1914 3526 servabunt,
1957 3482 1975 3514 ι

401 3561 746 3630 despondere
785 3575 882 3615 eos
934 3560 1118 3613 animo
1172 3573 1281 3613 non
1333 3559 1503 3624 sinit,
1554 3558 1599 3613 si
1648 3555 1984 3627 quandoque

404 3654 708 3708 doctrinam
766 3667 923 3708 suam
963 3650 1189 3705 videant
1250 3665 1362 3705 non
1402 3648 1592 3719 recipi.
1628 3646 1786 3715 Quod
1834 3655 1985 3702 recte

404 3746 623 3813 quidem
663 3743 815 3799 facit.
856 3744 1149 3799 Existimat
1186 3743 1334 3798 enim
1382 3742 1474 3812 qui
1521 3741 1588 3795 ad
1637 3742 1687 3794 id
1740 3740 1985 3794 muneris

405 3839 653 3895 delectus
684 3846 769 3894 est
802 3837 990 3892 irritos
1024 3851 1147 3893 esse
1175 3851 1306 3891 suos
1335 3834 1585 3896 labores,
1627 3832 1735 3889 nisi
1765 3833 1984 3887 audito-

406 3947 499 3987 res
538 3931 917 4001 obtemperare
961 3930 1130 3983 velint
1172 3928 1288 3984 suis
1321 3926 1699 3984 sermonibus.
1734 3923 1844 3980 Sed
1874 3939 1985 3980 non

410 4026 487 4079 ita
527 4039 617 4079 res
644 4030 770 4089 est;
806 4037 967 4079 nemo
1002 4021 1105 4077 hoc
1137 4022 1243 4077 sibi
1279 4020 1632 4092 persuadeat.
1665 4018 1801 4074 Nam
1836 4026 1987 4090 post-

410 4131 576 4187 quam
608 4117 893 4173 consultsr
923 4130 1107 4172 rerum
1146 4114 1364 4169 utilium
1400 4113 1771 4185 cognitionem
1816 4113 1983 4168 semel

410 4209 683 4281 exposuit,
716 4208 862 4281 quod
892 4208 951 4264 in
971 4223 1032 4264 se
1056 4215 1177 4264 erat
1201 4205 1463 4279 praestitit
1491 4223 1503 4259 :
1538 4207 1683 4276 quod
1710 4205 1987 4268 reliquum

2053 1903 2296 1974 βούλοιτο
2320 1897 2665 1957 διῖθύνοντος,
2685 1884 3127 1964 παρατρέποντος
3155 1899 3215 1936 τε
3242 1880 3379 1951 πρὸς
3397 1877 3458 1930 τὸ
3490 1873 3642 1974 αύτῷ

2053 1963 2298 2066 θελητὺν,
2329 1994 2420 2044 καὶ
2458 1987 2628 2060 ἡδέως
2664 2000 2780 2047 πως
2806 1982 2946 2052 ἕχον,
2994 1969 3477 2066 ἁναδειχθήσεσθαι
3507 1963 3644 2066 μᾶλῗ

2053 2088 2145 2141 λον
2170 2053 2308 2143 ἔδει..
2340 2081 2435 2135 καλ⁵
2460 2053 2585 2142 τοὺς
2595 2077 2694 2147 τῆς
2717 2073 2830 2147 [γρ.
2860 2070 2953 2144 τῇ]
2970 2066 3198 2139 ἀληθείᾳ
3222 2059 3549 2135 φρονοῦντας
3571 2053 3642 2107 τά

2056 2176 2297 2239 ἐναντία,
2326 2173 2422 2228 καλ⁸
2440 2168 2826 2240 νενικημένους
2850 2166 2971 2227 ταῖς
2996 2162 3077 2224 είς
3105 2158 3164 2212 τὸ
3180 2154 3381 2225 φαῦλον
3407 2150 3645 2222 ἡδοναῖς,

2062 2266 2329 2340 μάχεσθαι
2353 2264 2462 2316 δεῖν
2486 2239 2792 2329 ἐγνωκότας
2818 2256 2930 2318 τοῖς
2961 2252 3015 2307 οῖ
3036 2267 3102 2319 γε
3129 2241 3517 2340 καλοῦσινᾼέξω
3537 2239 3650 2340 τῶν

2058 2329 2292 2434 ηδίστων
2335 2354 2551 2419 αὐτούς.
2589 2353 2665 2407 Ού
2699 2351 2808 2422 γὰρ
2839 2347 3061 2418 θυμήρη
3104 2344 3216 2434 τοῖς
3251 2334 3556 2434 φθηδμόνοις
3578 2329 3652 2385 τά

2062 2423 2200 2526 πρὸς
2236 2449 2397 2505 τοῦτο
2441 2447 2705 2520 βλέποντα
2746 2441 3069 2514 μαθήματα.
3112 2432 3222 2526 Ἷέν
3272 2426 3364 2526 οὖν
3397 2427 3506 2498 ἄρα
3540 2423 3653 2477 λοι-

2065 2518 2163 2600 πδν
2216 2518 2467 2610 καθάπερ
2532 2535 2592 2600 ἐξ
2640 2532 2888 2601 ἀνάγκης
2928 2518 3415 2594 ἀναδειχθήσεσθαι
3479 2529 3653 2610 προσ-

2064 2637 2247 2708 δοκᾷν.
2305 2633 2429 2695 τοὺς
2475 2630 2529 2683 οῖ
2571 2645 2634 2696 γε
2693 2627 2750 2678 ὲν
2805 2621 2954 2686 τάξει
3001 2615 3272 2686 πολεμίων
3330 2607 3609 2708 γεγονότες
3634 2645 3650 2669 ,

2066 2693 2313 2797 διώξουσι
2375 2741 2435 2777 τε
2492 2721 2586 2776 καὶ
2655 2716 3086 2772 καταικίσονται,
3161 2706 3255 2760 καὶ
3333 2703 3442 2756 πᾶν
3513 2693 3651 2759 εἶδος

2067 2822 2410 2890 ὲπινοήσουσι
2486 2809 2827 2883 πειρασμῶν.
2899 2802 3183 2875 ’Δνδρείως
3247 2792 3338 2852 οῦν
3392 2794 3500 2865 ἄρα
3556 2790 3653 2890 καὶ

2070 2911 2206 2982 πρὸς
2238 2907 2395 2961 τοῦτο
2433 2903 2578 2975 ἔχειν
2626 2899 2822 2961 αὐτοὺς
2851 2891 3224 2949 διακελεύεται
3247 2883 3517 2954 Χριστὸς,
3545 2878 3650 2932 οὐκ

2070 2972 2360 3070 ἀποφήσας
2398 2972 2495 3050 ὅτι
2524 2991 2867 3064 συμϐήσεται
2888 3004 2901 3017 ·
2943 2984 3034 3039 διά
3074 2982 3132 3036 δὲ
3160 2979 3255 3034 τοῦ
3282 2976 3485 3050 χρῆναι
3517 2972 3650 3070 μαλε

2074 3095 2166 3147 λον
2199 3090 2437 3161 ὁρᾶσθαι
2471 3084 2754 3147 νεανικοὺς
2785 3080 3095 3134 ἐπιτάττειν
3123 3070 3548 3146 προκηρύττων,
3574 3065 3659 3119 ὅτι

2082 3155 2431 3258 παρέσονται.
2475 3198 2493 3232 ι
2528 3178 2590 3232 Εἰ
2618 3175 2727 3247 γὰρ
2756 3173 2877 3245 ἐμὲ,
2908 3170 3094 3242 φησὶν,
3121 3155 3660 3258 ὲδίιυξαν,μκα“ι-ύμᾶς

2080 3248 2386 3344 διωξουσιν.
2420 3292 2439 3325 ι
2496 3274 2639 3326 Ἴσον
2682 3269 2760 3331 ὡς
2799 3268 2848 3320 εἰ
2879 3265 3063 3333 ἔλεγεν
3086 3278 3100 3293 ·
3154 3255 3297 3327 Ἐγὼ
3333 3253 3441 3308 τῶν
3466 3250 3602 3305 ὅλων
3625 3248 3663 3344 ό

2084 3339 2333 3439 ποιητὴς,
2353 3368 2380 3420 ό
2409 3365 2586 3419 πάντα
2608 3361 2713 3416 ὑπὸ
2734 3363 2891 3431 χεῖρα
2914 3357 3075 3428 ἔχων,
3098 3353 3165 3408 τά
3189 3369 3249 3404 τε
3272 3352 3329 3403 ὲν
3344 3346 3423 3417 τῷ
3446 3339 3666 3439 οὐρανῷ

2084 3461 2181 3515 καὶ
2201 3435 2281 3513 Ea;
2308 3458 2403 3512 ἐπὶ
2429 3455 2530 3526 τῆς
2556 3454 2682 3523 γῆς,
2708 3453 2768 3505 οὐ
2800 3450 3017 3522 χαλινὸν
3042 3444 3289 3514 ἐπέθηκα
3316 3442 3428 3503 τοῖς
3450 3435 3663 3505 θυμοῖς.

2084 3552 2205 3607 οὐδὲ
2234 3549 2497 3623 καθεῖρξα
2538 3547 2791 3618 καθάπερ
2824 3544 3028 3605 αίκίαις
3075 3539 3137 3592 τὸ
3186 3535 3419 3590 ἑκάστου
3459 3531 3668 3599 κίνημα

2083 3644 2194 3698 τῶν
2220 3640 2613 3714 ἀκροωμένων,
2647 3638 2829 3708 ἐφῆκα
2858 3636 2915 3689 δὲ
2954 3632 3154 3706 μᾶλλον
3175 3631 3243 3699 τῇ
3278 3626 3510 3681 ἑκάστου
3535 3636 3667 3714 προ-

2087 3710 2386 3808 αιρέσει-τὸ
2415 3710 2643 3787 ⁷ἑλέσθαι
2677 3730 2739 3785 τδ
2765 3727 2977 3793 δοκοῦν,
3006 3725 3204 3797 δρᾶσαι
3233 3721 3291 3774 δὲ
3324 3719 3354 3772 ὃ
3385 3717 3440 3770 τί
3467 3710 3669 3808 περᾶν

2090 3806 2352 3903 βούλοιτο.
2404 3827 2516 3881 Kal.
2560 3824 2692 3896 γοῦν
2720 3821 3054 3892 διωκόμενος
3087 3806 3672 3903 semetipsum-atatem

2087 3897 2182 3979 τοῦ
2224 3920 2558 3977 διακωλῦσαι
2597 3918 2739 3989 έχων
2768 3915 2868 3986 τὴν
2912 3910 3185 3981 ἐξουσίαν.
3220 3908 3393 3961 Ὅταν
3436 3897 3531 3956 οῦν
3562 3900 3672 3970 ἄρα

2089 4015 2362 4088 διώκησθε
2410 4013 2508 4067 καὶ
2572 4009 2728 4065 αὐτοὶ
2779 4000 3271 4076 διακαρτεροῦντες
3330 3992 3673 4088 παραχρῆμα

2089 4108 2189 4181 τὴν
2216 4084 2328 4162 τιῖιν
2362 4101 2663 4177 μισούντων
2687 4095 3040 4171 ἀποτροπὴν,
3094 4091 3229 4166 μηδὲ
3276 4084 3674 4159 δυσφοροῦντες

2092 4202 2231 4271 ἄγαν
2271 4200 2364 4255 ἐπὶ
2402 4199 2523 4261 ταῖς
2550 4191 2899 4266 ἀχαριστίαις
2934 4188 3044 4242 τῶν
3069 4181 3465 4257 ὠφελουμένων
3484 4219 3513 4271 ,7
3540 4190 3674 4271 κατφ

410 4266 515 4366 est,
549 4304 604 4357 in
634 4266 917 4357 voluntate
942 4266 1258 4355 auditorum
1288 4306 1376 4356 est
1406 4266 1674 4369 positum.
1708 4296 1819 4352 Eos
1838 4266 1973 4351 eiiin

2092 4266 2217 4348 ὄπιν
2243 4291 2342 4362 τῆς
2371 4288 2511 4359 ἐμῆς
2540 4288 2710 4350 ίόντες
2734 4280 3047 4353 οἰκονομίας
3066 4319 3081 4344 ,
3116 4276 3205 4331 διὰ
3236 4274 3345 4328 τῶν
3376 4270 3559 4369 αὑτων
3582 4266 3678 4338 ερ-

411 4394 481 4450 ad
502 4362 661 4464 quod
691 4394 927 4464 quisque
953 4392 1084 4448 velit
1111 4362 1437 4449 convertere
1466 4391 1686 4446 facilius
1716 4396 1803 4445 est
1824 4404 1973 4459 quau

2094 4386 2255 4460 χεσθε
2308 4382 2665 4454 θελημάτων,
2720 4377 2808 4431 ἵνα
2855 4372 3080 4464 καὶτῆς
3123 4368 3316 4464 ὁμοίας
3353 4362 3677 4464 ’μετάσχητε

412 4485 480 4541 ad
518 4456 885 4555 obsequium,
926 4490 1021 4537 aut
1045 4491 1261 4538 contra.
1302 4481 1541 4538 Strenue
1573 4482 1760 4552 itaque
1791 4456 1973 4536 deben‘

2096 4456 2274 4550 δόξης.
2300 4496 2320 4530 ι
2343 4479 2404 4531 Οἱ
2426 4476 2535 4547 γὰρ
2557 4469 2973 4543 συμπάσχοντες
2997 4462 3094 4519 καὶ
3111 4456 3629 4555 συμϐασιλεύσουσι.
3653 4470 3675 4503 ι

412 4592 600 4631 rerum
634 4576 968 4645 optimarum
999 4574 1251 4645 magistri
1294 4580 1351 4628 et
1409 4573 1504 4642 qui
1539 4587 1665 4628 cum
1702 4571 1806 4628 fide
1834 4570 1996 4641 perli~

413 4681 543 4722 cere
573 4679 736 4735 posse
765 4663 1017 4720 tribuunt
1047 4680 1170 4734 qua:
1198 4664 1336 4720 alias
1366 4678 1476 4719 non
1510 4677 1811 4733 possumus
1840 4675 1995 4717 asse-

416 4759 513 4831 qui
539 4800 555 4826 ,
588 4758 752 4814 etiam
775 4756 1084 4827 desperatis
1106 4757 1417 4812 doctrinam
1448 4771 1553 4827 qua
1582 4754 1767 4826 juvari
1793 4765 1995 4825 queant

419 4856 667 4910 inserere
700 4851 904 4906 virtute
949 4849 1151 4904 divina.
1198 4849 1354 4916 Quod
1382 4848 1605 4920 quidem
1642 4846 1847 4902 factum
1879 4848 1996 4903 sive

418 4954 567 5003 recte
598 4944 985 5002 adumbratum
1017 4942 1073 4996 in
1107 4943 1200 4997 illa
1231 4942 1622 4998 distributione
1650 4942 1991 4997 talentorum

418 5038 843 5109 comperiemus.
873 5033 974 5090 llic
1002 5033 1147 5088 enim
1174 5034 1362 5090 decem
1390 5035 1672 5103 accepisse
1696 5031 1994 5103 reperitur,

418 5130 511 5186 ille
539 5129 818 5201 quinque,
867 5127 1010 5183 alius
1048 5135 1235 5182 autem
1279 5125 1389 5181 duo
1410 5170 1424 5190 ,
1471 5132 1525 5181 et
1555 5124 1701 5180 alius
1731 5131 1996 5195 praeterea

422 5235 628 5285 unum,
670 5221 767 5291 qui
800 5226 1169 5275 mercaturam
1211 5216 1393 5273 facere
1444 5233 1683 5273 renuens
1728 5218 1994 5272 talentum

420 5311 574 5366 bumi
602 5308 815 5365 infodit.
837 5309 1184 5381 Proindeque
1209 5307 1399 5364 audit:
1436 5328 1455 5360 ι
1486 5308 1658 5365 Serve
1681 5323 1915 5379 nequam
1944 5315 1999 5363 et

421 5404 601 5475 piger,
616 5402 860 5473 oportuit
878 5409 931 5458 te
955 5404 1295 5460 committere
1317 5402 1605 5473 pecuniam
1626 5416 1800 5458 meam
1833 5416 1998 5457 num-

422 5494 675 5550 mulariis
698 5535 714 5561 ,
744 5501 802 5550 et
829 5494 1058 5550 veniens
1101 5508 1205 5566 ego
1242 5494 1583 5563 recepissem
1614 5493 1812 5564 utique
1850 5493 1998 5563 quod

423 5600 606 5649 meum
651 5594 773 5652 est,
814 5597 938 5641 cum
989 5598 1157 5640 usura
1189 5588 1227 5638 '.
1266 5605 1284 5637 ι
1333 5584 1810 5653 Quemadmodum
1850 5584 1997 5641 enim

492 5767 537 5800 ”
561 5766 606 5830 ll
633 5768 776 5833 Tim,
804 5785 864 5839 ιι,
899 5770 988 5827 ιε.
1086 5768 1102 5800 ¹
1125 5764 1314 5823 Matth.
1352 5780 1479 5833 xxv,
1503 5762 1596 5818 36.

2097 4546 2365 4647 Προσθεὶς
2410 4568 2468 4621 δὲ
2501 4546 2599 4620 καλ⁵
2631 4564 2815 4634 τρίτον
2836 4600 2851 4625 ,
2893 4578 2911 4612 ι
2941 4559 3007 4612 Et
3029 4556 3123 4610 τὸν
3150 4553 3309 4647 λόγον
3325 4566 3446 4647 ⁸μου
3478 4546 3682 4647 ὲτῄρη-

2101 4638 2201 4719 σαν
2221 4705 2236 4727 ,
2276 4661 2374 4715 καὶ
2419 4660 2509 4712 τὸν
2538 4656 2806 4729 ὑμέτερον
2834 4652 3194 4723 τηρήσουσιν,
3224 4664 3245 4699 ι
3281 4642 3505 4711 ἀθύμως
3533 4638 3683 4729 ἔχειν

2098 4725 2299 4823 οὐκ-ἐᾷ
2347 4749 2422 4821 μὴ
2475 4725 2907 4818 παραδεχθείσης
2957 4737 3140 4793 αὐτῶν
3184 4734 3282 4805 τῆς
3327 4725 3682 4823 διδασκαλίας

2098 4845 2210 4900 ἔσθ’
2242 4821 2352 4898 ὅτε.
2399 4842 2552 4896 Ποιεῖ
2591 4839 2650 4892 δὲ
2687 4835 2893 4908 σφόδρα
2934 4832 3028 4887 καλ⁵
3070 4827 3231 4884 τοῦτο
3256 4824 3458 4887 καλῶς.
3494 4821 3681 4875 Οῖεται

2104 4936 2203 5008 μὲν
2232 4934 2341 5005 γὰρ
2371 4934 2400 4986 ὁ
2434 4931 2570 5002 πρὸς
2597 4927 2757 4983 τοῦτο
2790 4918 3330 4995 προκεχειρισμένος,
3364 4917 3448 4969 ὅτι

2348 5022 2581 5094 ζημίαν,
2612 5021 2660 5073 εί
2691 5019 2765 5091 μὴ
2796 5014 3071 5088 βούλοιντό
3104 5027 3250 5074 τινες
3275 5010 3389 5071 τοῖς
3427 5006 3558 5096 παρ’
3581 5003 3685 5096 αύ-

2100 5119 2197 5174 τοῦ
2229 5092 2514 5172 πείθεσθαι
2544 5112 2724 5180 λόγοις
2750 5126 2764 5142 ο
2796 5108 2857 5162 τὺ
2878 5108 2934 5161 δὲ
2954 5106 3052 5177 οὐχ
3084 5101 3256 5164 οὔτως
3286 5099 3430 5169 ἔχειν
3470 5095 3546 5168 μὴ
3572 5092 3686 5164 γὰρ

2098 5214 2163 5286 δή
2187 5229 2271 5276 τις
2296 5208 2490 5265 οἰέσθω
2518 5204 2699 5260 ποθέν.
2747 5199 2999 5273 Είρηκὼς
3027 5196 3137 5267 γὰρ
3167 5190 3315 5257 ἅπαξ
3339 5189 3437 5286 καὶ
3451 5186 3567 5286 μτὴν
3589 5184 3686 5286 τοῦ

2104 5272 2481 5378 σύμφνέροντος
2504 5297 2707 5370 γνῶσιν
2734 5296 2764 5348 ὁ
2795 5291 3095 5365 σύμϐουλος
3127 5283 3413 5378 παραθεὶς,
3448 5282 3589 5378 ὅπερ
3616 5272 3687 5378 ην

2105 5400 2164 5453 ὲν
2181 5373 2343 5467 ⁷αὐτῷ
2367 5392 2526 5448 τοῦτο
2568 5390 2665 5446 καὶ
2694 5387 2942 5460 δέδρακε·
2983 5384 3225 5438 κείσεται
3269 5376 3455 5431 λοιπὸν
3480 5376 3539 5427 ὲν
3560 5373 3685 5433 ταῖς

2110 5491 2221 5546 τῶν
2255 5464 2621 5561 ἀκροωμένων
2653 5480 2921 5555 γνώμαις.
2977 5473 3293 5548 Τραπέσθαι
3331 5468 3441 5561 γὰρ
3482 5464 3686 5561 αύτοὺς

2105 5584 2191 5655 ἐφ’
2220 5554 2359 5655 ὅπερ
2381 5554 2611 5642 ἕκαστος
2637 5575 2807 5630 ἐθέλει
2840 5572 3018 5644 psam
3048 5571 3081 5641 ἠ
3113 5567 3227 5639 [γρ.
3245 5562 3306 5636 ἢ]
3339 5560 3475 5632 πρὸς
3499 5554 3690 5611 εὐπεί-
