4042 6204
358 219 467 279 405

1371 227 1435 280 ΙΝ
1476 227 1760 285 JOANNIS
1799 231 2242 290 EVANGELIUM
2285 236 2410 290 LIB.
2455 238 2522 292 Χ.

3505 242 3610 297 HG

357 335 532 401 θειαν,
565 335 678 406 ῆτὸ
705 336 963 391 ἐναντίον.
1015 339 1129 393 Οὐκ
1161 339 1496 414 ἀποκνητέον
1540 342 1632 399 οὖν
1663 347 1770 417 ἀρα
1815 349 1925 408 τοῖς

2031 350 2306 416 agricola),
2337 363 2482 404 terra
2512 359 2696 404 aratro
2729 351 3007 420 proscissa
3061 350 3314 422 factaque
3341 364 3607 418 semente,

353 427 467 478 τῶν
487 427 722 496 ἀρίστων
746 430 1088 498 εἰσηγηταῖς,
1110 432 1170 484 τὸ
1193 434 1286 485 καὶ
1307 434 1649 503 ἀπεγνωκόσι
1680 438 1770 492 τὸν
1789 439 1930 508 ὡφε-

355 515 470 568 λεῖν
499 517 794 588 δυνάμενον
822 521 1126 592 ἐνσπείρειν
1151 524 1309 593 λόγον
1337 529 1402 597 τῇ
1429 527 1549 598 θείᾳ
1565 529 1811 600 δυνάμει,
1839 532 1930 584 καὶ

357 607 426 661 τὰ
443 610 576 678 ἡμῖν
595 610 694 663 οὐκ
717 611 913 679 ἐφικτὰ
933 612 1193 669 δύνασθαι
1211 619 1510 686 κατορθοῦν
1530 621 1668 690 μετά
1695 623 1930 688 πίστεως

357 698 748 768 ἀπονέμουσιν,
784 701 811 753 ὃ
839 701 902 772 δὴ
932 704 1026 756 καὶ
1059 706 1299 772 γεγονὸς,
1330 708 1452 778 ήτοι
1485 709 1664 772 καλῶς
1686 712 1929 781 ἐσχημα-

355 788 610 853 τισμένον
645 791 739 842 καὶ
772 793 830 844 ἐν
858 795 978 856 ταῖς
1003 793 1112 846 τῶν
1137 797 1416 850 ταλάντων
1449 799 1732 870 διανομαῖς
1766 801 1934 873 εὐρήο

358 895 540 946 σομεν,
581 880 638 932 ’0
665 881 763 949 μὲν
787 882 895 954 γάρ
915 885 1223 953 εὑρίσκεται
1241 888 1372 940 δέκα.
1391 889 1592 953 λαϐὼν,
1613 892 1642 943 δ
1674 891 1732 944 δὲ
1750 893 1930 956 πέντε,

352 973 384 1024 δ
415 972 470 1024 δὲ
503 973 622 1036 δύο,
654 975 747 1026 καὶ
781 976 918 1047 πρὸς
950 978 1158 1044 τούτοις
1188 981 1265 1035 ἐτι
1295 983 1356 1036 τὺ
1390 983 1478 1049 ἓν,
1516 985 1575 1049 ὃς
1609 986 1672 1056 δὴ
1706 989 1800 1041 καὶ
1833 990 1934 1060 ἐμ-

354 1063 728 1131 πορεύσασθαι
752 1069 1212 1140 παραιτούμενος,
1236 1075 1514 1145 κατέχωσε
1542 1078 1638 1147 μὲν
1666 1080 1726 1131 τὺ
1744 1080 1935 1134 τάλαν-

351 1169 446 1242 τον
483 1156 562 1218 είς
608 1156 706 1227 τὴν
748 1159 870 1228 γῆν.
928 1161 1164 1214 Ἤκουσε
1208 1164 1265 1217 δὲ
1306 1165 1394 1220 διά
1444 1167 1639 1222 τοῦτο·
1676 1189 1694 1220 ι
1724 1173 1932 1242 Πονηρὲ

349 1241 510 1295 δοῦλε
559 1245 651 1296 καὶ
695 1247 923 1316 ὀκνηρὲ,
966 1250 1073 1302 ἔδει
1105 1269 1163 1303 σε
1209 1253 1390 1322 βαλεῖν
1431 1256 1493 1309 τὸ
1535 1258 1797 1330 ἀργύριόν
1832 1241 1930 1332 μου

349 1336 468 1398 τοῖς
517 1336 906 1406 τραπεζίταις,
975 1340 1130 1411 κάγὼ
1172 1343 1339 1398 ἐλθὼν
1375 1346 1720 1421 ἐκομισάμην
1765 1351 1832 1404 ἂν
1873 1355 1934 1406 τὸ

349 1425 488 1494 ἐμὸν
520 1428 614 1479 σὺν
639 1428 803 1500 τόκῳ.
832 1450 850 1482 ι
882 1432 1089 1504 ’Όνπερ
1117 1433 1227 1506 γὰρ
1255 1437 1456 1507 τρόπον
1485 1440 1533 1491 οί
1564 1441 1700 1511 πρὸς
1736 1442 1803 1495 τὰ
1833 1445 1932 1515 τῆς

351 1517 620 1585 γηπονίας
667 1518 804 1590 ἔργα
845 1527 1313 1596 γεγυμνασμένοι,
1360 1530 1454 1583 καὶ
1492 1533 1678 1586 τοῦτον
1715 1533 1931 1604 ἔχοντες

2032 456 2141 493 non
2173 441 2286 509 jam
2316 457 2430 496 sua:
2463 442 2672 511 peritia:
2704 442 2911 511 reliqua
2953 441 3237 507 tribuunt,
3275 443 3369 498 sed
3408 445 3608 498 divina:

2031 532 2292 602 potestati
2323 533 2636 602 relinquunt
2659 533 2841 603 potius
2867 541 2919 588 et
2938 535 3148 603 gratim,
3168 550 3364 603 nempe
3396 535 3605 589 semina

2033 632 2190 678 terra;
2217 625 2472 680 mandata
2501 626 2772 693 radicare,
2797 627 2960 697 902
2989 636 3042 682 et
3073 629 3126 682 in
3165 627 3462 698 perfectam
3489 627 3605 681 fru-

2031 733 2150 787 gem
2177 718 2414 773 educare
2459 738 2471 774 :
2523 721 2603 774 sic
2639 720 2878 774 arbitror
2916 737 3099 775 rerum
3132 721 3398 774 bonarum
3427 721 3606 790 magi«

2031 822 2206 864 Strum
2228 810 2532 864 doctrinam
2562 811 2826 867 duntaxat
2857 813 3123 882 impertiri
3154 814 3372 877 debere,
3406 820 3605 867 caetera

2031 916 2160 956 vero
2194 900 2304 956 Deo
2343 902 2676 972 relinquere.
2719 903 3038 958 Remedium
3088 905 3275 974 itaque
3325 906 3604 960 solvenda:

2032 993 2472 1064 pusillanimitati
2505 1003 2560 1050 et
2595 996 2828 1067 pigritia:
2869 997 3308 1052 adhortationem
3356 998 3600 1053 adhibet.

2031 1084 2110 1140 Ne
2145 1085 2451 1156 gravemini
2481 1086 2705 1157 quippe,
2737 1087 2833 1151 ait,
2868 1103 3034 1157 porro
3061 1089 3278 1153 docere,
3310 1090 3441 1144 licet
3473 1092 3601 1160 qui-

2033 1178 2154 1231 dam
2183 1178 2351 1233 semel
2389 1178 2657 1233 admoniti
2683 1179 2990 1234 doctrinam
3024 1180 3128 1235 sibi
3167 1180 3421 1235 traditam
3465 1195 3603 1235 con-

2031 1276 2317 1334 temnant;
2365 1269 2460 1324 sed
2507 1285 2632 1322 cum
2680 1285 2830 1324 meas
2875 1286 3096 1341 quoque
3126 1287 3290 1326 voces
3337 1287 3366 1325 a
3414 1273 3601 1327 multis

2031 1356 2359 1427 quandoque
2385 1358 2704 1428 repudiatas
2735 1361 3001 1423 cernatis,
3029 1362 3200 1417 nolite
3228 1377 3393 1432 supra
3425 1379 3600 1418 meam

2029 1451 2258 1520 gloriam
2287 1449 2504 1514 efferri,
2539 1453 2632 1508 sed
2669 1455 2722 1506 in
2771 1455 2876 1508 hoc
2908 1471 3106 1510 rursus
3140 1472 3280 1525 pone
3314 1472 3602 1512 remanen-

2029 1550 2132 1605 tes,
2178 1545 2418 1597 animum
2460 1560 2527 1598 ne
2565 1547 2982 1614 despondeatis.
3018 1547 3129 1601 Hoc
3169 1557 3353 1603 autem
3389 1549 3602 1604 discere

351 1604 443 1656 τὸν
498 1609 734 1672 σκοπὸν,
785 1612 1174 1683 ἀνατέμνοντες
1219 1621 1331 1680 τοῖς
1377 1620 1627 1691 ἀρότροις
1668 1622 1766 1694 τὴν
1806 1626 1925 1695 γῆν,

382 1690 406 1710 ν
553 1698 578 1711 ι,
629 1700 653 1711 Α
680 1700 721 1711 ιι
845 1704 856 1711 .
1039 1705 1050 1711 -
1181 1710 1186 1711 ,
1297 1707 1307 1711 -
1530 1696 1550 1710 δ

2032 1634 2186 1689 valde
2214 1637 2588 1692 necessarium
2623 1647 2740 1692 erat
2769 1642 2980 1695 sanctis
3009 1641 3275 1710 apostolis
3298 1681 3314 1707 ,
3348 1642 3478 1711 quia
3506 1657 3603 1710 per

348 1697 471 1749 εἶτα
511 1698 588 1770 τῷ
627 1700 779 1772 βώλῳ
810 1704 902 1757 τὸν.
951 1705 1149 1776 σπόρον
1176 1697 1550 1778 ἐγχώσαντεςξ
1589 1714 1777 1768 οὐκέτι
1810 1720 1925 1779 ταῖς

2034 1723 2347 1778 universum
2387 1725 2576 1780 orbem
2617 1728 2940 1783 constitutis
2987 1728 3302 1784 hominibus
3353 1730 3598 1784 divinum

352 1790 565 1844 ἑαυτῶν
597 1794 914 1866 ἐμπειρίαις
942 1798 1279 1870 ἀπονέμουσι
1313 1802 1380 1854 τά
1419 1803 1600 1867 λοιπά,
1631 1809 1696 1876 τῇ
1725 1806 1782 1860 δὲ
1809 1808 1930 1880 θείᾳ

353 1883 556 1950 μᾶλλον
601 1887 961 1958 ἐπιτρέπουσι
986 1891 1212 1962 δυνάμει
1247 1895 1341 1946 κα)⁸
1373 1897 1586 1967 χάριτι,
1617 1899 1678 1951 τὸ
1704 1899 1929 1969 ῥιζῶσαι

351 1989 497 2043 φημι
527 1974 587 2027 τὸ
627 1979 962 2048 καταϐληθὲν
996 1982 1090 2034 καὶ
1132 1985 1214 2046 εἰς
1244 1987 1456 2056 καρπὸν
1497 1989 1797 2060 ἀναθρέψαι
1837 1993 1928 2046 τὸν

348 2063 575 2118 τέλειον·
596 2067 765 2134 οὕτως
789 2067 938 2142 οἶμαι
955 2073 1064 2126 δεῖν
1085 2074 1174 2127 τὸν
1190 2075 1299 2130 τῶν
1324 2077 1613 2146 βελτίστων
1633 2084 1928 2156 εἰσηγητὴν

348 2153 627 2225 διανέμειν
656 2160 832 2227 μόνως
862 2162 952 2216 τὸν
990 2164 1166 2234 λόγον,
1200 2167 1410 2235 ἐφεῖναί
1434 2187 1496 2238 γε
1537 2172 1644 2242 μὴν
1669 2175 1736 2228 τὰ
1767 2153 1926 2230 λοιπά

450 2248 591 2320 Θεῷ.
619 2253 912 2324 Φάρμακον
940 2253 1031 2310 οὖν
1055 2258 1162 2333 ἄρα
1195 2263 1559 2333 μικροψυχίας
1588 2283 1646 2318 τε
1679 2268 1772 2320 καὶ
1792 2269 1928 2340 ἀκη-

349 2337 469 2399 δίας
501 2340 716 2397 λυτικδν
745 2348 939 2415 ἐπάγει
974 2353 1089 2414 τοῖς
1126 2352 1318 2406 ἐαυτοῦ
1357 2356 1626 2426 μαθηταῖς
1649 2361 1676 2412 δ
1711 2337 1922 2430 Σωτὴρ,

348 2430 444 2482 καὶ
472 2432 571 2502 τὴν
601 2435 692 2488 ἐπὶ
719 2437 893 2510 τούτῳ
917 2443 1258 2511 παραίνεσιν.
1281 2445 1371 2516 Μὴ
1400 2447 1507 2517 γὰρ
1532 2448 1596 2519 δὴ
1621 2457 1921 2518 κατοκνεῖν,

348 2522 546 2589 φησιν,
593 2524 778 2579 usus:
817 2547 945 2583 ποτε
983 2532 1256 2588 διδάσκειν
1287 2536 1367 2590 ἐτι
1390 2579 1404 2602 ,
1441 2540 1534 2592 καὶ
1567 2542 1615 2592 εί
1639 2541 1746 2595 τῶν
1777 2543 1926 2610 ἅπαξ

347 2615 820 2685 νενουθετημένων
864 2623 1006 2687 τινὲς
1047 2627 1236 2681 οὐδένα
1277 2633 1513 2684 ποιοῖντο
1539 2633 1636 2704 τῆς
1672 2635 1923 2709 δοθείσης

345 2704 532 2769 αὐτοῖς
554 2707 902 2775 διδασκαλίας
929 2714 1020 2769 τὸν
1042 2715 1194 2786 λόγον
1219 2734 1232 2746 ·
1263 2720 1670 2792 ἀπαραδέκτους
1693 2727 1748 2779 δὲ
1771 2704 1922 2801 παρὰ

347 2795 566 2886 πολλοῖς
615 2801 707 2852 καὶ
749 2803 846 2866 τὰς
896 2805 1036 2874 ἐμὰς
1067 2809 1176 2860 ἔσθ’
1209 2810 1296 2862 ὅτε
1335 2813 1516 2879 φωνὰς
1551 2795 1918 2886 εὑρίσκοντες,

349 2882 422 2952 μὴ
449 2885 551 2976 τῆς
573 2888 713 2958 ἐμῆς
735 2891 1115 2964 ὑπερτείνεσθε
1137 2898 1312 2969 δόξης,
1341 2903 1444 2954 κάν
1474 2882 1647 2976 τούτω
1672 2908 1729 2960 δὲ
1760 2882 1920 2965 πάλιν

2028 1825 2084 1872 et
2130 1818 2430 1872 salutarem
2483 1834 2794 1874 sermonem
2852 1821 3151 1890 praedicare
3197 1821 3484 1876 debebant.
3535 1821 3601 1875 Et

2029 1906 2252 1978 quidem
2306 1910 2528 1966 divinus
2568 1909 2794 1976 Paulus,
2824 1921 3012 1982 utpote
3065 1929 3160 1982 per
3211 1911 3490 1967 Christum
3531 1915 3598 1967 ad

2028 1999 2392 2066 apostolatum
2429 2000 2664 2065 electus,
2699 2002 2827 2056 talis
2859 2002 3021 2058 nobis
3053 2003 3201 2057 visus
3246 2013 3349 2066 est,
3382 2020 3444 2057 ac
3484 2005 3598 2074 pari

2027 2089 2197 2144 animi
2227 2091 2430 2148 virtute
2478 2095 2742 2162 przcditus
2780 2109 2924 2164 swpe
2964 2097 3232 2150 cernitur.
3265 2095 3421 2162 Quod
3451 2097 3596 2150 enim

2027 2183 2245 2237 inanem
2273 2183 2504 2253 gloriam
2537 2187 2992 2240 contemnendam
3027 2197 3283 2257 putaret,
3331 2198 3383 2243 et
3414 2204 3598 2258 persev

2027 2274 2282 2329 cutiones
2309 2276 2466 2328 nihili
2492 2274 2792 2340 faciendas,
2831 2293 3007 2348 neque
3033 2279 3312 2334 ferendum
3343 2279 3596 2334 acerbius

2024 2368 2068 2420 si
2096 2367 2187 2436 qui
2220 2366 2407 2420 forsan
2441 2367 2546 2421 sibi
2577 2368 2884 2436 dispersum
2915 2384 3223 2424 sermonem
3257 2386 3364 2425 non
3402 2386 3588 2425 susce-

2023 2459 2275 2527 pissent,
2309 2457 2470 2512 facile
2499 2466 2582 2513 est
2615 2459 2932 2514 ostendere.
2968 2461 3177 2515 Scribit
3207 2462 3351 2516 enim
3391 2462 3457 2516 ad
3497 2462 3596 2515 ali-

2021 2567 2197 2622 quos:
2234 2571 2252 2603 ι
2282 2552 2392 2608 Vos
2423 2553 2716 2622 prudentes
2741 2554 2796 2607 in
2828 2553 3072 2618 Christo,
3096 2569 3197 2610 nos
3222 2561 3404 2609 autem
3436 2553 3592 2608 stulti

2023 2651 2245 2713 propter
2273 2642 2554 2697 Christum
2591 2662 2606 2698 :
2639 2657 2740 2697 nos
2770 2642 2970 2696 infirmi
2999 2685 3014 2708 ,
3042 2656 3138 2696 vos
3164 2650 3347 2695 autem
3377 2639 3546 2697 fortes
3579 2661 3592 2695 :

2020 2749 2122 2790 nos
2154 2735 2422 2805 ignobiles
2450 2775 2466 2798 ,
2513 2749 2611 2790 vos
2642 2745 2824 2790 autem
2862 2735 3094 2789 nobiles.
3138 2733 3326 2803 Usque
3358 2734 3411 2787 in
3455 2735 3596 2788 hanc

2021 2825 2211 2880 horam
2249 2833 2303 2880 et
2347 2827 2596 2888 sitimus,
2649 2834 2704 2880 et
2743 2825 3020 2881 esurimus
3047 2829 3087 2879 ³.
3123 2843 3140 2876 ι
3185 2823 3250 2878 Ει
3285 2833 3546 2896 praaterea
3577 2845 3593 2881 :

2023 2935 2041 2968 ι
2090 2914 2371 2985 Tanquam
2401 2927 2782 2986 purgamenta,
2821 2916 3017 2984 inquit,
3049 2915 3215 2984 hujus
3247 2915 3430 2970 mundi
3466 2916 3595 2968 facti

346 2974 578 3028 κατόπιν
611 2978 878 3046 μένοντες,
895 2983 957 3037 τὸ
979 2985 1142 3039 δυσθυ
1151 2993 1272 3057 μεῖν
1292 2974 1706 3063 ἀποπέμπεσθε.
1726 3000 1915 3069 ’Δναγ-

2026 3024 2247 3069 sumus,
2279 3007 2521 3062 omnium
2547 3007 2852 3077 peripsema
2881 3023 3055 3077 usque
3092 3007 3269 3062 adhuc
3297 3007 3336 3062 '.
3373 3025 3390 3058 ι
3429 3003 3596 3061 Vides

345 3069 606 3138 καιοτάτη
650 3069 706 3124 δὲ
753 3073 956 3129 τούτων
985 3079 1016 3146 ή
1049 3077 1284 3150 μάθησις
1313 3077 1380 3152 ἦν
1424 3088 1537 3148 τοῖς
1585 3089 1760 3156 ἁγίοις
1788 3092 1923 3146 ἀπο-

349 3158 588 3224 στόλοις,
661 3164 892 3236 ἐπείπερ
936 3167 1159 3238 ἔμελλον
1203 3171 1551 3245 διακηρύξειν
1593 3183 1706 3245 τοῖς
1751 3184 1923 3238 ἀπαν-

343 3252 484 3342 ταχῆ
515 3251 607 3304 τὸν
637 3252 779 3308 θεῖόν
821 3274 879 3310 τε
926 3260 1019 3312 καὶ⁵
1051 3264 1316 3334 σωτήριον
1346 3265 1522 3332 λόγον.
1594 3273 1702 3326 Καὶ
1736 3275 1868 3342 γοῦν
1893 3279 1921 3330 δ

345 3340 634 3441 θεσπέσιος
660 3347 872 3413 Παῦλος
891 3393 905 3414 ,
948 3354 1044 3405 ἆτε
1076 3354 1139 3424 δὴ
1171 3357 1305 3426 πρὸς
1335 3359 1641 3434 ἀποστολὴν
1666 3340 1758 3420 διά
1785 3371 1920 3441 Χρι-

346 3434 472 3488 στοῦ
525 3444 1058 3512 προκεχειρισμένος,
1087 3447 1324 3514 τοιοῦτός
1374 3470 1458 3517 τις
1507 3457 1637 3525 ἡμῖν
1682 3434 1921 3528 γεγονὼς

345 3530 700 3597 κατεφαίνετο
720 3573 734 3594 ,
780 3535 872 3588 καὶ
897 3536 985 3590 διὰ
1007 3539 1106 3609 τῆς
1151 3542 1210 3594 ἐν
1241 3542 1450 3608 τούτοις
1481 3547 1730 3619 ἀνδρείας
1764 3553 1923 3623 ἐρχό-

349 3636 510 3689 μενος
535 3623 728 3691 δρᾶται
759 3625 1036 3691 πολλάκις.
1068 3631 1191 3684 Ὅτι
1217 3633 1325 3706 γάρ
1355 3637 1449 3688 καὶ
1480 3637 1781 3705 φιλοδοξίας
1816 3660 1917 3696 κα-

343 3716 636 3805 ταφρονεῖν
656 3715 792 3785 ᾤετο
816 3718 944 3781 δεῖν,
972 3720 1188 3790 ἀλογεῖν
1207 3724 1262 3777 δὲ
1287 3727 1489 3798 σφόδρα
1517 3730 1612 3783 καὶ
1637 3731 1918 3805 διωγμῶν,

344 3802 584 3857 ἐποιεῖτο
625 3806 682 3858 δέ
714 3809 841 3879 περὶ
869 3809 1063 3863 πολλοῦ
1085 3851 1100 3874 ,
1153 3814 1248 3866 καὶ
1276 3815 1337 3868 τὸ
1375 3817 1450 3887 μὴ
1491 3819 1611 3871 λίαν
1640 3802 1918 3891 ἐκκακεῖν,

345 3893 440 3945 καὶ
473 3893 530 3945 εί
558 3896 658 3947 πού
694 3913 834 3960 τινες
867 3899 1004 3963 ὅλως
1031 3901 1122 3955 τὸν
1151 3903 1297 3968 ἅπαξ
1327 3907 1510 3972 αὐτοῖς
1543 3911 1920 3988 ἐγκατεσπαρ-

350 3985 512 4054 μένον
545 3988 605 4040 οὐ
642 3991 1007 4061 παρεδέξαντο
1039 3996 1215 4064 λόγον,
1245 3999 1427 4070 ῥᾴδιον
1459 4004 1745 4070 ἐπιδεῖξαι.
1780 3985 1921 4082 Γρά-

349 4092 435 4170 φει
464 4078 574 4149 γὰρ
600 4082 735 4151 πρός
765 4100 940 4148 τινας*
999 4105 1017 4136 ι
1057 4086 1248 4156 Ὑμεῖς
1289 4090 1541 4162 φρόνιμοι
1590 4095 1650 4147 ἐν
1675 4078 1918 4170 Χριστῷ,

345 4169 509 4262 ipsi;
539 4171 595 4224 δὲ
637 4177 812 4245 μωροὶ
854 4175 941 4229 διά
969 4179 1232 4249 Χριστόν⁶
1281 4182 1441 4250 ἡμεῖς
1473 4185 1738 4252 ἀσθενεῖς,
1764 4191 1923 4262 ὑμεῖς

2028 3108 2087 3153 ιιι
2116 3100 2468 3167 Splendorem
2515 3107 2569 3153 et
2610 3098 2837 3168 gloriam
2886 3098 3076 3153 mundi
3124 3107 3348 3168 superet
3379 3107 3597 3167 propter

2022 3193 2228 3248 Christi
2247 3192 2610 3245 mandatum?
2641 3189 2939 3245 Strenuum
2970 3198 3151 3244 autem
3179 3189 3232 3242 iu
3254 3189 3596 3258 persecutio-

2022 3284 2185 3338 nibus
2213 3283 2454 3337 animum
2487 3281 2782 3352 praeferens
2811 3282 2989 3334 aiebat
3018 3298 3030 3334 :
3090 3297 3108 3331 ι
3140 3279 3276 3346 Quis
3308 3293 3411 3333 nos
3440 3293 3598 3348 sepa-

2021 3375 2165 3429 rabit
2199 3389 2228 3428 a
2259 3374 2528 3428 charitate
2556 3371 2801 3427 Christi?
2828 3371 3136 3426 Tribulatio
3155 3411 3169 3436 ,
3206 3385 3276 3425 an
3303 3370 3556 3441 angustia
3578 3407 3593 3432 ,

2022 3481 2090 3520 au
2120 3475 2427 3536 persecutio
2450 3505 2464 3526 ,
2501 3480 2567 3518 an
2603 3465 2774 3520 fames
2805 3505 2820 3527 ,
2872 3479 2939 3518 an
2973 3461 3196 3518 nuditas
3221 3503 3235 3527 ,
3279 3476 3346 3515 an
3379 3463 3595 3532 pericu-

2023 3558 2170 3622 lum,
2205 3572 2272 3610 an
2312 3556 2614 3628 gladius‘?
2651 3574 2669 3607 ι
2709 3555 2849 3620 Quin
2885 3554 3049 3608 etiam
3087 3555 3152 3607 ad
3198 3553 3336 3608 alios
3364 3552 3593 3606 scribit:

2028 3669 2046 3702 ι
2085 3648 2284 3703 Eadem
2317 3649 2474 3704 vobis
2514 3648 2698 3702 dicere
2724 3687 2739 3710 ,
2785 3646 2920 3700 mihi
2947 3645 3169 3716 quidem
3204 3660 3311 3699 non
3344 3645 3593 3714 pigrum,

2021 3742 2178 3796 vobis
2217 3749 2400 3796 autem
2451 3740 2824 3796 necessarium
2854 3738 2896 3793 '.
2937 3757 2955 3790 ι
3009 3736 3116 3792 Sed
3158 3745 3211 3790 et
3254 3736 3320 3790 ad
3372 3734 3594 3790 Galatas

2021 3816 2283 3902 praeterea
2315 3851 2328 3887 :
2376 3851 2394 3884 ι
2425 3831 2604 3885 Filioli
2629 3831 2734 3885 mei
2766 3870 2780 3894 ,
2810 3845 2949 3898 quos
2975 3830 3172 3882 iterum
3205 3827 3468 3896 parturio,
3493 3824 3590 3878 do-

2022 3937 2124 3978 nec
2153 3921 2419 3976 formetur
2443 3919 2697 3975 Christus
2725 3919 2780 3972 in
2810 3917 2966 3973 vobis
2987 3917 3061 3969 ⁸.»
3096 3915 3269 3970 Audis
3298 3931 3406 3984 quo
3431 3922 3592 3984 pacto

2021 4017 2271 4072 eumdem
2308 4015 2536 4084 impigre
2567 4027 2875 4068 sermonem
2906 4011 3140 4080 repetit,
3195 4008 3370 4079 primo
3401 4021 3593 4075 nempe

2022 4123 2134 4163 non
2163 4106 2408 4162 admisso
2436 4145 2451 4167 ,
2497 4115 2552 4160 et
2589 4119 2788 4159 rursus
2816 4105 2956 4158 alios
2987 4104 3259 4173 parturire
3288 4116 3344 4155 se
3369 4101 3466 4164 ait,
3495 4099 3594 4152 do-

2024 4215 2125 4255 nec
2167 4200 2222 4253 in
2267 4199 2347 4253 eis
2397 4197 2654 4253 formatio
2683 4197 2888 4252 Christi
2916 4195 3242 4251 elucescat?
3277 4191 3468 4247 Sermo
3501 4206 3596 4242 au-

345 4258 405 4358 as
433 4261 677 4358 ἰσχυροί·
715 4269 876 4336 ἡμεῖς
911 4267 1124 4338 ἄτιμοι,
1174 4269 1332 4341 ὑμεῖς
1381 4273 1436 4326 δὲ
1470 4274 1693 4344 ἔνδοξοι.
1755 4258 1919 4356 ’Ᾰχρι

2027 4299 2135 4348 tem
2166 4290 2221 4344 id
2247 4289 2474 4344 omnino
2522 4297 2741 4358 praestat
2765 4328 2779 4352 ,
2829 4287 3110 4341 auditores
3139 4285 3205 4340 ad
3234 4284 3328 4338 Dei
3357 4297 3595 4336 amorem

345 4350 441 4420 τῆς
470 4352 593 4424 ἄρτι
634 4356 783 4428 ὥρας
814 4359 908 4412 καὶ
955 4359 1261 4430 πεινῶμεν,
1313 4363 1406 4416 καὶ
1449 4365 1714 4438 διψῶμεν.
1747 4389 1768 4425 ι
1814 4350 1925 4432 Καὶ

2031 4391 2083 4437 et
2117 4381 2184 4435 ad
2213 4379 2418 4436 Christi
2451 4350 2744 4449 imaginem
2767 4350 2866 4448 per
2893 4377 3051 4432 fidem
3091 4375 3420 4431 reformans.

346 4449 424 4502 ἔτι
451 4449 614 4503 πάλιν
640 4453 968 4547 att-1:061:th
989 4473 1000 4486 '
1043 4475 1061 4506 ι
1101 4457 1188 4520 Ὡς
1214 4459 1698 4529 περικαθάρματα,
1765 4474 1948 4539 φησὶν,
1991 4475 2329 4547 ἐγενήθημεν
2347 4474 2440 4528 τοῦ
2463 4474 2690 4546 κόσμου,
2707 4474 2923 4528 πάντων
2941 4471 3227 4543 περίψημα
3279 4468 3384 4532 ἕως
3404 4468 3546 4538 ᾶρτι-
3573 4485 3590 4518 ³

357 4546 522 4639 ’θρξέ
546 4546 697 4639 δπῳς
720 4542 787 4615 ἦν
821 4547 1068 4611 εὐκλείας
1094 4549 1331 4618 ἀμείνων
1370 4557 1642 4625 κοσμικῆς
1659 4595 1674 4618 ς
1715 4558 1804 4614 διὰ
1822 4564 1920 4636 τὴν
1957 4542 2050 4622 τού
2073 4542 2324 4639 Σωτῆρος
2346 4542 2594 4636 ἐντολήνξ
2616 4567 2690 4620 Τὸ
2716 4567 2772 4620 δέ
2799 4542 3042 4636 γενναῖον
3065 4566 3122 4618 ἐν
3182 4563 3440 4632 διωγμοῖς
3497 4563 3594 4630 ἐμ·

347 4636 588 4730 ιρανίξων
621 4637 810 4730 ἕλεγεβ
850 4657 869 4690 ι
902 4639 996 4703 Τίς
1023 4641 1168 4710 ἡμᾶς
1189 4643 1412 4713 χωρίσει
1476 4645 1583 4698 ἀπὸ
1646 4648 1745 4716 τῆς
1797 4653 2016 4729 ἀγάπης
2051 4659 2145 4713 τοῦ
2175 4636 2445 4730 Χριστοῦ;
2494 4657 2716 4727 Θλίψις,
2749 4657 2781 4727 ἢ
2810 4654 3168 4726 στενοχωρία,
3197 4654 3230 4724 ἢ
3263 4654 3528 4724 διωγμὸς,
3560 4653 3592 4724 ἦ

344 4729 520 4798 λιμὸς.
548 4728 580 4799 ἢ
614 4729 906 4800 γυμνότης.
939 4733 970 4801 ἢ
1007 4732 1321 4804 κίνδυνος,ἢ
1351 4735 1596 4806 μάχαιρα
1617 4754 1631 4803 ;
1653 4758 1671 4789 ι
1691 4741 1895 4814 Γράφει
1923 4728 1980 4802 δὲ
2003 4753 2096 4804 καὶ
2124 4728 2352 4820 ἑτέροις,
2383 4750 2463 4803 ὅτι
2485 4769 2503 4801 ι
2527 4750 2607 4803 Τὰ
2635 4748 2774 4802 αύτά
2800 4747 3001 4817 λέγειν,
3034 4747 3156 4818 ἐμοὶ
3185 4747 3282 4817 μὲν
3305 4747 3405 4799 οὐκ
3431 4749 3594 4815 ὀκνη-

348 4821 470 4890 ρὸν,
510 4822 638 4888 ὑμῖν
691 4821 744 4874 δὲ
797 4821 1056 4890 ἀσφαλές.
1090 4843 1107 4874 ι
1166 4823 1328 4878 Ἀλλά
1365 4826 1460 4878 καὶ
1526 4826 1794 4894 Γαλάταις
1856 4833 1936 4888 ἔτι
1965 4853 1979 4867 ·
2028 4857 2047 4890 ι
2080 4838 2281 4893 Τεκνία
2316 4855 2418 4908 μου
2469 4837 2563 4902 οὒς
2598 4836 2757 4891 πάλιν
2792 4837 3000 4901 ὠδίνω,
3035 4837 3189 4906 ἄχρις
3233 4828 3294 4888 οὗ
3333 4835 3594 4906 μορφωθῇ

343 4912 580 4983 Χριστὸς
609 4915 666 4964 ὲν
695 4913 842 4982 ὑμῖν.
875 4932 892 4964 ο
940 4913 1182 4979 Ἀκούεις
1207 4915 1355 4980 ὅπως
1377 4915 1680 4971 ἀοκνότατα
1708 4923 1806 4990 μὲν
1829 4925 1918 4981 τὸν
1956 4929 2116 4984 αὐτὸν
2157 4930 2451 4985 άνακυκλεῖ
2483 4931 2640 4998 λόγον
2659 4968 2673 4993 ,
2721 4929 2780 4981 οὑ
2835 4926 3265 4999 παραδεχθέντος
3332 4928 3438 4996 ἄρα
3498 4925 3593 4979 τοῦ

346 5003 584 5095 πρώτου,
621 5005 714 5057 καὶ
744 5006 800 5056 ἐν
832 5007 1028 5076 ἀρχαῖς
1061 5007 1366 5076 γεγονότος,
1400 5010 1496 5062 καὶ
1529 5007 1597 5064 αὖ
1627 5013 1812 5068 ὼδῖναί
1844 5035 1996 5086 τινας
2025 5021 2082 5078 εὖ
2133 5025 2278 5095 μάλα
2313 5025 2510 5095 φησὶν,
2542 5023 2700 5094 ἄχρις
2739 5023 2806 5076 ἂν
2868 5024 2925 5075 ἐν
2968 5021 3150 5084 αὐτοῖς
3211 5022 3244 5088 ἡ
3313 5019 3592 5089 μόρφωσις

345 5094 639 5166 ἀναλ-άμψῃ
686 5095 961 5165 Χριστοῦ;
998 5098 1168 5166 Λόγος
1196 5098 1252 5152 δὲ
1279 5097 1498 5163 πάντως
1561 5103 1590 5154 6
1648 5102 1840 5158 τούτου
1892 5094 2222 5185 δημιουρῨδς
2261 5094 2618 5168 ἀναπλάττων
2667 5113 2746 5175 εἰς
2797 5111 3075 5182 φιλοθεῖαν
3132 5108 3226 5162 καὶ
3299 5111 3378 5171 είς
3412 5107 3592 5160 εἰκόνα

344 5185 581 5258 Χριστοῦ
602 5185 691 5240 διὰ
713 5186 813 5256 τῆς
843 5187 1079 5251 πίστεως
1116 5189 1242 5252 τοὺς
1273 5190 1686 5262 ἀκροωμένους.

429 5278 605 5330 Ἀλλὰ
651 5279 838 5332 ταῦτα
879 5279 1076 5333 πάντα
1117 5280 1487 5346 ποιήσουσιν
1533 5284 1678 5354 ὑμῖν
1725 5285 1821 5341 διὰ
1853 5291 1918 5344 τὸ

345 5369 535 5438 ὄνομά
554 5388 696 5439 μου,
731 5369 820 5424 ὅτι
843 5372 954 5425 οὐκ
980 5371 1180 5428 οἴδασι
1208 5372 1315 5426 τὸν
1345 5373 1666 5443 πέμψαντά
1697 5396 1795 5447 με.

416 5459 528 5530 οὐχ
552 5460 747 5532 ἑτέραν
779 5460 996 5516 ἔσεσθαι
1027 5465 1138 5528 τοῖς
1163 5463 1440 5518 δυσσεϐεῖν
1467 5465 1744 5538 ἑλομένοις
1778 5472 1917 5527 κατὰ

435 5635 644 5691 'lCor.
671 5653 744 5702 ιν,
788 5639 866 5704 I0,
904 5640 982 5692 ll.
1062 5639 1237 5693 3lbid.
1279 5643 1358 5694 l3.

1455 5641 1471 5668 ‘
1497 5643 1650 5695 Rom.
1696 5660 1813 5706 vm,
1842 5645 1930 5699 55.

2096 5288 2214 5356 XV,
2254 5289 2342 5343 21.
2387 5289 2492 5345 Sed
2520 5291 2630 5344 hazc
2663 5289 2842 5344 omnia
2873 5289 3066 5358 facient
3098 5290 3239 5342 vobis
3267 5299 3476 5359 prapter
3505 5308 3593 5344 no-

2027 5397 2142 5434 men
2174 5397 2378 5445 meum,
2414 5383 2538 5449 quia
2573 5381 2812 5436 nesciunt
2845 5395 2963 5433 eum
3000 5378 3090 5450 qui
3126 5381 3272 5434 misit
3312 5396 3413 5436 me.

2096 5469 2316 5525 Nullum
2351 5472 2517 5526 alium
2553 5471 2622 5527 iis
2652 5472 2746 5540 qui
2782 5469 2834 5524 in
2869 5481 3092 5527 sanctos
3123 5471 3404 5542 apostolos
3428 5469 3590 5544 903

2015 5646 2287 5716 “Philipp.
2318 5664 2396 5711 ιιι,
2431 5649 2476 5701 Ι.
2557 5648 2574 5677 ⁶
2602 5647 2778 5703 Galat.
2815 5666 2887 5712 iv,
2923 5648 3010 5704 i9.
