4042 6204
456 265 559 319 ιειἹ
1493 265 1551 320 S.
1590 262 1865 321 CYRILLI
1902 258 2373 317 ALEXANDRINI
2412 258 2729 316 ARCHIEP.
3619 260 3725 317 408

454 380 622 450 impie
669 379 976 451 grassatori
1029 386 1189 435 erant
1244 387 1570 450 praetextum
1626 380 1743 434 fore
1792 378 1993 433 asserit

2093 400 2107 437 ι
2136 376 2243 430 τῶν
2276 378 2449 444 ἀγίων
2478 378 2795 431 ἀποστόλων
2822 376 3217 449 διῖσχυρίζεται
3254 379 3527 450 πρόφασιν
3547 420 3561 443 ,
3594 379 3629 452 ἦ
3664 380 3723 434 τὸ

451 486 616 539 quam
659 488 821 528 suum
865 473 1133 526 duntaxat
1175 487 1399 526 nomen.
1443 471 1675 525 Crimini
1716 472 1861 525 enim
1899 470 1992 523 illu

2136 470 2335 522 οἰκεῖον
2364 469 2534 540 ὄνομα
2564 470 2745 540 μόνον.
2776 470 3071 543 Ἔγκλημα
3103 470 3213 541 γὰρ
3238 472 3396 524 τοῦτο
3424 473 3537 535 τοῖς
3570 473 3714 526 σεϐο-

450 563 548 634 Dei
587 564 901 620 cultoribus
939 579 1001 617 ae
1037 564 1174 619 vitio
1206 563 1391 627 datur,
1425 571 1479 619 et
1512 579 1681 619 causa
1717 572 1804 619 est
1836 579 1937 618 cur
1967 580 1993 617 a

2138 562 2321 632 μένοις
2347 562 2499 627 Θεὸν,
2521 563 2617 615 καὶ
2642 562 2737 616 τοῦ
2767 561 3118 633 πολεμεῖσθαι
3143 564 3418 634 πρόφασις
3442 563 3594 635 παρὰ
3614 565 3719 619 τῶν

451 656 523 710 iis
560 655 956 726 impugnantur
983 656 1077 727 qui
1120 671 1228 711 non
1268 664 1474 710 norunt
1516 657 1719 727 ipsum.
1757 655 1893 711 Cum
1938 671 2032 708 au—

450 756 557 802 tem
596 749 948 804 manifestum
996 750 1067 805 sit
1110 749 1369 803 omnibus
1415 750 1692 805 neminem
1728 749 2030 819 quidquam

448 840 566 894 sine
601 841 859 896 mercede
896 856 1191 910 passurum
1230 847 1461 911 prepter
1524 841 1694 897 Deum
1750 840 2035 910 (illustris

446 936 594 989 enim
636 936 921 1006 proposita
972 936 1135 991 nobis
1168 942 1251 992 est
1290 934 1567 1004 corona),
1606 935 1673 989 ad
1714 936 1883 990 animi
1918 935 2029 989 vir-

444 1037 615 1084 tutem
649 1045 847 1086 rursus
877 1031 1155 1095 hortatur,
1186 1046 1251 1087 ac
1282 1030 1555 1085 malorum
1589 1031 1890 1085 tolerantes
1918 1028 2029 1083 elli-

442 1121 557 1185 cit,
590 1123 982 1179 retributionis
1015 1139 1112 1193 spe
1140 1138 1333 1180 eorum
1359 1138 1481 1193 quae
1503 1131 1897 1193 exspectantur
1921 1122 2026 1176 im-

441 1212 772 1280 probitatem
804 1215 1111 1286 depellens.
1142 1214 1383 1272 Lucrum
1414 1216 1582 1287 igitur
1610 1214 1852 1271 ostendit
1877 1229 2023 1279 esse,

437 1314 494 1359 et
528 1308 831 1375 optandmn
882 1323 1101 1379 quoque
1142 1308 1325 1379 ipsum
1376 1307 1724 1379 periculum,
1774 1313 1830 1363 et
1876 1308 2029 1378 quod

440 1396 521 1450 rel
561 1398 677 1453 sola
717 1400 1135 1469 exspectatione
1186 1398 1443 1455 terribile
1490 1398 1824 1470 quibusdam
1876 1406 2019 1461 erat,

446 1487 547 1543 hoc
580 1491 730 1545 omni
772 1498 916 1546 metu
952 1491 1175 1562 quidem
1213 1490 1447 1557 liberat,
1480 1490 1729 1562 illudque
1762 1491 2021 1561 amplecti

447 1576 704 1634 hortatur
730 1594 865 1635 suos
897 1578 1226 1650 discipulos.
1262 1579 1421 1637 Unde
1450 1596 1575 1636 cum
1612 1582 1668 1636 in
1700 1578 2019 1637 Judaaorum

442 1672 669 1740 impium
698 1674 995 1728 concilium
1027 1673 1160 1728 olim
1192 1673 1496 1731 introducti
1525 1674 1792 1739 fuissent,
1819 1685 1877 1733 et
1900 1677 2018 1749 pla-

2133 656 2232 708 ούκ
2263 654 2482 708 εἰδότων
2517 654 2697 710 αὐτόν.
2749 656 3025 726 Προδήλου
3060 656 3117 708 δέ
3162 656 3332 719 ὅντως
3376 656 3608 718 ἅπασιν,
3643 658 3718 722 ώς

2131 751 2231 803 οὐκ
2264 751 2327 805 ἄν
2361 767 2445 814 τις
2480 750 2673 820 ἀμισθὶ
2705 750 2868 804 πάθοι
2909 768 2963 803 τι
3014 750 3103 805 διὰ
3131 751 3266 805 Θεὸν
3300 751 3574 822 (λαμπρὸς
3608 754 3717 823 γὰρ

2132 840 2224 893 ἐπὶ
2246 841 2462 905 τούτοις
2502 841 2858 913 προκείσεται
2904 840 3214 912 στέφανος),
3237 843 3522 913 ἐπιτρέπει
3554 844 3715 898 πάλιν

2131 937 2209 997 είς
2237 934 2564 1004 εὐτολμίαν,
2614 935 2709 988 καὶ
2742 935 3069 1007 καρτερικὸν
3103 936 3397 1007 ἐργάζεται
3432 938 3709 1009 φρόνημα.

2126 1030 2192 1098 τῇ
2234 1027 2333 1096 τῆς
2369 1029 2602 1098 ἀμοιϐῆς
2630 1028 2844 1092 ἐλπίδι,
2889 1028 2991 1098 τὴν
3034 1030 3099 1082 ἐκ
3131 1028 3241 1082 τῶν
3274 1028 3494 1083 ἔσεσθαι
3538 1048 3711 1102 προσ-

2125 1119 2451 1190 δοκωμένων
2500 1120 2801 1192 μοχθηρίαν
2840 1120 3304 1192 ἀποκρουόμενος.
3373 1122 3577 1193 Κέρδος
3618 1121 3712 1177 οὖν

2125 1209 2329 1276 ἔδειξε,
2385 1212 2479 1264 καὶ
2531 1211 2683 1274 τέλος
2734 1211 2901 1281 εὐχῆς
2944 1211 3037 1265 καὶ
3083 1211 3217 1265 αὐτὸ
3257 1211 3319 1266 τὸ
3358 1212 3563 1274 δεινὸν,
3614 1216 3711 1268 καὶ

2123 1302 2259 1373 ὅπερ
2290 1298 2358 1373 ἦν
2390 1302 2523 1367 ἴσως
2563 1302 2979 1375 καταναρκῆσαί
3010 1320 3160 1368 τινας
3179 1343 3194 1368 ,
3244 1306 3337 1359 καὶ
3369 1306 3533 1376 μόνον
3555 1306 3708 1376 ἥξειν

2124 1393 2525 1465 προσδοκηθὲν,
2572 1393 2734 1448 τοῦτο
2757 1394 3015 1466 δείματος
3061 1396 3162 1467 μὲν
3205 1396 3537 1453 ἀπαλλάττει
3566 1418 3707 1453 παν-

2119 1487 2231 1550 τὲς,
2271 1485 2593 1556 προσίεσθαι
2620 1504 2679 1540 τε
2714 1486 2808 1540 καὶ
2838 1487 2960 1541 λίαν
2988 1486 3242 1559 ἀσμένως
3271 1488 3555 1544 ἀναπείθει
3578 1494 3711 1557 τοὺς

2121 1578 2387 1648 μαθητάς.
2430 1579 2541 1633 Καὶ
2561 1577 2693 1648 γοῦν
2716 1578 3132 1651 εἰσκεκλημένοι
3172 1580 3304 1635 ποτέ
3334 1581 3473 1653 πρὸς
3503 1582 3564 1637 τὸ
3591 1584 3709 1638 τῶν

2132 1669 2399 1724 Ἰουδαίων
2415 1669 2630 1724 ἀνόσιον
2654 1669 3055 1743 βουλευτήριον,
3076 1673 3168 1726 καὶ
3188 1672 3431 1744 πληγαῖς
3449 1675 3511 1729 τὸ
3538 1676 3700 1747 σῶμα

430 1763 513 1830 gis
564 1779 628 1819 ac
672 1766 999 1823 verberibus
1038 1765 1221 1823 all'ecti
1257 1778 1487 1839 propter
1532 1767 1855 1836 Christum,
1902 1747 1993 1825 ex.

2116 1760 2508 1832 κατῃκισμένοι
2557 1760 2647 1815 διὰ
2673 1761 2942 1832 Χριστὸν,
2982 1762 3212 1835 ἐξῄεσαν
3248 1764 3359 1818 ἀπὸ
3401 1764 3707 1839 προσώπου-

435 1857 618 1911 ierunt
649 1873 681 1913 e
715 1867 1014 1929 conspectu
1059 1861 1284 1916 concilii
1318 1862 1643 1932 gaudentes,
1666 1869 1726 1918 ut
1741 1864 2009 1935 scriptum

429 1953 515 2000 est
540 1985 556 2009 ,
592 1947 856 2016 quoniam
895 1948 1048 2020 digni
1087 1950 1258 2005 habiti
1292 1958 1482 2007 essent
1509 1967 1609 2024 pro
1642 1956 1870 2011 nomine
1902 1955 2011 2011 Do-

431 2038 565 2093 mini
602 2040 994 2097 contnmeliam
1036 2043 1149 2113 pati
1204 2043 1246 2099 ".
1291 2042 1432 2110 Quin
1479 2052 1535 2100 et
1583 2045 1746 2102 nobis
1796 2046 2009 2102 idcirco

428 2130 703 2198 patienter
734 2147 899 2204 agere
927 2134 1156 2203 jubent,
1195 2150 1297 2191 nec
1331 2151 1571 2193 maerore
1603 2139 1800 2195 conﬁci
1822 2180 1838 2205 ,
1875 2141 2006 2197 licet

427 2224 585 2278 triste
610 2224 875 2293 quiddam
905 2237 1165 2282 occurrat
1195 2236 1420 2298 propter
1447 2229 1752 2287 Christum.
1784 2251 1804 2284 ι
1834 2232 2005 2288 Nemo

421 2315 570 2369 enim
600 2324 843 2372 vestrum
876 2320 1143 2389 patiatur,
1190 2321 1403 2391 inquit,
1452 2330 1513 2377 ut
1560 2323 1836 2380 homicida
1860 2364 1876 2388 ,
1907 2334 2003 2382 aut

423 2407 531 2473 fur,
565 2417 660 2464 aut
693 2411 1017 2481 maleﬁcus;
1051 2415 1100 2470 si
1133 2422 1318 2471 autem
1359 2423 1420 2470 ut
1458 2415 1847 2482 Christianus,
1890 2434 1999 2475 non

418 2500 757 2569 erubescat;
795 2504 1067 2575 gloriﬁcet
1106 2514 1290 2562 autem
1331 2505 1503 2563 Deum
1554 2510 1610 2565 in
1661 2511 1772 2567 isto
1818 2512 1998 2568 nomi-

419 2606 488 2645 ne
522 2591 563 2647 ⁸.
600 2611 618 2644 ι
651 2591 1055 2652 Suavissimum
1101 2597 1273 2669 igitur
1304 2606 1391 2654 est
1429 2600 1541 2671 pati
1580 2609 1806 2673 propter
1837 2601 1998 2660 Chri-

417 2689 598 2746 stum,
651 2692 706 2740 et
760 2684 923 2742 dulce
971 2688 1323 2757 periculum,
1371 2705 1497 2745 cum
1546 2691 1668 2762 ejus
1720 2693 1996 2751 inferendi

415 2784 587 2829 causa
620 2782 707 2830 est
733 2790 861 2847 erga
892 2775 1064 2833 Deum
1094 2778 1338 2835 dilectio.
1377 2777 1517 2836 Vide
1545 2790 1729 2839 autem
1764 2798 1879 2855 quo
1905 2800 1996 2856 pa-

415 2872 508 2917 cto
533 2867 698 2920 etiam
728 2865 820 2922 hic
849 2884 1046 2924 rursus
1077 2869 1376 2925 ostendens
1404 2872 1643 2942 seipsum
1674 2889 1845 2930 unum
1870 2891 1995 2934 esse

414 2969 540 3010 cum
576 2971 678 3012 suo
703 2955 867 3015 Patre
887 2998 903 3023 ,
929 2957 1150 3017 Iudaeos
1178 2961 1261 3016 vel
1286 2963 1610 3035 quicunque
1642 2968 1991 3037 persecuturi

413 3051 545 3099 sunt
578 3044 787 3102 Christi
821 3048 1064 3106 nominis
1102 3065 1390 3122 praecones
1411 3092 1427 3118 ,
1464 3070 1567 3111 nec
1598 3055 1814 3114 Patrem
1836 3099 1852 3125 ,
1885 3075 1990 3116 nec
2017 3093 2061 3151 ο

414 3133 612 3190 Filium
630 3152 965 3207 cognoscere
980 3141 1146 3198 dicat.
1166 3142 1346 3201 Patris
1364 3145 1512 3201 enim
1532 3162 1664 3203 osor
1683 3156 1769 3205 est
1794 3153 1989 3221 procul

410 3227 580 3284 dubio
634 3230 960 3301 quicunque
1007 3231 1206 3289 Filium
1247 3234 1697 3295 inhonorandum
1749 3243 1987 3307 statuit,

410 3336 523 3377 non
550 3325 708 3394 quasi
743 3325 797 3379 in
828 3326 992 3380 aliam
1020 3341 1263 3398 peccans
1289 3337 1546 3385 naturam
1566 3370 1582 3395 ,
1606 3332 1702 3388 sed
1730 3333 1784 3387 in
1810 3333 1985 3405 ipsam

410 3415 681 3469 naturalis
715 3415 940 3473 deitatis
971 3416 1296 3489 dignitatem
1326 3424 1768 3481 contumeliosus
1799 3425 1985 3482 insur-

408 3519 565 3574 gens.
597 3504 708 3561 Nec
736 3509 883 3564 enim
919 3510 1214 3580 quisquam
1260 3511 1465 3581 injuria
1516 3513 1719 3570 Filium
1773 3518 1988 3576 allicere

408 3606 691 3666 arguetur,
718 3599 763 3653 si
790 3597 973 3655 Patris
996 3609 1253 3657 naturam
1280 3615 1603 3661 revereatur
1628 3626 1641 3662 :
1675 3609 1769 3679 qui
1798 3621 1980 3667 autem

408 3688 560 3742 novit
586 3689 849 3759 quidnam
883 3700 1010 3747 actu
1052 3693 1121 3749 sit
1164 3692 1348 3759 Pater,
1381 3699 1656 3765 quomodo
1688 3716 1751 3754 ex
1794 3702 1981 3768 seipse

404 3778 663 3843 genuisse
694 3781 1068 3851 ignoraverit?
1105 3784 1177 3839 At
1213 3785 1341 3855 quis
1381 3788 1623 3857 plantam
1666 3806 1774 3847 non
1808 3794 1981 3848 viola-

403 3869 518 3935 bit,
551 3872 646 3939 qui
686 3875 1017 3943 productum
1050 3891 1119 3930 ex
1147 3892 1209 3932 ea
1241 3877 1484 3934 fructum
1515 3882 1849 3939 violaverit?
1874 3886 1980 3940 Ar-

401 3967 721 4022 gumentum
774 3962 945 4034 igitur
995 3965 1351 4021 manifestum
1402 3978 1489 4024 est
1539 3986 1665 4026 eum
1720 3973 1978 4045 ignorare

396 4045 615 4103 Patrem
655 4050 751 4120 qui
785 4061 974 4121 peccat
1006 4053 1058 4108 in
1100 4053 1322 4111 Filimn.
1357 4057 1493 4113 Cum
1526 4072 1709 4117 autem
1746 4048 1854 4119 non
1888 4067 1975 4123 di-

396 4139 542 4192 xerit
597 4138 686 4194 hic
718 4159 730 4195 :
770 4162 787 4193 ι
833 4141 971 4209 Quia
1004 4146 1259 4201 nesciunt
1286 4166 1305 4198 ι
1339 4146 1558 4205 Patrem
1593 4169 1772 4210 meum
1804 4196 1819 4221 ,
1877 4160 1972 4215 sed

401 4249 419 4283 ι
450 4246 574 4285 eum
610 4233 705 4304 qui
742 4234 893 4293 misit
930 4252 1046 4302 me,
1080 4257 1100 4291 ι
1132 4240 1239 4296 tale
1265 4240 1400 4311 quid
1446 4243 1788 4303 subinnuerc
1836 4251 1974 4308 velle

394 4322 574 4391 ipsum
608 4325 851 4383 arbitror
896 4345 909 4381 :
943 4344 1146 4401 scopus
1185 4333 1234 4388 ei
1277 4344 1419 4399 erat,
1464 4343 1522 4390 ut
1554 4337 1799 4405 videtur,
1823 4342 1972 4401 clare

2110 1850 2206 1905 τοῦ
2234 1852 2511 1926 συνεδρίου
2540 1853 2855 1926 χαίροντες,
2903 1854 3043 1909 κατά
3068 1856 3131 1910 τὸ
3160 1859 3549 1930 γεγραμμένον
3567 1903 3583 1927 ,
3612 1862 3707 1916 ὅτε

2110 1944 2531 2018 κατηξιώθησαν
2584 1947 2727 2020 ὑπὲρ
2771 1947 2866 2002 τοῦ
2898 1949 3162 2021 ὀνόματος
3197 1950 3289 2004 τοῦ
3321 1952 3529 2023 Κυρίου
3574 1955 3695 2009 ἀτι-

2111 2037 2412 2108 μασθῆναι.
2468 2039 2582 2093 Καὶ
2628 2040 2735 2112 μὴν
2763 2040 2861 2095 καὶ
2890 2042 3021 2113 ἡμῖν
3051 2043 3238 2108 αὐτοῖς
3271 2044 3570 2118 τληπαθεῖν
3597 2048 3694 2103 ἐπὶ

2104 2126 2282 2199 τούτῳ
2304 2127 2706 2182 διακελεύονται
2749 2130 2976 2202 σφόδρα,
3003 2133 3468 2203 καταστυγνάζειν
3495 2136 3553 2190 δὲ
3581 2155 3690 2210 μη-

2103 2218 2325 2289 δαμῶς,
2370 2219 2476 2274 κᾶν
2504 2219 2664 2293 εἴπερ
2708 2220 2846 2285 ὅλως
2870 2221 2981 2276 τῶν
3012 2223 3255 2297 ἀνιαρῶν
3280 2243 3332 2280 τι
3357 2226 3573 2299 προσίοι
3598 2229 3692 2283 διὰ

2102 2311 2357 2382 Χριστόν.
2405 2331 2424 2363 ι
2459 2312 2551 2384 Μὴ
2585 2312 2694 2387 γάρ
2723 2330 2809 2377 τις
2846 2314 3013 2384 ὑμῶν»
3047 2317 3335 2387 πασχέτω,
3369 2320 3564 2389 φησὶν,
3610 2321 3690 2386 ὡς

2101 2404 2315 2472 φονεὺς.
2352 2402 2385 2475 ἢ
2415 2403 2677 2476 κλέπτης,
2711 2403 2745 2475 ἢ
2781 2405 3076 2470 κακοποιός
3100 2422 3114 2435 ·
3150 2407 3201 2461 εί
3225 2406 3281 2461 δὲ
3317 2407 3393 2472 ὡς
3422 2411 3683 2481 Χριστιαα

2100 2492 2219 2557 νὸς,
2279 2491 2353 2564 μὴ
2381 2494 2751 2565 αἰσχυνέσθω,
2797 2492 3070 2561 δοξαζέτω
3098 2497 3157 2551 δέ
3182 2497 3275 2551 τὸν
3303 2498 3438 2553 Θεὸν
3485 2500 3578 2555 ἐπὶ
3604 2501 3693 2573 τῷ

2097 2585 2320 2658 ὀνόματι
2362 2586 2552 2659 τούτῳ.
2578 2606 2596 2638 ι
2632 2587 2889 2642 ’Ἥδιστον
2926 2584 3029 2643 οὖν,
3058 2589 3169 2662 ἀρα
3217 2591 3281 2644 τὸ
3325 2592 3557 2664 πάσχειν
3594 2593 3686 2648 διὰ

2096 2679 2332 2750 Χριστὸν
2351 2721 2365 2743 ,
2411 2679 2507 2733 καὶ
2533 2679 2739 2748 γλυκὺς
2768 2680 2799 2734 ό
2838 2678 3114 2745 κίνδυνος.
3160 2682 3290 2737 ὃταν
3315 2682 3415 2759 Em
3442 2683 3543 2755 τῆς
3579 2686 3684 2754 ἑφ-

2094 2770 2214 2825 όδου
2237 2770 2337 2843 τὴν
2363 2770 2638 2842 πρόφασιν
2678 2769 2740 2836 ἐξ
2767 2770 2990 2843 ἀγάπης
3020 2770 3122 2842 τῆς
3170 2774 3251 2837 είς
3275 2772 3429 2829 Θεόν.
3485 2774 3681 2843 ’Δθρει

2093 2862 2151 2916 δὲ
2180 2865 2331 2928 ὅπως
2364 2862 2467 2917 κάν
2508 2861 2682 2935 τούτῳ
2723 2862 2787 2935 δὴ
2821 2863 2987 2919 πάλιν
3030 2864 3352 2930 ἀναδεικνὺς
3395 2866 3589 2921 ἐαυτὸν
3617 2866 3680 2920 ἓν

2094 2954 2233 3027 πρὸς
2258 2954 2350 3009 τὸν
2381 2954 2578 3009 ἑαυτοῦ
2605 2954 2847 3027 Πατέρα,
2881 2955 2957 3028 μὴ
2988 2956 3188 3012 εἰδέναι
3215 2957 3351 3029 φησὶ
3381 2959 3511 3022 τοὺς
3548 2960 3687 3012 Ἴου-

2092 3045 2298 3111 δαίους,
2325 3047 2445 3118 ἦτοι
2475 3046 2602 3112 τοὺς
2637 3045 2850 3115 διώξειν
2884 3048 3179 3119 μέλλοντας
3201 3091 3214 3113 ,
3268 3051 3395 3115 τοὺς
3422 3050 3584 3120 οἵπερ
3606 3048 3685 3104 ἂν

2093 3130 2203 3189 εἶεν
2238 3135 2300 3190 τὸ
2331 3135 2570 3208 Χριστοῦ
2610 3135 3011 3209 πρεσϐεύοντες
3035 3137 3228 3210 ὄνομα,
3260 3140 3400 3211 μήτε
3426 3139 3518 3194 τὸν
3553 3141 3668 3194 Πα-

2090 3226 2247 3299 τέρα,
2282 3229 2419 3300 μήτε
2441 3228 2534 3282 τὸν
2553 3229 2700 3283 Υίόν.
2724 3230 3062 3302 Μισοπάτωρ
3087 3232 3197 3303 γὰρ
3223 3232 3675 3304 ὁμολογουμένως

2089 3319 2118 3372 ὁ
2145 3320 2343 3389 χρῆναι
2385 3319 2493 3373 δεῖν
2525 3320 2814 3391 ἀτιμάζειν
2865 3322 3112 3394 οἰόμενος
3142 3323 3235 3377 τὸν
3265 3324 3394 3378 Υἱὸν
3415 3366 3428 3385 .
3468 3327 3567 3397 οὐχ
3592 3326 3671 3389 ὡς

2088 3412 2168 3475 είς
2203 3410 2395 3481 ἑτέραν
2444 3411 2501 3464 δὲ
2547 3412 2791 3484 δηλονότι
2837 3412 3240 3487 πλημμελήσας
3293 3415 3455 3485 φύσιν
3480 3457 3495 3481 ,
3550 3417 3668 3472 ἀλλ’

2086 3502 2166 3564 είς
2199 3502 2331 3555 αὐτὸ
2367 3501 2428 3556 τὸ
2467 3503 2568 3574 τῆς
2614 3503 2757 3558 κατά
2797 3505 2960 3573 φύσιν
3013 3505 3267 3577 θεότητος
3317 3509 3670 3581 ἐμπαροινῶν

2085 3592 2322 3665 ἀξίωμα.
2371 3594 2507 3647 Οὐδὲ
2546 3594 2655 3667 γὰρ
2698 3595 2764 3651 ἂν
2804 3597 2921 3668 ἥλω
2967 3615 3052 3663 τις
3101 3598 3400 3671 ἐξυϐρίζων
3440 3603 3523 3665 εἱς
3572 3602 3669 3654 τὸν

2084 3683 2247 3748 Υίὸν,
2283 3687 2333 3738 εί
2366 3686 2467 3757 τὴν
2498 3686 2595 3741 τοῦ
2631 3687 2847 3759 Πατρὸς
2880 3690 3205 3762 ἐδυσωπήθη
3237 3691 3400 3760 φύσιν
3425 3707 3437 3719 ·
3494 3694 3665 3761 ἐγνω-

2084 3775 2196 3840 κὼς
2221 3776 2277 3831 δὲ
2313 3778 2451 3843 ὅλως
2492 3778 2545 3832 τί
2573 3782 2694 3834 κατ’
2718 3782 2998 3854 ἐνέργειάν
3030 3785 3178 3837 ἐστιν
3211 3786 3239 3837 ὁ
3275 3783 3494 3856 Πατὴρ,
3544 3786 3669 3849 πῶς

2080 3869 2350 3940 ἠγνόησεν
2394 3872 2476 3925 ὅτι
2524 3873 2855 3943 γεγέννηκεν
2880 3873 2941 3940 ἐξ
2984 3874 3224 3942 ἐαυτοῦς
3274 3872 3408 3930 Εἶτα
3455 3877 3537 3941 τίς
3561 3877 3663 3948 οὐχ

2080 3960 2291 4031 ύϐρίσει
2324 3962 2384 4016 τὸ
2415 3964 2580 4033 φυτὸν
2598 4005 2613 4031 ,
2643 3965 2736 4020 τὸν
2766 3964 2825 4031 ἐξ
2852 3966 3019 4021 αὑτοῦ
3054 3969 3383 4038 γεννηθέντα
3408 3970 3664 4024 κακύνων

2079 4055 2331 4125 καρπόν;
2371 4057 2621 4125 Ἀγνοίας
2660 4053 2753 4113 οὖν
2789 4058 2900 4131 ἀρα
2926 4062 3027 4131 τῆς
3062 4062 3144 4125 εἰς
3178 4062 3271 4116 τὸν
3300 4063 3521 4133 Πατέρα
3559 4062 3658 4117 καὶ

2075 4145 2210 4201 Θεὸν
2237 4146 2511 4212 ἀπόδειξις
2527 4149 2628 4203 οὐκ
2654 4150 2959 4221 ἀμφίλογος
2980 4154 3015 4223 ἡ
3031 4155 3111 4219 είς
3129 4155 3221 4207 τὸν
3242 4156 3369 4209 Υίὸν
3391 4158 3654 4228 ἁμαρτία.

2089 4238 2307 4311 Ἐπειδὴ
2336 4240 2511 4294 δὀὐκ
2535 4240 2638 4314 ἔφη
2662 4244 2802 4306 νυνὶ,
2832 4244 2989 4299 «Ὅτι
3010 4246 3110 4300 οὐκ
3134 4247 3337 4302 οἴδασι»
3366 4249 3460 4303 τὸν
3487 4250 3663 4304 Πατέ-

2078 4353 2145 4408 ρα
2175 4354 2299 4407 μου,
2322 4336 2459 4391 ἀλλά
2493 4357 2512 4390 ι
2539 4337 2632 4394 τὸν
2657 4340 2953 4412 πέμψαντά
2984 4359 3072 4412 με,
3109 4363 3127 4395 ι
3164 4344 3310 4398 δοκῶ
3333 4362 3384 4399 τι
3414 4344 3661 4399 τοιοῦτον

394 4414 687 4471 ostendere
711 4433 809 4473 eos
839 4418 938 4489 qui
966 4419 1276 4491 discipulos
1307 4437 1439 4479 suos
1469 4429 1726 4498 persequi
1760 4438 1971 4489 statue-

2093 4428 2236 4483 ιύτὸν
2259 4429 2671 4487 ὑπαινίττεσθαι
2702 4433 2903 4488 θέλειν⁶
2934 4436 3163 4503 Σκοπὸς,
3196 4438 3273 4502 ώς
3300 4439 3476 4493 ἔοικεν
3505 4441 3660 4512 αύτῷ

395 4516 551 4574 rent,
592 4508 868 4577 duplicem
910 4512 1323 4581 quodammodo
1363 4515 1493 4571 hinc
1537 4520 1655 4575 suis
1693 4524 1974 4593 capitibus

392 4598 605 4667 culpam
647 4612 952 4659 arcessere.
989 4602 1393 4673 Propemodum
1426 4608 1573 4663 enim
1608 4611 1774 4685 904
1811 4616 1970 4685 igno-

392 4702 516 4743 rare
551 4687 767 4744 Patrem
804 4707 983 4747 meum
1019 4693 1540 4765 deprchendemur,
1574 4716 1755 4771 neque
1785 4706 1966 4762 solum

389 4780 690 4849 impietatis
722 4781 847 4850 jure
876 4785 1299 4850 convincentur,
1337 4789 1441 4843 sed
1467 4797 1522 4845 et
1560 4792 1733 4861 ipsam
1777 4794 1870 4853 Dei
1901 4814 1966 4856 ac

387 4871 569 4928 Patris
601 4872 932 4943 sapientiam
975 4875 1232 4935 incusare
1262 4878 1482 4936 demum
1523 4888 1959 4955 comperientur.

388 4962 445 5016 Si
475 4963 621 5018 enim
651 4964 935 5034 proprium
970 4963 1170 5022 Filium
1203 4969 1270 5023 ad
1308 4972 1601 5043 erigendos
1636 4975 1855 5046 lapsos,
1893 4981 1963 5036 ad

385 5057 767 5113 restituendos
802 5058 1074 5115 contritos
1100 5067 1156 5115 et
1178 5063 1345 5118 vitam
1373 5066 1696 5124 hominibus
1721 5070 1963 5127 dandam

384 5144 639 5211 miserit,
676 5146 752 5200 illi
786 5162 920 5203 vero
951 5160 1236 5221 opponant
1287 5169 1380 5220 se,
1428 5159 1751 5215 resistendo
1794 5163 1963 5233 impie

382 5234 454 5292 iis
483 5237 575 5306 qui
610 5245 691 5291 tot
722 5239 989 5297 bonorum
1037 5253 1324 5300 auctorem
1374 5249 1675 5317 praedicare
1719 5254 1952 5324 volunt,

379 5326 661 5395 quomodo
696 5344 806 5384 non
842 5333 990 5389 clare
1018 5337 1419 5392 convincentur
1454 5341 1617 5395 etiam
1676 5343 1953 5404 adversari

380 5417 430 5472 ei
462 5417 555 5487 qui
588 5434 675 5473 me
707 5420 905 5477 misit?
935 5423 1070 5480 Nam
1102 5428 1348 5483 mittendi
1380 5431 1552 5486 verbo
1585 5441 1765 5489 totum
1791 5441 1954 5497 nobis

381 5510 779 5567 incarnationis
804 5517 1130 5585 mysterium
1155 5520 1449 5591 signiﬁcat.
1480 5521 1584 5591 Qui
1618 5536 1797 5583 autem
1826 5546 1949 5587 eum

445 5686 608 5742 'Act.
640 5703 691 5756 ν,
721 5688 810 5745 41.
885 5688 1116 5748 'chtr.
1166 5710 1217 5762 ν,
1264 5696 1348 5753 15.

2070 4522 2198 4585 τοὺς
2246 4521 2309 4575 τὸ
2356 4520 2575 4577 διώκειν
2618 4525 3040 4597 ἐπιτηδεύοντας
3083 4531 3211 4594 τοὺς
3257 4532 3657 4604 ἀνακειμένους

2067 4613 2247 4685 αὐτῷ,
2281 4613 2507 4669 διπλοῦν
2533 4615 2723 4689 ὥσπερ
2754 4619 3004 4674 ἐντεῦθεν
3033 4621 3094 4674 τὸ
3119 4624 3497 4695 παρανόμημα
3531 4628 3656 4689 ταῖς

2065 4704 2274 4758 ἑαυτῶν
2306 4707 2662 4778 ἐπαρτῶντας
2687 4710 2949 4780 κεφαλαῖς
2972 4712 3267 4783 άπελέγξαι
3293 4716 3495 4786 σαφῶς.
3532 4717 3654 4770 Μό-

2063 4814 2161 4851 νον
2177 4798 2287 4870 γάρ
2310 4799 2431 4870 οὐχὶ
2451 4801 2769 4870 ἀγνοοῦντες
2787 4803 3086 4861 ἁλώσονται
3114 4807 3206 4861 τὸν
3229 4808 3288 4875 ἐξ
3314 4804 3483 4880 οὗπερ
3508 4810 3648 4879 εἰμὶ,

2060 4889 2182 4943 οὐδὲ
2224 4890 2392 4962 μόνην
2436 4893 2537 4964 τὴν
2565 4894 2654 4948 ἐπ’
2696 4895 2951 4968 ἀθεότητι
2989 4897 3171 4970 ψῆφον
3214 4899 3653 4971 ἁποκομιοῦνται

2058 4981 2304 5048 δικαίως,
2323 4984 2459 5040 ἀλλά
2480 4986 2591 5059 γάρ
2615 4989 2709 5043 καὶ
2728 4990 2865 5062 αὐτῇ
2894 4991 3080 5046 λοιπὸν
3111 4995 3474 5065 ἐπιτιμῶντες
3496 4997 3650 5067 εὐρε-

2059 5074 2316 5146 θήσονται
2347 5080 2414 5150 τῇ
2462 5080 2622 5153 σοφίᾳ
2651 5082 2746 5135 τοῦ
2792 5082 2928 5137 Θεοῦ
2983 5086 3078 5140 καὶ
3117 5085 3351 5158 Πατρός.
3424 5088 3491 5141 El
3537 5088 3652 5160 γὰρ

2057 5165 2271 5238 έπεμψε
2304 5169 2403 5239 μὲν
2433 5170 2523 5224 τὸν
2550 5172 2680 5226 ῐδιον
2714 5173 2846 5228 Υίὸν
2885 5176 3188 5249 ὲγεροῦντα
3219 5178 3281 5231 τὸ
3312 5179 3643 5251 ώλισθηκὸς,

2061 5258 2459 5314 ἀνακαινοῦντα
2491 5262 2552 5316 τὸ
2583 5266 3043 5337 συντετριμμένον
3063 5308 3077 5331 ,
3130 5268 3551 5339 κατορθώσοντά
3579 5287 3641 5323 τε

2059 5352 2173 5413 τοῖς
2202 5352 2261 5405 ἐν
2303 5353 2493 5426 κόσμῳ
2520 5354 2618 5427 τὴν
2653 5355 2830 5429 ζωὴν,
2883 5358 3241 5428 ἀντεξάγουσι
3277 5362 3377 5431 μὲν
3412 5362 3642 5425 ἐκεῖνοι,

2061 5442 2157 5495 καὶ
2184 5443 2609 5515 ἀντιπράττουσι
2640 5449 2916 5514 δυσσεϐῶς
2966 5453 3080 5514 τοῖς
3117 5452 3500 5524 διακηρύττειν
3525 5452 3646 5507 ἐθέ-

2060 5535 2210 5589 λουσι
2239 5535 2329 5590 τὸν
2350 5538 2541 5595 τούτου
2577 5541 2929 5614 κατορθωτὴν
2947 5584 2961 5607 ,
3002 5542 3120 5608 πῶς
3155 5545 3217 5598 ού
3245 5544 3367 5598 λίαν
3396 5542 3645 5617 ἐναργῶς
