4042 6204
328 302 432 357 ιον

1402 306 1472 364 ΙΝ
1508 307 1798 367 JOANNIS
1839 312 2291 372 EVANGELIUM
2339 314 2465 369 LIB.
2510 314 2577 368 Χ.

3480 313 3584 370 “0

323 420 658 491 ἠγνοηκότες
680 421 982 476 ἁλώσονται
1010 424 1103 477 καὶ
1144 424 1292 495 αὑτῷ
1326 428 1625 498 μαχόμενοι
1652 427 1729 498 τῷ
1760 429 1905 499 πέμ-

2020 433 2231 502 ignorat
2260 433 2354 503 qui
2393 433 2578 498 misit,
2619 432 2783 486 simul
2816 432 2977 486 etiam
3019 432 3186 487 Deum
3227 432 3483 502 ignorat,
3532 441 3586 487 et

320 510 485 579 φαντί
508 529 575 581 με
603 529 618 569 ;
642 513 740 565 Διά
766 512 873 582 γάρ
903 512 997 566 τοῦ
1027 514 1364 583 πέμπεσθαι
1396 517 1596 585 λέγειν,
1622 518 1750 589 ὃλην
1772 523 1904 590 ἡμῖν

2012 523 2299 578 missionis
2334 526 2639 579 contemnit
2674 525 3020 595 mysterium.

321 601 420 669 τῆς
453 600 591 670 μετά
622 596 822 673 σαρκὸς
848 604 1158 673 οἰκονομίας
1189 608 1488 676 εἰσκομίζει
1519 608 1617 677 τὴν
1642 608 1894 678 δήλωσιν.
1946 610 2005 665 Ὀ
2033 612 2091 666 δὲ
2121 614 2405 684 ἠγνοηκὼς
2438 615 2532 668 τὸν
2599 614 2891 687 πέμψαντα
2915 655 2930 679 ,
2989 614 3083 668 καὶ
3145 615 3277 667 Θεὸν
3324 615 3589 686 ἠγνόηκεν

327 694 379 745 ἐν
402 695 617 764 ταυτῷ,
655 695 748 748 καὶ
776 696 835 748 τὸ
857 696 956 766 τῆς
982 698 1286 768 ἀποστολῆς
1308 700 1563 771 ἀτιμάζει
1588 704 1907 773 μυστήριον.

398 791 467 842 El
497 789 583 857 μὴ
616 789 931 858 ἧλθον,καί
946 790 1225 859 ἐλάλησα
1251 793 1455 859 αὐτοῖς
1487 795 1783 863 ἁμαρτίαν
1804 798 1917 849 οὐκ

320 880 613 948 εἴχοσαν-
652 880 768 935 νῦν
805 881 873 934 δὲ
914 884 1217 952 πρόφασιν
1250 885 1361 938 οὐκ
1403 883 1617 953 ἔχουσι
1649 886 1917 955 περὶτῆς

325 974 615 1042 ἁμαρτίας
645 973 865 1029 αὐτῶν.

396 1066 530 1136 Διχῆ
570 1066 791 1137 νοητέον
813 1066 871 1118 τὸ
904 1067 968 1119 ἐκ
1001 1065 1108 1119 τῶν
1139 1067 1519 1137 προκειμένων
1551 1068 1917 1139 ύποδηλούμε-

326 1174 438 1209 νον.
489 1158 553 1209 Εἰ
590 1157 699 1227 γὰρ
738 1157 904 1211 οἴοιτό
938 1175 1021 1220 τις
1052 1158 1213 1227 τυχὸν
1243 1159 1378 1230 πρὸς
1422 1159 1694 1231 Ἕλληνάς
1723 1179 1780 1213 τε
1820 1161 1915 1214 καὶ

339 1247 634 1311 Ἰουδαίους
666 1248 755 1299 τὸν
781 1248 874 1301 ἐπὶ
899 1247 1074 1319 τούτῳ
1102 1249 1355 1317 γενέσθαι
1385 1250 1542 1317 λόγον
1564 1293 1577 1315 ,
1609 1252 1782 1305 ἐκεῖνό
1812 1269 1914 1318 φα-

331 1356 455 1408 μεν,
482 1338 556 1403 ὡς
582 1340 631 1391 εἰ
658 1340 731 1411 μὴ
771 1339 1015 1408 ἐγεγόνει
1043 1341 1179 1410 πρὸς
1210 1342 1455 1406 ἅπαντας
1480 1344 1605 1405 τοὺς
1634 1343 1792 1406 ὄντας
1820 1345 1914 1396 ἐπὶ

327 1433 432 1502 τῆς
461 1435 566 1503 γῆς
596 1432 656 1485 τὸ
695 1433 837 1485 Θεῖόν
864 1450 923 1486 τε
957 1433 1050 1486 καὶ
1077 1433 1327 1504 οὐράνιον
1354 1434 1615 1504 κήρυγμα
1639 1476 1654 1496 ,
1680 1435 1823 1503 φημὶ
1852 1433 1916 1505 δὴ

330 1525 396 1577 τὸ
430 1524 805 1593 εύαγγελικδν,
842 1525 1236 1596 παραδεικνύον
1266 1525 1481 1595 ἑκάστῳ
1511 1526 1608 1595 τῆς
1639 1525 1911 1595 σωτηρίας

335 1615 436 1685 τὴν
467 1616 618 1683 ὁδὸν,
671 1616 765 1670 καὶ
791 1616 860 1671 τά
889 1617 987 1687 τῆς
1012 1616 1360 1687 δικαιοσύνης
1384 1616 1520 1687 ἔργα
1553 1616 1910 1670 καταλευκαῖ-

334 1725 427 1762 νον
447 1747 464 1771 ,
492 1703 561 1779 ἦν
592 1706 661 1762 ἄν
686 1708 817 1771 ἴσως
845 1707 1061 1779 ἑκάστῳ
1083 1708 1238 1777 λόγος
1264 1708 1363 1761 οὐκ
1396 1708 1625 1779 ἀσθενὴς
1649 1709 1728 1770 εἰς
1766 1724 1910 1777 παρ-

2086 793 2201 851 XV.
2245 794 2336 849 2‘2.
2381 795 2440 850 Si
2471 813 2570 849 non
2601 797 2847 849 renissem
2873 835 2887 855 ,
2914 804 2963 848 el
2995 796 3202 848 locatus
3232 795 3448 865 fuissem
3476 799 3581 856 eis.

2014 899 2291 957 peccatum
2335 907 2436 942 non
2477 890 2774 943 haberent:
2811 905 2948 943 nunc
2985 899 3161 942 autent
3196 890 3588 943 excusationem

2013 995 2115 1032 non
2143 979 2338 1032 habent
2366 980 2430 1033 de
2454 991 2669 1047 peccaro
2695 996 2810 1032 suo.

2089 1069 2387 1139 Dupliciter
2424 1070 2513 1123 hic
2549 1071 2702 1124 locus
2745 1070 3140 1139 intelligendus
3190 1078 3295 1125 est.
3355 1069 3411 1124 Si
3464 1070 3589 1139 quis

2013 1162 2157 1217 enim
2218 1162 2401 1215 forsan
2444 1163 2723 1215 existimet
2763 1162 2827 1214 ad
2870 1161 3093 1217 Graecos
3128 1170 3182 1217 et
3219 1160 3438 1216 Judmos
3477 1162 3590 1215 haec

2015 1255 2175 1308 verba
2217 1255 2491 1322 pertinere
2515 1295 2529 1312 .
2567 1255 2802 1307 dicimus
2833 1254 2979 1322 quod
3016 1255 3122 1308 nisi
3159 1254 3222 1306 ad
3258 1270 3448 1307 omnes
3476 1270 3591 1305 om-

2013 1345 2147 1399 nino
2182 1345 2435 1400 homines
2472 1345 2659 1399 divina
2691 1353 2743 1399 et
2775 1346 3017 1399 rmlestis
3050 1345 3398 1415 przediratio.
3428 1360 3591 1396 evan-

2017 1438 2189 1506 gelica
2225 1438 2479 1490 nimirum
2505 1478 2521 1501 ,
2555 1438 2696 1490 facta
2727 1445 2907 1501 esset,
2950 1437 3256 1492 ostendens
3292 1436 3592 1504 unicuique

2016 1528 2163 1581 viam
2221 1529 2456 1588 salutis,
2509 1536 2562 1580 et
2610 1528 2842 1593 justTtize
2876 1543 3041 1597 opera
3090 1528 3409 1595 explicans,
3447 1537 3590 1579 esset

2018 1619 2205 1674 forsan
2241 1620 2461 1673 virtutis
2495 1619 2976 1687 contemptoribus
3025 1619 3404 1673 excusationis
3452 1620 3593 1670 ratio

2018 1728 2127 1767 non
2195 1712 2449 1774 infirma,
2499 1711 2646 1781 quod
2712 1711 2932 1781 penitus
2992 1711 3247 1779 ignorent
3300 1711 3432 1780 quid
3482 1709 3591 1761 DN)

332 1800 554 1872 αίτησιν
575 1800 685 1855 τῶν
723 1801 785 1855 ού
819 1800 1023 1872 σφόδρα
1048 1799 1448 1872 φιλεργούντων
1494 1802 1574 1863 εἰς
1600 1799 1836 1872 ἀρετὴν,
1873 1800 1907 1870 ἡ

2020 1804 2242 1873 placeat,
2290 1802 2523 1871 ideoque
2559 1802 2773 1855 veniam
2807 1808 2989 1869 petere
3036 1800 3269 1869 possint.
3320 1800 3455 1853 Cum
3492 1814 3590 1850 au-

330 1886 443 1940 τῶν
485 1888 830 1960 ἀρεσκόντων
872 1889 992 1959 Θεῷ
1038 1889 1309 1958 παντελὴς
1355 1889 1601 1959 ἀμαθία·
1635 1889 1808 1962 ταύτῃ
1834 1906 1914 1943 τοι

334 1975 667 2048 συγγνώμης
703 1975 983 2043 ἀξιοῦσθαι
1016 1980 1374 2052 παρακαλεῖν.
1436 1980 1657 2051 Ἐπειδὴ
1687 1980 1743 2034 δὲ
1778 1980 1917 2053 πρὸς

334 2070 584 2135 ἃπαντας
613 2072 643 2125 ό
667 2072 766 2142 τῆς
795 2071 1133 2141 εἰσηγήσεως
1174 2069 1333 2139 λόγος
1361 2069 1696 2141 πεποίηται,
1743 2068 1826 2133 τίς
1848 2068 1914 2123 ἂν

334 2163 423 2233 εἴη
462 2163 647 2217 λοιπὸν
694 2163 725 2217 ό
755 2162 855 2234 τῆς
896 2162 1282 2233 παραιτήσεως
1320 2160 1514 2229 λόγος,
1566 2160 1598 2231 ἢ
1629 2160 1802 2225 ποίοις
1848 2159 1915 2214 ἂν

336 2252 601 2327 χρήσαιτό
642 2270 724 2317 τις
750 2258 885 2323 πρὸς
914 2251 1006 2305 τὸν
1028 2250 1279 2323 κρίνοντα
1312 2250 1490 2320 λόγοις
1509 2291 1523 2313 ,
1560 2252 1654 2304 ἐπὶ
1687 2252 1800 2314 τοῖς
1829 2251 1914 2303 αἱ·

338 2346 580 2417 σχίστοις
631 2344 769 2414 μετά
807 2346 905 2412 τὴν
943 2342 1146 2412 γνῶσιν
1190 2342 1710 2416 κατηγορούμενος;
1756 2344 1819 2396 Ei
1858 2342 1916 2396 δέ

336 2437 468 2509 περὶ
497 2436 674 2507 μόνων
704 2434 853 2504 λέγοι
876 2434 1025 2489 τουτὶ
1045 2435 1153 2487 τῶν
1199 2433 1466 2488 Ἰουδαίων
1498 2437 1526 2489 ὁ
1558 2434 1786 2506 Κύριος,
1820 2433 1915 2487 ἅτε

334 2529 401 2601 δὴ
440 2528 534 2582 καὶ
563 2527 822 2592 πολλάκις
852 2528 1282 2599 ἀκροασαμένων
1319 2526 1681 2591 διδάσκοντος,
1710 2526 1803 2580 καὶ
1827 2525 1917 2579 ού-

333 2621 425 2676 δέν
448 2620 796 2692 ὴγναηκότων
824 2619 935 2673 τῶν
954 2620 1055 2675 ὅσα
1083 2619 1460 2675 διεκελεύσατο
1487 2621 1704 2691 φρονεῖν
1734 2636 1793 2672 τε
1821 2617 1917 2673 καὶ

334 2713 494 2786 δρᾷν,
529 2711 721 2784 ἐκδέξῃ
748 2712 995 2766 τοιῶσδε·
1025 2712 1138 2784 Τῆς
1171 2712 1270 2783 μὲν
1301 2711 1571 2782 ὑμετέρας
1587 2711 1687 2765 οὐκ
1711 2710 1919 2775 ἀνέξον-

335 2822 428 2859 ται
455 2803 833 2867 διδαικαλίας,
879 2805 1076 2875 φησὶν,
1127 2803 1407 2859 ἐποίσουσι
1444 2803 1501 2857 δὲ
1552 2803 1914 2874 πειρασμοὺς,

337 2896 436 2952 καὶ
453 2896 747 2967 διωγμοὺς,
761 2896 856 2950 καὶ
873 2897 980 2950 πᾶν
1001 2891 1139 2960 εἶδος
1160 2895 1291 2966 ὑμῖν
1308 2896 1461 2968 ἐννοή
1470 2912 1620 2949 σουσι
1645 2894 1915 2965 δορύδων,

340 2990 437 3043 καὶ
477 2990 559 3052 είς
603 2990 758 3059 μῖσος
801 2987 984 3043 ἄδικον
1025 2990 1089 3041 ἐκ
1143 2986 1371 3059 πικρίας
1425 2985 1916 3057 ἀνακαυθήσονται,

340 3079 726 3151 πλημμέλημα
757 3080 856 3151 μὲν
886 3078 1040 3134 οὐδὲν
1066 3077 1276 3149 ἔχοντες
1308 3080 1482 3132 εἰπεῖν
1504 3118 1519 3143 ,
1557 3076 1917 3147 ἐγκαλοῦντες

2018 1902 2124 1947 tem
2160 1890 2429 1947 doctrina:
2461 1907 2643 1946 sermo
2675 1890 2740 1945 ad
2774 1905 2970 1946 omnes
3006 1890 3310 1961 pertineat,
3340 1904 3591 1958 quaenam

2017 1984 2233 2039 demmn
2271 1986 2373 2039 erit
2416 1983 2721 2040 excusandi
2776 1983 2959 2044 ratio.
3010 1991 3105 2036 aut
3154 1982 3361 2052 quibus
3414 1981 3594 2036 verbis

2016 2077 2158 2146 apud
2193 2076 2442 2133 Iudicem
2494 2085 2735 2141 utemur,
2789 2076 3245 2145 turpissimarum
3295 2075 3591 2129 criminum

2016 2179 2143 2240 post
2195 2169 2570 2241 cognitionem
2620 2169 2934 2240 postulati?
2969 2166 3126 2234 Quod
3175 2167 3220 2221 si
3273 2165 3341 2220 de
3388 2164 3595 2219 Judaeis

2016 2265 2229 2313 tantum
2267 2260 2371 2313 hoc
2400 2259 2551 2312 dicat
2580 2257 2881 2320 Dominus.
2911 2264 3104 2326 utpote
3151 2257 3245 2327 qui
3297 2270 3445 2325 saepe
3497 2255 3594 2308 do-

2018 2358 2234 2405 centem
2267 2350 2449 2419 ipsum
2487 2350 2818 2415 audierant,
2853 2349 3107 2419 nihilque
3143 2348 3476 2420 ignorabant
3498 2363 3595 2402 eo-

2018 2456 2138 2494 rum
2170 2456 2292 2510 qua:
2327 2440 2534 2496 sentire
2565 2448 2661 2494 aut
2696 2440 2874 2495 facere
2894 2440 3176 2509 jnsserat,
3211 2441 3268 2495 in
3296 2440 3444 2495 hunc
3475 2456 3595 2496 mo-

2016 2529 2146 2585 dum
2177 2530 2454 2600 accipies:
2480 2528 2731 2585 Vestram
2766 2529 3074 2585 doctrinam
3105 2544 3215 2584 non
3262 2529 3465 2596 ferent,
3509 2530 3597 2583 in-

2016 2628 2157 2700 quit,
2193 2625 2288 2681 sed
2336 2626 2669 2680 tentationes
2697 2633 2752 2680 et
2782 2625 3201 2696 persecutiones
3249 2625 3594 2687 excitabant,

2014 2727 2067 2773 et
2095 2717 2306 2771 nullmn
2340 2730 2447 2771 non
2485 2715 2723 2785 lapidem
2751 2716 2804 2768 in
2830 2731 2925 2769 vos
2967 2715 3288 2776 movebunt,
3314 2722 3369 2769 et
3397 2715 3589 2785 iniquo

2017 2810 2072 2864 in
2121 2824 2219 2865 vos
2260 2808 2531 2865 ardebant
2579 2807 2744 2876 odio,
2792 2808 2926 2862 nihil
2972 2809 3123 2863 aliud
3169 2809 3391 2863 crimini
3437 2810 3598 2866 vobis

2018 2889 2246 2964 dantes,
2282 2901 2389 2956 nisi
2423 2899 2569 2970 quod
2605 2915 2692 2954 me
2720 2900 2987 2972 diligatis.
3025 2896 3133 2954 Sed
3168 2897 3596 2955 furiosissimam

2019 3005 2173 3047 suam
2204 2991 2591 3049 crudelitatem
2636 2990 2766 3045 fuco
2799 2991 3091 3045 verborum
3126 2998 3408 3061 tegentes,
3443 3000 3498 3046 et
3533 2992 3600 3045 li—

2019 3083 2225 3139 bidinis
2255 3097 2368 3139 suae
2421 3068 2683 3153 probrum
2717 3081 3026 3150 diluentes,
3069 3080 3263 3136 Mosen
3310 3083 3500 3154 utique
3547 3093 3602 3138 et

338 3168 395 3227 δὲ
444 3172 614 3244 μόνην
647 3171 868 3243 ἀγάπην
896 3172 995 3244 τὴν
1042 3173 1123 3236 είς
1154 3172 1274 3243 ἐμέ.
1316 3170 1819 3241 Κατασοφιζόμενοι
1858 3169 1917 3223 δὲ

2020 3175 2259 3231 Mosaica
2317 3176 2574 3231 mandata
2626 3174 2949 3242 proferent,
3001 3189 3069 3229 ac
3125 3178 3323 3247 patriis
3382 3177 3598 3248 legibus

340 3262 531 3336 ὥσπερ
551 3265 651 3334 τῆς
680 3264 890 3318 ἐαυτῶν
922 3264 1177 3328 ἀπονοίας
1209 3263 1305 3337 τὴν
1327 3265 1607 3336 ὠμότητα,
1638 3262 1815 3318 καὶτὸ
1852 3264 1918 3317 ἐκ

337 3358 441 3427 τῆς
472 3355 802 3428 ἡδυπαθείας
848 3352 1036 3427 αἶσχος
1089 3355 1545 3427 ἁποτριδόμενοι,
1606 3354 1813 3410 Μωσέα
1853 3354 1918 3425 δὴ

340 3447 563 3512 πάντως
606 3445 1003 3519 προδαλοῦνται
1047 3446 1141 3500 καὶ⁵
1163 3446 1231 3500 τά
1266 3447 1531 3510 Μωσέως,
1563 3444 1918 3511 συνασπίζειν

337 3540 396 3595 δὲ
422 3540 615 3610 ῶσπερ
652 3540 766 3596 τοῖς
797 3537 1069 3612 πατρῴοις
1094 3539 1513 3608 ὐποκρινοῦνται
1538 3537 1724 3608 νόμοις
1747 3553 1762 3569 ο
1802 3537 1920 3592 ἀλλ’

339 3634 389 3687 εί
432 3631 534 3703 μὲν
576 3631 651 3702 μὴ
682 3626 852 3684 ἐλθὼν
884 3633 983 3703 τῆς
1019 3631 1106 3685 διὰ
1133 3630 1376 3693 Μωσέως
1422 3629 1641 3700 ἐντολῆς
1684 3630 1744 3683 οὐ
1777 3647 1921 3701 παρ-

341 3724 521 3788 έδειξα
550 3723 619 3776 τά
644 3721 911 3793 βελτίονα,
940 3724 988 3774 εἰ
1012 3722 1085 3793 μὴ
1109 3722 1194 3775 διὰ
1222 3720 1432 3775 πολλῶν
1456 3720 1633 3792 πεπλη
1644 3721 1922 3793 ροφόρηκα

339 3812 533 3881 λόγων,
556 3812 633 3875 ὼς
662 3809 745 3881 εἴη
781 3812 877 3881 μὲν
898 3811 1000 3882 ἤδη
1028 3810 1216 3880 καιρὸς
1252 3808 1319 3862 τὰ
1346 3811 1402 3862 ἐν
1428 3808 1583 3881 τύπῳ
1616 3809 1923 3881 παρελάσαι

340 3905 546 3961 ὶοιπδν.
568 3905 662 3957 καὶ
674 3905 755 3957 ὅτι
770 3901 1064 3974 σχημάτων
1084 3903 1181 3973 μὲν
1196 3902 1313 3965 ἆλις
1330 3903 1420 3956 καὶ
1439 3903 1595 3967 σκιᾶς
1606 3944 1618 3963 .
1635 3902 1753 3974 ῶρα
1764 3902 1820 3956 δὲ
1835 3904 1926 3957 αύο

340 3997 438 4067 τὴν
457 3995 773 4065 ἀναλάμψαι
796 3994 1170 4067 τὴννάλήθειαν
1190 4012 1201 4025 ’
1229 3996 1278 4048 εί
1296 3997 1372 4066 μὴ
1387 3993 1544 4048 τοῦτο
1569 3996 1661 4049 καὶ
1681 3995 1739 4061 ἐξ
1758 3994 1923 4049 αὐτοῦ

274 4086 291 4093 ’
341 4092 553 4160 δέδειχα
574 4087 1086 4160 νόμου,σαλςέστατα
1103 4087 1277 4155 λέγων
1295 4104 1308 4117 ·
1339 4105 1356 4138 ι
1382 4088 1445 4140 Ei
1466 4086 1777 4141 ἐπιστεύετε
1797 4089 1924 4141 Μω-

347 4187 447 4248 σεῖ,
469 4179 782 4236 ἐπιστεύετε
807 4179 873 4235 ἂν
895 4179 1019 4250 ἐμοί
1040 4197 1052 4209 ·
1086 4179 1214 4249 περὶ
1242 4179 1351 4249 γὰρ
1376 4177 1510 4248 ἐμοῦ
1532 4180 1736 4241 ἐκεῖνος
1757 4178 1923 4250 ἐγρα-

342 4276 460 4343 ψεν·
491 4294 512 4328 ι
538 4276 588 4327 εἰ
621 4273 695 4346 μὴ
721 4275 840 4337 ταῖς
866 4271 975 4325 τῶν
1012 4270 1305 4341 προφητῶν
1332 4271 1660 4342 μαρτυρίαις
1691 4271 1924 4343 συνῳδὸν

344 4366 518 4433 ἔδειξα
536 4366 627 4420 τὸν
650 4363 887 4435 ἐμαυτοῦ
902 4361 1080 4430 λόγον,
1098 4362 1195 4415 καὶ
1221 4363 1319 4431 τῆς
1339 4361 1480 4432 ἐμῆς
1500 4362 1803 4433 παρουσίας
1822 4362 1923 4433 τὴν

345 4454 571 4526 δύναμιν
595 4453 994 4528 προρῤηθεῖσάν
1010 4470 1066 4506 τε
1084 4452 1182 4524 ἤδη
1203 4452 1294 4505 καὶ
1312 4469 1446 4523 κεκη
1456 4454 1749 4524 ρυγμέψιγν⁹
1766 4453 1922 4525 ἔσχον

346 4548 410 4602 ἃν
440 4548 698 4619 ἀφορμὰς
724 4547 975 4614 εὐλόγους
1004 4545 1103 4614 τῆς
1135 4544 1255 4597 κατ’
1290 4543 1424 4613 ἐμοῦ
1469 4544 1564 4597 καὶ
1604 4544 1759 4614 ὑμῶν
1791 4546 1924 4598 ἀπο-

351 4639 511 4698 νοίας.
555 4635 773 4707 Ἐπειδὴ
808 4636 864 4688 δὲ
896 4633 1322 4704 παραλέλειπται
1365 4633 1464 4703 μὲν
1498 4633 1671 4701 οὐδὲν,
1704 4634 1920 4708 εἴρηται

345 4731 399 4784 δὲ
428 4732 608 4796 ἅπαν,
668 4731 791 4783 ὅσον
828 4725 964 4803 ἧκεν
995 4729 1167 4782 εἰπεῖν
1204 4730 1497 4797 ἀναγκαῖον
1520 4769 1535 4792 ,
1589 4730 1828 4793 εἰκαῖος,
1862 4727 1921 4793 ὃς

344 4824 528 4887 αὐτοῖς
572 4823 653 4883 εἰς
684 4821 957 4891 πρόφασιν
1004 4819 1423 4891 ἐπινοηοήσεται
1454 4821 1611 4890 λόγος
1639 4820 1740 4890 τῆς
1777 4819 1921 4874 οὕτω

347 4914 560 4985 γυμνῆς
590 4911 884 4984 ἁμαρτίας.
926 4911 1143 4980 Ταύτην
1178 4904 1332 4982 οἶμαι
1365 4911 1477 4965 δεῖν
1518 4915 1633 4977 τοῖς
1672 4911 1766 4966 τοῦ
1805 4913 1920 4965 Σω-

346 5006 508 5075 τῆρος
544 5004 724 5071 λόγοις
768 5004 1080 5075 ἐφαρμόσαι
1123 5002 1244 5057 νυνι⁵
1281 5002 1379 5074 τὴν
1420 5004 1680 5061 διάνοιαν.
1724 5003 1922 5075 Ἀσύγ-

343 5112 562 5163 γνωστα
592 5096 650 5149 δὲ
686 5097 805 5160 ’τοῖς
841 5097 922 5157 είς
964 5094 1125 5149 αὑτὸν
1159 5094 1571 5167 πλημμελοῦσιν
1612 5097 1922 5162 ἐπιδεικνὺς

343 5186 412 5239 τά
443 5185 789 5257 ἐγκλήματα,
822 5188 916 5241 καὶ
946 5185 1376 5257 κολασθήσεσθαί
1405 5205 1536 5242 ποτε
1556 5188 1696 5253 ’τοὺς
1723 5190 1792 5245 τά
1816 5208 1926 5244 τοι-

343 5275 489 5328 αῦτα
515 5275 828 5345 τολμῶντας
859 5273 1032 5327 εἰπὼν
1054 5314 1070 5338 ,
1128 5277 1480 5346 παραιρεῖται
1527 5277 1627 5349 τῆς
1656 5276 1831 5347 λύπης
1860 5278 1921 5331 τὸ

341 5369 507 5422 πλέον
533 5371 628 5422 καὶ
656 5368 987 5422 ύποκλέπτει
1020 5366 1219 5439 σοφῶς,
1241 5369 1379 5441 ὅπερ
1408 5365 1477 5441 ἦν
1502 5370 1649 5435 εἰκὸς
1677 5372 1920 5426 ἀνιάσειν

340 5461 403 5514 οὐ
442 5459 678 5530 μετρίως
712 5459 928 5524 αὐτούς.
961 5459 1200 5530 Φορητδν
1240 5458 1350 5531 γὰρ
1393 5460 1506 5513 ἐσθ’
1535 5462 1624 5516 ὅτε
1656 5464 1770 5527 τοῖς
1810 5462 1923 5517 ἀδι-

346 5552 629 5618 κουμένοις
666 5552 768 5623 τὴν
810 5551 1122 5617 πλεονεξίαν
1164 5552 1493 5622 ἐργάζεται,
1545 5553 1609 5607 τὸ
1634 5553 1919 5626 ἀραρότως

425 5734 626 5794 ’Joan.
668 5755 719 5803 v,
752 5740 837 5795 46.
950 5744 992 5775 '°
1021 5737 1180 5805 Rom.
1221 5764 1319 5817 xu,
1354 5747 1438 5803 l9.

2021 3267 2425 3339 quodammodo
2473 3283 2534 3322 se
2587 3266 2923 3337 patrocinari
2978 3264 3335 3321 simulabant.
3395 3266 3597 3322 Verum

2023 3359 2132 3415 nisi
2182 3358 2250 3412 ad
2300 3372 2396 3413 eos
2444 3354 2723 3426 profectus
2769 3354 3016 3408 Mosaico
3061 3356 3318 3410 mandato
3370 3357 3597 3410 meliora

2022 3450 2367 3513 docuissem,
2423 3446 2525 3501 nisi
2579 3446 2772 3502 multis
2803 3445 2965 3516 905
3007 3444 3318 3503 rationibus
3364 3447 3600 3502 demon-

2022 3553 2286 3598 SIrassem
2318 3551 2532 3609 tempus
2560 3554 2682 3594 esse
2710 3539 2929 3595 demum
2962 3549 3020 3595 ut
3049 3539 3237 3609 ﬁgura:
3271 3548 3596 3606 transeant,

2023 3648 2323 3702 earumque
2357 3633 2494 3689 satis
2527 3632 2701 3688 fuisse
2758 3630 3027 3687 hactenus
3081 3640 3136 3688 et
3174 3630 3421 3686 umbrae:
3458 3641 3599 3686 tem-

2025 3741 2127 3797 pus
2159 3733 2339 3779 autem
2371 3740 2495 3780 esse
2531 3732 2590 3778 ut
2636 3725 2753 3794 ipsa
2801 3724 3006 3779 veritas
3050 3725 3298 3789 eluceat;
3345 3724 3452 3778 nisi
3497 3724 3600 3778 hoc

2023 3817 2189 3873 etiam
2224 3833 2290 3871 ex
2322 3817 2439 3886 ipsa
2490 3814 2609 3885 lege
2658 3816 3135 3869 demonstrassem
3166 3852 3182 3877 ,
3249 3812 3602 3882 apertissime

2025 3910 2217 3964 dicens
2246 3927 2260 3963 :
2290 3927 2310 3959 ‹
2346 3907 2402 3961 Si
2437 3906 2737 3961 crederetis
2772 3905 2983 3976 Moysi,
3022 3905 3327 3959 crederetis
3371 3904 3598 3957 forsitan

2024 4013 2079 4058 et
2113 4003 2279 4068 mihi;
2311 4001 2379 4056 de
2414 4016 2500 4055 me
2533 4000 2676 4055 enim
2713 4000 2805 4053 ille
2838 3998 3063 4069 scripsit
3091 3999 3144 4063 ⁹;
3172 4017 3190 4049 ι
3220 3997 3323 4051 nisi
3362 3997 3603 4068 prophe-

2024 4102 2203 4148 tarum
2239 4092 2570 4147 testimoniis
2611 4099 3043 4145 consentaneum
3079 4090 3388 4144 doctrinam
3426 4105 3599 4142 meam

2025 4185 2435 4250 ostendissem,
2494 4182 2711 4252 meique
2771 4182 3041 4237 adventus
3108 4181 3217 4234 vim
3278 4179 3599 4250 prmdictam

2024 4293 2145 4333 esse
2179 4291 2243 4331 ac
2278 4274 2734 4346 praznuntiatam:
2768 4273 3037 4355 haberent
3066 4287 3199 4325 sane
3230 4286 3454 4325 causam
3491 4279 3600 4321 tam

2024 4370 2080 4425 in
2128 4384 2213 4424 me
2242 4383 2406 4438 quam
2453 4367 2507 4420 in
2560 4381 2658 4421 vos
2711 4364 3054 4434 insurgendi.
3100 4362 3236 4418 Cum
3289 4370 3469 4415 autem
3522 4361 3601 4414 ni-

2028 4459 2103 4513 hil
2141 4456 2573 4530 przetermissum
2611 4455 2719 4521 sit,
2755 4454 2851 4509 sed
2899 4467 3243 4523 quaacunque
3287 4453 3603 4505 necessaria

2025 4559 2183 4604 erant
2216 4547 2466 4616 exposita
2506 4534 2744 4612 fuerint,
2784 4560 2923 4597 vana
2957 4554 3040 4598 est
3070 4558 3459 4614 quamcunque
3505 4542 3603 4595 de-

2020 4656 2168 4695 mum
2209 4640 2425 4693 allaturi
2466 4648 2594 4695 sunt
2635 4648 2749 4692 tam
2789 4636 2964 4707 aperti
3004 4634 3263 4690 criminis
3292 4634 3601 4689 excusatio.

2021 4732 2179 4788 Hunc
2208 4748 2340 4805 ergo
2373 4730 2684 4786 Servatoris
2711 4730 2895 4784 verbis
2922 4744 3147 4783 sensum
3182 4726 3606 4780 accouunodan-

2019 4828 2148 4882 dum
2173 4828 2433 4881 arbitror.
2460 4823 2818 4880 Ostendendo
2845 4836 2976 4877 vero
3008 4820 3214 4874 nullam
3247 4819 3363 4872 fore
3390 4819 3601 4870 veniam

2027 4914 2332 4970 sceleribus
2370 4914 2425 4968 in
2465 4914 2642 4982 ipsum
2694 4911 2980 4973 admissis,
3014 4917 3068 4965 et
3111 4908 3427 4979 quicunque
3475 4906 3601 4959 talia

2027 5005 2146 5059 ausi
2177 5002 2382 5059 fuerint
2412 5000 2712 5070 aliquando
2745 5001 2999 5071 punitum
3037 4999 3105 5053 iri
3130 5038 3144 5059 ,
3179 4998 3469 5050 maximam
3503 4994 3602 5047 do-

2029 5097 2160 5152 loris
2194 5106 2403 5166 partem
2452 5101 2667 5147 amovet
2715 5107 2779 5147 ac
2823 5093 3106 5163 sapienter
3152 5089 3411 5143 subducit
3453 5086 3600 5155 quod

2026 5203 2137 5243 non
2176 5187 2511 5241 mediocrem
2547 5184 2627 5239 eis
2658 5198 2917 5255 angorem
2955 5182 3247 5235 allaturum
3284 5176 3596 5231 videbatur.

2029 5276 2289 5346 lnjuriam
2324 5275 2525 5346 quippe
2556 5275 2769 5344 aequius
2806 5274 3019 5335 ferunt,
3062 5271 3152 5341 qui
3189 5270 3311 5339 ejus
3345 5276 3602 5324 auctores

2028 5382 2220 5438 poenas
2251 5367 2322 5423 ob
2347 5382 2465 5422 eam
2499 5366 2728 5422 daturos
2763 5365 2869 5421 sibi
2901 5362 3260 5434 persuadent.
3292 5360 3445 5428 Quod
3476 5375 3600 5416 cum

2027 5461 2132 5534 ipsi
2164 5475 2383 5533 quoque
2408 5467 2597 5516 notum
2625 5467 2771 5515 esset
2802 5455 3045 5512 universi
3077 5452 3311 5510 Domino
3338 5471 3350 5507 :
3381 5471 3400 5504 ι
3430 5450 3599 5518 Mihi,

2030 5554 2229 5627 inquit,
2249 5554 2494 5612 vindicta
2522 5571 2538 5613 :
2567 5567 2669 5626 ego
2695 5550 3002 5608 retribuam
3019 5587 3037 5617 ,
3062 5547 3198 5605 dicit
3218 5539 3595 5601 Dominus".n
