4042 6204
486 324 581 379 ιιι

1474 319 1531 374 S.
1574 317 1853 376 CYRlLLl
1881 318 2353 377 ALEXANDRINI
2391 320 2707 376 ARCIIIEP.

3646 316 3749 372 M2

485 436 590 491 Sed
627 444 683 491 et
718 436 832 507 ipse
863 437 1062 491 beatus
1096 432 1327 493 Paulus,
1358 446 1386 484 a
1422 430 1661 502 quodam
1683 432 1933 503 principe
1970 448 2061 488 sa-

2183 434 2375 488 ιῖεσθαι
2408 434 2563 497 δίκας
2595 434 2702 487 τῶν
2750 431 3255 504 πλημμεληθέντων
3301 432 3581 486 ἀποτίσειν
3624 433 3749 495 τοὺς

484 529 764 582 rcrdotum
800 543 1013 592 caesus,
1063 524 1419 579 acerbitatem
1469 524 1749 594 plagarum
1796 523 1899 576 hac
1943 523 2058 593 ipsa

484 619 697 673 ratione
738 620 1030 688 mitigavit.
1073 617 1212 683 Quid
1248 617 1396 671 enim
1431 614 1619 668 dixit?
1648 632 1667 665 ι
1697 612 1973 669 Percutiet
2008 622 2062 669 te

485 711 662 778 Deus,
695 713 875 782 paries
918 710 1170 765 dealbate
1214 708 1278 763 ”.
1311 727 1328 759 ι
1360 704 1704 760 lniirmitatis
1754 704 1919 776 igitur
1964 705 2068 759 hu-

484 817 662 857 mana:
696 802 998 857 remedium
1035 800 1181 855 istud
1215 814 1434 869 quoque
1474 806 1593 863 est,
1623 812 1875 867 sperare.
1910 797 2062 865 inju-

486 894 696 947 riarum
748 903 1001 949 auctores
1053 890 1351 961 aliquando
1402 905 1525 945 esse
1579 888 1910 959 puniendos.
1959 886 2070 943 Sed

484 986 724 1040 humana
758 985 1213 1056 pusillanimitate
1241 983 1402 1053 longe
1434 982 1615 1053 potior
1641 990 1726 1036 est
1760 979 2026 1036 Dominus
2053 998 2066 1034 :

486 1094 636 1143 nam,
666 1097 683 1129 ι
712 1076 848 1132 Cum
885 1075 1330 1137 maledicerelur,
1366 1089 1476 1128 non
1504 1072 1906 1139 maledicebat;
1942 1086 2069 1125 cum

487 1180 794 1243 pateretur,
826 1185 937 1225 non
970 1169 1435 1231 comminabatur,
1462 1186 1481 1219 ι
1505 1176 1565 1221 ιιι
1596 1166 1867 1236 scriptum
1889 1173 1975 1221 est
2002 1165 2068 1220 “.

487 1263 674 1316 Caesus
703 1269 883 1316 autem
916 1260 1053 1315 nihil
1083 1260 1282 1315 acerbe
1315 1259 1473 1326 dixit,
1500 1273 1678 1327 neque
1710 1264 1795 1312 est
1827 1255 2073 1312 minatus

486 1354 536 1408 ei
573 1355 663 1424 qui
691 1354 902 1409 caedere
929 1354 1107 1424 ipsum
1140 1367 1311 1407 ausus
1347 1350 1662 1414 fuerat,sed
1699 1347 1991 1404 mitissime
2018 1357 2074 1404 et

494 1448 768 1516 patienter
803 1445 1098 1501 admodum
1128 1463 1141 1499 :
1173 1443 1260 1499 «Si
1282 1445 1441 1506 male,
1462 1441 1661 1513 inquit,
1685 1442 1903 1496 locutus
1925 1455 2072 1503 sum,

488 1538 869 1593 testimonium
897 1537 1125 1609 perhilie
1152 1537 1218 1589 de
1248 1536 1426 1590 malo:
1454 1536 1500 1590 si
1527 1542 1707 1588 autem
1738 1534 1877 1589 bene
1900 1572 1914 1598 ,
1938 1530 2073 1604 quid

490 1646 579 1685 me
608 1631 777 1686 cmdis
813 1630 899 1683 ”?
925 1649 943 1681 ι
976 1628 1114 1685 Vere
1141 1631 1310 1699 igitur
1338 1644 1365 1683 a
1399 1626 1681 1697 pruplietis
1712 1626 1922 1680 dictum
1952 1633 2069 1679 est:

495 1740 515 1774 ι
547 1722 684 1789 Quis
719 1724 770 1776 in
802 1722 1044 1779 nubibus
1084 1723 1396 1793 a‘quabitur
1428 1719 1691 1781 Domino.
1741 1727 1795 1775 et
1828 1719 1956 1790 quis
1993 1719 2071 1775 si-

490 1815 637 1870 milis
669 1815 775 1870 erit
810 1814 1045 1868 Domino
1078 1814 1221 1869 inter
1250 1813 1391 1868 ﬁlios
1418 1811 1512 1865 Dei
1545 1810 1633 1864 “‘9
1661 1830 1679 1861 ι

2172 528 2273 597 τῆς
2305 526 2615 593 πλεονεξίας
2643 527 2900 598 ἐργάτας.
2951 527 3060 579 Καὶ
3096 525 3256 579 τοῦτο
3283 524 3439 588 εἰδὼς
3465 526 3558 579 καὶ
3588 524 3747 589 αὐτὸς

2172 620 2201 671 6
2242 618 2457 671 πάντων
2484 620 2761 689 Δεσπότης
2784 661 2798 681 ,
2838 637 2856 670 ι
2894 618 3070 689 Ἐμοὶ,
3098 618 3281 689 φησὶν,
3314 617 3612 688 ἐκδίκησις,
3639 614 3751 683 ἐγὼ

2171 708 2565 772 ἀνταποδώσω,
2618 684 2765 777 λέγει
2790 684 3012 781 Κύριος.
3041 728 3059 760 ι
3110 684 3272 762 λλλλά
3310 709 3405 761 καὶ
3434 684 3593 771 αύτδς
3616 710 3752 779 ἡμῖν

2171 798 2201 851 6
2236 801 2505 872 μακάριος
2525 800 2757 868 Παῦλος,
2791 802 2895 855 ὑπό
2920 818 3064 864 τινος
3087 801 3194 855 τῶν
3218 799 3524 873 ἀρχιερέων
3549 800 3751 853 τυπτό-

2176 909 2356 962 μενος,
2379 892 2480 963 τῆς
2511 893 2606 946 ἐπὶ
2630 893 2707 965 τῷ
2744 894 2973 963 πάσχειν
3003 892 3231 965 πικρίας
3257 893 3358 961 οὐχ
3399 892 3591 964 ἑτέραν
3626 892 3752 962 ἔσχε

2173 984 2525 1056 παραψυχὴν,
2553 984 2585 1057 ἢ
2618 984 2822 1057 ταύτην
2844 986 3033 1055 αὐτήν.
3069 985 3134 1038 Τί
3164 986 3270 1056 γὰρ
3294 985 3432 1056 ἔφης
3473 1004 3491 1036 ι
3518 984 3754 1037 Τύπτειν

2175 1093 2234 1130 σε
2271 1077 2454 1147 μέλλει
2493 1078 2521 1129 6
2563 1077 2729 1144 Θεὸς,
2779 1080 2924 1148 τοῖχε
2958 1078 3333 1148 κεκονιαμένε.
3366 1097 3384 1129 ι
3440 1075 3755 1140 ’Δσθενείας

2173 1165 2264 1223 οὖν
2298 1168 2408 1241 ἀρα
2434 1169 2724 1241 φάρμακον
2749 1170 3097 1243 ἀνθρωπίνης
3122 1171 3215 1224 καὶ
3248 1170 3433 1233 τοῦτο,
3466 1170 3560 1223 καὶ
3588 1169 3754 1224 κολά-

2174 1260 2387 1329 ζεσθαι,
2443 1264 2611 1333 φημὶ,
2650 1264 2954 1335 προσδοκᾷν
3006 1264 3132 1327 τοὺς
3186 1264 3393 1318 ἀδικεῖν
3442 1263 3751 1333 ἑλομένους.

2173 1354 2455 1424 Κρείττων
2478 1372 2542 1424 γε
2572 1356 2677 1427 μὴν
2697 1398 2712 1420 ,
2739 1357 2831 1410 καὶ
2857 1358 2915 1410 ὲν
2948 1356 3154 1411 πλείονι
3186 1356 3391 1427 μέτρῳ,
3419 1356 3520 1425 τῆς
3542 1355 3756 1426 ἀνθρω-

2174 1447 2336 1515 πίνης
2376 1447 2790 1518 μικροψυχίαςό
2821 1448 3047 1520 Κύριος.
3095 1467 3114 1499 ι
3159 1447 3586 1519 Λοιδορούμενος
3620 1447 3751 1518 γὰρ,

2172 1534 2271 1587 οὐκ
2308 1535 2689 1607 ἀντελοιδόρει,
2717 1539 2941 1608 πάσχων
2966 1539 3067 1592 οὐκ
3089 1537 3321 1609 ἠπείλει,
3354 1556 3371 1589 ι
3409 1537 3548 1591 κατά
3577 1537 3637 1590 τὸ
3661 1554 3754 1605 γε-

2173 1627 2515 1697 γραμμένον.
2554 1629 2947 1700 Ῥαπιξόμενος
2982 1630 3073 1695 δὲ,
3102 1630 3357 1702 φορτικὸν
3385 1626 3539 1684 εἶπεν
3563 1629 3751 1692 οὐδὲν,

2173 1720 2296 1775 οὔτε
2325 1722 2429 1794 μὴν
2451 1724 2715 1795 ἠπείλησε
2742 1724 2818 1796 τῷ
2838 1728 3030 1778 παῖσαι
3062 1723 3436 1793 τετολμηκότι⁸
3468 1720 3751 1792 πραότατα

2170 1812 2348 1867 δὲκαὶ
2374 1815 2715 1882 ἀνεξικάκως
2746 1816 2983 1888 κομιδῇ,
3035 1836 3053 1868 ι
3085 1816 3144 1869 Εἰ
3176 1813 3385 1876 κακῶς,
3414 1813 3598 1884 φησιν.
3629 1811 3754 1864 ὲλά-

492 1903 652 1976 λησα,
692 1904 1044 1976 μαρτύρησον
1076 1904 1202 1973 περὶ
1224 1901 1319 1956 τοῦ
1349 1899 1518 1955 κακοῦ
1540 1917 1553 1930 ·
1596 1899 1644 1952 εί
1681 1900 1737 1955 δὲ
1767 1897 1980 1961 καλῶς,
2015 1898 2068 1951 τί
2109 1916 2175 1970 με
2210 1902 2424 1975 δέρεις;
2461 1925 2478 1957 ι
2526 1906 2766 1977 Ἀληθῶς
2794 1903 2886 1962 οὖν
2909 1907 3018 1978 ἄρα
3042 1910 3154 1970 τοῖς
3179 1906 3485 1976 προφήταις
3513 1906 3541 1958 6
3577 1904 3753 1972 λόγος,

488 1997 569 2050 ὅτι
602 2015 620 2046 ι
659 1995 754 2058 Τίς
790 1996 849 2048 ὲν
882 1995 1131 2064 νεφέλαις
1166 1993 1488 2065 ίσωθησεται
1517 1991 1593 2061 τῇ
1630 1991 1847 2063 Κυρίῳ,
1876 1991 1908 2061 ἦ
1945 1991 2027 2056 τίς
2063 1993 2465 2069 ὁμοιωθήσεται
2490 2001 2565 2072 τῷ
2603 2001 2791 2072 Κυρίῳ
2818 2003 2876 2054 ἐν
2902 2002 3040 2065 υἱοῖς
3073 1999 3238 2061 Θεοῦ;
3267 2018 3285 2050 ι

564 2085 683 2152 XV,
725 2086 816 2140 ΞΤ).
857 2085 961 2152 Qui
1000 2103 1077 2140 me
1117 2085 1259 2151 odit,
1298 2094 1346 2139 et
1376 2083 1595 2139 Patrem
1626 2100 1795 2139 meum
1836 2083 1965 2137 odit.

562 2177 861 2247 impietatis
901 2193 1027 2248 erga
1075 2177 1242 2233 Deum
1294 2177 1501 2231 crimen
1543 2176 1613 2231 iis
1652 2174 1948 2231 manifeste
1980 2175 2079 2229 tri-

491 2269 615 2323 buit
641 2270 734 2340 qui
766 2278 947 2324 emota
972 2285 1035 2324 ac
1059 2268 1266 2325 nefaria
1302 2278 1483 2324 mente
1515 2267 1709 2322 Filium
1737 2268 1867 2323 odio
1884 2283 2077 2338 prose.

492 2367 750 2429 queatur.
794 2359 950 2426 Quod
993 2359 1218 2429 quidem
1262 2375 1454 2415 verum
1487 2368 1594 2415 est.
1634 2357 1746 2414 Nec
1774 2361 1917 2415 enim
1952 2374 2085 2427 pos-

491 2459 624 2506 sunt
666 2450 721 2504 in
762 2450 978 2507 Patrem
1024 2467 1131 2505 non
1172 2451 1338 2523 906
1371 2466 1635 2522 peccare,
1664 2451 1762 2520 qui
1798 2458 2086 2505 contume-

493 2542 619 2597 liosi
670 2550 801 2597 sunt
858 2542 911 2596 in
967 2541 1203 2605 Filium,
1254 2549 1350 2594 aut
1399 2557 1528 2596 eum
1573 2539 1828 2595 oderunt.
1879 2542 2083 2607 Quem-

493 2633 783 2688 admodun
820 2636 965 2689 enim
1003 2634 1097 2702 qui
1135 2633 1272 2689 solis
1341 2633 1530 2687 radios
1564 2642 1627 2687 ut
1661 2633 1892 2688 inutiles
1926 2632 2085 2688 ﬂocci

495 2725 776 2796 pendunt,
811 2724 952 2779 idem
985 2725 1057 2779 de
1084 2725 1201 2779 sole
1231 2726 1352 2794 ipso
1385 2725 1635 2779 sentiunt
1663 2742 1675 2778 :
1711 2734 1765 2779 et
1794 2725 1888 2795 qui
1924 2725 2081 2782 ﬂoris

494 2816 718 2871 odorem
755 2823 1150 2885 aspernantur,
1200 2815 1389 2869 ﬂorem
1444 2816 1622 2884 ipsum
1672 2824 2081 2874 contemnunt:

496 2908 577 2962 sic
635 2909 800 2962 etiam
831 2907 899 2961 de
930 2906 1231 2977 Unigenito
1264 2916 1318 2961 ct
1353 2905 1475 2976 ejus
1538 2906 1702 2963 Patre
1735 2910 1956 2965 evenire
1986 2926 2085 2979 pu-

497 3000 719 3056 landum
759 3008 865 3055 est.
906 2999 1019 3055 Nec
1061 3000 1207 3055 enim
1248 2999 1365 3054 ﬁeri
1400 3007 1580 3069 potest
1616 3009 1677 3054 ut
1709 3001 1802 3069 qui
1834 3002 1981 3071 quod
2016 3018 2084 3058 ex

498 3093 683 3162 aliquo
724 3101 808 3147 cst
852 3091 1205 3162 vituperant,
1255 3091 1481 3147 laudent
1521 3091 1575 3146 id
1610 3109 1675 3148 ex
1709 3108 1819 3164 quo
1852 3103 1956 3148 est.
1993 3092 2085 3146 ld-

497 3183 649 3237 circo
681 3182 901 3236 dicebat
932 3180 1188 3236 Christus
1218 3179 1425 3236 Iudaeis
1452 3199 1466 3235 :
1495 3199 1514 3232 ι
1545 3180 1665 3236 Non
1702 3190 1885 3253 potest
1921 3181 2088 3237 arbor

501 3279 641 3330 bona
675 3275 846 3328 malos
882 3273 1094 3327 fructus
1131 3271 1329 3339 facere,
1379 3289 1562 3343 neque
1602 3274 1770 3329 arbor
1801 3274 1942 3328 mala
1988 3275 2119 3329 bo—'

500 3384 604 3423 nos
635 3366 849 3423 t‘rurtus
876 3366 1057 3422 facere
1085 3367 1152 3430 ",
1184 3385 1202 3419 ι
1232 3381 1358 3421 cum
1403 3368 1568 3421 etiam
1608 3373 1869 3423 accurato
1901 3374 1956 3421 et
1986 3380 2085 3420 cx-

500 3469 625 3516 acto
647 3459 860 3529 judicio
889 3460 1203 3515 discernere
1234 3467 1529 3529 utrumque
1552 3460 1769 3527 iuberet
1796 3478 1808 3514 ι
1835 3458 1971 3512 «Aut
1997 3457 2080 3512 la-

499 3554 606 3608 cite
638 3552 891 3607 arborem
923 3552 1122 3605 malam
1146 3591 1161 3615 ,
1193 3559 1248 3607 et
1286 3552 1525 3607 fructum
1554 3552 1677 3621 ejus
1715 3552 1923 3606 malum
1957 3552 2022 3606 “.
2058 3569 2077 3603 ι

501 3643 657 3710 Quod
685 3644 831 3698 enim
862 3643 930 3698 de
960 3642 1157 3697 horum
1187 3658 1298 3698 uno
1330 3659 1462 3698 vere
1499 3643 1724 3713 dicitur,
1758 3643 1862 3697 hoc
1894 3644 2086 3712 utique

502 3736 568 3789 ad
605 3734 840 3789 alterum
901 3735 1183 3805 pertinere
1229 3736 1547 3790 necessaria
1584 3751 1687 3791 nos
1730 3736 1873 3789 ratio
1913 3735 2087 3805 adigit

502 3837 563 3883 ut
594 3827 905 3883 credamus.
944 3826 1122 3883 Unius
1152 3828 1300 3882 enim
1348 3836 1559 3882 naturae
1602 3828 1885 3899 quomodo
1931 3843 2087 3883 com-

504 3921 690 3975 munia
725 3936 832 3975 non
859 3927 1022 3974 erunt
1043 3934 1164 3989 qua:
1190 3917 1257 3972 ad
1287 3918 1411 3989 ejus
1440 3919 1655 3975 laudem
1681 3928 1966 3991 spectant,
1992 3929 2088 3973 aut

504 4012 833 4066 infamiam?
864 4011 929 4065 Et
952 4011 1100 4081 quod
1128 4011 1256 4083 quis
1285 4012 1341 4065 in
1371 4013 1545 4067 rivum
1578 4011 1775 4067 fecerit
1795 4051 1810 4076 ,
1843 4012 1948 4067 hoc
1979 4012 2089 4066 uti-

503 4121 611 4175 que
654 4119 837 4158 nonne
883 4105 937 4157 in
980 4105 1184 4159 fontem
1231 4106 1414 4176 ipsum
1459 4104 1694 4160 fecerit?
1746 4104 1958 4159 Idcirco
2010 4105 2089 4159 ait

501 4197 762 4252 Christus
793 4215 805 4251 :
839 4215 857 4247 ι
887 4194 991 4263 Qui
1025 4210 1111 4250 me
1142 4194 1293 4261 odit,
1327 4204 1381 4250 et
1416 4194 1632 4249 Patrem
1665 4210 1845 4250 meum
1881 4194 2020 4248 odit.
2062 4212 2081 4246 ι

506 4288 729 4345 Utiliter
760 4297 942 4342 autem
988 4294 1043 4343 et
1091 4286 1158 4340 ad
1195 4286 1377 4342 Patris
1407 4301 1700 4357 personam
1745 4285 1910 4341 refert
1942 4286 2089 4356 quod

506 4381 561 4434 in
589 4396 649 4435 se
682 4394 711 4432 a
745 4377 1028 4432 nonnullis
1056 4376 1224 4433 fuerit
1256 4385 1613 4432 attentatum.
1659 4376 1753 4432 His
1781 4378 1929 4432 enim
1968 4392 2091 4431 ver-

506 4471 593 4526 bis
613 4469 980 4524 certissimam
1007 4467 1168 4521 nobis
1197 4466 1353 4521 [idem
1382 4465 1517 4521 facit
1542 4484 1600 4523 se
1620 4483 1729 4523 non
1757 4468 1925 4522 alium
1944 4482 2087 4533 esse,

507 4561 604 4616 sed
632 4561 886 4616 eumdem
915 4574 1039 4614 cum
1073 4559 1212 4629 ipso,
1232 4559 1560 4614 omnimodas
1579 4560 1892 4615 identitatis
1924 4559 2093 4615 ratio-

510 4668 599 4707 ne.
625 4652 855 4720 lnsuper
880 4665 1012 4704 vero
1041 4657 1208 4705 terret
1236 4649 1541 4714 auditores,
1559 4652 1859 4707 ostendens
1877 4652 2005 4707 odio
2034 4667 2093 4708 se

2260 2089 2312 2142 '0
2343 2092 2448 2161 ἐμὲ
2473 2092 2692 2162 μισῶν,
2722 2094 2820 2147 καὶ
2859 2094 2965 2147 τὸν
2989 2092 3220 2161 Πατέρα
3242 2110 3361 2161 μου
3382 2089 3567 2160 μισεῖ.

2266 2182 2582 2255 Ἀθεότητος
2610 2184 2862 2257 ἔγκλημα
2891 2184 3171 2255 καθορίζει
3206 2181 3395 2253 σαφῶς
3423 2182 3530 2236 τῶν
3575 2182 3635 2247 ἐξ
3665 2182 3759 2234 ἀν-

2181 2273 2327 2325 οσίου
2352 2272 2575 2345 γνώμης
2598 2276 2692 2329 καὶ
2718 2276 2913 2345 φρενὸς
2941 2274 3421 2347 ὲκκεκρουσμένης
3454 2274 3629 2343 μισεῖν
3655 2272 3757 2324 αύ-

2182 2364 2274 2417 τὺν
2302 2365 2591 2437 ἑλομένων.
2623 2367 2731 2421 Kal
2752 2365 2858 2439 γάρ
2881 2370 3025 2420 ἐστιν
3049 2366 3267 2436 ἀληθές.
3302 2366 3378 2419 Οὐ
3405 2364 3513 2435 γάρ
3542 2362 3761 2433 ἀφέξον-

2180 2473 2271 2509 ται
2295 2457 2394 2526 τῆς
2435 2460 2518 2523 εἰς
2557 2460 2648 2514 τὸν
2678 2460 2899 2532 Πατέρα
2944 2458 3357 2531 πλημμελείας,
3408 2458 3458 2512 οἱ
3492 2456 3582 2511 τὸν
3630 2456 3758 2509 Υίδν

2183 2548 2597 2620 ἀτιμάζοντες,’
2626 2551 2794 2622 ἤγουν
2836 2552 2917 2605 ὃτι
2960 2551 3161 2623 πρέπει
3215 2552 3393 2622 μισεῖν
3435 2549 3757 2617 ἐγνωκότες.

2185 2640 2392 2712 Ὅνπερ
2434 2641 2544 2714 γάρ
2570 2643 2770 2714 τρόπον
2808 2643 2907 2714 τὴν
2935 2642 3028 2696 τοῦ
3066 2643 3219 2714 ἡλίου
3253 2637 3620 2714 μαρμαρυγὴν
3640 2679 3654 2701 ,
3683 2636 3762 2701 ὡς

2182 2732 2270 2784 ἐπ’
2293 2731 2468 2784 οὐδενὶ
2488 2731 2596 2784 τῶν
2617 2732 2931 2801 ἀναγκαίων
2950 2730 3134 2801 φαίνοι
3162 2747 3221 2783 τε
3247 2730 3339 2783 καὶ
3368 2727 3624 2798 ὑπάρχοι,
3644 2724 3761 2777 δια-

2184 2822 2438 2894 σύροντες
2479 2822 2577 2885 τάς
2618 2823 2717 2893 τῆς
2750 2824 3108 2894 ἀχρειότητος
3150 2821 3365 2885 αἰτίας,
3419 2818 3514 2872 καὶ
3553 2816 3650 2887 τὴν
3675 2815 3766 2868 ἐπ’

2182 2914 2319 2984 αὐτῇ
2347 2912 2549 2982 ψῆφον,
2566 2914 2646 2977 είς
2676 2914 2841 2966 αὐτὸν
2864 2906 3209 2966 ἀνατείνουσί
3227 2911 3319 2963 τὸν
3345 2908 3403 2976 ἐξ
3427 2902 3599 2979 οὗπερ
3624 2907 3764 2960 ἐστί’

2183 3005 2277 3059 καὶ
2321 3005 2555 3076 ὅτῳπερ.
2583 3004 2649 3058 ἂν
2684 3003 2919 3058 κακύναι
2960 3003 3092 3075 δοκῇ
3127 3003 3226 3072 τὴν
3267 3000 3326 3066 ἐξ
3362 2999 3569 3054 ἀνθέων
3602 2999 3770 3069 τυχὸν

2183 3095 2447 3161 εὐωδίαν,
2493 3096 2582 3150 ἐπ’
2607 3098 2785 3150 ἐκεῖνο
2829 3096 2893 3168 δὴ
2925 3095 3143 3159 πάντως
3178 3093 3385 3148 ἀνοίσει
3414 3092 3476 3145 τὸ
3511 3091 3771 3161 ἔγκλημα

2184 3190 2273 3243 τὸν
2304 3188 2364 3255 ἐξ
2390 3184 2560 3261 οὗπερ
2593 3189 2659 3243 ἂν
2686 3189 2925 3244 τίκτοιτο
2949 3206 2961 3220 ·
2996 3188 3088 3242 τὸν
3120 3186 3302 3250 αὐτὸν,
3329 3181 3503 3255 οἶμαι,
3539 3185 3772 3256 τρόπον,

2184 3282 2276 3337 ὲπί
2311 3300 2374 3352 γε
2400 3282 2493 3337 τοῦ
2520 3281 2880 3351 Μονογενοῦς,
2920 3281 3015 3335 καὶ
3042 3277 3137 3334 τοῦ
3159 3278 3409 3343 τεκόντος
3440 3277 3605 3331 αὑτὸν
3632 3294 3776 3347 συμ-

2187 3374 2436 3446 ϐήσεται.
2490 3375 2565 3428 Οὐ
2592 3374 2702 3446 γὰρ
2734 3373 2869 3441 ἔστι,
2902 3373 3003 3426 οὐκ
3034 3370 3149 3425 ἔστι
3184 3368 3595 3440 καταψέγοντάς
3613 3384 3776 3431 τινας

2186 3466 2247 3519 τό
2287 3482 2430 3529 τινος
2461 3462 2801 3533 ἐκπεφυκὸς,
2849 3461 3138 3517 ἐπαινέσαι
3183 3459 3244 3513 τὸ
3287 3459 3347 3526 ὲξ
3386 3455 3557 3531 οὗπερ
3594 3458 3772 3512 ἐστίν.

2185 3557 2283 3610 Διά
2329 3572 2410 3608 τοι
2460 3554 2618 3608 τοῦτο
2667 3556 2782 3618 τοῖς
2824 3553 3098 3617 Ἰουδαίοις
3147 3552 3251 3624 εφη
3294 3552 3567 3624 Χριστός’
3623 3570 3640 3601 ι
3689 3551 3774 3603 Οὐ

2184 3647 2407 3701 δύναται
2445 3646 2661 3716 δένδρον
2712 3644 2918 3715 ἀγαθὸν
2959 3645 3204 3717 καρποὺς
3252 3643 3527 3715 πονηροὺς
3569 3644 3774 3706 ποιεῖν,

2184 3740 2303 3793 οὐδὲ
2341 3738 2557 3809 δένδρον
2588 3738 2819 3809 σαπρὸν,
2851 3738 3101 3810 καρποὺς
3135 3737 3372 3803 ἀγαθοὺς
3402 3738 3595 3790 ποιεῖν·
3623 3757 3641 3788 ι
3679 3736 3778 3789 ὅτε

2185 3828 2279 3881 καὶ
2303 3827 2401 3899 τὴν
2435 3828 2527 3881 ἐπὶ
2582 3825 2757 3898 τούτῳ
2800 3826 3074 3898 διάκρισιν
3107 3826 3309 3897 ἀκριϐῆ
3349 3843 3409 3880 τε
3443 3827 3536 3880 καὶ
3579 3825 3781 3878 ἀνεπί-

2185 3920 2390 3991 ληπτον
2414 3918 2751 3973 διεκελεύετο
2785 3917 3057 3971 ποιεῖσθαι
3077 3933 3089 3945 ⁸
3130 3937 3148 3968 ι
3188 3919 3257 3970 Ἢ
3283 3917 3545 3987 ποιήσατε
3570 3915 3631 3967 τὸ
3656 3915 3781 3968 δένο

2186 4012 2310 4085 δρον
2341 4011 2572 4082 σαπρὸν,
2601 4010 2698 4064 καὶ
2727 4009 2819 4063 τὸν
2846 4007 3056 4081 καρπὸν
3085 4007 3251 4062 αὑτοῦ
3280 4007 3508 4077 σαπρόν.
3534 4026 3552 4058 ι
3589 4006 3780 4077 Ὅπερ

2187 4105 2296 4175 γὰρ
2338 4101 2405 4157 ἂν
2446 4102 2565 4156 καθ’
2598 4101 2715 4163 ἐνὸς
2757 4100 2863 4154 τῶν
2908 4098 3167 4154 τοιούτων
3219 4098 3540 4169 ἀληθεύοιτο
3582 4097 3780 4167 τυχὸν,

2187 4194 2347 4249 τοῦτο
2373 4194 2438 4265 δὴ
2475 4194 2691 4256 πάντως
2716 4192 2926 4260 διήκειν
2962 4193 3053 4244 ἐπ’
3080 4193 3284 4262 ἀμφοῖν
3333 4189 3627 4259 ἀναγκαῖός
3666 4205 3780 4254 τις,

2188 4281 2374 4356 οῐμαι,
2411 4282 2771 4357 παρατρέψει.
2816 4283 2960 4345 Μιᾶς
2992 4281 3101 4353 γὰρ
3140 4281 3384 4350 φύσεως,
3417 4280 3533 4343 πῶς
3561 4278 3680 4348 οὐχὶ
3708 4278 3782 4350 δὴ

2192 4378 2409 4442 πάντως
2438 4377 2591 4431 κοινά
2620 4376 2773 4429 ἔσται
2802 4374 2870 4428 τὰ
2894 4373 3183 4445 ήττώμενα
3205 4413 3220 4437 ,
3246 4374 3413 4443 ἤγουν
3444 4373 3537 4425 καὶ
3566 4371 3783 4441 ἑτέρως

2192 4467 2678 4541 καταλαμπρύνειν
2727 4466 2950 4531 εἰδότας
3002 4465 3113 4518 Kal.
3147 4466 3283 4535 ὅπερ
3331 4463 3398 4518 ἂν
3434 4462 3649 4534 δράσειέ
3688 4480 3785 4528 τις

2192 4565 2271 4627 είς
2308 4562 2367 4615 τὸ
2393 4562 2457 4616 ἐκ
2493 4578 2639 4623 τινος
2670 4559 2852 4629 πηγῆς
2874 4600 2889 4624 ,
2938 4557 3098 4612 τοῦτο
3142 4557 3205 4627 δὴ
3242 4558 3458 4619 πάντως
3495 4555 3784 4626 δεδρακὼς

2194 4653 2261 4707 ἂν
2292 4651 2378 4721 εἴη
2407 4651 2502 4706 καὶ
2543 4652 2624 4715 είς
2655 4650 2827 4721 αὐτὴν
2854 4650 2954 4721 τὴν
2990 4650 3193 4721 πηγήν.
3240 4647 3337 4702 Διά
3372 4647 3527 4701 τοῦτό
3555 4664 3726 4718 φησιν
3752 4651 3783 4701 6

512 4740 701 4795 haberi
733 4738 1105 4809 periculosum
1124 4778 1140 4803 ,
1167 4754 1404 4808 eumque
1431 4753 1534 4807 ope
1560 4738 1884 4795 destitutum
1915 4741 2010 4806 iri,
2038 4750 2082 4798 el

2197 4743 2451 4814 Χριστὸς,
2488 4743 2572 4795 ὅτι
2616 4760 2635 4794 ι
2680 4743 2739 4795 '0
2785 4741 2885 4811 ἐμὲ
2911 4741 3107 4812 μισῶν,
3152 4739 3365 4794 καὶτὸν
3396 4739 3619 4809 Πατέρα
3672 4757 3780 4810 μου

512 4836 566 4887 in
597 4831 833 4902 priedam
882 4829 1044 4885 facile
1087 4844 1377 4885 cessurum
1422 4829 1687 4897 allirmat,
1731 4832 1826 4902 qui
1869 4834 2095 4888 omnino

513 4924 744 4978 adorare
773 4922 932 4986 nolit,
963 4921 1169 4991 quippe
1213 4920 1387 4990 quiin
1429 4921 1603 4990 ipsam
1645 4936 1868 4991 quoque
1910 4922 2093 4979 Patris

514 5022 803 5087 personam
859 5014 932 5070 sit
981 5012 1441 5067 contumeliosus.
1499 5010 1737 5066 Omnino
1786 5014 1936 5067 enim
1984 5030 2092 5070 una

515 5108 678 5163 l’ater
708 5106 1055 5163 succensebit
1077 5145 1092 5169 ,
1130 5110 1192 5158 ut
1219 5104 1312 5175 qui
1345 5119 1453 5158 una
1481 5119 1608 5159 cum
1641 5119 1743 5160 suo
1776 5103 1917 5161 Filio
1948 5108 2092 5177 inju-

517 5200 653 5252 riam
706 5200 931 5268 patitur.
982 5197 1222 5252 Sanctos
1268 5205 1451 5250 autem
1500 5198 1783 5267 apostolos
1824 5215 1933 5253 non
1982 5215 2094 5254 me-

517 5289 775 5344 diocriter
817 5308 885 5346 ex
934 5291 1102 5362 hujus
1146 5289 1226 5346 rei
1281 5289 1387 5343 ﬁde
1418 5291 1770 5345 corroborari
1819 5292 1945 5361 quis
1980 5307 2090 5347 non

520 5378 712 5434 videt?
757 5380 1027 5439 Praeterea
1071 5382 1221 5438 aliud
1278 5380 1578 5453 quiddam,
1628 5382 1862 5453 opinor,
1915 5399 2095 5454 opera:

522 5466 759 5540 pretium
789 5476 845 5525 et
870 5470 1157 5540 sapientiae
1194 5471 1417 5542 plenum
1464 5468 1723 5526 Christus
1757 5474 2093 5545 peragebat,

606 5674 646 5705 “
669 5678 787 5731 Aet.
815 5692 970 5743 unt,
1006 5677 1059 5734 5.

530 5744 628 5813 ait,
664 5744 755 5802 33.

2195 4838 2361 4909 μισεῖ.
2386 4855 2404 4886 ι
2459 4835 2633 4906 Φέρει,
2665 4834 2721 4888 δὲ
2768 4834 3055 4905 χρησίμως
3086 4833 3181 4886 καὶ
3212 4834 3290 4896 εἰς
3328 4832 3391 4885 τδ
3431 4830 3525 4884 τοῦ
3557 4831 3782 4903 Πατρδς

2190 4929 2480 5001 πρόσωπον
2492 4926 2665 5001 ,ἅπερ
2683 4926 2750 4980 ἂν
2771 4928 2850 4989 είς
2872 4926 3032 4979 αὑτὸν
3056 4926 3387 4996 ἐπιχειροῖτο
3408 4924 3562 4995 παρά
3575 4941 3765 4980 τινων.

2190 5000 2606 5091 Πληροφορησει
2637 5018 2734 5090 μὲν
2757 5017 2868 5089 γὰρ
2890 5016 3042 5070 οὐδὲν
3064 5012 3228 5089 ἦττον
3263 5017 3411 5088 ἡμᾶς
3444 5016 3532 5070 διὰ
3566 5015 3779 5069 τούτων

2186 5109 2296 5163 τῶν
2320 5091 2535 5182 λόγων,
2580 5107 2656 5170 ὡς
2701 5107 2798 5176 οὐχ
2842 5105 3031 5176 ἕτερός
3064 5107 3210 5158 ἐστιν
3272 5105 3347 5169 ὡς
3396 5106 3533 5175 πρὸς
3585 5106 3778 5169 αὐτὸν,

2197 5198 2338 5253 κατά
2368 5214 2431 5266 γε
2452 5196 2544 5249 τὸν
2571 5197 2630 5250 ἐν
2654 5196 2942 5265 ταυτότητι
2971 5198 3035 5265 τῇ
3066 5195 3209 5249 κατά
3240 5196 3348 5249 πᾶν
3388 5197 3657 5266 νοουμένῃ
3684 5194 3782 5247 λό-

2198 5308 2313 5360 γον.
2364 5290 2678 5342 Καταπτοεῖ
2705 5289 2762 5343 δὲ
2809 5287 2947 5359 πρὸς
2993 5287 3170 5360 τούτῳ
3206 5288 3334 5351 τοὺς
3365 5288 3784 5360 ἀκροωμένους,

2204 5381 2467 5454 σφαλερὸν
2502 5380 2584 5436 ἔτι
2613 5381 2824 5446 δεικνὺς
2851 5381 2913 5435 τὸ
2944 5379 3038 5433 ἐπὶ
3065 5379 3127 5434 τὸ
3163 5382 3341 5452 μισεῖν
3372 5382 3535 5435 αὑτὸν
3560 5379 3789 5435 ἑλέσθαι

2203 5473 2611 5544 πλημμέλημα,
2658 5473 2951 5545 εὐσύλητόν
2982 5490 3041 5527 τε
3075 5473 3169 5527 καὶ
3195 5472 3629 5546 ἀνεπικούρητον
3658 5470 3794 5525 ἐσεο

1141 5680 1182 5712 ¹²
1218 5677 1235 5732 l
1269 5677 1414 5736 Petr.
1438 5678 1603 5744 νεεδ.
1686 5676 1906 5733 "Joan.
1930 5675 2196 5741 xvul,25.
2278 5676 2319 5708 ’δ
2351 5674 2493 5732 Psal.
2516 5690 2783 5746 unum,
2810 5676 2858 5729 7.
2944 5677 2984 5709 "
3008 5675 3198 5732 Matth.
3224 5690 3322 5739 vn,
3352 5673 3434 5729 l8.
3517 5672 3559 5704 "
3581 5670 3798 5727 Matth.
