4042 6204
315 293 429 350 M3

1370 308 1439 365 IN
1472 313 1758 373 JOANNIS
1794 318 2249 378 EVANGELIUM
2294 322 2424 381 LIB.
2457 324 2526 380 Χ.

3492 334 3597 389 4Ιᾶ

319 410 446 464 σθαι
468 412 750 477 παντελῶς
780 413 870 467 τὸν
896 418 1045 489 αὐτῷ
1068 420 1148 495 μὴ
1170 429 1499 494 προσκυνεῖν
1519 431 1899 504 ἐπιχειροῦντα

2006 437 2153 507 quod
2190 452 2389 494 rursus
2423 440 2514 495 hic
2538 440 2697 510 juvat
2732 456 3029 513 exponere.
3059 441 3375 500 incredibili
3409 447 3600 506 furore

311 503 730 575 διῖσχυρίζεται,
756 505 850 561 ἆτε
874 508 936 580 δὴ
973 512 1067 564 καὶ
1094 515 1172 577 εἰς
1205 516 1338 569 αὐτὸ
1367 517 1427 572 τὸ
1448 520 1542 574 τοῦ
1566 503 1782 593 Πατρδς
1809 528 1909 597 ὲμ-

314 598 687 668 παροινοῦντα
728 601 1038 671 πρόσωπον.
1096 606 1576 684 Συναγανακτήσει
1621 618 1730 689 γάρ
1768 620 1907 675 πάν-

315 706 461 753 τως,
509 692 583 755 ὡς
619 694 1109 767 συνυϐριζόμενος,
1158 701 1235 772 τῷ
1284 703 1399 776 ἰδίῳ
1430 710 1747 781 γεννήματι.
1784 712 1908 767 ’Ότι

317 777 377 832 δὲ
401 782 527 846 τοὺς
554 782 747 852 ἁγίους
778 787 1112 855 ἀποστόλους
1150 777 1783 866 εὐτολμοτάτους-’ἐτίθει
1814 807 1908 860 καὶ

317 870 478 926 τοῦτο
506 876 846 948 παραδεχθὲν
878 882 959 945 εἰς
1003 883 1206 950 πίστιν,
1246 887 1364 953 πῶς
1390 890 1450 943 ού
1484 893 1689 965 σφόδρα
1716 895 1909 966 διαφα-

318 962 452 1030 νέςς
500 965 668 1037 Ὀμοῦ
697 968 753 1021 δὲ
788 973 926 1043 πρός
954 974 1165 1039 τούτοις
1198 978 1383 1048 ἕτερον
1416 962 1716 1051 ἀναγκαῖον
1751 962 1907 1059 οἶμαι

315 1054 421 1152 xui:
464 1057 628 1123 σοφὸν
660 1059 916 1152 ἀπετέλει
946 1065 1181 1136 Χριστός
1204 1083 1220 1098 ⁸
1269 1072 1363 1125 καὶ
1386 1072 1549 1128 τοῦτο
1577 1078 1742 1132 πάλιν
1770 1054 1904 1152 ἐρῶ·

329 1147 422 1212 Ἐξ
436 1150 773 1224 ἀσυγκρίτου
801 1158 1227 1226 φρενοϐλαϐείας
1253 1164 1346 1218 καὶ
1373 1167 1569 1235 μανίας
1593 1147 1907 1241 ὑπερφυοῦς

314 1240 486 1311 ᾤοντό
513 1261 676 1309 τινες,
706 1248 787 1300 ὅτι
820 1249 1267 1322 πλημμελοῦντες
1296 1258 1376 1323 εἰς
1403 1259 1495 1313 τὺν
1516 1260 1643 1315 Υἰὸν
1675 1240 1771 1318 καὶ
1794 1269 1907 1330 τοῖς

311 1332 411 1386 τοῦ
446 1335 701 1407 Σωτῆρος
744 1340 1201 1413 ἀντιπράττοντες
1228 1347 1445 1416 λόγοις,
1494 1352 1588 1406 τὸν
1619 1354 1713 1408 τοῦ
1740 1359 1905 1429 νόμου

319 1426 529 1496 δοτῆρα
575 1427 710 1483 Θεὸν
762 1431 1154 1504 εὐφραίνουσι,
1215 1440 1312 1493 καὶ
1366 1446 1481 1508 τοῖς
1529 1443 1616 1498 διὰ
1663 1426 1907 1512 Μωσέως

311 1517 767 1591 τεθεσπισμένοις
813 1523 874 1577 τὸ
923 1529 1120 1598 χρῆναι
1167 1533 1323 1603 νικᾷν
1370 1534 1459 1588 ἀεὶ
1524 1538 1903 1610 χαριζόμενοι,

2010 536 2066 583 et
2096 528 2336 583 amentia
2371 531 2628 585 nonnulli
2674 533 2945 602 putabant
2990 549 3050 588 se
3097 536 3375 604 peccando
3414 537 3469 591 in
3506 537 3599 593 Fi-

2011 622 2145 677 lium
2176 632 2227 678 et
2262 623 2576 683 Servatoris
2613 628 2965 683 sermonibus
2992 627 3308 684 resistendo
3331 673 3345 693 ,
3384 630 3492 687 Deo
3519 633 3599 687 le-

2010 715 2094 783 gis
2122 717 2337 769 auctori
2371 726 2589 786 gratum
2626 717 2847 785 facere,
2894 729 2953 775 et
2996 722 3209 790 priores
3250 729 3434 790 partes
3480 720 3598 777 Mo-

2010 806 2179 861 saicis
2212 808 2485 865 mandatis
2520 825 2696 880 usque
2730 811 3027 867 tribuendo
3048 852 3062 877 ,
3098 828 3261 868 veros
3294 829 3353 868 sc
3386 828 3450 867 ac
3486 816 3601 870 sin—

2010 909 2169 953 ceros
2217 898 2535 955 dilectionis
2588 917 2719 973 erga
2776 902 2944 958 Deum
2999 905 3390 961 observatores
3446 921 3596 961 esse.

2010 982 2309 1055 Oportebat
2343 988 2516 1059 igitur
2547 1004 2747 1044 vanum
2784 1006 2976 1045 eorum
3026 992 3232 1047 fastum
3262 992 3556 1048 ostendere
3581 1031 3596 1055 ,

2011 1079 2302 1148 palamque
2329 1082 2591 1137 universo
2620 1091 2896 1147 terrarum
2926 1084 3049 1138 orbi
3082 1084 3265 1140 facere
3286 1125 3300 1146 .
3331 1085 3478 1153 quod
3502 1085 3596 1155 qui

2012 1168 2323 1228 Servatoris
2366 1173 2580 1244 legibus
2619 1174 2927 1242 resistunt,
2964 1183 3133 1230 totam
3184 1178 3597 1246 quodammodo

2009 1270 2262 1318 naturam
2305 1264 2468 1335 907
2511 1265 2752 1321 divinam
2794 1267 2997 1337 injuria
3037 1266 3279 1321 alliciunt
3321 1268 3376 1321 in
3417 1265 3597 1333 Filio,

2011 1373 2108 1427 per
2136 1357 2352 1427 longam
2383 1366 2440 1413 et
2471 1359 2905 1415 inexcusabilem
2936 1359 3404 1424 inobedientiam,
3432 1376 3596 1430 quam

2010 1465 2120 1504 non
2151 1451 2331 1506 solum
2365 1452 2423 1506 in
2452 1467 2607 1508 suam
2643 1467 2937 1523 personam
2972 1452 3333 1523 singulariter
3361 1452 3476 1506 lieri
3506 1467 3598 1507 as-

2011 1542 2167 1601 serit.
2201 1542 2295 1597 sed
2328 1550 2383 1597 et
2423 1542 2478 1596 in
2513 1558 2611 1599 eos
2638 1544 2733 1613 qui
2770 1559 2872 1614 pro
2900 1545 3025 1614 ipso
3052 1552 3107 1598 et
3141 1560 3237 1614 per
3265 1546 3446 1615 ipsum
3480 1560 3599 1600 ser-

312 1611 531 1707 γνήσιοί
560 1630 707 1678 τινες
735 1615 835 1686 τῆς
879 1620 958 1681 είς
992 1619 1124 1673 Θεὸν
1167 1622 1389 1691 ἀγάπης
1421 1628 1768 1700 εὑρίσκονται
1802 1632 1899 1700 φύ-

2010 1650 2227 1689 monem
2255 1635 2613 1689 annuntiant.
2637 1634 2733 1689 Dei
2760 1637 2940 1692 hostis
2978 1636 3147 1706 igitur
3184 1644 3239 1693 et
3267 1652 3398 1707 erga
3429 1645 3598 1691 totam

311 1695 501 1760 λακες.
555 1700 703 1755 Ἔδει
738 1704 1031 1775 τοιγαροῦν
1078 1709 1138 1763 τὸ
1177 1712 1277 1782 μὲν
1318 1715 1376 1767 ὲν
1429 1717 1659 1782 ἐκείνοις
1695 1723 1899 1776 εἰκαῖον

2012 1724 2340 1780 ἱιιείΐιὼίιειη
2373 1734 2428 1781 et
2458 1726 2903 1796 inexplicabilem
2938 1737 3193 1783 naturam
3225 1728 3596 1782 contumelio-

313 1789 718 1889 ἀποφαίνεσθαι
760 1796 1022 1869 φύσημα,
1076 1803 1269 1871 μαθεῖν
1306 1806 1363 1859 δὲ
1409 1808 1508 1881 τὴν
1552 1813 1899 1885 οἰκουμένην,

2009 1831 2106 1872 sus
2142 1827 2262 1879 εει,
2300 1818 2615 1885 quicunque
2663 1818 2831 1872 etiam
2883 1821 3098 1875 sanctis
3143 1819 3279 1889 ipsis
3324 1819 3596 1888 apostolis

312 1879 396 1933 δτι
443 1884 558 1946 τοῖς
603 1886 697 1938 τοῦ
746 1887 1000 1961 Σωτῆρος
1062 1879 1722 1971 ἀντεξάγοντεςννόμοις,
1766 1879 1899 1976 πρὸς

2012 1908 2274 1963 resistere
2299 1909 2641 1978 aggreditur.
2676 1906 2787 1964 Nec
2818 1910 2966 1965 enim
3003 1911 3220 1981 seipsos
3253 1910 3598 1981 praedicant,

311 1969 610 2043 ὀλόκληρον
639 1974 831 2048 ὥσπερ
857 1977 955 2049 τὴν
989 1978 1139 2034 θείαν
1167 1983 1351 2055 ἔχουσι
1381 1987 1546 2056 φύσιν
1560 1969 1899 2066 -ὐόρισμένην

2012 1999 2107 2054 sed
2138 2000 2384 2055 universi
2422 1998 2593 2054 Deum
2624 2015 2688 2055 ac
2720 2000 3014 2056 Dominum
3041 2043 3056 2067 ,
3088 2002 3143 2057 id
3173 2010 3261 2058 est
3290 2001 3596 2058 Christum.

312 2061 372 2167 ἐν
396 2061 513 2167 ξ’ξῷ
543 2064 784 2167 διὰ-τῆς
812 2073 1101 2167 παρᾳκοῆς
1119 2113 1134 2137 ν
1185 2075 1281 2129 καὶ
1318 2078 1421 2149 τῆς
1471 2079 1616 2137 οὕτω
1640 2061 1899 2157 -μαλερᾶξ,
1940 2092 2035 2145 καὶ
2058 2092 2471 2163 ἀπροφασίστου
2501 2091 2688 2148 λοιπὸν
2718 2095 3026 2160 ἀπειθείας,
3044 2061 3127 2167 ’ἢν
3196 2094 3256 2148 οὐ
3326 2092 3485 2164 μόνον
3522 2096 3601 2147 εἰ.

312 2153 479 2260 Elim";
510 2159 588 2260 εξς
618 2159 681 2213 τδ
711 2162 909 2217 οἰκεῖον
939 2166 1304 2224 ἐπιτελεῖσθαι
1338 2173 1629 2244 προσώπον
1662 2153 1751 2234 Ἵεῦ
1779 2153 1791 2157 ἰ
1815 2183 1960 2253 μάλα
1996 2153 2421 2257 διῖσχυρίζεται,
2469 2185 2604 2238 ἀλλᾶ
2637 2188 2731 2240 καὶ
2761 2190 2818 2240 ὲν
2864 2153 3096 2251 τοῖςντδν
3128 2188 3268 2260 ὑπὲρ
3294 2153 3460 2241 αὐτοῦ
3487 2185 3587 2238 καὶ

313 2246 401 2354 διά
437 2250 598 2354 αὐτὸν
648 2255 1010 2324 πρεσϐεύουσι
1058 2260 1236 2330 λόγον.
1296 2263 1577 2339 Θεομάχος
1630 2267 1724 2325 οῦν
1767 2246 1898 2345 ἄρα,
1940 2276 2033 2331 καὶ
2063 2246 2368 2354 ὑδῖρίστὴς,
2408 2246 2508 2331 καὶ
2547 2279 2682 2348 πρὸς
2718 2279 2848 2350 ὅλην
2915 2246 3056 2351 ἔγωγ
3094 2281 3193 2352 τὴν
3236 2246 3493 2354 ’ἄρῤητὸν
3534 2296 3594 2333 τε

317 2344 410 2444 fal-
438 2343 938 2444 a'fpacfév‘cpﬁctv,
988 2356 1017 2407 ό
1063 2357 1156 2411 καὶ
1204 2361 1389 2426 αὐτοῖς
1416 2366 1527 2427 τοῖς
1562 2366 1739 2435 ἁγίοις
1759 2343 2089 2435 ’ἀποστόλοις
2136 2343 2531 2442 ἀντιπράττειν
2551 2343 2868 2444 ἐπιχειρῶν.
2928 2343 3304 2444 Ιξηρύττουσα
3500 2372 3598 2442 οὐκ

314 2434 576 2534 ὲαιῗοὺς,
611 2439 746 2534 ἀλλά
774 2443 865 2497 τὸν
897 2445 1007 2501 τῶν
1034 2450 1173 2505 ὅλων
1203 2454 1336 2509 Θεὸν
1363 2459 1459 2511 καὶ
1488 2460 1690 2531 Κύριον
1710 2502 1725 2526 ,
1758 2463 1903 2515 τοῦτ’
1941 2434 2345 2534 ἔστιΧριστόν.

386 2532 456 2583 Εἰ
488 2531 561 2585 τὰ
597 2533 742 2603 ἔργα
785 2538 871 2606 μὴ
921 2540 1183 2609 ἐποίησα
1224 2546 1295 2601 ἐν
1338 2552 1575 2620 αὐτοῖς,
1628 2555 1667 2608 ἁ
1694 2555 1906 2624 μηδεὶς

313 2619 512 2688 ἄλλος
554 2626 907 2694 πεποίηκεν,
950 2632 1244 2703 ἁμαρτίαν
1283 2640 1395 2693 οὐκ
1431 2619 1601 2711 εἶχον
1626 2661 1638 2673 ·
1692 2619 1810 2698 θῦν
1838 2645 1907 2699 δὲ

315 2713 413 2767 καὶ
452 2714 772 2784 ἑωράκασι,
818 2722 916 2777 και
951 2726 1331 2797 μεμισήκασι
1373 2732 1475 2786 καὶ
1528 2733 1635 2805 ἐμὲ
1670 2736 1907 2792 καὶτὸν

316 2807 557 2875 Πατέρα
588 2827 730 2879 μου.

385 2899 594 2954 Οὐδένα
634 2905 750 2968 τοῖς
791 2905 1068 2974 Ἰουδαίοις
1103 2912 1513 2985 περιλελεῖφθαι
1548 2916 1703 2987 λόγον
1738 2920 1816 2985 είς
1840 2921 1902 2974 τὸ

319 2989 392 3062 μὴ
439 2992 638 3063 χρῆναι
699 2995 1027 3061 κολάζεσθαι
1078 3004 1170 3056 καὶ
1212 3007 1326 3069 τοῖς
1372 3007 1696 3078 ἀνηκέστοις
1742 3028 1900 3083 περι-

316 3085 541 3145 πεσεῖν,
594 3085 689 3138 καὶ
730 3086 818 3141 διὰ
865 3090 1071 3146 τούτων
1116 3094 1271 3148 οὐδὲν
1322 3090 1486 3169 ἦττον
1544 3101 1826 3173 ἀπέφηνεν
1872 3104 1901 3156 ὁ

2075 2554 2194 2619 XV,
2234 2556 2326 2609 24.
2369 2555 2431 2612 Si
2471 2572 2630 2625 opera
2671 2572 2775 2611 non
2815 2555 3057 2623 fecissem
3094 2558 3148 2610 in
3178 2559 3253 2611 eis
3277 2572 3395 2627 qua:
3447 2575 3597 2611 nemo

2005 2648 2147 2702 alius
2183 2647 2351 2716 fecit,
2383 2659 2657 2718 peccatum
2701 2665 2805 2702 non
2842 2648 3093 2701 haberent
3121 2664 3139 2702 :
3171 2665 3311 2702 nunc
3344 2659 3519 2703 autem
3549 2660 3597 2704 et

2000 2743 2265 2810 viderunt,
2293 2753 2344 2799 et
2379 2745 2604 2800 oderunt
2634 2754 2684 2800 et
2715 2761 2796 2799 me
2825 2755 2876 2800 et
2907 2743 3124 2799 Patrem
3156 2762 3353 2801 meum.

2080 2920 2299 2976 Nullam
2344 2922 2594 2977 relictam
2636 2938 2762 2978 esse
2799 2921 3005 2978 Judmis
3036 2922 3354 2993 gravissimi
3389 2923 3600 2994 suppli-

2008 3014 2079 3069 cii
2115 3014 2325 3070 vitandi
2366 3016 2682 3080 rationem,
2728 3016 2815 3072 his
2852 3031 3079 3087 quoque
3115 3016 3301 3071 verbis
3339 3016 3597 3071 Christus

2008 3110 2269 3165 ostendit.
2303 3108 2450 3164 Nihil
2486 3110 2634 3166 enim
2669 3125 2782 3180 quo
2807 3110 2989 3181 juvari
3028 3117 3257 3179 possent
3288 3108 3598 3179 prmtormi-

316 3174 573 3246 Χριστός.
608 3178 861 3235 Φαίνεται
911 3182 1018 3256 γὰρ
1049 3184 1158 3239 τῶν
1199 3188 1279 3251 είς
1308 3188 1574 3258 ὠφέλειαν
1602 3194 1899 3251 τελούντων

2009 3202 2122 3267 sit,
2165 3204 2359 3259 multis
2401 3174 2762 3259 sermonibus
2807 3174 3041 3258 'babitis
3088 3203 3294 3272 quibus
3332 3201 3597 3273 perfacile

314 3265 641 3334 ἐλλελοιπὼς
691 3272 864 3364 οὐδὲν,
911 3274 1073 3345 λόγου
1129 3279 1228 3348 μὲν
1275 3281 1461 3347 αὐτοῖς
1499 3286 1899 3358 παρατεθέντος

2005 3265 2202 3347 adduci
2254 3303 2479 3364 possent
2520 3295 2588 3349 ad
2638 3296 2910 3358 salutem,
2968 3295 3247 3364 editisque
3307 3293 3597 3349 miraculis
3630 3288 3665 3335 κ

316 3360 555 3434 μακροῦ,
608 3363 675 3416 δι’
716 3356 888 3437 οὗπερ
924 3363 992 3440 ἦν
1024 3370 1118 3423 καὶ
1150 3372 1295 3441 μάλα
1339 3375 1538 3447 ῥᾳδίως
1581 3356 1726 3434 -ίέναι
1760 3381 1901 3451 πρὸς

314 3454 617 3545 σωτηρίαν,
658 3458 1130 3531 παραδειχθέντων
1159 3464 1216 3517 δὲ
1265 3467 1359 3520 καὶ
1389 3467 1705 3539 θαυμάτων,
1746 3472 1783 3527 ἂ
1822 3475 1897 3545 μή

311 3541 430 3606 πώς
461 3563 546 3609 τις
576 3546 686 3602 τῶν
719 3551 776 3602 ἐν
805 3549 995 3623 κόσμῳ
1022 3552 1295 3612 τεθέαται.
1332 3559 1429 3625 Τίς
1448 3561 1556 3632 γὰρ
1581 3563 1692 3615 τῶν
1725 3541 1899 3633 ἁγίων

310 3636 423 3698 τοῖς
456 3636 550 3689 τοῦ
580 3638 831 3712 Σωτῆρος
865 3643 1137 3717 ἡμιλλήθη
1171 3646 1476 3720 θαύμασιν;
1529 3648 1664 3706 Εἶτα
1704 3655 1896 3709 τοσοῦ-

309 3738 400 3776 τον
433 3724 825 3798 ἀφεστηκότων
863 3732 955 3786 τοῦ
988 3733 1293 3807 θαυμάζειν
1324 3741 1487 3794 αὑτὸν
1518 3742 1771 3812 ἐθελῆσαι
1790 3746 1899 3800 τῶν

322 3815 595 3871 Ἰουδαίων
634 3821 711 3884 ὡς
756 3825 850 3878 καὶ
885 3830 1064 3897 μισεῖν
1107 3830 1322 3885 ἑλέσθαι
1361 3833 1562 3902 μᾶλλον
1594 3836 1652 3904 ἐξ
1679 3838 1896 3893 ἀνοσίου

310 3907 555 4002 γνώμης.
606 3912 721 3978 πῶς
752 3915 811 3968 οὐ
840 3916 1105 3990 δυσαχθὲς
1138 3921 1202 3975 τὸ
1231 3922 1340 3976 τῶν
1370 3924 1734 3997 ἐγκλημάτων
1765 3947 1899 4002 φορ·

309 4001 421 4055 τίον
449 4004 636 4068 αὐτοῖς
674 4008 1040 4078 smmis-erat;
1072 4007 1181 4067 Ἦν
1213 4015 1322 4087 γὰρ
1356 4016 1529 4089 δήπου
1568 4021 1630 4073 τὸ
1670 4021 1803 4076 πολύ
1841 4001 1897 4077 τι

310 4099 556 4167 κρεῖττον
577 4100 671 4153 καὶ
692 4100 935 4172 ἄμεινον,
958 4105 1094 4176 μήτε
1110 4106 1284 4176 λόγων
1299 4109 1497 4175 αὐτοὺς
1517 4113 1896 4185 ἐπακροᾶσθαι

314 4187 512 4257 σοφῶν,
559 4194 696 4262 μήτε
747 4194 854 4265 μὴν
893 4196 993 4267 τῆς
1020 4197 1193 4264 οὕτως
1228 4201 1471 4275 ἀρρήτου
1500 4208 1898 4279 τερατουργίας

313 4281 388 4343 είς
417 4281 541 4352 ὄψιν
573 4285 767 4343 ἐλθεῖν.
820 4289 981 4354 Ἴσως
1021 4291 1132 4364 γὰρ
1170 4293 1234 4348 ἂν
1273 4295 1759 4370 ὲξεμηχανήσαντο
1804 4302 1895 4356 τὸν

311 4372 400 4425 ἐπὶ
426 4374 503 4444 τῷ
529 4377 998 4447 συγγινώσκεσθαι
1025 4384 1137 4438 δεῖν
1155 4387 1256 4440 οὐκ
1282 4386 1533 4460 ἄκομψον
1569 4391 1726 4461 λόγον
1749 4410 1764 4424 ·
1795 4395 1896 4448 οὐκ

309 4463 629 4538 ἀκηκόαμέν
660 4487 715 4523 τι
762 4471 873 4526 τῶν
911 4476 1247 4545 ἀναγκαίων,
1283 4479 1405 4534 οὔτε
1442 4484 1551 4555 μὴν
1584 4485 1895 4557 τεθεάμεθα

308 4574 363 4608 τι
392 4558 646 4629 λέγοντες
675 4564 785 4619 τῶν
833 4568 915 4630 είς
954 4569 1141 4625 πίστιν
1194 4575 1520 4645 ἐπαγωγῶν.
1587 4579 1804 4652 Ἐπειδὴ
1837 4581 1894 4636 δὲ

307 4649 404 4721 οὐχ
427 4652 545 4716 ἐνὸς
565 4653 673 4709 τῶν
693 4657 866 4725 ἁγίων
895 4663 1216 4734 προφητῶν,
1241 4666 1357 4721 ἀλλ’
1378 4668 1544 4723 αὑτοῦ
1567 4670 1663 4725 τοῦ
1687 4649 1893 4730 ἄνωθεν

304 4741 534 4809 ἧκοντός
577 4764 639 4800 τε
685 4750 781 4804 καὶ
814 4752 890 4817 ὼς
921 4755 1070 4825 ἡμᾶς
1117 4759 1450 4832 ἐσταλμένου
1474 4764 1894 4823 διεπυνθάνοντο

304 4836 567 4930 Χριστοῦ,
603 4840 739 4896 ἀλλά
770 4846 863 4898 καὶ
891 4845 1058 4911 ξένων
1093 4849 1386 4922 θαυμάτων
1414 4856 1671 4925 γεγόνασι
1696 4857 1892 4930 θεωροὶ

305 4928 532 5019 (τυφλοῦ
565 4932 676 5003 γὰρ
723 4937 1037 5010 ὀφθαλμοὺς
1068 4942 1306 5015 ἀνέῳξεν
1353 4948 1381 5000 ὁ
1416 4949 1673 5019 Χριστὸς,
1710 4928 1890 5008 καίτοι

307 5018 538 5114 μηδενὸς
562 5022 751 5093 ἑτέρου
783 5026 1004 5083 πώποτε
1033 5031 1354 5106 δυνηθέντος
1381 5018 1621 5094 τοιοῦτόν
1646 5060 1699 5095 τι
1729 5045 1893 5114 ἐργά-

306 5111 562 5205 σασθαι),
616 5116 671 5169 τί
718 5117 817 5190 τὴν
868 5121 1138 5178 Ἰουδαίων
1190 5127 1449 5184 ἀπόνοιαν
1500 5111 1891 5205 ἐξαιρήσεται;

303 5201 337 5273 ἢ
373 5206 527 5269 ποῖος
557 5206 755 5276 ἐξοίσει
788 5212 879 5266 τοῦ
911 5215 1237 5281 κολάξεσθαι
1270 5220 1424 5292 λόγος
1457 5241 1471 5287 ;
1538 5226 1894 5294 Ἀκούσαντες

305 5295 416 5368 γὰρ
465 5297 559 5351 καὶ
591 5299 947 5372 τεθεαμένοι,
1000 5311 1341 5381 μεμισήκασι
1387 5315 1476 5369 καὶ
1520 5316 1611 5370 τὸν
1640 5318 1768 5373 Υίὸν
1798 5320 1893 5373 καὶ

306 5388 396 5442 τὸν
432 5390 687 5483 ῌατέρα.
750 5397 1109 5471 Μεμισήκασι
1159 5401 1217 5456 δὲ
1270 5403 1434 5474 πῶς;
1487 5406 1624 5462 Οὔτε
1658 5411 1767 5483 γὰρ
1799 5413 1890 5467 τὸν

311 5481 459 5550 παρὰ
484 5484 706 5577 ila-apo;
740 5484 810 5541 δι’
840 5489 970 5544 Υίοῦ
1022 5495 1354 5567 τετιμήκασι
1400 5499 1578 5569 λόγον,
1623 5481 1748 5558 οὔτε
1781 5505 1888 5577 μὴν

314 5574 419 5636 τοῖς
448 5572 549 5645 τῆς
603 5575 755 5642 θείας
811 5583 1028 5651 φύσεως
1075 5584 1286 5658 ἔργοις,
1338 5590 1399 5644 τὸ
1442 5594 1627 5661 αὐτοῖς
1678 5572 1888 5679 πρέ-πον

384 5756 603 5818 "Joan.
631 5774 722 5827 xv,
752 5762 841 5819 24.
921 5768 964 5801 ⁸⁸
983 5765 1140 5826 Joan.
1171 5769 1294 5839 11,!
1334 5784 1491 5841 seqq.

2001 3394 2211 3456 quanta
2267 3400 2430 3440 nemo
2482 3400 2717 3455 usquam
2764 3385 2902 3439 vidit
2954 3386 3278 3440 mortalium
3336 3386 3401 3439 ¹⁷.
3454 3385 3593 3450 Quis

2000 3479 2146 3534 enim
2192 3489 2509 3535 sanctorum
2550 3480 2619 3535 de
2661 3480 2951 3536 miraculis
2987 3494 3112 3535 cum
3153 3477 3382 3533 Christo
3409 3487 3592 3533 certa-

2000 3570 2124 3626 vit?
2150 3564 2230 3626 ‘At
2263 3586 2389 3627 cum
2424 3572 2493 3628 ab
2522 3573 2646 3641 ejus
2680 3572 2979 3629 dilectione
3020 3581 3232 3627 tantum
3275 3571 3461 3626 absint
3497 3567 3593 3623 Ju-

2000 3664 2134 3731 dai,
2169 3674 2229 3721 ut
2259 3680 2385 3721 eum
2426 3664 2813 3722 infensissimo
2846 3671 3264 3735 prosequantur
3295 3662 3425 3717 odio
3447 3702 3462 3726 ,
3494 3662 3591 3731 qui

2002 3756 2119 3811 ﬁeri
2160 3766 2340 3827 potest
2380 3765 2442 3812 ut
2482 3773 2591 3813 non
2633 3758 2999 3813 acerbissima
3040 3756 3122 3812 eis
3157 3754 3436 3824 supplicia
3480 3754 3588 3807 im-

2002 3846 2292 3904 mineant?
2323 3848 2512 3918 Longe
2540 3848 2746 3919 quippe
2777 3848 2957 3904 satius
2988 3846 3072 3901 eis
3105 3845 3340 3906 fuisset.
3374 3858 3477 3898 nec
3508 3843 3594 3897 di-

1999 3938 2161 3994 vinos
2204 3940 2326 4008 ejus
2363 3954 2651 3995 sermones
2688 3938 2918 3999 audire,
2958 3952 3062 3991 nec
3101 3934 3400 3990 ineﬂabilia
3431 3936 3592 4004 signa

2000 4036 2271 4100 spectare.
2304 4028 2423 4084 Non
2453 4031 2724 4087 insulsam
2755 4030 2902 4085 enim
2937 4028 3126 4084 forsan
3165 4029 3583 4083 excusationem

1998 4121 2315 4178 istiusmodi
2344 4132 2649 4192 praetexere
2682 4122 2993 4193 potuissent
3021 4140 3032 4173 :
3060 4119 3207 4174 Nihil
3241 4118 3587 4175 salutiferum

1999 4213 2336 4278 audivimus,
2359 4230 2536 4285 neque
2560 4214 2698 4270 adeo
2725 4229 2840 4268 rem
2870 4214 3034 4267 ullam
3067 4212 3441 4283 spectavimus
3468 4225 3591 4279 qua:

1996 4322 2102 4365 nos
2132 4307 2201 4362 ad
2243 4307 2404 4363 ﬁdem
2439 4307 2762 4362 adduceret.
2798 4306 3005 4361 Verum
3038 4321 3165 4360 cum
3205 4320 3311 4359 non
3350 4304 3589 4374 prophe-

1999 4409 2178 4455 tarum
2214 4414 2386 4454 unum
2409 4439 2425 4464 ,
2463 4399 2558 4455 sed
2595 4402 2779 4470 ipsum
2809 4397 3097 4453 Christum
3130 4396 3353 4451 coalitus
3384 4394 3450 4450 ad
3486 4408 3587 4449 nos

1998 4488 2304 4562 profectum
2353 4504 2419 4546 ac
2469 4490 2706 4546 missum
2758 4489 3074 4555 audierint,
3125 4503 3193 4544 ac
3242 4486 3584 4541 mirabilium

1997 4583 2119 4653 ejus
2143 4599 2367 4654 operum
2403 4592 2748 4655 spectatores
2785 4583 2990 4638 fuerint
3023 4581 3192 4652 (caeci
3222 4580 3426 4651 quippe
3454 4594 3588 4633 ocu-

1995 4676 2080 4732 los
2126 4675 2387 4734 Cbristns
2439 4677 2694 4748 aperuit,
2742 4692 2869 4732 cum
2920 4691 3084 4732 nemo
3142 4675 3287 4729 alius
3340 4686 3583 4742 unquam

1994 4768 2106 4824 tale
2154 4769 2287 4839 quid
2341 4768 2523 4826 facere
2581 4770 2855 4841 potuisset
2895 4769 3023 4840 ³⁸),
3080 4767 3212 4839 quid
3260 4763 3581 4820 Judmorum

1993 4860 2328 4916 dementiam
2361 4862 2638 4933 supplicio
2668 4862 2907 4917 eximet?
2930 4860 3174 4915 Tametsi
3210 4860 3356 4912 enim
3389 4855 3583 4910 audie-

1992 4955 2105 5010 rint
2128 4965 2190 5010 et
2223 4958 2533 5026 spectarint
2554 4996 2569 5018 ,
2606 4964 2788 5010 tamen
2821 4970 2946 5009 cum
2983 4953 3181 5008 Filium
3213 4960 3324 5005 tum
3362 4949 3582 5001 Patrem

1991 5047 2250 5104 oderunt.
2276 5046 2566 5112 Quomodo
2590 5060 2720 5101 vero
2743 5045 3016 5100 oderunt?
3044 5043 3357 5099 DOClI'lllalll
3381 5051 3582 5107 nempe

1991 5152 2022 5194 a
2062 5135 2226 5192 Patre
2266 5152 2363 5206 per
2404 5134 2606 5190 Filium
2647 5135 2911 5191 traditam
2945 5150 3054 5190 non
3086 5136 3485 5200 susceperunt,
3522 5134 3579 5184 et

1990 5237 2177 5300 spreta
2218 5235 2432 5282 naturae
2472 5227 2674 5284 divinae
2702 5243 2932 5299 Operum
2961 5216 3366 5285 admiratione,
3401 5221 3455 5274 in
3488 5228 3579 5274 to-

1990 5332 2101 5376 tam
2136 5320 2230 5376 Dei
2268 5327 2552 5386 naturam,
2607 5337 2637 5376 a
2670 5338 2780 5393 qua
2809 5323 2915 5377 ista
2956 5320 3116 5385 ﬁunt,
3157 5313 3458 5387 impietatis
3494 5314 3576 5369 rei

1995 5412 2290 5469 manifeste
2323 5413 2491 5485 908
2527 5416 2886 5471 tenebuntur.
2930 5411 3197 5468 Miracula
3234 5409 3442 5480 quippe
3479 5420 3578 5477 pa-

1994 5505 2171 5561 tranti
2204 5505 2434 5561 omnino
2468 5513 2522 5563 et
2550 5507 2671 5579 ipse
2697 5505 2862 5564 Pater
2892 5506 3119 5573 aderat,
3154 5518 3268 5560 non
3308 5509 3573 5568 tanquam

1994 5598 2137 5655 alius
2163 5613 2260 5671 per
2289 5597 2459 5655 alium
2492 5599 2762 5659 miracula
2793 5616 3061 5674 operans,
3086 5597 3182 5656 sed
3213 5603 3273 5652 ut
3295 5590 3573 5650 exsistcns
