4042 6204
502 292 609 347 415

1485 291 1543 346 S.
1584 289 1859 347 CYRILLI
1894 288 2363 345 ALEXANDHINI
2398 292 2717 371 ARCIIIEP.

3640 298 3755 353 416

499 409 556 463 in
591 407 765 471 Filio,
797 412 1025 477 propter
1057 404 1401 460 identitatem
1438 414 1686 472 natura,
1718 415 1773 461 et
1802 404 2072 459 omnimo—

2200 405 2543 476 ιτιμάσαντες
2581 409 2787 478 θαῦμα,
2821 408 3206 473 δυσσεϐοῦντες
3232 408 3479 479 ἐναργῶς
3510 412 3591 473 είς
3619 411 3741 481 ὃλην

497 500 624 554 dam
682 498 1013 555 substantiae
1064 498 1457 568 aequalitatem.
1515 497 1885 569 lngratissimi
1941 512 2072 568 ergo

496 591 704 653 Judaai,
743 591 833 660 qui
876 590 1188 645 Servatoris
1227 590 1538 644 doctrinam
1580 589 2070 659 incomparabilem

500 683 657 737 nihili
700 683 948 744 faciunt,
979 698 1042 736 ac
1080 690 1340 751 prazterea
1382 697 1477 752 per
1513 680 1712 734 Filium
1753 692 1807 736 et
1846 682 1899 735 in
1934 678 2074 734 Filio

499 771 681 829 Patris
729 782 984 827 naturam
1040 782 1348 842 spernunt,
1392 774 1647 843 quamvis
1678 772 2071 826 miraculorum

500 881 621 920 eam
651 866 900 936 opitieem
937 880 1061 920 esse
1096 874 1311 934 pateat.
1345 865 1545 935 quibus
1576 865 1659 920 vel
1700 864 1938 917 maxime
1976 863 2077 917 du-

502 973 599 1011 rus
640 972 703 1010 ac
744 956 1071 1023 praefractus
1103 955 1167 1009 ad
1201 956 1357 1009 [idem
1395 954 1605 1024 Deique
1635 955 1840 1011 cultum
1878 953 2076 1007 adduci

501 1057 737 1118 poterat.
794 1049 897 1103 Sed
954 1056 1014 1102 ut
1070 1048 1395 1118 impleretur
1444 1046 1590 1116 quod
1631 1047 1686 1100 in
1723 1061 1913 1102 eorum
1957 1046 2079 1116 lege

503 1141 771 1209 scriptum
825 1150 909 1195 cst
938 1160 950 1195 :
984 1159 1001 1191 ι
1037 1140 1176 1206 Quia
1227 1140 1468 1194 oderunt
1518 1154 1607 1193 me
1653 1138 1826 1209 gratis
1864 1137 1925 1201 ",
1955 1157 1973 1191 ι
2012 1153 2078 1192 ne

503 1233 639 1287 iliud
671 1233 895 1302 quidem
928 1233 1175 1302 ignotum
1210 1231 1384 1287 fuisse
1418 1232 1525 1301 legi
1574 1246 1604 1284 a
1655 1245 1764 1301 qua
1819 1230 2080 1300 praadieta

504 1335 633 1380 sunt
666 1326 848 1379 omnia
885 1335 1073 1396 aperte
1101 1325 1484 1390 demonstrat,
1517 1338 1623 1378 non
1658 1332 1839 1377 tamen
1873 1322 2083 1377 idcirco

502 1417 739 1472 dicimus
772 1417 874 1472 ista
907 1418 1076 1487 legem
1107 1417 1450 1486 przndixisse,
1482 1414 1873 1471 utJudmorum
1909 1416 1961 1469 iu
1997 1414 2084 1469 Fi-

501 1507 636 1561 lium
669 1515 723 1562 et
756 1506 971 1562 Patrem
1006 1507 1272 1575 injustum
1311 1507 1496 1561 odium
1530 1512 1950 1569 accenderetur,
1985 1505 2080 1559 sed

504 1600 629 1669 quia
660 1600 711 1653 id
737 1600 805 1657 ab
836 1599 923 1653 his
954 1598 1071 1652 ﬁeri
1099 1598 1335 1653 debebat
1357 1639 1371 1659 ,
1398 1597 1608 1651 idcirco
1640 1595 1825 1650 divina
1851 1605 1903 1651 et
1928 1610 2083 1651 saera

2176 496 2471 552 ἁλώσονται
2497 499 2594 571 τὴν
2623 500 2826 553 τούτων
2854 501 3208 572 ὲργάτιν³τοῦ
3235 501 3371 555 Θεοῦ
3404 502 3584 570 φύσιν.
3615 502 3742 557 Gau-

2179 588 2570 659 ματουργοῦντι
2600 590 2707 663 γὰρ
2739 591 2818 662 τῷ
2844 591 2979 662 Υίῷ,
3017 591 3183 663 συνῆν
3208 592 3385 662 δήπου
3416 593 3630 656 πάντως
3656 596 3746 649 καὶ

2175 684 2337 749 αὐτὸς
2365 687 2393 738 ό
2421 685 2627 756 Πατὴρ,
2668 686 2765 756 οὐχ
2798 686 2874 750 ὠς
2910 687 3097 757 ἔτερος
3136 685 3202 739 δι’
3238 687 3427 758 ἐτέρου
3456 688 3619 757 ’τυχὸν
3660 690 3747 742 ὲν-

2176 776 2355 848 εργῶν
2373 777 2443 831 τὰ
2475 777 2750 847 θαύματος
2778 778 2922 845 ἀξια,
2956 779 3067 832 ἀλλ’
3107 778 3182 842 ὡς
3211 780 3287 832 ὢν
3317 781 3372 834 ἐν
3400 780 3513 851 Υἱῴ
3538 781 3623 833 διὰ
3653 781 3751 852 τὴν

2177 868 2484 941 ταυτότητα
2517 870 2615 939 τῆς
2646 868 2882 938 φύσεως,
2928 871 3023 923 καὶ
3064 869 3161 941 τῆς
3189 870 3376 935 οὐσίας
3406 870 3466 923 τὺ
3503 871 3751 942 ἀπαράλ-

2178 959 2390 1013 λακτον.
2459 960 2765 1032 Ἀχάριστοι
2807 960 3094 1031 τοιγαροῦν
3138 962 3188 1014 oi
3222 961 3446 1026 τάλανες
3488 963 3753 1029 Ἰουδαῖοι,

2180 1051 2275 1104 καὶ
2304 1051 2397 1104 ἐπὶ
2425 1051 2591 1122 πολλῇ
2629 1055 2694 1124 τῇ
2725 1052 3087 1125 ἀγνωμοσύνῃ
3115 1052 3232 1106 λίαν
3268 1052 3752 1125 κατηγορούμενοι,

2181 1144 2246 1198 δι’
2278 1143 2486 1206 οὐδενὸς
2535 1143 2632 1214 μὲν
2666 1142 2880 1215 ἔχοντες
2925 1144 3084 1213 λόγου
3137 1143 3235 1216 τὴν
3278 1143 3608 1216 ἀσύγκριτον
3660 1146 3756 1199 τοῦ

2184 1234 2436 1305 Σωτῆρος
2456 1234 2828 1299 διδασκαλίαν,
2860 1234 3218 1306 ἀτιμάζοντες
3241 1235 3297 1290 δὲ
3321 1235 3458 1306 πρὸς
3481 1236 3655 1308 τούτῳ
3687 1235 3755 1289 δι’

2184 1324 2334 1387 Υἱοῦ,
2380 1325 2476 1379 καὶ
2514 1327 2570 1379 ἐν
2598 1326 2734 1395 Υίῷ,
2762 1326 2860 1397 τὴν
2886 1326 2978 1379 τοῦ
2999 1326 3210 1399 Πατρός
3236 1326 3413 1395 φύσιν,
3440 1328 3615 1381 καίτοι
3648 1326 3759 1381 τῶν

2187 1418 2327 1488 ὑπὲρ
2368 1417 2525 1487 λόγον
2576 1418 2759 1482 αὐτοῖς
2803 1417 3097 1488 θαυμάτων
3147 1418 3551 1489 ἀναδειχθεῖσαν
3599 1418 3761 1488 δημι-

2185 1509 2403 1578 ουργὸν,
2431 1508 2516 1577 ἐφ’
2538 1503 2619 1571 οἷς
2641 1503 2709 1578 ἦν
2737 1508 2883 1571 εἰκὸς
2909 1508 3001 1560 καὶ
3030 1508 3119 1560 τὸν
3150 1508 3356 1579 σφόδρα
3385 1507 3619 1578 σκληρὸν
3666 1508 3763 1562 καὶ

2186 1597 2435 1668 δυσήνιον
2477 1597 2709 1665 ἄγεσθαί
2749 1614 2807 1649 τε
2864 1597 2958 1649 καὶ
3011 1597 3291 1650 καλεῖσθαι
3343 1596 3529 1650 λοιπὸν
3575 1599 3655 1661 εἰς
3701 1599 3764 1650 τὸ

507 1692 589 1743 lex
616 1690 870 1760 prmdixit
895 1728 907 1753 ,
935 1695 994 1741 ut
1022 1688 1341 1743 ostenderet
1371 1687 1504 1741 nihil
1537 1689 1784 1758 ignotum
1815 1700 1939 1740 esse
1964 1685 2088 1755 Spi-

2200 1691 2407 1759 ρρονεῖν
2448 1687 2705 1742 δύνασθαι
2743 1687 2809 1741 τὰ
2839 1687 3024 1742 εἰκότα
3050 1688 3142 1741 καὶ
3173 1688 3241 1741 τὰ
3265 1687 3332 1741 δι’
3359 1680 3433 1741 ὧν
3462 1688 3565 1741 ἔδει
3598 1691 3765 1756 τιμᾶ-

507 1748 660 1837 ritui.
703 1780 983 1851 Scriptum
1018 1788 1106 1835 est
1138 1781 1193 1833 in
1221 1780 1362 1833 libro
1399 1748 1743 1833 Psaluiorum
1780 1793 1844 1833 ex
1875 1776 2085 1832 Christi

2200 1748 2313 1838 ἐὸαι
2347 1783 2501 1836 Θεόν.
2541 1782 2680 1836 Ἀλλ’
2709 1782 2798 1835 ἴνα
2829 1781 3088 1853 πληρωθῇ
3120 1782 3147 1834 ό
3174 1780 3331 1849 λόγος
3355 1782 3384 1832 δ
3412 1783 3468 1833 ἐν
3496 1781 3570 1852 τῷ
3614 1748 3765 1852 νόμῳ

506 1889 736 1944 persona
766 1872 1084 1929 Iudaeorum
1117 1871 1359 1926 furorem
1395 1871 1777 1942 objurgantis,
1808 1886 1873 1925 ac
1900 1870 2088 1925 dicen—

506 1970 581 2022 tis
609 1984 623 2021 :
657 1985 675 2017 ι
708 1966 846 2032 Quia
881 1965 1008 2021 odio
1045 1965 1234 2035 iniquo
1268 1964 1501 2019 oderunt
1536 1979 1622 2019 me
1656 1964 1724 2017 ”.
1752 1983 1770 2014 ι
1804 1962 2090 2029 Quomodo

507 2060 654 2114 enim
690 2075 798 2113 non
831 2059 1041 2128 injusto
1071 2058 1200 2113 odio
1227 2057 1502 2122 oderunt,
1529 2064 1626 2111 aut
1665 2055 1941 2126 quomodo
1980 2070 2089 2111 non

507 2150 827 2207 exacerbati
860 2157 992 2207 sunt
1019 2150 1214 2221 gratis,
1240 2149 1332 2220 qui
1363 2157 1573 2204 tantum
1603 2148 1794 2204 aberat
1822 2156 1882 2201 ut
1912 2148 2094 2204 odisse

508 2240 806 2306 deberent,
833 2251 893 2294 ut
923 2242 969 2295 si
998 2255 1060 2297 ea
1090 2255 1211 2311 qua:
1242 2256 1369 2311 erga
1392 2255 1486 2295 eos
1512 2238 1651 2293 facta
1676 2248 1806 2317 sunt
1836 2237 2094 2294 conside-

509 2348 732 2399 remus,
768 2348 988 2388 summo
1014 2332 1138 2401 ejus
1172 2331 1441 2402 sequendi
1471 2331 1745 2386 desiderio
1768 2329 2093 2386 inﬂammari

509 2424 817 2480 deberent?
841 2424 994 2479 Dicat
1016 2424 1165 2480 enim
1190 2464 1204 2488 ,
1235 2438 1446 2493 quimso,
1478 2423 1733 2493 quisquis
1755 2420 2003 2476 Iudaica:
2025 2420 2098 2474 fa-

508 2525 603 2574 vet
635 2517 1031 2581 incredulitati,
1053 2533 1219 2588 quam
1243 2517 1355 2572 odii
1388 2531 1611 2572 causam
1644 2515 1844 2570 habere
1870 2521 2096 2584 queant.

509 2610 784 2679 Quidnam
831 2627 1024 2667 eorum
1079 2626 1202 2681 qua:
1258 2625 1357 2679 per
1397 2609 1676 2663 Christum
1734 2606 1877 2662 facta
1930 2614 2096 2672 sunt,

511 2704 641 2761 odio
669 2714 764 2759 aut
795 2703 1086 2758 inimicitia
1117 2704 1340 2772 dignum
1364 2743 1376 2761 ,
1402 2701 1550 2771 quod
1582 2708 1762 2755 morte
1788 2709 1842 2754 et
1872 2699 2100 2756 interitu

512 2813 610 2853 eos
657 2797 950 2858 liberavit,
1006 2797 1151 2865 quod
1203 2809 1232 2848 a
1285 2793 1488 2849 diaboli
1539 2793 1826 2847 dominatu
1858 2793 2098 2863 eripuit,

515 2889 663 2959 quod
706 2888 919 2958 peccati
958 2886 1306 2958 tyrannidem
1347 2885 1584 2949 evertit,
1616 2892 1672 2939 et
1708 2899 1900 2941 servos
1935 2884 2002 2940 ad
2039 2883 2103 2938 ﬁ-

517 2980 798 3036 liationem
835 2978 925 3033 Dei
962 2976 1286 3034 revocavit?
1316 2977 1462 3047 quod
1498 2976 1884 3032 misericordia
1910 2985 1964 3032 et
1995 2976 2103 3033 be-

2187 1874 2367 1928 αύτῶν
2395 1873 2782 1946 γεγραμμένος
2805 1916 2820 1941 ,
2879 1895 2896 1925 ι
2924 1875 3046 1927 Ὅτι
3079 1872 3346 1944 ἐμίσησόω
3376 1890 3442 1943 με
3479 1873 3711 1943 δωρεὰν,
3742 1892 3760 1924 ι

2188 1965 2310 2018 ούδὲ
2337 1962 2497 2017 τοῦτο
2541 1965 2638 2034 μὲν
2678 1964 2939 2035 ἀγνοηθὲν
2963 1964 3040 2035 τῷ
3071 1964 3138 2018 τὰ
3168 1964 3344 2018 πάντα
3377 1964 3765 2035 προανακηρύσ

2192 2055 2343 2121 ξαντι
2376 2056 2527 2127 νόμῳ
2576 2056 2844 2110 δείκνυσιν
2880 2056 3144 2125 ἐναργῶς,
3197 2056 3334 2128 πλὴν
3380 2057 3441 2110 ού
3487 2058 3575 2110 διὰ
3608 2056 3772 2110 τοῦτό

2192 2165 2374 2218 φαμεν
2409 2150 2690 2219 προειπεῖν
2718 2150 2898 2203 ἐκεῖνα
2924 2148 3016 2202 τὸν
3041 2148 3222 2220 νόμον,
3259 2149 3345 2202 ἵνα
3384 2148 3444 2203 τὸ
3484 2149 3589 2203 τῶν
3635 2150 3770 2202 Ἰου-

2193 2239 2360 2294 δαίων
2406 2240 2627 2304 ὲξάπτοι
2665 2240 2725 2293 τὸ
2758 2243 2914 2311 μῖσος
2946 2240 3165 2304 ἀδίκως,
3215 2239 3355 2294 κατά
3396 2258 3455 2293 τε
3504 2240 3599 2293 τοῦ
3643 2240 3772 2294 Υἱοῦ

2193 2330 2290 2384 καὶ
2322 2330 2417 2385 τοῦ
2455 2330 2692 2403 Πατρός,
2731 2329 2845 2385 ἀλλ’
2875 2332 3101 2403 ἰπείπερ
3131 2330 3352 2403 ἔμελλεν
3393 2331 3613 2386 ἔσεσθαι
3642 2334 3774 2403 παρ’

2196 2422 2398 2487 αὐτῶν,
2442 2420 2976 2494 προαναπεφὼνηκεν
3015 2422 3044 2475 ό
3073 2421 3216 2487 θεῖος
3260 2423 3353 2477 καὶ
3396 2423 3542 2495 ίερὸς
3586 2424 3775 2495 νόμος,

2195 2516 2348 2570 οὐδὲν
2394 2514 2503 2569 τῶν
2547 2515 2820 2587 ἐσομένων
2858 2514 3125 2586 ὴγνοηκδς
3163 2514 3225 2568 τὸ
3268 2508 3493 2586 Πνεῦμα
3535 2514 3774 2580 δεικνύς.

2197 2608 2513 2682 Γέγραπται
2561 2609 2671 2680 γὰρ
2726 2608 2784 2661 ὲν
2831 2605 2999 2679 βίϐλῳ
3047 2606 3326 2677 Ψαλμῶν,
3381 2609 3446 2661 ὲκ
3479 2607 3781 2678 προσώπου

2198 2700 2461 2773 Χριστοῦ,
2491 2699 2588 2772 τὴν
2618 2698 2712 2753 τοῦ
2751 2698 3019 2753 Ἰουδαίων
3059 2697 3317 2752 ἀπόνοιαν
3353 2698 3777 2771 ἐπαιτιωμένου.

2200 2794 2296 2847 καὶ
2340 2792 2592 2861 λέγοντος
2625 2808 2638 2821 ·
2703 2811 2721 2844 ι
2752 2791 2875 2845 Ὀτι
2918 2793 3075 2860 μῖσος
3107 2790 3287 2845 ἄδικον
3330 2791 3599 2862 ὲμίσησάν
3631 2808 3729 2862 με.
3759 2809 3778 2843 ι

2201 2884 2328 2948 Πῶς
2370 2883 2479 2955 γὰρ
2524 2883 2624 2936 οὐκ
2667 2882 2850 2938 ἄδικον
2896 2884 3053 2954 μῖσος
3089 2882 3393 2954 ὲμίσησαν;
3445 2880 3561 2945 πῶς
3590 2881 3649 2934 δὲ
3685 2883 3785 2936 ούκ

2203 2973 2674 3047 ὲξεπικράνθησαν
2701 2974 2931 3046 δωρεὰν,
2968 2974 3024 3027 οἵ
3044 2991 3108 3044 γε
3133 2972 3385 3028 τοσοῦτον
3406 2974 3785 3045 ἀφεστηκότες

516 3073 787 3142 nignitate
820 3087 919 3126 sua
946 3070 1131 3141 justos
1160 3067 1340 3126 eﬂ'ccit
1368 3077 1619 3124 mortuos
1648 3069 1890 3140 peccatis
1909 3109 1924 3135 ,
1954 3069 2100 3140 quod

2203 3067 2299 3122 τοῦ
2328 3068 2526 3140 χρῆναι
2563 3067 2763 3139 μισεῖν,
2794 3067 2917 3121 ὅσον
2949 3060 3082 3138 ἧκεν
3115 3068 3289 3120 εἰπεῖν
3328 3068 3408 3130 είς
3442 3068 3542 3136 τὴν
3566 3065 3680 3121 τῶν
3705 3068 3787 3132 είς

519 3166 695 3221 sancti
732 3165 973 3235 Spiritus
1004 3179 1069 3219 ac
1101 3172 1314 3219 natura:
1343 3163 1546 3218 divina:
1574 3169 1865 3218 consortes
1897 3162 1942 3195 ’ί
1978 3161 2103 3217 red-

518 3258 680 3318 didit,
710 3266 765 3312 et
798 3259 848 3311 in
881 3258 1060 3327 ipsum
1080 3271 1181 3312 nos
1211 3255 1536 3328 angelorum
1563 3255 1908 3311 domicilium
1931 3255 2103 3312 intro-

519 3351 713 3418 duxit,
767 3350 1083 3419 cmiumque
1138 3349 1458 3404 hominibus
1510 3347 1760 3419 pervium
1820 3348 2105 3405 ostendit?

522 3442 806 3509 Quomodo
838 3442 1009 3514 igitur
1040 3457 1257 3511 acquum
1289 3449 1375 3496 est
1409 3441 1601 3495 horum
1637 3440 1801 3497 nobis
1833 3440 2102 3497 bonorum

521 3533 837 3602 largitorem
865 3538 919 3585 et
948 3531 1224 3600 pararium
1251 3529 1475 3594 odisse,
1499 3544 1563 3584 ac
1592 3544 1699 3585 non
1727 3531 1911 3601 potius
1936 3531 2105 3587 claris

521 3640 648 3679 eum
689 3623 948 3677 laudibus
997 3637 1059 3677 ac
1120 3623 1410 3693 perpetuis
1449 3621 1751 3692 gratiarum
1791 3624 2106 3681 actionibus

524 3730 554 3766 a
587 3713 751 3768 nobis
778 3712 1166 3767 remunerari?
1200 3710 1308 3766 Sed
1341 3711 1517 3774 nihil,
1548 3712 1769 3781 opinor,
1801 3712 2007 3768 durum
2042 3729 2106 3769 ac

526 3806 763 3874 rigidum
805 3804 1054 3860 Judaeum
1097 3804 1166 3858 ad
1208 3803 1485 3860 saniorem
1526 3814 1762 3861 mentem
1804 3804 2103 3861 reduxerit.

526 3899 653 3953 Odit
677 3899 822 3953 enim
853 3897 1017 3969 909
1043 3897 1213 3967 gratis
1236 3938 1251 3962 ,
1279 3912 1442 3966 quem
1471 3912 1534 3950 ex
1570 3905 1683 3951 tota
1715 3908 1895 3953 mente
1926 3900 2107 3968 potius

530 4005 715 4044 amare
760 3990 1012 4055 deceret,
1065 3996 1119 4044 et
1164 3988 1414 4058 obsequii
1465 3987 1773 4044 honoribus
1815 4005 2104 4045 coronare.

530 4083 856 4153 Quanquam
894 4083 981 4137 hic
1012 4082 1174 4137 etiam
1212 4083 1423 4139 utiliter
1463 4081 1731 4137 Dominus
1766 4083 2009 4138 ostendit
2048 4097 2109 4139 se

529 4174 843 4230 Judaeorum
885 4174 1280 4245 malignitatem
1313 4189 1420 4229 non
1465 4173 1786 4244 ignorasse,
1826 4173 1921 4229 sed
1965 4189 2108 4243 pra:-

531 4266 743 4323 dixisse
778 4266 964 4336 potius
1002 4273 1057 4319 et
1092 4280 1372 4336 praenosse
1412 4263 1691 4331 futuram,
1729 4279 1889 4318 usum
1926 4273 2109 4320 tamen

534 4376 595 4415 se
644 4361 981 4430 benignitate
1031 4366 1086 4413 et
1135 4356 1521 4412 misericordia
1574 4357 1685 4412 Deo
1734 4358 2106 4412 eonvenienti.

2208 3160 2405 3221 αὐτοὺς
2458 3158 2759 3229 γεγονότων
2823 3158 3014 3230 φύσιν,
3067 3157 3145 3222 ὡς
3191 3158 3365 3229 φιλεῖν
3424 3158 3623 3232 μᾶλλον
3691 3159 3789 3231 τὴν

2210 3252 2439 3308 ἀπασῶν
2468 3252 2728 3307 ἀνωτάτω
2769 3251 3025 3323 σπουδὴν,
3071 3250 3165 3306 καὶ¹
3202 3251 3423 3324 ἀγαπᾷν
3449 3251 3531 3316 είς
3565 3252 3627 3306 τὸ
3661 3252 3789 3324 βού-

2208 3344 2394 3400 λεσθαι
2425 3342 2843 3399 κατακολουθεῖν
2891 3342 3072 3415 αύτῷς
3108 3343 3276 3399 Ποίαν
3308 3344 3418 3416 γὰρ
3459 3344 3523 3399 ἀν
3551 3362 3639 3410 τις
3671 3344 3788 3417 ἔχοι

2208 3437 2304 3492 τοῦ
2350 3438 2541 3509 μίσους
2582 3436 2680 3509 τὴν
2706 3437 2983 3509 ἀφορμὴν,
3014 3437 3219 3507 λεγέτω
3247 3436 3555 3510 παρελθὼν,
3595 3440 3626 3492 ό
3669 3441 3789 3503 ταῖς

2223 3529 2543 3594 Ἰουδαῖκαῖς
2568 3530 2874 3594 ἀπειθείαις
2903 3529 3236 3604 συνηγορῶν.
3267 3532 3333 3585 Τί
3359 3530 3466 3585 τῶν
3485 3532 3790 3601 γεγονότων

2209 3623 2299 3677 διὰ
2327 3620 2588 3693 Χριστοῦ,
2620 3621 2828 3693 μίσους,
2860 3622 3028 3693 ἧγουν
3052 3622 3347 3694 ἀπεχθείας
3379 3622 3548 3691 ἀξιον,
3578 3624 3665 3677 ὅτι
3693 3624 3790 3678 θα-

2211 3714 2372 3769 νάτου
2419 3715 2511 3769 καὶ
2546 3714 2750 3788 φθορᾶς
2779 3715 3032 3782 ἐξείλετο,
3062 3716 3145 3770 ὅτι
3175 3714 3484 3782 πλεονεξίας
3512 3715 3792 3786 ἀπήλλαξε

2210 3804 2545 3875 διαϐολικῆς,
2594 3805 2690 3858 καὶ
2729 3804 2830 3877 τὴν
2870 3805 2970 3876 τῆς
2993 3805 3268 3878 ἁμαρτίας
3302 3804 3567 3860 κατέλυσε
3593 3823 3794 3877 τυραν-

2211 3897 2351 3963 νίδα,
2399 3898 2494 3951 καὶ
2519 3896 2581 3951 τὸ
2603 3896 2810 3962 δοῦλον.
2854 3897 2930 3962 ὡς
2972 3899 3108 3970 πρὸς
3136 3899 3359 3970 υίότητα
3400 3899 3499 3969 τὴν
3529 3898 3607 3963 ὡς
3657 3901 3795 3969 πρὸς

2212 3991 2345 4044 Θεὸν
2370 3991 2734 4069 ,ἀνεκόμισεν;
2766 3991 2849 4044 ὅτι
2880 3991 2945 4045 ὲκ
2979 3976 3394 4063 φιλανθρωπίας
3435 3991 3529 4045 καὶ
3557 3992 3798 4063 ἀμνησι-

2213 4082 2414 4145 κακίας
2441 4082 2679 4146 δικαίους
2725 4080 2972 4152 ἀπέφηνε
3010 4083 3136 4147 τοὺς
3178 4070 3297 4147 ταῖς
3328 4084 3622 4155 ἁμαρτίαις
3651 4102 3799 4140 νενε-

2213 4176 2563 4247 κρωμένους;
2615 4176 2696 4230 ὅτι
2725 4175 3038 4246 Πνεύματος
3069 4175 3226 4244 ἁγίου
3256 4177 3349 4231 καὶ
3379 4176 3529 4241 θείας
3578 4179 3799 4248 φύσεως

2214 4266 2464 4332 ἀπέδειξε
2498 4267 2788 4332 κοινωνοὺς
2805 4308 2821 4334 ,
2870 4267 2966 4321 καὶ
3005 4267 3134 4320 αὐτὸ
3160 4267 3217 4320 δὲ
3245 4269 3378 4339 ἡμῖν
3403 4268 3463 4322 τὸ
3490 4269 3599 4323 τῶν
3624 4271 3813 4340 ἁγίων.

2216 4355 2464 4425 ἀγγέλων
2496 4357 2863 4428 προύξένησεν
2904 4356 3239 4426 οἰκητήριον,
3285 4356 3379 4410 καὶ
3422 4356 3656 4428 βάσιμον
3707 4360 3802 4411 ἀν-

534 4454 798 4508 Adhibuit
830 4453 974 4506 enim
1006 4452 1167 4505 etiam
1200 4457 1308 4503 tam
1336 4461 1670 4518 praepostera
1703 4458 1883 4504 mente
1906 4449 2100 4505 ali‘eetis

2218 4446 2460 4520 θρώποις
2507 4446 2674 4513 ἔδειξε
2717 4448 2808 4500 τὸν
2853 4446 3113 4519 ούρανόνς
3168 4445 3293 4510 Πῶς
3335 4442 3428 4503 οὖν
3470 4448 3549 4502 ἔτι
3585 4450 3804 4503 δίκαιον

537 4544 847 4600 doctrinam
883 4546 948 4595 ad
986 4543 1218 4596 salutem
1261 4530 1692 4594 adhortatriccm
1716 4582 1731 4605 ,
1770 4548 1832 4594 ut
1879 4548 1935 4596 et
1990 4542 2115 4596 ﬁdei

538 4635 944 4690 confessionem
994 4633 1277 4687 miraculis
1325 4630 1718 4694 conﬁrmaret,
1768 4631 1813 4687 si
1857 4632 1952 4703 qui
1984 4633 2112 4688 boni

538 4738 596 4783 et
629 4726 769 4797 aequi
808 4733 1020 4780 essent.
1061 4723 1377 4792 Discipulos
1414 4739 1545 4777 vero
1599 4723 1687 4779 hic
1738 4740 1957 4795 quoque
2002 4742 2113 4783 non

540 4835 734 4890 parum
765 4817 961 4887 juvat,
1021 4824 1077 4868 ut
1110 4817 1259 4871 nulla
1293 4831 1418 4870 cum
1454 4815 1787 4885 injuriarum
1847 4821 2113 4874 memoria

540 4912 707 4968 etiam
751 4912 819 4964 iis
853 4924 880 4962 a
910 4908 1111 4974 quibus
1143 4908 1340 4964 durius
1378 4908 1763 4977 exciperentur
1795 4910 1992 4965 salutis
2024 4911 2121 4965 do-

543 5006 780 5062 ctrinam
806 5001 1155 5074 porrigerent
1179 5040 1192 5063 ,
1216 5008 1269 5055 et
1286 4999 1536 5070 vestigiis
1564 4999 1788 5055 virtutis
1819 5000 1970 5056 illius
1995 5016 2120 5072 quas

543 5098 724 5169 prima
754 5095 809 5150 in
841 5108 909 5149 eo
942 5092 1146 5149 eﬂ‘ulsit
1175 5092 1518 5148 insisterent.
1558 5090 1613 5146 Si
1655 5092 1786 5162 quid
1820 5092 1967 5146 enim
1993 5092 2122 5147 boni

546 5196 664 5252 est,
703 5186 834 5241 illud
863 5186 1104 5256 primum
1139 5184 1194 5239 in
1224 5183 1482 5244 Christo.
1513 5193 1568 5239 et
1600 5184 1656 5238 in
1688 5198 1822 5248 nos,
1853 5192 2019 5254 atque
2055 5200 2120 5240 ex

547 5293 615 5332 eo
644 5278 848 5347 optima
884 5291 1115 5347 qumque
1142 5276 1483 5332 derivantur.

2222 4542 2494 4611 μισεῖσθαι
2542 4540 2634 4594 τὸν
2664 4539 2869 4593 τούτων
2914 4541 3044 4610 ἡμῖν
3091 4538 3357 4608 γεγονότα
3402 4540 3644 4611 χορηγὸν
3709 4543 3813 4596 καὶ

2221 4633 2506 4705 πρύτανιν,
2555 4634 2647 4686 καὶ
2694 4634 2815 4703 οὐχὶ
2865 4632 3064 4704 μᾶλλον
3108 4630 3386 4702 ἀσιγήτοις
3432 4633 3801 4703 εὐφημεῖσθαι

2217 4726 2546 4795 δοξολογίαις
2577 4727 2669 4779 καὶ
2696 4726 3095 4798 ἀκαταλήκτοις
3146 4725 3596 4799 εὐχαριστ[ε]ίαις
3652 4731 3803 4782 ἀντι-

2218 4817 2573 4889 γεραίρεσθαι
2628 4819 2757 4890 παρ’
2811 4819 2882 4889 ﬁt:
2902 4810 3012 4884 ””ν;
3079 4820 3216 4873 Ἀλλ’
3263 4820 3434 4883 οὐδὲν,
3479 4815 3662 4889 οἶμαι,
3714 4820 3804 4872 τὸν

2220 4911 2480 4978 ἄτεγκτον
2509 4909 2823 4981 μεθίστησιν
2865 4905 3133 4978 Ἰουδαῖον,
3164 4913 3243 4976 είς
3264 4913 3323 4965 τὸ
3354 4910 3641 4982 βούλεσθαι
3674 4927 3804 4982 φρο-

2221 5003 2333 5053 νεῖν
2360 5000 2504 5072 ἆπερ
2530 5001 2634 5054 ἔδει
2665 5003 2904 5072 φρονεῖν.
2932 5001 3223 5073 Μεμίτηκε
3250 5002 3359 5074 γὰρ
3384 5001 3619 5074 δωρεὰν,
3653 5001 3715 5054 ὃν
3748 5001 3802 5065 ἐξ

2222 5092 2352 5164 ὅλης
2391 5092 2629 5156 διανοίας
2663 5094 2879 5164 ἀγαπᾷν
2916 5093 3022 5147 ἔδει
3056 5088 3274 5160 μᾶλλον,
3310 5095 3403 5148 καὶ
3431 5096 3552 5157 ταῖς
3594 5094 3664 5146 ὲκ
3708 5092 3805 5161 τῆς
3858 5122 3877 5141 Ι

2223 5185 2536 5248 εὐπειθείας
2589 5184 2950 5253 καταστέφειν
3011 5191 3247 5257 τιμαῖςτ
3286 5186 3430 5258 Πλὴν
3478 5187 3580 5240 κάν
3627 5186 3806 5253 τούτῳ

2223 5277 2507 5348 χρησίμως
2550 5277 2579 5330 ὁ
2622 5278 2823 5350 Κύριος
2869 5280 3064 5334 ἑαυτόν
3094 5281 3193 5334 οὐκ
3223 5279 3549 5351 ἠγνοηκέναι
3594 5279 3802 5349 δέδειχε

548 5370 647 5440 τὴν
674 5369 784 5422 τῶν
837 5369 1102 5423 Ἰουδαίων
1138 5368 1450 5432 κακόνοιαν,
1483 5369 1852 5440 προειρηκότα
1879 5369 1937 5423 δὲ
1984 5371 2185 5441 μᾶλλον
2214 5372 2309 5425 καὶ
2366 5372 2448 5425 ὅτι
2500 5372 2599 5441 μὲν
2665 5372 2816 5428 ἔσται
2876 5377 3282 5446 προεγνωκότα,
3330 5374 3674 5446 κεχρημένον
3743 5388 3807 5440 γε

557 5462 663 5536 μὴν
692 5462 1073 5533 ἡμερότητίτε
1132 5463 1227 5515 καὶ
1254 5460 1633 5533 ἀμνησικακίᾳ
1687 5461 1997 5534 θεοπρεπεῖ.
2059 5464 2426 5537 Παρατέθεικε
2452 5466 2581 5537 γὰρ,
2635 5468 2728 5521 καὶ
2780 5467 3165 5538 ἀκαθηκόντως
3201 5466 3372 5531 οὕτως
3413 5465 3803 5536 διακειμένοις.

553 5557 645 5610 τὸν
672 5556 752 5618 είς
782 5553 1056 5625 σωτηρίαν
1086 5554 1355 5608 καλοῦντα
1387 5555 1565 5625 λόγον,
1623 5559 1757 5631 πρὸς
1785 5560 1849 5612 τὸ
1880 5561 1973 5615 καὶ
2001 5561 2241 5632 θαύμασι
2272 5561 2519 5633 βεϐαιοῦν
2549 5563 2647 5635 τῆς
2695 5566 2773 5629 είς
2833 5565 2994 5620 αὐτὸν
3027 5565 3261 5628 πίστεως
3323 5562 3418 5635 τὴν
3484 5561 3805 5632 ὁμολογίαν,

636 5744 678 5775 ¹⁹
700 5740 843 5799 Psal.
886 5758 1075 5813 vam,
1109 5746 1161 5801 5.
1244 5747 1286 5777 ¹⁰
1309 5744 1454 5801 Psal.
1489 5761 1635 5810 πων,
1672 5745 1755 5799 l9.
1830 5744 1870 5777 ²¹
1893 5742 1934 5798 ll
1963 5743 2107 5800 Pctr.
2148 5761 2185 5811 ι,
2220 5746 2271 5799 εί.
