4042 6204
302 232 431 288 ﬁt?

1360 243 1425 298 IN
1466 242 1753 300 JOANNIS
1794 242 2246 300 EVANGELIUM
2292 244 2427 300 LIB.
2470 245 2539 299 Χ.

3472 254 3581 307 418

317 353 483 423 ειπερ
506 354 651 418 τινὲς
676 351 818 427 ἦσαν
848 358 1063 427 ἀγαθοὶ,
1087 362 1180 415 καὶ
1206 361 1567 434 εὐγνώμονες.
1612 363 1823 433 Ὠφελεῖ
1876 363 1932 417 δὲ
1971 365 2174 436 σφόδρα
2208 367 2309 420 κάν
2336 364 2511 436 τούτῳ
2578 350 2690 429 τοῖς
2742 365 3046 436 μαθηταῖς,
3095 366 3181 420 ἵνα
3233 370 3585 439 μνησικάκως

316 442 455 516 [γρξ
504 450 949 525 ἀμνησικάκως],
998 455 1094 508 καὶ
1143 460 1256 521 τοῖς
1322 458 1564 530 ὑϐρίζειν
1610 462 1808 526 αὐτοὺς
1853 464 2194 536 ἐπιχειροῦσι
2237 465 2330 519 τὸν
2375 465 2475 536 τῆς
2547 466 2821 536 σωτηρίας
2865 468 3191 537 προτείνωσι
3254 466 3442 533 λόγον,
3491 468 3585 515 καὶ

318 543 438 593 κατ’
468 542 603 594 αὐτὸ
645 542 904 614 δήτοῦτο
949 546 1070 599 κατ’
1107 547 1247 618 ῖχνος
1301 550 1471 614 ίόντες
1497 552 1770 621 φαίνοιντο
1826 555 1927 625 τῆς
1965 557 2023 608 ἐν
2059 556 2210 623 αὐτῷ
2275 558 2369 610 καὶ
2415 557 2639 628 πρώτης
2686 559 3071 632 διαλαμψάσης
3117 558 3337 631 ἀρετῆς.
3401 557 3467 610 Εἴ
3529 574 3583 615 τι

318 632 429 703 γὰρ
461 633 684 701 ἀγαθὸν,
721 638 779 691 ἐν
811 636 1015 709 πρώτῳ
1046 640 1288 712 Χριστῷ,
1318 646 1411 698 καὶ
1433 646 1520 714 ἐφ’
1545 648 1695 717 ἡμᾶς
1724 648 1819 701 καὶ
1846 649 1905 715 ἐξ
1938 650 2101 703 αὑτοῦ
2130 650 2341 720 διέρπει
2369 651 2546 705 πάντα
2568 652 2638 705 τὰ
2669 652 2951 707 κάλλιστα.

394 779 581 832 Ὅταν
625 778 694 833 δὲ
732 779 880 848 ἔλθῃ
922 784 954 835 ό
979 782 1389 853 Παράκλητος.
1432 787 1504 842 ὃν
1539 790 1654 859 ἐγὼ
1691 791 1905 862 πέμψω

2080 801 2196 870 XV,
2231 802 2335 869 26,
2401 804 2492 860 27.
2564 804 2696 861 Cum
2759 815 2933 859 autem
2991 806 3187 859 venerit
3240 803 3580 870 Paracletus,

319 869 464 938 ὑμῖν
504 873 665 939 παρὰ
694 873 944 942 Πατρός,
994 875 1059 927 τὸ
1089 877 1333 946 Πνεῦμα
1372 878 1482 947 τῆς
1524 881 1828 950 ἀληθείας,
1868 884 1899 938 ὃ

317 964 479 1030 παρὰ
515 963 623 1017 τοῦ
651 965 881 1033 Πατρός
905 965 1311 1037 ἐκπορεύεται,
1347 971 1578 1037 ἐκεῖνος
1598 976 1900 1046 μαρτυρή-

316 1068 413 1107 σει
448 1055 582 1124 περὶ
610 1056 776 1127 ἐμοῦ.
824 1058 934 1112 Καὶ
974 1061 1144 1130 ὑμεῖς
1176 1061 1245 1115 δὲ
1276 1063 1647 1133 μαρτυρεῖτε,
1680 1066 1770 1122 ὅτι
1800 1069 1901 1123 ἀπ’

317 1144 514 1214 ἀρχῆς
537 1151 665 1217 μετ’
688 1150 832 1205 eum?
858 1152 1019 1208 ἐστε.

391 1305 748 1375 Μεμισῆσθαι
771 1309 942 1378 Αέγων
965 1312 1159 1366 ἐαυτόν
1185 1331 1244 1367 τε
1269 1317 1363 1369 καὶ
1391 1317 1481 1370 τὸν
1506 1319 1728 1393 Πατέρα
1750 1321 1903 1394 παρὰ

317 1396 430 1450 τῶν
462 1398 737 1453 ἀσυνέτων
778 1403 1073 1470 Ἰουδαίων,
1122 1407 1217 1460 καὶ
1248 1408 1410 1462 τοῦτο
1436 1410 1645 1482 δωρεάν
1687 1414 1783 1466 καὶ
1814 1414 1902 1466 ἐπ’

314 1488 497 1542 οὐδενὶ
528 1490 638 1543 τῶν
666 1493 917 1557 είκότων,
951 1500 1392 1568 συμπαρεισάγει
1421 1499 1480 1553 τὸ
1508 1503 1733 1573 Πνεῦμα
1765 1522 1903 1575 χρη-

318 1581 529 1652 σίμως,
577 1584 714 1655 ὁμοῦ
764 1586 858 1640 καὶ
903 1587 1007 1657 τῆς
1037 1590 1199 1657 ἁγίας
1231 1591 1458 1662 Τριάδος
1504 1592 1604 1666 τὴν
1656 1596 1903 1669 ἀναπλή-

319 1691 488 1744 ρωσιν
517 1677 764 1746 ἐμποιῶν
807 1679 885 1751 τῷ
934 1680 1081 1753 λόγῳ
1126 1683 1221 1737 καὶ
1250 1684 1401 1755 αὐτῷ
1428 1684 1484 1738 δὲ
1531 1686 1747 1753 δεικνὺς
1778 1706 1905 1744 συν-

315 1771 724 1840 ητοιμασμένον
773 1770 889 1845 [γρ.
923 1774 1448 1850 συνητιμασμένον],
1482 1779 1569 1832 ἵνα
1596 1779 1904 1853 ὁλοκλήρως

317 1862 377 1912 ἐν
409 1860 524 1932 Υἱῷ
566 1866 1027 1936 πεπαρῳνηκότες
1072 1866 1403 1939 ἐλέγχωνται
1446 1872 1556 1925 τῶν
1584 1874 1904 1944 παραδόξων

317 1952 368 2003 ot
397 1950 613 2023 θεωροὶ,
648 1957 743 2008 καὶ
772 1955 873 2026 τῆς
899 1958 1160 2013 ἀνωτάτω
1188 1960 1376 2014 πασῶν
1403 1962 1593 2027 οὐσίας
1609 1965 1707 2036 τὴν
1730 1964 1904 2030 οὕτως

300 2048 576 2117 ὑπερφυᾶ
619 2047 1051 2121 καθυϐρίσαντες
1099 2052 1347 2125 δύναμιν,
1397 2054 1463 2108 δι’
1504 2048 1579 2110 ὧν
1609 2059 1710 2129 οὐχ
1756 2060 1904 2125 ὅπως

2002 910 2154 964 quem
2183 911 2276 964 ego
2313 896 2520 948 mittam
2550 897 2694 950 vobis
2735 914 2766 950 η
2805 896 2995 960 Patre,
3026 894 3288 964 Spiritum
3321 897 3580 959 veritatis,

2002 986 2092 1055 qui
2122 1003 2152 1038 a
2183 984 2344 1040 Patre
2373 987 2644 1053 procedit,
2685 987 2774 1041 ille
2820 989 3180 1042 testimonium
3210 986 3495 1057 perhibebit
3521 991 3584 1041 de

2005 1093 2103 1131 me.
2137 1077 2206 1131 Et
2255 1095 2342 1132 vos
2396 1079 2757 1133 testimonium
2791 1081 3109 1150 perhibetis,
3160 1081 3285 1151 quia
3322 1080 3386 1134 ab
3430 1081 3584 1134 initio

2004 1186 2205 1225 mecum
2228 1172 2379 1225 estis.

2075 1331 2329 1403 Seipsum
2364 1342 2417 1387 et
2442 1331 2659 1387 Patrem
2695 1333 2888 1393 dicens
2935 1350 2964 1389 a
2994 1333 3331 1390 vecordibns
3372 1333 3582 1387 Judteis

2002 1423 2131 1479 odio
2167 1425 2381 1491 haberi,
2415 1426 2577 1495 idque
2605 1427 2779 1496 gratis
2831 1442 2895 1480 ac
2931 1427 3083 1479 nulla
3113 1426 3262 1496 justa
3296 1426 3363 1481 de
3390 1441 3580 1489 causa,

2003 1515 2168 1570 simul
2231 1515 2399 1571 etiam
2449 1517 2663 1571 utiliter
2724 1516 2943 1570 inducit
2996 1514 3310 1586 Spiritum,
3382 1528 3585 1572 sanctae

2005 1593 2301 1662 Trinitatis
2366 1610 2830 1677 complementum
2887 1609 2993 1663 boc
3047 1609 3210 1664 modo
3278 1617 3581 1672 astruens,

2001 1706 2056 1753 et
2114 1712 2221 1752 una
2291 1714 2418 1753 cum
2482 1696 2643 1754 Patre
2732 1715 2792 1755 se
2868 1702 3133 1755 violatum
3221 1702 3522 1757 ostendens
3563 1742 3580 1768 ,

2003 1799 2064 1845 ut
2097 1805 2225 1846 cum
2282 1791 2361 1846 illi
2416 1791 2812 1848 miraculorum
2868 1801 3213 1865 spectatores
3270 1795 3326 1849 in
3385 1793 3581 1849 Filium

2001 1884 2163 1955 plane
2199 1882 2527 1938 debacchati
2562 1891 2714 1949 sunt,
2766 1900 3039 1956 supremae
3068 1900 3289 1956 quoque
3333 1889 3582 1941 omnium

2003 1976 2330 2031 substantiae
2377 1977 2636 2046 potestati
2677 1977 2940 2047 iniuriam
2996 1978 3198 2034 fecisse
3248 1991 3582 2050 arguantur,

2003 2082 2115 2121 non
2173 2067 2335 2123 modo
2384 2082 2453 2121 ex
2510 2083 2577 2123 eo
2630 2070 2778 2138 quod
2829 2069 3246 2141 suscipiendum
3306 2087 3413 2125 non
3461 2087 3585 2127 esse

320 2139 725 2209 παραδέχεσθαι
763 2142 875 2196 δεῖν
913 2142 1080 2214 ᾤοντο
1118 2145 1209 2199 τὸν
1238 2148 1496 2219 Χριστὸν,
1531 2150 1706 2206 καίτοι
1741 2171 1902 2224 τερα-

2007 2159 2283 2216 Christum
2340 2169 2618 2231 putarent,
2657 2162 2794 2217 licet
2844 2164 2910 2217 ad
2946 2139 3112 2219 [idem
3162 2164 3243 2221 eis
3274 2163 3583 2220 faciemlam

317 2231 659 2301 τουργοῠντα
690 2232 873 2298 ξένως,
918 2236 998 2299 είς
1028 2236 1401 2310 πληροφορίαν
1435 2242 1636 2307 αὐτῶν,
1674 2244 1788 2299 ἀλλ’
1822 2238 1898 2301 ὧν

317 2321 419 2393 ἥδη
446 2321 739 2393 δεδράκασι
765 2341 778 2353 ’
810 2324 1239 2397 δεδυσσεϐηκασι
1285 2329 1394 2402 γὰρ
1426 2332 1506 2395 είς
1535 2333 1716 2399 αὐτὸν,
1739 2334 1779 2390 ἀ
1806 2338 1901 2391 καὶ

324 2412 489 2481 μόνον
515 2415 665 2469 ἐστὶν
692 2416 940 2487 ἐννοῆσαι
970 2417 1219 2489 φρικτόν.
1269 2420 1485 2487 Καίτοι,
1523 2422 1658 2494 φαίη
1696 2424 1805 2496 γὰρ
1835 2426 1902 2481 ἄν

316 2520 404 2568 τις
430 2506 617 2576 τυχὸν,
659 2500 705 2560 ὦ
734 2508 1040 2579 παράφρων
1084 2508 1324 2576 Ἰουδαῖε,
1372 2510 1667 2583 θαυμάτων
1694 2533 1776 2570 σοι
1804 2516 1901 2586 γέο

317 2614 447 2665 γονε
495 2599 827 2670 δημιουργὸς
872 2602 902 2655 ό
948 2603 1222 2674 Χριστὸς,
1273 2603 1309 2658 ἃ
1361 2606 1457 2658 καὶ
1506 2606 1605 2678 τὴν
1657 2609 1904 2674 Μωσέως

318 2689 614 2761 ὑπεραίρει
658 2690 813 2756 δόξαν
846 2692 940 2746 καὶ
972 2693 1174 2758 παντὸς
1205 2694 1359 2764 ἁγίου
1404 2695 1782 2769 λαμπρότητα.
1829 2700 1905 2754 To

318 2782 431 2853 γὰρ
465 2782 634 2851 φάναι
680 2784 772 2837 τὸν
798 2784 1025 2856 Κύριον,
1078 2804 1100 2838 ι
1123 2786 1186 2840 Εί
1218 2785 1288 2840 τὰ
1318 2786 1455 2859 ἔργα
1483 2789 1558 2861 μὴ
1585 2790 1817 2861 ἐποίησα
1844 2794 1904 2847 ἐν

318 2872 528 2939 αὐτοῖς,
559 2873 596 2929 ἃ
624 2875 811 2946 μηδεὶς
839 2875 999 2941 ἄλλος
1026 2879 1274 2950 ἐποίησε,
1304 2897 1323 2931 ι
1360 2879 1618 2952 τοιαύτην
1649 2882 1781 2953 ημῖν
1804 2881 1904 2953 τὴν

319 2964 564 3019 διάνοιαν
593 2966 855 3039 είσφέρει.
888 2964 1023 3022 Εἶτα
1045 2969 1138 3023 τὸν
1161 2970 1270 3025 τῶν
1293 2970 1592 3027 ἐλαττόνων
1625 2973 1905 3045 ὑπηρέτην

322 3055 416 3109 καὶ
444 3055 716 3122 διάκονον,
755 3074 828 3131 φη
838 3059 900 3129 μὶ
926 3059 990 3113 δέ
1020 3061 1248 3127 Μωσέα,
1297 3066 1420 3128 ταῖς
1452 3062 1595 3118 οὕτω
1626 3064 1905 3137 λαμπραῖς

303 3149 692 3218 ”καταστέφεις
738 3154 943 3224 τιμαῖς,
992 3152 1085 3207 τὸν
1128 3152 1185 3206 δέ
1229 3154 1576 3226 ἀσυγκρίτως
1619 3156 1905 3229 ὑπερφερῆ

326 3243 419 3295 καὶ
452 3241 592 3297 πολὺ
635 3242 748 3297 τῶν
789 3244 1093 3315 ἀμεινόνων
1142 3246 1403 3319 ἐργάτην,
1448 3248 1721 3314 ἀσυνέτως
1763 3250 1906 3305 οὕτω

324 3333 753 3405 παρωθούμενος
773 3337 874 3389 οὐκ
911 3336 1188 3409 ἐρυθριᾷς,
1228 3338 1405 3392 καίτοι
1423 3341 1534 3403 τοῖς
1558 3340 1647 3393 διὰ
1664 3341 1906 3407 Μωσέως

322 3425 769 3497 χρησμῳδὴμασι
802 3428 865 3480 τὸ
893 3427 1061 3481 πάλαι
1086 3428 1473 3501 διηγγελμένον
1504 3432 1779 3501 ἐπάγοντα
1810 3434 1907 3487 πέ-

2004 2252 2275 2323 stupenda
2309 2253 2577 2308 miracula
2605 2253 2880 2321 edentem,
2918 2255 3014 2311 sed
3042 2272 3107 2310 ex
3140 2256 3209 2312 iis
3241 2273 3361 2329 quae
3389 2274 3586 2329 perpe-

2003 2351 2265 2399 trarunt:
2307 2359 2371 2400 ea
2416 2345 2620 2415 quippe
2651 2345 2705 2399 in
2754 2346 2921 2402 illum
2984 2355 3300 2417 patrarunt,
3350 2365 3472 2418 quia:
3504 2350 3587 2403 vel

2003 2431 2265 2503 cogitanti
2298 2432 2585 2487 horrorem
2635 2433 2933 2488 incutiant.
2965 2435 3158 2503 Atqui,
3207 2450 3240 2491 ο
3265 2452 3459 2491 vecors
3489 2435 3587 2492 Ju-

2004 2524 2138 2589 dare,
2163 2522 2308 2579 dicet
2353 2524 2578 2594 aliquis,
2631 2524 2898 2579 miracula
2946 2526 3046 2579 tibi
3080 2527 3339 2584 Christus
3382 2529 3583 2594 edidit,

2005 2630 2126 2686 quae
2154 2630 2278 2669 cum
2315 2614 2484 2670 Mosis
2516 2615 2773 2685 gloriam,
2805 2626 2920 2670 tum
2962 2617 3212 2671 omnium
3265 2627 3584 2673 sanctorum

2005 2704 2354 2776 splendorem
2392 2714 2678 2774 superant.
2731 2703 2891 2770 Quod
2936 2706 3082 2760 enim
3136 2704 3403 2763 Dominus
3452 2709 3527 2763 ait
3569 2726 3584 2762 :

2010 2814 2029 2849 ι
2068 2794 2126 2851 Si
2162 2811 2329 2867 opera
2363 2811 2473 2851 non
2529 2794 2795 2851 fecissem
2830 2796 2883 2850 in
2924 2795 3027 2862 eis,
3061 2811 3184 2867 qua
3234 2814 3394 2853 nemo
3445 2800 3589 2855 alius

2005 2888 2180 2955 fecit,
2220 2907 2239 2942 ι
2294 2888 2613 2944 istiusmodi
2658 2888 2822 2944 nobis
2889 2903 3111 2944 sensum
3185 2888 3378 2944 infert.
3426 2889 3586 2946 Tunc

2004 2996 2135 3051 ergo
2172 2976 2375 3036 Mosem
2406 2980 2561 3034 illum
2596 2978 2923 3035 inferiorum
2974 2980 3292 3037 ministrum
3322 2992 3436 3036 tam
3481 2984 3595 3040 cla-

2007 3073 2086 3127 ris
2120 3071 2381 3128 laudibus
2411 3071 2609 3138 eﬂ'ers;
2647 3071 2740 3142 qui
2766 3086 2905 3127 vero
2942 3071 3459 3144 incomparabiliter
3491 3088 3585 3127 an-

2007 3164 2232 3228 tecellit,
2281 3171 2334 3219 et
2382 3162 2543 3234 longe
2574 3162 3030 3233 praestantiorum
3085 3171 3171 3217 est
3220 3165 3440 3229 artifex,
3475 3174 3587 3218 tam

2008 3258 2174 3311 stulte
2207 3255 2499 3327 repudiare
2522 3245 2629 3309 non
2673 3254 2984 3317 erubescis,
3022 3254 3149 3308 licet
3182 3255 3432 3311 Mosaieis
3466 3272 3590 3312 ora-

2007 3348 2150 3403 culis
2184 3347 2345 3401 linem
2377 3347 2507 3401 olim
2545 3346 2977 3416 praenuntiatum
3008 3345 3200 3401 aﬂ‘erat
3238 3347 3470 3418 910a
3502 3349 3588 3403 in-

2011 3449 2095 3491 tra
2128 3438 2418 3493 veritatem
2457 3438 2706 3493 umbram
2748 3437 2969 3492 demum
3003 3438 3266 3494 includat.
3318 3439 3588 3496 Dominus

320 3533 451 3586 ρας,
481 3518 579 3570 καὶ
601 3518 994 3574 κατακλείοντα
1014 3520 1200 3575 λοιπὸν
1222 3523 1301 3584 είς
1322 3522 1582 3594 ἀλήθειαν
1605 3524 1703 3596 τὴν
1725 3526 1901 3581 σκιάν.

2009 3544 2142 3599 ergo
2191 3537 2382 3585 noster
2435 3527 2597 3584 Jesus
2642 3530 2900 3585 Christus
2942 3528 3198 3599 Spiritus
3251 3531 3584 3587 mentionem

336 3607 509 3679 Ὁμοῦ
556 3610 848 3682 τοιγαροῦν
876 3613 904 3664 ὁ
937 3611 1140 3683 Κύριος
1178 3613 1337 3684 ἡμῶν
1384 3615 1588 3685 Ἰησοῦς
1614 3617 1643 3670 ὁ
1672 3617 1906 3688 Χριστὸς

322 3701 786 3772 συνεισκεκόμικε
834 3703 934 3772 μὲν
976 3704 1316 3773 ἀναγκαίως,
1370 3707 1548 3779 ἐαυτῷ
1595 3726 1655 3763 τε
1697 3711 1791 3765 καὶ
1831 3711 1910 3783 τῷ

326 3792 504 3861 ﬂet-cpi.
540 3792 640 3864 τὴν
688 3794 780 3847 τοῦ
831 3794 1148 3867 Πνεύματος
1199 3800 1459 3871 μνήμηνο
1516 3802 1811 3873 ἀπελέγχει
1853 3803 1910 3857 δέ

322 3883 449 3953 in:
478 3883 543 3937 τὸ
578 3887 868 3957 εἰρημένον
898 3888 1117 3961 ἀληθὲς,
1152 3889 1298 3942 τοῦτ’
1334 3890 1502 3954 ἐστιν,
1535 3893 1613 3955 ὡς
1642 3894 1802 3966 εἴπερ
1826 3911 1909 3958 τις

325 3978 506 4031 ἕλοιτο
528 3978 619 4032 διὰ
653 3980 841 4049 μίσους
885 3980 1027 4051 ἔχειν
1052 3982 1142 4035 τὸν
1175 3982 1320 4047 Υίὸν,
1353 3987 1817 4058 συναποστυγήσει
1845 3987 1908 4059 δὴ

330 4069 550 4132 πάντως
575 4070 672 4123 καὶ
696 4070 790 4123 τὸν
822 4070 880 4136 ἐξ
923 4064 1095 4142 οὗπερ
1124 4074 1240 4125 ἐστὶ
1270 4075 1489 4147 Πατέρα
1517 4093 1530 4107 ·
1582 4078 1675 4130 καὶ
1705 4077 1843 4144 πῶς,
1872 4079 1905 4150 ἢ

328 4159 456 4213 τίνα
502 4159 567 4230 δὴ
601 4162 824 4231 τρόπον,
869 4163 966 4217 θέα
997 4164 1177 4217 πάλιν.
1227 4165 1355 4218 Ἰδοὺ
1385 4168 1513 4239 γὰρ,
1552 4169 1659 4221 ἰδοὺ
1687 4170 1908 4241 Πνεῦμα

332 4251 433 4321 τῆς
482 4251 762 4323 ἀληθείας,
812 4255 954 4308 τοῦτ’
987 4256 1152 4321 ἐστιν,
1194 4256 1385 4310 ἐαυτοῦ
1417 4258 1507 4311 τὸν
1552 4260 1909 4331 Παράκ).ητον

331 4342 520 4408 εἰπὼν,
557 4348 709 4415 παρὰ
737 4346 830 4398 τοῦ
866 4348 1074 4419 Πατρὸς
1109 4350 1269 4402 αὐτὸν
1299 4349 1693 4419 ἐκπορεύεσθαί
1722 4370 1905 4422 φησιν.

335 4436 546 4509 Ὥσπερ
568 4439 676 4509 γάρ
700 4441 848 4494 ἐστιν
869 4441 998 4493 ἴδιον
1026 4442 1246 4513 Πνεῦμα
1277 4443 1372 4497 τοῦ
1409 4444 1537 4497 Υἱοῦ
1566 4447 1828 4515 φυσικῶς,
1850 4449 1907 4499 ἐν

328 4530 481 4601 αὐτῷ
506 4550 566 4584 τε
588 4534 855 4603 ὑπάρχον,
884 4536 979 4588 καὶ
1005 4520 1071 4588 δι’
1091 4538 1255 4590 αὑτοῦ
1290 4538 1497 4607 προϊὸν,
1528 4537 1670 4591 οὕτω
1696 4541 1791 4592 καὶ
1813 4537 1907 4591 τοῦ

322 4624 567 4694 Πατρός.
596 4621 690 4690 Οἷς
724 4625 779 4678 δέ
810 4625 872 4678 τὸ
906 4626 1120 4697 πνεῦμα
1149 4626 1345 4689 κοινὸν,
1376 4627 1585 4692 τούτοις
1614 4629 1704 4698 εἴη
1737 4629 1907 4700 δήπου

319 4716 553 4779 ’πάντως
577 4716 641 4769 ἂν
668 4718 764 4769 καὶ
788 4716 856 4769 τὰ
878 4717 977 4785 τῆς
1005 4718 1190 4781 οὐσίας
1213 4719 1273 4771 οὐ
1299 4719 1649 4789 διωρισμένα.
1685 4720 1775 4789 Μὴ
1801 4717 1909 4789 γὰρ

329 4800 394 4878 δή
422 4824 570 4868 τινες
601 4808 748 4878 ἡμᾶς
776 4807 883 4861 τῶν
914 4808 1192 4862 δυσσεόεἰν
1226 4811 1495 4863 εἰωθότων
1533 4814 1644 4873 τοῖς
1679 4808 1737 4875 ἐξ
1768 4811 1910 4879 ἀμα-

2011 3637 2200 3679 secum
2243 3637 2348 3676 una
2386 3629 2441 3677 et
2494 3637 2619 3677 cum
2661 3620 2825 3677 Patre
2884 3623 3203 3678 necessario
3252 3623 3458 3687 intulit,
3513 3626 3588 3679 si-
3693 3622 3700 3628 ’

2009 3714 2233 3784 mulque
2266 3729 2455 3769 verum
2486 3729 2611 3771 esse
2654 3713 2905 3769 ostendit
2936 3716 3084 3784 quod
3122 3716 3273 3783 prius
3321 3716 3583 3781 diximus,

2010 3821 2205 3877 nempe
2230 3805 2277 3860 si
2323 3805 2448 3876 quis
2478 3803 2676 3859 Filium
2735 3803 2949 3870 oderit,
2992 3805 3152 3859 simul
3188 3803 3350 3858 etiam
3383 3820 3585 3858 exosu-

2008 3912 2129 3952 rum
2163 3896 2315 3949 illum
2343 3908 2408 3949 ex
2435 3910 2545 3965 quo
2574 3904 2658 3949 est
2695 3893 2913 3950 Patrem
2937 3913 2949 3961 ;
2977 3909 3086 3964 quo
3118 3902 3273 3962 pacto
3299 3909 3451 3959 vero,
3486 3894 3585 3947 ad-

2011 3994 2161 4040 verte
2188 4000 2405 4040 rursus.
2425 3982 2565 4037 Ecce
2591 3984 2762 4047 enim,
2780 3999 2906 4037 ecce
2928 3999 3051 4036 cum
3088 3980 3352 4051 Spiritum
3380 3982 3585 4035 verita-

2010 4077 2104 4140 tis,
2139 4076 2189 4130 id
2226 4085 2311 4130 cst
2349 4092 2532 4139 suum,
2568 4074 2910 4129 Paracletutn
2952 4074 3173 4137 dixerit,
3215 4090 3242 4126 a
3278 4073 3437 4127 Patre
3468 4076 3584 4143 ipse

2013 4168 2085 4222 ait
2107 4167 2424 4238 procedere.
2448 4164 2604 4221 Sient
2623 4168 2766 4219 enim
2794 4166 3049 4235 proprius
3074 4176 3158 4222 est
3178 4163 3301 4220 Filii
3340 4165 3583 4235 Spiritus

2012 4262 2336 4314 naturaliter
2368 4268 2421 4311 et
2443 4260 2498 4312 in
2532 4258 2651 4326 ipso
2676 4257 2973 4320 exsistens,
2992 4265 3043 4310 et
3066 4272 3161 4325 per
3187 4257 3363 4327 ipsum
3388 4272 3585 4325 proce-

2010 4353 2169 4413 dens.
2209 4353 2283 4405 ita
2315 4352 2480 4406 etiam
2535 4349 2739 4404 Patris.
2789 4349 3000 4414 Quibus
3054 4360 3234 4403 autent
3271 4349 3583 4405 communis

2011 4452 2097 4499 est
2130 4434 2410 4513 Spiritus,
2464 4443 2517 4497 hi
2553 4444 2743 4513 utique
2788 4442 3101 4495 substantia
3140 4458 3247 4496 non
3298 4443 3579 4497 diﬂ'eruut.

2009 4532 2087 4588 Ne
2123 4548 2222 4589 nos
2256 4536 2400 4588 enim
2430 4534 2616 4588 stultis
2648 4533 2764 4588 suis
2795 4533 3143 4588 sermonibus
3177 4534 3329 4603 impii
3361 4534 3583 4603 quidam

2010 4627 2074 4680 ad
2116 4642 2179 4681 ea
2213 4641 2333 4696 qum
2368 4626 2522 4681 neias
2568 4625 2865 4687 abducant,
2924 4633 2984 4680 ut
3027 4626 3333 4695 cogitemus
3381 4625 3581 4679 Filium

2012 4719 2254 4772 ministri
2290 4719 2436 4772 vices
2468 4717 2768 4786 implendo,
2804 4716 3070 4788 Spiritum
3107 4718 3200 4787 qui
3254 4732 3281 4771 a
3314 4716 3472 4772 Patre
3500 4724 3585 4773 est

2012 4819 2278 4862 creaturze
2314 4809 2670 4864 ministrare:
2709 4826 2831 4863 nam
2871 4808 2924 4862 id
2961 4810 3205 4863 nonnulli
3238 4810 3421 4863 dicere
3462 4807 3584 4863 ausi

330 4896 483 4961 θείας
514 4897 959 4969 ἀποκομιζόντων
990 4899 1190 4968 λόγοις,
1222 4903 1301 4963 είς
1332 4900 1367 4954 ἃ
1399 4901 1472 4970 μὴ
1499 4899 1655 4969 θέμις
1684 4902 1904 4959 ἐννοεῖν,

2015 4913 2160 4955 sunt.
2190 4900 2331 4967 Quin
2361 4902 2543 4970 potius
2584 4911 3013 4957 consentaneum
3045 4909 3128 4957 est
3164 4901 3407 4963 credere,
3438 4899 3583 4969 quod

331 4988 408 5052 ὼς
449 4990 793 5060 ὑπουργικήν
848 5007 968 5043 τινα
1009 4991 1199 5060 χρείαν
1242 4991 1575 5064 ἀποπληρῶν
1618 4993 1647 5044 ὁ
1690 4991 1817 5053 Υἱὸς
1854 4994 1905 5045 τὲ

2013 5009 2136 5047 cum
2170 4991 2412 5063 Spiritus
2441 4991 2511 5046 sit
2539 4992 2588 5061 ej
2603 5009 2665 5047 ns
2692 4993 2972 5063 proprius,
3015 4993 3180 5047 sicuti
3222 4991 3475 5044 nimirum
3498 4997 3583 5044 est

333 5078 486 5148 παρὰ
519 5078 614 5131 τοῦ
651 5079 863 5150 Πατρὸς
908 5082 1135 5152 Πνεῦμα
1167 5084 1233 5153 τῇ
1270 5082 1443 5136 κτίσει
1490 5083 1765 5137 διακονεῖ·
1822 5084 1913 5135 καὶ

244 5172 255 5180 ’
330 5170 490 5224 τοῦτο
538 5171 647 5242 γὰρ
695 5173 969 5236 ἀσυνέτως
1021 5175 1165 5238 τινὲς
1217 5176 1276 5227 οὐ
1341 5174 1659 5229 κατέδεισαν
1704 5168 1911 5229 ὶίπεῖν.

334 5264 615 5318 Πιστεύειν
657 5265 715 5318 δὲ
772 5265 974 5335 μᾶλλον
1019 5266 1330 5331 ἀκόλουθον,
1374 5267 1450 5329 ὡς
1500 5267 1730 5338 ἐπείπερ
1782 5268 1911 5321 ἴδιόν

325 5357 479 5410 ἐστιν
511 5355 701 5420 αὑτοῦ,
750 5356 1000 5426 καθάπερ
1030 5357 1220 5427 ἀμέλει
1252 5360 1347 5411 καὶ
1374 5358 1467 5412 τοῦ
1493 5358 1628 5411 Θεοῦ
1662 5360 1757 5411 καὶ
1792 5359 1904 5411 Πα-

327 5449 476 5520 τρὸς,
526 5449 846 5504 ἀποστέλλει
884 5452 998 5513 τοῖς
1040 5451 1217 5519 ἁγίοις
1264 5450 1430 5505 αὑτοῦ
1474 5453 1742 5523 μαθηταῖς
1770 5452 1905 5521 πρὸς

334 5542 621 5613 ἁγιασμόν.
675 5543 735 5595 Et
760 5541 817 5596 δὲ
846 5542 911 5611 δὴ
942 5542 1222 5613 νομίζουσι
1253 5544 1453 5616 τρόπον
1486 5545 1628 5607 τινὰ,
1661 5544 1756 5597 καὶ
1785 5544 1902 5615 δρι-

326 5635 404 5708 μὺ
432 5637 574 5689 νοεῖν
605 5651 663 5687 τε
690 5634 784 5689 καὶ
809 5634 1008 5703 λέγειν,
1044 5635 1288 5691 διάκονον
1315 5638 1448 5707 ἡμῖν
1481 5638 1572 5690 καὶ
1601 5636 1899 5705 ὑπουργὸν,

2012 5086 2104 5139 Dei
2149 5100 2212 5139 ac
2246 5083 2445 5145 Patris,
2478 5084 2685 5138 sanctis
2724 5099 2848 5138 eum
2894 5085 3012 5138 suis
3056 5081 3348 5151 discipulis
3398 5080 3582 5134 mittat

2010 5178 2075 5232 ad
2114 5177 2631 5233 sanctiﬁcationem.
2667 5174 2823 5241 Quod
2861 5176 2905 5229 si
2956 5181 3178 5227 acutum
3216 5170 3404 5225 nescio
3448 5170 3580 5241 quid

2010 5271 2216 5325 sentire
2245 5283 2303 5322 se
2340 5283 2402 5321 ac
2453 5267 2639 5321 dicere
2672 5267 3009 5329 existimant,
3043 5264 3171 5317 dum
3224 5263 3312 5317 nic
3362 5278 3583 5333 quoque

2011 5360 2208 5415 Filium
2241 5359 2399 5414 nobis
2444 5359 2757 5414 ministrum
2786 5364 2840 5410 et
2868 5364 3252 5410 exsecutorem
3291 5355 3581 5416 inducunt,

2011 5453 2105 5523 qui
2135 5468 2242 5505 non
2275 5451 2458 5507 dicere
2492 5450 2749 5506 convenit
2775 5468 2789 5503 ε
2818 5446 2982 5502 Stulti
3022 5462 3085 5501 ac
3122 5448 3273 5512 ca‘ci,
3321 5462 3429 5501 non
3458 5464 3585 5500 sen-

2010 5546 2128 5600 titis
2155 5560 2264 5615 quo
2298 5544 2607 5615 praecipites
2629 5543 2829 5596 iterum
2861 5540 3045 5607 ruitis,
3073 5549 3127 5596 et
3157 5541 3422 5595 adversus
3452 5537 3583 5592 Uni-

2008 5639 2173 5708 geniti
2212 5637 2442 5707 gloriam
2476 5634 2788 5705 insurgitis,
2819 5634 3037 5690 miseris
3067 5649 3131 5690 ex
3184 5629 3455 5703 imperitia
3488 5643 3583 5683 ve-
