4042 6204
406 278 513 337 “9
1403 273 1460 329 S.
1501 271 1779 330 CYRILLI
1820 269 2287 327 ALEXANDRINI
2326 270 2645 327 ARCHIEP.
3562 266 3670 320 4‘20

407 408 522 454 stra
555 395 827 452 contextis
856 391 1210 450 rationibus?
1240 391 1378 447 Nam
1411 393 1458 449 si
1488 393 1728 448 ministri
1768 392 1893 446 loco
1931 399 1985 446 ct

2113 392 2191 446 ιάν
2217 390 2393 461 τούτῳ
2421 390 2485 462 δὴ
2513 389 2677 443 πάλιν
2699 390 2790 443 τὸν
2816 386 2943 440 Υίδν
2973 385 3400 456 εἰσκομίζοντες,
3427 381 3547 447 πῶς
3568 381 3671 436 οὐκ

406 490 603 545 ordine
651 488 820 542 Filius
864 486 1090 540 omnino
1140 483 1409 555 Spiritum
1453 497 1483 537 a
1525 482 1684 537 Patre
1725 482 1981 553 largitur,

2113 481 2380 536 ικόλουθον
2425 483 2598 534 εἰπεῖν
2618 497 2631 511 ’
2670 480 2860 550 Μωροὶ
2904 478 2999 533 καὶ
3046 477 3261 547 τυφλοὶ,
3307 476 3383 542 πῆ
3411 474 3475 534 δὴ
3503 474 3671 529 πάλιν

409 580 689 652 quomodo
721 578 879 633 fateri
908 593 1137 633 necesse
1170 593 1278 631 non
1314 583 1398 631 est
1426 574 1497 630 ab
1523 574 1645 644 ejus
1674 574 1987 629 substantia

2113 575 2262 638 όντες
2284 574 2443 645 ὑμεῖς
2467 573 2567 627 οὐκ
2593 570 2936 633 αἰσθάνεσθε,
2957 571 3050 624 καὶ
3075 570 3178 639 τῆς
3203 567 3297 622 τοῦ
3326 565 3672 637 Μονογενοῦς

410 676 592 745 ipsum
621 687 740 729 esse
771 686 998 742 prorsus
1038 671 1299 733 alienum,
1343 678 1439 722 aut
1470 666 1610 722 forte
1636 666 1986 737 praestantio-

2113 665 2491 736 ιατεπαίρεσθε
2520 664 2697 735 δόξης,
2756 665 2819 717 ὲκ
2847 663 2949 729 τῆς
2984 662 3211 732 ἐνούσης
3238 662 3368 732 ύμῖν
3397 661 3673 733 ἀμαθείας

410 780 523 818 rem
578 766 846 835 longeque
896 762 1185 831 potiorem,
1236 761 1283 815 si
1340 775 1430 815 res
1474 758 1551 812 ita
1586 758 1678 823 sit,
1715 766 1773 811 ut
1822 757 1990 812 stulte

2113 756 2310 821 ιθλίους
2334 755 2675 826 συνείροντες
2707 752 3001 825 λογισμούς
3021 770 3035 818 ;
3072 754 3133 806 Εἰ
3158 751 3267 823 γάρ
3288 752 3424 816 ὅλως
3443 756 3675 824 χορηγεῖ

410 856 671 913 sentitis?
705 853 759 908 Si
792 854 937 908 enim
966 869 1031 907 ex
1052 851 1213 908 Patre
1248 868 1349 905 non
1374 848 1642 921 procedit,
1675 849 1780 903 hoc
1814 857 1896 903 est
1924 864 1988 901 ex

2113 851 2151 903 τὸ
2191 849 2418 920 Πνεῦμα
2462 849 2613 919 παρά
2642 847 2854 918 Πατρὸς
2883 846 2912 898 ὁ
2946 846 3091 909 Υἱὸς,
3126 846 3185 898 ὲν
3215 844 3491 915 ὑπηρέτου
3526 845 3672 909 τινὸς

408 951 529 1020 ejus
563 947 890 1011 substantia,
925 956 985 1000 ut
1027 960 1124 1000 vos
1164 945 1351 1009 vultis,
1384 942 1664 1014 quomodo
1697 956 1808 995 non
1844 955 1985 1011 prte-

2113 941 2243 1008 τόιξει
2270 941 2670 1011 λελογισμένος.
2727 939 2844 1003 πῶς
2887 939 2987 993 ούκ
3035 940 3332 1006 ἀναγκαῖον
3365 938 3670 1009 ὁμολογεῖν,

412 1044 648 1097 stantior
681 1037 818 1093 Filio
853 1038 1095 1109 Spiritus
1120 1034 1479 1091 censebitur?
1513 1033 1720 1089 Deinde
1746 1032 1877 1103 quid
1905 1032 1989 1085 di-

2113 1036 2166 1100 ἱις
2209 1035 2486 1106 ἀλλότριον
2536 1035 2632 1104 μὲν
2675 1033 2790 1086 ἔστι
2818 1029 3096 1095 παντελῶς
3135 1032 3234 1100 τῆς
3258 1030 3447 1094 οὐσίας
3480 1030 3671 1094 αὐτοῦ,

412 1149 601 1190 cemus
626 1148 751 1185 cum
785 1130 1129 1185 audierimus
1162 1129 1344 1199 ipsum
1377 1128 1445 1183 de
1468 1143 1527 1183 se
1557 1126 1986 1197 praedicantem:

2113 1129 2233 1198 τάχα
2258 1128 2315 1181 δὲ
2344 1128 2436 1180 καὶ¹
2466 1126 2686 1197 ἄμεινον
2714 1122 2900 1188 αὐτοῦ,
2941 1124 3038 1177 καὶ
3071 1126 3212 1177 κατά
3238 1123 3371 1176 πολὺ
3403 1125 3671 1193 κρεῖττον,

418 1246 435 1278 ι
472 1227 565 1280 Ille
601 1242 687 1281 me
721 1222 1073 1285 clariﬁcabit,
1106 1222 1237 1292 quia
1272 1222 1340 1276 de
1368 1236 1491 1275 meo
1522 1221 1782 1290 accipiet,
1815 1227 1870 1275 et
1893 1234 1991 1272 an-

2113 1219 2270 1289 ἱνπερ
2317 1219 2489 1281 οὕτως
2537 1217 2632 1288 ἔχῃ
2663 1217 2803 1271 κατά
2845 1233 2910 1285 γε
2941 1215 3038 1286 τὴν
3069 1216 3199 1287 παρ’
3230 1216 3357 1286 ύμῖν
3390 1213 3631 1284 ἀμαθίαν
3656 1231 3671 1280 ;

414 1316 688 1370 nuntiabit
715 1314 870 1368 vobis
898 1310 1056 1364 ""3?
1080 1332 1097 1364 ι
1123 1312 1202 1365 Ad
1238 1311 1352 1366 haec
1386 1311 1521 1366 illud
1552 1326 1774 1381 quoque
1802 1325 1993 1365 neces-

2113 1314 2161 1365 Ξί
2189 1310 2296 1382 γὰρ
2324 1311 2426 1363 οὐκ
2455 1310 2520 1363 ὲκ
2548 1307 2639 1361 τοῦ
2672 1308 2884 1379 Πατρός
2909 1306 3288 1378 ἐκπορεύεται,
3324 1305 3467 1360 τοῦτ’
3503 1306 3673 1368 ἔστιν,

415 1408 564 1463 sario
596 1406 815 1460 tandem
852 1413 1165 1461 succurret.
1199 1400 1423 1471 Nempe,
1462 1403 1508 1457 si
1541 1402 1780 1457 ministri
1821 1402 1994 1455 vicem

2113 1423 2162 1459 εκ
2203 1404 2302 1474 τῆς
2334 1401 2523 1464 οὐσίας
2563 1400 2726 1453 αὑτοῦ
2756 1402 2784 1452 ό
2819 1399 2943 1463 Υἱὸς
2975 1398 3098 1452 καθ’
3140 1399 3304 1468 ὑμᾶς,
3346 1397 3465 1461 πῶς
3491 1399 3591 1451 ούκ
3618 1399 3677 1450 ὲν

415 1514 445 1552 a
490 1498 627 1552 Filio
666 1497 879 1567 impleri
908 1496 1139 1566 putatis,
1171 1495 1266 1565 qui
1293 1494 1533 1550 alienum
1567 1495 1751 1558 nobis,
1784 1494 1888 1547 boc
1912 1500 1998 1548 est

2113 1496 2349 1568 ὶμείνοσι
2379 1496 2553 1548 νοοῖτο
2578 1493 2641 1547 ἂν
2681 1492 2741 1545 τὸ
2775 1490 3000 1560 Πνεῦμα
3032 1492 3185 1561 παρά
3213 1490 3303 1543 τὸν
3337 1491 3499 1555 Υίόνς
3543 1486 3681 1543 Εἶτα

415 1607 444 1646 a
486 1591 597 1647 Deo
625 1598 679 1646 et
710 1589 874 1645 Patre
912 1588 1144 1659 largitus
1196 1594 1282 1642 est
1335 1594 1589 1643 sanctum
1646 1599 1844 1640 natura
1895 1598 1994 1640 sua

2113 1590 2151 1643 ιί
2179 1604 2381 1659 φαμεν,
2416 1589 2542 1642 ὅταν
2572 1584 2899 1655 ἀκούσωμεν
2925 1583 3175 1652 λέγοντος
3211 1583 3339 1654 περὶ
3366 1581 3558 1645 αὑτοῦ,
3594 1582 3681 1635 ὅτι

417 1682 702 1754 Spiritum,
742 1696 850 1735 non
883 1681 987 1736 erit
1031 1680 1334 1735 secundum
1367 1684 1622 1732 naturam
1660 1692 1814 1732 suam
1862 1690 1995 1729 san-

416 1777 539 1824 ctus
572 1766 768 1832 Filius,
799 1768 893 1821 sed
921 1766 1343 1837 participatione
1366 1765 1657 1830 duntaxat,
1688 1766 1850 1821 sicuti
1875 1780 1998 1820 nos.

419 1861 630 1916 Dicitur
658 1863 826 1926 enim,
867 1859 1029 1929 juxta
1078 1859 1373 1931 impiorum
1417 1860 1771 1921 sententiam,
1808 1876 1837 1913 a
1873 1859 2004 1915 sub-

419 1954 624 2010 stantia
659 1954 836 2008 Patris
871 1954 1109 2018 alienus,
1141 1967 1206 2007 ex
1243 1968 1351 2021 qua
1390 1951 1558 2005 etiam
1592 1951 1841 2021 procedit
1882 1951 2006 2021 Spi:

421 2044 562 2100 ritus
592 2044 683 2098 ille
710 2044 803 2113 qui
837 2059 935 2114 per
964 2059 1087 2099 cum
1121 2044 1418 2113 praebetur.
1451 2042 1591 2099 Fieri
1616 2059 1750 2116 ergo
1781 2045 2002 2114 poterit,

420 2137 465 2191 si
505 2136 768 2207 proprius
821 2151 928 2191 non
962 2136 1122 2207 911
1160 2137 1233 2191 sit
1272 2135 1394 2190 Filii
1432 2136 1693 2205 Spiritus,
1745 2136 1839 2190 sed
1888 2136 2006 2207 ipse

419 2244 639 2299 quoque
686 2229 1040 2283 adventitiam
1072 2229 1270 2284 babeat
1306 2227 1805 2283 sanctiﬁcationem
1862 2230 2007 2283 sicut

421 2330 699 2384 creatura,
743 2321 1042 2375 sanctitate
1089 2335 1313 2391 quoque
1344 2335 1443 2374 sua
1488 2319 1786 2390 aliquando
1833 2319 2007 2389 possit

420 2416 702 2469 excedere.
755 2413 911 2480 Quod
943 2413 1090 2470 enim
1128 2414 1474 2470 accessionis
1525 2414 1649 2469 loco
1699 2414 2001 2484 accipitur,

421 2504 698 2575 quomodo
729 2505 927 2561 abesse
978 2520 1089 2561 non
1128 2506 1374 2576 poterit?
1419 2506 1644 2587 At.quis
1690 2506 1760 2560 ab
1816 2506 2007 2562 istius-

423 2598 566 2651 modi
600 2598 875 2668 dOgmatis
908 2599 1099 2669 procul
1148 2615 1258 2654 non
1301 2597 1510 2670 fugiet?
1545 2599 1658 2654 Nos
1693 2615 1847 2663 vero.
1882 2600 2007 2670 qui-

424 2690 528 2745 bus
593 2691 771 2744 amica
815 2701 899 2745 est
943 2692 1150 2745 veritas
1195 2705 1260 2744 ac
1295 2689 1548 2744 veritatis
1589 2690 1866 2760 dogmata,
1910 2706 2008 2744 ne—

423 2797 695 2851 quaquam
733 2782 857 2834 illos
906 2794 1226 2849 sequemur,
1270 2779 1365 2835 sed
1400 2788 1727 2834 sanctorum
1776 2778 2005 2835 Patrum

427 2872 547 2927 ﬁdei
580 2874 823 2943 vestigiis
858 2872 1201 2935 insistentes,
1245 2873 1528 2943 proprium
1563 2889 1687 2929 esse
1736 2872 1860 2928 Filii
1909 2873 2009 2929 Pa-

2107 1700 2125 1732 ι
2150 1682 2389 1743 Ἐκεῖνος
2418 1678 2517 1749 ἐμὲ
2542 1676 2778 1744 δοξάσει,
2804 1677 2886 1729 ὃτι
2925 1675 2989 1728 ὲκ
3020 1674 3113 1729 τοῦ
3145 1674 3279 1745 ὲμοῦ
3308 1673 3557 1745 λήψεται,
3588 1674 3683 1727 καὶ

2104 1772 2398 1842 ἀναγγελεῖ
2426 1771 2590 1841 ύμῖν;
2626 1789 2644 1822 ι
2684 1767 2826 1839 Πρὸς
2854 1768 2911 1821 δὲ
2939 1769 3052 1831 τοῖς
3088 1766 3421 1838 εἰρημένοις,
3460 1768 3686 1821 κάκεῖνο

2102 1867 2310 1930 λοιπὸν,
2344 1867 2421 1931 ὡς
2470 1865 2529 1931 ἐξ
2574 1866 2821 1934 ἀνάγκης
2851 1863 3187 1935 εἰσόήσεται.
3235 1864 3299 1919 Εἰ
3335 1864 3444 1935 γὰρ
3476 1865 3684 1935 ὑπουρ-

2104 1961 2231 2029 γίαν
2263 1957 2578 2028 διακονικὴν
2605 1954 2958 2026 ἀποπληροῦν
2985 1954 3163 2009 οἴεσθε
3193 1954 3284 2010 τὸν
3311 1955 3459 2017 Υίὸν,
3501 1954 3565 2009 τδ
3592 1955 3685 2009 ἀλ-

2104 2051 2318 2123 λότριον
2345 2052 2498 2121 ἡμῖν,
2525 2048 2669 2102 τοῦτ’
2698 2047 2837 2113 ἐστι,
2883 2045 2945 2099 τδ
2977 2045 3131 2118 παρά
3159 2046 3255 2099 τοῦ
3282 2044 3418 2100 Θεοῦ
3446 2045 3541 2100 καὶ
3575 2046 3686 2099 Πα-

2105 2143 2231 2215 τρὸς
2261 2140 2698 2213 κεχορηγηκότα,
2727 2138 2882 2205 ἅγιον
2913 2136 2973 2191 ὃν
3001 2139 3139 2192 κατά
3156 2137 3319 2208 φύσιν
3347 2138 3591 2206 Πνεῦμα,
3623 2139 3686 2192 οὐ

2105 2234 2250 2290 κατά
2297 2232 2459 2303 φύσιν
2508 2232 2662 2302 ἃγιος
2694 2233 2722 2285 ό
2752 2230 2903 2294 Υἱὸς,
2938 2230 3079 2282 κατά
3110 2226 3326 2300 μέθεξιν
3354 2228 3411 2282 δὲ
3431 2268 3446 2292 ,
3497 2228 3688 2299 ὥσπερ

2105 2330 2289 2399 ἡμεῖς.
2341 2327 2576 2396 Λέγεται
2621 2324 2732 2396 γὰρ
2773 2324 2916 2379 κατά
2960 2323 3059 2396 τὴν
3096 2323 3206 2377 τῶν
3236 2323 3511 2377 δυσσεσῶν
3539 2322 3688 2393 ἀμά-

2106 2421 2279 2487 θειαν,
2315 2418 2597 2489 ἀλλότριος
2626 2412 2766 2471 εῖναι
2805 2416 2905 2486 τῆς
2933 2413 3122 2479 οὐσίας
3155 2413 3250 2469 τοῦ
3286 2413 3518 2486 Πατρδς,
3540 2414 3601 2478 ἐξ
3622 2409 3691 2486 ἧς

2106 2513 2202 2567 καὶ
2233 2511 2449 2584 πρόεισι
2481 2510 2542 2564 τὸ
2591 2509 2814 2581 Πνεῦμα
2858 2509 2920 2561 τὸ
2959 2508 3027 2562 δι’
3061 2507 3228 2561 αὐτοῦ
3257 2507 3686 2580 χορηγούμενον.

2110 2607 2305 2660 Ἔσται
2361 2603 2542 2658 τοίνυν
2595 2603 2702 2657 τῶν
2755 2601 3141 2673 ἐνδεχομένων,
3187 2599 3345 2668 εἰπερ
3393 2600 3494 2653 οῦκ
3559 2599 3693 2653 ἴδιον

2104 2696 2199 2750 τοῦ
2230 2695 2362 2750 Υἱοῦ
2398 2694 2458 2747 τὸ
2487 2692 2711 2762 Πνεῦμά
2742 2695 2890 2746 ἐστιν
2911 2734 2925 2756 ,
2959 2690 3074 2744 ἀλλ’
3107 2690 3417 2760 εἰσποιητὸν
3455 2689 3567 2762 ἔχει
3598 2689 3694 2743 καὶ

2106 2788 2270 2851 αὐτὸς
2299 2787 2391 2840 τὸν
2420 2786 2712 2856 ἀγιασμὸν,
2742 2784 2994 2855 καθάπερ
3032 2784 3065 2855 ἡ
3102 2784 3299 2846 κτίσις,
3345 2782 3442 2836 καὶ
3481 2783 3692 2835 ἀποπε-

2108 2882 2221 2935 σεῖν
2247 2876 2507 2932 δύνασθαί
2537 2891 2667 2929 ποτε
2687 2876 2786 2946 τῆς
2819 2874 3045 2944 ἐνούσης
3077 2874 3363 2943 ἁγιότητος
3394 2871 3566 2942 αὐτῷ.
3616 2872 3696 2925 Τδ

424 2965 692 3018 racletum
736 2965 995 3029 dicimus,
1034 2964 1137 3018 hoc
1178 2972 1263 3019 est
1294 2971 1546 3018 sanctum
1585 2964 1874 3035 Spiritum,
1905 2983 2007 3023 nec

2113 2971 2219 3042 γὰρ
2247 2970 2322 3034 ὡς
2343 2972 2399 3024 ὲν
2426 2968 2575 3035 τάξει
2609 2968 2928 3040 προσθήκης
2961 2967 3279 3039 ἐπικτηθὲν,
3320 2967 3437 3031 πῶς
3489 2967 3591 3020 ούκ
3625 2965 3697 3020 ἂν

425 3055 648 3108 aliunde
675 3055 932 3115 ascitum,
966 3057 1111 3110 sicut
1138 3064 1222 3110 est
1253 3056 1308 3109 in
1339 3055 1407 3111 iis
1431 3057 1524 3126 qui
1543 3065 1670 3112 sunt
1697 3060 2008 3115 sanctitatis

2113 3062 2448 3133 ἀπογένοιτο,
2470 3061 2609 3115 κατά
2632 3077 2697 3129 γε
2722 3060 2815 3113 τὸν
2840 3059 2933 3113 τοῦ
2960 3058 3327 3131 ὲγχωροῦντος
3348 3058 3504 3127 λόγον
3524 3076 3539 3123 ;
3562 3054 3698 3111 Εἶτα

426 3162 679 3217 capaces,
716 3148 918 3216 quibus
943 3156 997 3202 et
1027 3165 1056 3200 e
1085 3147 1255 3202 nihilo
1282 3156 1438 3204 ortus
1464 3158 1566 3214 est,
1597 3151 1691 3206 sed
1723 3151 1847 3220 ejus
1873 3166 2010 3206 con-

2113 3158 2194 3222 τίς
2223 3156 2331 3211 τῶν
2357 3155 2615 3209 τοιούτων
2629 3154 2729 3208 ούκ
2761 3154 3157 3225 ἀποδραμεῖται
3190 3152 3509 3223 δογμάτων;
3551 3152 3697 3223 Πρε-

428 3238 850 3293 substantialem
905 3239 1071 3293 sicuti
1121 3254 1317 3310 nempe
1367 3248 1423 3295 et
1454 3242 1667 3296 “Patris.
1724 3242 1818 3295 Sic
1862 3242 2008 3298 enim

426 3330 930 3387 ecclesiasticorum
965 3332 1284 3402 dogmatnm
1330 3333 1471 3388 ratio
1505 3333 1558 3388 in
1585 3350 1755 3390 vanas
1785 3336 2010 3391 deorum

429 3422 642 3478 fabulas
670 3441 780 3479 non
821 3424 1013 3488 abibit,
1053 3424 1146 3478 sed
1187 3424 1243 3477 in
1281 3441 1446 3478 unam
1493 3424 1714 3480 deitatis
1743 3426 2011 3480 rationem

430 3524 622 3571 sancta
654 3514 898 3570 Trinitas
932 3516 1354 3585 constringitur.
1391 3515 1717 3588 Simulergo
1744 3520 2012 3573 substan-

431 3607 522 3660 tiae
564 3606 828 3659 unitatem
869 3606 1239 3667 ostendendo.
1275 3623 1410 3672 suae,
1443 3608 1698 3679 inquam,
1727 3618 1782 3665 et
1813 3609 1913 3665 Dei
1947 3625 2014 3667 ac

433 3696 634 3762 Patris,
658 3706 712 3752 et
738 3696 1001 3766 Spiritum
1027 3699 1279 3754 veritatis
1296 3698 1642 3755 Paracletum
1662 3703 2012 3772 appellando,

435 3803 463 3839 a
496 3788 661 3843 Patre
693 3791 992 3859 procedere
1031 3789 1133 3853 ait,
1169 3800 1359 3860 aperte
1397 3798 1454 3845 et
1495 3790 1804 3846 indubitate
1834 3794 2015 3863 arguit

436 3877 528 3933 Dei
569 3878 783 3933 hostem
820 3880 873 3933 in
917 3880 1150 3933 solidum
1172 3896 1317 3945 esse,
1344 3882 1437 3951 qui
1470 3880 1678 3937 Christi
1712 3883 1786 3938 sit
1811 3883 2010 3940 hostis.

433 3968 571 4024 Nam
604 3973 700 4040 qui
735 3972 1065 4041 petuiantem
1101 3987 1159 4027 se
1192 3974 1424 4042 gesserit
1462 3974 1518 4028 in
1554 3971 1780 4042 Filium,
1817 3977 2015 4031 merito

435 4074 656 4130 quoque
718 4060 771 4113 in
805 4075 931 4115 eum
972 4076 1034 4114 ex
1092 4075 1200 4128 quo
1256 4069 1340 4116 est
1387 4075 1617 4130 peccare
1675 4062 2013 4117 censebitur.

438 4152 574 4206 Cum
609 4167 742 4222 ergo
776 4152 988 4207 venerit
1035 4150 1379 4219 Paracletus,
1417 4153 1618 4224 inquit,
1654 4151 1894 4223 Spiritus
1923 4167 2016 4206 ve-

437 4244 642 4310 ritatis,
679 4244 731 4298 id
764 4254 849 4300 est
894 4260 1071 4306 meus,
1115 4244 1205 4314 qui
1240 4260 1269 4297 a
1312 4244 1475 4299 Patre
1515 4246 1787 4314 procedit,
1826 4245 1915 4299 ille
1945 4252 2021 4299 te-

440 4336 759 4391 stiinonium
793 4336 1103 4406 perhibebit
1156 4335 1225 4390 de
1274 4352 1382 4391 me.
1444 4334 1764 4390 Perbibebit
1804 4345 2014 4400 autem,

2113 3250 2451 3322 πωδέστερον
2480 3247 2539 3303 δὲ
2573 3242 2726 3319 οἶμαι
2751 3246 2813 3299 τὸ
2837 3244 3010 3309 οὕτως
3031 3246 3223 3299 εἰπεῖν.
3256 3245 3387 3314 Φίλη
3408 3241 3699 3315 τοιγαροῦν

2112 3343 2246 3413 ἡμῖν
2270 3342 2304 3410 ἡ
2335 3337 2582 3409 ἀλήθεια,
2611 3336 2704 3390 καὶ
2730 3333 2797 3389 τὰ
2824 3335 2887 3387 ὲκ
2919 3335 3016 3404 τῆς
3040 3332 3294 3405 ἀληθείας
3313 3331 3580 3402 δόγματα,
3602 3329 3698 3383 καὶ

2113 3432 2296 3493 αὐτοῖς
2332 3426 2562 3491 ἐκείνοις
2591 3427 2751 3498 ἡμεῖς
2769 3425 2869 3495 ούχ
2888 3423 3154 3495 ἑψόμεθα,
3180 3423 3278 3494 τὴν
3305 3422 3361 3476 δὲ
3394 3422 3505 3475 τῶν
3528 3420 3699 3489 ἀγίων

2113 3521 2374 3592 Πατέρων
2399 3517 2815 3591 ἱχνηλατοῦντες
2873 3517 3077 3582 πίστιν,
3131 3516 3263 3570 ἴδιον
3312 3513 3455 3569 εἷναί
3516 3531 3700 3585 φαμεν

2111 3612 2208 3668 τοῦ
2236 3610 2366 3666 Υἱοῦ
2396 3611 2489 3665 τὸν
2517 3609 2904 3682 Παράκλητον,
2937 3607 3080 3662 τοῦτ’
3111 3606 3249 3671 εστι,
3274 3608 3336 3661 τὸ
3380 3606 3606 3675 Πνεῦμα
3638 3608 3702 3661 τὸ

2116 3707 2290 3775 ἀγιον,
2313 3704 2521 3757 καὶούκ
2551 3702 3031 3774 ἐπεισκρινόμενον
3058 3699 3258 3766 ἔξωθεν
3275 3739 3288 3761 ,
3321 3700 3444 3753 οὐδὲ
3469 3698 3699 3766 ἐπίκτη-

2113 3813 2204 3851 τον
2234 3798 2292 3850 ὲν
2322 3794 2490 3866 αὐτῷ,
2518 3792 2774 3864 καθάπερ
2799 3792 2946 3847 ἐστὶν
2977 3793 3036 3845 ἐν
3068 3793 3182 3854 τοῖς
3217 3791 3504 3860 ἁγιότητος
3523 3790 3703 3843 δεκτι-

2115 3891 2253 3953 κοῖς,
2286 3882 2368 3951 of;
2397 3887 2491 3941 καὶ
2517 3887 2581 3940 ὲκ
2608 3886 2684 3957 μὴ
2711 3885 2882 3939 ὄντων
2936 3885 2970 3953 ἡ
3019 3883 3254 3953 γένεσις,
3276 3882 3391 3937 ἀλλ’
3413 3880 3704 3952 ὁμοούσιον

2118 3980 2289 4052 αύτῷ,
2309 3979 2562 4050 καθάπερ
2587 3978 2780 4049 ἀμέλει
2816 3977 2912 4031 καὶ
2934 3975 3027 4030 τοῦ
3055 3975 3286 4048 Πατρός.
3308 3974 3466 4028 Οῦτω
3494 3973 3603 4045 γὰρ
3630 3973 3701 4026 ἂν

2116 4076 2217 4128 οὐκ
2250 4075 2329 4136 εἰς
2356 4070 2614 4126 πολύθεον
2646 4071 2775 4140 ἡμῖν
2808 4069 3139 4139 μυθολογίαν
3168 4070 3200 4139 ή
3249 4067 3360 4121 τῶν
3410 4065 3705 4137 ἐκκλησια-

2119 4163 2318 4217 στικῶν
2361 4162 2647 4233 δογμάτων
2686 4162 2964 4231 οἰχήσεται
2998 4159 3250 4231 δύναμις.
3294 4159 3412 4213 ἀλλ’
3469 4160 3549 4221 εἰς
3602 4157 3707 4210 ἕνα

2118 4257 2369 4327 θεότητος
2394 4255 2552 4324 λόγον
2582 4254 2616 4324 ἡ
2653 4252 2785 4321 ἁγία
2812 4253 2981 4324 Τριάς
2997 4252 3413 4321 ἀνασφίγγεται.
3450 4251 3539 4303 Ἐν
3574 4265 3708 4302 ταυ-

2117 4347 2196 4419 τῷ
2228 4344 2515 4417 τοιγαροῦν
2541 4345 2757 4414 καὶτῆς
2795 4344 2982 4407 οὐσίας
3028 4344 3129 4415 τὴν
3176 4343 3400 4413 ἑνότητα
3442 4341 3707 4411 παραδει-

440 4444 648 4498 quaaso,
682 4426 992 4498 quomodo?
1030 4426 1323 4498 Operando
1351 4428 1613 4483 nimirum
1661 4429 1715 4483 in
1744 4430 1898 4485 vobis
1962 4438 2011 4485 et

2128 4440 2279 4503 κνὺς,
2309 4436 2502 4493 ἑαυτοῦ
2524 4454 2606 4501 τε,
2631 4435 2796 4506 φημὶ,
2823 4434 2919 4490 καὶ
2945 4434 3045 4505 τῆς
3071 4434 3164 4488 τοῦ
3193 4434 3327 4487 Θεοῦ
3351 4433 3445 4487 καὶ
3466 4431 3706 4502 Πατρός,

442 4537 542 4590 per
571 4536 669 4575 vos
695 4520 982 4580 miracula,
1013 4520 1173 4574 testis
1200 4519 1305 4573 erit
1332 4519 1519 4587 justus
1542 4536 1605 4574 ac
1632 4536 1795 4575 verax
1820 4522 2018 4577 divinae

442 4626 576 4665 mea-
606 4611 895 4678 potestatis
951 4619 1118 4678 atque
1151 4610 1478 4679 maiestatis.
1514 4610 1669 4665 Meus
1711 4615 1856 4666 enim
1891 4612 2018 4683 Spi-

441 4702 582 4755 ritus
610 4711 693 4754 est
732 4702 822 4766 qui
853 4710 1115 4769 cperatur
1142 4700 1196 4754 in
1230 4700 1391 4753 vobis
1413 4700 1478 4754 ".
1524 4701 1594 4756 Ut
1623 4710 1803 4755 autem
1837 4718 2015 4767 meus,

443 4794 525 4848 sic
560 4801 613 4847 et
645 4791 737 4845 Dei
789 4807 852 4845 ac
897 4791 1096 4847 Patris.
1156 4789 1331 4845 Simul
1387 4791 1573 4861 itaque
1629 4792 1828 4861 injuria
1876 4794 2015 4849 allici

444 4883 791 4951 cogitandum
830 4888 915 4935 est
958 4895 1054 4935 eos
1094 4881 1190 4951 qtti
1229 4896 1316 4949 per
1374 4897 1544 4936 unum
1590 4881 1743 4935 illum
1818 4884 2016 4938 bonttm

446 4973 707 5045 Spiritum
753 4972 1017 5027 miracula
1054 4972 1121 5026 ad
1174 4981 1381 5028 certam
1432 4973 1555 5029 ﬁdei
1595 4974 2021 5030 demonstratio-

446 5083 568 5122 nem
601 5067 791 5129 edunt,
844 5075 904 5120 ut
932 5066 987 5120 in
1024 5079 1259 5137 persona
1307 5065 1536 5130 Christi,
1574 5067 1627 5121 in
1659 5083 1772 5137 quo
1807 5067 2021 5123 inhabi-

444 5160 603 5222 tavit,
636 5160 790 5227 juxta
815 5158 1046 5213 Paulum
1084 5156 1128 5189 "
1154 5197 1169 5223 ,
1196 5172 1305 5212 non
1347 5174 1474 5228 pars
1504 5160 1685 5230 aliqua
1712 5160 2019 5218 divinitatis

447 5250 759 5315 ineﬂabilis,
792 5250 889 5306 sed
926 5253 1107 5306 omnis
1146 5250 1273 5321 ejus
1321 5250 1605 5321 plenitudo
1637 5253 2017 5324 corporaliter.

448 5341 848 5398 Testimonium
914 5352 1095 5399 autem
1152 5344 1476 5415 perhibente
1534 5344 1785 5414 Spiritu,
1854 5346 2021 5401 simul

447 5435 608 5491 etiam
652 5435 1024 5490 testimonium
1061 5452 1158 5493 vos
1207 5436 1312 5509 ipsi
1363 5450 1588 5508 quoque
1641 5439 2019 5508 perbibebitis,

521 5714 807 5771 “'"Joan.
844 5730 930 5783 xv,
958 5714 1045 5770 Μ.
1122 5715 1166 5747 “
1187 5716 1420 5787 Philipp.
1463 5734 1523 5783 tt,
1560 5720 1642 5774 15.

2122 4529 2346 4599 Πνεῦμα
2369 4530 2468 4600 τῆς
2493 4528 2750 4597 ἀληθείας
2776 4528 2868 4582 τὸν
2914 4526 3274 4598 Παράκλητον
3322 4522 3459 4579 εἶναι
3505 4524 3705 4591 λέγων,

2124 4621 2274 4689 παρά
2330 4619 2425 4672 τοῦ
2466 4619 2679 4690 Πατρὸς
2736 4618 3131 4691 ἐκπορεύεσθαί
3176 4634 3361 4687 φησιν.
3414 4616 3710 4686 ἀπελέγχει

2123 4713 2311 4783 σαφῶς
2354 4714 2448 4766 καὶ
2505 4713 2891 4784 ἀναμφιλόγως
2925 4712 3194 4783 θεομάχον
3252 4710 3560 4781 ὁλοκλήρως
3617 4710 3711 4762 τὸν

2121 4806 2523 4876 Χριστομάχον.
2573 4805 2632 4858 '0
2659 4805 2767 4875 γὰρ
2803 4804 2940 4868 ὅλως
2962 4805 3314 4876 ὲμπαροινείν
3340 4802 3601 4873 ἐθελήσας
3628 4801 3713 4869 τῷ

2123 4893 2258 4964 Υἰῷ,
2282 4894 2766 4966 πεπλημμεληκὼς
2788 4895 2853 4949 ἂν
2887 4895 3112 4958 εἰκότως
3141 4896 3235 4947 καί⁵
3271 4894 3352 4956 εἰς
3375 4892 3535 4946 αὑτὸν
3565 4892 3709 4943 νοοῖ-

2120 5003 2182 5039 το
2219 4986 2309 5039 τὸν
2331 4986 2390 5052 ἐξ
2413 4982 2584 5060 οὗπερ
2610 4988 2778 5041 ἐστίν.
2806 4988 2976 5041 Ὅταν
2996 4988 3177 5040 τοίνυν
3197 4986 3325 5057 ἔλθῃ
3351 4988 3380 5039 ὁ
3412 4983 3708 5055 Παράκλη-

2120 5096 2231 5142 τος,
2262 5082 2415 5148 φησι,
2449 5080 2509 5133 τὸ
2535 5080 2761 5151 Πνεῦμα
2799 5080 2899 5151 τῆς
2935 5078 3217 5152 ἀληθείας,
3273 5078 3419 5132 τοῦτ’
3470 5078 3590 5132 ἐστι
3646 5077 3710 5129 τὸ

2127 5173 2276 5245 ἐμὸν,
2307 5173 2337 5226 δ
2362 5172 2510 5243 παρὰ
2534 5172 2628 5225 τοῦ
2651 5172 2864 5243 Πατρδς
2890 5171 3270 5243 ἐκπορεύεται,
3320 5171 3526 5233 ἐκεῖνος
3576 5184 3713 5239 μαρ-

2125 5265 2353 5335 τυρήσει
2380 5265 2508 5335 περί
2532 5262 2689 5334 ἐμοῦ.
2721 5263 3083 5335 Μαρτυρήσει
3103 5262 3161 5317 δὲ
3180 5261 3297 5325 πῶς
3323 5278 3338 5326 ;
3374 5259 3709 5333 Ἐνεργῆσαν

2127 5355 2238 5426 γὰρ
2256 5357 2313 5408 ὲν
2336 5356 2462 5425 ὑμῖν
2484 5372 2545 5408 τε
2586 5355 2682 5409 καὶ
2709 5354 2778 5409 δι’
2823 5354 2979 5425 ὑμῶν
3020 5354 3088 5409 τὰ
3136 5352 3436 5426 παράδοξα,
3497 5351 3711 5423 μάρτυς

2128 5444 2313 5500 ἔσεται
2337 5445 2547 5511 δίκαιός
2576 5462 2635 5499 τε
2670 5444 2766 5500 καὶ
2796 5444 3004 5517 ἀληθὴς
3036 5444 3139 5517 τῆς
3186 5445 3325 5516 ἐμῆς
3365 5441 3711 5515 θεοπρεπυῦς

1719 5722 1762 5753 ⁸⁸
1783 5721 1993 5776 Coloss.
2032 5736 2091 5788 ιι,
2127 5722 2178 5777 9.
