4042 6204
357 239 468 294 «621

1463 237 1525 291 ΙΝ
1555 235 1845 293 ιοΑΝΝιε
1883 234 2334 292 ΕνΑΝαΕιιυιι
2376 235 2500 290 LIB.
2528 236 2594 291 Χ.

3513 245 3619 302 ηε

353 351 627 416 ἐξουσίας,
664 351 759 405 καὶ
794 351 894 421 τῆς
927 352 985 405 ὲν
1012 351 1241 420 δυνάμει
1283 351 1719 424 μεγαλειότητος.
1783 351 1944 421 Ἐμὸν

2047 352 2247 421 inquit.
2281 350 2633 421 Spectatores
2667 351 2812 406 cnim
2844 352 2948 422 ipsi
2981 353 3159 409 fuistis
3187 353 3494 425 signorum,
3529 358 3623 428 qui

354 445 463 514 γάρ
503 444 747 514 Πνεῦμα,
776 445 837 497 τὸ
865 442 1119 515 ἐνεργοῦν
1158 444 1216 495 ἐν
1254 443 1404 512 ὑμῖν.
1447 444 1659 515 ’Ὠσπερ
1686 443 1742 495 δὲ
1776 443 1929 513 ἐμὸν,

2041 458 2253 496 mecum
2276 458 2498 513 semper
2533 443 2733 507 fuistis,
2762 449 2946 512 utpote
2977 444 3259 512 discipuli.

351 534 497 590 οὕτω
544 537 638 590 καὶ
668 536 764 590 τοῦ
799 535 933 590 Θεοῦ
976 536 1071 589 καὶ
1104 535 1339 607 Πατρός.
1369 535 1843 607 Συγκαθυϐρίσθαι
1874 533 2163 604 τοιγαροῦν
2212 536 2423 607 ἀνάγκη
2458 539 2598 589 νοεῖν
2634 537 2759 600 τοὺς
2803 535 2868 589 δι’
2907 536 3027 600 ἑνὸς
3072 536 3165 590 τοῦ
3204 537 3408 605 ἀγαθοῦ
3449 537 3621 590 Ilvati-

358 644 530 698 ματος
558 628 629 682 τὰ
663 628 946 699 παράδοξα
974 627 1112 698 πρὸς
1134 627 1509 699 πληροφορίαν
1558 627 1657 697 τῆς
1708 624 1944 687 πίστεως
1974 624 2397 695 ἐνεργήσαντας,
2437 627 2511 689 ὡς
2553 626 2611 678 ἐν
2668 629 2945 697 προσώπῳ
2978 625 3235 697 Χριστοῦ,
3281 628 3338 678 ἐν
3377 618 3421 693 ᾧ
3482 643 3614 679 κατ-

353 723 538 794 ῴκησε
603 723 746 776 κατά
815 723 908 775 τὸν
967 721 1214 786 Παῦλον,
1271 722 1395 791 οὐχὶ
1451 721 1617 792 μέρος
1686 737 1736 773 τι
1803 719 1903 786 τῆς
1942 718 2225 787 άφράστου
2293 718 2567 788 θεότητος,

356 819 487 881 κῶς.
518 816 937 888 Μαρτυροῦντος
967 817 1023 870 δὲ
1045 815 1140 871 τοῦ
1184 815 1520 886 Πνεῦματος,
1577 811 2178 884 συιδεπιμαρτυρήσετε,

2635 719 2749 771 ἀλλ’
2797 720 2917 771 ὅλον
2948 718 3008 770 τὸ
3049 718 3325 788 πλήρωμα
3384 735 3623 789 σωματι-

2236 815 2395 885 (mat,
2462 816 2555 868 καὶ
2586 816 2744 885 ὑμεῖς
2798 814 2969 867 αὐτοί.
3015 815 3279 883 Γεγόνατε
3338 815 3446 887 γάρ
3490 818 3623 871 αὖτ-

354 910 517 962 όπται
546 908 638 961 καὶ
677 906 871 976 θεωροὶ
908 906 1016 959 τῶν
1042 904 1190 977 παρὰ
1207 908 1318 968 τοῖς
1344 903 1929 974 ῖδίοιςτετελεσμένων,
1970 901 2058 955 ἀεὶ
2090 906 2360 969 συνόντες,
2390 908 2466 968 ὡς
2500 905 2741 977 μαθηταί
2772 908 2870 975 (l).

435 998 629 1052 Ταῦτα
679 997 996 1065 λελάληκα
1073 996 1234 1066 ὑμῖν,
1285 998 1387 1050 ἵνα
1459 996 1545 1067 μὴ
1611 996 1940 1051 exurimu-

359 1090 571 1159 σθῆτε.

427 1183 541 1253 Τὴν
570 1182 679 1234 τῶν
712 1181 984 1235 Ἰουδαίων
1014 1180 1277 1236 ἀπόνοιαν
1325 1182 1633 1251 φανοτάτην
1676 1183 1790 1244 τοῖς
1823 1182 1942 1234 ἐαυ-

355 1271 454 1326 τοῦ
502 1270 771 1342 μαθηταῖς
792 1268 1052 1334 καθιστὰς
1068 1271 1096 1323 ὁ
1116 1270 1323 1341 Σωτὴρ,
1354 1272 1494 1340 τάχα
1516 1271 1610 1324 καὶ
1628 1271 1945 1338 ἐπενεγκεῖν

356 1365 471 1428 τοῖς
494 1364 622 1434 περὶ
646 1363 849 1416 τούτων
873 1361 1066 1434 ἔμελλε
1097 1363 1296 1431 λόγοις,
1336 1364 1419 1417 ὅτι
1448 1362 1513 1433 δὴ
1569 1362 1707 1434 πρὸς
1747 1361 1941 1415 τοσαύ-

357 1473 458 1526 την
488 1453 677 1525 ἥξουσι
708 1453 1002 1525 δυσηκοΐαν
1043 1454 1094 1509 οἱ
1147 1455 1396 1517 τάλανες,
1452 1451 1828 1524 ἀποφράξουσι
1882 1453 1938 1505 δὲ

358 1542 502 1596 οὕτω
529 1543 627 1614 τὴν
654 1542 846 1614 ἀκοὴν,
870 1542 967 1597 καὶ
1007 1543 1085 1606 είς
1111 1542 1268 1595 τοῦτο
1304 1540 1611 1612 βαδιοῦνται
1659 1541 1939 1612 μισοθεῖας

357 1636 407 1687 οῖ
424 1634 669 1698 δείλαιοι,
699 1634 1093 1707 καθυϐρίσουσι
1125 1634 1182 1687 δὲ
1209 1633 1352 1687 οὕτω
1374 1634 1498 1696 τοὺς
1514 1632 1653 1703 ὑπὲρ
1682 1633 1780 1704 τῆς
1802 1633 1937 1704 ἀλη-

357 1726 510 1789 θείας
542 1725 753 1794 λόγους,
778 1726 853 1789 ὡς
891 1725 1050 1799 εἴπερ
1089 1726 1183 1779 καὶ
1225 1725 1318 1778 δύο
1352 1724 1592 1793 γένοιντο
1636 1725 1796 1795 τυχὸν
1840 1725 1940 1794 τῆς

356 1814 526 1870 αὐτοῦ
553 1816 710 1886 δόξης
737 1819 784 1870 οἱ
822 1817 1119 1889 μάρτυρες,
1166 1817 1299 1889 μηδὲ
1353 1815 1496 1871 οὕτω
1533 1816 1943 1888 παραδέξασθαι

352 1907 538 1961 θέλειν
566 1907 757 1975 αὐτὴν,
796 1908 972 1963 καίτοι
1020 1906 1320 1980 διαρρήδην
1365 1905 1801 1975 ἀνακεκραγότος
1852 1906 1943 1959 τοῦ

348 1998 545 2069 νόμου,
566 1998 914 2052 πιστεύεσθαι
938 2000 1068 2062 δεῖν,
1090 2000 1181 2052 καὶ
1192 1996 1579 2060 ἀνενδοιάστως
1601 1993 1741 2050 εἶναι
1765 2016 1943 2068 παρα--

354 2089 546 2142 δεκτόν
602 2090 711 2141 πᾶν
754 2089 891 2159 ὅπερ
920 2089 986 2142 ἂν
1013 2086 1104 2141 διά
1123 2088 1222 2159 τῆς
1250 2085 1341 2139 δύο
1370 2085 1532 2155 τυχὸν
1577 2085 1610 2157 ἢ
1635 2085 1799 2156 τριῶν
1826 2087 1944 2138 ἐπι-

358 2183 690 2252 μαρτυροῖτο
714 2180 919 2251 φωνῆς.
968 2180 1129 2234 Ἀλλά
1148 2178 1308 2233 τοῦτο
1349 2178 1446 2247 μὲν
1479 2175 1540 2231 οὔ
1570 2195 1722 2248 φησι,
1752 2177 1943 2248 χρησί-

360 2290 481 2338 μως
505 2274 588 2336 εἰς
618 2272 679 2325 τὸ
705 2272 897 2344 παρόν.
931 2272 1042 2325 Καὶ
1066 2272 1173 2344 γὰρ
1205 2270 1270 2325 ἀν
1296 2269 1356 2322 οὐ
1387 2267 1617 2340 μετρίαν
1637 2269 1822 2330 αὐτοῖς
1854 2269 1938 2321 ὲν-

357 2364 588 2435 εποίησε
616 2364 716 2434 τὴν
745 2364 996 2436 ἀκηδίαν,
1035 2367 1130 2418 καὶ
1151 2364 1451 2429 διακλάσας
1486 2362 1676 2435 ὥσπερ
1705 2364 1784 2426 είς
1803 2360 1937 2416 ἀπό-

348 2476 563 2529 γνωσιν
590 2462 716 2525 τοὺς
745 2460 1014 2529 μαθητὰς,
1036 2461 1197 2514 ὄκνου
1228 2461 1323 2516 καὶ
1359 2459 1563 2524 δειλίας
1595 2458 1942 2529 ἀπαραπόδι-

359 2569 486 2606 στον
521 2553 579 2605 ὲν
606 2552 790 2615 αὐτοῖς
813 2552 979 2606 ἐτίθει
998 2553 1098 2622 τὴν
1134 2552 1386 2624 πάροδον.
1412 2552 1576 2616 Εἰκὸς
1626 2552 1735 2624 γάρ
1772 2551 1943 2622 δήπου

357 2641 484 2695 καθ’
536 2642 763 2706 ἑαυτοὺς
825 2644 1049 2706 ἐννοεῖν,
1095 2643 1172 2707 ὡς
1223 2644 1272 2697 εί
1318 2644 1507 2715 μηδενὶ
1561 2643 1944 2715 πεισθήσονται

361 2731 641 2797 παντελῶς
663 2732 775 2786 τῶν
791 2734 1068 2788 Ἰουδαίων
1098 2735 1148 2787 oi
1192 2734 1379 2805 δῆμοι.
1436 2734 1571 2788 ἀλλά
1632 2735 1729 2789 καὶ
1781 2734 1944 2788 αὑτὸν

356 2825 661 2895 ἡγήσονται
700 2827 829 2895 παρ’
860 2826 1012 2879 οὐδὲν
1060 2826 1152 2880 τὸν
1202 2826 1583 2898 Παράκλητον,
1612 2826 1790 2880 καίτοι
1830 2827 1943 2889 τοῖς

362 2916 507 2986 ὑπὲρ
522 2916 681 2985 λόγον
708 2919 1049 2990 τερατουργή
1059 2936 1194 2989 μασι
1214 2920 1688 2992 καταπλήττοντα,
1718 2919 1869 2973 οὐδὲν
1886 2919 1942 2973 δὲ

2112 996 2228 1052 XVI
2250 1037 2266 1062 ,
2310 1000 2362 1052 1.
2406 998 2536 1053 11(ιέ
2568 999 2773 1052 locutus
2804 1015 2922 1052 sum
2950 998 3092 1052 vobis
3117 1039 3129 1061 ,
3162 1009 3219 1051 ut
3251 1016 3352 1051 non
3393 1000 3621 1053 scanda-

2043 1090 2299 1144 Uzentini.

2113 1182 2249 1236 Cum
2272 1180 2588 1236 Iudaeorum
2633 1182 2874 1236 furorem
2904 1181 3162 1236 Christus
3184 1182 3299 1235 suis
3333 1181 3623 1252 diStripulis

2043 1282 2366 1344 exponeret,
2394 1276 2672 1345 subjicere
2703 1258 2939 1330 debebat
2966 1274 3218 1329 infelices
3251 1275 3377 1328 illos
3409 1275 3473 1327 ad
3505 1283 3626 1327 tatte

2044 1374 2155 1419 tam
2207 1366 2571 1435 pervicaciam
2609 1366 2776 1436 912
2807 1373 3092 1430 venturos,
3139 1374 3304 1434 atque
3341 1366 3414 1417 ita
3463 1380 3627 1419 aures

2042 1459 2429 1514 obstructuros
2459 1468 2781 1528 tantumque
2808 1458 2919 1513 odii
2945 1466 3310 1527 concepturos
3338 1457 3389 1510 in
3432 1459 3622 1519 Deum,

2040 1556 2097 1603 et
2133 1549 2379 1602 veritatis
2410 1549 2714 1603 doctrinam
2747 1558 2855 1601 tam
2881 1547 3280 1602 contumeliose
3304 1546 3619 1608 habituros.

2044 1648 2102 1692 ut
2130 1639 2380 1710 quamvis
2420 1639 2528 1693 duo
2561 1618 2750 1692 essent
2787 1637 2961 1708 ipsius
3001 1637 3185 1706 gloria:
3217 1643 3405 1698 testes,
3449 1652 3515 1689 ne
3544 1637 3625 1690 sic

2044 1729 2264 1800 quidem
2290 1728 2465 1800 ipsam
2497 1728 2781 1797 suscipere
2807 1729 2999 1792 velint,
3034 1743 3159 1781 cum
3190 1735 3380 1796 aperte
3419 1727 3502 1780 lex
3534 1727 3620 1780 di-

2044 1834 2135 1880 cat
2166 1824 2317 1879 credi
2358 1830 2412 1879 et
2446 1822 2757 1878 indubitate
2797 1822 3005 1893 suscipi
3050 1821 3249 1876 debere
3297 1821 3443 1891 quod
3488 1820 3630 1875 duo-

2044 1932 2166 1972 rum
2205 1926 2300 1971 aut
2338 1917 2503 1971 trium
2538 1917 2761 1971 testium
2813 1930 2912 1970 ore
2968 1915 3388 1984 comprobatum
3442 1913 3517 1967 sit
3559 1914 3625 1966 ".

2048 2008 2248 2064 Verum
2279 2009 2411 2065 illud
2429 2007 2653 2090 quidem
2688 2008 2742 2062 in
2772 2022 3012 2078 praesens
3037 2006 3243 2060 utiliter
3273 2008 3483 2061 reticet.
3517 2003 3629 2059 Nec

2043 2101 2192 2157 enim
2230 2100 2561 2156 mediocrem
2599 2099 2681 2154 eis
2732 2098 3063 2152 anxietatem
3104 2096 3403 2159 intulisset,
3434 2110 3497 2149 ac
3531 2094 3629 2150 dc—

2043 2194 2358 2265 speratione
2384 2191 2578 2247 fraetis
2609 2187 3019 2262 quodaminodo
3058 2186 3459 2257 discipulorum
3507 2184 3628 2238 ani-

2044 2288 2151 2343 mis
2178 2284 2457 2342 formidini
2487 2298 2551 2339 ac
2592 2282 2805 2337 inertiae
2838 2281 3088 2351 pervium
3126 2278 3337 2333 aditum
3385 2276 3627 2332 fecisset.

2044 2377 2336 2433 Probabile
2380 2375 2528 2431 enim
2580 2382 2700 2429 erat
2734 2386 2829 2426 eos
2864 2370 3005 2441 apud
3038 2385 3097 2425 se
3136 2368 3189 2423 id
3222 2369 3467 2438 cogitare
3505 2386 3518 2422 ε
3572 2366 3629 2421 Si

2044 2468 2179 2523 nulli
2217 2469 2431 2538 penitus
2462 2464 2894 2534 obtemperaturi
2917 2469 3047 2518 sunt
3070 2458 3385 2515 Judaeorum
3418 2458 3626 2530 populi,

2045 2563 2141 2620 sed
2162 2569 2217 2617 et
2248 2562 2428 2631 ipsum
2461 2574 2559 2629 pro
2587 2558 2761 2612 nihilo
2798 2555 3143 2609 Paracletum
3197 2552 3442 2607 habituri
3478 2562 3629 2616 sunt,

2045 2653 2298 2725 quamvis
2328 2650 2673 2706 mirabilibus
2705 2649 2879 2717 signis
2905 2646 3175 2701 attonitos
3221 2643 3407 2720 faciat,
3445 2659 3509 2698 ac
3540 2643 3629 2697 ni-

2047 2745 2347 2803 hilominus
2375 2742 2658 2799 Christum
2686 2740 2872 2795 odisse
2899 2735 3409 2809 deprehendantur,
3432 2743 3485 2791 et
3505 2750 3629 2789 cum

2055 2840 2179 2909 ipso
2230 2837 2473 2899 Patrem,
2499 2834 2631 2904 quid
2660 2832 2863 2887 frustra
2911 2831 3158 2885 laborem
3214 2826 3633 2898 impendimus?

2046 2925 2239 2996 quidni
2267 2925 2371 2978 hac
2408 2922 2660 2978 molestia
2705 2919 2924 2976 liberari
2972 2934 3075 2974 nos
3142 2917 3421 2982 convenit,
3463 2918 3633 2973 silen-

360 3005 527 3080 ἦττον
559 3007 861 3064 ἁλώσονται
899 3010 995 3063 καὶ
1021 3010 1157 3081 μετά
1186 3009 1346 3064 τοῦτο
1372 3009 1659 3082 μισοῦντες
1684 3010 1941 3082 Χριστὸν,

2047 3017 2182 3071 tium
2233 3015 2427 3070 inutile
2480 3028 2610 3083 erga
2664 2998 2987 3082 praefractas
3040 3008 3291 3063 homines
3364 3008 3633 3063 doctrinae

360 3098 456 3150 καὶ
469 3096 569 3150 σίιν
583 3095 731 3169 αὑτῷ
745 3096 835 3151 τὸν
848 3098 1090 3170 Πατέρα,
1112 3099 1165 3152 τί
1186 3100 1280 3153 καὶ
1301 3099 1460 3154 πόνον
1476 3098 1680 3169 ἀνατλῆ
1687 3116 1777 3152 σαι
1825 3099 1948 3170 δεή-

364 3206 447 3241 σει
473 3188 661 3255 κενόν;
695 3188 750 3242 τί
791 3188 865 3261 μὴ
896 3190 990 3244 καὶ
1019 3192 1359 3261 πραγμάτων
1385 3190 1824 3247 ἀπαλλάττεσθαι
1845 3192 1944 3257 δεῖ,

362 3280 462 3351 τὴν
491 3282 572 3343 είς
586 3281 854 3353 ἀνηκόους
883 3283 1116 3355 σιωπὴν,
1134 3284 1228 3337 τοῦ
1262 3284 1536 3339 διδάσκειν
1568 3286 1946 3357 προτιμήσαν-

358 3389 496 3439 ταςς
528 3373 715 3429 Ταῦτά
734 3392 838 3436 τοι.
872 3374 1089 3430 κατάτὸ
1111 3377 1277 3441 εἰκὸς,
1306 3377 1406 3431 οὐκ
1450 3379 1725 3450 ἀγνοήσας
1748 3377 1947 3446 λογιεῖο

368 3464 492 3520 σθαι
542 3467 671 3530 τοὺς
720 3467 991 3539 μαθητὰς,
1022 3468 1358 3540 περιστέλλει
1399 3469 1502 3541 μὲν
1560 3472 1825 3541 ἐντέχνως
1876 3470 1948 3525 τά

356 3556 577 3628 ὅσαπερ
600 3552 669 3629 ἦν
721 3556 1097 3628 μοχθηρότερά
1137 3557 1274 3628 πρὸς
1303 3557 1583 3630 ὲξήγησιν¹
1614 3563 1707 3614 καὶ
1739 3561 1942 3618 δειλίαν

362 3648 460 3701 καὶ
498 3648 657 3703 ὄκνου
687 3648 779 3701 τοῦ
809 3648 945 3720 πρὸς
970 3647 1032 3702 τὸ
1059 3649 1255 3721 χρῆναι
1276 3649 1548 3704 διδάσκειν
1573 3652 1907 3723 ὲμποιητικά
1930 3670 1944 3684 ο

367 3740 713 3813 παρατρέπει
741 3740 798 3794 δὲ
822 3740 1108 3812 χρησίμως
1136 3737 1231 3794 τοῦ
1265 3740 1426 3811 λόγου
1454 3741 1553 3813 τὴν
1596 3742 1827 3814 δύναμιν
1853 3746 1950 3800 ἐπὶ

363 3832 427 3884 τὸ
460 3829 981 3903 προευτρεπίζεσθαι
1019 3830 1146 3895 δεῖν,
1185 3831 1281 3885 καὶ
1311 3833 1749 3906 προεσκευάσθαι
1772 3852 1947 3889 νεανι-

367 3923 481 3988 κῶς
509 3925 645 3995 πρὸς
668 3924 738 3977 τὰ
758 3922 819 3990 ἐξ
837 3923 1058 3978 ἐκείνων
1084 3923 1339 3995 ἐσόμενα,
1356 3926 1474 3997 ἦτοι
1500 3927 1945 4001 προσδοκώμενα.

369 4020 443 4073 Τὸ
473 4020 582 4090 γάρ
612 4018 892 4088 αἰφνιδίως
917 4018 1009 4072 καὶ
1031 4017 1310 4088 ἀδοκήτως
1350 4018 1488 4073 τισὶν
1519 4019 1796 4088 ἐπελθεῖν,
1829 4024 1948 4076 ίκα-

367 4110 457 4163 νὸν
479 4108 711 4180 ταράξαι
747 4109 842 4162 καὶ
884 4108 982 4180 τὴν
1022 4108 1144 4163 λίαν
1187 4107 1417 4179 ἔχουσαν
1473 4111 1701 4183 ὲδραίως
1746 4114 1945 4186 ψυχήνο

368 4204 429 4258 τὸ
455 4203 512 4256 δὲ
551 4203 626 4265 ὡς
658 4203 777 4273 ἥξοι
817 4203 911 4256 καὶ
946 4201 1100 4256 ἔσται
1144 4204 1612 4273 προῦποπτευθὲν,
1669 4205 1950 4277 λειοτέραν

369 4294 607 4366 ἔχειτὴν
651 4293 896 4365 πρόοδον,
943 4293 1040 4348 καὶ
1083 4292 1145 4346 τὸ
1182 4292 1347 4364 ἄχθος
1384 4294 1835 4369 εὐφορητότερον,
1875 4299 1950 4362 ὡς

2048 3104 2590 3179 praeferentes?ﬂ:ec
2630 3102 2777 3173 apud
2833 3117 2895 3157 se
2939 3100 3280 3171 cogitaturos
3327 3099 3633 3169 discipulos

2048 3215 2172 3255 cum
2219 3212 2329 3254 non
2375 3198 2679 3268 ignoraret,
2740 3194 3038 3249 artificiose
3084 3193 3305 3261 quidem
3354 3193 3632 3246 contrahit

2047 3305 2386 3363 quaecunque
2427 3290 2704 3359 explicatu
2763 3287 2950 3359 gravia
3007 3285 3354 3347 videbantur,
3401 3302 3632 3354 qumque

2047 3382 2394 3438 timiditatem
2433 3388 2487 3434 et
2518 3377 2790 3447 ignaviam
2841 3375 3247 3441 conciliatura;
3284 3374 3393 3428 vim
3438 3382 3625 3429 autem

2047 3484 2100 3532 et
2135 3475 2402 3530 rationem
2439 3471 2711 3529 sermonis
2762 3469 2976 3525 utiliter
3010 3469 3286 3524 convertit
3320 3468 3387 3524 ad
3422 3483 3630 3539 praepa-

2047 3568 2252 3625 randos
2291 3576 2346 3622 et
2381 3563 2712 3620 muniendos
2765 3563 3037 3618 adversus
3090 3562 3416 3632 ingruentes
3466 3575 3631 3615 casus

2048 3662 2283 3717 animos.
2316 3657 2448 3713 Nam
2474 3655 2624 3728 quod
2652 3664 2877 3725 repente
2906 3662 2960 3709 et
2981 3664 3176 3724 praeter
3205 3669 3357 3723 spem
3392 3653 3630 3723 ingruit,

2047 3754 2211 3810 etiam
2245 3757 2590 3807 constantem
2640 3749 2885 3802 animum
2934 3746 3160 3800 turbare
3191 3754 3408 3814 potest;
3446 3743 3631 3814 provi-

2049 3860 2171 3902 sum
2199 3858 2330 3899 vere
2364 3851 2419 3897 et
2463 3847 2613 3897 certa
2651 3853 2747 3909 spe
2790 3845 3171 3907 exspectatum
3200 3874 3216 3897 ,
3253 3835 3430 3891 levius
3484 3834 3631 3888 ferit.

2050 3936 2321 3991 Existimo
2356 3946 2488 3988 vero
2523 3929 2806 3985 Christum
2844 3926 3096 3982 nonnihil
3123 3924 3438 3981 istiusmodi
3468 3923 3637 3995 signi-

2050 4027 2217 4082 ﬁcare
2243 4026 2405 4080 velle.
2436 4022 2494 4079 Si
2528 4021 2675 4077 enim
2720 4034 2842 4089 ego,
2885 4018 3085 4088 inquit,
3134 4024 3287 4071 tanta
3322 4017 3435 4085 jam
3478 4015 3636 4071 vobis

2050 4121 2205 4191 signa
2239 4116 2409 4180 edidi,
2452 4115 2617 4185 idque
2642 4112 2801 4167 vobis
2834 4111 3084 4173 testibus,
3126 4118 3179 4164 et
3218 4108 3539 4163 Paracletus
3578 4110 3632 4162 in

2049 4211 2205 4267 vobis
2237 4208 2440 4265 similia
2475 4219 2694 4276 quoque
2746 4203 2999 4257 editurus
3040 4207 3157 4264 est,
3203 4214 3381 4269 neque
3421 4197 3637 4253 Judaici

2051 4303 2256 4362 furoris
2298 4301 2542 4359 cessabit
2596 4297 2862 4356 audacia.
2907 4294 3002 4349 sed
3047 4293 3211 4347 iidem
3258 4292 3519 4358 omnino,
3569 4308 3635 4347 ac

372 4386 820 4460 προεγνωσμένον
839 4386 939 4458 ἤδη
962 4385 1059 4440 καὶ
1084 4387 1555 4458 προτετριμμένον
1578 4390 1696 4452 ταῖς
1715 4388 1808 4442 τοῦ
1842 4408 1944 4443 πα-

2051 4396 2358 4453 deteriores
2390 4398 2522 4449 sunt
2556 4389 2751 4453 futuri,
2786 4386 2960 4441 nolite
2992 4384 3391 4449 scandalizari,
3422 4384 3628 4455 inquit,

369 4474 481 4530 θεῖν
496 4476 886 4541 ἀνενδοιάστως
916 4475 1149 4531 ἐλπίσιν.
1197 4471 1365 4549 Οῖμαι
1393 4476 1449 4531 δέ
1478 4496 1530 4531 τι
1568 4480 1661 4532 καὶ
1707 4481 1948 4535 τοιοῦτον

370 4568 721 4639 ὕποσημῆναι
755 4567 1038 4640 βούλεσθαι
1059 4567 1150 4622 τὸν
1176 4569 1432 4640 Χριστόν.
1452 4569 1516 4623 Εἰ
1543 4571 1652 4642 γὰρ
1681 4573 1811 4641 ἐγὼ,
1849 4591 1946 4644 φη-

368 4661 441 4728 σὶ,
475 4660 716 4714 τοσαῦτα
762 4660 860 4732 μὲν
890 4660 991 4731 ήδη
1043 4658 1596 4733 τεθαυματούργηκα,
1650 4664 1742 4717 καὶ
1790 4665 1949 4720 τοῦτο

365 4754 457 4809 ἐπὶ
482 4754 753 4825 μάρτυσιν
777 4753 903 4822 ὑμῖν
934 4768 948 4781 ·
975 4751 1454 4824 θαυματουργήσει
1482 4754 1538 4807 δὲ
1569 4755 1660 4809 καὶ
1692 4756 1777 4826 ἐφ’
1794 4758 1947 4827 ὑμῶν

2057 4502 2182 4542 cum
2212 4484 2268 4540 id
2320 4484 2481 4540 vobis
2528 4478 2831 4550 contingit,
2881 4476 2975 4531 sed
3026 4491 3274 4530 meorum
3321 4491 3636 4532 sermonum

2053 4578 2245 4648 utique
2268 4581 2626 4631 mementote.
2668 4590 2686 4623 ι
2730 4569 2849 4625 Νοη
2886 4568 3032 4622 enim
3081 4577 3164 4624 est
3199 4568 3506 4640 discipulus
3546 4584 3637 4623 su-

2053 4685 2153 4741 per
2205 4668 2575 4740 magistrum,
2646 4677 2824 4734 neque
2869 4675 3067 4741 servus
3128 4674 3294 4731 super
3350 4660 3632 4716 dominum

2053 4778 2212 4820 suum
2240 4762 2308 4816 ".
2350 4779 2369 4813 ι

366 4849 398 4901 ὁ
428 4847 811 4920 Παράκλητος,
834 4848 930 4899 καὶ
956 4845 1057 4915 τῆς
1097 4843 1366 4903 Ἰουδαίων
1414 4846 1670 4911 ἀπονοίας
1701 4849 1801 4904 οὐκ
1833 4852 2083 4927 ἀτονήσει
2110 4854 2172 4907 τὸ
2210 4852 2435 4925 θράσος,
2496 4850 2613 4904 ἀλλ’
2664 4847 2878 4902 ἔσονται
2903 4845 3066 4899 πάλιν
3130 4845 3187 4897 ὲν
3229 4843 3460 4907 τούτοις,
3537 4842 3632 4897 καὶ

370 4939 430 4993 ιν
460 4939 573 5000 τοῖς
595 4938 677 4992 ἔτι
721 4938 946 5009 χείροσι,
1001 4936 1077 5006 μὴ
1117 4935 1564 5007 σκανδαλισθῆτε,
1603 4940 1790 5010 φησὶν,
1826 4942 1955 4999 ὅταν
1986 4945 2085 4999 καὶ
2113 4945 2270 4998 αὐτοὶ
2311 4942 2470 4997 τοῦτο
2519 4939 2782 5003 παθόντες
2834 4935 3187 5009 εὑρίσκησθε,
3259 4934 3632 5006 διαμέμνησθε

455 5120 502 5152 ’⁸
527 5119 684 5176 Deut.
737 5136 872 5187 xvii,
910 5122 961 5175 6.
1055 5124 1098 5155 ’τ
1123 5122 1313 5177 Matth.
1342 5140 1397 5186 χ,
1428 5114 1520 5180 ει.

435 5278 512 5350 (i)
555 5276 639 5335 Me
677 5279 951 5335 monitore
993 5294 1345 5351 nequaquam
1392 5278 1668 5351 indigebit
1705 5279 1954 5351 quicun-

363 5348 720 5419 que'attente
757 5351 949 5420 legerit
984 5350 1149 5404 verba
1197 5348 1594 5420 S.7Cyrillig‘ad
1642 5348 1803 5405 Joan.
1856 5368 1951 5415 xv,

360 5418 433 5476 26
452 5458 469 5483 ,
499 5420 609 5493 27.7
637 5418 1063 5493 Μαρτὺροῦντος
1208 5419 1304 5473 τοῦ
1339 5418 1701 5493 ήῌνεύμετος,
1727 5438 1950 5493 συνεπι-

366 5489 772 5563 μαρτυρήσετε,
806 5489 1089 5563 multum:
1115 5491 1276 5561 ὑμεῖς
1297 5489 1495 5563 αὐτοί.
1517 5489 1803 5563 Γεγόνατε
1837 5491 1948 5563 γάρ

363 5559 630 5614 αὐτόπται
669 5562 764 5614 καὶ
798 5559 992 5630 θεωροὶ
1023 5559 1131 5612 τῶν
1155 5559 1322 5630 παρὰ
1362 5561 1477 5623 τοῖς
1525 5559 1675 5624 ἰδίοις
1735 5559 1951 5614 τετελέ-

366 5632 598 5701 σμένων,
653 5631 741 5683 ἀεὶ
779 5631 1048 5694 συνόντες,
1101 5631 1173 5694 ὡς
1232 5630 1495 5701 μαθηταί,
1546 5636 1602 5682 ιιι
1649 5631 1939 5701 intelligat,

367 5700 515 5765 ιδίοις
552 5700 757 5757 factum
801 5716 924 5757 esse
958 5717 1023 5755 ex
1040 5700 1333 5767 Ἰουδαίοις,
1378 5708 1606 5770 propter
1650 5700 1940 5755 abbrevia-

2051 5290 2160 5334 tam
2194 5278 2524 5349 scripturam
2548 5278 2694 5349 male
2731 5276 3092 5349 intellectam;
3122 5272 3367 5349 adeoque
3405 5271 3459 5326 in
3490 5270 3633 5328 hanc

2050 5344 2383 5405 sententiam
2422 5348 2557 5403 verti
2591 5348 2833 5403 debere:
2879 5344 3264 5400 Testimonium
3293 5352 3469 5398 autem
3509 5358 3634 5412 pero

2049 5419 2254 5475 hibente
2296 5417 2502 5488 Spiritu
2522 5438 2542 5480 ·.
2571 5435 2660 5472 vos
2681 5418 2785 5487 ipsi
2820 5431 3024 5486 quoque
3044 5456 3057 5476 ,
3086 5415 3294 5485 inquit,
3337 5411 3632 5482 perhibebi-

2051 5492 2141 5544 tis.
2177 5489 2394 5546 Oculati
2425 5491 2566 5545 enim
2608 5498 2764 5542 testes
2800 5488 2981 5555 fuistis
3008 5496 3056 5539 et
3094 5495 3417 5552 spectatores
3437 5497 3630 5536 eorum

2048 5577 2164 5630 qua:
2198 5559 2338 5628 apud
2367 5558 2590 5615 Judwos
2623 5568 2841 5627 peracta
2872 5567 2994 5630 su_nt
3017 5598 3031 5619 ,
3063 5557 3153 5627 qui
3197 5566 3632 5630 mecum__semper

2049 5620 2264 5700 fuistis.
2319 5620 2833 5700 utpotewdrisciputi.
2912 5620 3261 5684 ϐοτειειιιυε
3301 5662 3317 5687 ,
3381 5620 3626 5676 Monum.

2053 5701 2201 5756 Eccl.
2236 5700 2333 5756 Gr.
2374 5699 2449 5768 11,
2501 5699 2627 5756 520.
