4042 6204
393 260 502 316 425

1396 261 1456 315 s.
1496 260 1778 317 CYltlLLl
1819 242 2292 318 marmorum
2333 262 2656 319 AllClllEI‘.

3556 260 3662 316 42's

390 373 447 425 δὲ
488 371 764 444 πανταχοῦ
799 371 905 426 τῶν
936 370 1086 441 ὲμών
1118 369 1315 440 λόγων.
1357 390 1376 424 ι
1411 374 1487 426 Οὐ
1520 373 1629 444 γάρ
1659 375 1777 427 ἐστι
1802 374 2053 445 μαθητὴς
2080 375 2224 446 ὑπὲρ
2255 377 2346 429 τὸν
2392 375 2734 441 διδάσκαλον,
2799 375 2918 430 ὄύδε
2982 377 3167 442 δοῦλος
3237 374 3375 447 ὑπὲρ
3412 374 3503 429 τὸν
3561 379 3658 431 κύ-

391 486 507 540 ριον
537 466 725 521 αὐτοῦ.
775 485 795 518 ι

459 558 611 624 XVI,
665 560 718 614 2.
762 560 970 629 Absque
1000 561 1283 631 synugagis
1314 560 1509 627 facient
1541 577 1628 614 vos
1663 560 1795 614 :sed
1835 560 1957 614 venit

2147 562 2677 632 Ἀποσυγαγώγους
2713 559 3083 629 ποιήσουσιν
3102 557 3257 627 ὑμᾶς
3286 573 3301 588 ⁸
3332 557 3470 612 ἀλλ’
3497 559 3664 631 ἔρχε-

387 654 515 706 liora
552 664 605 706 ut
630 654 801 707 omnis
830 655 920 722 qui
950 654 1200 722 inter/icit
1230 669 1317 707 vos
1347 653 1636 707 arbitretur
1666 653 1971 724 obsequium

386 762 441 798 se
469 755 726 812 prwstare
769 745 899 802 Deo.

454 839 617 911 913
638 839 952 893 Extremum
968 841 1236 902 omnium,
1260 850 1317 895 ut
1347 843 1729 907 verbodicam,
1746 844 1968 913 pericu-

386 934 495 985 lum
537 934 618 988 eis
659 934 1020 1003 praenuntiat,
1055 951 1162 988 non
1196 944 1255 990 ut
1290 952 1521 991 suorum
1565 936 1967 1007 discipulorum

386 1021 583 1074 animis
615 1022 889 1076 imbellem
927 1034 1129 1077 metum
1158 1026 1458 1082 incuteret:
1484 1044 1583 1083 nec
1602 1029 1747 1082 cnim
1774 1029 1824 1084 id
1844 1046 1966 1083 eum

389 1112 567 1168 facere
622 1117 936 1180 decuisset,
982 1119 1076 1189 qui
1131 1118 1439 1189 discipulos
1499 1121 1566 1174 ad
1636 1122 1966 1192 intrepidam

385 1205 663 1277 Evangelii
697 1208 1145 1279 prtedicationem
1181 1212 1523 1281 instigabat:
1561 1212 1655 1268 sed
1696 1222 1774 1278 ut,
1819 1221 1965 1269 metu

381 1300 715 1368 gravissimo
780 1303 1109 1372 prazvisione
1173 1304 1290 1373 ipsa
1347 1304 1537 1358 leviori
1603 1304 1749 1360 facto
1803 1315 1968 1377 atque

381 1390 635 1460 depulso,
673 1392 738 1447 ad
772 1393 1059 1447 subeunda
1094 1397 1302 1463 quaevis
1351 1395 1594 1463 pericula
1643 1398 1966 1453 audaciores

381 1483 702 1546 evaderent,
751 1492 806 1538 et
863 1483 1186 1538 dilIicillima
1237 1501 1471 1556 quaeque
1525 1496 1961 1545 contemnerent.

376 1572 511 1629 Nam
543 1575 636 1646 qui
664 1576 811 1646 quod
842 1576 1065 1645 gravius
1097 1584 1181 1631 est
1214 1592 1320 1633 non
1353 1581 1566 1642 metuit,
1593 1597 1755 1650 quam
1785 1582 1965 1652 jactu-

378 1682 495 1721 ram
552 1683 616 1723 ex
651 1683 717 1722 eo
748 1668 898 1737 quod
948 1669 1124 1725 levius
1165 1678 1248 1725 est
1288 1672 1508 1742 capiet?
1549 1673 1613 1729 Et
1647 1676 1738 1744 qui
1770 1676 1963 1731 ultima

378 1775 609 1829 qumque
642 1775 754 1814 non
798 1759 1184 1826 reformidant,
1218 1764 1554 1835 quibusnam
1597 1767 1723 1823 aliis
1751 1769 1959 1824 turbari

378 1850 627 1919 queunt?
662 1848 726 1904 Ut
762 1866 896 1922 ergo
945 1864 1196 1921 paratum
1235 1852 1303 1908 ad
1349 1857 1540 1910 omnia
1593 1858 1963 1915 libentissime

380 1941 707 2012 perferenda
739 1942 987 1997 animum
1022 1944 1311 2011 haberent,
1353 1955 1408 2001 ct.
1436 1947 1488 2001 in
1526 1948 1822 2018 perniciem
1853 1950 1957 2006 sibi

376 2049 405 2087 a
439 2033 645 2091 .ludteis
680 2036 1008 2091 intentatam
1050 2044 1161 2092 tam
1208 2046 1435 2095 strenue
1483 2041 1862 2112 insurgerent,
1901 2054 1959 2100 ut

377 2144 443 2183 ne
466 2127 902 2183 crudelissimam
928 2129 1151 2200 quidem
1185 2141 1439 2197 mortem,
1461 2133 1507 2188 si
1534 2150 1622 2191 res
1658 2136 1731 2189 ita
1768 2136 1955 2205 ferret,

375 2225 705 2282 incuterent,
749 2234 859 2273 non
892 2219 1137 2290 vulgaria
1185 2229 1399 2276 tantum
1449 2224 1533 2279 eis
1563 2233 1827 2280 eventura
1856 2227 1953 2291 ait,

375 2326 474 2367 nec
526 2309 842 2365 Judawrum
895 2310 1140 2366 furorem
1174 2314 1513 2383 quieturum,
1559 2315 1604 2370 si
1650 2316 1815 2371 modo
1860 2332 1956 2373 eos

374 2404 667 2475 synagogis
719 2405 1014 2470 moverint,
1059 2405 1157 2461 sed
1213 2405 1549 2477 impietatem
1608 2409 1827 2465 illorum
1889 2425 1956 2466 eo

376 2510 764 2567 processuram
812 2495 1096 2565 praedicat,
1126 2503 1184 2550 ut
1228 2512 1501 2552 summam
1530 2499 1585 2553 in
1620 2514 1716 2555 eos
1753 2501 1955 2556 crude-

374 2588 585 2642 lilutetu
635 2586 857 2657 pietatis
889 2601 1019 2658 erga
1049 2586 1218 2642 Deum
1253 2586 1357 2643 iter
1387 2603 1513 2644 esse
1549 2598 1761 2660 putent.
1797 2590 1957 2657 Quod

372 2688 555 2736 autem
594 2679 804 2735 Christi
850 2680 1231 2735 sectatoribus
1283 2695 1560 2751 synagoga
1600 2681 1954 2738 interdictum

371 2775 444 2830 sit
487 2788 663 2844 eaque
715 2786 877 2843 poena
927 2772 1145 2826 multati
1199 2772 1312 2827 sint
1362 2773 1543 2839 initio,
1597 2773 1954 2832 manifestum

369 2867 500 2932 erit,
543 2864 883 2935 evangelista
916 2863 1159 2929 dicente,
1194 2865 1397 2921 multos
1435 2865 1655 2936 quidem
1693 2866 1858 2922 etiam
1887 2884 1956 2924 ex

372 2958 725 3030 principibus
775 2956 831 3011 in
878 2972 1002 3011 eum
1056 2955 1385 3021 credidisse,
1420 2957 1515 3013 sed
1561 2967 1785 3030 promer
1814 2959 1956 3015 Pha-

272 3054 277 3057 ’
371 3051 564 3107 ιὶεοιοε
594 3064 702 3104 non
736 3046 910 3104 fuisse
939 3048 1253 3113 confessos,
1280 3065 1349 3103 ne
1373 3065 1437 3104 ex
1486 3065 1763 3122 synagoga
1785 3051 1953 3123 ejice-

371 3141 653 3198 rentur“.
699 3140 767 3196 Et
815 3156 1011 3197 rursus
1045 3159 1057 3193 :
1097 3158 1115 3191 ι
1148 3137 1269 3194 Jam
1300 3140 1447 3196 enim
1498 3144 1955 3212 conspiraverant

2074 670 2165 706 ται
2205 652 2345 721 ὥρα,
2400 654 2500 706 ἵνα
2531 651 2650 719 πᾶς
2686 656 2718 706 o'
2755 652 3113 717 ἀποκτείνας
3152 649 3308 715 ὑμᾶς
3353 651 3506 723 δόξῃ
3552 660 3663 710 λα-

2072 746 2272 815 τρείαν
2304 744 2667 815 προσφέρειν
2691 743 2770 809 τῷ
2808 744 2950 810 Θεῷ.

2162 836 2474 907 ’Δνεκόμισε
2510 837 2647 905 πρὸς
2669 837 2798 890 αὐτὸ
2829 838 2889 888 τὸ
2911 837 3153 905 πάντων,
3179 854 3254 904 ως
3291 841 3422 904 ἔπος
3458 841 3659 905 εἰπεῖν,

2070 928 2371 998 ἀκρότατον
2402 928 2509 980 τῶν
2534 928 2722 982 δεινῶν
2749 928 2841 982 τοῦ
2873 929 3120 984 κινδύνου
3175 933 3275 1003 τὴν
3325 933 3657 1006 πρόρρησιν,

2070 1020 2169 1090 οὐχ
2202 1020 2286 1073 ἵνα
2310 1022 2410 1092 τήν
2439 1020 2702 1092 ἄνανδρον
2723 1025 2839 1084 τοῖς
2873 1021 3069 1075 ἑαυτοῦ
3116 1024 3387 1095 μαθηταῖς
3435 1028 3659 1099 ἐνεργά-

2072 1128 2233 1181 σηται
2280 1112 2471 1165 πτοίαν
2493 1131 2506 1144 ο
2563 1113 2623 1165 οὑ
2675 1113 2784 1185 γάρ
2820 1114 2883 1167 ἂν
2906 1114 3116 1185 ἥρμοσε
3158 1115 3290 1188 δρᾷν
3318 1118 3396 1189 τῷ
3431 1138 3493 1188 γε
3520 1121 3656 1185 ὅλως

2072 1203 2430 1274 παροτρύνειν
2466 1205 2703 1259 ἐθέλοντι
2737 1207 2872 1277 πρὸς
2900 1207 2961 1260 τὸ
2994 1208 3363 1279 εὐτολμότατα
3415 1212 3536 1267 λίαν
3563 1215 3656 1267 τὸν

2069 1297 2425 1364 εὐαγγελικὺν
2463 1297 2698 1369 κηρύξαι
2742 1299 2920 1368 λόγον,
2964 1300 3080 1353 ἀλλ’
3117 1302 3203 1355 ἵνα
3252 1303 3346 1357 τὸν
3393 1306 3655 1359 ἀνωτάτω

2069 1388 2252 1457 φόϐον,
2268 1388 2344 1452 ὡς
2364 1389 2465 1460 ἤδη
2496 1390 2971 1462 προεγνωσμένον,
2991 1393 3214 1464 εὐτριεῆ
3236 1393 3365 1448 ὄντα
3379 1396 3467 1461 διὰ
3494 1395 3652 1449 τοῦτο

2069 1480 2513 1552 παρωθούμενοι,
2546 1482 2750 1547 παντὸς
2809 1483 2908 1554 μὲν
2970 1483 3072 1554 ἤδη
3126 1487 3649 1541 κατανεανιεύωνται

2067 1572 2259 1637 κακοῦ,
2291 1573 2495 1645 μηδένα
2515 1573 2572 1627 δὲ
2606 1573 2744 1636 ὅλως
2771 1577 3006 1628 ποιοῖντο
3038 1574 3216 1645 λόγον,
3239 1577 3372 1647 μηδὲ
3408 1578 3571 1650 εἴπερ
3600 1598 3651 1634 τι

2067 1668 2280 1738 προσίοι
2312 1668 2420 1720 τῶν
2446 1668 2866 1739 ἀφορητοτὲρων
2909 1670 3097 1724 κακῶν
3133 1667 3274 1725 εἶναι
3326 1671 3647 1728 δοκούντων.

2066 1758 2191 1820 Τοῖς
2223 1758 2332 1826 γὰρ
2364 1758 2423 1811 τὸ
2455 1760 2637 1828 μεῖζον
2669 1761 2730 1813 οὐ
2772 1760 3062 1825 δεδοικόσι,
3115 1761 3276 1816 ποίαν
3325 1761 3392 1815 ἂν
3450 1764 3652 1833 ζημίαν

2067 1848 2274 1901 ἐποίσει
2306 1847 2368 1901 τὸ
2393 1847 2651 1913 ἕλαττον;
2684 1851 2747 1902 0i
2769 1849 2826 1902 δὲ
2851 1850 2946 1903 καὶ
2969 1851 3078 1903 τῶν
3102 1853 3184 1915 εἰς
3212 1851 3379 1923 ἄκρον
3409 1854 3652 1923 ἡκόντων

2062 1938 2336 2006 δειμάτων
2378 1936 2806 2008 κατευμεγεθεῖν
2854 1940 3178 2007 ἐγνωκότες,
3237 1940 3327 1993 διὰ
3377 1940 3521 2004 τίνος
3569 1941 3650 1994 ἔτι

2061 2028 2168 2081 τῶν
2204 2027 2379 2081 ἄλλων
2402 2030 2727 2100 ταραχθεῖεν
2755 2030 2856 2097 ἀν;
2889 2031 3006 2083 ’Ὶνα
3043 2031 3223 2084 τοίνυν
3266 2030 3510 2102 εὐτρεπῆ
3549 2034 3648 2103 τὴν

2059 2121 2297 2175 διάνοιαν
2319 2123 2489 2191 ἔχοιεν
2506 2123 2584 2185 είς
2602 2122 2662 2175 τὸ
2679 2122 2854 2177 πάντα
2881 2121 3001 2175 λίαν
3026 2123 3281 2193 ἀσμένως
3305 2126 3646 2192 ὑπενεγκεῖν,

2060 2212 2153 2267 καὶ
2182 2212 2318 2283 πρὸς
2350 2213 2412 2266 τὸ
2437 2212 2633 2285 χρῆναι
2678 2214 2929 2269 τοσοῦτον
2976 2215 3074 2284 τῆς
3114 2217 3178 2269 ἐκ
3212 2216 3321 2269 τῶν
3378 2216 3649 2270 Ἰουδαίων

2058 2303 2547 2369 κατεξανίστασθαι
2596 2304 2820 2376 βλάΰης,
2865 2306 2941 2370 ὡς
3006 2304 3141 2378 μηδὲ
3187 2306 3370 2373 αὑτὸν,
3400 2309 3449 2361 εί
3495 2307 3651 2379 τύχοι

2058 2396 2304 2467 παρόντα
2336 2394 2427 2450 τὸν
2452 2395 2604 2467 ὠμὸν
2622 2396 2851 2450 δεδιέναι
2877 2396 3107 2452 θάνατον
3149 2413 3163 2428 ·
3195 2398 3317 2469 οὐχὶ
3350 2398 3420 2453 τὰ
3442 2401 3501 2453 ὲν
3537 2399 3649 2454 ἔθει

2061 2489 2224 2559 μόνον
2259 2488 2637 2561 συμβήσεσθαι
2689 2489 2858 2560 λέγει,
2886 2490 3007 2543 οὐδὲ
3066 2491 3226 2564 μέχρι
3270 2492 3476 2546 τούτων
3526 2495 3653 2566 στή-

2059 2583 2251 2637 σεσθαι
2281 2581 2382 2655 τὴν
2417 2581 2732 2655 ἐπιϐουλὴν,
2784 2584 2902 2656 ἦτοι
2947 2584 3047 2656 τὴν
3078 2584 3189 2639 τῶν
3231 2584 3502 2641 Ἰουδαίων
3551 2589 3647 2642 ἑπ-

2058 2673 2379 2740 ανάστασιν,
2399 2673 2477 2739 ὡς
2512 2675 2975 2745 ἀποσυναγώγους
3027 2674 3281 2745 γενέσθαι
3320 2676 3501 2747 μόνον,
3529 2676 3647 2732 ἀλλ’

2056 2768 2137 2832 είς
2158 2765 2316 2820 τοῦτο
2337 2765 2676 2820 κατολισθεῖν
2713 2766 3000 2838 ὠμότητος
3028 2766 3129 2840 τὴν
3174 2768 3399 2823 ἐκείνων
3431 2769 3646 2824 ἀνοσιό-

2055 2875 2195 2930 τητα
2228 2859 2679 2929 προμεμήνυκεν,
2711 2858 2790 2923 ὡς
2810 2857 3064 2931 οἰηθῆναι
3095 2875 3248 2927 ποτε,
3278 2861 3376 2915 καὶ
3400 2859 3501 2933 τὴν
3545 2860 3647 2933 τῆς

2056 2949 2138 3014 είς
2156 2948 2292 3003 Θεὸν
2316 2948 2597 3013 εὐσεϐείας
2630 2949 2769 3004 ίέναι
2795 2949 2985 3022 τρίὸον
3012 2948 3112 3023 τὴν
3162 2951 3285 3005 κατ’
3336 2951 3519 3007 αὐτῶν
3564 2956 3646 3020 είς

2055 3042 2227 3115 ἄκρον
2271 3041 2690 3114 ἀπανθρωπίαν.
2733 3042 2856 3097 Ὅτι
2902 3042 2961 3096 δὲ
3006 3042 3427 3114 ἀποσυνάγωγοι
3493 3046 3646 3118 παρὰ

2056 3136 2171 3198 τοῖς
2214 3132 2491 3198 Ἰουδαίοις
2524 3134 2785 3202 ἐγίνοντο,
2833 3135 2928 3189 καὶ
2983 3134 3185 3206 ταύτην
3244 3136 3321 3201 ὡς
3360 3140 3418 3192 ὲν
3448 3139 3645 3210 ἀρχαῖς

373 3233 581 3289 Scribze
621 3241 676 3289 et
713 3231 1002 3295 Pharisaei,
1035 3241 1094 3287 ut
1152 3232 1198 3289 si
1251 3233 1379 3304 quis
1434 3248 1560 3289 eum
1599 3235 1957 3292 conﬁteretur

2060 3226 2152 3280 τοῦ
2176 3225 2500 3297 πράγματος
2529 3225 2800 3296 ὑπέμενον
2842 3227 3024 3299 δίκην,
3050 3228 3100 3281 οί
3129 3228 3228 3300 τῆς
3276 3229 3496 3301 ἀγάπης
3545 3231 3645 3302 τῆς

370 3341 493 3381 esse
544 3324 847 3391 Christum,
889 3333 1047 3381 extra
1106 3339 1438 3397 synagogam
1498 3324 1650 3381 ﬁeret
1677 3326 1745 3380 ”.
1789 3346 1808 3380 ι
1849 3325 1956 3383 Ve-

371 3436 493 3474 rum
519 3420 647 3474 licet
677 3418 1020 3489 conspiratio
1057 3417 1172 3471 haec
1204 3415 1546 3483 Judaeorum,
1576 3417 1776 3489 inquit,
1813 3434 1953 3474 non-

372 3512 541 3566 nullis
570 3512 897 3580 graviss‘una
926 3509 1017 3573 sit,
1050 3508 1335 3563 sciendum
1367 3520 1547 3563 tamen
1575 3524 1672 3564 vos
1702 3511 1955 3581 graviora

370 3617 615 3656 manere.
640 3598 721 3656 Ne
749 3599 920 3662 enim,
963 3600 1163 3669 inquit,
1193 3598 1447 3668 quamvis
1482 3598 1629 3654 istud
1671 3602 1781 3670 pati
1818 3616 1953 3657 eon~

372 3695 579 3765 tigerit,
621 3691 910 3762 angimini.
950 3690 1030 3744 Eo
1057 3691 1258 3761 quippe
1295 3691 1662 3761 improbitatis
1702 3701 1957 3763 erumpet

373 3787 590 3839 illorum
621 3784 874 3849 audacia,
904 3790 964 3836 ut
997 3790 1229 3837 mortem
1266 3782 1421 3837 vobis
1467 3781 1741 3839 intentare
1770 3786 1955 3842 cultus

372 3876 542 3930 divini
575 3876 694 3930 loco
723 3874 980 3929 habeant.
1007 3873 1162 3940 Quod
1191 3880 1341 3930 certe
1372 3873 1576 3928 factum
1615 3876 1954 3945 reperiemus

374 3970 429 4023 in
483 3976 676 4023 sancto
740 3966 1021 4038 Stephano
1080 3968 1173 4021 illo
1231 3975 1532 4038 martyrum
1600 3970 1955 4040 prillcipn,ct

373 4061 544 4115 Paulo
570 4061 772 4115 divino.
806 4058 1087 4129 Stephano
1120 4058 1324 4130 quippe
1358 4059 1714 4129 blasphemiae
1736 4062 1951 4132 culpam

375 4158 737 4223 imptmentes,
761 4159 816 4205 et
849 4151 979 4205 hinc
1010 4151 1187 4205 zelum
1220 4165 1346 4220 erga
1373 4150 1539 4206 Deum
1567 4162 1952 4222 pnetexentcs,

374 4260 601 4301 Illul'lcm
634 4244 711 4299 illi
766 4246 920 4300 saxis
957 4244 1265 4299 intulerunt
1298 4244 1343 4275 ³⁰
1373 4262 1384 4296 :
1418 4242 1648 4298 Paulum
1682 4260 1813 4299 vero
1858 4262 1953 4300 sa-

376 4339 779 4410 pientissimum
823 4346 877 4392 et
927 4336 1343 4392 sanctissimum
1377 4334 1550 4391 Judaei
1581 4337 1801 4407 quidem
1840 4340 1954 4392 rin-

375 4442 568 4502 gemes
595 4431 734 4487 adeo
767 4431 1039 4501 persecuti
1077 4439 1225 4495 sunt,
1262 4438 1321 4484 ut
1353 4429 1565 4500 seipsos
1593 4430 1956 4500 jurejurando

373 4522 539 4594 914
576 4508 977 4577 obstrinxerim
1019 4538 1130 4576 non
1180 4522 1336 4592 prius
1390 4535 1450 4575 se
1502 4521 1950 4589 manducaturos,

2056 3322 2137 3385 είς
2180 3320 2413 3392 Χριστὸν
2458 3319 2777 3392 ὲξημμὲνοι,
2825 3321 2997 3389 σαφὲς
3028 3321 3094 3376 ἂν
3123 3322 3355 3391 γένοιτο,
3391 3322 3644 3391 λέγοντος

2054 3414 2151 3466 τοῦ
2206 3411 2622 3482 εὐαγγελιστοῦ,
2662 3412 2746 3466 ὃτι
2784 3432 2803 3464 ι
2840 3411 3035 3467 Πολλοὶ
3067 3413 3249 3485 μέντοι
3294 3414 3387 3467 καὶ
3420 3414 3491 3466 ἐκ
3532 3412 3639 3467 τῶν

2056 3505 2334 3579 ἀρχόντων
2365 3503 2694 3558 ἐπίστευσαν
2739 3503 2821 3566 είς
2846 3503 3033 3569 αὐτὸν,
3066 3503 3203 3557 ἀλλά
3243 3503 3331 3558 διὰ
3377 3504 3505 3568 τοὺς
3534 3504 3643 3557 Φα-

2059 3597 2301 3669 ρισαίους
2329 3596 2428 3667 οὐχ
2450 3595 2786 3666 ὡμολόγουν,
2824 3595 2911 3649 ἴνα
2943 3596 3019 3667 μὴ
3072 3597 3493 3665 ἀποσυνάγωγοι
3545 3595 3643 3665 7i-

2056 3705 2275 3742 νωνται.
2309 3705 2329 3738 ι
2362 3685 2474 3741 Καὶ
2508 3687 2672 3741 πάλιν
2704 3704 2718 3717 ·
2765 3705 2783 3738 ι
2822 3686 2963 3758 Ἤδη
3007 3686 3116 3758 γὰρ
3166 3687 3536 3743 συνετέθειντο
3587 3691 3641 3744 οι

2056 3778 2409 3851 Γραμματεῖς
2435 3778 2528 3832 καὶ
2564 3778 2614 3831 οι
2634 3779 2939 3849 Φαρισαῖοι,
2962 3777 3048 3832 ἴνα
3075 3778 3169 3832 ἐάν
3208 3795 3292 3843 τις
3321 3778 3484 3833 αὐτὸν
3519 3780 3642 3850 δμο-

2056 3869 2262 3943 λογήσῃ
2293 3869 2386 3923 τὸν
2413 3868 2647 3940 Χριστὸν
2677 3865 2838 3933 εἶναι,
2865 3869 3295 3939 ἀποσυνάγωγος
3327 3870 3574 3941 γένηται·
3614 3890 3636 3923 ι

2057 3961 2171 4016 ἀλλ’
2204 3964 2253 4015 εί
2280 3963 2371 4016 καὶ⁵
2416 3962 2554 4032 πρὸς
2595 3960 2822 4031 ταύτην,
2866 3962 3021 4033 φησὶ,
3075 3962 3175 4032 τὴν
3223 3962 3330 4016 τῶν
3372 3962 3641 4017 Ἰουδαίων

2058 4049 2348 4122 ἐπιϐουλὴν
2382 4051 2673 4121 ἁφορήτως
2727 4050 2914 4120 ἔχουσί
2942 4068 3114 4115 τινες,
3151 4053 3325 4106 ίστέον
3366 4053 3635 4118 ἐντεῦθεν,

2055 4143 2131 4207 ὡς
2157 4142 2217 4195 οὐ
2243 4143 2404 4212 μέχρι
2430 4140 2633 4194 τούτων
2670 4142 2738 4194 τὰ
2769 4141 2891 4194 καθ’
2925 4143 3070 4212 ὑμᾶς
3106 4146 3382 4215 στήσεται.
3407 4144 3497 4216 Μὴ
3531 4146 3639 4216 γὰρ

2055 4239 2211 4303 ὅλως,
2244 4236 2428 4308 φησιν,
2462 4238 2510 4289 εἰ
2535 4237 2629 4290 καὶ
2651 4254 2713 4290 συ
2723 4237 2890 4310 μϐαίη
2912 4238 3071 4292 τοῦτο
3101 4239 3292 4294 παθεῖν
3318 4242 3634 4313 ἀσχάλλετε.

2057 4331 2458 4402 Κατοιχήσεται
2489 4330 2552 4402 δὴ
2585 4331 2722 4401 πρὸς
2762 4332 2918 4386 τοῦτο
2949 4331 3282 4404 φαυλότητος
3308 4333 3379 4387 τὰ
3416 4336 3639 4389 ἐκείνων

2055 4422 2402 4494 τολμήματα,
2445 4423 2519 4486 ὡς
2541 4426 2619 4487 εἰς
2654 4423 2910 4495 λατρείας
2942 4425 3170 4497 δύναμιν
3221 4426 3320 4496 τῆς
3357 4426 3640 4496 θεοφιλοῦς

2057 4516 2146 4566 τὸν
2184 4515 2304 4568 καθ’
2344 4516 2500 4586 ὑμῶν
2525 4515 2775 4585 οἰηθῆναι
2806 4516 3037 4570 θάνατον
3073 4535 3085 4546 ·
3117 4518 3146 4570 ὃ
3185 4517 3247 4589 δὴ
3282 4519 3376 4573 καὶ
3416 4520 3641 4588 γεγονὸς

379 4591 554 4682 deque
588 4614 883 4678 bibituros,
925 4628 1092 4683 quam
1146 4591 1270 4668 eum
1321 4610 1730 4667 interfecissent
1758 4613 1821 4667 ³¹.
1862 4612 1954 4669 Sic

2062 4605 2388 4677 εὑρήσομεν,
2412 4603 2501 4656 ἐπί
2532 4620 2593 4655 τε
2623 4602 2701 4674 τῷ
2734 4605 2874 4675 ἁγίῳ
2898 4606 3167 4675 στεφάνῳ,
3190 4609 3256 4676 τῇ
3300 4605 3405 4659 τῶν
3440 4606 3643 4677 μαρτύ-

376 4707 523 4760 cuim
549 4705 603 4757 in
632 4704 866 4759 Actibus
897 4712 1220 4758 sanctorum
1257 4703 1635 4772 apostolorum
1682 4703 1951 4774 scriptum

380 4796 739 4867 reperiemus.
769 4792 986 4865 Optima
1019 4809 1150 4865 ergo
1176 4804 1233 4849 et
1262 4793 1560 4849 utilissima
1587 4802 1671 4848 est
1701 4794 1788 4848 illa
1815 4811 1954 4865 prte-

378 4888 550 4943 dictio
591 4900 714 4957 qua:
764 4884 1010 4955 gravium
1071 4882 1339 4936 malorum
1382 4890 1586 4937 metum
1626 4882 1950 4950 prtemollit,

376 4990 428 5037 et
469 4979 625 5050 quasi
678 4978 789 5047 jam
838 4992 902 5032 ea
955 4983 1213 5046 expertos
1261 4974 1327 5030 ad
1370 4974 1539 5029 animi
1571 4974 1827 5029 virtutem
1865 4989 1954 5028 re-

378 5081 557 5128 vocat.
629 5069 955 5141 llefrigescit
1025 5068 1172 5123 enim
1246 5066 1654 5138 quodammodo
1724 5066 1952 5137 periculi

378 5171 543 5219 aestus
573 5173 699 5218 ante
735 5162 1014 5232 provisus,
1049 5166 1102 5212 et
1135 5159 1336 5212 lentius
1366 5156 1595 5211 invadit.

2064 4713 2172 4766 ρων
2204 4696 2449 4765 ἁπαρχῇ,
2478 4695 2573 4746 καὶ
2609 4695 2702 4746 ὲπὶ
2729 4694 2807 4765 τῷ
2837 4696 3109 4767 θεσπεσίῳ
3143 4696 3361 4766 Παύλῳ.
3383 4698 3643 4768 Στεφάνῳ

2065 4789 2161 4857 μὲν
2193 4787 2301 4857 γὰρ
2335 4785 2395 4838 τὸ
2423 4786 2520 4856 τῆς
2558 4785 2869 4857 δυσφημίας
2897 4787 3149 4860 ἔγκλημα
3189 4788 3639 4860 περιπλέκοντες,

2061 4881 2155 4933 καὶ
2193 4878 2352 4947 ζῆλον
2410 4877 2659 4931 ἐντεῦθεν
2697 4880 2788 4931 τὸν
2831 4880 3075 4949 φιλόθεον
3125 4881 3505 4953 πλαττόμενοι,
3547 4882 3645 4936 τὸν

2060 4971 2148 5024 διὰ
2199 4970 2360 5023 λίθων
2413 4970 2692 5039 ἐπήγαγον
2732 4970 2962 5024 θάνατον
3000 4989 3014 5003 ’
3076 4972 3153 5042 τῷ
3188 4989 3250 5041 γε
3283 4974 3391 5045 μὴν
3421 4971 3551 5043 ἱερῴ
3580 4989 3645 5025 τε

2062 5064 2155 5116 καὶ
2194 5063 2493 5132 σοφωτάτῳ
2525 5062 2723 5134 Παύλῳ
2747 5064 3000 5116 τοσοῦτον
3034 5064 3314 5136 ὲπέτριζον
3348 5065 3455 5117 τῶν
3514 5066 3648 5117 Ἰου-

2059 5156 2222 5212 δαίων
2243 5155 2407 5221 τινὲς,
2452 5155 2528 5219 ὡς
2555 5155 2948 5227 ἀναθεματίσαι
2972 5158 3218 5221 ἑαυτοὺς,
3248 5159 3385 5229 μήτε
3425 5157 3647 5226 φαγεῖν,

380 5254 517 5326 μήτε
549 5255 712 5314 πιεῖν.
764 5252 923 5323 ἄχρις
947 5244 1007 5304 οὗ
1045 5248 1305 5302 ἀνέλωσιν
1334 5246 1515 5300 αὐτόν.
1569 5243 1726 5299 Οὕτω
1760 5243 1868 5315 γὰρ
1899 5244 1952 5297 ἐν
1990 5250 2107 5308 ταῖς
2129 5245 2363 5317 Πράξεσι
2397 5245 2503 5298 τῶν
2532 5244 2704 5313 ἁγίων
2768 5244 3080 5298 ἀποστόλων
3132 5244 3519 5317 γεγραμμένον
3557 5242 3661 5297 εὑ·-

380 5348 639 5420 ρήσομεν.
668 5342 824 5412 Καλὴ
847 5341 1136 5414 τοιγαροῦν
1157 5341 1251 5393 καὶ
1292 5337 1569 5408 λυσιτελὴς
1604 5337 1723 5389 λίαν
1786 5337 1818 5406 ἠ
1890 5338 2211 5408 πρόρεἕησις,
2274 5336 2815 5410 προεξευμαρίζουσα
2868 5337 2966 5407 μὲν
3012 5336 3098 5390 τὸν
3142 5338 3236 5391 ἐπὶ
3278 5340 3388 5401 τοῖς
3449 5337 3647 5398 δεινοῖς

380 5436 561 5508 φόϐον,
595 5435 671 5496 ὡς
696 5433 753 5486 δὲ
794 5435 892 5504 ’ήδη
938 5433 1275 5496 πεπονθότας
1316 5430 1759 5502 ἀναχαλκεύουσα
1807 5430 1942 5501 πρὸς
1979 5431 2226 5502 ἀνδρείαν
2255 5433 2379 5495 τοὺς
2429 5431 2697 5502 μαθητάς.
2768 5429 3329 5503 Προαποψυχθήσεται
3363 5431 3470 5505 γάρ
3526 5449 3651 5498 πως

380 5535 414 5605 ἡ
444 5527 535 5584 τοῦ
566 5524 811 5580 κινδύνου
843 5525 1110 5597 θερμότης
1143 5522 1571 5599 προεγνωσμένη
1596 5524 1706 5583 τοῖς
1727 5522 2014 5589 πάσχουσι,
2046 5524 2138 5577 καὶ
2157 5522 2551 5593 ἀσθενεστέραν
2571 5520 2667 5593 τὴν
2703 5520 2891 5592 ἔφοδον
2920 5522 3228 5593 ἐργάζεται.

1543 5709 1588 5742 ³ο
1623 5711 1743 5762 Act.
1779 5721 1875 5772 vn,
1920 5705 2109 5761 56-59.
2191 5704 2230 5736 ³¹
2260 5704 2381 5759 Act.
2421 5719 2577 5773 um,
2610 5701 2705 5758 21.

452 5711 674 5769 “Joan.
716 5727 811 5777 xu,
850 5710 930 5766 £2.
1008 5710 1051 5743 "
1076 5708 1234 5767 Joan.
1271 5726 1348 5776 ix,
1373 5709 1462 5764 22.
