4042 6204
310 275 422 334 ‘25

1381 285 1448 339 IN
1479 285 1765 342 JOANNIS
1799 285 2242 344 EVANGELIUM
2272 287 2400 343 LIB.
2434 289 2501 344 Χ.

3459 291 3567 349 426

384 398 493 451 Καὶ
521 394 703 451 ταῦτα
739 399 1129 465 ποιήσουσιν,
1174 403 1265 457 ὅτι
1316 408 1427 459 οὐκ
1460 408 1738 476 ἔγνωσαν
1784 408 1894 461 τὸν

2064 407 2205 471 XVI,
2241 410 2292 465 5.
2324 406 2391 462 Et
2425 409 2535 464 hac
2570 412 2773 479 facient
2803 414 2966 473 vobis,
3009 424 3133 479 quia
3168 425 3268 462 non
3314 421 3564 464 noverunt

306 488 563 555 Πατέρα,
589 487 733 542 οὐδὲ
763 489 887 557 ἐμέ.

386 578 595 642 Ἕδειξε
625 577 732 631 τῶν
763 579 1031 635 Ἰουδαίων
1050 583 1141 636 τὸν
1163 583 1344 655 ζῆλον,
1374 588 1437 640 οὐ
1496 588 1616 641 κατ’
1658 588 1892 657 ἐπίγνω-

311 686 419 733 σιν,
458 670 709 741 καθάπερ
725 671 916 742 ἀμέλει
942 676 1035 727 καὶ
1082 677 1110 727 ὁ
1139 677 1349 740 Παῦλός
1384 695 1518 748 φησι
1553 696 1566 709 ·
1614 680 1894 752 πεπλανη-

316 760 478 831 μένον
507 761 563 813 δὲ
591 762 815 833 σφόδρα,
853 765 946 817 καὶ
969 764 1073 829 ἔξω
1110 783 1213 819 που
1242 766 1491 837 βαίνοντα
1540 770 1636 839 τῆς
1684 771 1897 835 εὐθείας

310 849 456 910 ὀδοῦ,
485 850 662 902 καίτοι
691 850 972 917 δοκοῦντα,
1012 856 1154 907 κατά
1189 871 1254 922 γε
1287 856 1378 908 τοι
1435 859 1493 909 ὲν
1537 859 1720 922 αὐτοῖς
1768 860 1897 913 ὄντα

316 940 543 1003 σκοπὸν,
575 939 845 993 τελεῖσθαι
868 942 958 994 διὰ
983 942 1137 997 Θεόν.
1164 945 1353 1015 ᾯοντο
1395 945 1493 1016 μὲν
1522 946 1644 1017 γὰρ,
1674 948 1775 1018 τῆς
1810 948 1899 1002 διὰ

313 1031 559 1094 Μωσέως
587 1032 1058 1105 ὑπερασπίζοντες
1085 1035 1326 1106 ἐντολῆς,
1362 1038 1452 1091 τὸν
1482 1039 1575 1091 τοῦ
1603 1041 1769 1110 νόμου
1813 1042 1901 1095 δο-

312 1123 459 1193 τῆρα
491 1124 909 1194 κατευφραίνειν
959 1125 1111 1188 Θεὸν,
1164 1131 1257 1180 καὶ
1309 1130 1606 1200 μαχόμενοι
1660 1135 1773 1196 τοῖς
1813 1133 1902 1187 διὰ

316 1213 556 1285 Χριστοῦ
587 1213 970 1285 θεσπίσμασιν,
1000 1218 1305 1288 εὐδοκιμεῖν
1342 1222 1390 1272 οί
1429 1221 1658 1284 τάλανες
1700 1224 1761 1275 οὐ
1821 1240 1903 1295 μι-

316 1305 468 1376 κρῶς
499 1305 900 1375 ὑπελάμϐανον.
936 1306 1035 1360 Διὰ
1065 1308 1173 1379 γάρ
1205 1324 1289 1362 τοι
1345 1310 1503 1363 τοῦτο
1538 1314 1633 1366 καὶ
1664 1317 1776 1378 τοῖς
1811 1314 1902 1367 τὸν

318 1400 671 1467 εὐαγγελικὸν
698 1401 1114 1474 διακηρύττουσι
1138 1404 1295 1474 λόγον
1325 1408 1606 1463 ἐπέκειντο
1632 1411 1900 1481 σφοδρῶς,

316 1493 438 1546 ἀλλ’
467 1492 695 1561 ἠγνόουν
733 1494 950 1565 ἁπάσης
981 1495 1113 1549 εἴσω
1140 1498 1401 1561 πεσόντες
1428 1499 1658 1569 μωρίας,
1688 1501 1783 1554 καὶ
1817 1501 1904 1555 διὰ

316 1585 420 1655 τῆς
453 1587 534 1648 είς
569 1586 661 1638 τὸν
700 1586 827 1639 Υίὸν
859 1587 1101 1656 ἀτιμίας,
1139 1590 1218 1652 εἰς
1251 1590 1412 1643 αὐτὸν
1462 1591 1904 1662 πλημμελοῦντες

319 1676 412 1728 τὸν
451 1675 583 1729 Θεὸν
617 1677 710 1730 καὶ
742 1678 986 1749 Πατέρα,
1030 1678 1231 1747 μᾶλλον
1289 1679 1346 1733 δὲ
1401 1682 1500 1735 ούκ
1548 1684 1749 1747 εἰδότες
1788 1684 1904 1753 ἠλί-

1997 495 2235 561 Patrem,
2262 513 2425 567 neque
2456 515 2556 552 me.

2067 585 2321 641 Ostendit
2351 585 2666 642 Judzeorum
2700 587 2896 651 zelum,
2924 601 3031 640 non
3067 583 3365 639 secundum
3394 584 3568 640 scien-

1996 678 2152 741 tiam,
2173 677 2335 732 sicuti
2369 693 2567 750 nempe
2597 687 2651 735 et
2681 678 2889 734 Paulus
2929 678 3005 732 ait
3032 676 3098 745 “,
3127 675 3225 732 sed
3270 690 3567 731 erroneum

1997 769 2155 825 valde
2183 781 2237 825 et
2270 784 2300 824 a
2329 776 2480 825 recta
2512 770 2596 825 via
2627 772 2890 835 alienum,
2918 770 3190 842 quamvis,
3222 776 3282 823 ut
3321 767 3423 839 ipsi
3461 764 3568 822 sibi

1998 860 2354 929 persuadent,
2384 861 2684 916 secundum
2719 861 2886 916 Deum
2919 875 3038 917 esse
3068 859 3339 915 videatur.
3366 856 3570 913 Existi-

1999 950 2225 1004 mahant
2243 951 2387 1005 enim
2415 966 2473 1005 se
2489 949 2785 1007 Mosaicum
2821 959 3146 1021 praeceptum
3176 947 3572 1021 propugnando

2000 1054 2114 1094 rem
2164 1041 2298 1110 legis
2337 1042 2511 1097 datori
2572 1041 2680 1096 Deo
2715 1051 2923 1113 gratam
2960 1042 3162 1100 facere.
3207 1049 3263 1096 et
3305 1041 3573 1096 doctrinae

1998 1129 2208 1186 Christi
2251 1133 2625 1203 repugnando,
2658 1136 2890 1187 multum
2926 1133 3029 1188 sibi
3064 1132 3358 1187 conciliare
3386 1133 3573 1202 splen-

1998 1218 2157 1277 doris
2213 1224 2499 1293 putabant.
2533 1227 2707 1291 Quam
2756 1226 2828 1280 ob
2878 1241 3102 1281 causam
3159 1227 3211 1278 in
3248 1224 3575 1292 evangelica)

2003 1312 2270 1368 doctrina:
2313 1330 2593 1383 praecones
2651 1316 2888 1373 ferocius
2928 1317 3308 1371 invadebant:
3345 1315 3441 1371 sed
3480 1330 3576 1370 ne-

2004 1405 2254 1459 sciebant
2282 1421 2343 1462 se
2379 1407 2432 1460 in
2464 1408 2751 1462 stultitiam
2781 1409 3078 1469 immanem.
3105 1407 3454 1478 deiapsos,et
3476 1421 3576 1461 no-

2005 1500 2116 1546 tam
2154 1493 2292 1548 Filio
2320 1495 2628 1565 irrogantes
2663 1512 2721 1551 se
2752 1500 2804 1550 in
2835 1496 3011 1566 ipsum
3050 1498 3218 1550 Deum
3255 1512 3318 1550 ac
3358 1494 3575 1551 Patrem

2007 1584 2347 1654 delinquere,
2380 1587 2512 1656 quin
2548 1594 2604 1642 et
2649 1587 2904 1657 ignorare
2940 1586 3158 1657 penitus
3204 1585 3579 1657 arguebantur

2008 1675 2136 1744 quid
2184 1676 2258 1730 sit
2305 1674 2486 1739 Pater,
2528 1678 2660 1746 quid
2715 1693 2911 1732 rursus
2963 1678 3053 1747 qui
3112 1694 3177 1733 ex
3220 1677 3339 1747 ipso
3373 1676 3580 1733 eil‘ulsit

321 1784 517 1820 σκοντο
546 1768 841 1831 παντελῶς,
872 1769 924 1821 τί
958 1770 1055 1837 μέν
1092 1770 1208 1823 ἐστι
1250 1771 1459 1842 Πατὴρ,
1488 1773 1538 1826 τί
1584 1773 1639 1826 δέ
1676 1752 1838 1827 πάλιν
1875 1776 1903 1827 ό

2017 1763 2217 1820 Filius:
2246 1775 2301 1820 et
2342 1767 2489 1836 quod
2519 1769 2717 1822 mirum
2750 1774 2855 1834 est,
2886 1767 3071 1822 Mosen
3110 1768 3579 1838 sapientissimum

321 1860 381 1926 ἐξ
409 1861 576 1913 αὑτοῦ
607 1861 862 1932 πεφηνὼς
897 1862 1041 1926 Υἱός.
1075 1863 1186 1917 Καὶ
1209 1864 1269 1917 τό
1300 1880 1363 1933 γε
1394 1864 1721 1935 παράδοξον,
1773 1867 1905 1921 Μω-

322 1951 424 2005 σέα
458 1951 557 2022 μὲν
589 1952 699 2023 γὰρ
726 1952 815 2005 τὸν
867 1952 1175 2022 σοφώτατον
1223 1957 1343 2019 ταῖς
1399 1956 1660 2010 ἀνωτάτω
1718 1959 1904 2028 τιμαῖς

322 2040 769 2108 καταστεφανοῦν
816 2043 1125 2112 ἠπείγοντο,
1178 2044 1347 2111 νόμου
1398 2045 1490 2098 τοῦ
1543 2044 1609 2098 δι’
1658 2046 1905 2114 ἀγγέλων

321 2132 584 2200 γεγονότα
615 2132 863 2185 διάκονον
894 2149 909 2163 ο
935 2132 1026 2186 τὸν
1053 2134 1108 2186 δέ
1143 2134 1347 2204 Κύριον
1370 2137 1402 2205 ἡ
1413 2134 1529 2205 μῶν
1571 2134 1781 2206 Ἰησοῦν
1813 2135 1905 2188 τὸν

324 2223 581 2292 Χριστὸν,
636 2222 734 2294 τὴν
778 2224 1090 2296 ἀπόρρητον
1133 2224 1229 2278 τοῦ
1278 2226 1490 2297 Πατρός
1542 2225 1906 2297 ἐξηγούμενον

326 2314 605 2386 βούλησιν,
634 2316 863 2385 λέγοντά
892 2333 952 2370 τε
981 2317 1169 2387 σαφῶς
1205 2335 1219 2350 ·
1259 2337 1278 2370 ι
1331 2320 1449 2373 Ἀπ’
1478 2320 1717 2391 ἐμαυτοῦ
1769 2320 1908 2374 ποιῶ

323 2409 498 2473 οὐδὲν,
532 2408 650 2461 ἀλλ’
679 2409 708 2461 ό
739 2409 961 2480 πέμψας
992 2426 1059 2480 με
1091 2411 1303 2482 Πατὴρ,
1339 2410 1503 2476 αὐτός
1557 2430 1647 2482 μοι
1686 2414 1907 2487 ἐντολὴν

322 2501 524 2554 δέδωκε
542 2502 593 2554 τί
620 2502 759 2554 εἴπω
785 2502 876 2555 καὶ
904 2503 956 2556 τί
982 2502 1220 2573 λαλήσω,
1283 2521 1301 2554 ι
1336 2506 1457 2568 ταῖς
1486 2506 1740 2575 ἐσχάταις
1788 2507 1909 2560 ἀτι-

327 2592 480 2663 μίαις
501 2608 569 2645 πε
579 2591 816 2663 ριόαλεῖν
840 2595 937 2647 οὐκ
965 2593 1239 2664 ὤκνησαν,
1263 2595 1439 2649 καίτοι
1467 2596 1910 2668 συνθαυματουρ-

324 2682 551 2751 γοῦντος
582 2684 732 2755 αὐτῷ
755 2683 851 2737 τοῦ
888 2685 1026 2738 Θεοῦ
1058 2687 1152 2739 καὶ
1169 2687 1404 2757 Πατρὸς,
1433 2688 1527 2740 καὶ
1553 2686 1621 2740 δι’
1644 2688 1910 2758 αἰσθητῆς

325 2774 538 2828 ἄνωθεν
614 2776 1017 2847 μαρτυροῦντος
1091 2778 1295 2847 φωνῆς,
1362 2778 1798 2849 ἀνακεκραγότος
1851 2778 1910 2830 δὲ

327 2865 636 2939 διαρρήδην
675 2867 769 2919 καὶ
799 2867 1066 2935 λέγοντος·
1102 2888 1119 2919 ι
1147 2862 1312 2932 Οὗτός
1344 2870 1490 2921 ἐστιν
1513 2869 1541 2920 ὁ
1573 2868 1701 2932 Υἱός
1751 2886 1852 2939 μου
1883 2871 1912 2923 ό

327 2956 635 3025 ἀγαπητὸς,
666 2958 723 3008 ἐν
743 2950 786 3024 ᾧ
810 2958 1104 3027 ηύδόκησα.
1120 2977 1137 3008 ι
1163 2959 1320 3011 Ἐστι
1350 2959 1528 3012 τοίνυν
1553 2960 1652 3011 οὐκ
1677 2958 1913 3029 ἀμφίδο-

328 3047 439 3114 λον,
466 3046 544 3110 ὡς
565 3048 724 3118 εἴπερ
748 3065 831 3110 τις
868 3049 1041 3102 ἕλοιτο
1070 3053 1181 3112 τοῖς
1209 3051 1300 3103 τὸν
1361 3048 1503 3103 θεῖον
1555 3050 1915 3122 διαπορθμεύ-

329 3157 448 3193 ουσι
473 3139 631 3207 λόγον
658 3138 981 3207 ὲπιφύεσθαι
1027 3140 1257 3212 πικρῶς,
1311 3142 1367 3193 ἐν
1414 3142 1606 3213 ἀγνοίᾳ
1668 3141 1913 3195 κείσεται

332 3232 515 3298 πάσης
572 3227 706 3299 ὁμοῦ
737 3229 836 3298 τῆς
884 3229 1046 3297 ἁγίας
1080 3245 1141 3281 τε
1194 3230 1290 3281 καὶ
1322 3231 1606 3299 ὀμοουσίου
1662 3228 1912 3299 Τριάδος.

331 3321 470 3375 οὐδὲ
526 3323 634 3393 γὰρ
682 3316 789 3373 οἶδε
848 3321 939 3374 τὸν
981 3320 1224 3390 Πατέρα,
1272 3322 1301 3373 ό
1336 3320 1428 3373 τὸν
1477 3320 1537 3387 ἐξ
1593 3318 1757 3373 αὐτοῦ
1818 3336 1917 3372 πε-

332 3410 544 3479 φηνότα
560 3410 732 3477 Λόγον
752 3410 851 3478 τῆς
883 3408 1208 3480 πρεπούσης
1242 3409 1403 3478 δόξης
1427 3408 1533 3474 ἔξω
1561 3409 1750 3473 τιθεὶς,
1778 3410 1919 3463 κατά

333 3515 394 3566 γε
424 3498 520 3551 τὸν
546 3497 678 3551 τδιον
707 3499 927 3551 σκοπόν.
960 3497 1084 3562 Πῶς
1113 3499 1224 3569 γὰρ
1253 3499 1354 3552 οὐκ
1379 3484 1770 3561 ἀνενδοιάστως
1810 3515 1917 3551 πα-

338 3590 598 3662 ραδεκτδν
622 3590 773 3661 παρά
796 3606 861 3658 γε
880 3593 990 3654 τοίς
1010 3591 1422 3662 νουνεχέστερον
1440 3593 1506 3662 τῇ
1524 3589 1635 3643 τῶν
1663 3591 1920 3661 πραγμά-

334 3699 444 3736 των
470 3683 634 3751 φύσει
664 3683 990 3752 προσϐαλεῖν
1020 3682 1370 3751 δυναμένοις,
1395 3683 1472 3747 ὡς
1507 3682 1741 3755 ἐπείπερ
1771 3682 1921 3736 ἐστὶν

336 3775 626 3845 όμοούσιος
665 3773 743 3844 τῷ
799 3774 994 3844 Πατρὶ,
1037 3772 1256 3844 λαλήσει
1294 3773 1394 3842 μὲν
1436 3767 1652 3836 πάντως
1679 3774 1748 3827 τὰ
1781 3773 1923 3827 κατὰ

339 3867 601 3936 βούλησιν
622 3865 714 3918 τοῦ
739 3864 972 3935 Πατρδς,
1003 3864 1077 3926 ὡς
1106 3863 1163 3916 δέ
1189 3862 1444 3916 κοινωνὸν
1465 3864 1565 3933 τῆς
1594 3862 1754 3933 δόξης
1783 3862 1923 3933 ἔχων

337 3956 526 4019 αὐτὸν,
556 3954 668 4019 ἕξει
689 3953 754 4025 δὴ
787 3954 1003 4015 πάντως
1037 3954 1131 4006 καὶ
1153 3951 1612 4021 συλλυπούμενον,
1636 3952 1722 4020 ἐφ’
1745 3946 1827 4014 οἷς
1858 3951 1925 4005 ἂν

341 4047 613 4101 πταίωσιν
632 4047 714 4108 εἰς
740 4044 903 4098 αὐτόν
926 4060 1099 4111 τινες;
1128 4043 1501 4112 ’Δπολογείται
1520 4044 1699 4097 τοίνυν
1721 4044 1780 4096 ἐν
1802 4042 1925 4096 τού-

342 4154 453 4201 τοις
475 4138 506 4189 ό
535 4135 743 4207 Κύριος
778 4135 936 4205 ἡμῶν
973 4134 1180 4206 Ἰησοῦς
1209 4135 1238 4186 ό
1282 4134 1537 4205 Χριστὸς,
1596 4136 1688 4188 καὶ
1741 4150 1928 4205 μονον-

345 4228 464 4298 ουχὶ
492 4227 602 4280 τῶν
636 4225 943 4280 Ἰουδαϊκῶν
976 4225 1343 4296 τολμημάτων
1363 4227 1678 4297 κατηγορεῖ,
1724 4224 1927 4297 πικράν

349 4321 443 4374 καὶ
465 4319 709 4391 ὀλέθριον
734 4318 984 4371 ἐντεῦθεν
1008 4317 1219 4381 ἐπιθεὶς
1244 4318 1343 4388 τὴν
1388 4317 1568 4388 ψῆφον
1604 4318 1718 4381 τοῖς
1762 4316 1926 4373 αὐτὸν

2010 1859 2244 1913 summis
2289 1857 2595 1914 honoribus
2636 1874 2836 1913 ornare
2898 1859 3239 1924 nitebantur,
3287 1860 3422 1931 legis
3485 1874 3583 1930 per

2012 1950 2233 2020 angelos
2310 1950 2525 2005 traditae
2606 1952 2926 2007 ministrum
2976 1970 2990 2007 :
3046 1950 3341 2007 Dominum
3400 1960 3580 2007 autem

2011 2051 2261 2096 nostrum
2314 2040 2501 2097 Iesum
2539 2041 2846 2108 Christum,
2886 2043 2979 2114 qui
3027 2041 3211 2099 Patris
3256 2042 3582 2098 ineffabilem

2010 2133 2349 2187 voluntatem
2404 2133 2664 2204 explicat,
2719 2143 2774 2190 et
2830 2144 3018 2206 aperte
3070 2136 3186 2190 ait:
3225 2153 3244 2186 ι
3286 2136 3331 2188 Α
3370 2135 3583 2205 meipso

2013 2224 2158 2280 facio
2180 2225 2337 2290 nihil,
2368 2225 2466 2281 sed
2501 2227 2592 2293 qui
2620 2226 2765 2281 misit
2795 2242 2882 2282 me
2911 2226 3097 2292 Pater,
3124 2227 3246 2297 ipse
3275 2226 3406 2282 mihi
3433 2241 3581 2281 man-

2013 2316 2201 2372 datum
2249 2316 2398 2372 dedit
2428 2317 2559 2387 quid
2592 2318 2772 2372 dicam
2808 2327 2864 2374 et
2906 2319 3039 2390 quid
3072 2320 3271 2389 loquar
3305 2318 3369 2383 ³³,
3409 2336 3428 2370 ι
3466 2326 3584 2372 tur-

2014 2407 2242 2478 pissima
2262 2408 2562 2479 ignominia
2591 2408 2806 2465 allicere
2831 2425 2940 2463 non
2964 2410 3312 2474 dubitarunt,
3332 2410 3585 2479 quamvis

2014 2499 2486 2566 miracula,simul
2521 2514 2646 2555 cum
2688 2515 2754 2555 eo
2800 2499 2944 2556 Deus
2998 2516 3062 2555 ac
3110 2500 3272 2555 Pater
3308 2500 3492 2565 faciat,
3532 2508 3587 2554 et
3626 2525 3633 2535 -

2016 2598 2206 2661 aperte
2253 2590 2474 2655 clamet,
2516 2606 2581 2645 ac
2631 2589 2780 2645 dicat
2819 2608 2833 2645 :
2873 2610 2891 2643 ι
2937 2590 3038 2645 Hic
3088 2599 3172 2647 est
3210 2589 3384 2646 Filius
3433 2605 3588 2646 meus

2015 2682 2272 2748 dilectus,
2330 2681 2385 2735 in
2438 2698 2548 2752 quo
2606 2681 2736 2735 mihi
2794 2682 3100 2752 complacui
3147 2681 3214 2737 “.
3271 2700 3289 2733 ι
3354 2680 3585 2736 Dubium
3686 2700 3693 2705 ν

2018 2772 2183 2842 igitur
2205 2787 2315 2827 non
2345 2780 2429 2827 est
2459 2772 2629 2841 quod,
2661 2772 2707 2827 si
2745 2774 2870 2842 quis
2907 2773 3077 2827 divini
3100 2770 3265 2826 Verbi
3306 2787 3589 2841 praecones

2018 2864 2274 2920 acerbius
2348 2864 2592 2930 invadat,
2644 2864 2699 2918 in
2754 2865 3102 2936 ignoratione
3168 2863 3333 2920 simul
3384 2876 3590 2920 sanctae

2017 2963 2073 3011 et
2104 2954 2597 3011 consubstantialis
2644 2955 2939 3011 Trinitatis
2988 2965 3307 3010 versaturus
3352 2956 3442 3011 sit.
3478 2954 3592 3011 Nec

2020 3048 2164 3101 enim
2198 3047 2416 3102 Patrem
2460 3049 2631 3114 novit,
2666 3049 2757 3119 qui
2810 3047 3052 3104 Verbum
3086 3061 3150 3102 ex
3181 3062 3247 3103 eo
3286 3046 3590 3117 procedens

2020 3139 2371 3195 conrenienti
2402 3140 2879 3211 gloria,quantum
2905 3140 2960 3194 in
2983 3156 3041 3195 se
3069 3147 3177 3205 est,
3208 3140 3427 3210 privare
3462 3138 3594 3193 niti—

2020 3229 2428 3301 tur.Numquid
2459 3232 2602 3286 enim
2637 3232 2943 3291 indubitate
2970 3230 3250 3286 fatendum
3280 3237 3365 3286 est
3399 3230 3468 3285 iis
3498 3228 3593 3299 qui

2021 3336 2207 3376 rerum
2235 3331 2488 3376 naturam
2508 3322 2730 3390 penitus
2754 3322 2952 3377 intueri
2990 3321 3224 3392 possint,
3254 3320 3423 3390 quod,
3466 3334 3592 3374 cum

2022 3414 2095 3470 sit
2140 3412 2287 3467 Patri
2349 3411 2863 3477 consubstantialis,
2898 3412 3186 3466 locuturus
3243 3410 3317 3467 sit
3368 3409 3595 3464 omnino

2021 3517 2145 3572 quae
2191 3508 2315 3557 sunt
2356 3500 2513 3568 juxta
2547 3499 2711 3571 915
2757 3500 3094 3555 voluntatem
3148 3499 3350 3563 Patris,
3380 3506 3434 3555 et
3467 3511 3593 3553 cum

2022 3608 2145 3650 eum
2177 3592 2367 3664 gloriae
2411 3607 2524 3647 sua:
2566 3602 2877 3647 consortem
2917 3591 3135 3658 habeat,
3177 3589 3340 3647 simul
3379 3602 3597 3659 quoque

2023 3684 2175 3753 tangi
2208 3697 2439 3738 necesse
2488 3682 2559 3737 sit
2590 3683 2660 3738 iis
2700 3698 2821 3753 quae
2856 3683 2910 3737 in
2942 3683 3124 3753 ipsum
3158 3680 3409 3736 nonnulli
3454 3679 3596 3736 deli—

2025 3774 2271 3846 querint?
2294 3774 2389 3831 His
2443 3775 2625 3830 verbis
2661 3775 2845 3845 itaque
2887 3772 3155 3829 Dominus
3198 3780 3387 3827 noster
3435 3768 3598 3826 Iesus

2025 3866 2281 3922 Christus
2325 3863 2640 3920 Iudaeorum
2697 3864 2940 3920 nefarios
2969 3871 3201 3919 conatus
3242 3868 3456 3915 tantum
3486 3874 3598 3914 non

2028 3963 2292 4022 accusat,
2350 3956 2603 4009 acerbam
2649 3968 2713 4008 ac
2760 3952 3033 4009 fitnestam
3087 3952 3216 4006 hinc
3264 3953 3598 4006 sententiam

2028 4048 2215 4104 ferens
2256 4047 2310 4101 in
2340 4061 2434 4101 eos
2472 4046 2565 4115 qui
2598 4042 2926 4100 crudelitate
2954 4058 3083 4114 erga
3107 4051 3330 4099 sanctos
3368 4051 3598 4112 aposto—

2029 4143 2134 4207 los,
2166 4141 2344 4211 ipsum
2373 4140 2607 4194 violant.
2633 4137 2745 4194 Nec
2779 4138 2925 4194 enim
2951 4139 3004 4193 in
3037 4140 3187 4209 ipsos
3215 4138 3433 4209 pr0prie
3476 4154 3602 4208 pec-

2031 4233 2136 4290 cati
2184 4231 2326 4288 ratio
2372 4238 2747 4297 convertetur,
2776 4232 2873 4287 sed
2931 4231 2987 4286 in
3044 4247 3167 4287 eum
3204 4230 3465 4287 ascendet
3506 4231 3596 4301 qui

2033 4322 2205 4379 divini
2252 4321 2597 4391 apostolatus
2630 4321 2711 4375 eis
2761 4336 2964 4376 munus
3012 4319 3298 4391 imposuit,
3337 4318 3603 4390 quemad~

352 4415 696 4485 ἀτιμάζουσι,
722 4412 810 4467 διὰ
840 4412 942 4482 τῆς
967 4414 1047 4475 είς
1079 4413 1274 4475 αὐτοὺς
1314 4413 1440 4475 τοὺς
1479 4412 1668 4480 ἁγίους
1698 4413 1914 4466 ὰποστό·

2035 4411 2253 4467 modum
2294 4419 2348 4466 et
2376 4411 2440 4463 ad
2476 4419 2727 4466 sanctum
2761 4407 3070 4464 Samuelem
3102 4410 3376 4481 quondam
3424 4408 3604 4463 aiebat

350 4508 472 4573 λους
501 4507 802 4579 ὠμότητος.
828 4506 902 4560 Οὐ
925 4506 1033 4575 γὰρ
1051 4506 1130 4568 είς
1149 4504 1344 4566 αὐτοὺς
1364 4503 1608 4573 κυρίωςὸ
1627 4502 1728 4572 τῆς
1748 4501 1928 4572 πλημ-

356 4599 574 4669 μελείας
600 4598 1075 4670 περιτραπήσεται
1112 4595 1289 4663 λόγος,
1322 4594 1437 4648 ἀλλ’
1472 4595 1553 4657 είς
1588 4593 1751 4646 αὑτὸν
1805 4594 1931 4647 ἀνα.

354 4693 579 4762 ϐήσεται
604 4692 696 4744 τὸν
724 4691 821 4760 τῆς
854 4688 1006 4752 Θείας
1035 4687 1342 4758 ἀποστολῆς
1381 4687 1567 4748 αὐτοῖς
1614 4685 1927 4739 ἐπιτιθέντα

351 4785 447 4853 τὴν
485 4782 848 4853 λειτουργίαν,
880 4780 1131 4851 καθάπερ
1157 4778 1350 4847 ἀμέλει
1382 4775 1635 4846 καὶπρὸς
1671 4775 1928 4846 Σαμουὴλ

353 4893 484 4929 ποτε
543 4875 635 4927 τὸν
668 4874 823 4941 ἅγιον
877 4872 1029 4941 ἔλεγε
1067 4872 1195 4942 περὶ
1239 4868 1349 4921 τῶν
1400 4868 1535 4919 υἱῶν
1570 4866 1817 4936 Ἰσραὴλ,
1846 4867 1927 4919 ὅτι

2036 4504 2103 4559 tle
2132 4503 2260 4559 ﬁliis
2307 4502 2475 4559 Israel
2508 4521 2522 4556 :
2563 4521 2581 4553 ι
2612 4500 2728 4556 Non
2786 4511 2838 4557 te
2874 4506 3341 4572 contempserunt,
3375 4500 3469 4556 sed
3517 4515 3605 4554 me

2034 4602 2481 4663 contempserunt
2530 4592 2596 4645 ³³.
2653 4610 2671 4642 ι
2728 4589 2836 4647 Res
2887 4592 3071 4661 itaque
3122 4591 3605 4662 periculosissima:

2035 4683 2195 4753 plena
2241 4691 2324 4737 est
2365 4684 2517 4746 aleae,
2563 4683 2710 4737 noiie
2760 4683 2969 4737 sanctis
3020 4682 3603 4748 comjenientissimum

2037 4774 2300 4831 honorem
2329 4773 2619 4845 impertiri.
2655 4774 2870 4830 Peccati
2902 4775 3107 4845 quippe
3134 4774 3187 4828 in
3233 4787 3327 4829 eos
3362 4774 3507 4827 ratio
3537 4770 3605 4825 ad

2037 4865 2215 4931 ipsum
2247 4880 2275 4916 a
2309 4880 2417 4934 quo
2438 4865 2588 4919 missi
2620 4874 2744 4920 sunt
2773 4873 3041 4921 recurret.

360 4989 378 5020 ι
408 4971 485 5023 Οὐ
541 4968 601 5021 σὲ
661 4966 1098 5037 ἐξουθενήκασιν,
1135 4962 1309 5033 ἀλλ’ἢ
1345 4960 1446 5031 ἐμὲ
1490 4958 1893 5030 ἐξουθενὴκασι.
1932 4977 1949 5009 ι
1988 4959 2228 5027 Πρᾶγμα
2258 4956 2543 5029 τοιγαροῦν
2600 4955 3032 5028 σφαλερώτατον,
3061 4957 3121 5009 τὸ
3179 4955 3253 5025 μὴ
3286 4958 3395 5017 τοῖς
3434 4952 3608 5023 ἁγίοις

357 5063 533 5117 θέλειν
573 5061 673 5132 τὴν
737 5061 922 5123 αὐτοῖς
974 5057 1388 5129 άρμοδιωτάτην
1431 5054 1722 5122 ἀπονεῖμαι
1775 5053 1960 5123 τιμήν.

356 5153 514 5221 λόγος
542 5155 621 5216 είς
654 5151 746 5205 τὸν
777 5150 1170 5204 ἀποστείλαντα
1205 5145 1423 5209 αὐτούς.

443 5244 629 5296 Ἀλλὰ
672 5242 858 5295 ταῦτα
887 5238 1199 5307 λελάληκα
1235 5238 1413 5307 ὑμῖν,
1461 5236 1563 5289 ἵνα
1599 5233 1748 5287 ὅταν
1782 5232 1932 5300 ἔλθῃ

358 5337 400 5402 ἡ
452 5334 603 5403 ὥρα,
654 5331 1075 5401 μνημονεύητε
1142 5328 1342 5382 αὐτῶν
1368 5367 1383 5391 ,
1445 5326 1535 5380 ὅτι
1602 5324 1721 5395 ἐγὼ
1765 5319 1938 5377 εἶπον

359 5442 550 5582 vita);
576 5514 764 5585 ἐτέρου
789 5530 884 5565 του
908 5512 1068 5583 χάριν
1101 5509 1228 5580 περὶ
1252 5507 1461 5562 τούτων
1488 5506 1672 5569 αὐτοῖς
1702 5502 1937 5573 πεποιῆ-

438 5691 482 5723 ”
507 5690 666 5743 Rom.
703 5706 756 5754 ιι,
796 5688 851 5744 2.
928 5687 1149 5742 "Joan.
1188 5701 1303 5750 vm,
1340 5685 1411 5738 28
1440 5732 1453 5753 ί
1486 5699 1583 5744 xu,
1614 5683 1705 5738 49.
1787 5680 1831 5713 ³⁵
1855 5679 1914 5733 M:

2017 5702 2046 5735 ι.
2089 5696 2176 5745 m,
2215 5681 2300 5735 i7.

654 5786 927 5846 Ρλτιιοιι.
973 5784 1089 5844 Gn.
1124 5781 1393 5843 LXXIV.

2046 5051 2460 5122 Ἀναδραμεῖται
2499 5050 2609 5121 γὰρ
2652 5050 2751 5121 τῆς
2803 5050 2882 5114 είς
2917 5050 3115 5111 αὐτοὺς
3152 5044 3527 5117 πλημμελείας
3580 5040 3607 5091 ὁ

2108 5224 2252 5287 XVI,
2284 5226 2338 5279 4.
2391 5223 2495 5279 Sed
2528 5224 2639 5277 Iure
2670 5224 2874 5277 locutus
2910 5239 3025 5277 sum
3075 5220 3241 5285 vobis,
3279 5229 3336 5274 ut
3369 5238 3487 5276 cum
3523 5240 3609 5278 ve-

2044 5318 2180 5371 nerit
2235 5316 2390 5381 hora,
2428 5330 2610 5369 eorum
2674 5314 3111 5376 reminiscamini,
3161 5314 3287 5384 quia
3340 5326 3433 5384 ego
3490 5316 3613 5372 dixi

2045 5408 2211 5463 vobis.

2113 5496 2231 5554 Non
2262 5499 2429 5554 aliam
2460 5499 2532 5555 ob
2555 5512 2778 5554 causam
2808 5495 3014 5552 factum
3048 5512 3171 5556 esse
3195 5497 3264 5555 de
3283 5474 3371 5556 bis
3398 5511 3614 5555 sermo-

2380 5681 2422 5712 ³⁸
2444 5681 2459 5732 l
2484 5678 2615 5748 Reg.
2655 5693 2772 5744 vttt,
2811 5679 2865 5733 7.

3188 5773 3256 5828 ﬂ
