4042 6204
510 248 611 302 427

1498 248 1552 302 S.
1596 247 1870 303 CYRILLI
1912 245 2379 301 ALEXANDI’JNI
2420 245 2734 300 ARCIIIEP.

3649 242 3745 298 49.8

505 380 628 419 nem
653 364 870 429 asserit,
895 380 1057 435 quam
1091 375 1148 419 ιιι
1178 375 1564 436 agnoscerent.
1589 368 1634 424 si
1668 369 1724 422 in
1743 369 2057 423 tentatione:

2181 366 2304 419 σθαι
2336 366 2424 417 τὸν
2458 365 2613 433 λόγον
2645 362 3063 433 δίίσχυρίζκαι,
3114 362 3145 432 ἢ
3188 363 3271 414 ἵνα
3300 360 3640 430 γινώσκοιεν,
3670 365 3746 419 ὅτι

504 461 725 523 propter
749 470 809 509 se
846 454 1169 517 inciderent,
1200 456 1425 510 omnino
1454 456 1683 526 gloriam
1718 456 1847 509 hinc
1877 470 2069 524 repor-

508 551 741 600 taturos.
770 542 882 600 Nec
914 545 1059 600 enim
1093 543 1341 615 praedixi,
1365 544 1567 615 inquit,
1597 552 1656 599 ut
1684 546 1793 599 vim
1820 552 1875 600 et
1904 545 2072 598 robur

502 644 698 689 vestra:
726 634 922 691 mentis
954 650 1297 702 enervarem,
1328 636 1425 691 sed
1473 649 1650 705 neque
1681 642 1741 689 ut
1771 642 2069 705 praematu-

501 741 621 779 rum
667 725 823 783 vobis
879 724 1191 781 futurorum
1237 728 1507 782 malorum
1553 738 1817 783 terrorem
1856 727 2071 783 incute-

502 832 637 880 rem,
671 817 770 871 sed
826 824 884 871 ut
923 817 1282 889 anticipatam
1332 818 1518 889 potius
1551 833 1743 874 eorum
1779 818 1934 873 vobis
1974 833 2071 873 co-

499 909 804 979 gnitionem
844 908 1139 972 traderem,
1187 924 1295 979 quo
1338 909 1609 979 duplicem
1648 909 1787 987 binc
1831 909 2067 963 fructum

498 999 879 1070 reportaretis.
932 998 1174 1055 Primum
1231 1001 1378 1057 enim
1432 1001 1705 1057 recordati
1761 1000 1877 1056 haec
1909 1016 1941 1054 a
1982 988 2070 1055 me

497 1088 757 1160 praedicta
794 1089 988 1157 fuisse,
1027 1091 1363 1148 mirabimini
1416 1092 1509 1163 qui
1560 1107 1663 1162 ego
1705 1093 2065 1162 prmscierim,

496 1191 551 1237 et
588 1182 767 1252 ipsum
819 1181 1051 1253 periculi
1100 1184 1318 1253 tempus
1359 1181 1871 1239 manifestissimum
1903 1192 2067 1239 certae

497 1272 620 1327 fidei
674 1273 829 1329 vobis
881 1273 985 1329 erit
1051 1281 1461 1344 argumentum.
1520 1272 1653 1328 Nam
1714 1274 1810 1344 qui
1881 1274 2064 1329 futura

497 1359 669 1425 novit,
689 1360 968 1430 quomodo
999 1376 1107 1415 non
1141 1362 1247 1416 erit
1271 1361 1576 1417 secundum
1606 1371 1861 1418 naturam
1890 1363 2067 1420 Deus?

494 1448 724 1512 Deinde,
757 1450 849 1520 qui
885 1458 1226 1521 praeparatus
1274 1460 1356 1507 est
1405 1462 1461 1508 et
1501 1453 1707 1524 aliquid
1752 1454 1857 1510 sibi
1903 1469 2065 1511 even-

2178 452 2243 523 δὴ
2284 451 2501 515 πάντως
2527 454 2639 514 τοῖς
2682 450 2749 504 δι’
2783 450 2961 503 αὐτῶν
2991 448 3010 520 [
3036 450 3121 503 ισ.
3159 446 3357 519 αὐτὸν]
3389 447 3746 519 ὁμιλήσαντες

2179 546 2505 615 πειρασμοῖς
2562 543 2660 613 τῆς
2708 542 3023 613 ἁμαρτίας,
3078 540 3176 611 τὴν
3220 539 3471 593 ἐντεῦθεν
3512 541 3747 611 ἀποκερ-

2175 633 2393 688 δανοῦσι
2420 633 2620 698 δόξαν..
2653 633 2726 685 Οὐ
2761 631 2871 703 γὰρ
2905 632 2970 701 δὴ
3011 628 3318 702 προείρηκα
3342 668 3359 695 ,
3404 630 3539 701 φησὶ
3563 670 3579 695 ,
3622 630 3748 692 τοὺς

2175 724 2362 789 τόνους
2407 726 2504 795 τῆς
2536 724 2812 794 ὑμετέρας
2842 721 3079 784 διανοίας
3109 720 3535 792 προαπονευρῶν
3558 760 3573 785 ,
3629 720 3748 773 ἀλλ’

2175 817 2296 871 οὐδὲ
2328 817 2578 889 πρόωρον
2620 816 2748 886 ύμῖν
2795 816 2860 868 ἐκ
2908 813 2997 867 τοῦ
3044 812 3331 865 πείσεσθαί
3358 831 3411 865 τι
3440 813 3748 885 προσδοκᾷν

2176 911 2469 981 ἐπινοήσας
2496 909 2558 962 τὸ
2582 909 2765 979 δεῖμα,
2804 906 3203 979 προγινώσκειν
3236 906 3292 960 δέ
3322 907 3522 977 μᾶλλον
3545 909 3744 975 διδοὺς,

2175 1003 2262 1056 ἴνα
2289 1000 2473 1071 διττὴν
2507 1000 2756 1054 ἐντεῦθεν
2787 1000 2887 1070 τὴν
2924 998 3194 1068 ὠφέλειαν
3236 999 3553 1070 κερδὰνητε.
3587 1002 3747 1074 Πρῶο

2173 1110 2266 1146 τον
2293 1094 2389 1163 μὲν
2416 1094 2525 1163 γὰρ
2559 1090 3018 1163 ἀναμνησθέντες,
3045 1090 3127 1144 ὃτι
3172 1094 3433 1161 προεῖπον
3474 1092 3607 1161 ἐγὼ,
3652 1093 3747 1147 τὸν

2174 1185 2561 1255 προεγνωκότα
2592 1183 2922 1253 θαυμάσετε,
2956 1182 3051 1235 καὶ
3075 1182 3234 1246 αὐτὸς
3282 1184 3410 1255 ύμῖν
3439 1186 3467 1237 ὁ
3494 1184 3587 1238 τοῦ
3632 1204 3745 1239 κιν-

2172 1275 2330 1329 δύνου
2359 1275 2549 1348 καιρὸς
2570 1276 2648 1338 είς
2680 1273 3053 1345 πληροφορίαν
3087 1272 3365 1341 ἀσφαλοῦς
3394 1274 3745 1345 συμϐήσεται

2173 1366 2430 1430 πίστεως.
2474 1367 2531 1419 'U
2566 1365 2676 1436 γὰρ
2704 1365 2858 1428 εἰδὼς
2884 1364 2951 1418 τά
2975 1364 3231 1434 ἐσόμενα,
3269 1364 3389 1428 πῶς
3425 1366 3527 1419 ούκ
3559 1365 3624 1419 ἂν
3656 1367 3741 1439 εἴη

2173 1458 2316 1512 κατά
2340 1457 2505 1527 φύσιν
2533 1457 2695 1524 Θεός;
2731 1458 2840 1511 Καὶ
2875 1457 3007 1530 πρός
3038 1473 3100 1524 γε
3145 1456 3317 1527 τούτῳ
3343 1456 3404 1511 τὸ
3435 1457 3640 1529 ἕτερον.
3682 1459 3743 1513 ’0

495 1550 677 1593 turum
712 1548 877 1595 antea
901 1539 1295 1605 novit,lcviore
1321 1549 1470 1597 metu
1498 1542 1793 1610 aﬂicietur,
1812 1552 1866 1599 et
1887 1545 2057 1614 quod-

2170 1549 2394 1620 γὰρ.δὴ
2449 1549 3031 1623 προηυτρεπισμένος,
3090 1548 3184 1605 καὶ
3235 1548 3599 1620 προεγνωκὼς
3658 1553 3742 1605 ὅτι

491 1644 709 1699 cunque
759 1644 922 1700 grave
984 1644 1107 1686 esse
1153 1631 1371 1688 videtur
1434 1631 1596 1689 facile
1661 1636 1965 1705 superabit,
2009 1644 2057 1692 et

2170 1642 2437 1706 πείσεται,
2473 1641 2879 1713 μαλθακωτέρῳ
2915 1641 3011 1713 μὲν
3040 1641 3420 1713 περιτεύξεται
3460 1642 3539 1714 τῷ
3568 1643 3738 1714 φόϐῳ,

492 1724 880 1780 inconcussum
914 1725 967 1779 in
1020 1725 1156 1796 ipsis
1195 1726 1477 1783 laboribus
1508 1729 1756 1785 animum
1790 1737 1875 1786 est
1905 1730 2057 1786 babi-

2173 1734 2641 1805 κατευμεγεθήσει
2691 1734 2746 1788 δέ
2799 1735 2995 1806 ῥᾳδίως
3059 1734 3260 1799 παντὸς
3310 1736 3405 1790 τοῦ
3456 1737 3741 1801 δοκοῦντος

493 1821 675 1869 turns.
728 1814 933 1871 Praeter
993 1832 1144 1887 spem
1208 1820 1352 1873 enim
1415 1819 1623 1891 aliquid
1682 1822 1813 1891 pati,
1870 1823 2066 1894 pungit

492 1906 697 1962 acrius.
745 1906 1017 1974 Quocirca
1067 1908 1391 1967 Psalmistes
1431 1912 1506 1967 ait
1541 1931 1554 1966 :
1589 1931 1609 1964 ι
1646 1911 1882 1971 Paratus
1917 1931 2062 1978 sum,

488 2009 541 2054 et
571 2014 682 2054 non
717 2015 837 2054 sum
872 2002 1127 2057 turbatus
1155 2003 1221 2055 ³⁸.
1263 2024 1279 2055 ι
1318 2002 1630 2074 Discipulos
1670 2006 1839 2078 igitur
1872 2008 2064 2064 memi-

486 2091 638 2147 nisse
664 2091 822 2161 jubet
856 2090 1037 2148 futura
1067 2094 1173 2151 sibi
1209 2095 1469 2164 praedicta
1509 2097 1702 2162 fuisse,
1728 2100 1939 2156 utiliter
1999 2117 2064 2157 ac

488 2182 829 2237 necessario.
876 2181 1111 2238 Dubium
1165 2186 1367 2256 quippe
1425 2202 1536 2242 non
1585 2197 1703 2243 erat
1747 2190 1906 2260 quin,
1934 2205 2059 2246 cum

494 2272 671 2339 ipsum
708 2271 880 2328 Deum
933 2289 1121 2330 verum
1162 2290 1286 2331 esse
1340 2276 1551 2333 idcirco
1592 2279 1883 2336 crederent
1910 2281 2062 2353 (pro-

486 2362 667 2430 prium
701 2363 847 2418 enim
882 2366 993 2420 veri
1030 2364 1121 2421 Dei
1149 2374 1233 2422 est
1264 2378 1466 2423 cuncta
1497 2370 1707 2442 nosse),
1729 2370 1889 2428 facile
1922 2389 2061 2444 quo-

428 2513 437 2522 ,
484 2465 591 2519 que
622 2452 884 2507 credituri
923 2461 1113 2510 essent
1143 2456 1211 2510 ab
1249 2472 1315 2512 eo
1356 2472 1415 2514 se
1454 2459 1719 2528 periculis
1756 2461 2059 2549 .liberatum

483 2556 573 2597 11⁸1.

549 2811 717 2881 916
745 2811 884 2878 XVI,
918 2814 1047 2879 5,6.
1100 2814 1227 2870 Ilaec
1277 2826 1454 2871 autem
1495 2818 1561 2872 ab
1606 2819 1761 2872 initio
1812 2835 1914 2875 non
1943 2822 2056 2877 dixi

482 2900 646 2965 robis,
687 2902 811 2969 quia
850 2902 1119 2957 vobiscum
1167 2922 1334 2960 eram.
1375 2905 1443 2961 Et
1489 2924 1628 2963 nunc
1658 2909 1793 2965 vado
1833 2911 1904 2966 ad
1935 2930 2054 2968 eum

480 2992 567 3061 qui
619 2991 766 3044 misit
822 3008 921 3055 me,
960 3003 1008 3048 et
1060 3011 1209 3050 nemo
1256 3013 1321 3051 ex
1378 2998 1521 3062 vobis
1578 3001 1870 3074 interrogat
1923 3022 2054 3060 me:

482 3083 597 3149 Quo
632 3083 823 3140 vadis?
854 3082 961 3140 Sed
985 3087 1107 3156 quia
1138 3087 1249 3143 lia'c
1279 3090 1488 3145 locutus
1524 3108 1644 3145 sum
1678 3095 1845 3162 vobis,
1888 3097 2056 3151 tristi-

481 3176 555 3227 tia
587 3174 816 3243 implevit
846 3194 937 3232 εον
966 3190 1212 3235 vestrum.

551 3266 714 3321 Aliud
748 3269 1011 3339 quiddam
1045 3273 1177 3330 utile
1215 3287 1280 3329 ac
1318 3275 1475 3332 valde
1509 3280 1881 3334 necessarium
1905 3279 2058 3337 Cbri-

479 3367 598 3415 stus
636 3361 897 3430 providit.
930 3363 1166 3421 Dubium
1203 3367 1404 3439 quippe
1449 3385 1559 3426 non
1589 3379 1709 3427 erat
1736 3372 1894 3442 quin,
1929 3389 2054 3430 cum

481 3450 612 3505 facti
646 3463 835 3508 essent
859 3455 1021 3511 initio
1050 3456 1172 3526 ejus
1201 3458 1482 3531 discipuli,
1509 3471 1563 3517 et
1590 3477 1714 3517 cum
1753 3479 1820 3520 eo
1850 3465 2057 3537 jugiter

480 3541 704 3606 versati,
742 3545 1030 3614 multaque
1064 3547 1331 3603 miracula
1372 3552 1577 3621 experti
1613 3551 1865 3621 fuissent,
1890 3566 1946 3610 et
1971 3556 2054 3611 in-

478 3634 903 3702 comparabilem
956 3635 1076 3706 ejus
1119 3638 1227 3691 vim
1276 3653 1343 3695 ac
1390 3642 1690 3712 potentiam
1740 3647 2056 3716 perspexls~

478 3730 627 3789 sent,
670 3738 887 3779 omnem
911 3738 971 3781 se
1024 3725 1382 3783 tentationem
1430 3739 1813 3801 superaturos,
1842 3735 2054 3789 omnia-

478 3829 588 3886 que
609 3815 837 3871 omnino
867 3817 1112 3887 pericula
1154 3830 1566 3890 expugnaturos
1610 3831 1890 3893 putarent.
1913 3824 2052 3893 Quis

477 3907 630 3960 enim
686 3907 1002 3978 ambigendi
1035 3909 1193 3964 locus
1233 3910 1375 3965 ultra
1405 3921 1555 3968 esset
1584 3914 1655 3971 iis
1685 3916 1775 3986 qui
1816 3924 1897 3973 tot
1931 3926 2053 3973 tan-

478 4006 645 4067 taque
684 3997 945 4068 pollentis
994 3998 1297 4055 bonitatem
1343 4006 1556 4074 experti
1601 4018 1810 4072 essent,
1840 4016 1896 4063 et
1926 4009 2050 4064 ani-

478 4101 627 4140 mum
664 4097 960 4158 angustum
991 4090 1045 4143 in
1091 4089 1196 4145 hoc
1240 4106 1353 4161 prae
1398 4108 1459 4149 se
1496 4094 1744 4152 ferendi?
1769 4096 1874 4154 Sed
1908 4116 2049 4169 quo-

481 4177 628 4231 niam
679 4176 937 4234 Cbristus
990 4179 1159 4235 multa
1211 4181 1292 4237 eis
1353 4192 1551 4253 praeter
1582 4200 1733 4254 spem
1783 4199 2048 4245 eventura

480 4266 620 4320 mala
668 4266 947 4337 praedixit,
987 4284 1057 4323 ne
1096 4284 1160 4323 ex
1198 4284 1265 4325 eo
1302 4271 1463 4329 valde
1497 4275 1872 4342 turbarentur,
1899 4280 2047 4349 apud

478 4374 536 4412 se
569 4359 878 4429 cogitantes
919 4375 981 4415 ac
1014 4361 1260 4418 dicentes
1291 4380 1306 4419 :
1336 4362 1480 4436 Ergo
1511 4364 1717 4421 frustra
1764 4380 1895 4423 sunt
1940 4371 2046 4426 illa:
2078 4409 2121 4462 Β

478 4463 605 4515 spes
633 4463 770 4518 quas
804 4449 961 4505 initio
994 4454 1374 4523 concepimus,
1400 4463 1453 4509 et
1500 4466 1689 4512 nostro
1725 4474 1894 4530 scopo
1926 4470 2047 4517 tan-

478 4539 602 4591 dem
651 4538 980 4607 excidimus,
1007 4543 1123 4612 qui,
1162 4558 1288 4598 cum
1332 4560 1432 4600 nos
1467 4546 1533 4600 ad
1568 4550 1750 4603 omnia
1785 4550 1928 4605 bona
1958 4567 2051 4607 vo-

478 4638 635 4684 catos
660 4645 783 4685 esse
809 4640 1147 4700 putaremus,
1174 4634 1229 4688 in
1261 4635 1604 4693 calamitates
1631 4639 1768 4694 adeo
1802 4641 2051 4713 inexspe-

475 4728 652 4776 ctatas
720 4721 1053 4791 incidimus;
1115 4727 1428 4783 necessario
1490 4726 1754 4786 Dominus
1820 4747 2045 4788 causam

475 4814 673 4883 aperit,
712 4829 811 4869 cur
840 4815 953 4870 haec
989 4816 1151 4871 initio
1185 4818 1409 4874 minime
1458 4821 1793 4890 praedixerit,
1833 4832 1886 4880 ct
1914 4827 1988 4880 ait
2028 4845 2041 4880 :

477 4924 495 4952 ‹
538 4900 661 4957 llaec
713 4902 780 4955 ab
831 4903 990 4959 initio
1043 4920 1153 4961 non
1207 4905 1319 4961 dixi
1344 4909 1534 4975 ’vobis,
1584 4912 1713 4982 quia
1761 4916 2041 4971 vobiscum

470 5007 643 5046 eram.
683 5011 701 5044 ι
740 4990 992 5059 Quandiu
1027 4996 1173 5051 enim
1224 5013 1346 5053 cum
1394 5001 1502 5058 illis
1551 5010 1693 5065 erat,
1745 5004 2045 5060 suﬂiciebat

472 5085 538 5137 ad
570 5100 665 5140 eos
714 5101 781 5141 ex
816 5086 968 5141 omni
1008 5089 1312 5145 tentatione
1351 5094 1652 5158 eruendos,
1685 5105 1740 5151 et
1773 5096 2042 5154 adversus

467 5192 661 5232 omnes
687 5194 851 5235 casus
881 5180 1239 5237 instrucndos
1269 5190 1433 5253 atque
1464 5187 1774 5257 erigendos.
1808 5188 2039 5256 Quando

468 5281 597 5321 vero
621 5269 689 5323 ad
716 5270 934 5327 Patrem
969 5274 1138 5339 vadit,
1164 5290 1227 5331 ea
1253 5291 1376 5346 quae
1404 5290 1557 5335 certo
1585 5290 1847 5338 eventura
1876 5294 2036 5341 erant

467 5357 674 5412 utiliter
719 5367 773 5413 et
806 5372 1117 5431 opportune
1167 5367 1250 5423 eis
1305 5368 1560 5440 explicat.
1610 5370 1745 5427 Nam
1800 5374 1847 5429 si
1884 5383 2036 5432 tem-

349 5447 357 5456 ’
463 5462 677 5518 pesuve
715 5465 806 5507 res
834 5467 1026 5522 gerere
1056 5458 1381 5530 cumprimis
1413 5462 1724 5533 studemus,
1754 5469 2033 5537 quomodo

539 5627 585 5658 ³⁸
608 5626 750 5683 Psal.
782 5643 968 5693 cm",
995 5631 1085 5687 60.

2167 1822 2310 1881 εἶναι
2336 1826 2510 1881 δεινοῦ
2536 1868 2550 1891 ,
2592 1826 2887 1896 ἀκλόνητόν
2936 1828 2993 1879 τε
3037 1826 3129 1880 τὸν
3155 1826 3281 1879 νοῦν
3309 1828 3368 1879 ἐν
3397 1827 3581 1890 αὐτοῖς
3609 1827 3742 1899 κτή;

2167 1934 2320 1971 σεται
2366 1919 2477 1979 τοῖς
2505 1916 2707 1979 πόνοις.
2753 1916 2828 1970 Τὸ
2864 1915 2969 1986 γὰρ
3011 1914 3289 1985 ἀδοκήτως
3313 1953 3329 1977 ,
3363 1910 3515 1984 οἶμαι
3540 1954 3555 1978 ,
3605 1917 3738 1983 παρ’

2165 2006 2355 2061 ἐλπίδα
2383 2007 2577 2060 παθεῖν
2620 2006 2950 2078 πικροτέραν
2991 2006 3105 2077 ἔχει
3147 2006 3245 2076 τὴν
3274 2006 3598 2078 προσϐολήν.
3631 2007 3739 2059 Καὶ

2165 2097 2295 2165 γοῦν
2313 2100 2341 2152 ὁ
2360 2096 2593 2150 Ψάλλων
2617 2096 2797 2167 φησίν
2828 2115 2846 2147 ι
2870 2094 3257 2166 Ἦτοιμάσθην,
3286 2095 3380 2148 καὶ
3416 2094 3514 2149 οὐκ
3544 2095 3738 2165 scapi-

2164 2188 2320 2262 χθην.
2359 2208 2377 2240 ι
2402 2187 2821 2259 Διαμεμνῆσθαι
2850 2188 3029 2242 τοίνυν
3062 2186 3273 2241 κελεύει
3317 2189 3446 2249 τοὺς
3489 2186 3736 2257 μαθητὰς

2162 2281 2258 2335 τοῦ
2295 2280 2688 2353 προειρηκότος
2735 2279 2918 2343 αὐτοῖς
2948 2278 3016 2333 τά
3049 2278 3283 2349 ἐσόμενα
3329 2274 3615 2348 χρησίμως
3641 2277 3738 2330 καὶ

2163 2373 2497 2442 ἀναγκαίως.
2529 2367 2637 2426 Ἦν
2670 2371 2779 2443 γάρ
2817 2371 2919 2425 οὐκ
2951 2370 3288 2440 ἀμφίϐολον,
3336 2369 3418 2423 ὅτι
3445 2367 3579 2421 θεὸν
3605 2368 3737 2438 ἀλη-
3773 2440 3779 2444 γ

2164 2462 2309 2517 θινὸν
2373 2461 2640 2532 ὑπάρχειν
2697 2461 2860 2515 αὐτὸν
2917 2461 3011 2515 καὶ
3050 2460 3137 2514 διὰ
3186 2460 3345 2513 τοῦτο
3388 2456 3734 2520 πιστεύοντες

2164 2554 2315 2624 (ἴδιον
2344 2553 2452 2624 γὰρ
2476 2551 2536 2606 τὸ
2566 2552 2743 2606 πάντα
2767 2553 2965 2607 εἰδέναι
2992 2551 3085 2606 τοῦ
3122 2551 3261 2607 κατὰ
3285 2550 3546 2623 ἀλήθειαν
3577 2549 3735 2613 ὄντος

2161 2645 2369 2717 Θεοῦ),
2422 2644 2517 2699 καὶ
2559 2645 2640 2699 ὅτι
2684 2644 2790 2699 τῶν
2832 2644 3020 2700 δεινῶν
3072 2642 3336 2709 ἐξελεῖται
3388 2641 3585 2714 ῥᾳδίως
3638 2658 3731 2694 πιο

2163 2738 2498 2791 στεύσουσιν.

2236 2828 2428 2883 Ταῦτα
2457 2828 2525 2881 δὲ
2548 2828 2618 2893 ἐξ
2658 2826 2853 2897 ἀρχῆς
2895 2829 3004 2883 οὐκ
3045 2823 3219 2882 εἶπον
3257 2826 3432 2896 ὑμῖν.
3476 2825 3566 2879 ὅτι
3597 2825 3734 2895 μεθ’

2159 2917 2326 2990 ὑμῶν
2358 2919 2537 2989 ἥμην.
2570 2920 2698 2975 Νῦν
2732 2920 2801 2974 δὲ
2842 2919 3049 2990 ὑπάγω
3088 2919 3237 2988 πρὸς
3266 2917 3371 2971 τὸν
3406 2916 3734 2987 πέμψαντά

2154 3029 2250 3082 με,
2278 3011 2376 3066 καὶ
2409 3011 2610 3077 οὐδεὶς
2636 3012 2704 3077 ἐξ
2733 3011 2899 3081 ὑμῶν
2926 3010 3111 3080 ἐρωτᾷ
3143 3025 3248 3080 με’
3281 3009 3404 3063 Ποῦ
3444 3008 3732 3077 ὐπάγειςς

2175 3103 2338 3159 Ἀλλ’
2370 3104 2458 3157 ὅτι
2494 3104 2679 3157 ταῦτα
2701 3103 3017 3171 λελάληκα
3046 3103 3209 3173 ὑμῖν,
3244 3104 3280 3171 ἠ
3309 3104 3474 3168 λύπη
3497 3101 3735 3169 πεπλή-

2152 3212 2347 3263 ρωκεν
2372 3193 2537 3263 ὑμῶν
2565 3188 2680 3261 ’τὴῶ
2716 3193 2985 3262 καρδίαν.

2241 3288 2460 3361 Ἐτέρου
2506 3289 2652 3352 τινος
2684 3288 2957 3359 χρησίμου
2989 3287 3083 3340 καλ⁸
3128 3286 3558 3356 ἀναγκαιοτάτου
3602 3284 3730 3339 λίαν

2158 3379 2489 3449 προενόησεν
2520 3381 2547 3432 ὁ
2585 3377 2840 3448 Χριστός.
2868 3372 2976 3429 Ἦν
3015 3374 3123 3446 γὰρ
3155 3376 3255 3428 οὐκ
3284 3375 3580 3446 ἀμφίϐολον
3600 3417 3616 3442 ,
3641 3377 3730 3429 ὅτι

2158 3470 2483 3540 κεκλημένοι
2527 3469 2663 3539 πρὸς
2697 3468 2996 3539 μαθητείαν
3038 3469 3095 3519 ἐν
3145 3468 3342 3538 ἀρχαῖς
3374 3469 3503 3538 παρ’
3536 3467 3729 3527 αὑτοῦ,

2158 3559 2407 3621 συνόντες
2429 3575 2488 3612 τε
2512 3559 2621 3623 ἀεὶ,
2649 3559 2744 3611 καὶ
2776 3556 3239 3627 συνδιαιτώμενοι,
3269 3557 3363 3610 καὶ
3391 3558 3591 3630 πολλὴν
3614 3558 3730 3611 τῶν

2157 3647 2477 3718 παραδόξων
2500 3647 2796 3717 ἐσχηκότες
2833 3647 2930 3717 τήν
2960 3649 3175 3717 πεῖραν,
3218 3647 3621 3717 συσκεψάμενοί
3664 3666 3728 3701 τε

2153 3739 2251 3810 τὴν
2279 3739 2612 3810 ἀσύγκριτον
2660 3737 2825 3793 αὐτοῦ
2879 3738 3108 3807 δύναμιν
3159 3738 3255 3791 καὶ
3305 3738 3587 3804 ἐξουσίαν,
3641 3740 3732 3793 ὅτι

2154 3830 2334 3885 πάντα
2355 3832 2638 3901 νικήσουσι
2665 3830 2991 3900 πειρασμὸν,
3021 3831 3114 3882 καὶ
3137 3829 3355 3907 πάντων
3386 3827 3728 3893 ἁπαξαπλῶς

2153 3920 2507 3993 περιέσεσθαι
2544 3920 2653 3974 τῶν
2684 3919 2872 3973 δεινῶν
2907 3919 3308 3991 ὑπελάμϐανον.
3350 3918 3475 3982 Πῶς
3516 3919 3622 3990 γὰρ
3655 3920 3730 3974 ἂν

2151 4010 2221 4087 ἦν
2249 4015 2544 4079 ἐνδοιάζειν
2575 4013 2654 4067 ἔτι
2703 4008 2969 4086 καὶπρὸς
3013 4013 3174 4067 τοῦτο
3221 4012 3576 4084 μικροψυχεῖν
3622 4014 3728 4083 τὴν

2151 4104 2246 4158 τοῦ
2277 4106 2509 4158 τοσαῦτα
2539 4104 2815 4175 ίσχύοντος
2851 4104 3113 4176 λαχόντας
3145 4104 3462 4173 εύμένειαν;
3500 4103 3724 4174 Ἐπειδὴ

2150 4197 2208 4249 δέ
2238 4199 2350 4260 τοῖς
2405 4197 2535 4269 παρ’
2579 4196 2769 4251 ἐλπίδα
2813 4196 3225 4267 περιπεσεῖσθαι
3276 4195 3543 4257 κινδύνοις
3578 4210 3724 4265 προ-

2155 4287 2468 4356 μεμήνυκεν
2509 4288 2538 4340 ὁ
2573 4286 2848 4359 Χριστὸς,
2902 4286 2988 4339 ἵνα
3033 4284 3108 4355 μὴ
3151 4278 3353 4356 σφόδρα
3397 4283 3525 4355 πρὸς
3559 4283 3727 4336 τοῦτο

2151 4378 2524 4448 ταράττοιντο,
2556 4377 3001 4449 διενθυμούμενοί
3031 4394 3090 4430 τε
3130 4377 3223 4429 καὶ
3252 4377 3500 4445 λέγοντες
3526 4393 3540 4408 ο
3572 4378 3723 4448 Ἄρα

2148 4467 2257 4520 τῶν
2295 4469 2353 4521 ἐν
2400 4470 2595 4539 ἀρχαῖς
2637 4469 2869 4522 ἐλπίδων
2915 4469 3230 4541 ἐσφάλημεν
3271 4468 3365 4523 καὶ
3412 4469 3726 4538 διημαρτή-

2145 4574 2322 4627 καμεν
2370 4559 2462 4612 τοῦ
2511 4557 2755 4625 σκοποῦ,
2791 4560 3088 4631 κεκλῆσθαι
3130 4560 3228 4631 μέν
3270 4561 3354 4629 ἐφ’
3400 4559 3570 4613 ἅπασι
3603 4560 3723 4624 τοῖς

2143 4648 2366 4715 ἀγαθοῖς
2392 4647 2684 4717 οἰηθέντες,
2718 4650 3143 4715 ἑκτελευτῶντες
3170 4651 3227 4704 δὲ
3260 4651 3434 4712 οὓτως
3471 4651 3552 4713 είς
3594 4649 3725 4703 ἀδο-

2143 4737 2344 4807 κήτους
2379 4738 2685 4807 συμφορὰς,
2721 4740 3037 4807 ἀναγκαίως
3081 4740 3110 4792 ὁ
3151 4739 3358 4811 Κύριος
3402 4739 3496 4792 τοῦ
3542 4739 3617 4810 μὴ
3656 4742 3722 4791 ἐν

2143 4828 2339 4897 ἀρχαῖς
2362 4830 2709 4901 προμηνύσαι
2743 4833 2921 4896 ταυτὶ,
2953 4832 3051 4901 τὴν
3079 4832 3259 4885 αἰτίαν
3290 4831 3584 4901 ἐξηγεῖται,
3616 4833 3718 4884 καί

2143 4937 2307 4988 φησιν
2331 4937 2344 4952 ο
2395 4939 2412 4971 ι
2461 4921 2646 4975 Ταῦτα
2681 4920 2740 4987 ἐξ
2772 4924 2945 4995 ἀρχῆς
2986 4924 3085 4976 οὐκ
3112 4918 3264 4976 εἷπον
3292 4925 3442 4995 ὑμῖν,
3478 4923 3558 4976 ὅτι
3587 4921 3715 4991 μεθ’

2143 5009 2295 5080 ὑμῶν
2329 5012 2497 5082 ήμην.
2546 5030 2564 5062 ι
2611 5011 2862 5083 Ἐξήρκει
2901 5012 3000 5082 μὲν
3039 5011 3149 5082 γὰρ
3179 5009 3484 5082 συμπαρὼν
3524 5010 3715 5073 αὐτοῖς

2141 5100 2221 5154 ἐτι
2276 5103 2413 5174 πρὸς
2455 5103 2517 5156 τὸ
2561 5103 2861 5168 ἀνασώζειν
2911 5102 3150 5166 εὐκόλως
3177 5144 3191 5168 ,
3247 5103 3339 5157 καὶ
3383 5104 3450 5155 ἐκ
3507 5101 3715 5164 παντὸς

2142 5194 2367 5265 ῥύεσθαι
2397 5197 2727 5269 πειρασμοῦ,
2756 5198 2850 5251 καὶ
2881 5196 2977 5268 τὴν
3001 5198 3087 5267 ἐφ’
3124 5198 3295 5251 ἅπασι
3322 5199 3434 5259 τοῖς
3476 5194 3718 5265 συμϐαί-

2142 5304 2294 5341 νουσι
2345 5288 2696 5357 καθηκόντως
2761 5289 3031 5343 ποιεῖσθαι
3092 5288 3443 5343 διδασκαλίαν
3491 5303 3549 5339 τε
3617 5288 3715 5339 καὶ

2141 5378 2531 5450 ἐπανόρθωσιν.
2551 5380 2766 5451 Ἐπειδὴ
2794 5379 2848 5432 δὲ
2875 5381 3143 5451 ἀποδημεῖ
3168 5380 3302 5450 πρὸς
3344 5378 3434 5431 τὸν
3465 5377 3713 5447 Πατέρα,

2142 5468 2240 5543 τὴν
2271 5471 2379 5525 τῶν
2416 5472 2635 5526 ἔσεσθαι
2674 5472 3140 5543 προσδοκωμένων
3174 5470 3547 5541 ἀπαραίτητον
3580 5467 3702 5537 ἀφι-
