  <div class='ocr_page' id='page_1' title='image "/cluster/home/n/w/nwhite01/storage/ocr_20150623/74/hvd.32044048207120/220.png"; bbox 0 0 4042 6204; ppageno 0'>
   <div class='ocr_carea' id='block_1_1' title="bbox 330 219 443 276">
    <p class='ocr_par' dir='ltr' id='par_1_1' title="bbox 330 219 443 276">
     <span class='ocr_line' id='line_1_1' title="bbox 330 219 443 276; baseline 0 0"><span class='ocrx_word' id='word_1_1' title='bbox 330 219 443 276; x_wconf 72' lang='grc'><strong>429</strong></span> 
     </span>
    </p>
   </div>
   <div class='ocr_carea' id='block_1_2' title="bbox 1422 224 2556 287">
    <p class='ocr_par' dir='ltr' id='par_1_2' title="bbox 1422 224 2556 287">
     <span class='ocr_line' id='line_1_2' title="bbox 1422 224 2556 287; baseline 0.004 -7"><span class='ocrx_word' id='word_1_2' title='bbox 1422 224 1490 280; x_wconf 85' lang='grc' dir='ltr'><strong>ΙΝ</strong></span> <span class='ocrx_word' id='word_1_3' title='bbox 1526 224 1807 285; x_wconf 82' lang='lat' dir='ltr'><strong>JOANNIS</strong></span> <span class='ocrx_word' id='word_1_4' title='bbox 1837 225 2277 287; x_wconf 78' lang='lat' dir='ltr'><strong>EVANGELIUM</strong></span> <span class='ocrx_word' id='word_1_5' title='bbox 2315 228 2442 286; x_wconf 88' lang='lat' dir='ltr'><strong>LIB.</strong></span> <span class='ocrx_word' id='word_1_6' title='bbox 2485 229 2556 285; x_wconf 75' lang='grc' dir='ltr'>Χ.</span> 
     </span>
    </p>
   </div>
   <div class='ocr_carea' id='block_1_3' title="bbox 3473 236 3581 294">
    <p class='ocr_par' dir='ltr' id='par_1_3' title="bbox 3473 236 3581 294">
     <span class='ocr_line' id='line_1_3' title="bbox 3473 236 3581 294; baseline 0.028 -3"><span class='ocrx_word' id='word_1_7' title='bbox 3473 236 3581 294; x_wconf 69' lang='grc'><strong>450</strong></span> 
     </span>
    </p>
   </div>
   <div class='ocr_carea' id='block_1_4' title="bbox 332 336 1910 425">
    <p class='ocr_par' dir='ltr' id='par_1_4' title="bbox 332 336 1900 416">
     <span class='ocr_line' id='line_1_4' title="bbox 332 336 1900 416; baseline 0.004 -23"><span class='ocrx_word' id='word_1_8' title='bbox 332 339 420 403; x_wconf 82' lang='grc' dir='ltr'>ξιν</span> <span class='ocrx_word' id='word_1_9' title='bbox 441 336 716 409; x_wconf 77' lang='grc' dir='ltr'><strong>ἐξηγεῖται</strong></span> <span class='ocrx_word' id='word_1_10' title='bbox 756 337 1042 409; x_wconf 80' lang='grc' dir='ltr'><strong>χρησίμως</strong></span> <span class='ocrx_word' id='word_1_11' title='bbox 1074 341 1168 393; x_wconf 81' lang='grc' dir='ltr'>καὶ</span> <span class='ocrx_word' id='word_1_12' title='bbox 1199 342 1258 394; x_wconf 84' lang='grc' dir='ltr'>ἐν</span> <span class='ocrx_word' id='word_1_13' title='bbox 1296 343 1472 415; x_wconf 83' lang='grc' dir='ltr'><strong>καιρῷ</strong></span> <span class='ocrx_word' id='word_1_14' title='bbox 1509 344 1585 416; x_wconf 83' lang='grc' dir='ltr'>τῷ</span> <span class='ocrx_word' id='word_1_15' title='bbox 1614 344 1900 416; x_wconf 83' lang='grc' dir='ltr'>πρέποντι.</span> 
     </span>
    </p>
   </div>
   <div class='ocr_carea' id='block_1_5' title="bbox 2012 336 3580 425">
    <p class='ocr_par' dir='ltr' id='par_1_5' title="bbox 2012 346 3580 425">
     <span class='ocr_line' id='line_1_5' title="bbox 2012 346 3580 425; baseline 0.005 -24"><span class='ocrx_word' id='word_1_16' title='bbox 2012 362 2117 403; x_wconf 94' lang='lat' dir='ltr'><strong>non</strong></span> <span class='ocrx_word' id='word_1_17' title='bbox 2155 347 2210 402; x_wconf 91' lang='lat' dir='ltr'><strong>id</strong></span> <span class='ocrx_word' id='word_1_18' title='bbox 2260 347 2445 418; x_wconf 87' lang='lat' dir='ltr'><strong>potius</strong></span> <span class='ocrx_word' id='word_1_19' title='bbox 2494 346 2639 404; x_wconf 84' lang='lat' dir='ltr'><strong>Deus</strong></span> <span class='ocrx_word' id='word_1_20' title='bbox 2679 346 2905 403; x_wconf 86' lang='lat' dir='ltr'><strong>fecerit?</strong></span> <span class='ocrx_word' id='word_1_21' title='bbox 2941 346 3148 402; x_wconf 86' lang='lat' dir='ltr'><strong>Silendi</strong></span> <span class='ocrx_word' id='word_1_22' title='bbox 3190 365 3321 422; x_wconf 86' lang='lat' dir='ltr'><strong>ergo</strong></span> <span class='ocrx_word' id='word_1_23' title='bbox 3365 361 3580 425; x_wconf 87' lang='lat' dir='ltr'><strong>tempus</strong></span> 
     </span>
    </p>
   </div>
   <div class='ocr_carea' id='block_1_6' title="bbox 332 429 1910 509">
    <p class='ocr_par' dir='ltr' id='par_1_6' title="bbox 332 429 1910 509">
     <span class='ocr_line' id='line_1_6' title="bbox 332 429 1910 509; baseline 0.004 -24"><span class='ocrx_word' id='word_1_24' title='bbox 332 432 399 485; x_wconf 81' lang='grc' dir='ltr'>Εἰ</span> <span class='ocrx_word' id='word_1_25' title='bbox 429 429 540 502; x_wconf 85' lang='grc' dir='ltr'><strong>γὰρ</strong></span> <span class='ocrx_word' id='word_1_26' title='bbox 568 429 665 483; x_wconf 80' lang='grc' dir='ltr'>καὶ</span> <span class='ocrx_word' id='word_1_27' title='bbox 692 430 824 501; x_wconf 73' lang='grc' dir='ltr'>ἡμῖν</span> <span class='ocrx_word' id='word_1_28' title='bbox 845 431 1031 494; x_wconf 84' lang='grc' dir='ltr'>αὐτοῖς</span> <span class='ocrx_word' id='word_1_29' title='bbox 1055 433 1115 485; x_wconf 81' lang='grc' dir='ltr'>τὸ</span> <span class='ocrx_word' id='word_1_30' title='bbox 1147 432 1240 486; x_wconf 92' lang='grc' dir='ltr'><strong>τοῦ</strong></span> <span class='ocrx_word' id='word_1_31' title='bbox 1269 435 1464 505; x_wconf 85' lang='grc' dir='ltr'><strong>καιροῦ</strong></span> <span class='ocrx_word' id='word_1_32' title='bbox 1487 434 1583 490; x_wconf 87' lang='grc' dir='ltr'><strong>τοῦ</strong></span> <span class='ocrx_word' id='word_1_33' title='bbox 1608 437 1910 509; x_wconf 82' lang='grc' dir='ltr'><strong>πρέποντος</strong></span> 
     </span>
    </p>
   </div>
   <div class='ocr_carea' id='block_1_7' title="bbox 334 521 1910 601">
    <p class='ocr_par' dir='ltr' id='par_1_7' title="bbox 334 521 1910 601">
     <span class='ocr_line' id='line_1_7' title="bbox 334 521 1910 601; baseline 0.004 -26"><span class='ocrx_word' id='word_1_34' title='bbox 334 522 412 594; x_wconf 80' lang='grc' dir='ltr'>μὴ</span> <span class='ocrx_word' id='word_1_35' title='bbox 458 521 798 595; x_wconf 79' lang='grc' dir='ltr'><strong>ἁμαρτάνειν</strong></span> <span class='ocrx_word' id='word_1_36' title='bbox 833 523 1195 578; x_wconf 79' lang='grc' dir='ltr'>ἐσπούδασται</span> <span class='ocrx_word' id='word_1_37' title='bbox 1220 564 1236 589; x_wconf 91' lang='grc'><strong>,</strong></span> <span class='ocrx_word' id='word_1_38' title='bbox 1284 526 1403 591; x_wconf 89' lang='grc' dir='ltr'><strong>πῶς</strong></span> <span class='ocrx_word' id='word_1_39' title='bbox 1457 528 1559 582; x_wconf 82' lang='grc' dir='ltr'>οὐκ</span> <span class='ocrx_word' id='word_1_40' title='bbox 1606 528 1673 583; x_wconf 84' lang='grc' dir='ltr'>ἂν</span> <span class='ocrx_word' id='word_1_41' title='bbox 1711 530 1910 601; x_wconf 80' lang='grc' dir='ltr'>μᾶλλον</span> 
     </span>
    </p>
   </div>
   <div class='ocr_carea' id='block_1_8' title="bbox 328 610 1904 692">
    <p class='ocr_par' dir='ltr' id='par_1_8' title="bbox 328 610 1904 692">
     <span class='ocr_line' id='line_1_8' title="bbox 328 610 1904 692; baseline 0.006 -26"><span class='ocrx_word' id='word_1_42' title='bbox 328 614 530 685; x_wconf 78' lang='grc' dir='ltr'><strong>ἀρέσαι</strong></span> <span class='ocrx_word' id='word_1_43' title='bbox 557 612 714 683; x_wconf 82' lang='grc' dir='ltr'><strong>Θεῷ;</strong></span> <span class='ocrx_word' id='word_1_44' title='bbox 742 613 952 686; x_wconf 80' lang='grc' dir='ltr'>Καιρδς</span> <span class='ocrx_word' id='word_1_45' title='bbox 988 610 1081 670; x_wconf 79' lang='grc' dir='ltr'>οὖν</span> <span class='ocrx_word' id='word_1_46' title='bbox 1106 615 1216 688; x_wconf 81' lang='grc' dir='ltr'>ἄρα</span> <span class='ocrx_word' id='word_1_47' title='bbox 1242 616 1456 688; x_wconf 77' lang='grc' dir='ltr'><strong>σιωπῆς</strong></span> <span class='ocrx_word' id='word_1_48' title='bbox 1491 615 1560 691; x_wconf 80' lang='grc' dir='ltr'>ἦν</span> <span class='ocrx_word' id='word_1_49' title='bbox 1600 622 1658 673; x_wconf 80' lang='grc' dir='ltr'>ὲν</span> <span class='ocrx_word' id='word_1_50' title='bbox 1686 621 1904 692; x_wconf 84' lang='grc' dir='ltr'>ἀρχαῖς,</span> 
     </span>
    </p>
   </div>
   <div class='ocr_carea' id='block_1_9' title="bbox 330 703 1908 782">
    <p class='ocr_par' dir='ltr' id='par_1_9' title="bbox 330 703 1908 782">
     <span class='ocr_line' id='line_1_9' title="bbox 330 703 1908 782; baseline 0.006 -25"><span class='ocrx_word' id='word_1_51' title='bbox 330 703 488 758; x_wconf 74' lang='grc' dir='ltr'>οὔπω</span> <span class='ocrx_word' id='word_1_52' title='bbox 530 704 625 758; x_wconf 89' lang='grc' dir='ltr'><strong>τοῦ</strong></span> <span class='ocrx_word' id='word_1_53' title='bbox 669 706 866 776; x_wconf 83' lang='grc' dir='ltr'>χρῆναι</span> <span class='ocrx_word' id='word_1_54' title='bbox 902 706 1098 777; x_wconf 80' lang='grc' dir='ltr'>μαθεῖν</span> <span class='ocrx_word' id='word_1_55' title='bbox 1123 750 1139 773; x_wconf 92' lang='grc'><strong>,</strong></span> <span class='ocrx_word' id='word_1_56' title='bbox 1189 707 1264 772; x_wconf 82' lang='grc' dir='ltr'><strong>ὡς</strong></span> <span class='ocrx_word' id='word_1_57' title='bbox 1315 708 1375 777; x_wconf 77' lang='grc' dir='ltr'>ἐξ</span> <span class='ocrx_word' id='word_1_58' title='bbox 1409 711 1656 782; x_wconf 70' lang='grc' dir='ltr'>ἀνάγκης</span> <span class='ocrx_word' id='word_1_59' title='bbox 1695 711 1908 766; x_wconf 73' lang='grc' dir='ltr'>εἰσϐαί-</span> 
     </span>
    </p>
   </div>
   <div class='ocr_carea' id='block_1_10' title="bbox 333 796 1910 873">
    <p class='ocr_par' dir='ltr' id='par_1_10' title="bbox 333 796 1910 873">
     <span class='ocr_line' id='line_1_10' title="bbox 333 796 1910 873; baseline 0.006 -26"><span class='ocrx_word' id='word_1_60' title='bbox 333 812 518 859; x_wconf 91' lang='grc' dir='ltr'>νοντος</span> <span class='ocrx_word' id='word_1_61' title='bbox 535 811 548 823; x_wconf 70' lang='grc' dir='ltr'><strong>ο</strong></span> <span class='ocrx_word' id='word_1_62' title='bbox 581 796 770 868; x_wconf 76' lang='grc' dir='ltr'>ἐπειδὴ</span> <span class='ocrx_word' id='word_1_63' title='bbox 800 796 858 850; x_wconf 79' lang='grc' dir='ltr'>δὲ</span> <span class='ocrx_word' id='word_1_64' title='bbox 892 796 1165 869; x_wconf 81' lang='grc' dir='ltr'><strong>ἀπεδήμει</strong></span> <span class='ocrx_word' id='word_1_65' title='bbox 1204 798 1339 870; x_wconf 86' lang='grc' dir='ltr'>πρὸς</span> <span class='ocrx_word' id='word_1_66' title='bbox 1364 800 1461 853; x_wconf 79' lang='grc' dir='ltr'>τὸν</span> <span class='ocrx_word' id='word_1_67' title='bbox 1486 800 1730 871; x_wconf 82' lang='grc' dir='ltr'><strong>Πατέρα,</strong></span> <span class='ocrx_word' id='word_1_68' title='bbox 1755 802 1784 854; x_wconf 83' lang='grc' dir='ltr'>ὁ</span> <span class='ocrx_word' id='word_1_69' title='bbox 1811 802 1910 873; x_wconf 83' lang='grc' dir='ltr'>τῆς</span> 
     </span>
    </p>
   </div>
   <div class='ocr_carea' id='block_1_11' title="bbox 334 884 1912 963">
    <p class='ocr_par' dir='ltr' id='par_1_11' title="bbox 334 884 1912 963">
     <span class='ocr_line' id='line_1_11' title="bbox 334 884 1912 963; baseline 0.005 -24"><span class='ocrx_word' id='word_1_70' title='bbox 334 886 587 959; x_wconf 78' lang='grc' dir='ltr'>φράσεως</span> <span class='ocrx_word' id='word_1_71' title='bbox 618 887 917 959; x_wconf 82' lang='grc' dir='ltr'><strong>παρεισέδυ</strong></span> <span class='ocrx_word' id='word_1_72' title='bbox 947 889 1159 960; x_wconf 91' lang='grc' dir='ltr'>καιρός.</span> <span class='ocrx_word' id='word_1_73' title='bbox 1205 884 1334 962; x_wconf 66' lang='grc' dir='ltr'><strong>Ἆρ’</strong></span> <span class='ocrx_word' id='word_1_74' title='bbox 1376 885 1471 945; x_wconf 83' lang='grc' dir='ltr'><strong>οῦν</strong></span> <span class='ocrx_word' id='word_1_75' title='bbox 1515 890 1912 963; x_wconf 79' lang='grc' dir='ltr'>ἀπενοσφίζετο</span> 
     </span>
    </p>
   </div>
   <div class='ocr_carea' id='block_1_12' title="bbox 330 978 1911 1054">
    <p class='ocr_par' dir='ltr' id='par_1_12' title="bbox 330 978 1911 1054">
     <span class='ocr_line' id='line_1_12' title="bbox 330 978 1911 1054; baseline 0.004 -23"><span class='ocrx_word' id='word_1_76' title='bbox 330 978 444 1032; x_wconf 87' lang='grc' dir='ltr'><strong>τῶν</strong></span> <span class='ocrx_word' id='word_1_77' title='bbox 475 978 736 1049; x_wconf 83' lang='grc' dir='ltr'><strong>μαθητῶν</strong></span> <span class='ocrx_word' id='word_1_78' title='bbox 773 981 802 1032; x_wconf 87' lang='grc' dir='ltr'>ὁ</span> <span class='ocrx_word' id='word_1_79' title='bbox 834 980 1025 1051; x_wconf 77' lang='grc' dir='ltr'>Σωτήρ</span> <span class='ocrx_word' id='word_1_80' title='bbox 1077 980 1449 1053; x_wconf 84' lang='grc' dir='ltr'>ἀναφοιτήσας</span> <span class='ocrx_word' id='word_1_81' title='bbox 1493 982 1632 1054; x_wconf 79' lang='grc' dir='ltr'>πρὸς</span> <span class='ocrx_word' id='word_1_82' title='bbox 1664 983 1755 1039; x_wconf 84' lang='grc' dir='ltr'><strong>τδν</strong></span> <span class='ocrx_word' id='word_1_83' title='bbox 1799 986 1911 1037; x_wconf 82' lang='grc' dir='ltr'><strong>Πα-</strong></span> 
     </span>
    </p>
   </div>
   <div class='ocr_carea' id='block_1_13' title="bbox 328 1071 1910 1148">
    <p class='ocr_par' dir='ltr' id='par_1_13' title="bbox 328 1071 1910 1148">
     <span class='ocr_line' id='line_1_13' title="bbox 328 1071 1910 1148; baseline 0.002 -24"><span class='ocrx_word' id='word_1_84' title='bbox 328 1071 487 1142; x_wconf 81' lang='grc' dir='ltr'>τέρα,</span> <span class='ocrx_word' id='word_1_85' title='bbox 513 1072 606 1125; x_wconf 71' lang='grc' dir='ltr'>καὶ</span> <span class='ocrx_word' id='word_1_86' title='bbox 649 1071 817 1143; x_wconf 83' lang='grc' dir='ltr'>συνῆν</span> <span class='ocrx_word' id='word_1_87' title='bbox 849 1073 1038 1137; x_wconf 79' lang='grc' dir='ltr'>αὐτοῖς</span> <span class='ocrx_word' id='word_1_88' title='bbox 1068 1077 1132 1146; x_wconf 81' lang='grc' dir='ltr'><strong>τῇ</strong></span> <span class='ocrx_word' id='word_1_89' title='bbox 1168 1074 1264 1127; x_wconf 87' lang='grc' dir='ltr'><strong>τοῦ</strong></span> <span class='ocrx_word' id='word_1_90' title='bbox 1309 1073 1624 1146; x_wconf 83' lang='grc' dir='ltr'>Πνεύματος</span> <span class='ocrx_word' id='word_1_91' title='bbox 1658 1076 1910 1148; x_wconf 74' lang='grc' dir='ltr'><strong>ἐνεργείᾳ</strong></span> 
     </span>
    </p>
   </div>
   <div class='ocr_carea' id='block_1_14' title="bbox 327 1163 1909 1241">
    <p class='ocr_par' dir='ltr' id='par_1_14' title="bbox 327 1163 1909 1241">
     <span class='ocr_line' id='line_1_14' title="bbox 327 1163 1909 1241; baseline 0.004 -25"><span class='ocrx_word' id='word_1_92' title='bbox 327 1180 389 1216; x_wconf 84' lang='grc' dir='ltr'><strong>τε</strong></span> <span class='ocrx_word' id='word_1_93' title='bbox 421 1166 519 1218; x_wconf 78' lang='grc' dir='ltr'>καὶ</span> <span class='ocrx_word' id='word_1_94' title='bbox 549 1163 798 1235; x_wconf 84' lang='grc' dir='ltr'>δυνάμει,</span> <span class='ocrx_word' id='word_1_95' title='bbox 830 1165 924 1219; x_wconf 73' lang='grc' dir='ltr'>καὶ</span> <span class='ocrx_word' id='word_1_96' title='bbox 951 1166 1175 1237; x_wconf 79' lang='grc' dir='ltr'>χάριτι;</span> <span class='ocrx_word' id='word_1_97' title='bbox 1206 1167 1355 1231; x_wconf 82' lang='grc' dir='ltr'>Πῶς,</span> <span class='ocrx_word' id='word_1_98' title='bbox 1381 1166 1414 1239; x_wconf 83' lang='grc' dir='ltr'>ἦ</span> <span class='ocrx_word' id='word_1_99' title='bbox 1447 1168 1589 1222; x_wconf 88' lang='grc' dir='ltr'><strong>κατά</strong></span> <span class='ocrx_word' id='word_1_100' title='bbox 1630 1168 1755 1222; x_wconf 89' lang='grc' dir='ltr'>τίνα</span> <span class='ocrx_word' id='word_1_101' title='bbox 1782 1169 1909 1241; x_wconf 86' lang='grc' dir='ltr'>τρό-</span> 
     </span>
    </p>
   </div>
   <div class='ocr_carea' id='block_1_15' title="bbox 331 1255 1908 1333">
    <p class='ocr_par' dir='ltr' id='par_1_15' title="bbox 331 1255 1908 1333">
     <span class='ocr_line' id='line_1_15' title="bbox 331 1255 1908 1333; baseline 0.004 -24"><span class='ocrx_word' id='word_1_102' title='bbox 331 1272 473 1321; x_wconf 84' lang='grc' dir='ltr'>πον;</span> <span class='ocrx_word' id='word_1_103' title='bbox 530 1255 608 1311; x_wconf 70' lang='lat' dir='ltr'><strong>Od</strong></span> <span class='ocrx_word' id='word_1_104' title='bbox 657 1257 768 1329; x_wconf 78' lang='grc' dir='ltr'><strong>γὰρ</strong></span> <span class='ocrx_word' id='word_1_105' title='bbox 824 1258 1081 1328; x_wconf 82' lang='grc' dir='ltr'>ψεύδεται</span> <span class='ocrx_word' id='word_1_106' title='bbox 1130 1259 1341 1329; x_wconf 86' lang='grc' dir='ltr'>λέγων·</span> <span class='ocrx_word' id='word_1_107' title='bbox 1392 1277 1412 1311; x_wconf 81' lang='grc' dir='ltr'><strong>ι</strong></span> <span class='ocrx_word' id='word_1_108' title='bbox 1455 1260 1586 1314; x_wconf 78' lang='grc' dir='ltr'>Ἰδοὺ</span> <span class='ocrx_word' id='word_1_109' title='bbox 1637 1260 1749 1329; x_wconf 82' lang='grc' dir='ltr'><strong>ἐγὼ</strong></span> <span class='ocrx_word' id='word_1_110' title='bbox 1787 1261 1908 1333; x_wconf 84' lang='grc' dir='ltr'>μεθ’</span> 
     </span>
    </p>
   </div>
   <div class='ocr_carea' id='block_1_16' title="bbox 329 1346 1908 1422">
    <p class='ocr_par' dir='ltr' id='par_1_16' title="bbox 329 1346 1908 1422">
     <span class='ocr_line' id='line_1_16' title="bbox 329 1346 1908 1422; baseline 0.002 -21"><span class='ocrx_word' id='word_1_111' title='bbox 329 1346 490 1417; x_wconf 80' lang='grc' dir='ltr'>ὑμῶν</span> <span class='ocrx_word' id='word_1_112' title='bbox 523 1349 638 1417; x_wconf 85' lang='grc' dir='ltr'>είμι</span> <span class='ocrx_word' id='word_1_113' title='bbox 675 1347 858 1411; x_wconf 82' lang='grc' dir='ltr'>πάσας</span> <span class='ocrx_word' id='word_1_114' title='bbox 899 1348 998 1411; x_wconf 82' lang='grc' dir='ltr'><strong>τὰς</strong></span> <span class='ocrx_word' id='word_1_115' title='bbox 1044 1349 1260 1422; x_wconf 82' lang='grc' dir='ltr'>ἡμέρας</span> <span class='ocrx_word' id='word_1_116' title='bbox 1303 1350 1402 1405; x_wconf 73' lang='grc' dir='ltr'>καὶ</span> <span class='ocrx_word' id='word_1_117' title='bbox 1439 1349 1546 1414; x_wconf 79' lang='grc' dir='ltr'>ἕως</span> <span class='ocrx_word' id='word_1_118' title='bbox 1579 1349 1679 1420; x_wconf 73' lang='grc' dir='ltr'>τῆς</span> <span class='ocrx_word' id='word_1_119' title='bbox 1718 1367 1908 1404; x_wconf 82' lang='grc' dir='ltr'>συντε-</span> 
     </span>
    </p>
   </div>
   <div class='ocr_carea' id='block_1_17' title="bbox 328 1437 1910 1513">
    <p class='ocr_par' dir='ltr' id='par_1_17' title="bbox 328 1437 1910 1513">
     <span class='ocr_line' id='line_1_17' title="bbox 328 1437 1910 1513; baseline 0.002 -23"><span class='ocrx_word' id='word_1_120' title='bbox 328 1438 485 1502; x_wconf 86' lang='grc' dir='ltr'>λείας</span> <span class='ocrx_word' id='word_1_121' title='bbox 539 1437 633 1492; x_wconf 89' lang='grc' dir='ltr'><strong>τοῦ</strong></span> <span class='ocrx_word' id='word_1_122' title='bbox 665 1437 862 1500; x_wconf 79' lang='grc' dir='ltr'>αἰῶνος</span> <span class='ocrx_word' id='word_1_123' title='bbox 886 1476 903 1503; x_wconf 92' lang='grc'><strong>,</strong></span> <span class='ocrx_word' id='word_1_124' title='bbox 952 1457 972 1490; x_wconf 76' lang='grc' dir='ltr'><strong>ι</strong></span> <span class='ocrx_word' id='word_1_125' title='bbox 1011 1438 1153 1509; x_wconf 82' lang='grc' dir='ltr'>πλὴν</span> <span class='ocrx_word' id='word_1_126' title='bbox 1186 1439 1312 1492; x_wconf 80' lang='grc' dir='ltr'>ὅσον</span> <span class='ocrx_word' id='word_1_127' title='bbox 1340 1441 1421 1503; x_wconf 88' lang='grc' dir='ltr'><strong>εἰς</strong></span> <span class='ocrx_word' id='word_1_128' title='bbox 1455 1439 1639 1511; x_wconf 82' lang='grc' dir='ltr'>σάρκα</span> <span class='ocrx_word' id='word_1_129' title='bbox 1688 1440 1784 1493; x_wconf 72' lang='grc' dir='ltr'><strong>καὶ</strong></span> <span class='ocrx_word' id='word_1_130' title='bbox 1809 1439 1910 1513; x_wconf 77' lang='grc' dir='ltr'>τὴν</span> 
     </span>
    </p>
   </div>
   <div class='ocr_carea' id='block_1_18' title="bbox 333 1530 1902 1602">
    <p class='ocr_par' dir='ltr' id='par_1_18' title="bbox 333 1530 1902 1602">
     <span class='ocr_line' id='line_1_18' title="bbox 333 1530 1902 1602; baseline 0.001 -19"><span class='ocrx_word' id='word_1_131' title='bbox 333 1530 477 1598; x_wconf 85' lang='grc' dir='ltr'>μετὰ</span> <span class='ocrx_word' id='word_1_132' title='bbox 526 1531 779 1601; x_wconf 85' lang='grc' dir='ltr'>σώματος</span> <span class='ocrx_word' id='word_1_133' title='bbox 832 1530 1169 1601; x_wconf 84' lang='grc' dir='ltr'>παρουσίαν,</span> <span class='ocrx_word' id='word_1_134' title='bbox 1228 1530 1525 1602; x_wconf 75' lang='grc' dir='ltr'>οὐδαμόθεν</span> <span class='ocrx_word' id='word_1_135' title='bbox 1579 1532 1902 1601; x_wconf 90' lang='grc' dir='ltr'>ἀμφίϐολον.</span> 
     </span>
    </p>
   </div>
   <div class='ocr_carea' id='block_1_19' title="bbox 341 1615 1906 1694">
    <p class='ocr_par' dir='ltr' id='par_1_19' title="bbox 341 1615 1906 1694">
     <span class='ocr_line' id='line_1_19' title="bbox 341 1615 1906 1694; baseline 0.001 -21"><span class='ocrx_word' id='word_1_136' title='bbox 341 1621 485 1674; x_wconf 80' lang='grc' dir='ltr'>Ἀλλ’</span> <span class='ocrx_word' id='word_1_137' title='bbox 534 1615 645 1674; x_wconf 78' lang='grc' dir='ltr'>οἶδε</span> <span class='ocrx_word' id='word_1_138' title='bbox 674 1621 773 1690; x_wconf 81' lang='grc' dir='ltr'>μὲν</span> <span class='ocrx_word' id='word_1_139' title='bbox 805 1622 832 1674; x_wconf 88' lang='grc' dir='ltr'>ὁ</span> <span class='ocrx_word' id='word_1_140' title='bbox 862 1621 1055 1691; x_wconf 83' lang='grc' dir='ltr'>Σωτήρ</span> <span class='ocrx_word' id='word_1_141' title='bbox 1101 1621 1544 1693; x_wconf 83' lang='grc' dir='ltr'>ἀναγκαιοτάτην</span> <span class='ocrx_word' id='word_1_142' title='bbox 1588 1620 1807 1675; x_wconf 76' lang='grc' dir='ltr'>ἔσεσθαι</span> <span class='ocrx_word' id='word_1_143' title='bbox 1840 1624 1906 1694; x_wconf 78' lang='grc' dir='ltr'>τῇ</span> 
     </span>
    </p>
   </div>
   <div class='ocr_carea' id='block_1_20' title="bbox 325 1710 1909 1785">
    <p class='ocr_par' dir='ltr' id='par_1_20' title="bbox 325 1710 1909 1785">
     <span class='ocr_line' id='line_1_20' title="bbox 325 1710 1909 1785; baseline 0.001 -20"><span class='ocrx_word' id='word_1_144' title='bbox 325 1712 649 1783; x_wconf 77' lang='grc' dir='ltr'>ἀνθρωπεία</span> <span class='ocrx_word' id='word_1_145' title='bbox 699 1710 862 1781; x_wconf 88' lang='grc' dir='ltr'>φύσει</span> <span class='ocrx_word' id='word_1_146' title='bbox 918 1712 1018 1781; x_wconf 82' lang='grc' dir='ltr'>τὴν</span> <span class='ocrx_word' id='word_1_147' title='bbox 1067 1712 1147 1775; x_wconf 87' lang='grc' dir='ltr'><strong>εἰς</strong></span> <span class='ocrx_word' id='word_1_148' title='bbox 1191 1711 1458 1783; x_wconf 83' lang='grc' dir='ltr'>οὐρανοὺς</span> <span class='ocrx_word' id='word_1_149' title='bbox 1506 1711 1771 1767; x_wconf 80' lang='grc' dir='ltr'>ἀνάϐασιν</span> <span class='ocrx_word' id='word_1_150' title='bbox 1809 1714 1909 1785; x_wconf 82' lang='grc' dir='ltr'>τῆς</span> 
     </span>
    </p>
   </div>
   <div class='ocr_carea' id='block_1_21' title="bbox 332 1802 1907 1875">
    <p class='ocr_par' dir='ltr' id='par_1_21' title="bbox 332 1802 1907 1875">
     <span class='ocr_line' id='line_1_21' title="bbox 332 1802 1907 1875; baseline 0.002 -20"><span class='ocrx_word' id='word_1_151' title='bbox 332 1803 471 1866; x_wconf 87' lang='grc' dir='ltr'>ίδίας</span> <span class='ocrx_word' id='word_1_152' title='bbox 504 1804 709 1874; x_wconf 80' lang='grc' dir='ltr'>σαρκὸς</span> <span class='ocrx_word' id='word_1_153' title='bbox 728 1844 744 1869; x_wconf 89' lang='grc'><strong>,</strong></span> <span class='ocrx_word' id='word_1_154' title='bbox 777 1802 918 1872; x_wconf 82' lang='grc' dir='ltr'>πλὴν</span> <span class='ocrx_word' id='word_1_155' title='bbox 948 1802 1049 1856; x_wconf 84' lang='grc' dir='ltr'>οὐκ</span> <span class='ocrx_word' id='word_1_156' title='bbox 1080 1802 1380 1872; x_wconf 77' lang='grc' dir='ltr'>ἠγνόησεν,</span> <span class='ocrx_word' id='word_1_157' title='bbox 1408 1803 1485 1867; x_wconf 87' lang='grc' dir='ltr'><strong>ὡς</strong></span> <span class='ocrx_word' id='word_1_158' title='bbox 1516 1803 1677 1871; x_wconf 85' lang='grc' dir='ltr'>Θεὸς,</span> <span class='ocrx_word' id='word_1_159' title='bbox 1718 1804 1802 1858; x_wconf 83' lang='grc' dir='ltr'>ὅτι</span> <span class='ocrx_word' id='word_1_160' title='bbox 1839 1806 1907 1875; x_wconf 81' lang='grc' dir='ltr'>τῇ</span> 
     </span>
    </p>
   </div>
   <div class='ocr_carea' id='block_1_22' title="bbox 327 1893 1910 1969">
    <p class='ocr_par' dir='ltr' id='par_1_22' title="bbox 327 1893 1910 1969">
     <span class='ocr_line' id='line_1_22' title="bbox 327 1893 1910 1969; baseline 0.001 -21"><span class='ocrx_word' id='word_1_161' title='bbox 327 1896 530 1966; x_wconf 79' lang='grc' dir='ltr'>πικρίᾳ</span> <span class='ocrx_word' id='word_1_162' title='bbox 566 1897 668 1965; x_wconf 85' lang='grc' dir='ltr'>τῆς</span> <span class='ocrx_word' id='word_1_163' title='bbox 694 1893 873 1965; x_wconf 84' lang='grc' dir='ltr'>λύπης</span> <span class='ocrx_word' id='word_1_164' title='bbox 915 1893 1226 1965; x_wconf 85' lang='grc' dir='ltr'>μεμέθυστο</span> <span class='ocrx_word' id='word_1_165' title='bbox 1269 1893 1381 1947; x_wconf 84' lang='grc' dir='ltr'><strong>τῶν</strong></span> <span class='ocrx_word' id='word_1_166' title='bbox 1422 1894 1682 1967; x_wconf 85' lang='grc' dir='ltr'>μαθητῶν</span> <span class='ocrx_word' id='word_1_167' title='bbox 1711 1899 1744 1968; x_wconf 83' lang='grc' dir='ltr'>ὴ</span> <span class='ocrx_word' id='word_1_168' title='bbox 1775 1914 1910 1969; x_wconf 85' lang='grc' dir='ltr'>καρ-</span> 
     </span>
    </p>
   </div>
   <div class='ocr_carea' id='block_1_23' title="bbox 324 1984 1908 2059">
    <p class='ocr_par' dir='ltr' id='par_1_23' title="bbox 324 1984 1908 2059">
     <span class='ocr_line' id='line_1_23' title="bbox 324 1984 1908 2059; baseline 0 -18"><span class='ocrx_word' id='word_1_169' title='bbox 324 1986 441 2041; x_wconf 84' lang='grc' dir='ltr'>δία.</span> <span class='ocrx_word' id='word_1_170' title='bbox 482 1986 700 2040; x_wconf 83' lang='grc' dir='ltr'>Ἐλύπει</span> <span class='ocrx_word' id='word_1_171' title='bbox 743 1985 853 2057; x_wconf 84' lang='grc' dir='ltr'>γὰρ</span> <span class='ocrx_word' id='word_1_172' title='bbox 880 1985 1001 2039; x_wconf 91' lang='grc' dir='ltr'>λίαν</span> <span class='ocrx_word' id='word_1_173' title='bbox 1037 1984 1236 2048; x_wconf 81' lang='grc' dir='ltr'>αὐτοὺς</span> <span class='ocrx_word' id='word_1_174' title='bbox 1271 1985 1568 2055; x_wconf 83' lang='grc' dir='ltr'>ἀποδημῶν</span> <span class='ocrx_word' id='word_1_175' title='bbox 1596 1989 1625 2040; x_wconf 83' lang='grc' dir='ltr'>ὁ</span> <span class='ocrx_word' id='word_1_176' title='bbox 1655 1987 1908 2059; x_wconf 80' lang='grc' dir='ltr'>Χριστὸς,</span> 
     </span>
    </p>
   </div>
   <div class='ocr_carea' id='block_1_24' title="bbox 327 2074 1910 2147">
    <p class='ocr_par' dir='ltr' id='par_1_24' title="bbox 327 2074 1910 2147">
     <span class='ocr_line' id='line_1_24' title="bbox 327 2074 1910 2147; baseline 0.002 -19"><span class='ocrx_word' id='word_1_177' title='bbox 327 2077 562 2145; x_wconf 73' lang='grc' dir='ltr'>ἐπείπερ</span> <span class='ocrx_word' id='word_1_178' title='bbox 610 2076 800 2147; x_wconf 75' lang='grc' dir='ltr'>ἡθελον</span> <span class='ocrx_word' id='word_1_179' title='bbox 847 2074 999 2145; x_wconf 79' lang='grc' dir='ltr'>αὐτῷ</span> <span class='ocrx_word' id='word_1_180' title='bbox 1052 2077 1293 2127; x_wconf 91' lang='grc' dir='ltr'>συνεῖναι</span> <span class='ocrx_word' id='word_1_181' title='bbox 1341 2074 1431 2128; x_wconf 85' lang='grc' dir='ltr'><strong>διά</strong></span> <span class='ocrx_word' id='word_1_182' title='bbox 1477 2076 1699 2140; x_wconf 87' lang='grc' dir='ltr'>παντός.</span> <span class='ocrx_word' id='word_1_183' title='bbox 1742 2078 1831 2142; x_wconf 82' lang='grc' dir='ltr'>Ὠς</span> <span class='ocrx_word' id='word_1_184' title='bbox 1854 2078 1910 2130; x_wconf 82' lang='grc' dir='ltr'>δὲ</span> 
     </span>
    </p>
   </div>
   <div class='ocr_carea' id='block_1_25' title="bbox 328 2167 1908 2241">
    <p class='ocr_par' dir='ltr' id='par_1_25' title="bbox 328 2167 1908 2241">
     <span class='ocr_line' id='line_1_25' title="bbox 328 2167 1908 2241; baseline 0.002 -20"><span class='ocrx_word' id='word_1_185' title='bbox 328 2170 433 2240; x_wconf 72' lang='grc' dir='ltr'>’ήδη</span> <span class='ocrx_word' id='word_1_186' title='bbox 471 2168 767 2240; x_wconf 74' lang='grc' dir='ltr'>κεκρικότα</span> <span class='ocrx_word' id='word_1_187' title='bbox 811 2168 973 2222; x_wconf 85' lang='grc' dir='ltr'>τοῦτο</span> <span class='ocrx_word' id='word_1_188' title='bbox 1021 2168 1192 2239; x_wconf 79' lang='grc' dir='ltr'>δρᾷν,</span> <span class='ocrx_word' id='word_1_189' title='bbox 1256 2167 1379 2221; x_wconf 74' lang='grc' dir='ltr'>οὐδὲ</span> <span class='ocrx_word' id='word_1_190' title='bbox 1450 2168 1824 2241; x_wconf 84' lang='grc' dir='ltr'>διερωτῶσιν,</span> <span class='ocrx_word' id='word_1_191' title='bbox 1879 2172 1908 2224; x_wconf 84' lang='grc' dir='ltr'>ὅ</span> 
     </span>
    </p>
   </div>
   <div class='ocr_carea' id='block_1_26' title="bbox 328 2258 1906 2333">
    <p class='ocr_par' dir='ltr' id='par_1_26' title="bbox 328 2258 1906 2333">
     <span class='ocr_line' id='line_1_26' title="bbox 328 2258 1906 2333; baseline 0.002 -20"><span class='ocrx_word' id='word_1_192' title='bbox 328 2260 384 2314; x_wconf 86' lang='grc' dir='ltr'><strong>τί</strong></span> <span class='ocrx_word' id='word_1_193' title='bbox 439 2277 570 2313; x_wconf 88' lang='grc' dir='ltr'>ποτε</span> <span class='ocrx_word' id='word_1_194' title='bbox 638 2261 747 2332; x_wconf 81' lang='grc' dir='ltr'>ἄρα</span> <span class='ocrx_word' id='word_1_195' title='bbox 772 2298 789 2324; x_wconf 90' lang='grc'><strong>,</strong></span> <span class='ocrx_word' id='word_1_196' title='bbox 821 2260 916 2313; x_wconf 77' lang='grc' dir='ltr'><strong>καί.</strong></span> <span class='ocrx_word' id='word_1_197' title='bbox 946 2258 1036 2313; x_wconf 85' lang='grc' dir='ltr'>διὰ</span> <span class='ocrx_word' id='word_1_198' title='bbox 1068 2259 1229 2312; x_wconf 89' lang='grc' dir='ltr'>ποίαν</span> <span class='ocrx_word' id='word_1_199' title='bbox 1274 2260 1458 2313; x_wconf 82' lang='grc' dir='ltr'>αἰτίαν</span> <span class='ocrx_word' id='word_1_200' title='bbox 1507 2262 1906 2333; x_wconf 84' lang='grc' dir='ltr'>ἁποιχήσεται,</span> 
     </span>
    </p>
   </div>
   <div class='ocr_carea' id='block_1_27' title="bbox 330 2351 1901 2422">
    <p class='ocr_par' dir='ltr' id='par_1_27' title="bbox 330 2351 1901 2422">
     <span class='ocr_line' id='line_1_27' title="bbox 330 2351 1901 2422; baseline 0.003 -18"><span class='ocrx_word' id='word_1_201' title='bbox 330 2351 367 2422; x_wconf 73' lang='grc' dir='ltr'>ἢ</span> <span class='ocrx_word' id='word_1_202' title='bbox 420 2351 478 2405; x_wconf 91' lang='grc' dir='ltr'><strong>τί</strong></span> <span class='ocrx_word' id='word_1_203' title='bbox 524 2351 585 2405; x_wconf 81' lang='grc' dir='ltr'>τὸ</span> <span class='ocrx_word' id='word_1_204' title='bbox 621 2353 876 2418; x_wconf 79' lang='grc' dir='ltr'>ἐπεῖγον,</span> <span class='ocrx_word' id='word_1_205' title='bbox 919 2351 1088 2421; x_wconf 76' lang='grc' dir='ltr'>ήγουν</span> <span class='ocrx_word' id='word_1_206' title='bbox 1133 2351 1429 2405; x_wconf 88' lang='grc' dir='ltr'>ἀναπεῖθον</span> <span class='ocrx_word' id='word_1_207' title='bbox 1499 2355 1580 2416; x_wconf 86' lang='grc' dir='ltr'><strong>είς</strong></span> <span class='ocrx_word' id='word_1_208' title='bbox 1646 2352 1708 2406; x_wconf 78' lang='grc' dir='ltr'>τὸ</span> <span class='ocrx_word' id='word_1_209' title='bbox 1789 2355 1901 2409; x_wconf 81' lang='grc' dir='ltr'><strong>ἀνω</strong></span> 
     </span>
    </p>
   </div>
   <div class='ocr_carea' id='block_1_28' title="bbox 2009 437 3581 505">
    <p class='ocr_par' dir='ltr' id='par_1_28' title="bbox 2009 437 3581 505">
     <span class='ocr_line' id='line_1_28' title="bbox 2009 437 3581 505; baseline 0.002 -11"><span class='ocrx_word' id='word_1_210' title='bbox 2009 448 2128 494; x_wconf 85' lang='lat' dir='ltr'><strong>erat</strong></span> <span class='ocrx_word' id='word_1_211' title='bbox 2164 440 2343 505; x_wconf 82' lang='lat' dir='ltr'><strong>initio,</strong></span> <span class='ocrx_word' id='word_1_212' title='bbox 2377 439 2624 495; x_wconf 90' lang='lat' dir='ltr'><strong>nondum</strong></span> <span class='ocrx_word' id='word_1_213' title='bbox 2669 453 2800 495; x_wconf 88' lang='lat' dir='ltr'><strong>vero</strong></span> <span class='ocrx_word' id='word_1_214' title='bbox 2850 437 3097 494; x_wconf 81' lang='lat' dir='ltr'><strong>discendi</strong></span> <span class='ocrx_word' id='word_1_215' title='bbox 3132 458 3144 493; x_wconf 91' lang='lat'>:</span> <span class='ocrx_word' id='word_1_216' title='bbox 3179 439 3276 494; x_wconf 90' lang='lat' dir='ltr'><strong>sed</strong></span> <span class='ocrx_word' id='word_1_217' title='bbox 3332 456 3457 497; x_wconf 92' lang='lat' dir='ltr'><strong>cum</strong></span> <span class='ocrx_word' id='word_1_218' title='bbox 3509 444 3581 497; x_wconf 90' lang='lat' dir='ltr'><strong>ad</strong></span> 
     </span>
    </p>
   </div>
   <div class='ocr_carea' id='block_1_29' title="bbox 2012 529 3582 603">
    <p class='ocr_par' dir='ltr' id='par_1_29' title="bbox 2012 529 3582 603">
     <span class='ocr_line' id='line_1_29' title="bbox 2012 529 3582 603; baseline 0.003 -19"><span class='ocrx_word' id='word_1_219' title='bbox 2012 529 2228 587; x_wconf 79' lang='lat' dir='ltr'><strong>Patrem</strong></span> <span class='ocrx_word' id='word_1_220' title='bbox 2264 538 2534 603; x_wconf 89' lang='lat' dir='ltr'><strong>pergeret,</strong></span> <span class='ocrx_word' id='word_1_221' title='bbox 2567 529 2859 602; x_wconf 85' lang='lat' dir='ltr'><strong>eloquendi</strong></span> <span class='ocrx_word' id='word_1_222' title='bbox 2896 540 3113 602; x_wconf 89' lang='lat' dir='ltr'><strong>tempus</strong></span> <span class='ocrx_word' id='word_1_223' title='bbox 3141 530 3334 586; x_wconf 86' lang='lat' dir='ltr'><strong>subiit.</strong></span> <span class='ocrx_word' id='word_1_224' title='bbox 3362 530 3582 603; x_wconf 84' lang='lat' dir='ltr'><strong>Ergone</strong></span> 
     </span>
    </p>
   </div>
   <div class='ocr_carea' id='block_1_30' title="bbox 2012 619 3579 691">
    <p class='ocr_par' dir='ltr' id='par_1_30' title="bbox 2012 619 3579 691">
     <span class='ocr_line' id='line_1_30' title="bbox 2012 619 3579 691; baseline 0.002 -16"><span class='ocrx_word' id='word_1_225' title='bbox 2012 619 2272 676; x_wconf 87' lang='lat' dir='ltr'><strong>Servator</strong></span> <span class='ocrx_word' id='word_1_226' title='bbox 2310 636 2568 677; x_wconf 87' lang='lat' dir='ltr'><strong>reversus</strong></span> <span class='ocrx_word' id='word_1_227' title='bbox 2619 620 2684 676; x_wconf 90' lang='lat' dir='ltr'><strong>ad</strong></span> <span class='ocrx_word' id='word_1_228' title='bbox 2726 619 2943 676; x_wconf 85' lang='lat' dir='ltr'><strong>Patrem</strong></span> <span class='ocrx_word' id='word_1_229' title='bbox 2977 635 3008 676; x_wconf 90' lang='lat' dir='ltr'><strong>a</strong></span> <span class='ocrx_word' id='word_1_230' title='bbox 3048 619 3335 691; x_wconf 87' lang='lat' dir='ltr'><strong>discipulis</strong></span> <span class='ocrx_word' id='word_1_231' title='bbox 3366 622 3579 689; x_wconf 83' lang='lat' dir='ltr'><strong>aberat,</strong></span> 
     </span>
    </p>
   </div>
   <div class='ocr_carea' id='block_1_31' title="bbox 2009 709 3578 791">
    <p class='ocr_par' dir='ltr' id='par_1_31' title="bbox 2009 709 3578 791">
     <span class='ocr_line' id='line_1_31' title="bbox 2009 709 3578 791; baseline 0.002 -25"><span class='ocrx_word' id='word_1_232' title='bbox 2009 718 2063 766; x_wconf 92' lang='lat' dir='ltr'><strong>et</strong></span> <span class='ocrx_word' id='word_1_233' title='bbox 2096 717 2281 766; x_wconf 89' lang='lat' dir='ltr'><strong>tamen</strong></span> <span class='ocrx_word' id='word_1_234' title='bbox 2318 711 2400 767; x_wconf 92' lang='lat' dir='ltr'><strong>eis</strong></span> <span class='ocrx_word' id='word_1_235' title='bbox 2446 711 2641 791; x_wconf 81' lang='lat' dir='ltr'><strong>aderat</strong></span> <span class='ocrx_word' id='word_1_236' title='bbox 2667 709 2930 780; x_wconf 87' lang='lat' dir='ltr'><strong>Spiritus,</strong></span> <span class='ocrx_word' id='word_1_237' title='bbox 2955 709 3220 775; x_wconf 83' lang='lat' dir='ltr'><strong>emcacia,</strong></span> <span class='ocrx_word' id='word_1_238' title='bbox 3249 720 3304 767; x_wconf 91' lang='lat' dir='ltr'><strong>et</strong></span> <span class='ocrx_word' id='word_1_239' title='bbox 3348 713 3578 779; x_wconf 89' lang='lat' dir='ltr'><strong>virtute,</strong></span> 
     </span>
    </p>
   </div>
   <div class='ocr_carea' id='block_1_32' title="bbox 2009 801 3582 873">
    <p class='ocr_par' dir='ltr' id='par_1_32' title="bbox 2009 801 3582 873">
     <span class='ocr_line' id='line_1_32' title="bbox 2009 801 3582 873; baseline 0.002 -17"><span class='ocrx_word' id='word_1_240' title='bbox 2009 809 2063 856; x_wconf 91' lang='lat' dir='ltr'><strong>et</strong></span> <span class='ocrx_word' id='word_1_241' title='bbox 2091 803 2307 873; x_wconf 82' lang='lat' dir='ltr'><strong>gratia?</strong></span> <span class='ocrx_word' id='word_1_242' title='bbox 2335 801 2624 869; x_wconf 85' lang='lat' dir='ltr'><strong>Quomodo</strong></span> <span class='ocrx_word' id='word_1_243' title='bbox 2668 802 2835 858; x_wconf 87' lang='lat' dir='ltr'><strong>vero?</strong></span> <span class='ocrx_word' id='word_1_244' title='bbox 2855 801 2968 858; x_wconf 83' lang='lat' dir='ltr'><strong>Nec</strong></span> <span class='ocrx_word' id='word_1_245' title='bbox 2993 802 3139 857; x_wconf 91' lang='lat' dir='ltr'><strong>enim</strong></span> <span class='ocrx_word' id='word_1_246' title='bbox 3180 803 3466 865; x_wconf 89' lang='lat' dir='ltr'><strong>mentitur,</strong></span> <span class='ocrx_word' id='word_1_247' title='bbox 3497 804 3582 859; x_wconf 91' lang='lat' dir='ltr'><strong>di-</strong></span> 
     </span>
    </p>
   </div>
   <div class='ocr_carea' id='block_1_33' title="bbox 2009 893 3581 966">
    <p class='ocr_par' dir='ltr' id='par_1_33' title="bbox 2009 893 3581 966">
     <span class='ocr_line' id='line_1_33' title="bbox 2009 893 3581 966; baseline 0 -18"><span class='ocrx_word' id='word_1_248' title='bbox 2009 909 2180 951; x_wconf 88' lang='lat' dir='ltr'><strong>cens:</strong></span> <span class='ocrx_word' id='word_1_249' title='bbox 2217 913 2235 946; x_wconf 83' lang='grc' dir='ltr'><strong>ι</strong></span> <span class='ocrx_word' id='word_1_250' title='bbox 2277 894 2417 950; x_wconf 84' lang='lat' dir='ltr'><strong>Ecce</strong></span> <span class='ocrx_word' id='word_1_251' title='bbox 2446 909 2549 966; x_wconf 87' lang='lat' dir='ltr'><strong>ego</strong></span> <span class='ocrx_word' id='word_1_252' title='bbox 2590 894 2878 949; x_wconf 85' lang='lat' dir='ltr'><strong>vobiscum</strong></span> <span class='ocrx_word' id='word_1_253' title='bbox 2934 908 3055 948; x_wconf 91' lang='lat' dir='ltr'><strong>sum</strong></span> <span class='ocrx_word' id='word_1_254' title='bbox 3090 893 3349 949; x_wconf 90' lang='lat' dir='ltr'><strong>omnibus</strong></span> <span class='ocrx_word' id='word_1_255' title='bbox 3386 893 3581 950; x_wconf 88' lang='lat' dir='ltr'><strong>diebus</strong></span> 
     </span>
    </p>
   </div>
   <div class='ocr_carea' id='block_1_34' title="bbox 2010 986 3583 1059">
    <p class='ocr_par' dir='ltr' id='par_1_34' title="bbox 2010 986 3583 1059">
     <span class='ocr_line' id='line_1_34' title="bbox 2010 986 3583 1059; baseline -0.002 -16"><span class='ocrx_word' id='word_1_256' title='bbox 2010 1004 2185 1059; x_wconf 88' lang='lat' dir='ltr'><strong>usque</strong></span> <span class='ocrx_word' id='word_1_257' title='bbox 2239 987 2307 1043; x_wconf 90' lang='lat' dir='ltr'><strong>ad</strong></span> <span class='ocrx_word' id='word_1_258' title='bbox 2359 986 2891 1044; x_wconf 85' lang='lat' dir='ltr'><strong>consummationem</strong></span> <span class='ocrx_word' id='word_1_259' title='bbox 2942 986 3127 1043; x_wconf 69' lang='lat' dir='ltr'><strong>saeculi</strong></span> <span class='ocrx_word' id='word_1_260' title='bbox 3162 986 3238 1051; x_wconf 83' lang='lat'><strong>&quot;;</strong></span> <span class='ocrx_word' id='word_1_261' title='bbox 3287 1004 3306 1036; x_wconf 75' lang='grc' dir='ltr'><strong>ι</strong></span> <span class='ocrx_word' id='word_1_262' title='bbox 3362 1001 3583 1041; x_wconf 87' lang='lat' dir='ltr'><strong>verum-</strong></span> 
     </span>
    </p>
   </div>
   <div class='ocr_carea' id='block_1_35' title="bbox 2009 1064 3579 1150">
    <p class='ocr_par' dir='ltr' id='par_1_35' title="bbox 2009 1064 3579 1150">
     <span class='ocr_line' id='line_1_35' title="bbox 2009 1064 3579 1150; baseline -0.003 -16"><span class='ocrx_word' id='word_1_263' title='bbox 2009 1087 2193 1135; x_wconf 85' lang='lat' dir='ltr'><strong>tamen</strong></span> <span class='ocrx_word' id='word_1_264' title='bbox 2225 1078 2404 1150; x_wconf 83' lang='lat' dir='ltr'><strong>quoad</strong></span> <span class='ocrx_word' id='word_1_265' title='bbox 2443 1094 2667 1134; x_wconf 88' lang='lat' dir='ltr'><strong>carnem</strong></span> <span class='ocrx_word' id='word_1_266' title='bbox 2698 1086 2752 1133; x_wconf 94' lang='lat' dir='ltr'><strong>et</strong></span> <span class='ocrx_word' id='word_1_267' title='bbox 2780 1064 3116 1148; x_wconf 73' lang='lat' dir='ltr'><strong>corpoream</strong></span> <span class='ocrx_word' id='word_1_268' title='bbox 3143 1076 3491 1146; x_wconf 63' lang='lat' dir='ltr'><strong>praesentiam</strong></span> <span class='ocrx_word' id='word_1_269' title='bbox 3526 1077 3579 1131; x_wconf 91' lang='lat' dir='ltr'><strong>id</strong></span> 
     </span>
    </p>
   </div>
   <div class='ocr_carea' id='block_1_36' title="bbox 2009 1168 3582 1242">
    <p class='ocr_par' dir='ltr' id='par_1_36' title="bbox 2009 1168 3582 1242">
     <span class='ocr_line' id='line_1_36' title="bbox 2009 1168 3582 1242; baseline -0.003 -15"><span class='ocrx_word' id='word_1_270' title='bbox 2009 1170 2421 1242; x_wconf 86' lang='lat' dir='ltr'><strong>intelligendum</strong></span> <span class='ocrx_word' id='word_1_271' title='bbox 2454 1185 2579 1226; x_wconf 89' lang='lat' dir='ltr'><strong>esse</strong></span> <span class='ocrx_word' id='word_1_272' title='bbox 2629 1170 2812 1225; x_wconf 90' lang='lat' dir='ltr'><strong>nullus</strong></span> <span class='ocrx_word' id='word_1_273' title='bbox 2851 1168 3095 1239; x_wconf 87' lang='lat' dir='ltr'><strong>ambigit.</strong></span> <span class='ocrx_word' id='word_1_274' title='bbox 3129 1168 3401 1224; x_wconf 72' lang='lat' dir='ltr'><strong>Caeterum</strong></span> <span class='ocrx_word' id='word_1_275' title='bbox 3432 1169 3582 1223; x_wconf 91' lang='lat' dir='ltr'><strong>novit</strong></span> 
     </span>
    </p>
   </div>
   <div class='ocr_carea' id='block_1_37' title="bbox 2010 1258 3581 1334">
    <p class='ocr_par' dir='ltr' id='par_1_37' title="bbox 2010 1258 3581 1334">
     <span class='ocr_line' id='line_1_37' title="bbox 2010 1258 3581 1334; baseline -0.003 -17"><span class='ocrx_word' id='word_1_276' title='bbox 2010 1261 2231 1334; x_wconf 87' lang='lat' dir='ltr'><strong>quidem</strong></span> <span class='ocrx_word' id='word_1_277' title='bbox 2285 1260 2546 1316; x_wconf 89' lang='lat' dir='ltr'><strong>Servator</strong></span> <span class='ocrx_word' id='word_1_278' title='bbox 2575 1268 2785 1316; x_wconf 72' lang='lat' dir='ltr'><strong>natum</strong></span> <span class='ocrx_word' id='word_1_279' title='bbox 2813 1261 3070 1315; x_wconf 61' lang='lat' dir='ltr'><strong>humanae</strong></span> <span class='ocrx_word' id='word_1_280' title='bbox 3115 1258 3272 1314; x_wconf 82' lang='lat' dir='ltr'><strong>valde</strong></span> <span class='ocrx_word' id='word_1_281' title='bbox 3319 1272 3581 1313; x_wconf 77' lang='lat' dir='ltr'><strong>necessa—</strong></span> 
     </span>
    </p>
   </div>
   <div class='ocr_carea' id='block_1_38' title="bbox 2008 1348 3582 1416">
    <p class='ocr_par' dir='ltr' id='par_1_38' title="bbox 2008 1348 3582 1416">
     <span class='ocr_line' id='line_1_38' title="bbox 2008 1348 3582 1416; baseline -0.004 -8"><span class='ocrx_word' id='word_1_282' title='bbox 2008 1355 2153 1409; x_wconf 91' lang='lat' dir='ltr'><strong>rium</strong></span> <span class='ocrx_word' id='word_1_283' title='bbox 2187 1352 2305 1409; x_wconf 85' lang='lat' dir='ltr'><strong>fore</strong></span> <span class='ocrx_word' id='word_1_284' title='bbox 2335 1352 2520 1408; x_wconf 90' lang='lat' dir='ltr'><strong>carnis</strong></span> <span class='ocrx_word' id='word_1_285' title='bbox 2552 1367 2665 1408; x_wconf 73' lang='lat' dir='ltr'><strong>suae</strong></span> <span class='ocrx_word' id='word_1_286' title='bbox 2696 1352 2753 1407; x_wconf 91' lang='lat' dir='ltr'><strong>in</strong></span> <span class='ocrx_word' id='word_1_287' title='bbox 2785 1351 2956 1407; x_wconf 67' lang='lat' dir='ltr'><strong>caelos</strong></span> <span class='ocrx_word' id='word_1_288' title='bbox 2989 1364 3300 1416; x_wconf 89' lang='lat' dir='ltr'><strong>ascensum,</strong></span> <span class='ocrx_word' id='word_1_289' title='bbox 3332 1348 3427 1405; x_wconf 89' lang='lat' dir='ltr'><strong>sed</strong></span> <span class='ocrx_word' id='word_1_290' title='bbox 3469 1364 3582 1403; x_wconf 86' lang='lat' dir='ltr'><strong>non</strong></span> 
     </span>
    </p>
   </div>
   <div class='ocr_carea' id='block_1_39' title="bbox 2011 1438 3582 1516">
    <p class='ocr_par' dir='ltr' id='par_1_39' title="bbox 2011 1438 3582 1516">
     <span class='ocr_line' id='line_1_39' title="bbox 2011 1438 3582 1516; baseline -0.004 -17"><span class='ocrx_word' id='word_1_291' title='bbox 2011 1443 2307 1516; x_wconf 82' lang='lat' dir='ltr'><strong>ignoravit,</strong></span> <span class='ocrx_word' id='word_1_292' title='bbox 2338 1450 2399 1497; x_wconf 91' lang='lat' dir='ltr'><strong>ut</strong></span> <span class='ocrx_word' id='word_1_293' title='bbox 2435 1442 2604 1509; x_wconf 89' lang='lat' dir='ltr'><strong>Deus,</strong></span> <span class='ocrx_word' id='word_1_294' title='bbox 2650 1440 3011 1497; x_wconf 87' lang='lat' dir='ltr'><strong>acerbissimo</strong></span> <span class='ocrx_word' id='word_1_295' title='bbox 3061 1440 3253 1495; x_wconf 89' lang='lat' dir='ltr'><strong>dolore</strong></span> <span class='ocrx_word' id='word_1_296' title='bbox 3299 1440 3465 1511; x_wconf 80' lang='lat'><strong>917</strong></span> <span class='ocrx_word' id='word_1_297' title='bbox 3496 1438 3582 1499; x_wconf 87' lang='lat' dir='ltr'><strong>di-</strong></span> 
     </span>
    </p>
   </div>
   <div class='ocr_carea' id='block_1_40' title="bbox 2018 1528 3581 1605">
    <p class='ocr_par' dir='ltr' id='par_1_40' title="bbox 2018 1528 3581 1605">
     <span class='ocr_line' id='line_1_40' title="bbox 2018 1528 3581 1605; baseline -0.004 -15"><span class='ocrx_word' id='word_1_298' title='bbox 2018 1534 2355 1605; x_wconf 83' lang='lat' dir='ltr'><strong>scipulorum</strong></span> <span class='ocrx_word' id='word_1_299' title='bbox 2383 1548 2481 1589; x_wconf 91' lang='lat' dir='ltr'><strong>cor</strong></span> <span class='ocrx_word' id='word_1_300' title='bbox 2509 1533 2794 1603; x_wconf 87' lang='lat' dir='ltr'><strong>impletum</strong></span> <span class='ocrx_word' id='word_1_301' title='bbox 2819 1530 3010 1587; x_wconf 81' lang='lat' dir='ltr'><strong>fuisse.</strong></span> <span class='ocrx_word' id='word_1_302' title='bbox 3036 1528 3405 1586; x_wconf 85' lang='lat' dir='ltr'><strong>Vehementer</strong></span> <span class='ocrx_word' id='word_1_303' title='bbox 3433 1529 3581 1584; x_wconf 92' lang='lat' dir='ltr'><strong>enim</strong></span> 
     </span>
    </p>
   </div>
   <div class='ocr_carea' id='block_1_41' title="bbox 2010 1621 3583 1694">
    <p class='ocr_par' dir='ltr' id='par_1_41' title="bbox 2010 1621 3583 1694">
     <span class='ocr_line' id='line_1_41' title="bbox 2010 1621 3583 1694; baseline -0.004 -14"><span class='ocrx_word' id='word_1_304' title='bbox 2010 1640 2107 1681; x_wconf 91' lang='lat' dir='ltr'><strong>eos</strong></span> <span class='ocrx_word' id='word_1_305' title='bbox 2136 1624 2420 1682; x_wconf 87' lang='lat' dir='ltr'><strong>discessus</strong></span> <span class='ocrx_word' id='word_1_306' title='bbox 2443 1624 2655 1680; x_wconf 83' lang='lat' dir='ltr'><strong>Christi</strong></span> <span class='ocrx_word' id='word_1_307' title='bbox 2686 1623 2983 1694; x_wconf 87' lang='lat' dir='ltr'><strong>pungebat,</strong></span> <span class='ocrx_word' id='word_1_308' title='bbox 3010 1621 3139 1693; x_wconf 86' lang='lat' dir='ltr'><strong>quia</strong></span> <span class='ocrx_word' id='word_1_309' title='bbox 3168 1630 3433 1692; x_wconf 87' lang='lat' dir='ltr'><strong>perpetuo</strong></span> <span class='ocrx_word' id='word_1_310' title='bbox 3456 1634 3583 1676; x_wconf 91' lang='lat' dir='ltr'><strong>cum</strong></span> 
     </span>
    </p>
   </div>
   <div class='ocr_carea' id='block_1_42' title="bbox 2008 1704 3584 1787">
    <p class='ocr_par' dir='ltr' id='par_1_42' title="bbox 2008 1704 3584 1787">
     <span class='ocr_line' id='line_1_42' title="bbox 2008 1704 3584 1787; baseline -0.006 -12"><span class='ocrx_word' id='word_1_311' title='bbox 2008 1733 2074 1775; x_wconf 92' lang='lat' dir='ltr'><strong>eo</strong></span> <span class='ocrx_word' id='word_1_312' title='bbox 2106 1718 2315 1774; x_wconf 89' lang='lat' dir='ltr'><strong>versari</strong></span> <span class='ocrx_word' id='word_1_313' title='bbox 2350 1704 2675 1787; x_wconf 70' lang='lat' dir='ltr'><strong>cupiebant.</strong></span> <span class='ocrx_word' id='word_1_314' title='bbox 2702 1714 2839 1769; x_wconf 88' lang='lat' dir='ltr'><strong>Eum</strong></span> <span class='ocrx_word' id='word_1_315' title='bbox 2870 1728 3024 1778; x_wconf 86' lang='lat' dir='ltr'><strong>vero,</strong></span> <span class='ocrx_word' id='word_1_316' title='bbox 3048 1720 3109 1767; x_wconf 92' lang='lat' dir='ltr'><strong>ut</strong></span> <span class='ocrx_word' id='word_1_317' title='bbox 3144 1713 3237 1783; x_wconf 86' lang='lat' dir='ltr'><strong>qui</strong></span> <span class='ocrx_word' id='word_1_318' title='bbox 3286 1711 3398 1783; x_wconf 82' lang='lat' dir='ltr'><strong>jam</strong></span> <span class='ocrx_word' id='word_1_319' title='bbox 3433 1711 3584 1768; x_wconf 88' lang='lat' dir='ltr'><strong>istud</strong></span> 
     </span>
    </p>
   </div>
   <div class='ocr_carea' id='block_1_43' title="bbox 2007 1803 3585 1876">
    <p class='ocr_par' dir='ltr' id='par_1_43' title="bbox 2007 1803 3585 1876">
     <span class='ocr_line' id='line_1_43' title="bbox 2007 1803 3585 1876; baseline -0.003 -14"><span class='ocrx_word' id='word_1_320' title='bbox 2007 1807 2188 1864; x_wconf 79' lang='lat' dir='ltr'><strong>facere</strong></span> <span class='ocrx_word' id='word_1_321' title='bbox 2216 1807 2575 1871; x_wconf 85' lang='lat' dir='ltr'><strong>decrevisset,</strong></span> <span class='ocrx_word' id='word_1_322' title='bbox 2619 1822 2732 1861; x_wconf 89' lang='lat' dir='ltr'><strong>non</strong></span> <span class='ocrx_word' id='word_1_323' title='bbox 2765 1806 3111 1876; x_wconf 81' lang='lat' dir='ltr'><strong>interrogant</strong></span> <span class='ocrx_word' id='word_1_324' title='bbox 3152 1819 3317 1875; x_wconf 89' lang='lat' dir='ltr'><strong>quam</strong></span> <span class='ocrx_word' id='word_1_325' title='bbox 3355 1803 3426 1860; x_wconf 92' lang='lat' dir='ltr'><strong>ob</strong></span> <span class='ocrx_word' id='word_1_326' title='bbox 3460 1818 3585 1859; x_wconf 55' lang='lat' dir='ltr'><strong>caun</strong></span> 
     </span>
    </p>
   </div>
   <div class='ocr_carea' id='block_1_44' title="bbox 2008 1894 3584 1968">
    <p class='ocr_par' dir='ltr' id='par_1_44' title="bbox 2008 1894 3584 1968">
     <span class='ocr_line' id='line_1_44' title="bbox 2008 1894 3584 1968; baseline -0.004 -12"><span class='ocrx_word' id='word_1_327' title='bbox 2008 1915 2125 1956; x_wconf 85' lang='lat' dir='ltr'><strong>sam</strong></span> <span class='ocrx_word' id='word_1_328' title='bbox 2171 1908 2321 1956; x_wconf 87' lang='lat' dir='ltr'><strong>esset</strong></span> <span class='ocrx_word' id='word_1_329' title='bbox 2365 1899 2736 1963; x_wconf 91' lang='lat' dir='ltr'><strong>discessurus,</strong></span> <span class='ocrx_word' id='word_1_330' title='bbox 2786 1905 2881 1953; x_wconf 87' lang='lat' dir='ltr'><strong>aut</strong></span> <span class='ocrx_word' id='word_1_331' title='bbox 2928 1895 3061 1968; x_wconf 91' lang='lat' dir='ltr'><strong>quid</strong></span> <span class='ocrx_word' id='word_1_332' title='bbox 3118 1911 3243 1952; x_wconf 91' lang='lat' dir='ltr'><strong>eum</strong></span> <span class='ocrx_word' id='word_1_333' title='bbox 3294 1894 3365 1949; x_wconf 90' lang='lat' dir='ltr'><strong>ad</strong></span> <span class='ocrx_word' id='word_1_334' title='bbox 3411 1894 3584 1951; x_wconf 61' lang='lat' dir='ltr'><strong>caelos</strong></span> 
     </span>
    </p>
   </div>
   <div class='ocr_carea' id='block_1_45' title="bbox 2009 1986 3585 2061">
    <p class='ocr_par' dir='ltr' id='par_1_45' title="bbox 2009 1986 3585 2061">
     <span class='ocr_line' id='line_1_45' title="bbox 2009 1986 3585 2061; baseline -0.004 -15"><span class='ocrx_word' id='word_1_335' title='bbox 2009 1989 2307 2047; x_wconf 87' lang='lat' dir='ltr'><strong>ascendere</strong></span> <span class='ocrx_word' id='word_1_336' title='bbox 2334 1990 2655 2061; x_wconf 90' lang='lat' dir='ltr'><strong>impelleret.</strong></span> <span class='ocrx_word' id='word_1_337' title='bbox 2685 1987 2929 2059; x_wconf 85' lang='lat' dir='ltr'><strong>lgnoscit</strong></span> <span class='ocrx_word' id='word_1_338' title='bbox 2955 1987 3122 2058; x_wconf 81' lang='lat' dir='ltr'><strong>igitur</strong></span> <span class='ocrx_word' id='word_1_339' title='bbox 3151 1986 3220 2042; x_wconf 92' lang='lat' dir='ltr'><strong>iis</strong></span> <span class='ocrx_word' id='word_1_340' title='bbox 3256 1986 3332 2040; x_wconf 90' lang='lat' dir='ltr'><strong>ita</strong></span> <span class='ocrx_word' id='word_1_341' title='bbox 3363 2000 3585 2056; x_wconf 90' lang='lat' dir='ltr'><strong>quoque</strong></span> 
     </span>
    </p>
   </div>
   <div class='ocr_carea' id='block_1_46' title="bbox 2012 2075 3579 2148">
    <p class='ocr_par' dir='ltr' id='par_1_46' title="bbox 2012 2075 3579 2148">
     <span class='ocr_line' id='line_1_46' title="bbox 2012 2075 3579 2148; baseline -0.001 -13"><span class='ocrx_word' id='word_1_342' title='bbox 2012 2081 2245 2144; x_wconf 72' lang='lat' dir='ltr'><strong>affectis,</strong></span> <span class='ocrx_word' id='word_1_343' title='bbox 2278 2087 2334 2135; x_wconf 85' lang='lat' dir='ltr'><strong>et</strong></span> <span class='ocrx_word' id='word_1_344' title='bbox 2362 2079 2644 2135; x_wconf 89' lang='lat' dir='ltr'><strong>silentium</strong></span> <span class='ocrx_word' id='word_1_345' title='bbox 2674 2078 3124 2148; x_wconf 91' lang='lat' dir='ltr'><strong>intempestivum</strong></span> <span class='ocrx_word' id='word_1_346' title='bbox 3157 2075 3579 2148; x_wconf 81' lang='lat' dir='ltr'><strong>usurpantibus,</strong></span> 
     </span>
    </p>
   </div>
   <div class='ocr_carea' id='block_1_47' title="bbox 2013 2167 3721 2242">
    <p class='ocr_par' dir='ltr' id='par_1_47' title="bbox 2013 2167 3721 2242">
     <span class='ocr_line' id='line_1_47' title="bbox 2013 2167 3721 2242; baseline -0.002 -17"><span class='ocrx_word' id='word_1_347' title='bbox 2013 2171 2159 2242; x_wconf 92' lang='lat' dir='ltr'><strong>quod</strong></span> <span class='ocrx_word' id='word_1_348' title='bbox 2192 2186 2259 2226; x_wconf 90' lang='lat' dir='ltr'><strong>ne</strong></span> <span class='ocrx_word' id='word_1_349' title='bbox 2287 2170 2569 2226; x_wconf 90' lang='lat' dir='ltr'><strong>discessus</strong></span> <span class='ocrx_word' id='word_1_350' title='bbox 2597 2168 2822 2240; x_wconf 87' lang='lat' dir='ltr'><strong>quidem</strong></span> <span class='ocrx_word' id='word_1_351' title='bbox 2858 2182 3083 2223; x_wconf 85' lang='lat' dir='ltr'><strong>causam</strong></span> <span class='ocrx_word' id='word_1_352' title='bbox 3119 2182 3215 2224; x_wconf 88' lang='lat' dir='ltr'><strong>eos</strong></span> <span class='ocrx_word' id='word_1_353' title='bbox 3239 2167 3452 2224; x_wconf 88' lang='lat' dir='ltr'><strong>discere</strong></span> <span class='ocrx_word' id='word_1_354' title='bbox 3486 2181 3584 2238; x_wconf 84' lang='lat' dir='ltr'><strong>pa-</strong></span> <span class='ocrx_word' id='word_1_355' title='bbox 3698 2174 3721 2186; x_wconf 84' lang='lat'><em>‘</em></span> 
     </span>
    </p>
   </div>
   <div class='ocr_carea' id='block_1_48' title="bbox 2013 2257 3584 2332">
    <p class='ocr_par' dir='ltr' id='par_1_48' title="bbox 2013 2257 3584 2332">
     <span class='ocr_line' id='line_1_48' title="bbox 2013 2257 3584 2332; baseline -0.004 -14"><span class='ocrx_word' id='word_1_356' title='bbox 2013 2266 2205 2328; x_wconf 91' lang='lat' dir='ltr'><strong>tiatur,</strong></span> <span class='ocrx_word' id='word_1_357' title='bbox 2248 2262 2379 2318; x_wconf 91' lang='lat' dir='ltr'><strong>licet</strong></span> <span class='ocrx_word' id='word_1_358' title='bbox 2432 2261 2554 2332; x_wconf 86' lang='lat' dir='ltr'><strong>ejus</strong></span> <span class='ocrx_word' id='word_1_359' title='bbox 2586 2260 2831 2332; x_wconf 81' lang='lat' dir='ltr'><strong>cognitio</strong></span> <span class='ocrx_word' id='word_1_360' title='bbox 2877 2260 3110 2316; x_wconf 91' lang='lat' dir='ltr'><strong>multum</strong></span> <span class='ocrx_word' id='word_1_361' title='bbox 3145 2258 3204 2314; x_wconf 93' lang='lat' dir='ltr'><strong>in</strong></span> <span class='ocrx_word' id='word_1_362' title='bbox 3233 2273 3292 2316; x_wconf 93' lang='lat' dir='ltr'><strong>se</strong></span> <span class='ocrx_word' id='word_1_363' title='bbox 3326 2257 3584 2314; x_wconf 87' lang='lat' dir='ltr'><strong>utilitatis</strong></span> 
     </span>
    </p>
   </div>
   <div class='ocr_carea' id='block_1_49' title="bbox 2011 2356 2228 2410">
    <p class='ocr_par' dir='ltr' id='par_1_49' title="bbox 2011 2356 2228 2410">
     <span class='ocr_line' id='line_1_49' title="bbox 2011 2356 2228 2410; baseline 0.005 -1"><span class='ocrx_word' id='word_1_364' title='bbox 2011 2356 2228 2410; x_wconf 85' lang='lat' dir='ltr'><strong>habeat.</strong></span> 
     </span>
    </p>
   </div>
   <div class='ocr_carea' id='block_1_50' title="bbox 328 2434 3581 2514">
    <p class='ocr_par' dir='ltr' id='par_1_50' title="bbox 328 2434 3581 2514">
     <span class='ocr_line' id='line_1_50' title="bbox 328 2434 3581 2514; baseline -0.002 -21"><span class='ocrx_word' id='word_1_365' title='bbox 328 2441 569 2512; x_wconf 80' lang='grc' dir='ltr'>βαδίζειν</span> <span class='ocrx_word' id='word_1_366' title='bbox 610 2440 792 2495; x_wconf 75' lang='grc' dir='ltr'>αὐτόν.</span> <span class='ocrx_word' id='word_1_367' title='bbox 836 2438 1203 2509; x_wconf 84' lang='grc' dir='ltr'>Συγγινώσκει</span> <span class='ocrx_word' id='word_1_368' title='bbox 1229 2439 1409 2494; x_wconf 86' lang='grc' dir='ltr'>τοίνυν</span> <span class='ocrx_word' id='word_1_369' title='bbox 1444 2439 1520 2504; x_wconf 81' lang='grc' dir='ltr'><strong>ῶς</strong></span> <span class='ocrx_word' id='word_1_370' title='bbox 1567 2440 1627 2506; x_wconf 74' lang='grc' dir='ltr'><strong>ἐξ</strong></span> <span class='ocrx_word' id='word_1_371' title='bbox 1670 2441 1892 2514; x_wconf 85' lang='grc' dir='ltr'>ἀγάπης</span> <span class='ocrx_word' id='word_1_372' title='bbox 1926 2444 2111 2501; x_wconf 75' lang='grc' dir='ltr'>αὐτοῖς</span> <span class='ocrx_word' id='word_1_373' title='bbox 2145 2439 2375 2496; x_wconf 87' lang='grc' dir='ltr'>παθοῦσι</span> <span class='ocrx_word' id='word_1_374' title='bbox 2402 2438 2694 2506; x_wconf 77' lang='grc' dir='ltr'>καὶτοῦτο,</span> <span class='ocrx_word' id='word_1_375' title='bbox 2724 2436 2826 2493; x_wconf 77' lang='grc' dir='ltr'><strong>καὶ</strong></span> <span class='ocrx_word' id='word_1_376' title='bbox 2885 2437 3093 2509; x_wconf 85' lang='grc' dir='ltr'>σιωπὴν</span> <span class='ocrx_word' id='word_1_377' title='bbox 3152 2437 3251 2490; x_wconf 83' lang='grc' dir='ltr'>οὐκ</span> <span class='ocrx_word' id='word_1_378' title='bbox 3311 2434 3581 2506; x_wconf 80' lang='grc' dir='ltr'>εὐκαίρως</span> 
     </span>
    </p>
   </div>
   <div class='ocr_carea' id='block_1_51' title="bbox 327 2525 3581 2603">
    <p class='ocr_par' dir='ltr' id='par_1_51' title="bbox 327 2525 3581 2603">
     <span class='ocr_line' id='line_1_51' title="bbox 327 2525 3581 2603; baseline -0.002 -16"><span class='ocrx_word' id='word_1_379' title='bbox 327 2532 609 2603; x_wconf 78' lang='grc' dir='ltr'>ἑλομένοις</span> <span class='ocrx_word' id='word_1_380' title='bbox 656 2531 878 2601; x_wconf 84' lang='grc' dir='ltr'>ἀγαπᾷν</span> <span class='ocrx_word' id='word_1_381' title='bbox 926 2530 1027 2600; x_wconf 84' lang='grc' dir='ltr'>τῆς</span> <span class='ocrx_word' id='word_1_382' title='bbox 1086 2528 1399 2601; x_wconf 86' lang='grc' dir='ltr'>ἀποδημίας</span> <span class='ocrx_word' id='word_1_383' title='bbox 1459 2529 1562 2584; x_wconf 82' lang='grc' dir='ltr'>οὐκ</span> <span class='ocrx_word' id='word_1_384' title='bbox 1606 2530 1783 2586; x_wconf 77' lang='grc' dir='ltr'>ἐῶσαν</span> <span class='ocrx_word' id='word_1_385' title='bbox 1832 2531 1895 2584; x_wconf 77' lang='grc' dir='ltr'>τὸ</span> <span class='ocrx_word' id='word_1_386' title='bbox 1923 2531 2096 2587; x_wconf 83' lang='grc' dir='ltr'>αῖτιον</span> <span class='ocrx_word' id='word_1_387' title='bbox 2160 2530 2443 2601; x_wconf 75' lang='grc' dir='ltr'>ἐκμαθεῖν,</span> <span class='ocrx_word' id='word_1_388' title='bbox 2501 2529 2682 2583; x_wconf 84' lang='grc' dir='ltr'>καίτοι</span> <span class='ocrx_word' id='word_1_389' title='bbox 2747 2525 2948 2598; x_wconf 84' lang='grc' dir='ltr'>πολλὴν</span> <span class='ocrx_word' id='word_1_390' title='bbox 2989 2525 3206 2596; x_wconf 76' lang='grc' dir='ltr'>ἔχοντος</span> <span class='ocrx_word' id='word_1_391' title='bbox 3246 2526 3340 2579; x_wconf 86' lang='grc' dir='ltr'><strong>τοῦ</strong></span> <span class='ocrx_word' id='word_1_392' title='bbox 3384 2526 3581 2580; x_wconf 78' lang='grc' dir='ltr'><strong>εἰδέναι</strong></span> 
     </span>
    </p>
   </div>
   <div class='ocr_carea' id='block_1_52' title="bbox 327 2626 673 2699">
    <p class='ocr_par' dir='ltr' id='par_1_52' title="bbox 327 2626 673 2699">
     <span class='ocr_line' id='line_1_52' title="bbox 327 2626 673 2699; baseline 0 -18"><span class='ocrx_word' id='word_1_393' title='bbox 327 2627 433 2699; x_wconf 81' lang='grc' dir='ltr'>τὴν</span> <span class='ocrx_word' id='word_1_394' title='bbox 464 2626 673 2698; x_wconf 77' lang='grc' dir='ltr'>δνησιν.</span> 
     </span>
    </p>
   </div>
   <div class='ocr_carea' id='block_1_53' title="bbox 413 2714 1908 2789">
    <p class='ocr_par' dir='ltr' id='par_1_53' title="bbox 413 2714 1908 2789">
     <span class='ocr_line' id='line_1_53' title="bbox 413 2714 1908 2789; baseline 0.001 -18"><span class='ocrx_word' id='word_1_395' title='bbox 413 2717 578 2771; x_wconf 72' lang='grc' dir='ltr'><strong>Ἀλλ’</strong></span> <span class='ocrx_word' id='word_1_396' title='bbox 627 2715 740 2786; x_wconf 76' lang='grc' dir='ltr'><strong>ἐγὼ</strong></span> <span class='ocrx_word' id='word_1_397' title='bbox 791 2716 908 2783; x_wconf 81' lang='grc' dir='ltr'><strong>τὴν</strong></span> <span class='ocrx_word' id='word_1_398' title='bbox 960 2716 1253 2785; x_wconf 73' lang='grc' dir='ltr'>ἀλήθειαν</span> <span class='ocrx_word' id='word_1_399' title='bbox 1308 2714 1454 2785; x_wconf 83' lang='grc' dir='ltr'>ὑμῖν</span> <span class='ocrx_word' id='word_1_400' title='bbox 1501 2715 1658 2787; x_wconf 75' lang='grc' dir='ltr'>λέγω</span> <span class='ocrx_word' id='word_1_401' title='bbox 1682 2735 1696 2750; x_wconf 77' lang='grc' dir='ltr'><strong><em>ο</em></strong></span> <span class='ocrx_word' id='word_1_402' title='bbox 1757 2732 1908 2789; x_wconf 82' lang='grc' dir='ltr'>συμ-</span> 
     </span>
    </p>
   </div>
   <div class='ocr_carea' id='block_1_54' title="bbox 328 2808 1907 2880">
    <p class='ocr_par' dir='ltr' id='par_1_54' title="bbox 328 2808 1907 2880">
     <span class='ocr_line' id='line_1_54' title="bbox 328 2808 1907 2880; baseline 0.002 -18"><span class='ocrx_word' id='word_1_403' title='bbox 328 2810 499 2878; x_wconf 71' lang='grc' dir='ltr'>φέρει</span> <span class='ocrx_word' id='word_1_404' title='bbox 534 2808 677 2879; x_wconf 77' lang='grc' dir='ltr'>ὑμῖν</span> <span class='ocrx_word' id='word_1_405' title='bbox 742 2810 844 2863; x_wconf 85' lang='grc' dir='ltr'><strong>ἵνα</strong></span> <span class='ocrx_word' id='word_1_406' title='bbox 886 2808 1147 2865; x_wconf 79' lang='grc' dir='ltr'>ἀπέλθω.</span> <span class='ocrx_word' id='word_1_407' title='bbox 1209 2809 1352 2863; x_wconf 82' lang='grc' dir='ltr'><strong>Ἐὰν</strong></span> <span class='ocrx_word' id='word_1_408' title='bbox 1383 2809 1494 2880; x_wconf 81' lang='grc' dir='ltr'>γὰρ</span> <span class='ocrx_word' id='word_1_409' title='bbox 1519 2809 1607 2879; x_wconf 80' lang='grc' dir='ltr'>μὴ</span> <span class='ocrx_word' id='word_1_410' title='bbox 1647 2809 1907 2878; x_wconf 75' lang='grc' dir='ltr'>ἀπέλθω,</span> 
     </span>
    </p>
   </div>
   <div class='ocr_carea' id='block_1_55' title="bbox 330 2897 1673 2968">
    <p class='ocr_par' dir='ltr' id='par_1_55' title="bbox 330 2897 1673 2968">
     <span class='ocr_line' id='line_1_55' title="bbox 330 2897 1673 2968; baseline 0 -15"><span class='ocrx_word' id='word_1_411' title='bbox 330 2903 365 2953; x_wconf 78' lang='grc' dir='ltr'><em>ὁ</em></span> <span class='ocrx_word' id='word_1_412' title='bbox 403 2898 795 2968; x_wconf 74' lang='grc' dir='ltr'>Παράκλητος</span> <span class='ocrx_word' id='word_1_413' title='bbox 827 2900 939 2953; x_wconf 85' lang='grc' dir='ltr'>οὐκ</span> <span class='ocrx_word' id='word_1_414' title='bbox 962 2899 1276 2952; x_wconf 80' lang='grc' dir='ltr'>ἐλεύσεται</span> <span class='ocrx_word' id='word_1_415' title='bbox 1314 2897 1465 2966; x_wconf 77' lang='grc' dir='ltr'>πρὸς</span> <span class='ocrx_word' id='word_1_416' title='bbox 1497 2897 1673 2968; x_wconf 86' lang='grc' dir='ltr'>ὑμᾶς.</span> 
     </span>
    </p>
   </div>
   <div class='ocr_carea' id='block_1_56' title="bbox 402 2988 1908 3063">
    <p class='ocr_par' dir='ltr' id='par_1_56' title="bbox 402 2988 1908 3063">
     <span class='ocr_line' id='line_1_56' title="bbox 402 2988 1908 3063; baseline -0.002 -19"><span class='ocrx_word' id='word_1_417' title='bbox 402 2989 595 3062; x_wconf 56' lang='lat' dir='ltr'><strong>eam,</strong></span> <span class='ocrx_word' id='word_1_418' title='bbox 653 2991 751 3061; x_wconf 75' lang='grc' dir='ltr'>μὲν</span> <span class='ocrx_word' id='word_1_419' title='bbox 797 2989 908 3061; x_wconf 91' lang='grc' dir='ltr'><strong>γάρ</strong></span> <span class='ocrx_word' id='word_1_420' title='bbox 952 2990 1097 3061; x_wconf 78' lang='grc' dir='ltr'>ὑμᾶς</span> <span class='ocrx_word' id='word_1_421' title='bbox 1143 2989 1474 3060; x_wconf 86' lang='grc' dir='ltr'>κατεδήδοκε</span> <span class='ocrx_word' id='word_1_422' title='bbox 1521 2988 1700 3060; x_wconf 84' lang='grc' dir='ltr'>λύπη,</span> <span class='ocrx_word' id='word_1_423' title='bbox 1752 2991 1908 3063; x_wconf 72' lang='grc' dir='ltr'>φησί,</span> 
     </span>
    </p>
   </div>
   <div class='ocr_carea' id='block_1_57' title="bbox 330 3080 1912 3154">
    <p class='ocr_par' dir='ltr' id='par_1_57' title="bbox 330 3080 1912 3154">
     <span class='ocr_line' id='line_1_57' title="bbox 330 3080 1912 3154; baseline -0.001 -19"><span class='ocrx_word' id='word_1_424' title='bbox 330 3084 430 3136; x_wconf 80' lang='grc' dir='ltr'>καὶ</span> <span class='ocrx_word' id='word_1_425' title='bbox 489 3081 688 3153; x_wconf 81' lang='grc' dir='ltr'>δριμὺς</span> <span class='ocrx_word' id='word_1_426' title='bbox 745 3081 977 3153; x_wconf 72' lang='grc' dir='ltr'>ἐτάραξε</span> <span class='ocrx_word' id='word_1_427' title='bbox 1026 3081 1221 3144; x_wconf 85' lang='grc' dir='ltr'>πόνος·</span> <span class='ocrx_word' id='word_1_428' title='bbox 1269 3081 1331 3134; x_wconf 77' lang='grc' dir='ltr'>οὐ</span> <span class='ocrx_word' id='word_1_429' title='bbox 1374 3080 1483 3151; x_wconf 83' lang='grc' dir='ltr'>γὰρ</span> <span class='ocrx_word' id='word_1_430' title='bbox 1527 3082 1912 3154; x_wconf 86' lang='grc' dir='ltr'>ἀταλαίπωρον</span> 
     </span>
    </p>
   </div>
   <div class='ocr_carea' id='block_1_58' title="bbox 333 3171 1909 3244">
    <p class='ocr_par' dir='ltr' id='par_1_58' title="bbox 333 3171 1909 3244">
     <span class='ocr_line' id='line_1_58' title="bbox 333 3171 1909 3244; baseline -0.001 -17"><span class='ocrx_word' id='word_1_431' title='bbox 333 3174 551 3237; x_wconf 75' lang='grc' dir='ltr'>ἑαυτοῖς</span> <span class='ocrx_word' id='word_1_432' title='bbox 596 3173 689 3227; x_wconf 78' lang='grc' dir='ltr'><strong>τὸν</strong></span> <span class='ocrx_word' id='word_1_433' title='bbox 739 3172 877 3242; x_wconf 76' lang='grc' dir='ltr'>ἐμὸν</span> <span class='ocrx_word' id='word_1_434' title='bbox 933 3171 1156 3226; x_wconf 73' lang='grc' dir='ltr'>ἔσεσθαι</span> <span class='ocrx_word' id='word_1_435' title='bbox 1222 3173 1502 3243; x_wconf 80' lang='grc' dir='ltr'>χωρισμὸν</span> <span class='ocrx_word' id='word_1_436' title='bbox 1553 3172 1909 3244; x_wconf 85' lang='grc' dir='ltr'>ὑπειλήφατε,</span> 
     </span>
    </p>
   </div>
   <div class='ocr_carea' id='block_1_59' title="bbox 332 3262 1910 3336">
    <p class='ocr_par' dir='ltr' id='par_1_59' title="bbox 332 3262 1910 3336">
     <span class='ocr_line' id='line_1_59' title="bbox 332 3262 1910 3336; baseline -0.002 -17"><span class='ocrx_word' id='word_1_437' title='bbox 332 3264 544 3336; x_wconf 85' lang='grc' dir='ltr'>σφόδρα</span> <span class='ocrx_word' id='word_1_438' title='bbox 572 3262 900 3335; x_wconf 81' lang='grc' dir='ltr'>φρονοῦντες</span> <span class='ocrx_word' id='word_1_439' title='bbox 943 3262 1141 3333; x_wconf 83' lang='grc' dir='ltr'>ὀρθῶς.</span> <span class='ocrx_word' id='word_1_440' title='bbox 1189 3263 1584 3334; x_wconf 87' lang='grc' dir='ltr'>Περιπεσεῖσθε</span> <span class='ocrx_word' id='word_1_441' title='bbox 1625 3264 1733 3335; x_wconf 81' lang='grc' dir='ltr'><strong>γὰρ</strong></span> <span class='ocrx_word' id='word_1_442' title='bbox 1771 3265 1910 3319; x_wconf 88' lang='grc' dir='ltr'>πάν-</span> 
     </span>
    </p>
   </div>
   <div class='ocr_carea' id='block_1_60' title="bbox 327 3349 1912 3427">
    <p class='ocr_par' dir='ltr' id='par_1_60' title="bbox 327 3349 1912 3427">
     <span class='ocr_line' id='line_1_60' title="bbox 327 3349 1912 3427; baseline 0.001 -19"><span class='ocrx_word' id='word_1_443' title='bbox 327 3373 442 3419; x_wconf 85' lang='grc' dir='ltr'><strong>τως</strong></span> <span class='ocrx_word' id='word_1_444' title='bbox 495 3349 578 3418; x_wconf 78' lang='grc' dir='ltr'>οἷς</span> <span class='ocrx_word' id='word_1_445' title='bbox 619 3355 719 3425; x_wconf 78' lang='grc' dir='ltr'><strong>ήδη</strong></span> <span class='ocrx_word' id='word_1_446' title='bbox 758 3353 1065 3426; x_wconf 85' lang='grc' dir='ltr'>προείρηκα</span> <span class='ocrx_word' id='word_1_447' title='bbox 1123 3356 1468 3425; x_wconf 84' lang='grc' dir='ltr'>πειρασμοῖς,</span> <span class='ocrx_word' id='word_1_448' title='bbox 1519 3354 1610 3408; x_wconf 76' lang='grc' dir='ltr'>καὶ</span> <span class='ocrx_word' id='word_1_449' title='bbox 1663 3356 1762 3427; x_wconf 82' lang='grc' dir='ltr'>τῆς</span> <span class='ocrx_word' id='word_1_450' title='bbox 1802 3355 1912 3410; x_wconf 85' lang='grc' dir='ltr'><strong>τῶν</strong></span> 
     </span>
    </p>
   </div>
   <div class='ocr_carea' id='block_1_61' title="bbox 326 3444 1908 3517">
    <p class='ocr_par' dir='ltr' id='par_1_61' title="bbox 326 3444 1908 3517">
     <span class='ocr_line' id='line_1_61' title="bbox 326 3444 1908 3517; baseline 0.001 -19"><span class='ocrx_word' id='word_1_451' title='bbox 326 3444 639 3498; x_wconf 85' lang='grc' dir='ltr'>διωκόντων</span> <span class='ocrx_word' id='word_1_452' title='bbox 684 3444 1032 3515; x_wconf 85' lang='grc' dir='ltr'>ἀνοσιότητος</span> <span class='ocrx_word' id='word_1_453' title='bbox 1068 3444 1393 3514; x_wconf 83' lang='grc' dir='ltr'>ὑπομενεῖτε</span> <span class='ocrx_word' id='word_1_454' title='bbox 1444 3446 1543 3515; x_wconf 81' lang='grc' dir='ltr'>τὴν</span> <span class='ocrx_word' id='word_1_455' title='bbox 1588 3446 1908 3517; x_wconf 87' lang='grc' dir='ltr'>ἀγριότητα.</span> 
     </span>
    </p>
   </div>
   <div class='ocr_carea' id='block_1_62' title="bbox 328 3531 1913 3610">
    <p class='ocr_par' dir='ltr' id='par_1_62' title="bbox 328 3531 1913 3610">
     <span class='ocr_line' id='line_1_62' title="bbox 328 3531 1913 3610; baseline 0 -18"><span class='ocrx_word' id='word_1_456' title='bbox 328 3537 547 3610; x_wconf 85' lang='grc' dir='ltr'>Χρῆναι</span> <span class='ocrx_word' id='word_1_457' title='bbox 572 3536 638 3608; x_wconf 82' lang='grc' dir='ltr'>δὴ</span> <span class='ocrx_word' id='word_1_458' title='bbox 658 3531 752 3590; x_wconf 83' lang='grc' dir='ltr'><strong>οὖν</strong></span> <span class='ocrx_word' id='word_1_459' title='bbox 774 3536 863 3589; x_wconf 73' lang='grc' dir='ltr'>ἀεὶ</span> <span class='ocrx_word' id='word_1_460' title='bbox 884 3537 994 3589; x_wconf 88' lang='grc' dir='ltr'><strong>τῶν</strong></span> <span class='ocrx_word' id='word_1_461' title='bbox 1018 3537 1252 3608; x_wconf 80' lang='grc' dir='ltr'>ἡδίστων</span> <span class='ocrx_word' id='word_1_462' title='bbox 1278 3536 1337 3590; x_wconf 86' lang='grc' dir='ltr'>τὸ</span> <span class='ocrx_word' id='word_1_463' title='bbox 1366 3536 1645 3608; x_wconf 75' lang='grc' dir='ltr'>συμφέρον</span> <span class='ocrx_word' id='word_1_464' title='bbox 1681 3539 1913 3610; x_wconf 78' lang='grc' dir='ltr'>προτάτ-</span> 
     </span>
    </p>
   </div>
   <div class='ocr_carea' id='block_1_63' title="bbox 327 3628 1908 3700">
    <p class='ocr_par' dir='ltr' id='par_1_63' title="bbox 327 3628 1908 3700">
     <span class='ocr_line' id='line_1_63' title="bbox 327 3628 1908 3700; baseline -0.001 -16"><span class='ocrx_word' id='word_1_465' title='bbox 327 3630 526 3684; x_wconf 86' lang='grc' dir='ltr'>τεσθαι</span> <span class='ocrx_word' id='word_1_466' title='bbox 560 3628 934 3698; x_wconf 76' lang='grc' dir='ltr'>λογιζόμενος,</span> <span class='ocrx_word' id='word_1_467' title='bbox 971 3628 1081 3697; x_wconf 76' lang='grc' dir='ltr'>ἐρῶ</span> <span class='ocrx_word' id='word_1_468' title='bbox 1127 3628 1264 3699; x_wconf 80' lang='grc' dir='ltr'>πρὸς</span> <span class='ocrx_word' id='word_1_469' title='bbox 1305 3629 1451 3698; x_wconf 82' lang='grc' dir='ltr'>ὑμᾶς</span> <span class='ocrx_word' id='word_1_470' title='bbox 1493 3628 1594 3700; x_wconf 81' lang='grc' dir='ltr'>τὴν</span> <span class='ocrx_word' id='word_1_471' title='bbox 1629 3629 1908 3699; x_wconf 86' lang='grc' dir='ltr'>ἀλήθειαν.</span> 
     </span>
    </p>
   </div>
   <div class='ocr_carea' id='block_1_64' title="bbox 335 3711 1912 3793">
    <p class='ocr_par' dir='ltr' id='par_1_64' title="bbox 335 3711 1912 3793">
     <span class='ocr_line' id='line_1_64' title="bbox 335 3711 1912 3793; baseline -0.001 -18"><span class='ocrx_word' id='word_1_472' title='bbox 335 3743 355 3775; x_wconf 78' lang='grc' dir='ltr'><strong>ι</strong></span> <span class='ocrx_word' id='word_1_473' title='bbox 392 3722 677 3793; x_wconf 84' lang='grc' dir='ltr'>Συμφέρει</span> <span class='ocrx_word' id='word_1_474' title='bbox 711 3721 842 3791; x_wconf 81' lang='grc' dir='ltr'>ὑμῖν</span> <span class='ocrx_word' id='word_1_475' title='bbox 867 3720 954 3772; x_wconf 83' lang='grc' dir='ltr'>ἶνα</span> <span class='ocrx_word' id='word_1_476' title='bbox 976 3718 1086 3789; x_wconf 79' lang='grc' dir='ltr'><strong>ἐγὼ</strong></span> <span class='ocrx_word' id='word_1_477' title='bbox 1111 3720 1350 3774; x_wconf 81' lang='grc' dir='ltr'>ἀπέλθω.</span> <span class='ocrx_word' id='word_1_478' title='bbox 1388 3739 1408 3771; x_wconf 72' lang='grc' dir='ltr'><strong>ι</strong></span> <span class='ocrx_word' id='word_1_479' title='bbox 1447 3721 1557 3773; x_wconf 73' lang='grc' dir='ltr'><strong>Καὶ</strong></span> <span class='ocrx_word' id='word_1_480' title='bbox 1601 3711 1779 3775; x_wconf 84' lang='grc' dir='ltr'>πάντα</span> <span class='ocrx_word' id='word_1_481' title='bbox 1815 3722 1912 3791; x_wconf 82' lang='grc' dir='ltr'>μὲν</span> 
     </span>
    </p>
   </div>
   <div class='ocr_carea' id='block_1_65' title="bbox 328 3809 1912 3884">
    <p class='ocr_par' dir='ltr' id='par_1_65' title="bbox 328 3809 1912 3884">
     <span class='ocr_line' id='line_1_65' title="bbox 328 3809 1912 3884; baseline 0 -19"><span class='ocrx_word' id='word_1_482' title='bbox 328 3813 401 3866; x_wconf 84' lang='grc' dir='ltr'>τὰ</span> <span class='ocrx_word' id='word_1_483' title='bbox 429 3814 687 3882; x_wconf 82' lang='grc' dir='ltr'>νοήματα</span> <span class='ocrx_word' id='word_1_484' title='bbox 728 3809 808 3880; x_wconf 86' lang='grc' dir='ltr'>τῷ</span> <span class='ocrx_word' id='word_1_485' title='bbox 842 3811 984 3881; x_wconf 79' lang='grc' dir='ltr'>ὑπὲρ</span> <span class='ocrx_word' id='word_1_486' title='bbox 1012 3811 1160 3880; x_wconf 80' lang='grc' dir='ltr'>ἡμᾶς</span> <span class='ocrx_word' id='word_1_487' title='bbox 1189 3812 1668 3881; x_wconf 78' lang='grc' dir='ltr'>παραχωρήσομεν</span> <span class='ocrx_word' id='word_1_488' title='bbox 1701 3812 1912 3884; x_wconf 88' lang='grc' dir='ltr'>Σωτῆρι</span> 
     </span>
    </p>
   </div>
   <div class='ocr_carea' id='block_1_66' title="bbox 328 3897 1910 3975">
    <p class='ocr_par' dir='ltr' id='par_1_66' title="bbox 328 3897 1910 3975">
     <span class='ocr_line' id='line_1_66' title="bbox 328 3897 1910 3975; baseline -0.001 -18"><span class='ocrx_word' id='word_1_489' title='bbox 328 3902 591 3975; x_wconf 75' lang='grc' dir='ltr'>Χριστῷ,</span> <span class='ocrx_word' id='word_1_490' title='bbox 618 3901 760 3973; x_wconf 85' lang='grc' dir='ltr'>πλὴν</span> <span class='ocrx_word' id='word_1_491' title='bbox 806 3901 868 3954; x_wconf 85' lang='grc' dir='ltr'><strong>ού</strong></span> <span class='ocrx_word' id='word_1_492' title='bbox 903 3900 1140 3972; x_wconf 85' lang='grc' dir='ltr'>μετρίως</span> <span class='ocrx_word' id='word_1_493' title='bbox 1168 3900 1234 3954; x_wconf 82' lang='grc' dir='ltr'>ἂν</span> <span class='ocrx_word' id='word_1_494' title='bbox 1269 3897 1425 3971; x_wconf 80' lang='grc' dir='ltr'>οἶμαι</span> <span class='ocrx_word' id='word_1_495' title='bbox 1455 3901 1784 3973; x_wconf 89' lang='grc' dir='ltr'>θορυϐήσειν</span> <span class='ocrx_word' id='word_1_496' title='bbox 1816 3901 1910 3955; x_wconf 90' lang='grc' dir='ltr'>δύ-</span> 
     </span>
    </p>
   </div>
   <div class='ocr_carea' id='block_1_67' title="bbox 328 3991 1914 4063">
    <p class='ocr_par' dir='ltr' id='par_1_67' title="bbox 328 3991 1914 4063">
     <span class='ocr_line' id='line_1_67' title="bbox 328 3991 1914 4063; baseline -0.001 -15"><span class='ocrx_word' id='word_1_497' title='bbox 328 3994 529 4048; x_wconf 90' lang='grc' dir='ltr'>νασθαί</span> <span class='ocrx_word' id='word_1_498' title='bbox 553 4010 678 4046; x_wconf 90' lang='grc' dir='ltr'>τινα</span> <span class='ocrx_word' id='word_1_499' title='bbox 709 3991 819 4046; x_wconf 85' lang='grc' dir='ltr'><strong>τῶν</strong></span> <span class='ocrx_word' id='word_1_500' title='bbox 854 3992 1240 4063; x_wconf 87' lang='grc' dir='ltr'>ἁπλουστέρων</span> <span class='ocrx_word' id='word_1_501' title='bbox 1269 3993 1331 4045; x_wconf 77' lang='grc' dir='ltr'>τὸ</span> <span class='ocrx_word' id='word_1_502' title='bbox 1358 3992 1671 4063; x_wconf 77' lang='grc' dir='ltr'>εἰρημένον.</span> <span class='ocrx_word' id='word_1_503' title='bbox 1702 3994 1914 4061; x_wconf 89' lang='grc' dir='ltr'>Λογιεῖ-</span> 
     </span>
    </p>
   </div>
   <div class='ocr_carea' id='block_1_68' title="bbox 332 4079 1908 4154">
    <p class='ocr_par' dir='ltr' id='par_1_68' title="bbox 332 4079 1908 4154">
     <span class='ocr_line' id='line_1_68' title="bbox 332 4079 1908 4154; baseline -0.002 -17"><span class='ocrx_word' id='word_1_504' title='bbox 332 4101 422 4137; x_wconf 87' lang='grc' dir='ltr'><strong>ται</strong></span> <span class='ocrx_word' id='word_1_505' title='bbox 453 4083 564 4154; x_wconf 87' lang='grc' dir='ltr'><strong>γάρ</strong></span> <span class='ocrx_word' id='word_1_506' title='bbox 601 4081 819 4145; x_wconf 69' lang='grc' dir='ltr'>πάντως</span> <span class='ocrx_word' id='word_1_507' title='bbox 862 4082 1042 4135; x_wconf 80' lang='grc' dir='ltr'>ἐκεῖνο</span> <span class='ocrx_word' id='word_1_508' title='bbox 1098 4079 1218 4134; x_wconf 83' lang='grc' dir='ltr'>καθ’</span> <span class='ocrx_word' id='word_1_509' title='bbox 1252 4081 1445 4133; x_wconf 74' lang='grc' dir='ltr'>ἑαυτὸν</span> <span class='ocrx_word' id='word_1_510' title='bbox 1468 4120 1484 4143; x_wconf 91' lang='grc'><strong>,</strong></span> <span class='ocrx_word' id='word_1_511' title='bbox 1544 4081 1640 4134; x_wconf 75' lang='grc' dir='ltr'>καὶ</span> <span class='ocrx_word' id='word_1_512' title='bbox 1689 4079 1908 4134; x_wconf 77' lang='grc' dir='ltr'>διασκέο</span> 
     </span>
    </p>
   </div>
   <div class='ocr_carea' id='block_1_69' title="bbox 330 4167 1909 4244">
    <p class='ocr_par' dir='ltr' id='par_1_69' title="bbox 330 4167 1909 4244">
     <span class='ocr_line' id='line_1_69' title="bbox 330 4167 1909 4244; baseline -0.001 -17"><span class='ocrx_word' id='word_1_513' title='bbox 330 4175 517 4243; x_wconf 76' lang='grc' dir='ltr'>ψεται,</span> <span class='ocrx_word' id='word_1_514' title='bbox 548 4173 625 4236; x_wconf 81' lang='grc' dir='ltr'><strong>ὡς</strong></span> <span class='ocrx_word' id='word_1_515' title='bbox 654 4172 815 4242; x_wconf 80' lang='grc' dir='ltr'>εἴπερ</span> <span class='ocrx_word' id='word_1_516' title='bbox 846 4167 915 4243; x_wconf 81' lang='grc' dir='ltr'>ἦν</span> <span class='ocrx_word' id='word_1_517' title='bbox 944 4172 1165 4242; x_wconf 79' lang='grc' dir='ltr'>ἄμεινον</span> <span class='ocrx_word' id='word_1_518' title='bbox 1196 4170 1260 4224; x_wconf 83' lang='grc' dir='ltr'>τὸ</span> <span class='ocrx_word' id='word_1_519' title='bbox 1281 4171 1632 4241; x_wconf 82' lang='grc' dir='ltr'>ἀποδημῆσαι</span> <span class='ocrx_word' id='word_1_520' title='bbox 1655 4172 1909 4244; x_wconf 82' lang='grc' dir='ltr'>Χριστὸν,</span> 
     </span>
    </p>
   </div>
   <div class='ocr_carea' id='block_1_70' title="bbox 2085 2708 3583 2782">
    <p class='ocr_par' dir='ltr' id='par_1_70' title="bbox 2085 2708 3583 2782">
     <span class='ocr_line' id='line_1_70' title="bbox 2085 2708 3583 2782; baseline -0.003 -12"><span class='ocrx_word' id='word_1_521' title='bbox 2085 2713 2223 2780; x_wconf 80' lang='lat' dir='ltr'><strong>XVI,</strong></span> <span class='ocrx_word' id='word_1_522' title='bbox 2253 2714 2308 2781; x_wconf 86' lang='lat'><strong>6,</strong></span> <span class='ocrx_word' id='word_1_523' title='bbox 2343 2714 2396 2768; x_wconf 89' lang='grc'>7.</span> <span class='ocrx_word' id='word_1_524' title='bbox 2428 2711 2531 2768; x_wconf 84' lang='lat' dir='ltr'><strong>Sed</strong></span> <span class='ocrx_word' id='word_1_525' title='bbox 2568 2728 2659 2782; x_wconf 85' lang='lat' dir='ltr'><strong>ego</strong></span> <span class='ocrx_word' id='word_1_526' title='bbox 2708 2709 2979 2766; x_wconf 83' lang='lat' dir='ltr'><strong>veritatem</strong></span> <span class='ocrx_word' id='word_1_527' title='bbox 3013 2708 3131 2764; x_wconf 84' lang='lat' dir='ltr'><strong>dico</strong></span> <span class='ocrx_word' id='word_1_528' title='bbox 3161 2708 3306 2765; x_wconf 83' lang='lat' dir='ltr'><strong>vobis</strong></span> <span class='ocrx_word' id='word_1_529' title='bbox 3333 2730 3345 2765; x_wconf 91' lang='lat'><strong>:</strong></span> <span class='ocrx_word' id='word_1_530' title='bbox 3372 2711 3583 2779; x_wconf 71' lang='lat' dir='ltr'><strong>expedit</strong></span> 
     </span>
    </p>
   </div>
   <div class='ocr_carea' id='block_1_71' title="bbox 2012 2794 3583 2876">
    <p class='ocr_par' dir='ltr' id='par_1_71' title="bbox 2012 2794 3583 2876">
     <span class='ocr_line' id='line_1_71' title="bbox 2012 2794 3583 2876; baseline -0.003 -13"><span class='ocrx_word' id='word_1_531' title='bbox 2012 2806 2156 2863; x_wconf 73' lang='lat' dir='ltr'><strong>vobis</strong></span> <span class='ocrx_word' id='word_1_532' title='bbox 2190 2814 2247 2859; x_wconf 86' lang='lat' dir='ltr'><strong>ut</strong></span> <span class='ocrx_word' id='word_1_533' title='bbox 2273 2820 2364 2876; x_wconf 85' lang='lat' dir='ltr'><strong>ego</strong></span> <span class='ocrx_word' id='word_1_534' title='bbox 2392 2802 2602 2858; x_wconf 85' lang='lat' dir='ltr'><strong>vadam.</strong></span> <span class='ocrx_word' id='word_1_535' title='bbox 2643 2794 2702 2858; x_wconf 81' lang='lat' dir='ltr'><strong>Si</strong></span> <span class='ocrx_word' id='word_1_536' title='bbox 2728 2803 2865 2857; x_wconf 85' lang='lat' dir='ltr'><strong>enim</strong></span> <span class='ocrx_word' id='word_1_537' title='bbox 2895 2818 2988 2873; x_wconf 79' lang='lat' dir='ltr'><strong>ego</strong></span> <span class='ocrx_word' id='word_1_538' title='bbox 3028 2817 3130 2855; x_wconf 84' lang='lat' dir='ltr'><strong>non</strong></span> <span class='ocrx_word' id='word_1_539' title='bbox 3169 2800 3373 2868; x_wconf 85' lang='lat' dir='ltr'><strong>abiero,</strong></span> <span class='ocrx_word' id='word_1_540' title='bbox 3410 2801 3583 2860; x_wconf 61' lang='lat' dir='ltr'><strong>I’arao</strong></span> 
     </span>
    </p>
   </div>
   <div class='ocr_carea' id='block_1_72' title="bbox 1936 2895 2762 2991">
    <p class='ocr_par' dir='ltr' id='par_1_72' title="bbox 1936 2895 2762 2991">
     <span class='ocr_line' id='line_1_72' title="bbox 1936 2895 2762 2991; baseline -0.008 -36"><span class='ocrx_word' id='word_1_541' title='bbox 1936 2932 1978 2991; x_wconf 68' lang='grc' dir='ltr'>ο</span> <span class='ocrx_word' id='word_1_542' title='bbox 2011 2900 2175 2954; x_wconf 82' lang='lat' dir='ltr'><strong>cletus</strong></span> <span class='ocrx_word' id='word_1_543' title='bbox 2217 2913 2321 2951; x_wconf 84' lang='lat' dir='ltr'><strong>non</strong></span> <span class='ocrx_word' id='word_1_544' title='bbox 2352 2896 2519 2949; x_wconf 79' lang='lat' dir='ltr'><strong>veniet</strong></span> <span class='ocrx_word' id='word_1_545' title='bbox 2551 2895 2619 2948; x_wconf 83' lang='lat' dir='ltr'><strong>ad</strong></span> <span class='ocrx_word' id='word_1_546' title='bbox 2656 2911 2762 2949; x_wconf 80' lang='lat' dir='ltr'><strong>vos.</strong></span> 
     </span>
    </p>
   </div>
   <div class='ocr_carea' id='block_1_73' title="bbox 2080 2984 3584 3057">
    <p class='ocr_par' dir='ltr' id='par_1_73' title="bbox 2080 2984 3584 3057">
     <span class='ocr_line' id='line_1_73' title="bbox 2080 2984 3584 3057; baseline -0.001 -15"><span class='ocrx_word' id='word_1_547' title='bbox 2080 2987 2616 3044; x_wconf 81' lang='lat' dir='ltr'><strong>Vehementissimus</strong></span> <span class='ocrx_word' id='word_1_548' title='bbox 2654 2998 2852 3057; x_wconf 86' lang='lat' dir='ltr'><strong>nempe</strong></span> <span class='ocrx_word' id='word_1_549' title='bbox 2906 2999 3005 3039; x_wconf 90' lang='lat' dir='ltr'><strong>vos</strong></span> <span class='ocrx_word' id='word_1_550' title='bbox 3051 2984 3208 3038; x_wconf 89' lang='lat' dir='ltr'><strong>dolor</strong></span> <span class='ocrx_word' id='word_1_551' title='bbox 3245 2985 3465 3049; x_wconf 79' lang='lat' dir='ltr'><strong>exedit,</strong></span> <span class='ocrx_word' id='word_1_552' title='bbox 3529 2995 3584 3041; x_wconf 92' lang='lat' dir='ltr'><strong>et</strong></span> 
     </span>
    </p>
   </div>
   <div class='ocr_carea' id='block_1_74' title="bbox 2012 3074 3582 3140">
    <p class='ocr_par' dir='ltr' id='par_1_74' title="bbox 2012 3074 3582 3140">
     <span class='ocr_line' id='line_1_74' title="bbox 2012 3074 3582 3140; baseline -0.002 -6"><span class='ocrx_word' id='word_1_553' title='bbox 2012 3079 2244 3135; x_wconf 87' lang='lat' dir='ltr'><strong>acerbus</strong></span> <span class='ocrx_word' id='word_1_554' title='bbox 2291 3079 2448 3133; x_wconf 88' lang='lat' dir='ltr'><strong>labor</strong></span> <span class='ocrx_word' id='word_1_555' title='bbox 2478 3077 2759 3140; x_wconf 87' lang='lat' dir='ltr'><strong>turbavit,</strong></span> <span class='ocrx_word' id='word_1_556' title='bbox 2787 3090 2886 3130; x_wconf 86' lang='lat' dir='ltr'><strong>nec</strong></span> <span class='ocrx_word' id='word_1_557' title='bbox 2917 3074 3221 3130; x_wconf 86' lang='lat' dir='ltr'><strong>discessum</strong></span> <span class='ocrx_word' id='word_1_558' title='bbox 3252 3092 3432 3131; x_wconf 88' lang='lat' dir='ltr'><strong>meum</strong></span> <span class='ocrx_word' id='word_1_559' title='bbox 3482 3091 3582 3133; x_wconf 80' lang='lat' dir='ltr'><strong>ex-</strong></span> 
     </span>
    </p>
   </div>
   <div class='ocr_carea' id='block_1_75' title="bbox 2011 3166 3585 3243">
    <p class='ocr_par' dir='ltr' id='par_1_75' title="bbox 2011 3166 3585 3243">
     <span class='ocr_line' id='line_1_75' title="bbox 2011 3166 3585 3243; baseline -0.003 -17"><span class='ocrx_word' id='word_1_560' title='bbox 2011 3179 2220 3243; x_wconf 90' lang='lat' dir='ltr'><strong>pertem</strong></span> <span class='ocrx_word' id='word_1_561' title='bbox 2258 3167 2373 3225; x_wconf 82' lang='lat' dir='ltr'><strong>fore</strong></span> <span class='ocrx_word' id='word_1_562' title='bbox 2421 3169 2689 3224; x_wconf 65' lang='lat' dir='ltr'><strong>molestiae</strong></span> <span class='ocrx_word' id='word_1_563' title='bbox 2729 3175 2875 3221; x_wconf 88' lang='lat' dir='ltr'><strong>recte</strong></span> <span class='ocrx_word' id='word_1_564' title='bbox 2918 3166 3107 3236; x_wconf 91' lang='lat' dir='ltr'><strong>utique</strong></span> <span class='ocrx_word' id='word_1_565' title='bbox 3150 3167 3305 3223; x_wconf 83' lang='lat' dir='ltr'><strong>vobis</strong></span> <span class='ocrx_word' id='word_1_566' title='bbox 3351 3182 3585 3237; x_wconf 85' lang='lat' dir='ltr'><strong>persua-</strong></span> 
     </span>
    </p>
   </div>
   <div class='ocr_carea' id='block_1_76' title="bbox 2013 3256 3585 3328">
    <p class='ocr_par' dir='ltr' id='par_1_76' title="bbox 2013 3256 3585 3328">
     <span class='ocr_line' id='line_1_76' title="bbox 2013 3256 3585 3328; baseline -0.004 -9"><span class='ocrx_word' id='word_1_567' title='bbox 2013 3264 2186 3320; x_wconf 87' lang='lat' dir='ltr'><strong>sistis.</strong></span> <span class='ocrx_word' id='word_1_568' title='bbox 2229 3261 2488 3317; x_wconf 87' lang='lat' dir='ltr'><strong>Incidetis</strong></span> <span class='ocrx_word' id='word_1_569' title='bbox 2540 3259 2687 3314; x_wconf 88' lang='lat' dir='ltr'><strong>enim</strong></span> <span class='ocrx_word' id='word_1_570' title='bbox 2740 3256 2987 3327; x_wconf 81' lang='lat' dir='ltr'><strong>profecto</strong></span> <span class='ocrx_word' id='word_1_571' title='bbox 3028 3258 3083 3310; x_wconf 89' lang='lat' dir='ltr'><strong>in</strong></span> <span class='ocrx_word' id='word_1_572' title='bbox 3134 3270 3229 3311; x_wconf 90' lang='lat' dir='ltr'><strong>eas</strong></span> <span class='ocrx_word' id='word_1_573' title='bbox 3278 3273 3418 3328; x_wconf 91' lang='lat' dir='ltr'><strong>quas</strong></span> <span class='ocrx_word' id='word_1_574' title='bbox 3470 3259 3585 3313; x_wconf 76' lang='lat' dir='ltr'><strong>dixi</strong></span> 
     </span>
    </p>
   </div>
   <div class='ocr_carea' id='block_1_77' title="bbox 2013 3349 3584 3419">
    <p class='ocr_par' dir='ltr' id='par_1_77' title="bbox 2013 3349 3584 3419">
     <span class='ocr_line' id='line_1_77' title="bbox 2013 3349 3584 3419; baseline -0.005 -10"><span class='ocrx_word' id='word_1_575' title='bbox 2013 3356 2384 3417; x_wconf 71' lang='lat' dir='ltr'><strong>tentationes,</strong></span> <span class='ocrx_word' id='word_1_576' title='bbox 2414 3360 2466 3407; x_wconf 81' lang='lat' dir='ltr'><strong>et</strong></span> <span class='ocrx_word' id='word_1_577' title='bbox 2496 3351 2790 3419; x_wconf 91' lang='lat' dir='ltr'><strong>impiorum</strong></span> <span class='ocrx_word' id='word_1_578' title='bbox 2824 3355 3241 3419; x_wconf 90' lang='lat' dir='ltr'><strong>persecutorum</strong></span> <span class='ocrx_word' id='word_1_579' title='bbox 3278 3349 3584 3404; x_wconf 88' lang='lat' dir='ltr'><strong>crudelita-</strong></span> 
     </span>
    </p>
   </div>
   <div class='ocr_carea' id='block_1_78' title="bbox 2015 3440 3585 3515">
    <p class='ocr_par' dir='ltr' id='par_1_78' title="bbox 2015 3440 3585 3515">
     <span class='ocr_line' id='line_1_78' title="bbox 2015 3440 3585 3515; baseline -0.003 -15"><span class='ocrx_word' id='word_1_580' title='bbox 2015 3454 2121 3501; x_wconf 91' lang='lat' dir='ltr'><strong>tem</strong></span> <span class='ocrx_word' id='word_1_581' title='bbox 2175 3444 2485 3515; x_wconf 85' lang='lat' dir='ltr'><strong>perl‘eretis.</strong></span> <span class='ocrx_word' id='word_1_582' title='bbox 2514 3441 2660 3498; x_wconf 90' lang='lat' dir='ltr'><strong>Utile</strong></span> <span class='ocrx_word' id='word_1_583' title='bbox 2688 3454 2821 3512; x_wconf 88' lang='lat' dir='ltr'><strong>ergo</strong></span> <span class='ocrx_word' id='word_1_584' title='bbox 2875 3440 3140 3510; x_wconf 86' lang='lat' dir='ltr'><strong>jucundis</strong></span> <span class='ocrx_word' id='word_1_585' title='bbox 3181 3455 3397 3510; x_wconf 89' lang='lat' dir='ltr'><strong>semper</strong></span> <span class='ocrx_word' id='word_1_586' title='bbox 3431 3448 3585 3496; x_wconf 84' lang='lat' dir='ltr'><strong>antc-</strong></span> 
     </span>
    </p>
   </div>
   <div class='ocr_carea' id='block_1_79' title="bbox 2012 3532 3585 3606">
    <p class='ocr_par' dir='ltr' id='par_1_79' title="bbox 2012 3532 3585 3606">
     <span class='ocr_line' id='line_1_79' title="bbox 2012 3532 3585 3606; baseline 0 -17"><span class='ocrx_word' id='word_1_587' title='bbox 2012 3535 2327 3606; x_wconf 87' lang='lat' dir='ltr'><strong>ponendum</strong></span> <span class='ocrx_word' id='word_1_588' title='bbox 2358 3550 2481 3591; x_wconf 89' lang='lat' dir='ltr'><strong>esse</strong></span> <span class='ocrx_word' id='word_1_589' title='bbox 2512 3534 2651 3605; x_wconf 88' lang='lat' dir='ltr'><strong>apud</strong></span> <span class='ocrx_word' id='word_1_590' title='bbox 2684 3547 2771 3588; x_wconf 91' lang='lat' dir='ltr'><strong>me</strong></span> <span class='ocrx_word' id='word_1_591' title='bbox 2804 3542 3085 3602; x_wconf 88' lang='lat' dir='ltr'><strong>reputans,</strong></span> <span class='ocrx_word' id='word_1_592' title='bbox 3115 3532 3400 3587; x_wconf 86' lang='lat' dir='ltr'><strong>veritatem</strong></span> <span class='ocrx_word' id='word_1_593' title='bbox 3427 3532 3585 3589; x_wconf 88' lang='lat' dir='ltr'><strong>vobis</strong></span> 
     </span>
    </p>
   </div>
   <div class='ocr_carea' id='block_1_80' title="bbox 2013 3620 3581 3695">
    <p class='ocr_par' dir='ltr' id='par_1_80' title="bbox 2013 3620 3581 3695">
     <span class='ocr_line' id='line_1_80' title="bbox 2013 3620 3581 3695; baseline -0.003 -16"><span class='ocrx_word' id='word_1_594' title='bbox 2013 3628 2212 3681; x_wconf 88' lang='lat' dir='ltr'><strong>dicam.</strong></span> <span class='ocrx_word' id='word_1_595' title='bbox 2260 3644 2278 3677; x_wconf 83' lang='grc'><strong>‹</strong></span> <span class='ocrx_word' id='word_1_596' title='bbox 2306 3623 2535 3695; x_wconf 86' lang='lat' dir='ltr'><strong>Expedit</strong></span> <span class='ocrx_word' id='word_1_597' title='bbox 2585 3623 2737 3679; x_wconf 85' lang='lat' dir='ltr'><strong>vobis</strong></span> <span class='ocrx_word' id='word_1_598' title='bbox 2763 3630 2820 3677; x_wconf 91' lang='lat' dir='ltr'><strong>ut</strong></span> <span class='ocrx_word' id='word_1_599' title='bbox 2851 3636 2952 3693; x_wconf 88' lang='lat' dir='ltr'><strong>ego</strong></span> <span class='ocrx_word' id='word_1_600' title='bbox 2993 3621 3208 3676; x_wconf 87' lang='lat' dir='ltr'><strong>vadam.</strong></span> <span class='ocrx_word' id='word_1_601' title='bbox 3261 3640 3281 3672; x_wconf 74' lang='grc' dir='ltr'><strong>ι</strong></span> <span class='ocrx_word' id='word_1_602' title='bbox 3320 3620 3581 3692; x_wconf 87' lang='lat' dir='ltr'><strong>Equidem</strong></span> 
     </span>
    </p>
   </div>
   <div class='ocr_carea' id='block_1_81' title="bbox 2015 3711 3583 3785">
    <p class='ocr_par' dir='ltr' id='par_1_81' title="bbox 2015 3711 3583 3785">
     <span class='ocr_line' id='line_1_81' title="bbox 2015 3711 3583 3785; baseline -0.004 -12"><span class='ocrx_word' id='word_1_603' title='bbox 2015 3717 2293 3774; x_wconf 88' lang='lat' dir='ltr'><strong>Servatori</strong></span> <span class='ocrx_word' id='word_1_604' title='bbox 2360 3716 2583 3773; x_wconf 89' lang='lat' dir='ltr'><strong>Christo</strong></span> <span class='ocrx_word' id='word_1_605' title='bbox 2641 3717 2802 3785; x_wconf 81' lang='lat' dir='ltr'><strong>longe</strong></span> <span class='ocrx_word' id='word_1_606' title='bbox 2850 3728 2951 3768; x_wconf 91' lang='lat' dir='ltr'><strong>nos</strong></span> <span class='ocrx_word' id='word_1_607' title='bbox 3012 3711 3297 3767; x_wconf 80' lang='lat' dir='ltr'><strong>excedenti</strong></span> <span class='ocrx_word' id='word_1_608' title='bbox 3363 3726 3583 3767; x_wconf 92' lang='lat' dir='ltr'><strong>omnem</strong></span> 
     </span>
    </p>
   </div>
   <div class='ocr_carea' id='block_1_82' title="bbox 2013 3803 3584 3880">
    <p class='ocr_par' dir='ltr' id='par_1_82' title="bbox 2013 3803 3584 3880">
     <span class='ocr_line' id='line_1_82' title="bbox 2013 3803 3584 3880; baseline -0.005 -16"><span class='ocrx_word' id='word_1_609' title='bbox 2013 3808 2430 3880; x_wconf 85' lang='lat' dir='ltr'><strong>intelligentiam</strong></span> <span class='ocrx_word' id='word_1_610' title='bbox 2468 3815 2714 3861; x_wconf 90' lang='lat' dir='ltr'><strong>nostram</strong></span> <span class='ocrx_word' id='word_1_611' title='bbox 2757 3803 3168 3867; x_wconf 87' lang='lat' dir='ltr'><strong>submittemus,</strong></span> <span class='ocrx_word' id='word_1_612' title='bbox 3203 3809 3584 3857; x_wconf 89' lang='lat' dir='ltr'><strong>verumtamen</strong></span> 
     </span>
    </p>
   </div>
   <div class='ocr_carea' id='block_1_83' title="bbox 2013 3891 3580 3964">
    <p class='ocr_par' dir='ltr' id='par_1_83' title="bbox 2013 3891 3580 3964">
     <span class='ocr_line' id='line_1_83' title="bbox 2013 3891 3580 3964; baseline -0.006 -10"><span class='ocrx_word' id='word_1_613' title='bbox 2013 3915 2120 3954; x_wconf 85' lang='lat' dir='ltr'><strong>non</strong></span> <span class='ocrx_word' id='word_1_614' title='bbox 2152 3898 2504 3954; x_wconf 88' lang='lat' dir='ltr'><strong>mediocriter</strong></span> <span class='ocrx_word' id='word_1_615' title='bbox 2538 3897 2641 3952; x_wconf 91' lang='lat' dir='ltr'><strong>hoc</strong></span> <span class='ocrx_word' id='word_1_616' title='bbox 2666 3895 2815 3950; x_wconf 87' lang='lat' dir='ltr'><strong>dicto</strong></span> <span class='ocrx_word' id='word_1_617' title='bbox 2842 3908 3005 3964; x_wconf 86' lang='lat' dir='ltr'><strong>posse</strong></span> <span class='ocrx_word' id='word_1_618' title='bbox 3043 3892 3256 3947; x_wconf 89' lang='lat' dir='ltr'><strong>turbari</strong></span> <span class='ocrx_word' id='word_1_619' title='bbox 3284 3891 3580 3963; x_wconf 86' lang='lat' dir='ltr'><strong>quemdam</strong></span> 
     </span>
    </p>
   </div>
   <div class='ocr_carea' id='block_1_84' title="bbox 2014 3981 3586 4064">
    <p class='ocr_par' dir='ltr' id='par_1_84' title="bbox 2014 3981 3586 4064">
     <span class='ocr_line' id='line_1_84' title="bbox 2014 3981 3586 4064; baseline -0.006 -18"><span class='ocrx_word' id='word_1_620' title='bbox 2014 3992 2177 4064; x_wconf 84' lang='lat' dir='ltr'><strong>paulo</strong></span> <span class='ocrx_word' id='word_1_621' title='bbox 2227 3990 2617 4060; x_wconf 86' lang='lat' dir='ltr'><strong>simpliciorem</strong></span> <span class='ocrx_word' id='word_1_622' title='bbox 2679 3994 2927 4042; x_wconf 90' lang='lat' dir='ltr'><strong>autumo.</strong></span> <span class='ocrx_word' id='word_1_623' title='bbox 2975 3982 3109 4039; x_wconf 91' lang='lat' dir='ltr'><strong>Illud</strong></span> <span class='ocrx_word' id='word_1_624' title='bbox 3160 3983 3305 4038; x_wconf 91' lang='lat' dir='ltr'><strong>enim</strong></span> <span class='ocrx_word' id='word_1_625' title='bbox 3341 3981 3486 4052; x_wconf 90' lang='lat' dir='ltr'><strong>apud</strong></span> <span class='ocrx_word' id='word_1_626' title='bbox 3526 3997 3586 4037; x_wconf 89' lang='lat' dir='ltr'><strong>sc</strong></span> 
     </span>
    </p>
   </div>
   <div class='ocr_carea' id='block_1_85' title="bbox 2016 4071 3583 4154">
    <p class='ocr_par' dir='ltr' id='par_1_85' title="bbox 2016 4071 3583 4154">
     <span class='ocr_line' id='line_1_85' title="bbox 2016 4071 3583 4154; baseline -0.008 -17"><span class='ocrx_word' id='word_1_627' title='bbox 2016 4082 2330 4154; x_wconf 86' lang='lat' dir='ltr'><strong>reputabit,</strong></span> <span class='ocrx_word' id='word_1_628' title='bbox 2372 4094 2571 4149; x_wconf 90' lang='lat' dir='ltr'><strong>nempe</strong></span> <span class='ocrx_word' id='word_1_629' title='bbox 2626 4077 2674 4134; x_wconf 90' lang='lat' dir='ltr'><strong>si</strong></span> <span class='ocrx_word' id='word_1_630' title='bbox 2723 4076 2920 4131; x_wconf 89' lang='lat' dir='ltr'><strong>melius</strong></span> <span class='ocrx_word' id='word_1_631' title='bbox 2974 4073 3046 4131; x_wconf 85' lang='lat' dir='ltr'><strong>sit</strong></span> <span class='ocrx_word' id='word_1_632' title='bbox 3097 4072 3249 4128; x_wconf 88' lang='lat' dir='ltr'><strong>abire</strong></span> <span class='ocrx_word' id='word_1_633' title='bbox 3276 4071 3583 4137; x_wconf 89' lang='lat' dir='ltr'><strong>Christum,</strong></span> 
     </span>
    </p>
   </div>
   <div class='ocr_carea' id='block_1_86' title="bbox 2014 4162 3583 4243">
    <p class='ocr_par' dir='ltr' id='par_1_86' title="bbox 2014 4162 3583 4243">
     <span class='ocr_line' id='line_1_86' title="bbox 2014 4162 3583 4243; baseline -0.01 -13"><span class='ocrx_word' id='word_1_634' title='bbox 2014 4175 2189 4230; x_wconf 86' lang='lat' dir='ltr'><strong>videri</strong></span> <span class='ocrx_word' id='word_1_635' title='bbox 2230 4171 2519 4243; x_wconf 65' lang='lat' dir='ltr'><strong>praesentia</strong></span> <span class='ocrx_word' id='word_1_636' title='bbox 2564 4183 2662 4226; x_wconf 86' lang='lat' dir='ltr'><strong>sua</strong></span> <span class='ocrx_word' id='word_1_637' title='bbox 2722 4166 2975 4222; x_wconf 90' lang='lat' dir='ltr'><strong>nonnihil</strong></span> <span class='ocrx_word' id='word_1_638' title='bbox 3025 4163 3289 4220; x_wconf 79' lang='lat' dir='ltr'><strong>obfuisse.</strong></span> <span class='ocrx_word' id='word_1_639' title='bbox 3326 4162 3484 4229; x_wconf 85' lang='lat' dir='ltr'><strong>Quod</strong></span> <span class='ocrx_word' id='word_1_640' title='bbox 3537 4164 3583 4217; x_wconf 89' lang='lat' dir='ltr'><strong>si</strong></span> 
     </span>
    </p>
   </div>
   <div class='ocr_carea' id='block_1_87' title="bbox 334 4252 1910 4336">
    <p class='ocr_par' dir='ltr' id='par_1_87' title="bbox 334 4262 1910 4336">
     <span class='ocr_line' id='line_1_87' title="bbox 334 4262 1910 4336; baseline -0.001 -17"><span class='ocrx_word' id='word_1_641' title='bbox 334 4267 398 4319; x_wconf 80' lang='grc' dir='ltr'>τὸ</span> <span class='ocrx_word' id='word_1_642' title='bbox 423 4265 533 4336; x_wconf 76' lang='grc' dir='ltr'>ἄρα</span> <span class='ocrx_word' id='word_1_643' title='bbox 578 4266 834 4334; x_wconf 80' lang='grc' dir='ltr'>παρεῖναι</span> <span class='ocrx_word' id='word_1_644' title='bbox 883 4264 982 4334; x_wconf 83' lang='grc' dir='ltr'>τῆς</span> <span class='ocrx_word' id='word_1_645' title='bbox 1028 4264 1169 4317; x_wconf 85' lang='grc' dir='ltr'>κατά</span> <span class='ocrx_word' id='word_1_646' title='bbox 1198 4279 1251 4315; x_wconf 86' lang='grc' dir='ltr'><strong>τι</strong></span> <span class='ocrx_word' id='word_1_647' title='bbox 1286 4262 1416 4331; x_wconf 90' lang='grc' dir='ltr'>γοῦν</span> <span class='ocrx_word' id='word_1_648' title='bbox 1458 4262 1662 4334; x_wconf 79' lang='grc' dir='ltr'>ζημίας</span> <span class='ocrx_word' id='word_1_649' title='bbox 1698 4265 1760 4318; x_wconf 84' lang='grc' dir='ltr'>οὐ</span> <span class='ocrx_word' id='word_1_650' title='bbox 1792 4264 1910 4318; x_wconf 88' lang='grc' dir='ltr'>λίαν</span> 
     </span>
    </p>
   </div>
   <div class='ocr_carea' id='block_1_88' title="bbox 2012 4252 3586 4336">
    <p class='ocr_par' dir='ltr' id='par_1_88' title="bbox 2020 4252 3586 4327">
     <span class='ocr_line' id='line_1_88' title="bbox 2020 4252 3586 4327; baseline -0.008 -7"><span class='ocrx_word' id='word_1_651' title='bbox 2020 4266 2167 4321; x_wconf 91' lang='lat' dir='ltr'><strong>utilis</strong></span> <span class='ocrx_word' id='word_1_652' title='bbox 2212 4271 2301 4320; x_wconf 88' lang='lat' dir='ltr'><strong>est</strong></span> <span class='ocrx_word' id='word_1_653' title='bbox 2331 4261 2491 4318; x_wconf 87' lang='lat' dir='ltr'><strong>nobis</strong></span> <span class='ocrx_word' id='word_1_654' title='bbox 2525 4260 2806 4316; x_wconf 89' lang='lat' dir='ltr'><strong>discessus</strong></span> <span class='ocrx_word' id='word_1_655' title='bbox 2831 4256 2953 4327; x_wconf 85' lang='lat' dir='ltr'><strong>ejus</strong></span> <span class='ocrx_word' id='word_1_656' title='bbox 2976 4297 2991 4323; x_wconf 95' lang='lat'><strong>,</strong></span> <span class='ocrx_word' id='word_1_657' title='bbox 3022 4254 3276 4325; x_wconf 88' lang='lat' dir='ltr'><strong>inquiet,</strong></span> <span class='ocrx_word' id='word_1_658' title='bbox 3307 4252 3586 4322; x_wconf 90' lang='lat' dir='ltr'><strong>quomodo</strong></span> 
     </span>
    </p>
   </div>
   <div class='ocr_carea' id='block_1_89' title="bbox 336 4350 1912 4430">
    <p class='ocr_par' dir='ltr' id='par_1_89' title="bbox 336 4350 1912 4430">
     <span class='ocr_line' id='line_1_89' title="bbox 336 4350 1912 4430; baseline -0.004 -17"><span class='ocrx_word' id='word_1_659' title='bbox 336 4350 673 4430; x_wconf 71' lang='grc' dir='ltr'>ἀπήλλακτο.</span> <span class='ocrx_word' id='word_1_660' title='bbox 706 4357 820 4411; x_wconf 67' lang='grc' dir='ltr'><strong>Καὶ</strong></span> <span class='ocrx_word' id='word_1_661' title='bbox 847 4357 897 4409; x_wconf 85' lang='grc' dir='ltr'><strong>εί</strong></span> <span class='ocrx_word' id='word_1_662' title='bbox 923 4355 986 4408; x_wconf 85' lang='grc' dir='ltr'>τὸ</span> <span class='ocrx_word' id='word_1_663' title='bbox 1008 4353 1288 4424; x_wconf 83' lang='grc' dir='ltr'>συμφέρον</span> <span class='ocrx_word' id='word_1_664' title='bbox 1317 4354 1449 4423; x_wconf 84' lang='grc' dir='ltr'>ἡμῖν</span> <span class='ocrx_word' id='word_1_665' title='bbox 1477 4353 1536 4405; x_wconf 88' lang='grc' dir='ltr'>ὲν</span> <span class='ocrx_word' id='word_1_666' title='bbox 1568 4352 1647 4423; x_wconf 81' lang='grc' dir='ltr'>τῷ</span> <span class='ocrx_word' id='word_1_667' title='bbox 1670 4353 1912 4407; x_wconf 81' lang='grc' dir='ltr'>ἀνελθεῖν</span> 
     </span>
    </p>
   </div>
   <div class='ocr_carea' id='block_1_90' title="bbox 336 4441 1914 4518">
    <p class='ocr_par' dir='ltr' id='par_1_90' title="bbox 336 4441 1914 4518">
     <span class='ocr_line' id='line_1_90' title="bbox 336 4441 1914 4518; baseline -0.004 -14"><span class='ocrx_word' id='word_1_668' title='bbox 336 4450 533 4514; x_wconf 81' lang='grc' dir='ltr'>αὐτὸν,</span> <span class='ocrx_word' id='word_1_669' title='bbox 572 4449 693 4513; x_wconf 88' lang='grc' dir='ltr'><strong>πῶς</strong></span> <span class='ocrx_word' id='word_1_670' title='bbox 740 4448 863 4518; x_wconf 72' lang='grc' dir='ltr'><strong>οὐχὶ</strong></span> <span class='ocrx_word' id='word_1_671' title='bbox 906 4446 968 4500; x_wconf 72' lang='grc' dir='ltr'><strong>τὸ</strong></span> <span class='ocrx_word' id='word_1_672' title='bbox 1009 4446 1254 4499; x_wconf 74' lang='grc' dir='ltr'>ἐναντίον</span> <span class='ocrx_word' id='word_1_673' title='bbox 1299 4446 1363 4497; x_wconf 84' lang='grc' dir='ltr'>ὲκ</span> <span class='ocrx_word' id='word_1_674' title='bbox 1405 4441 1502 4496; x_wconf 89' lang='grc' dir='ltr'><strong>τοῦ</strong></span> <span class='ocrx_word' id='word_1_675' title='bbox 1552 4443 1628 4513; x_wconf 88' lang='grc' dir='ltr'>μὴ</span> <span class='ocrx_word' id='word_1_676' title='bbox 1658 4443 1914 4498; x_wconf 85' lang='grc' dir='ltr'>ἀπελθεῖν</span> 
     </span>
    </p>
   </div>
   <div class='ocr_carea' id='block_1_91' title="bbox 278 4530 1916 4612">
    <p class='ocr_par' dir='ltr' id='par_1_91' title="bbox 278 4530 1916 4612">
     <span class='ocr_line' id='line_1_91' title="bbox 278 4530 1916 4612; baseline -0.007 -16"><span class='ocrx_word' id='word_1_677' title='bbox 278 4548 281 4553; x_wconf 89' lang='grc'><em>’</em></span> <span class='ocrx_word' id='word_1_678' title='bbox 338 4541 724 4612; x_wconf 84' lang='grc' dir='ltr'>συμϐήσεται,</span> <span class='ocrx_word' id='word_1_679' title='bbox 765 4538 874 4591; x_wconf 76' lang='grc' dir='ltr'><strong>Καὶ</strong></span> <span class='ocrx_word' id='word_1_680' title='bbox 918 4534 1211 4608; x_wconf 83' lang='grc' dir='ltr'>θορυϐήσει</span> <span class='ocrx_word' id='word_1_681' title='bbox 1273 4533 1372 4603; x_wconf 84' lang='grc' dir='ltr'>μὲν</span> <span class='ocrx_word' id='word_1_682' title='bbox 1425 4532 1559 4596; x_wconf 87' lang='grc' dir='ltr'>ῐσως</span> <span class='ocrx_word' id='word_1_683' title='bbox 1613 4530 1766 4595; x_wconf 82' lang='grc' dir='ltr'>τινὰς</span> <span class='ocrx_word' id='word_1_684' title='bbox 1804 4531 1916 4585; x_wconf 92' lang='grc' dir='ltr'><strong>τῶν</strong></span> 
     </span>
    </p>
   </div>
   <div class='ocr_carea' id='block_1_92' title="bbox 335 4623 1917 4704">
    <p class='ocr_par' dir='ltr' id='par_1_92' title="bbox 335 4623 1917 4704">
     <span class='ocr_line' id='line_1_92' title="bbox 335 4623 1917 4704; baseline -0.007 -17"><span class='ocrx_word' id='word_1_685' title='bbox 335 4632 614 4704; x_wconf 83' lang='grc' dir='ltr'>ἀκεραίων</span> <span class='ocrx_word' id='word_1_686' title='bbox 658 4631 721 4684; x_wconf 85' lang='grc' dir='ltr'><strong>τδ</strong></span> <span class='ocrx_word' id='word_1_687' title='bbox 764 4630 985 4700; x_wconf 75' lang='grc' dir='ltr'>ζήτημα</span> <span class='ocrx_word' id='word_1_688' title='bbox 1005 4642 1017 4656; x_wconf 88' lang='grc'><strong>·</strong></span> <span class='ocrx_word' id='word_1_689' title='bbox 1052 4626 1190 4696; x_wconf 83' lang='grc' dir='ltr'>πλὴν</span> <span class='ocrx_word' id='word_1_690' title='bbox 1218 4626 1278 4677; x_wconf 85' lang='grc' dir='ltr'>οὺ</span> <span class='ocrx_word' id='word_1_691' title='bbox 1311 4624 1523 4678; x_wconf 85' lang='grc' dir='ltr'>συνέσει</span> <span class='ocrx_word' id='word_1_692' title='bbox 1554 4627 1620 4695; x_wconf 76' lang='grc' dir='ltr'><strong>τῇ</strong></span> <span class='ocrx_word' id='word_1_693' title='bbox 1652 4623 1774 4694; x_wconf 81' lang='grc' dir='ltr'>θείᾳ</span> <span class='ocrx_word' id='word_1_694' title='bbox 1802 4623 1917 4677; x_wconf 90' lang='grc' dir='ltr'>δια-</span> 
     </span>
    </p>
   </div>
   <div class='ocr_carea' id='block_1_93' title="bbox 334 4714 1918 4795">
    <p class='ocr_par' dir='ltr' id='par_1_93' title="bbox 334 4714 1918 4795">
     <span class='ocr_line' id='line_1_93' title="bbox 334 4714 1918 4795; baseline -0.006 -19"><span class='ocrx_word' id='word_1_695' title='bbox 334 4722 754 4795; x_wconf 83' lang='grc' dir='ltr'>κυϐερνώμενος</span> <span class='ocrx_word' id='word_1_696' title='bbox 786 4718 923 4791; x_wconf 78' lang='grc' dir='ltr'>πρὸς</span> <span class='ocrx_word' id='word_1_697' title='bbox 960 4716 1168 4786; x_wconf 82' lang='grc' dir='ltr'>ἀκριϐῆ</span> <span class='ocrx_word' id='word_1_698' title='bbox 1195 4714 1305 4768; x_wconf 86' lang='grc' dir='ltr'><strong>τῶν</strong></span> <span class='ocrx_word' id='word_1_699' title='bbox 1334 4714 1640 4785; x_wconf 82' lang='grc' dir='ltr'>εἰρημένων</span> <span class='ocrx_word' id='word_1_700' title='bbox 1680 4714 1918 4786; x_wconf 85' lang='grc' dir='ltr'>κατάλη-</span> 
     </span>
    </p>
   </div>
   <div class='ocr_carea' id='block_1_94' title="bbox 330 4804 1918 4882">
    <p class='ocr_par' dir='ltr' id='par_1_94' title="bbox 330 4804 1918 4882">
     <span class='ocr_line' id='line_1_94' title="bbox 330 4804 1918 4882; baseline -0.004 -16"><span class='ocrx_word' id='word_1_701' title='bbox 330 4813 457 4882; x_wconf 74' lang='grc' dir='ltr'>ψιν,</span> <span class='ocrx_word' id='word_1_702' title='bbox 499 4814 602 4865; x_wconf 80' lang='grc' dir='ltr'>οὑκ</span> <span class='ocrx_word' id='word_1_703' title='bbox 645 4812 712 4865; x_wconf 84' lang='grc' dir='ltr'>ἂν</span> <span class='ocrx_word' id='word_1_704' title='bbox 761 4809 919 4872; x_wconf 84' lang='grc' dir='ltr'>ὅλως.</span> <span class='ocrx_word' id='word_1_705' title='bbox 952 4804 1130 4877; x_wconf 76' lang='grc' dir='ltr'>οἶμαι,</span> <span class='ocrx_word' id='word_1_706' title='bbox 1173 4805 1591 4876; x_wconf 86' lang='grc' dir='ltr'>σκανδαλισθείη</span> <span class='ocrx_word' id='word_1_707' title='bbox 1620 4806 1775 4873; x_wconf 86' lang='grc' dir='ltr'>ποτὲ,</span> <span class='ocrx_word' id='word_1_708' title='bbox 1805 4807 1918 4860; x_wconf 84' lang='grc' dir='ltr'>δια-</span> 
     </span>
    </p>
   </div>
   <div class='ocr_carea' id='block_1_95' title="bbox 334 4900 1919 4977">
    <p class='ocr_par' dir='ltr' id='par_1_95' title="bbox 334 4900 1919 4977">
     <span class='ocr_line' id='line_1_95' title="bbox 334 4900 1919 4977; baseline -0.002 -18"><span class='ocrx_word' id='word_1_709' title='bbox 334 4905 610 4977; x_wconf 77' lang='grc' dir='ltr'>σκέψηται</span> <span class='ocrx_word' id='word_1_710' title='bbox 656 4904 714 4958; x_wconf 80' lang='grc' dir='ltr'>δὲ</span> <span class='ocrx_word' id='word_1_711' title='bbox 757 4903 959 4975; x_wconf 79' lang='grc' dir='ltr'>μᾶλλον</span> <span class='ocrx_word' id='word_1_712' title='bbox 990 4901 1083 4955; x_wconf 79' lang='grc' dir='ltr'><strong>τὸν</strong></span> <span class='ocrx_word' id='word_1_713' title='bbox 1116 4904 1232 4964; x_wconf 88' lang='grc' dir='ltr'>τοῖς</span> <span class='ocrx_word' id='word_1_714' title='bbox 1280 4900 1599 4971; x_wconf 86' lang='grc' dir='ltr'>εἰρημένοις</span> <span class='ocrx_word' id='word_1_715' title='bbox 1634 4903 1919 4973; x_wconf 86' lang='grc' dir='ltr'>πρέποντα</span> 
     </span>
    </p>
   </div>
   <div class='ocr_carea' id='block_1_96' title="bbox 332 4991 1918 5069">
    <p class='ocr_par' dir='ltr' id='par_1_96' title="bbox 332 4991 1918 5069">
     <span class='ocr_line' id='line_1_96' title="bbox 332 4991 1918 5069; baseline -0.002 -18"><span class='ocrx_word' id='word_1_716' title='bbox 332 4997 483 5053; x_wconf 85' lang='grc' dir='ltr'>νοῦν.</span> <span class='ocrx_word' id='word_1_717' title='bbox 530 4996 746 5069; x_wconf 80' lang='grc' dir='ltr'>Χρῆναι</span> <span class='ocrx_word' id='word_1_718' title='bbox 777 4993 1068 5067; x_wconf 84' lang='grc' dir='ltr'>τοιγαροῦν</span> <span class='ocrx_word' id='word_1_719' title='bbox 1120 4991 1226 5064; x_wconf 80' lang='grc' dir='ltr'><strong>πρὸ</strong></span> <span class='ocrx_word' id='word_1_720' title='bbox 1269 4992 1382 5046; x_wconf 86' lang='grc' dir='ltr'><strong>τῶν</strong></span> <span class='ocrx_word' id='word_1_721' title='bbox 1435 4993 1614 5047; x_wconf 82' lang='grc' dir='ltr'>ἀλλων</span> <span class='ocrx_word' id='word_1_722' title='bbox 1658 4994 1918 5048; x_wconf 81' lang='grc' dir='ltr'>ἁπάντων</span> 
     </span>
    </p>
   </div>
   <div class='ocr_carea' id='block_1_97' title="bbox 330 5084 1893 5161">
    <p class='ocr_par' dir='ltr' id='par_1_97' title="bbox 330 5084 1893 5161">
     <span class='ocr_line' id='line_1_97' title="bbox 330 5084 1893 5161; baseline -0.003 -17"><span class='ocrx_word' id='word_1_723' title='bbox 330 5091 516 5146; x_wconf 80' lang='grc' dir='ltr'>ἐκεῖνό</span> <span class='ocrx_word' id='word_1_724' title='bbox 566 5107 709 5161; x_wconf 78' lang='grc' dir='ltr'>φημι</span> <span class='ocrx_word' id='word_1_725' title='bbox 751 5084 1154 5157; x_wconf 78' lang='grc' dir='ltr'>διαλογίζεσθαί</span> <span class='ocrx_word' id='word_1_726' title='bbox 1196 5101 1257 5137; x_wconf 87' lang='grc' dir='ltr'><strong>τε</strong></span> <span class='ocrx_word' id='word_1_727' title='bbox 1304 5086 1399 5138; x_wconf 81' lang='grc' dir='ltr'>καὶ</span> <span class='ocrx_word' id='word_1_728' title='bbox 1445 5085 1650 5140; x_wconf 89' lang='grc' dir='ltr'>εἰδέναι</span> <span class='ocrx_word' id='word_1_729' title='bbox 1703 5086 1893 5157; x_wconf 85' lang='grc' dir='ltr'>σαφῶς</span> 
     </span>
    </p>
   </div>
   <div class='ocr_carea' id='block_1_98' title="bbox 330 5174 1913 5251">
    <p class='ocr_par' dir='ltr' id='par_1_98' title="bbox 330 5174 1913 5251">
     <span class='ocr_line' id='line_1_98' title="bbox 330 5174 1913 5251; baseline -0.005 -13"><span class='ocrx_word' id='word_1_730' title='bbox 330 5186 421 5239; x_wconf 75' lang='grc' dir='ltr'>ὅτι</span> <span class='ocrx_word' id='word_1_731' title='bbox 448 5182 589 5237; x_wconf 89' lang='grc' dir='ltr'><strong>κατά</strong></span> <span class='ocrx_word' id='word_1_732' title='bbox 613 5182 675 5236; x_wconf 78' lang='grc' dir='ltr'>τὸ</span> <span class='ocrx_word' id='word_1_733' title='bbox 717 5178 1124 5251; x_wconf 84' lang='grc' dir='ltr'>γεγραμμένον,</span> <span class='ocrx_word' id='word_1_734' title='bbox 1152 5179 1344 5248; x_wconf 80' lang='grc' dir='ltr'>καιρὸς</span> <span class='ocrx_word' id='word_1_735' title='bbox 1391 5174 1471 5248; x_wconf 83' lang='grc' dir='ltr'><strong>τῷ</strong></span> <span class='ocrx_word' id='word_1_736' title='bbox 1512 5178 1678 5231; x_wconf 78' lang='grc' dir='ltr'>παντὶ</span> <span class='ocrx_word' id='word_1_737' title='bbox 1733 5178 1913 5248; x_wconf 63' lang='grc' dir='ltr'>πράγς</span> 
     </span>
    </p>
   </div>
   <div class='ocr_carea' id='block_1_99' title="bbox 334 5264 1920 5347">
    <p class='ocr_par' dir='ltr' id='par_1_99' title="bbox 334 5264 1920 5347">
     <span class='ocr_line' id='line_1_99' title="bbox 334 5264 1920 5347; baseline -0.004 -17"><span class='ocrx_word' id='word_1_738' title='bbox 334 5293 492 5347; x_wconf 87' lang='grc' dir='ltr'>ματι,</span> <span class='ocrx_word' id='word_1_739' title='bbox 524 5275 621 5329; x_wconf 73' lang='grc' dir='ltr'>καὶ</span> <span class='ocrx_word' id='word_1_740' title='bbox 668 5273 848 5327; x_wconf 79' lang='grc' dir='ltr'>πάντα</span> <span class='ocrx_word' id='word_1_741' title='bbox 882 5270 1023 5325; x_wconf 78' lang='grc' dir='ltr'>καλᾶ</span> <span class='ocrx_word' id='word_1_742' title='bbox 1058 5272 1115 5322; x_wconf 82' lang='grc' dir='ltr'>ὲν</span> <span class='ocrx_word' id='word_1_743' title='bbox 1165 5268 1345 5339; x_wconf 83' lang='grc' dir='ltr'>καιρῷ</span> <span class='ocrx_word' id='word_1_744' title='bbox 1370 5268 1568 5324; x_wconf 82' lang='grc' dir='ltr'>αὐτῶν.</span> <span class='ocrx_word' id='word_1_745' title='bbox 1604 5268 1795 5341; x_wconf 82' lang='grc' dir='ltr'>Παρῆν</span> <span class='ocrx_word' id='word_1_746' title='bbox 1826 5264 1920 5324; x_wconf 79' lang='grc' dir='ltr'><strong>οῦν</strong></span> 
     </span>
    </p>
   </div>
   <div class='ocr_carea' id='block_1_100' title="bbox 329 5359 1919 5441">
    <p class='ocr_par' dir='ltr' id='par_1_100' title="bbox 329 5359 1919 5441">
     <span class='ocr_line' id='line_1_100' title="bbox 329 5359 1919 5441; baseline -0.007 -17"><span class='ocrx_word' id='word_1_747' title='bbox 329 5371 445 5441; x_wconf 77' lang='grc' dir='ltr'>ἄρα</span> <span class='ocrx_word' id='word_1_748' title='bbox 490 5366 633 5422; x_wconf 86' lang='grc' dir='ltr'>κατὰ</span> <span class='ocrx_word' id='word_1_749' title='bbox 672 5366 904 5436; x_wconf 77' lang='grc' dir='ltr'>καιροὺς</span> <span class='ocrx_word' id='word_1_750' title='bbox 950 5360 1236 5433; x_wconf 87' lang='grc' dir='ltr'>χρησίμως</span> <span class='ocrx_word' id='word_1_751' title='bbox 1272 5362 1301 5413; x_wconf 84' lang='grc' dir='ltr'>ὁ</span> <span class='ocrx_word' id='word_1_752' title='bbox 1334 5359 1538 5430; x_wconf 83' lang='grc' dir='ltr'>Κύριος</span> <span class='ocrx_word' id='word_1_753' title='bbox 1571 5360 1629 5413; x_wconf 82' lang='grc' dir='ltr'>ὲν</span> <span class='ocrx_word' id='word_1_754' title='bbox 1658 5360 1794 5431; x_wconf 84' lang='grc' dir='ltr'>τῷδε</span> <span class='ocrx_word' id='word_1_755' title='bbox 1840 5360 1919 5432; x_wconf 82' lang='grc' dir='ltr'><strong>τῷ</strong></span> 
     </span>
    </p>
   </div>
   <div class='ocr_carea' id='block_1_101' title="bbox 328 5444 1918 5528">
    <p class='ocr_par' dir='ltr' id='par_1_101' title="bbox 328 5444 1918 5528">
     <span class='ocr_line' id='line_1_101' title="bbox 328 5444 1918 5528; baseline -0.004 -17"><span class='ocrx_word' id='word_1_756' title='bbox 328 5458 528 5528; x_wconf 78' lang='grc' dir='ltr'>κόσμῳ</span> <span class='ocrx_word' id='word_1_757' title='bbox 554 5455 693 5527; x_wconf 86' lang='grc' dir='ltr'><strong>μετά</strong></span> <span class='ocrx_word' id='word_1_758' title='bbox 722 5453 925 5524; x_wconf 84' lang='grc' dir='ltr'>σαρκός</span> <span class='ocrx_word' id='word_1_759' title='bbox 950 5468 965 5483; x_wconf 74' lang='grc' dir='ltr'><strong><em>ο</em></strong></span> <span class='ocrx_word' id='word_1_760' title='bbox 993 5453 1051 5503; x_wconf 83' lang='grc' dir='ltr'>ὲν</span> <span class='ocrx_word' id='word_1_761' title='bbox 1080 5447 1256 5519; x_wconf 85' lang='grc' dir='ltr'>καιρῷ</span> <span class='ocrx_word' id='word_1_762' title='bbox 1282 5447 1328 5501; x_wconf 75' lang='grc' dir='ltr'>δ’</span> <span class='ocrx_word' id='word_1_763' title='bbox 1354 5444 1420 5501; x_wconf 78' lang='grc' dir='ltr'>αὖ</span> <span class='ocrx_word' id='word_1_764' title='bbox 1450 5449 1613 5504; x_wconf 83' lang='grc' dir='ltr'>πάλιν</span> <span class='ocrx_word' id='word_1_765' title='bbox 1637 5449 1716 5521; x_wconf 83' lang='grc' dir='ltr'>τῷ</span> <span class='ocrx_word' id='word_1_766' title='bbox 1746 5451 1918 5521; x_wconf 71' lang='grc' dir='ltr'>καθή-</span> 
     </span>
    </p>
   </div>
   <div class='ocr_carea' id='block_1_102' title="bbox 412 5624 1555 5697">
    <p class='ocr_par' dir='ltr' id='par_1_102' title="bbox 412 5624 1555 5697">
     <span class='ocr_line' id='line_1_102' title="bbox 412 5624 1555 5697; baseline -0.01 -9"><span class='ocrx_word' id='word_1_767' title='bbox 412 5639 456 5672; x_wconf 78' lang='grc' dir='ltr'><strong>³τ</strong></span> <span class='ocrx_word' id='word_1_768' title='bbox 482 5632 671 5689; x_wconf 75' lang='lat' dir='ltr'><strong>Matth.</strong></span> <span class='ocrx_word' id='word_1_769' title='bbox 702 5646 894 5697; x_wconf 81' lang='lat' dir='ltr'><strong>xxvm,</strong></span> <span class='ocrx_word' id='word_1_770' title='bbox 923 5629 1014 5684; x_wconf 70' lang='lat'><strong>20.</strong></span> <span class='ocrx_word' id='word_1_771' title='bbox 1093 5626 1139 5659; x_wconf 80' lang='grc'><strong>³⁸</strong></span> <span class='ocrx_word' id='word_1_772' title='bbox 1170 5624 1348 5680; x_wconf 85' lang='lat' dir='ltr'><strong>Ecclc.</strong></span> <span class='ocrx_word' id='word_1_773' title='bbox 1390 5639 1476 5690; x_wconf 84' lang='lat' dir='ltr'><strong>nt,</strong></span> <span class='ocrx_word' id='word_1_774' title='bbox 1512 5626 1555 5677; x_wconf 92' lang='lat' dir='ltr'><strong>I.</strong></span> 
     </span>
    </p>
   </div>
   <div class='ocr_carea' id='block_1_103' title="bbox 2013 4340 3585 4412">
    <p class='ocr_par' dir='ltr' id='par_1_103' title="bbox 2013 4340 3585 4412">
     <span class='ocr_line' id='line_1_103' title="bbox 2013 4340 3585 4412; baseline -0.011 0"><span class='ocrx_word' id='word_1_775' title='bbox 2013 4371 2124 4411; x_wconf 91' lang='lat' dir='ltr'><strong>non</strong></span> <span class='ocrx_word' id='word_1_776' title='bbox 2163 4354 2502 4410; x_wconf 89' lang='lat' dir='ltr'><strong>contrarium</strong></span> <span class='ocrx_word' id='word_1_777' title='bbox 2552 4350 2789 4412; x_wconf 85' lang='lat' dir='ltr'><strong>eveniet,</strong></span> <span class='ocrx_word' id='word_1_778' title='bbox 2823 4348 2869 4403; x_wconf 88' lang='lat' dir='ltr'><strong>si</strong></span> <span class='ocrx_word' id='word_1_779' title='bbox 2910 4361 3021 4402; x_wconf 93' lang='lat' dir='ltr'><strong>non</strong></span> <span class='ocrx_word' id='word_1_780' title='bbox 3049 4343 3410 4401; x_wconf 81' lang='lat' dir='ltr'><strong>discesserit?</strong></span> <span class='ocrx_word' id='word_1_781' title='bbox 3437 4340 3585 4397; x_wconf 90' lang='lat' dir='ltr'><strong>Sim-</strong></span> 
     </span>
    </p>
   </div>
   <div class='ocr_carea' id='block_1_104' title="bbox 2014 4437 3582 4519">
    <p class='ocr_par' dir='ltr' id='par_1_104' title="bbox 2014 4437 3582 4519">
     <span class='ocr_line' id='line_1_104' title="bbox 2014 4437 3582 4519; baseline -0.01 -17"><span class='ocrx_word' id='word_1_782' title='bbox 2014 4448 2273 4519; x_wconf 85' lang='lat' dir='ltr'><strong>pliciores</strong></span> <span class='ocrx_word' id='word_1_783' title='bbox 2331 4446 2517 4500; x_wconf 80' lang='lat' dir='ltr'><strong>forsan</strong></span> <span class='ocrx_word' id='word_1_784' title='bbox 2556 4442 2801 4498; x_wconf 89' lang='lat' dir='ltr'><strong>turbabit</strong></span> <span class='ocrx_word' id='word_1_785' title='bbox 2849 4443 2962 4495; x_wconf 68' lang='lat' dir='ltr'><strong>haac</strong></span> <span class='ocrx_word' id='word_1_786' title='bbox 3010 4437 3239 4509; x_wconf 66' lang='lat' dir='ltr'><strong>quaestio</strong></span> <span class='ocrx_word' id='word_1_787' title='bbox 3291 4454 3305 4490; x_wconf 90' lang='lat'><strong>:</strong></span> <span class='ocrx_word' id='word_1_788' title='bbox 3358 4450 3582 4519; x_wconf 74' lang='lat' dir='ltr'><strong>verum-</strong></span> 
     </span>
    </p>
   </div>
   <div class='ocr_carea' id='block_1_105' title="bbox 2016 4512 3583 4608">
    <p class='ocr_par' dir='ltr' id='par_1_105' title="bbox 2016 4512 3583 4608">
     <span class='ocr_line' id='line_1_105' title="bbox 2016 4512 3583 4608; baseline -0.009 -16"><span class='ocrx_word' id='word_1_789' title='bbox 2016 4547 2192 4593; x_wconf 84' lang='lat' dir='ltr'><strong>tamen</strong></span> <span class='ocrx_word' id='word_1_790' title='bbox 2220 4537 2474 4608; x_wconf 89' lang='lat' dir='ltr'><strong>quisquis</strong></span> <span class='ocrx_word' id='word_1_791' title='bbox 2498 4536 2683 4591; x_wconf 89' lang='lat' dir='ltr'><strong>divina</strong></span> <span class='ocrx_word' id='word_1_792' title='bbox 2709 4531 2977 4604; x_wconf 89' lang='lat' dir='ltr'><strong>sapientia</strong></span> <span class='ocrx_word' id='word_1_793' title='bbox 3009 4531 3075 4583; x_wconf 91' lang='lat' dir='ltr'><strong>ad</strong></span> <span class='ocrx_word' id='word_1_794' title='bbox 3106 4536 3356 4585; x_wconf 84' lang='lat' dir='ltr'><strong>exactam</strong></span> <span class='ocrx_word' id='word_1_795' title='bbox 3381 4512 3583 4582; x_wconf 74' lang='lat' dir='ltr'><strong>horum</strong></span> 
     </span>
    </p>
   </div>
   <div class='ocr_carea' id='block_1_106' title="bbox 2015 4619 3584 4700">
    <p class='ocr_par' dir='ltr' id='par_1_106' title="bbox 2015 4619 3584 4700">
     <span class='ocr_line' id='line_1_106' title="bbox 2015 4619 3584 4700; baseline -0.008 -16"><span class='ocrx_word' id='word_1_796' title='bbox 2015 4629 2384 4700; x_wconf 87' lang='lat' dir='ltr'><strong>c0gnitionem</strong></span> <span class='ocrx_word' id='word_1_797' title='bbox 2410 4628 2700 4699; x_wconf 87' lang='lat' dir='ltr'><strong>dirigetur,</strong></span> <span class='ocrx_word' id='word_1_798' title='bbox 2732 4641 2841 4679; x_wconf 93' lang='lat' dir='ltr'><strong>non</strong></span> <span class='ocrx_word' id='word_1_799' title='bbox 2867 4624 3056 4692; x_wconf 91' lang='lat' dir='ltr'><strong>utique</strong></span> <span class='ocrx_word' id='word_1_800' title='bbox 3090 4619 3584 4680; x_wconf 84' lang='lat' dir='ltr'><strong>scandalizahitur,</strong></span> 
     </span>
    </p>
   </div>
   <div class='ocr_carea' id='block_1_107' title="bbox 2016 4709 3585 4792">
    <p class='ocr_par' dir='ltr' id='par_1_107' title="bbox 2016 4709 3585 4792">
     <span class='ocr_line' id='line_1_107' title="bbox 2016 4709 3585 4792; baseline -0.01 -16"><span class='ocrx_word' id='word_1_801' title='bbox 2016 4721 2111 4776; x_wconf 88' lang='lat' dir='ltr'><strong>sed</strong></span> <span class='ocrx_word' id='word_1_802' title='bbox 2138 4721 2303 4776; x_wconf 85' lang='lat' dir='ltr'><strong>dictis</strong></span> <span class='ocrx_word' id='word_1_803' title='bbox 2338 4721 2753 4792; x_wconf 81' lang='lat' dir='ltr'><strong>convenientem</strong></span> <span class='ocrx_word' id='word_1_804' title='bbox 2792 4715 2974 4787; x_wconf 90' lang='lat' dir='ltr'><strong>potius</strong></span> <span class='ocrx_word' id='word_1_805' title='bbox 3002 4724 3224 4769; x_wconf 79' lang='lat' dir='ltr'><strong>sensum</strong></span> <span class='ocrx_word' id='word_1_806' title='bbox 3256 4709 3585 4781; x_wconf 89' lang='lat' dir='ltr'><strong>perspiciet.</strong></span> 
     </span>
    </p>
   </div>
   <div class='ocr_carea' id='block_1_108' title="bbox 2014 4802 3587 4883">
    <p class='ocr_par' dir='ltr' id='par_1_108' title="bbox 2014 4802 3587 4883">
     <span class='ocr_line' id='line_1_108' title="bbox 2014 4802 3587 4883; baseline -0.007 -18"><span class='ocrx_word' id='word_1_807' title='bbox 2014 4811 2285 4867; x_wconf 77' lang='lat' dir='ltr'><strong>Existimo</strong></span> <span class='ocrx_word' id='word_1_808' title='bbox 2320 4814 2506 4883; x_wconf 86' lang='lat' dir='ltr'><strong>itaque</strong></span> <span class='ocrx_word' id='word_1_809' title='bbox 2536 4818 2663 4866; x_wconf 90' lang='lat' dir='ltr'><strong>ante</strong></span> <span class='ocrx_word' id='word_1_810' title='bbox 2686 4809 2793 4864; x_wconf 86' lang='lat' dir='ltr'><strong>alia</strong></span> <span class='ocrx_word' id='word_1_811' title='bbox 2823 4815 3025 4862; x_wconf 88' lang='lat' dir='ltr'><strong>cuncta</strong></span> <span class='ocrx_word' id='word_1_812' title='bbox 3058 4802 3410 4876; x_wconf 87' lang='lat' dir='ltr'><strong>cogitandum</strong></span> <span class='ocrx_word' id='word_1_813' title='bbox 3437 4816 3587 4861; x_wconf 81' lang='lat' dir='ltr'><strong>esse.</strong></span> 
     </span>
    </p>
   </div>
   <div class='ocr_carea' id='block_1_109' title="bbox 2014 4891 3585 4974">
    <p class='ocr_par' dir='ltr' id='par_1_109' title="bbox 2014 4891 3585 4974">
     <span class='ocr_line' id='line_1_109' title="bbox 2014 4891 3585 4974; baseline -0.008 -15"><span class='ocrx_word' id='word_1_814' title='bbox 2014 4912 2068 4959; x_wconf 91' lang='lat' dir='ltr'><strong>et</strong></span> <span class='ocrx_word' id='word_1_815' title='bbox 2096 4910 2285 4974; x_wconf 90' lang='lat' dir='ltr'><strong>aperte</strong></span> <span class='ocrx_word' id='word_1_816' title='bbox 2306 4902 2653 4966; x_wconf 89' lang='lat' dir='ltr'><strong>discendum,</strong></span> <span class='ocrx_word' id='word_1_817' title='bbox 2680 4899 2882 4969; x_wconf 91' lang='lat' dir='ltr'><strong>cuique</strong></span> <span class='ocrx_word' id='word_1_818' title='bbox 2909 4897 3013 4964; x_wconf 88' lang='lat' dir='ltr'><strong>rei,</strong></span> <span class='ocrx_word' id='word_1_819' title='bbox 3042 4903 3102 4949; x_wconf 92' lang='lat' dir='ltr'><strong>ut</strong></span> <span class='ocrx_word' id='word_1_820' title='bbox 3128 4894 3396 4963; x_wconf 88' lang='lat' dir='ltr'><strong>scriptum</strong></span> <span class='ocrx_word' id='word_1_821' title='bbox 3415 4899 3501 4945; x_wconf 90' lang='lat' dir='ltr'><strong>est</strong></span> <span class='ocrx_word' id='word_1_822' title='bbox 3519 4891 3585 4946; x_wconf 79' lang='grc'><strong>³⁸.</strong></span> 
     </span>
    </p>
   </div>
   <div class='ocr_carea' id='block_1_110' title="bbox 2016 4982 3590 5062">
    <p class='ocr_par' dir='ltr' id='par_1_110' title="bbox 2016 4982 3590 5062">
     <span class='ocr_line' id='line_1_110' title="bbox 2016 4982 3590 5062; baseline -0.01 -13"><span class='ocrx_word' id='word_1_823' title='bbox 2016 5007 2176 5048; x_wconf 88' lang='lat' dir='ltr'><strong>suum</strong></span> <span class='ocrx_word' id='word_1_824' title='bbox 2207 5007 2330 5048; x_wconf 84' lang='lat' dir='ltr'><strong>esse</strong></span> <span class='ocrx_word' id='word_1_825' title='bbox 2355 5000 2592 5062; x_wconf 80' lang='lat' dir='ltr'><strong>tempus,</strong></span> <span class='ocrx_word' id='word_1_826' title='bbox 2623 4999 2677 5046; x_wconf 86' lang='lat' dir='ltr'><strong>et</strong></span> <span class='ocrx_word' id='word_1_827' title='bbox 2708 4989 2894 5044; x_wconf 88' lang='lat' dir='ltr'><strong>omnia</strong></span> <span class='ocrx_word' id='word_1_828' title='bbox 2933 5001 3054 5043; x_wconf 91' lang='lat' dir='ltr'><strong>esse</strong></span> <span class='ocrx_word' id='word_1_829' title='bbox 3084 4986 3226 5039; x_wconf 90' lang='lat' dir='ltr'><strong>bona</strong></span> <span class='ocrx_word' id='word_1_830' title='bbox 3257 4982 3311 5036; x_wconf 93' lang='lat' dir='ltr'><strong>in</strong></span> <span class='ocrx_word' id='word_1_831' title='bbox 3346 4990 3590 5049; x_wconf 84' lang='lat' dir='ltr'><strong>tempore</strong></span> 
     </span>
    </p>
   </div>
   <div class='ocr_carea' id='block_1_111' title="bbox 2018 5069 3589 5154">
    <p class='ocr_par' dir='ltr' id='par_1_111' title="bbox 2018 5069 3589 5154">
     <span class='ocr_line' id='line_1_111' title="bbox 2018 5069 3589 5154; baseline -0.01 -14"><span class='ocrx_word' id='word_1_832' title='bbox 2018 5099 2142 5140; x_wconf 92' lang='lat' dir='ltr'><strong>suo.</strong></span> <span class='ocrx_word' id='word_1_833' title='bbox 2176 5083 2377 5139; x_wconf 84' lang='lat' dir='ltr'><strong>Aderat</strong></span> <span class='ocrx_word' id='word_1_834' title='bbox 2415 5098 2546 5154; x_wconf 88' lang='lat' dir='ltr'><strong>ergo</strong></span> <span class='ocrx_word' id='word_1_835' title='bbox 2577 5096 2678 5138; x_wconf 92' lang='lat' dir='ltr'><strong>suo</strong></span> <span class='ocrx_word' id='word_1_836' title='bbox 2710 5090 2956 5150; x_wconf 91' lang='lat' dir='ltr'><strong>tempore</strong></span> <span class='ocrx_word' id='word_1_837' title='bbox 2987 5075 3195 5131; x_wconf 90' lang='lat' dir='ltr'><strong>utiliter</strong></span> <span class='ocrx_word' id='word_1_838' title='bbox 3224 5070 3491 5126; x_wconf 90' lang='lat' dir='ltr'><strong>Dominus</strong></span> <span class='ocrx_word' id='word_1_839' title='bbox 3530 5069 3589 5124; x_wconf 86' lang='lat' dir='ltr'><strong>in</strong></span> 
     </span>
    </p>
   </div>
   <div class='ocr_carea' id='block_1_112' title="bbox 2018 5166 3588 5243">
    <p class='ocr_par' dir='ltr' id='par_1_112' title="bbox 2018 5166 3588 5243">
     <span class='ocr_line' id='line_1_112' title="bbox 2018 5166 3588 5243; baseline -0.01 -12"><span class='ocrx_word' id='word_1_840' title='bbox 2018 5176 2125 5231; x_wconf 91' lang='lat' dir='ltr'><strong>hoc</strong></span> <span class='ocrx_word' id='word_1_841' title='bbox 2162 5174 2370 5230; x_wconf 89' lang='lat' dir='ltr'><strong>mundo</strong></span> <span class='ocrx_word' id='word_1_842' title='bbox 2417 5190 2540 5230; x_wconf 92' lang='lat' dir='ltr'><strong>cum</strong></span> <span class='ocrx_word' id='word_1_843' title='bbox 2570 5189 2738 5229; x_wconf 91' lang='lat' dir='ltr'><strong>carne</strong></span> <span class='ocrx_word' id='word_1_844' title='bbox 2766 5196 2777 5228; x_wconf 89' lang='lat'><strong>:</strong></span> <span class='ocrx_word' id='word_1_845' title='bbox 2811 5166 3123 5243; x_wconf 82' lang='lat' dir='ltr'><strong>Opportuno</strong></span> <span class='ocrx_word' id='word_1_846' title='bbox 3154 5177 3285 5219; x_wconf 90' lang='lat' dir='ltr'><strong>vero</strong></span> <span class='ocrx_word' id='word_1_847' title='bbox 3318 5170 3588 5232; x_wconf 89' lang='lat' dir='ltr'><strong>tempore,</strong></span> 
     </span>
    </p>
   </div>
   <div class='ocr_carea' id='block_1_113' title="bbox 2016 5254 3592 5339">
    <p class='ocr_par' dir='ltr' id='par_1_113' title="bbox 2016 5254 3592 5339">
     <span class='ocr_line' id='line_1_113' title="bbox 2016 5254 3592 5339; baseline -0.011 -15"><span class='ocrx_word' id='word_1_848' title='bbox 2016 5276 2073 5325; x_wconf 86' lang='lat' dir='ltr'><strong>et</strong></span> <span class='ocrx_word' id='word_1_849' title='bbox 2123 5267 2465 5339; x_wconf 87' lang='lat' dir='ltr'><strong>singularum</strong></span> <span class='ocrx_word' id='word_1_850' title='bbox 2514 5280 2703 5321; x_wconf 88' lang='lat' dir='ltr'><strong>rerum</strong></span> <span class='ocrx_word' id='word_1_851' title='bbox 2752 5262 2932 5319; x_wconf 90' lang='lat' dir='ltr'><strong>ordini</strong></span> <span class='ocrx_word' id='word_1_852' title='bbox 2972 5271 3222 5329; x_wconf 86' lang='lat' dir='ltr'><strong>congruo</strong></span> <span class='ocrx_word' id='word_1_853' title='bbox 3258 5254 3473 5311; x_wconf 83' lang='lat' dir='ltr'><strong>utiliter</strong></span> <span class='ocrx_word' id='word_1_854' title='bbox 3505 5270 3592 5308; x_wconf 82' lang='lat' dir='ltr'><strong>re-</strong></span> 
     </span>
    </p>
   </div>
   <div class='ocr_carea' id='block_1_114' title="bbox 2016 5344 3593 5426">
    <p class='ocr_par' dir='ltr' id='par_1_114' title="bbox 2016 5344 3593 5426">
     <span class='ocr_line' id='line_1_114' title="bbox 2016 5344 3593 5426; baseline -0.01 -12"><span class='ocrx_word' id='word_1_855' title='bbox 2016 5375 2210 5415; x_wconf 89' lang='lat' dir='ltr'><strong>versus</strong></span> <span class='ocrx_word' id='word_1_856' title='bbox 2242 5359 2417 5415; x_wconf 86' lang='lat' dir='ltr'><strong>estad</strong></span> <span class='ocrx_word' id='word_1_857' title='bbox 2448 5359 2685 5424; x_wconf 74' lang='lat' dir='ltr'><strong>Patrem,</strong></span> <span class='ocrx_word' id='word_1_858' title='bbox 2718 5355 2906 5426; x_wconf 85' lang='lat' dir='ltr'><strong>Neque</strong></span> <span class='ocrx_word' id='word_1_859' title='bbox 2936 5367 3063 5408; x_wconf 88' lang='lat' dir='ltr'><strong>vero</strong></span> <span class='ocrx_word' id='word_1_860' title='bbox 3089 5351 3243 5422; x_wconf 89' lang='lat' dir='ltr'><strong>argui</strong></span> <span class='ocrx_word' id='word_1_861' title='bbox 3276 5348 3389 5402; x_wconf 92' lang='lat' dir='ltr'><strong>ullo</strong></span> <span class='ocrx_word' id='word_1_862' title='bbox 3427 5344 3593 5400; x_wconf 86' lang='lat' dir='ltr'><strong>modo</strong></span> 
     </span>
    </p>
   </div>
   <div class='ocr_carea' id='block_1_115' title="bbox 2016 5437 3593 5522">
    <p class='ocr_par' dir='ltr' id='par_1_115' title="bbox 2016 5437 3593 5522">
     <span class='ocr_line' id='line_1_115' title="bbox 2016 5437 3593 5522; baseline -0.01 -15"><span class='ocrx_word' id='word_1_863' title='bbox 2016 5459 2219 5522; x_wconf 88' lang='lat' dir='ltr'><strong>potest,</strong></span> <span class='ocrx_word' id='word_1_864' title='bbox 2250 5466 2358 5507; x_wconf 89' lang='lat' dir='ltr'><strong>nor.</strong></span> <span class='ocrx_word' id='word_1_865' title='bbox 2396 5450 2568 5507; x_wconf 78' lang='lat' dir='ltr'><strong>fuisse</strong></span> <span class='ocrx_word' id='word_1_866' title='bbox 2594 5448 2750 5507; x_wconf 84' lang='lat' dir='ltr'><strong>valde</strong></span> <span class='ocrx_word' id='word_1_867' title='bbox 2778 5445 2913 5502; x_wconf 88' lang='lat' dir='ltr'><strong>utile</strong></span> <span class='ocrx_word' id='word_1_868' title='bbox 2937 5452 2996 5501; x_wconf 89' lang='lat' dir='ltr'><strong>ut</strong></span> <span class='ocrx_word' id='word_1_869' title='bbox 3018 5459 3125 5501; x_wconf 90' lang='lat' dir='ltr'><strong>una</strong></span> <span class='ocrx_word' id='word_1_870' title='bbox 3147 5457 3273 5502; x_wconf 90' lang='lat' dir='ltr'><strong>cum</strong></span> <span class='ocrx_word' id='word_1_871' title='bbox 3301 5437 3593 5510; x_wconf 83' lang='lat' dir='ltr'><strong>discipulis</strong></span> 
     </span>
    </p>
   </div>
  </div>
