4042 6204
541 204 643 262 431

1551 216 1606 271 S.
1648 217 1922 279 CYRILLI
1961 221 2429 288 ALE‘XANDRINI
2468 232 2783 290 ARCHIEP.

3674 243 3771 301 ιδε

544 324 889 382 versaretur,
941 333 1005 372 ex
1046 332 1109 372 co
1148 319 1291 388 quod
1327 327 1640 383 necessario
1673 329 1895 395 demum
1926 331 2071 387 disce

2173 383 2179 395 λ
2207 337 2356 390 κοντί
2380 357 2440 394 τε
2472 345 2568 397 καὶ
2601 344 2954 417 ἡρμοσμένῳ,
2973 348 3093 412 ταῖς
3109 347 3192 418 ἐφ’
3225 349 3441 422 ἑκάστῳ
3467 350 3576 407 τῶν
3596 369 3768 426 πρατ-

543 409 660 477 dit,
703 424 879 478 neque
912 409 1195 467 discessus
1229 412 1438 471 utilitas
1474 416 1584 471 ullo
1640 418 1806 473 modo
1849 432 2108 492 carpetnr

544 509 763 569 propter
785 498 952 575 913
977 498 1266 559 utilitatem
1292 504 1612 567 praesentiae.
1635 502 1941 574 Utrumque
1960 508 2105 565 enim

541 596 851 658 Opportuno
882 597 1125 663 tempore
1174 588 1379 651 factum
1421 600 1506 647 est
1539 593 1766 653 utiliter.
1813 594 1887 654 Ut
1921 605 2103 657 autem

541 694 764 739 sensum
816 679 979 746 hujus
1028 678 1139 735 loci
1192 681 1475 750 paululum
1528 686 1871 761 prtetervecti
1925 686 2105 747 mani-

541 769 732 829 festius
763 769 1025 824 fratribus
1048 784 1413 838 exponamus,
1444 772 1673 844 agedum
1703 776 2104 835 incarnationis

539 860 816 932 Unigeniti
855 873 1079 914 causam
1128 862 1366 929 repetito
1404 879 1658 919 sermone
1691 867 1901 922 cursim
1937 870 2103 926 attin-

535 963 761 1018 gamus,
822 961 887 1000 ac
937 955 1201 1016 praeterea
1250 950 1529 1006 discessus
1587 954 1734 1009 illius
1782 956 2096 1015 utilitatem.

536 1036 605 1091 Ut
633 1050 763 1105 ergo
796 1043 850 1089 et
880 1035 1231 1104 comtptione
1270 1044 1323 1090 et
1357 1047 1531 1094 morte
1574 1042 1810 1097 solveret
1839 1060 1961 1098 cum
2004 1046 2099 1116 qui

529 1135 715 1182 vetere
748 1126 841 1182 illo
888 1124 1180 1180 maledicto
1222 1129 1625 1186 condemnatus
1656 1141 1774 1187 erat
1795 1134 1874 1199 ³ο,
1919 1134 2096 1195 factus

526 1229 611 1275 est
642 1219 838 1284 homo,
891 1217 1132 1287 seipsum
1186 1220 1590 1289 quodammodo
1621 1224 1675 1277 in
1716 1233 1963 1280 nostrain
1995 1227 2097 1281 im-

526 1312 751 1369 mittens
780 1318 1055 1373 naturam,
1092 1310 1189 1379 qui
1221 1312 1326 1365 vita
1361 1319 1444 1366 est
1480 1314 1782 1367 secundum
1810 1326 2089 1374 naturam.

526 1402 619 1458 Sic
659 1404 807 1461 enim
856 1403 1133 1457 devictum
1166 1412 1250 1458 est
1283 1406 1477 1458 mortis
1518 1404 1831 1477 imperium,
1862 1417 1915 1463 ct
1942 1424 2094 1464 rescv-

522 1492 636 1550 luta
670 1506 755 1549 est
784 1494 867 1551 vis
914 1495 1285 1564 corruptionis
1329 1496 1383 1549 in
1429 1511 1532 1551 nos
1572 1497 1835 1565 inductae,
1873 1508 1928 1554 et
1966 1516 2089 1557 cum

521 1596 720 1641 natura
757 1583 946 1639 divina
975 1585 1128 1639 omni
1161 1600 1393 1657 prorsus
1422 1600 1595 1640 vacua
1625 1589 1697 1643 sit
1722 1591 2090 1660 propensione

519 1676 586 1732 ad
617 1683 929 1747 peccatum,
957 1678 1192 1747 gestavit
1232 1693 1333 1732 nos
1358 1694 1453 1747 per
1478 1694 1634 1735 suam
1660 1696 1903 1737 carnem.
1935 1684 1991 1738 In
2022 1700 2088 1740 eo
2119 1667 2161 1722 Β

518 1769 720 1841 quippe
744 1782 966 1823 eramus
985 1782 1197 1834 omnes,
1226 1770 1280 1825 in
1311 1781 1576 1839 quantum
1606 1774 1862 1843 apparuit
1896 1775 2083 1845 homo,

514 1867 570 1915 ut
623 1858 870 1917 membra
905 1864 1123 1914 terrena
1172 1860 1528 1917 mortificaret
1556 1904 1571 1928 ,
1614 1865 1716 1921 hoc
1764 1872 1850 1925 est
1900 1869 2085 1924 carnis

514 1949 820 2021 passiones,
878 1957 932 2003 et
987 1950 1200 2018 peccati
1273 1952 1445 2023 legem
1508 1970 1630 2024 qua:
1701 1956 1754 2010 in
1822 1960 2084 2016 membris

514 2039 721 2097 nostris
744 2038 1027 2110 tyrannice
1048 2039 1438 2098 dominabatur
1469 2045 1782 2115 abrogaret,
1819 2056 2085 2105 nostram-

511 2148 617 2203 que
650 2138 912 2207 praeterea
947 2141 1200 2191 naturam
1242 2134 1632 2203 sanctificaret,
1663 2139 2083 2211 exemplumque

509 2222 672 2281 nobis
703 2229 759 2282 et
799 2223 910 2277 dux
956 2222 1170 2279 itineris
1210 2223 1275 2277 ad
1317 2226 1569 2295 pietatem
1606 2237 1791 2296 esset,
1844 2239 1897 2285 et
1944 2248 2079 2302 pura

507 2312 751 2383 cognitio
784 2312 1030 2369 veritatis
1067 2314 1215 2370 illius
1258 2331 1380 2386 qua:
1425 2319 1731 2375 secundum
1786 2324 2076 2380 scientiam

505 2412 590 2459 est
650 2413 813 2474 atque
868 2404 1163 2475 inculpatae
1217 2410 1657 2469 conversationis
1709 2411 1885 2470 fieret.
1950 2415 2077 2473 Haec

504 2493 670 2565 igitur
692 2494 880 2549 omnia
914 2494 1171 2557 Christus
1214 2496 1379 2553 homo
1411 2498 1594 2559 factus
1629 2506 1860 2575 peregit.
1901 2505 2073 2563 Dece-

502 2584 598 2638 bat
642 2599 774 2654 ergo
812 2593 1066 2640 naturam
1123 2587 1365 2646 hominis
1411 2590 1479 2644 ad
1509 2608 1786 2648 summum
1823 2597 2073 2666 cujusvis

500 2673 634 2735 boni
663 2675 934 2740 attollere,
964 2691 1141 2748 neque
1183 2679 1360 2733 solum
1404 2691 1629 2750 peccato
1658 2692 1713 2738 et
1742 2694 1918 2740 morte
1950 2703 2069 2743 eam

501 2764 755 2829 liberare,
791 2764 889 2820 sed
921 2767 977 2820 in
1006 2766 1158 2836 ipsos
1187 2784 1409 2838 quoque
1456 2775 1625 2829 etelos
1677 2777 1932 2842 evehere,
1970 2778 2068 2834 ho-

500 2855 811 2924 minemque
864 2856 1182 2925 angelorum
1221 2861 1674 2919 contubernalem
1732 2876 1785 2920 et
1823 2867 2068 2937 ejusdem

498 2944 657 3001 cbori
697 2952 1010 3000 consortem
1054 2946 1304 3004 reddere.
1364 2951 1430 3004 Et
1467 2956 1933 3023 quemadmodum
1968 2975 2067 3032 per

2173 2980 2368 3050 γνωσιν
2395 2982 2496 3054 ἀλη

497 3049 654 3089 suam
702 3037 1167 3093 resurrectionem
1212 3044 1621 3113 corruptionem
1664 3046 1851 3119 fugere
1899 3068 2064 3123 posse

494 3125 662 3183 nobis
692 3127 916 3193 tribuit,
968 3128 1051 3184 sic
1080 3131 1241 3185 nobis
1280 3148 1501 3203 quoque
1534 3137 1601 3191 ad
1646 3141 1819 3199 castos
1853 3143 2062 3201 aditum

398 3214 415 3221 “
493 3216 709 3288 aperire
735 3257 751 3284 ,
782 3226 837 3273 et
889 3218 945 3273 in
994 3231 1298 3292 conspectu
1342 3223 1521 3282 Patris
1561 3231 1761 3287 sistere
1811 3249 1936 3289 eum
1968 3237 2063 3307 qui

492 3322 590 3377 per
622 3309 1127 3381 praevaricationem
1181 3312 1236 3367 in
1268 3314 1439 3369 Adam
1488 3322 1683 3388 procul
1719 3324 2062 3387 .amandatus

491 3400 691 3457 fuerat.
727 3399 858 3467 Quae
890 3418 1015 3457 cum
1048 3403 1167 3474 ipse
1196 3421 1416 3477 quoque
1454 3410 1675 3468 divinus
1724 3413 1929 3478 Paulus
1976 3419 2060 3474 in-

488 3490 778 3562 telligeret,
816 3492 1032 3550 aiebat:
1064 3511 1081 3544 t
1110 3493 1229 3551 Non
1259 3499 1404 3552 enim
1438 3500 1493 3554 in
1520 3503 1836 3563 manufacta
1867 3519 2057 3567 sancta

489 3579 746 3634 Christus
802 3581 1084 3647 introivit,
1136 3588 1469 3657 exemplaria
1501 3606 1798 3662 verorum;
1858 3600 1954 3653 sed
2000 3600 2054 3655 in

488 3672 670 3741 ipsum
701 3670 931 3739 etclam,
968 3680 1028 3727 ut
1071 3689 1219 3730 nunc
1255 3690 1513 3749 appareat
1543 3697 1728 3740 coram
1776 3689 1928 3746 vultu
1961 3692 2055 3750 Dei
2128 3704 2131 3713 ‘

485 3777 585 3834 pro
622 3762 781 3821 nobis
803 3765 867 3818 δυ.
904 3783 923 3817 ι
954 3765 1152 3834 Audis,
1183 3780 1243 3825 ut
1267 3785 1391 3829 cum
1421 3790 1637 3845 semper
1660 3778 1715 3834 in
1750 3793 2052 3855 conspectu

482 3862 537 3911 et
559 3855 629 3939 'in
663 3864 856 3917 natura
889 3860 976 3917 sui
1005 3858 1288 3921 Genitoris
1315 3865 1408 3931 sit,
1436 3877 1667 3940 propter
1704 3871 2053 3935 identitatem

479 3949 838 4013 substantia,
874 3967 1021 4009 nunc
1050 3969 1158 4009 non
1223 3969 1445 4030 propter
1489 3963 1769 4033 seipsum,
1809 3968 1907 4031 sed
1951 3986 2051 4045 pro

479 4040 641 4097 nobis
677 4041 1097 4100 manifestetur?
1133 4045 1290 4114 Nam,
1325 4059 1383 4107 ut
1428 4054 1573 4122 quod
1608 4059 1761 4127 prius
1795 4059 1911 4116 dixi
1954 4040 2051 4119 re-

478 4139 685 4203 petam,
713 4148 820 4195 nos
847 4135 998 4193 sistit
1020 4138 1075 4192 in
1100 4152 1396 4211 conspectu
1430 4143 1629 4213 Patris,
1659 4165 1784 4206 cum
1822 4152 1897 4208 sit
1931 4154 2050 4226 ipse

477 4224 734 4295 primitiae
767 4226 1152 4297 humanitatis,
1194 4247 1446 4292 reversus
1497 4238 1552 4293 in
1586 4241 1808 4297 calum.
1842 4224 2045 4310 Quem-

474 4313 767 4371 admodum
810 4317 981 4376 enim.
1024 4334 1149 4375 cum
1179 4322 1287 4377 vita

474 4404 613 4458 mori
661 4413 841 4463 tamen
877 4415 933 4463 et
967 4424 1259 4481 resurgere
1290 4425 1513 4486 propter
1545 4435 1650 4476 nos
1683 4422 1884 4483 dicitur
1914 4443 1928 4479 :
1960 4429 2043 4483 sic

471 4493 637 4547 etiam
666 4510 794 4549 eum
828 4512 1043 4571 semper
1082 4515 1241 4557 suum
1274 4502 1493 4563 Patrem
1528 4508 1747 4580 videat,
1780 4522 1834 4571 et
1865 4518 2042 4573 videa-

472 4593 563 4639 tur
618 4583 732 4655 ipse
792 4586 1041 4645 vicissim
1084 4606 1113 4644 a
1177 4608 1277 4647 suo
1329 4593 1520 4662 Patre,
1578 4616 1724 4659 nunc
1775 4620 2043 4678 apparere

470 4674 698 4738 dicitur,
723 4673 776 4730 id
810 4683 914 4743 est,
934 4680 1155 4747 quando
1190 4682 1357 4765 919
1381 4685 1561 4745 factus
1594 4701 1680 4747 est
1713 4673 1896 4762 homo,
1928 4716 2038 4756 non

470 4772 694 4836 propter
724 4766 993 4837 seipsum,
1021 4770 1116 4827 sed
1148 4788 1244 4842 pro
1269 4777 1450 4844 nobis,
1476 4789 1535 4842 ut
1559 4781 1742 4849 homo,
1773 4796 1829 4849 et
1855 4800 2042 4867 quate.

469 4868 575 4909 nus
609 4853 801 4915 deesse
835 4867 1041 4919 nostrae
1066 4859 1472 4931 dispensationi
1505 4868 1803 4933 videbatur
1856 4853 1914 4932 ut
1939 4895 2040 4936 nos

469 4943 525 4998 in
559 4944 711 5016 ipsos
744 4961 968 5018 quoque
998 4950 1170 5006 caelos
1198 4955 1649 5025 ascenderemus,
1683 4970 1944 5037 tanquam
1985 4970 2040 5026 in

468 5037 731 5106 primitiis
792 5046 847 5095 et
896 5040 1076 5110 primo
1121 5040 1369 5100 Christo.
1412 5047 1732 5115 Przecursor
1783 5058 1930 5113 enim
1970 5075 2037 5117 eo

463 5141 686 5198 quoque
732 5130 932 5197 rediit,
987 5142 1211 5205 propter
1236 5152 1337 5194 nos
1358 5178 1373 5203 ,
1405 5148 1466 5194 ut
1496 5151 1550 5198 et
1583 5145 1784 5204 alicubi
1811 5150 2035 5209 divinus

464 5218 581 5287 ipse
606 5217 808 5279 Paulus
835 5222 990 5276 ait“.
1027 5223 1093 5278 Et
1120 5235 1395 5297 quatenus
1417 5234 1639 5302 quidem
1677 5238 1865 5307 homo,
1899 5258 2031 5298 cen-

462 5317 613 5365 setur
665 5312 902 5380 pontifex
960 5315 1137 5373 adhuc
1182 5332 1500 5378 nostrarum
1551 5329 1864 5393 animarum
1903 5334 1947 5367 ⁸²
1979 5344 2034 5391 et

458 5401 809 5467 consolator,
844 5414 897 5460 et
942 5410 1254 5478 pr0pitiatio
1290 5429 1391 5483 pro
1443 5418 1649 5475 nostris
1684 5426 2025 5492 peccatis":

2212 427 2400 495 μάτων
2470 433 2823 503 τελουμέναις
2893 438 3225 508 οἰκονομίαις
3283 441 3573 511 χρησίμως
3622 445 3769 517 ἀνῄει

2210 519 2346 588 πρὸς
2372 519 2462 574 τὸν
2502 523 2740 594 Πατέρα.
2771 525 2881 583 Καὶ
2911 528 2971 580 οὑ
3005 528 3422 600 διαϐεϐλήσεται
3457 533 3555 603 μὲν
3583 553 3772 590 παντε-

2207 606 2334 671 λῶς,
2363 609 2438 673 ὡς
2476 612 2537 664 οὐ
2568 613 2785 684 σφόδρα.
2821 614 3095 680 λυσιτελὲς
3137 618 3198 672 τὸ
3237 625 3604 694 συμπαρεῖναι
3660 629 3771 690 τοῖς
3825 619 3831 623 ’

2208 700 2501 772 μαθηταῖς,
2532 704 2621 758 διὰ
2660 706 2757 778 τὴν
2809 708 2888 771 εἰς
2923 697 3162 779 ὕστερον
3187 711 3499 781 ἀναγκαίως
3542 719 3774 786 γενομέ-

2203 806 2301 860 νην
2329 792 2679 864 ἀποδημίανξ
2721 796 2842 850 οὔτε
2895 799 3000 869 μὴν
3048 800 3491 879 λοιδορηθησεται
3531 808 3677 863 κατά
3718 825 3773 862 τι

2202 881 2331 949 γοῦν
2356 883 2495 949 ὅλως
2523 886 2584 939 τὸ
2610 889 2672 941 ἐκ
2702 890 2799 958 τῆς
2832 890 3145 960 ἀποδημίας
3182 896 3470 965 χρήσιμον,
3506 897 3593 952 διὰ
3615 899 3679 954 τὸ
3704 902 3772 956 ἐκ

2199 972 2295 1027 τοῦ
2344 978 2596 1046 παρεῖναι
2646 981 2944 1052 συμφέρον.
2987 983 3278 1054 Ἑκάτερον
3329 987 3437 1056 γὰρ
3493 992 3551 1043 ἐν
3590 992 3770 1063 καιρῷ

2201 1064 2464 1134 πρέποντι
2493 1068 2779 1139 χρησίμως
2809 1073 3129 1143 ἐπράττετο.
3153 1074 3273 1130 Ἵνα
3302 1077 3357 1130 δὲ
3381 1079 3472 1133 τὸν
3503 1080 3598 1135 τοῦ
3629 1082 3768 1137 θσω·

2202 1155 2447 1225 ρήματος
2476 1156 2602 1211 νοῦν
2653 1160 2826 1231 βραχὺ
2882 1165 3384 1234 παραπλώσαντες,
3433 1171 3765 1228 εὐσύνοπτό-

2196 1262 2353 1317 τερον
2374 1251 2489 1311 τοῖς
2521 1249 2767 1320 ἀδελφοῖς
2794 1259 3243 1328 καταστήσωμεν,
3277 1262 3408 1333 φέρε
3433 1262 3496 1334 δὴ
3518 1263 3772 1337 λέγωμεν

2197 1337 2686 1411 ἀναμηρυσάμενοι
2711 1344 2789 1415 τῷ
2821 1344 2983 1415 λόγῳ,
3015 1351 3134 1403 κατ’
3164 1351 3468 1424 ἐπιδρομὴν
3500 1356 3599 1425 τῆς
3627 1358 3770 1426 μετὰ
3800 1400 3807 1404 ι

2198 1429 2401 1497 σαρκὸς
2447 1433 2760 1504 οἰκονομίας
2803 1437 2896 1492 τοῦ
2930 1440 3272 1510 Μονογενοῦς
3314 1445 3414 1517 τὴν
3463 1450 3766 1519 πρόφασιν,

2195 1520 2289 1573 καὶ
2332 1520 2469 1591 πρὸς
2499 1522 2708 1589 τούτοις
2743 1526 2823 1580 ἔτι
2869 1529 2931 1582 τὸ
2970 1531 3066 1600 τῆς
3112 1533 3424 1605 ἀποδημίας
3465 1538 3763 1610 ὠφέλιμον.

2196 1610 2313 1664 Ἵνα
2359 1613 2539 1666 τοίνυν
2590 1616 2685 1669 καὶ
2727 1618 2933 1689 φθορᾶς
2966 1623 3061 1677 καὶ
3092 1622 3326 1681 θανάτου
3358 1628 3643 1703 ἀπαλλάξῃ
3672 1632 3767 1687 τὸν

2189 1696 2278 1752 διὰ
2333 1701 2431 1772 τῆς
2487 1703 2723 1775 ἀρχαίας
2782 1708 3001 1780 ἐκείνης
3060 1717 3531 1787 κατακεκριμένον
3597 1696 3762 1791 ἀρᾶς.

2188 1789 2408 1859 γέγονεν
2439 1793 2748 1867 ἄνθρωπος,
2782 1800 2975 1853 ἑαυτὸν
3000 1801 3190 1875 ὥσπερ
3216 1807 3495 1874 ἐγκαθιεὶς
3519 1813 3583 1881 τῇ
3618 1789 3762 1882 ἠμε-

2187 1883 2320 1954 τέρᾳ
2347 1885 2523 1954 φύσει,
2558 1888 2701 1962 ζωὴν
2733 1893 2872 1949 κατά
2901 1895 3063 1963 φύσιν
3092 1898 3425 1973 ὑπάρχοντα.
3459 1904 3763 1973 Νενίκηται

2186 1974 2295 2047 γάρ
2326 1977 2470 2032 οὕτω
2498 1980 2590 2033 τοῦ
2618 1981 2849 2040 θανάτου
2878 1987 2939 2041 τὸ
2967 1989 3188 2058 κράτος,
3219 1993 3311 2047 καὶ
3338 1993 3554 2049 λέλυται
3576 1996 3676 2066 τῆς
3698 1998 3761 2049 ἐν

2186 2069 2315 2139 ἡμῖν
2343 2071 2669 2131 ἐπεισάκτου
2704 2076 2912 2148 φθορᾶς
2943 2081 2976 2150 ἡ
3004 2082 3254 2153 δύναμις,
3288 2086 3382 2139 καὶ
3406 2086 3634 2159 ἐπείπερ
3655 2090 3759 2159 τῆς

2184 2161 2263 2222 είς
2287 2162 2558 2233 ἁμαρτίαν
2584 2166 2757 2237 ῥοπῆς
2785 2168 3045 2245 ἐλευθέρα
3076 2175 3350 2239 παντελῶς
3375 2178 3407 2247 ἡ
3441 2176 3562 2232 θεία
3592 2178 3760 2249 φύσις

2186 2251 2336 2318 ἐστὶ,
2394 2255 2698 2326 πεφόρεκεν
2746 2261 2892 2330 ἡμᾶς
2932 2261 3020 2317 διά
3072 2266 3172 2335 τῆς
3226 2267 3359 2330 ἰδίας
3395 2271 3616 2340 σαρκός.
3661 2270 3756 2325 Ἐν

2182 2342 2329 2414 αὐτῷ
2359 2346 2467 2416 γὰρ
2497 2343 2639 2417 ἦμεν
2674 2350 2734 2403 οἳ
2756 2352 2976 2416 πάντες,
3002 2356 3137 2410 καθὸ
3168 2359 3407 2430 πέφηνεν
3440 2362 3751 2433 ἄνθρωπος,

2181 2435 2269 2490 ἵνα
2292 2436 2541 2510 νεκρώσῃ
2568 2439 2638 2493 τά
2667 2440 2801 2512 μέλη
2830 2444 2901 2499 τά
2929 2446 3023 2500 ἐπὶ
3048 2451 3147 2519 τῆς
3178 2452 3301 2522 γῆς,
3328 2451 3476 2506 τοῦτ’
3513 2454 3651 2518 ἔστι,
3680 2457 3755 2512 τά

2178 2525 2280 2594 τῆς
2327 2529 2526 2597 σαρκὸς
2574 2530 2759 2601 πάθη,
2796 2535 2892 2588 καὶ
2945 2542 3268 2613 καταργήσῃ
3321 2545 3422 2611 τῆς
3473 2545 3753 2614 ἁμαρτίας

2180 2616 2363 2686 νόμον,
2399 2620 2493 2672 τὸν
2522 2622 2577 2673 ἐν
2608 2626 2722 2686 τοῖς
2758 2625 3051 2698 ἡμετέροις
3100 2632 3285 2698 μέλεσι
3313 2637 3752 2706 τυραννήσαντα,

2178 2707 2271 2761 καὶ
2308 2708 2441 2780 πρὸς
2465 2711 2639 2782 τούτῳ
2678 2714 2840 2768 πάλιν
2870 2717 2959 2775 ἵνα
2988 2720 3085 2789 τὴν
3132 2722 3292 2791 φύσιν
3325 2726 3483 2795 ἡμῶν
3518 2728 3748 2798 ἁγιάσῃ,

2175 2798 2269 2851 καὶ
2295 2799 2464 2863 τύπος
2492 2802 2623 2871 ἡμῖν
2644 2844 2659 2870 ,
2700 2805 2796 2859 καὶ
2820 2808 3141 2883 καθηγητὴς
3169 2814 3364 2886 εὑρεθῇ
3399 2817 3496 2887 τῆς
3526 2821 3608 2882 εἰς
3650 2820 3753 2872 εὐο

2174 2889 2386 2943 σέϐειαν
2419 2891 2539 2945 ὁδοῦ
2561 2932 2576 2957 ,
2627 2895 2844 2967 καθαρά
2885 2917 2944 2954 τε
2995 2903 3290 2972 ἐπίγνωσις
3335 2906 3436 2977 τῆς
3469 2910 3590 2962 κατ’
3618 2911 3753 2965 ἐπί-

2504 2982 2677 3051 θείας,
2712 2989 2805 3042 καὶ
2834 2991 3107 3058 ἀπλανοῦς
3137 2996 3433 3063 πολιτείας.
3463 3000 3648 3056 Ταῦτα
3675 3003 3749 3074 δὴ

2174 3068 2268 3127 οὖν
2297 3072 2510 3128 ἅπαντα
2537 3076 2776 3145 γεγονὼς
2813 3081 3098 3151 ἄνθρωπος
3140 3087 3505 3161 κατώρθωκεν
3534 3093 3564 3145 ὸ
3603 3094 3750 3165 Χρι-

2172 3163 2313 3228 στός.
2350 3165 2497 3219 Ἔδει
2539 3168 2718 3221 τοίνυν
2747 3171 2828 3233 είς
2859 3172 3137 3244 ἀκρότητα
3181 3180 3379 3243 παντὸς
3406 3181 3611 3249 ἀγαθοῦ
3638 3163 3748 3254 τὴν

2167 3253 2456 3325 ἀνθρώπου
2485 3257 2646 3327 φύσιν
2673 3261 2988 3330 ἀναγαγεῖν,
3021 3266 3114 3318 καὶ
3151 3268 3276 3338 οὐχὶ
3309 3270 3468 3340 μόνον
3501 3272 3747 3327 emata-

2167 3344 2256 3408 ξαι
2290 3345 2524 3400 θανάτου
2552 3349 2648 3401 καὶ
2685 3351 2977 3421 ἁμαρτίας,
3015 3355 3129 3409 ἀλλ’
3160 3359 3260 3429 ἤδη
3290 3361 3385 3414 καὶ
3426 3363 3506 3425 εἰς
3540 3363 3743 3429 αὐτοὺς

2164 3433 2494 3489 ἀναϐιϐάσαι
2534 3438 2663 3501 τοὺς
2703 3440 2987 3510 οὐρανοὺς,
3023 3446 3331 3515 ὀμοδίαιτὸν
3362 3466 3419 3505 τε
3457 3452 3555 3507 καὶ
3604 3469 3742 3523 συγ-

2162 3525 2424 3596 χορευτὴν
2470 3529 2747 3597 ἐπιδεῖξαι
2810 3537 2922 3598 τοῖς
2961 3536 3212 3604 ἀγγέλοις
3273 3539 3365 3594 τὸν
3426 3542 3733 3615 ἄνθρωπον.

2161 3616 2271 3669 Καὶ
2302 3617 2492 3690 ὥσπερ
2533 3623 2998 3694 κεκαινοτόμηκεν
3029 3630 3161 3697 ἡμῖν
3193 3630 3280 3685 διά
3311 3631 3412 3703 τῆς
3441 3633 3579 3698 ιδίας
3602 3637 3740 3693 ἀνα-

2161 3707 2426 3773 στάσεως,
2454 3710 2516 3763 τὸ
2554 3711 2837 3782 διαδρᾶναι
2865 3716 3124 3772 δύνασθαι
3170 3722 3268 3792 τὴν
3294 3723 3519 3794 φθοράν,
3559 3727 3737 3791 οὕτως

2156 3800 2289 3869 ἡμῖν
2320 3801 2530 3866 ἀνοῖξαι
2561 3805 2655 3857 καὶ
2682 3806 2780 3877 τὴν
2825 3808 2905 3871 εἰς
2947 3809 3008 3864 τὸ
3057 3811 3171 3867 ἄνω
3199 3815 3436 3887 πάροδον
3457 3859 3473 3882 ,
3529 3819 3625 3875 καὶ
3665 3821 3729 3875 ἐν

2155 3890 2275 3960 ὄψει
2321 3893 2515 3963 στῆσαι
2557 3895 2647 3948 τοῦ
2688 3899 2899 3969 Πατρὸς
2936 3900 3026 3953 τὸν
3053 3903 3118 3956 ἐκ
3155 3905 3446 3975 προσώπου
3473 3908 3724 3975 τεθέντα,

2153 3981 2242 4039 διά
2274 3983 2373 4052 τὴν
2427 3986 2487 4039 ἐν
2544 3987 2716 4057 ’Δδᾶμ
2772 3991 3106 4061 παράϐασιν.
3168 3996 3325 4051 οὕτω
3383 3999 3452 4055 τὰ
3497 4000 3730 4059 τοιαῦτα

2155 4074 2337 4141 συνεὶς
2362 4077 2454 4130 καὶ
2485 4078 2513 4130 ὁ
2543 4076 2828 4146 Θεσπέσιος
2858 4082 3067 4148 Παῦλος
3095 4086 3280 4156 ἔλεγεν
3304 4106 3319 4122 ·
3351 4110 3370 4141 ι
3409 4091 3485 4145 Οὐ
3508 4092 3614 4164 γάρ
3643 4095 3729 4159 είς

2153 4167 2505 4237 χειροποίητα
2533 4167 2943 4241 ἀγισκείσῆλθεν
2973 4177 3002 4228 6
3030 4176 3283 4248 Χριστὸς,
3316 4180 3436 4237 οὐδέ
3462 4184 3543 4246 είς
3568 4185 3721 4238 ἀντί-

2159 4273 2305 4309 τυπα
2333 4258 2442 4311 τῶν
2486 4259 2792 4329 ἀληθινῶν,
2846 4264 2962 4321 ἀλλ’
3016 4269 3097 4332 είς
3146 4269 3309 4326 αὑτὸν
3350 4274 3441 4327 τὸν
3472 4276 3726 4344 οὐρανὸν,

1333 4326 1405 4387 sit
1431 4329 1735 4385 secundum
1766 4342 2043 4403 naturam,

2173 4345 2251 4399 νῦν
2317 4326 2716 4421 ἐμφανισθῆναι
2769 4326 2849 4424 τῷ
2906 4326 3185 4430 προσιδπῳ
3237 4362 3331 4419 τοῦ
3393 4326 3729 4438 Geuissae};

2151 4438 2328 4509 ἡμῶν.
2366 4460 2386 4492 ι
2436 4441 2702 4507 Ἀκούεις,
2732 4447 2814 4501 ὅτι
2839 4446 2927 4504 διὰ
2965 4450 3169 4514 παντὸς
3204 4454 3263 4507 ἐν
3303 4454 3422 4523 ὄψει
3450 4456 3545 4513 καὶ
3570 4459 3629 4511 ἐν
3652 4460 3728 4531 τῇ

2149 4529 2308 4599 φύσει
2347 4533 2440 4589 τοῦ
2484 4534 2616 4591 ἰδίου
2651 4535 2977 4609 Γεννήτορος
3010 4541 3086 4596 ὢν
3111 4582 3125 4604 ,
3159 4542 3246 4598 διά
3288 4545 3387 4616 τὴν
3417 4529 3729 4621 ταυτότητά
3789 4564 3800 4573 '

2144 4620 2247 4691 τῆς
2278 4623 2466 4689 οὐσίας
2489 4664 2505 4688 ,
2550 4625 2645 4680 νῦν
2673 4627 2733 4679 οὐ
2770 4628 2836 4681 δι’
2874 4632 3086 4697 ἑαυτὸν,
3123 4635 3236 4690 ἀλλ’
3266 4636 3407 4706 ὑπὲρ
3434 4638 3592 4707 ἡμῶν
3620 4641 3730 4711 ἐμέ

2442 4731 2458 4780 ς
2523 4717 2586 4768 Ὃ
2643 4716 2751 4787 γὰρ
2807 4715 2961 4775 εἷπον
3009 4722 3131 4793 ἤδη.
3170 4724 3329 4781 τοῦτο
3364 4726 3526 4782 πάλιν
3568 4730 3722 4799 ἐρῶ·

2146 4803 2293 4872 ἡμᾶς
2324 4802 2534 4874 ἵστησιν
2577 4808 2635 4859 ἐν
2668 4806 2787 4876 ὄφει
2826 4810 2920 4869 τοῦ
2961 4813 3174 4884 Πατρὸς
3199 4854 3213 4878 ,
3256 4818 3483 4888 ἀπαρχὴ
3511 4818 3590 4870 ὢν
3618 4820 3725 4891 τῆς

2139 4890 2591 4963 ἀνθρωπότητος,
2655 4898 3018 4972 ἀποδημήσας
3070 4907 3151 4969 εἰς
3205 4907 3457 4977 οὐρανόν.
3505 4890 3723 4981 Ὥσπερ

2138 4981 2249 5052 γὰρ
2280 4982 2393 5054 ζωὴ
2446 4987 2587 5040 κατά
2640 4990 2802 5059 φύσιν
2855 4994 3150 5066 ὑπάρχων,
3209 4999 3505 5059 ἀποθανεῖν
3532 5020 3592 5062 τε
3621 5004 3722 5061 καὶ

2138 5071 2437 5144 ἀναστῆναι
2466 5074 2684 5145 λέγεται
2716 5081 2786 5134 δι’
2818 5083 2985 5153 ἡμᾶς,
3017 5084 3190 5151 οὕτως
3237 5089 3332 5143 καὶ
3365 5091 3454 5144 ἀεὶ
3498 5090 3719 5160 βλέπων

2138 5162 2230 5214 τὸν
2264 5163 2456 5223 ἑαυτοῦ
2484 5168 2723 5239 Πατέρα,
2753 5171 3029 5243 ὁρώμενος
3050 5193 3107 5229 τε
3136 5172 3200 5231 αὖ
3236 5178 3402 5233 πάλιν
3431 5181 3528 5235 καὶ
3555 5181 3712 5252 παρὰ

2138 5251 2233 5305 τοῦ
2269 5254 2400 5308 ἰδίου
2432 5258 2645 5329 Πατρὸς
2668 5299 2684 5325 ,
2716 5261 2811 5315 νῦν
2841 5265 3241 5336 ἐμφανισθῆναι
3281 5267 3521 5338 λέγεται,
3562 5251 3714 5324 τοῦτ’

2135 5344 2281 5403 ἐστιν
2306 5387 2321 5413 ,
2354 5349 2444 5401 ὅτε
2469 5351 2692 5419 γέγονεν
2736 5354 3021 5424 ἄνθρωπος
3040 5397 3056 5422 ,
3104 5360 3166 5414 οὐ
3213 5360 3279 5415 δι’
3310 5362 3501 5417 ἑαυτὸν
3522 5402 3543 5428 ,
3591 5362 3712 5417 ἀλλ’

2135 5435 2274 5506 ὑπὲρ
2302 5437 2500 5515 ἡμῶν,
2536 5441 2611 5506 ὡς
2669 5442 2984 5514 ἄνθρωπος,
3022 5450 3117 5502 καὶ
3157 5449 3233 5514 ὼς
3268 5450 3576 5516 ἐλλελοιπδς
3616 5446 3717 5506 οὖν

557 5544 602 5607 ³ί¹
622 5583 802 5639 Galat.
844 5603 928 5654 ιιι,
964 5591 1049 5647 15.
1144 5594 1189 5624 ⁸⁸
1213 5593 1379 5652 Hebr.
1414 5614 1489 5664 ιι,
1517 5599 1604 5655 24.
1686 5604 1728 5635 ⁸⁸
1755 5605 1918 5662 Hebr.
1956 5624 2032 5676 vt,
2065 5611 2071 5663 Ἰ

2234 5612 2276 5646 ⁸³
2313 5615 2328 5669 l
2355 5614 2500 5672 Pctt'.
2533 5635 2592 5684 ιι,
2619 5619 2710 5676 25.
2788 5622 2866 5676 ³³1
2897 5622 3050 5682 Juau.
