4042 6204
329 349 439 406 433

1366 371 1434 426 ΙΝ
1473 373 1753 433 ιοΑΝΝιε
1784 378 2226 441 EVANGELIUM
2267 388 2395 444 LIB.
2437 383 2504 446 Χ.

3464 422 3571 479 454

325 462 437 533 ἆρα
464 468 529 537 τῇ
555 468 676 521 καθ’
711 470 856 540 ἡμᾶς
884 476 1165 550 οἰκονομίᾳ
1197 488 1576 554 κατεφαίνετο,
1610 492 1673 544 τὸ
1700 495 1795 546 καὶ
1818 496 1877 547 ait

329 556 696 586 n-'.—n.'.-&..2-
720 561 977 586 L-...£:_._u_
1021 570 1083 586 ,,\
1202 572 1214 586 1
1367 578 1379 586 .
1485 578 1499 586 .
1573 582 1585 586 _
1659 581 1671 586 -

2000 507 2273 566 quatenus
2317 519 2446 561 vero
2484 509 2624 564 Deus
2652 524 2716 564 ac
2761 507 3028 574 Dominus
3072 523 3373 580 secundum
3406 540 3565 586 natu-

328 556 529 619 αὐτοῦς
548 557 696 627 ἡμᾶς
717 561 983 633 ἀναὸἧναι
1005 570 1132 633 τοὺς
1160 572 1448 643 οὐρανοὺς,
1469 578 1544 641 ὡς
1570 582 1627 633 ἐν
1648 556 1895 655 ἀπαρχῇ,

326 646 424 697 καὶ
464 648 667 719 πρώτῳ
691 652 932 740 Χριστῷ.
966 658 1278 732 Πρόδρομος
1310 666 1416 737 γὰρ
1456 672 1550 723 καὶ
1586 675 1664 735 είς
1698 646 1896 740 αὐτοῦς

328 733 655 806 ἀνελήλυθεν
687 736 826 814 ὑπὲρ
860 747 1016 816 ήμῶν
1037 788 1052 813 ,
1105 750 1181 815 ὥς
1214 772 1319 808 που
1352 733 1446 812 καὶ
1473 733 1837 834 αὐτός-φησιν

329 824 615 893 θεσπέσιος
672 832 906 899 Παῦλος.
966 839 1075 892 Καὶ
1121 834 1154 915 ᾖ
1190 845 1290 913 μὲν
1336 824 1642 920 ἄνθρωπος,
1679 824 1892 913 ’νοεῖται

325 914 487 985 τυχὸν
519 918 809 991 ἀρχιερεὺς
828 923 909 980 ἔτι
932 927 1041 981 τῶν
1075 914 1359 1006 ἡμετέρων
1387 914 1577 1010 et}er
1598 914 1690 997 καὶ
1718 947 1893 1018 παρά-

323 1005 542 1106 κλιὲτος,
576 1013 670 1064 καὶ
705 1013 932 1086 ἱλασμός
952 1020 1090 1093 ὑπὲρ
1116 1023 1226 1078 τῶν
1255 1005 1542 1103 ἡμετέρων
1567 1005 1852 1106 ἁμαρτιιῦν
1873 1055 1889 1071 ·

318 1088 354 1167 ᾖ
392 1092 453 1149 δὲ
488 1098 621 1164 Θεὸς
667 1105 763 1157 καὶ
803 1104 1008 1179 Κύριος
1048 1088 1189 1168 κατὰ
1241 1088 1446 1185 ratione:
1495 1088 1893 1201 caespes—sn

321 1185 439 1281 tam
470 1189 510 1240 Γ
513 1193 794 1264 εννήτορι,
847 1199 983 1254 ἀλλὰ
1021 1205 1116 1258 καὶ
1169 1209 1250 1272 είς
1290 1212 1437 1280 ἡμᾶς
1481 1185 1680 1281 αὐτοὺς
1728 1185 1890 1276 ,οὐδὲν

314 1272 481 1347 ἧττον
507 1281 698 1348 πάλιν,
740 1286 834 1340 καὶ
865 1291 899 1360 ἡ
942 1293 1006 1346 ἐκ
1042 1294 1234 1350 τούτου
1266 1272 1585 1372 δίαϐἧσεται

317 1368 413 1421 καὶ
442 1368 648 1436 Παῦλος
682 1374 834 1445 ἔλεγε
861 1381 988 1449 περὶ
1015 1382 1109 1437 τοῦ
1144 1387 1356 1459 Πατρός
1380 1408 1395 1423 ·
1413 1368 1451 1445 -ι
1486 1394 1605 1449 Ὅτι
1645 1368 1736 1452 κᾶι
1766 1417 1889 1456 συν-

314 1458 533 1530 ήγειρε,
572 1464 666 1516 καὶ
704 1470 1055 1526 συνεκάθισεν
1092 1476 1239 1546 ἡμᾶς
1267 1458 1341 1532 ἐν
1387 1485 1501 1546 τοῖς
1542 1486 1887 1558 ἐπουρανίοις

314 1548 377 1602 ἐν
405 1552 652 1624 Χριστῷ.
701 1575 719 1608 ι
764 1560 1176 1635 Τετελεσμένων
1209 1565 1303 1623 οῦν
1348 1572 1455 1644 ἄρα
1492 1576 1601 1629 τῶν
1651 1548 1743 1634 ἐπὶ
1790 1548 1887 1651 τῆς

312 1640 442 1711 τῆς.
479 1644 538 1695 τὸ
563 1644 869 1715 ὲλλελοιπός
893 1653 1001 1707 ἔδει
1036 1657 1296 1731 πληροῦν,
1318 1640 1460 1718 τοῦτ’
1488 1667 1623 1735 ἐστι,
1658 1672 1717 1724 τὸ
1753 1640 1883 1728 avi:

313 1732 481 1802 ϐῆναι
519 1737 654 1808 πρὸς
698 1740 788 1795 τόν
817 1738 1057 1818 Πατέρα.
1108 1751 1208 1806 Διὰ
1258 1755 1416 1810 τοῦτό
1461 1776 1594 1829 φησι
1610 1732 1635 1792 ν’
1680 1782 1699 1814 ι
1735 1765 1884 1835 Συμ-

2004 603 2158 655 ram,
2187 607 2314 648 cum
2354 594 2516 654 Patre
2565 603 2847 671 considet,
2891 608 2987 663 sed
3038 611 3394 675 nihilosecius
3453 620 3566 677 haec

2001 679 2070 734 ad
2117 698 2219 739 nos
2264 687 2438 757 gloria
2490 693 2803 761 pertinebit.
2844 687 2999 756 Unde
3043 711 3097 758 et
3135 702 3338 764 Paulus
3389 711 3565 769 aiebat

2002 774 2069 829 de
2093 774 2254 833 Patre
2287 797 2299 834 :
2337 798 2356 828 ε
2388 783 2527 849 Quia
2556 794 2609 840 et
2657 794 3151 863 conresuscitavit,
3181 808 3235 854 et
3267 803 3565 861 consedere

2001 864 2132 922 fecit
2156 884 2256 926 nos
2290 871 2343 926 in
2370 874 2692 934 cmlestibus
2728 881 2783 935 in
2818 882 3037 942 Christo
3059 888 3146 943 W.
3193 910 3212 942 ι
3244 891 3381 948 Cum
3424 910 3555 967 ergo

2000 958 2182 1014 omnia
2214 974 2337 1028 qum
2384 966 2441 1019 in
2481 970 3063 1043 terris-dispensanda
3100 990 3256 1037 erant
3296 958 3558 1042 consum-

1999 1056 2228 1116 masset,
2256 1050 2498 1109 restabat
2540 1063 2771 1130 utquod
2802 1064 2989 1121 deerat
3037 1069 3304 1140 impleret,
3362 1090 3558 1147 nempe

1998 1145 2057 1193 ut
2089 1141 2409 1200 ascenderet
2441 1148 2507 1201 ad
2537 1148 2772 1207 Patrem.
2800 1155 3067 1222 Quocirca
3098 1162 3174 1217 ait
3212 1182 3225 1219 :
3276 1183 3293 1216 ι
3328 1141 3558 1237 Expedit

1995 1230 2155 1288 vobis
2220 1242 2277 1288 ut
2338 1251 2442 1306 ego
2486 1241 2703 1298 vatiam.
2750 1244 2806 1301 Si
2840 1250 2984 1305 enim
3037 1267 3139 1324 ego
3183 1270 3292 1310 non
3342 1230 3553 1327 abiero,

1994 1319 2312 1382 Paracietus
2367 1344 2476 1385 non
2523 1335 2705 1390 veniet
2755 1338 2822 1393 ad
2855 1351 2990 1399 "vos.
3031 1362 3049 1395 ι
3104 1347 3347 1417 Agedum
3400 1366 3551 1422 ergo,

1994 1411 2156 1467 aliam
2180 1419 2471 1485 quamdam
2504 1424 2940 1486 observationem
2983 1435 3329 1503 proferamus
3365 1443 3552 1498 utilem

1991 1516 2146 1574 atque
2175 1521 2239 1561 ac
2268 1524 2474 1566 veram.
2511 1513 2737 1573 Peracta
2768 1521 2986 1578 demum
3016 1540 3171 1583 erant
3202 1533 3383 1586 omnia
3433 1550 3555 1603 quae

1995 1595 2047 1650 in
2081 1599 2249 1655 terris
2279 1601 2652 1672 dispensanda
2693 1623 2884 1678 erant,
2927 1616 3090 1672 sicuti
3146 1624 3307 1677 modo
3353 1640 3555 1680 assere-

1993 1686 2224 1755 bamus;
2256 1691 2353 1746 sed
2382 1698 2671 1762 oportebat
2712 1706 2939 1760 omnino
2973 1707 3085 1763 fieri
3113 1722 3213 1767 nos
3267 1727 3553 1772 consortes

1990 1783 2043 1828 et
2072 1775 2272 1831 divinae
2312 1778 2476 1837 Verbi
2508 1794 2720 1843 natura:
2767 1793 3063 1864 participes
3088 1796 3132 1828 δ’
3156 1838 3170 1861 ,
3229 1814 3322 1854 seu
3359 1810 3551 1857 nostra

314 1822 472 1893 φέρει
505 1826 633 1897 ὑμῖν
684 1831 771 1885 ἴνα
801 1835 912 1901 ἐγὼ
947 1838 1190 1897 ἀπέλθω.
1232 1845 1356 1900 Ἐὰν
1384 1822 1494 1920 γάῥ
1525 1822 1610 1922 -μὴ
1640 1822 1877 1922 ἀπέλθω,

314 1913 345 1949 Α
391 1915 747 1949 ηηιιυμη-
805 1926 860 1949 -.ο.
913 1929 975 1949 --λ
1021 1931 1106 1949 ,κη
1291 1937 1301 1949 .
1394 1940 1407 1949 .
1473 1943 1498 1949 _
1659 1944 1716 1949 -.
1826 1947 1835 1949 _

1996 1822 2042 1828 ν,
2075 1822 2270 1831 ----.......
2330 1822 2476 1837 νων.
2510 1822 2720 1843 ηαιυιησ
2768 1822 3063 1864 ιιαιιιειμτςδ
3093 1822 3130 1828 ⁷⁷
3156 1838 3170 1861 ,
3229 1822 3322 1854 seu
3359 1822 3550 1857 nosua

1984 1865 2093 1918 vita
2120 1868 2308 1925 relicta
2341 1871 2396 1927 in
2424 1875 2587 1930 aliam
2617 1882 2911 1948 quamdam
2956 1886 3343 1945 transformari
3390 1905 3442 1947 et
3483 1894 3550 1949 ad

313 1913 361 1989 6‘
388 1915 747 1991 Παράκλητος
803 1926 863 1978 οὐ
910 1929 984 2000 μὴ
1018 1931 1146 2004 ἔλθῃ
1200 1937 1337 2009 πρὸς
1649 1944 1783 2015 Φέρε
1817 1913 1883 2017 δή

312 2020 369 2057 τι
396 2008 493 2060 καὶ
529 2010 665 2080 πρὸς
697 2014 904 2081 τούτοις
954 2019 1142 2092 ἕτερον
1189 2026 1498 2098 ἐπινοῶμεν
1529 2036 1640 2098 τοῖς
1672 2035 1886 2109 θεωρή-

314 2112 456 2163 μασι
484 2102 755 2172 χρήσιμόν
784 2123 842 2163 τε
876 2110 967 2162 καὶ
1000 2111 1219 2183 ἀληθές.
1247 2119 1594 2192 Κατώρθωτο
1635 2126 1736 2195 μὲν
1774 2102 1884 2199 *ξαρ

312 2185 531 2242 ἃπαντα
561 2190 745 2247 λοιπόν
781 2196 850 2250 τὰ
882 2199 975 2253 ἐπὶ
1001 2201 1100 2273 τῆς
1140 2206 1264 2277 γῆς,
1294 2185 1546 2285 καθάπερ
1584 2185 1886 2286 auersis;-

310 2277 708 2351 εσεϐαιούμεθα
736 2289 886 2341 νυνί·
921 2293 1060 2363 χρῆν
1102 2296 1159 2349 δὲ
1199 2298 1263 2369 δὴ
1314 2277 1535 2368 πάντως
1591 2277 1883 2375 κοινωνοὺς

309 2368 457 2438 ἡμᾶς
515 2374 609 2426 καὶ
652 2377 912 2448 μετόχους
955 2385 1208 2451 γενέσθαι
1397 2394 1547 2458 θείας
1582 2398 1676 2450 τοῦ
1706 2368 1882 2467 Λόγου

306 2458 549 2528 φύσεως,
581 2466 725 2537 ἤπερ
746 2471 843 2540 τὴν
873 2474 1081 2529 οἰκείαν
1113 2458 1355 2546 ἀφέντας
1378 2483 1523 2556 ζωὴν
1560 2489 1641 2549 είς
1684 2458 1880 2561 ἑτέραν

307 2556 854 2626 μετασκευάζεσθαι,
909 2564 1003 2619 καὶ
1062 2568 1198 2640 πρὸς
1247 2574 1542 2645 καινότητα
1606 2578 1879 2653 πολιτείας

305 2649 851 2718 μεταστοιχειοῦσθαι
876 2655 978 2720 τῆς
1009 2656 1295 2728 θεοφιλοῦς
1317 2678 1331 2692 ·
1373 2664 1492 2718 ἀλλ’
1530 2662 1598 2737 ἦν
1634 2649 1734 2740 οὐχ
1761 2672 1878 2724 ἐτέ-

303 2752 421 2804 ρως
470 2737 733 2794 δύνασθαι
765 2744 956 2801 τούτου
988 2754 1209 2820 τυχεῖν,
1261 2754 1310 2806 εἰ
1365 2754 1441 2825 μὴ
1492 2757 1580 2812 διὰ
1627 2737 1733 2831 τῆς⁷
1777 2762 1876 2818 τοῦ

301 2825 465 2893 ἁγίου
506 2830 824 2902 ιῐνεύματος
857 2841 1143 2906 κοινωνίας
1193 2862 1253 2897 τε
1305 2847 1399 2900 καὶ
1456 2825 1767 2918 μετουσίας.
1808 2854 1877 2907 Ὄ

299 2934 365 2970 τε
402 2919 515 2989 μὴν
567 2926 1017 2995 πρεπωδέστατός
1069 2950 1129 2986 τε
1169 2935 1264 2988 καὶ
1316 2938 1652 3005 οἰκειότατος
1684 2944 1875 3015 καιρός

300 3010 371 3079 τῇ
415 3010 511 3063 τοῦ
544 3013 861 3086 Πνεῦματος
903 3021 1208 3095 ἀποστολῇ,
1255 3029 1349 3081 καὶ
1392 3028 1601 3102 καθόδῳ
1638 3035 1705 3102 τῇ
1737 3010 1874 3105 πρός

302 3101 456 3170 ἡμᾶς
479 3142 497 3167 ,
526 3104 732 3168 ἐκεῖνος
763 3103 828 3176 ἦν
859 3110 967 3181 ἄρα
1006 3113 1192 3168 λοιπὸν
1242 3118 1537 3190 είστρέχων
1575 3101 1869 3195 εὐκαίρως,

302 3191 335 3243 ό
364 3192 503 3262 μετὰ
542 3195 640 3266 τὴν
670 3177 919 3253 ἐντεῦθεν
956 3205 1269 3276 ἀποδημίαν
1303 3177 1400 3262 τοῦ
1428 3177 1685 3284 Ξωτῆρος
1902 3177 1945 3236 C

299 3279 562 3351 Χριστοῦ.
600 3285 784 3341 Συνὼν
821 3290 922 3359 μὲν
963 3294 1073 3363 γὰρ
1106 3297 1187 3350 ἔτι
1224 3300 1363 3369 μετὰ
1398 3279 1606 3373 σαρκὸς
1630 3279 1873 3371 καῖ’τοῖς

299 3373 653 3428 πιστεύουσιν
669 3378 750 3441 εἰς
779 3381 963 3444 αὐτὸν,
994 3388 1220 3452 παντὸς,
1259 3385 1434 3460 οἶμαι,
1458 3395 1691 3465 χορηγός
1732 3398 1873 3466 ἀγα-

299 3460 399 3516 θοῦ
436 3464 784 3522 ἀνεδείκνυτο
813 3486 826 3499 ’
852 3471 966 3524 ἀλλ’
996 3475 1223 3548 ἐπείπερ
1259 3480 1420 3534 αὐτὸν
1445 3483 1876 3553 ἁνακομίζεσθαι

294 3551 411 3605 δεῖν
435 3554 571 3626 πρὸς
601 3557 692 3612 τὸν
722 3559 779 3612 ἐν
807 3564 921 3622 τοῖς
943 3565 1192 3635 οὐρανοῖς
1224 3570 1443 3643 Πατέρα
1468 3551 1658 3644 καιρός
1685 3575 1871 3629 ἐκάλει

294 3643 392 3695 καὶ
422 3645 603 3715 χρεία,
632 3648 748 3713 πῶς
772 3653 873 3705 οὐκ
903 3653 1008 3705 ἔδει
1044 3660 1278 3712 συνεῖναι
1309 3661 1396 3715 διὰ
1428 3662 1521 3716 τοῦ
1553 3666 1871 3736 Πνεῦματος

293 3733 413 3794 τοῖς
443 3735 762 3806 σεϐομένοις
798 3742 981 3811 αὐτὸν,
1015 3748 1108 3800 καὶ
1140 3750 1373 3803 ἐνοικεῖν
1399 3754 1457 3804 ἐν
1479 3756 1598 3817 ταῖς
1621 3756 1870 3827 καρδίαις

292 3822 461 3890 ἡμῶν
498 3824 585 3877 διὰ
619 3830 718 3898 τῆς
760 3830 999 3898 πίστεως
1025 3877 1041 3901 ,
1079 3837 1147 3890 ἵν’
1181 3839 1345 3892 αὐτὸν
1384 3841 1599 3912 ἔχοντες
1651 3822 1709 3898 ἐν
1737 3848 1869 3901 ἐαυ-

289 3913 412 3975 τοῖς
435 3953 450 3976 ,
474 3974 481 3981 .
494 3916 631 3984 μετὰ
667 3923 977 3992 παρρησίας
1020 3928 1312 4000 κράζωμεν
1334 3949 1347 3962 ·
1389 3952 1407 3984 ι
1460 3934 1629 3988 Ἀὅὸἄ
1650 3975 1665 4001 ,
1699 3938 1727 3989 ὁ
1761 3938 1872 3991 Πα-

293 4002 425 4072 τὴρ,
463 4021 482 4053 ι
528 4005 785 4078 καὶπρὸς
824 4013 1003 4067 πᾶσαν
1035 4017 1273 4080 εὐκόλως
1311 4018 1487 4090 ἴοιμεν
1515 4023 1737 4095 ἀρετὴν,
1776 4027 1870 4078 καὶ

296 4096 531 4162 προσέτι
560 4098 754 4170 τούτῳ,
787 4101 1000 4158 δυνατοί
1026 4123 1086 4159 τε
1114 4110 1207 4161 καὶ
1232 4110 1437 4181 ἄμαχοι
1476 4113 1612 4184 πρὸς
1647 4114 1747 4178 τὰς
1771 4115 1867 4168 τοῦ

293 4187 549 4242 διαϐόλου
592 4192 871 4260 μεθοδείας
896 4197 1299 4269 εὑρισκώμεθα,
1333 4203 1545 4266 καὶτὰς
1577 4196 1636 4268 ἐξ
1661 4205 1869 4275 ἀνθρώ-

296 4296 419 4330 πων
470 4280 904 4350 ἐπαναστάσεις,
956 4290 1052 4342 ἅτε
1105 4290 1168 4362 δὴ
1219 4293 1405 4346 καὶτὸ
1457 4294 1634 4347 πάντα
1686 4296 1867 4367 ἰσχῦον

295 4368 512 4435 ἔχοντες
549 4371 803 4444 Πνεῦμα;
835 4378 955 4431 Ὅτι
983 4380 1092 4451 γὰρ
1124 4383 1203 4445 είς
1233 4383 1427 4454 ἑτέραν
1454 4386 1577 4439 τινὰ
1606 4387 1864 4458 μεθίστη-

1987 1956 2283 2014 novitatem
2342 1965 2446 2033 piae
2501 1974 2944 2031 conversationis
3003 1977 3302 2035 instaurari
3354 1984 3548 2053 :qnod

1985 2046 2147 2102 aliter
2200 2066 2364 2120 quant
2425 2060 2846 2130 participatione
2905 2070 3084 2123 sancti
3137 2070 3377 2140 Spiritus
3420 2046 3545 2129 fieri

1983 2152 2092 2192 non
2135 2148 2368 2208 poterat.
2403 2144 2641 2218 Tempus
2684 2161 2866 2208 autem
2916 2159 3151 2216 maxime
3180 2172 3546 2232 opportunum

1984 2230 2234 2287 missioni
2278 2233 2519 2305 Spiritus
2544 2279 2558 2302 ,
2602 2250 2657 2295 et
2701 2244 2823 2311 ejus
2862 2246 2915 2301 in
2956 2264 3055 2305 nos
3096 2230 3315 2324 illapsui
3344 2294 3359 2318 ,
3413 2254 3545 2310 illud

1982 2330 2096 2374 erat
2141 2322 2286 2391 quod
2308 2325 2614 2383 discessum
2646 2331 2851 2388 Christi
2884 2339 3057 2392 nostri
3088 2322 3402 2398 Servatoris
3447 2360 3545 2400 cx-

1979 2410 2143 2479 cepit.
2182 2411 2318 2467 Nam
2349 2419 2591 2484 quandlu
2631 2422 2886 2480 Christus
2920 2442 3043 2480 cum
3074 2429 3326 2487 fidelibus
3365 2428 3548 2490 adhuc

1979 2498 2035 2552 in
2063 2508 2229 2556 carne
2257 2506 2601 2571 versabatur,
2631 2512 2833 2575 omnis,
2867 2520 2926 2594 ut
2964 2531 3108 2580 reor,
3154 2520 3282 2575 boni
3316 2522 3547 2594 iargitor

1976 2589 2061 2644 eis
2097 2594 2394 2661 apparebat
2436 2614 2452 2651 :
2500 2613 2692 2656 verum
2735 2602 2828 2657 ubi
2881 2588 2948 2659 ad
2997 2609 3277 2665 caelestem
3328 2588 3543 2668 Patrem

1979 2683 2312 2740 ascendendi
2360 2693 2575 2758 tempus
2613 2699 2667 2745 et
2697 2696 3001 2752 necessitas
3040 2699 3236 2763 adfuit,
3269 2706 3543 2773 quomodo

1977 2783 2087 2826 non
2128 2776 2418 2843 oportebat
2461 2792 2585 2833 eum
2619 2782 2926 2841 cultoribus
2961 2789 3077 2843 suis
3126 2805 3226 2859 per
3273 2790 3540 2863 Spiritum

1977 2866 2193 2929 adesse.
2226 2877 2277 2921 et
2313 2881 2410 2937 per
2446 2870 2606 2926 fidem
2637 2874 2692 2926 in
2729 2878 2935 2931 nostris
2968 2881 3231 2937 cordibus
3264 2880 3538 2951 habitare,

1977 2964 2039 3010 ut
2066 2955 2246 3026 ipsum
2294 2957 2558 3016 habentes
2597 2963 2652 3016 in
2695 2966 2893 3033 nobis,
2929 2983 3053 3022 cum
3103 2970 3301 3027 fiducia
3334 2974 3543 3030 clama-

1975 3058 2161 3100 remus
2190 3062 2205 3100 :
2237 3061 2255 3096 t
2289 3047 2464 3112 Abba,
2496 3048 2658 3106 Pater
2680 3052 2746 3116 “,
2787 3072 2805 3106 ι
2842 3062 2895 3110 et
2925 3054 2991 3111 ad
3036 3073 3252 3116 onmem
3282 3064 3540 3120 virtutem

1978 3133 2140 3191 facile
2190 3149 2583 3206 curreremus,
2642 3159 2704 3198 ac
2742 3155 3004 3214 praaterea
3051 3161 3301 3219 potentes
3348 3166 3401 3210 et
3451 3158 3538 3211 in-

1976 3224 2106 3279 victi
2149 3227 2413 3284 adversus
2444 3226 2653 3287 diaboli
2704 3235 2937 3291 insidias
2989 3248 3042 3293 et
3082 3241 3320 3299 insultus
3359 3244 3538 3300 ltotni-

1976 3329 2107 3369 num
2135 3317 2523 3385 reperirentur,
2554 3329 2614 3374 ut
2643 3322 2736 3391 qui
2770 3327 3231 3396 cunctipotentcm
3273 3331 3537 3403 Spiritum

1978 3405 2314 3464 habeamus?
2336 3408 2492 3475 Quod
2522 3412 2666 3466 enim
2696 3414 2751 3467 in
2784 3415 2951 3470 alium
2975 3421 3263 3488 quemdam
3294 3422 3535 3477 habitum

1975 3493 2332 3552 transformet
2385 3513 2481 3555 eos
2535 3500 2590 3554 in
2645 3503 2846 3572 quibus
2895 3504 3061 3561 fuerit
3113 3515 3167 3561 et
3216 3509 3539 3565 inhabitarit

1976 3585 2256 3654 Spiritus,
2319 3602 2526 3661 eosque
2594 3591 2648 3646 in
2704 3595 3003 3652 novitatem
3060 3599 3184 3654 vita:
3238 3608 3534 3664 restauret,

1972 3691 2156 3731 nonne
2189 3677 2349 3735 facile
2378 3689 2467 3736 est
2491 3682 2692 3749 cuivis,
2725 3698 2850 3739 cum
2882 3700 2951 3741 ex
2990 3690 3193 3767 veteris
3222 3697 3336 3745 tum
3383 3707 3535 3747 nova:

1973 3764 2274 3837 Scriptura:
2314 3772 2648 3830 testimoniis
2694 3778 3026 3833 ostendere?
3070 3764 3304 3834 Divinas
3335 3781 3538 3851 quippe

1968 3857 2133 3927 920
2158 3858 2380 3916 Samuel
2413 3877 2537 3917 cum
2567 3865 2633 3918 ad
2672 3866 2889 3922 Saulem
2912 3869 3076 3923 verba
3126 3868 3370 3925 faceret:
3410 3887 3430 3922 ι
3470 3872 3534 3925 Et

1972 3949 2197 4014 insiliet,
2225 3951 2601 4023 inquit,super
2620 3963 2672 4011 te
2704 3956 2941 4026 Spiritus
2964 3956 3199 4022 Domini,
3225 3969 3279 4014 et
3305 3963 3535 4017 verteris

1970 4036 2024 4090 in
2064 4038 2242 4092 virum
2292 4041 2459 4096 alium
2484 4043 2547 4098 δ’.
2588 4064 2606 4095 ›
2646 4045 2842 4102 Beatus
2877 4055 3055 4103 autem
3088 4048 3329 4105 Paulus:
3368 4070 3387 4103 ι
3423 4051 3533 4108 Nos

1971 4144 2099 4183 vero
2127 4145 2339 4193 omnes,
2376 4133 2610 4189 revelata
2638 4136 2777 4192 facie
2818 4139 3047 4208 gloriam
3083 4139 3296 4196 Domini
3329 4158 3530 4211 specu-

1970 4218 2183 4281 lantes,
2246 4221 2300 4289 in
2348 4223 2593 4278 eamdem
2648 4225 2939 4296 imaginem
3005 4229 3461 4284 transformamur
3500 4248 3531 4286 a

1968 4308 2223 4364 claritate
2261 4312 2316 4365 in
2343 4313 2675 4381 claritatem,
2705 4324 2971 4388 tanquam
2993 4332 3022 4372 a
3050 4318 3264 4374 Domini
3297 4321 3526 4391 Spiritu.

1968 4397 2234 4455 Dominus
2260 4409 2443 4457 autem
2475 4401 2715 4473 Spiritus
2749 4415 2834 4462 est
2858 4406 2925 4462 ⁸⁷.
2966 4426 2985 4459 ι
3020 4406 3185 4464 Vides
3207 4416 3265 4463 ut
3293 4409 3533 4480 Spiritus

297 4473 386 4508 σιν
415 4458 525 4522 ’ἐξιν
561 4463 689 4527 τοὺς
744 4466 803 4518 ἐν
844 4461 925 4531 οἷς
970 4468 1035 4522 ἂν
1077 4471 1285 4539 γένοιτο
1330 4474 1423 4526 καὶ¹
1468 4472 1768 4547 κατοικήσῃ
1804 4478 1866 4531 τὸ

297 4547 361 4571 η-
385 4549 517 4571 Αῗημ
686 4555 698 4571 ο
784 4557 797 4571 ο
1011 4559 1023 4571 ι
1196 4563 1235 4571 ,ι
1481 4564 1493 4571 .
1528 4567 1538 4571 -
1696 4566 1719 4571 ,κ
1775 4568 1797 4571 ,ν

1979 4490 2324 4546 lransformet
2354 4458 2863 4563 quodammodoﬂin
2906 4458 3069 4554 aliam
3112 4458 3402 4571 imaginerm
3434 4517 3532 4559 eos

292 4547 521 4619 Πνεῦμα
547 4593 563 4616 ,
614 4555 709 4607 καὶ
750 4557 829 4620 είς
871 4559 1166 4630 καινότητα
1192 4563 1246 4616 δὲ
1298 4564 1663 4633 μεταπλάττει
1690 4566 1859 4638 ζωῆς,

294 4638 417 4703 πῶς
440 4642 499 4694 οὐ
528 4645 724 4714 ῥᾳδίως
751 4644 993 4721 ἐπιδείξῃ
1026 4668 1109 4715 τις
1132 4651 1220 4719 ἂν,
1260 4654 1368 4706 ἀπό
1404 4672 1462 4708 τε
1488 4655 1589 4726 τῆς
1632 4657 1867 4728 ἀρχαίας

287 4730 393 4784 καὶ
432 4731 559 4797 νέας
596 4735 850 4806 Γραφῆςς
894 4736 951 4791 '0
994 4741 1092 4810 μὲν
1130 4742 1238 4816 γὰρ
1268 4743 1552 4811 θεσπέσιος
1586 4748 1863 4819 Σαμουὴλ,

284 4822 385 4874 ὅτε
434 4824 563 4888 τούς
600 4827 736 4897 πρὸς
782 4829 873 4882 τὸν
911 4831 1085 4884 Σαοὺλ
1127 4834 1362 4888 ἐποιεῖτο
1418 4836 1641 4905 λόγουςο
1694 4857 1712 4889 ι
1757 4840 1866 4892 Καὶ

281 4910 600 4978 ἐφαλεῖται,
633 4918 815 4985 φησιν,
851 4920 944 4972 ἐπὶ
975 4921 1034 4974 σὲ
1064 4924 1288 4996 Πνεῦμα
1318 4930 1546 4999 Κυρίου,
1573 4930 1668 4984 καὶ
1699 4947 1864 5003 στρα-

278 5003 447 5073 φήσῖῑ
489 5005 568 5068 είς
609 5006 778 5078 ἄνδρα
822 5009 1000 5066 ἄλλον.
1041 5033 1061 5066 ι
1103 5016 1161 5070 '0
1205 5017 1260 5071 δὲ
1314 5020 1583 5091 μακάριος
1616 5023 1861 5086 Παῦλος

283 5114 307 5148 α
364 5094 555 5165 Ἡμεῖς
580 5099 637 5152 δὲ
673 5102 875 5168 πάντες
916 5106 1424 5182 ἀνακεκαλυμμένῳ
1461 5114 1738 5186 προσώπῳ
1768 5117 1865 5187 τὴν

272 5184 453 5250 δόξαν
479 5189 685 5258 Κυρίου
716 5197 1225 5267 κατοπτριζόμενοι,
1250 5203 1330 5265 είς
1356 5205 1456 5274 τὴν
1481 5205 1652 5276 αὐτὴν
1676 5206 1862 5258 εἰκόνα

276 5282 835 5353 μεταμορφούμεθα,
884 5288 992 5341 ἀπὸ
1032 5289 1190 5363 δόξης
1228 5295 1307 5357 είς
1361 5294 1553 5363 δόξαν,
1604 5296 1856 5369 καθάπερ

273 5368 400 5422 ἀπὸ
441 5372 647 5443 Κυρίου
693 5377 1032 5449 Πνεύματος.
1076 5381 1135 5437 '0
1181 5383 1237 5436 δὲ
1283 5386 1487 5456 Κύριος
1528 5388 1590 5441 τὸ
1633 5368 1861 5460 Πνεῦμα

272 5460 459 5516 ἐστιν.
500 5482 520 5515 ι
574 5465 738 5537 Ὁρᾷς
787 5472 870 5524 ὅτι
916 5475 1282 5542 μεταπλάττει
1336 5478 1398 5532 τὸ
1446 5481 1670 5550 Πνεῦμα
1724 5483 1859 5553 πρὸς

1969 4582 2022 4634 in
2055 4583 2257 4652 quibus
2310 4584 2620 4641 inhabitat?
2664 4588 2953 4646 Transfert
3000 4593 3146 4647 enim
3181 4592 3344 4649 facile
3374 4609 3404 4648 a
3440 4610 3531 4649 re-

1967 4688 2089 4726 rum
2118 4684 2455 4730 terrenarum
2481 4692 2646 4733 sensu
2681 4681 2745 4735 ad
2778 4682 3077 4750 spectanda
3111 4685 3290 4738 solum
3316 4700 3379 4740 ea
3407 4702 3531 4757 qua:

1967 4774 2093 4817 sunt
2120 4764 2174 4818 in
2199 4768 2382 4829 eteiis,
2421 4772 2477 4823 et
2502 4778 2565 4824 ex
2596 4769 2802 4826 imbelli
2840 4772 3131 4829 timiditate
3152 4775 3217 4830 ad
3245 4783 3528 4832 strenuam

1966 4860 2021 4907 et
2050 4855 2532 4922 generosissimam
2563 4858 2670 4912 vim
2703 4860 2892 4914 animi.
2921 4858 3108 4932 Neque
3137 4879 3265 4918 vero
3300 4866 3529 4919 dubium

1964 4950 2050 4997 est
2082 4944 2212 5011 quin
2246 4944 2319 4998 ita
2353 4945 2575 5002 affectos
2610 4951 2949 5017 reperiamus
2986 4953 3299 5024 discipulos
3348 4965 3403 5011 et
3447 4959 3529 5011 sic

1966 5048 2061 5102 per
2093 5033 2356 5104 Spiritum
2409 5038 2765 5093 confirmatos
2790 5081 2805 5106 ,
2840 5049 2899 5095 ut
2950 5046 3391 5114 persequentium
3440 5046 3526 5098 in-

1966 5126 2221 5181 cursibns
2249 5142 2594 5196 nequaquam
2627 5130 3001 5199 vincerentur,
3033 5132 3129 5190 scd
3161 5135 3438 5191 dilectioni
3472 5139 3525 5193 in

1965 5212 2245 5267 Christum
2284 5215 2567 5272 mordicus
2610 5220 2978 5277 adhzererent.
3009 5221 3211 5277 Verum
3244 5223 3412 5293 igitur
3443 5235 3527 5280 est

1964 5306 2113 5373 quod
2154 5305 2230 5357 ait
2274 5304 2533 5361 Servatur
2574 5329 2587 5364 :
2625 5330 2644 5362 ι
2680 5309 2908 5382 Expedit
2960 5314 3115 5369 vobis
3185 5323 3244 5368 ut
3313 5331 3414 5383 ego
3460 5318 3529 5371 ad

1966 5394 2137 5448 eteius
2170 5404 2432 5453 revertar.
2467 5417 2488 5452 ι
2517 5398 2757 5473 Tempus
2790 5404 2935 5458 enim
2967 5404 3099 5460 illud
3129 5419 3249 5463 erat
3298 5408 3530 5465 desectio

1967 5485 2081 5538 Suri
2123 5485 2387 5554 Spiritus.
3542 5494 3551 5505 ’

273 5554 482 5626 ἑτέραν
525 5558 717 5630 ὥσπερ
746 5564 965 5630 εἰκόνα,
997 5570 1123 5632 τοὺς
1154 5570 1215 5622 ἐν
1242 5567 1323 5634 οἷς
1369 5572 1437 5626 ἂν
1472 5577 1716 5641 φαίνοιτο
1760 5578 2149 5631 καταυλεσθέν·
2184 5580 2485 5653 Μεθίστησι
2534 5585 2641 5657 γὰρ
2712 5586 2946 5652 εὐκόλως
3008 5591 3116 5644 ἀπό
3159 5592 3250 5647 τοῦ
3314 5594 3528 5663 φρονεῖν

361 5731 650 5806 “'Ephcs.
690 5753 750 5803 tt,
784 5739 838 5795 6.
913 5743 956 5774 ”
978 5741 1016 5795 ιι
1040 5728 1185 5799 l’ctr.
1222 5760 1261 5812 l,
1300 5744 1353 5800 εί.
1434 5747 1681 5802 "Gaiat.
1726 5766 1796 5816 tv,
1838 5751 1889 5803 6.

1968 5752 2050 5806 “l
2086 5751 2216 5823 lleg.
2261 5771 2313 5821 κ,
2355 5758 2406 5810 6.
2488 5757 2525 5789 ³⁷
2552 5757 2593 5812 ll
2630 5760 2756 5815 Cor.
2793 5778 2876 5830 ιιι,
2916 5762 3014 5829 l7,
3056 5765 3141 5820 18.
