4042 6204
482 342 592 404 435

1436 349 1493 406 S.
1532 349 1807 406 CYRILLI
1845 350 2313 409 ALEXANDRINI
2346 352 2667 413 ARCHIEP.

3606 349 3708 409 456

483 459 688 515 ἐθέλειν
717 459 784 515 τά
833 461 927 514 ἐπὶ
966 460 1063 533 τῆς
1090 460 1194 534 γῆς
1214 501 1229 525 ,
1262 461 1341 525 εἰς
1369 461 1431 516 τὸ
1460 462 1599 534 μόνα
1631 462 1850 534 βλέπειν
1882 462 1951 518 τά
1985 466 2042 518 ἐν
2079 464 2347 536 οὐρανοῖς,
2377 465 2471 519 καὶ
2503 466 2561 533 ἐξ
2594 465 2855 537 ἀνάνδρου
2910 464 3134 530 δειλίας,
3181 464 3261 529 εἰς
3316 463 3711 535 εὐτολμοτάτην

483 560 741 613 διάνοιαν.
777 558 899 613 Ὀτι
940 559 997 613 δέ
1023 559 1271 625 καὶτοὺς
1301 560 1549 632 μαθητὰς
1590 562 1748 616 τοῦτο
1776 562 2048 627 παθόντας
2080 564 2408 635 εὑρήσομεν,
2440 564 2535 618 καὶ
2562 564 3033 636 κεχαλκευμένους
3068 562 3157 617 διά
3213 560 3308 613 τοῦ
3373 557 3709 629 Πνεύματος,

483 656 561 717 εἰς
586 652 647 706 τὸ
690 654 827 726 μήτε
858 654 955 717 τὰς
1000 654 1110 711 τῶν
1148 657 1455 712 διωκόντων
1485 659 1888 724 ἐπαναστάσεις
1915 662 2213 732 κατανικᾷν
2237 661 2333 733 (1),
2396 662 2533 717 ἀλλά
2575 662 2670 717 καὶ
2705 663 2805 733 τῆς
2868 662 2949 724 εἰς
2989 655 3222 730 Χριστὸν
3289 652 3509 723 ἀγάπης
3547 650 3715 722 ἀπρὶξ

483 744 807 815 ἐχομένους,
854 746 1150 818 οὐδαμόθεν
1198 748 1517 820 ἀμφίϐολον.
1569 749 1780 806 Οὐκοῦν
1837 752 2044 823 ἀληθὴς
2075 752 2169 805 τοῦ
2203 754 2457 827 Σωτῆρος
2498 757 2528 809 6
2558 754 2736 824 λόγος,
2769 772 2789 806 ι
2828 750 3104 822 Συμιρέρει
3142 748 3293 818 ὑμῖν,
3325 744 3600 813 λέγοντος.
3655 741 3716 793 τδ

483 831 836 901 ἀποδημῆσαί
881 851 950 904 με
986 835 1067 899 εἰς
1094 835 1374 906 οὐρανούς.
1413 856 1433 889 ι
1483 837 1722 903 Ἐκεῖνος
1762 839 1873 910 γὰρ
1919 836 1988 912 ἦν
2015 841 2045 893 6
2082 841 2273 913 καιρὸς
2301 845 2401 914 τῇς
2423 843 2648 898 καθόδου
2678 843 2773 897 τοῦ
2798 840 3136 911 Πνεύματος.

554 920 695 983 XVI,
728 921 880 977 8-H.
915 923 984 977 Et
1016 941 1135 979 cum
1170 928 1382 983 venerit.
1408 927 1530 991 ille,
1570 939 1754 1001 arguet
1784 930 2040 985 mundum

2210 932 2321 986 Kal
2366 932 2560 989 ἐλθὼν
2586 932 2819 997 ἐκεῖνος
2835 971 2851 996 ,
2898 927 3133 999 ἐλέγξει
3174 924 3281 979 τὸν
3315 923 3547 993 κόσμον
3578 924 3715 994 περί

482 1011 547 1067 de
570 1023 806 1082 peccato,
837 1023 886 1067 et
916 1013 981 1068 de
1014 1015 1254 1084 justitia,
1291 1029 1337 1072 et
1371 1017 1435 1073 de
1473 1019 1699 1089 judicio.
1729 1019 1806 1074 De
1834 1030 2046 1089 peccato

482 1104 712 1174 quidem,
742 1106 868 1176 quia
896 1123 1001 1162 non
1047 1109 1264 1164 credunt
1310 1111 1365 1164 in
1417 1128 1516 1167 me.
1554 1111 1628 1168 De
1656 1112 1876 1182 justitia
1904 1130 2045 1180 vero,

481 1195 607 1264 quia
635 1194 705 1249 ad
734 1195 952 1251 Patrem
982 1197 1136 1263 vado,
1175 1208 1225 1254 et
1249 1199 1367 1269 iam
1400 1217 1505 1256 non
1547 1200 1793 1258 videbitis
1833 1219 1935 1259 me.
1967 1202 2048 1258 De

478 1286 683 1356 judicio
719 1296 893 1343 autem
915 1328 929 1354 ,
977 1291 1107 1360 quia
1140 1291 1380 1360 princeps
1412 1291 1570 1361 hujus
1621 1292 1805 1348 mundi
1818 1287 2046 1356 judica-

484 1386 568 1431 tus
600 1386 701 1433 est.

550 1467 848 1539 Postquam
900 1470 1142 1528 ostendit
1198 1481 1569 1543 opportunum
1635 1474 1940 1533 descensus
1993 1484 2050 1532 et

481 1557 766 1615 missionis
799 1560 1038 1630 Spiritus
1070 1569 1288 1633 tempus
1317 1580 1473 1633 esse,
1505 1567 1552 1621 si
1575 1567 1642 1621 ad
1675 1565 1893 1622 Patrem
1920 1568 2043 1623 red-

482 1648 642 1712 ierit,
702 1657 757 1703 et
812 1658 1102 1721 postquam
1158 1654 1574 1709 acerbissimum
1623 1655 1868 1711 dolorem
1922 1670 2050 1711 san-

481 1745 698 1792 ctorum
731 1738 1127 1812 discipulorum
1181 1758 1280 1812 per
1329 1743 1433 1799 hoc
1493 1744 1710 1800 abunde
1756 1746 2048 1816 mitigavit,

479 1828 592 1899 jam
624 1829 753 1900 quid
777 1831 1125 1901 praestiturus
1161 1837 1233 1887 sit
1256 1833 1582 1891 Paraclctus
1612 1836 1836 1905 insuper
1869 1843 2053 1893 osten-

484 1918 585 1975 dit.
618 1939 638 1972 ι
662 1920 798 1976 Cum
837 1923 984 1978 enim
1018 1926 1254 1990 venerit,
1297 1927 1495 1997 inquit,
1547 1912 1739 1998 arguet
1781 1927 2048 1983 mundum

484 2013 554 2069 de
590 2023 846 2083 peccato,
909 2023 963 2072 et
1010 2017 1080 2072 de
1127 2017 1387 2087 justitia,
1437 2027 1493 2074 et
1541 2019 1610 2075 de
1657 2019 1889 2089 judicio.
1924 2039 1942 2071 ι
1988 2019 2053 2073 Et

485 2106 710 2175 quidem
739 2107 1017 2178 quomodo
1057 2108 1241 2164 futura
1291 2111 1364 2165 sit
1392 2110 1463 2167 de
1497 2125 1830 2181 unoquoque
1859 2111 2054 2167 redar-

485 2198 658 2267 gutio,
692 2209 949 2256 accurate
997 2201 1204 2255 docuit.
1263 2200 1401 2267 Quia
1436 2209 1619 2258 tamen
1658 2201 1907 2256 nonnulli
1942 2217 2051 2257 non

2147 1022 2465 1093 ἁμαρτιας,
2520 1025 2619 1079 καί
2655 1023 2788 1094 περὶ
2817 1019 3244 1085 δικαιοσύνης,
3288 1013 3388 1069 καὶ
3428 1014 3560 1083 περὶ
3592 1016 3720 1084 κρί-

2147 1128 2319 1182 σις’ως⁹
2379 1113 2520 1184 Περὶ
2550 1114 2840 1185 ἁμαρτίας
2864 1113 3011 1183 μὲν,
3063 1109 3154 1163 ὅτι
3202 1108 3274 1160 οὐ
3325 1105 3720 1159 πιστεύουσιν

2145 1206 2234 1271 εἰς
2259 1204 2390 1275 ἐμέ.
2436 1205 2576 1274 Περί
2610 1204 3003 1271 δικαιοσύνης
3025 1199 3094 1256 δὲ
3113 1240 3127 1265 ,
3152 1197 3241 1252 ὅτι
3270 1196 3419 1267 πρὸς
3450 1197 3554 1251 τὸν
3598 1199 3718 1250 Πα-

2145 1295 2288 1365 τέρα
2303 1295 2528 1367 dudm,
2552 1297 2650 1351 καί
2675 1296 2874 1351 οὐκέτι
2892 1289 3157 1362 θεωρεῖτέ
3178 1307 3274 1361 με.
3307 1289 3444 1357 Περὶ
3465 1289 3721 1358 κρίσεως

2148 1386 2237 1449 δὲ,
2272 1386 2362 1440 ὅτι
2386 1390 2420 1441 ό
2445 1385 2647 1457 ἄρχων
2664 1386 2772 1441 τοῦ
2794 1386 3024 1455 κόσμου
3057 1383 3276 1438 τούτου
3293 1379 3573 1448 κέκριται.

2217 1477 2423 1549 Καιρὸν
2469 1477 2743 1543 ἐπιδείξας
2774 1476 2865 1531 τὸν
2905 1476 3094 1530 δέοντα
3138 1473 3241 1544 τῆς
3270 1470 3363 1525 τοῦ
3401 1470 3720 1542 Πνεύματος

2149 1568 2376 1623 καθόδου
2418 1569 2513 1623 καὶ
2554 1568 2891 1637 ἀποστολῆς,
2933 1566 2994 1619 τὸ
3034 1563 3383 1635 ἀποδημῆσαι
3434 1561 3571 1632 πρὸς
3625 1560 3723 1613 τὸν

2151 1659 2398 1731 Πατέρα,
2443 1660 2538 1714 καὶ
2565 1659 2664 1731 τὴν
2711 1662 2768 1713 ἐν
2814 1660 2927 1721 τοῖς
2975 1655 3149 1724 ἁγίοις
3192 1652 3461 1724 μαθηταῖς
3497 1649 3721 1721 ἀγριαί-

2149 1766 2344 1803 νουσαν
2370 1748 2547 1820 λύπην
2574 1748 2923 1819 ἀποχρόντως
2952 1746 3038 1800 διὰ
3058 1743 3249 1798 τούτου
3280 1740 3719 1814 τεθεραπευκὼς,

2150 1843 2243 1896 καὶ
2272 1841 2432 1895 τίνων
2460 1840 2612 1894 ἔσται
2643 1838 2973 1912 δημιουργὸς
3000 1840 3028 1892 6
3057 1834 3409 1908 Παράκλητος
3435 1833 3725 1904 χρησίμως

2151 1931 2673 2003 προσεπιδεὺινυσιν.
2727 1949 2746 1982 ι
2786 1929 2988 1984 Ἐλθὼν
3021 1930 3151 2000 γὰρ,
3180 1927 3363 1998 φησὶν,
3395 1925 3600 1993 ἐλέγξει
3627 1923 3725 1976 τὸν

2152 2022 2354 2092 κόσμον
2390 2023 2519 2094 περὶ
2562 2021 2866 2094 ἁμαρτίας,
2918 2021 3010 2074 καὶ
3051 2017 3180 2090 περὶ
3201 2014 3577 2084 δικαιοσύνης,
3624 2015 3725 2066 καὶ

2152 2114 2279 2183 περὶ
2319 2114 2572 2185 κρίσεως.
2602 2132 2621 2164 ι
2670 2113 2780 2166 Καὶ
2818 2112 2938 2166 τίνα
2978 2109 3074 2182 μὲν
3097 2108 3364 2181 τρόπονὸ
3393 2106 3475 2174 ἐφ’
3505 2105 3725 2174 ἑκάστῳ

2150 2205 2260 2260 τῶν
2296 2205 2598 2277 εἰρημένων
2646 2204 2865 2275 ἐλεγχος
2903 2202 3083 2267 ἔσται,
3129 2198 3529 2269 διαμεμήνυκεν
3559 2196 3725 2264 ἀκρι-

486 2285 776 2341 admodum
808 2287 970 2342 facile
1006 2288 1121 2344 haec
1148 2290 1366 2360 assequi
1400 2289 1575 2344 videri
1608 2298 1864 2360 possunt,
1898 2290 2052 2361 sigil-

2159 2296 2284 2361 ϐῶς.
2523 2273 2859 2365 ἐπείπερήού
2907 2291 3027 2346 λίαν
3078 2288 3313 2351 εὐκόλως
3366 2285 3728 2358 προσϐάλλειν

485 2376 643 2432 latim
669 2377 1053 2447 explicandum
1079 2379 1338 2446 arbitror,
1377 2388 1432 2435 et
1454 2378 1676 2449 quinam
1710 2379 2053 2452 singulorum

488 2468 561 2523 sit
585 2483 784 2525 sensus
816 2470 1020 2526 clarius
1051 2470 1457 2541 exponendum.
1492 2471 1680 2526 Primo
1714 2471 1902 2541 itaque
1931 2471 2056 2526 loco

487 2559 712 2627 ponitur
749 2559 1068 2631 redargutio
1104 2560 1172 2616 de
1205 2568 1454 2631 peccato.
1491 2559 1596 2627 Qui
1632 2575 1761 2616 vero
1791 2559 2055 2615 mundum

488 2651 722 2721 arguet?
771 2651 1143 2722 Nempe‘cum
1197 2653 1256 2707 in
1289 2652 1576 2722 diligentes
1614 2651 1919 2718 Christum,
1954 2665 2055 2706 ceu

488 2741 687 2811 dignos
715 2754 780 2796 ac
814 2740 1021 2807 ﬁdeles,
1054 2742 1357 2808 intraverit,
1381 2750 1512 2795 tunc
1544 2750 1715 2808 certe,
1738 2750 1872 2796 tunc
1899 2756 2058 2796 mun-

490 2830 652 2895 dum,
705 2830 812 2885 hoc
850 2840 936 2886 est
987 2831 1301 2902 imperitos,
1352 2839 1406 2885 et
1446 2829 1695 2888 inﬁdeles
1754 2831 1954 2897 adhuc,
2004 2839 2059 2888 et

490 2921 835 2992 voluptatum
872 2923 1072 2980 studiis
1097 2921 1309 2990 allixos,
1343 2924 1458 2993 ipsa
1488 2938 1547 2978 re
1566 2931 1777 2994 arguet,
1800 2925 2060 2980 condem-

493 3012 753 3082 nabitque
792 3019 853 3067 ut
892 3013 1132 3081 peccatis
1163 3013 1439 3069 obnoxios
1487 3013 1716 3083 suisque
1750 3013 1904 3071 vitiis
1958 3014 2063 3070 im-

492 3102 814 3159 morituros.
847 3103 1006 3174 92],
1047 3103 1402 3177 Nequaquam
1429 3104 1575 3161 enim
1600 3104 1744 3161 Deus
1789 3120 2057 3176 personas

492 3191 786 3263 respiciet,
834 3209 1010 3264 neque
1044 3194 1131 3251 his
1174 3194 1492 3250 hominibus
1535 3196 1656 3251 sine
1695 3194 1845 3264 justa
1890 3209 2060 3251 causa

492 3285 756 3357 largietur
811 3286 1076 3356 Spiritum
1103 3325 1119 3351 ,
1165 3286 1289 3343 aliis
1339 3301 1451 3341 non
1497 3286 1671 3342 item:
1703 3287 1799 3342 sed
1836 3287 1892 3342 in
1924 3287 2059 3342 solis

497 3374 680 3446 dignis
714 3375 1024 3433 inhabitare
1053 3376 1217 3433 faciet
1236 3375 1608 3443 Paraclelum,
1641 3379 1735 3449 qui
1774 3394 1872 3450 per
1902 3378 2060 3433 [idem

494 3467 769 3522 sinceram
815 3472 875 3520 ut
918 3466 1085 3523 Deum
1132 3482 1324 3523 revera
1367 3469 1682 3534 coluerint,
1724 3480 1778 3525 et
1815 3471 2061 3526 universi

2155 2388 2302 2451 εἰκὸς
2321 2387 2399 2459 τῷ
2428 2386 2743 2458 θεωρήματι
2766 2401 2938 2447 τινας,
2959 2380 3344 2453 διερμηνεῦσαι
3363 2379 3470 2432 δεῖν
3499 2375 3600 2430 ἀνά
3626 2376 3732 2445 μέ-

2159 2497 2251 2551 ρος
2276 2479 2663 2550 ὑπολαμϐἀνω,
2688 2477 2781 2532 καὶ
2825 2476 3143 2547 λευκότερον
3178 2473 3349 2525 εἰπεῖν
3386 2470 3479 2523 τοῦ
3522 2483 3732 2539 σημαι-

2156 2573 2380 2642 νομένου
2412 2572 2513 2644 τὴν
2545 2570 2792 2641 δύναμιν.
2846 2568 3096 2623 Τέθειται
3135 2565 3311 2619 τοίνυν
3340 2565 3398 2617 ἐν
3434 2558 3667 2630 πρώτοις
3698 2558 3733 2611 6

2157 2663 2287 2734 περὶ
2342 2662 2442 2732 τῆς
2486 2660 2759 2732 ἁμαρτίας
2782 2659 3022 2728 ἔλεγχος.
3083 2654 3207 2718 Πῶς
3251 2648 3343 2707 οὖν
3381 2649 3588 2718 ἐλέγξει
3632 2648 3733 2701 τὸν

2158 2752 2392 2823 κόσμον;
2418 2751 2587 2804 Ὅταν
2613 2750 2722 2820 γὰρ
2753 2751 2864 2813 τοῖς
2891 2747 3143 2817 ἀγαπῶσι
3172 2743 3423 2816 Χριστὸν,
3448 2741 3523 2804 ὡς
3554 2739 3737 2803 ἀξίοις

2158 2840 2259 2911 ήδη
2289 2840 2382 2893 καὶ
2408 2836 2795 2892 πεπιστευκόσι
2823 2837 3067 2907 γένηται,
3099 2832 3220 2886 τότε
3249 2830 3336 2902 δὴ,
3368 2829 3487 2883 τότε
3518 2827 3608 2880 τὸν
3631 2827 3735 2880 κό-

2161 2947 2324 3002 σμον,
2377 2928 2520 2984 τοῦτ’
2554 2930 2699 2995 ἐστι,
2736 2928 2863 2991 τοὺς
2906 2924 3288 2987 ἀπαιδεύτους,
3344 2921 3439 2974 καὶ
3467 2919 3740 2980 ἀπίστους

2160 3022 2243 3077 ἐτι
2263 3063 2279 3090 ,
2325 3022 2419 3076 καὶ
2448 3022 2569 3084 ταῖς
2600 3021 2659 3074 ἐν
2692 3019 2884 3089 κόσμῳ
2916 3016 3248 3086 φιληδονίαις
3285 3011 3739 3083 κεκρατημένους

2159 3115 2227 3169 δι’
2258 3111 2422 3167 αὐτοῦ
2461 3109 2762 3181 κατακρίνῃ
2801 3107 2896 3162 τοῦ
2927 3105 3270 3178 πράγματος,
3294 3103 3369 3165 ὡς
3398 3102 3613 3171 ἐνόχους
3635 3102 3741 3153 ἐπὶ

2161 3206 2281 3267 ταῖς
2314 3202 2472 3265 ἰδίαις
2505 3201 2821 3273 ἁμαρτίαις,
2853 3198 2947 3252 καὶ
2979 3200 3093 3261 τοῖς
3122 3194 3328 3249 ἑαυτῶν
3352 3190 3743 3260 ἐντεθνηεομὲ-

2163 3311 2289 3359 νους
2314 3293 2723 3365 ἁμαρτήμασιν.
2753 3286 3288 3360 Προσωποληπτήσει
3315 3284 3422 3355 γὰρ
3441 3281 3743 3352 οὐδαμῶςδ

2162 3384 2334 3448 Θεὸς,
2391 3381 2507 3436 ἀλλ’
2541 3379 2665 3434 οὐδέ
2719 3396 2829 3432 τισι
2876 3377 2977 3447 μέν
3007 3377 3115 3430 τῶν
3160 3375 3254 3429 ἐπὶ
3292 3374 3391 3444 τῆς
3420 3373 3523 3442 γῆς
3552 3371 3743 3435 αἰτίας

2163 3476 2386 3544 εὐλόγου
2429 3474 2551 3545 δίχα
2597 3474 2870 3544 χαριεῖται
2900 3469 2961 3523 τὸ
2987 3468 3242 3538 Πνεῦμα,
3273 3466 3386 3519 τισὶ
3433 3464 3490 3518 δὲ
3526 3462 3740 3530 οὐκέτι,

494 3558 754 3626 Opilicem
780 3572 845 3612 ac
874 3556 1171 3612 Dominum
1205 3558 1447 3615 confessi
1487 3559 1712 3615 fuerint.
1738 3561 1898 3627 Quod
1932 3577 2058 3633 ergo

2168 3570 2350 3641 μόνοις
2387 3568 2446 3621 δὲ
2492 3569 2607 3630 τοῖς
2638 3564 2810 3631 ἀξίοις
2851 3563 3186 3633 ἐγκατοικιεῖ
3229 3559 3321 3615 τὸν
3351 3558 3741 3631 Παράκλητον,

500 3645 760 3701 Servator
788 3646 944 3716 prius
965 3645 1170 3704 ludatis
1196 3647 1333 3702 dixit
1366 3667 1379 3703 :
1416 3667 1435 3700 ι
1468 3648 1525 3704 Si
1570 3665 1682 3704 non
1714 3650 2064 3708 credideritis

496 3735 625 3806 quia
658 3750 760 3807 ego
781 3751 902 3797 sum
923 3774 941 3800 ,
990 3736 1047 3791 in
1080 3736 1321 3807 peccatis
1349 3739 1547 3795 vestris
1604 3741 1997 3809 moriemini“,
2042 3763 2061 3796 ο

496 3825 662 3882 rebus
700 3824 837 3896 ipsis
891 3842 1083 3882 verum
1126 3827 1181 3883 id
1237 3843 1362 3885 esse
1420 3828 1736 3887 Paracletus
1789 3834 2065 3900 ostendet,

498 3931 625 3971 cum
668 3917 905 3973 venerit.
958 3916 1174 3975 Rursus
1208 3926 1434 3974 autem:
1477 3938 1497 3971 ι
1528 3921 1733 3992 Argue!
1776 3924 2064 3990 mundum,

500 4009 700 4080 inquit,
756 4009 825 4065 de
878 4010 1120 4079 iustitia,
1163 4012 1292 4082 quia
1341 4012 1409 4067 ad
1466 4013 1689 4070 Patrem
1740 4015 1917 4085 vado,
1966 4031 2066 4071 nec

499 4098 735 4170 amplius
778 4099 1032 4156 videbitis
1068 4116 1173 4160 me.
1219 4121 1237 4154 ι
1283 4100 1414 4181 Jure
1448 4105 1596 4160 enim
1630 4106 2068 4175 patrocinabitur

2164 3660 2214 3714 οἶ
2242 3660 2332 3714 διά
2374 3659 2609 3723 πίστεως
2638 3656 2990 3728 εἰλικρινοῦς,
3040 3654 3115 3718 ὡς
3151 3652 3282 3707 Θεὸν
3311 3651 3477 3715 ὅντως
3510 3652 3744 3721 τετιμή-

2165 3768 2315 3811 κασι,
2371 3751 2466 3804 καὶ
2508 3750 2618 3804 τῶν
2660 3749 2795 3803 ὅλων
2839 3746 3197 3818 ὡμολόγησαν
3246 3742 3589 3814 Δημιουργὸν
3640 3742 3746 3795 καὶ

2165 3842 2390 3912 Κύριον.
2457 3842 2637 3912 Ὅπερ
2687 3835 2781 3894 οὖν
2832 3835 3271 3910 εῖρηκεφθάσας
3293 3836 3407 3898 τοῖς
3460 3832 3747 3895 Ἰουδαίοις

2166 3934 2328 3997 αὐτὸς
2366 3935 2394 3987 6
2422 3932 2647 4006 Σωτὴρ,
2700 3933 2785 3985 ὅτι
2817 3951 2837 3983 ι
2871 3930 2995 3983 Ἐὰν
3028 3927 3104 4000 μὴ
3143 3926 3468 3996 πιστεύσητε
3500 3926 3582 3979 ὅτι
3627 3922 3748 3992 ἐγώ

2167 4027 2303 4096 εἰμι,
2340 4026 2397 4077 ἐν
2428 4026 2547 4087 ταῖς
2577 4021 2873 4096 ἁμαρτίαις
2905 4021 3060 4092 ὑμῶν
3087 4017 3463 4082 ἀποθανεῖσθε,
3495 4036 3515 4069 ι
3541 4015 3751 4084 ἀληθὲς

2165 4116 2226 4171 ὸν
2260 4114 2512 4179 ἐπιδείξει
2561 4112 2652 4166 διά
2683 4110 3025 4184 πραγμάτων
3068 4111 3097 4164 6
3129 4106 3489 4179 Παράκλητος
3545 4103 3745 4157 ἐλθὼν.

500 4189 571 4246 iis
624 4189 718 4261 qui
775 4191 833 4246 in
883 4189 1166 4247 Christum
1221 4202 1345 4263 post
1395 4196 1775 4251 ascensionem
1827 4195 1948 4265 ejus
2010 4198 2058 4251 in

2176 4226 2195 4259 ι
2234 4205 2471 4274 Ἐλέγξει
2499 4204 2556 4258 δὲ
2586 4203 2747 4258 πάλιν
2775 4202 2867 4256 τὸν
2896 4203 3131 4272 κόσμον,
3168 4199 3303 4272 φησί
3322 4240 3337 4263 ,
3378 4196 3507 4267 περὶ
3537 4195 3751 4248 δικαιο-

503 4281 675 4338 ccelos
707 4281 1086 4347 crediderint,
1144 4290 1205 4336 ut
1255 4282 1349 4354 qui
1396 4283 1547 4354 juste
1586 4287 1876 4356 justillcati
1935 4288 2058 4342 sint.

2172 4296 2356 4366 σύνης,
2385 4296 2467 4349 ὅτι
2501 4294 2634 4366 πρὸς
2668 4294 2757 4348 τὸν
2782 4292 3001 4364 Πατέρα
3024 4292 3239 4360 ὑπάγω,
3269 4287 3364 4343 καὶ
3392 4285 3575 4340 οὐκέτι
3603 4285 3751 4338 θεω-

506 4370 882 4442 Susceperunt
909 4373 1058 4428 enim
1077 4381 1135 4427 ut
1160 4372 1329 4429 Deum
1352 4388 1566 4440 verum,
1595 4390 1757 4445 quem
1780 4391 1890 4430 non
1916 4375 2058 4431 vide-

2173 4386 2319 4459 ρεῖτέ
2354 4404 2443 4458 με.
2476 4406 2495 4440 ι
2536 4387 2760 4458 Συνερεῖ
2787 4384 2897 4456 γάρ
2924 4382 3149 4446 δικαίως
3176 4383 3291 4444 τοῖς
3324 4374 3752 4431 πεπιστευκόσιν

503 4470 656 4527 runt,
683 4471 740 4518 et
802 4477 926 4518 cum
990 4477 1093 4518 suo
1143 4461 1304 4518 Patre
1351 4464 1643 4521 considere
1696 4466 2058 4522 crediderunt.

2159 4482 2250 4544 ei;
2278 4478 2541 4551 Χριστὸν,
2586 4476 2724 4547 μετά
2765 4476 2863 4546 τὴν
2899 4475 2980 4537 εἰς
3035 4472 3295 4543 οὐρανοὺς
3332 4466 3614 4529 ἀνάϐασιν,
3668 4466 3756 4527 ὡς

504 4552 664 4618 Quod
700 4553 846 4607 enim
892 4552 1150 4611 Christus
1196 4554 1386 4609 beatos
1426 4563 1650 4611 vocaret
1698 4572 1794 4614 eos
1842 4558 1935 4627 qui
1991 4558 2058 4613 εἰ(

2169 4568 2395 4631 δικαίως
2444 4564 2907 4635 δεδικαιωμένοις.
2957 4560 3327 4632 Παρεδέξαντο
3370 4557 3478 4629 γὰρ
3510 4554 3585 4618 ὡς
3609 4554 3756 4608 Θεὸν

504 4642 814 4707 crederent,
854 4642 1019 4699 facile
1048 4645 1227 4700 discet
1261 4645 1521 4715 quisquis
1554 4645 1771 4701 illorum
1807 4647 2058 4704 memine-

2171 4657 2453 4731 ἀληθινὸν,
2479 4656 2538 4711 ὃν
2564 4655 2846 4710 τεθέανται
2876 4655 2974 4725 μὲν
2998 4651 3247 4724 οὐδαμῶς
3266 4690 3281 4715 ,
3309 4645 3647 4719 συνεδρεύειν
3683 4660 3753 4714 γε

506 4735 580 4789 rit
608 4749 732 4803 qua:
777 4734 917 4790 dixit
965 4734 1209 4791 Thomas
1247 4750 1313 4791 ac
1363 4734 1525 4813 fecit;
1561 4734 1698 4791 Nam
1728 4752 1853 4792 cum
1888 4738 1956 4794 de
1987 4755 2058 4795 re-

2176 4750 2280 4821 μὴν
2312 4748 2389 4820 τῷ
2427 4747 2541 4818 ἰδίῳ
2566 4748 2743 4817 Πατρὶ
2772 4744 3218 4799 πεπιστεύκασιν.
3272 4741 3392 4795 Ὀτι
3414 4739 3522 4809 γὰρ
3566 4753 3755 4806 μακα-

508 4826 851 4884 surrectione
890 4826 1012 4884 Filii
1052 4828 1230 4883 adhuc
1274 4828 1595 4884 dubitaret:
1631 4848 1650 4882 ι
1688 4828 1804 4886 Nisi
1837 4832 2058 4898 mittam1

2176 4841 2322 4912 ρίους
2363 4838 2629 4893 ἀπεκάλει
2666 4839 2791 4902 τούς
2835 4835 2978 4889 οὕτω
3026 4833 3379 4895 πιστεύοντας
3417 4832 3447 4884 6
3490 4827 3754 4901 Χριστὸς,

510 4918 708 4989 inquit,
739 4933 961 4974 manum
993 4934 1167 4975 meam
1199 4920 1253 4974 in
1294 4920 1438 4976 latus
1469 4921 1610 4992 ejus,
1641 4932 1695 4976 et
1723 4922 1913 4977 videro
1941 4926 2058 4979 ﬁxn

2179 4930 2409 5003 ἐκμάθοι
2442 4948 2524 4992 τις
2563 4928 2629 4982 ἂν
2676 4928 2769 4981 καὶ
2813 4927 2931 4980 λίαν
2964 4926 3202 4988 εὐκόλως
3243 4922 3465 4977 ἐκείνων
3509 4920 3757 4988 ἐπιμνη-

506 5026 621 5064 ram
654 5010 958 5077 clavorum,
1007 5025 1116 5065 non
1164 5012 1381 5066 credam
1399 5012 1463 5066 ιθ.
1511 5032 1528 5063 ι
1556 5010 1852 5083 Postquam
1889 5026 2058 5070 autem

2185 5020 2330 5083 σθεὶς
2349 5060 2363 5084 ,
2389 5011 2464 5072 ὧν
2490 5017 2679 5090 εἴρηκέ
2709 5034 2768 5070 τε
2796 5017 2890 5069 καὶ
2911 5014 3168 5084 δέδρακεν
3192 5011 3220 5065 6
3247 5010 3467 5080 Θωμᾶς.
3515 5005 3760 5060 Ἐνδοιά-

506 5100 760 5167 credidit,
796 5101 1021 5159 Christo
1066 5102 1214 5172 quod
1265 5102 1445 5159 facere
1475 5104 1739 5161 voluisset
1769 5106 1818 5161 ei
1850 5107 2058 5176 permit

2182 5112 2288 5176 ζων
2318 5109 2426 5180 γὰρ
2448 5108 2528 5162 ἔτι
2559 5107 2693 5178 πρὸς
2719 5107 2781 5160 τὸ
2813 5106 3109 5162 ἀναϐιῶναι
3140 5102 3229 5157 τὸν
3255 5101 3387 5156 Υίόν
3415 5117 3430 5132 ’
3467 5117 3486 5152 ι
3522 5098 3652 5152 Ἐὰν
3679 5097 3761 5171 μὴ

596 5238 640 5271 ⁸⁸
659 5237 819 5293 Joan.
849 5256 970 5303 vm,
993 5200 1096 5292 .24.
1192 5239 1236 5271 ¹ι⁹
1262 5236 1420 5293 Joan.
1445 5254 1538 5306 xx,
1565 5238 1656 5298 25.

582 5392 656 5461 (Ι)
704 5391 820 5447 Vox
856 5396 1116 5451 mendosa
1140 5434 1156 5458 ,
1201 5394 1290 5448 cuti
1324 5392 1769 5450 substituendum
1801 5407 2076 5460 καταναρ-

509 5462 984 5533 xiv,_obtorpere,
1026 5465 1257 5533 pigrari,
1291 5464 1493 5526 vereri;
1525 5461 1588 5533 ad
1625 5462 1771 5515 hunc
1803 5477 2023 5516 sensum
2061 5481 2073 5515 :

510 5531 662 5597 Quod
694 5539 867 5584 autent
904 5530 1218 5587 inveniemus
1241 5534 1527 5600 discipulos
1558 5530 1653 5585 hoc
1690 5548 1874 5599 passos
1917 5541 1965 5584 et
1988 5547 2081 5600 per

512 5601 773 5668 Spiritum
800 5602 1166 5671 conﬁrmatos,
1188 5613 1246 5655 ut
1270 5618 1359 5655 nec
1385 5601 1802 5670 persequentium
1836 5601 2078 5671 incursus

2178 5393 2382 5448 tionem
2416 5392 2733 5457 Phavorini,
2764 5394 2823 5446 οὐ
2854 5390 3259 5460 καταναρκήσω
3279 5404 3291 5419 ’
3316 5387 3377 5440 οὐ
3407 5386 3764 5460 κατοκνῇσω.

2180 5432 2733 5537 1.1,
2754 5432 2840 5517 ille
3183 5432 3287 5526 p
3293 5432 3402 5525 ravp

2180 5523 2299 5586 σεῖν’
2340 5533 2539 5595 ἀδίκως
2580 5532 2641 5585 οὐ
2693 5523 3143 5600 καταναρκῶντές
3183 5523 3383 5600 λτιναςί
3425 5535 3566 5600 οιηρ.
3610 5523 3725 5576 9⁸55
3749 5563 3768 5588 ,

2182 5601 2257 5671 μὴ
2290 5602 2493 5672 σφόδρα
2525 5596 3139 5672 καταναρκᾷνᾲῆ-πόνοις
3166 5598 3197 5669 ἦ
3225 5596 3440 5659 λύπαις.
3468 5596 3764 5649 Consum.

512 5680 840 5734 vererentur,
892 5669 982 5726 Sed
1021 5682 1069 5725 et
1107 5672 1382 5724 dilectioni
1415 5673 1467 5724 in
1509 5669 1777 5724 Christum
1821 5670 2075 5723 tenaciter
2185 5669 2437 5727 Μοθώνη(
2462 5671 2604 5727 Eccl.
2634 5669 2975 5735 Gr.'ll,655.

512 5739 864 5807 adltwrentes,
909 5741 1211 5797 nullatenus
1254 5742 1468 5795 dubium
1509 5751 1605 5795 est.
1657 5739 1816 5793 Juxta
1862 5739 2081 5809 exposi-
