4042 6204
388 339 496 394 457

1445 346 1509 402 ΙΝ
1551 348 1838 406 JOANNIS
1878 351 2330 412 EVANGELIUM
2368 353 2499 410 LIB.
2534 354 2599 409 X.

3537 365 3639 418 458

387 452 570 526 βάλω,
604 454 770 524 φησὶ,
814 458 912 526 την
944 458 1104 528 χεῖρά
1139 475 1240 529 μου
1271 461 1350 525 εἰς
1378 462 1474 534 τὴν
1511 467 1748 536 πλευρὰν
1773 467 1947 521 αὐτοῦ.

2066 477 2237 537 lente,
2288 486 2560 544 quosnam
2609 485 2894 527 sermones
2930 471 3150 526 audiit?
3182 491 3200 525 ι
3254 473 3393 540 Quia
3451 478 3636 534 vidisti

387 545 483 598 val.
508 544 605 598 ῖδω
647 545 773 609 τοὺς
801 546 1004 610 τύπους
1042 550 1151 604 τῶν
1179 550 1358 621 ἥλων,
1393 556 1454 607 οὐ
1489 556 1563 627 μὴ
1612 557 1904 612 πιστεύσω.
1938 578 1957 610 ι

398 637 618 709 Ἐπειδὴ
646 638 702 690 δὲ
730 638 1125 707 πεπίστευκεν,
1161 643 1299 715 ὅπερ
1322 644 1553 717 ἠθέλησε
1576 648 1708 719 δρᾷν
1742 649 1964 717 ἐφέντος

382 725 533 797 αὑτῴ
555 726 648 779 τοῦ
669 727 930 798 Χριστοῦ,
959 728 1126 784 ποίων
1153 731 1354 801 ἢκουσε
1383 734 1586 803 λόγων;
1616 738 1770 790 ("Ott
1798 736 1967 807 ἑώρα·

384 816 486 878 κάς
539 833 628 887 με,
687 818 1057 884 πεπίστευκας
1087 837 1098 851 ⁸
1130 823 1390 893 μακάριοι
1422 827 1470 879 οῖ
1509 827 1584 897 μὴ
1609 827 1836 893 ἰδόντες,
1870 830 1964 882 καὶ

382 907 795 972 πιστεύσαντες.
823 928 842 960 ι
882 911 1118 976 Δικαίως
1151 908 1243 967 οὖν
1288 914 1397 988 ἄρα
1428 916 1825 985 δεδικαίωνται,
1865 922 1962 975 καὶ

376 997 499 1067 δίχα
530 998 626 1067 τῆς
660 999 786 1064 θέας
815 1001 865 1053 οἱ
905 1002 1325 1069 πιστεύσαντες·
1360 1007 1454 1060 τοῦ
1493 1008 1550 1062 δὲ
1577 1009 1686 1064 τῶν
1713 1011 1841 1065 ῖσων
1867 1029 1961 1066 τυ-

374 1090 491 1155 χεῖν
516 1091 546 1142 ὁ
576 1091 780 1160 κόσμος
811 1092 1067 1160 ἐξώλισθε
1087 1135 1104 1161 ,
1139 1094 1234 1167 τήν
1256 1098 1321 1151 ἐκ
1344 1098 1579 1163 πίστεως
1613 1100 1960 1174 δικαιοσύνην

373 1179 437 1230 οὐ
474 1184 919 1253 προσηκάμενος,
942 1186 1061 1240 ἀλλ’
1090 1188 1374 1260 ἐθελοντὴς
1404 1194 1519 1256 τοῖς
1554 1193 1705 1257 ίδίοις
1730 1195 1959 1265 ἐμφιλο-

374 1271 634 1341 χωρήσας
661 1277 872 1337 κακοῖς.
934 1277 1144 1348 Είδέναι
1192 1297 1255 1348 γε
1299 1279 1404 1351 μὴν
1434 1282 1729 1352 ἀναγκαῖον
1748 1325 1762 1352 ,
1793 1286 1869 1350 ὡς
1895 1289 1957 1341 οὐ

375 1359 520 1413 κατὰ
551 1363 729 1432 μόνων
769 1366 1032 1421 Ἰουδαίων
1062 1369 1094 1439 ή
1126 1369 1235 1423 τῶν
1259 1370 1463 1442 ἀρτίως
1490 1375 1622 1445 ἡμῖν
1651 1378 1956 1448 εἰρημένων

372 1450 616 1521 ἐλέγχων
645 1452 775 1518 δυὰς
815 1455 903 1510 διὰ
940 1457 1035 1512 τοῦ
1067 1460 1428 1533 Παρακλήτου
1461 1469 1785 1535 γενήσεται,
1816 1469 1956 1523 κατὰ

374 1544 581 1606 παντὸς
598 1546 653 1599 δὲ
676 1547 878 1616 μᾶλλον
889 1549 1176 1621 ἀνθρώπου
1205 1553 1440 1625 σκληροῦ
1463 1572 1522 1608 τε
1545 1558 1641 1610 καὶ¹
1672 1558 1951 1623 ἀπειθοῦς.

372 1635 641 1705 Σημαίνει
676 1638 777 1707 μὲν
799 1639 969 1712 γὰρή
991 1641 1086 1695 τοῦ
1113 1643 1318 1713 κόσμου
1351 1648 1710 1718 προσηγορία,
1740 1650 1835 1703 καὶ
1863 1652 1954 1704 τὸν

371 1730 496 1790 ταῖς
528 1727 859 1798 φιληδονίαις
885 1733 1279 1805 ἁκαταλήκτως
1310 1738 1824 1810 ἐγκαλινδούμενον,
1858 1744 1953 1797 καὶ

369 1818 472 1888 τῆς
492 1818 801 1891 διαεολικῆς
832 1803 1126 1895 βδελυρίας*
1152 1827 1252 1881 οὐκ
1290 1803 1663 1901 ἐξιστάμενον·
1695 1803 1952 1904 σημαίνει
1986 1803 2028 1862 Β

370 1907 426 1960 δὲ
459 1907 610 1963 οὐδὲν
634 1904 796 1981 ἦττον
824 1913 919 1966 καὶ
942 1916 1068 1979 τοὺς
1093 1917 1151 1968 ὲν
1179 1919 1343 1971 παντὶ
1364 1918 1443 1990 τῷ
1477 1921 1668 1992 κόσμῳ
1696 1923 1955 1996 διεσπαρ-

373 1998 575 2067 μένους
610 2018 670 2053 τε
715 2003 807 2056 καί
847 2007 1258 2077 κατῳκηκότας.
1310 2009 1528 2075 Γενικὸς
1555 2009 1648 2067 οὖν
1678 2014 1821 2086 ἄρα,
1858 2017 1954 2070 καῖ⁸

371 2088 516 2142 κατὰ
541 2090 757 2145 πάντων
787 2096 816 2147 ὁ
858 2094 1078 2161 διπλοῦς
1123 2098 1322 2153 οὑτωσὶ
1369 2101 1686 2173 κεχώρηκεν
1712 2103 1950 2176 ἐλεγχος.

368 2180 747 2269 Σεσαγήνευκε
777 2185 885 2253 γὰρ
908 2189 937 2238 ὁ
956 2188 1191 2269 Χριστὸς
1211 2191 1332 2260 οὐχὶ
1353 2191 1522 2262 μόνην
1546 2192 1643 2266 τὴν
1669 2195 1949 2265 Ἰουδαίαν,

366 2267 515 2321 καθὰ
544 2270 638 2322 καὶ
662 2271 720 2324 ὲν
743 2273 955 2342 ἀρχαῖς,
1041 2276 1202 2346 μόνον
1228 2279 1290 2331 τὸ
1314 2280 1534 2352 σπέρμα
1555 2284 1614 2337 τὸ
1636 2284 1948 2358 ἐξΊσραὴλ,

362 2358 505 2412 ἀλλὰ
548 2358 768 2431 σύμπαν
815 2364 876 2417 τὸ
928 2366 988 2429 ἐξ
1029 2366 1199 2438 Ἀδὰμ
1237 2369 1588 2441 διολισθῆσαν
1638 2375 1815 2443 γένος.
1873 2379 1949 2433 Οὐ

322 2474 325 2475 ν
363 2449 479 2519 γὰρ
513 2451 606 2504 ἐπὶ
650 2453 816 2522 μέρος
854 2457 886 2526 ή
929 2456 1123 2527 χάρις,
1179 2459 1297 2513 ἀλλ’
1342 2464 1427 2532 ἐφ’
1455 2464 1585 2536 ὅλην
1623 2466 1816 2535 γέγονε
1847 2469 1949 2540 τὴν

359 2542 692 2642 οἰκουμένην
724 2546 786 2642 τὸ
819 2548 883 2600 ἐκ
912 2548 1008 2618 τῆς
1047 2550 1284 2615 πίστεως
1314 2554 1539 2621 ἀγαθόν.
1566 2558 1760 2629 Τρίτος
1792 2559 1946 2630 ἐλεγ-

361 2649 462 2700 χος
491 2633 582 2687 διὰ
624 2633 1114 2711 τοῦἸῙαρακλήτου
1148 2644 1470 2715 γενήσεται,
1521 2649 1663 2703 καθά
1707 2668 1872 2723 φησιν
1918 2655 1948 2707 ὁ

361 2722 579 2794 Σωτὴρ,
612 2727 645 2797 ή
678 2727 988 2803 δικαιοτάτη
1027 2734 1380 2807 κατάκρισις,
1432 2739 1527 2792 τοῦ
1555 2740 1814 2811 ἄρχοντος
1850 2741 1945 2797 τοῦ

361 2813 574 2884 κόσμου
612 2818 823 2874 τούτου.
872 2822 996 2885 Πῶς
1025 2822 1083 2876 δὲ
1124 2826 1223 2897 ἤδη
1257 2828 1454 2892 πάλιν,
1495 2829 1676 2899 ἣτίνα
1720 2833 1944 2903 τρόπον,

363 2905 725 2978 ἐξηγήσομαι.
776 2912 1270 2987 Προσμαρτυρήσει
1295 2919 1406 2989 γὰρ
1428 2923 1495 2992 τῇ
1533 2922 1659 2994 δόξῃ
1693 2922 1783 2977 τοῦ
1811 2926 1947 2997 Χρι-

360 2997 517 3063 στοῦ,
549 3001 643 3053 καὶ
664 3002 826 3056 αὐτὸν
868 3004 1037 3070 ὅντως
1076 3008 1366 3077 ἀποδείξας
1398 3011 1491 3065 τὸν
1525 3014 1635 3068 τῶν
1668 3014 1805 3070 ὅλων
1830 3016 1945 3071 Κύ-

2068 577 2187 625 ηιε,
2226 563 2513 621 credidisti
2548 579 2561 615 :
2592 563 2736 617 beati
2781 564 2876 633 qui
2922 578 3028 617 non
3073 563 3350 630 viderunt,
3372 576 3427 621 et
3455 569 3639 623 credi-

2065 651 2265 705 derunt
2285 652 2355 706 '°.
2397 670 2416 703 ι
2460 651 2617 707 Juste
2658 651 2846 722 itaque
2883 652 3174 721 justilicati
3221 662 3389 719 sunt,
3427 657 3521 725 qui
3554 660 3635 712 vel

2064 757 2132 798 eo
2158 743 2385 799 minime
2404 751 2706 814 conspecto
2737 742 3103 799 crediderunt
3134 764 3147 799 :
3180 748 3418 802 mundus
3457 756 3637 802 autem

2062 847 2127 888 ea
2170 848 2230 888 re
2261 833 2489 899 excidit,
2541 834 2813 905 justitiam
2857 850 3074 904 quaeex
3111 834 3215 891 ﬁde
3253 844 3338 893 est
3384 853 3492 892 non
3523 852 3637 891 am-

2064 923 2297 992 plexus,
2356 924 2451 980 sed
2503 924 2557 978 in
2627 926 2746 981 suis
2799 925 2959 981 malis
3032 926 3281 982 studiose
3335 930 3635 983 volutatus.

2062 1016 2254 1086 Opera:
2294 1018 2530 1087 pretium
2575 1026 2757 1074 autem
2812 1029 2897 1075 est
2957 1033 3256 1089 agnoscere
3315 1020 3453 1075 duas
3516 1022 3636 1074 illas

2048 1108 2519 1178 reprehensiones
2554 1125 2662 1164 non
2689 1113 2954 1166 adversus
3003 1110 3223 1166 Judaeos
3260 1118 3505 1173 tantum,
3539 1111 3634 1165 sed

2061 1199 2327 1254 adversus
2359 1201 2662 1270 quemlibet
2700 1202 2883 1271 potius
2915 1202 3190 1256 hominem
3238 1200 3437 1254 durum
3472 1208 3637 1269 atque

2062 1289 2413 1359 praefractum
2447 1306 2542 1361 per
2571 1290 2913 1347 Paracletum
2946 1291 3184 1347 futuras.
3216 1290 3403 1345 Mundi
3432 1291 3637 1359 quippe

2059 1381 2353 1450 appellatio
2379 1382 2658 1452 signiﬁcat
2686 1382 2849 1439 etiam
2877 1400 3000 1439 eum
3033 1384 3127 1454 qui
3165 1383 3219 1437 in
3254 1382 3634 1451 voluptatibus

2059 1484 2323 1542 perpetuo
2347 1474 2644 1538 volutatur,
2678 1482 2732 1530 et
2754 1475 3173 1546 ah'impuritate
3219 1473 3492 1528 diabolica
3524 1488 3633 1525 non

2060 1565 2287 1630 recedit,
2315 1581 2415 1620 nec
2449 1567 2632 1621 minus
2665 1575 2931 1636 prmterea
2973 1565 3249 1635 signiﬁcat
3281 1580 3377 1619 eos
3410 1567 3502 1633 qui
3539 1580 3635 1632 per

2057 1663 2231 1709 totum
2272 1656 2463 1711 orbem
2506 1665 2780 1710 terrarum
2816 1657 2994 1725 sparsi
3037 1663 3187 1717 sunt,
3217 1663 3271 1708 et
3311 1670 3438 1707 eum
3472 1652 3631 1705 inha-

2057 1748 2254 1803 bitant.
2290 1748 2573 1805 Generalis
2615 1762 2748 1819 ergo
2798 1756 2885 1804 est
2928 1756 2982 1802 et
3031 1748 3097 1801 ad
3151 1761 3346 1801 omnes
3400 1746 3634 1814 pertinet

2057 1838 2255 1909 duplex
2280 1840 2383 1895 ista
2412 1839 2789 1911 reprehensio.
2824 1839 3078 1894 Christus
3102 1840 3247 1892 enim
3281 1850 3390 1891 non
3421 1844 3631 1890 tantum

2054 1929 2297 1996 Judaeus,
2324 1931 2488 1987 sicuti
2510 1932 2564 1986 in
2586 1931 2884 2002 principio,
2920 1938 3014 1984 aut
3034 1930 3210 1986 solum
3237 1944 3420 1984 semen
3444 1928 3631 1992 lsrael,

2055 2022 2152 2076 sed
2209 2022 2527 2078 universum
2576 2023 2770 2077 Adami
2815 2038 2988 2093 genus
3041 2022 3186 2093 quod
3235 2022 3441 2090 lapsum
3488 2030 3630 2081 crat,

2055 2114 2273 2168 vocavit
2309 2115 2377 2170 ad
2406 2115 2661 2170 salutem.
2689 2112 2812 2168 Non
2843 2115 2990 2168 enim
3027 2114 3203 2184 gratia
3255 2114 3441 2186 aliqua
3477 2119 3636 2182 parte

2016 2182 2023 2197 ‘
2055 2213 2239 2271 tenus,
2282 2207 2377 2262 sed
2404 2206 2459 2261 in
2490 2221 2707 2285 omnem
2743 2214 3016 2261 terrarum
3047 2203 3235 2259 orbem
3278 2202 3401 2258 ﬁdei
3428 2202 3632 2256 bonum

2053 2295 2312 2351 diﬂ'usum
2369 2306 2476 2352 est.
2540 2295 2725 2351 Tertia
2785 2294 3156 2365 reprehensio
3215 2308 3309 2364 per
3364 2292 3683 2362 Spiritum-

2054 2388 2237 2443 futura
2269 2397 2378 2455 est,
2413 2377 2473 2443 ut
2521 2388 2598 2443 ait
2648 2387 2953 2451 Servatur,
3003 2386 3314 2456 justissima
3367 2384 3633 2454 principis

2054 2480 2218 2550 hujus
2259 2478 2451 2533 mundi
2493 2478 2900 2534 condemnatio.
2932 2476 3220 2543 Quomodo
3273 2482 3456 2529 autem
3486 2516 3501 2539 ,
3535 2489 3635 2527 ex-

2052 2586 2252 2641 ponam
2285 2569 2449 2641 922
2480 2569 2721 2625 demum.
2755 2568 3159 2625 Testimonium
3185 2582 3426 2639 namque
3445 2568 3635 2639 gloria:

2049 2661 2257 2718 Christi
2293 2661 2635 2732 perhibebit,
2686 2669 2740 2716 et
2780 2660 2961 2731 ipsum
2995 2661 3296 2717 ostendens
3341 2675 3465 2715 esse
3510 2661 3635 2713 uni-

2050 2750 2193 2807 versi
2227 2750 2550 2814 Dominum,
2600 2752 2864 2806 mundum
2917 2752 3127 2807 erroris
3155 2762 3375 2823 arguet,
3418 2758 3475 2806 ut
3515 2758 3630 2821 qui,

2051 2844 2246 2900 relicto
2286 2860 2416 2900 vero
2441 2860 2506 2899 ac
2535 2845 2777 2899 naturali
2810 2844 2938 2907 Deo,
2979 2860 3086 2900 non
3113 2845 3445 2912 naturalem,
3470 2846 3522 2899 id
3549 2853 3634 2899 est

2052 2934 2334 3003 Satanam,
2392 2937 2660 2993 adorarit.
2697 2937 2912 2993 Suliicit
2940 2939 3089 2995 enim
3120 2937 3189 2991 ad
3224 2938 3630 2993 ostendendum

2050 3027 2125 3081 ita
2153 3042 2212 3083 se
2235 3027 2434 3084 habere
2470 3029 2550 3084 rei
2576 3035 2853 3094 naturam,
2885 3029 3055 3084 latum
3093 3030 3147 3083 in
3185 3044 3309 3084 eum
3330 3028 3627 3099 judicium.

366 3105 505 3193 ριον,
523 3091 731 3193 ἐλέγξει
768 3096 859 3149 τὸν
893 3098 1117 3168 κόσμον,
1157 3101 1234 3165 ὡς
1258 3102 1697 3175 πεπλανημένον,
1726 3107 1821 3162 καὶ
1851 3108 1943 3164 τὸν

2050 3116 2169 3172 Non
2193 3119 2340 3173 enim
2374 3119 2579 3189 alioqui
2607 3091 3009 3176 condemnatus
3043 3130 3099 3176 et
3142 3091 3454 3175 inﬁrmatus
3491 3121 3631 3175 fuis-

365 3180 467 3250 μὲν
486 3182 701 3252 ἀληθῶς
720 3201 779 3237 τε
808 3187 900 3239 καὶ
917 3186 1077 3255 φύσει
1094 3190 1303 3259 ἀφέντα
1323 3191 1476 3256 Θεὸν,
1492 3199 1948 3269 προσκυνήσαντα

357 3272 420 3325 δὲ
453 3274 547 3326 καὶ
576 3274 975 3348 λελατρευκότα
1000 3279 1079 3351 τῷ
1110 3281 1187 3351 μὴ
1210 3284 1351 3338 κατὰ
1383 3285 1543 3354 φύσιν
1564 3327 1578 3351 ,
1621 3288 1768 3343 τοῦτ’
1804 3290 1943 3358 ἔστι,

356 3364 441 3433 τῷ
471 3365 701 3437 Σατανᾷ.
743 3368 927 3442 Ἱκανὴ
949 3370 1086 3441 γὰρ,
1118 3368 1271 3443 οἶμαι
1293 3414 1309 3439 ,
1341 3376 1478 3448 πρὸς
1502 3378 1562 3431 τὸ
1592 3379 1765 3444 οὕτως
1788 3379 1944 3452 έχου-

360 3471 467 3507 σαν
520 3456 786 3523 ἐπιδεῖξαι
834 3460 932 3531 τὴν
977 3462 1073 3516 τοῦ
1124 3464 1447 3536 πράγματος
1500 3469 1692 3538 φύσιν,
1738 3474 1771 3544 η
1822 3474 1943 3527 κατ’

355 3544 531 3599 αὑτοῦ
572 3548 841 3619 γενομένη
881 3551 1081 3621 κρίσις.
1116 3552 1194 3607 Οὐ
1224 3554 1335 3627 γὰρ
1364 3557 1429 3611 ἂν
1464 3562 1795 3632 κατεκρίθη,
1849 3564 1944 3617 καὶ

354 3635 684 3708 ἠσθένησεν,
716 3639 825 3693 οὐδ’
853 3641 919 3695 ἂν
949 3642 1048 3713 τῆς
1070 3643 1365 3716 θεομαχίας
1396 3650 1729 3724 είσεπράχθη
1764 3654 1940 3725 δίκας,

359 3728 578 3795 σειραῖς
629 3726 795 3797 ζόφου
853 3734 1372 3805 τεταρταρωμένος,
1438 3739 1594 3810 εῖπερ
1645 3736 1714 3813 ἦν
1779 3743 1942 3813 φύσει

354 3816 497 3879 Θεὸς
548 3817 610 3871 τὸ
659 3817 956 3889 ἀκλόνητον
1013 3820 1154 3892 ἔχων
1183 3825 1268 3878 ,ἐν
1317 3827 1383 3896 τῇ
1435 3828 1578 3897 ίσχύῖ
1634 3832 1730 3886 καὶ
1788 3833 1937 3908 δόξῃ.

353 3907 501 3961 Νυνὶ
538 3908 599 3961 δὲ
624 3909 877 3964 τοσοῦτον
917 3911 1225 3979 ἐλλελοιπὸς
1265 3917 1483 3989 ὁρῶμεν
1520 3920 1696 3992 αὐτῷ,
1747 3924 1807 3978 τὺ
1837 3907 1940 3999 τήν

353 3999 570 4053 οἰκείαν
596 3999 857 4056 δύνασθαι
885 4002 1151 4061 διασῶσαι
1173 4008 1340 4079 τιμὴν
1360 4050 1374 4075 ,
1412 4008 1552 4063 ὥστε
1586 4013 1680 4066 καὶ¹
1710 4016 1815 4071 ὑπὸ
1838 4018 1938 4072 πό-

351 4093 455 4156 δας
484 4092 753 4148 τεθεῖσθαι
794 4095 901 4148 τῶν
932 4099 1395 4171 πνευματοφόρων
1414 4141 1430 4167 ,
1471 4104 1588 4175 ἦτοι
1627 4108 1857 4177 πιστῶν,
1887 4112 1937 4165 οῖ

352 4184 455 4237 καὶ
483 4183 616 4238 Θεὸν
659 4185 927 4257 ὑπάρχειν
964 4187 1351 4259 ὠμολογήκασι
1390 4192 1481 4247 τὸν
1514 4196 1767 4267 Χριστόν.
1823 4202 1937 4256 Πα-

351 4274 511 4328 τοῦσι
560 4276 672 4348 γὰρ
722 4278 884 4332 αὐτὸν
930 4278 1027 4332 καὶ
1067 4282 1432 4352 πειράζοντα,
1474 4288 1567 4340 καὶ
1608 4290 1936 4361 μαχόμενον.

357 4364 529 4418 Ὀταν
556 4365 615 4419 δὲ
655 4366 720 4436 δή
757 4383 843 4430 τις
884 4366 978 4420 καὶ
1023 4367 1115 4423 τὸν
1158 4369 1267 4423 τῶν
1297 4371 1621 4444 ἀκαθάρτων
1646 4376 1937 4449 δαιμονίων

2048 3219 2158 3276 set,
2213 3225 2314 3265 nec
2355 3211 2631 3266 temerarii
2693 3227 2820 3283 erga
2856 3210 3026 3266 Deum
3070 3228 3242 3268 ausus
3288 3227 3483 3282 poenas
3529 3212 3628 3269 de-

2046 3305 2258 3368 disset,
2310 3304 2364 3358 in
2407 3303 2700 3374 caliginem
2742 3302 2943 3359 inferni
2988 3303 3276 3367 detrusus,
3331 3305 3379 3359 si
3433 3313 3628 3375 natura

2050 3395 2191 3451 Deus
2220 3404 2390 3460 essm,
2442 3396 2605 3465 cujus
2636 3396 2809 3452 virtus
2852 3403 2906 3452 et
2933 3397 3111 3468 gloria
3153 3396 3378 3451 concuti
3410 3397 3623 3466 nequit.

2045 3482 2202 3540 Nunc
2239 3499 2371 3540 vero
2408 3492 2618 3539 tantum
2676 3485 2833 3541 abest
2864 3493 2923 3541 ut
2970 3503 3133 3543 suum
3175 3487 3448 3543 honorem
3485 3488 3627 3543 tueri

2046 3576 2242 3647 possit,
2272 3584 2333 3631 ut
2379 3576 2610 3648 pedibus
2652 3578 2894 3634 virorum
2942 3580 3313 3650 spiritualium
3351 3588 3445 3635 aut
3494 3580 3627 3637 ﬁde-

2044 3666 2179 3722 lium
2222 3667 2405 3738 potius
2451 3668 2737 3739 subjectus
2793 3673 2904 3737 sit,
2962 3673 3057 3743 qui
3120 3673 3404 3728 Christum
3459 3673 3626 3729 etiam

2043 3756 2213 3814 Deum
2250 3774 2375 3816 esse
2413 3760 2658 3817 confessi
2706 3771 2855 3818 sunt.
2893 3763 3033 3818 Eum
3076 3764 3221 3818 enim
3272 3763 3621 3828 conculcant,

2042 3851 2160 3908 sive
2200 3860 2408 3919 tentet,
2445 3853 2562 3909 sive
2589 3862 2891 3925 oppugnet.
2921 3853 3058 3908 Cum
3104 3868 3236 3925 ergo
3279 3853 3621 3924 impurorum

2042 3940 2350 3997 daemonum
2395 3957 2591 4013 agmen
2635 3958 2827 3999 eorum
2870 3943 3122 4000 oratione
3169 3951 3227 3998 et
3283 3943 3525 4000 eﬂicacia
3558 3959 3623 4000 ac

2040 4031 2244 4088 virtute
2291 4032 2535 4104 Spiritus
2585 4034 2983 4090 cohorrescere
3037 4036 3225 4091 videas
3283 4045 3339 4092 et
3392 4038 3620 4108 expelli,

2042 4123 2323 4193 quomodo
2361 4138 2473 4178 non
2508 4127 2707 4182 merito
2739 4126 3171 4182 condemnatum
3206 4129 3467 4184 Satanam
3498 4144 3622 4185 esse

2039 4214 2233 4271 dices?
2268 4214 2696 4274 Condemnatus
2734 4219 2881 4272 enim
2919 4228 3023 4285 est,
3065 4233 3132 4275 eo
3183 4220 3329 4289 quod
3380 4236 3488 4275 non
3523 4236 3619 4290 po-

2039 4315 2150 4364 test
2182 4307 2422 4378 amplius
2453 4308 2578 4364 illos
2624 4310 2860 4381 imperio
2900 4325 3005 4365 suo
3044 4326 3316 4379 premere.
3345 4312 3439 4382 qui
3487 4328 3618 4368 san-

2038 4405 2128 4454 cto
2158 4397 2368 4469 Spiritu
2399 4400 2600 4471 signati
2643 4408 2773 4457 sunt
2804 4402 2860 4456 in
2898 4402 3177 4472 justitiam
3208 4411 3264 4458 et
3297 4405 3617 4460 sanctiﬁca-

351 4456 525 4523 ἐσμὸν
563 4459 1017 4531 καταπεφρικότα
1037 4499 1053 4526 ,
1082 4460 1177 4514 καὶ
1204 4464 1621 4535 ἐκπεμπόμενον
1656 4468 1828 4545 βλέπῃ
1848 4473 1936 4527 διὰ

2047 4456 2243 4545 tionem
2276 4505 2374 4560 per
2401 4456 2561 4546 ﬁdem
2588 4492 2644 4546 in
2669 4456 2955 4549 Christum
2979 4494 3047 4548 δι.
3073 4493 3291 4564 Alioqui
3316 4495 3614 4566 quomodo,

348 4546 459 4617 τῆς
482 4548 659 4602 αὐτῶν
692 4551 1037 4622 προσευχῆς,
1088 4555 1181 4606 καὶ
1205 4554 1506 4626 ἐνεργείας,
1533 4560 1626 4613 καὶ
1653 4560 1934 4633 δυνάμεως

345 4639 449 4695 τοῦ
478 4641 632 4709 ἁγίου
661 4644 981 4714 Πνεύματος
999 4684 1014 4709 ,
1057 4645 1173 4710 πῶς
1201 4647 1302 4701 οὐκ
1342 4646 1582 4718 εὐλόγως
1618 4652 1733 4723 ἐρεῖ
1762 4671 1931 4711 κατα-

342 4733 641 4804 κεκρίσθαι
687 4737 779 4790 τὸν
811 4737 1094 4805 Σατανᾶν;
1126 4741 1535 4818 Κατακέκριται
1566 4744 1672 4817 γὰρ
1704 4745 1782 4816 τῷ
1822 4764 1930 4818 μη-

339 4825 471 4880 κέτι
497 4826 753 4881 δύνασθαι
775 4829 1116 4910 πλεονεκτεῖν
1136 4831 1263 4896 τοὺς
1280 4832 1359 4904 τῷ
1380 4835 1658 4907 Πνεύματι
1686 4838 1764 4911 τῷ
1790 4839 1930 4911 ἁγίῳ

336 4919 928 4990 κατεσφραγισμένους
970 4922 1052 4984 είς
1096 4921 1439 4995 δικαιοσύνην
1492 4928 1587 4981 καὶ
1627 4930 1929 5002 ἁγιασμὺν,

331 5006 441 5061 διὰ
490 5008 723 5072 πίστεως
754 5009 855 5079 τῆς
899 5012 979 5074 είς
1006 5012 1261 5082 Χριστόν,
1336 5015 1488 5069 Ἐπεὶ
1529 5017 1645 5082 πῶς
1689 5019 1775 5087 ἂν,
1809 5024 1931 5076 είπέ

336 5114 470 5169 μοι,
498 5101 960 5171 κατεπατήσαμεν
988 5104 1167 5157 πᾶσαν
1190 5104 1356 5158 αὐτοῦ
1385 5106 1482 5177 τὴν
1513 5108 1763 5181 δύναμιν,
1789 5115 1930 5168 κατὰ

326 5189 413 5243 τὸ
437 5191 497 5243 ἐν
521 5190 769 5261 Ψαλμοῖς
800 5192 923 5262 είρη
933 5193 1092 5263 μένον
1138 5194 1276 5266 πρὸς
1322 5197 1503 5252 πάντα
1529 5198 1815 5271 ἄνθρωπον
1836 5204 1929 5259 τδν

327 5280 709 5334 κατοικοῦντα
740 5282 800 5334 ἐν
822 5281 1044 5354 βοηθείᾳ
1067 5284 1163 5338 τοῦ
1198 5286 1453 5356 Ὑψίστου
1479 5305 1491 5318 ο
1530 5310 1548 5341 ι
1572 5292 1695 5345 Ἐπὶ
1723 5294 1924 5349 ἀσπίδα

327 5371 443 5425 καὶ
507 5370 823 5440 βασιλίσκον
871 5374 1133 5447 ἐπιϐήσῃ,
1157 5378 1252 5431 καὶ
1278 5382 1687 5453 καταπατήσεις
1738 5386 1923 5442 λέοντα

327 5461 440 5515 καὶ
473 5461 773 5533 δράκοντα;
808 5485 826 5516 ι
882 5467 1050 5520 Ὅταν
1085 5468 1262 5521 τοίνυν
1307 5472 1336 5523 δ
1376 5470 1436 5536 ἐξ
1480 5473 1710 5544 οὐρανοῦ
1742 5477 1921 5548 Παρά-

330 5551 542 5619 κλητος
574 5556 631 5606 ὲν
656 5552 839 5621 ἁγίαις
870 5555 1091 5626 γένηται
1111 5556 1329 5627 ψυχαῖς,
1364 5561 1455 5615 καὶ
1479 5562 1702 5627 δικαίως
1738 5567 1918 5633 αὐτοῖς

393 5724 615 5780 “Joan.
651 5743 743 5794 xx,
769 5728 856 5783 5i.
937 5730 978 5760 '”
1008 5731 1203 5800 Ephcs.
1240 5748 1276 5799 ι,
1314 5734 1489 5790 1515.
1568 5738 1613 5769 ⁸³
1639 5738 1783 5794 Psal.
1809 5756 1896 5807 xc,
1935 5743 2015 5802 l5.

2038 4595 2247 4651 quaeso,
2284 4581 2396 4635 vim
2425 4582 2548 4652 ejus
2578 4598 2795 4640 omnem
2832 4585 3343 4655 proculcassemus,
3368 4586 3522 4657 juxta
3560 4588 3615 4642 id

2037 4672 2185 4743 quod
2220 4673 2276 4726 in
2306 4671 2539 4729 Psalmis
2566 4674 2832 4745 scriptum
2865 4684 2951 4730 est
2990 4675 3057 4730 ad
3087 4690 3308 4732 omnem
3337 4677 3613 4731 hominem

2039 4764 2133 4834 qui
2159 4764 2373 4820 habitat
2417 4765 2473 4819 in
2514 4765 2793 4835 adjutorio
2823 4766 3095 4823 Altissimi
3128 4785 3140 4820 :
3184 4786 3203 4819 ι
3256 4766 3433 4839 Super
3464 4769 3615 4838 aspi-

2036 4853 2158 4910 dem
2223 4863 2278 4909 et
2335 4854 2656 4912 basiliseum
2718 4856 3065 4921 ambulabis,
3148 4867 3204 4913 et
3259 4858 3613 4913 conculcabis

2033 4947 2245 5002 leonem
2272 4957 2327 5002 et
2359 4946 2769 5001 draconem"?
2811 4966 2830 5000 ι
2866 4948 3001 5002 Cum
3036 4962 3168 5019 ergo
3210 4947 3530 5003 Paracletus
3555 4949 3608 5002 in

2029 5047 2256 5095 sanctas
2282 5039 2496 5094 animas
2531 5038 2750 5095 ccelitus
2786 5040 3065 5103 illabetur,
3096 5047 3151 5093 et
3186 5037 3336 5108 juste
3361 5039 3442 5095 eis
3482 5054 3609 5106 pro-

2027 5137 2148 5198 pter
2182 5130 2462 5186 sinceram
2492 5137 2547 5184 et
2578 5131 2957 5200 incorruptam
2988 5128 3152 5183 ﬁdem
3203 5128 3409 5184 missus
3436 5144 3607 5200 appa-

2027 5217 2208 5283 rebit,
2271 5227 2401 5271 tunc
2441 5219 2652 5287 peccati
2702 5232 2857 5272 reum
2928 5215 3197 5270 mundum
3263 5227 3491 5287 arguet,
3552 5227 3606 5274 et

2034 5319 2269 5374 superna
2307 5306 2483 5376 gratia
2525 5307 2801 5371 orbatum,
2834 5306 2965 5377 quia
2992 5304 3415 5377 Redemptorem
3442 5325 3603 5367 aver-

2034 5401 2248 5448 santur.
2313 5394 2529 5452 Rursus
2594 5403 2777 5451 autem
2829 5396 3008 5464 ipsum
3071 5405 3298 5467 arguet,
3340 5407 3599 5471 tanquam

2034 5485 2127 5554 qui
2170 5483 2353 5555 inique
2388 5486 2604 5557 peccati
2649 5486 2926 5543 accusarit
2953 5500 3049 5542 eos
3077 5489 3172 5558 qui
3199 5488 3313 5558 jam
3353 5490 3603 5546 credide-

2034 5584 2180 5634 runt.
2219 5575 2411 5635 Merito
2451 5578 2597 5636 enim
2628 5578 2915 5650 justiﬁcati
2955 5586 3105 5645 sunt,
3150 5582 3278 5639 licet
3315 5581 3598 5639 Christum
