4042 6204
439 360 545 422 ιω

1435 358 1493 414 s.
1533 329 1812 415 cratim
1851 356 2318 414 ALEXANDRINI
2352 357 2672 414 ARCHIEP.

3579 350 3684 407 μθ

441 474 515 532 ad
553 473 726 529 Deum
768 485 1081 538 reversum,
1126 479 1182 528 et
1233 472 1499 527 miracula
1537 479 1847 541 patrantem
1899 489 2011 528 non

2116 473 2526 544 ἀπεσταλμένος
2545 512 2563 543 ,
2606 472 2695 526 διὰ
2721 473 2821 544 τὴν
2864 470 3164 525 ἀδέκαστον
3197 470 3456 539 φαίνηται
3480 468 3684 536 πίστιν,

444 562 773 636 spectarint,
806 576 873 618 ea
903 561 1009 617 (ide
1040 570 1460 633 prosequentes.
1500 560 1632 618 Tale
1660 562 1793 632 quid
1825 571 2007 620 autem

441 656 684 712 arbitror
725 652 1052 723 Apostolum
1112 653 1169 709 in
1217 652 1464 709 animum
1522 653 1843 720 induxisse,
1884 669 2010 709 cum

441 746 566 801 ait:
596 765 616 799 ι
662 745 796 811 Quis
840 743 1123 800 accusabit
1151 743 1417 802 adversus
1461 744 1670 800 electos
1700 742 1838 800 Dei?
1869 742 2013 801 Deus

437 840 709 911 Justilicat
741 858 755 894 :
788 839 916 910 quis
943 845 1029 895 est
1074 838 1169 909 qui
1205 837 1535 894 condemnet
1554 836 1641 890 ⁸³2
1675 856 1695 890 ι
1732 866 1805 879 -
1836 854 1854 889 ‹
1884 838 2012 891 Om.

442 934 531 988 nis
587 932 733 987 enim
788 930 1052 1002 iniquitas
1108 944 1173 985 os
1232 944 1393 985 suum
1443 927 1805 998 oppilavit“,
1855 925 2013 997 juxta

440 1022 755 1080 Psalmista:
784 1036 998 1087 vocem,
1022 1020 1162 1076 nihil
1190 1020 1397 1075 habens
1431 1019 1487 1075 in
1512 1034 1622 1089 quo
1646 1016 2014 1088 reprehendat

438 1127 542 1183 per
566 1112 727 1167 Iidem
754 1111 979 1176 electos,
1014 1117 1071 1166 et
1088 1109 1325 1180 iustitia;
1352 1122 1476 1179 quas
1498 1122 1567 1163 ex
1588 1106 1695 1163 ﬁde
1722 1114 1808 1163 est
1833 1106 2011 1177 gloria

440 1204 748 1261 redimitos.
799 1203 1005 1273 Arguet
1045 1210 1227 1257 autem
1282 1200 1550 1258 mundum
1591 1210 1653 1255 ut
1698 1198 2009 1266 seductum,

441 1297 578 1352 etin
618 1311 742 1352 eum
791 1295 883 1365 qui
926 1295 1006 1350 sic
1037 1296 1436 1351 condemnatus
1466 1301 1551 1349 est
1593 1308 1721 1362 spes
1751 1307 1880 1349 suas
1917 1306 2014 1361 po-

440 1395 659 1443 nentem
682 1426 697 1451 ,
742 1396 802 1442 ut
834 1385 983 1441 omni
1037 1386 1258 1455 quidem
1291 1392 1474 1441 vetere
1516 1384 1688 1454 gloria
1717 1381 2009 1444 exciderit,

441 1493 509 1534 ac
555 1493 655 1549 pro
709 1478 885 1533 nihilo
943 1477 1016 1533 sit
1070 1492 1102 1532 a
1166 1476 1261 1531 Dei
1338 1475 1650 1531 cultoribus
1701 1471 2009 1528 habendus.

439 1570 606 1641 933
645 1568 957 1639 Principcm
1003 1584 1137 1625 vero
1179 1567 1365 1624 saeculi
1396 1567 1562 1636 hujus
1586 1565 1807 1620 vocavit
1845 1563 2010 1629 Deus,

438 1676 549 1716 non
594 1662 755 1731 quasi
802 1675 931 1715 vere
962 1658 1109 1714 istud
1158 1659 1250 1723 sit,
1297 1673 1399 1713 nec
1449 1655 1609 1726 quasi
1655 1654 2007 1710 cssentialem

2112 564 2232 618 τότε
2260 567 2381 628 ταῖς
2405 564 2634 627 οἰκείαις
2664 562 2966 634 ἁμαρτίαις
3003 561 3186 632 ἔνοχον
3220 558 3495 624 ἀποδείξει
3528 576 3688 628 γεγο-

2111 657 2241 711 νότα
2269 656 2365 710 τὸν
2387 657 2616 728 κόσμον,
2649 655 2744 710 καὶ
2769 655 2871 725 τῆς
2892 652 3099 708 ἀνωθεν
3130 653 3510 723 ἀμοιρήσαντα
3535 653 3690 726 χάρι-

2110 765 2222 814 τος,
2261 748 2496 818 ἐπείπερ
2525 747 2926 819 ἀποτρέπονται
2955 743 3047 797 τὸν
3083 743 3401 814 Δυτρωτήν.
3446 741 3689 811 Ἐλέγξει

2111 840 2169 894 δὲ
2209 840 2374 894 πάλιν
2406 839 2576 893 αὐτὸν
2599 879 2614 905 ,
2663 839 2739 902 ὡς
2789 838 2893 891 οὐκ
2929 836 3166 901 εὐλόγως
3216 833 3551 902 ἐγκαλοῦντα
3586 834 3690 905 τὴν

2113 932 2390 1002 ἁμαρτίαν
2417 933 2531 994 τοῖς
2561 930 2663 1002 ἤδη
2692 927 3110 984 πεπιστευκόσι.
3159 925 3544 981 Δεδικαίωνται
3575 923 3688 996 γάρ

2112 1023 2369 1088 εἰκότως,
2402 1022 2580 1076 καίτοι
2613 1022 2751 1091 πρὸς
2781 1020 2914 1074 Θεδν
2956 1018 3391 1089 ἀποδημήσαντα
3429 1016 3520 1070 τδν
3547 1016 3689 1086 Χρι-

2114 1115 2239 1169 στὸν
2264 1116 2360 1168 καὶ⁵
2385 1113 2908 1186 θαυματουργοῦντα
2942 1111 3017 1182 μὴ
3039 1110 3389 1181 θεασάμενοι,
3407 1111 3474 1180 τῇ
3504 1108 3689 1162 πίστει

2111 1206 2463 1277 τιμήσαντες.
2503 1202 2671 1276 Οἶμαι
2708 1205 2765 1261 δὲ
2792 1205 2855 1276 δή
2886 1221 2939 1257 τι
2969 1201 3209 1257 τοιοῦτον
3238 1203 3565 1273 ἐννοήσαντα
3592 1198 3687 1255 καὶ

2111 1296 2202 1350 τὸν
2241 1295 2451 1350 Παῦλον
2484 1296 2684 1351 εἰπεῖν’
2744 1314 2762 1346 ι
2797 1294 2892 1357 Τίς
2924 1292 3207 1363 ἐγκαλέσει
3243 1291 3385 1346 κατά
3417 1290 3688 1344 ἐκλεκτῶν

2110 1389 2249 1444 Θεοῦ
2273 1407 2288 1457 ;
2320 1389 2452 1453 Θεὸς
2479 1392 2507 1443 ὁ
2524 1387 2750 1442 δικαιῶν
2772 1405 2786 1420 ·
2816 1387 2901 1451 τίς
2931 1390 2959 1442 ὁ
2978 1384 3321 1456 κατακρίνων
3344 1401 3359 1450 ;
3387 1403 3405 1435 ι
3431 1410 3501 1424 ——
3527 1401 3544 1434 ι
3577 1382 3690 1434 Ἐν.

2113 1481 2312 1551 ἑφραξε
2340 1481 2450 1552 γὰρ
2478 1480 2677 1551 ἀνομία
2695 1480 2847 1532 πᾶσα
2867 1478 2928 1532 τὸ
2956 1478 3132 1548 στόμα
3158 1476 3344 1546 αὐτῆς,
3375 1493 3394 1526 ι
3419 1472 3561 1527 κατά
3587 1473 3690 1543 τὴν

2112 1571 2208 1625 τοῦ
2240 1571 2550 1635 Ψάλλοντος
2593 1571 2801 1641 φωνὴν,
2856 1569 3010 1623 οὐδὲν
3051 1568 3304 1636 ἐγκαλεῖν
3337 1566 3534 1636 ἔχουσα
3576 1565 3692 1627 τοῖς

2111 1665 2200 1720 διὰ
2228 1665 2463 1727 πίστεως
2494 1662 2917 1733 ἐξειλεγμένοις,
2952 1661 3046 1714 καὶ
3076 1659 3177 1729 τῆς
3211 1656 3460 1711 ἐντεῦθεν
3487 1655 3691 1709 δικαιο-

436 1752 637 1807 habeat
686 1751 836 1805 illam
886 1750 1195 1820 imperandi
1227 1748 1574 1817 dignitatem,
1624 1745 1721 1801 sed
1752 1745 1883 1815 quia
1915 1758 2012 1814 per

2116 1755 2280 1826 σύνης
2313 1752 2822 1825 κατημφιεσμένοις
2845 1751 2908 1803 τὸ
2950 1749 3230 1821 καύχημα.
3290 1741 3602 1811 Ἀπελέγξει
3631 1742 3690 1795 δέ

437 1841 687 1897 fraudem
716 1850 771 1897 et
801 1842 1050 1911 rapinam
1087 1841 1231 1895 hanc
1279 1839 1385 1894 sibi
1415 1838 1644 1909 gloriam
1686 1836 1926 1907 peperit,
1954 1844 2009 1893 et

2116 1844 2205 1898 τὸν
2248 1843 2488 1913 κόσμον,
2540 1842 2617 1905 ὡς
2661 1840 3109 1910 πεπλανημένον,
3164 1837 3259 1891 καὶ
3301 1837 3381 1899 είς
3424 1833 3517 1887 τὸν
3547 1832 3693 1885 οὕτω

436 1933 565 2003 quia
591 1934 645 1987 in
668 1933 980 1988 errantibus
1005 1932 1183 1986 adhuc
1202 1931 1466 2001 imperat,
1494 1944 1557 1984 ac
1585 1943 1814 1997 regnum
1845 1941 2007 1984 suum

436 2032 674 2086 exercet,
716 2032 937 2094 propter
966 2022 1240 2079 nefarium
1271 2036 1464 2076 eorum
1507 2020 1849 2084 institutum,
1874 2035 2007 2090 quo,

435 2114 615 2172 errori
705 2122 888 2169 mente
967 2113 1163 2178 aliixa,
1233 2112 1573 2169 ineluctabili
1671 2113 2009 2181 captivitatis

435 2208 658 2262 vinculo
684 2206 935 2263 obstricti
983 2213 1136 2270 sunt,
1162 2206 1417 2275 quamvis
1459 2204 1541 2260 eis
1582 2198 1777 2274 fugere
1817 2204 2009 2269 liceat,

435 2311 534 2366 per
580 2295 742 2351 iidem
793 2295 849 2350 in
893 2292 1174 2349 Christum
1229 2293 1297 2348 ad
1350 2292 1688 2362 agnitionem
1741 2292 1852 2348 veri
1912 2293 2009 2350 Dei

434 2386 741 2442 translatis.
775 2385 1161 2441 Atlulterinum
1212 2385 1382 2454 igitur
1420 2390 1505 2438 est
1550 2382 1768 2439 Satanae
1805 2399 2005 2441 nomen

435 2476 607 2542 istud,
645 2475 1013 2546 principatus,
1061 2472 1210 2542 quod
1253 2474 1303 2528 ei
1352 2482 1546 2527 natura
1589 2473 1809 2542 quidem
1860 2472 2007 2530 haud

435 2566 605 2634 inest,
638 2565 733 2622 sed
772 2566 827 2621 in
853 2565 1157 2622 errantium
1194 2564 1524 2619 exsecrabili
1569 2565 1840 2634 pravitate
1874 2580 2009 2621 con-

433 2666 709 2716 servatur.

2116 1935 2446 2006 κατάκριτον
2463 1933 2654 2003 ἔχοντα
2680 1932 2780 1995 τὰς
2808 1931 3048 1994 ἐλπίδας,
3070 1930 3146 1992 ὼς
3168 1929 3385 1996 ἀπάσης
3414 1926 3513 1996 μὶν
3530 1922 3691 1992 δόξης

2115 2027 2216 2095 τῆς
2248 2025 2483 2096 ἀρχαίας
2514 2024 2813 2077 ἀποπεσεῖν
2833 2061 2850 2085 ,
2880 2016 3308 2089 ἐκφαυλίζεσθαι
3338 2016 3394 2069 δὲ
3419 2015 3561 2079 δεῖν,
3593 2010 3690 2065 καὶ

2115 2117 2175 2169 ἐν
2217 2114 2296 2185 τῷ
2330 2113 2521 2185 μηδενὶ
2559 2111 2820 2182 τετάχθαι
2870 2110 3013 2180 λόγῳ
3053 2107 3204 2178 παρά
3235 2106 3344 2158 τῶν
3385 2101 3690 2171 σεὸομένων

2113 2204 2268 2260 Θεύν.
2326 2203 2600 2277 ’Ἄρχοντα
2628 2219 2692 2271 γε
2727 2200 2833 2272 μὴν
2862 2201 2956 2254 τοῦ
3005 2200 3200 2262 αἰῶνος
3226 2196 3417 2251 τούτου
3454 2193 3692 2263 κέκληκε

2113 2296 2281 2361 Θεὸς,
2330 2296 2428 2365 οὐχ
2471 2295 2548 2358 ὼς
2591 2295 2719 2348 ὄντα
2761 2293 2920 2347 τοῦτο
2965 2290 3108 2344 κατά
3139 2288 3426 2360 ἀλήθειαν,
3477 2285 3577 2354 οὐχ
3613 2281 3692 2346 ὡς

2111 2387 2372 2450 οὐσιῶδες
2405 2386 2598 2457 ἔχοντα
2629 2386 2841 2455 ἀξίωμα
2864 2427 2877 2448 ,
2922 2383 3065 2452 φημὶ
3089 2381 3153 2451 δὴ
3186 2381 3245 2433 τδ
3273 2377 3530 2432 δύνασθαι
3557 2391 3695 2444 κρα-

2113 2481 2247 2545 τεῖν,
2264 2478 2379 2531 ἀλλ’
2401 2477 2477 2540 ὡς
2505 2474 2564 2541 ἐξ
2592 2477 2808 2547 ἀπάτης
2831 2475 2925 2528 καὶ
2953 2471 3266 2538 πλεονεξίας
3289 2470 3389 2540 τὴν
3422 2465 3694 2520 ἐπὶτοῦτο

2112 2569 2270 2634 δόξαν
2299 2568 2758 2641 ἀποκερδαίνοντα
2777 2606 2793 2631 ,
2843 2566 2936 2620 καὶ
2964 2566 3039 2629 ὡς
3090 2565 3146 2617 ἐν
3175 2564 3288 2626 τοῖς
3318 2556 3696 2628 πλανωμένοις

2113 2659 2192 2713 ἔτι
2228 2659 2535 2731 κρατοῦντά
2560 2676 2621 2713 τε
2653 2660 2746 2713 καὶ
2768 2658 3003 2729 ἄρχοντα
3021 2695 3036 2721 ,
3091 2654 3181 2708 διὰ
3208 2654 3307 2722 τὴν
3338 2652 3562 2704 ἐνοῦσαν
3591 2646 3693 2701 αὖ·

434 2752 545 2812 τοῖς
605 2748 1015 2819 μοχθηροτάτην
1058 2746 1406 2816 προαίρεσιν,
1456 2744 1579 2797 καθ’
1620 2745 1687 2812 ἣν
1721 2748 1786 2814 τῇ
1827 2746 2003 2818 πλάνῃ
2041 2748 2132 2802 τὸν
2151 2751 2351 2803 οἰκεῖον
2375 2750 2849 2820 προσδοκήσαντες
2879 2746 2992 2817 [ισ.
3050 2738 3474 2813 προσδήσαντες]
3538 2736 3687 2821 νοῦν,

434 2845 765 2913 ἁὸιάφυκτον
793 2843 973 2913 ἔχουσι
1015 2842 1115 2910 τῆς
1151 2838 1526 2908 αἰχμαλωσίας
1554 2840 1645 2892 τὸν
1699 2840 1909 2911 βρόχον,
1937 2842 2115 2897 καίτοι
2143 2843 2422 2915 διαδρᾶναι
2464 2844 2637 2913 παρὸν
2686 2841 2772 2894 ἐπ’
2798 2839 3046 2905 ἐξουσίας
3094 2837 3298 2899 αὐτοῖς,
3335 2835 3423 2888 διὰ
3453 2832 3693 2890 πίστεως

435 2935 535 3004 τῆς
574 2934 655 2995 είς
685 2931 917 3002 Χριστὸν
964 2928 1437 2999 μετατεθειμένοις
1484 2931 1564 2992 είς
1595 2930 1889 2998 ἐπίγνωσιν
1948 2932 2044 2985 τοῦ
2099 2935 2245 2989 κατά
2281 2935 2541 3005 ἀλήθειαν
2587 2935 2740 2997 ὄντος
2786 2930 2943 2987 Θεοῦ.
2998 2930 3170 2985 Νόθον
3211 2924 3306 2983 οὖν
3345 2928 3451 2997 ἄρα
3499 2915 3564 2977 τε
3593 2920 3693 2991 τῆς

438 3025 609 3098 ἀρχῆς
640 3022 810 3092 δνομα
839 3020 919 3092 τῷ
968 3020 1202 3091 Σατανᾷ,
1236 3019 1477 3088 φυσικῶς
1508 3020 1605 3090 μὲν
1631 3022 1690 3075 οὗ
1726 3022 1859 3103 πρὸς
1897 3022 2029 3078 Θεὸν
2067 3023 2181 3096 [ῃο.
2215 3025 2468 3099 προσὸν],
2512 3027 2570 3080 ἐν
2616 3024 2673 3078 δέ
2719 3025 2786 3095 τῇ
2836 3025 2943 3077 τῶν
2998 3021 3367 3090 πλανωμένων
3435 3011 3692 3088 βδελυρίᾳ.

434 3114 855 3183 διασωζόμενον.

508 3203 628 3261 XVI
653 3244 668 3268 ,
712 3204 815 3266 12,
862 3204 948 3259 15.
990 3202 1183 3257 Adhuc
1223 3204 1393 3257 multa
1430 3203 1593 3257 habeo
1627 3205 1773 3259 vobis
1805 3204 2008 3270 dicere,
2037 3211 2079 3268 C

440 3298 529 3353 sed
562 3313 667 3351 non
700 3296 918 3362 potestis
952 3303 1167 3362 portare
1206 3294 1382 3348 modo.
1425 3293 1559 3349 Cum
1600 3304 1777 3350 autent
1813 3298 2011 3350 venerit

439 3385 531 3440 ίιίσ
556 3385 789 3454 Spiritus
818 3383 1054 3438 veritatis
1077 3422 1091 3447 ,
1121 3383 1329 3436 docebit
1362 3399 1447 3436 vos
1482 3399 1685 3437 onmem
1717 3386 2014 3438 veritatem.

440 3474 567 3531 Non
596 3476 735 3529 enim
761 3475 1006 3543 loquetur
1030 3490 1062 3526 a
1097 3475 1375 3544 semetipso
1399 3514 1413 3536 ,
1444 3473 1534 3528 sed
1566 3490 1889 3545 quacunque
1918 3492 2017 3528 au-

441 3566 549 3621 diet
577 3566 839 3634 loquetur,
862 3574 911 3618 et
941 3580 1058 3634 qua:
1088 3573 1306 3617 ventura
1328 3574 1451 3629 sunt
1480 3566 1821 3620 annuntiabit
1848 3567 2013 3621 vobis.

512 3742 648 3795 Cum
711 3754 806 3795 eos
866 3740 1049 3793 futura
1112 3740 1323 3795 sciendi
1375 3741 1685 3797 vehementi
1738 3741 2019 3800 desiderio

444 3846 669 3905 pressos
723 3828 1220 3896 animadverteret,
1281 3832 1445 3901 hique
1502 3834 1661 3888 anxie
1720 3835 2017 3891 admodum

445 3923 559 3993 pati
583 3922 863 3991 (implevit
887 3919 1030 3975 enim
1050 3961 1062 3985 ,
1088 3920 1287 3991 inquit,
1321 3922 1549 3977 tristitia
1574 3923 1741 3977 corda
1763 3939 1953 3980 eorum
1972 3925 2017 3995 ),

445 4014 676 4069 alterius
710 4011 900 4066 oneris
933 4012 1250 4066 accessione
1290 4013 1518 4083 insuper
1551 4015 1863 4085 gravandos
1897 4030 2019 4070 esse

444 4118 557 4159 non
597 4103 845 4175 putavit,
878 4101 973 4157 sed
1013 4110 1323 4172 opportuno
1365 4104 1533 4159 veluti
1565 4105 1790 4160 silentio
1820 4106 2017 4175 premit

444 4209 568 4265 qua:
602 4210 711 4249 non
754 4193 1107 4249 mediocriter
1143 4208 1240 4249 eos
1282 4196 1585 4264 percellerc
1618 4204 1913 4266 poterant,
1963 4205 2019 4251 et

444 4285 769 4342 revelationi
818 4300 914 4356 per
955 4283 1221 4354 Spiritum
1266 4300 1331 4340 ac
1375 4287 1731 4342 illustrationi
1770 4301 2019 4357 congruo

447 4386 691 4446 tempore
740 4374 938 4429 futurae
983 4375 1127 4443 quod
1167 4375 1248 4429 eis
1289 4375 1356 4428 ad
1406 4377 1777 4447 cognitionem
1831 4378 2020 4432 deerat

446 4465 771 4521 reservavit.
799 4463 903 4520 Sed
925 4480 1051 4519 cum
1074 4480 1169 4519 eos
1194 4465 1588 4523 imbecilliores
1618 4467 1800 4524 adhuc
1826 4467 2019 4525 forsan

2187 3204 2316 3256 Ἔτι
2347 3199 2548 3254 πολλὰ
2573 3198 2692 3268 ἔχω
2712 3198 2917 3264 ,λέγειν
2950 3196 3121 3266 ὑμῖν,
3156 3196 3295 3250 ἀλλ’
3336 3198 3407 3249 οὐ
3427 3196 3697 3251 δύνασθε

2112 3290 2437 3358 βαστάζειν
2482 3290 2632 3357 ἄρτι.
2684 3290 2870 3342 ’Ὅταν
2893 3288 3041 3355 ἔλθῃ
3071 3285 3329 3351 ἐκεῖνος,
3359 3286 3425 3339 τὸ
3452 3286 3700 3355 Πνεῦμα

2117 3381 2227 3451 τῆς
2254 3381 2558 3448 ἀληθείας,
2583 3379 2869 3448 ὁδηγήσει
2888 3376 3046 3448 ὑμᾶς
3067 3379 3155 3443 εὶς
3175 3375 3384 3432 πᾶσαν
3402 3376 3517 3444 τὴν
3546 3376 3701 3443 ἁλή-

2118 3476 2302 3526 θειαν.
2350 3470 2570 3540 Οὺ.γὴρ
2590 3468 2851 3536 λαλήσει
2878 3469 2977 3537 ἀφ’
3009 3467 3229 3523 ἑαυτοῦ
3248 3508 3262 3530 ,
3293 3468 3435 3522 ἀλλ’
3462 3468 3581 3520 ὅσα
3617 3467 3702 3520 ἂν

2117 3561 2384 3629 ἀκούσῃ,
2427 3558 2720 3625 λαλήσει,
2770 3558 2870 3613 καί
2915 3558 2988 3612 τὰ
3033 3558 3331 3628 ἐρχόμενα
3374 3558 3708 3628 ἀναγγελεῖ

2117 3651 2281 3721 ὑμῖν.

2192 3742 2720 3813 Πλεονεκτουμένους
2762 3740 2863 3812 ήδη
2901 3742 3023 3803 ταῖς
3048 3741 3113 3793 ἐκ
3135 3739 3230 3793 τοῦ
3258 3740 3447 3810 μαθεῖν
3475 3739 3541 3795 τά
3571 3738 3698 3793 ἐσό-

2123 3853 2258 3907 μενα
2288 3834 2610 3906 δυσθυμίαις
2632 3832 2830 3904 εὑρὼν,
2861 3832 2957 3886 καὶ
2982 3834 3276 3905 ἀφορήτως
3302 3833 3522 3903 ἔχοντας
3558 3835 3702 3905 πρὸς

2116 3928 2187 3982 τὰ
2233 3927 2452 3981 ἔσεσθαι
2486 3925 2915 3997 προσδοκώμενα
2945 3924 3298 3996 (πεπλήρωκε
3331 3926 3439 3997 γὰρ
3458 3964 3473 3989 ,
3504 3926 3696 3997 φησιν,

2120 4019 2153 4086 ἡ
2188 4015 2333 4086 λύπη
2385 4017 2483 4078 τάς
2527 4015 2752 4086 καρδίας
2798 4013 3008 4084 ὑμῶν),
3048 4015 3144 4067 καὶ
3179 4017 3302 4078 ταῖς
3332 4015 3443 4068 τῶν
3487 4016 3700 4086 ἐτέρων

2120 4105 2459 4176 προσθήκαις
2514 4089 2936 4174 καταξρορτίζειν
2985 4102 3185 4165 αὐτοὺς
3229 4103 3331 4156 ούκ
3378 4102 3517 4173 ᾧετο
3557 4103 3697 4169 δεῖν,

2119 4192 2490 4263 καταχωννύει
2528 4191 2586 4244 δέ
2619 4190 2807 4262 ὥσπερ
2839 4192 2920 4254 είς
2947 4189 3206 4262 εὔκαιρον
3239 4193 3480 4264 σιωπὴν,
3518 4192 3701 4263 πλήτ-

2118 4298 2231 4334 τειν
2259 4281 2321 4333 οὐ
2353 4280 2587 4351 μετρίως
2627 4279 2853 4345 αὐτοὺς,
2905 4278 3049 4332 κατά
3079 4296 3144 4347 γε
3177 4280 3237 4333 τὸ
3265 4280 3412 4344 εἰκὸς
3441 4280 3468 4333 δ
3501 4282 3597 4335 καὶ
3621 4280 3696 4333 τὰ

2121 4371 2319 4443 ἐφεξῆς
2353 4369 2639 4442 ίσχύοντα,
2694 4371 2789 4427 καὶ
2830 4373 2899 4442 τῇ
2933 4370 3023 4425 διὰ
3065 4369 3159 4425 τοῦ
3198 4371 3515 4443 Πνεύματος
3555 4375 3700 4426 ἀπο-

2122 4461 2350 4532 καλύψει
2376 4478 2436 4515 τε
2473 4462 2566 4515 καὶ
2592 4462 2930 4531 φωταγωγίᾳ
2957 4463 3025 4532 τῇ
3059 4460 3207 4514 κατά
3230 4463 3423 4532 καιρὸν
3455 4463 3698 4535 ἐσομένη

448 4555 517 4610 ad
572 4554 1148 4623 comprehendendum
1200 4558 1520 4624 mysterium
1582 4558 1826 4623 videret,
1880 4574 2014 4629 pro.-

2118 4554 2209 4608 τὸν
2248 4554 2469 4617 δέοντα,
2511 4551 2574 4605 τὸ
2602 4552 2787 4604 λεῖπον
2830 4552 3014 4614 αὐτοῖς
3043 4554 3124 4615 είς
3163 4553 3367 4621 γνῶσιν
3399 4556 3699 4624 τετήρηκε.

448 4654 634 4717 pterea
665 4644 811 4713 quod
842 4645 1083 4699 nondum
1116 4645 1377 4700 illustrati
1411 4654 1570 4703 erant
1601 4664 1694 4717 per
1718 4650 1980 4717 Spiritum
2000 4689 2017 4716 ,

448 4750 552 4792 nec
585 4732 785 4789 divinae
812 4733 993 4789 adhuc
1026 4744 1189 4789 erant
1217 4745 1737 4812 consortesnaturae
1768 4742 1812 4773 "
1841 4740 1860 4812 (
1884 4756 2019 4796 non-

449 4831 577 4885 dum
614 4828 761 4883 enim
793 4834 911 4882 erat
955 4824 1196 4896 Spiritus
1237 4810 1517 4895 sanctus;
1556 4839 1618 4885 ut
1668 4832 1744 4885 ait
1794 4810 2019 4889 sanctus

448 4917 780 4989 evangelista
814 4917 883 4979 ‘°,
914 4915 1042 4985 quia
1087 4916 1331 4972 nondum
1375 4919 1630 4975 Christus
1679 4920 2020 4979 clariﬁcatus

448 5019 567 5067 erat
589 5009 608 5082 )
632 5050 647 5075 ,
679 5008 890 5063 idcirco
918 5007 1035 5062 haec
1064 5008 1174 5072 ait,
1206 5009 1518 5079 signiﬁcare
1567 5010 1758 5066 volens
1802 5012 2021 5068 scilicet

450 5103 720 5161 altissima
770 5100 879 5157 sibi
926 5096 1107 5155 adhuc
1156 5116 1451 5171 superesse
1495 5102 1784 5158 revelanda
1835 5110 1889 5158 et
1934 5119 2021 5159 ca-

450 5201 603 5265 ptum
635 5193 920 5248 hominum
951 5191 1273 5249 excedentia
1312 5194 1575 5248 miracula
1598 5233 1614 5259 ,
1648 5194 1743 5251 sed
1783 5194 1927 5250 nolle
1966 5194 2020 5249 id

449 5298 600 5340 nunc
650 5294 945 5355 praestare,
982 5282 1150 5355 idque
1180 5284 1415 5351 merito,
1464 5300 1587 5341 cum
1633 5301 1731 5341 eos
1779 5286 2020 5341 nondum

452 5376 565 5430 illis
598 5375 880 5444 capiendis
926 5374 1156 5432 idoneos
1209 5383 1480 5431 cerneret.
1530 5375 1667 5432 Cum
1722 5377 1869 5434 enim
1920 5391 2021 5432 vos

452 5468 594 5523 alios
619 5481 649 5520 a
682 5466 870 5530 vobis,
902 5467 1116 5537 inquit,
1152 5484 1307 5523 meus
1346 5467 1585 5538 Spiritus
1612 5467 1889 5532 eti‘ecerit,
1922 5483 2019 5524 ve-

453 5565 741 5628 stramque
773 5564 1008 5612 mentem
1054 5557 1475 5623 reformaverit,
1520 5565 1580 5613 ut
1631 5559 1864 5630 legalem
1920 5558 2019 5614 de-

522 5729 569 5761 ⁸³
599 5729 756 5786 liom.
788 5745 907 5796 vin,
936 5728 1023 5785 54.
1117 5730 1162 5763 ⁸⁸
1184 5728 1329 5787 Psal.
1360 5746 1466 5796 ωτι,
1502 5732 1588 5785 42.

2123 4646 2275 4715 Τάχα
2298 4644 2354 4697 δὲ
2387 4644 2484 4697 καὶ
2516 4642 2838 4706 ἀτονοῦντας
2867 4642 2947 4695 ἔτι
2975 4643 3104 4715 περὶ
3133 4644 3232 4712 τὴν
3260 4644 3354 4698 τοῦ
3387 4646 3701 4716 μυστηρίου

2123 4735 2422 4806 κατάληψιν
2451 4736 2769 4806 θεωρήσας,
2809 4734 2899 4788 διὰ
2937 4734 3000 4788 τὸ
3042 4736 3208 4806 μήπω
3241 4737 3577 4805 πεφωτίσθαι
3604 4737 3703 4792 διὰ

2122 4827 2215 4882 τοῦ
2257 4826 2599 4897 Πνεύματος,
2647 4826 2785 4897 μήτε
2832 4825 2937 4896 μὴν
2979 4827 3231 4894 γενέσθαι
3282 4827 3432 4891 θείας
3476 4827 3700 4897 φύσεως

2124 4920 2415 4984 κοινωνοὺς
2464 4920 2651 4990 (οὔπω
2689 4922 2799 4992 γὰρ
2833 4918 2901 4993 ἧν
2936 4922 3162 4993 Πνεῦμα
3192 4924 3384 4990 ἅγιον,
3426 4924 3569 4976 κατά
3601 4923 3699 4976 τὸν

2124 5009 2277 5078 ἅγιον
2304 5010 2725 5081 εύαγγελιστὴν,
2773 5012 2856 5065 ὅτι
2883 5015 3119 5084 Χριστὸς
3140 5014 3352 5068 οὐδέπω
3377 5012 3696 5084 ἐδοξάσθη),

2117 5100 2187 5154 τὰ
2209 5100 2434 5155 τοιαῦτά
2455 5119 2619 5173 φησιν
2638 5142 2655 5166 ,
2699 5105 2874 5159 ἐκεῖνο
2901 5105 2965 5177 δὴ
2997 5106 3215 5169 πάντως
3264 5105 3525 5176 ἐθελήσας
3557 5106 3699 5159 ὐπο-

2117 5190 2340 5261 δηλοῦν,
2373 5193 2449 5256 ὡς
2475 5193 2555 5246 ἔτι
2603 5192 2701 5263 μὲν
2733 5193 2847 5265 ἔχοι
2876 5195 2972 5249 καὶ
3002 5197 3205 5270 σφόδρα
3236 5196 3405 5266 βαθέα
3443 5198 3537 5251 καὶ
3567 5196 3699 5251 νοῦν

2120 5280 2513 5353 ὑπερϐαίνοντα
2542 5283 2634 5337 τὸν
2667 5284 3007 5356 ἀνθρώπινον
3043 5286 3452 5340 ἀποκαλύπτειν
3478 5287 3693 5356 μυστή-

2121 5392 2247 5446 ρια,
2293 5374 2695 5444 παραιτοῖτοδέ
2728 5376 2869 5440 νυνὶ,
2916 5378 3011 5431 καὶ
3060 5377 3205 5447 μάλα
3235 5379 3491 5441 εἰκότως,
3539 5376 3696 5430 οὔπω

2127 5464 2264 5538 πρὸς
2291 5464 2448 5517 τοῦτο
2470 5465 2588 5519 λίαν
2609 5466 2928 5536 ἐπιτηδείως
2953 5466 3175 5537 ἱχοντας
3203 5468 3366 5539 ὀρῶν.
3392 5470 3558 5522 Ὅταν
3585 5468 3699 5538 γὰρ

2129 5556 2272 5625 ὑμᾶς
2313 5554 2371 5620 ἐξ
2392 5556 2596 5627 ἐτέρων
2627 5558 2707 5621 είς
2747 5558 2985 5629 ἐτέρους,
3019 5560 3173 5629 φησὶ,
3195 5560 3255 5614 τὸ
3287 5559 3420 5630 ἐμὸν
3452 5558 3703 5630 ἀπεργά-

1687 5732 1729 5762 λδ
1754 5728 1797 5784 ll
1828 5729 1975 5786 Petr.
2010 5746 2048 5799 ι,
2078 5730 2134 5787 ti.
2218 5731 2262 5762 "
2286 5728 2445 5787 Joan.
2480 5745 2578 5796 vn,
2613 5730 2703 5787 59,
