4042 6204
350 367 449 424 ιιι

1438 370 1500 427 ιχ
1535 372 1819 432 JOANNIS
1848 371 2300 429 EVANCELIUM
2334 345 2469 427 Lm.
2516 371 2581 428 x.

3500 369 3606 425 4ίῖ

349 504 513 557 σηται
558 486 818 557 Πνεῦμα,
862 487 957 542 καὶ
1008 488 1100 541 τὸν
1150 489 1416 563 ἡμέτερον
1460 493 1585 565 [γρ.
1619 492 1913 568 ὑμέτερον]

2027 508 2172 548 mum
2205 493 2409 564 figuras
2437 503 2794 549 contemnere
2823 491 3004 546 velitis
3031 505 3094 544 ac
3121 488 3350 559 possitis
3370 529 3386 555 ,
3410 499 3466 544 et
3493 491 3605 559 spi-

350 580 818 651 μεταστοιχειώσῃ
848 581 1005 643 νοῦν.
1048 583 1128 645 εἰς
1178 583 1240 636 τὸ
1281 583 1503 655 θελῆσαι
1531 604 1589 640 τε
1622 588 1804 641 λοιπὸν
1832 588 1925 643 καὶ

346 672 608 728 δύνασθαι
631 672 741 726 τῶν
770 672 1009 743 νομικῶν
1041 673 1683 746 ύπερφρονῆσαιτύπων,
1709 680 1924 735 ἑλέσθαι

346 764 406 817 δὲ
428 763 628 833 μᾶλλον
652 765 749 834 τῆς
778 766 835 817 ὲν
860 765 1134 836 πνεύματι
1170 766 1427 837 λατρείας
1456 770 1517 823 τὸ
1549 772 1744 835 καλλος
1763 810 1778 834 ,
1831 773 1925 826 καὶ

347 854 456 908 τῶν
482 857 540 907 ὲν
565 858 748 918 σκιαῖς
767 856 1104 927 προτιμῆσαι
1123 858 1220 930 τὴν
1241 859 1517 930 ἀλήθειαν,
1542 862 1662 914 τότε
1676 862 1762 934 δὴ,
1777 865 1921 931 τότε,

349 947 515 1017 φησι,
559 947 799 1002 συνιέναι
846 948 1044 1019 ῥαδίως
1080 946 1139 1003 εὖ
1175 950 1318 1019 μάλα
1363 951 1656 1022 δυνήσεσθε
1694 954 1761 1007 τὰ
1795 956 1924 1026 περὶ

345 1037 502 1108 ἐμοῦ.
549 1039 808 1109 Χωρήσει
848 1032 958 1111 γὰρ
991 1042 1050 1093 ὲν
1088 1041 1217 1110 ὑμῖν
1263 1041 1667 1111 εύπαράδεκτός
1708 1061 1767 1095 τε
1794 1044 1919 1115 ἤδη,

345 1130 441 1184 καὶ
480 1129 689 1193 πλατὺς
741 1132 771 1183 ό
808 1129 981 1199 λόγος.
1039 1131 1210 1184 Ταυτὶ
1264 1130 1364 1199 μὲν
1414 1127 1508 1185 οὖν
1553 1132 1663 1186 δεῖν
1716 1133 1921 1187 οἴεσθαι

312 1261 323 1269 .
344 1221 525 1289 λέγειν
556 1222 647 1276 τὸν
669 1222 874 1293 Κύριον
901 1225 1013 1285 τοῖς
1041 1222 1235 1276 ἑαυτοῦ
1266 1223 1537 1293 μαθηταῖς
1562 1225 1817 1295 ὲννοήσαι
1837 1242 1921 1288 τις

344 1313 431 1367 ἃν.
468 1314 629 1378 Ἥξει
662 1330 727 1382 γε
760 1314 868 1385 μὴν
900 1316 982 1377 είς
1014 1315 1209 1367 ταυτὸν
1229 1356 1245 1380 ,
1293 1316 1388 1367 καὶ
1415 1317 1493 1377 εἰς
1526 1316 1621 1386 τὴν
1654 1316 1778 1387 ῐσην
1810 1314 1941 1380 τοίςχ

346 1407 662 1477 εἰρημένοις
689 1406 893 1477 ἀρτίως
927 1405 1319 1477 συνδραμεῖται
1344 1407 1614 1471 διάνοιαν,
1648 1410 1785 1481 ὅπερ
1815 1409 1917 1480 ἔφη

344 1496 510 1551 πάλιν
529 1538 545 1561 ,
580 1497 656 1560 ὡς
686 1498 743 1549 ὲν
778 1495 937 1566 τύπῳ
968 1497 1424 1568 παραδειγμάτων
1446 1514 1459 1528 ⁸
1518 1518 1537 1550 ι
1576 1499 1766 1563 Οὐδεὶς
1797 1501 1920 1554 ὲπί-

342 1589 531 1660 ὕλημα
596 1589 706 1643 ἀπὸ
760 1589 974 1659 ίματίου
1018 1589 1206 1642 καινοῦ
1265 1591 1458 1660 σχίσας
1508 1592 1786 1645 ὲπιὸάλλει
1827 1594 1920 1647 ἐπὶ

344 1680 548 1751 ίματίῳ
596 1678 844 1749 τταλαιῷο
899 1678 1013 1733 ἀλλ’
1074 1680 1196 1733 οὐδὲ
1246 1675 1388 1735 οἶνον
1427 1683 1546 1736 νέον
1589 1682 1670 1746 είς
1717 1684 1919 1748 ἀσκοὺς

343 1770 599 1843 βάλλουσι
631 1769 912 1834 παλαιούς.
968 1772 1028 1824 Ei
1074 1771 1131 1825 δὲ
1166 1772 1241 1842 μὴ
1266 1815 1278 1833 ,
1323 1774 1620 1841 ῥήγνυνται
1654 1776 1702 1827 oi
1737 1775 1913 1840 ἀσκοὶ,

338 1860 438 1918 καὶ
455 1862 483 1916 ό
508 1855 650 1923 οἶνος
675 1861 939 1930 ἐκχεῖταιο
970 1860 1082 1914 ἀλλ’
1116 1859 1260 1915 οἶνον
1290 1862 1406 1917 νέον
1429 1865 1509 1927 εἰς
1537 1863 1739 1928 ἀσκοὺς
1764 1865 1917 1929 νέους

341 1951 588 2023 βλητέον.
641 1971 660 2001 ι
714 1952 836 2014 Τοῖς
885 1952 994 2022 γὰρ
1044 1951 1197 2005 οὔπω
1258 1953 1395 2025 πρὸς
1440 1955 1728 2026 καινότητα
1773 1956 1918 2028 ζωῆς

339 2045 437 2097 καὶ⁸
464 2043 718 2112 γνώσεως
742 2042 877 2113 όμοῦ
896 2045 1408 2115 ἀναπεπλασμένας
1434 2046 1520 2099 διὰ
1541 2048 1633 2099 τοῦ
1660 2048 1917 2119 Πνεύμα-

336 2152 434 2201 τος
454 2177 468 2198 ,
497 2137 598 2189 ούκ
636 2136 752 2189 ἔστι
779 2136 849 2190 τὰ
876 2138 973 2190 νέα
996 2137 1107 2190 τῶν
1134 2138 1511 2205 εὐαγγελικῶν
1544 2141 1919 2210 κηρυγμάτων

336 2225 704 2297 παιδεύματα,
727 2227 820 2278 καὶ
836 2226 1097 2298 ἁχὼρητὰ
1110 2226 1226 2290 πώς
1246 2228 1360 2280 ἐστι
1388 2228 1457 2281 τὰ
1486 2229 1735 2300 περὶτῆς
1757 2232 1918 2299 ἁγίας

339 2318 571 2389 ’τριάδος
615 2319 912 2389 μυστήρια.
965 2320 1042 2388 Τῇ
1091 2319 1273 2372 τοίνυν
1315 2320 1683 2375 ἀνακαινώσει
1728 2326 1795 2394 τῇ
1827 2323 1916 2378 διὰ

333 2409 435 2462 τοῦ
452 2409 588 2462 Πνεύ
598 2426 764 2480 ματος
791 2409 1027 2481 ἐσομένη
1053 2412 1462 2479 πνευματικῶς,
1487 2413 1915 2484 ἀποταμιεύεται

333 2502 626 2569 χρησίμως
649 2502 682 2570 ἡ
704 2500 813 2553 τῶν
843 2500 923 2553 ἔτι
955 2500 1266 2572 βαθυτέρων
1289 2504 1578 2573 ἐξήγησις,
1612 2506 1673 2558 τὸ
1706 2507 1807 2576 μὲν
1836 2508 1914 2560 ἔτι

332 2589 723 2659 προσεδρεύειν
746 2592 811 2662 τῇ
836 2591 929 2644 τοῦ
960 2592 1185 2662 νομικοῦ
1221 2594 1548 2665 γράμματος
1569 2595 1913 2668 παλαιότητι,

328 2682 405 2751 τῇ
436 2680 543 2733 ⁴τῶν
571 2682 950 2735 πιστευόντων
979 2685 1058 2745 είς
1085 2684 1319 2755 Χριστὸν
1362 2685 1462 2738 ούκ
1495 2685 1639 2758 ὲὼσῃ
1686 2687 1912 2760 διανοίᾳ,

334 2772 768 2844 μεταμορφούσῃ
815 2773 871 2826 δὲ
908 2774 1110 2842 μᾶλλον
1156 2777 1235 2839 είς
1280 2775 1578 2847 καινότητα
1613 2778 1913 2849 λογισμῶν,

330 2862 434 2916 καὶ
465 2862 532 2915 τὲ
572 2863 639 2915 δι’
671 2856 747 2916 ὧν
790 2863 967 2916 ἔνεστι
1009 2865 1070 2917 τὸ
1106 2866 1204 2935 τῆς
1258 2866 1517 2938 ἀληθείας
1543 2870 1914 2925 καταθεᾶσθαι

331 2951 532 3016 κάλλος
567 2952 834 3026 ὲντιθείσῃ
874 2954 1233 3028 θεωρήματα.
1292 2959 1414 3012 Ὅτι
1444 2959 1503 3013 δὲ
1533 2962 1638 3032 πρὸ
1684 2963 1782 3032 μὲν
1814 2964 1913 3033 τῆς

333 3043 404 3097 ὲκ
430 3044 639 3116 νεκρῶν
664 3045 1016 3111 ἀναστάσεως
1050 3048 1141 3101 τοῦ
1169 3050 1422 3120 Σωτῆρος
1460 3052 1616 3123 ήμῶν
1650 3055 1911 3126 Χριστοῦ,

2027 584 2206 640 ritalis
2237 585 2417 641 cultus
2450 584 2919 655 pulchritudinem
2953 581 3212 653 amplecti
3238 618 3256 644 ,
3286 579 3607 649 umbrisque

2024 675 2315 730 veritatem
2342 682 2703 744 anteponere.
2729 682 2862 727 tunc
2883 712 2898 735 ,
2930 671 3146 740 inquit,
3180 677 3312 722 tunc
3341 665 3605 737 perfacile

2023 781 2146 833 quae
2176 766 2243 821 de
2274 781 2359 821 tne
2391 766 2599 834 scripta
2635 773 2767 819 sunt
2802 763 3109 833 intelligere
3133 759 3300 831 924
3335 758 3601 829 poteritis.

2022 857 2191 912 Plana
2231 859 2376 913 enim
2418 866 2472 913 et
2510 856 2764 927 expedita
2803 856 3023 910 demum
3066 855 3120 909 in
3159 854 3313 908 vobis
3350 850 3603 905 doctrina

2024 951 2202 1005 locum
2237 950 2488 1005 habitura
2519 958 2624 1005 est.
2656 948 2780 1004 Haec
2808 950 2991 1017 itaque
3015 945 3309 1000 Dominum
3367 943 3488 999 suis
3518 942 3603 997 di-

2023 1040 2251 1110 scipnlis
2284 1039 2469 1095 dicere
2512 1041 2785 1111 quispiam
2806 1040 3158 1094 existimarit.
3187 1036 3447 1092 Eumdem
3474 1050 3602 1090 vero

2023 1148 2248 1188 sensum
2296 1132 2495 1197 habet,
2547 1132 2695 1202 quod
2736 1147 2931 1187 rursus
2968 1147 3065 1201 per
3104 1128 3322 1184 modum
3363 1127 3599 1197 exempli

2021 1223 2163 1278 dixit
2191 1241 2204 1277 :
2236 1243 2255 1274 ι
2283 1221 2479 1279 Nullus
2515 1224 2763 1278 immittit
2793 1224 3220 1279 commissuram
3247 1222 3413 1290 panni
3443 1220 3600 1276 rudis

2022 1316 2077 1371 in
2115 1314 2500 1369 vestimentum
2540 1324 2699 1371 vetus
2726 1355 2741 1379 ,
2782 1331 2959 1385 neque
2995 1315 3182 1369 vinum
3222 1328 3423 1368 novum
3474 1313 3601 1366 mit-

2021 1413 2146 1459 tunt
2171 1406 2225 1460 in
2254 1414 2404 1461 utres
2432 1414 2665 1461 veteres.
2694 1407 2951 1475 Alioquin
2980 1414 3310 1476 rumpuntur
3333 1413 3483 1460 utres
3504 1446 3518 1471 ,
3543 1413 3599 1459 et

2019 1498 2209 1552 vinum
2240 1497 2564 1562 effunditur;
2596 1498 2693 1553 sed
2721 1498 2906 1552 vinum
2935 1512 3135 1553 novum
3165 1497 3219 1551 in
3247 1505 3398 1552 utres
3425 1511 3599 1551 novos

2021 1587 2342 1642 mittendum
2375 1590 2446 1644 δι”.
2480 1607 2499 1640 ι
2532 1588 2637 1655 Qui
2688 1589 2931 1644 nondum
2979 1590 3127 1643 enim
3175 1587 3243 1643 ad
3294 1588 3595 1642 novitatem

2021 1676 2146 1732 vitae
2183 1686 2237 1732 et
2277 1678 2616 1747 cognitionis
2656 1678 2941 1732 reformati
2982 1686 3111 1732 sunt
3152 1692 3250 1747 per
3287 1678 3596 1748 Spiritum,

2020 1783 2222 1839 capere
2271 1769 2680 1841 quodammodo
2737 1777 3016 1837 nequeunt
3071 1785 3210 1822 nova
3268 1768 3598 1837 evangelica:

2018 1860 2422 1930 praedicationis
2474 1860 2828 1926 documenta,
2873 1870 2923 1916 et
2982 1859 3050 1915 de
3094 1868 3285 1916 sancta
3325 1860 3598 1917 Trinitate

2018 1952 2302 2021 mysteria.
2338 1951 2719 2006 Renovatione
2752 1967 2883 2022 ergo
2918 1952 3010 2005 illa
3042 1968 3165 2021 qua:
3203 1968 3301 2021 per
3332 1951 3596 2022 Spiritum

2018 2043 2206 2099 futura
2238 2052 2326 2100 est
2362 2043 2709 2114 spiritaliter,
2757 2045 3016 2099 altiorum
3067 2060 3249 2098 rerum
3297 2045 3597 2114 explicatio

2015 2137 2352 2192 credentium
2394 2138 2450 2190 in
2488 2136 2768 2191 Christum
2814 2138 2984 2191 menti
3023 2136 3312 2191 commode
3348 2151 3597 2191 reservao

2016 2237 2126 2292 tur,
2162 2242 2282 2297 qua:
2315 2242 2423 2281 non
2464 2228 2704 2297 amplius
2743 2227 2939 2297 legalis
2980 2227 3177 2282 litterae
3211 2228 3469 2282 vetustati
3509 2227 3596 2281 ἰιιο

2015 2319 2223 2374 haerere
2254 2320 2486 2388 patitur,
2523 2317 2619 2374 sed
2659 2334 2759 2374 nos
2795 2320 2976 2388 potius
3010 2318 3272 2374 reformat
3300 2320 3353 2373 in
3387 2319 3596 2389 cogita-

2014 2415 2224 2466 tionum
2252 2412 2547 2465 novitatem
2570 2450 2584 2474 ,
2613 2426 2787 2481 eaque
2815 2426 2977 2466 sensa
3005 2411 3166 2466 nobis
3192 2410 3330 2463 indit
3351 2444 3369 2472 ,
3392 2410 3595 2479 quibus

2014 2501 2261 2556 veritatis
2289 2500 2757 2570 pulchritudinem
2790 2502 2991 2556 intueri
3021 2501 3208 2555 liccat.
3230 2500 3387 2566 Quod
3408 2508 3592 2553 autem

2015 2599 2143 2646 ante
2175 2592 2384 2648 Christi
2428 2590 2738 2647 Servatoris
2783 2593 2955 2647 nostri
2992 2593 3463 2648 resurrectionem
3488 2631 3504 2655 ,
3539 2598 3595 2646 et

2015 2684 2338 2753 priusquam
2372 2694 2559 2739 essent
2594 2680 2837 2753 Spiritus
2872 2682 3172 2754 participes
3204 2681 3461 2751 discipuli
3493 2679 3593 2735 Ju-

2015 2775 2172 2830 daico
2205 2789 2357 2829 more
2390 2775 2674 2837 viverent,
2711 2789 2774 2829 ac
2809 2774 2969 2844 legali
3007 2774 3314 2844 disciplinae
3350 2772 3594 2828 adhaere-

2014 2875 2171 2932 rent,
2204 2867 2331 2922 licet
2363 2866 2543 2935 majus
2582 2866 2808 2921 omnino
2857 2866 2930 2921 sit
2973 2865 3180 2921 Christi
3229 2863 3588 2935 mysterium,

2014 2958 2195 3029 quivis
2256 2958 2702 3012 animadvertere
2765 2956 2929 3012 facile
2991 2963 3190 3027 potest.
3251 2955 3316 3008 Et
3367 2953 3589 3024 quidem

2015 3050 2212 3105 beatus
2244 3048 2442 3105 Petrus
2464 3088 2478 3113 ,
2514 3048 2642 3104 licet
2668 3056 2990 3103 sanctorum
3015 3046 3417 3116 discipulorum
3448 3059 3591 3115 pra:-

335 3136 432 3191 καὶ
461 3138 520 3190 ὲν
558 3136 771 3207 μεθέξει
806 3139 1060 3206 γενέσθαι
1094 3141 1190 3194 τοῦ
1222 3143 1562 3214 Πνεύματος,
1596 3144 1909 3199 ’Ἰουδαϊκῶ-

2016 3141 2272 3210 positus,
2318 3139 2603 3194 enarranti
2656 3137 2954 3207 aliquando
2999 3135 3279 3192 Servatori
3322 3148 3488 3205 quam
3537 3134 3594 3188 in

332 3228 495 3300 τερόν
522 3246 637 3292 πως
670 3230 860 3294 διέζων
888 3232 937 3284 oi
975 3232 1249 3302 μαθηταὶ,
1302 3237 1397 3289 καὶ
1446 3237 1542 3306 τῆς
1586 3238 1724 3291 κατὰ
1746 3241 1908 3309 νόμον

2015 3249 2178 3288 cruce
2261 3233 2548 3289 subiturus
2640 3238 2788 3286 esset
2846 3231 3203 3301 passionem,
3260 3229 3594 3298 quantisque

330 3319 608 3383 πολιτείας
638 3323 977 3393 ἀντείχοντο,
1023 3327 1075 3378 εί
1104 3326 1197 3378 καὶ
1236 3328 1418 3397 μεῖζον
1456 3328 1701 3400 ἀκριϐῶς
1729 3331 1789 3383 τὸ
1820 3332 1911 3385 ἐπὶ

327 3411 555 3483 Χριστῷ
584 3414 903 3484 μυστήριον,
933 3415 1213 3486 θεωρῆσαι
1241 3435 1323 3481 τις
1363 3419 1460 3479 ἂν,
1489 3422 1582 3474 καὶ
1607 3421 1726 3475 λίαν
1755 3423 1911 3475 εύκό-

327 3502 461 3567 λως.
493 3505 600 3557 Καὶ
631 3503 761 3572 γοῦν
791 3507 820 3557 ό
852 3506 1121 3576 μακάριος
1148 3507 1371 3577 Πέτρος,
1402 3511 1579 3564 καίτοι
1610 3511 1716 3564 τῶν
1739 3512 1911 3580 ἁγίων

327 3595 761 3666 προεκκείμενος
810 3597 1099 3668 μαθητῶν,
1143 3599 1485 3671 διηγουμένῳ
1532 3603 1658 3655 ποτὲ
1684 3604 1762 3672 τῷ
1792 3605 1911 3658 Σω-

325 3688 461 3758 τῆρι
495 3688 557 3740 τὸ
602 3689 696 3740 ἐπὶ
729 3689 808 3759 τῷ
855 3689 1077 3760 σταυρῷ
1121 3691 1328 3757 πάθος,
1386 3693 1481 3745 καὶ
1523 3694 1604 3746 ὅτι
1637 3693 1744 3747 δέοι
1795 3698 1909 3760 τοῖς

341 3778 661 3841 Ἰουδαϊκοῖς
689 3780 1141 3850 ὲμπαροινείσθαι
1173 3781 1523 3851 τολμήμασιν
1553 3784 1909 3856 ὲξηγουμένῳ

323 3868 645 3942 χρησίμως,
670 3872 1036 3940 ἁντανειρώνει
1066 3872 1240 3941 λέγων
1261 3889 1275 3904 ⁸
1311 3893 1328 3924 ι
1356 3874 1541 3937 Ἵλεώς
1569 3893 1681 3938 σοι,
1710 3877 1905 3947 Κύριε,

323 3960 395 4012 οὐ
431 3961 507 4031 μὴ
549 3959 702 4014 ἐσται
738 3978 818 4014 σοι
865 3963 1045 4015 τούτου
1089 3983 1108 4015 ι
1156 3964 1335 4017 καίτοι
1378 3964 1674 4036 διαρρήδην
1708 3967 1906 4022 ἀνακε-

325 4051 619 4119 κραγότων
659 4052 769 4104 τῶν
815 4053 986 4120 ἁγίων
1030 4053 1356 4124 προφητῶν,
1409 4055 1506 4124 οὐχ
1541 4056 1623 4108 ότι
1660 4056 1906 4111 πείσεται

332 4141 534 4212 μόνον,
583 4141 716 4196 ἀλλὰ
762 4143 883 4196 τίνα
937 4144 1031 4196 καὶ
1075 4144 1247 4197 ὁπόσα
1296 4145 1575 4214 ὑπομενεῖ.
1638 4147 1747 4200 Καὶ
1799 4148 1906 4220 μὴν

327 4232 558 4285 κάκεῖνο
597 4232 736 4303 πρὸς
774 4232 949 4303 τούτῳ
989 4234 1374 4287 διασκεπτέον·
1421 4235 1495 4299 ὡς
1542 4235 1649 4306 γὰρ
1698 4238 1757 4290 ὲν
1789 4241 1907 4302 ταῖς

329 4320 571 4391 Πρὰξεσι
611 4322 723 4374 τῶν
746 4323 1059 4376 ἀποστόλων
1100 4324 1410 4394 γέγραπταί
1444 4341 1502 4377 τε
1538 4329 1634 4380 καὶ
1664 4328 1906 4397 ἀνεγνώ-

333 4427 534 4482 καμεν,
574 4413 901 4483 πρόσπεινος
927 4411 995 4486 ἦν
1019 4432 1150 4468 ποτε
1180 4417 1273 4468 καὶ
1303 4416 1536 4486 ἠθέλησε
1556 4418 1854 4485 γεύσασθαι
1876 4422 1904 4474 ό

2013 3324 2272 3380 ludibriis
2325 3339 2392 3377 ac
2448 3323 2668 3393 probris
2714 3338 2743 3376 a
2793 3320 3003 3377 Iudaeis
3049 3320 3368 3375 alliciendos
3405 3330 3591 3383 esset,

2013 3417 2348 3474 reclamabat
2407 3416 2637 3470 dicens:
2683 3413 2889 3468 «Absit
2943 3428 2974 3467 a
3023 3419 3111 3477 te,
3163 3411 3428 3465 Domine!
3480 3423 3589 3463 non

2012 3511 2118 3564 erit
2152 3510 2246 3563 tibi
2281 3509 2384 3563 hoc
2408 3508 2494 3571 l";
2529 3526 2548 3559 ›
2577 3506 2832 3577 quamvis
2860 3505 3039 3575 palam
3070 3512 3126 3560 et
3168 3513 3358 3574 aperte
3399 3502 3585 3558 sancti

2012 3601 2295 3671 propheta
2329 3599 2683 3669 praedicarim
2726 3612 2837 3652 non
2883 3611 3183 3666 passurum
3226 3610 3352 3650 eum
3390 3593 3593 3657 modo,

2014 3693 2112 3748 sed
2146 3702 2200 3748 et
2231 3701 2441 3763 quanta
2476 3704 2746 3761 passurus
2778 3697 2945 3745 esset.
2983 3689 3253 3743 Praeterea
3288 3686 3592 3741 observan-

2011 3781 2141 3835 dum
2174 3782 2320 3852 quod
2357 3783 2412 3836 in
2452 3782 2685 3837 Actibus
2724 3781 3098 3850 apostolorum
3140 3778 3403 3846 scriptum
3460 3776 3592 3844 legi-

2013 3888 2167 3939 mus,
2200 3873 2421 3928 Petrum
2449 3874 2693 3928 esurisse
2722 3871 3043 3941 aliquando,
3070 3878 3125 3922 et
3156 3877 3377 3938 gustare
3406 3866 3588 3921 cibum

2010 3965 2290 4027 voluisse,
2326 3964 2523 4019 deinde
2554 3962 2933 4031 conspicatum
2988 3962 3211 4015 linteum
3261 3959 3485 4013 caelitus
3535 3958 3590 4011 in

2010 4060 2214 4107 terram
2244 4052 2455 4108 demitti
2478 4092 2491 4116 ,
2528 4062 2769 4123 quatuor
2804 4052 2982 4106 initiis
3028 4052 3313 4119 alligatum
3337 4090 3353 4116 ,
3388 4050 3443 4103 in
3480 4063 3592 4119 quo

2011 4143 2348 4213 apparebant
2376 4144 2558 4199 omnis
2591 4143 2812 4213 generis
2844 4142 3103 4197 animalia
3134 4141 3420 4196 terrestria
3440 4181 3454 4205 ,
3489 4157 3592 4194 na-

2010 4236 2184 4291 tatilia
2205 4276 2219 4302 ,
2252 4244 2309 4292 et
2340 4236 2491 4291 aeria
2511 4278 2526 4303 ,
2561 4234 2819 4304 factaque
2844 4234 2913 4289 de
2939 4234 3083 4289 coelo
3117 4248 3248 4287 voce
3279 4251 3292 4287 :
3332 4252 3350 4283 ι
3382 4231 3588 4301 Surge,

2010 4327 2169 4381 Petre
2197 4365 2213 4392 ,
2271 4328 2466 4382 occide
2520 4336 2577 4382 et
2630 4326 2900 4381 manduca
2930 4365 2945 4391 ,
2981 4343 2998 4376 ι
3034 4323 3287 4394 reposuit
3339 4321 3540 4376 Petrus
3572 4341 3587 4378 :

2017 4437 2035 4468 ι
2065 4417 2257 4481 Absit,
2290 4416 2539 4484 Domine,
2602 4417 2734 4486 quia
2765 4429 3047 4484 nunquam
3077 4413 3398 4467 manducavi
3430 4427 3592 4466 cunne

329 4500 693 4575 Πέτρος,εἷτα
716 4505 1008 4574 τέσσαρσιν
1030 4507 1227 4576 ἀρχαῖς
1252 4506 1579 4577 καθιεμένην
1602 4507 1660 4572 ἐξ
1685 4511 1913 4582 ούρανοῦ

2018 4522 2311 4562 commune
2341 4515 2438 4561 aut
2488 4505 2868 4561 immunduml
2903 4524 2920 4556 ι
2953 4504 3194 4574 Ideoque
3229 4504 3356 4573 jure
3401 4517 3590 4571 repreo

323 4593 633 4664 τὴνόθόνην
649 4596 793 4657 ἰδὼν,
808 4599 864 4650 ὲν
925 4597 1101 4650 πάντα
1121 4598 1428 4667 ἐγέγραπτο
1445 4599 1561 4663 ζῶα
1577 4617 1637 4653 τε
1656 4605 1905 4673 χερσαῖα,

323 4685 429 4738 καὶ
456 4685 651 4755 νηκτὰ,
676 4685 767 4737 καὶ
791 4686 971 4755 ἀέρια,
998 4685 1092 4740 καὶ
1115 4686 1299 4754 φωνῆς
1319 4686 1629 4755 ἐνεχθείσης
1661 4687 1865 4742 ἄνωθεν
1888 4705 1902 4718 °

326 4788 350 4822 σ
399 4770 692 4836 Ἀναστὰς,
729 4772 932 4842 Πέτρε,
973 4772 1166 4833 θῦσον.
1201 4772 1293 4825 καὶ
1316 4774 1458 4842 φάγε
1480 4815 1494 4834 .
1525 4793 1542 4825 ι
1577 4775 1909 4846 ἀνταπεκρί-

319 4876 462 4913 vaco
479 4859 654 4928 λέγων
669 4876 684 4890 ·
711 4879 729 4911 ι
752 4860 1054 4932 Μηδαμῶς,
1076 4861 1248 4933 Κύριε
1265 4904 1279 4925 ,
1307 4861 1388 4915 ὅτι
1411 4862 1669 4915 οὐδέποτε
1706 4863 1908 4932 ἔφαγον

317 4951 445 5004 πᾶν
486 4951 690 5013 κοινὸν,
739 4952 775 5022 ἢ
812 4952 1141 5023 ἀκάθαρτον.
1172 4973 1191 5003 ι
1226 4955 1327 5007 Διά
1364 4971 1447 5006 τοι
1481 4954 1641 5007 τοῦτο
1682 4954 1907 5019 δικαίως

312 5039 594 5111 ἠλέγχετο
618 5042 781 5095 πάλιν
803 5042 1034 5096 ἀκούων
1065 5063 1083 5094 ι
1100 5045 1210 5097 Ἀό
1234 5044 1363 5107 θεὸς
1389 5044 1708 5115 ἐκαθάρισε,
1738 5048 1802 5100 σὺ
1835 5046 1910 5119 μὴ

314 5129 536 5185 κοίνου.
570 5150 589 5183 ι
624 5132 818 5186 Καίτοι
853 5134 992 5204 χρῆν
1018 5133 1188 5205 δήπου
1219 5133 1626 5203 διαμεμνῆσθαι
1651 5136 1910 5201 πολλάκις

311 5216 426 5272 τοῦ
454 5215 706 5290 Σωτῆρος
733 5222 891 5291 ὴμῶν
927 5224 1208 5293 εἰρηκότος
1241 5224 1375 5295 πρὸς
1414 5225 1701 5291 Ἰουδαίους
1728 5242 1741 5255 ·
1782 5246 1800 5280 ι
1833 5229 1907 5283 Ού

314 5311 389 5366 τὸ
415 5311 795 5382 είσερχόμενον
855 5319 935 5379 είς
979 5316 1153 5386 στόμα
1205 5318 1375 5369 κοινοῖ
1416 5317 1506 5369 τὸν
1551 5317 1855 5388 ἄνθρωπον.
1883 5339 1903 5373 ι

316 5404 474 5472 Ὅρα
499 5402 611 5475 [Ion
641 5406 795 5478 ὁρᾷς]
826 5406 956 5471 γοῦν
984 5408 1131 5472 ὅπως
1158 5410 1344 5472 αὐτοῖς
1376 5409 1477 5479 τῆς
1499 5410 1586 5464 διὰ
1613 5411 1706 5465 τοῦ
1736 5414 1905 5466 Πνεύ-

322 5510 502 5564 ματος
543 5494 651 5549 ἔδει
684 5497 1066 5565 φωταγωγίας.
1110 5500 1272 5570 Ὁρᾷς
1304 5500 1453 5563 ὅπως
1482 5501 1650 5571 ἐχρῆν
1682 5504 1760 5565 είς
1793 5503 1908 5556 ἑτέ-

324 5600 432 5656 ραν
482 5584 598 5652 ἕξιν
651 5589 1151 5659 μεταχαλκεύεσθαι
1221 5591 1319 5661 τῆς
1363 5590 1588 5661 ἐνούσης
1634 5594 1906 5658 Ἰουδαίοις

2014 4598 2226 4652 hensus
2255 4606 2372 4663 est,
2406 4597 2588 4652 denuo
2620 4595 2851 4651 audiens
2878 4612 2892 4649 :
2924 4613 2942 4645 ι
2974 4595 3107 4661 Quae
3153 4593 3296 4649 Deus
3328 4594 3590 4660 puriﬁca-

2013 4689 2128 4753 vit,
2160 4695 2219 4742 tu
2255 4688 2570 4743 communia
2600 4702 2669 4741 nc.
2696 4688 2905 4741 dixeris
2937 4688 3006 4742 ⁸⁹.
3034 4686 3236 4755 »Αιιιιιί
3272 4684 3593 4741 meminisse
3625 4715 3631 4721 -

2014 4779 2301 4849 oportebat
2330 4780 2540 4835 scilicet
2571 4777 2919 4834 Servatorem
2956 4788 3211 4834 nostrum
3256 4776 3324 4832 ad
3366 4774 3587 4832 Judzeos

2014 4886 2156 4941 saepe
2182 4870 2348 4941 925
2375 4871 2623 4926 dixisse:
2653 4887 2672 4921 ι
2704 4868 2861 4935 Quod
2908 4871 3077 4924 intrat
3116 4873 3170 4925 in
3216 4884 3315 4935 os,
3349 4884 3458 4923 non
3493 4883 3588 4922 co-

2012 4963 2266 5034 inquinat
2294 4962 2572 5017 hominem
2601 4960 2666 5014 ⁶⁰.
2690 4980 2709 5013 ι
2733 4961 2927 5015 Cernis
2974 4962 3163 5031 itaque
3201 4959 3478 5031 quomodo
3518 4960 3587 5013 iis

2006 5070 2145 5124 opus
2177 5061 2325 5109 esset
2354 5051 2725 5108 illustratione
2758 5051 3043 5122 Spiritus?
3076 5051 3242 5106 Vides
3272 5058 3334 5104 ut
3363 5050 3428 5103 ad
3467 5064 3585 5103 me-

2006 5147 2198 5201 liorem
2226 5154 2281 5202 et
2300 5144 2690 5215 sapientiorem
2718 5145 2967 5200 habitum
2993 5159 3157 5213 quam
3180 5144 3272 5213 qui
3304 5144 3358 5197 in
3381 5141 3587 5197 Judaais

2004 5245 2123 5293 erat
2160 5236 2346 5304 νοηηεί
2382 5250 2478 5289 eos
2510 5238 2836 5306 oporteret?
2880 5236 3098 5306 Quippe
3139 5242 3437 5306 postquam
3488 5251 3586 5292 su-

2006 5344 2175 5399 perna
2201 5343 2263 5382 ac
2287 5327 2501 5383 caelesti
2528 5328 2707 5397 gratia
2739 5326 2896 5381 ditati
2919 5368 2932 5393 ,
2962 5335 3342 5390 mutaverunt,
3370 5336 3429 5381 ut
3454 5328 3588 5383 scri-

2013 5431 2169 5491 ptum
2199 5428 2317 5487 est,
2350 5421 2527 5489 vires,
2562 5427 2616 5474 et
2650 5419 2850 5490 potiori
2887 5433 3049 5488 quam
3085 5418 3237 5488 prius
3271 5419 3586 5489 cognitione

2015 5511 2229 5582 praediti
2257 5509 2498 5578 fuerunt,
2534 5519 2668 5565 tunc
2699 5508 2866 5563 libere
2896 5517 2946 5563 et
2968 5509 3241 5579 intrepide
3269 5524 3366 5564 eos
3390 5508 3583 5562 diccn-

2016 5607 2101 5655 tes
2129 5599 2438 5654 audivimus
2475 5620 2486 5654 :
2523 5619 2539 5651 ι
2581 5597 2688 5652 Nos
2717 5606 2900 5653 autem
2932 5614 3151 5655 sensum
3179 5598 3384 5655 Christi
3420 5595 3583 5649 habe-

399 5766 443 5797 ⁸⁷
471 5765 663 5821 Matth.
701 5783 775 5835 Ix,
803 5770 887 5835 l6,
918 5771 994 5827 Π.
1080 5774 1125 5805 ³⁸
1149 5772 1338 5829 Matth.
1379 5789 1488 5839 xw,
1526 5773 1615 5828 ἓξὲξ.
1718 5776 1760 5807 ’θ
1787 5777 1905 5831 Act.

2040 5778 2222 5835 l5-l5.
2322 5781 2367 5810 θ’
2396 5779 2581 5833 Matth.
2613 5796 2701 5842 xv,
2746 5780 2828 5832 ll.
