4042 6204
492 354 600 412 4H5

1491 352 1550 408 S.
1586 351 1863 410 CYRILLI
1893 352 2367 410 ALEXANDRINI
2408 354 2725 412 ARCHIEP.

3651 359 3739 416 444

494 486 620 527 mus
652 466 715 524 “.
739 488 758 521 ο
783 468 1010 526 Mentem
1035 484 1164 525 vero
1190 468 1499 526 Servatoris
1525 472 1662 526 nihil
1686 470 1836 529 aliud
1866 471 2067 526 intelli-

2177 469 2267 542 τὴν
2294 472 2525 542 ἀμείνω,
2558 473 2653 527 καὶ
2688 471 3004 545 σοφωτέραν
3028 491 3041 539 ;
3073 475 3183 528 Καὶ
3213 475 3344 543 γοῦν
3369 475 3457 528 ὅτε
3483 475 3583 545 τὴν
3610 476 3741 531 ἀνω.

496 570 669 631 gunt,
700 576 864 633 quam
895 571 1150 617 sanctum
1182 562 1276 631 qui
1309 562 1362 615 in
1404 577 1503 618 cos
1547 563 1781 632 illapsus
1824 570 1907 618 est
1952 561 2074 633 Spi-

497 655 703 720 ritum,
754 668 1002 723 congrua
1051 653 1133 709 eis
1184 654 1400 708 ratione
1446 662 1646 709 cuncta
1699 654 2070 717 revelantem,

430 736 433 739 ’
495 761 840 816 quaecunque
882 761 1048 800 nosse
1085 760 1150 800 ac
1193 745 1407 802 discere
1435 746 1743 816 oportebat.
1776 744 1914 801 Cum
1943 761 2074 817 ergo

497 838 710 893 venerit
737 837 863 903 ille,
895 838 948 892 id
977 846 1061 895 est
1102 837 1445 901 Paracletus.
1498 838 1743 908 Spiritus
1787 841 2071 906 veritatis,

497 928 731 984 deducet
781 931 985 984 vosin
1051 945 1271 986 omnem
1319 932 1630 986 veritatem.
1687 930 1824 987 Vide
1888 939 2071 987 autem

498 1027 701 1091 quanta
732 1021 780 1075 ei
817 1023 887 1077 sit
916 1022 971 1076 in
1006 1023 1243 1078 dicendo
1271 1023 1519 1079 solertia.
1551 1022 1688 1077 Nam
1722 1039 1846 1079 cum
1876 1031 2075 1080 ventu-

499 1129 620 1168 rum
657 1114 722 1169 ad
750 1129 847 1170 eos
878 1112 1221 1171 Paracletum
1272 1123 1434 1171 antea
1476 1116 1748 1183 dixisset,
1801 1116 2071 1188 Spiritum

500 1205 743 1260 veritatis
776 1221 899 1261 eum
930 1207 1263 1271 nominavit,
1298 1206 1352 1260 id
1381 1214 1467 1262 est
1514 1221 1675 1261 suum
1704 1226 1716 1262 :
1762 1208 1880 1279 ipse
1927 1209 2070 1264 enim

499 1302 585 1349 est
615 1295 816 1350 veritas
846 1295 912 1350 ⁶¹.
945 1296 1080 1351 Nam
1109 1304 1168 1351 ut
1198 1297 1407 1352 scirent
1432 1296 1690 1366 discipuli
1725 1313 1836 1353 non
1883 1299 2075 1355 aliena

500 1400 565 1439 ac
598 1388 899 1456 peregrina:
940 1388 1164 1445 virtutis
1213 1388 1507 1458 illapsum,
1564 1388 1659 1447 sed
1715 1391 2071 1461 semetipsum

498 1475 828 1530 tradendqu
880 1478 1161 1546 polliceri,
1219 1476 1488 1549 Spiritum
1541 1479 1823 1546 veritatis,
1883 1481 1937 1535 id
1991 1488 2075 1537 est

502 1582 686 1632 suum,
722 1567 1064 1624 Paracletum
1094 1571 1352 1640 appellat.
1383 1570 1624 1642 Spiritus
1654 1572 1801 1627 enim
1848 1582 2075 1630 sanctus

503 1660 653 1714 nullo
688 1659 849 1713 modo
894 1661 962 1714 ab
1009 1660 1289 1732 Unigeniti
1322 1662 1632 1719 substantia
1666 1664 1883 1720 alienus
1916 1664 2077 1722 intel-

499 1749 706 1817 ligitur,
741 1750 835 1805 sed
864 1764 933 1804 ex
972 1766 1035 1806 ea
1081 1753 1407 1808 naturaliter
1454 1753 1739 1824 procedit,
1787 1755 2076 1812 identitate

2181 563 2272 616 θεν
2320 564 2412 617 καὶ
2454 562 2519 629 ἐξ
2564 563 2795 634 ούρανοῦ
2846 564 3246 636 πλουτήσαντες
3300 566 3461 638 χάριν
3500 566 3742 638 ήλλαξαν,

2181 651 2321 706 κατά
2358 652 2418 706 τὸ
2446 654 3090 725 γεγραμμένον,’ίσχὺνζ
3128 656 3222 708 καὶ
3252 657 3569 728 ἀμείνουςῆ
3623 661 3746 729 πρό-

2180 758 2337 812 τερον
2361 743 2500 796 κατά
2540 742 2640 815 τὴν
2674 742 2871 810 γνῶσιν
2897 742 3175 811 γεγόνασι,
3202 744 3322 797 τότε
3351 744 3414 815 δὴ
3446 745 3585 815 μετά
3616 749 3749 818 παρ-

2182 834 2379 905 ρησίας
2407 833 2672 903 λεγόντων
2710 834 3028 905 ἠκούσαμεν
3047 850 3062 864 ·
3107 854 3127 886 ι
3167 835 3361 906 Ἡμεῖς
3390 835 3447 889 δέ
3470 835 3595 889 νοῦν
3623 838 3667 889 Χ
3677 854 3750 907 ρι-

2182 925 2310 979 στοῦ
2355 926 2573 997 ἔχομεν.
2607 946 2627 980 ι
2686 927 2798 999 Οὐχ
2843 927 3030 1000 ἕτερον
3074 929 3132 983 δέ
3181 946 3233 982 τι
3286 928 3608 999 σημαίνουσι
3658 930 3749 983 τοῦ

2182 1018 2433 1089 Σωτῆρος
2459 1019 2550 1073 τὸν
2581 1019 2707 1074 νοῦν
2729 1059 2742 1084 ,
2773 1020 2806 1091 ἦ
2838 1020 2900 1073 τὸ
2927 1022 3008 1083 είς
3041 1020 3240 1084 αὐτοὺς
3272 1021 3564 1092 ἐρχόμενον
3598 1021 3750 1091 ἅγιον

2180 1110 2434 1181 Πνεῦμα,
2471 1111 2613 1165 κατὰ
2633 1111 2794 1181 λόγον
2823 1114 3009 1175 αὐτοῖς
3040 1111 3131 1165 τὸν
3165 1112 3447 1181 πρέποντα
3473 1112 3751 1166 διεκκαλύ-

2181 1220 2315 1257 πτον
2362 1202 2578 1257 ἅπαντα
2604 1242 2619 1266 ,
2685 1202 2754 1257 τὰ
2808 1185 3019 1271 ὅσαπερ
3075 1203 3272 1257 εἰδέναι
3322 1205 3418 1258 καὶ⁸
3466 1203 3752 1273 μανθάνειν

2181 1293 2370 1363 ἐχρῆν.
2420 1294 2587 1347 Ὅταν
2618 1288 2711 1348 οὖν
2735 1294 2861 1366 ἔλθῃ
2903 1296 3131 1359 ἐκεῖνος,
3153 1295 3299 1348 τοῦτ’
3332 1294 3477 1348 ἐστιν
3517 1298 3545 1348 ὁ
3570 1295 3751 1366 Παρά-

2181 1384 2408 1457 κλητος,
2440 1374 2505 1437 τὸ
2531 1384 2753 1456 Πνεῦμα
2776 1385 2876 1455 τῆς
2905 1384 3164 1463 ἀληθείας
3181 1426 3196 1450 ,
3223 1386 3480 1457 ὁδηγήσει
3507 1386 3652 1456 ὑμᾶς
3677 1387 3752 1449 εἱς

2180 1474 2279 1546 τὴν
2301 1474 2560 1546 ἀλήθειαν
2583 1479 2784 1530 πᾶσαν.
2811 1475 2983 1530 Βλέπε
3006 1476 3063 1529 δέ
3085 1476 3161 1541 ὡς
3189 1477 3487 1547 ἐγρήγορεν
3511 1478 3543 1546 ή
3570 1477 3748 1546 φωνή·

2181 1565 2284 1636 ὅρα
2312 1565 2406 1619 τοῦ
2438 1565 2596 1634 λόγου
2625 1565 2725 1636 τὴν
2753 1567 2936 1636 νῆψιν.
2968 1564 3325 1638 Προειρηκὼς
3345 1566 3456 1636 γὰρ
3483 1566 3635 1636 ἥξειν
3668 1566 3751 1618 ἐπ’

2183 1653 2379 1717 αὐτοὺς
2426 1653 2517 1707 τὸν
2547 1653 2941 1724 Παράκλητον,
2989 1655 3051 1708 τὸ
3090 1653 3315 1724 Πνεῦμα
3357 1655 3456 1725 τῆς
3498 1653 3753 1725 ἀληθείας

2183 1742 2469 1814 ὠνόμασεν
2503 1742 2697 1810 αὑτὸν,
2750 1744 2895 1798 τοῦτ’
2944 1744 3091 1798 ἐστιν
3148 1743 3343 1798 ἑαυτοῦ
3369 1762 3383 1776 ⁸
3425 1743 3590 1807 αὐτὸς
3649 1744 3755 1814 γάρ

500 1847 713 1923 natura;
743 1839 892 1894 aliud
925 1840 1062 1895 nihil
1093 1843 1164 1897 ab
1195 1843 1317 1914 ipso
1347 1845 1623 1901 exsistens
1643 1885 1658 1911 ,
1692 1845 1823 1902 licet
1865 1846 1922 1901 in
1948 1862 2074 1917 pro-

2180 1836 2326 1889 ἐστιν
2369 1837 2403 1905 ἡ
2447 1835 2697 1906 ἀλήθεια.
2731 1835 2850 1889 Ἵνα
2900 1836 3008 1906 γὰρ
3037 1836 3229 1890 εἰδεῖεν
3270 1837 3321 1889 οἱ
3354 1835 3633 1907 μαθηταὶ,
3684 1836 3757 1899 ὡς

501 1927 620 1998 pria
656 1930 888 1998 perSona
922 1931 1226 1987 subsistere
1270 1933 1636 2005 intelligatur.
1671 1932 1915 2004 Spiritus
1946 1950 2078 2006 ergo

498 2018 777 2086 veritatis,
809 2020 1012 2090 inquit,
1045 2022 1112 2076 ad
1147 2038 1364 2079 omnem
1409 2026 1661 2082 veritatis
1706 2027 2074 2098 cognitionem

501 2126 601 2166 nos
631 2112 881 2167 deducet.
918 2114 1056 2168 Cum
1099 2116 1244 2171 enim
1296 2126 1489 2173 exacte
1530 2132 1829 2191 cognoscat
1869 2122 2077 2177 verita~

498 2212 608 2258 tem
629 2246 646 2270 ,
672 2205 835 2275 cujus
861 2215 916 2261 et
949 2207 1190 2275 Spiritus
1217 2222 1333 2273 est,
1367 2225 1488 2265 cam
1521 2227 1630 2266 non
1664 2229 1727 2267 ex
1762 2221 1917 2281 parte
1958 2215 2077 2271 suis

497 2297 830 2362 cultoribus,
874 2298 970 2354 sed
1002 2299 1216 2371 integre
1239 2301 1425 2371 potius
1452 2293 1573 2370 ejus
1601 2303 1852 2360 infundet
1875 2314 2078 2377 myste-

498 2387 668 2442 rium.
702 2387 946 2445 Tametsi
980 2391 1125 2444 enim
1154 2406 1219 2445 ex
1250 2399 1409 2461 parte
1456 2393 1620 2448 modo
1654 2396 2075 2464 cognoscimus,

497 2485 558 2531 ut
574 2477 782 2534 Paulus
811 2480 976 2548 ait“,
1000 2482 1214 2553 integer
1245 2491 1429 2538 tamen
1461 2484 1707 2540 veritatis
1729 2486 1993 2555 splendor
2018 2488 2074 2542 in

498 2570 602 2625 hac
631 2585 800 2641 parva
832 2573 1153 2643 cognitione
1184 2575 1345 2630 nobis
1376 2574 1619 2631 infulsit.
1654 2577 1726 2633 Ut
1755 2593 1888 2649 ergo
1920 2593 2078 2635 nemo

498 2660 604 2715 scit
636 2677 759 2731 quae
805 2673 934 2717 sunt
987 2663 1259 2732 hominis,
1308 2675 1370 2721 ut
1411 2669 1682 2738 scriptum
1733 2679 1818 2725 est
1848 2671 1915 2737 “,
1968 2674 2076 2729 nisi

497 2753 740 2810 hominis
775 2756 1005 2824 spiritus
1027 2758 1120 2826 qui
1152 2758 1205 2811 in
1235 2758 1358 2828 ipso
1384 2766 1490 2827 est,
1530 2760 1604 2814 ita
1636 2769 1711 2826 et,
1737 2761 1893 2832 juxta
1918 2763 2075 2819 Pauli

496 2858 687 2899 vocem
710 2886 724 2909 ,
752 2860 875 2914 quae
902 2846 995 2901 Dei
1030 2856 1163 2903 sunt
1193 2864 1353 2904 nemo
1377 2854 1669 2922 cognovit,
1699 2854 1807 2909 nisi
1835 2853 2076 2925 Spiritus

499 2929 592 2985 Dei
628 2932 721 3001 qui
751 2940 835 2987 est
865 2935 918 2987 in
949 2934 1095 3005 ipso.
1130 2937 1268 2991 Cum
1296 2954 1430 3010 ergo
1458 2943 1707 3008 venerit,
1736 2944 1947 3014 inquit,
1976 2945 2078 3001 Pa-

497 3023 741 3079 racletus
763 3064 777 3088 ,
834 3025 976 3079 nihil
1006 3040 1037 3079 a
1063 3029 1364 3099 semetipso
1386 3031 1643 3101 loquetur
1667 3052 1680 3088 :
1712 3050 1812 3104 pro
1838 3051 1903 3091 eo
1928 3037 2076 3107 quod

495 3124 606 3179 est,
644 3114 932 3171 iustillabit
961 3117 1185 3186 quidem
1209 3120 1391 3187 vobis,
1437 3132 1486 3177 et
1512 3125 1768 3180 veritatis
1813 3128 2078 3183 revelabit

498 3207 841 3278 mysterium.
876 3206 1023 3262 Nihil
1052 3210 1198 3265 enim
1228 3212 1482 3283 loquetur
1511 3230 1740 3285 prorsus
1772 3219 1915 3287 quod
1943 3219 2077 3275 mihi

498 3310 607 3350 non
641 3296 890 3366 placeat,
921 3298 1021 3354 sed
1060 3315 1163 3355 nec
1195 3303 1546 3372 peregrinam
1582 3305 1739 3361 vobis
1766 3305 2074 3363 doctrinam

497 3387 692 3444 tradet.
724 3387 836 3444 Nec
863 3391 1010 3445 enim
1041 3395 1357 3473 suasvobis
1388 3395 1538 3466 leges
1565 3396 1798 3464 inferet,
1826 3400 1921 3455 sed
1949 3415 2076 3455 cum

496 3480 728 3551 spiritus
768 3488 823 3535 et
869 3497 1026 3538 mens
1070 3485 1483 3554 quodammodo
1530 3504 1654 3545 mea
1702 3492 1809 3555 sit,
1850 3493 2076 3548 omnino

494 3584 619 3638 qua:
648 3569 703 3622 in
736 3584 825 3624 me
856 3581 986 3625 sunt
1018 3570 1293 3642 loquetur.
1323 3575 1387 3629 Et
1414 3576 1531 3631 haec
1559 3578 1783 3648 quidem
1817 3580 2077 3638 Servator

495 3658 607 3722 ait,
641 3672 751 3712 non
783 3666 844 3714 ut
878 3659 1121 3733 ministri
1164 3661 1346 3717 locum
1394 3672 1583 3721 tenere
1634 3665 1905 3738 Spiritum
1952 3686 2076 3726 san-

495 3759 643 3804 ctum
695 3758 988 3819 putemus,
1034 3751 1196 3821 juxta
1248 3754 1415 3826 926
1463 3759 1856 3813 nonnullorum
1907 3761 2076 3817 insci-

496 3839 667 3895 tiam:
696 3839 792 3894 sed
837 3841 967 3910 quia
1004 3841 1309 3913 discipulos
1343 3846 1611 3904 certiores
1656 3850 1843 3918 potius
1890 3850 2074 3910 facere

495 3930 767 3999 voluerit,
801 3932 946 4002 quod
990 3948 1116 3988 cum
1161 3935 1306 3993 alius
1351 3952 1381 3991 ει
1427 3953 1487 3994 se
1535 3955 1647 3994 non
1702 3942 1775 3997 sit
1828 3940 2072 4014 Spiritus

494 4037 670 4087 suus,
731 4024 1333 4085 consubstantialitatis
1392 4047 1588 4102 nempe
1642 4034 1898 4100 ratione,
1959 4037 2073 4094 haec

495 4112 683 4181 utique
719 4114 992 4184 loquetur,
1036 4127 1093 4172 et
1148 4120 1491 4188 operabitur,
1538 4132 1593 4179 et
1640 4126 1805 4182 volet.
1859 4126 2071 4185 Idcirco

491 4205 637 4258 enim
671 4204 917 4262 addidit:
949 4227 968 4259 ι
1001 4206 1067 4262 Et
1098 4225 1220 4280 qua:
1264 4223 1497 4269 ventura
1546 4226 1674 4270 sunt
1720 4219 2071 4275 annuntiabit

492 4297 687 4362 vobis,
721 4301 1164 4369 api-Opemodum
1216 4302 1409 4362 dicens
1458 4325 1471 4360 :
1528 4305 1756 4378 Signum
1806 4309 1909 4365 hoc
1960 4312 2068 4366 erit

492 4389 652 4443 vobis
672 4430 687 4455 ,
720 4393 951 4447 omnino
982 4408 1050 4448 ex
1080 4410 1199 4450 mea
1231 4397 1545 4453 substantia
1594 4398 1857 4471 Spiritum
1908 4418 2064 4468 esse,

2105 3166 2148 3225 C

2175 1926 2276 1980 οὐκ
2302 1925 2591 1997 ἀλλοτρίας
2623 1929 2717 1981 καὶ
2750 1926 2909 1998 ξένης
2942 1927 3125 1991 αὐτοῖς
3152 1926 3438 1998 δυνάμεως
3464 1926 3753 1998 ἐπιφοίτη-

2177 2034 2298 2082 σιν,
2340 2018 2455 2071 ἀλλ’
2506 2018 2697 2072 ἐαυτὸν
2748 2020 2954 2090 ἑτέρως
2999 2017 3286 2072 ἐπιδώσειν
3332 2018 3754 2086 ἐπαγγέλλεται,

2177 2107 2403 2179 Πνεῦμα
2430 2109 2531 2179 τῆς
2554 2109 2836 2181 ἀληθείας,
2862 2109 3006 2163 τοῦτ’
3040 2108 3189 2164 ἐστιν
3212 2110 3429 2175 ἐαυτοῦ,
3453 2109 3545 2163 τὸν
3573 2110 3759 2181 napa—

2176 2202 2372 2272 κλητον
2399 2202 2684 2257 ἀποκαλεῖ.
2737 2203 2812 2256 Οὐ
2844 2202 2955 2272 γάρ
2982 2202 3261 2274 ἀλλότριον
3309 2202 3408 2272 τῆς
3443 2201 3636 2265 οὐσίας
3666 2202 3758 2255 τοῦ

2176 2293 2514 2362 Μονογενοῦς
2542 2293 2603 2346 τὸ
2628 2294 2781 2363 ἅγιον
2815 2296 3018 2348 νοεῖται
3052 2292 3298 2364 Πνεῦμα,
3333 2293 3545 2362 πρόεισι
3568 2292 3631 2346 δὲ
3664 2309 3759 2362 φυ-

2179 2384 2345 2449 σικῶς
2375 2384 2435 2452 ἐξ
2466 2385 2636 2455 αὐτῆς
2657 2427 2671 2452 ,
2702 2385 2855 2439 οὐδὲν
2884 2385 3076 2456 ἓτερον
3114 2387 3245 2457 παρ’
3275 2384 3441 2439 αὐτὸν
3487 2384 3756 2455 ὑπάρχον,

2176 2476 2300 2530 ὅσον
2328 2478 2408 2541 είς
2434 2478 2738 2546 ταυτότητα
2766 2475 2984 2546 φύσεως
3004 2517 3018 2540 ,
3049 2477 3099 2529 εί
3134 2476 3230 2531 καὶ
3251 2477 3426 2530 νοοῖτο
3456 2475 3620 2545 τυχὸν
3647 2476 3762 2529 ἰδιο-

2179 2569 2479 2632 συστάτως.
2529 2568 2602 2621 Τὸ
2626 2568 2840 2632 τοίνυν,
2887 2568 3056 2640 φησὶ,
3090 2568 3189 2639 τῆς
3222 2565 3482 2637 ἀληθείας
3510 2565 3757 2637 Πνεῦμα,

2180 2664 2316 2735 πρὸς
2342 2663 2470 2734 ὃλην
2494 2664 2626 2733 ἡμῖν
2661 2660 3036 2732 καθηγήσεται
3062 2658 3164 2729 τῆς
3190 2657 3450 2728 ἀληθείας
3477 2657 3578 2729 τὴν
3616 2658 3760 2725 γνῶ-

2179 2768 2284 2804 σιν.
2343 2751 2431 2815 Ὧς
2471 2753 2578 2823 γάρ
2620 2750 2759 2814 είδὺς
2804 2748 3048 2821 ἀκριϐῶς
3088 2749 3189 2819 τὴν
3228 2747 3525 2811 ἀλήθειαν,
3570 2742 3647 2821 ἦς
3672 2747 3763 2801 καὶ

2177 2844 2403 2915 Πνεῦμά
2426 2827 2611 2908 ἐστιν,⁸
2627 2843 2728 2896 οὐκ
2753 2844 2818 2896 ἐκ
2855 2843 3057 2913 μέρους
3079 2840 3249 2912 αὐτὴν
3274 2839 3621 2910 ἀποκαλύψει
3652 2842 3763 2904 τοῖς

2179 2936 2493 3008 σεὸομένοις
2530 2936 2692 2990 αὐτὸν
2713 2977 2727 3001 ,
2756 2935 2974 3007 ἐνθήσει
3013 2934 3072 2987 δέ
3105 2934 3305 3004 μᾶλλον
3355 2932 3674 3003 ὁλοκλήρως
3704 2931 3764 2985 τὺ

2178 3030 2308 3102 περὶ
2340 3029 2509 3100 αὐτῆς
2545 3029 2863 3100 μυστήριον.
2909 3028 2974 3081 Et
3023 3026 3132 3098 γὰρ
3163 3026 3260 3080 καὶ
3306 3023 3403 3079 νῦν
3451 3026 3517 3077 ἐκ
3559 3023 3764 3094 μέρους

2178 3122 2539 3192 γινώσκομεν,
2569 3120 2644 3184 ὡς
2675 3122 2703 3174 ό
2735 3118 2948 3183 Παῦλός
2984 3135 3149 3188 φησιν
3167 3161 3181 3185 ,
3212 3116 3328 3170 ἀλλ’
3366 3115 3442 3179 ὡς
3471 3117 3529 3168 ἐν
3556 3113 3764 3183 γνώσει

2183 3214 2356 3285 μικρᾷ
2386 3213 2523 3266 σῶόν
2567 3229 2628 3265 τε
2662 3213 2757 3265 καὶ
2785 3214 2967 3274 ἀσινὲς
2997 3211 3125 3282 ἡμῖν
3163 3210 3225 3263 τὸ
3257 3208 3360 3278 τῆς
3385 3205 3654 3278 ἀληθείας
3680 3206 3766 3259 ἐν-

2178 3308 2423 3381 ήστραψε
2454 3307 2669 3371 κάλλος.
2714 3306 2925 3375 Ὥσπερ
2961 3298 3055 3357 οῦν
3086 3302 3261 3367 οὐδεὶς
3291 3296 3399 3355 οἶδε
3440 3299 3511 3352 τά
3538 3297 3640 3352 τοῦ
3672 3298 3763 3350 ἀν-

2178 3399 2431 3472 θρώπου,
2469 3396 2609 3452 κατά
2655 3397 2717 3451 τὸ
2748 3395 3167 3467 γεγραμμένον,
3217 3393 3266 3445 εί
3314 3391 3388 3463 μὴ
3435 3390 3497 3443 τὸ
3536 3388 3761 3459 πνεῦμα

2176 3492 2270 3545 τοῦ
2303 3488 2593 3562 ἀνθρώπου
2630 3488 2692 3542 τὸ
2723 3491 2782 3541 ἐν
2810 3486 2993 3557 αὐτῷ·
3040 3484 3184 3540 κατά
3230 3484 3320 3536 τὸν
3343 3481 3539 3547 αὐτὸν,
3576 3476 3757 3552 οἶμαι,

2175 3585 2375 3657 τρόπον
2398 3622 2413 3648 ,
2445 3581 2647 3654 μᾶλλον
2680 3580 2737 3635 δέ
2766 3577 2907 3634 κατά
2930 3577 3029 3649 τὴν
3052 3576 3145 3631 τοῦ
3171 3575 3385 3629 Παύλου
3415 3572 3601 3644 φωνὴν
3620 3613 3640 3636 ,
3673 3574 3761 3626 οὐ.

2174 3675 2285 3739 δεὶς
2309 3670 2418 3728 οἶδε
2449 3674 2519 3727 τὰ
2541 3670 2637 3726 τοῦ
2663 3670 2798 3725 Θεοῦ
2819 3712 2835 3736 ,
2888 3672 2938 3724 εί
2971 3669 3046 3742 μὴ
3064 3668 3126 3723 τδ
3152 3667 3380 3738 Πνεῦμα
3402 3664 3496 3718 τοῦ
3524 3663 3673 3718 Θεοῦ
3700 3663 3761 3716 τὸ

2174 3765 2232 3817 ἐν
2258 3761 2428 3833 αὐτῷ.
2459 3763 2627 3816 Ὅταν
2650 3756 2742 3814 οὖν
2773 3759 2923 3831 ἔλθῃ,
2956 3760 3144 3830 φησὶν,
3170 3757 3232 3811 οὐ
3252 3756 3476 3825 λαλήσει
3505 3754 3604 3822 ἀφ’
3632 3755 3761 3807 ἐαυ-

2172 3856 2265 3910 τοῦ
2294 3856 2445 3910 οὐδὲν
2464 3896 2478 3921 ,
2508 3856 2628 3909 ἀντὶ
2654 3852 2750 3908 τοῦ
2771 3892 2786 3917 ,
2817 3854 3052 3905 συνετιεῖ
3082 3852 3180 3923 μὲν
3210 3850 3384 3921 ὑμᾶς,
3416 3847 3512 3900 καὶ
3537 3845 3603 3899 τὸ
3629 3843 3759 3914 περὶ

2171 3948 2271 4019 τῆς
2292 3946 2547 4016 ἀληθείας
2573 3942 2914 4012 ἀποκαλύψει
2938 3942 3239 4011 μυστήριον
3263 3955 3276 3967 ·
3298 3937 3524 4008 λαλήσει
3558 3951 3626 4003 γε
3654 3933 3759 4004 μὴν

2173 4036 2452 4099 παντελῶς
2477 4035 2628 4089 οὐδὲν
2651 4033 2760 4087 τῶν
2790 4032 3104 4103 ἀπᾳδόντων
3134 4029 3279 4101 ἐμοὶ,
3313 4028 3432 4082 ἀλλ’
3452 4026 3572 4081 οὐδὲ
3603 4025 3758 4092 ξένον

2173 4129 2301 4198 ὑμῖν
2353 4127 2709 4197 είσηγήσεται
2776 4123 3023 4195 μάθημα.
3084 4122 3158 4175 Οὐ
3217 4120 3329 4192 γὰρ
3377 4118 3540 4181 ἰδίους
3588 4115 3759 4185 τυχὸν

2172 4218 2393 4273 εἰσοίσει
2422 4217 2652 4287 νόμους,
2706 4215 2895 4286 ἐπειδὴ
2929 4215 2984 4268 δὲ
3017 4212 3239 4283 Πνεῦμα
3261 4253 3277 4278 ,
3318 4211 3412 4264 καὶ
3435 4207 3600 4262 οἱονεὶ
3630 4204 3758 4268 νοῦς

2170 4314 2318 4366 ἐστιν
2351 4311 2502 4381 ἐμὸς,
2524 4311 2749 4382 λαλήσει
2775 4308 2840 4380 δὴ
2857 4308 3077 4371 πάντως
3105 4308 3174 4360 τά
3198 4306 3256 4358 ἐν
3283 4302 3429 4375 ἐμοί.
3458 4299 3569 4354 Καὶ
3593 4297 3759 4352 τοῦτό

2171 4422 2335 4476 φησιν
2354 4405 2383 4457 ὁ
2404 4402 2615 4474 Σωτὴρ,
2633 4403 2732 4472 οὐχ
2747 4401 2834 4455 ἵνα
2854 4399 3064 4471 νοῶμεν
3088 4393 3426 4468 ὑπουργικδν
3449 4391 3509 4445 τὸ
3524 4388 3756 4458 Πνεῦμα

490 4486 546 4531 et
576 4495 749 4535 meam
782 4484 951 4538 veluti
983 4493 1221 4542 mentem
1267 4504 1423 4555 esse,
1470 4492 1616 4561 quod
1652 4503 1879 4548 ventura
1919 4511 2062 4565 pra:-

2177 4496 2232 4548 τὸ
2259 4496 2449 4564 ἅγιον,
2491 4492 2636 4546 κατά
2671 4493 2772 4562 τήν
2813 4506 2975 4544 τινων
3025 4486 3293 4560 ἀμαθίαν·
3337 4479 3756 4553 πληροφορῆσαι

491 4568 776 4627 dicatnrus
805 4576 914 4642 sit,
949 4592 1060 4632 non
1108 4594 1271 4635 secus
1314 4596 1382 4636 ac
1432 4597 1557 4652 ego.
1609 4584 1844 4641 Praedixi
1885 4588 2066 4653 enim,

2164 4587 2222 4640 δὲ
2268 4585 2465 4657 μᾶλλον
2512 4583 2777 4654 ἐθελήσας
2822 4583 2948 4645 τοὺς
2995 4578 3276 4650 μαθητὰς,
3327 4577 3403 4639 ὡς
3432 4575 3531 4643 οὐχ
3559 4570 3759 4639 ἕτερον

492 4660 620 4715 licet
660 4662 846 4717 omnia
893 4665 1113 4722 discere
1158 4683 1268 4724 non
1316 4671 1566 4741 possitis.
1613 4672 1725 4730 Nec
1772 4677 1954 4742 enim,
2009 4687 2069 4734 ut

2177 4677 2227 4731 ὃν
2254 4678 2384 4749 παρ’
2422 4675 2587 4730 αὐτὸν
2610 4674 2671 4729 τὸ
2702 4674 2922 4745 Πνεῦμα
2949 4673 3136 4737 αὐτοῦ,
3161 4669 3304 4725 κατά
3327 4685 3391 4737 γε
3419 4666 3511 4720 τὸν
3535 4666 3594 4718 ἐν
3624 4665 3757 4732 ὁμο-

489 4765 626 4819 ego,
661 4760 892 4809 ventura
927 4756 1281 4826 praedixerit,
1317 4761 1422 4817 nisi
1456 4768 1511 4817 et
1537 4762 1591 4817 in
1621 4779 1709 4819 me
1747 4766 1855 4833 sit,
1887 4776 1944 4822 et
1972 4786 2069 4840 per

2177 4770 2438 4839 »υσιότητι
2484 4767 2642 4836 λόγον
2665 4806 2680 4830 ,
2734 4764 2910 4820 ταῦτα
2967 4764 3032 4835 δὴ
3076 4763 3295 4825 πάντως
3346 4758 3599 4828 λαλήσει,
3658 4750 3756 4806 καὶ

491 4855 578 4893 me
605 4842 869 4909 procedat
889 4885 904 4910 ,
929 4852 985 4899 et
1013 4846 1258 4915 ejusdem
1290 4850 1363 4906 sit
1392 4865 1605 4907 mecum
1635 4855 1984 4914 substantiae.

2164 4860 2481 4930 ἐνεργήσει,
2513 4858 2607 4910 xal.
2647 4855 2988 4928 βουλήσεται.
3012 4854 3111 4908 Διά
3140 4852 3249 4923 γάρ
3278 4866 3361 4903 τοι
3387 4847 3547 4901 τοῦτο
3576 4857 3754 4914 προσ-

488 4928 764 4992 τέθεικεν,
799 4932 881 4985 ὄτι
920 4951 939 4984 ι
980 4935 1090 4988 Kal.
1124 4935 1194 4989 τὰ
1226 4938 1499 5009 ἐρχόμενα
1527 4941 1820 5011 ἀναγγελεῖ
1844 4946 1998 5016 ὑμῖν,
2030 4969 2049 5002 ι
2097 4928 2384 5020 μονονουχὶ
2411 4948 2589 5016 λέγων
2609 4963 2622 4978 ⁸
2673 4946 2904 5016 Σημεῖον
2933 4944 3091 4996 τοῦτο
3122 4941 3274 4994 ἔσται
3300 4939 3431 5009 ὑμῖν
3453 4974 3469 4999 ν
3537 4935 3622 4986 δτι
3689 4930 3754 4999 δὴ

490 5021 706 5088 πάντως
751 5025 815 5077 ἐκ
854 5028 955 5098 τῆς
992 5030 1130 5099 ἐμῆς
1168 5029 1355 5093 οὐσίας
1401 5031 1461 5084 τὸ
1505 5033 1728 5105 Πνεῦμά
1763 5039 1908 5099 ἐστι,
1953 5042 2045 5093 καὶ
2082 5038 2194 5095 οἷον
2228 5040 2358 5111 ἐμός
2381 5040 2498 5091 ἐστι
2535 5037 2679 5099 νοῦς,
2710 5038 2771 5089 τὸ
2798 5037 2944 5106 ἐρεῖν
2976 5034 3135 5089 αὐτὸν
3182 5033 3250 5086 τά
3295 5030 3550 5099 ἐσόμενα,
3576 5023 3751 5077 mea.

488 5130 592 5187 περ
625 5117 754 5178 ἐγώ.
781 5120 1093 5192 Προείρηκα
1122 5121 1262 5194 γὰρ,
1312 5127 1360 5178 εἰ
1387 5126 1480 5180 καὶ
1514 5128 1588 5198 μὴ
1620 5127 1847 5198 δύνησθε
1874 5132 2050 5186 πάντα
2090 5132 2302 5202 μαθεῖν.
2370 5131 2484 5184 Οὐκ
2532 5128 2598 5183 ἂν
2639 5124 2732 5181 οῦν
2762 5128 2893 5198 ἄρα,
2938 5125 3190 5196 καθάπερ
3233 5122 3365 5191 ἐγὼ,
3416 5118 3645 5190 προερεῖ
3679 5112 3751 5165 τά

487 5208 752 5277 ἐσόμενα,
809 5212 882 5281 μὴ
916 5214 1037 5286 οὐχὶ
1068 5215 1283 5279 πάντως
1313 5216 1370 5272 ἐν
1401 5218 1521 5287 ἐμοί
1546 5236 1605 5273 τε
1633 5220 1909 5292 ὑπάρχον,
1960 5222 2054 5277 καὶ
2087 5223 2155 5276 δι’
2180 5221 2315 5293 ἐμοῦ
2357 5222 2566 5292 προϊὸν,
2598 5221 2690 5273 καὶ
2708 5219 2806 5289 τῆς
2840 5219 3008 5289 αὐτῆς
3033 5216 3222 5280 οὐσίας
3244 5213 3489 5284 ὑπάρχον
3519 5208 3669 5282 ἐμαί.

556 5375 798 5434 ’θιιϐοικ
827 5397 890 5449 ιι,
922 5384 1012 5440 16.
1086 5385 1312 5443 “Joau.
1351 5403 1463 5452 ιιν,
1498 5388 1549 5441 6.
1632 5388 1866 5446 “lCor-
1907 5407 2025 5456 XI".
2059 5391 2074 5447 ε

2206 5392 2250 5423 εδ
2282 5390 2297 5444 l
2331 5390 2457 5447 Cor.
2502 5405 2561 5458 ιι,
2600 5390 2682 5445 Η.
