4042 6204
458 346 560 406 447

1456 350 1520 404 S.
1560 349 1833 404 CYRILLI
1865 348 2338 404 ALEXANDRIM
2378 348 2699 406 ARCHIEP.

3600 344 3701 401 “8

461 503 1559 536 παφα-...εὐο--ο-ο---ο-η--ο---σιι
1590 526 1615 531 ιο
1676 526 1715 532 ν»
1753 526 1783 530 μμ
1802 526 1809 530 -
1858 525 1880 530 -ι
1900 525 1935 532 ιν.
1968 525 1981 531 ο
2006 494 3685 532 κανωῴ-ψω

789 526 848 535 ο...
861 525 1375 535 u—“W——o...__-_.
1388 525 1473 532 _..._-
1486 525 1518 532 —.
1532 526 1559 531 .-
1590 526 1597 530 η
1610 526 1615 531 .

1858 525 1880 530 -.
1900 525 1935 532 Α..
1968 525 1981 531 ο
2006 523 2199 532 κάη-ιν...

1034 632 1208 750 Et:
1279 663 1427 747 ΤΟ
1500 660 1799 745 ΚΑΤΑ
1871 659 2039 746 ΙΩΑ

2140 661 2375 748 NHN
2449 604 3151 748 EYAI‘I‘EAION‘

1227 847 1862 967 BIBAION
1977 778 2956 967 ΕΝΔΕΚΑΤΟΝ-

660 1230 784 1363 1_N
865 1225 1382 1320 JOANNIS
1454 1186 2236 1324 EVANGELIUM
2285 1231 2639 1321 LIBER
2692 1234 3436 1326 UNDECIMUS.

1029 1571 1198 1642 923
1249 1571 1403 1629 CAP.
1436 1573 1475 1627 ι.

2750 1573 3000 1626 ΚΕΦΛΛ.
3055 1572 3132 1626 Δ⁰.

465 1662 620 1729 Quod
655 1661 977 1717 naturaliter
1004 1674 1051 1735 et
1085 1680 1149 1717 ea:
1180 1663 1282 1717 Deo
1305 1708 1318 1729 ,
1349 1675 1397 1719 et
1437 1667 1489 1719 in
1524 1664 1666 1719 Filio
1696 1667 1762 1719 sit
1798 1665 2032 1735 Spiritus

2141 1666 2271 1719 ’Ότι
2295 1662 2665 1735 φυσικῶς-ξε
2681 1662 2828 1715 Θεοῦ
2856 1679 2918 1735 gs
2942 1660 3037 1735 ira}
3064 1664 3134 1735 ᾷν
3156 1659 3233 1735 τῷ
3258 1661 3456 1735 more
3475 1662 3719 1735 Πνεῦμα

533 1743 786 1799 sanctus,
826 1743 875 1786 et
904 1750 995 1802 per
1024 1734 1197 1802 ipsum
1228 1777 1240 1797 ,
1274 1744 1323 1787 et
1358 1736 1412 1788 in
1444 1736 1743 1790 substantia
1777 1737 1965 1805 ipsius.

535 1821 689 1889 XVI,
724 1823 814 1877 14.
857 1822 959 1878 Ille
993 1840 1073 1878 me
1100 1824 1420 1892 clariﬁcabit
1442 1867 1456 1890 ,
1497 1828 1622 1898 quia
1650 1828 1713 1882 de
1748 1845 1861 1883 meo
1893 1831 2032 1883 acci-

464 1910 607 1980 piet,
647 1921 697 1965 et
735 1914 1074 1966 annuntiabit
1108 1914 1272 1968 vobis.

538 2024 708 2090 Quasi
752 2026 936 2095 dignis
976 2027 1289 2081 revelatum
1332 2035 1528 2082 sancto
1577 2027 1788 2098 Spiritu
1834 2027 2040 2083 Christi

467 2114 825 2184 mysterium,
867 2122 921 2169 et
962 2127 1218 2170 accurate
1249 2116 1596 2172 declaraturo
1639 2118 1892 2187 quisnam
1941 2134 2040 2172 na-

466 2211 587 2258 tura
611 2245 626 2270 ,
656 2213 985 2275 quantasque
1015 2206 1088 2262 sit
1126 2208 1345 2263 virtutis
1394 2223 1458 2262 ac
1486 2210 1763 2278 potentia),
1809 2216 1864 2263 et
1893 2208 2041 2277 quod

466 2295 520 2350 in
544 2311 736 2351 omnes
761 2314 867 2351 una
892 2313 1013 2352 cum
1042 2298 1204 2352 Patre
1234 2308 1448 2369 regnet,
1480 2302 1793 2356 necessario
1815 2300 2043 2369 subjun-

465 2388 574 2459 git:
618 2407 637 2439 ι
674 2388 769 2444 Ille
802 2404 888 2444 me
916 2390 1265 2443 clariﬁcahit.
1307 2409 1326 2442 ι
1368 2390 1622 2445 Nostram
1654 2393 1860 2462 quippe
1893 2408 2043 2446 men-

463 2488 573 2534 tem
604 2493 772 2549 supra
808 2476 1124 2535 Iudaeorum
1156 2480 1521 2551 cogitationes
1558 2481 1773 2548 evehit,
1807 2491 2040 2535 nectam

464 2570 677 2641 abjecte
697 2571 763 2625 d'e
786 2586 850 2626 eo
882 2574 1087 2627 sentire
1113 2588 1210 2627 nos
1232 2572 1399 2634 sinit,
1431 2580 1490 2625 ut
1520 2573 1794 2627 hominem
1834 2572 2040 2627 nudum

464 2675 529 2716 ac
563 2660 866 2731 simplicem
911 2678 1034 2716 eum
1081 2678 1204 2717 esse
1254 2671 1545 2731 putemus,
1596 2670 1690 2715 aut
1727 2663 1887 2731 paulo
1913 2677 2041 2733 pro-

465 2752 645 2823 phetis
682 2753 988 2823 majorem,
1026 2753 1230 2807 nedum
1276 2754 1494 2807 illorum
1532 2756 1709 2825 gloria
1749 2756 2041 2810 minorem.

464 2842 616 2897 Talia
647 2845 852 2913 quippe
891 2846 958 2899 de
997 2860 1063 2899 eo
1095 2846 1338 2900 sensisse
1365 2846 1792 2914 comperiemus.
1830 2845 2043 2900 Iudaeo-

463 2951 587 2991 rum
618 2935 873 2991 doctores
913 2951 977 2990 ac
1024 2936 1229 3003 duces,
1280 2937 1374 3007 qui
1407 2952 1532 2991 cum
1567 2939 1787 3006 pietatis
1822 2939 2043 3009 ignora-

464 3033 587 3080 rent
626 3026 980 3096 mysterium,
1016 3026 1226 3082 crebris
1260 3027 1567 3082 maledictis
1594 3026 1878 3084 Christum
1915 3044 2040 3099 pro-

465 3117 863 3187 sequebantur,
895 3133 1170 3187 suumque
1202 3118 1443 3173 furorem
1481 3118 1602 3189 ejus
1630 3119 1799 3190 929
1828 3135 2041 3175 sermo—

465 3209 630 3265 nibus
653 3220 1011 3280 opponentes,
1034 3211 1194 3263 modo
1220 3211 1439 3279 quidem
1466 3212 1682 3265 aiebant
1714 3230 1727 3265 :
1766 3230 1784 3263 ι
1814 3212 1893 3265 'i‘u
1919 3211 2042 3282 quis

463 3302 568 3357 es?
609 3301 881 3356 Abraham
937 3311 1193 3357 mortuus
1242 3310 1363 3367 est,
1411 3310 1466 3356 et
1513 3302 1796 3373 propheta:
1841 3303 2042 3363 mortui

465 3404 618 3461 sunt,
675 3404 730 3451 et
762 3403 819 3451 tu
851 3396 1013 3459 dicis,
1048 3396 1103 3452 Si
1139 3397 1265 3466 quis
1301 3410 1612 3452 sermonem
1642 3411 1822 3450 meum
1856 3410 2042 3449 serva-

464 3488 624 3549 verit,
658 3503 769 3542 non
806 3489 1048 3558 gustabit
1082 3496 1313 3542 mortem
1348 3487 1402 3540 in
1440 3496 1728 3541 aeternum.
1762 3486 1932 3552 Quem
1959 3494 2042 3541 te-

465 3578 644 3647 ipsum
678 3576 814 3634 facis
841 3577 932 3630 ⁶⁹ῖ
966 3596 984 3629 ι
1022 3581 1183 3632 modo
1216 3591 1345 3632 vero
1385 3578 1602 3646 generis
1645 3576 2041 3647 ignobilitatem

464 3683 532 3724 ac
584 3669 843 3723 vilitatem
897 3668 945 3723 ei
998 3668 1404 3737 exprobrantes
1453 3685 1466 3720 :
1530 3687 1548 3718 ‹
1582 3664 1775 3721 Nonne
1819 3668 1908 3721 hic
1961 3674 2044 3722 est

466 3760 611 3816 ﬁlius
637 3759 866 3829 Joseph,
913 3760 1072 3829 cujus
1118 3774 1219 3813 nos
1261 3758 1515 3813 novimus
1567 3767 1779 3828 patrem
1829 3754 1884 3813 et
1930 3772 2044 3812 ma-

465 3852 649 3908 trem?
681 3851 965 3918 Quomodo
999 3867 1129 3921 ergo
1160 3850 1293 3907 dicit
1326 3868 1338 3903 :
1379 3851 1507 3920 quia
1538 3850 1604 3905 de
1632 3850 1774 3906 cmlo
1814 3849 2044 3906 descen-

464 3947 520 4001 di
549 3945 634 3998 “‘2
668 3964 687 3997 ι
738 3943 904 4000 Vides
951 3945 1043 3998 hic
1096 3944 1328 3999 miseras
1372 3953 1427 3999 et
1468 3943 1689 4014 putidas
1725 3941 2039 3997 Judazoruln

465 4036 934 4096 ratiocinationes.
982 4036 1119 4090 Cum
1153 4050 1286 4105 ergo
1318 4051 1385 4091 eo
1425 4036 1612 4090 animo
1642 4035 1798 4089 multi
1828 4043 2039 4098 essent,

463 4132 955 4199 existimarentque
989 4145 1180 4185 revera
1210 4129 1376 4184 Deum
1412 4144 1522 4184 non
1558 4144 1683 4185 esse
1711 4126 2001 4184 Dominum
2023 4171 2039 4195 ,

466 4231 687 4293 propter
720 4221 983 4276 caducam
1025 4219 1167 4273 hanc
1206 4218 1458 4290 corporis
1502 4218 1730 4289 ﬁguram
1754 4258 1768 4279 ,
1810 4226 1865 4272 et
1894 4218 2042 4287 abje-

2174 1736 2241 1789 τὸ
2269 1728 2459 1805 ἅγιον,
2483 1730 2669 1786 καίόι’
2698 1728 2904 1794 αὑτοῦ,
2934 1731 3032 1784 καὶ
3053 1731 3123 1783 ἐν
3159 1730 3430 1800 τῇοίεσίᾳ
3456 1728 3665 1786 αὐτοῦ.

2223 1823 2480 1888 Ἐκεῖνος
2503 1821 2605 1890 ἐμὲ
2629 1819 2895 1884 δοξάσει,
2926 1820 3014 1875 ὅτι
3042 1821 3109 1874 ἐκ
3130 1821 3235 1874 τοῦ
3257 1820 3404 1891 ἐμοῦ
3434 1822 3717 1891 λήψεται,

2141 1916 2238 1971 καί
2265 1911 2593 1984 ἀναγγελεῖ
2624 1908 2790 1981 ὑμῖν.

2222 2029 2310 2090 Ὠς
2351 2024 2759 2080 ἀποκαλύπτειν
2812 2022 3099 2095 μέλλοντος
3150 2027 3261 2087 τοῖς
3302 2024 3497 2078 τούτου
3534 2028 3719 2095 τυχεῖν

2141 2121 2311 2189 ἀξίοις
2342 2119 2437 2173 τοῦ
2472 2119 2629 2188 ἁγίου
2672 2116 2987 2185 Πνεῦματος
3013 2114 3072 2168 τὸ
3119 2115 3211 2168 ἐπὶ
3249 2114 3471 2186 Χριστῷ
3506 2118 3719 2187 μυστή-

2145 2230 2279 2286 ριον,
2309 2213 2403 2266 καὶ
2439 2209 2858 2282 παραδεικνύειν
2899 2206 3141 2279 ἀκριϐῶς
3173 2207 3253 2270 τίς
3302 2207 3400 2277 μέν
3431 2209 3550 2259 ἐστι
3577 2209 3720 2261 κατὰ

2142 2306 2324 2375 φύσιν,
2354 2305 2494 2372 πόση
2519 2304 2574 2356 δὲ
2595 2300 2744 2372 αὐτῷ
2774 2300 3005 2370 δύναμίς
3033 2316 3094 2351 τε
3131 2299 3225 2352 καὶ
3260 2296 3491 2363 ἐξουσία,
3522 2299 3616 2353 καὶ¹
3635 2301 3721 2354 ὅτι

2146 2398 2359 2451 πάντων
2412 2393 2686 2465 βασιλεύει
2737 2392 2874 2464 μετά
2921 2390 3156 2462 Πατρδς.
3195 2391 3511 2459 ἀναγκαίως
3555 2394 3721 2462 φησιν

2141 2487 2223 2542 ὅτι
2283 2506 2301 2539 ι
2350 2485 2587 2548 Ἐκεῖνος
2642 2486 2744 2555 ἐμὲ
2786 2482 3021 2548 δοξάσει.
3071 2500 3091 2533 ι
3138 2481 3422 2553 ’Λνωτέρω
3470 2482 3569 2553 μὲν
3610 2484 3722 2554 γὰρ

2144 2579 2326 2651 ἵστησι
2351 2578 2717 2648 φρονημάτων
2755 2574 3059 2628 Ἰουδαϊκῶν
3103 2574 3195 2628 τὸν
3251 2572 3523 2644 ἡμέτερον
3570 2576 3720 2641 νοῦν,

2147 2670 2350 2741 μικρὰν
2371 2668 2427 2722 δὲ
2456 2666 2601 2721 οὕτω
2636 2668 2730 2720 καὶ
2776 2664 3128 2738 χαμαιρῤιφῆ
3162 2666 3259 2738 τὴν
3292 2666 3546 2737 διάληψιν
3575 2668 3723 2740 ἔχειν

2145 2762 2291 2832 ἡμᾶς
2315 2761 2415 2814 οὒκ
2458 2759 2696 2831 ἐφίησιν,
2735 2760 2811 2823 ὡς
2849 2757 3137 2829 ἄνθρωπον
3169 2758 3377 2812 οἴεσθαι
3427 2759 3582 2828 ψιλὸν
3614 2760 3724 2812 ὑπ-

2144 2854 2334 2926 ἀρχειν
2378 2852 2561 2918 αὐτὸν,
2596 2852 2628 2923 ἢ
2660 2851 2839 2920 ὀλίγον
2889 2850 3088 2920 κομιδῆ
3146 2850 3209 2903 τὺ
3263 2850 3375 2904 τῶν
3427 2850 3724 2922 προφητῶν

2144 2944 2477 3016 ὑπερθέοντα
2537 2943 2765 3015 μέτρον,
2810 2942 2843 3013 ἦ
2890 2942 2984 2995 καὶ
3034 2944 3133 3013 τῆς
3180 2941 3406 2995 ἐκείνων
3469 2942 3724 3006 εὐκλείας

2147 3034 2644 3106 μειονεκτούμενον.
2676 3031 2912 3086 Τοιαῦτα
2934 3032 3042 3101 γὰρ
3063 3031 3149 3083 ἐπ’
3183 3030 3333 3102 αὐτῷ
3370 3031 3722 3113 πεφρονηκό-

2141 3144 2238 3189 τας
2267 3127 2576 3196 εὑρήσομεν
2589 3126 2716 3187 τοὺς
2741 3123 2850 3177 τῶν
2877 3122 3149 3177 Ἰουδαίων
3171 3122 3507 3193 καθηγητὰς,
3547 3121 3598 3174 οἶ
3620 3122 3724 3192 τῆς

2142 3216 2423 3279 εὐσεϐείας
2443 3217 2543 3268 οὐκ
2571 3214 2769 3277 εἰδότες
2787 3213 2848 3267 τὸ
2871 3214 3192 3285 μυστήριονί
3226 3214 3422 3284 συχνὰς
3445 3212 3726 3267 ἐποιοῦντο

2139 3307 2237 3371 τὰς
2266 3307 2407 3361 κατὰ
2436 3306 2532 3359 τοῦ
2563 3304 2800 3378 Χριστοῦ
2822 3304 3158 3374 δυσφημίας,
3200 3306 3295 3359 καὶ
3322 3307 3434 3368 τοῖς
3460 3305 3589 3373 παρ’
3619 3305 3731 3357 αὺ-

2141 3401 2235 3453 τοῦ
2274 3400 2591 3470 λεγομένοις
2636 3399 2735 3470 τὴν
2795 3397 2932 3451 ίδίαν
2985 3398 3245 3451 ἀπόνοιαν
3296 3396 3728 3466 ἀντεξάγοντες,

2116 3493 2274 3545 ,ποτὲ
2301 3492 2398 3563 μὲν
2433 3492 2706 3560 ἔφασκον·
2743 3510 2761 3542 ι
2798 3491 2870 3542 Σὺ
2913 3489 2997 3552 τίς
3026 3484 3110 3555 εἷς
3159 3489 3410 3561 Ἀϐραὰμ
3459 3489 3727 3553 ἀπέθανε,

2142 3585 2237 3638 καὶ
2263 3584 2315 3637 οἱ
2370 3584 2646 3655 προφῆται
2701 3581 2995 3645 ἀπέθανον,
3030 3582 3124 3634 καὶ
3154 3582 3219 3634 σὺ
3236 3580 3441 3649 λέγεις,
3479 3579 3608 3632 Ἐάν
3636 3596 3730 3642 τις

2140 3676 2231 3727 τὸν
2256 3674 2387 3745 ἐμὸν
2414 3674 2571 3743 λόγον
2601 3673 2841 3745 τηρήσῃ,
2878 3672 3109 3726 θάνατον
3162 3672 3226 3724 οὐ
3289 3672 3366 3742 μὴ
3396 3671 3479 3743 ίδῃ
3511 3674 3590 3735 είς
3628 3672 3731 3724 τὸν

2141 3765 2331 3820 αἰῶνα.
2352 3764 2488 3819 Τίνα
2522 3763 2746 3817 σεαυτὸν
2772 3765 2945 3825 ποιεῖς
2968 3778 2982 3825 ;
3019 3780 3037 3813 ι
3078 3760 3206 3814 ποτὲ
3230 3760 3283 3813 δέ
3316 3761 3476 3814 πάλιν
3497 3760 3596 3831 τὴν
3614 3759 3717 3812 τοῦ

2143 3857 2285 3911 κατὰ
2336 3855 2515 3926 σάρκα
2552 3856 2742 3923 γένους
2771 3853 3070 3918 εὐτέλειαν,
3124 3853 3217 3906 καὶ
3249 3854 3309 3905 τὸ
3353 3853 3472 3906 λίαν
3505 3854 3731 3923 ἄσημον

2143 3952 2200 4003 ἐν
2228 3948 2403 4018 τούτῳ
2435 3946 2893 4008 κατονειδίζοντες
2913 3962 2924 3974 ο
2957 3964 2975 3996 ι
3033 3945 3145 4014 Οὐχ
3185 3946 3300 4009 υίός
3341 3946 3489 3997 ἐστιν
3523 3944 3730 4016 Ἰωσὴφ

2141 4039 2314 4106 οὗτος,
2348 4033 2410 4093 οὗ
2454 4042 2618 4109 ἡμεῖς
2667 4038 2891 4107 οἴδαμεν
2943 4035 3036 4091 τδν
3071 4037 3319 4109 πατέρα,
3348 4038 3443 4090 καὶ
3482 4037 3583 4106 τὴν
3617 4054 3732 4107 μη-

2142 4134 2302 4203 τέρας
2330 4130 2453 4193 Πῶς
2476 4115 2595 4181 ὀὖν
2654 4127 2821 4195 λέγει,
2855 4128 2936 4180 ὅτι
2966 4127 3062 4180 Ἐκ
3088 4125 3182 4180 τοῦ
3223 4126 3452 4198 οὐρανοῦ
3482 4127 3730 4180 κατασέ-

2141 4222 2326 4291 finita;
2369 4239 2386 4269 ι
2428 4218 2591 4289 Ὁρᾷς
2618 4218 2675 4270 ἐν
2694 4214 2906 4278 τούτοις
2944 4214 3250 4268 Ἰουδαϊκῶν
3298 4214 3592 4285 ἀθλιότητα
3629 4215 3728 4267 λο-

463 4316 769 4370 ειὶεεὶιηιιιιι
800 4313 867 4367 de
896 4327 962 4367 eo
991 4310 1302 4379 opinionem
1338 4310 1629 4380 concipere
1668 4309 1786 4365 ausi
1815 4318 2035 4371 essent,

2142 4311 2391 4381 γισμῶν;
2420 4307 2793 4375 Διακειμένων
2837 4302 2929 4360 οῦν
2959 4307 3066 4378 ἄρα
3097 4306 3207 4361 τῶν
3240 4306 3471 4371 πολλῶν,
3503 4305 3730 4395 οἰηθένο

462 4406 691 4474 gloriam
715 4404 839 4474 ejus
863 4403 1071 4458 sanctis
1094 4402 1550 4457 manifestaturus
1574 4399 1816 4471 Spiritus
1843 4414 1874 4455 e
1897 4400 2039 4454 coelo

462 4498 722 4566 delapsus
758 4504 843 4550 est
867 4536 882 4560 ,
918 4511 1094 4564 neque
1124 4511 1254 4550 vero
1278 4493 1622 4563 sapientibus
1662 4501 1878 4547 tantum
1910 4507 2039 4547 sero

464 4589 741 4650 monibus,
766 4588 859 4642 sed
887 4595 940 4641 et
963 4602 1151 4662 rerum.
1176 4586 1646 4639 demonstratione
1670 4584 2037 4639 certissimam

464 4678 762 4747 unicuique
797 4678 959 4731 [idem
999 4677 1248 4731 facturus
1277 4683 1397 4729 erat
1436 4674 1604 4730 Deum
1628 4690 1791 4739 vere,
1833 4674 2040 4744 Deique

463 4787 528 4826 ac
567 4769 746 4824 Patris
780 4768 1099 4823 substantiae
1144 4766 1379 4822 fructum
1419 4782 1541 4822 eum
1589 4781 1734 4821 esse.
1775 4765 2036 4832 Quaenam

462 4878 596 4935 ergo
625 4868 710 4917 est
732 4861 822 4915 illa
853 4859 1251 4914 demonstratio
1271 4897 1286 4922 ,
1323 4866 1417 4912 aut
1448 4858 1726 4928 quomodo
1761 4859 2038 4913 clariﬁca-

463 4962 622 5009 turus
651 4952 930 5008 Christum
975 4950 1125 5006 erat?
1167 4949 1369 5021 Nempe
1394 4966 1519 5006 cum
1556 4950 1935 5005 admirabilem
1974 4965 2038 5004 ac

465 5048 576 5104 Deo
612 5047 833 5119 dignam
870 5046 923 5100 in
955 5045 1216 5100 omnibus
1247 5044 1513 5115 operandi
1556 5044 1663 5098 vim
1712 5044 1944 5107 habeat,
1980 5052 2037 5099 ct

464 5140 709 5196 onmium
743 5153 925 5193 rerum
950 5136 1406 5208 perfectissimam
1433 5135 1803 5205 cognitionem
1830 5134 2038 5189 sanctis

464 5233 673 5288 inserat
695 5218 946 5299 ,'idcirco
976 5229 1102 5283 hinc
1129 5229 1178 5283 ei
1206 5227 1434 5299 gloriam
1462 5226 1863 5280 conciliaturus
1894 5233 2033 5281 erat.

466 5322 579 5378 Soli
603 5324 808 5393 quippe
831 5332 1039 5376 natura:
1063 5317 1525 5387 universiregina:
1546 5316 1810 5386 competit
1833 5324 2033 5370 cuncta

466 5429 630 5469 nosse
650 5410 672 5477 ‘,
715 5422 872 5467 extra
907 5412 1238 5481 cujusquam
1287 5404 1546 5478 operam,
1587 5422 1760 5476 eaque
1799 5407 1947 5461 nuda
1981 5415 2035 5462 et

464 5512 652 5576 aperta
684 5502 741 5557 in
774 5503 950 5557 oculis
984 5503 1183 5556 habere
1209 5502 1278 5562 ⁸⁷,
1307 5509 1362 5555 et
1391 5498 1758 5569 quodcunque
1792 5499 1922 5552 velit
1948 5498 2031 5551 fa-

463 5596 569 5651 cile
598 5593 879 5660 perﬁcere.
914 5593 1191 5648 Clariﬁcat
1224 5591 1405 5661 itaque
1436 5589 1637 5644 Filium
1675 5589 1989 5644 l'araclctus
2015 5576 2043 5652 ,’

534 5726 577 5759 ⁸³
620 5731 780 5787 Joan.
817 5749 947 5797 rm,
989 5732 1074 5786 52.

2140 4422 2248 4458 των
2278 4415 2335 4456 τε
2383 4401 2528 4457 κατά
2589 4397 2848 4470 ἀλήθειαν
2891 4399 2991 4452 οὐκ
3023 4393 3160 4452 εἶναι
3191 4397 3324 4451 Θεὸν
3357 4398 3448 4451 τὸν
3491 4382 3727 4466 Κύριον,

2139 4496 2228 4549 διὰ
2255 4495 2317 4549 τὸ
2345 4495 2609 4564 ἐπίκηρον
2632 4492 2783 4545 τουτὶ
2806 4492 2900 4545 τοῦ
2945 4490 3195 4561 σώματος
3226 4492 3429 4559 σχῆμα,
3463 4488 3555 4541 καὶ
3588 4489 3730 4558 χθα-

2145 4586 2472 4657 μαλωτάτην
2505 4582 2633 4653 ’περὶ⁸
2693 4581 2860 4636 αὑτοῦ
2912 4582 3013 4650 τὴν
3074 4580 3348 4649 ὑπόληψιν
3370 4581 3432 4633 οὐ
3471 4580 3731 4633 καταδειο

2142 4679 2349 4732 σάντων
2380 4677 2538 4737 ἐλεῖν,
2574 4674 2882 4742 φανοτάτην
2929 4675 3042 4735 τοῖς
3083 4672 3260 4740 ἁγίοις
3281 4670 3340 4724 τὸ
3369 4670 3595 4740 Πνεῦμα
3621 4669 3730 4741 τὴν

2138 4771 2294 4835 δόξαν
2328 4766 2496 4821 αὐτοῦ
2520 4764 2931 4833 καταφοιτῆσαν
2974 4763 3143 4816 ἐτίθει
3173 4780 3185 4794 ·
3223 4763 3317 4817 καὶ
3350 4762 3470 4833 οὐχὶ
3498 4761 3728 4825 πάντως

2140 4859 2341 4929 φαμὲν,
2365 4858 2440 4920 ὡς
2467 4857 2531 4927 δὴ
2568 4855 2725 4923 μόνον
2751 4853 2928 4921 λόγοις
2958 4854 3157 4917 αὐτοὺς
3183 4853 3479 4907 ἁναπεῖσαν
3509 4853 3725 4919 σοφοῖς,

2138 4947 2273 5001 ἀλλὰ
2293 4946 2387 4999 καὶ
2418 4947 2477 4998 ἐν
2497 4944 2765 5007 ἀποδείξει
2812 4942 3153 5013 πραγμάτων
3178 4943 3279 5012 τὴν
3307 4941 3538 4994 ἑκάστου
3573 4940 3725 5009 ντλης⁵

2141 5037 2446 5108 ροφορῆσαν
2477 5035 2736 5098 διάνοιαν,
2771 5034 2853 5085 ὃτι
2880 5033 2975 5085 καὶ
3019 5031 3152 5095 Θεὸς
3185 5030 3421 5100 ἀληθῶς,
3453 5031 3548 5083 καὶ
3576 5048 3725 5100 καρ-

2138 5128 2238 5193 πός
2267 5130 2382 5179 ἐστι
2431 5126 2531 5195 τῆς
2581 5124 2768 5187 οὐσίας
2789 5122 2881 5176 τοῦ
2921 5121 3057 5176 Θεοῦ
3110 5123 3205 5175 καὶ
3241 5121 3470 5193 Πατρός.
3499 5122 3596 5184 Τίς
3622 5118 3724 5175 οὖν

2138 5222 2169 5289 ἡ
2225 5217 2523 5283 ἀπόδειξις,
2578 5216 2611 5286 ἢ
2666 5214 2784 5278 πῶς
2827 5214 3026 5267 εὐκλεᾶ
3068 5214 3162 5267 καὶ
3207 5212 3500 5284 περίοπτον
3540 5212 3719 5266 ἐποίει

2137 5308 2404 5377 Χριστόν;
2466 5305 2775 5376 Παράδοξον
2829 5304 2938 5375 γὰρ
2984 5304 3078 5357 καὶ
3122 5303 3424 5375 Θεοπρεπῆ,
3478 5303 3579 5372 τὴν
3629 5303 3722 5369 ἐφ’

2138 5401 2338 5453 ἅπασιν
2375 5398 2651 5469 ἐνέργειαν
2704 5396 2845 5466 ἔχον,
2903 5396 2996 5448 καὶ
3052 5394 3150 5465 τὴν
3186 5393 3296 5446 τῶν
3335 5393 3473 5447 ὅλων
3510 5393 3723 5463 είδησιν

2135 5489 2335 5560 ἀκριϐῆ
2388 5492 2501 5551 τοῖς
2551 5488 2726 5556 ἁγίοις
2779 5485 3083 5557 ἐμφυτεῦον
3114 5526 3127 5548 ,
3190 5485 3340 5555 αὐτῷ
3398 5484 3497 5556 τὴν
3552 5482 3726 5547 δόξαν

2137 5579 2604 5653 ἐπραγματεύετο.
2653 5579 2966 5633 Ἀναοετέον
3004 5578 3112 5644 γὰρ
3172 5576 3308 5646 μόνῃ
3342 5578 3406 5646 τῇ
3439 5573 3545 5628 τῶν
3575 5574 3725 5627 ὅλων

1154 5733 1198 5760 ⁸⁸
1230 5728 1389 5784 Joan.
1427 5745 1497 5793 vn,
1534 5729 1623 5782 εἰνὶ.
1712 5728 1750 5757 ⁸⁷
1796 5727 1958 5783 Ilebr.
2000 5744 2087 5794 tv,
2131 5726 2211 5780 l5.
