4144 6504
616 372 673 426 Η
1621 372 1678 429 S.
1718 374 1994 432 CYRILLI
2033 377 2502 434 ALEXANDIKINI
2534 379 2857 436 ARCUIEP.
3815 387 3879 440 ιε

614 502 837 550 naturas
861 500 1178 548 convertere
1206 509 1265 547 ac
1296 493 1590 550 traducere
1615 512 1627 547 :
1652 499 1796 566 quod
1818 499 2039 570 quidem
2063 517 2188 571 pro-

2299 506 2424 558 [διον
2453 505 2544 558 106
2576 505 2716 558 κατὰ
2749 503 2910 574 φύσιν
2937 501 3096 556 Θεοῦ.
3145 502 3315 555 T0610
3355 519 3447 554 ουν
3489 500 3739 569 βούλεται
3769 501 3879 555 δεῖ-

614 583 793 653 prium
842 589 927 639 cst
957 581 1257 638 secundum
1285 591 1536 638 naturam
1583 582 1696 638 Dei.
1743 585 1857 640 Hoc
1885 588 2056 658 igitur
2080 589 2192 643 vult

611 673 920 735 ostendere,
965 688 1090 727 eum
1144 673 1316 727 dicit:
1353 691 1370 723 ι
1393 672 1739 728 'Potestatem
1775 677 1954 732 habeo
1985 693 2192 748 ponere

611 765 874 829 animam,
924 775 976 818 et
1025 772 1350 835 potestatem
1389 763 1564 819 habeo
1597 767 1857 836 accipere
1885 783 2030 834 eam,
2071 788 2090 821 ι
2134 786 2193 826 se

613 869 720 909 non
765 855 983 924 jussum
1029 855 1188 926 661
1236 862 1295 908 ut
1342 869 1561 910 servum
1590 863 1685 910 aut
1716 857 2053 924 ministrum,
2097 859 2191 915 sed

611 960 786 1015 neque
813 960 878 998 ex
909 947 1236 999 necessitate
1263 937 1406 998 vela
1433 944 1765 1015 quibusdam
1794 955 2074 1012 coactum,
2095 948 2190 1003 sed

610 1039 883 1093 volentem
920 1036 988 1091 ad
1014 1037 1066 1090 id
1093 1035 1326 1090 venisse.

677 1129 748 1192 X,
785 1129 872 1183 18.
919 1127 1032 1182 Hoc
1069 1126 1374 1180 mandatum
1408 1128 1583 1196 accepi
1613 1146 1642 1180 α
1677 1126 1841 1182 Patre
1877 1146 2010 1183 meo.

676 1304 756 1359 Ne
779 1304 903 1375 quis
931 1304 1079 1358 enim
1120 1303 1289 1368 dicat,
1323 1315 1521 1376 prmter
1560 1306 1897 1360 voluntatem
1919 1304 2040 1359 Filii
2082 1322 2192 1360 nun

607 1413 772 1467 posse
814 1395 1028 1450 Patrem
1078 1412 1297 1452 sumere
1337 1399 1578 1451 animam
1621 1399 1762 1467 ejus,
1801 1414 1978 1468 neque
2006 1415 2070 1452 ex
2127 1415 2193 1455 eo

608 1492 663 1543 in
701 1503 810 1542 una
844 1488 1048 1542 deitate
1094 1487 1274 1542 Patris
1313 1497 1369 1542 ct
1402 1486 1522 1542 Filii
1549 1489 1842 1544 dissidium
1884 1500 1937 1544 et
1983 1491 2194 1545 discor-

607 1581 756 1634 diam
797 1580 986 1642 faciat,
1017 1581 1240 1650 quando
1272 1580 1407 1636 dicit
1442 1597 1502 1636 se
1535 1582 1848 1636 mandatum
1887 1584 2191 1654 accepisse,

611 1675 666 1727 in
701 1674 808 1728 h0c
851 1675 1291 1729 consentientem
1345 1674 1878 1744 convenientemque
1913 1677 2195 1730 voluntate

609 1761 852 1817 ostendit
885 1761 1128 1828 Patrem,
1179 1774 1233 1817 et
1283 1771 1546 1832 tanquam
1602 1764 1670 1817 ab
1727 1779 1834 1818 una
1898 1773 2082 1820 mente
2138 1773 2193 1819 e‘t

2296 593 2505 661 ξαι,διὰ
2532 597 2624 649 τοῦ
2644 595 2841 664 λέγειν,
2879 614 2896 644 ι
2919 593 3194 658 Ἐξουσίαν
3227 591 3335 662 ἔχω
3364 592 3534 644 θεῖναι
3561 592 3660 664 τὴν
3676 592 3875 662 ψυχὴν,

2295 687 2387 740 καὶ
2412 685 2658 750 ἐξουσίαν
2696 685 2804 755 ἔχω
2837 684 3021 738 λαϐεῖν
3051 684 3222 753 αὑτήν
3242 699 3256 712 ·
3290 703 3307 733 ι
3335 682 3427 735 ’ὅτι
3457 683 3522 736 οὗ
3561 682 3878 744 κελευσθεὶς

2294 775 2370 838 ὡς
2397 775 2581 838 δοῦλος
2622 775 2654 844 ἢ
2692 773 3004 844 ὑπηρέτης,
3037 772 3150 824 ἀλλ’
3183 771 3304 824 οὐδὲ
3353 771 3428 834 ὡς
3471 771 3532 834 ἐξ
3563 771 3809 841 ἀνάγκης
3842 772 3876 840 ἢ

2297 866 2540 936 βιασθεὶς
2567 866 2718 935 παρά
2744 883 2927 933 τινων,
2954 863 3068 918 ἀλλ’
3096 862 3238 916 ἑκὼν
3271 858 3434 934 ἦλθεν
3464 864 3556 916 ἐπὶ
3589 863 3769 916 τοῦτο.

2372 1127 2601 1194 Ταύτην
2633 1125 2746 1193 τὴν
2778 1125 3037 1194 ἐντολὴν
3067 1124 3288 1179 ἔλαϐον
3319 1124 3476 1192 παρὰ
3512 1122 3617 1178 τοῦ
3646 1126 3876 1193 Πατρός

2287 1236 2428 1287 μου.

2368 1311 2485 1363 Ἵνα
2513 1310 2620 1382 γὰρ
2659 1311 2836 1380 μήτις
2869 1308 3018 1380 εἴπῃ,
3046 1310 3125 1363 ὅτι
3155 1312 3307 1382 παρὰ
3336 1311 3437 1380 τὴν
3468 1310 3562 1363 106
3594 1309 3722 1363 Υἱοῦ
3749 1310 3876 1380 βού-

2295 1403 2450 1473 λησιν
2487 1404 2547 1456 οὐ
2588 1402 2810 1456 δύναται
2853 1402 2880 1452 0
2927 1402 3116 1471 Πατὴρ
3143 1402 3326 1455 λαϐεῖν
3354 1401 3521 1455 αὑτοῦ
3555 1401 3654 1472 τὴν
3673 1401 3876 1472 ψυχὴν,

2296 1498 2388 1550 καὶ
2412 1498 2476 1550 ὲκ
2496 1495 2690 1549 τούτου
2720 1494 3054 1564 στασιασμδν
3089 1495 3182 1546 καὶ
3216 1494 3482 1564 διχόνοιαν
3513 1492 3786 1564 εἰσαγάγῃ
3819 1494 3878 1543 ἐν

2293 1591 2359 1660 τῇ
2399 1591 2497 1660 μιᾷ
2532 1587 2746 1658 θεότητι
2779 1586 2873 1639 106
2903 1585 3111 1658 Πατρὸς
3155 1586 3248 1638 καὶ
3268 1584 3362 1638 τοῦ
3394 1584 3548 1650 Υἱοῦ,
3575 1584 3640 1637 δι’
3671 1578 3744 1637 ὧν
3769 1603 3876 1652 φη-

2297 1699 2402 1745 σιν,
2431 1678 2661 1733 Ἒλαὸον
2700 1677 2939 1748 ἐντολὴν,
2973 1677 3386 1748 συμᾳωνοῦντα,
3426 1677 3520 1730 καὶ
3553 1676 3877 1730 συνθέλοντα

2297 1773 2432 1843 1:90;
2460 1771 2619 1824 10610
2673 1770 2910 1822 δείκνυσι
2969 1770 3064 1823 καὶ
3102 1769 3191 1821 τὸν
3250 1769 3492 1838 Πατέρα,
3527 1769 3617 1820 καὶ
3661 1768 3736 1829 ὡς
3768 1769 3880 1822 ἀπὸ

611 1870 779 1910 sensu
826 1853 893 1908 ad
949 1853 1004 1910 id
1048 1870 1109 1910 se
1163 1855 1349 1909 venire
1398 1853 1620 1920 fatetur,
1668 1856 1887 1910 tametsi
1943 1856 2060 1927 ipse
2107 1864 2192 1911 est

2300 1863 2429 1932 μιᾶς
2459 1859 2685 1930 γνώμης
2731 1860 2812 1922 εἰς
2853 1857 3011 1912 τοῦτο
3061 1859 3350 1929 παρελθεῖν
3378 1859 3652 1929 ὁμολογεῖ,
3695 1862 3742 1912 εὶ
3785 1863 3880 1914 καὶ

613 1947 790 2001 Patris
821 1947 1143 2013 consilium,
1185 1945 1328 2016 quod
1373 1947 1540 2000 etiam
1595 1947 1888 2001 conveniet
1933 1949 2192 2002 incarna-

611 2039 768 2093 tinni.
815 2037 958 2108 Ergo
1009 2039 1327 2092 mandatum
1392 2037 1601 2092 indicat
1663 2041 2018 2096 concordiam
2071 2056 2196 2095 cum

610 2129 808 2192 Patre,
871 2128 976 2184 etsi
1031 2128 1313 2183 humiliter
1368 2129 1642 2198 loquatur.
1693 2129 2008 2184 Mandatum
2063 2146 2198 2184 vero

611 2228 694 2274 est
725 2233 827 2290 pro
861 2217 1068 2273 mundo
1104 2220 1264 2274 mori.
1298 2217 1542 2272 Mandati
1578 2235 1709 2290 ergo
1759 2221 1881 2274 loco
1913 2221 2198 2291 accepisse

611 2330 670 2367 se
705 2313 898 2368 dicens
939 2311 991 2366 id
1024 2311 1169 2382 quod
1198 2310 1342 2382 apud
1383 2311 1596 2366 Patrem
1630 2312 1806 2366 visum
1839 2321 1922 2368 est
1954 2329 2012 2366 se
2050 2321 2197 2368 recte

611 2405 838 2468 habere,
870 2417 980 2457 non
1019 2402 1286 2456 minorem
1328 2415 1388 2455 se
1429 2399 1588 2453 Patre
1625 2401 1776 2465 facit,
1814 2410 2012 2456 natura
2045 2404 2194 2457 eisi-

610 2504 768 2550 stens
812 2492 980 2556 Deus,
1006 2491 1100 2548 sed
1147 2502 1333 2546 servat
1365 2489 1420 2545 id
1467 2493 1615 2561 quod
1648 2493 1908 2548 convenit
1945 2493 2198 2548 humani-

609 2587 733 2643 tati.
759 2585 902 2653 Quin
937 2585 1104 2640 etiam
1141 2584 1364 2654 subjicit
1389 2585 1588 2639 animis
1619 2599 1678 2640 se
1715 2599 1839 2640 eum
1872 2586 2192 2656 praphetam

609 2695 754 2744 esse,
779 2679 846 2734 de
885 2693 995 2748 quo
1029 2677 1163 2731 dicit
1215 2677 1375 2732 Pater
1409 2695 1424 2732 :
1461 2695 1480 2728 ι
1519 2675 1800 2748 Loquetur
1836 2678 2195 2748 quemadmo-

609 2774 741 2826 dqu
793 2769 1243 2826 mandaverimus
1289 2767 1340 2824 ei
1376 2768 1392 2800 ³
1430 2769 1919 2825 :conimunionetn
1974 2770 2190 2824 consilii

611 2880 736 2918 eum
784 2860 894 2916 Deo
944 2871 998 2916 et
1039 2860 1200 2915 Patre
1260 2869 1520 2931 tanquam
1565 2861 1881 2916 mandatum
1923 2877 1982 2916 se
2034 2875 2194 2915 acce-

611 2959 758 3028 pisse
792 2955 1001 3011 dicens.
1035 2952 1191 3020 Quod
1226 2954 1450 3023 quidem
1500 2953 1718 3008 dicebat
1751 2954 1817 3006 ad
1849 2952 2092 3016 Judaros,
2126 2968 2195 3008 ne

613 3050 1016 3103 arbitrarentur
1057 3059 1182 3100 eum
1230 3053 1430 3115 praeter
1473 3045 1727 3100 mandata
1782 3043 1964 3100 Patris
2019 3045 2191 3115 loqui.

611 3139 804 3210 Neque
843 3153 973 3193 vero
1002 3147 1054 3192 te
1087 3135 1270 3190 turbet
1303 3135 1447 3206 quod
1480 3134 1641 3191 Pater
1671 3136 1954 3206 proprium
1989 3134 2189 3190 Filium

2299 1952 2462 2014 αὐτός
2487 1953 2632 2004 ἐστιν
2672 1953 2706 2022 ἡ
2748 1949 2840 2003 106
2888 1949 3102 2020 Πατρὸς
3127 1949 3318 2020 βουλή·
3355 1951 3586 2020 ἁρμόσει
3625 1949 3681 2002 δὲ
3718 1951 3879 2003 τοῦτο

2298 2045 2393 2100 καὶ
2420 2047 2485 2116 τῇ
2516 2043 2654 2115 μετά
2689 2043 2890 2110 σαρκὸς
2922 2043 3222 2114 οἰκονομίᾳ.
3273 2041 3336 2094 Ἦ
3377 2037 3471 2095 οὖν
3505 2041 3693 2112 ἐντολὴ
3727 2042 3881 2112 δηλοῖ

2296 2138 2394 2208 τὴν
2420 2137 2672 2207 ὁμόνοιαν
2711 2134 2808 2206 τὴν
2843 2134 2978 2205 πρὸς
3003 2134 3092 2186 τὺν
3124 2134 3365 2205 Πατέρα,
3393 2136 3441 2185 εἰ
3486 2133 3580 2186 καὶ
3606 2134 3881 2197 ταπεινῶς

2297 2227 2467 2281 λαλεῖ.
2511 2228 2575 2280 Ἠ
2607 2227 2662 2280 δὲ
2695 2225 2880 2296 ἐντολή
2922 2227 3092 2291 ἐστιν,
3137 2224 3430 2278 ἀποθανεῖν
3471 2225 3612 2296 ὑπὲρ
3649 2224 3744 2278 106
3782 2227 3878 2279 κό-

2300 2337 2461 2390 σμου.
2501 2318 2753 2388 Ἐντολῆς
2792 2317 2848 2370 δὲ
2880 2317 3030 2382 τάξει
3069 2317 3462 2388 παρειληφέναι
3497 2317 3671 2386 λέγων
3705 2317 3764 2371 10
3792 2318 3880 2371 δό-

2298 2413 2395 2481 ξαν
2419 2414 2570 2483 παρὰ
2608 2410 2687 2482 τῷ
2713 2411 2886 2482 Πατρὶ
2917 2408 3092 2480 ὀρθῶς
3123 2407 3287 2478 ἔχειν,
3318 2410 3420 2460 οὐκ
3441 2409 3656 2462 ἐλαττοῖ
3690 2409 3882 2462 ἑαυτὸν

2295 2504 2390 2559 τοῦ
2437 2504 2672 2575 Πατρὸς,
2705 2501 2780 2554 ὢν
2811 2501 2969 2571 φύσει
2997 2499 3150 2564 Θεὸς,
3181 2499 3316 2553 ἀλλὰ
3342 2499 3404 2551 10
3441 2499 3540 2570 μὲν
3571 2499 3783 2571 πρέπον
3813 2503 3880 2570 τῇ

2298 2597 2710 2668 ὲνανθρωπήσει
2759 2596 2937 2665 τηρεῖ.
2970 2593 3116 2663 Πλὴν
3139 2592 3550 2662 ὑπομιμνήσκει
3589 2593 3671 2644 ὅτι
3719 2593 3883 2654 αὑτός

2297 2691 2444 2742 ἐστιν
2469 2690 2496 2741 0
2525 2687 2837 2758 προφήτης,
2879 2683 3008 2754 περὶ
3052 2676 3112 2736 06
3146 2679 3298 2735 εἶπεν
3328 2685 3356 2736 0
3387 2682 3599 2755 Πατὴρ,
3620 2685 3704 2737 δτι
3728 2705 3745 2735 ι
3775 2686 3884 2738 Λα·

2297 2780 2470 2850 λήσει,
2495 2778 2684 2832 καθότι
2717 2776 2782 2830 ἂν
2815 2775 3140 2843 ὲντείλωμεν
3182 2773 3330 2845 αὑτῴ
3357 2791 3371 2806 ο
3418 2793 3436 2827 ι
3476 2777 3576 2846 τὴν
3617 2775 3754 2847 πρὸς
3792 2776 3883 2828 τὸν

2295 2871 2431 2924 Θεὸν
2458 2870 2552 2922 καὶ
2574 2868 2794 2940 Πατέρα
2837 2866 3228 2928 κοινοὸουλίαν,
3266 2867 3342 2930 ὼς
3381 2867 3602 2938 ἐντολὴν
3633 2867 3883 2938 δεδέχθαι

2297 2962 2492 3024 λέγων.
2526 2962 2703 3032 Ὅπερ
2743 2959 2895 3028 ἔλεγε
2930 2959 3067 3031 πρὸς
3113 2958 3403 3022 Ἰουδαίους
3427 2959 3564 3030 πρὸς
3595 2959 3656 3012 τὸ
3685 2959 3762 3030 μὴ
3793 2978 3882 3012 νο-

2301 3051 2480 3124 μίζειν
2507 3051 2668 3104 αὐτὸν
2730 3050 2881 3122 παρὰ
2927 3049 2995 3104 τὰ
3051 3049 3143 3102 106
3179 3050 3393 3120 Ila190;
3427 3049 3608 3104 λαλεῖν
3639 3051 3882 3118 προστὰ-

2299 3160 2506 3214 γματα.
2539 3143 2601 3196 Εἰ
2629 3143 2686 3196 δὲ
2728 3143 3014 3212 προφήτην
3064 3141 3315 3212 ὠνόμασε
3365 3142 3457 3195 τὸν
3498 3142 3628 3195 ἴδιον
3680 3142 3808 3196 Υἱὸς
3855 3143 3887 3197 ὁ

612 3229 1148 3288 consubstantialem
1181 3227 1501 3297 prephetam
1538 3228 1900 3298 appellaverit
1930 3246 1942 3282 :
1975 3227 2195 3298 quando

2299 3237 2490 3308 Πατὴρ
2527 3236 2616 3290 10v
2643 3235 2951 3306 ὀμοούσιον,
2986 3233 3060 3305 μὴ
3093 3233 3422 3306 θορυϐηοῇςο
3462 3235 3552 3288 ὅτε
3584 3234 3693 3303 γὰρ
3720 3235 3884 3303 γέγο-

611 3325 758 3380 enim
806 3321 986 3377 factus
1012 3327 1097 3376 est
1143 3319 1331 3382 homo,
1380 3327 1512 3374 tunc
1559 3319 1867 3389 quadrasse
1908 3319 2010 3388 ipsi
2063 3333 2192 3388 pro-

611 3418 792 3488 pheta:
828 3430 1050 3476 nomen,
1081 3419 1214 3464 tunc
1253 3411 1507 3465 mandata
1548 3411 1597 3464 ei
1633 3425 1662 3463 a
1705 3409 1867 3465 Patre
1895 3409 2022 3463 data
2065 3425 2196 3466 esse

613 3507 976 3571 economice,
1007 3505 1113 3558 hoc
1163 3512 1250 3558 est
1300 3512 1525 3557 servato
1570 3518 1756 3557 rerum
1798 3501 2014 3567 ordine,
2042 3501 2193 3557 diee-

614 3615 760 3655 mus.
805 3599 1131 3668 Quanquam
1193 3595 1286 3668 qui
1342 3593 1544 3665 accipit
1594 3593 1852 3648 mandata
1914 3608 2022 3648 non
2070 3608 2198 3664 pro-

612 3703 800 3766 pterea
832 3693 1014 3746 minor
1037 3699 1136 3745 aut
1163 3687 1454 3745 dissimilis
1483 3685 1664 3759 quoad
1700 3694 1955 3741 naturam
1984 3696 2038 3742 et
2066 3687 2198 3744 sub-

613 3787 872 3843 stantiam
912 3782 1223 3848 mandanti,
1256 3780 1479 3851 quando
1510 3789 1564 3834 et
1588 3779 1838 3834 homines
1881 3778 2197 3834 hominibus

609 3880 830 3949 iubent,
877 3884 931 3931 ct
964 3875 1145 3945 angeli
1171 3873 1406 3943 angelis,
1447 3887 1548 3928 nec
1595 3879 1820 3942 propter
1871 3870 1978 3926 hoc
2017 3882 2194 3926 tamen

615 3971 757 4024 alios
795 3977 993 4023 natura
1037 3965 1122 4020 vel
1171 3963 1471 4018 inferiores
1523 3962 1712 4031 iussos
1763 3961 2024 4018 dicimus.
2053 3959 2198 4030 Ergo

617 4075 798 4131 neque
844 4057 1006 4113 Patre
1034 4055 1207 4112 Filius
1241 4054 1496 4117 inferior.
1543 4054 1648 4110 etsi
1685 4053 1864 4109 factus
1891 4062 1979 4109 est
2009 4052 2194 4115 homo,

618 4161 679 4209 ut
705 4151 868 4208 nobis
895 4151 1076 4206 omnis
1111 4148 1334 4204 virtutis
1363 4147 1673 4216 exemplum
1711 4145 1863 4201 ﬁeret
1897 4166 1910 4199 :
1943 4159 2114 4215 quate
2143 4151 2198 4198 et

617 4247 722 4302 hoc
760 4245 917 4300 docet
963 4251 1218 4313 oportere
1267 4257 1369 4296 nos
1403 4241 1552 4295 dicto
1600 4239 1890 4293 audientes
1935 4251 2060 4292 esse
2098 4251 2196 4304 pa-

615 4339 892 4402 rentibus.
940 4335 1043 4392 etsi
1099 4351 1263 4408 pares
1316 4349 1508 4389 sumus
1549 4331 1854 4387 secundum
1917 4337 2194 4384 naturam.

615 4429 936 4502 Aliquando
996 4444 1128 4484 vero
1178 4444 1206 4481 a
1242 4427 1405 4480 Patre
1441 4425 1676 4490 dictum,
1710 4421 1995 4484 mandabo.
2027 4420 2197 4490 signi-

617 4526 746 4580 tlcat
777 4521 1191 4588 convenienter,
1237 4519 1457 4584 faciam,
1491 4526 1552 4572 ut
1590 4532 1720 4571 cum
1770 4516 1906 4570 dicit
1939 4534 1952 4570 :
1989 4533 2008 4566 ‹
2045 4513 2197 4568 Man-

2297 3343 2385 3380 νεν
2416 3326 2722 3398 ἄνθρωπος,
2747 3325 2868 3378 τότε
2904 3324 3182 3395 ἡρμόσθαι
3209 3325 3361 3396 αὐτῷ
3396 3325 3490 3378 καὶ
3527 3325 3588 3380 10
3618 3325 3714 3379 106
3750 3344 3883 3396 προ-

2297 3419 2468 3488 φήτου
2509 3418 2711 3488 δνομα·
2740 3415 2861 3470 τότε
2917 3416 3011 3468 καὶ
3056 3413 3276 3476 ἐντολὰς
3325 3413 3474 3485 αὐτῷ
3504 3413 3748 3468 δεδόσθαι
3781 3432 3887 3482 φα-

2300 3510 2398 3580 μὲν
2421 3508 2570 3580 παρὰ
2603 3506 2696 3561 τοῦ
2735 3507 2944 3580 Πατρὸς
2990 3506 3372 3577 οἰκονομικῶς.
3415 3506 3561 3578 Πλὴν
3603 3510 3632 3560 0
3670 3506 3883 3578 λαμϐἁ·

2297 3619 2402 3654 νων
2443 3599 2680 3663 ἐντολὰς,
2708 3599 2769 3652 06
2801 3598 2940 3652 κατὰ
2964 3596 3121 3651 τοῦτο
3150 3597 3388 3652 ἐλάττων
3421 3597 3455 3668 ἢ
3485 3599 3739 3668 ἀνόμοιός
3765 3600 3884 3652 ἐστι

2296 3690 2397 3759 τῆς
2427 3690 2519 3742 106
2547 3687 2928 3756 ἑντελλομένου
2970 3687 3158 3750 οὐσίας
3189 3685 3221 3758 ἢ
3263 3685 3500 3755 φύσεως,
3537 3687 3672 3740 ὅπου
3697 3705 3760 3756 γε
3792 3690 3884 3741 καὶ

2297 3781 2574 3853 ἄνθρωποι
2605 3777 2912 3849 ἀνθρώποις
2949 3779 3308 3842 ἐντέλλονται,
3340 3781 3435 3832 καὶ
3463 3777 3687 3847 ἄγγελοι
3711 3779 3883 3848 ἀγγέ-

2297 3874 2430 3936 λοις,
2459 3873 2555 3927 καὶ
2587 3873 2648 3924 οὐ
2687 3871 2778 3925 διὰ
2815 3871 2974 3926 10610
3017 3873 3330 3942 ὲτεροφυείς
3365 3872 3396 3942 ἢ
3429 3871 3718 3936 ἐλάττονας
3757 3873 3882 3934 τοὺς

2299 3965 2759 4034 ἐπιταττομένους
2804 3963 3056 4033 λέγομεν.
3093 3962 3206 4015 οὐκ
3234 3958 3334 4016 οὖν
3375 3963 3497 4016 οὔτε
3545 3963 3639 4017 106
3672 3964 3886 4034 [ἰατρὸς

2299 4061 2328 4112 0
2358 4059 2481 4121 Υἱὸς
2513 4057 2770 4120 ἐλάττων,
2821 4058 2870 4109 εἰ
2903 4057 2996 4108 κα).
3025 4055 3248 4123 γέγονεν
3285 4055 3570 4127 ἄνθρωπος
3606 4058 3690 4110 ἵνα
3723 4058 3856 4126 γένη

2299 4167 2387 4205 ται
2417 4150 2547 4218 ἡμῖν
2578 4147 2758 4215 πάσης
2785 4143 3147 4215 ὑπογραμμδς
3183 4143 3404 4214 ἀρετῆς·
3437 4144 3519 4198 διὸ
3577 4147 3671 4199 καὶ
3724 4145 3886 4200 10610

2297 4242 2536 4296 διδάσκει
2584 4240 2668 4292 δτι
2703 4237 2810 4309 χρὴ
2844 4239 2956 4300 τοῖς
2996 4236 3245 4304 γονεῦσιν
3279 4236 3576 4290 ὑπακούειν
3623 4238 3788 4308 ἡμᾶς,
3835 4241 3885 4290 εἰ

2299 4332 2394 4386 καὶ
2413 4331 2473 4384 10
2505 4330 2618 4382 ἴσον
2651 4327 2848 4399 ἔχομεν
2875 4327 3016 4380 κατὰ
3045 4327 3144 4396 τὴν
3172 4325 3353 4395 φύσιν.
3381 4325 3540 4379 Ἐστι
3571 4327 3627 4380 δὲ
3659 4329 3794 4380 ὅπου
3823 4329 3884 4381 10

2301 4423 2452 4494 παρὰ
2487 4419 2582 4474 106
2631 4419 2842 4490 Πατρὺς
2869 4417 3180 4489 λεγόμενον,
3211 4417 3584 4488 ἐνλτελοῦμαι,
3629 4421 3777 4492 δηλοί
3801 4423 3884 4486 10,

2301 4512 2582 4582 ἀραρότως
2624 4511 2855 4580 ποιήσω,
2913 4508 2989 4572 ὡς
3022 4509 3150 4562 ὅταν
3180 4508 3331 4580 εἴπῃ·
3364 4527 3382 4560 ι
3426 4510 3536 4563 Καὶ⁸
3563 4510 3887 4582 ἐντελοῦμαι

614 4617 760 4672 dabo
806 4615 903 4670 toti
940 4613 1147 4668 mundo
1187 4611 1354 4679 mala,
1386 4619 1440 4664 ct
1465 4609 1650 4680 impiis
1683 4616 1910 4680 peccata
1955 4621 2055 4661 sua
2081 4608 2128 4659 ί.
2174 4625 2191 4658 ι

2303 4607 2368 4674 τῇ
2394 4601 2686 4673 οἰκουμένῃ
2709 4601 2806 4675 ὅλῃ
2852 4601 3021 4666 κακὰ,
3057 4601 3153 4655 καὶ
3183 4603 3296 4665 τοῖς
3329 4602 3548 4655 ἀσεϐέσι
3571 4602 3672 4665 τὰς
3705 4604 3887 4675 ἁμαρο

615 4708 863 4768 Tametsi
897 4713 952 4763 et
989 4719 1388 4775 nonnunquam
1442 4703 1688 4770 loquitur
1721 4699 1894 4755 Filius
1929 4714 2026 4770 per
2059 4715 2196 4752 cutt-

615 4801 1062 4864 descensiouem,
1115 4805 1174 4852 ut
1227 4813 1329 4852 nos
1384 4793 1680 4850 inell‘abilia
1723 4792 1973 4855 oracula,
2016 4790 2199 4865 quoad

614 4895 739 4967 ejus
791 4893 907 4949 lieri
962 4899 1165 4964 potest,
1219 4889 1593 4961 intelligamus
1650 4905 1662 4941 :
1718 4894 1771 4940 et
1833 4892 2016 4939 tamen
2071 4899 2197 4940 eum

618 4984 940 5043 mandatum
981 4982 1264 5054 accepisse
1297 4981 1482 5036 dicere
1538 4994 1646 5032 non
1699 4975 1840 5030 tollit
1876 4977 2041 5030 Deum
2075 4989 2200 5031 esse

620 5089 816 5137 natura
854 5075 1212 5133 exsistentem
1239 5073 1434 5129 Deum.
1466 5069 1562 5127 Vel
1604 5071 1772 5140 igitur
1801 5068 1891 5123 dic
1921 5067 2112 5131 Deum,
2143 5077 2199 5124 et

618 5169 862 5228 concede
893 5168 1099 5224 habere
1125 5165 1310 5221 omnia
1341 5178 1464 5235 quae
1493 5161 1684 5217 deitati
1719 5159 2078 5224 conveniunt,
2111 5160 2196 5215 vel

619 5267 711 5322 dic
759 5265 942 5335 ipsum
983 5269 1296 5316 creaturam
1351 5255 1666 5310 manifesto.
1697 5253 1808 5308 Nec
1843 5257 1988 5308 enim
2039 5269 2197 5310 acce-

2303 4694 2426 4758 τίας
2458 4691 2657 4748 αὐτῶν.
2693 4712 2712 4744 ι
2759 4691 2906 4763 Πλὴν
2953 4692 3047 4746 καὶ
3099 4693 3583 4761 συγκαταϐατικῶς
3638 4693 3750 4746 ἔσθ’
3797 4695 3887 4748 ὅτε

2304 4785 2456 4841 λαλεί
2483 4787 2512 4838 0
2538 4785 2684 4849 Υἱὸς,
2717 4785 2806 4839 διὰ
2841 4785 2901 4838 τὸ
2940 4786 3087 4855 ἡμᾶς
3121 4785 3332 4854 νοῆσαι,
3361 4785 3434 4848 ὼς
3480 4785 3595 4838 ἔστι
3637 4785 3886 4851 δυνατὸν,

2304 4879 2373 4932 τὰ
2406 4881 2621 4951 ἄρρητα
2648 4877 2803 4946 λόγια
2834 4877 2982 4948 ὅμως
3010 4877 3071 4928 06
3112 4876 3173 4928 10
3202 4878 3374 4930 εἰπεῖν
3406 4877 3487 4929 ὅτι
3521 4876 3742 4948 ἐντολὴν
3764 4878 3889 4930 ἕλα-

2306 4971 2418 5036 63),
2442 4974 2584 5026 ποιεῖ
2615 4971 2689 5041 μὴ
2719 4964 2856 5022 εἶναι
2881 4967 3012 5021 Θεὸν
3038 4967 3130 5020 τὸν
3163 4967 3320 5036 φύσει
3351 4967 3478 5021 ὄντα
3505 4969 3657 5023 Θεόν.
3700 4971 3770 5024 Ἦ
3793 4968 3892 5024 οὖν

2306 5063 2429 5132 λέγε
2456 5063 2608 5128 Θεὸν,
2647 5061 2742 5115 καὶ
2772 5061 2914 5114 δίδου
2946 5060 3046 5112 ὅσα
3067 5061 3133 5128 τῇ
3165 5059 3379 5129 θεότητι
3409 5060 3637 5130 ἁρμόζει
3665 5061 3826 5132 ἔχειν,
3854 5062 3888 5134 ἢ

2305 5156 2428 5224 λέγε
2458 5156 2622 5209 αὑτὸν
2653 5153 2861 5224 κτίσμα
2887 5151 3155 5222 φανερῶς.
3188 5149 3262 5203 Οὐ
3291 5149 3400 5222 γὰρ
3429 5152 3490 5204 10
3527 5151 3713 5205 λαϐεῖν
3733 5155 3887 5206 ἐντο-

2304 5249 2424 5322 λὴν,
2453 5249 2651 5318 γυμνοῖ
2676 5245 2782 5298 τῶν
2807 5242 3050 5314 φυσικῶν
3079 5259 3184 5295 τινι
3210 5241 3536 5314 προσώπων·
3568 5244 3758 5316 ἐπειδὴ
3787 5247 3891 5298 ὅσα

620 5333 1126 5429 pisse—mandatum
1156 5348 1265 5404 ulla
1293 5347 1456 5419 662
1502 5355 1658 5416 parte
1693 5345 2030 5400 naturalium
2073 5362 2197 5416 per-

2301 5345 2330 5398 0
2353 5340 2541 5412 Πατὴρ
2571 5337 2874 5393 ἐνετείλατο
2905 5335 2981 5406 τῷ
3010 5333 3126 5406 Υἱῴ
3163 5334 3332 5388 ταῦτα
3358 5333 3528 5399 λαλεῖ,
3558 5336 3652 5389 καί
3680 5353 3846 5406 φησιν
3871 5355 3885 5368 ο

621 5457 886 5505 sonarum
915 5440 1151 5511 spoliat:
1187 5436 1635 5508 quandoquidem
1669 5453 2012 5508 quacunque
2041 5436 2205 5492 Pater

620 5533 905 5593 mandavit
957 5529 1100 5584 Filio
1156 5529 1269 5583 haec
1322 5527 1600 5600 loquitur,
1647 5538 1700 5585 et
1751 5530 1828 5584 ait
1867 5549 1880 5584 :
1919 5548 1936 5581 ι
1983 5527 2094 5598 Ego
2147 5536 2202 5584 et

618 5627 786 5684 Pater
816 5635 983 5678 unum
1011 5633 1202 5675 sumus
1228 5619 1269 5685 ⁸,
1311 5640 1328 5673 ι
1374 5637 1604 5678 necesse
1639 5621 1737 5676 tibi
1779 5631 1864 5677 est
1893 5621 2077 5677 dicere
2111 5621 2191 5674 vel

2310 5454 2328 5486 ι
2371 5432 2512 5501 Ἐγὼ
2541 5434 2635 5486 καὶ
2663 5431 2692 5483 0
2719 5429 2910 5500 Πατὴρ
2949 5428 3006 5481 ἓν
3035 5428 3223 5497 ἐσμεν,
3268 5445 3285 5478 ι
3327 5427 3640 5495 ἠνάγκασεν
3686 5431 3886 5492 εἰπεῖν,

2307 5524 2431 5596 ἦτοι
2464 5525 2546 5577 ὅτι
2570 5519 2860 5593 ἀληθεύειν
2892 5521 2918 5571 0
2941 5518 3130 5589 Πατὴρ
3159 5517 3461 5571 ἐνετείλατο
3485 5518 3561 5591 τῷ
3587 5519 3717 5591 Υἱῷ,
3741 5521 3773 5590 ἢ
3803 5521 3887 5574 δτι

2303 5613 2612 5686 ψεύδεσθαι.
2653 5614 2716 5666 "A
2747 5610 2856 5682 γὰρ
2888 5609 3077 5664 ἔλαϐεν
3123 5612 3150 5664 ὁ
3195 5609 3323 5674 Υἱὸς
3377 5611 3595 5682 ἐντολὴν
3627 5611 3880 5684 λαλῆσαι,

697 5807 715 5841 ⁸
746 5803 950 5861 Jerem.
999 5815 1152 5865 xxix,
1195 5801 1286 5858 ‘23.
1367 5805 1384 5834 ’
1419 5799 1520 5858 lsa.
1556 5820 1676 5865 vin.
1712 5805 1792 5859 ll.
1869 5802 1887 5834 ’
1917 5800 2078 5857 Juan.
2114 5818 2166 5861 ιι.
2205 5803 2295 5857 50.

4128 1133 4133 1224 η
