4144 6484
267 447 336 503 1‘5
1046 440 1109 493 IN
1145 436 1482 494 JOANNEM.
1520 468 1579 479 -ν
1637 438 1764 492 UB.
1812 438 1896 492 \‘ll
1960 438 2048 493 ΕΤ
2106 441 2217 495 Vill
2262 440 2705 494 FRAGMENTA.
3444 451 3506 502 ιι

268 560 435 616 λαλεῖ·
473 578 489 607 ι
532 559 589 607 ’0
620 555 835 625 πέμέιας
871 556 998 626 γὰρ,
1043 557 1195 625 φησὶ,
1227 556 1435 627 Πατὴρ,
1463 555 1677 625 ἐντολὴν
1707 554 1832 607 55w—

1942 554 2079 624 quod
2101 571 2225 609 vera
2250 556 2397 625 loqui
2419 555 2581 611 Pater
2605 555 2884 609 mandavit
2900 554 3063 621 Filio,
3085 558 3167 612 vel
3192 562 3333 631 quod
3357 579 3513 617 men-

270 669 333 705 κε
358 652 409 703 τί
436 650 573 703 εἴπω
602 649 695 702 καὶ
726 650 774 700 τί
796 648 1033 719 λαλήσω.
1070 669 1087 700 ι
1132 648 1193 700 Ei
1216 648 1271 700 δὲ
1304 648 1398 700 καὶ
1424 642 1572 699 εἶπεν
1601 648 1680 699 ὅτι
1717 665 1735 695 ι
1781 647 1840 699 '0

270 744 458 813 Πατήρ
477 759 578 811 μου
609 740 807 812 μείζων
840 740 940 811 μού
976 741 1145 804 ἐστιν,
1174 758 1193 791 ι
1226 739 1376 792 οὐδὲν
1404 738 1659 792 ἐναντίον.
1689 738 1838 791 Καθὸ

268 835 372 906 μὲν
391 835 498 906 γὰρ
526 834 683 904 φύσει
708 834 861 897 Θεὸς,
889 835 1002 897 ίσος
1036 832 1113 903 τῷ
1141 832 1332 903 Πατρὶ,
1359 831 1493 885 καθὸ
1524 831 1580 884 δὲ
1615 831 1837 900 γέγονεν

273 921 555 995 ἄνθρωπος
590 925 685 977 καὶ
735 922 1095 977 ἐταπείνωσεν
1126 922 1334 986 ἑαυτὸν,
1366 921 1434 974 τά
1464 922 1739 991 πρέποντα
1774 924 1839 992 τῇ

272 1015 649 1088 ἁνθρωπότητι
690 1016 909 1087 ῥήματα
954 1015 1106 1069 λαλεῖ
1146 1013 1520 1083 οἰκονομικῶς.
1552 1015 1740 1085 Ὅμως
1779 1015 1842 1067 τὸ

273 1111 369 1178 τῆς
407 1107 624 1177 ἐντολῆς
669 1108 839 1177 ὄνομα
868 1107 1065 1174 ἔξωθεν
1099 1106 1196 1175 τῆς
1224 1106 1412 1168 οὐσίας
1447 1106 1709 1176 ὑπάρχον,
1743 1106 1843 1158 οὐκ

272 1199 338 1252 ἂν
357 1198 570 1266 γένοιτο
594 1198 693 1267 τῆς
718 1199 909 1262 οὐσίας
931 1199 1204 1268 ἐγκλημαο
1235 1196 1296 1249 οὐ
1330 1197 1439 1268 γὰρ
1469 1197 1526 1249 ὲν
1558 1196 1637 1267 τῷ
1662 1198 1842 1250 ἐντέλ-

271 1288 459 1342 λεσθαι
492 1289 584 1343 τὸν
616 1290 852 1360 Πατέρα,
885 1289 944 1342 τὸ
974 1284 1112 1341 εἷναί
1137 1291 1253 1341 ἐστι
1281 1287 1358 1358 τῷ
1388 1287 1522 1358 Υίῷ,
1546 1288 1845 1342 οὐδὲτοῦτο

269 1380 482 1450 γένοιτό
513 1398 640 1434 ποτε
665 1384 765 1451 τῆς
798 1381 983 1443 οὐσίας
1009 1381 1151 1447 ὄρος.
1194 1374 1315 1432 Οἷδε
1354 1379 1533 1433 τοίνυν
1561 1383 1591 1433 ό
1624 1380 1747 1443 Υἱὸς
1768 1380 1844 1443 ὡς

271 1470 439 1542 βουλὴ
474 1472 567 1525 καὶ
600 1473 758 1539 σοφία
789 1470 882 1523 τοῦ
914 1470 1145 1541 Πατρὸς,
1181 1470 1242 1522 τὸ
1271 1470 1554 1541 ἀραρότως
1581 1470 1842 1539 κεκριμέη

269 1580 365 1617 νον
392 1564 522 1635 παρ’
546 1562 729 1617 αὐτοῦ.
764 1564 824 1615 El
859 1562 913 1614 δὲ
942 1560 1016 1625 ὡς
1055 1560 1273 1631 ἐντολὴν
1321 1561 1552 1631 δέχεται,
1596 1561 1669 1631 μὴ
1712 1561 1843 1614 θαυ-

274 1652 479 1723 μάσῃς·
532 1651 888 1721 ἀνθρωπίνοις
917 1650 1025 1721 γὰρ
1054 1650 1233 1718 λόγοις
1280 1650 1349 1703 τὰ
1387 1651 1521 1721 ὑπὲρ
1554 1649 1709 1718 λόγον
1750 1668 1843 1721 οη-

274 1743 546 1813 μαίνεται,
586 1743 678 1794 καὶ
725 1742 793 1795 τὰ
832 1745 953 1805 ταῖς
1004 1742 1299 1813 ἡμετέραις
1340 1742 1553 1814 ἄρρητα
1619 1745 1844 1811 φωναῖς,

271 1831 625 1902 κατεσπάσθη
682 1832 817 1902 πρὸς
867 1831 956 1885 τὸν
1012 1831 1167 1900 λόγον
1220 1831 1311 1884 τὸν
1350 1833 1406 1884 ἐν
1439 1833 1588 1903 ἡμῖν,
1632 1832 1717 1885 ἵνα
1753 1831 1847 1885 καὶ

1944 648 2059 701 tiri.
2084 647 2216 713 Qua:
2245 648 2391 701 enim
2426 648 2479 701 in
2506 647 2779 701 mandatis
2808 646 2995 701 habuit
3029 647 3199 705 Filius
3234 660 3290 704 ut
3319 653 3505 723 loque-

1948 745 2122 801 retur,
2158 736 2404 805 loquitur
2438 755 2451 789 :
2492 753 2509 786 ι
2540 734 2641 801 Qui
2684 751 2769 790 me
2798 738 2942 790 enim
2970 738 3118 791 misit
3153 737 3332 801 Pater.
3354 758 3510 797 mau-

1946 826 2134 881 datum
2173 826 2327 881 dedit
2363 826 2494 894 quid
2537 826 2713 880 dicam
2759 833 2813 880 et
2854 827 2998 895 quod
3031 830 3225 897 loquar
3253 829 3292 884 ⁸.
3340 850 3358 881 ι
3392 832 3509 886 Etsi

1942 932 2072 971 vero
2106 917 2246 971 dixit
2281 935 2294 970 :
2335 934 2353 967 ι
2400 914 2562 970 Pater
2599 932 2751 972 meus
2790 916 2967 986 major
3004 934 3089 973 me
3126 930 3207 973 est
3236 920 3279 982 ⁸,
3318 939 3335 971 ι
3378 923 3511 976 nihil

1942 1016 2027 1063 est
2081 1009 2445 1063 contrarium.
2477 1006 2533 1061 ln
2581 1016 2849 1077 quantum
2908 1010 3052 1065 enim
3099 1020 3293 1064 natura
3347 1011 3511 1079 Deus,

1943 1100 2176 1171 aqualis
2228 1106 2311 1155 est
2350 1097 2501 1152 Patri
2540 1116 2551 1152 :
2596 1098 2650 1152 in
2700 1108 2965 1169 quantum
3014 1118 3143 1157 vero
3197 1102 3375 1158 factus
3431 1117 3514 1160 est

1945 1191 2129 1257 homo,
2175 1198 2230 1246 et
2277 1190 2586 1244 humiliavit
2638 1191 2906 1261 seipsum,
2938 1195 3100 1250 verba
3154 1212 3275 1265 qua:
3321 1197 3513 1252 decent

1945 1282 2343 1337 humanitatem
2402 1281 2746 1337 (nconomice
2798 1284 3065 1353 loquitur.
3130 1285 3513 1343 Verumtamen

1945 1376 2188 1430 mandati
2218 1390 2588 1439 nomen,cum
2634 1386 2786 1431 extra
2832 1380 3127 1432 essentiam
3178 1380 3270 1445 sit,
3327 1382 3512 1436 nullo-

1945 1468 2109 1520 modo
2140 1468 2391 1522 essentia:
2428 1466 2751 1535 praejudicat
2788 1486 2800 1521 :
2839 1484 2945 1522 non
2996 1470 3142 1523 enim
3184 1472 3238 1525 in
3275 1488 3339 1527 eo
3370 1472 3515 1543 quod

1946 1554 2106 1610 Pater
2138 1556 2371 1625 imperat
2412 1565 2495 1610 est
2548 1573 2671 1612 esse
2721 1556 2886 1620 Filio,
2935 1574 3115 1627 neque
3168 1560 3218 1614 id
3274 1578 3512 1631 unquam

1950 1647 2111 1699 fuerit
2142 1647 2397 1701 essentia:
2430 1646 2701 1701 terminus
2732 1655 2828 1699 aut
2866 1648 3129 1702 deﬁnitio.
3160 1648 3317 1704 Novit
3349 1652 3515 1722 igitur

1947 1736 2120 1794 Filius
2147 1746 2428 1807 tanquam,
2449 1739 2736 1792 consilium
2762 1746 2816 1793 et
2845 1739 3114 1808 sapientia
3145 1740 3344 1809 Patris,
3371 1746 3515 1812 quod

1949 1830 2017 1882 ab
2043 1846 2109 1884 eo
2136 1830 2530 1885 convenienter
2555 1828 2862 1899 judicatum
2892 1841 2993 1885 est.
3021 1829 3077 1885 Si
3100 1847 3228 1888 vero
3258 1844 3513 1905 tanquam

270 1924 411 1977 νοεῖν
462 1923 787 1994 ἰσχύσωμεν.
820 1921 1202 1994 Λίτιασώμεθα
1248 1923 1446 1985 τοίνυν,
1500 1924 1561 1975 οὐ
1612 1922 1707 1994 τὴν
1752 1924 1836 1977 τοζ

1950 1920 2264 1975 inundatum
2300 1921 2525 1991 accipit,
2554 1937 2623 1976 ne
2658 1922 2916 1989 mireris;
2946 1921 3200 1977 humanis
3225 1924 3369 1979 enim
3394 1942 3485 1981 scr

270 2014 595 2086 πράγματος
624 2016 876 2079 ἀτοπίαν,
910 2016 1047 2069 ἀλλὰ
1081 2015 1179 2087 τὴν
1223 2014 1330 2068 τῶν
1386 2015 1644 2086 ῥημάτων
1685 2015 1844 2068 ἀσθέ-

269 2123 419 2159 νειαν
461 2105 522 2158 οὐ
568 2106 881 2176 δυναμένων
930 2107 1238 2176 ἐφικέσθαι,
1290 2105 1411 2159 καθ’
1455 2106 1514 2160 ὃν
1560 2106 1666 2159 ἔδει
1713 2106 1841 2177 τρό-

270 2214 392 2259 πον,
428 2196 524 2267 τῆς
554 2196 662 2249 τῶν
695 2197 1034 2269 πραγμάτων
1092 2196 1377 2266 ποιότητος
1425 2197 1518 2249 καὶ
1577 2194 1839 2266 ἁκριὸοὗς

269 2286 588 2356 ἑρμηνείας.

1951 2011 2206 2076 monibus
2236 2026 2358 2079 qua:
2390 2026 2556 2081 supra
2592 2026 2904 2067 sermonem
2951 2022 3080 2067 sunt
3109 2014 3513 2083 signiﬁcantur,

1948 2109 2002 2155 et
2031 2117 2152 2172 qua:
2182 2102 2389 2156 nostris
2424 2102 2651 2158 vocibus
2692 2101 2926 2171 exprimi
2970 2116 3079 2157 non
3118 2113 3352 2174 possunt
3382 2121 3513 2160 eon-

1948 2201 2123 2247 tracta
2168 2203 2297 2248 sunt
2347 2192 2416 2246 ad
2454 2194 2721 2247 rationem
2763 2192 3035 2246 internum
3085 2209 3203 2263 qua:
3250 2193 3303 2247 in
3355 2195 3514 2250 nobis

1944 2294 2048 2349 est,
2079 2295 2135 2338 ut
2171 2285 2415 2356 cOgitare
2442 2284 2741 2341 valeamus.
2769 2284 2947 2349 Quare
2988 2284 3358 2340 incusabinms
3401 2302 3514 2340 non

271 2397 461 2436 rerum
494 2383 846 2437 insolentiam
872 2391 932 2437 et
971 2383 1394 2446 absurditatem,
1448 2382 1543 2437 sed
1586 2382 1881 2435 verborum
1922 2379 2319 2445 inﬁrmitatem,
2370 2395 2492 2449 quae
2551 2394 2735 2433 rerum
2790 2378 3112 2449 qualitatem
3172 2390 3515 2433 accuratam-

270 2494 379 2547 que
416 2478 925 2547 interpretationem
962 2494 1062 2548 pro
1097 2495 1285 2534 earum
1320 2479 1591 2548 dignitate
1624 2478 1841 2547 assequi
1881 2492 1989 2531 non
2032 2484 2284 2544 possunt.

341 2574 580 2637 Σχίσμα
607 2567 722 2625 οὖν
758 2570 945 2625 πάλιν
979 2571 1215 2640 ἐγένετο
1258 2572 1327 2625 ἐν
1352 2570 1475 2637 τοῖς
1518 2570 1838 2636 Ἰουδαίοις,

268 2660 366 2712 καὶ
398 2659 467 2711 τὰ
491 2659 638 2730 ἑξῆς..

343 2751 574 2804 Κὰτεισι
646 2750 740 2803 τοῦ
820 2752 1069 2822 Σωτῆρος
1123 2754 1151 2805 ό
1220 2753 1375 2820 λόγος
1441 2752 1520 2814 εἰς
1580 2752 1676 2815 τὰς
1734 2752 1842 2803 τῶν

264 2845 633 2914 ἀκροωμένων
677 2842 920 2915 καρδίας,
957 2844 1049 2897 καὶ
1081 2842 1499 2915 τρυφερωτέρας
1532 2842 1632 2914 μὲν
1664 2843 1839 2914 εὑρὼν

268 2934 637 3005 μεταπλάττει
672 2936 1034 3006 παραχρῆμα,
1073 2936 1169 2988 καὶ
1212 2934 1349 3005 πρὸς
1378 2934 1489 2998 ἕξιν
1526 2932 1842 3003 μεθίστησιν

262 3025 513 3096 ἀγαθήν·
571 3026 830 3095 σκληραῖς
880 3026 937 3078 δὲ
972 3024 1282 3095 περιτυχὼν
1344 3025 1702 3079 ἀπανίσταται
1750 3028 1843 3079 καὶ

258 3116 524 3172 ἀπονεύει
551 3116 749 3187 τρόπον
774 3116 915 3169 τινά.
942 3115 1148 3169 Οὐκοῦν
1187 3118 1215 3169 6
1245 3116 1343 3186 μὲν
1379 3117 1594 3187 ἕτοιμόν
1622 3136 1738 3181 πως
1764 3119 1843 3182 είς

258 3207 686 3279 εὐγνωμοσύνην
712 3209 851 3278 ἔχων
875 3208 962 3261 τὸν
993 3208 1136 3271 νοῦν,
1165 3210 1263 3277 τὴν
1294 3212 1561 3282 σωτήριον
1587 3210 1838 3281 ἁσμένως

2022 2565 2087 2630 Χ,
2119 2567 2202 2621 l9.
2241 2566 2518 2634 Dissensio‘
2544 2568 2737 2620 iterum
2762 2566 2909 2634 facta
2933 2576 3009 2620 est
3043 2568 3176 2619 inter
3203 2566 3438 2621 Juda'os.

2021 2745 2332 2800 Servatoris
2385 2760 2566 2800 sermo
2613 2745 2897 2801 descendit
2942 2746 2993 2799 in
3053 2746 3363 2802 auditorum
3420 2764 3515 2819 pe-

1951 2847 2126 2900 etora,
2153 2852 2325 2907 eaque
2364 2846 2560 2891 nactus
2592 2838 2941 2905 aliquantum
2983 2837 3191 2901 mollia,
3226 2838 3516 2908 derepente

1951 2936 2127 2984 mutat
2159 2936 2213 2982 et
2260 2928 2327 2984 ad
2367 2928 2569 2984 bonum
2601 2927 2844 2985 traducit
2884 2927 3141 2984 habitum
3188 2947 3201 2982 :
3236 2928 3513 2987 oileudens

1947 3035 2079 3074 vero
2124 3019 2285 3086 dura,
2338 3020 2745 3091 quodammodo
2807 3022 3014 3076 recedit
3048 3036 3112 3075 ac
3163 3022 3509 3079 retrofcrtur.

1945 3110 2117 3183 Igitur
2168 3113 2255 3166 cui
2342 3128 2497 3167 meus
2560 3113 2627 3167 ad
2695 3114 3127 3169 benevolentiam
3198 3126 3513 3185 comparata

1946 3205 2131 3271 fuerit,
2185 3205 2498 3260 Servatoris
2545 3222 2855 3275 sermonem
2912 3209 3090 3263 libens
3148 3211 3382 3281 excipit;
3418 3214 3512 3282 qui

261 3300 628 3372 παραδέξεται
654 3299 829 3367 λόγον,
860 3302 887 3352 6
908 3298 962 3352 δὲ
990 3297 1063 3369 μὴ
1086 3299 1341 3363 τοιοῦτος,
1362 3300 1563 3354 οὐκέτι.
1589 3300 1836 3353 Τοιοῦτόν

1942 3312 2101 3352 secus
2142 3314 2201 3352 se
2230 3298 2414 3360 habet,
2459 3308 2825 3369 nequaquam.
2854 3300 3047 3356 Simile
3083 3302 3341 3371 quiddam
3378 3321 3511 3360 usu—

261 3408 315 3444 τι
346 3391 550 3461 συνέϐη
574 3391 765 3444 παθεῖν
795 3392 919 3453 τοὺς
964 3389 1226 3443 Ἰουδαίων
1253 3390 1434 3454 λαούς.
1480 3392 1701 3462 Ἐπειδὴ
1731 3391 1839 3461 γὰρ

260 3483 373 3537 τῶν
394 3482 491 3536 τοῦ
522 3482 770 3553 Σωτῆρος
800 3480 1242 3552 κατηκροάσαντο
1270 3480 1464 3549 λόγων,
1493 3482 1842 3552 κατασχίζον-

263 3593 356 3631 ται
379 3575 521 3648 πρὸς
547 3574 831 3645 διχόνοιαν,
874 3573 967 3626 καὶ
1007 3574 1055 3626 ot
1109 3571 1208 3643 μὲν
1246 3571 1713 3643 αἰσθητικώτεροι,
1750 3572 1842 3642 ρέ-

263 3685 459 3721 πουσιν
496 3667 596 3738 ἤδη
620 3667 754 3734 πρὸς
780 3664 1052 3736 σωτηρίας
1078 3664 1275 3734 ἀρχήνο
1309 3664 1359 3716 οἱ
1393 3662 1449 3716 δὲ
1474 3662 1719 3733 σκληροὶ.
1748 3679 1838 3715 vo-

267 3758 423 3812 σοῦσι
448 3760 728 3829 χειρόνως,
752 3757 896 3826 ἥπερ
925 3751 1068 3825 εἶχον
1102 3755 1159 3807 ὲν
1193 3755 1357 3825 ἀρχῇ.
1384 3751 1837 3823 Καταπλήττεται

265 3847 324 3901 δὲ
367 3847 560 3918 ὥσπερ
608 3848 637 3900 ὁ
679 3846 963 3908 Θεσπέσιος
997 3842 1390 3913 εὐαγγελιστὴς
1426 3844 1475 3895 εί
1503 3842 1591 3896 διὰ
1620 3841 1839 3905 τούτους

263 3938 391 4001 τοὺς
420 3938 613 4006 λόγους
647 3936 841 4007 συνέϐη
874 3935 1159 4006 σχισθῆναι
1190 3935 1316 3997 τοὺς
1354 3933 1620 3988 Ἰουδαίων
1651 3933 1831 3995 λαούς.

274 4026 767 4098 Ἐμφιιντικώτατα
797 4031 904 4098 γὰρ
923 4022 1077 4097 οἴμαι
1108 4026 1285 4094 λέγειν
1315 4025 1476 4080 αὐτὸν
1511 4026 1571 4079 τὸ
1603 4025 1836 4096 σκληρὸν

258 4120 366 4172 τῶν
392 4120 809 4189 ἁπειθησάντων
836 4118 1207 4188 θαυμάζοντα,
1239 4118 1319 4172 ὅτι
1361 4119 1567 4189 σχίσμα
1622 4120 1835 4188 ἐγένετο

258 4210 345 4265 διὰ
378 4212 505 4275 τοὺς
531 4210 719 4279 λόγους
744 4209 963 4273 τούτους
983 4209 1051 4263 δι’
1070 4208 1182 4273 οὓς,
1205 4210 1389 4279 φησὶν,
1422 4210 1528 4263 ἔδει
1559 4212 1685 4274 τοὺς
1708 4212 1834 4264 ’1ου-

257 4303 439 4367 δαίους
467 4301 713 4373 ἀκριϐῶς
744 4300 1030 4371 πεισθῆναι
1048 4301 1129 4353 ὄτι
1163 4300 1323 4363 αὐτός
1353 4301 1498 4353 ἐστιν
1528 4302 1557 4354 ό
1578 4302 1828 4371 Χριστός·

257 4393 511 4447 τοσοῦτον
528 4393 667 4464 ἦσαν
683 4394 732 4445 οἱ
760 4392 853 4445 τοῦ
874 4392 1122 4462 Σωτῆρος
1152 4391 1297 4457 λόγοι
1325 4391 1645 4461 θαυμαστοί.
1675 4391 1833 4444 Ἀλλὰ

262 4485 353 4536 καὶ
406 4484 616 4537 τούτων
665 4484 848 4545 αὐτοῖς
897 4483 1201 4553 εἰρημένων
1252 4478 1333 4545 οἷς
1378 4483 1525 4547 εἰκὸς
1573 4479 1640 4554 ἦν
1696 4484 1831 4554 πρὸς

1946 3390 2095 3444 venit
2143 3388 2460 3446 Judmorum
2492 3392 2733 3461 populis.
2776 3392 3073 3463 Postquam
3117 3394 3263 3448 enim
3314 3395 3512 3450 Serva-

1946 3483 2084 3537 toris
2133 3483 2299 3537 verba
2331 3482 2657 3546 audierunt,
2713 3484 2768 3538 in
2825 3494 3011 3553 partes
3064 3485 3221 3539 scissi
3276 3497 3426 3551 sunt,
3458 3496 3512 3540 et

1946 3572 2162 3639 quidem
2210 3572 2373 3640 paulo
2426 3573 2733 3629 teneriores
2780 3573 2895 3642 jam
2935 3573 3000 3626 ad
3043 3573 3258 3627 initium
3314 3577 3511 3630 salutis

1942 3670 2196 3731 vergunt,
2226 3662 2347 3717 duri
2372 3678 2500 3717 vero
2534 3664 2823 3732 plusquam
2861 3673 3017 3718 antea
3053 3674 3339 3734 a‘grotaut.
3366 3666 3512 3733 Quo-

1939 3753 2234 3808 dammodo
2264 3768 2395 3809 vero
2422 3754 2764 3823 obstupescit
2796 3754 3019 3809 divinus
3046 3756 3381 3825 evangelista
3414 3761 3507 3827 qtti

1941 3844 2091 3899 ﬁeret
2143 3854 2201 3897 ut
2242 3850 2466 3913 propter
2510 3843 2614 3898 hos
2647 3858 2930 3899 sermones
2968 3841 3141 3897 Judaei
3191 3844 3510 3899 scindereu-

1944 3944 2053 3991 tur.
2090 3935 2226 3989 Puto
2270 3934 2417 3989 enim
2448 3950 2575 3989 eum
2612 3935 2897 3989 mirantem
2929 3934 3187 3989 duritiem
3225 3937 3507 3992 rebellium

1947 4030 2282 4100 minimeque
2318 4029 2740 4099 obsequentium
2783 4028 2971 4084 dicere
3014 4030 3304 4084 admodum
3336 4032 3510 4102 signi-

1945 4119 2169 4173 ﬁcanter
2204 4120 2515 4175 scissuram
2548 4120 2749 4173 factam
2787 4134 2911 4174 esse
2949 4129 3171 4189 propter
3210 4121 3359 4189 ipsos
3388 4139 3507 4175 scr-

1943 4225 2157 4273 mones,
2198 4218 2419 4280 propter
2453 4224 2616 4279 quos,
2665 4210 2881 4279 inquit,
2927 4208 3133 4265 Judaﬁs
3188 4211 3509 4279 plenissime

1942 4314 2270 4369 persuasum
2300 4314 2426 4355 esse
2452 4299 2692 4368 oportuit
2713 4315 2837 4355 eum
2867 4316 2988 4355 esse
3013 4298 3315 4366 Christum,
3335 4316 3509 4371 usque

1939 4391 2079 4446 adeo
2111 4392 2420 4447 admirandi
2450 4401 2611 4447 erant
2641 4392 2947 4449 Servatoris
2971 4409 3273 4449 sermones.
3301 4394 3503 4450 Etcum

1941 4484 2055 4538 hac
2080 4485 2161 4539 eis
2182 4485 2328 4539 dicta
2361 4493 2571 4551 essent,
2593 4485 2794 4555 quibus
2825 4501 2921 4555 par
2949 4496 3095 4541 esset
3118 4486 3279 4557 663
3308 4503 3502 4556 quem-

259 4572 575 4626 εὐπείθειαν
600 4571 997 4643 σαγηνεύεσθαι
1022 4571 1113 4624 καὶ
1132 4571 1224 4624 τὸν
1252 4572 1452 4644 σφόδρα
1476 4573 1830 4644 δυσθήρατον,

1942 4576 2067 4631 libet
2093 4576 2174 4631 vel
2214 4575 2453 4630 maxime
2491 4576 2613 4645 capi
2655 4575 2927 4630 dillicilem
2973 4577 3038 4630 ad
3066 4578 3389 4647 obsequium
3431 4579 3504 4630 ir-

260 4668 463 4736 σχίσμα
487 4666 714 4733 γέγονεν
747 4665 952 4725 αὐτοῖς.
999 4662 1401 4733 Ἀποθαυμὰζει
1431 4666 1608 4718 τοίνυν
1633 4668 1829 4730 αὐτοὺς

258 4760 335 4821 εὶς
361 4758 716 4826 ἀναίσχυντον
752 4754 1035 4825 παρακοήν
1059 4755 1288 4819 ἀνοσίως
1334 4757 1823 4826 ὲκτετραμμὲνους.

257 4849 505 4919 Τοσούτῳ
538 4848 676 4918 γὰρ,
706 4843 879 4917 οἶμαι,
913 4845 1335 4917 κατηγορεῖσθαι
1366 4846 1580 4911 δίκαιοι,
1612 4848 1828 4918 ὅσῳπερ

255 4936 320 4991 ἂν
347 4939 576 5000 εἰκότως
604 4940 632 4991 6
656 4936 897 5009 περὶτοῦ
921 4938 1171 5008 Σωτῆρος
1194 4935 1348 5007 ἡμῶν
1378 4936 1705 5007 θαυμάζοιτο
1737 4937 1826 4990 λό-

256 5045 365 5096 γος.
411 5030 470 5080 ⁹()
503 5028 603 5099 μὲν
630 5024 722 5081 οὐν
758 5028 935 5080 ἐλάλει
960 5027 1237 5098 θεοπρεπῆ
1276 5026 1368 5079 καὶ
1394 5026 1536 5097 ἆπερ
1558 5027 1829 5096 ὑπερανα-

257 5119 429 5174 6αίνει
458 5119 767 5189 ἄνθρωπον
816 5122 848 5189 ὴ
900 5118 955 5171 δὲ
995 5118 1101 5172 τῶν
1149 5118 1290 5189 ὑπὲρ
1333 5117 1617 5186 ἄνθρωπον
1655 5118 1829 5186 λόγων

259 5210 578 5280 λαμπρότης
600 5211 693 5262 καὶ
722 5211 754 5279 ἡ
782 5208 1089 5279 θεοπρεπὴς
1112 5209 1410 5281 παρρησία,
1438 5208 1572 5278 πρὸς
1593 5206 1829 5278 ἄκρατον

263 5299 515 5353 ἀϐουλίαν
543 5298 789 5369 ἐξίστησι
811 5298 936 5363 τούς
962 5298 1207 5361 πολλούς.
1230 5300 1338 5352 Καὶ
1364 5298 1591 5366 ἐπείπερ
1617 5294 1683 5368 ἦν
1710 5296 1827 5360 ἔθος

255 5393 368 5452 τοῖς
416 5390 631 5462 ἀληθῶς
676 5389 1145 5460 δαιμονιζομένοις
1198 5391 1594 5462 προχειρότατα
1624 5391 1829 5461 δυσφη-

260 5484 397 5549 μεῖν,
427 5481 522 5535 ἀτε
574 5481 639 5551 δὴ
684 5480 1065 5551 λελυττηκόσιν
1124 5481 1360 5544 εὐκόλως
1415 5484 1508 5535 καὶ
1561 5484 1828 5547 συνέσεως

256 5574 468 5642 ἁπάσης
503 5572 607 5638 ἔξω
648 5572 938 5642 κειμένοις,
978 5570 1145 5641 ᾣοντο
1177 5571 1231 5624 δὲ
1261 5571 1349 5625 τὸν
1377 5572 1578 5641 Κύριον
1604 5572 1826 5643 ἄνθρω-

257 5678 353 5714 πον
403 5658 537 5715 εἶναι
572 5662 746 5730 ψιλὸν,
774 5662 875 5714 οὐκ
908 5660 1233 5725 ἐννοοῦντες,
1269 5663 1349 5715 ὅτι
1381 5662 1511 5725 Θεὸς
1546 5660 1612 5733 ἦν
1639 5662 1817 5731 φύσει,

331 5841 349 5869 ⁸
372 5838 528 5894 Joan.
566 5857 661 5907 xu,
690 5845 778 5899 49.
858 5840 1057 5899 ’Joan.
1091 5856 1200 5907 xw,
1230 5840 1320 5896 28.

1938 4669 2111 4733 retiri,
2142 4668 2379 4723 sehisma
2410 4668 2611 4722 factum
2647 4678 2728 4721 est
2756 4668 2857 4722 eis.
2898 4667 3124 4721 Miratur
3150 4685 3278 4737 ergo
3312 4684 3408 4723 eos
3448 4671 3501 4724 in

1937 4765 2045 4810 tam
2104 4757 2476 4827 impudentem
2526 4758 2929 4811 contumaciam
2971 4756 3136 4826 impie
3180 4773 3497 4812 conversos.

1936 4847 2111 4902 Tanto
2158 4848 2331 4919 magis
2368 4848 2514 4903 enim
2563 4848 2814 4902 accusari
2850 4857 3145 4907 merentur,
3182 4860 3386 4917 quanto
3418 4850 3500 4901 vi-

1937 4938 2135 4993 delicet
2164 4939 2474 4995 Servatoris
2501 4954 2683 4994 sermo
2706 4936 2906 5005 majori
2937 4936 3280 4991 admirationi
3313 4936 3495 4992 fuerit.

1934 5029 2029 5083 Ille
2081 5031 2226 5085 enim
2274 5028 2385 5083 Deo
2441 5031 2600 5100 digna
2635 5037 2691 5083 et
2727 5027 3000 5081 hominem
3054 5029 3495 5084 trauseendentia

1933 5118 2568 5190 loquebatur;spleudor
2603 5133 2735 5170 vero
2765 5116 3052 5170 verborum
3084 5117 3306 5171 homine
3326 5118 3497 5173 subli-

1934 5210 2169 5264 miorum
2215 5221 2269 5264 et
2323 5211 2661 5265 conveniens
2704 5209 2811 5263 Deo
2846 5208 3105 5276 loquendi
3158 5209 3382 5266 libertas
3428 5210 3507 5283 ad.

1932 5299 2284 5356 immodicam
2319 5303 2627 5356 vecordiam
2667 5309 2719 5356 et
2768 5300 3132 5357 temeritatem
3162 5301 3356 5371 vulgus
3392 5302 3493 5355 im-

1935 5394 2109 5461 pellit.
2142 5393 2208 5446 Et
2234 5394 2364 5461 quia
2404 5393 2576 5447 moris
2615 5404 2696 5449 est
2733 5394 2800 5449 iis
2831 5393 2921 5462 qui
2960 5394 3136 5463 reipsa
3167 5378 3505 5447 daemonium

1936 5485 2137 5538 habent
2163 5483 2497 5540 ellusissime
2526 5485 2877 5547 maledicere,
2904 5492 3094 5550 utpote
3126 5484 3220 5553 qui
3254 5482 3411 5537 facile
3442 5483 3493 5533 in

1933 5574 2137 5629 rabiem
2176 5582 2428 5645 agantur,
2472 5585 2527 5633 ct
2557 5577 2625 5631 de
2655 5584 2802 5631 statu
2837 5576 3034 5629 mentis
3065 5574 3288 5628 omnino
3326 5573 3492 5627 emoti

1934 5667 2063 5732 sint,
2095 5667 2364 5737 putabant
2394 5667 2678 5722 Dominum
2710 5668 2984 5746 hominem
3012 5665 3320 5735 simplicem
3353 5678 3494 5728 csse,
