4144 6554
603 467 672 521 15
1591 461 1643 515 S.
1687 459 1967 515 CYRHJJ
2005 460 2476 517 ALEXANDRINI
2517 459 2837 517 ARCHIEP.
3775 461 3842 515 16

602 579 746 635 haud
779 576 1278 633 aniiuadrertcntes
1305 589 1429 632 cum
1453 591 1573 631 esse
1595 584 1790 631 natura
1816 577 2004 642 Deum,
2025 577 2173 631 idco-

2283 579 2360 633 διά
2387 580 2544 632 τοῦτο
2570 578 2646 641 ὡς
2668 577 2992 650 ἀκρατὴτως
3022 576 3485 647 βλασφημοῦντες,
3509 576 3849 648 δαιμονῶντα

602 684 710 742 que
739 670 806 724 ad
836 669 1198 724 contumelias
1228 665 1459 724 en‘renes
1494 667 1596 737 ipsi
1627 668 1876 723 daemone
1905 671 2168 738 agitatum

604 761 894 817 vocabant.
944 761 1254 815 Audiebant
1291 760 1434 815 enim
1469 759 1740 814 dicentem
1788 776 1849 814 ea
1903 774 2025 830 qua:
2076 761 2167 813 uni

610 854 719 906 Deo
765 852 947 907 dicere
998 850 1364 920 competebat,
1413 858 1674 920 tanquam
1729 863 1899 903 unum
1954 864 2085 903 vero
2142 863 2173 902 e

608 943 770 999 nobis
801 943 1144 1007 videntes,et
1196 941 1321 1010 quis
1373 940 1680 995 secundum
1728 948 1981 994 naturam
2028 950 2175 993 esset

605 1036 848 1090 nondum
897 1042 1314 1105 cognoscentes,
1365 1048 1491 1087 cum
1546 1033 1750 1102 aliquid
1789 1031 1897 1085 Deo
1947 1032 2171 1101 dignum

605 1128 837 1188 «liceret.
866 1125 1239 1195 blaspliemias
1278 1122 1806 1193 interpretabantur.
1832 1118 1998 1194 Igitur
2027 1137 2175 1178 oeco-

605 1218 820 1273 nomice
867 1227 921 1271 et
964 1231 1145 1272 rerum
1190 1214 1385 1271 ordine
1436 1224 1662 1287 pr0pter
1701 1215 2039 1269 audientium
2074 1214 2175 1268 int-

608 1306 952 1360 heeillitate‘m
983 1314 1364 1373 Saepenumero
1397 1303 1673 1359 submisse
1700 1309 1749 1359 et
1778 1304 1982 1358 usitato
2015 1303 2176 1359 nobis

607 1411 862 1451 sermone
906 1397 1172 1465 loquitur.
1205 1396 1350 1465 Ergo
1400 1395 1675 1450 scinditur
1722 1393 2036 1449 Iudaeorum
2078 1402 2174 1465 po-

606 1489 790 1559 pulus,
825 1498 881 1543 et
938 1488 1032 1542 alii
1090 1487 1315 1557 quidem
1372 1501 1717 1557 nequaquam
1777 1486 2177 1557 perpendentes

606 1578 863 1650 mysteria
903 1593 1023 1647 qua:
1072 1577 1127 1631 in
1179 1578 1266 1631 his
1316 1585 1499 1643 erant,
1562 1576 1731 1646 impie
1782 1576 2171 1632 contuu‘ieliosi

606 1671 876 1737 sunt;alii
906 1686 1039 1726 vero
1069 1670 1238 1725 animi
1266 1669 1454 1724 habitu
1484 1669 1879 1725 moderatiores
1900 1680 2007 1723 nun
2040 1684 2178 1739 prat-

606 1777 840 1832 propere
869 1762 1261 1818 condemnant.
1291 1760 1651 1818 Revolventes
1703 1773 1882 1815 autem
1938 1762 2081 1831 apud
2118 1776 2180 1815 se

606 1854 729 1923 ejus
768 1855 930 1909 verba
960 1864 1014 1909 et
1051 1862 1307 1910 accurate
1344 1853 1735 1924 expendentes,
1764 1867 1958 1906 eorum
1993 1851 2180 1907 suavi-

2275 672 2521 725 ἐκάλουν.
2563 671 2800 724 Ἤκουον
2836 669 2943 741 γὰρ
2968 670 3219 738 λέγοντος
3250 670 3389 741 ἅπερ
3418 670 3484 723 ἂν
3520 670 3721 741 πρέποι
3755 670 3849 739 μό-

2277 781 2350 834 νῳ
2371 763 2546 831 λέγειν
2568 761 2646 832 τῷ
2663 762 2811 832 Θεῷ·
2839 762 2913 825 ὼς
2939 761 3032 816 ἕνα
3057 761 3113 814 δὲ
3140 762 3246 814 τῶν
3277 762 3399 814 καθ’
3424 764 3570 832 ἡμᾶς
3594 761 3847 831 ὁρῶντες,

2274 856 2367 907 καὶ
2402 854 2485 918 τίς
2516 856 2631 907 ἐστι
2658 854 2798 907 κατὰ
2838 852 2998 921 φύσιν
3031 852 3185 906 οὓπω
3218 854 3599 920 γινώσκοντες,
3642 852 3843 921 δυσφη-

2279 948 2399 1016 μεῖν
2434 947 2683 1017 ἐνόμιζον
2720 946 2810 1001 ὅτε
2836 961 2890 998 τι
2923 944 3071 1013 λέγει
3105 943 3425 1016 θεοπρεπὲς.
3467 943 3675 997 Οὐκοῦν
3703 945 3850 996 οίκο-

2276 1039 2520 1110 νομικῶς
2547 1039 2635 1092 διὰ
2662 1038 2759 1109 τὴν
2784 1038 2893 1091 τῶν
2918 1037 3288 1109 ἀκροωμένων
3309 1035 3590 1091 ἀσθένειαν
3624 1034 3850 1106 ὑφειμέ-

2276 1146 2382 1192 νως
2434 1129 2695 1193 πολλάκις
2746 1128 2839 1183 καὶ
2883 1126 2962 1199 τῷ
3010 1128 3133 1182 καθ’
3177 1129 3329 1198 ἡμᾶς
3373 1127 3635 1197 κέχρηται
3686 1126 3847 1195 λόγῳ.

2279 1218 2681 1289 Κατασχίζεται
2727 1218 2907 1271 τοίνυν
2940 1217 3047 1271 τῶν
3090 1216 3360 1271 Ἰουδαίων
3397 1220 3425 1271 ὁ
3452 1218 3641 1288 δῆμος,
3672 1217 3766 1271 καὶ
3800 1219 3848 1270 oi

2281 1311 2402 1383 μὲν,
2429 1311 2580 1363 οὐδὲν
2614 1311 2965 1375 ἐννοήσαντες
3006 1308 3142 1372 ὅλως
3166 1304 3274 1361 τῶν
3306 1309 3392 1361 ἐπ’
3426 1308 3609 1372 αὐτοῖς
3642 1322 3851 1379 μυστη-

2282 1402 2433 1472 ρίων,
2465 1399 2692 1462 ἀνοσίως
2720 1394 3051 1470 ὑϐρίζουσιν,
3071 1399 3119 1451 οἱ
3142 1398 3197 1451 δὲ
3214 1397 3311 1467 τὴν
3327 1398 3440 1463 ἕξιν
3457 1399 3851 1471 ἐπιεικέστεροι

2278 1489 2587 1561 προχείρως
2611 1489 2671 1541 ού
2699 1488 3138 1560 κατακρίνουσιν.
3157 1485 3609 1558 Ἀναμασώμενοι
3637 1487 3693 1540 δὲ
3723 1488 3851 1551 τοὺς

2279 1580 2411 1650 παρ’
2435 1579 2598 1633 αὑτοῦ
2640 1579 2830 1647 λόγους
2850 1579 2948 1632 καὶ
2981 1578 3119 1647 μετὰ
3140 1577 3425 1649 ἀκριϐείας
3446 1577 3849 1648 βασανίζοντες.

2278 1674 2378 1743 τῆς
2407 1676 2464 1726 ἐν
2497 1673 2677 1738 αὐτοῖς
2708 1673 3040 1743 γλυκύτητος
3078 1672 3517 1734 ύπαισθάνονται,
3550 1671 3852 1740 δοκιμωτά-

2278 1782 2379 1835 την
2427 1781 2484 1818 τε
2521 1764 2665 1818 οὕτω
2706 1764 2983 1819 ποιοῦνται
3013 1764 3108 1834 τὴν
3138 1764 3430 1835 διάκρισιν,
3460 1765 3728 1834 νήφοντας
3759 1764 3854 1817 καὶ

2281 1856 2550 1919 συνέσεως
2592 1856 2691 1922 τῆς
2716 1855 2996 1926 ἀνωτάτης
3040 1856 3309 1925 γέμοντας
3350 1855 3560 1924 λόγους,
3600 1858 3717 1919 ταῖς
3746 1854 3852 1908 τῶν

608 1955 780 2001 tatem
828 1945 1265 2010 subodorantur,
1314 1953 1369 2001 et
1423 1946 1496 2000 ita
1534 1944 1982 2015 probatissimum
2027 1942 2179 2015 judi-

2283 1948 2575 2017 δαιμονίων
2603 1947 2890 2019 ἐλαφρίαις
2912 1947 2972 2000 ού
3002 1945 3370 2017 χαριζόμενοι.
3401 1947 3561 2009 Ἔθος
3583 1945 3691 2016 γὰρ
3708 1945 3851 1999 ὲκεί-

607 2043 753 2094 cium
812 2040 1015 2106 lerunt,
1057 2048 1167 2094 tam
1222 2039 1437 2095 sobrias
1492 2038 1847 2108 caelestisque
1902 2037 2181 2106 sapientiae

608 2134 799 2203 plenas
830 2146 991 2187 voces
1024 2132 1226 2187 levitati
1271 2131 1583 2185 daemonum
1617 2129 1846 2185 minime
1876 2127 2182 2183 attribuen-

608 2234 709 2278 ti-s.
756 2222 851 2278 Est
890 2225 1033 2278 enim
1065 2223 1236 2277 moris
1272 2222 1381 2275 illis
1415 2221 1561 2275 inter
1591 2221 1977 2276 insaniendum
2015 2219 2183 2274 inter-

606 2313 848 2368 cidentia
900 2321 953 2367 ct
1001 2312 1299 2367 iilubantia
1351 2311 1520 2382 loqui.
1562 2309 1732 2383 lgitur
1779 2311 1883 2381 ipsi
1921 2309 2180 2365 Pharisaei

609 2406 831 2476 magisa
860 2405 1106 2459 daemone
1132 2404 1491 2471 vexabantur,
1522 2403 1684 2458 talem
1718 2402 2060 2472 appellantes
2086 2404 2180 2473 qui

608 2500 677 2553 ab
708 2513 770 2554 ea
804 2497 1222 2569 perturbatione
1256 2496 1517 2550 immunis
1557 2503 1640 2549 est
1668 2496 1733 2559 ⁸⁸,
1766 2509 1866 2548 nec
1899 2494 2087 2549 rident
2123 2507 2184 2548 se

609 2594 833 2647 insitum
875 2591 981 2645 sibi
1032 2588 1287 2644 morbum
1344 2589 1631 2658 evulgare,
1680 2588 1927 2657 adeoque
1974 2589 2178 2641 malum

606 2696 716 2751 quo
789 2679 1183 2735 conﬂictantur
1234 2691 1345 2747 prae
1419 2676 1696 2745 imperitia
1771 2687 1826 2731 et
1879 2677 2183 2731 stoliditate

607 2773 786 2843 palam
820 2768 1026 2825 facere.
1054 2767 1121 2822 Et
1159 2781 1281 2824 meo
1324 2766 1547 2837 quidem
1576 2767 1789 2836 judicio
1818 2783 2032 2822 summa
2068 2784 2185 2821 ma-

610 2864 726 2918 litia
756 2862 954 2916 dicunt
984 2859 1276 2915 Dominum
1309 2858 1510 2913 habere
1538 2857 1889 2913 daemonium.
1922 2856 2181 2925 Quando—

607 2953 831 3026 quidem
864 2950 1013 3008 enim
1049 2958 1309 3021 tanquam
1345 2956 1599 3020 pastores
1638 2950 1931 3005 incusabat
1964 2950 2186 3005 timidos

607 3056 661 3102 ct
683 3044 1083 3109 ntercenarios,
1106 3044 1310 3114 quippe
1341 3042 1432 3111 qui
1470 3042 1849 3114 relinquerent
1872 3058 2002 3101 oves
2032 3043 2182 3114 lupo,

608 3152 917 3210 parumque
955 3134 1247 3190 admodum
1276 3134 1347 3189 de
1379 3146 1542 3206 grege
1581 3134 1803 3191 solliciti
1835 3143 2044 3202 essent,
2075 3150 2182 3190 non

609 3228 966 3286 mediocriter
993 3226 1356 3292 consternati,
1379 3227 1648 3296 veritique
1673 3236 1742 3281 ne
1773 3227 1960 3298 pepuli
1996 3228 2185 3298 utique

609 3321 979 3391 intelligentes
1027 3319 1173 3390 quod
1214 3318 1423 3373 dictum
1476 3324 1614 3383 erat,
1663 3318 1929 3390 deinceps
1977 3319 2047 3374 ab
2102 3319 2183 3375 eis
2211 3302 2252 3359 ο

609 3414 762 3484 pasci
804 3413 1204 3475 detrectarent.
1250 3418 1305 3467 et
1358 3411 1413 3465 in
1452 3408 1804 3481 disciplinam
1865 3407 2074 3466 Christi
2124 3422 2183 3466 se

609 3503 842 3560 darent:
874 3513 1164 3575 propterea
1220 3503 1421 3559 animis
1465 3502 1841 3573 gregariorum
1896 3501 2180 3556 hominum

610 3597 799 3652 lucum
848 3595 1112 3650 facientes
1160 3596 1361 3651 aiunt:
1398 3610 1417 3647 ι
1456 3593 1794 3649 Dzemonium
1840 3593 2023 3661 habet,
2051 3594 2180 3664 quid

610 3690 763 3745 illum
790 3690 992 3744 auditis
1012 3690 1074 3721 ⁸⁸⁸
1092 3689 1114 3741 ?
1133 3707 1154 3741 ι
1185 3686 1342 3753 Quod
1361 3702 1486 3741 cum
1503 3701 1600 3756 per
1616 3700 1885 3741 summam
1917 3685 2180 3740 malitiam

608 3781 882 3848 dicerent,
907 3780 1203 3836 consilium
1240 3790 1422 3834 tamen
1456 3777 1567 3833 illis
1606 3778 1660 3832 in
1691 3779 2031 3834 contrarium
2061 3792 2181 3833 ces-

609 3873 684 3928 sit
717 3891 730 3927 :
759 3880 813 3926 et
846 3872 936 3926 alii
960 3869 1124 3942 66a,
1154 3870 1374 3941 quidem
1398 3876 1683 3940 perspecta
1716 3870 2009 3923 verborum
2046 3882 2180 3939 qua-

606 3959 760 4013 titatc
793 3974 854 4014 ea
890 3968 1040 4013 recte
1086 3958 1361 4028 judicant,
1383 3970 1485 4011 nec
1516 3957 1646 4011 talia
1672 3956 1868 4012 cadere
1914 3958 1971 4011 in
2000 3957 2180 4011 homi-

610 4064 737 4104 nem
776 4062 806 4102 a
851 4050 1099 4104 daemone
1144 4062 1460 4118 possessum
1496 4064 1511 4101 :
1554 4053 1737 4100 tamen
1782 4045 2177 4100 miraculorum

609 4139 925 4195 eﬂectiones
993 4138 1422 4210 inexpugnabile
1481 4136 1857 4191 testimonium
1915 4136 2184 4206 prabent,

611 4230 708 4284 ait.
759 4229 873 4287 Etsi
904 4229 1048 4285 enim
1087 4230 1364 4285 accusatis
1397 4229 1562 4284 verba
1600 4235 1658 4282 ut
1690 4240 1800 4283 non
1843 4237 1992 4285 recte
2013 4228 2183 4294 dicta,

609 4329 853 4378 attamen
910 4323 1026 4379 lieri
1081 4337 1193 4378 non
1246 4328 1428 4391 potest
1484 4328 1546 4374 ut
1594 4321 1723 4393 quis
1783 4321 2079 4377 identidem
2131 4327 2186 4376 et

2283 2055 2389 2092 νων
2418 2040 2476 2092 ὲν
2503 2038 2582 2109 τῷ
2614 2039 2970 2109 παραπαίειν,
3000 2038 3062 2091 τδ
3116 2036 3503 2109 παρεμπίπτον
3551 2036 3747 2090 λαλεῖν.
3788 2037 3851 2089 Οί

2281 2126 2375 2184 οὖν
2407 2132 2687 2201 Φαρισαῖοι
2721 2130 2921 2200 μᾶλλον
2942 2124 3081 2201 ἦσαν
3108 2129 3157 2181 ci
3186 2125 3567 2200 δαιμονῶντες,
3604 2128 3654 2181 οἱ
3675 2125 3852 2181 τοιοῦ-

2281 2238 2373 2274 τον
2417 2221 2709 2284 καλοῦντες
2749 2221 2840 2275 τὸν
2884 2221 3086 2285 παντὸς
3132 2220 3417 2293 ἐλεύθερον
3467 2221 3691 2286 πάθους,
3758 2220 3853 2273 καὶ

2282 2310 2568 2382 λελήθασιν
2592 2313 2816 2375 ἑαυτοὺς
2848 2311 2946 2384 τὴν
2973 2312 3195 2367 ἐνοῦσαν
3226 2313 3408 2377 αὐτοῖς
3439 2312 3853 2384 ἐξαγορεύοντες

2278 2402 2437 2455 νόσον
2483 2403 2579 2456 καὶ
2631 2403 2688 2456 τὸ
2740 2404 2960 2474 συνέχον
3004 2404 3202 2467 αὐτοὺς
3232 2403 3398 2457 κακὸν
3433 2402 3495 2468 ἐξ
3519 2404 3741 2471 ἀγνοίας
3769 2401 3855 2468 ἐξ·

2279 2494 2531 2564 ηγείσοαι
2568 2495 2629 2547 ού
2670 2494 3112 2566 παραιτούμενοι.
3140 2491 3308 2565 Οἶμαι
3331 2494 3389 2547 δὲ
3417 2493 3590 2562 ἔγωγε
3618 2509 3854 2564 κακουρ-

2282 2586 2525 2654 γοτάτως
2550 2585 2753 2656 σφόδρα
2781 2585 2962 2653 λέγειν
2982 2584 3199 2649 αὐτοὺς,
3223 2586 3306 2638 ὅτι
3328 2585 3556 2655 δαιμονᾷ
3577 2585 3605 2636 ό
3630 2583 3854 2656 Κύριος.

2296 2676 2513 2747 Ἐπειδὴ
2561 2675 2793 2745 γὰρ.ὼς
2840 2677 3100 2747 ποιμένας
3146 2678 3441 2747 κατῃτιᾶτο
3491 2675 3699 2739 δειλοὺς
3761 2677 3853 2730 καὶ

2286 2766 2614 2837 μισθωτοὺς,
2640 2764 2713 2828 ὡς
2763 2767 2991 2830 ἀνέντας
3022 2767 3099 2838 τῷ
3131 2766 3280 2838 λύκῳ
3326 2770 3393 2821 τὰ
3445 2768 3715 2840 πρόϐατα,
3760 2772 3855 2823 καὶ

2282 2856 2437 2926 όλίγα
2468 2857 2748 2922 παντελῶς
2798 2859 2895 2930 τῆς
2949 2860 3149 2929 ἀγέλης
3207 2862 3617 2932 φροντίσαντας,
3662 2863 3721 2916 ού
3754 2880 3854 2933 με·

2282 2952 2451 3021 τρίως
2475 2950 2942 3022 καταπτοούμενοι
2986 2952 3060 3022 μὴ
3085 2952 3193 3023 ἄρα
3225 2953 3496 3015 συνιέντες
3524 2955 3576 3007 οί
3601 2954 3763 3025 δῆμοι
3793 2955 3856 3009 τὸ

2285 3040 2594 3113 εἰρημένον,
2625 3043 3075 3113 παραιτήσωνται
3110 3045 3208 3115 μὲν
3233 3043 3333 3115 ἤδη
3366 3047 3427 3099 τι»
3449 3046 3541 3099 ὑπ’
3563 3046 3745 3109 αὐτοῖς
3772 3046 3853 3100 ετι

2286 3132 2688 3203 ποιμαίνεσθαι,
2720 3134 3110 3206 προσδράμωσι
3130 3134 3187 3189 δὲ
3215 3139 3280 3207 τῇ
3310 3138 3413 3190 ὑπὸ
3440 3137 3656 3208 Χριστῷ
3682 3138 3855 3210 μαθη-

2285 3224 2426 3295 τείᾳ,
2448 3224 2534 3278 διὰ
2565 3224 2722 3279 τοῦτο
2749 3225 2840 3278 τὸν
2871 3226 2997 3280 νοῦν
3018 3222 3127 3279 τῶν
3156 3227 3427 3295 ἀγελαίων
3448 3228 3852 3296 φενακίζοντες,

2286 3314 2438 3384 φασί·
2482 3330 2502 3366 ι
2542 3316 2825 3386 Δαιμόνιον
2881 3316 3016 3387 ἔχει,
3075 3318 3129 3371 τί
3166 3314 3331 3371 αὐτοῦ
3372 3318 3632 3384 ἀκούετες,
3681 3337 3699 3367 ο
3747 3319 3855 3371 Καὶ

2284 3404 2457 3459 ταῦτα
2498 3405 2721 3459 ἐκείνων
2775 3406 2863 3461 διὰ
2914 3409 3253 3478 κακουργίαν
3311 3408 3595 3477 λεγόντων,
3657 3410 3736 3471 είς
3794 3406 3859 3461 τὸ

2285 3498 2525 3551 ἐναντίον
2552 3499 2736 3561 αὐτοῖς
2772 3498 2944 3572 ὲπέδη
2992 3500 3055 3554 τὸ
3088 3501 3333 3571 σκέμμα,
3361 3500 3510 3555 ἄλλοι
3542 3499 3599 3555 δὲ
3621 3500 3728 3554 ἀπὸ
3759 3499 3858 3571 μὲν

2284 3587 2383 3657 τῆς
2410 3588 2517 3642 τῶν
2546 3588 2720 3658 λόγων
2747 3591 3050 3661 ποιότητος,
3070 3589 3261 3662 ὀρθοὺς
3283 3587 3423 3647 εἶναι
3454 3593 3696 3664 κρίνουσι
3729 3592 3857 3656 τοὺς

2285 3680 2378 3734 τοῦ
2412 3680 2621 3752 Κυρίου
2657 3682 2871 3751 λόγους,
2901 3680 2977 3747 ὡς
3008 3685 3109 3738 ούκ
3129 3683 3300 3739 ὄντων
3327 3685 3434 3739 τῶν
3453 3683 3713 3738 τοιούτων
3740 3684 3855 3738 δαι-

2292 3776 2667 3846 μονιζοιιιένου⁸
2699 3777 2849 3847 ὅμως
2872 3779 2927 3831 αἱ
2949 3777 3406 3849 θαυματουργίσι,
3436 3778 3621 3850 φησὶν,
3647 3777 3857 3847 ἄμαχον

2286 3868 2471 3937 ἔχουσι
2501 3867 2829 3938 μαρτυρίαν.
2856 3869 2920 3922 Et
2948 3868 3055 3939 γὰρ
3078 3870 3172 3923 καὶ
3201 3870 3308 3923 τῶν
3338 3871 3510 3939 λόγων
3542 3869 3619 3933 ὼς
3637 3870 3737 3922 ούκ
3762 3869 3857 3941 όρο

2287 3958 2395 4020 Otii;
2453 3957 2765 4029 λεγομένων
2834 3962 3213 4032 κατηγορεῖτε,
3278 3961 3392 4015 ἀλλ’
3455 3961 3734 4031 ἀμήχανον
3798 3960 3859 4012 ὲν

2285 4040 2468 4119 ταυτῷ
2526 4067 2645 4103 τινα
2694 4050 2789 4105 καλ⁸
2839 4051 3114 4124 δαιμόνιον
3174 4053 3337 4125 ἔχειν,
3384 4052 3610 4107 κάκεῖνα
3662 4053 3852 4104 ποιεῖν.

2300 4141 2432 4194 Ἀπὸ
2490 4137 2585 4195 οὖν
2639 4140 2750 4195 τῶν
2805 4145 3031 4216 καρπῶν
3096 4147 3145 4199 oi
3201 4146 3368 4200 αἴσιοι
3431 4146 3616 4217 κριταί⁸
3672 4142 3858 4210 ἐπεγί-

2286 4248 2495 4287 νωσκον
2526 4236 2709 4299 αὐτὸν,
2741 4236 2877 4307 μετὰ
2907 4237 3000 4290 κοιλ⁵
3033 4237 3125 4291 τοῦ
3155 4238 3451 4309 θαυμάζειν
3482 4238 3575 4292 τὸν
3604 4237 3731 4307 παρ’
3760 4237 3859 4289 at}-

2286 4322 2381 4377 τοῦ
2417 4324 2594 4394 λόγον.

610 4414 943 4471 daunonium
974 4415 1174 4471 habeat
1202 4422 1257 4469 et
1286 4412 1378 4469 illa
1418 4414 1602 4469 faciat.
1666 4414 1709 4467 A
1750 4414 2025 4471 fructibus
2055 4413 2225 4486 igitur
2261 4419 2399 4487 aequi
2432 4419 2650 4488 judices
2689 4421 3096 4493 cognoscebant
3139 4437 3284 4485 eum,
3348 4421 3513 4477 simul
3558 4429 3612 4476 et
3647 4428 3859 4475 sermo-

612 4524 735 4568 nem
772 4511 894 4579 ejus
926 4508 1369 4563 admirabantur.

682 4601 855 4665 X,22.
884 4599 1054 4681 [facta
1081 4612 1203 4656 sunt
1231 4609 1403 4657 autem
1429 4594 1682 4656 Encwnt’a
1702 4603 1755 4656 in
1774 4601 2180 4674 Hierosolymis,

2358 4601 2621 4672 Ἐγένετο
2641 4602 2711 4656 δὲ
2739 4603 2810 4658 τὰ
2831 4603 3133 4674 Ἐγκαίνια
3154 4602 3222 4656 ἑν
3248 4602 3370 4669 τοῖς
3398 4604 3859 4673 Ἰφοσολύμοις,

608 4706 656 4751 cl
694 4697 855 4749 hiems
888 4704 1022 4749 erat.

685 4789 951 4842 Intererat
980 4792 1165 4839 autem
1196 4782 1352 4841 festis
1382 4782 1673 4853 Dominus,
1705 4801 1816 4841 non
1856 4793 1917 4840 ut
1947 4801 2012 4841 ea
2052 4801 2178 4841 cum

608 4878 820 4933 Judaeis
842 4876 1181 4942 celebraret;
1212 4877 1306 4947 qui
1338 4874 1393 4931 id
1423 4878 1571 4932 enim
1602 4876 1718 4933 fieri
1755 4882 1968 4947 poterat
2008 4878 2080 4932 ab
2116 4893 2181 4932 eo

611 4969 705 5039 qui
724 4966 1077 5030 dixerat,0di
1099 4977 1159 5023 et
1186 4978 1389 5039 reSpuo
1408 4967 1546 5024 festa
1565 4964 1894 5023 vestra?sed
1930 4976 1991 5023 ut
2021 4968 2184 5024 utiles

612 5074 746 5114 suos
782 5073 1070 5114 sermones
1100 5074 1285 5114 coram
1327 5059 1530 5128 populo
1573 5058 1748 5112 multo
1799 5058 2031 5123 diceret,
2062 5074 2179 5115 ma-

612 5148 873 5205 nifestum
906 5166 967 5205 se
1001 5148 1207 5205 Judmis
1238 5149 1464 5214 sistens,
1505 5158 1558 5204 et
1594 5163 1909 5219 quanquam
1944 5166 2054 5205 non
2089 5167 2178 5207 re-

611 5242 849 5313 quisitus
900 5256 959 5296 se
998 5240 1107 5296 illis
1165 5241 1500 5295 admiscens.
1557 5237 1939 5295 EneteniOrum
1996 5250 2177 5297 autem

611 5334 835 5388 nomine
885 5332 973 5387 hic
1024 5339 1108 5387 est
1166 5329 1583 5400 intelligendum
1619 5329 1700 5385 vel
1754 5331 1991 5402 primum
2046 5332 2178 5387 illud

609 5422 810 5479 festum
847 5436 957 5492 quo
1009 5420 1272 5475 Salomon
1317 5430 1520 5473 navum
1574 5420 1833 5490 templum
1867 5420 2173 5487 dedicavit;

608 5519 694 5571 vel
728 5516 862 5571 illud
914 5511 1294 5576 Zorobabelis,
1330 5512 1421 5582 qui
1463 5512 1657 5567 deinde
1698 5526 1822 5568 cum
1862 5510 2016 5579 Iesu,
2056 5524 2180 5584 post

609 5607 850 5663 reditum
870 5622 899 5661 ο
917 5604 1213 5675 Babylone,
1232 5603 1494 5671 templum
1523 5601 1663 5658 idem
1682 5604 2177 5660 restauravit.Cum

674 5743 715 5772 "
748 5738 906 5793 Joan.
935 5754 1055 5804 VIII,
1082 5737 1173 5792 d8.
1249 5738 1314 5768 "'
1344 5736 1477 5790 ibid.

2287 4693 2385 4751 καί
2417 4692 2637 4763 χειμὼν
2656 4689 2752 4763 ἦν.

2360 4785 2551 4856 Παρῆν
2566 4785 2645 4856 (1)
2670 4783 2726 4838 δέ
2746 4785 2807 4838 ἐν
2826 4787 2946 4848 ταῖς
2964 4785 3225 4855 ἐορταῖςό
3248 4784 3474 4856 Κύριος,
3504 4786 3601 4855 οὐχ
3628 4782 3704 4849 ὡς
3728 4798 3859 4839 συν-

2288 4877 2584 4948 εορτάσωνο
2599 4876 2717 4940 πῶς
2736 4877 2845 4945 γάρ
2862 4875 2924 4942 ;ὸ
2945 4874 3464 4947 εἰπὼν,Μεμίσηκα,
3484 4875 3746 4947 ἀπῶσμαι
3762 4877 3862 4939 τὰς

2288 4970 2481 5042 ἑορτὰς
2505 4968 2661 5041 ὑμῶν
2690 4987 2704 5000 ·
2732 4968 2846 5021 ἀλλ’
2880 4969 2968 5021 ἵνα
2997 4967 3123 5033 τοὺς
3151 4968 3451 5038 ἐπωφελεῐς
3480 4968 3646 5022 αύτοῦ
3670 4968 3863 5039 λόγους

2288 5064 2379 5117 ἐπὶ
2394 5062 2667 5134 παρουσία
2693 5057 2901 5113 πολλῶν
2931 5058 3079 5132 εἴπῃ.
3126 5060 3343 5131 ἐμφανῆ
3375 5060 3567 5114 ἑαυτὸν
3584 5064 3859 5131 καταστη-

2288 5171 2382 5219 σας
2407 5156 2522 5217 τοῖς
2555 5148 2853 5217 Ἰουδαίοις,
2879 5152 2974 5205 καὶ
2994 5151 3284 5221 ἀζητήτως
3313 5152 3496 5216 αὐτοῖς
3529 5153 3721 5205 ἑαυτὸν
3753 5170 3855 5206 κα-

2284 5243 2536 5314 ταμίξας.
2603 5238 2883 5311 Ἐγκαίνια
2933 5241 2989 5295 δὲ
3036 5242 3243 5312 οίητέον
3292 5238 3545 5306 ἐνταῦθα,
3590 5242 3707 5312 ἦτοι
3758 5242 3862 5312 τὴν

2285 5330 2506 5402 πρώτην
2556 5330 2771 5402 ἑορτὴν),
2829 5330 2951 5384 καθ’
3000 5330 3066 5401 ἢν
3094 5330 3122 5382 ὁ
3170 5329 3420 5401 Σολομὼν
3463 5331 3745 5385 ἐπετέλεσε
3793 5332 3862 5385 τὰ

2294 5421 2575 5491 Ἐγκαίνια
2600 5438 2613 5452 ·
2647 5421 2680 5492 ἢ
2707 5420 2794 5475 ὅτε
2820 5421 2848 5473 ὁ
2870 5418 3174 5491 Ζοροὸἁϐελ
3202 5419 3428 5484 ὕστερον
3457 5422 3553 5475 σὺν
3574 5420 3653 5491 τῷ
3680 5422 3859 5492 Ἰησοῦ

2289 5511 2427 5583 μετὰ
2443 5510 2544 5584 τὴν
2570 5514 2634 5565 ἐκ
2662 5510 2981 5573 Βαϐυλῶνος
3022 5510 3300 5575 ἐπάνοδον,
3342 5510 3435 5563 τὸν
3474 5509 3603 5564 ναὺν
3659 5508 3864 5582 «inadd:

2292 5621 2483 5677 μησεν.
2511 5602 2795 5673 Χειμῶνος
2818 5602 2874 5654 δὲ
2905 5602 2997 5655 καὶ
3036 5600 3193 5654 ὑετοῦ
3219 5601 3372 5665 δντος
3415 5601 3737 5672 τηνικαῦτα,
3779 5605 3861 5657 εί-

676 5874 754 5953 (l)
791 5876 998 5947 Παρῆν
1021 5918 1033 5934 .
1062 5918 1075 5936 .
1102 5918 1116 5935 .
1138 5916 1152 5932 .
1182 5878 1401 5948 λόγους
1427 5894 1491 5933 ex
1524 5885 1709 5932 catena
1752 5876 2010 5932 Vaticana
2037 5918 2049 5943 ,
2081 5874 2179 5937 fol.

2283 5877 2345 5946 ιο,
2381 5892 2468 5949 ap.
2507 5877 2771 5935 MaiBibl.
2802 5879 2935 5937 Nov.
2973 5876 3109 5946 PR,
3134 5875 3220 5947 111,
3252 5879 3374 5936 154.
