4144 6492
599 368 667 425 19

1593 372 1646 424 S.
1686 370 1963 429 CYRILLI
1997 374 2472 435 ALEXANDRINF
2504 380 2818 438 ARClllEP.

3775 386 3848 448 20

601 503 707 538 man
736 485 863 555 quia
902 484 1059 539 Pater
1089 492 1177 539 est
1214 485 1345 541 facit
1367 488 1652 554 miracula,
1686 491 1779 545 sed
1811 492 1938 561 quia
1976 504 2168 548 natura

2276 518 2383 553 νισι⁹
2412 503 2534 554 ἐπεὶ
2570 500 2625 553 δὲ
2658 502 2685 553 ό
2713 499 2923 570 Πατὴρ,
2959 500 3059 553 οὑκ
3094 500 3282 571 ἐπειδὴ
3325 500 3513 571 Πατήρ
3540 502 3678 567 ἐστι,
3705 506 3849 558 ποιεῖ

602 578 745 632 Deus
777 585 881 639 est,
913 585 969 631 et
996 575 1171 656 Filius
1216 593 1409 634 rursus
1440 594 1545 633 non
1576 582 1705 649 quia
1743 582 1941 648 Filius,
1981 585 2082 639 sed
2108 594 2168 638 ut

600 671 743 726 [lens
774 686 841 724 ex
870 669 979 725 Deo
1004 676 1182 739 potest
1241 670 1406 725 etiam
1450 671 1566 740 ipse
1613 687 1777 742 opera
1803 674 1983 729 Patris
2032 691 2168 745 prte-

599 767 770 824 starc,
791 759 913 814 ideo
932 760 1270 815 meonomice
1292 768 1344 815 et
1368 771 1583 817 servato
1609 778 1789 818 rerum
1819 766 2016 820 ordine
2036 766 2170 820 dicit

594 868 657 907 se
685 854 741 906 in
766 853 987 909 nomine
1021 852 1200 908 Patris
1224 867 1389 922 opera
1421 852 1624 909 facere.

667 1029 749 1090 Χ.
809 1030 900 1085 26.
944 1029 1047 1085 Sed
1097 1048 1184 1085 vos
1238 1032 1373 1084 mihi
1422 1049 1522 1085 non
1573 1032 1827 1099 creditis,
1879 1035 2007 1104 quia
2067 1054 2172 1091 non

594 1126 722 1179 estis
754 1139 818 1177 ea:
852 1125 1033 1177 ovibus
1059 1125 1209 1178 meis.

663 1213 929 1267 Iudicium
979 1223 1033 1269 et
1101 1222 1485 1284 argumentum
1547 1218 1924 1272 certissimum
1981 1220 2166 1274 ovium

592 1305 794 1359 Christi
840 1314 925 1361 est
965 1304 1128 1359 facile
1168 1305 1359 1361 audire
1388 1317 1440 1361 et
1473 1317 1721 1375 paratmn
1762 1325 1887 1365 esse
1937 1312 2002 1365 ad
2039 1312 2166 1367 obe-

591 1396 877 1460 dtcndum,
928 1398 1073 1452 sicut
1116 1403 1173 1451 et
1221 1397 1527 1452 alienarum
1584 1415 1691 1454 non
1741 1401 1992 1472 obsequi.
2031 1402 2165 1457 Nam

594 1490 786 1544 audire
822 1490 904 1544 sic
954 1490 1403 1559 interpretamur,
1451 1492 1618 1546 dictis
1666 1493 1823 1548 ﬁdem
1880 1496 2163 1550 adhibere.

592 1583 673 1636 illi
723 1597 850 1636 vero
885 1591 1297 1652 cognoscuntur
1336 1598 1365 1636 a
1414 1584 1528 1638 Deo
1580 1585 1671 1652 qui
1722 1586 1958 1640 audiunt
1990 1603 2162 1641 eum:

589 1672 849 1742 cognosci
880 1687 1010 1727 vero
1051 1672 1330 1742 signiﬁcat
1381 1673 1691 1744 conjungi:
1739 1676 1968 1730 omnino
2017 1677 2162 1731 enim

2276 592 2342 644 τά
2373 591 2646 662 θαύματα,
2680 592 2793 645 ἀλλ’
2817 590 3001 660 ἐπειδὴ
3028 590 3157 654 Θεός
3190 592 3303 645 ἐστι
3330 591 3510 661 φύσει⁹
3548 594 3639 646 καὶ
3665 596 3694 648 ό
3721 595 3849 659 Υἱὸς

2275 685 2405 753 ἄρα,
2434 684 2533 737 οὐκ
2561 682 2748 754 ἐπειδὴ
2781 683 2926 747 Υἱὸς,
2951 681 3065 736 ἀλλ’
3091 681 3165 746 ὡς
3189 682 3320 747 Θεὸς
3352 684 3416 735 ἐκ
3447 683 3603 747 Θεοῦ,
3627 684 3845 740 δύναται

2277 776 2369 829 καὶ
2414 776 2578 839 αὐτὸς
2643 775 2711 828 τά
2761 774 2855 829 τοῦ
2910 775 3121 845 Πατρός
3176 774 3311 845 ἔργα
3377 778 3568 828 ποιεῖν·
3635 776 3717 829 διὸ
3769 777 3846 829 οἰ-

2278 868 2585 939 κονομικῶς
2638 864 2809 931 εἶπεν,
2860 868 2917 921 ὲν
2958 866 3182 937 ὀνόματι
3236 866 3328 919 τοῦ
3357 868 3569 938 Πατρός
3613 866 3691 920 τὰ
3710 866 3846 938 ἔργα

2274 960 2470 1011 ποιεῖν.

2357 1049 2506 1103 Ἀλλ’
2538 1049 2706 1118 ὑμεῖς
2745 1051 2816 1103 οὐ
2857 1047 3168 1102 πιστεύετέ
3203 1067 3324 1118 μοι,
3349 1048 3437 1101 ὅτι
3468 1050 3579 1103 οὐκ
3608 1048 3749 1101 ἐστὲ
3775 1048 3844 1101 ἐκ

2269 1140 2389 1196 τῶν
2412 1143 2724 1210 προϐάτων
2745 1142 2861 1195 τῶν
2878 1141 3053 1211 ἐμῶν.

2355 1234 2654 1299 Ἀπόδειξις
2682 1235 2790 1287 τῶν
2812 1233 2907 1286 τοῦ
2932 1232 3165 1304 Χριστοῦ
3199 1231 3507 1303 προϐάτων,
3532 1232 3591 1284 τὸ
3620 1233 3849 1300 εὐήκοον

2273 1329 2368 1382 καὶ
2396 1328 2457 1380 τὸ
2477 1326 2691 1397 ἕτοιμον
2718 1328 2798 1389 εἰς
2821 1326 3152 1385 εὐπείθειαν,
3194 1324 3382 1393 ὥσπερ
3415 1324 3522 1377 τῶν
3549 1324 3846 1393 ἀλλοτρίων

2274 1420 2334 1473 τὸ
2363 1418 2604 1482 ἀπειθές.
2631 1419 2711 1471 Τὸν
2732 1417 2842 1488 γάρ
2867 1415 3087 1471 ἀκούειν
3107 1410 3207 1469 ὧδε
3236 1416 3482 1485 νοοῦμεν,
3518 1415 3580 1466 τὸ
3613 1416 3722 1476 τοῖς
3760 1413 3847 1465 λε-

2273 1513 2529 1583 γομένοις
2586 1510 2892 1579 πεισθῆναι.
2949 1509 3177 1561 Ἐκεῖνοι
3229 1506 3285 1559 δὲ
3339 1504 3696 1574 γινώσκονται
3742 1504 3847 1555 ὐπδ

2272 1605 2407 1659 Θεοῦ
2440 1606 2489 1657 οἱ
2512 1602 2801 1665 ἀκούοντες
2829 1600 3014 1654 αὗτοῦ·
3037 1601 3097 1653 τό
3129 1599 3183 1652 δὲ
3210 1595 3573 1667 γινώσκεσθαι
3604 1594 3753 1665 δηλοῖ
3782 1592 3846 1645 τὸ

2272 1693 2621 1749 οἰκειοῦσθαι·
2650 1692 2876 1746 καθόλου
2901 1690 3006 1760 γάρ
3031 1689 3201 1751 οὐδεὶς
3230 1687 3334 1740 ὕπὸ
3352 1686 3445 1738 τοῦ
3470 1684 3603 1738 Θεοῦ
3636 1684 3845 1750 ἀγνοεῖ-

588 1763 774 1817 nullus
805 1778 835 1817 a
866 1761 977 1817 Deo
1006 1762 1313 1832 ignoratur.
1337 1765 1473 1819 Cum
1501 1780 1631 1819 vero
1658 1766 1813 1830 dicit,
1841 1786 1859 1817 ι
1882 1767 2166 1837 Cognosce

2273 1807 2379 1843 ται.
2413 1790 2581 1842 Ὅταν
2629 1782 2722 1840 οῦν
2788 1784 2957 1853 λέγει,
2997 1802 3017 1833 r
3057 1781 3316 1833 Γινώσκω
3363 1777 3432 1831 τά
3466 1775 3595 1847 ἓμά,
3632 1794 3651 1827 ι
3689 1773 3845 1826 τοῦτό

589 1853 799 1920 meas’,
841 1873 859 1906 ι
891 1854 993 1908 hoc
1025 1854 1181 1918 dicit,
1223 1858 1522 1925 amplectar
1541 1866 1594 1911 et
1626 1858 1849 1927 jungam
1883 1860 2014 1913 mihi
2046 1875 2160 1930 ιιιγ-

589 1946 728 2001 stice
777 1954 832 2001 et
880 1961 977 2016 per
1034 1948 1355 2002 relationem
1412 1949 1661 2005 allectus.
1717 1950 2001 2022 Quispiam
2035 1966 2167 2007 vero

593 2038 789 2092 (ﬁxerit
811 2052 957 2101 eum,
985 2047 1260 2108 quatenus
1299 2040 1465 2094 homo
1493 2040 1669 2097 factus
1707 2050 1811 2106 est,
1847 2058 2041 2097 omnes
2076 2042 2169 2097 ho-

588 2128 766 2183 mines
806 2129 907 2183 sibi
961 2130 1297 2211 coujungere
1345 2142 1570 2203 prepter
1604 2133 2046 2188 communionem
2077 2149 2168 2202 ge-

591 2220 739 2275 neris
783 2230 835 2275 ct
876 2223 1460 2292 consanguinitatem,
1507 2225 1578 2277 ita
1611 2231 1669 2277 ut
1702 2238 1896 2279 omnes
1942 2222 2168 2279 Christo

586 2311 867 2381 conjuncti
896 2314 1073 2368 simus
1102 2323 1158 2368 et
1192 2314 1387 2370 attines
1423 2330 1523 2384 per
1553 2315 1941 2369 habitudinem
1978 2314 2167 2385 mysti.

586 2416 705 2457 cam
747 2402 801 2457 in
832 2412 1098 2474 quantum
1134 2406 1295 2461 homo
1324 2406 1500 2463 factus
1529 2419 1645 2473 est;
1682 2408 1848 2463 alieni
1879 2424 2009 2463 vero
2044 2408 2167 2478 qui-

587 2509 805 2564 cunque
846 2495 1185 2551 coniormem
1219 2498 1535 2552 sanctitatis
1566 2498 1860 2568 imaginem
1896 2514 2007 2552 non
2052 2513 2168 2553 scr-

587 2595 735 2640 vant.
774 2586 865 2642 Sic
903 2596 958 2642 et
1000 2586 1173 2643 Judaai
1207 2604 1332 2644 cum
1375 2599 1563 2645 essent
1610 2589 1798 2645 alﬁnes
1836 2598 1893 2644 ct
1939 2591 2168 2659 conjun-

585 2679 659 2732 cti
697 2680 1001 2734 secundum
1040 2696 1216 2751 genus
1254 2680 1530 2735 Abraham
1580 2681 1783 2743 ﬁdelis,
1841 2680 1965 2735 ideo
2017 2680 2162 2751 quod

586 2773 835 2829 inﬁdeles
862 2774 990 2828 facti
1015 2783 1144 2830 sunt
1159 2782 1383 2845 prepter
1398 2790 1610 2829 morum
1632 2775 2163 2839 dissimilitudinem,

585 2867 656 2921 ab
673 2866 792 2935 ejus
810 2866 1070 2921 aﬁlnitate
1085 2868 1424 2922 exciderunt.
1445 2867 1587 2921 Dicit
1611 2884 1761 2934 vero,
1786 2887 1805 2919 ι
1834 2867 1897 2922 Ει
1922 2883 2168 2937 sequun-

586 2965 680 3009 tur
712 2971 797 3010 me
826 2970 960 3010 ovcs
990 2975 1004 3010 :
1044 2975 1062 3009 ι
1100 2958 1193 3026 qui
1217 2958 1364 3011 enim
1408 2958 1666 3018 credunt.
1699 2958 1885 3012 divina
1930 2957 2164 3027 quadam

587 3047 762 3117 gratia
786 3047 953 3101 etiam
983 3046 1190 3101 Christi
1222 3048 1471 3117 vestigiis
1496 3049 1780 3109 insistunt,
1806 3064 1912 3102 non
1935 3048 2166 3117 amplius

2274 1898 2458 1952 φησιν,
2476 1881 2558 1932 ὅτι
2585 1875 2955 1949 Προσδέξομαι
2982 1872 3077 1925 καὶ
3096 1869 3452 1938 οἰκειώσομαι
3480 1866 3618 1919 αὐτὰ
3650 1880 3841 1935 μυστι-

2272 1972 2387 2034 κῶς
2418 1988 2475 2023 τε
2510 1970 2604 2022 καὶ
2631 1965 2913 2039 σχετικῶς.
2941 1965 3099 2018 Εἴποι
3138 1962 3183 2015 δ’
3212 1962 3278 2015 ἀν
3317 1976 3401 2023 τις
3445 1960 3526 2012 δτι
3572 1957 3671 2009 καϊ
3710 1954 3844 2008 καθὸ

2272 2063 2559 2132 ἄνθρωπος
2594 2060 2805 2128 γέγονε,
2830 2057 3036 2117 πάντας
3067 2052 3383 2123 ἀνθρώπους
3416 2048 3731 2120 ᾡκειὼσαιο
3758 2046 3845 2099 διὰ

2271 2155 2331 2208 τὸ
2350 2152 2627 2225 ὁμογενὲς·
2660 2151 2800 2203 ὥστε
2831 2150 3020 2202 οἰκεῖοι
3050 2146 3248 2208 πάντες
3276 2143 3439 2213 ἐσμὲν
3462 2139 3683 2213 Χριστῷ
3703 2137 3853 2192 κατά

2275 2245 2458 2314 σχέσιν
2498 2239 2784 2314 μυστικὴν,
2812 2238 2948 2291 καθὸ
2980 2237 3204 2305 γέγονεν
3236 2233 3539 2305 ἄνθρωπος’
3577 2229 3843 2299 ἀλλότριοι

2271 2337 2327 2390 δὲ
2357 2337 2475 2389 ὅσοι
2505 2334 2578 2404 μὴ
2609 2332 2938 2403 φυλάττουσι
2985 2330 3083 2399 τὴν
3124 2326 3447 2397 σύμμορφον
3494 2323 3593 2393 τῆς
3627 2320 3847 2390 ἁγιότη-

2272 2446 2362 2492 τος
2409 2427 2615 2480 εῑκόνα.
2653 2424 2810 2478 Οὕτω
2843 2422 2938 2475 καὶ
2979 2419 3223 2473 Ἰουδαῖοι
3275 2419 3464 2470 οἰκεῖοι
3514 2416 3668 2476 ὄντες
3705 2411 3851 2465 κατὰ

2270 2523 2434 2590 γένος
2467 2519 2560 2573 τοῦ
2608 2517 2858 2588 Ἂΰραάμ
2886 2514 2978 2569 τοῦ
3005 2511 3215 2576 πιστοῦ,
3247 2506 3306 2575 ἐξ
3332 2502 3407 2562 ὧν
3439 2507 3656 2561 ἄπιστοι
3690 2504 3845 2572 γεγό-

2271 2630 2447 2676 νασιν,
2476 2609 2851 2679 ἐστερήθησαν
2880 2609 2977 2676 τῆς
3016 2603 3224 2657 ἐκείνου
3269 2596 3589 2667 συγγενείας
3624 2595 3712 2648 διὰ
3746 2595 3846 2664 τὴν

2270 2706 2380 2759 τῶν
2411 2702 2626 2773 τρόπων
2652 2698 3032 2769 ἀνομοιότητα.
3066 2692 3205 2764 Φησὶ
3236 2691 3293 2744 δὲ
3318 2691 3398 2743 δτι
3432 2708 3449 2739 ι
3473 2688 3582 2741 Καὶ
3617 2686 3843 2739 ἀκολου-

2273 2793 2426 2849 θοῦσί
2462 2792 2642 2863 μοιτά
2672 2787 2940 2860 πρόϐατα·
2969 2806 2985 2838 ι
3014 2786 3063 2837 οἱ
3085 2783 3192 2854 γὰρ
3220 2779 3553 2849 πειθόμενοι,
3579 2776 3845 2830 καὶὲπον-

2270 2904 2362 2939 ται
2398 2883 2671 2943 ἀπότινος
2693 2877 2975 2931 θεοσδότου
3007 2874 3228 2945 χάριτος
3255 2870 3373 2923 κατ’
3402 2869 3547 2939 ἴχνος
3579 2865 3841 2937 Χριστοῦ,

2271 2976 2454 3031 οὐκέτι
2498 2977 2618 3037 ταῖς
2657 2973 2905 3042 νομικαῖς
2945 2966 3285 3026 δουλεύοντες
3323 2964 3521 3024 σκιαῖς,
3554 2959 3668 3013 ἀλλ’
3698 2952 3779 3020 οἷς
3817 2959 3848 3010 ὁ

2272 3066 2503 3140 Χριστὸς
2548 3064 2828 3118 ἐπιτάττει
2860 3061 2954 3113 καὶ
2998 3057 3076 3128 τῷ
3112 3055 3276 3110 αὐτοῦ
3317 3052 3733 3114 ἀκολουθοῦντες
3767 3049 3848 3102 λό-

587 3139 853 3211 lcgalibus
893 3138 1105 3193 umbris
1150 3139 1472 3202 servientes.
1506 3141 1604 3196 sed
1647 3141 1913 3195 mandata
1950 3140 2156 3195 Christi

2273 3138 2371 3231 γιρ,
2401 3158 2490 3213 διά
2523 3158 2766 3228 χάριτος,
2798 3154 2876 3216 εἰς
2902 3152 2963 3204 τδ
2996 3148 3162 3202 αὐτοῦ
3200 3147 3562 3216 ἀναϐήσονται
3606 3142 3845 3231 ἀξίωμα,

587 3240 643 3285 et
678 3246 987 3287 sermonem
1023 3230 1144 3301 ejus
1176 3247 1268 3301 per
1297 3233 1529 3301 gratiam
1567 3240 1882 3303 sequentes,
1931 3232 1999 3287 ad
2045 3233 2164 3302 ejus

588 3322 984 3393 dignationem,
1021 3330 1209 3392 utpote
1251 3323 1345 3377 ﬁlii
1396 3323 1488 3378 Dei
1524 3323 1705 3377 vocati
1736 3325 1801 3389 '°,
1837 3324 2161 3379 ascendent.

587 3415 812 3470 Chrism
853 3415 1000 3470 enim
1030 3414 1366 3470 ascendente
1397 3415 1449 3469 in
1495 3416 1718 3478 coelum,
1768 3416 1931 3471 etiam
1965 3416 2042 3470 illi
2080 3432 2164 3471 se-

589 3516 826 3576 quentur
858 3525 871 3560 :
903 3506 1208 3561 mercedem
1238 3522 1369 3561 vero
1398 3514 1452 3561 et
1482 3506 1767 3576 praemium
1802 3522 1859 3562 se
1890 3508 2168 3577 sequenti-

592 3600 694 3653 hus
725 3599 890 3653 vitam
944 3606 1200 3653 teternam
1252 3613 1311 3654 se
1355 3598 1544 3668 largiri
1591 3598 1686 3663 ait,
1743 3607 2004 3667 praeterea
2056 3613 2161 3653 nec

590 3690 787 3760 subjici
819 3691 979 3744 morti
1010 3696 1108 3743 aut
1147 3688 1515 3759 corruptio'ni,
1566 3703 1667 3742 nec
1711 3689 2003 3743 tormentis
2045 3702 2167 3757 qua:

589 3779 1042 3850 delinquentibus
1074 3793 1103 3832 a
1155 3778 1345 3847 judice
1389 3778 1723 3847 irrogantur.
1777 3775 1854 3828 Ex
1915 3790 1981 3830 eo
2019 3775 2165 3828 enim

589 3872 749 3942 quod
778 3871 872 3925 dat
900 3872 1089 3935 vitam,
1126 3870 1367 3924 ostendit
1407 3884 1466 3923 se
1502 3875 1698 3922 natura
1726 3882 1852 3921 esse
1882 3868 2045 3921 vitam
2082 3867 2167 3935 ip-

591 3979 731 4025 sam,
775 3963 943 4033 666
970 3977 1141 4031 seque
1168 3975 1289 4016 cam
1332 3959 1687 4030 suppeditare
1732 3974 1761 4012 a
1795 3959 2004 4029 seipse,
2054 3973 2165 4011 non

592 4057 664 4111 ab
698 4056 808 4109 alio
837 4063 1125 4125 acceptam
1161 4071 1175 4108 :
1207 4057 1371 4108 vitam
1401 4061 1580 4107 autem
1617 4051 1979 4122 intellig-imus
2009 4060 2169 4105 teter-

592 4161 753 4209 nam,
790 4161 898 4200 non
936 4144 2010 4216 temporisimmensamdiuturnitatem,
2060 4156 2168 4212 qua

591 4253 783 4293 omnes
819 4246 929 4291 tam
978 4237 1107 4292 boni
1152 4253 1317 4307 quam
1369 4236 1495 4290 mali
1538 4245 1665 4306 post
1700 4235 2165 4290 resurrectionem

594 4333 870 4398 fruentur,
919 4334 1012 4389 sed
1070 4334 1125 4388 in
1169 4333 1334 4387 animi
1383 4331 1783 4402 tranquillitate
1822 4339 1875 4386 et
1908 4346 2042 4402 pace
2074 4329 2171 4386 de-

593 4442 739 4497 gere.
770 4424 1077 4482 Possumus
1112 4436 1165 4481 et
1199 4427 1365 4480 vitam
1405 4426 1653 4496 accipere
1682 4425 1969 4495 mysticam
2012 4424 2166 4478 eulo-

2271 3229 2378 3302 υἱοὶ
2400 3246 2533 3301 Θεοῦ
2570 3244 2916 3314 καλούμενοι.
2939 3237 3177 3311 Χριστοῦ
3210 3236 3320 3306 γὰρ
3350 3235 3589 3296 ἀνιόντος
3619 3234 3698 3295 εἰς
3720 3229 3846 3291 τοὺς

2270 3342 2554 3412 οὐρανοὺς,
2596 3339 2837 3390 κάκεῖνοι
2898 3330 3353 3401 ἀκολουθήσουσιν
3392 3324 3559 3396 αὐτῷ·
3611 3321 3849 3393 ἀμοιϐὴν

2270 3434 2325 3487 δὲ
2370 3432 2462 3485 καὶ
2493 3430 2659 3501 γέρας
2701 3430 2813 3491 τοῖς
2865 3425 3149 3495 ἑπομένοις
3207 3419 3355 3490 αὐτῷ
3416 3418 3513 3488 τὴν
3564 3416 3710 3487 ζωὴν
3749 3414 3848 3483 τὴν

2272 3524 2489 3578 αἰώνιον
2525 3518 2854 3594 χαρίσασθαί
2894 3533 3049 3586 φησι,
3082 3514 3175 3567 καὶ
3209 3513 3267 3566 τὸ
3297 3510 3370 3581 μὴ
3398 3506 3716 3562 ὑποκεῖσθαι
3754 3505 3849 3558 θα-

2271 3619 2417 3687 νάτῳ
2447 3616 2479 3687 ἦ
2514 3615 2690 3687 φθορᾷ
2733 3612 2827 3665 καὶ
2872 3612 2992 3672 ταῖς
3031 3607 3284 3677 βασάνοις
3329 3605 3449 3666 ταῖς
3480 3598 3849 3687 ἐτι-ἀγομέναις

2275 3708 2427 3779 παρά
2465 3705 2559 3759 τοῦ
2596 3701 2781 3775 κριτοῦ
2820 3702 2932 3762 τοῖς
2976 3694 3421 3767 πλημμελήσασι.
3466 3689 3544 3742 Δι’
3576 3682 3650 3741 ὧν
3682 3688 3737 3741 δὲ
3766 3686 3851 3739 δι-

2273 3775 2403 3852 δωσι
2444 3796 2608 3866 ζωὴν,
2643 3793 2914 3847 δείκνυσιν
2944 3788 3103 3849 αὐτὸς
3138 3784 3251 3855 ζωὴ
3288 3782 3364 3835 ὢν
3396 3779 3575 3851 φύσει,
3611 3777 3743 3866 ,και
3768 3775 3849 3828 ὅτι

2276 3889 2437 3952 αὐτὸς
2474 3865 2675 3954 ταύτην
2711 3882 2937 3953 χορηγεῖ
2969 3877 3028 3942 ἐξ
3054 3872 3246 3928 ἑαυτοῦ
3292 3872 3385 3925 καὶ
3428 3869 3527 3921 οὐκ
3571 3865 3631 3931 ἐξ
3660 3865 3850 3935 ἑτέρου

2274 3980 2473 4036 λαϐὼν.
2506 3976 2658 4046 Ζωὴν
2688 3974 2745 4027 δὲ
2784 3971 3010 4041 νοοῦμεν
3041 3965 3278 4029 αἰώνιον,
3312 3962 3371 4015 οὑ
3403 3960 3503 4029 τὴν
3536 3954 3851 4046 μακροημέ-

2280 4083 2482 4138 ρευσιν,
2518 4058 2585 4135 ἦς
2617 4042 2837 4121 πάντες
2892 4054 3174 4127 μέλλουσιν
3219 4048 3533 4111 ἀπολαύειν,
3579 4045 3715 4115 μετά
3749 4042 3850 4111 τὴν

2276 4136 2569 4213 ἀνάστασιν
2635 4151 2792 4206 καλοί
2846 4167 2905 4204 τε
2963 4148 3057 4202 καὶ
3110 4143 3303 4199 κακοί·
3357 4140 3493 4195 ἀλλά
3546 4138 3640 4191 καὶ
3692 4136 3753 4190 τὸ
3789 4138 3848 4188 ἐν

2276 4247 2508 4319 εὐθυμία
2557 4244 2788 4313 διάγειν.
2837 4239 3072 4294 Δυνατον
3117 4238 3175 4291 δὲ
3222 4234 3368 4304 ζωὴν
3422 4234 3584 4294 νοεῖν,
3630 4230 3724 4282 καὶ
3750 4227 3851 4298 τὴν

2281 4339 2546 4412 μυστικὴν
2603 4336 2853 4402 εὐλογίαν
2908 4333 2976 4386 δι’
3014 4326 3080 4402 ἦς
3133 4323 3432 4398 ὲμφυτεύει
3486 4320 3719 4412 Χριστὸς
3752 4319 3852 4389 τὴν

2248 4410 2474 4484 Δἑαυτοῦ
2517 4426 2683 4496 ζωὴν,
2728 4424 2816 4478 διὰ
2866 4422 2969 4492 τῆς
3028 4417 3382 4491 μεταλήψεως
3418 4413 3519 4483 τῆς
3548 4410 3680 4472 ἰδίας
3718 4426 3853 4478 σαρ-

594 4522 873 4589 giam.per
898 4533 1061 4589 quam
1086 4516 1282 4583 inserit
1299 4516 1557 4571 Christus
1586 4531 1741 4571 suam
1768 4516 1946 4584 ipsius
1974 4516 2166 4578 vitam,

2274 4522 2369 4584 κὸς
2408 4522 2520 4582 τοῖς
2553 4518 2782 4579 πιστοῖς,
2835 4512 2977 4566 κατὰ
3022 4512 3083 4563 τὸ
3122 4507 3430 4579 εἰρημένον·
3464 4523 3482 4554 ι
3529 4503 3587 4556 '0
3623 4500 3848 4572 τρώγων

594 4612 720 4665 data
746 4609 984 4679 propriae
1023 4609 1208 4664 carnis
1243 4607 1496 4663 ﬁdelibus
1537 4607 1977 4677 participatione,
2011 4606 2166 4675 juxta

594 4701 645 4754 ld
682 4700 826 4772 quod
863 4698 1073 4754 dictum
1110 4705 1196 4753 est
1228 4716 1241 4752 ι
1286 4717 1304 4749 ι
1343 4698 1447 4765 Qui
1484 4696 1781 4752 manducat
1824 4713 1999 4753 meam
2046 4712 2169 4751 car-

596 4808 743 4859 nem,
766 4799 823 4846 et
860 4791 1000 4847 bibit
1030 4807 1209 4845 meum
1237 4791 1582 4861 sanguinem,
1615 4790 1780 4845 habet
1809 4788 1976 4843 vitam
2005 4796 2159 4843 aeter-

596 4900 720 4937 nam
764 4884 829 4938 ¹¹.
874 4903 892 4935 ι
1642 4902 1645 4903 ν

670 4973 752 5041 Χ,
805 4974 893 5030 29.
937 4974 1005 5029 Et
1039 4992 1186 5030 nemo
1232 4984 1401 5044 potest
1452 4988 1633 5041 rapere
1672 4972 1736 5025 de
1775 4988 1934 5024 manu
1991 4969 2170 5024 Patris

596 5082 718 5117 mct.

669 5154 885 5211 Fideles
916 5156 1178 5211 auxilium
1215 5156 1424 5211 habent
1454 5166 1507 5210 et
1548 5169 1579 5208 a
1617 5152 1861 5220 Christo,
1906 5166 2031 5206 cum
2076 5165 2172 5207 eos
2237 5178 2240 5182 ι

598 5246 650 5301 in
679 5246 917 5316 praedam
943 5247 1148 5303 habere
1173 5246 1427 5301 diabolus
1462 5251 1700 5315 nequeat
1728 5261 1743 5298 :
1771 5242 1886 5297 sive
1918 5256 2045 5296 cum
2077 5241 2175 5294 ha-

512 5399 516 5403 .
600 5341 766 5394 beant
799 5340 1200 5395 lndesinentem
1238 5340 1509 5395 bonorum
1546 5353 1705 5392 usum
1743 5352 1805 5389 ac
1828 5333 2172 5397 fruitionem,

598 5436 825 5483 manent
853 5428 907 5483 in
942 5443 1027 5492 eo,
1055 5429 1272 5483 nemine
1314 5428 1439 5481 illos
1466 5443 1494 5479 a
1529 5427 1661 5481 data
1706 5428 1787 5481 eis
1815 5424 1983 5478 animi
2020 5434 2172 5477 tran-

601 5519 875 5589 quillitate
923 5520 994 5573 ad
1030 5536 1243 5590 pmnam
1276 5530 1329 5573 et
1373 5519 1653 5573 cruciatus
1704 5515 2027 5585 abripicnte.
2063 5512 2172 5567 Nec

601 5612 746 5666 enim
779 5612 892 5667 ﬁcri
933 5620 1109 5682 potest
1144 5619 1204 5664 ut
1239 5611 1333 5681 qui
1371 5616 1501 5665 snnt
1544 5610 1598 5663 in
1647 5624 1809 5661 mqu
1855 5606 2060 5661 Christi
2105 5604 2171 5658 ad

1705 5786 1739 5813 "
1775 5783 1928 5839 Joatt.
1966 5799 2039 5846 γι,
2080 5781 2166 5834 333.

675 5796 694 5827 θ
734 5792 888 5847 Juan.
930 5808 978 5855 χ,
1022 5792 1101 5843 Η.
1181 5790 1222 5819 ¹⁰
1259 5789 1391 5843 Joan
1459 5804 1533 5855 tu,
1577 5788 1621 5839 'l.

2250 4621 2380 4682 ’μου
2421 4609 2521 4680 τὴν
2561 4607 2743 4678 σάρκα
2778 4604 2872 4658 καὶ
2925 4602 3093 4655 πίνων
3144 4615 3245 4670 μου
3278 4596 3339 4650 τὸ
3376 4590 3516 4667 αἷμα
3562 4592 3677 4664 ἔχει
3708 4590 3848 4661 ζωὴ)

2276 4701 2494 4756 αἰώνιον
2503 4740 2522 4754 ._
2554 4720 2573 4752 ι

2349 4968 2458 5023 Kal
2491 4966 2692 5031 οὐδεὶς
2724 4962 2980 5032 ἁρπάσει
3008 4961 3077 5014 ἐκ
3116 4958 3225 5027 τῆς
3256 4972 3453 5025 χειρςς
3489 4952 3594 5007 τοῦ
3624 4950 3854 5017 Πατρός

2238 5090 2243 5091 ν
2274 5078 2415 5130 μου.

2352 5152 2416 5203 Οἱ
2447 5147 2630 5202 πιστοὶ
2658 5146 2755 5201 καὶ
2781 5145 2881 5216 τὴν
2912 5141 3232 5213 ἐπικουρίαν
3268 5140 3447 5210 ἔχουσι
3472 5135 3565 5190 τοῦ
3588 5130 3850 5200 Χριστοῦ,

2282 5242 2343 5295 οὐ
2376 5238 2678 5309 δυναμένου
2712 5236 2804 5290 τοῦ
2831 5235 3079 5288 διαϐόλου
3118 5231 3385 5303 ἁρπάζειν
3417 5226 3634 5288 αὐτούς’
3656 5225 3774 5295 ἦτοι
3802 5222 3853 5273 οἱ

2281 5332 2495 5402 ἔχοντες
2525 5329 2946 5383 ἀκατάπαυστον
2991 5325 3100 5378 τῶν
3130 5320 3350 5390 ἀγαθῶν
3392 5316 3712 5377 ἀπόλαυσιν,
3751 5310 3853 5402 με·

2280 5439 2461 5475 νουσιν
2513 5422 2570 5474 ἐν
2619 5418 2788 5490 αὐτῷ,
2842 5419 2942 5487 οὐχ
2976 5414 3313 5487 ἁρπάζοντος
3356 5408 3550 5468 αὐτοὺς
3587 5404 3668 5456 ἔτι
3709 5399 3855 5490 τινὸς

2280 5513 2387 5565 ἀπὸ
2430 5512 2533 5582 τῆς
2575 5485 2821 5579 δοθείσης
2863 5485 3043 5569 αύ-τοῖς
3079 5504 3366 5573 εὐθυμίας,
3407 5501 3486 5561 εἰς
3516 5485 3853 5582 τιμωρίανῇ

2283 5602 2565 5673 βασάνους.
2606 5601 2679 5654 Οὐ
2734 5599 2838 5671 γάρ
2886 5596 3107 5651 δυνατὸν
3164 5592 3287 5655 τοὺς
3338 5591 3495 5652 ὄντας
3539 5588 3596 5639 ἐν
3644 5585 3712 5653 τῇ
3756 5578 3856 5633 τοῦ
