4144 6474
278 377 341 433 ’ΞΙ
1064 376 1129 435 ΙΝ
1170 376 1508 435 JOANNEM.
1537 406 1598 415 —-
1634 373 1759 429 ΜΒ.
1802 372 1865 429 Vl

1977 374 2017 428 Τ
2054 376 2165 433 ΥΙΙΙ
2196 375 2637 433 FRAGMENTA.
3452 371 3523 426 22

281 498 518 565 Χριστου
553 512 718 565 χειρι,
750 495 1067 566 ἁρπαγῆναι
1102 496 1180 558 είς
1209 496 1270 548 τὸ
1291 494 1648 565 κολασθῆναι,
1675 491 1764 546 διὰ
1796 492 1855 544 τὸ

1971 493 2287 562 supplicium
2308 494 2618 564 rapiantur,
2654 488 2985 558 praevalente
3001 504 3054 543 in
3074 486 3347 541 infinitum
3363 485 3527 545 Chri-

279 588 420 652 ἄγαν
467 584 670 653 ίσχύειν
698 583 789 637 τὸν
818 585 1072 655 Χριστόν.
1116 584 1182 637 Ἦ
1229 584 1338 653 γὰρ
1374 585 1515 655 χεὶρ,
1539 584 1595 635 ἐν
1619 585 1686 653 τῇ
1734 581 1852 651 θείᾳ⁵

281 674 492 744 Γραφῇ,
523 674 622 745 τὴν
652 673 879 744 δύναμιν
921 673 1090 745 δηλοί’
1131 675 1214 726 ὅτι
1259 674 1358 745 μὲν
1390 669 1483 727 οὖν
1518 673 1775 741 ἀνίκητος
1818 673 1850 741 ἡ

279 767 373 820 τοῦ
406 766 643 836 Χριστοῦ
668 768 788 838 χεὶρ
811 768 903 820 καὶ
926 769 1006 828 εἰς
1039 766 1218 821 πάντα
1246 765 1520 836 ίσχὺουσα,
1553 763 1854 834 ἀναμφίόο-

282 857 391 913 λον.
428 858 565 912 Ἀλλ’
599 858 827 930 ἐπείπερ
852 857 998 930 ἐώρα
1030 858 1157 921 τοὺς
1199 856 1479 917 Ἰουδαίους
1508 854 1853 925 καταγελῶν-

286 967 383 1012 τας
415 949 581 1003 αὑτοῦ
619 951 695 1013 ὼς
722 950 1011 1022 ἀνθρώπου
1046 950 1223 1020 ψιλοῦ,
1256 948 1330 1019 μὴ
1361 947 1613 1010 νοοῦντας
1647 947 1729 1000 ὅτι
1753 945 1853 1018 φύ-

283 1052 364 1087 σει
397 1035 529 1099 Θεὸς
556 1033 623 1107 ἧν
654 1035 936 1108 ὁρώμενος
973 1036 1065 1091 καὶ
1108 1035 1503 1107 ψηλαφώμενος
1543 1035 1851 1107 ἄνθρωπος,

284 1129 500 1182 πείθων·
523 1132 721 1195 αὑτοὺς
753 1132 835 1185 ὅτι
864 1133 1028 1196 αὑτός
1077 1135 1224 1186 ἐστιν
1262 1134 1296 1203 ἡ
1333 1131 1433 1185 τοῦ
1458 1133 1669 1203 Πατρδς
1697 1134 1851 1187 δύνα-

284 1239 396 1290 μις,
422 1224 606 1291 φησὶν,
640 1225 722 1277 ὅτι
754 1245 771 1275 ι
809 1225 997 1287 Οὐδεὶς
1022 1224 1129 1278 ἀπὸ
1163 1224 1264 1294 τῆς
1294 1223 1477 1296 χειρὸς
1517 1225 1611 1279 τοῦ
1650 1226 1856 1299 Πατρός

284 1327 407 1379 μου,
423 1331 440 1363 ι
464 1311 609 1364 τοῦτ’
634 1311 801 1377 ἐστιν,
846 1312 1029 1383 Ἑμοῦ.
1050 1311 1274 1365 Ἑαυτὸν
1296 1312 1404 1383 γάρ
1436 1329 1567 1382 φησι
1594 1313 1693 1383 τὴν
1721 1332 1853 1367 παν-

280 1402 583 1473 τοδὺναμον
616 1403 710 1457 τοῦ
746 1405 953 1474 Πατρὸς
986 1402 1186 1467 δεξιὰν,
1236 1402 1313 1467 ὡς
1360 1404 1428 1457 δι’
1470 1404 1634 1459 αὑτοῦ
1684 1405 1855 1460 πάντα

286 1494 638 1565 ἐνεργοῦντος
688 1494 777 1548 τοῦ
820 1495 1051 1564 Πατρός·
1089 1494 1165 1559 ὡς
1198 1495 1292 1549 καὶ
1333 1495 1420 1549 διὰ
1455 1498 1554 1568 τῆς
1588 1498 1859 1569 ἡμετερας,

287 1587 470 1659 χειρὸς
499 1588 567 1641 τὰ
594 1588 722 1658 παρ’
751 1586 906 1656 ἡμῶν
933 1587 1324 1657 ἐνεργούμενα.
1365 1586 1454 1641 Ἐν
1497 1587 1711 1651 πολλοῖς
1748 1588 1857 1658 γὰρ

286 1680 385 1747 τῆς
417 1678 636 1748 Γραφῆς
665 1678 870 1743 τόποις,
896 1680 925 1731 6
970 1680 1206 1749 Χριστος
1244 1680 1366 1751 χεὶρ
1407 1679 1730 1751 ὀνομάζεται
1763 1680 1857 1734 καὶ

1961 594 2067 638 sto.
2102 586 2292 639 Manus
2334 585 2482 639 enim
2535 586 2590 637 in
2635 583 2821 637 divina
2865 580 3153 650 Scriptura
3201 587 3526 649 potestatem

1961 674 2275 745 signiﬁcat:
2309 675 2455 744 quod
2486 691 2616 728 vero
2650 674 2852 729 invicta
2902 672 2974 727 sit
3016 670 3224 726 Christi
3254 686 3450 726 manus
3478 682 3530 725 et

1960 770 2015 821 in
2046 766 2228 821 omnia
2261 774 2475 835 potens,
2515 782 2625 820 non
2662 765 2978 834 ambigitur.
3020 762 3235 818 Etenim
3271 760 3530 830 quoniam

1960 857 2177 913 videbat
2203 856 2424 911 Judzcos
2455 856 2634 926 ipsum
2670 855 3060 925 utsimplicem
3096 853 3375 908 hominem
3406 852 3533 906 irri-

1960 950 2175 1009 dentes;
2218 961 2317 1000 nec
2370 943 3106 1014 animadvertentesipsum
3168 957 3287 998 esse
3337 950 3533 996 natura

1962 1036 2126 1098 Deutn
2155 1038 2249 1106 qui
2290 1044 2613 1093 cerneretur
2643 1047 2697 1090 et
2736 1045 3057 1103 tangeretur
3087 1036 3269 1101 homo;
3302 1034 3384 1090 eis
3412 1049 3536 1104 per-

1958 1128 2194 1198 gnadere
2224 1130 2415 1182 volens
2450 1144 2509 1182 se
2530 1143 2658 1182 esse
2677 1126 2861 1182 Patris
2884 1130 3167 1195 virtutem,
3196 1130 3296 1183 ait:
3326 1146 3344 1179 ι
3363 1126 3535 1181 Nemo

1961 1238 1991 1274 c
2022 1235 2183 1273 manu
2216 1218 2392 1274 Patris
2417 1219 2542 1283 mei,
2578 1238 2595 1270 ι
2623 1219 2728 1273 hoc
2752 1228 2837 1273 est
2873 1235 3014 1275 utea.
3050 1218 3303 1290 Seipsum
3332 1219 3537 1289 quippe

1959 1310 2093 1364 dicit
2146 1308 2584 1378 omnipotentem
2639 1307 2823 1363 Patris
2890 1308 3201 1371 dexteram,
3271 1318 3531 1378 tanquam

1960 1401 2123 1456 Patre
2152 1416 2252 1470 per
2283 1416 2407 1455 eum
2449 1399 2637 1455 omnia
2667 1407 2952 1469 operante.
2995 1399 3143 1453 sicut
3168 1408 3221 1454 et
3260 1415 3323 1454 ea
3354 1414 3478 1470 qua:
3507 1413 3537 1451 a

1960 1494 2122 1549 nobis
2151 1500 2281 1548 sunt
2315 1508 2409 1562 per
2444 1506 2664 1545 manum
2698 1500 2942 1546 nostram
2977 1498 3230 1560 operata.
3262 1493 3319 1545 ln
3351 1491 3539 1546 multis

1964 1588 2109 1641 enim
2141 1586 2443 1657 Scriptura:
2498 1586 2637 1641 locis
2671 1584 2931 1640 Christus
2970 1586 3293 1639 nominatur
3342 1599 3540 1639 manus

1964 1688 2021 1734 et
2048 1679 2270 1734 dextera
2322 1678 2522 1741 Patris,
2574 1678 2719 1747 quod
2768 1684 2931 1731 sonat
2972 1684 3299 1746 potestatem
3335 1691 3399 1729 ac
3426 1676 3541 1729 vir-

283 1770 431 1834 δεξια
473 1770 565 1823 τοῦ
606 1771 839 1841 Πατρός·
878 1772 1017 1841 ὅπερ
1048 1772 1306 1843 σημαίνει
1339 1773 1438 1843 τὴν
1481 1774 1729 1845 δύναμιν·
1764 1775 1857 1828 καὶ

1971 1780 2137 1828 Lutem
2179 1790 2192 1827 :
2234 1780 2287 1827 et
2319 1772 2646 1842 simpliciter
2682 1782 2880 1826 manus
2918 1770 3007 1825 Dei
3050 1776 3407 1838 nuncupatur
3460 1769 3539 1823 ris

280 1861 468 1924 ἁπλῶς
499 1862 618 1933 χεὶρ
641 1862 966 1932 ὀνομάζεται
993 1863 1127 1917 Θεοῦ
1150 1866 1182 1934 ἡ
1209 1864 1583 1937 παντουργικὴ
1612 1865 1860 1936 ἐνέργεια

282 1952 375 2003 καὶ
396 1951 573 2021 ίσχὺς.
615 1952 882 2022 ’Λμείνων
907 1955 1016 2025 γάρ
1051 1970 1169 2017 πως
1194 1955 1283 2008 ἀεὶ
1318 1956 1635 2027 σωματικῆς
1659 1973 1862 2025 φαντα-

282 2041 404 2105 σίας
452 2045 481 2096 6
512 2043 643 2114 περὶ
679 2042 814 2097 Θεοῦ
845 2043 1021 2113 λόγος·
1048 2044 1268 2113 λέγεται
1298 2046 1354 2099 δὲ
1387 2049 1414 2099 6
1448 2046 1636 2118 Πατὴρ
1657 2046 1861 2100 διδόναι

281 2134 357 2203 τῷ
384 2132 520 2204 Υίῷ,
552 2136 651 2207 οὑχ
676 2135 750 2198 ὼς
780 2134 856 2207 μὴ
886 2136 1062 2207 ἔχοντι
1087 2138 1174 2192 ἀεὶ
1204 2138 1309 2192 ὑπὸ
1338 2141 1498 2209 χεῖρα
1530 2138 1629 2210 τὴν
1663 2139 1861 2203 κτίσιν,

283 2225 398 2278 ἀλλ’
424 2224 499 2288 ὡς
528 2224 641 2278 όντι
684 2226 833 2298 αὑτῷ
878 2228 1039 2295 φύσει
1099 2228 1235 2300 ζωῇ,
1285 2229 1669 2301 προσκομίζων
1719 2232 1865 2301 ἡμᾶς

286 2316 411 2379 τοὺς
440 2317 825 2387 ὲπιδεομὲνους
856 2319 1022 2388 ζωῆς,
1056 2321 1144 2373 ἵνα
1177 2321 1282 2375 ὑπὸ
1317 2321 1413 2375 τοῦ
1442 2322 1574 2377 Υἱοῦ
1602 2325 1867 2395 ζωοποιη-

290 2407 472 2478 Οώμεν
524 2408 620 2462 τοῦ
672 2410 825 2472 ὄντος
889 2410 1050 2478 φύσει
1094 2412 1259 2481 ζωῆς,
1286 2414 1379 2466 καὶ
1417 2413 1628 2468 οἴκοθεν
1657 2414 1869 2485 ἔχοντος

290 2500 469 2555 τοῦτο.
508 2502 654 2573 Πλὴν
696 2502 791 2555 καὶ
843 2502 984 2557 καθὸ
1024 2503 1244 2572 γέγονεν
1284 2504 1587 2576 ἄνθρωπος,
1638 2506 1870 2577 ἁρμόζει

289 2590 458 2660 αὑτῷ,
498 2590 559 2643 τὸ
589 2594 762 2644 αἰτεῖν
796 2610 856 2644 τε
893 2592 988 2646 καὶ
1018 2591 1316 2663 λαμϐάνειν
1358 2592 1627 2664 παρὰτοῦ
1660 2594 1871 2667 Πατρδς

288 2683 325 2736 δι
349 2678 495 2752 εἶχεν
527 2683 602 2746 ὡς
628 2683 793 2752 φύσει
819 2682 973 2747 Θεός.

372 2773 518 2843 Ἐγὼ
546 2775 644 2828 καὶ
674 2777 707 2829 d
736 2775 943 2844 Πατὴρ
967 2776 1037 2829 ἓν
1058 2776 1264 2846 ἐσμεν.

374 2866 571 2928 Ἐἁτας
608 2865 717 2936 γὰρ
754 2866 822 2920 τὰ
849 2866 1165 2938 ἀνθρώπινα
1198 2872 1226 2923 6
1258 2870 1509 2940 Χριστὸς,
1546 2870 1638 2923 ἐπὶ
1669 2871 1728 2923 τὸ
1751 2869 1871 2923 οεο-

292 2958 499 3032 πρεπὲς
524 2958 689 3011 αὑτοῦ
710 2959 1000 3029 ἀνατρέχει
1035 2956 1271 3030 ἀξίωμα,
1302 2961 1727 3032 ἐναϐρυνόμενος
1757 2965 1869 3025 τοίς

291 3053 540 3119 φυσικοῖς
566 3050 731 3104 αὑτοῦ
766 3051 1212 3121 πλεονεκτήμασι
1242 3053 1329 3107 διὰ
1370 3054 1431 3107 τὸ
1462 3055 1732 3125 χρήσιμον
1760 3055 1869 3107 τῶν

1962 1875 2017 1923 et
2059 1876 2301 1936 potestas
2329 1868 2579 1921 omnium
2620 1864 2893 1921 elTet-trix.
2931 1862 3159 1933 Semper
3182 1864 3328 1919 enim
3359 1877 3541 1918 sermo

1963 1963 2034 2014 de
2078 1959 2192 2014 Deo
2240 1958 2417 2027 major
2466 1965 2747 2028 estquam
2798 1965 2859 2011 ut
2909 1971 3033 2010 eum
3075 1969 3344 2025 corporeo
3376 1969 3542 2010 sensu

1964 2052 2251 2124 imaginari
2288 2068 2355 2107 ac
2397 2050 2731 2106 adumbrare
2774 2050 3056 2121 possimus
3089 2069 3101 2104 :
3134 2050 3340 2105 dicitur
3380 2048 3545 2102 Pater

1966 2148 2097 2201 dare
2126 2143 2286 2211 Filio,
2318 2159 2428 2198 non
2469 2152 2734 2212 tanquam
2768 2157 2876 2195 non
2919 2141 3147 2196 babenti
3194 2155 3413 2209 semper
3439 2140 3545 2192 sub

1967 2255 2132 2294 manu
2154 2244 2488 2301 creaturam,
2526 2235 2621 2292 sed
2652 2243 2916 2304 tanquam
2949 2232 2999 2286 ei
3031 2231 3319 2288 exsistenti
3346 2237 3544 2284 natura

1968 2334 2093 2387 vitm
2118 2346 2217 2387 nos
2243 2331 2355 2385 vita
2384 2328 2698 2399 indigentes
2718 2326 2981 2389 oﬂ'erens,
3009 2331 3120 2378 uta
3142 2320 3313 2384 Filio,
3332 2322 3424 2392 qui
3445 2337 3546 2376 ex—

1970 2425 2119 2480 sistit
2152 2430 2351 2478 natura
2376 2421 2487 2476 vita
2510 2427 2565 2475 et
2591 2417 2959 2493 domesticum
2990 2416 3096 2469 hoc
3139 2414 3324 2478 habet,
3367 2413 3545 2467 viviti-

1970 2531 2179 2571 cemur.
2211 2514 2317 2571 Sed
2344 2522 2619 2584 quatenus
2650 2511 2834 2566 factus
2861 2518 2945 2564 est
2982 2508 3169 2573 homo,
3205 2506 3466 2561 cottvenit
3495 2505 3545 2560 ei

1975 2619 2161 2681 petere
2193 2618 2248 2666 et
2281 2609 2530 2679 accipere
2556 2623 2586 2662 a
2617 2605 2781 2661 Patre
2810 2620 2873 2660 ea
2908 2618 3043 2675 quae
3070 2611 3128 2658 ut
3162 2610 3360 2656 natura
3402 2600 3547 2655 Deus

1971 2704 2136 2759 etiam
2180 2701 2442 2756 habebat.

2047 2794 2126 2856 Χ,
2153 2794 2244 2849 50.
2291 2791 2403 2863 Ego
2444 2802 2495 2847 et
2533 2791 2695 2847 Pater
2720 2807 2883 2845 unum
2926 2806 3131 2845 sanius.

2045 2883 2292 2939 Humana
2326 2884 2471 2938 enim
2505 2882 2784 2937 facessere
2815 2880 3020 2950 jnbcns
3047 2878 3326 2939 Christus,
3357 2877 3421 2930 ad
3460 2875 3545 2929 di-

1972 2977 2130 3030 vinas
2157 2990 2289 3031 suas
2320 2972 2479 3028 dotes
2510 2971 2997 3042 dignationemque
3023 2969 3279 3031 recurrit,
3319 2975 3549 3021 natura-

1972 3068 2121 3122 libus
2152 3067 2269 3123 suis
2299 3065 2678 3136 praerogativis
2707 3064 2873 3135 667
2907 3063 3261 3133 triumphans
3292 3061 3363 3115 ob
3395 3061 3547 3115 utili-

291 3142 502 3196 πιστῶν
533 3143 747 3215 καιτὴν
802 3144 932 3212 ὑγιᾶ
964 3143 1166 3209 πίστιν,
1206 3145 1327 3214 ἥτις
1375 3146 1491 3199 ἐστὶ
1521 3146 1580 3198 τὸ
1631 3144 1866 3215 μηδόλως

1974 3169 2141 3213 tatem
2171 3166 2227 3214 et
2253 3172 2444 3213 sanam
2480 3157 2642 3211 ﬁdem
2676 3154 2942 3220 ﬁdelium,
2975 3170 3097 3224 qua:
3126 3161 3243 3209 erat
3273 3151 3545 3221 ejusmodi

290 3233 621 3287 ὑποπτεύειν
646 3235 904 3289 ἐλάττονα
925 3232 1175 3291 εἷναιτοῦ
1200 3238 1414 3308 Πατρδς
1430 3237 1521 3289 τὸν
1543 3238 1690 3290 Υίόν.
1716 3236 1871 3291 Οὑτω

291 3328 402 3399 γὰρ
432 3327 701 3383 δείκνυται
744 3328 911 3383 εἰκὼν
948 3329 1141 3400 ἀσινὴς
1173 3330 1266 3383 τοῦ
1313 3330 1547 3400 Πατρδς,
1580 3330 1871 3403 ὁλόκληρον

290 3422 351 3472 ἐν
378 3420 555 3491 ἐαυτῷ
588 3421 679 3474 καὶ
705 3420 834 3491 ὑγιῆ
869 3420 1152 3484 διασὼζων
1190 3422 1301 3475 τὸν»
1324 3422 1419 3474 τοῦ
1450 3422 1675 3493 [lu-:96;
1698 3440 1870 3493 χαρα-

293 3513 490 3584 κτῆραι
529 3513 626 3568 Ἓν
652 3513 719 3567 δὲν
733 3513 966 3584 λέγομεν
996 3514 1086 3568 τὸν
1119 3514 1246 3567 Υίὸν
1270 3514 1369 3567 καὶ
1388 3515 1478 3568 τὸν
1512 3516 1750 3583 Πατέρα,
1773 3518 1873 3570 οὑκ

292 3606 661 3676 ἀναφύροντες
685 3605 784 3669 τὰς
818 3608 877 3659 ἐν
924 3605 1140 3677 ἀριθμῷ
1192 3607 1426 3677 μονάδας
1454 3646 1466 3667 ,
1500 3608 1682 3671 καθώς
1728 3626 1870 3671 τινες

293 3700 385 3751 τὸν
409 3698 568 3751 αὑτὸν
598 3694 736 3751 εἶναι
769 3698 986 3767 λέγουσι
1021 3699 1242 3769 Πατέρα
1263 3699 1356 3752 καὶ
1386 3699 1535 3761 Υἰὸν,
1567 3698 1701 3752 ἀλλὰ
1729 3699 1874 3762 ἰδίως

295 3790 594 3857 ὑφεστάναι
644 3792 993 3854 πιστεύοντες
1042 3791 1134 3844 τὸν
1181 3791 1420 3861 Πατέρα,
1465 3791 1557 3844 καὶ
1611 3791 1756 3855 ίδίως
1782 3791 1872 3844 τὸν

298 3880 448 3945 Υίὸν,
480 3882 606 3943 τοὺς
644 3882 699 3935 δὲ
750 3883 841 3935 δύο
894 3885 974 3946 εἰς
1017 3882 1147 3953 μίαν
1194 3882 1381 3947 οὑσίας
1411 3882 1714 3952 ταυτότητα
1744 3900 1869 3936 συνο

294 3974 541 4041 ἀγοντες,
576 3974 668 4027 καὶ
700 3974 828 4044 μίαν
874 3974 1095 4044 ζ³)(οντας
1156 3975 1311 4045 ίσχὺν
1350 3975 1567 4038 εἰδότες,
1610 3976 1687 4039 ὡς
1715 3976 1771 4028 ὲν
1795 3976 1872 4047 τῷ

295 4066 465 4134 ἑτέρῳ
496 4066 682 4136 ἓτερον
728 4065 1167 4136 ἀπαραλλάκτως
1209 4066 1468 4137 δρᾶσθαι·
1509 4066 1608 4129 τὰς
1633 4066 1690 4120 δέ
1719 4083 1781 4135 γε
1815 4067 1872 4120 ὲν

293 4159 407 4219 τοῖς
453 4156 802 4224 Εὑαγγελίοις
838 4156 934 4210 τοῦ
988 4157 1240 4229 Σωτῆρος
1294 4158 1450 4227 ἡμῶν
1490 4157 1694 4226 φωνὰς,
1746 4156 1872 4212 οὕτε

296 4246 624 4300 ὑποστάσεσι
650 4247 823 4311 δυσὶν,
856 4248 977 4302 οὔτε
1007 4250 1115 4320 μὴν
1145 4249 1455 4320 προσώποις
1500 4249 1872 4322 καταμερίζο-

300 4357 419 4409 μεν.
451 4340 525 4393 Οὑ
554 4340 664 4410 γάρ
699 4343 814 4394 ἐστι
861 4340 1081 4404 διπλοῦς
1112 4342 1140 4394 6
1179 4336 1259 4405 εἷς
1292 4342 1386 4395 καὶ
1418 4344 1578 4413 μόνος
1616 4342 1871 4413 Χριστὸς,

296 4431 399 4482 κᾶν
420 4432 483 4483 ὲκ
506 4430 599 4484 δύο
624 4432 813 4501 νοῆται
842 4433 937 4486 καὶ
974 4434 1248 4504 διαφόρων
1280 4436 1622 4506 πραγμάτων
1651 4437 1732 4499 είς
1755 4434 1873 4489 ἐνό-

1974 3260 2033 3306 ιιι
2065 3250 2261 3305 Filium
2300 3249 2458 3302 Patre
2498 3248 2765 3302 minorem
2797 3261 2922 3302 esse
2950 3242 3271 3299 nnllomodo
3299 3241 3544 3311 suspica-

1974 3346 2185 3393 rentur.
2216 3334 2311 3391 Sic
2344 3336 2493 3390 enim
2522 3335 2851 3390 intemerata
2880 3333 3064 3389 Patris
3092 3333 3272 3403 imago
3302 3329 3547 3387 ostendi-

1974 3440 2062 3483 tur
2080 3431 2353 3500 integrum
2371 3436 2424 3483 et
2442 3427 2682 3483 solidum
2717 3442 2947 3483 servans
2976 3427 3029 3480 in
3058 3440 3117 3482 se
3142 3424 3322 3480 Patris
3349 3425 3546 3478 chara-

1972 3530 2201 3575 cterem.
2243 3516 2425 3571 Unum
2467 3532 2595 3573 vero
2643 3517 2885 3572 dicimus
2941 3516 3161 3570 Patrem
3210 3523 3265 3571 et
3319 3512 3543 3578 Filium,

1973 3624 2081 3664 non
2129 3608 2369 3663 unitates
2423 3608 2478 3661 in
2510 3624 2749 3663 numero
2779 3607 3189 3664 confundentes
3224 3649 3238 3668 .
3277 3607 3546 3678 quemad-

1974 3698 2198 3753 modum
2245 3697 2499 3751 nonnulli
2543 3698 2798 3753 eumdem
2832 3713 2964 3753 esse
3001 3698 3192 3751 dicunt
3228 3700 3444 3751 Patrem
3494 3705 3549 3753 et

1974 3787 2197 3851 Filium,
2229 3785 2572 3856 sed’pmprie
2609 3800 2673 3840 ac
2708 3789 2937 3842 seorsim
2978 3787 3283 3842 subsistere
3312 3786 3549 3841 creden-

1973 3888 2057 3935 tes
2092 3880 2335 3940 Patrem,
2375 3877 2601 3947 proprie
2626 3884 2679 3931 et
2710 3877 2944 3932 seorsim
2988 3875 3211 3939 Filium.
3252 3876 3391 3932 duos
3417 3891 3547 3930 vero

1976 3972 2028 4025 in
2072 3986 2234 4025 unam
2277 3968 2605 4025 substantia:
2643 3968 2989 4024 identitatem
3032 3969 3450 4039 eonjungentes,
3495 3977 3550 4021 et
3620 3996 3633 4006 ο

1973 4078 2138 4117 uuam
2173 4061 2375 4115 habere
2404 4061 2512 4114 vim
2554 4074 2619 4114 ac
2663 4066 2994 4129 potestatem
3046 4060 3309 4121 scientes,
3366 4059 3437 4112 ita
3488 4068 3548 4112 ut

1974 4157 2114 4210 alter
2147 4154 2202 4209 in
2232 4154 2407 4208 altero
2439 4151 2923 4207 indiscriminatim
2962 4162 3255 4219 cernatur;
3288 4161 3547 4207 ueterum

1975 4245 2292 4303 Servatoris
2330 4244 2510 4299 nostri
2548 4243 2606 4298 in
2638 4242 2955 4313 Evangeliis
2976 4258 3165 4305 voces,
3196 4260 3371 4313 neque
3414 4244 3551 4298 dua-

1973 4337 2080 4391 bus
2109 4334 2507 4409 hypostasibus
2543 4347 2718 4402 neque
2762 4331 3018 4402 personis
3060 4331 3382 4386 dividimus.
3428 4330 3547 4385 Non

1976 4428 2124 4483 enim
2160 4426 2357 4497 duplex
2397 4433 2481 4481 est
2530 4440 2673 4479 unus
2721 4431 2776 4480 et
2829 4423 2986 4479 solus
3015 4422 3295 4485 Christus,
3339 4424 3444 4478 etsi
3480 4438 3547 4477 ex

292 4537 433 4592 τητα
457 4523 554 4591 τὴν
577 4523 871 4594 ἀμέριστον
903 4524 1377 4595 συνενηνεγμένος,
1401 4525 1653 4596 καθάπερ
1679 4526 1866 4597 ἀμέλει

1978 4519 2197 4576 duabus
2225 4528 2280 4573 et
2305 4516 2687 4573 diﬂ‘erentibus
2715 4516 2884 4571 rebus
2917 4515 2971 4569 in
3007 4515 3267 4569 unitatem
3298 4515 3549 4570 indlvisi-

295 4615 390 4665 καὶ
422 4612 707 4685 ἄνθρωπος
759 4616 824 4668 ὲκ
865 4616 1044 4686 ψυχῆς
1091 4617 1185 4669 καὶ
1225 4616 1496 4688 σώματος,
1545 4621 1607 4672 οὑ
1652 4619 1873 4683 διπλοῦς

297 4703 519 4773 μᾶλλον,
558 4705 674 4759 ἀλλ’
698 4700 777 4769 εἷς
804 4705 863 4771 ἐξ
896 4709 1121 4777 ἀμφοῖν.
1164 4708 1325 4761 Ἀλλὰ
1347 4708 1441 4762 καὶ
1467 4708 1567 4771 τὰς
1591 4709 1871 4780 ἀνθρωπί-

292 4815 392 4861 νας
424 4798 519 4851 καὶ
544 4798 642 4861 τὰς
669 4797 857 4862 θεῖκὰς
887 4799 1017 4870 παρ’
1047 4799 1165 4863 ἑνὸς
1196 4799 1450 4870 είρῆσοαί
1496 4817 1704 4869 φαμεν,
1739 4818 1871 4872 φρο-

291 4890 512 4952 νοῦντες
544 4890 721 4961 ὀρθῶς
743 4908 756 4921 ·
788 4892 915 4943 ὅταν
950 4895 1048 4960 μὲν
1070 4892 1179 4962 γὰρ
1213 4891 1533 4961 Θεοπρεπῶς
1564 4892 1698 4963 λέγῃ
1745 4892 1873 4961 περὶ

295 4980 491 5034 ἑαυτοῦ
512 4998 526 5013 ⁸
559 5002 578 5034 ι
627 4982 767 5051 Ἐγὼ
802 4982 894 5035 καὶ
922 4984 949 5035 ὁ
978 4982 1167 5053 Πατὴρ
1191 4983 1247 5035 ἓν
1279 4984 1464 5052 ἐσμεν,
1506 5003 1523 5035 ι
1565 4982 1662 5050 τὴν
1688 4981 1875 5051 θεῖκὴν

295 5074 461 5128 αὑτοῦ
490 5077 584 5130 καὶ
608 5077 921 5148 ἀπόῤῥητον
950 5075 1237 5144 ἐννοοῦμεν
1279 5074 1459 5143 φύσιν,
1503 5072 1627 5126 καθ’
1666 5073 1734 5144 ἢν
1780 5072 1875 5126 καὶ

293 5167 354 5219 ἓν
381 5168 495 5220 ἔστι
530 5167 666 5238 πρὸς
700 5167 790 5219 τὸν
814 5166 1011 5219 ἑαυτοῦ
1043 5166 1263 5237 Πατέρα
1306 5165 1393 5218 διὰ
1431 5165 1531 5235 τὴν
1569 5163 1873 5234 ταυτότητα

295 5256 395 5324 τῆς
428 5255 636 5320 οὐσίας,
687 5256 849 5310 είκών
885 5274 944 5309 τε
975 5258 1069 5311 καὶ
1103 5255 1389 5328 χαρακτὴρ
1419 5255 1511 5309 καὶ
1537 5255 1876 5326 ἀπαύγασμα

292 5348 395 5416 τῆς
423 5348 578 5416 δόξης
612 5347 776 5400 αὑτοῦ
800 5362 812 5377 ·
844 5349 974 5401 ὅταν
1017 5347 1073 5401 δὲ
1105 5348 1166 5401 τὸ
1198 5348 1295 5417 τῆς
1338 5346 1755 5419 ἀνθρωπότητος
1788 5348 1875 5417 μέσ

292 5454 425 5507 τρον
456 5438 556 5490 οὑκ
584 5436 886 5507 ἀτιμάζων,
914 5439 1025 5500 τοῖς
1068 5436 1344 5500 Ἰουδαίοις
1373 5435 1650 5507 προσλαλῇ
1673 5450 1685 5463 ο
1712 5454 1729 5485 ι
1760 5434 1873 5487 Νῦν

292 5528 351 5581 δὲ
378 5527 590 5597 ζητεῖτέ
625 5545 692 5599 με
724 5529 1042 5582 ἀποκτεῖναι
1073 5529 1380 5598 ἄνθρωπον,
1405 5528 1463 5591 ὃς
1485 5527 1583 5598 τὴν
1617 5525 1875 5597 ἀλήθειαν

294 5622 423 5689 ὑμῖν
446 5619 718 5688 λελάληκα
743 5638 756 5652 ·
804 5641 822 5671 ι
855 5621 1017 5674 πάλιν
1043 5622 1196 5676 οὐδὲν
1232 5616 1394 5693 ἦττον
1438 5622 1494 5673 ὲν
1534 5619 1739 5689 ἰσότητι
1781 5614 1872 5672 τοῦ

294 5713 336 5763 Η
348 5711 526 5780 ατρὸς,
556 5712 647 5764 καὶ
666 5713 730 5764 ὲκ
761 5712 868 5765 τῶν
905 5713 1000 5785 τῆς
1028 5713 1445 5786 ἁνϐρωπότητος
1467 5711 1629 5767 αὑτοῦ
1653 5711 1869 5782 μέτρων

373 5823 412 5854 ³³
448 5822 603 5878 Joan.
636 5838 757 5892 \‘lll,
789 5820 875 5876 57.

1978 4611 2142 4667 bilem
2177 4609 2401 4665 collatis
2426 4609 2788 4679 intelligatur,
2811 4606 3274 4677 quemadmodum
3298 4606 3551 4661 videlicet

1977 4704 2142 4759 homo
2193 4710 2278 4757 est
2327 4701 2508 4755 anima
2557 4708 2613 4756 et
2645 4715 2879 4769 corpore
2928 4699 3306 4768 nondupler.
3337 4699 3431 4752 sed
3480 4714 3546 4751 ex

1977 4808 2211 4867 utroque
2240 4812 2405 4850 unus.
2439 4793 2545 4849 Sed
2585 4802 2639 4850 et
2677 4794 2949 4847 humanas
2988 4799 3055 4847 et'
3088 4791 3301 4844 divinas
3328 4790 3397 4843 ab
3441 4804 3549 4843 uno

1979 4889 2224 4959 prolatas
2254 4886 2511 4949 dicimus,
2562 4893 2714 4939 recto
2770 4883 2993 4951 quidem
3059 4896 3267 4935 sensu:
3324 4880 3547 4949 quando

1979 4981 2148 5047 enim,
2186 4986 2352 5049 prout
2424 4978 2593 5032 Deum
2638 4976 2821 5039 decet,
2858 4973 2947 5028 de
2990 4972 3174 5041 seipso
3238 4972 3481 5043 loquitur
3530 4988 3544 5025 :

1986 5089 2005 5121 ι
2044 5069 2157 5140 Ego
2202 5076 2256 5124 et
2305 5069 2462 5121 Pater
2501 5080 2670 5118 unum
2709 5077 2925 5127 sumus,
2978 5082 2995 5115 ι
3043 5062 3281 5118 divinam
3328 5062 3449 5131 ejus
3496 5074 3550 5117 et

1982 5159 2310 5216 ineﬂabilem
2353 5157 2659 5227 cogitamus
2700 5162 2979 5218 naturam,
3026 5153 3331 5208 secundum
3381 5168 3544 5223 quam

1984 5268 2152 5307 tntum
2186 5258 2271 5305 est
2297 5264 2421 5303 cum
2452 5261 2554 5302 suo
2594 5245 2753 5299 Patre
2785 5254 3009 5315 prepter
3038 5245 3365 5300 substantiae
3397 5245 3549 5299 ideo.

1981 5342 2217 5403 titatem,
2263 5339 2443 5404 imago
2482 5349 2701 5405 quoque
2750 5344 2805 5388 et
2848 5334 3134 5388 character
3180 5342 3233 5387 et
3287 5333 3550 5401 splendor

1980 5433 2168 5503 gloriae
2192 5428 2311 5496 ejus
2339 5447 2352 5482 :
2387 5427 2606 5497 quando
2636 5442 2765 5480 vero
2795 5426 3152 5479 humanitatis
3184 5425 3405 5478 modtnn
3438 5440 3547 5479 non

1982 5537 2253 5593 spernens
2284 5518 2501 5574 Judaeos
2527 5518 2866 5588 alloquitur:
2907 5536 2925 5568 ι
2957 5515 3112 5571 Nunc
3144 5531 3274 5570 vero
3302 5515 3548 5585 quaeritis

1981 5631 2069 5669 me
2098 5612 2406 5667 interficere
2438 5610 2714 5666 hominem
2747 5608 2841 5679 qui
2881 5608 3166 5663 veritatem
3200 5607 3358 5661 vobis
3400 5605 3549 5660 locu.

1982 5716 2070 5764 tus
2105 5722 2224 5762 sunt
2261 5706 2339 5770 ";
2407 5723 2425 5757 ι
2476 5719 2671 5759 rursus
2727 5701 3083 5757 nihilominus
3136 5701 3189 5754 iu
3238 5698 3549 5771 aequalitate
