4144 6480
644 354 717 407 25
1637 360 1698 415 S.
1724 358 2004 417 CYRILLI
2040 359 2511 419 ALEXANDRINI
2548 366 2874 426 ARCHIEP.
3823 382 3899 436 ει

646 463 830 521 Patris
855 465 1023 522 etiam
1053 480 1122 522 ex
1154 465 1519 526 humanitatis
1562 468 1685 539 ejus
1712 470 1893 527 modis
1924 470 2201 542 cognoscit

2319 475 2775 549 ὲπιγινὼσκομεν.
2820 480 2885 534 El
2914 481 3024 554 γὰρ
3052 499 3382 557 πιστευομεν
3418 487 3501 541 δτι
3526 487 3659 554 Θεὸς
3687 488 3767 543 ὢν
3789 492 3893 561 φύ-

646 571 790 611 mus.
826 555 882 611 Si
902 556 1048 612 enim
1076 558 1358 616 credimus
1387 560 1515 629 quia
1540 561 1682 617 Deus
1706 570 1904 618 natura
1936 564 2214 645 exsistens

644 646 809 702 homo
855 646 1037 705 factus
1082 657 1193 715 est,
1242 651 1326 706 vel
1354 651 1501 722 quod
1539 660 1798 724 tanquam
1834 654 2003 710 homo
2029 655 2219 709 anima

644 737 900 792 rationali
932 740 1231 806 animatus,
1257 756 1379 810 quae
1410 741 1551 798 ratio
1579 751 1686 807 est,
1716 759 1880 799 voces
1920 745 2041 814 ejus
2085 760 2214 799 eru-

644 828 893 897 bescere,
926 831 1071 900 quod
1113 831 1226 886 sint
1259 832 1471 887 homini
1496 835 1929 891 convenientes?
1975 834 2031 890 Si
2064 837 2209 890 enim

641 918 970 976 detrectaret
997 936 1282 977 sermones
1303 923 1582 980 hominem
1609 927 1888 989 decentes.
1915 927 2215 997 quisillum

641 1014 820 1084 coegit
855 1014 1128 1071 hominem
1164 1017 1466 1073 secundum
1501 1035 1606 1075 nos
1628 1021 1789 1076 ﬁeri?
1820 1021 1920 1088 Qui
1956 1038 2089 1077 vero
2110 1022 2210 1078 de-

641 1101 793 1157 misit
821 1103 1060 1173 seipsum
1102 1115 1330 1177 propter
1374 1125 1479 1166 nos
1505 1110 1571 1165 ad
1620 1113 1991 1167 voluntariam
2028 1114 2209 1170 inani-

642 1199 808 1247 tatem
861 1195 936 1259 ⁸³,
974 1210 1138 1265 quam
1187 1197 1269 1253 ob
1291 1213 1518 1255 causam
1563 1203 1729 1257 verba
1780 1203 1908 1258 hulc
1958 1204 2207 1259 inanitati

641 1284 1024 1339 convenientia
1060 1287 1429 1346 detrectaret?
1452 1292 1555 1348 Uni
1593 1293 1761 1363 igitur
1799 1311 2049 1365 personae
2087 1312 2215 1352 om-

636 1388 737 1428 nes
767 1389 935 1432 voces
982 1378 1039 1431 in
1088 1378 1421 1450 Evangeliis,
1470 1383 1564 1437 uni
1612 1384 1896 1455 hyposlasi
1937 1385 2210 1443 Verbiin-

636 1467 855 1521 carnati
884 1469 1250 1527 attribuenda:
1280 1482 1431 1528 sunt.
1463 1473 1728 1532 Dominus
1759 1478 1906 1532 enim
1941 1495 2088 1535 unus
2120 1478 2211 1536 Je-

638 1571 735 1611 sus
760 1556 1034 1627 Christus,
1054 1564 1356 1619 secundum
1374 1580 1562 1621 voces.
1592 1566 1859 1624 Prazterea
1879 1570 1925 1625 si
1952 1571 2208 1627 omnibus

638 1647 817 1717 major
835 1659 917 1704 est
948 1650 1132 1719 Pater,
1161 1653 1403 1711 divinam
1436 1658 1693 1714 videlicet
1717 1661 2074 1716 eminentiam
2111 1664 2207 1716 ha-

636 1738 772 1795 bens
813 1749 871 1796 ut
906 1758 1033 1815 erga
1079 1746 1341 1815 facturas,
1401 1757 1458 1805 et
1509 1761 1663 1806 extra
1713 1754 1897 1809 omnia
1941 1762 1996 1809 et
2039 1771 2206 1826 supra

2324 580 2406 616 σει
2444 565 2665 635 γέγονεν
2691 569 2997 639 ἄνθρωπος,
3029 573 3158 643 ἢὼς
3185 574 3473 647 ἄνθρωπος
3501 579 3899 652 ἑμψυχωμένος

2321 656 2464 728 ψυχῇ
2499 656 2715 732 λογικῇ,
2750 665 2901 716 ποῖον
2926 664 2993 719 ἂν
3035 664 3150 737 ἔχοι
3182 666 3339 737 λόγον
3369 671 3430 723 τὺ
3468 672 3895 743 ἐπαισχύνεσθαι

2317 752 2440 813 ταῖς
2465 751 2597 823 παρ’
2627 753 2793 807 αὑτοῦ
2817 758 3043 824 φωναῖς,
3083 759 3133 811 εί
3173 776 3238 828 γε
3249 760 3459 830 γόνασιν
3502 763 3894 836 ἅνθρωποπρε-

2319 841 2472 909 ruite;
2502 845 2565 897 Εί
2594 845 2704 917 γὰρ
2748 851 3065 919 παραιτοῖτο
3100 852 3228 915 τοὺς
3265 853 3540 926 ἀνθρώπῳ
3580 857 3894 928 πρέποντας

2318 931 2528 1002 λόγους,
2562 935 2647 999 τίς
2673 939 2701 990 6
2728 938 3045 1007 ἀναγκάσας
3069 943 3324 1010 γενέσθαι
3362 946 3485 999 καθ’
3511 949 3658 1017 ἡμᾶς
3690 949 3895 1020 ἄνθρω-

2319 1043 2453 1091 πον;
2500 1028 2559 1079 '0
2589 1028 2646 1081 δὲ.
2683 1029 2872 1094 καθεὶς
2905 1032 3098 1087 ἑαυτὸν
3143 1034 3381 1106 δι’ήμᾶς
3414 1038 3491 1101 είς
3521 1038 3767 1092 ἑκοῦσιον
3794 1040 3890 1093 κέ-

2318 1134 2503 1182 νωσιν,
2525 1118 2619 1172 διὰ
2635 1120 2794 1174 ποίαν
2818 1122 2995 1178 αἰτίαν
3019 1130 3336 1197 παραιτοῖτο
3369 1128 3435 1182 ἂν
3465 1130 3591 1193 τοὺς
3617 1133 3685 1201 τῇ
3722 1135 3891 1184 κενώ-

2318 1226 2399 1261 σει
2422 1209 2734 1281 πρέποντας
2768 1213 2991 1281 λόγους;
3029 1215 3146 1269 Ἑνὶ
3171 1219 3461 1290 τοιγαροῦν
3483 1220 3760 1293 προσώπῳ
3790 1221 3891 1285 τὰς

2317 1301 2374 1352 ὲν
2406 1303 2519 1366 τοῖς
2568 1303 2920 1372 Εὐαγγελίοις
2955 1306 3133 1370 πάσας
3181 1309 3468 1364 ἀναθετέον
3520 1312 3725 1380 φωνὰς.
3762 1313 3894 1366 ὐπο-

2317 1393 2506 1446 στάσει
2545 1396 2643 1465 μιᾷ
2663 1394 2761 1449 τοῦ
2776 1396 2950 1465 Λόγου
2978 1401 3416 1470 σεσαρκωμένου.
3436 1401 3643 1472 Κύριος
3674 1402 3781 1474 γὰρ
3807 1398 3898 1467 εἷς

2328 1484 2534 1556 Ἰησοῦς
2571 1486 2827 1556 Χριστὸς.
2866 1488 3010 1542 κατὰ
3032 1489 3133 1553 τὰς
3186 1490 3389 1558 φωνάς.
3417 1492 3536 1544 Ἔτι
3568 1494 3618 1545 ει
3671 1494 3895 1546 πάντων

2318 1575 2522 1645 μείζων
2549 1577 2695 1631 ἐστὶν
2719 1580 2749 1631 6
2772 1581 2982 1651 Πατὴρ,
3023 1579 3300 1651 θεοπρεπῆ
3326 1580 3566 1653 δηλονότι
3598 1584 3696 1653 τὴν
3722 1584 3892 1653 ὑπερο

2313 1666 2446 1737 οχὴν
2474 1667 2613 1737 ἔχων
2662 1667 2737 1732 ὡς
2776 1668 2912 1740 πρὸς
2960 1669 3028 1724 τὰ
3076 1672 3373 1741 ποιήματα,
3415 1672 3506 1725 καὶ
3529 1672 3633 1737 ἔξω
3671 1673 3891 1726 πάντων

2316 1758 2406 1811 καὶ
2428 1759 2522 1811 ἐπὶ
2545 1759 2722 1812 πάντα
2757 1759 2907 1813 ἔσται
2931 1776 2944 1788 ·
2974 1762 3002 1813 ό
3028 1760 3085 1813 δὲ
3109 1761 3282 1823 οὕτως
3306 1762 3444 1832 ἔχων
3469 1762 3685 1831 φύσεώς
3708 1780 3767 1817 τε
3793 1765 3895 1816 καὶ

636 1832 829 1886 omnia
867 1836 941 1890 sit
973 1852 985 1887 :
1021 1838 1114 1909 qui
1158 1855 1288 1895 vero
1329 1841 1402 1895 ita
1437 1858 1499 1898 se
1528 1841 1696 1899 habet
1732 1847 1915 1914 quoad
1948 1854 2201 1902 naturam

2311 1849 2642 1920 ἀξιώματος,
2698 1852 2755 1905 ἓν
2806 1853 2953 1905 ἐστιν
2991 1852 3067 1914 ὡς
3096 1854 3232 1923 πρὸς
3265 1854 3355 1908 τὸν
3394 1854 3554 1908 Υίόν·
3598 1852 3719 1909 εἶτα
3767 1856 3889 1919 πῶς

636 1929 691 1976 et
714 1938 780 1978 ex
821 1922 1110 1995 dignitate,
1144 1946 1313 1985 unum
1337 1943 1423 1990 est
1446 1941 1508 1989 ut
1533 1950 1663 2007 erga
1694 1934 1903 1992 Filium
1931 1948 1947 1992 :'
1978 1954 2207 2009 quomo-

635 2010 728 2077 do,
747 2015 967 2083 amabo,
984 2021 1199 2086 genitus
1215 2020 1323 2077 erit
1348 2039 1380 2093 q
1392 2024 1445 2078 ui
1464 2024 1710 2096 ingenito
1731 2025 1879 2081 Patri
1903 2027 2205 2083 secundum

634 2101 998 2159 substantiam
1049 2108 1193 2164 idem
1260 2112 1381 2167 est?
1421 2113 1518 2169 Vel
1571 2116 1853 2185 quomodo
1896 2118 1953 2172 in
2018 2119 2205 2174 omni-

632 2190 740 2247 bus
771 2202 830 2247 ut
863 2195 1072 2251 factura
1095 2202 1412 2257 censebitur
1442 2207 1534 2274 qui
1566 2208 1741 2278 668
1763 2209 1939 2279 major
1970 2221 2058 2265 est
2087 2226 2207 2266 om-

633 2283 797 2367 nibus
836 2300 960 2340 cum
1005 2288 1186 2357 Patre,
1228 2301 1282 2347 et
1316 2296 1535 2364 quidem
1583 2300 1759 2368 major
1795 2315 1864 2355 eo
1902 2301 2066 2357 modo
2097 2319 2206 2374 quo

626 2362 969 2432 .Deus'fuerit
990 2394 1118 2451 erga
1157 2362 1406 2442 facturas
1434 2388 1606 2444 suas?

706 2465 817 2537 Ego
843 2478 892 2522 et
925 2468 1089 2525 Pater
1110 2489 1272 2528 unum
1297 2493 1509 2533 sumus.
1532 2478 1735 2550 Nempe
1755 2484 2026 2540 vocabulo
2042 2503 2205 2541 unum

633 2557 878 2627 ejusdem
920 2577 1043 2619 esse
1081 2581 1142 2621 se
1175 2568 1496 2625 substantia:
1530 2587 1656 2626 cum
1688 2571 1851 2631 Patre
1890 2576 2201 2647 signiﬁcat;

631 2649 803 2705 verbo
830 2661 1011 2707 autem
1046 2672 1229 2712 sumus
1267 2659 1321 2713 iu
1353 2661 1463 2721 duo
1478 2662 1671 2719 dividit
1703 2681 1816 2721 rem
1847 2666 2211 2735 intellectam,

631 2756 932 2814 rursusque
962 2746 1019 2801 in
1048 2764 1211 2803 unam
1246 2751 1457 2824 cohigit
1496 2755 1779 2812 deitatem.

700 2830 785 2897 Χ,
831 2835 919 2889 51.
963 2833 1303 2894 Sustulerunt
1352 2858 1473 2912 ergo
1516 2860 1703 2899 rursus
1767 2844 1947 2901 fidei
1996 2848 2200 2917 lapides

632 2929 689 2974 ut
715 2922 1012 2991 lapidaverat
1036 2943 1175 2981 eum.

700 3011 821 3069 Non
848 3019 996 3072 enim
1021 3017 1260 3078 ferentes
1298 3038 1425 3079 eum
1467 3027 1559 3097 qui
1586 3044 1708 3085 sese
1736 3045 1906 3084 unum
1928 3046 2052 3087 esse
2072 3048 2205 3087 cum

631 3099 795 3160 Patre
822 3107 1055 3175 diceret,
1086 3112 1153 3167 ad
1185 3115 1549 3174 occidendum
1579 3135 1702 3176 eum
1726 3123 1930 3193 impetu
1959 3125 2197 3195 quodam

2312 1941 2464 1994 ἔσται
2495 1942 2752 2013 γεννητὸς
2774 1946 2803 1996 ό
2838 1943 2915 2014 τῷ
2950 1945 3229 2014 ἀγεννήτῳ
3273 1944 3445 2016 Πατρὶ
3481 1948 3601 1999 κατ’
3635 1948 3825 2001 οὐσίαν
3854 1950 3886 2001 6

2309 2033 2507 2098 αὑτόςς
2542 2036 2611 2088 Ἦ
2635 2034 2750 2099 πῶς
2774 2037 2832 2089 ἐν
2851 2038 2963 2099 τοῖς
2978 2038 3144 2091 πᾶσιν
3168 2036 3244 2100 ὡς
3267 2036 3481 2107 ποίημα
3504 2037 3885 2108 λογισθήσεται

2309 2127 2341 2178 ό
2372 2126 2575 2196 μείζων
2592 2128 2806 2181 πάντων
2836 2128 2974 2199 μετὰ
3002 2129 3241 2199 Πατρὸς,
3272 2127 3474 2199 μείζων
3499 2129 3556 2183 δὲ
3588 2128 3791 2195 οὕτως,
3806 2129 3895 2193 ὡς

2311 2217 2378 2271 ἄν
2400 2220 2484 2290 εῖη
2514 2217 2646 2284 Θεδς
2678 2220 2815 2292 πρὸς
2836 2221 2903 2275 τὰ
2936 2222 3214 2293 ποιήματα
3230 2239 3259 2289 λ

2394 2480 2539 2549 Ἐγὼ
2576 2480 2652 2548 (l)
2690 2480 2843 2536 xal‘d
2867 2482 3070 2552 Πατῆρ
3095 2483 3166 2538 ἓν
3194 2485 3400 2553 ἐσμεν.
3449 2484 3549 2539 Διὰ
3596 2485 3694 2556 μὲν
3722 2486 3782 2539 τὸ
3809 2484 3894 2540 ἓν

2306 2571 2407 2642 τὴν
2453 2573 2757 2642 ταυτότητα
2809 2574 2906 2643 τῆς
2964 2575 3156 2639 οὐσίας
3207 2577 3499 2647 σημαίνει·
3546 2577 3637 2632 διὰ
3687 2577 3745 2632 δὲ
3775 2576 3869 2631 τοῦ

2307 2663 2497 2732 ἐσμὲν
2523 2667 2603 2727 είς
2631 2664 2799 2718 δύαδα
2827 2666 3015 2736 τέμνει
3043 2668 3104 2721 τὸ
3154 2668 3460 2740 νοούμενον,
3489 2671 3584 2725 καὶ
3611 2670 3772 2726 πάλιν
3798 2672 3878 2732 είς

2310 2756 2439 2826 μίαν
2467 2757 2813 2827 περισφίγγει
2849 2757 3107 2828 θεότητα.

2388 2845 2761 2901 Ἐὅάστασαν
2782 2843 2899 2904 οὖν
2926 2850 3112 2904 πάλιν
3130 2852 3186 2905 al
3226 2850 3500 2907 Ἰουδαῖοι
3522 2854 3751 2919 λίθους,
3778 2852 3885 2907 ῖνιι

2304 2936 2639 2990 ,λιθάσωσιν
2661 2940 2867 2993 αὐτόν.

2376 3027 2469 3099 Μὴ
2501 3028 2863 3099 ἀνασχόμενοι
2893 3032 3000 3102 γὰρ
3017 3031 3204 3095 αὐτοῦ,
3230 3032 3289 3086 ἓν
3319 3026 3458 3087 εἶναι
3484 3033 3677 3087 ἑαυτὸν
3696 3033 3881 3102 λέγον-

2305 3136 2396 3184 τος
2417 3119 2553 3190 πρὸς
2585 3120 2683 3174 τὸν
2701 3121 2919 3192 Πατέρα
2938 3163 2951 3186 ,
2994 3122 3087 3175 ἐπὶ
3114 3123 3176 3175 τὸ
3202 3123 3459 3192 φονεῦσαι
3498 3125 3658 3179 αὑτὸν
3684 3126 3874 3198 ὥρμη-

631 3197 773 3266 rapti
802 3209 952 3265 sunt,
979 3202 1107 3259 licet
1139 3209 1571 3280 unumquodque
1623 3228 1851 3283 Operum
1887 3216 2009 3286 ejus
2034 3217 2199 3275 Deum

2305 3228 2405 3265 σαν
2429 3227 2443 3241 ο
2467 3212 2671 3283 καίπερ
2695 3212 2927 3266 ἑκάστου
2950 3214 3059 3267 τῶν
3089 3216 3219 3285 παρ’
3236 3215 3405 3269 αὑτοῦ
3426 3218 3727 3288 γινομένων
3743 3219 3876 3273 Θεῦν

631 3300 755 3341 esse
790 3288 940 3344 illum
973 3303 1172 3348 natura
1211 3297 1346 3352 satis
1383 3299 1874 3369 pradicaret.Non
1901 3304 2080 3359 solum
2102 3322 2201 3360 au-

624 3390 740 3441 tem
768 3396 935 3447 nunc,
971 3384 1069 3438 sed
1113 3393 1166 3440 et
1214 3387 1354 3447 alias
1383 3390 1619 3447 sublatis
1661 3394 1939 3466 lapidibus
1982 3408 2045 3454 ut
2075 3415 2198 3455 eum

633 3466 1031 3538 interficerent,
1086 3476 1399 3534 immobiles
1451 3488 1721 3537 steterunt
1762 3486 1813 3539 vi
1857 3496 1912 3541 et
1960 3487 2199 3544 eﬁicacia

630 3557 835 3615 Christi
857 3580 870 3616 :
890 3578 956 3617 ex
976 3579 1091 3634 quo
1114 3566 1321 3637 liquido
1337 3578 1558 3626 constat
1583 3590 1731 3640 eum,
1762 3577 1867 3632 nisi
1894 3578 2190 3647 volentem,

628 3665 909 3721 nunquam
950 3669 1244 3724 passu-rum
1287 3658 1485 3718 fuisse.
1526 3663 1898 3727 Nihilosecius
1925 3687 2023 3742 per
2049 3689 2199 3729 sum-

631 3755 771 3796 mam
797 3745 1271 3803 mansuetudinem
1292 3749 1547 3810 Christus
1572 3754 1845 3814 luriosum
1875 3773 2067 3815 eorum
2094 3762 2196 3817 im-

628 3842 812 3901 petum
841 3837 1091 3892 cohibuit
1124 3838 1321 3895 dicens
1350 3860 1364 3898 :
1398 3842 1656 3915 Nunquid
1687 3850 1759 3903 ob
1797 3850 2023 3920 aliquod
2067 3869 2192 3910 ver-

626 3926 754 3979 bum
787 3926 933 3995 quod
984 3928 1099 3983 dixi
1145 3930 1474 4000 irascimini,
1530 3946 1622 3991 aut
1670 3938 1742 3995 ob
1779 3941 2005 4013 aliquod
2055 3960 2197 4016 opus

625 4015 771 4086 quod
807 4017 949 4074 feci?
972 4018 1029 4074 Si
1060 4023 1206 4077 enim
1237 4039 1346 4079 non
1379 4028 1550 4084 multa
1594 4029 1843 4089 fecissem
1880 4034 1988 4091 Deo
2029 4015 2196 4109 digna

626 4123 909 4180 opera,me
937 4121 1137 4170 natura
1163 4116 1333 4173 Deum
1362 4135 1489 4176 esse
1512 4125 1795 4190 testantia,
1819 4128 2021 4185 merito
2050 4130 2195 4185 indi-

623 4201 928 4271 gnarcuiini
962 4203 1248 4261 audientes
1284 4222 1370 4263 me
1397 4224 1543 4266 nunc
1579 4210 1856 4269 dicentem
1892 4234 1907 4271 :
1946 4236 1964 4267 ι
2002 4216 2118 4287 Ego
2141 4224 2195 4271 et

621 4289 783 4347 Pater
826 4309 995 4348 unum
1030 4312 1259 4366 sumus;
1302 4317 1325 4350 ι
1356 4300 1453 4356 sed
1488 4317 1597 4358 non
1628 4302 1733 4359 hoc
1761 4305 2053 4374 dixissem,
2087 4308 2193 4363 nisi

623 4399 722 4453 per
748 4386 935 4439 omnia
970 4403 1093 4457 quae
1132 4390 1236 4444 feci
1269 4393 1615 4461 probassem.
1658 4395 1750 4451 Ait
1792 4413 1922 4453 vero
1966 4415 1996 4455 a
2032 4399 2199 4455 Patre

620 4483 675 4531 et
703 4491 814 4531 non
836 4490 866 4531 a
894 4479 1078 4549 seipso
1103 4496 1292 4551 opera,
1324 4486 1597 4542 modestia
1636 4489 1895 4544 nimirum
1934 4501 2097 4548 utens
2124 4491 2191 4547 ad

2301 3304 2463 3358 αὑτὸν
2494 3305 2939 3376 ἀναγορευόντων
2965 3305 3147 3375 φύσει.
3178 3308 3255 3360 Οὐ
3292 3308 3452 3377 μόνον
3486 3309 3543 3362 δὲ
3592 3310 3707 3375 νῦν,
3741 3310 3886 3366 ἀλλὰ

2300 3398 2394 3450 καὶ
2427 3395 2613 3451 ἄλλοτε
2650 3396 2905 3461 λαϐόντες
2951 3397 3131 3461 λίθους
3153 3399 3245 3451 ἐπὶ
3281 3399 3361 3469 τῷ
3404 3400 3566 3454 αὐτὸν
3598 3401 3872 3469 φονεῦσαι.

2299 3488 2549 3558 ἀκίνητοι
2578 3488 2815 3558 ἔστησαν
2835 3489 3085 3560 ἐνεργείᾳ
3106 3492 3172 3560 τῇ
3201 3489 3294 3543 τοῦ
3321 3490 3591 3562 Χριστοῦ·
3623 3492 3699 3556 ὡς
3718 3492 3881 3563 δῆλον

2300 3580 2394 3634 καὶ
2425 3580 2492 3635 ὲκ
2530 3580 2721 3634 τούτου
2768 3580 3043 3649 γενέσθαι,
3086 3582 3169 3634 ὅτι
3192 3582 3292 3635 οὐκ
3335 3582 3400 3636 ἂν
3434 3583 3691 3655 ἔπασχεν,
3722 3586 3771 3637 εί
3798 3585 3875 3656 μὴ

2300 3672 2462 3725 ἑκών.
2497 3671 2688 3743 Ὅμως
2712 3671 2799 3724 διὰ
2817 3672 3087 3741 ὴποότητα
3108 3673 3136 3724 6
3169 3673 3403 3741 Χριστὸς
3426 3676 3748 3730 κατέστελλε
3775 3678 3874 3748 τὴν

2298 3765 2522 3819 ἐκείνων
2566 3764 2767 3834 ἄλογον
2802 3764 3007 3836 ὁρμὴν,
3029 3764 3204 3833 λέγων
3224 3807 3238 3830 ,
3280 3767 3365 3829 οὐ,
3406 3768 3503 3822 Διὰ
3535 3771 3685 3821 ποῖον
3714 3769 3877 3838 λόγον

2297 3857 2357 3912 δν
2376 3852 2549 3921 εἷπον,
2575 3855 2878 3927 θυμοῦσθε;
2907 3855 3063 3923 ἀλλὰ,
3080 3856 3181 3910 Διά
3205 3859 3356 3910 ποῖον
3377 3858 3537 3929 ἔργον
3552 3858 3581 3912 ὃ
3604 3861 3870 3931 ἐποίησας

2297 3949 2360 4002 Εἰ
2389 3948 2497 4019 γὰρ
2539 3948 2614 4020 μὴ
2641 3947 2894 4017 ἐποίησα,
2924 3949 3078 4017 φησὶ,
3125 3948 3295 4001 πολλὰ
3334 3948 3608 4022 θεοπρεπῆ
3641 3950 3775 4023 ἔργα
3805 3953 3888 4007 τὰ

2295 4041 2577 4095 δεικνύντα
2615 4056 2680 4109 με
2721 4039 2881 4109 φύσει
2926 4040 3078 4107 Θεὸν,
3138 4042 3364 4105 εἰκότως
3392 4042 3457 4095 ἂν
3488 4043 3870 4112 ἠγανακτεῖτε,

2295 4132 2393 4186 νῦν
2418 4130 2708 4194 ἀκούοντές
2740 4148 2841 4201 μου
2860 4131 3109 4200 λέγοντος
3129 4150 3143 4163 ·
3182 4152 3201 4184 ι
3241 4133 3383 4203 Ἐγὼ
3411 4135 3504 4187 καὶ
3529 4138 3559 4188 6
3594 4136 3782 4207 Πατὴρ
3812 4137 3872 4189 ἓν

2294 4225 2462 4287 ἐσμεν
2495 4242 2514 4274 ι
2548 4222 2686 4275 Ἀλλ’
2713 4223 2817 4277 οὐκ
2849 4224 2914 4277 ἂν
2962 4220 3114 4277 εἶπον
3140 4223 3319 4285 τοῦτο.
3341 4227 3389 4278 εί
3420 4225 3494 4296 μὴ
3537 4226 3627 4279 διὰ
3655 4227 3874 4282 πάντων

2295 4308 2369 4368 ὧν
2403 4314 2656 4382 ἐποίησα,
2694 4314 2853 4367 τοῦτο
2881 4314 3087 4381 ἔδειξα.
3107 4317 3244 4386 Φησὶ
3271 4315 3327 4369 δὲ
3357 4316 3510 4388 παρὰ
3541 4318 3636 4372 τοῦ
3659 4321 3879 4393 Πατρὶς

2293 4408 2354 4460 οὐ
2388 4405 2519 4477 παρ’
2552 4404 2747 4459 ἑαυτοῦ
2784 4404 2856 4459 τὰ
2899 4404 3037 4477 ἔργα
3065 4447 3080 4469 ,
3126 4407 3532 4478 μετριοφρονῶν
3585 4410 3725 4481 πρὸς
3770 4410 3870 4481 τὴν

2294 4497 2451 4569 ἡμῶν
2479 4495 2768 4565 ὠφέλειαν,
2797 4496 2885 4551 ἵνα
2918 4497 2992 4569 μὴ
3020 4498 3149 4552 ὅταν
3188 4497 3445 4571 λάϐωμέν
3464 4515 3524 4553 τι
3541 4500 3690 4573 παρὰ
3707 4501 3867 4566 Θεοῦ,

620 4580 868 4626 nostram
907 4574 1218 4642 utilitatem,
1264 4594 1330 4634 ne
1361 4595 1489 4635 cum
1520 4584 1726 4653 aliquid
1765 4599 1796 4638 a
1828 4583 1939 4641 Deo
1972 4587 2192 4659 accepi-

2305 4584 2769 4656 ὶλαζονευώμεθα.
2813 4586 3122 4657 Δεδειχέναι
3159 4588 3216 4642 δὲ
3266 4590 3397 4661 περὶ
3435 4590 3529 4644 τοῦ
3560 4592 3771 4663 Πατρὸς
3803 4593 3870 4646 τό

620 4678 768 4731 mus,
802 4676 1128 4736 arrogantes
1151 4669 1346 4726 simus.
1366 4670 1689 4731 Ostendisse
1718 4691 1851 4732 vero
1880 4693 1939 4734 se
1969 4692 1999 4732 a
2031 4678 2193 4735 Patre

619 4769 785 4824 opera
819 4756 975 4822 dicit,
1008 4776 1118 4814 non
1148 4776 1207 4816 se
1235 4762 1309 4817 ab
1339 4777 1531 4820 eorum
1553 4765 1748 4823 effectu
1782 4778 1836 4823 et
1873 4770 2192 4840 operatione

617 4848 858 4903 alienum
905 4850 1318 4920 demonstrans,
1360 4855 1469 4911 imo
1523 4858 1695 4914 totius
1744 4861 1971 4920 deitatis
2020 4878 2189 4933 opera

616 4954 741 4995 esse
772 4939 993 4998 docens.
1027 4943 1214 5003 Deitas
1260 4964 1395 5005 vero
1442 4967 1551 5007 una
1596 4953 1923 5026 intelligitur
1951 4973 1981 5012 a
2025 4959 2190 5014 nobis

616 5030 672 5085 in
707 5029 869 5087 Patre
898 5041 952 5088 et
981 5033 1121 5091 Filio
1145 5046 1200 5094 et
1234 5039 1451 5111 Spiritu
1482 5056 1697 5100 sancto.
1738 5045 1895 5112 Quod
1926 5050 2071 5104 enim
2103 5053 2189 5106 vi-
2240 5108 2245 5112 .

615 5123 812 5178 delicet
865 5124 995 5193 facit
1032 5127 1216 5195 Pater,
1272 5133 1378 5189 hoc
1411 5137 1700 5207 perﬁcitur
1747 5155 1845 5209 per
1876 5141 2077 5197 Filium
2131 5144 2185 5199 in

617 5210 846 5282 Spiritu.
898 5215 963 5271 Et
1011 5234 1210 5277 rursus
1261 5227 1407 5294 quod
1455 5225 1631 5286 Filius
1681 5230 1837 5295 facit,
1868 5233 1973 5289 hoc
2023 5237 2188 5292 Pater

614 5302 795 5361 facere
823 5308 875 5361 in
913 5307 1123 5379 Spiritu
1158 5313 1382 5373 dicitur.
1410 5318 1591 5385 Quare
1615 5332 1670 5377 et
1711 5324 1829 5395 ipse
1855 5325 1995 5381 dixit
2027 5345 2040 5382 ;
2074 5346 2094 5379 ι
2139 5331 2182 5383 Α

613 5396 825 5467 meipso
854 5401 992 5457 nihil
1036 5404 1199 5473 facio,
1242 5407 1402 5467 Pater
1429 5427 1559 5467 vero
1598 5414 1653 5469 in
1688 5433 1775 5474 me
1800 5434 2033 5478 manens
2065 5422 2181 5491 ipse

608 5481 745 5541 facit
766 5502 952 5559 opera.
997 5510 1015 5543 ι

686 5600 729 5632 ³³
757 5598 995 5673 Philipp.
1026 5620 1083 5668 ll,
1129 5606 1178 5659 ῖ.

683 5740 920 5812 (una
961 5783 1013 5796 ..

2295 4680 2433 4752 ἔργα
2462 4681 2647 4751 φησὶν,
2682 4680 2783 4733 οὐκ
2810 4678 3091 4750 ἀλλότριον
3126 4680 3320 4734 ἑαυτὸν
3353 4681 3569 4746 δεικνὺς
3598 4682 3699 4751 τῆς
3721 4685 3865 4736 Exsi-

2294 4785 2401 4821 νων
2431 4767 2737 4838 ἐνεργείας,Δ
2757 4766 2894 4820 ἀλλὰ
2914 4766 3180 4822 διδάσκων
3210 4770 3291 4823 ὃτι
3329 4771 3426 4841 τῆς
3446 4772 3575 4843 ὅλης
3607 4774 3722 4826 ἐστὶ
3747 4773 3865 4827 θεό-

2292 4870 2454 4924 τητος
2482 4856 2548 4908 τὰ
2582 4854 2739 4926 ἔργα.
2780 4855 2984 4925 Θεότης
3016 4856 3072 4909 δὲ
3097 4858 3195 4927 μία
3228 4861 3425 4913 νοεῖται
3461 4862 3590 4932 παρ’
3623 4863 3866 4934 ήμῶνςὲν

2294 4946 2467 5017 lla-cpi
2487 4947 2581 5000 καὶ
2601 4945 2714 5016 Υίῷ
2740 4946 2835 4998 καὶ
2872 4945 3011 5016 ἁγίῳ
3037 4946 3336 5019 Πνεύματτ.
3363 4951 3539 5023 Ὅπερ
3567 4954 3677 5024 γὰρ
3705 4954 3866 5025 τυχὸν

2292 5039 2439 5091 ποιεῖ
2473 5038 2500 5090 6
2523 5035 2731 5107 Πατὴρ,
2754 5035 2917 5089 τοῦτο
2943 5035 3175 5093 τελεῖται
3210 5039 3277 5093 δι’
3320 5040 3450 5095 Υἱοῦ
3471 5043 3534 5095 ἐν
3557 5043 3863 5115 Πνεόματι.

2291 5130 2400 5183 Καὶ
2429 5130 2612 5191 πάλιν,
2662 5128 2690 5181 ὃ
2742 5131 2889 5183 ποιεῖν
2929 5131 2957 5183 6
2987 5130 3132 5197 Υἱὸς,
3174 5132 3332 5187 τοῦτο
3364 5133 3581 5202 λέγεται
3612 5138 3641 5191 6
3674 5138 3871 5209 Πατὴρ

2291 5224 2465 5275 ποιεῖν
2511 5223 2569 5273 ὲν
2614 5220 2911 5292 Πνεύματι.
2964 5223 3055 5276 Διὸ
3100 5226 3193 5278 καὶ
3230 5226 3392 5291 αὐτὸς
3429 5229 3646 5299 ἐλεγενο
3678 5249 3697 5282 ι
3742 5231 3862 5283 Ἀπ’

2292 5312 2532 5383 ἐμαυτοῦ
2570 5312 2721 5365 οὐδὲν
2752 5314 2911 5375 ποιῶ,
2944 5314 2973 5366 6
2995 5315 3051 5368 δὲ
3072 5317 3260 5389 Πατὴρ
3299 5318 3358 5373 ἐν
3380 5319 3504 5391 ἐμοὶ
3538 5321 3735 5391 μένων,
3765 5322 3865 5375 αὑ-

2288 5405 2379 5469 τὸς
2413 5407 2555 5458 ποιεῖ
2585 5402 2655 5457 τὰ
2682 5403 2838 5475 ἔργα.
2882 5425 2902 5456 ι

1049 5785 1059 5797 .
1092 5786 1102 5798 .
1134 5746 1381 5814 θεότητα
1415 5750 1539 5806 ald.
1575 5765 1639 5808 ex
1668 5760 1857 5809 catena
1889 5755 2034 5820 Vah,
2074 5755 2167 5812 fol.
2209 5757 2313 5812 206
2346 5756 2407 5825 Β,
2441 5775 2525 5830 ap.
2566 5758 2667 5815 Mai
2705 5761 2838 5817 ibid.
