4144 6480
325 386 393 445 ιδ
1093 376 1165 432 IN
1202 374 1548 435 ΙΟᾹΝΝΕΜ.
1585 411 1654 420 -—
1693 381 1831 437 LIB.
1867 383 1957 439 vn
2000 383 2087 441 ET
2128 383 2717 454 “ILFRAGMENTA.
3492 385 3567 442 26

394 496 534 568 napi
563 493 753 551 καλοῦ
783 492 971 564 ἔργον
988 494 1060 548 οὐ
1092 494 1409 564 λιθάζομέν
1445 511 1549 561 σε,
1577 495 1739 551 ἀλλὰ
1755 498 1887 567 περὶ

2064 500 2144 567 Χ,
2183 500 2272 556 33.
2317 501 2391 557 De
2423 502 2569 557 bono-
2597 514 2748 570 opere
2772 515 2877 554 non
2919 498 3225 569 lapidem“
3269 505 3339 567 te,
3379 500 3469 555 sed
3499 517 3565 556 ae

328 590 740 660 βλασφημίας·

399 682 655 753 Ἔχοντες
679 678 840 751 ζῆλον
860 677 1018 743 Θεοῦ,
1038 677 1155 731 ἀλλ’
1185 677 1247 731 οὺ
1277 679 1398 734 κατ’
1425 679 1742 747 ἐπίγνωσιν,
1763 679 1899 749 ἠγα-

326 776 555 830 νάκτουν
612 772 903 836 ἀκοῦοντες
957 770 1053 824 τοῦ
1083 770 1321 842 Χριστοῦ
1371 770 1652 839 λέγοντος⁸
1684 788 1705 822 ι
1758 770 1898 839 Ἐγὼ

326 868 419 921 καὶ
449 864 687 935 όΠατὴρ
714 862 776 918 εν
819 862 1010 933 ἐσμεν.
1058 880 1079 913 ι
1117 862 1184 915 Ti
1222 861 1331 931 γάρ
1359 860 1419 915 τὸ
1473 861 1686 916 κωλύον
1739 861 1899 917 αὐτὸν

326 954 468 1009 εἶναι
506 954 563 1006 ἓν
594 952 729 1024 πρὸς
780 951 872 1006 τὸν
913 950 1159 1020 Πατέρα,
1210 952 1367 1022 εἴπερ
1424 952 1753 1005 ἐπίστευσαν
1815 952 1899 1006 ὅτι

326 1047 459 1111 θεὸς
486 1043 554 1118 ἦν
575 1047 717 1100 κατὰ
749 1044 912 1116 φύσιν
933 1062 948 1111 ;
969 1045 1062 1097 Διὸ
1088 1045 1183 1098 καὶ
1218 1043 1457 1108 λιθάζειν
1497 1045 1664 1099 αὐτὸν
1686 1045 1900 1115 ἐπεχεί-

330 1155 478 1210 ρουν,
505 1138 598 1193 καὶ
618 1136 1050 1206 ἀπολογούμενοι
1085 1135 1151 1189 δι’
1177 1134 1243 1206 ἦν
1271 1136 1451 1189 αἰτίαν
1479 1135 1637 1193 τοῦτο
1656 1137 1894 1202 ἑποίουν,

327 1229 513 1298 φασὶν,
546 1230 628 1283 ὃτι
660 1229 760 1299 οὐχ
782 1228 968 1284 ἕνεκεν
994 1219 1069 1281 ὧν
1105 1226 1370 1299 ἐποίησας
1390 1228 1572 1283 καλῶν
1607 1227 1897 1298 λιθάζομέν

330 1338 414 1385 σε,
439 1322 555 1375 ἀλλ’
579 1322 661 1374 ὅτι
680 1321 1017 1393 βλασφημεῖς
1038 1338 1054 1354 ⁸
1072 1320 1225 1376 αὐτοὶ
1254 1322 1320 1375 ἐκ
1347 1321 1441 1375 τοῦ
1463 1321 1707 1376 ἐναντίου
1731 1322 1898 1393 βλασο

328 1410 659 1481 φημοῦντες,
690 1410 758 1464 δι’
780 1404 853 1464 ὧν
891 1410 1079 1480 ἧθελον
1122 1410 1368 1477 λιθάζειν
1397 1411 1490 1465 τὸν
1526 1411 1655 1466 ὄντα
1683 1411 1897 1483 άληθῶς

330 1502 485 1565 Θεὸν,
518 1501 837 1572 ἀγνοοῦντες
860 1503 939 1556 ὅτι
972 1502 1034 1558 οὐ
1064 1506 1246 1575 γυμνῇ
1279 1506 1344 1575 τῇ
1381 1503 1590 1575 θεότητι
1617 1504 1839 1575 ἔμελλεν
1867 1506 1897 1559 6

343 1588 548 1661 Ἰησοῦς
575 1591 875 1660 ἐπιδημεῖν,
904 1589 1037 1643 ἀλλά
1067 1590 1444 1662 σαρκούμενος
1488 1593 1552 1645 ἐκ
1583 1593 1897 1664 σπέρματος

330 1681 514 1744 Δαόὶδ,
546 1681 894 1753 βλασφημίαν
927 1678 1067 1736 εἶναι
1092 1683 1345 1750 λέγοντες
1370 1683 1471 1755 τὴν
1505 1684 1673 1755 ὀρθὴν
1700 1685 1895 1757 ὁμολο-

330 1773 472 1839 τίαν.
500 1773 803 1837 Φάσκοντος
830 1769 945 1839 οῦν,
977 1792 995 1827 ι
1019 1773 1160 1844 Ἐγὼ
1184 1776 1279 1829 καὶ
1301 1777 1330 1829 6
1350 1776 1535 1849 Πατὴρ
1566 1776 1625 1830 ἓν
1653 1778 1839 1848 ἐσμεν,
1871 1797 1889 1827 ι

1998 591 2342 659 blasphemia.

2068 679 2256 735 Z’elum
2292 679 2388 736 Dei
2420 680 2728 746 habentes,
2769 679 2869 737 sed
2909 693 3019 735 non
3049 678 3349 735 secundum
3387 677 3565 734 scien-

1998 770 2170 835 tiam,
2226 770 2663 842 indignabantur
2711 771 3003 827 audientes
3061 770 3336 826 dicentem
3402 769 3564 825 Chri-

1997 871 2141 919 stum
2176 881 2190 918 :
2229 881 2248 914 (
2284 862 2397 933 Ego
2439 871 2495 919 et
2525 862 2688 919 Pater
2720 878 2893 920 unum
2937 877 3149 918 sumus.
3187 881 3205 915 ι
3250 860 3387 927 Quid
3419 861 3563 915 enim

1997 953 2214 1011 vetabat
2245 969 2371 1009 eum
2406 969 2529 1010 esse
2565 970 2733 1010 unum
2775 969 2901 1011 cum
2933 953 3119 1019 Patre,
3162 952 3208 1009 si
3245 952 3406 1007 modo
3441 967 3563 1005 cre-

1996 1043 2264 1101 didissent
2322 1059 2447 1100 eum
2500 1060 2626 1105 esse
2683 1047 2989 1104 secundum
3040 1053 3295 1101 naturam
3356 1044 3573 1099 Deum!

1996 1134 2177 1200 Quare
2218 1141 2273 1189 et
2322 1134 2532 1205 lapides
2574 1134 2630 1189 in
2672 1150 2799 1191 eum
2824 1135 3014 1204 jacere
3060 1133 3480 1205 aggrediuntur,
3512 1137 3567 1186 et

1997 1225 2266 1280 rationem
2293 1224 2594 1280 reddentes
2616 1239 2716 1279 cur
2743 1225 2803 1279 id
2836 1224 3106 1288 lacerent,
3137 1225 3313 1291 aiunt,
3346 1221 3463 1277 Non
3496 1223 3567 1277 oh

1995 1332 2061 1373 ea
2110 1331 2233 1387 qua:
2279 1317 2542 1387 praeclare
2589 1314 2768 1371 fecisti
2804 1315 3120 1385 lapidamus
3161 1322 3243 1378 te,
3297 1315 3392 1370 sed
3438 1315 3570 1383 quis

1996 1409 2344 1479 blasphemas
2381 1427 2395 1463 :
2439 1423 2565 1463 cum
2604 1406 2711 1478 ipsi
2763 1422 2797 1462 e
2828 1407 3113 1463 contrario
3161 1406 3563 1477 blasphement.

1997 1499 2066 1554 ad
2102 1499 2459 1570 lapidandum
2491 1514 2642 1563 eum,
2675 1498 2770 1568 qui
2801 1512 2932 1553 vere
2963 1505 3049 1554 est
3092 1496 3262 1562 Deus,
3294 1496 3564 1563 accincti,

1996 1591 2251 1647 videlicet
2296 1590 2515 1661 ignari,
2566 1606 2676 1645 non
2729 1590 2785 1645 in
2835 1590 3077 1660 simplici
3127 1589 3335 1646 deitate
3380 1587 3565 1643 Iesum

1996 1684 2363 1740 adventuram
2413 1698 2479 1738 ac
2528 1683 3029 1754 peregrinaturum,
3077 1681 3181 1738 sed
3224 1697 3297 1737 ex.
3351 1680 3578 1736 semine

1998 1776 2165 1831 David
2195 1776 2571 1840 ineat-uatum,
2603 1786 2657 1831 et
2689 1783 2896 1830 rectam
2936 1774 3341 1830 confessionem
3370 1774 3423 1827 in
3455 1773 3569 1827 hia-

328 1863 402 1933 μὴ
428 1863 675 1929 νοοῦντες
694 1865 753 1919 δὲ
776 1865 857 1929 τίς
886 1868 916 1920 6
939 1866 1111 1921 ταῦτα
1136 1868 1309 1936 λέγων
1335 1867 1506 1932 ἐστὶν,
1534 1869 1672 1923 ἀλλά
1696 1872 1776 1934 εἰς
1795 1870 1893 1942 τὴν

1997 1868 2301 1938 sphemiam
2337 1862 2787 1937 interpretantes.
2833 1866 2972 1922 Cum
3007 1867 3176 1938 igitur
3223 1865 3395 1938 339
3426 1864 3569 1920 dieeo

325 1952 507 2025 σάρκα
547 1953 716 2025 μόνην
762 1954 1083 2026 βλέποντες,
1123 1957 1440 2012 καταλεύειν
1475 1958 1637 2012 αὐτὸν
1680 1960 1893 2031 ἐπεχείο

329 2062 473 2117 ρουν,
501 2046 848 2119 βλασφημίας
872 2048 1174 2119 ἐγκλήματι
1198 2050 1633 2121 περιϐάλλοντες.
1662 2052 1761 2106 Διά
1785 2052 1892 2121 γάρ

323 2138 418 2193 τοῦ
450 2139 644 2209 φάναι,
688 2161 706 2192 ι
749 2139 889 2210 Ἐγὼ
928 2141 1024 2194 καὶ
1052 2143 1081 2195 6
1108 2141 1300 2213 Πατὴρ
1345 2142 1404 2196 ἐν
1441 2143 1607 2213 ἐσμεν
1631 2180 1646 2205 ,
1681 2161 1701 2195 ›
1740 2142 1895 2211 φασὶ,

322 2228 456 2284 Θεὸν
484 2232 709 2284 σεαυτὸν
738 2232 881 2286 κατά
901 2232 1062 2301 φύσιν
1089 2235 1290 2296 ποιεῖς·
1342 2232 1502 2287 τοῦτο
1538 2234 1696 2304 μόνον
1717 2232 1895 2287 νοοῦν.

322 2337 415 2383 τες
442 2318 639 2390 ὀρθῶς.
659 2320 954 2391 Κρείττους
977 2318 1068 2374 οὖν
1099 2321 1209 2374 τῶν
1240 2322 1469 2375 ἀνοσίων
1509 2322 1798 2394 Ἀρειανῶν
1843 2323 1892 2376 οἱ

337 2412 598 2476 Ἰουδαῖοι,
638 2413 728 2466 τὸν
761 2413 896 2477 ὅλως
918 2416 1088 2467 εἰπεῖν
1132 2412 1483 2484 θαρσήσαντα
1506 2430 1520 2445 ·
1569 2433 1587 2465 ι
1630 2414 1772 2483 Ἐγὼ
1799 2415 1895 2469 καὶ

326 2504 355 2554 6
376 2503 567 2573 Πατὴρ
593 2503 651 2556 ἓν
692 2506 878 2573 ἐσμεν,
917 2523 933 2555 ι
972 2505 1163 2572 ὥσπερ
1190 2504 1249 2570 ἐξ
1274 2504 1571 2572 ἀναγκαίου
1603 2503 1761 2572 λόγου
1786 2504 1896 2559 λοι-

325 2593 427 2647 πὸν
455 2595 590 2664 πρὸς
622 2595 678 2648 τὸ
704 2595 804 2664 τῆς
830 2594 1082 2664 θεότητος
1112 2594 1420 2649 ἀναϐαίνειν
1457 2594 1675 2663 ἀξίωμα
1714 2596 1897 2649 διαϐε-

326 2683 661 2756 ϐαιούμενοι.
693 2684 820 2748 Πῶς
850 2685 959 2756 γάρ
985 2684 1053 2739 ἂν
1084 2685 1141 2738 ἓν
1179 2685 1413 2756 ὑπάρχοι
1450 2685 1586 2755 πρὸς
1622 2686 1715 2739 τὸν
1738 2687 1898 2755 φύσει

325 2771 480 2836 Θεὸν,
509 2773 538 2824 6
569 2771 643 2843 μὴ
671 2771 829 2825 τοῦτο
858 2773 1156 2844 ὑπάρχωνς
1209 2772 1426 2844 Ἐπειδὴ
1452 2773 1509 2826 δὲ
1530 2774 1590 2827 οὑ
1620 2774 1895 2843 ψεύδεται,

327 2862 469 2917 κατὰ
511 2863 671 2933 φύσιν
703 2864 810 2935 ἄρα
852 2864 947 2917 καὶ
982 2863 1143 2926 αὐτὸς
1176 2863 1441 2933 ὑπάρχων
1483 2861 1648 2928 Θεὸς,
1683 2863 1743 2918 Ξν
1782 2867 1899 2918 ἐστι

328 2955 464 3027 πρὸς
500 2955 592 3009 τὸν
615 2956 865 3028 Πατέρα·
901 2958 929 3009 6
957 2955 1015 3009 δὲ
1035 2956 1273 3018 τοιοῦτος
1302 2953 1422 3020 πῶς
1457 2954 1523 3009 ἃν
1553 2954 1638 3027 εἴη
1671 2957 1897 3027 γενητὸς

325 3046 361 3118 ἢ
390 3045 785 3117 πεποιημένοςς

1997 1967 2080 2014 ret
2109 1977 2123 2012 :
2155 1978 2173 2009 ι
2211 1960 2322 2029 Ego
2350 1969 2405 2014 et
2435 1958 2596 2013 Pater
2625 1974 2793 2012 unum
2827 1974 3043 2023 sumus,
3075 1977 3096 2009 ι
3147 1972 3258 2012 non
3296 1970 3567 2027 cognove-

1996 2057 2127 2105 runt
2155 2049 2281 2119 quis
2308 2059 2457 2104 esset
2483 2048 2578 2119 qui
2622 2049 2727 2104 hoc
2756 2049 2991 2110 diceret,
3018 2048 3113 2104 sed
3146 2048 3201 2102 in
3221 2062 3443 2102 carnem
3473 2061 3573 2102 so-

1998 2139 2108 2193 lam
2138 2139 2507 2202 intendentes,
2548 2140 2783 2195 obruere
2818 2140 3096 2210 lapidibus
3123 2154 3249 2193 eum
3287 2138 3580 2202 volebant,

1999 2232 2358 2302 blasphemiae
2405 2232 2614 2287 crimen
2645 2232 2988 2302 aﬂingentes.
3024 2231 3180 2297 Quod
3220 2230 3367 2286 enim
3411 2228 3567 2285 dixe-

1998 2332 2085 2378 rat
2120 2341 2134 2377 :
2175 2343 2193 2375 ι
2236 2322 2348 2394 Ego
2378 2330 2432 2377 et
2465 2322 2630 2378 Pater
2660 2338 2831 2378 unum
2862 2339 3081 2385 sumus,
3129 2341 3149 2376 ι
3194 2323 3368 2388 aiunt,
3405 2318 3574 2389 Τείρ-

1999 2429 2120 2469 sum
2152 2412 2319 2470 Deum
2355 2414 2656 2471 secundum
2703 2421 2960 2469 naturam
2994 2412 3150 2478 facis,
3199 2412 3309 2468 hoc
3346 2411 3565 2481 quidem

2000 2505 2175 2560 solum
2208 2514 2357 2561 recte
2400 2506 2806 2561 existimantes.
2860 2504 3055 2577 Itaque
3104 2505 3289 2576 irepiis
3346 2502 3573 2558 Arianis

2005 2596 2257 2653 meliores
2285 2605 2415 2652 sunt
2444 2596 2616 2651 Judaei
2637 2637 2653 2663 ,
2686 2612 2811 2651 eum
2852 2600 2947 2668 qui
2978 2598 3207 2652 omnino
3255 2596 3439 2652 dicere
3471 2610 3570 2648 au-

2004 2703 2100 2743 sus
2152 2686 2353 2751 fuerat,
2401 2705 2422 2738 ι
2470 2686 2585 2758 Ego
2632 2695 2687 2742 et
2718 2686 2885 2745 Pater
2920 2704 3085 2743 unum
3129 2703 3343 2752 sumus,
3386 2706 3405 2737 ι
3440 2692 3569 2739 tan-

2003 2790 2168 2846 quam
2209 2790 2273 2831 εκ
2309 2776 2621 2831 necessaria
2661 2775 2875 2831 ratione
2922 2776 3181 2845 deinceps
3232 2777 3299 2828 ad
3346 2774 3577 2830 deitatis

2003 2868 2223 2922 culmen
2287 2868 2592 2924 ascendere
2650 2868 3009 2923 afﬁrmantes.
3078 2865 3365 2933 Quomodo
3419 2865 3569 2920 enim

2003 2972 2173 3011 unum
2204 2972 2329 3011 cum
2382 2966 2581 3012 natura
2625 2957 2737 3013 Deo
2772 2964 2943 3021 esset,
2974 2957 3067 3027 qui
3116 2971 3225 3011 non
3256 2957 3360 3011 hoc
3384 2956 3569 3025 ipsum

2000 3047 2262 3103 haberet?
2296 3048 2437 3114 Quia
2480 3064 2610 3106 vero
2654 3065 2766 3105 non
2809 3051 3095 3115 mentitur,
3138 3050 3327 3119 utique
3371 3062 3541 3103 sccun

326 3138 459 3193 dum
500 3147 751 3194 naturam
798 3138 915 3208 ipse
948 3135 1089 3192 Deus
1114 3137 1418 3200 exsistens,
1448 3152 1627 3193 unum
1683 3146 1768 3193 est
1797 3152 1923 3193 cum
1999 3140 2161 3198 Patre
2196 3163 2210 3199 :
2262 3144 2358 3214 qui
2400 3159 2531 3200 vero
2573 3143 2843 3215 ejusmodi
2896 3152 3005 3209 est,
3056 3144 3331 3214 quomodo
3388 3140 3568 3196 factus

328 3233 492 3287 fuerit
507 3231 530 3286 τ

408 3322 550 3395 Ἐγὼ
575 3319 714 3378 εἶπα
734 3338 749 3353 ⁸
794 3323 929 3377 Θεοί
956 3322 1117 3387 ἐστε,
1136 3323 1228 3376 καὶ
1254 3322 1324 3377 τὰ
1355 3322 1503 3392 ἑξῆς.

395 3415 511 3469 Νῦν
549 3414 787 3484 ἐλέγχων
809 3413 934 3477 τοὺς
973 3413 1279 3479 Ἰουδαίους,
1309 3414 1391 3467 ὅτι
1414 3415 1475 3467 οὐ
1501 3413 1590 3467 διὰ
1612 3413 1673 3466 τὸ
1702 3414 1896 3467 εἰπεῖν*

329 3527 357 3559 s
385 3506 528 3576 Ἐγὼ
552 3507 647 3560 καὶ
667 3509 695 3560 6
720 3505 908 3575 Πατὴρ
936 3504 993 3557 ἒν
1018 3506 1208 3575 ἐσμεν,
1253 3523 1271 3556 ι
1301 3504 1542 3569 ὲλίθαζον
1562 3503 1742 3567 αὐτὸν,
1764 3502 1900 3557 ἀλλά

328 3600 527 3670 μάτην,
561 3597 745 3668 φησίν⁸
775 3597 858 3660 Εἰ,
891 3594 1118 3667 ἐπείπερ
1153 3590 1309 3648 εἷπον
1328 3596 1561 3666 ἐμαυτὸν
1580 3595 1732 3660 Θεὸν,
1758 3595 1901 3649 δοκῶ

326 3690 690 3760 βλασφημεῖν,
721 3688 863 3741 διατι
891 3687 986 3740 τοῦ
1022 3688 1237 3758 Πατρὸς
1260 3687 1548 3757 εἰρηκότος
1579 3686 1669 3740 διά
1689 3686 1782 3740 τοῦ
1814 3686 1901 3740 νό-

329 3797 429 3851 μου
458 3780 593 3850 πρὸς
612 3782 753 3845 ,τοὺς
783 3779 1122 3849 ἀνθρώπους,
1175 3778 1299 3832 Θεοί
1330 3781 1474 3843 ἔστε,
1504 3778 1607 3831 οὐκ
1650 3776 1899 3849 ἐκρίνατε

323 3870 482 3925 τοῦτο
519 3867 657 3924 εἶναι
684 3871 1065 3942 βλασφημίαν;
1097 3870 1268 3923 Τοῦτο
1289 3870 1346 3924 δέ
1364 3887 1554 3941 φησιν,
1585 3869 1704 3939 οὐχὶ
1730 3886 1899 3941 προσ-

324 3960 655 4033 καλούμενος
682 3964 876 4025 αὐτοὺς
909 3964 1084 4015 εἰπεῖν
1113 3979 1168 4016 τι
1194 3962 1337 4016 κατά
1373 3962 1469 4016 τοῦ
1504 3962 1714 4034 Πατρός
1735 3978 1751 3993 ⁸
1782 3961 1897 4015 ἀλλ’

323 4055 562 4125 ἐλέγχων
588 4055 669 4108 ὅτι
689 4055 781 4107 τὸν
803 4054 965 4124 νόμον
984 4053 1239 4123 ἀγνοοῦσι
1262 4054 1357 4109 καὶ
1385 4052 1483 4117 τὰς
1510 4052 1899 4118 θεοπνεύστους

323 4146 567 4217 Γραφάς.
613 4146 831 4215 Ἐπειδὴ
867 4146 925 4199 δὲ
972 4146 1084 4200 τῶν
1135 4146 1439 4217 εἰρημένων
1483 4146 1621 4200 θεῶν
1660 4147 1755 4199 καὶ
1804 4145 1899 4200 τοῦ

323 4233 484 4301 φύσει
518 4233 675 4300 Θεοῦ,
706 4233 842 4287 πολὺ
871 4234 933 4287 τὸ
958 4235 1157 4304 μέσον,
1185 4234 1254 4289 δι’
1280 4229 1356 4289 ὧν
1387 4235 1537 4304 λέγει
1567 4235 1808 4290 διδάσκει
1837 4235 1899 4289 τὸ

320 4324 575 4395 διάφορον
599 4341 612 4355 °
671 4326 720 4378 εἰ
746 4324 855 4397 γὰρ
902 4326 954 4377 οἱ
985 4325 1265 4398 ἄνθρωποι
1311 4327 1449 4398 πρὸς
1487 4326 1581 4391 οὓς
1618 4328 1843 4395 γέγονεν
1870 4327 1898 4379 6

322 4415 413 4469 τοῦ
436 4416 573 4469 Θεοῦ
612 4416 789 4486 λόγος,
830 4416 943 4470 θεοὶ
971 4417 1285 4489 κέκληνται,
1316 4419 1412 4472 καὶ
1437 4419 1898 4491 ὲλαμπρύνθησαν

321 4512 388 4580 τῇ
411 4509 512 4580 τῆς
540 4509 795 4579 θεότητος
815 4509 971 4579 τιμῇ,
1005 4508 1097 4563 τὸν
1128 4508 1224 4562 τοῦ
1258 4510 1393 4563 Θεοῦ
1415 4510 1571 4579 λόγον
1600 4510 1897 4564 εἰσοικισά-

326 4617 474 4670 μενοι
504 4601 598 4652 καὶ
618 4599 1013 4671 εἰσδεδεγμένοι
1037 4601 1178 4655 κατά
1219 4601 1420 4672 ψυχὴν,
1450 4601 1564 4664 πῶς
1597 4602 1697 4654 οὑκ
1721 4600 1789 4654 ἂν
1810 4600 1893 4672 εἴη

1918 3328 1962 3383 C
2068 3322 2147 3386 X,
2177 3322 2268 3378 54.
2305 3320 2416 3392 Ego
2450 3322 2604 3376 dixi:
2636 3321 2723 3377 Dii
2756 3323 2882 3377 estis
2903 3364 2917 3389 ,
2940 3329 2995 3378 et
3024 3322 3251 3391 reliqua.

2071 3412 2229 3467 Nunc
2284 3413 2627 3483 rcdarguens
2678 3412 2932 3478 Iudaeos,
2974 3413 3070 3484 qui
3111 3428 3219 3467 non
3278 3394 3570 3483 propterea

1999 3503 2146 3573 quod
2180 3505 2414 3561 dixisset
2439 3507 2499 3574 εξι
2530 3504 2639 3576 Ego
2660 3514 2716 3560 et
2737 3504 2899 3561 Pater
2923 3522 3093 3560 unum
3121 3522 3314 3561 sumus
3334 3546 3349 3567 ,
3381 3525 3400 3557 ι
3433 3507 3569 3576 Iupi-

1999 3594 2206 3649 dabant
2256 3609 2404 3656 eum,
2457 3592 2554 3648 sed
2600 3594 2832 3659 frustra,
2889 3595 3089 3664 inquit.
3136 3593 3193 3649 Si
3233 3595 3378 3650 enim
3419 3611 3562 3665 quo-

1999 3684 2150 3739 niam
2184 3684 2297 3739 dixi
2339 3684 2608 3754 meipsum
2645 3684 2818 3740 Deum
2845 3724 2867 3749 ,
2903 3686 3095 3741 videor
3149 3686 3566 3755 hlasphemare,

2000 3790 2100 3830 cur
2141 3789 2268 3829 cum
2306 3773 2471 3829 Pater
2499 3774 2700 3832 dixerit
2733 3792 2830 3847 per
2858 3776 3027 3845 legem
3060 3776 3127 3830 ad
3154 3776 3407 3831 homines
3430 3817 3447 3841 ,
3480 3776 3565 3831 dii

1998 3865 2171 3929 estis,
2210 3880 2318 3920 non
2351 3865 2748 3935 blasphemiam
2774 3882 2900 3922 esse
2924 3864 3266 3935 iudicastis?
3294 3865 3409 3921 Iloc
3433 3881 3569 3921 ver)

1997 3956 2137 4011 dicit
2184 3971 2293 4011 non
2337 3971 2467 4023 eos,
2518 3965 2581 4010 ut
2622 3957 2833 4028 aliquid
2865 3964 3060 4012 contra
3091 3955 3308 4013 Patrem
3343 3956 3564 4023 dicant,

2000 4049 2274 4114 incitans,
2309 4049 2402 4107 sed
2431 4057 2697 4119 tanquam
2728 4050 2867 4119 legis
2893 4058 2948 4104 et
2984 4064 3268 4107 sacrarum
3313 4048 3567 4119 Scriptu-

1997 4153 2183 4193 rarum
2234 4138 2455 4208 ignaros
2502 4140 2864 4195 convincens.
2920 4137 3383 4209 Quandoquidem
3432 4155 3571 4195 vero

1998 4229 2145 4284 inter
2172 4228 2357 4285 dictos
2385 4228 2520 4285 deos
2546 4236 2601 4284 et
2628 4228 2799 4285 Deum
2831 4238 3034 4283 natura
3066 4243 3328 4299 magnum
3359 4230 3566 4286 discri-

2000 4337 2122 4377 men
2149 4328 2256 4387 est,
2280 4319 2666 4386 dillerentiam,
2690 4336 2787 4391 per
2811 4320 2928 4376 haec
2946 4336 3071 4391 qua:
3097 4320 3232 4377 dicit
3252 4361 3266 4384 ,
3285 4322 3564 4379 ostendit:

1998 4411 2045 4467 si
2080 4411 2224 4466 enim
2260 4411 2514 4468 homines
2546 4412 2615 4467 ad
2644 4426 2789 4480 quos
2824 4427 3009 4468 sermo
3052 4411 3143 4471 Dei
3188 4412 3408 4469 habitus
3434 4423 3568 4477 est,

1996 4502 2071 4557 dii
2103 4502 2281 4557 vocati
2322 4509 2454 4558 sunt
2477 4542 2494 4567 ,
2532 4509 2589 4558 et
2628 4499 2860 4557 deitatis
2898 4501 3110 4558 honore
3147 4503 3427 4569 decorati,
3470 4503 3567 4558 Dei

1998 4595 2165 4649 verbo
2199 4595 2341 4649 intra
2383 4594 2627 4649 animam
2671 4602 2933 4662 recepto,
2976 4594 3256 4664 quomodo
3299 4611 3409 4649 non
3461 4595 3567 4649 erit

322 4689 480 4758 φύσει
504 4689 653 4752 Θεὸς,
685 4692 713 4743 6
750 4688 816 4742 δι’
848 4689 907 4743 6v
961 4692 1157 4744 ἐκεῖνοι
1218 4691 1368 4756 θεοί;
1408 4690 1543 4750 Θεὸς
1602 4690 1714 4762 γάρ
1758 4686 1827 4762 ἦν
1866 4695 1893 4745 6

2000 4696 2194 4743 natura
2221 4687 2367 4741 Deus
2396 4686 2445 4741 is
2476 4700 2573 4755 per
2595 4699 2759 4755 quem
2792 4683 2874 4739 illi
2899 4684 3018 4741 dii?
3044 4705 3064 4737 ι
3096 4686 3239 4741 Deus
3268 4687 3416 4740 enim
3446 4694 3567 4738 erat

321 4781 512 4848 Λόγος,
547 4779 688 4833 κατά
704 4781 801 4851 τὴν
851 4782 1096 4837 Ἰωάννου
1130 4783 1319 4852 φωνήν
1343 4798 1357 4813 ·
1395 4783 1423 4835 6
1455 4783 1550 4835 καὶ
1578 4784 1690 4843 τοῖς
1713 4781 1890 4844 ἀλλοις

320 4870 478 4923 τοῦτο
523 4870 861 4942 προξενήσας
907 4873 969 4927 τὸ
1011 4872 1285 4943 λαμπρόν.
1328 4872 1388 4927 Εἰ
1431 4871 1543 4943 γὰρ
1574 4876 1602 4927 6
1629 4873 1723 4927 τοῦ
1754 4874 1889 4928 Θεοῦ

319 4963 490 5030 Λόγος
515 4962 603 5015 διὰ
619 4964 712 5017 τοῦ
733 4963 888 5030 ἀγίου
916 4963 1056 5016 lived
1064 4980 1235 5034 ματος
1254 4965 1444 5033 ἀνάγει
1466 4964 1600 5037 πρὸς
1627 4965 1727 5036 τὴν
1750 4967 1889 5038 ὑπὲρ

319 5050 604 5121 ἄνθρωπον
636 5053 815 5123 χάριν,
846 5053 938 5107 καὶ
975 5058 1314 5125 κατακοσμεί
1346 5055 1499 5128 θεῖκῇ
1526 5059 1657 5128 τιμῇ
1677 5058 1803 5121 τοὺς
1834 5062 1893 5113 ὲν

315 5137 399 5206 οἷς
432 5142 499 5198 ἂν
528 5144 758 5212 γένοιτο,
791 5145 880 5198 διὰ
898 5146 970 5209 τί,
991 5147 1151 5217 φησι,
1189 5148 1397 5216 λέγετε,
1432 5151 1514 5203 ὅτι
1564 5149 1887 5220 βλασφημεῖ),

318 5232 492 5301 λέγων
513 5235 750 5304 ἐμαυτὸν
779 5236 905 5288 Υίὸν
933 5237 1067 5291 Θεοῦ
1124 5238 1219 5291 καὶ
1256 5240 1420 5304 Θεόν;
1457 5240 1673 5311 Καίπερ
1718 5240 1785 5293 δι’
1813 5234 1890 5293 ὧν

318 5324 693 5395 ὲνεχειρίσθην
750 5330 880 5399 παρ’
931 5327 1099 5381 αὐτοῦ
1149 5330 1593 5400 μαρτυρούμενος
1636 5333 1718 5386 ὅτι
1754 5332 1889 5395 Θεός

317 5417 433 5484 εἰμι
457 5415 633 5485 φύσει.
683 5418 943 5485 Ἀγιάσας
978 5420 1085 5492 γάρ
1118 5437 1185 5491 με
1223 5413 1540 5475 ἀπέστειλεν
1563 5425 1643 5486 είς
1685 5423 1776 5478 τὸν
1798 5429 1891 5479 κό-

320 5520 458 5576 σμον
483 5507 712 5577 Σωτῆρα
738 5508 832 5562 τοῦ
867 5510 1105 5581 κόσμου·
1163 5513 1301 5585 ὅπερ
1354 5513 1517 5584 μόνου
1564 5516 1681 5569 ἐστὶ
1726 5515 1885 5585 φύσει

314 5595 469 5661 Θεοῦ,
504 5596 565 5650 τὸ
593 5597 852 5652 δύνασθαι
874 5586 1159 5666 διασώζειν
1186 5604 1249 5657 ἐκ
1270 5602 1362 5658 τοῦ
1393 5604 1637 5660 διαϐόλου
1673 5608 1763 5662 καὶ
1790 5608 1885 5677 τῆς

385 5778 427 5808 ’⁸
462 5774 617 5834 ιοιη.
651 5794 689 5839 ι,
725 5779 784 5837 1.

1999 4781 2271 4843 Verbum,
2300 4779 2501 4849 ijuxta
2550 4776 2819 4833 Joannem
2872 4776 2940 4844 “,
2979 4778 3075 4848 qui
3123 4786 3178 4832 et
3226 4777 3351 4832 aliis
3398 4777 3573 4847 hujus

1995 4872 2307 4943 splendoris
2328 4870 2658 4925 conciliator
2681 4884 2748 4924 ac
2785 4868 3039 4940 pararius
3076 4868 3197 4923 fuit.
3225 4866 3283 4923 Si
3302 4868 3448 4923 enim
3473 4868 3571 4925 Dei

1998 4964 2241 5021 Verbum
2271 4978 2370 5034 per
2396 4962 2659 5035 Spiritum
2695 4969 2946 5017 sanctum
2971 4960 3037 5016 ad
3064 4962 3297 5032 gratiam
3325 4962 3571 5020 hominis

1994 5053 2312 5110 conditione
2351 5051 2615 5121 majorem
2645 5050 2869 5114 evehit,
2899 5058 2954 5104 et
2994 5049 3205 5106 honore
3236 5049 3423 5106 divino
3468 5067 3572 5107 eos

1995 5147 2197 5218 quibus
2223 5147 2369 5201 inest
2440 5144 2725 5199 illustrat:
2772 5157 3078 5214 quorsum,
3124 5143 3337 5214 inquit,
3381 5144 3565 5199 dicitis

1996 5256 2083 5294 me
2135 5237 2548 5308 blasphemare,
2606 5250 2733 5290 cum
2787 5235 2914 5290 dico
2969 5251 3054 5290 me
3102 5234 3303 5290 Filium
3366 5235 3456 5290 Dei
3509 5246 3565 5290 et

1999 5330 2203 5396 Deum,
2247 5327 2500 5400 quamvis
2529 5342 2593 5383 ex
2625 5326 2698 5383 iis
2726 5341 2851 5398 qua:
2882 5328 3013 5381 mihi
3048 5328 3119 5383 ab
3151 5344 3220 5382 eo
3260 5329 3566 5385 commissa

1995 5430 2125 5476 sunt
2154 5420 2289 5476 satis
2316 5418 2845 5474 testimoniidederit
2871 5434 2959 5474 me
2979 5434 3104 5475 esse
3122 5432 3320 5475 natura
3348 5418 3519 5475 Deum
3539 5421 3569 5473 ἶ)

1994 5511 2096 5567 Uhi
2125 5512 2268 5568 enim
2301 5526 2387 5568 me
2419 5510 2788 5568 sanctificavit
2808 5548 2824 5575 ,
2858 5511 3010 5565 misit
3041 5511 3098 5566 in
3129 5511 3396 5567 mundum
3427 5509 3558 5564 Scr-

1995 5614 2237 5661 vatorcm
2266 5605 2488 5671 mundi,
2514 5603 2658 5677 quod
2691 5606 2855 5658 unius
2884 5612 2969 5658 cst
2993 5612 3188 5659 natura
3225 5603 3316 5658 Dci
3340 5641 3357 5665 ,
3395 5617 3561 5672 posse
