4144 6494
570 366 640 422 2?

1590 374 1646 430 S.
1677 372 1954 428 CYRILLI
1992 370 2465 428 ALEXANDRINI
2494 367 2812 423 ARCIIIEP.

3739 367 3812 421 28

570 478 819 533 homines
850 492 879 531 a
911 478 1130 535 diabolo
1158 487 1211 536 et
1241 490 1462 550 peccato
1489 492 1542 539 et
1574 485 1797 540 interitu
1827 484 2135 539 vindicare.

2245 483 2520 553 ἁμαρτίας
2554 482 2646 534 καὶ
2681 481 2780 549 τῆς
2838 477 3043 549 φθορᾶς
3093 479 3217 539 τοὺς
3266 477 3618 547 ἁνθρώπους.’
3674 474 3812 533 Ἀλλ’

572 570 677 624 Sed
720 568 953 624 forsitan
986 587 1110 625 cum
1144 570 1335 627 divina
1376 574 1662 644 Scriptura
1707 576 1858 630 dicat
1901 592 1930 629 a
1976 575 2140 630 Patre

571 661 767 716 Filium
800 677 930 717 esse
970 663 1204 717 missum
1231 707 1246 731 ,
1292 666 1475 721 statim
1518 665 1814 721 haereticus
1840 667 2136 721 dictionem

568 751 623 804 in
654 752 743 805 sui
772 751 980 805 erroris
1012 754 1270 819 pabulum
1297 755 1524 825 arripit,
1554 763 1608 810 et
1637 757 1860 811 omnino
1890 758 2139 812 dicturus

568 849 694 907 est,
722 858 821 898 vos
851 844 943 913 qui
987 843 1185 899 Filium
1218 845 1381 902 Patre
1428 847 1697 902 minorem
1746 849 1931 904 dicere
1978 865 2139 904 recu-

572 933 749 998 satis,
784 935 1060 1006 quomodo
1090 953 1201 991 non
1255 937 1450 994 videtis
1497 938 1566 993 ab
1617 954 1687 993 eo
1736 940 1964 995 missum
2010 948 2134 995 tan-

569 1039 733 1092 quam
780 1026 850 1079 ab
899 1027 1085 1096 aliquo
1120 1028 1329 1097 majore
1360 1030 1527 1100 67o
1560 1045 1626 1085 ac
1661 1032 2141 1100 supereminente?

569 1107 709 1170 Quid
759 1123 892 1178 ergo
934 1109 1216 1175 dicemus,
1254 1114 1363 1167 nisi
1413 1115 1562 1184 quod
1605 1116 1895 1171 missionis
1940 1133 2137 1173 nomen

571 1196 733 1250 modo
767 1206 819 1252 et
851 1200 1151 1254 conditioni
1201 1201 1493 1258 inanitatis
1534 1207 1770 1258 maxime
1804 1209 2143 1262 conveniat?

568 1287 739 1343 Audis
771 1291 912 1343 enim
945 1300 1004 1344 ut
1036 1291 1251 1348 Paulus
1292 1295 1405 1349 ista
1449 1295 1558 1350 duo
1588 1295 1933 1368 coniungens
1959 1299 2139 1364 dicat,

569 1389 696 1432 tunc
728 1381 960 1436 missum
990 1398 1031 1436 al
1048 1382 1209 1438 Patre
1242 1384 1442 1439 Fili-um
1465 1428 1480 1453 ,
1506 1388 1729 1456 quando
1758 1387 1938 1445 factus
1965 1398 2050 1445 est
2076 1406 2139 1446 ex

568 1473 795 1529 muliere
816 1514 831 1537 ,
865 1486 918 1530 et
948 1476 1055 1532 sub
1086 1478 1257 1547 legem
1288 1477 1578 1533 nobiscum
1616 1480 1766 1534 venit
1803 1482 1866 1546 “',
1902 1482 2031 1537 licet
2062 1483 2142 1537 le-

567 1567 803 1634 gisla-lor
844 1568 1123 1624 exsistens
1166 1576 1221 1623 et
1252 1568 1520 1625 Dominus
1567 1570 1629 1624 ".
1677 1571 1735 1624 Si
1773 1587 1907 1627 vero
1942 1574 2145 1628 intelli-

565 1668 730 1727 gatur
756 1667 918 1715 natus
946 1659 1000 1713 in
1042 1660 1185 1715 servi
1237 1660 1412 1714 forma
1462 1659 1661 1722 Filius,
1691 1661 1891 1718 deinde
1928 1664 2144 1718 dicatur

567 1748 774 1805 missus
815 1765 843 1802 a
885 1752 1047 1807 Patre
1069 1791 1085 1815 ,
1134 1751 1347 1805 nullum
1395 1753 1625 1807 omnino
1657 1753 1785 1808 inde
1811 1756 2015 1826 accipit
2047 1756 2142 1812 de-

2243 576 2371 637 ἴσως
2392 576 2521 627 ὅταν
2552 576 2585 643 ἡ
2612 572 2730 625 θεία
2764 570 2953 641 Γραφὴ
3004 570 3157 639 λέγῃ,
3186 568 3334 640 παρὰ
3359 569 3451 623 τοῦ
3473 570 3682 641 Πατρὸς
3705 573 3813 624 ἀπφ

2241 666 2497 720 εστάλθαι
2529 664 2622 717 τὸν
2664 664 2811 729 Υίόν,
2841 662 3002 724 εὐθὺς
3035 663 3062 714 6
3085 662 3357 731 αἱρετικὸς
3388 660 3611 731 τροφὴνν
3630 664 3697 731 τῇ
3735 662 3813 714 οξ-

2240 760 2364 831 κείᾳ
2398 758 2573 832 πλάνῃ
2619 758 2851 810 ποιεῖται
2878 754 2975 825 τὴν
3000 752 3161 817 λέξινς
3201 754 3315 822 ὲρεῖ
3354 752 3411 805 δέ
3454 769 3556 805 που
3595 752 3810 814 πάντως

2239 852 2321 904 ὅτι
2347 851 2506 920 ὑμεῖς
2523 850 2573 901 οἱ
2596 844 3017 920 παραιτούμενοι
3051 842 3230 911 λέγειν
3274 841 3536 895 τὸνιΥίὸν.
3557 840 3811 894 ἐλάττονα

2240 941 2332 995 τοῦ
2370 941 2603 1011 Πατρὸς,
2636 939 2752 1000 πῶς
2777 940 2877 1007 ούχ
2907 937 3069 1007 ὁρᾶτε
3099 936 3226 1004 παρ’
3260 933 3429 988 αύιτοῦ
3460 933 3810 1005 πεμπόμενον

2239 1034 2315 1096 ώς
2347 1032 2498 1103 παρὰ
2529 1029 2774 1101 μείζονος
2819 1045 2964 1090 τινος
3000 1028 3095 1080 καὶ
3136 1025 3563 1097 ύπερκειμένου;
3610 1026 3674 1076 Τί
3717 1022 3809 1078 οῦν

2241 1122 2568 1194 ἐροῦμενςῆ
2616 1122 2697 1174 ὅτι
2754 1119 2814 1173 τὸ
2862 1119 2960 1189 τῆς
2993 1116 3295 1186 ἀποστολῆς
3341 1117 3532 1186 ὄνομα,
3581 1116 3814 1185 μάλιστα

2244 1217 2345 1287 μὲν
2384 1214 2585 1285 πρέπει
2635 1214 2747 1276 τοῖς
2788 1211 2887 1281 τῆς
2943 1208 3222 1272 κενώσεως
3270 1209 3521 1277 μέτροις;
3570 1208 3811 1271 ’Δκούεις

2242 1306 2350 1378 γὰρ
2378 1307 2461 1359 ὅτι
2501 1306 2786 1359 συνάπτων
2821 1302 2848 1353 6
2887 1299 3097 1362 Παῦλος
3138 1298 3442 1368 ἀμφότερα,
3495 1299 3615 1351 τότε
3650 1300 3810 1367 φησιν

2244 1395 2581 1451 ἀπεστάλθαι
2608 1394 2756 1464 παρᾶ
2784 1392 2877 1446 τοῦ
2906 1390 3116 1462 Πατρδς
3145 1391 3237 1444 τὸν
3268 1391 3396 1443 Υίδν
3416 1432 3431 1456 ,
3470 1392 3557 1444 ὅτε
3599 1392 3692 1443 καὶ
3720 1389 3813 1457 γέ-

2244 1504 2400 1557 γονεν
2424 1488 2489 1539 ὲκ
2517 1483 2776 1554 γυναικὸς
2805 1484 2903 1536 καὶ
2939 1482 3043 1534 ὑπὸ
3071 1481 3232 1551 νόμον
3276 1480 3351 1545 ὡς
3380 1481 3661 1550 ἄνθρωπος
3693 1480 3810 1550 μεθ’

2244 1578 2419 1649 ἡμῶν.
2449 1576 2626 1629 καίτοι
2652 1573 2950 1644 νομοθέτης
2978 1571 3054 1624 ὣν
3090 1572 3183 1625 καὶ
3214 1570 3441 1642 Κύριος.
3466 1572 3527 1623 Εί
3564 1571 3620 1623 δὲ
3644 1575 3812 1625 νοοῖτο

2242 1668 2480 1740 γεγονὼς
2513 1670 2572 1722 ὲν
2600 1670 2665 1738 τῇ
2702 1665 2888 1720 δούλου
2914 1667 3094 1736 μορφῇ
3117 1668 3144 1717 ὁ
3165 1664 3311 1727 Υἱὸς,
3344 1659 3461 1716 εἶτα
3486 1664 3808 1717 ἀποστέλλε-

2248 1759 2371 1814 σθαι
2412 1759 2622 1827 λέγοιτο
2647 1756 2795 1828 παρά
2822 1755 2913 1808 τοῦ
2939 1757 3051 1808 Πατ
3062 1756 3171 1824 ρος,
3197 1754 3348 1808 οὐδὲν
3390 1754 3525 1819 ὅλως
3553 1756 3809 1824 ὑπομένει

567 1840 944 1905 ιϊὶιηοηιιιωι,
1005 1842 1367 1899 nihilominus
1425 1845 1474 1899 ei
1527 1847 2027 1904 consubstantialis
2085 1857 2136 1905 et

2240 1852 2301 1904 τὸ
2329 1850 2542 1920 βλάϐος,
2570 1851 2650 1913 είς
2693 1849 2752 1902 τὸ
2774 1843 2913 1901 εἶναι
2937 1847 3033 1900 καὶ
3055 1845 3337 1917 ὁμοούσιος
3365 1846 3512 1916 αύτῷ
3564 1847 3653 1899 καί⁵
3704 1847 3811 1899 iso-

568 1930 750 2000 gloria-
773 1948 894 2001 par,
926 1933 1188 2004 nullaque
1222 1951 1282 1989 re
1316 1951 1554 2005 prorsus
1582 1937 1931 1993 imminutus.
1966 1939 2141 1996 Voces

567 2020 836 2090 siquidem
881 2031 1086 2077 nostrae
1115 2024 1161 2080 si
1191 2023 1260 2079 de
1292 2022 1411 2080 Deo
1445 2025 1834 2093 enuntientur,
1863 2042 1972 2081 non
2004 2028 2142 2082 adeo

566 2119 882 2165 accuratum
912 2126 1139 2167 examen
1169 2113 1505 2179 admittunt,
1539 2130 1640 2170 nec
1665 2132 1759 2172 eas
1784 2117 2039 2185 accipere
2068 2123 2139 2172 ita

564 2209 783 2269 oportet
818 2209 881 2257 ut
908 2215 975 2257 ex
1002 2212 1191 2257 nostra
1226 2204 1630 2262 consuetudine
1661 2215 1908 2271 sonant,
1941 2208 2037 2265 sed
2079 2216 2141 2262 ut

563 2292 764 2348 divina:
815 2309 1197 2367 suprema’que
1236 2306 1450 2352 naturae
1477 2300 1760 2354 convenit.
1785 2300 1929 2367 Quid
1957 2302 2101 2357 enim
2122 2341 2138 2366 ,

565 2384 611 2438 si
640 2384 881 2439 hominis
914 2385 1098 2455 lingua
1123 2402 1233 2441 non
1260 2388 1424 2443 liabet
1449 2405 1617 2445 voces
1638 2392 1704 2445 ad
1729 2394 2138 2448 enarrationem

562 2475 762 2530 divina:
782 2476 1232 2546 gloriieidoueas?
1252 2479 1435 2545 Quare
1452 2482 1754 2537 absurdum
1777 2492 1886 2551 est,
1913 2494 2140 2555 propter

565 2568 821 2622 humana:
855 2568 1054 2638 lingua:
1084 2570 1457 2627 inﬁrmitatem
1485 2580 1543 2627 et
1572 2574 1834 2630 dictionis
1871 2575 2137 2645 jejunita-

571 2666 679 2711 tem
740 2673 805 2713 ac
858 2658 1135 2731 inepfam,
1196 2677 1467 2733 suprema:
1542 2666 1873 2736 caelestique
1950 2669 2139 2738 gloriae

557 2751 910 2806 eminentiam
960 2753 1102 2810 laedi.
1146 2754 1462 2811 Memineris
1501 2757 1817 2816 Salomonis
1858 2761 2135 2818 dicentis:

565 2863 584 2894 ι
609 2840 795 2898 Gloria
825 2844 1040 2901 Domini
1069 2847 1317 2903 occultat
1343 2864 1710 2905 sermonem»
1732 2851 1965 2907 Curiose
1988 2854 2135 2908 enim

562 2934 899 3003 iuquirentes
924 2936 1139 2992 Domini
1165 2939 1394 3006 gloriam
1415 2980 1429 3004 ,
1451 2939 1795 2997 similesillis
1824 2958 2020 2997 sumus
2043 2943 2136 3014 qui

563 3028 744 3094 palmo
776 3029 974 3082 cmlum
1004 3031 1183 3084 metiri
1218 3031 1411 3085 volunt
1444 3033 1508 3085 ¹⁷.
1544 3031 1713 3103 Igitur
1741 3050 1864 3088 cum
1896 3035 2137 3090 lmmano

561 3133 712 3172 more
738 3119 947 3189 aliquid
974 3120 1185 3176 dicitur
1212 3123 1280 3178 de
1326 3122 1437 3178 Deo
1458 3166 1473 3190 ,
1502 3126 1807 3194 accipiatur
1833 3135 1893 3181 ut
1922 3128 1990 3182 de
2020 3127 2132 3184 Deo

2241 1943 2404 2012 κλεὴς
2441 1943 2535 1995 καὶ
2561 1941 2679 1993 κατ’
2708 1939 2856 1993 οὐδὲν
2897 1938 3032 2001 ὅλως
3076 1935 3574 2007 μειονεκτούμενος.
3610 1938 3674 1989 Αἱ
3702 1936 3809 2004 γάρ

2239 2050 2322 2087 τοι
2347 2032 2520 2097 λέξεις
2544 2034 2598 2084 αἱ
2634 2030 2762 2101 παρ’
2798 2028 3029 2099 ἠμῶνλεί
3078 2028 3207 2096 περὶ
3229 2026 3806 2097 Θεοῦπροσφὲροιντο,

2241 2127 2337 2198 τὴν
2363 2122 2563 2195 ἀκριϐῆ
2593 2120 2985 2193 παραιτοῦνται
3009 2118 3242 2188 βάσανον
3262 2135 3276 2149 ο
3313 2118 3418 2188 χρὴ
3442 2118 3499 2171 δὲ
3521 2117 3689 2181 αὐτὰς
3712 2119 3807 2187 οὐχ

2241 2218 2382 2271 οὕτω
2414 2218 2551 2268 νοεῖν
2598 2212 2739 2266 κατά
2774 2212 2873 2282 τὴν
2906 2213 2962 2265 ὲν
3007 2213 3138 2280 ἡμῖν
3171 2210 3454 2281 συνήθειαν
3498 2210 3658 2277 λέγω,
3693 2210 3808 2264 ἀλλ’

2240 2308 2315 2371 ώς
2349 2308 2414 2362 ἂν
2445 2306 2583 2376 αὐτῇ
2628 2304 2823 2372 πρέποι
2850 2305 2915 2372 τῇ
2944 2302 3063 2371 θείᾳ
3106 2303 3197 2355 καὶ
3232 2303 3509 2372 ὑπερτάτη
3542 2302 3719 2369 φύσει.
3744 2302 3809 2355 Ti

2240 2401 2367 2471 γὰρ,
2387 2402 2435 2452 ει
2459 2400 2533 2467 μὴ
2563 2398 2674 2467 ἔχει
2693 2395 2875 2464 φωνὰς
2905 2396 2937 2465 ἡ
2964 2393 3251 2467 ἀνθρώπου
3270 2392 3490 2460 γλῶττα
3508 2394 3810 2462 δυναμένας

2239 2492 2469 2563 ἀρκέσαι
2501 2491 2569 2559 τῇ
2605 2488 2725 2558 θείᾳ
2757 2485 2895 2559 δόξῃς
2931 2485 3068 2555 πρὸς
3113 2484 3407 2555 ὲξήγησιν;
3457 2485 3609 2537 Ἐστι
3633 2483 3810 2537 τοίνυν

2239 2585 2437 2639 ἄτοπον
2465 2581 2551 2635 διὰ
2574 2581 2671 2649 τὴν
2699 2579 2798 2648 τῆς
2848 2576 3195 2648 ἀνθρωπίνης
3254 2575 3497 2645 γλώττης
3528 2576 3809 2629 ἀσθένειαν

2239 2677 2333 2730 καλ⁵
2363 2675 2461 2744 τὴν
2490 2675 2548 2725 ὲν
2570 2670 2711 2735 λέξει
2742 2668 3033 2739 πτωχείανε
3062 2668 3159 2737 τῆς
3195 2668 3454 2721 ἀνωτάτω
3491 2668 3679 2720 πασῶν
3712 2668 3810 2720 δό-

2239 2766 2334 2836 ξης
2359 2760 2656 2818 ἀδικεῖσθαι
2687 2760 2784 2831 τὴν
2811 2758 3104 2829 ὑπεροχήν.
3129 2758 3392 2827 Μέμνησο
3417 2756 3510 2810 τοῦ
3536 2757 3811 2825 Σολομῶν-

2236 2876 2325 2921 τος
2350 2857 2598 2925 λέγοντος
2619 2872 2633 2885 ’
2672 2872 2689 2904 ι
2730 2852 2867 2919 Δόξα
2887 2852 3093 2923 Κυρίου
3131 2850 3362 2919 κρύπτει
3388 2849 3565 2916 λόγον.
3602 2869 3619 2900 ι
3649 2850 3808 2919 Περι-

2239 2948 2591 3022 εργαζόμενοι
2631 2944 2740 3015 γὰρ
2795 2942 3040 3014 ἀκριϐῶς
3096 2943 3194 3009 τὴν
3244 2942 3339 2995 τοῦ
3379 2940 3585 3011 Κυρίου
3630 2939 3803 3004 δόξαν,

2237 3041 2494 3110 ἐοίκαμεν
2522 3040 2633 3101 τοῖς
2656 3036 2897 3090 ἐθέλουσι
2927 3033 3174 3104 σπιθαμῇ
3223 3033 3488 3103 μετρῆσαι
3527 3032 3620 3085 τὸν
3641 3033 3807 3102 ούρα-

2238 3133 2346 3187 νόν.
2384 3130 2593 3185 Οὐκοῦν
2624 3130 2753 3183 ὅταν
2780 3126 3133 3197 ἀνθρωπίνων
3166 3143 3219 3178 τι
3245 3124 3469 3193 λέγηται
3498 3125 3626 3195 περὶ
3651 3125 3807 3189 Θεοῦ,

558 3210 833 3263 convenit.
854 3209 995 3275 Quid
1019 3211 1165 3265 enim
1192 3228 1322 3283 agas
1346 3229 1471 3269 cum
1494 3216 1687 3270 audias
1707 3226 1997 3273 canentem
2026 3217 2132 3271 Da-

2239 3223 2463 3279 νοείσθω
2485 3220 2823 3292 θεοπρεπῶς.
2865 3221 3021 3274 Ἐπεὶ
3048 3219 3102 3271 τί
3132 3218 3375 3289 ποιήσεις
3414 3217 3542 3269 ὅταν
3573 3217 3809 3286 ἀκούσης

562 3300 773 3383 videm:
803 3320 821 3351 ι
846 3300 950 3367 Qui
982 3302 1143 3359 sedes
1174 3320 1342 3375 super
1361 3306 1677 3372 Cbcrubim,
1704 3323 1931 3377 appare,
1957 3310 2137 3364 excita

562 3400 881 3462 potestatem
924 3400 1099 3456 tuam,
1126 3405 1181 3449 et
1224 3398 1345 3451 vcni
1390 3397 1456 3451 ad
1498 3398 1831 3452 servandum
1872 3415 1973 3455 nos
2018 3402 2087 3455 ’⁸.
2114 3421 2132 3453 ι

560 3484 848 3549 Quomodo
870 3485 1015 3540 enim
1048 3486 1200 3542 sedet
1224 3486 1369 3557 quod
1396 3496 1479 3542 est
1503 3492 1889 3559 incorporeum
1907 3492 1935 3544 ἲ»
1957 3492 2021 3545 Et
2047 3492 2134 3547 ubi

560 3584 645 3629 est
672 3576 915 3631 universi
951 3575 1099 3631 Deus
1124 3617 1138 3641 ,
1171 3594 1338 3649 quem
1371 3587 1431 3633 ut
1459 3580 1649 3634 veniat
1674 3583 1739 3635 ad
1768 3596 1870 3636 nos
1903 3583 2135 3649 invitat,

561 3666 832 3721 dicentem
858 3668 1063 3737 alioqui
1094 3685 1189 3738 per
1216 3672 1567 3739 prophetam:
1594 3691 1616 3729 ι
1637 3669 1895 3741 Nunquid
1934 3674 2135 3728 caelum

561 3768 615 3811 et
637 3767 838 3813 terram
870 3775 972 3830 ego
1000 3761 1223 3833 impleo,
1249 3764 1387 3817 dicit
1418 3763 1687 3822 Dominus
1709 3769 1750 3799 ω
1768 3768 1820 3819 ’ἲι
1840 3764 2137 3833 Quomodo

564 3853 732 3921 igitur
786 3854 971 3906 veniat
1017 3855 1081 3905 ad
1132 3870 1236 3909 nos
1285 3856 1387 3925 qui
1416 3858 1599 3911 omnia
1654 3858 1890 3928 implet?
1920 3857 2136 3914 Rursus

563 3945 829 4013 scriptum
884 3954 970 4000 est
1020 3946 1217 4000 turrim
1263 3947 1317 4002 in
1366 3950 1568 4003 cmlum
1618 3948 1996 4020 magnitudine
2040 3963 2134 4002 as-

562 4043 873 4102 surgentem
898 4036 1165 4104 quosdam
1191 4038 1469 4093 aadiiicare
1489 4054 1805 4109 aggressos;
1829 4050 1881 4095 et
1906 4040 2134 4096 descen-

563 4126 639 4179 dit
682 4125 946 4183 Dominus
987 4137 1046 4182 ut
1081 4130 1289 4186 videret
1323 4132 1514 4187 urbem
1553 4140 1607 4186 et
1641 4134 1837 4187 turrim
1862 4173 1877 4197 ,
1910 4141 1963 4188 et
1999 4133 2135 4187 dixit

566 4217 861 4274 Dominus:
883 4221 1178 4290 «Agedum,
1199 4222 1599 4279 descendentes
1624 4224 2033 4281 conluudamus
2048 4241 2135 4281 eo-

573 4326 691 4363 rum
732 4310 950 4381 linguas
993 4314 1141 4368 illico
1181 4318 1246 4369 ὀ.
1280 4335 1296 4367 ι
1327 4315 1614 4382 Quomodo
1636 4316 1921 4372 descendit
1945 4316 2133 4371 Domi-

564 4417 699 4468 nus,
728 4404 810 4457 vel
845 4419 951 4472 qua
997 4407 1212 4461 ratione
1257 4418 1445 4462 sancta
1488 4407 1737 4463 Trinitas
1791 4409 2030 4477 seipsam
2064 4409 2130 4463 ad

562 4497 889 4551 descensura
922 4497 1175 4552 hortatur
1199 4500 1222 4551 ζ’
1249 4498 1387 4565 Quid
1414 4515 1575 4564 vero,
1604 4500 1692 4554 dic
1723 4500 1857 4552 mihi
1882 4539 1895 4562 ,
1925 4508 1978 4553 et
2014 4500 2133 4569 ipse

2239 3312 2531 3382 ψάλλοντος
2558 3309 2650 3363 τοῦ
2676 3308 2839 3362 Δαὸίδ
2858 3325 2871 3340 ·
2899 3325 2917 3359 ι
2958 3308 3018 3361 Ὀ
3035 3305 3342 3377 καθήμενος
3363 3306 3455 3358 ἐπὶ
3476 3305 3582 3358 τῶν
3606 3307 3680 3359 Χε
3690 3322 3807 3376 ρου-

2239 3402 2375 3472 6ὶμ,
2421 3400 2716 3472 ὲμφάνηθι,
2754 3399 3028 3468 ἑξέγειρον
3064 3399 3162 3468 τὴν
3198 3396 3515 3451 δυναστείαν
3547 3413 3676 3460 σου,
3716 3397 3809 3450 καὶ

2238 3494 2358 3547 ἐλθὲ
2386 3495 2466 3556 εἰς
2495 3494 2555 3546 τὸ
2583 3493 2753 3546 σῶσαι
2781 3493 2958 3563 ήμᾶςς
2990 3508 3008 3541 ι
3044 3489 3169 3550 Πῶς
3195 3489 3303 3558 γὰρ
3337 3489 3567 3559 κάθηται
3588 3489 3649 3542 τὸ
3669 3488 3809 3542 ἀσώ-

2242 3604 2407 3657 ματον
2428 3603 2442 3651 ;
2477 3584 2585 3639 Ποῦ
2612 3585 2669 3639 δὲ
2695 3585 2821 3637 ὄντα
2842 3582 2949 3636 τῶν
2971 3582 3108 3636 ὅλων
3129 3581 3260 3634 Θεὸν
3286 3581 3420 3652 πρὸς
3452 3582 3599 3650 ἡμᾶς
3620 3579 3809 3647 ἀψικέο

2240 3679 2363 3733 σθαι
2414 3676 2722 3749 παρακαλεῖ
2767 3676 2859 3728 τὸν
2909 3673 3137 3742 λέγοντα
3188 3671 3276 3724 διὰ
3325 3670 3432 3724 τῶν
3482 3670 3805 3741 προφητῶν-⁴

2244 3791 2261 3822 ι
2285 3770 2375 3841 Μὴ
2402 3770 2522 3839 οὐχὶ
2550 3769 2639 3821 τὸν
2660 3768 2719 3821 ού
2730 3766 2884 3837 ρανὸν
2901 3766 2994 3818 καὶ
3024 3764 3121 3835 τὴν
3146 3762 3252 3832 γῆν
3272 3760 3381 3828 ἐγὼ
3412 3761 3601 3831 πληρῶ
3622 3778 3636 3823 ;
3664 3760 3813 3828 λέγει

2237 3862 2463 3933 Κύριος.
2504 3859 2615 3913 Ποῦ
2638 3859 2817 3912 τοίνυν
2853 3857 2918 3911 ἂν
2947 3856 3074 3926 ἔλθῃ
3098 3854 3232 3925 πρὸς
3260 3854 3405 3923 ἡμᾶς
3426 3854 3452 3905 6
3479 3852 3653 3906 πάντα
3676 3850 3809 3921 πλη-

2238 3954 2382 4027 ρῶν;
2436 3952 2604 4005 Πάλιν
2654 3949 3004 4019 γέγραπται,
3064 3946 3145 3999 ὅτι
3198 3943 3406 4014 πύργον
3457 3942 3810 4011 οὐρανομήκη

2236 4040 2634 4104 κατεσκεύαζόν
2680 4056 2844 4101 τινες.
2900 4035 3242 4103 Καὶπκατέϐη
3298 4032 3502 4104 Κύριος
3557 4031 3680 4085 ἰδεῖν
3712 4032 3811 4103 τὴν

2236 4136 2389 4188 πόλιν
2411 4134 2505 4188 καὶ
2530 4132 2619 4185 τὸν
2639 4131 2847 4202 πύργον
2867 4146 2879 4161 ·
2913 4130 3005 4182 καὶ
3028 4124 3149 4181 εἷπε
3178 4127 3379 4199 Κύριος
3397 4143 3409 4155 ·
3455 4143 3487 4174 ιν
3504 4123 3668 4177 Δεῦτε
3718 4125 3811 4177 καὶ

2235 4224 2569 4286 καταϐάντες
2622 4222 2939 4290 ωγχέωμεν
2988 4219 3171 4273 αὐτῶν
3202 4218 3301 4281 τάς
3329 4216 3579 4285 γλώσσας
3606 4217 3741 4269 ἐκεῖ.
3785 4235 3804 4267 ι

2237 4319 2343 4371 Ποῦ
2372 4316 2575 4386 κατέϐη
2628 4314 2861 4385 Κύριος;
2907 4312 3091 4383 ἢκτίνα
3144 4312 3400 4381 τρόπονὴ
3462 4307 3593 4375 ἁγία
3642 4305 3812 4376 Τριάς

2235 4408 2432 4479 ἑαυτὴν
2456 4409 2535 4469 εἰς
2562 4406 2797 4461 κάθοδον
2816 4404 3177 4475 παροτρύνεις
3210 4402 3273 4454 Τί
3299 4400 3377 4466 δὲ,
3418 4399 3542 4452 εἰπέ
3569 4416 3681 4469 μοι,
3716 4398 3807 4450 καὶ

2236 4500 2397 4562 αὐτὸς
2426 4500 2454 4551 ὁ
2485 4497 2936 4568 Πατὴρπέμπειν
2970 4496 3102 4565 ἡμῖν
3136 4492 3200 4557 ἐξ
3228 4490 3458 4561 οὐρανοῦ
3494 4490 3587 4543 τὸν
3621 4488 3808 4559 Παρὰ-

563 4587 727 4643 Pater
756 4588 1055 4643 missurum
1091 4604 1150 4644 se
1185 4591 1346 4644 nobis
1380 4606 1412 4644 e
1444 4591 1587 4644 coelo
1618 4589 1964 4643 Paracletum
2007 4606 2133 4659 pro-

2239 4591 2433 4661 κλητον
2455 4588 2846 4658 ὲπηγγέλλετος
2889 4584 3191 4655 Ποῦργάρῆ
3222 4581 3383 4635 πόθεν
3420 4579 3695 4650 πέμπεται
3750 4579 3813 4631 τὸ

562 4681 761 4736 misit?
794 4679 893 4735 Ubi
932 4680 1079 4734 enim
1116 4682 1196 4735 vel
1235 4680 1386 4734 unde
1416 4682 1657 4735 mittitur
1695 4682 1795 4734 hoc
1826 4682 1976 4749 quod
2012 4698 2130 4735 0m-

562 4773 652 4825 nia
684 4773 910 4842 implet?
938 4792 956 4824 ι
990 4770 1234 4842 Spiritus
1262 4773 1405 4827 enim
1435 4773 1647 4827 Domini
1677 4772 1911 4841 replevit
1941 4772 2131 4827 orbem

563 4871 830 4916 terrarum
875 4864 953 4929 “,
989 4883 1007 4915 ι
1045 4872 1102 4917 ut
1136 4863 1404 4932 scriptum
1445 4870 1552 4917 est.
1595 4862 1764 4932 Igitur
1799 4876 1959 4916 voces
2012 4875 2135 4930 qua:

562 4953 862 5008 secundum
892 4969 993 5008 nos
1025 4964 1183 5016 sunt,
1212 4952 1524 5024 significant
1568 4967 1630 5007 ca
1681 4967 1803 5020 qua:
1840 4967 2006 5022 supra
2037 4967 2138 5008 nos

563 5053 727 5109 sunt,
761 5045 807 5101 si
850 5047 919 5101 de
968 5044 1079 5100 Deo
1112 5045 1387 5100 dicantur.
1448 5042 1545 5099 Vis
1589 5043 1878 5112 concipere
1928 5043 2136 5113 aliquid

563 5152 748 5191 rerum
782 5135 1053 5206 ejusmodi
1093 5136 1418 5201 diliicilium,
1474 5134 1673 5189 deinde
1722 5134 1820 5187 tibi
1871 5134 1936 5188 ad
1985 5150 2137 5189 com-

564 5229 987 5298 prehensionem
1010 5230 1232 5285 animus
1254 5227 1567 5282 imbecillus
1584 5235 1691 5291 est,
1710 5225 1869 5296 idque
1892 5233 2005 5280 tute
2024 5226 2140 5295 ipse

563 5324 779 5377 tentis?
807 5322 881 5377 Ne
914 5322 1104 5393 iniquo
1131 5322 1321 5375 animo
1355 5319 1522 5383 feras,
1550 5334 1585 5373 ο
1618 5318 1784 5372 homo
1806 5358 1821 5382 ,
1856 5318 2029 5372 fatere
2059 5317 2135 5371 tui

564 5409 738 5479 ipsius
779 5420 991 5466 naturae
1026 5410 1401 5465 inﬁrmitatem
1434 5449 1449 5472 ,
1491 5408 1812 5463 memineris
1850 5406 2133 5461 dicentis:

571 5521 589 5550 ‹
621 5502 871 5557 Fortiora
902 5503 1062 5572 671
1103 5509 1154 5555 te
1181 5515 1249 5554 ne
1277 5514 1491 5567 qumras
1524 5500 1571 5530 ²²
1598 5514 1611 5550 :
1644 5517 1663 5549 ι
1689 5513 1812 5552 cum
1854 5498 1909 5551 in
1944 5499 2134 5552 orbem

564 5594 703 5651 solis
732 5593 955 5646 oculum
985 5590 1233 5659 corporis
1262 5586 1569 5641 intenderis
1590 5625 1603 5651 ,
1631 5587 1813 5639 statim
1848 5587 2134 5649 averteris,

643 5707 684 5737 ’⁵
716 5706 892 5759 Calai.
928 5720 1002 5768 tv,
1037 5704 1090 5757 .ι.
1171 5704 1211 5735 ¹⁶
1239 5702 1356 5756 Jac.
1392 5718 1463 5763 tv,
1494 5700 1576 5752 19..
1656 5702 1696 5730 ”
1727 5698 1886 5751 Prov.
1921 5715 2044 5763 xw,
2071 5701 2120 5753 ‘2.

572 5776 618 5811 ²⁰
662 5776 773 5829 Gen
820 5791 893 5839 ιι,
924 5776 977 5826 7.
1055 5775 1092 5805 ²¹
1136 5773 1265 5841 Sap.
1298 5789 1345 5838 ι,
1376 5771 1425 5823 7.
1505 5774 1545 5801 ²²
1590 5770 1755 5823 i‘lccli.
1787 5785 1879 5832 ιιι,
1912 5767 2001 5820 9.2.

2242 4684 2419 4735 πάντα
2454 4680 2722 4752 πληροῦνς
2762 4699 2779 4730 ι
2816 4677 3041 4747 Πνεῦμα
3066 4676 3174 4743 γὰρ
3225 4674 3432 4744 Κυρίου
3480 4671 3811 4741 πεπλήρωκε

2239 4772 2337 4842 τὴν
2361 4770 2706 4840 οἰκουμένην,
2741 4788 2759 4819 ι
2815 4766 2958 4821 καθὰ
3020 4766 3350 4834 γέγραπται.
3394 4759 3603 4813 Οὐκοῦν
3640 4761 3696 4811 αἱ
3727 4758 3814 4810 λέ-

2240 4863 2352 4929 ξεις
2385 4863 2441 4914 αἱ
2474 4859 2596 4914 καθ’
2646 4860 2816 4929 ἡμᾶς,
2850 4856 2919 4909 τὰ
2958 4856 3099 4924 ὑπὲρ
3132 4854 3277 4923 ἡμᾶς
3327 4850 3710 4921 σημαίνουσιν,
3763 4849 3813 4901 εί

2240 4955 2333 5008 ἐπὶ
2353 4952 2487 5006 Θεοῦ
2517 4952 2779 5019 λέγοιντο.
2808 4948 2992 5001 Βούλει
3024 4964 3077 4999 τι
3099 4948 3288 5015 νοῆσαι
3316 4943 3423 4996 τῶν
3461 4943 3602 4996 οῦτω
3626 4943 3815 5011 δυσχεο

2241 5043 2370 5114 ρῶν,
2394 5038 2510 5094 εῖτ-ἀ
2549 5057 2633 5092 σοι
2662 5038 2797 5109 πρὸς
2830 5033 3139 5103 κατάληψιν
3181 5034 3208 5084 ὁ
3241 5030 3366 5091 νοῦς
3411 5028 3628 5082 ἀσθενεῖ
3656 5065 3670 5089 ,
3719 5027 3813 5078 καὶ

2239 5133 2396 5185 τοῦτο
2450 5129 2661 5189 παθὼν,
2708 5127 2969 5198 αἱσθάνῃ;
3009 5124 3100 5194 Μὴ
3152 5121 3483 5192 χαλεπήνῃς,
3536 5116 3811 5186 ἄνθρωπε,

2239 5223 2487 5293 ὁμολόγει
2508 5222 2605 5291 τῆς
2636 5219 2802 5273 αὑτοῦ
2833 5218 3047 5287 φύσεως
3080 5215 3179 5284 τὴν
3210 5212 3492 5267 ἀσθένειαν
3511 5248 3527 5273 ,
3571 5206 3814 5278 μέμνησο

2240 5313 2333 5366 τοῦ
2371 5312 2621 5378 λέγοντος
2644 5327 2657 5340 ·
2706 5331 2723 5360 ι
2761 5306 3105 5379 ’ἰσχυρότερά
3139 5321 3231 5357 σου
3289 5302 3363 5372 μὴ
3402 5301 3583 5371 ζήτει·
3624 5297 3813 5348 »ὅταν

2242 5408 2322 5468 εἰς
2356 5404 2444 5457 τὸν
2472 5402 2564 5457 τοῦ
2603 5402 2753 5472 ἡλίου
2778 5400 2974 5455 κύκλον
3016 5398 3107 5451 τὸν
3140 5393 3235 5449 τοῦ
3269 5393 3517 5463 σώματος
3538 5384 3815 5456 ὀφθαλμὸν
3846 5478 3849 5481 Δ

2242 5496 2550 5567 ὰνατείνῃς,
2594 5495 2755 5558 εὐθὺς
2789 5493 3173 5564 ἀποστρέφεις,
3224 5490 3297 5558 τῇ
3320 5485 3412 5539 τοῦ
3442 5481 3616 5579 quasi);
3647 5493 3814 5579 προσ-

2244 5589 2373 5659 ϐολῇ
2405 5586 2725 5657 νικώμενος.
2770 5584 2967 5638 Ἰστέον
2987 5583 3051 5653 δὴ
3078 5577 3169 5635 οὖν
3199 5581 3281 5634 ὅτι
3319 5576 3411 5630 καὶ
3438 5577 3473 5645 ἡ
3499 5570 3617 5625 θεία
3654 5570 3813 5638 φύάις

2208 5704 2247 5732 ⁸η
2275 5700 2419 5757 l‘sal.
2456 5714 2642 5766 LXXIX,
2670 5698 2733 5763 5;
2771 5695 2873 5752 lsa.
2910 5709 3114 5760 xxxv",
3150 5692 3227 5748 l6.
3310 5690 3349 5722 "
3384 5687 3583 5745 Jcrcm.
3614 5694 3691 5747 llt,
3721 5679 3809 5734 ει.
