4144 6480
292 378 363 439 29
1137 380 1201 436 IN
1239 353 1589 439 10mm.
1626 382 1844 439 ——LlB.
1890 384 1979 439 vn
2013 383 2102 438 ET
2144 384 2258 440 Vlll
2302 384 2750 445 maenaa“.
3474 396 3547 450 ao

292 505 409 575 φῶς
437 504 728 577 ἀπρόσιτον
753 502 923 556 οίκεῖο
952 500 1245 572 ἀπρόσιτον
1277 502 1333 555 δὲ
1368 505 1489 565 ταῖς
1516 502 1621 555 τῶν
1646 519 1867 573 περιερ-

1986 505 2336 574 ajacubt'ione
2369 505 2575 562 lumine
2609 505 2941 576 perstrictus
2983 506 3292 580 victusque.
3359 512 3549 569 Scien-

293 597 609 666 γαζομένων
630 594 907 658 διανοίαις.
933 593 1053 665 Χρὴ
1075 593 1272 656 τοίνυν,
1310 594 1438 647 ὅταν
1470 594 1563 646 καὶ
1594 592 1871 664 ἀνθρωπί-

293 706 410 751 ναις
438 690 643 757 φωναῖς
668 685 893 757 λαλῆται
914 686 980 738 τὰ
1018 686 1147 755 περὶ
1173 685 1331 748 Θεοῦ,
1376 684 1540 755 μηδὲν
1562 684 1868 754 λογίζεσθαι

293 779 567 842 ταπεινὸν,
594 776 709 831 ἁλλ’
741 778 800 829 ὲν
823 778 888 848 τῇ
924 776 1170 847 πτωχείᾳ
1194 776 1303 829 τῶν
1326 776 1448 829 καθ’
1471 776 1620 844 ἡμᾶς
1646 775 1866 841 λέξεων,

294 867 382 919 τὸν
418 867 519 936 τῆς
549 866 699 929 θείας
726 865 882 937 δόξης
912 864 1373 936 κατοπτρίζεσθαι
1409 863 1656 920 πλοῦτον.
1677 865 1742 917 Τί
1762 864 1871 937 γὰρ

295 961 342 1011 εἰ
382 958 767 1011 ἀποστέλλεται
800 956 953 1028 παρὰ
981 957 1074 1010 τοῦ
1107 956 1315 1025 Πατρὸς
1343 959 1371 1010 6
1417 956 1585 1020 Υίός;
1613 952 1759 1026 1ΓΑρα
1784 956 1873 1009 διὰ

295 1048 453 1102 τοῦτο
503 1050 741 1104 ἐλάττων
788 1048 975 1113 Ecl-rat;
1025 1048 1233 1103 Οὐκοῦν
1262 1049 1390 1102 ὅταν
1421 1050 1484 1102 ὲκ
1514 1048 1609 1101 τοῦ
1645 1047 1870 1118 ἡλιακοῦ

298 1140 549 1211 σώματος
576 1142 638 1195 τὸ
664 1142 725 1207 ἐξ
765 1142 930 1196 αὐτοῦ
960 1142 1244 1212 πέμπηται
1276 1141 1412 1210 φῶς,
1437 1141 1725 1213 ἑτεροφυές
1755 1143 1871 1195 ἐστι

297 1234 426 1302 παρ’
458 1233 610 1299 αὐτὸ,
645 1234 740 1287 καὶ
769 1236 827 1287 ὲν
852 1234 1097 1287 ἐλάττοσι
1126 1233 1255 1303 παρ’
1293 1232 1488 1298 αὑτοῦ;
1532 1236 1722 1289 Καίτοι
1756 1235 1873 1299 πῶς

294 1324 454 1378 τοῦτο
485 1328 579 1378 καὶ⁸
625 1326 785 1397 μόνον
832 1328 1119 1398 ἐννοῆσαι,
1177 1326 1277 1379 οὐκ
1332 1326 1578 1397 ἁμαθές;
1607 1328 1727 1392 Φῶς
1778 1325 1872 1382 οὖν

298 1417 562 1488 ὑπάρχων
594 1420 687 1472 τοῦ
716 1420 926 1490 Πατρὸς
955 1421 983 1471 6
1007 1418 1153 1481 Υἱὸς,
1193 1418 1469 1489 πέμπεται
1526 1420 1655 1491 πρὸς
1700 1421 1868 1491 ἡμᾶς,

298 1508 373 1569 ὡς
400 1506 553 1576 ἡλίου
578 1507 737 1577 τυχὸν
770 1508 940 1575 αὐγὴν
974 1506 1451 1575 ἁπαστράψαντος.
1484 1509 1549 1559 Ὃ
1573 1506 1636 1577 δὴ
1671 1509 1764 1560 καὶ
1789 1525 1876 1576 γε·

300 1597 489 1651 νὲσθαι
518 1597 815 1669 παρεκάλει
838 1596 1010 1664 λέγων
1043 1599 1071 1650 6
1099 1596 1262 1649 Δαδίδ
1281 1612 1295 1626 ’
1326 1618 1343 1649 ι
1380 1596 1792 1662 Ἐξαπόςτειλον
1815 1599 1874 1651 τὸ

303 1685 417 1752 φῶς
455 1704 547 1739 σου
579 1688 671 1739 καί
704 1686 801 1757 τὴν
824 1686 1081 1758 ἀλήθειάν
1102 1704 1217 1741 σου.
1252 1706 1270 1738 ι
1297 1688 1408 1741 Καὶ
1429 1689 1478 1740 εί
1501 1688 1629 1752 δόξα
1658 1688 1777 1742 ἐστὶ
1796 1688 1875 1759 τῷ

302 1777 497 1845 Πατρὶ,
529 1776 589 1829 τὸ
624 1775 737 1844 φῶς
766 1776 931 1846 ἔχειν,
962 1778 1078 1840 πῶς
1105 1776 1348 1843 ἔλαττον,
1378 1778 1563 1850 φησὶν,
1606 1779 1771 1834 αὑτοῦ
1809 1780 1871 1834 τὸ

1971 594 2101 648 dum
2134 610 2353 665 quoque
2400 604 2652 650 naturam
2684 595 2928 650 divinam
2965 596 3216 655 habitare
3248 601 3302 656 in
3340 602 3549 660 lumine

1973 688 2261 742 inaccesso
2282 728 2295 746 .
2330 694 2384 743 et
2416 689 2636 757 quidem
2675 674 2963 744 inaccesso
2996 690 3353 747 curiosorum
3388 711 3545 749 men-

1971 777 2141 833 tibus.
2162 776 2341 843 Quare
2365 787 2606 845 oportet,
2641 778 2741 832 'ubi
2773 777 2840 833 de
2873 777 2982 833 Deo
3020 780 3281 836 humanis
3312 784 3546 837 vocibus

1973 885 2153 925 Sermo
2207 870 2333 931 flet,
2389 870 2525 923 nihil
2562 870 2836 939 ahjectum
2874 879 2967 925 aut
3003 870 3207 928 humile
3265 875 3544 944 co‘gitare,

1973 957 2067 1012 sed
2114 958 2169 1011 in
2222 966 2549 1028 paupertate
2597 974 2661 1014 ac
2714 961 3071 1017 mendicitate
3118 972 3321 1019 nostra:
3352 965 3549 1020 dictio-

1972 1050 2094 1113 nis,
2127 1049 2328 1103 divinte
2356 1050 2557 1119 gloriae»
2578 1059 2838 1118 tanquam
2879 1053 2933 1106 in
2966 1054 3193 1124 speculo
3228 1055 3428 1111 intueri
3462 1056 3549 1109 di-

1973 1143 2153 1197 vitias.
2181 1141 2322 1208 Quid
2347 1141 2494 1197 enim
2521 1142 2565 1195 si
2592 1141 2831 1195 mittitur
2854 1157 2883 1195 a
2904 1142 3067 1200 Patre
3091 1143 3267 1201 Filius
3285 1146 3407 1200 ?An
3431 1162 3553 1217 pro-

1974 1242 2163 1305 pterea
2198 1234 2379 1288 minor
2421 1233 2570 1288 erit?
2634 1232 2806 1303 Igitur
2854 1248 2978 1287 cum
3026 1250 3056 1289 e
3105 1250 3338 1306 corpore
3379 1238 3553 1293 solari

1974 1324 2212 1378 mittitur
2230 1324 2344 1385 lux,
2364 1324 2599 1377 diversa:
2619 1330 2830 1376 naturae
2854 1324 2920 1377 ab
2936 1338 3001 1377 eo
3019 1333 3102 1379 est
3130 1340 3193 1379 ac
3217 1328 3509 1384 deterioris
3526 1330 3555 1384 ?

1975 1412 2131 1479 Quod
2158 1411 2377 1482 quidem
2419 1414 2501 1467 vel
2527 1420 2740 1466 tantum
2780 1412 3029 1482 cogitare
3063 1428 3245 1471 nonne
3274 1426 3369 1471 est'
3399 1434 3549 1471 sunt-

1977 1518 2078 1556 maa
2108 1501 2446 1572 imperitize?
2484 1501 2600 1555 Lux
2640 1502 2808 1572 igitur
2850 1502 3030 1558 Patris
3056 1505 3339 1562 exsistens
3375 1506 3553 1565 Filius

1976 1594 2212 1647 mittitur
2228 1593 2293 1647 ad
2328 1607 2452 1657 nos,
2481 1600 2747 1663 tanquam
2781 1594 2900 1648 sole
2933 1594 3124 1665 utique
3155 1596 3367 1651 radium
3397 1600 3552 1653 emit-

1977 1694 2144 1740 tente.
2170 1685 2323 1751 Quod
2351 1685 2571 1755 quidem
2601 1685 2717 1741 fieri
2749 1688 3084 1756 precabatur
3110 1686 3279 1743 David
3314 1690 3504 1747 dicens
3532 1710 3562 1746 :~

1983 1796 2001 1829 ι
2033 1776 2235 1830 Emitte
2266 1776 2441 1829 lucem
2474 1785 2620 1829 tuam
2646 1784 2699 1830 et
2728 1777 3011 1833 veritatem
3045 1787 3194 1832 tuam
3240 1780 3309 1834 “.
3344 1800 3361 1832 ι
3390 1781 3456 1835 Ει
3501 1784 3564 1837 si-

298 1868 357 1917 ἐν
399 1860 445 1932 ᾧ
486 1866 798 1933 δοξάζεται;
832 1869 942 1922 Καὶ
970 1868 1130 1932 αὐτὸς
1162 1869 1218 1922 δὲ
1260 1871 1289 1923 6
1327 1869 1453 1933 Υίὸς
1508 1872 1637 1943 περῖ
1674 1870 1868 1926 ἑαυτοῦ

1986 1866 2152 1938 gloria
2183 1874 2269 1921 est
2296 1864 2479 1920 Patris
2510 1866 2686 1920 lucem
2718 1865 2923 1921 habere
2943 1905 2958 1929 ,
2992 1867 3267 1935 quomodo
3296 1867 3550 1931 inferius,

295 1957 479 2025 λέγει·
516 1976 535 2008 ι
583 1959 679 2012 Ὃν
707 1960 735 2011 6
761 1959 951 2031 Πατὴρ
984 1960 1178 2031 ἡγίασε
1204 1961 1298 2013 καὶ
1327 1961 1636 2016 ἀπέστειλε.
1675 1981 1693 2013 ι
1719 1963 1793 2015 Τὸ
1818 1961 1877 2016 δὲ

296 2049 555 2116 ’ἡγίασεν
596 2051 629 2120 ἡ
675 2050 867 2121 Γραφὴ
913 2052 1054 2104 κατά
1094 2051 1322 2116 πολλοὺς
1364 2052 1577 2123 δέχεται
1614 2053 1871 2124 τρόπους.

296 2138 530 2205 Λέγεται
551 2139 651 2209 μὲν
665 2140 773 2211 γὰρ
789 2141 1133 2209 ἁγιάζεσθαι,
1152 2144 1213 2196 τὸ
1232 2143 1451 2197 ἁνατιθέ
1459 2162 1620 2215 μενον
1639 2144 1718 2216 τῷ
1733 2144 1873 2215 Θεῷ.

296 2227 407 2278 Καὶ
434 2226 565 2293 γοῦν
593 2227 695 2298 ἔφη
723 2229 858 2299 πρὸς
875 2231 1078 2283 Μωσέα
1098 2248 1110 2261 ·
1145 2250 1163 2283 ι
1198 2231 1448 2300 Ἀγίασόν
1478 2249 1566 2303 μοι
1596 2235 1706 2287 πᾶν
1726 2250 1877 2305 πρω-

294 2316 536 2373 τότοκον.
571 2338 589 2371 ι
636 2319 946 2388 Ἀγιάζεεται
975 2322 1031 2375 δὲ
1057 2324 1219 2376 πάλιν
1238 2322 1298 2376 τὸ
1325 2325 1705 2396 προχειρισθέν
1727 2327 1877 2399 παρὰ

296 2410 435 2463 Θεοῦ
466 2410 602 2481 πρὸς
642 2412 702 2464 τὸ
741 2412 946 2483 πρᾶξαί
975 2431 1026 2466 τι
1062 2415 1169 2467 τῶν
1212 2415 1353 2469 κατὰ
1397 2415 1624 2486 γνώμην
1674 2417 1837 2471 αὐτοῦ
1860 2434 1875 2449 ·

298 2500 442 2553 οὕτω
475 2502 585 2573 γὰρ
613 2503 739 2572 περί
776 2521 834 2555 τε
866 2503 960 2556 τοῦ
992 2504 1175 2577 Κύρου
1200 2506 1295 2559 καὶ
1323 2507 1431 2560 τῶν
1470 2509 1668 2578 Μήδων
1693 2510 1875 2579 φησιν,

298 2593 389 2644 ὅτε
420 2593 521 2663 τῆς
566 2594 925 2649 Βαϐυλωνίων
961 2596 1159 2660 αὐτοὺς
1195 2600 1663 2669 καταστρατεύειν
1684 2602 1842 2672 ἦθελε
1863 2620 1876 2633 ·

306 2702 323 2732 ι
338 2681 595 2751 Γίγαντες
610 2684 858 2753 ἔρχονται
878 2686 1159 2758 πληρῶσαι
1175 2689 1264 2742 τὸν
1280 2689 1449 2759 θυμόν
1465 2707 1587 2761 μου,
1601 2693 1883 2764 χαίροντες

303 2774 419 2843 ἅμα
452 2774 547 2827 καὶ
591 2773 903 2845 ὑϐρίζοντες
936 2779 1259 2849 ἡγιασμένοι
1314 2782 1455 2847 εἰσὶ,
1492 2784 1585 2835 καὶ
1626 2782 1737 2852 ἐγὼ
1762 2784 1880 2853 ἁγω

303 2864 519 2928 αὐτούς.
559 2884 577 2915 ι
626 2866 936 2934 Ἀγιάζεται
975 2868 1032 2921 δὲ
1050 2869 1211 2923 πάλιν
1239 2871 1299 2924 τὸ
1324 2872 1381 2925 ὲν
1417 2873 1631 2943 μεθέξει
1658 2877 1880 2944 γεγονὸς

302 2957 399 3010 τοῦ
433 2959 590 3026 ἁγίου
620 2958 956 3029 Πνεύματος.
984 2961 1195 3015 Οὐκοῦν
1216 2963 1477 3033 ήγιᾶσθαί
1504 2983 1669 3036 φησιν
1690 2969 1880 3021 ἑαυτὸν

307 3049 455 3119 παρὰ
506 3050 599 3103 τοῦ
638 3050 851 3121 Πατρὸς
879 3052 907 3104 6
939 3051 1102 3117 Υίὸς,
1135 3052 1211 3116 ὠς
1254 3056 1703 3125 προχειρισθέντα
1747 3060 1879 3129 παρ’

307 3138 472 3192 αὐτοῦ
530 3141 669 3212 πρὸς
713 3141 1051 3212 κατόρθωσιν
1084 3144 1182 3214 τῆς
1212 3144 1308 3197 τοῦ
1352 3146 1556 3217 κόσμου
1589 3147 1756 3218 ζωῆς,
1787 3149 1881 3203 καὶ

1977 1960 2191 2029 inquit,
2227 1974 2295 2013 eo
2321 1967 2408 2013 est
2442 1958 2493 2013 id
2523 1958 2578 2011 in
2609 1972 2721 2027 quo
2766 1957 3155 2028 gloriﬁcatur?
3201 1957 3320 2029 Ipse
3350 1959 3565 2029 quippe

1976 2053 2149 2108 Filius
2181 2052 2250 2108 de
2278 2036 2461 2122 seipéo
2491 2051 2673 2105 dicit:
2703 2068 2735 2101 ι»
2755 2050 2928 2117 Quem
2976 2049 3143 2104 Pater
3185 2051 3563 2106 sanctiﬁcavit

1977 2153 2031 2200 et
2062 2144 2213 2199 misit
2244 2144 2310 2197 ".
2342 2162 2360 2195 ι
2392 2142 2505 2198 lloc
2529 2158 2669 2198 vero
2690 2142 3052 2211 sanctiﬁcavit
3087 2141 3377 2213 Scriptura
3408 2143 3553 2197 mul-

1977 2238 2050 2292 tis
2081 2236 2255 2290 modis
2284 2235 2508 2305 accipit.
2555 2234 2769 2290 Dicitur
2817 2235 2962 2288 enim
3018 2233 3357 2289 sanetilicari
3408 2234 3567 2304 quod‘

1978 2330 2199 2384 dicatur
2226 2328 2354 2383 Deo.
2390 2329 2457 2383 Et
2481 2327 2702 2398 quidem
2746 2327 2889 2381 dixit
2917 2327 2980 2380 ad
3012 2325 3199 2382 Mosen
3229 2347 3240 2381 :
3278 2344 3299 2379 ι
3333 2326 3556 2381 Saneti-

1981 2418 2081 2473 ﬁca
2126 2418 2258 2472 mihi
2292 2432 2458 2471 omne
2500 2415 2924 2485 primogenitum
2951 2414 3018 2468 “.
3051 2433 3073 2469 ι
3101 2413 3317 2469 Rursus
3347 2415 3558 2469 sancti-

1983 2510 2178 2565 ﬁcatur
2225 2510 2370 2579 quod
2421 2508 2781 2563 commissum
2824 2513 2910 2562 est
2943 2520 2973 2559 a
3007 2502 3120 2560 Deo
3149 2513 3204 2559 et
3240 2506 3565 2575 delegatum

1982 2601 2048 2656 ad
2082 2601 2287 2671 aliquid
2318 2614 2544 2665 eorum,
2574 2614 2696 2669 quae
2728 2598 2827 2668 ipsi
2858 2598 3011 2653 cordi
3059 2608 3226 2661 sunt,
3264 2598 3556 2668 agendum.

1990 2690 2085 2745 Sic
2110 2691 2257 2745 enim
2286 2689 2354 2745 de
2383 2689 2536 2760 Cyro
2556 2697 2611 2743 et
2645 2688 2815 2743 Medis
2844 2688 2943 2750 ait,
2970 2688 3195 2757 quando
3224 2702 3320 2742 eos
3357 2687 3412 2740 in
3455 2687 3559 2739 Ba-

1983 2785 2234 2856 bylonem
2265 2782 2548 2851 suscipere
2568 2781 2973 2852 expeditionem
3003 2780 3177 2835 voluit
3208 2799 3220 2833 :
3250 2797 3267 2830 ι
3301 2778 3559 2849 Gigantes

1982 2878 2208 2932 veniunt
2237 2875 2463 2944 implere
2502 2874 2747 2927 animum
2790 2888 3010 2939 meum;
3058 2871 3362 2941 gaudentes
3392 2870 3557 2924 simul

1980 2974 2035 3021 et
2095 2965 2497 3019 insolescentes
2551 2960 2885 3016 sanctiﬁcati
2939 2967 3105 3021 sunt,
3149 2966 3203 3012 et
3254 2971 3357 3027 ego
3413 2957 3562 3011 duco

1981 3070 2077 3110 eos
2109 3054 2176 3107 ".
2214 3071 2231 3104 ι
2262 3050 2501 3105 Proinde
2532 3050 2696 3105 etiam
2741 3048 3140 3109 sanctilicatur,
3193 3045 3343 3115 quod
3390 3046 3561 3114 partl-

1988 3162 2121 3217 ceps
2153 3152 2239 3202 est
2269 3143 2514 3214 Spiritus
2542 3142 2742 3198 sancti.
2774 3142 2920 3211 Ergo
2952 3138 3126 3193 Filius
3154 3153 3213 3192 se
3246 3136 3561 3192 sanctiﬁca-

307 3231 451 3284 κατὰ
481 3232 580 3302 τῆς
612 3232 721 3286 τῶν
760 3234 1152 3305 ἀντικειμένων
1181 3234 1561 3301 καταλύσεωςο
1596 3238 1628 3309 ἢ
1658 3240 1749 3293 καὶ
1780 3240 1880 3305 ἐτι,

1990 3246 2103 3292 tum
2136 3238 2212 3290 ait
2243 3251 2272 3290 a
2300 3234 2461 3290 Patre
2482 3274 2497 3299 ,
2529 3243 2790 3304 tanquam
2823 3233 2891 3286 ab
2925 3245 2990 3285 eo
3025 3230 3089 3284 ad
3119 3227 3558 3285 emendationem

308 3322 445 3376 καθὸ
476 3322 735 3395 ἐπέμφθη
759 3326 840 3389 είς
860 3326 921 3379 τὸ
945 3325 1085 3398 ὑπὲρ
1111 3326 1211 3396 τῆς
1232 3326 1326 3380 τοῦ
1373 3329 1579 3399 κόσμου
1612 3332 1887 3403 σωτηρίας

311 3414 623 3484 σφαγῆναι·
652 3415 745 3469 καὶ
777 3417 887 3488 γὰρ
916 3418 1047 3486 ἅγια
1072 3418 1390 3485 καλοῦνται,
1412 3420 1508 3473 καὶ
1540 3421 1607 3475 τὰ
1632 3424 1888 3495 ἀφοριζό-

313 3525 449 3576 μενα
481 3510 559 3571 είς
592 3508 784 3563 θυσίαν
810 3510 950 3581 Θεῷ.
998 3512 1288 3579 Ἥγιάσθαι
1317 3511 1376 3565 δέ
1405 3529 1584 3583 φαμεν
1609 3513 1771 3566 αὐτὸν
1796 3514 1888 3567 καὶ

314 3598 431 3666 μεθ’
468 3597 628 3668 ἡμῶν
673 3599 1033 3671 ἀνθρωπίνως
1085 3603 1174 3655 ὅτε
1208 3602 1399 3671 γέγονε
1447 3600 1621 3672 σάρξ⁶
1657 3602 1885 3674 ἡγιάσθη

310 3690 420 3761 γὰρ
449 3690 613 3744 αὐτοῦ
635 3693 668 3759 ἡ
701 3691 857 3763 σὰρξ,
892 3693 1159 3765 δεξαμένη
1198 3696 1290 3747 τὸν
1324 3694 1592 3747 ἑνωθέντα
1622 3695 1758 3765 αὐτῇ
1790 3696 1890 3748 Λό-

312 3796 429 3845 γον,
473 3779 547 3849 μὴ
580 3776 711 3834 οὖσα
745 3781 905 3850 φύσει
958 3782 1109 3851 ἁγία.
1158 3784 1236 3836 Δι’
1272 3776 1348 3837 ὧν
1376 3782 1434 3836 δὲ
1472 3783 1632 3837 τοῦτο
1660 3784 1888 3853 γίνεται,

314 3876 597 3944 ἁγιάζεται
633 3878 783 3947 παρὰ
815 3877 910 3932 τοῦ
954 3880 1165 3952 Πατρός
1190 3894 1204 3909 ο
1254 3880 1351 3950 μία
1394 3879 1502 3949 γὰρ
1549 3880 1762 3951 Πατρὸς
1798 3880 1892 3933 καὶ

318 3967 445 4021 Υξοῦ
470 3970 565 4022 καὶ
587 3970 741 4038 ἁγίου
760 3970 1123 4041 Πνεῦματοςή
1153 3972 1364 4040 θεότης.
1397 3971 1542 4041 Πλὴν
1558 3972 1619 4025 οὐ
1643 3972 1892 4045 καθάπερ

314 4062 373 4112 ὲν
406 4061 622 4131 ἑκάστῳ
652 4061 765 4114 τῶν
788 4063 959 4128 ἁγίων
997 4064 1284 4133 γινόμενος
1310 4066 1338 4117 6
1358 4063 1492 4126 Θεὸς
1521 4064 1738 4132 ἁγιάζει
1767 4065 1894 4119 τού-

315 4167 462 4214 τους,
493 4149 669 4215 οὕτως
698 4152 814 4205 ἐστὶ
844 4152 937 4205 καὶ
958 4153 1021 4205 ὲν
1038 4152 1115 4223 τῷ
1145 4152 1261 4224 Υίῷ
1282 4171 1294 4184 ·
1330 4153 1445 4208 ἁλλ’
1486 4154 1648 4217 αὐτὸς
1679 4158 1707 4208 ὁ
1734 4156 1891 4220 Υἱὸς,

315 4241 546 4311 δύναμίς
605 4243 721 4295 ἐστι
767 4244 860 4296 καὶ
894 4242 1055 4312 σοφία
1105 4244 1199 4298 τοῦ
1234 4245 1469 4316 Πατρὸς,
1507 4246 1750 4315 ἁγιάζων
1793 4247 1895 4317 μὲν

318 4334 493 4387 πάντα
536 4336 604 4388 τὰ
659 4335 962 4404 μετέχονταζ
991 4336 1156 4390 αὐτοῦ
1202 4338 1259 4389 ἐν
1292 4337 1570 4406 Πνεύματι
1596 4356 1610 4370 ·
1644 4338 1809 4402 αὐτὸς
1840 4339 1896 4391 δὲ

318 4426 479 4479 πάλιν
493 4426 555 4478 οὐ
572 4426 714 4480 κατά
733 4444 855 4480 τινα
876 4428 1184 4498 μετουσίαν,
1207 4429 1361 4498 ἅγιος
1390 4428 1467 4481 ὣν
1497 4429 1686 4501 ὥσπερ
1708 4432 1893 4502 ἡμεῖς,

317 4518 437 4572 οὐδὲ
457 4517 602 4571 κατὰ
626 4519 785 4589 χάριν
814 4519 940 4583 Υἱὸς
967 4518 1326 4590 κεκλημένος,
1359 4520 1497 4574 ἀλλὰ
1530 4520 1776 4590 γέννημα
1799 4522 1897 4589 τῆς

1984 3331 2111 3384 vitae
2143 3327 2333 3383 mundi
2363 3326 2709 3396 delegatum,
2757 3332 2813 3379 et
2848 3324 2902 3377 in
2950 3321 3395 3377 adversariorum
3445 3317 3561 3372 ruic

1986 3436 2111 3477 nam
2159 3437 2223 3477 ac
2265 3422 2638 3485 eversionem,
2682 3418 2765 3473 vel
2809 3416 2976 3471 etiam
3026 3424 3301 3485 quatenus
3353 3410 3560 3466 missus

1985 3526 2101 3577 est,
2161 3526 2219 3569 ut
2274 3530 2375 3585 pro
2434 3514 2611 3569 salute
2662 3509 2856 3565 mundi
2920 3516 3258 3562 mactaretur
3306 3523 3319 3558 :
3361 3504 3564 3574 quippe

1988 3618 2177 3663 sancta
2212 3615 2498 3672 vocantur,
2539 3621 2662 3675 qua
2698 3614 2758 3657 ιιι
2797 3602 2905 3657 Deo
2946 3602 3002 3655 in
3047 3599 3381 3656 sacrilicium
3433 3595 3565 3650 olfe-

1987 3708 2203 3761 rantur,
2240 3700 2444 3754 selecta
2492 3706 2642 3751 sunt.
2682 3692 3094 3749 Sanetiﬁcatnm
3131 3692 3291 3746 etiam
3328 3688 3565 3743 dicimus

1988 3800 2043 3847 et
2073 3791 2362 3847 nobiscum
2393 3791 2633 3844 humano
2666 3787 2829 3844 modo
2851 3825 2866 3850 ,
2900 3783 3123 3856 quando
3158 3782 3337 3836 lactus
3361 3788 3445 3835 est
3473 3794 3567 3834 ca-

1991 3898 2094 3937 ro:
2127 3883 2471 3939 sanctiﬁcata
2500 3882 2647 3937 enim
2679 3886 2763 3935 est
2810 3878 2933 3947 ejus
2970 3890 3135 3938 caro,
3194 3873 3409 3928 unitum
3461 3871 3566 3925 sibi

1991 3974 2230 4030 Verbum
2263 3974 2483 4045 adepta,
2518 3988 2645 4027 cum
2675 3980 2879 4027 natura
2899 3984 3021 4024 .non
3050 3972 3197 4023 esset
3226 3971 3443 4018 sancta.
3466 3960 3570 4016 Per

1991 4082 2113 4135 qua:
2164 4065 2310 4121 enim
2356 4065 2414 4119 lit
2456 4064 2643 4128 istud,
2688 4062 3072 4117 sanetilicatnr
3122 4074 3151 4112 a
3212 4058 3422 4112 Patre:
3461 4066 3568 4107 una

1994 4156 2263 4226 siquidem
2297 4153 2481 4209 Patris
2522 4160 2575 4208 et
2620 4151 2744 4205 Filii
2779 4159 2833 4206 et
2866 4149 3109 4219 Spiritus
3142 4144 3320 4201 sancti
3367 4143 3566 4198 deitas.

1998 4247 2386 4302 Verumtamen
2440 4260 2550 4299 non
2605 4241 3070 4313 quemadmodum
3130 4239 3184 4292 in
3238 4248 3571 4305 unoquoque

1996 4345 2313 4395 sanctorum
2349 4351 2474 4391 cum
2504 4344 2589 4390 est
2624 4334 2908 4394 Deus.eos
2938 4329 3264 4396 sanctificat,
3296 4328 3375 4382 sic
3401 4326 3569 4381 etiam

1995 4438 2081 4486 est
2116 4430 2169 4484 in
2207 4428 2387 4491 Filio,
2431 4426 2526 4482 sed
2559 4428 2679 4497 ipse
2743 4423 2919 4479 Filius
2965 4433 3214 4494 potestas
3255 4430 3338 4476 cst
3379 4425 3435 4474 et
3483 4432 3572 4472 sa-

2004 4518 2209 4589 pientia
2242 4516 2427 4571 Patris
2458 4517 2527 4582 ",
2583 4513 2768 4568 omnia
2805 4528 2927 4582 qua:
2963 4511 3296 4582 participant
3342 4522 3465 4562 eum
3513 4506 3572 4559 in

317 4607 413 4660 τοῦ
448 4610 663 4679 Πατρὸς
718 4610 909 4672 οὐσίας
961 4610 1223 4681 ὑπάρχων
1275 4611 1463 4665 ἀΐδιον.
1508 4611 1733 4665 Ἑαυτὸν
1762 4611 1883 4679 γοῦι

2000 4609 2244 4680 Spiritu,
2286 4607 2679 4663 sanetilicans:
2726 4606 2847 4674 ipse
2898 4619 3032 4658 vero
3084 4616 3277 4656 rursus
3329 4606 3414 4654 cst
3462 4612 3571 4651 non

318 4702 739 4756 ἀντιδιαστέλλει
769 4704 881 4766 τοῖς
897 4702 1038 4755 κατὰ
1060 4702 1209 4755 θέσιν
1229 4702 1390 4766 θεοῖς,
1412 4702 1488 4766 ὡς
1522 4702 1684 4766 αὐτὸς
1706 4703 1795 4773 δη)
1807 4720 1896 4756 ον-

317 4796 400 4847 ότι
454 4794 598 4847 κατὰ
628 4793 789 4862 φύσιν
817 4794 1099 4865 ὑπάρχων,
1135 4795 1271 4863 ὅπερ
1312 4792 1541 4856 ἐκείνοις
1577 4795 1635 4845 ὲν
1677 4794 1898 4866 χάριτος

324 4886 482 4955 μέρει
536 4885 937 4957 προστέθειται.
993 4885 1083 4939 Διὸ
1130 4886 1257 4951 περὶ
1291 4886 1390 4956 μὲν
1432 4885 1597 4938 αὑτοῦ
1638 4884 1893 4953 λέγεταιο

329 4993 345 5023 ι
377 4974 473 5038 Τίς
497 4975 682 5045 ὅμοιός
704 4991 786 5027 σοι
807 4976 865 5028 ὲν
886 4974 1049 5038 θεοῖς,
1072 4975 1244 5044 Κύριε
1264 4992 1278 5041 ;
1310 4995 1329 5027 ι
1354 4975 1429 5039 ὡς
1450 4975 1551 5028 οὐκ
1577 4975 1899 5030 ἐπείσακτον

320 5070 556 5139 ἔχοντος,
587 5072 723 5125 ἀλλὰ
750 5073 975 5141 φυσικὸν
1004 5074 1063 5125 τὸ
1085 5072 1321 5142 ἀξίωμα.
1361 5074 1471 5127 Καὶ
1512 5073 1674 5126 πάλιν
1697 5088 1711 5102 °
1747 5092 1765 5123 ι
1802 5074 1897 5137 Τίς

321 5163 381 5213 ἐν
413 5162 671 5231 νεφέλαις
706 5164 1032 5234 ίσωθήσεται
1073 5163 1151 5233 τῷ
1180 5164 1467 5236 Κυρίῳ;ἢ
1507 5165 1588 5227 τίς
1634 5164 1900 5234 ὁμοιωθή-

325 5269 476 5305 σεται
503 5253 651 5324 αὐτῷ
679 5255 739 5307 ἐν
770 5255 905 5318 υἱοῖς
938 5255 1072 5309 Θεοῦ
1093 5272 1108 5321 ;
1133 5275 1151 5307 ι
1183 5256 1313 5309 Ἰδοὺ
1344 5254 1453 5327 γὰρ
1483 5255 1669 5308 ἐνθάδε
1713 5256 1901 5323 σαφῶς

321 5346 353 5397 ὁ
386 5344 711 5417 Ψαλμῳδὸς,
744 5348 937 5402 οὐδένα
966 5350 1153 5419 φησιν,
1187 5348 1310 5403 οὔτε
1342 5350 1399 5403 ἐν
1435 5350 1776 5419 προφήταις,
1805 5347 1899 5410 οὓς

324 5434 421 5488 καὶ
453 5436 682 5504 νεφέλας
719 5437 1127 5510 τροπικὼτερον
1179 5437 1348 5507 λέγει,
1396 5435 1519 5490 οὒτε
1557 5436 1663 5507 μὴν
1694 5438 1754 5488 ὲν
1786 5438 1901 5499 τοῖς

326 5524 407 5587 εἰς
434 5526 657 5597 υίότητα
682 5528 817 5583 Θεοῦ
860 5531 1354 5600 καταταττομένοις
1393 5527 1482 5582 διὰ
1520 5527 1619 5597 τῆς
1654 5525 1896 5598 χάριτος,

404 5725 449 5755 ³⁸
492 5725 637 5779 Psal.
696 5744 845 5795 xui,
882 5732 933 5787 5.

332 5809 528 5855 uxxv.
560 5797 613 5849 8.

1027 5732 1070 5764 “
1112 5730 1265 5787 Joan.
1306 5747 1371 5797 χ,
1405 5729 1492 5786 56.
1571 5731 1614 5762 ’⁸
1659 5728 1830 5786 Exod.
1869 5743 1991 5794 xm,

1998 4700 2299 4758 secundum
2331 4700 2571 4769 aliquam
2614 4697 2777 4768 672
2824 4694 3302 4765 participationem
3348 4694 3573 4742 sanctus

1998 4794 2279 4849 exsistens
2346 4791 2510 4847 sicuti
2547 4805 2687 4853 nos,
2735 4803 2915 4855 neque
2973 4783 3275 4841 secundum
3342 4781 3574 4851 gratiam

2001 4885 2181 4940 Filius
2231 4892 2496 4946 vocatus,
2549 4880 2645 4935 sed
2700 4878 2955 4949 genitura
2986 4884 3206 4932 aeterna:
3254 4873 3575 4929 substantia:

2002 4976 2182 5033 Patris
2210 4976 2507 5032 exsistens.
2554 4972 2808 5040 Seipsum
2858 4969 3028 5039 igitur
3056 4965 3349 5037 distinguit
3399 4981 3426 5018 a
3471 4966 3576 5021 diis

2003 5087 2101 5143 per
2145 5070 2534 5139 adoptionem,
2586 5080 2709 5118 cum
2763 5064 2881 5131 ipse
2929 5062 3116 5132 utique
3164 5075 3264 5129 per
3322 5068 3574 5114 naturam

2004 5163 2270 5223 exsistat,
2310 5158 2456 5229 quod
2492 5154 2712 5226 quidem
2745 5155 2853 5209 illis
2876 5154 3000 5208 loco
3029 5152 3221 5222 gratia:
3260 5151 3573 5223 appositum

2005 5259 2109 5305 est.
2158 5250 2283 5305 Ideo
2325 5247 2392 5301 de
2437 5246 2558 5314 ipso
2608 5242 2903 5299 dlClIIII‘Zt
2933 5243 3069 5307 Quis
3119 5240 3176 5296 in
3224 5241 3331 5297 diis
3378 5242 3577 5297 similis

2008 5340 2106 5393 tibi
2129 5378 2145 5403 ,
2193 5338 2421 5391 Domine
2444 5335 2533 5388 ’3?
2564 5354 2581 5386 ι
2612 5344 2872 5404 tanquam
2920 5348 3032 5388 non
3077 5331 3453 5394 adventitiam,
3481 5331 3574 5387 sed

2004 5432 2312 5487 naturalem
2340 5429 2667 5498 dignitatem
2698 5427 2954 5482 habente.
2984 5427 3049 5480 Et
3075 5440 3273 5480 rursus
3295 5424 3487 5490 :«Quis
3520 5424 3575 5477 in

2008 5522 2247 5578 nubibus
2276 5521 2585 5592 aequabitur
2611 5518 2885 5574 Domino?
2914 5518 2997 5573 vel
3024 5517 3152 5588 quis
3180 5514 3578 5573 assimilabitur

2064 5727 2115 5779 ‘2.
2236 5724 2280 5755 "
2314 5720 2418 5777 Isa.
2470 5736 2597 5788 xm,
2631 5722 2684 5777 5.
2794 5720 2836 5750 ’⁷
2880 5715 3051 5773 ICor.
3088 5733 3139 5785 ι,
3176 5715 3271 5769 2i.
3344 5713 3388 5745 ³⁸
3426 5711 3571 5768 Psal.
