4144 6480
594 349 652 403 3|
1595 344 1656 400 S.
1699 343 1978 402 CYRILLI
2018 345 2178 402 ALFI!

2281 347 2296 399 ί
2308 347 2493 403 DRl'NI
2523 348 2854 406 ARCHIEP.
3780 357 3866 412 δί·

594 465 642 518 ei
679 463 736 518 in
773 461 901 517 ﬁliis
932 459 1024 519 Dei
1056 462 1143 514 ὀἳ
1174 481 1190 512 ›
1223 459 1362 515 Ecce
1388 461 1534 516 enim
1565 460 1886 520 Psalmistcs
1915 464 2018 536 hoc
2049 464 2172 518 loco

2281 464 2388 516 ίσον
2424 462 2642 517 ἔσεσθαι
2671 463 2748 534 τῷ
2775 480 2914 516 κατα
2947 463 3106 534 φύσιν
3139 464 3268 535 Titi).
3305 467 3438 538 Περὶ
3464 467 3520 520 δὲ
3570 467 3723 540 ἡμῶν
3754 470 3849 537 γι-

598 553 896 610 manileste
930 552 1206 607 nominere
1244 553 1321 606 ait
1349 558 1440 606 aut
1470 551 1524 608 in
1559 553 1874 621 prophetis,
1911 569 2052 624 quos
2081 570 2170 609 ne-

599 644 758 700 bulas
795 651 956 699 vocat
986 644 1196 714 tropice
1223 683 1238 706 ,
1273 651 1368 699 aut
1397 644 1450 698 in
1483 643 1554 697 iis
1581 644 1674 714 qui
1717 660 1814 716 per
1854 646 2085 717 gratiam
2115 647 2170 700 in

602 736 923 790 filia’tionem
948 734 1040 790 Dei
1068 736 1226 790 asciti
1253 745 1403 798 sunt,
1427 736 1690 806 aequalem
1723 735 1840 792 fore
1866 737 2171 792 secundum

602 837 854 880 naturam
885 825 1044 881 Filio.
1087 825 1160 882 De
1192 828 1349 884 nobis
1383 843 1517 884 vero
1554 829 1824 899 scriptum
1857 836 1982 885 est:
2011 848 2026 881 ι
2063 828 2174 901 Ego

601 919 716 974 dixi
743 939 755 974 :
787 919 869 975 Dii
897 920 1033 975 estis
1062 927 1115 973 et
1141 919 1235 972 ﬁlii
1262 919 1531 976 Altissimi
1559 936 1750 978 omnes
1781 941 1793 976 :
1823 936 1922 978 vos
1950 937 2080 977 vero
2114 928 2174 975 ut

605 1011 856 1068 homines
883 1010 1194 1066 moriemini
1225 1012 1289 1067 ‘°.
1326 1031 1343 1064 ι
1374 1011 1452 1066 lta
1492 1022 1550 1067 ut
1587 1013 1693 1067 nisi
1734 1029 1894 1069 omne
1929 1015 2171 1070 studium

603 1112 656 1164 et
691 1104 1100 1159 contentionem
1150 1103 1572 1161 adltibuerimns
1611 1104 1678 1158 ad
1717 1105 1921 1160 malum
1959 1105 2172 1176 fugien-

603 1195 770 1259 dum,
803 1194 961 1252 facile
986 1196 1052 1250 de
1079 1211 1270 1250 eorum
1311 1210 1432 1265 qua:
1463 1196 1788 1266 accepimus
1819 1197 2176 1266 posSessione

602 1287 940 1342 excidemus.
977 1287 1304 1356 Accepimus
1346 1295 1525 1340 autem
1573 1302 1667 1356 per
1708 1287 1978 1356 gratiam,
2023 1297 2081 1342 ut
2121 1296 2175 1343 et

605 1379 700 1433 ﬁlii
736 1377 826 1433 Dei
854 1387 908 1433 et
931 1379 1004 1433 dii
1037 1393 1362 1434 vocaremur
1402 1378 1443 1408 "
1467 1419 1480 1441 ,
1519 1394 1642 1448 quae
1676 1378 1900 1447 quidem
1943 1387 2168 1433 natura—

605 1471 729 1524 liter
757 1472 945 1526 insunt
979 1469 1140 1526 Filio.
1178 1469 1370 1540 Magna
1415 1471 1602 1541 itaque
1652 1479 1709 1528 et
1758 1471 1970 1526 inﬁnita
2015 1471 2170 1527 diﬁc-

605 1562 781 1616 rentia
815 1562 957 1616 inter
984 1576 1086 1618 nos
1117 1561 1418 1619 secundmn
1449 1564 1684 1634 gratiam
1730 1575 1952 1619 vocatos
1993 1562 2168 1630 ﬁlios,

600 1661 657 1707 et
682 1667 807 1708 eum
840 1653 933 1722 qui
959 1668 1125 1711 verus
1153 1662 1238 1711 est
1273 1669 1341 1709 ac
1372 1655 1679 1710 secundum
1720 1662 1998 1710 naturam.
2032 1653 2170 1711 Ver-

2275 571 2551 622 γραπται·
2591 574 2606 605 ι
2656 554 2796 623 Ἐγὼ
2824 552 2984 609 εἶπα⁵
3023 555 3145 609 Θεοί
3168 558 3289 609 ὲστε
3317 557 3412 611 καὶ
3451 559 3556 611 uisi.
3593 559 3858 630 Ὑψίστου.

2277 645 2479 708 πάντες
2505 663 2518 677 ·
2554 647 2711 716 ὑμεῖς
2737 646 2792 700 δὲ
2817 645 2891 710 ὡς
2917 645 3193 717 ἄνθρωποι
3210 648 3604 720 άποθνήσκετε.
3646 670 3664 702 ι
3687 651 3866 705 Ὥστε.

2277 739 2324 790 εί
2359 738 2434 810 μὴ
2473 739 2653 792 πᾶσαν
2687 737 3053 810 ποιησαιμεθα
3076 739 3311 810 σπουδὴν
3350 743 3428 808 εἰς
3467 742 3528 795 τὸ
3569 745 3853 815 παραιτεῖ-

2281 830 2402 886 σθαι
2428 831 2490 884 τὸ
2519 830 2742 900 φαῦλον,
2773 831 2970 901 ῥαδίως
3007 831 3066 897 ἐξ
3095 825 3170 888 ὧν
3201 833 3524 904 εἰλήφαμεν,
3556 836 3858 890 ἀποπεσεῖν

2275 919 2572 990 δυνάμεθα.
2604 919 2919 992 Εἰλήφαμεν
2945 920 3002 974 δὲ
3027 921 3166 974 κατὰ
3188 921 3345 992 χάριν
3367 922 3427 975 τὸ
3449 922 3732 975 καλεῖσθαι
3756 923 3849 975 καὶ

2276 1013 2382 1066 υίοὶ
2413 1012 2548 1066 Θεοῦ
2581 1015 2674 1066 καὶ
2700 1013 2830 1079 θεοὶ,
2864 1011 2899 1066 ἃ
2924 1011 2987 1083 δὴ
3021 1013 3263 1080 φυσικῶς
3302 1016 3561 1085 πρόσεστι
3601 1015 3680 1085 τῷ
3711 1014 3846 1084 Υίῷ.

2277 1103 2452 1174 Πολλὴ
2482 1098 2574 1156 οὖν
2609 1103 2704 1156 καὶ
2726 1104 2964 1174 ἄμετρος
3008 1105 3304 1175 ἡδιαφορὰ
3351 1105 3553 1175 μεταξύ
3595 1123 3651 1158 τε
3691 1106 3848 1176 ἡμῶν

2277 1195 2384 1250 τῶν
2415 1195 2558 1250 κατὰ
2581 1195 2741 1265 χάριν
2769 1194 3124 1267 κεκλημένων
3160 1196 3289 1250 υίῶν
3325 1198 3418 1250 καὶ
3443 1197 3537 1254 τοῦ
3574 1198 3715 1253 κατὰ
3745 1201 3846 1268 φύ-

2279 1305 2361 1342 σιν
2390 1287 2540 1354 ὄντος
2566 1288 2658 1340 καὶ
2687 1286 2968 1359 ἀληθινοῦ.
2997 1290 3170 1360 Λόγον
3199 1289 3254 1342 δὲ
3293 1289 3557 1343 ἀποκαλεῖ
3585 1289 3675 1341 τὸν
3699 1290 3844 1352 Υίὸν,

2275 1380 2304 1432 6
2344 1378 2620 1450 Ἰωάννης,
2651 1379 2856 1450 ταύτην
2906 1379 3054 1450 αὐτῷ
3083 1379 3396 1450 κυριώτατα
3437 1380 3707 1444 ἀνατιθεὶς
3752 1381 3851 1450 τὴν

2279 1470 2596 1540 ἐπωνυμίαν
2627 1471 2720 1524 καὶ
2750 1471 2848 1542 τῆς
2875 1471 3065 1534 οὐσίας
3107 1471 3342 1542 μάλιστα
3381 1471 3743 1541 σημαντικήν.
3787 1472 3848 1523 Ei

2279 1562 2336 1618 δὲ
2383 1563 2459 1633 μὴ
2489 1562 2648 1630 φύσει
2685 1563 2771 1633 είη
2802 1563 3015 1634 καὶτῆς
3061 1562 3250 1624 οὐσίας
3296 1561 3588 1632 δηλωτικόν
3628 1563 3722 1616 ἐπὶ
3755 1561 3848 1615 τοῦ

2280 1655 2410 1710 Υίοῦ
2432 1655 2492 1708 τὸ
2513 1654 2682 1722 Λόγος
2710 1654 2901 1725 ὄνομα,
2925 1653 3183 1724 σημαίνει
3207 1671 3258 1706 τι
3282 1652 3496 1715 πάντως
3523 1652 3607 1704 ire
3617 1669 3706 1724 ρον
3724 1670 3738 1684 ⁸
3761 1653 3851 1706 καὶ

603 1743 730 1797 bum
779 1756 910 1797 vero
954 1750 1114 1798 vocat
1173 1740 1374 1799 Filium
1422 1742 1699 1809 Joannes,
1754 1744 2070 1800 attribuens
2119 1745 2169 1798 ei

2281 1745 2462 1816 ζητεῖν
2486 1744 2803 1813 ἀναγκαῖον,
2846 1745 2898 1796 τί
2927 1743 3065 1798 κατὰ
3091 1742 3252 1811 φύσιν
3278 1740 3351 1794 ὢν
3383 1741 3412 1792 6
3456 1740 3608 1804 Υίὸς,
3646 1739 3848 1810 ἐκλήθη

604 1833 840 1888 maxime
871 1834 1091 1903 proprie
1117 1833 1259 1890 hanc
1286 1835 1708 1906 appellationem
1733 1873 1751 1898 ,
1785 1843 1844 1890 ut
1866 1851 1990 1905 quae
2020 1835 2174 1890 miri-

605 1923 762 1976 ﬁcam
791 1923 900 1979 vim
931 1923 1281 1994 signiﬁcandi
1313 1926 1684 1981 substantiam
1723 1925 1846 1996 ejus
1887 1925 2074 1983 habet.
2116 1926 2174 1982 Si

603 2029 732 2069 vero
755 2012 998 2070 Verbum
1028 2032 1226 2075 nomen
1251 2025 1452 2073 natura
1480 2033 1588 2073 non
1621 2018 1892 2088 significet
1919 2019 2177 2073 substan-

603 2108 733 2162 tiam
769 2108 821 2162 in
862 2107 1032 2173 Filio,
1063 2109 1293 2164 omnino
1325 2107 1604 2179 signiﬁcat
1638 2108 1786 2163 aliud
1809 2147 1824 2173 ,
1860 2116 1914 2163 et
1949 2124 2178 2165 necesse

603 2207 688 2255 est
716 2215 964 2269 querere
998 2201 1133 2271 quid
1164 2202 1442 2258 exsistens
1469 2200 1642 2256 Filius
1672 2199 1977 2257 secundum
2011 2213 2178 2256 natu-

606 2307 721 2346 ram
752 2289 991 2350 Verbum
1019 2300 1250 2348 vocatus
1277 2301 1363 2348 est
1392 2333 1408 2358 ,
1434 2293 1479 2347 si
1512 2309 1620 2349 non
1657 2292 2026 2349 substantiam
2053 2293 2178 2362 ejus

605 2398 806 2439 nomen
839 2384 1064 2442 indicat.
1090 2383 1271 2442 Veluti
1302 2401 1426 2442 eum
1452 2386 1580 2456 quis
1603 2383 1740 2440 dicit
1766 2384 1986 2440 fabrum
2011 2424 2026 2450 ,
2059 2394 2175 2439 sta-

604 2477 846 2532 tuarium
870 2516 885 2541 ,
935 2478 1172 2534 scribam
1193 2517 1209 2542 .
1256 2493 1365 2532 non
1414 2477 1675 2533 deﬁnitur
1705 2476 1837 2546 quid
1868 2477 1944 2534 sit
1971 2493 2176 2534 secun~

604 2570 734 2624 dum
787 2577 1046 2626 naturam
1096 2571 1146 2624 id
1197 2569 1344 2639 quod
1401 2570 1768 2639 significatur,
1824 2569 1921 2624 sed
1962 2577 2175 2624 tantum

602 2673 767 2728 quam
809 2670 980 2716 artem
1019 2659 1270 2728 factitet,
1310 2661 1576 2718 ostendit.
1619 2661 1676 2717 Si
1718 2661 1888 2730 igitur
1927 2661 2036 2716 boc
2076 2677 2176 2717 uo-

604 2766 727 2806 men
785 2766 896 2808 non
945 2752 1217 2823 signiﬁcet
1268 2753 1639 2810 substantiam
1693 2751 1851 2816 Filii,
1894 2761 1949 2808 et
1989 2753 2177 2812 vocari

606 2841 843 2897 Verbum
881 2859 992 2900 non
1031 2843 1274 2900 declaret
1328 2845 1509 2914 ipsum
1558 2845 1692 2916 quid
1746 2846 1818 2901 sit
1869 2846 2178 2902 secundum

608 2942 862 2988 naturam
886 2973 900 2994 .
927 2933 1022 2988 sed
1054 2942 1183 3003 puta
1203 2974 1218 2997 ,
1249 2935 1394 3004 quod
1419 2935 1492 2990 sit
1521 2938 1645 3004 ejus
1672 2935 2020 2991 institutum:
2048 2937 2179 3007 quid

608 3022 811 3079 frustra
839 3025 1230 3095 evangelistam
1268 3027 1556 3089 miramur,
1579 3038 1632 3082 et
1656 3043 1922 3097 quorsum
1951 3037 2178 3085 vocatus

2276 1837 2468 1904 Λόγος,
2520 1838 2569 1890 ei
2617 1835 2694 1906 μὴ
2735 1836 2834 1906 τὴν
2862 1834 3050 1890 οὐσίαν
3083 1834 3248 1889 αὑτοῦ
3289 1833 3543 1904 σημαίνει
3570 1832 3629 1885 τὸ
3659 1831 3847 1901 ὃνομα.

2277 1923 2404 1983 Οἷον
2422 1968 2436 1992 ,
2476 1927 2709 1980 τέκτονά
2753 1944 2836 1992 τις
2871 1925 3040 1979 είπὼν
3070 1925 3102 1997 ἦ
3135 1924 3374 1990 λιθοξόον
3402 1924 3436 1994 ἧ
3465 1921 3864 1994 ταχυγράφονν

2275 2019 2334 2072 ού
2365 2019 2417 2072 τί
2445 2021 2557 2071 tm
2587 2017 2726 2072 κατᾶ
2761 2017 2924 2086 φύσιν
2945 2017 3006 2069 τὸ
3028 2015 3425 2086 σημαινόμενον
3450 2014 3712 2085 ὁρίζεται,
3733 2012 3848 2066 ἀλλ’

2275 2105 2386 2162 οἷον
2418 2108 2531 2179 ἔχει
2561 2109 2622 2161 τὸ
2654 2109 2993 2178 ἐπιτήδευμα
3040 2107 3255 2178 μηνύει.
3314 2108 3376 2161 Ei
3427 2106 3606 2160 τοίνυν
3639 2107 3700 2159 ού
3751 2106 3849 2174 τὴν

2276 2201 2465 2255 οὐσίαν
2492 2200 2588 2253 τοῦ
2615 2199 2744 2253 Υίοῦ
2784 2199 3040 2270 σημαίνει
3068 2197 3324 2269 τοῦνομα,
3350 2198 3444 2253 καὶ
3477 2197 3540 2250 τὸ
3571 2197 3848 2252 καλεῖσθαι

2278 2291 2470 2360 Λόγον,
2493 2291 2552 2344 οὐ
2583 2290 2634 2344 τί
2659 2293 2774 2344 ἐστι
2797 2292 2937 2344 κατὰ
2961 2290 3143 2359 φύσιν,
3174 2290 3700 2362 παρίστησιναύτδν,
3718 2289 3862 2342 ἀλλὰ

2278 2385 2410 2456 φέρε
2441 2386 2636 2451 εἰπεῖν,
2673 2380 2784 2439 οἷον
2816 2385 2930 2456 ἔχει
2962 2385 3022 2437 τὸ
3051 2385 3424 2454 ἐπιτήδευμα·
3465 2385 3517 2437 τί
3563 2384 3740 2456 μάτην
3760 2384 3858 2435 τὸν

2277 2481 2670 2553 εύαγγελιστὴν
2715 2481 3106 2552 θαυμάζομενς
3149 2481 3265 2543 πῶς
3298 2479 3355 2531 δὲ
3386 2480 3478 2532 καὶ
3507 2478 3708 2548 ἐκλήθη
3738 2477 3858 2541 υἱὸς

2279 2574 2624 2646 βροντῆς,ὡς
2655 2574 2798 2644 μέγα
2821 2592 2871 2628 τι
2907 2573 3148 2643 λαλήσας
3185 2573 3277 2628 καὶ
3311 2571 3646 2643 ὐπέρογκονσ
3676 2571 3847 2624 καίτοι

2278 2667 2492 2730 πολλοῖς
2521 2666 2778 2736 ὀνόμασιν
2833 2663 3214 2734 ἀποκαλούσης
3259 2663 3348 2718 τὸν
3393 2663 3520 2716 Υἱὺν
3551 2665 3652 2733 τῆς
3701 2663 3849 2723 θείας

2279 2757 2531 2829 Γραφῆςς
2595 2758 2759 2811 Ἀλλὰ
2809 2757 2979 2824 Λόγον
3016 2754 3252 2826 εἰρηκὼς
3275 2796 3291 2819 ,
3339 2754 3640 2825 παράδοξόν
3673 2771 3724 2806 τι
3759 2753 3858 2806 καῖ-

2280 2849 2556 2920 ὐπερφυὲς
2599 2847 2902 2918 ἐφθέγξατο
2929 2890 2942 2910 ,
3001 2848 3094 2901 καὶ
3151 2846 3304 2902 οὐδὲν
3347 2846 3534 2919 ἕτερον
3582 2846 3673 2902 ἐπὶ
3707 2844 3864 2913 αὐτῷ.

2279 2940 2662 3012 προστέθεικεν
2689 2982 2703 3003 ,
2742 2935 2852 2993 οἷον
2904 2939 2997 2993 ἐπὶ
3035 2937 3129 2993 τοῦ
3175 2937 3389 2992 Παύλου
3445 2937 3716 3007 φαίνεται,
3769 2937 3854 2998 τὸ,

2286 3049 2302 3081 ι
2345 3029 2554 3092 Παῦλος
2582 3028 2877 3093 ἀπόστολος
2901 3045 2912 3056 ·
2954 3046 2972 3079 ι
2997 3027 3243 3098 ἠρκέσθη
3277 3026 3332 3079 δὲ
3358 3026 3434 3098 τῷ
3469 3027 3662 3086 εἰπεῖν,
3693 3026 3724 3078 ὁ
3754 3024 3852 3078 Λό-

603 3123 696 3170 est
749 3116 895 3171 ﬁlius
951 3119 1179 3172 tonitrui
1205 3159 1220 3183 ,
1262 3127 1528 3189 tanquam
1570 3136 1826 3190 magnum
1869 3121 2085 3190 aliquod
2126 3133 2178 3175 et

2281 3138 2393 3189 γος,
2419 3122 2497 3183 εἰς
2525 3120 2584 3171 τὸ
2615 3122 2961 3189 παραστῆσαι
3005 3117 3099 3173 τοῦ
3133 3118 3260 3172 Υίοῦ
3300 3119 3398 3188 τὴν
3433 3116 3614 3172 οὐσίαι
3645 3134 3658 3145 ·
3695 3114 3853 3178 αὐτὸς

609 3209 844 3263 sublime
901 3209 1159 3273 locutus,
1217 3211 1344 3267 licet
1390 3212 1577 3268 divina
1632 3212 1918 3283 Scriptura
1988 3214 2178 3271 multis

611 3302 929 3358 "Lnliltiblls
961 3301 1158 3358 Filium
1197 3304 1566 3376 iudigitante!
1601 3308 1670 3360 At
1707 3322 1834 3360 eum
1873 3306 2011 3362 dixit
2048 3306 2183 3361 Ver-

611 3395 772 3457 bum,
797 3395 1124 3452 admirabile
1146 3397 1422 3467 quoddam
1441 3407 1496 3453 et
1518 3399 1942 3469 superuaturale
1965 3398 2181 3453 locutus

608 3493 726 3551 est,
769 3487 1017 3557 nihilque
1052 3489 1201 3542 aliud
1241 3490 1290 3544 ei
1339 3489 1575 3560 adjecit,
1616 3499 1677 3546 ut
1724 3505 1952 3546 cernere
1991 3496 2078 3545 est
2115 3489 2184 3545 de

612 3578 783 3633 l'aulo
804 3619 820 3644 ,
858 3579 998 3643 huc,
1029 3599 1047 3631 ι
1068 3579 1276 3637 Paulus
1308 3583 1632 3652 apostolus:
1667 3601 1686 3636 ›
1709 3591 2002 3640 contentus
2051 3595 2182 3635 vero

609 3677 696 3724 est
716 3669 921 3734 dicere,
945 3669 1181 3728 Verbum
1204 3712 1219 3736 ,
1247 3673 1316 3728 ad
1346 3673 1732 3730 declarandam
1765 3673 1888 3729 Filii
1918 3674 2181 3730 substan-

611 3760 741 3814 tiam
765 3776 779 3826 ;
807 3761 922 3830 ipse
953 3762 1120 3832 igitur
1144 3771 1227 3820 est
1255 3779 1443 3820 verum
1471 3763 1714 3821 Verbum
1745 3763 1926 3820 Patris
1945 3802 1963 3827 ,
1991 3773 2049 3818 et
2073 3780 2182 3820 non

611 3853 760 3909 alius
786 3855 1078 3924 quisquam
1107 3865 1304 3927 praeter
1332 3857 1508 3912 illum.
1533 3858 1688 3924 Quod
1719 3857 1767 3914 si
1796 3857 1866 3914 ob
1891 3856 2033 3912 hanc
2055 3872 2186 3912 cau—

613 3961 730 4000 sam
769 3948 1160 4004 existimarunt
1199 3950 1388 4006 bostes
1426 3951 1634 4006 Christi
1675 3965 1784 4008 non
1822 3966 1946 4007 esse
1985 3948 2184 4006 Filium

613 4039 761 4093 Patri
804 4041 1338 4097 consubstantialem
1361 4082 1377 4106 ,
1408 4044 1630 4113 quando
1659 4058 1840 4113 neque
1867 4042 2031 4099 Pater
2056 4041 2187 4099 Ver-

613 4131 744 4185 bum
771 4173 787 4198 ,
830 4149 1011 4204 neque
1051 4132 1292 4190 Verbum
1335 4135 1498 4190 Pater
1521 4176 1538 4202 ,
1574 4143 1630 4190 et
1665 4136 1931 4191 unitatem
1973 4143 2187 4191 natura:

609 4224 774 4295 673
810 4225 1121 4281 differentia
1151 4229 1433 4282 nominum
1469 4227 1644 4284 scindi
1675 4228 2072 4294 crediderunt,
2101 4227 2185 4283 dl-

613 4324 741 4367 cant
771 4318 931 4373 nobis
959 4320 1239 4388 quomodo
1267 4321 1588 4391 progenitor
1614 4321 1787 4374 Adam
1819 4320 2188 4374 consubstan-

616 4406 764 4461 tialis
793 4408 897 4462 erit
939 4423 969 4461 a
1006 4425 1065 4464 se
1107 4411 1332 4480 genito,
1379 4425 1504 4464 cum
1561 4427 1660 4465 nec
1710 4412 1825 4478 ipse
1875 4409 2011 4465 Abel
2059 4422 2187 4464 esse

617 4499 820 4565 possit,
879 4515 1057 4569 neque
1117 4501 1336 4558 futurus
1396 4502 1470 4556 sit
1521 4518 1762 4570 unquam
1816 4499 2034 4553 Adam:
2089 4497 2184 4554 sed

615 4587 960 4645 identitatem
990 4600 1202 4647 natura:
1240 4609 1523 4664 nunquam
1561 4594 1714 4648 tollet
1755 4593 2038 4647 nominum
2075 4589 2186 4646 dif-

2283 3215 2389 3283 ἄρα
2410 3211 2557 3264 εστὶν
2585 3213 2611 3264 ό
2637 3211 2888 3281 ἀληθινὸς
2911 3212 3081 3278 Λόγος
3109 3210 3203 3264 τοῦ
3229 3209 3460 3280 Πατρός,
3494 3208 3586 3263 καὶ
3614 3208 3710 3277 οὐχ
3741 3208 3856 3260 ξτε-

2284 3303 2373 3374 ρός
2392 3319 2475 3365 τις
2510 3302 2638 3372 παρ’
2665 3302 2891 3356 ἐκεῖνον.
2927 3303 2988 3355 El
3015 3303 3071 3358 δὲ
3105 3302 3191 3355 διὰ
3218 3301 3424 3371 ταύτην
3463 3299 3734 3354 ὑπέλαϐον
3758 3297 3854 3367 τὴν

2282 3394 2462 3447 αἰτίαν
2490 3394 2539 3446 οἱ
2579 3393 2959 3464 χριστομάχοι,
3018 3393 3093 3464 μὴ
3122 3389 3262 3447 εἶναι
3294 3392 3388 3444 τὸν
3420 3391 3545 3444 Υἱὶιν
3573 3390 3858 3461 ὁμοούσιον

2281 3485 2360 3556 τῷ
2389 3483 2583 3554 Πατρὶ,
2614 3484 2735 3536 ἐπεὶ
2766 3486 2904 3555 μήτε
2934 3488 2962 3539 6
2999 3485 3207 3556 Πατὴρ,
3237 3484 3431 3553 Λόγος,
3459 3485 3596 3554 μήτε
3623 3485 3652 3538 6
3686 3483 3855 3550 Λόγος

2283 3581 2509 3651 Πατήεν
2563 3581 2655 3634 καὶ
2694 3581 2794 3649 τὴν
2850 3579 3074 3649 ἑνότητα
3103 3578 3198 3646 τῆς
3242 3577 3480 3646 φύσεως,
3506 3575 3583 3646 τῷ
3617 3575 3872 3644 διαφόρῳ

2283 3670 2390 3725 τῶν
2416 3672 2698 3742 ὀνομάτων
2723 3669 3105 3741 διατέμνεσθαι
3142 3669 3539 3722 πεπιστεύκασι
3559 3685 3573 3698 ·
3624 3669 3859 3736 λεγέτωο

2288 3779 2387 3815 σαν
2413 3764 2569 3832 ἡμῖν,
2611 3763 2728 3826 πῶς
2754 3765 2781 3816 6
2829 3761 3129 3833 προπάτωρ
3174 3761 3346 3832 Ἀδὰμ
3386 3761 3668 3831 ὁμοούσιος
3706 3762 3861 3814 ἔσται

2287 3853 2421 3923 πρὸς
2460 3854 2548 3908 τὸν
2579 3854 2638 3921 ts
2660 3853 2825 3907 αὑτοῦ
2857 3855 3137 3922 γεγονότα,
3165 3854 3289 3910 οῦτε
3333 3855 3496 3918 αὐτὸς
3529 3854 3692 3908 ’Λὸελ
3722 3851 3866 3908 εἶναι·

2286 3943 2602 4015 δυνάμενος,
2619 3944 2741 3998 οὔτε
2773 3944 2878 4016 μὴν
2902 3945 2994 3998 τοῦ
3027 3946 3193 3999 Ἀδελ
3226 3947 3486 4016 ἐσομένου
3511 3946 3866 4016 ποτὲἊδάμι

2288 4037 2400 4090 ἀλλ’
2433 4037 2530 4090 οὐκ
2563 4035 2782 4090 ἐκϐαλεῖ
2822 4037 2919 4108 τῆς
2959 4037 3144 4102 οὐσίας
3193 4039 3292 4110 τὴν
3331 4039 3637 4110 ταυτότητα
3680 4040 3714 4108 ὴ
3751 4038 3862 4090 τῶν

2286 4129 2566 4198 ὀνομάτων
2587 4128 2839 4199 διαφορά.
2883 4130 2942 4183 El
2969 4129 3023 4184 δὲ
3051 4130 3208 4185 τοῦτο
3237 4133 3330 4186 ἐπὶ
3361 4131 3594 4202 γενητῆς
3623 4131 3716 4185 καὶ
3741 4148 3860 4184 κτι-

2291 4222 2419 4292 στῆς
2453 4219 2688 4290 φύσεως,
2725 4221 2842 4284 πῶς
2861 4222 2963 4275 οὐκ
2997 4223 3190 4286 ἀσεϐὲς
3223 4225 3316 4276 ἐπὶ
3344 4224 3442 4294 τῆς
3469 4225 3733 4295 ἁγενήτου
3761 4224 3863 4292 φύ-

2291 4330 2426 4376 σεως
2449 4314 2625 4367 ἐκεῖνο
2641 4313 2884 4380 δοξάζειν
2911 4315 3088 4368 πάντα
3107 4316 3506 4386 ὑπερκειμένης
3525 4315 3596 4368 τὰ
3624 4315 3826 4384 γενητά
3845 4333 3874 4378 ς·

2289 4405 2363 4468 ὡς
2390 4401 2483 4460 οῦν
2519 4407 2676 4478 εἴπερ
2702 4402 2769 4477 ἦν
2798 4409 3128 4480 έτερούσιος,
3153 4407 3253 4462 οὐκ
3277 4407 3344 4461 ἂν
3363 4403 3428 4478 ἧν
3469 4408 3642 4476 Λόγος
3676 4405 3864 4475 ἀληθι-

2219 4479 2267 4537 D
2292 4495 2400 4560 νος,
2443 4496 2614 4564 οὕτως
2663 4479 2959 4570 ἐπειδήπερ
3009 4500 3159 4556 ἐστὶν
3178 4499 3482 4570 όμοούσιος,
3509 4497 3760 4568 ἀληθινὸς
3798 4497 3878 4550 ἂν

2295 4592 2378 4662 εἴη
2402 4592 2591 4660 Λόγος.

615 4685 1046 4754 ferentia.Quod
1087 4688 1132 4743 si
1175 4689 1279 4742 ltoe
1318 4690 1371 4744 in
1399 4689 1578 4760 genita
1618 4699 1674 4744 et
1712 4698 1901 4743 creata
1943 4697 2138 4741 natura
2173 4687 2268 4751 sit,
2301 4685 2580 4756 quomodo
2626 4702 2738 4743 non
2773 4687 3002 4758 impium
3037 4695 3122 4742 est
3160 4685 3293 4742 illud
3325 4685 3537 4756 opinari
3577 4685 3630 4739 in
3669 4692 3874 4738 natura

614 4777 881 4849 ingenita,
913 4790 966 4836 et
1001 4782 1182 4835 omnia
1222 4783 1407 4853 genita
1447 4781 1940 4852 supergrediente?
1981 4788 2041 4834 ut
2080 4779 2270 4848 igitur,
2305 4781 2350 4832 si
2392 4787 2542 4834 esset
2577 4779 2719 4843 alius
2752 4779 3103 4843 substantiae,
3151 4793 3261 4834 non
3305 4787 3452 4834 esset
3491 4793 3684 4832 verum
3733 4775 3867 4832 Ver-

617 4871 783 4935 bum,
826 4874 897 4925 ita
933 4873 1060 4941 quia
1084 4882 1170 4929 est
1191 4875 1677 4935 eonsubtanlialis.
1707 4890 1896 4928 verum
1937 4872 2126 4941 utique
2161 4870 2400 4926 Verbum
2434 4871 2694 4927 exsistet.

688 4968 757 5030 Χ,
791 4969 878 5024 37.
915 4969 974 5023 Si
1004 4987 1107 5024 non
1144 4971 1284 5040 facio
1324 4985 1482 5038 opera
1525 4969 1707 5023 Patris
1744 4969 1867 5034 mei,
1893 4986 1956 5022 ne
1992 4967 2190 5022 credite

619 5062 765 5122 mihi,
795 5071 901 5116 etc.

688 5152 841 5219 Quod
869 5153 1024 5218 dicit,
1054 5154 1370 5222 hujusmodi
1407 5163 1512 5211 est.
1544 5153 1997 5222 Quandoquidem
2031 5152 2190 5209 facile

619 5255 700 5299 est
735 5254 791 5298 ut
817 5246 1017 5316 aliquis
1053 5247 1203 5302 dicat
1245 5256 1455 5315 patrem
1489 5263 1648 5302 suum
1684 5248 1877 5310 Deum,
1909 5245 2004 5300 sed
2047 5244 2188 5299 difﬁ-

622 5337 746 5401 cile,
779 5338 890 5391 imo
915 5354 1082 5408 supra
1114 5347 1327 5394 natura!
1350 5346 1548 5392 creatae
1571 5339 1678 5392 vim
1707 5339 1970 5408 positum,
1997 5345 2054 5390 ut
2086 5336 2189 5390 hoc

623 5445 680 5483 re
709 5437 763 5484 et
794 5429 1006 5486 elTectis
1036 5432 1291 5487 ostendat
1331 5449 1344 5484 :
1379 5447 1476 5500 per
1518 5445 1604 5492 ea,
1648 5432 1848 5501 inquit,
1887 5445 2010 5500 qua:
2042 5439 2190 5484 recte

622 5531 674 5574 et
710 5524 1102 5577 convenienter
1145 5523 1253 5578 Deo
1309 5523 1469 5584 facio,
1498 5523 1727 5591 aequalis
1777 5521 1887 5576 Deo
1937 5527 1990 5574 et
2043 5519 2188 5573 Patri

621 5629 840 5681 certior,
874 5629 975 5669 nec
1004 5629 1225 5670 causam
1275 5615 1460 5671 dicere
1491 5612 1721 5684 potestis
1776 5627 1874 5667 cur
1910 5627 2016 5667 non
2067 5626 2188 5667 cre-

695 5797 738 5829 "
782 5796 927 5852 Psal.
963 5810 1228 5861 tuum,
1266 5797 1314 5855 7,
1395 5797 1436 5828 ³ο
1477 5796 1620 5854 Psal.
1657 5811 1858 5860 Lxxxt,
1890 5795 1958 5860 6,
1999 5795 2052 5848 7.

2365 4969 2435 5021 El
2488 4968 2560 5020 οὐ
2594 4965 2741 5018 ποιῶ
2783 4965 2858 5018 τὰ
2899 4963 3044 5033 ἔργα
3072 4963 3178 5018 τοῦ
3219 4963 3448 5032 Πατρός
3474 4981 3616 5032 μου,
3641 4963 3727 5033 μὴ
3769 4982 3866 5017 πι-

2293 5057 2536 5115 στεύετέ
2563 5075 2686 5126 μοι,
2717 5058 2812 5110 καὶ
2836 5056 2907 5110 τά
2935 5056 3082 5126 ἑξῆς.

2371 5153 2437 5203 '0
2475 5149 2642 5216 λέγει,
2683 5146 2919 5201 τοιοῦτόν
2959 5148 3128 5200 ἐστιν.
3186 5145 3402 5216 Ἐπειδὴ
3434 5144 3495 5197 τὸ
3541 5145 3718 5198 εἰπεῖν
3747 5162 3870 5196 τινα

2297 5244 2508 5314 πατέρα
2541 5242 2632 5294 τὸν
2661 5239 2794 5292 Θεὸν
2837 5239 3090 5310 εὐχερές”
3126 5237 3186 5290 τὸ
3217 5237 3315 5308 μέν
3353 5255 3435 5291 τοι
3477 5235 3647 5300 δεῖξαι
3674 5236 3744 5290 δι’
3777 5235 3867 5305 ἔρο

2295 5353 2429 5404 γων,
2461 5332 2619 5386 τοῦτο
2645 5332 2900 5402 δυσχερὲς
2935 5331 3029 5386 καὶ
3065 5329 3326 5384 ἀδύνατον
3350 5333 3414 5402 τῇ
3451 5329 3643 5384 κτίσεν
3682 5330 3762 5384 Δι’
3791 5323 3868 5385 ὧν

2296 5425 2569 5496 καωρθῶ,
2601 5423 2735 5494 φησὶ
2759 5464 2773 5486 ,
2805 5423 3126 5493 θεοπρεπῶς
3150 5461 3168 5484 ,
3208 5422 3320 5485 ίσος
3351 5423 3612 5493 φαίνομαι
3643 5421 3720 5491 τῷ
3748 5419 3872 5490 Θεῷ

2299 5519 2392 5572 καὶ
2419 5517 2589 5588 Πατρί
2613 5533 2627 5548 ο
2661 5517 2755 5569 καὶ
2780 5515 3007 5584 οὐδεμία
3030 5515 3157 5585 ύμῖν
3182 5515 3442 5582 ἀπολογία
3467 5513 3774 5573 ἀπιστοῦσι,
3800 5516 3867 5582 τῇ

2301 5610 2464 5680 πείρα
2488 5607 2770 5679 μαθοῦσιν,
2803 5608 2888 5661 ὅτι
2924 5607 3035 5670 τσος
3065 5607 3180 5678 είμὶ
3201 5606 3278 5678 τῷ
3307 5606 3504 5677 Πατρὶ,
3539 5605 3608 5659 δι’
3631 5601 3708 5663 ὧν
3735 5602 3872 5658 ποιῶ

2129 5795 2166 5824 ³¹
2212 5790 2228 5844 l
2271 5789 2423 5846 Joan.
2459 5806 2552 5859 ιιι,
2589 5792 2634 5844 l.
