4144 6484
315 444 386 501 35
1167 440 1231 495 IN
1270 438 1588 498 JOANNEM
1602 487 1612 497 .
1626 438 1720 483 ’-·
1762 438 1892 501 LIB.

1996 440 2005 496 l
2041 440 2126 497 ET
2166 439 2278 497 Vill
2314 438 2756 498 FRAGMENTA.
3506 444 3573 503 δι

315 556 636 630 θεοπριπῶν
684 554 862 627 ἔργων
890 595 904 619 ,
940 553 986 606 εί
1019 553 1113 605 καὶ
1150 552 1239 606 διὰ
1271 552 1371 625 τὴν
1413 555 1592 625 σάρκα
1629 553 1784 618 ἔδοξὰ
1805 570 1893 619 τις

1998 553 2165 621 datis,
2198 566 2327 608 cum
2377 554 2715 626 experientia
2749 550 3058 609 didiceritis
3092 567 3177 610 me
3211 554 3354 612 Patri
3385 572 3575 629 a-qua-

314 644 452 704 εἶναι
483 650 611 718 παρ’
637 648 785 718 ὑμῖν,
816 644 893 708 ὡς
916 637 995 708 εἷς
1011 642 1120 697 τῶν
1152 643 1385 698 πολλῶν.
1423 640 1702 697 Ἐντεῦθεν
1738 644 1898 698 δυναι

313 741 405 793 τὸν
435 741 634 793 ἐννοεῖν
663 740 746 792 ὅτι
787 756 806 789 ι
845 736 987 804 Ἐγὼ
1020 737 1080 789 tv
1104 734 1182 806 τῷ
1206 734 1379 806 Πατρὶ
1418 735 1511 787 κα)⁸
1543 736 1574 787 6
1602 735 1790 806 Πατὴρ
1837 737 1896 788 tv

315 831 460 902 δμοί.
494 846 514 883 ι
561 830 625 883 ’Π
663 829 773 899 γὰρ
818 831 917 899 τῆς
945 827 1136 889 οὐσίας
1162 827 1449 896 ταυτότης,
1475 825 1565 878 τὸν
1590 825 1809 896 Πατέρα
1836 827 1895 878 tv

315 921 431 991 Υίῷ
451 923 545 975 καὶ
576 922 669 974 τὸν
702 921 829 973 Υίὸν
854 923 912 972 tv
942 918 1121 989 Πατρὶ
1150 911 1290 972 εἶναι
1331 917 1425 971 καὶ
1462 917 1693 988 ὁρᾶσθαι
1729 918 1892 974 ποιεῖ.

315 1013 427 1066 Καὶ
457 1015 566 1085 γὰρ
597 1013 692 1066 καὶ
736 1013 822 1081 ἐφ’
873 1012 1034 1082 ἡμῶν
1073 1012 1106 1082 ἡ
1148 1008 1241 1063 τοῦ
1278 1004 1489 1078 Πατρδς
1537 1008 1694 1079 ἡμῶν
1736 1008 1894 1061 οὐσία

316 1102 641 1171 γινώσκεται
672 1106 731 1156 tv
778 1102 857 1172 τῷ
897 1102 1027 1171 παρ’
1072 1100 1238 1156 αὐτοῦ
1292 1100 1560 1171 τεχθέντι,
1587 1103 1682 1155 καὶ
1713 1102 1771 1154 tv
1817 1099 1896 1172 τῷ

316 1191 528 1246 τεκόντι
562 1191 724 1246 πάλιν
754 1194 789 1261 ἠ
832 1193 928 1245 τοῦ
969 1191 1269 1262 τεχθέντος.
1316 1186 1413 1255 Εἷς
1445 1191 1554 1266 γὰρ
1593 1194 1650 1245 ὲν
1674 1194 1840 1246 πᾶσιν
1868 1192 1896 1247 6

315 1284 414 1351 τῆς
439 1284 656 1353 φύσεως
678 1284 825 1355 ὅρος,
855 1285 951 1337 καὶ
983 1284 1041 1337 ἓν
1069 1285 1120 1337 oi
1146 1285 1346 1347 πάντες
1374 1286 1441 1356 τῇ
1490 1282 1672 1354 φύσει.
1720 1286 1808 1340 Ἐν
1836 1285 1895 1339 δὲ

316 1376 397 1448 τῷ
417 1376 847 1447 διακεχωρίσθαι
888 1374 1036 1447 ἡμᾶς
1073 1379 1186 1439 τοῖς
1232 1376 1483 1447 σώμασιν
1503 1418 1518 1440 ,
1550 1377 1731 1432 οὐκέτι
1766 1378 1824 1432 ἓν
1845 1379 1897 1432 ei

318 1466 540 1520 πολλοί·
586 1469 725 1539 ὅπερ
753 1468 851 1520 οὐκ
893 1466 1039 1520 ἐστιν
1088 1470 1264 1521 εἰπεῖν
1304 1470 1397 1522 ἐπὶ
1440 1469 1535 1525 τοῦ
1568 1472 1707 1524 κατὰ
1734 1471 1898 1541 φύσιν

318 1554 479 1616 Θεοῦ.
524 1559 834 1629 ’Δσώματον
856 1558 963 1631 γὰρ
984 1560 1046 1613 τὸ
1070 1560 1235 1627 θεῖον,
1283 1562 1332 1614 εἰ
1360 1562 1454 1615 καὶ
1473 1564 1531 1615 tv
1568 1561 1899 1628 ἰδιαζούσαις

320 1648 590 1720 ὑπάρξεσι
611 1650 709 1718 τὴν
725 1648 887 1716 ἁγίαν
906 1648 1139 1720 νοοῦμεν
1159 1651 1389 1722 Τριάδα.
1412 1650 1735 1725 Πατὴργάρ
1753 1654 1899 1707 ἐστιν

318 1742 347 1791 6
382 1740 590 1810 Πατὴρ,
626 1740 719 1792 καὶ
743 1739 844 1810 οὐχ
875 1738 1005 1803 Υἱός
1026 1754 1039 1769 ⁸
1067 1740 1197 1804 Υἱὸς
1232 1741 1290 1795 δὲ
1319 1741 1482 1796 πάλιν
1509 1743 1539 1795 6
1564 1738 1693 1806 Υἱὸς
1716 1745 1808 1798 καὶ
1832 1745 1892 1799 οὐ

1999 646 2105 701 lem
2154 657 2300 711 esse,
2328 659 2394 700 ex
2448 647 2521 702 iis
2557 643 2822 716 operibus
2868 655 2991 715 quae
3025 643 3168 701 facio
3209 642 3321 702 Deo
3367 662 3574 702 convc-

1998 737 2305 801 nicntibus,
2352 738 2459 794 etsi
2519 745 2744 809 propter
2796 749 3017 792 carnem
3059 736 3211 793 visus
3263 738 3365 793 sim
3418 739 3576 795 vobis

1997 838 2262 899 tanquam
2294 844 2439 885 unus
2465 842 2496 885 e
2524 831 2708 899 vulgo.
2743 826 2901 884 Unde
2929 836 3110 898 potest
3141 828 3376 899 intelligi
3402 831 3573 900 quod,

2003 938 2023 972 ι
2063 918 2177 990 Ego
2210 921 2263 975 in
2306 918 2487 986 Patre,
2510 928 2565 975 et
2593 922 2761 976 Pater
2786 921 2840 974 in
2876 935 2964 975 me
2987 921 3053 974 ".
3091 940 3109 973 ι
3154 916 3287 975 Nam
3315 921 3577 978 substan-

1997 1013 2092 1067 tiae
2124 1012 2390 1068 identllas
2423 1012 2644 1067 Patrem
2702 1013 2757 1068 in
2804 1010 2948 1068 Filio
2978 1022 3034 1069 et
3079 1012 3277 1067 Filium
3312 1014 3362 1067 in
3410 1012 3575 1070 Patre

1995 1118 2123 1160 esse
2163 1118 2227 1159 ac
2268 1103 2438 1159 videri
2468 1104 2623 1160 facit.
2646 1103 2862 1159 Etenim
2897 1105 3066 1160 etiam
3108 1104 3162 1159 in
3200 1106 3360 1162 nobis
3392 1104 3572 1162 Patris

1998 1195 2174 1250 nostri
2211 1194 2526 1249 substantia
2572 1193 2937 1264 cognoscitur
2971 1193 3026 1247 in
3068 1207 3136 1247 eo
3160 1206 3319 1263 quem
3362 1196 3571 1266 genuit,

1995 1293 2053 1342 et
2084 1284 2328 1343 vicissim
2369 1286 2425 1341 in
2472 1286 2719 1357 genitore
2760 1284 2949 1357 geniti.
2983 1284 3138 1340 Unus
3178 1286 3327 1341 enim
3367 1286 3423 1341 in
3454 1299 3576 1341 om-

1994 1378 2160 1433 nibus
2184 1386 2267 1433 est
2297 1386 2508 1433 naturae
2534 1378 2824 1443 terminus,
2847 1386 2902 1432 et
2924 1390 3117 1432 omnes
3144 1385 3338 1432 natura
3378 1393 3570 1435 unum.

1995 1470 2107 1526 Sed
2148 1488 2215 1527 eo
2253 1477 2397 1542 quod
2433 1472 2763 1543 corporibus
2794 1470 3035 1541 separati
3070 1482 3285 1537 Sumus,
3317 1472 3428 1539 jam
3463 1487 3573 1528 non

1996 1562 2238 1634 amplius
2272 1561 2433 1618 multi
2471 1578 2666 1629 unum,
2695 1562 2846 1633 quod
2871 1561 3094 1633 quidem
3120 1562 3230 1617 dici
3262 1579 3371 1616 non
3401 1567 3575 1633 potest

1997 1653 2066 1709 de
2124 1652 2236 1709 Deo
2279 1653 2584 1710 secundum
2639 1662 2919 1709 naturam.
2968 1652 3239 1707 Divinitas
3295 1654 3440 1708 enim
3492 1660 3577 1708 est

2000 1746 2357 1817 incorporea,
2381 1747 2605 1802 tametsi
2638 1748 2694 1801 in
2734 1744 2975 1817 propriis
3004 1745 3237 1801 scorsim
3264 1745 3576 1802 subsisten-

316 1829 535 1903 Πατήρο
569 1833 663 1884 καὶ
695 1831 920 1903 Πνεῦμα
946 1833 1100 1901 ἅγιον
1124 1833 1435 1898 ἰδιαζόντως
1464 1834 1526 1887 τὸ
1565 1835 1809 1908 Πνεῦμα,
1847 1837 1894 1892 εἰ

2000 1834 2095 1890 tiis
2138 1842 2391 1890 sanctam
2453 1835 2801 1905 concipimus
2834 1830 3182 1891 Trinitatem.
3222 1834 3387 1890 Pater
3428 1838 3574 1891 enim

313 1917 406 1975 καὶ
429 1923 531 1975 οὐκ
559 1922 700 1975 εἰσὶν
732 1920 791 1975 tv
823 1924 1126 1988 διαστάσει,
1154 1925 1244 1978 διὰ
1281 1924 1381 1995 τὴν
1402 1926 1540 1999 πρὸς
1562 1927 1764 2000 ἄλληλα
1782 1946 1895 1984 κοι-

312 2011 508 2064 νωνίαν
540 2026 598 2066 τε
627 2014 722 2067 καὶ
746 2014 997 2084 ἑνότητα.
1040 2017 1187 2079 Μιᾶς
1227 2016 1406 2070 τοίνυν
1444 2016 1612 2090 οὐσης
1642 2020 1896 2093 θεότητος

312 2105 369 2157 tv
394 2100 570 2175 Πατρὶ
592 2104 687 2157 καὶ
710 2104 827 2176 Υἱῷ
857 2107 951 2159 καὶ
984 2107 1124 2178 ἁγίῳ
1149 2107 1446 2179 Πνεύματι,
1483 2110 1573 2165 τὸν
1596 2113 1813 2184 Πατέρα
1840 2116 1896 2169 tv

316 2196 451 2267 Υίῷ,
481 2198 573 2249 τὸν
592 2198 649 2251 δὲ
676 2197 804 2251 Υίδν
843 2199 901 2251 tv
929 2201 1107 2269 Πατρὶ
1133 2200 1365 2272 λέγομεν
1411 2202 1659 2273 ὁρᾶσθαι.
1703 2204 1896 2275 Ἀναγ-

313 2292 468 2342 καῖον
486 2286 545 2341 δὲ
566 2290 789 2343 κάκεῖνο
808 2286 1027 2351 εἰδέναι,
1042 2290 1239 2361 ὅτιπερ
1252 2291 1314 2343 οὐ
1338 2292 1398 2345 τὸ
1419 2292 1703 2362 βούλεσθαι
1723 2297 1898 2351 ταυτὲ

314 2380 392 2451 τῷ
416 2382 595 2452 Πατρὶ
620 2421 635 2445 ,
664 2381 783 2434 οὐδὲ
812 2381 874 2434 τὸ
921 2382 1049 2451 μίαν
1076 2381 1224 2452 ἔχειν
1264 2383 1399 2455 πρὸς
1439 2386 1604 2439 αὐτὸν
1648 2388 1893 2459 γνώμην,

316 2471 732 2542 παρασκευάζει
748 2471 926 2541 λέγειν
949 2473 1040 2527 τὸν
1067 2473 1216 2527 Υίὸν·
1237 2493 1255 2527 ι
1278 2475 1420 2544 Ἐγὼ
1437 2477 1496 2530 tv
1514 2477 1593 2548 τῷ
1611 2478 1784 2551 Harp!
1804 2482 1899 2533 καὶ

312 2563 343 2614 6
365 2562 553 2633 Πατὴρ
577 2564 634 2615 tv
664 2563 808 2634 ἐμοὶ,
832 2580 851 2615 ι
882 2563 979 2617 καὶ
1008 2584 1025 2616 ι
1052 2564 1194 2634 Ἐγὼ
1219 2567 1313 2621 καὶ
1332 2568 1361 2619 6
1378 2566 1569 2639 Πατὴρ
1585 2569 1642 2621 ἓν
1675 2570 1892 2640 ἐσμενί

313 2653 430 2706 ἀλλ’
459 2655 543 2707 ὅτι
574 2655 674 2725 τῆς
722 2654 820 2707 τοῦ
876 2656 1090 2726 Πατρδς
1137 2657 1327 2721 οὐσίας
1379 2660 1605 2730 γνήσιον
1637 2661 1900 2731 ὑπάρχων

314 2746 583 2817 γέννημα,
616 2745 799 2814 φαίνει
837 2748 935 2817 μὲν
965 2749 1022 2800 tv
1053 2747 1232 2820 ἑαυτῷ
1258 2749 1349 2803 τὸν
1375 2750 1615 2823 Πατέρα,
1647 2753 1900 2821 φαίνεται

313 2837 371 2891 δὲ
412 2838 510 2892 καὶ
548 2839 711 2902 αὐτὸς
754 2842 810 2892 tv
846 2840 1042 2911 Πατρί.
1088 2840 1228 2910 Φησὶ
1259 2842 1367 2914 γὰρ
1397 2842 1477 2895 ὅτι
1524 2844 1592 2896 τὰ
1635 2844 1774 2898 αὐτὰ
1803 2845 1899 2899 καὶ

316 2930 567 3001 βούλεται
595 2932 690 2985 καὶ
725 2932 879 2985 λαλεῖ
906 2933 1001 2986 καὶ
1045 2932 1219 3004 ίσχύει
1248 2935 1328 3005 τῷ
1354 2933 1550 3006 Πατρὶ,
1583 2935 1677 2990 καὶ
1700 2950 1899 3008 κατορε

315 3022 401 3076 Boi
418 3023 655 3086 εὐκόλως
687 3023 715 3076 6
740 3023 904 3087 θέλει,
935 3023 1033 3077 καὶ
1059 3022 1202 3095 ἅπερ
1233 3022 1262 3077 6
1288 3022 1478 3097 Πατὴρ
1500 3028 1668 3087 ποιεῖ,
1706 3026 1790 3080 ἵνα
1810 3026 1899 3081 διὰ

313 3114 535 3168 πάντων
556 3113 741 3185 δειχθῇ
777 3114 1060 3186 ὁμοούσιος
1086 3115 1235 3186 αὐτῷ
1269 3118 1364 3169 καὶ
1388 3115 1490 3188 τῆς
1518 3115 1706 3181 οὐσίας
1730 3116 1897 3172 αὐτοῦ

1999 1932 2083 1979 est
2114 1924 2278 1979 Pater
2300 1934 2354 1980 et
2388 1939 2497 1980 non
2524 1923 2720 1990 Filius,
2752 1923 2926 1983 Filius
2961 1941 3153 1980 rursus
3184 1921 3357 1981 Filius
3385 1936 3438 1981 et
3466 1940 3575 1982 non

1998 2017 2183 2081 Pater,
2225 2026 2281 2071 et
2341 2016 2585 2089 Spiritus
2635 2027 2868 2075 sanctus
2903 2019 3259 2090 peculiariter
3310 2020 3579 2091 δωτίνην

1998 2107 2221 2163 tametsi
2279 2106 2423 2163 inter
2473 2123 2533 2164 se
2584 2122 2692 2162 non
2738 2107 3000 2164 differant
3048 2119 3275 2181 propter
3325 2125 3579 2167 commu-

1998 2198 2219 2254 nionem
2262 2199 2407 2254 inter
2444 2215 2504 2254 se
2537 2211 2603 2253 ac
2641 2200 2925 2255 unitatem.
2951 2199 3091 2255 Cum
3139 2200 3311 2270 igitur
3356 2213 3462 2254 una
3504 2202 3580 2257 sit

2001 2291 2185 2346 deitas
2212 2291 2267 2345 in
2309 2291 2474 2347 Patre
2503 2300 2558 2347 et
2595 2290 2742 2346 Filio
2783 2299 2839 2348 et
2872 2292 3084 2363 Spiritu
3116 2300 3335 2359 sancto,
3361 2292 3578 2348 Patrem

1997 2380 2054 2436 in
2087 2381 2225 2437 Filio
2253 2392 2309 2439 et
2334 2382 2536 2440 Filium
2570 2386 2625 2439 in
2642 2384 2805 2441 Patre
2827 2384 3354 2455 conspicidicimus.
3387 2384 3495 2439 Sed
3522 2391 3579 2439 et

1999 2473 2134 2527 illud
2184 2474 2325 2529 scire
2352 2488 2579 2531 necesse
2613 2474 2718 2541 est,
2754 2490 2862 2530 non
2892 2474 3038 2545 quod
3079 2475 3271 2530 eadem
3301 2476 3430 2531 velit
3451 2482 3575 2529 cum

2000 2561 2188 2627 Patre,
2221 2565 2383 2634 eique
2425 2567 2586 2636 plane
2614 2566 2953 2631 consentiat,
2993 2566 3117 2621 ideo
3142 2564 3281 2621 eﬂici
3316 2578 3374 2620 ut
3404 2565 3577 2621 Filius

1998 2652 2149 2708 dicat
2181 2673 2195 2709 :
2234 2672 2255 2704 ι
2293 2654 2406 2723 Ego
2442 2657 2497 2708 in
2532 2655 2694 2710 Patre
2722 2661 2776 2710 et
2811 2655 2974 2709 Pater
2998 2656 3051 2709 in
3088 2669 3213 2719 me;
3247 2675 3266 2707 ι
3296 2666 3373 2720 et.
3403 2674 3425 2707 ι
3465 2657 3578 2725 Ego

1999 2752 2056 2801 et
2078 2743 2243 2800 Pater
2278 2760 2447 2800 unum
2484 2762 2680 2802 sumus
2708 2766 2720 2800 :
2751 2763 2768 2799 ο
2808 2743 2916 2801 Sed
2966 2748 3093 2817 quia
3125 2758 3251 2801 cum
3294 2748 3366 2802 sit
3398 2745 3578 2803 Patris

2000 2838 2325 2894 substantiae
2357 2852 2655 2909 germanus
2696 2852 2761 2895 ac
2808 2837 3085 2910 ingenuus
3132 2838 3297 2903 fetus,
3335 2839 3578 2895 ostendit

1998 2929 2053 2983 in
2096 2931 2282 3000 seipso
2316 2929 2562 2993 Patrem,
2587 2930 2906 2986 ostenditur
2938 2938 2992 2985 et
3024 2932 3142 3001 ipse
3186 2932 3239 2986 in
3275 2930 3457 2987 Patre.
3487 2933 3577 2986 Ait

1998 3021 2145 3076 enim
2173 3018 2365 3076 eadem
2409 3032 2471 3077 se
2502 3023 2640 3078 velle
2668 3030 2723 3076 et
2756 3022 2907 3092 loqui
2934 3030 2989 3079 et
3033 3036 3196 3093 posse
3235 3037 3359 3077 cum
3390 3022 3575 3084 Patre.

1998 3124 2051 3167 et
2092 3113 2250 3169 facile
2284 3113 2547 3185 perlicere
2577 3113 2723 3185 quod
2748 3115 2899 3180 velit,
2925 3122 2981 3169 et
3028 3114 3199 3187 674
3228 3130 3577 3187 ιιιιωοιιηηιισ

314 3206 529 3277 καρπὸς
565 3206 801 3278 amnem-
847 3207 943 3261 καὶ
967 3208 1031 3260 οὐ
1059 3208 1220 3278 μόνον
1255 3208 1394 3279 ἔχων
1428 3207 1563 3282 πρὸς
1600 3210 1763 3265 αὑτὸν
1788 3210 1894 3265 ἑνὸ-

1999 3205 2161 3261 Pater
2189 3206 2376 3267 faciat.
2424 3216 2484 3262 ut
2536 3222 2632 3275 per
2678 3208 2863 3264 omnia
2899 3209 3310 3263 demonstretur
3334 3209 3577 3264 consul»

312 3314 453 3368 τητα
473 3297 729 3368 σχετικὴν
749 3298 804 3349 tv
834 3298 1019 3368 μόνοις
1036 3298 1243 3369 ὁμοίοις
1263 3298 1533 3371 θελήμασι
1555 3300 1653 3354 καὶ
1675 3298 1895 3372 θεσμοῖς

313 3390 538 3460 ἀγάπης
554 3408 567 3420 ·
590 3389 619 3442 ὃ
636 3389 866 3453 καὶτοῖς
886 3389 1149 3461 κτίσμασι
1172 3392 1456 3463 προσεῖναι
1480 3391 1734 3465 λέγομεν.
1777 3391 1898 3447 Ἔτι

313 3482 410 3536 καὶ
431 3482 460 3534 6
491 3480 617 3545 Υἱὸς
649 3482 706 3533 ὲν
735 3480 814 3551 τῷ
842 3480 1019 3553 Πατρὶ
1048 3481 1143 3535 καὶ
1169 3483 1197 3535 6
1222 3480 1412 3554 Πατὴρ
1434 3485 1492 3537 tv
1523 3484 1602 3554 τῷ
1633 3483 1747 3555 Υίῷ
1774 3500 1899 3555 νοη-

313 3572 537 3644 θήσεται
570 3568 713 3627 κατὰ
749 3571 938 3627 τοῦτον
965 3574 1057 3626 τὸν
1094 3573 1318 3645 τρόπον·
1339 3575 1443 3637 ὅτι,
1467 3574 1528 3628 οὐ
1554 3572 1806 3646 καθάπερ
1830 3574 1897 3630 τὰ

314 3666 618 3736 κτίσματα,
653 3666 717 3718 ὲκ
750 3660 845 3719 τού
879 3665 953 3736 μὴ
980 3664 1135 3730 ὄντος
1179 3667 1259 3730 είς
1299 3664 1361 3719 τὸ
1396 3662 1534 3719 εἶναι
1565 3664 1842 3738 παρῆλθεν
1870 3662 1899 3720 6

314 3756 463 3819 Υἱὸς,
494 3757 527 3826 ἢ
556 3757 753 3824 ἔξωθέν
792 3757 958 3811 ποθεν
988 3758 1087 3829 τὴν
1117 3757 1212 3811 τοῦ
1244 3755 1383 3812 εἶναι
1413 3758 1671 3813 σύστασιν
1712 3759 1895 3830 ἔσχεν,

312 3847 430 3903 ἁλλ’
458 3850 521 3901 ὲκ
548 3850 645 3919 τῆς
683 3848 778 3902 τοῦ
826 3849 1041 3920 Πατρὺς
1088 3847 1277 3913 οὐσίας
1306 3849 1575 3921 προῆλθεν
1603 3844 1793 3923 ὥσπερ
1832 3850 1898 3906 ὲκ

314 3941 493 4007 φωτὸς
526 3940 890 4009 ἀπαύγασμα,
923 3938 1075 4009 ἧκα).
1105 3938 1212 3992 ἀπό
1253 3952 1397 4002 τινος
1429 3936 1616 4011 πηγῆς
1653 3936 1897 3996 ἐκϐαίνοι

310 4033 575 4103 ποταμός.
615 4026 802 4085 Ἔστιν
829 4024 923 4086 οὖν
971 4030 1085 4096 τοῖς
1131 4032 1299 4104 ὁρῶσι
1346 4032 1437 4087 τὸν
1478 4032 1626 4099 Υίδν,
1672 4034 1770 4105 τὴν
1800 4030 1896 4088 τού

310 4122 524 4195 Πατρός
554 4123 740 4178 οὐσίαν
790 4125 943 4195 ὁρᾷν,
989 4122 1082 4177 καὶ
1118 4124 1180 4177 τὸ
1222 4123 1322 4178 τοῦ
1375 4126 1736 4194 γεννήσαντος
1769 4122 1898 4181 ίδιον

311 4215 419 4269 ἀπό
455 4233 513 4268 τε
541 4215 733 4269 τούτου
758 4219 899 4269 νοεῖν
917 4233 932 4247 ο
958 4217 1152 4288 ὅτιπερ
1185 4217 1373 4286 ἐπειδὴ
1414 4217 1637 4288 σύμπαν
1673 4218 1735 4272 τὸ
1758 4215 1897 4274 εἶναι

310 4305 404 4360 τού
431 4307 563 4360 Υίοῦ
594 4309 657 4361 ὲκ
689 4308 790 4378 τῆς
820 4306 915 4361 τοῦ
949 4309 1162 4379 Πατρὸς
1205 4309 1393 4372 οὐσίας
1431 4310 1700 4380 πρόεισιν,
1735 4311 1898 4375 αὐτός

313 4397 461 4448 ἐστιν
493 4397 549 4449 tv
574 4397 745 4469 Πατρί
770 4414 782 4426 ·
814 4400 909 4452 καὶ
934 4397 1097 4453 πάλιν
1130 4399 1195 4452 ἐκ
1219 4396 1328 4452 τῶν
1349 4400 1625 4465 ἐναντίων,
1660 4404 1689 4456 6
1706 4403 1898 4475 Πατήρ

313 4487 464 4540 ἐστιν
494 4489 551 4540 tv
591 4489 706 4560 Υίῷ
733 4530 749 4555 ,
783 4488 974 4562 ἐπειδὴ
1029 4491 1167 4561 ὅπερ
1220 4491 1370 4544 ἐστὶν
1402 4491 1562 4556 αὐτὸς
1592 4496 1657 4565 τῇ
1713 4493 1893 4563 φύσει,

2001 3296 2283 3352 stantialis
2311 3298 2384 3357 ei.
2421 3306 2478 3351 et
2518 3296 2847 3352 substantiae
2893 3298 3014 3365 ejus
3057 3296 3270 3353 fructus
3298 3311 3488 3362 verus,
3519 3304 3575 3353 et

1997 3400 2107 3440 non
2144 3388 2322 3443 solum
2361 3387 2571 3443 habens
2618 3387 2686 3441 ad
2719 3401 2843 3442 eum
2880 3388 3143 3443 unitatem
3188 3395 3241 3443 et
3290 3388 3572 3444 habitudi-

1998 3492 2121 3532 nem
2152 3479 2496 3549 reciprocam
2538 3480 2593 3534 in
2630 3480 2767 3535 solis
2808 3479 3085 3534 similibus
3113 3477 3493 3535 voluntatibus
3518 3491 3573 3535 et

1999 3571 2216 3641 legibus
2263 3571 2602 3638 dilectionis,
2654 3586 2778 3641 qua:
2816 3575 2979 3627 etiam
3032 3573 3087 3628 in
3130 3575 3401 3629 creaturis
3450 3588 3573 3630 esse

1998 3661 2256 3715 dicimus.
2298 3658 2571 3715 Praeterea
2619 3668 2679 3717 et
2721 3658 2895 3717 Filius
2945 3662 3001 3717 in
3054 3661 3215 3718 Patre
3241 3670 3296 3717 et
3329 3660 3491 3719 Pater
3517 3666 3569 3718 in

1998 3746 2141 3807 Filio
2186 3751 2529 3821 concipietnr
2590 3766 2691 3823 per
2745 3752 2893 3808 hunc
2944 3752 3190 3817 modum,
3246 3754 3417 3823 quod,
3463 3768 3570 3809 non

1998 3843 2462 3913 quemadmodum
2499 3850 2789 3908 creaturae,
2821 3858 2851 3897 a
2880 3857 2990 3897 non
3024 3859 3151 3899 esse
3188 3846 3256 3898 ad
3287 3859 3411 3900 esse
3442 3859 3571 3915 pro-

1996 3934 2185 3998 cessit,
2215 3934 2298 3989 vel
2325 3935 2674 3990 extrinsecus
2705 3934 2961 3990 alicunde
2982 3934 3068 3990 sui
3111 3947 3236 3991 esse
3262 3936 3573 3992 subsisten—

1996 4027 2129 4082 tiam
2175 4028 2405 4092 habens,
2436 4025 2534 4083 sed
2594 4041 2659 4082 ex
2707 4025 2886 4083 Patris
2936 4028 3252 4083 substantia
3304 4030 3568 4096 manavit,

1998 4125 2265 4187 tanquam
2307 4131 2337 4170 a
2384 4116 2593 4171 lumine
2625 4116 2908 4187 splendor,
2936 4118 3020 4174 vel
3072 4118 3143 4173 ab
3185 4118 3371 4189 aliquo
3420 4119 3571 4177 fonte

1996 4212 2175 4267 oritur
2219 4209 2446 4266 l'luttien.
2486 4211 2585 4267 Est
2641 4210 2812 4283 igitur
2863 4212 3219 4268 cernentibus
3264 4212 3463 4269 Filium
3514 4225 3569 4270 et

1995 4302 2181 4359 Patris
2225 4302 2591 4360 substantiam
2626 4318 2874 4367 cernere,
2904 4311 2959 4357 et
2986 4304 3257 4373 genitoris
3286 4307 3567 4375 proprium

1995 4411 2063 4451 ex
2099 4411 2165 4450 eo
2201 4395 2713 4466 concipere:un
2763 4395 2889 4466 quia
2923 4396 3239 4452 universum
3272 4412 3396 4453 esse
3440 4396 3564 4453 Filii

1998 4504 2065 4543 ex
2094 4488 2277 4544 Patris
2313 4488 2624 4543 substantia
2654 4488 2922 4559 procedit,
2953 4489 3071 4558 ipse
3099 4496 3185 4543 est
3217 4489 3273 4542 in
3301 4486 3485 4556 Patre,
3512 4501 3569 4543 ct

311 4579 473 4634 τοῦτο
506 4580 602 4634 καὶ
638 4582 668 4634 6
718 4582 777 4647 ὲξ
808 4583 975 4635 αὐτοῦ
1021 4584 1301 4653 προελθὼν
1332 4586 1521 4655 Λόγος.
1549 4588 1803 4643 Φαίνεται
1833 4589 1891 4642 δὲ

1999 4593 2199 4637 rursus
2227 4595 2257 4636 ο
2292 4591 2484 4637 contra
2514 4580 2675 4635 Pater
2706 4588 2791 4636 est
2836 4582 2893 4634 in
2928 4579 3090 4647 Filio,
3125 4581 3384 4650 quoniam
3419 4582 3564 4651 quod

311 4674 405 4727 καὶ
436 4672 581 4728 ἔστιν
630 4675 689 4728 tv
728 4673 863 4746 Υἱῷ,
899 4675 1088 4748 ὥσπερ
1118 4673 1210 4731 οὖν
1238 4678 1331 4731 καὶ
1356 4680 1412 4731 tv
1458 4680 1536 4751 τῷ
1563 4680 1815 4752 ποταμῷ,
1854 4682 1889 4753 ἠ

309 4760 498 4815 τοῦτον
532 4760 908 4830 ἀναϐλύζουσα
937 4768 1113 4838 πηγή.
1142 4766 1215 4819 Τὸ
1245 4765 1350 4840 γὰρ
1378 4766 1505 4821 ἴδιον
1530 4768 1627 4839 τῆς
1649 4768 1744 4821 τοῦ
1777 4768 1890 4822 Πα-

308 4854 438 4923 τρδς
464 4855 647 4919 οὐσίας
679 4858 737 4908 tv
766 4855 880 4926 Υίῷ
911 4857 1164 4928 κείμενον
1186 4896 1202 4922 ,
1243 4859 1338 4911 καὶ
1381 4858 1479 4930 τῆς
1523 4858 1795 4933 θεότητος,
1818 4861 1888 4915 iv'

309 4944 483 5011 οὕτως
517 4950 676 5013 εἴπω,
700 4946 761 5003 τδ
790 4945 950 5017 εἶδος,
983 4950 1219 5005 δεικνύει
1253 4952 1410 5006 πάλιν
1435 4953 1599 5007 αὐτὸν
1628 4954 1687 5007 tv
1719 4952 1887 5024 αὐτῷ.

322 5040 683 5112 Ἐπιτηρῆσαι
712 5041 767 5095 δὲ
790 5043 897 5113 χρὴ
923 5042 1114 5112 ὅτιπερ
1144 5044 1205 5096 οὐ
1239 5043 1341 5114 τῆς
1379 5044 1652 5115 τυχούσης
1681 5046 1888 5098 οἰκονο-

311 5132 443 5200 μίας
492 5132 655 5186 ενεκα
706 5132 803 5203 τὴν
833 5134 1092 5205 τοιαύτην
1137 5136 1320 5206 φωνὴν
1348 5137 1570 5207 εἴρηκεν
1608 5136 1636 5188 ὁ
1673 5134 1884 5207 Σωτήρ.

322 5221 539 5294 Ἐπειδὴ
586 5225 694 5296 γὰρ
731 5227 833 5297 τὴν
876 5227 1185 5298 ταυτότητα
1238 5228 1337 5298 τῆς
1384 5227 1618 5297 φύσεως,
1659 5229 1724 5301 ἣν
1772 5228 1885 5300 ἔχει

308 5316 447 5387 πρὸς
471 5317 562 5370 τὸν
587 5318 951 5390 Γεννήσαντα,
978 5320 1148 5386 δεῖξαι
1184 5321 1469 5393 βουληθεὶς
1504 5316 1678 5387 εἶπεν,
1704 5340 1722 5373 ι
1746 5320 1886 5390 Ἐγὼ

305 5407 403 5459 καὶ
426 5408 454 5458 ὁ
480 5408 669 5480 Πατὴρ
698 5409 757 5463 tv
790 5410 961 5482 ἔσμεν
985 5429 999 5442 ·
1025 5431 1043 5464 ι
1081 5413 1169 5467 ἴνα
1206 5413 1281 5484 μή
1311 5430 1395 5476 τις
1428 5411 1589 5466 αὐτὸν
1621 5408 1758 5466 εἶναι
1791 5415 1886 5466 καὶ

307 5497 531 5571 Πατέρα
560 5499 655 5554 καὶ
674 5498 799 5554 Υίὸν
827 5500 1112 5569 ὑπολάϐοι,
1131 5504 1317 5574 μόνοις
1332 5502 1591 5574 ὀνόμασιν
1619 5505 1698 5568 εἰς
1720 5503 1886 5559 δυάδα

302 5588 802 5659 διαστελλομένως,
842 5592 1003 5658 ὗντας
1043 5594 1101 5649 δὲ
1133 5595 1230 5665 οὐχ
1267 5593 1438 5660 οὕτως
1460 5596 1521 5649 tv
1564 5594 1881 5659 ὑποστάσει,

302 5682 617 5750 ἀναγκαίως
632 5684 1073 5757 ἁπεξηγοὺμενος
1097 5690 1233 5760 ὅπερ
1262 5687 1470 5760 εἴρηκε,
1500 5688 1595 5742 καὶ
1620 5686 1883 5758 σαφέστε-

373 5860 421 5895 ”
446 5861 604 5921 Ιυαη.
641 5881 750 5929 Χιν,
790 5866 872 5919 Η.

1997 4683 2083 4730 est
2117 4675 2208 4729 ille
2247 4683 2468 4737 natura,
2498 4674 2606 4729 hoc
2638 4684 2693 4729 ct
2732 4689 2796 4729 ex
2833 4688 2900 4729 eo
2942 4674 3270 4743 proveniens
3299 4671 3480 4727 Verbu
3506 4691 3561 4725 ιι.

1994 4767 2240 4838 Apparet
2272 4782 2402 4822 vero
2429 4774 2483 4821 et
2509 4773 2594 4821 est
2637 4767 2691 4820 in
2739 4764 2903 4827 Filio,
2936 4764 3209 4835 quomodo
3233 4774 3289 4818 et
3316 4762 3371 4817 in
3400 4764 3566 4818 lluvio

1994 4859 2087 4928 qui
2122 4859 2273 4912 illum
2313 4858 2547 4913 scaturit
2571 4865 2625 4913 et
2678 4858 2882 4913 emittit
2930 4857 3070 4910 fons.
3097 4854 3383 4925 Proprium
3418 4858 3561 4911 enim

1992 4949 2175 5006 Patris
2215 4950 2539 5007 substantia:
2568 4930 2622 5005 in
2653 4949 2797 5005 Filio
2824 4950 3025 5015 situm;
3048 4956 3102 5003 et
3127 4949 3373 5016 deitatis,
3403 4957 3461 5004 ut
3489 4949 3562 5005 ita

1992 5040 2209 5110 loquar,
2248 5041 2465 5111 species
2516 5039 2715 5094 iterum
2770 5038 2953 5109 ipsum
2992 5040 3044 5093 in
3078 5054 3144 5095 eo
3184 5049 3561 5111 repraesentat.

1993 5130 2100 5186 Sed
2138 5140 2192 5187 et
2230 5130 2642 5188 observandum
2678 5136 2783 5193 est,
2824 5144 2932 5184 non
2974 5128 3042 5186 de
3073 5131 3247 5186 nihilo
3279 5148 3423 5198 esse,
3466 5146 3567 5186 nec

1992 5224 2204 5293 absque
2255 5236 2469 5278 summa
2529 5220 2746 5278 ordinis
2800 5223 3037 5282 ratione.
3087 5222 3233 5293 quod
3288 5223 3562 5292 ejusmodi

1991 5331 2180 5371 vocem
2254 5314 2482 5386 protulit
2541 5313 2825 5370 Servator.
2886 5313 3343 5385 Quandoquidem
3413 5318 3562 5371 etaim

1992 5408 2341 5463 identitatetn
2379 5417 2590 5462 natura:
2619 5423 2783 5478 quam
2819 5423 2943 5461 cum
2977 5407 3140 5463 Patre
3182 5407 3343 5462 habet
3371 5417 3559 5463 osten-

1987 5500 2118 5557 dere
2142 5500 2332 5555 volens
2369 5497 2549 5555 dixit:
2591 5517 2609 5550 ι
2653 5496 2764 5569 Ego
2797 5508 2850 5555 et
2884 5493 3047 5554 Pater
3075 5514 3244 5554 unum
3285 5510 3498 5566 sumus,
3534 5518 3556 5551 ι

1988 5609 2056 5648 ne
2085 5591 2212 5663 quis
2245 5606 2375 5646 eum
2422 5606 2545 5647 esse
2577 5598 2634 5647 et
2673 5590 2884 5646 Patrem
2933 5599 2988 5646 et
3022 5584 3219 5646 Filium
3259 5589 3557 5652 existimet.

1989 5682 2122 5742 solis
2158 5682 2479 5742 nominibus
2519 5682 2574 5739 in
2620 5682 2900 5739 binarium
2944 5680 3180 5750 divisos,
3212 5695 3558 5753 nequaquam
