4144 6488
576 416 648 472 55
1394 471 1399 476 ,
1568 411 1623 463 S.
1668 407 1939 465 CYBILIJ
1980 408 2448 465 ALEXANDRI'NI
2488 408 2809 467 ARCHIEP.
3762 423 3835 478 56

579 545 711 585 vero
740 527 994 585 similiter
1020 528 1333 600 hypostast,
1353 528 1671 582 necessario
1688 528 1971 597 explicans
2001 526 2148 597 quod

2257 542 2346 595 ρον
2380 527 2490 589 τοῖς
2526 526 2895 596 ἀκροωμένοις
2945 526 3078 579 αὐτὸ
3127 525 3427 591 καθιστῶν,
3467 529 3717 602 ἐπιφέρει
3745 534 3830 601 τὸ,

578 623 741 686 dixit,
781 636 845 676 ac
878 622 1180 676 dilucidius
1209 619 1563 674 audientibus
1604 619 1737 672 illud
1766 619 2027 681 reddens,
2057 618 2152 673 ad—

574 714 756 783 jungit
788 713 890 767 hoc
923 732 935 767 :
975 733 994 765 ε
1032 712 1143 782 Ego
1165 713 1219 765 in
1253 712 1429 773 Patre,
1455 719 1504 765 el
1534 709 1767 765 Pateriu
1791 727 1899 776 me,
1942 731 1959 761 ι
2003 718 2061 764 ιιι
2084 726 2151 764 ex

579 801 683 855 hoc
712 803 929 871 quidem
976 802 1123 870 quod
1152 801 1208 854 in
1249 800 1364 862 illo,
1398 806 1453 852 et
1482 799 1574 853 ille
1612 800 1666 852 in
1721 800 1827 854 huc
1876 800 2150 865 cernitur,

581 894 923 949 identitatcm
958 892 1201 955 deitatis,
1232 898 1285 945 et
1317 891 1646 946 substantiae
1676 891 1936 946 unitatem
1969 902 2154 947 osten-

580 984 695 1038 dat.
729 983 803 1037 Ex
837 998 902 1038 eo
927 996 1058 1037 vero
1092 979 1235 1052 quod
1266 981 1407 1035 alter
1432 980 1487 1034 in
1515 981 1688 1035 altero
1713 981 1807 1045 sit,
1830 996 1941 1035 non
1982 998 2151 1036 unum

579 1074 709 1145 quid
733 1086 965 1128 numero
991 1072 1318 1141 accipiatur,
1339 1070 1564 1141 quando
1592 1071 1754 1125 modo
1785 1070 1969 1135 Pater.
1992 1072 2154 1128 modo

581 1167 752 1221 Filius
787 1166 1014 1228 dicitur,
1044 1163 1137 1218 sed
1177 1179 1308 1218 vere
1367 1164 1759 1218 subsistentem
1809 1162 2047 1228 Patrem,
2100 1175 2155 1220 et

580 1259 969 1313 subsistentem
1014 1254 1239 1321 Filium,
1286 1253 1563 1309 emcacius
1602 1254 1963 1310 demonstret.
1991 1255 2155 1310 Pater

578 1351 722 1405 enim
755 1359 811 1403 et
850 1347 1025 1402 Filius
1060 1362 1231 1400 unum
1268 1345 1491 1416 quidem
1528 1354 1659 1401 sunt
1717 1346 2022 1399 secundum
2057 1362 2154 1399 na-

579 1450 779 1503 turam,
808 1439 917 1492 duo
948 1452 1078 1492 vero
1107 1451 1355 1497 numero,
1388 1452 1497 1491 non
1535 1447 1794 1502 tanquam
1831 1451 1940 1490 uno
1967 1437 2153 1508 aliquo

580 1533 652 1587 ita
688 1531 741 1585 in
774 1531 913 1584 duas
956 1538 1144 1599 partes
1191 1528 1391 1591 diviso,
1424 1537 1485 1582 ut
1517 1528 1778 1597 deinceps
1809 1528 1961 1582 nulla
1998 1543 2152 1583 com-

579 1621 846 1675 munione
880 1619 1027 1673 inter
1056 1634 1115 1674 se
1143 1625 1200 1673 et
1228 1617 1551 1672 habitudine
1584 1625 1773 1671 mutua
1793 1617 2107 1686 jungantur
2134 1634 2149 1672 :

577 1728 756 1782 neque
794 1726 990 1765 rursus
1023 1718 1286 1779 tanquam
1326 1724 1434 1763 uno
1465 1707 1769 1780 eodemque
1798 1708 2018 1764 duobus
2053 1725 2155 1762 tto-

580 1804 821 1859 minibus
857 1812 1199 1871 nuncupata,
1248 1810 1307 1855 ut
1343 1801 1709 1871 appellatione
1742 1808 1902 1855 tenus
1952 1800 2150 1855 biuarii

578 1896 664 1950 vis
698 1903 977 1965 appareat.
1010 1892 1197 1963 Neque
1224 1908 1389 1964 porro
1420 1891 1610 1947 eodem
1647 1893 1784 1947 alias
1815 1891 2150 1955 l’atre,alias
2184 1880 2224 1934 Β

576 1974 718 2043 Filio
745 1988 915 2051 dicto,
944 1987 1088 2056 quod
1116 1997 1203 2041 est
1229 1985 1426 2055 dogma
1456 1983 1701 2039 Sabellii.
1729 1982 1834 2036 Sed
1882 1992 2011 2038 sunt
2050 1999 2152 2037 nu-

577 2095 727 2134 rnero
771 2078 902 2145 duo,
947 2080 1150 2150 quippe
1198 2088 1279 2134 est
1341 2077 1501 2133 Pater
1557 2092 1773 2147 semper
1825 2076 2007 2139 Pater,
2054 2079 2149 2148 qui

577 2188 854 2241 nunquam
899 2172 953 2224 in
988 2170 1184 2225 Filium
1227 2177 1493 2235 mutatur,
1525 2178 1578 2225 et
1628 2185 1824 2225 rursus
1855 2179 1941 2225 est
1977 2169 2151 2225 Filius

578 2278 797 2332 semper
832 2261 1025 2329 Filius,
1071 2263 1162 2332 qui
1206 2277 1487 2331 nunquam
1532 2262 1586 2315 in
1626 2260 1842 2316 Patrem
1882 2261 2152 2317 transfor-

578 2363 757 2408 matur
786 2354 983 2425 2675
1012 2370 1246 2424 cumque
1291 2369 1351 2409 se
1388 2355 1462 2408 ita
1498 2369 1587 2409 res
1625 2354 1843 2416 habeat,
1875 2362 1931 2408 ct
1961 2370 2153 2408 nume-

576 2464 674 2502 rus
724 2448 779 2501 in
824 2448 1042 2502 biuario
1086 2447 1158 2501 sit
1189 2446 1427 2517 positus,
1468 2455 1523 2501 et
1554 2461 1659 2500 una
1692 2457 1775 2501 est
1806 2452 1999 2500 natura
2030 2460 2149 2499 am-

575 2538 772 2601 bobus,
835 2547 891 2592 et
948 2539 1140 2593 cadent
1203 2538 1461 2592 voluntas
1520 2552 1584 2593 ac
1640 2537 1840 2601 deitas,
1900 2536 2148 2607 genitura

574 2646 796 2700 semper
824 2632 1133 2701 genitorem
1168 2636 1603 2700 repraesentante
1633 2646 1645 2682 :
1675 2636 1758 2683 est
1792 2629 1936 2684 enim
1969 2630 2149 2699 imago

572 2730 627 2777 et
682 2721 943 2791 splendor
993 2731 1049 2776 et
1100 2722 1393 2776 character
1445 2721 1770 2776 substantia:
1827 2720 2004 2776 Patris
2055 2721 2147 2775 Fi-

576 2814 680 2868 lius
709 2814 786 2879 ³³;
814 2814 895 2869 sic
926 2814 1070 2868 enim
1106 2829 1278 2867 unttm
1311 2812 1551 2868 dicimus
1582 2828 1705 2867 esse
1734 2812 1900 2866 Deum
1932 2822 2149 2882 propter

576 2905 915 2961 identitatcm
961 2916 1177 2960 natura:
1220 2904 1406 2959 Patris
1440 2920 1565 2960 cum
1599 2904 1740 2957 Filio
1780 2914 1833 2959 et
1863 2904 1985 2958 Filii
2021 2920 2146 2959 cum

575 2996 758 3051 Patre.
789 2997 1262 3063 Quemadmodum
1296 3007 1477 3051 autem
1511 2997 1696 3051 lumen
1730 3004 1783 3050 et
1817 2996 2087 3065 fulgorem
2117 3013 2146 3050 a

573 3088 689 3142 sole
715 3090 984 3144 emissum
1013 3103 1123 3142 non
1155 3089 1283 3159 quis
1316 3088 1517 3144 dixerit
1547 3089 1849 3144 secundum
1896 3100 2145 3143 naturam

574 3180 723 3233 aliud
770 3195 894 3235 esse
928 3180 1110 3234 lumen
1156 3181 1226 3235 ab
1274 3182 1388 3245 illo,
1427 3189 1524 3235 aut
1567 3181 1869 3237 secundum
1911 3182 2145 3251 partici-

2261 638 2277 669 ‹
2301 619 2441 685 Ἐγὼ
2473 621 2529 671 ὲν
2561 617 2640 687 τῷ
2668 618 2843 687 Πατρὶ
2887 616 2979 669 καὶ
3010 619 3037 669 6
3070 617 3257 688 Πατὴρ
3292 620 3350 670 ὲν
3378 620 3535 687 ἐμοὶ,
3576 640 3595 671 ι
3632 622 3715 675 ἵνα
3742 624 3833 677 διὰ

2257 709 2358 779 μὲν
2391 708 2484 762 τοῦ
2514 708 2702 761 τοῦτον
2732 709 2789 760 ἐν
2817 708 3029 778 ἐκείνῳ,
3068 710 3319 761 κάκεῖνον
3350 710 3406 761 ὲν
3440 710 3613 782 τούτῳ
3643 714 3831 780 φαίνε-

2254 799 2400 864 σθαι,
2456 801 2553 871 τὴν
2594 800 2895 871 ταυτότητα
2948 801 3046 871 τῆς
3094 800 3347 872 θεότητος
3387 803 3478 855 καὶ
3514 804 3615 873 τῆς
3644 806 3833 869 οὐσίας

2252 891 2350 962 τὴν
2379 890 2571 943 ἕνωσιν
2592 890 2759 961 δείξῃ.
2803 892 2901 944 Διά
2927 890 2983 944 δὲ
3020 889 3114 944 τοῦ
3154 891 3339 963 ἓτερον
3379 894 3436 946 ὲν
3460 894 3632 964 ἑτέρῳ
3666 891 3828 960 εἶναι,

2257 983 2331 1053 μὴ
2356 982 2414 1035 ἕν
2446 1000 2497 1035 τι
2524 982 2604 1034 ὢν
2634 982 2850 1054 ἀριθμῷ
2881 982 3065 1054 νοηοῇ,
3094 985 3123 1036 6
3151 985 3279 1037 ποτὲ
3312 984 3410 1054 μὲν
3450 986 3667 1057 Πατὴρ,
3699 988 3828 1040 ποτὶ

2253 1075 2317 1151 δὲ]
2354 1075 2483 1138 Υἱὸς
2533 1075 2770 1143 λέγεται,
2804 1074 2918 1127 ἀλλ’
2945 1074 3114 1138 ὅντως
3155 1074 3441 1143 ὑφεστῶτα
3482 1078 3701 1149 Πατέρα
3736 1080 3828 1132 καὶ

2255 1169 2539 1239 ὑφεστῶτα
2566 1168 2692 1221 Υίὸν
2723 1169 3111 1240 ἐναργέστερον
3145 1169 3424 1242 ἀποδείξῃ.
3477 1170 3537 1223 'U
3572 1170 3682 1241 γάζο
3714 1164 3824 1225 Πα-

2254 1262 2357 1332 τὴρ
2392 1260 2486 1313 καὶ
2526 1262 2556 1312 6
2580 1259 2707 1322 Υἱὸς
2738 1258 2795 1311 ἒν
2846 1259 2945 1327 μὲν
2976 1260 3084 1312 είσ)⁵
3134 1260 3276 1312 κατὰ
3318 1260 3479 1329 φύσιν
3500 1302 3514 1325 ,
3548 1262 3641 1314 δύο
3673 1263 3730 1315 δὲ
3770 1265 3826 1314 ὲν

2254 1350 2492 1423 ἀριθμῷ,
2520 1352 2618 1420 οὐχ
2641 1351 2715 1414 ὡς
2741 1350 2857 1412 ἑνός
2888 1366 3032 1412 τινος
3073 1351 3153 1413 εἰς
3192 1350 3284 1403 δύο
3328 1339 3827 1422 καταδιαιρεθέντὶς

2257 1442 2417 1512 μέρη,
2441 1442 2516 1503 ὡς
2548 1436 2687 1493 εἶναι
2710 1439 2897 1493 λοιπὸν
2925 1440 3023 1510 τῆς
3048 1439 3182 1510 πρὸς
3212 1439 3415 1510 ἄλληλα
3454 1441 3735 1504 κοινωνίας
3763 1459 3824 1494 τε

2254 1532 2349 1584 καὶ
2375 1530 2613 1600 σχέσεως
2647 1529 2937 1600 ἀμέτοχοι·
2987 1529 3108 1584 οὔτε
3148 1531 3252 1603 μὴν
3294 1532 3369 1595 ὡς
3400 1531 3490 1585 τοῦ
3535 1531 3699 1585 αὐτοῦ
3730 1536 3826 1586 καὶ

2254 1620 2371 1684 ἐνὸς
2407 1621 2601 1683 διττοῖς
2637 1619 2893 1690 ὀνόμασιν
2947 1621 3389 1693 ἀποκαλουμένου
3410 1639 3424 1652 ·
3475 1624 3561 1675 ἴνα
3588 1623 3645 1674 ὲν
3689 1623 3823 1693 μόνῃ

2254 1710 2594 1782 προσηγορίᾳ
2623 1710 2878 1780 φαίνηται
2903 1713 3002 1782 τῆς
3021 1712 3211 1776 δυάδος
3248 1715 3280 1783 ὴ
3316 1713 3560 1783 δύναμις.
3593 1714 3725 1767 υύδὲ
3748 1714 3825 1777 ὼς

2253 1802 2347 1855 τοῦ
2384 1802 2571 1867 αὐτοῦ,
2596 1803 2724 1855 ποτὲ
2766 1804 2864 1873 μὲν
2900 1804 3131 1873 Πατρὸς,
3179 1806 3307 1859 ποτὲ
3352 1806 3409 1858 δὲ
3438 1806 3565 1858 Υἱοῦ
3599 1805 3828 1876 λεγομέο

2254 1912 2345 1948 νου
2368 1914 2381 1926 ·
2402 1894 2562 1948 τοῦτο
2587 1898 2695 1967 γὰρ
2722 1896 3012 1951 Σαϐελλίου
3045 1898 3106 1951 1b
3143 1897 3337 1968 δόγμα.
3398 1899 3534 1952 Ἀλλ’
3574 1901 3676 1953 είσὶ
3704 1901 3822 1970 μὶν,

2253 1986 2472 2058 ἀριθμῷ
2496 1986 2616 2040 δύο·
2641 1986 2756 2040 ἐστι
2789 1987 2898 2059 γὰρ
2928 1990 2956 2041 6
2977 1989 3189 2059 Πατὴρ,
3213 1990 3299 2041 ἀεὶ
3334 1989 3543 2059 Πατὴρ,
3572 1989 3823 2041 οὐδέποτε

2254 2082 2333 2143 είς
2364 2080 2490 2132 Yth
2527 2078 3012 2150 μεταποιούμενος,
3040 2080 3135 2132 καὶ
3169 2080 3330 2133 πάλιν
3360 2082 3387 2133 6
3415 2080 3560 2146 Υἱὸς,
3596 2082 3681 2134 ἀεὶ
3698 2081 3825 2144 Υἱὸς

2254 2171 2509 2225 οὐδέποτε
2539 2172 2619 2234 είς
2651 2169 2870 2241 Πατέρα
2896 2168 3359 2240 μεταϐαλλόμενος
3379 2185 3391 2196 ·
3427 2168 3569 2223 οὕτω
3592 2170 3649 2222 δὲ
3674 2170 3825 2233 ὄντος

2252 2262 2346 2316 τοῦ
2372 2262 2719 2335 πράγματος,
2756 2262 2852 2315 καὶ
2873 2264 2930 2314 ὲν
2955 2262 3107 2315 δυάδι
3134 2262 3385 2332 κειμένου
3410 2262 3504 2315 τοῦ
3548 2259 3776 2332 ἀριθμοῦ
3805 2300 3821 2319 ,

2254 2355 2356 2426 μία
2374 2372 2435 2407 τε
2467 2354 2626 2423 φύσις
2660 2354 2991 2425 ἀμφοτέροις
3022 2354 3115 2406 καὶ
3141 2356 3175 2423 ὴ
3204 2352 3339 2423 αὐτὴ
3365 2356 3459 2406 καὶ
3488 2353 3705 2423 θέλησις
3730 2355 3824 2406 καὶ

2252 2446 2465 2518 θεότης,
2492 2447 2727 2508 ἐοικότος
2753 2447 2840 2499 ἀεὶ
2868 2446 2961 2499 τοῦ
3004 2449 3340 2517 γεννήματος
3368 2446 3446 2517 τῷ
3472 2448 3823 2517 γεγεννηκότι

2252 2537 2494 2606 φυσικῶς
2520 2554 2532 2567 ·
2562 2535 2726 2589 εἰκὼν
2758 2536 2865 2608 γὰρ
2897 2537 3013 2589 ἐστι
3040 2538 3133 2590 καὶ
3163 2537 3504 2609 ἀπαύγασμα
3538 2538 3631 2591 καὶ
3649 2555 3822 2609 χαραο

2252 2632 2392 2701 κτὴρ
2421 2629 2521 2699 τῆς
2546 2629 2640 2682 τοῦ
2688 2629 2901 2698 Πατρὸς
2942 2628 3131 2692 οὐσίας
3156 2631 3184 2681 6
3213 2628 3367 2692 Υἱός·
3420 2630 3560 2683 οὕτω
3592 2631 3700 2703 γάρ
3728 2633 3821 2684 ἕνα

2252 2722 2431 2793 φαμὲν
2454 2716 2594 2774 εἶναι
2628 2720 2761 2773 Θεὸν
2785 2720 2873 2773 διὰ
2896 2720 2993 2789 τὴν
3011 2720 3315 2791 ταυτότητα
3347 2720 3445 2791 τῆς
3476 2720 3689 2789 φύσεως
3711 2725 3822 2776 Πα-

2247 2814 2375 2884 τρὸς
2402 2813 2536 2883 πρὸς
2571 2812 2695 2864 Υίδν
2726 2813 2819 2863 καὶ
2838 2810 2964 2864 Υίοῦ
2992 2811 3127 2882 πρὸ..
3154 2812 3390 2883 Πατέρα.
3417 2813 3523 2865 Καὶ
3550 2812 3737 2884 ὥσπερ
3762 2815 3821 2864 1b

2249 2905 2313 2956 ὲκ
2346 2902 2438 2955 τοῦ
2466 2902 2619 2973 ἡλίου
2655 2902 3009 2971 πεμπόμενον
3037 2902 3151 2970 φῶς
3182 2903 3274 2955 καὶ
3322 2902 3685 2973 ἀπαύγασμα,
3722 2906 3821 2957 οὐκ

2248 2994 2315 3048 ἀν
2344 3010 2427 3057 τις
2461 2992 2607 3047 εἴποι
2638 2992 2781 3046 κατὰ
2806 2992 2966 3061 φύσιν
2989 2992 3177 3062 ἕτερον
3199 2988 3338 3044 εἶναι
3369 2992 3482 3061 φῶς
3512 2992 3642 3065 παρ’
3678 2996 3822 3046 ἐκεῖ·

2247 3104 2358 3149 νον,
2400 3085 2432 3156 ἢ
2464 3084 2605 3138 κατά
2634 3084 2923 3154 μετουσίαν
2962 3083 3081 3137 τινὰ
3114 3083 3208 3136 καὶ
3238 3083 3421 3153 σχέσιν
3449 3084 3546 3156 τὴν
3569 3084 3629 3149 ἐξ
3660 3084 3821 3137 αὑτοῦ

2247 3178 2487 3232 τοιοῦτον
2516 3175 2790 3247 γενέσθαι,
2815 3176 2927 3229 ἀλλ’
2955 3176 3122 3240 ὅντως
3158 3177 3316 3246 φύσει
3344 3178 3529 3247 προϊὸν
3546 3177 3603 3243 ἐξ
3622 3176 3784 3230 αὑτοῦ
3805 3192 3819 3207 '

576 3270 852 3338 pationem
890 3271 1135 3341 aliquam
1189 3280 1243 3327 et
1293 3272 1667 3328 habitudinem
1714 3276 1782 3328 ab
1832 3289 1899 3328 eo
1944 3274 2147 3344 depen-

2253 3268 2347 3320 καὶ
2374 3266 2466 3319 δύο
2495 3266 2595 3337 μὲν
2620 3265 2793 3319 ταῦτα
2826 3266 2980 3335 φῶτα
3005 3269 3124 3320 κατ’
3147 3268 3389 3320 ἐπίνοιαν
3433 3269 3645 3337 ὁρᾶται,
3680 3267 3737 3319 ἓν
3766 3267 3824 3319 δέ

575 3362 796 3417 dentem
831 3363 939 3417 tale
970 3378 1117 3427 esse,
1148 3364 1243 3419 sed
1276 3380 1403 3420 vere
1436 3372 1636 3419 natura
1676 3380 1741 3420 ex
1769 3381 1835 3421 eo
1868 3366 2151 3436 prodiens,

574 3460 630 3507 et
673 3453 786 3507 duo
837 3454 1059 3522 quidem
1116 3455 1229 3509 haec
1272 3455 1480 3510 lumina
1531 3457 1949 3526 concipiuntur,
1980 3471 2153 3510 unum

574 3560 703 3599 VBI‘O
751 3555 879 3600 Slllll
936 3546 1242 3601 secundum
1293 3556 1550 3603 naturam
1593 3565 1608 3603 2
1653 3550 1735 3603 sic
1792 3564 1953 3603 nemo
1999 3555 2151 3601 recta

572 3653 696 3692 cum
729 3638 962 3700 ratione,
990 3639 1211 3694 tametsi
1258 3640 1545 3695 seindatur
1578 3639 1759 3695 Patris
1795 3647 1843 3695 et
1889 3638 2012 3694 Filii
2043 3655 2150 3694 nu-

570 3741 775 3791 merus,
808 3726 954 3781 aliud
987 3726 1258 3797 quiddam
1289 3728 1435 3783 dicet
1482 3743 1513 3782 a
1544 3728 1705 3784 Patre
1734 3728 1932 3783 Filiqu
1963 3728 2145 3799 quoad

571 3814 826 3870 deitatem
870 3824 926 3871 et
975 3817 1303 3872 substantiae
1348 3817 1711 3873 identitatcm.
1749 3818 1853 3873 Sed
1884 3817 2145 3888 quemado

571 3905 793 3960 modum
828 3909 913 3962 sol
946 3908 1001 3961 in
1038 3906 1254 3976 fulgore
1290 3924 1319 3961 a
1350 3924 1409 3964 se
1447 3908 1774 3979 prodeunte,
1804 3918 1857 3964 et
1887 3910 2064 3979 fulgor
2090 3910 2143 3964 in

571 3999 688 4051 sole
719 4014 749 4052 a
788 4014 900 4069 quo
934 4000 1158 4070 prodiit,
1186 4004 1264 4055 sic
1302 4009 1387 4057 est
1417 4001 1577 4057 Pater
1608 4003 1663 4057 in
1697 4001 1857 4067 Filio,
1886 4013 1941 4057 et
1970 4001 2142 4057 Filius

571 4090 627 4144 in
661 4088 839 4156 Patre,
886 4106 1119 4147 numero
1166 4092 1221 4146 in
1268 4093 1541 4148 biuarium
1578 4094 1761 4159 divisi,
1791 4102 1845 4150 et
1881 4096 1965 4149 sic
1997 4094 2144 4150 exsi-

570 4189 782 4235 stentcs
831 4183 885 4235 in
943 4183 1263 4254 hypostasi,
1311 4184 1605 4241 identitate
1636 4201 1769 4241 vero
1826 4195 2037 4240 natura;
2084 4184 2141 4239 in

571 4290 735 4327 uitam
767 4274 1019 4330 deitatem
1057 4277 1352 4347 compacti.

643 4365 708 4428 Χ.
746 4367 833 4421 40.
868 4366 934 4420 Et
970 4368 1100 4421 abiit
1129 4386 1315 4425 rursus
1346 4377 1493 4425 trans
1520 4367 1834 4435 Iordanem,
1866 4380 1975 4427 etc.

640 4546 869 4602 Relictis
896 4546 1296 4622 Hierosolymis
1318 4553 1584 4609 Servatur
1605 4552 1659 4606 in
1680 4552 1861 4607 locum
1894 4550 2143 4607 fontibus

568 4638 962 4695 sraturieutem
1006 4640 1255 4710 trajicit,
1291 4646 1440 4699 velut
1482 4646 1537 4698 in
1583 4643 1759 4714 figura
1796 4642 2055 4698 indicans
2085 4658 2143 4698 se

570 4732 893 4786 relicturum
947 4730 1232 4797 Judaaam,
1288 4744 1342 4789 et
1403 4736 1471 4789 ad
1529 4736 1775 4805 gentium
1834 4734 2140 4790 Ecclesiatn

570 4823 935 4887 migraturum
960 4863 977 4889 ,
1013 4842 1136 4894 qua:
1176 4824 1357 4881 fontes
1402 4827 1569 4882 habet
1616 4826 2001 4897 baptismatis,
2032 4841 2142 4896 quo

569 4914 690 4968 loco
724 4915 880 4968 multi
919 4918 1137 4986 quidem
1193 4919 1259 4973 ad
1314 4934 1438 4972 eum
1495 4919 1765 4974 accedunt
1813 4918 2141 4973 transmisso

564 5002 803 5061 Iordane
832 5027 844 5059 :
881 5008 988 5062 hoc
1022 5011 1168 5064 enim
1204 5010 1450 5065 declarat
1480 5010 1627 5065 istud
1663 5020 1816 5065 trans
1846 5009 2138 5064 Jordanem

566 5098 837 5153 diversari
872 5099 1159 5155 Christum
1183 5145 1193 5156 .
1220 5143 1233 5156 .
1272 5145 1285 5157 .
1317 5102 1418 5168 Qui
1453 5103 1626 5172 igitur
1654 5103 1995 5172 trajecerunt
2021 5099 2139 5153 Jor-

567 5188 765 5243 danem
798 5206 894 5260 per
916 5200 1174 5245 sanetum
1202 5192 1473 5261 baptisma
1497 5191 1823 5246 deferuntur
1843 5191 1907 5245 ad
1934 5189 2097 5244 Deum
2125 5207 2138 5241 :

635 5328 680 5359 ³³
720 5327 881 5383 Iiebr.
920 5344 973 5391 ι,
1009 5328 1063 5383 5.

638 5457 713 5525 (1)
738 5454 905 5525 Paulo
927 5460 1081 5514 aliter
1102 5454 1589 5516 catenaVaticana.
1612 5456 1707 5509 fol.
1725 5454 1829 5507 217
1851 5454 1910 5518 B,
1932 5470 2019 5524 ap.
2038 5454 2138 5507 Mai

566 5521 738 5583 ibid.':
771 5529 846 5580 Δι’
869 5521 944 5579 ὧν
964 5527 1062 5596 μέν
1085 5546 1166 5581 τοι
1186 5527 1551 5596 ἀπανίσταται
1573 5526 1692 5596 Δτῆς
1722 5521 2077 5596 Ἰερουσαλὴμ.
2112 5526 2141 5577 6

564 5597 823 5669 Χριστὸς,
883 5593 1177 5669 αίνίττεται
1224 5599 1305 5669 δτι
1351 5593 1828 5669 καταλείψει-’μεν
1873 5596 1972 5659 τὴν
2012 5596 2142 5669 Ἰου-

562 5664 738 5731 δαίαν,
776 5668 867 5721 ἐπὶ
894 5668 950 5720 δὲ
980 5666 1075 5737 τὴν
1107 5667 1428 5735 Ἐκκλησίαν
1458 5665 1557 5735 τὴν
1584 5664 1661 5737 ἐξ,
1679 5664 1847 5737 ἐθνῶν
1873 5736 1881 5737 7
1906 5665 2144 5737 ps1a6i]:

565 5754 734 5799 σεται,
752 5738 853 5807 τὴν
882 5734 1109 5807 ἔχουσαν
1128 5738 1194 5807 γὲν
1216 5734 1378 5807 ἑαυτῇ
1403 5734 1837 5807 τὴνγπηγὴνμτὴν
1862 5735 2021 5807 ἁγίαν
2049 5734 2141 5787 τοῦ

565 5804 962 5871 ϐαπτίσματος,
984 5806 1226 5860 τουτέστι
1266 5804 1377 5861 τδν”
1397 5804 1688 5876 Ἰορδάνην,
1718 5804 1777 5858 ὃν
1792 5805 1839 5858 οἱ
1874 5805 2144 5876 περάσαν·

2250 3360 2356 3412 είσι
2395 3358 2537 3411 κατά
2559 3357 2748 3428 φύσινο
2783 3357 2956 3421 οὕτως
2994 3358 3093 3411 οὐκ
3121 3358 3185 3411 ἄν
3215 3376 3299 3421 τις
3340 3358 3610 3426 εὐλόγως,
3654 3362 3701 3412 εἰ
3733 3360 3825 3427 καί

2251 3452 2331 3513 είς
2367 3449 2530 3502 δυάδα
2577 3449 2828 3519 τέμνοιτο
2858 3450 3070 3519 Πατρός
3102 3466 3160 3501 τε
3188 3449 3283 3501 καὶ
3323 3449 3452 3502 Υἰοῧ
3497 3452 3525 3502 6
3567 3450 3819 3519 ἀριθμὸς,

2249 3540 2437 3609 ἕτερόν
2464 3555 2517 3590 τι
2544 3537 2693 3609 παρά
2734 3536 2825 3590 τὸν
2854 3536 3075 3607 Πατέρα
3114 3537 3231 3606 ἐρεῖ
3269 3535 3360 3588 τὸν
3395 3534 3544 3599 Υίὸν,
3577 3536 3700 3587 ὅσον
3746 3538 3823 3598 εἰς

2251 3629 2350 3701 τὴν
2385 3628 2611 3696 θεότητα
2648 3628 2740 3681 καὶ
2783 3626 2882 3697 τὴν
2936 3627 3240 3697 ταυτότητα
3292 3626 3387 3693 τῆς
3428 3625 3634 3688 οὐσίας.
3686 3624 3822 3677 Ἀλὶ⁹

2252 3718 2441 3789 ὥσπερ
2472 3718 2501 3770 6
2529 3717 2680 3788 ἥλιος
2700 3719 2758 3771 ὲν
2782 3717 2860 3787 τῷ
2894 3717 3289 3785 ἀπαυγάσματί
3325 3715 3539 3785 ἐστιτῷ
3572 3715 3633 3779 ἐξ
3659 3714 3821 3768 αὑτοῦ

2252 3808 2605 3879 προελθόντι,
2648 3811 2741 3863 καὶ
2784 3809 2845 3862 τὸ
2897 3807 3237 3878 ἀπαύγασμα
3284 3808 3341 3860 ὲν
3375 3806 3454 3877 τῷ
3485 3806 3619 3878 ἡλίῳ
3642 3806 3733 3875 ἀφ’
3761 3800 3821 3860 οὗ

2252 3900 2348 3953 καὶ
2378 3898 2633 3970 ἐξῆλθεν·
2660 3899 2834 3963 οὕτως
2862 3900 2981 3953 ἐστὶ
3006 3898 3194 3970 Πατὴρ
3230 3899 3287 3951 ἐν
3310 3897 3423 3967 Υίῷ
3476 3898 3568 3950 καί
3609 3896 3733 3958 Υἱὸς
3764 3897 3822 3948 ὲν

2249 3992 2425 4062 Πατρί
2448 4008 2461 4021 '
2494 3988 2714 4060 ἀριθμῷ
2747 3990 2844 4060 μὲν
2870 3989 2951 4053 είς
2974 3988 3142 4043 δυάδα
3172 3988 3505 4059 ,τεμνόμενοι
3555 3987 3648 4040 καὶ
3672 3986 3823 4050 ὄντες

2247 4081 2420 4145 οὕτως
2450 4084 2509 4136 ὲν
2527 4080 2843 4145 ὑποστάσει,
2877 4080 3021 4151 τῇδὲ
3046 4079 3337 4150 ταυτότητι
3367 4078 3465 4149 τῆς
3495 4077 3709 4147 φύσεως
3742 4078 3820 4140 είς

2251 4174 2381 4243 μίαν
2410 4173 2764 4242 σφιγγόμενοι
2793 4171 3042 4241 θεότητα.

2315 4351 2425 4405 Καί
2450 4351 2684 4421 ἀπῆλθε
2710 4350 2892 4405 πάλιν
2915 4349 3102 4418 πέραν
3124 4345 3228 4400 τοῦ
3258 4346 3559 4414 Ἰορδάνου
3583 4387 3595 4401 .
3624 4346 3717 4399 καὶ
3751 4346 3819 4401 τὰ

2170 4457 2213 4512 D
2242 4447 2387 4516 ἑξῆς·

2326 4539 2412 4591 Ἐν
2444 4553 2592 4607 τοπῳ
2615 4535 2797 4607 πηγὰς
2832 4534 3004 4605 ἔχοντι
3036 4532 3424 4604 μεθορμίζεται
3460 4534 3487 4584 6
3509 4530 3718 4601 Σωτὴρ,
3750 4527 3819 4581 τὰ

2252 4628 2601 4700 Ἰεροσόλυμα
2642 4625 2977 4689 καταλιπὼν,
3012 4625 3097 4677 ἵνα
3147 4624 3221 4686 ὡς
3255 4623 3341 4675 διὰ
3390 4622 3563 4674 τύπου
3607 4619 3819 4686 αίνίξη-

2239 4740 2328 4776 ται
2354 4722 2429 4784 ὡς
2480 4720 2791 4789 καταλείψει
2842 4719 2941 4789 μὲν
2973 4720 3070 4787 τὴν
3144 4716 3438 4781 Ἰουδαίαν,
3472 4715 3562 4768 ἐπὶ
3606 4716 3706 4783 τὴν
3760 4710 3820 4775 ἐξ

2240 4815 2407 4869 ἐθνῶν
2441 4814 2498 4868 δὲ
2539 4813 2862 4882 Ἐκκλησίαν
2915 4811 3277 4881 μεταϐήσεται
3324 4809 3419 4879 τὴν
3462 4809 3689 4878 ἔχουσαν
3719 4805 3819 4867 τὰς

2250 4907 2429 4979 πηγὰς
2473 4906 2565 4960 τοῦ
2615 4904 2988 4976 βαπτίσματος
3030 4905 3125 4973 (1)·
3180 4902 3307 4955 ἔνθα
3348 4902 3443 4954 καὶ
3486 4900 3817 4971 προσέρχον-

2245 5019 2332 5054 ται
2385 4998 2533 5069 αὐτῷ
2597 4997 2781 5050 πολλοὶ
2838 4994 3311 5066 διαπεραιούμενοι
3365 4994 3453 5046 τὸν
3523 4991 3815 5063 Ἰορδάνην·

2244 5091 2400 5145 τοῦτο
2433 5091 2542 5161 γὰρ
2572 5089 2722 5159 δηλοῖ
2752 5088 2811 5141 τὸ
2848 5089 3019 5159 πέραν
3062 5087 3155 5139 τοῦ
3206 5086 3468 5156 Ἰορδάνου
3503 5081 3817 5146 αὐλίζεσθαι

2246 5187 2337 5239 τὸν
2381 5182 2635 5255 Χριστόν.
2686 5182 2750 5233 Οἱ
2786 5181 2963 5234 τοίνυν
3007 5179 3343 5252 περάσαντες
3393 5179 3483 5231 τὸν
3547 5176 3815 5246 Ἰορδάνην

2246 5450 2448 5521 τεςδιά
2473 5450 2565 5503 τοῦ
2593 5450 2750 5518 ἁγίου
2789 5450 3182 5521 βαπτίσματος.
3692 5520 3699 5521 7
3837 5490 3840 5492 ν

2322 5520 2460 5573 Dum
2489 5522 2598 5573 abit
2644 5520 3026 5587 Hierosolymis
3060 5520 3325 5584 Christus,
3360 5521 3533 5574 innuit
3575 5537 3628 5574 se
3667 5520 3812 5574 dere-

2251 5591 2499 5643 licturum
2543 5588 2814 5653 Judwam,
2847 5601 3005 5659 atque
3047 5590 3115 5644 ad
3160 5592 3486 5643 ethnicorum
3533 5607 3816 5661 congrega-

2252 5662 2445 5714 tionem
2515 5662 3042 5730 transmigraturum,
3098 5677 3214 5729 qua:
3275 5671 3518 5715 sanctum
3568 5662 3813 5729 baptismi

2253 5732 2449 5801 fontem
2479 5732 2616 5797 apud
2656 5749 2709 5784 se
2746 5730 2922 5794 habet,
2973 5733 3025 5783 id
3056 5741 3134 5784 est
3187 5730 3500 5799 Iordanem,
3538 5748 3685 5802 quem
3724 5731 3812 5799 qui

2255 5818 2346 5871 per
2385 5812 2627 5855 sanctum
2660 5802 2979 5871 baptismum
3011 5811 3307 5869 transeunt,
3344 5810 3447 5856 etc.
