4144 6504
310 438 385 492 57
1172 430 1236 486 IN
1278 430 1622 486 JOANNEM.
1652 462 1719 469 —
1752 428 1880 485 LIB.
1926 427 2015 485 VII
2049 428 2134 482 ΕΤ
2177 428 2287 482 Vill
2323 426 2769 482 FRAGMENTA.
3514 430 3585 484 38

314 554 403 607 διὰ
462 550 554 605 τοῦ
613 564 768 619 αγιου
834 544 1232 618 βαπτίσματος,
1290 547 1715 616 ἀποκομίζονται
1770 546 1899 616 πρὸς

2010 542 2282 614 siquidem
2317 543 2540 597 transiit
2565 558 2595 595 a
2620 539 3239 612 SynagugaJtnla‘orum
3270 542 3338 595 ad
3372 554 3583 613 gentes,

315 647 470 700 Θεόν’
500 646 592 699 καὶ
644 644 755 713 γάρ
804 641 1008 713 μετέϐη
1047 640 1154 693 ἀπὸ
1176 640 1276 711 τῆς
1307 639 1414 692 τῶν
1457 638 1724 692 Ἰουδαίων
1768 638 1899 690 Συν-

316 736 537 807 αγωγῆς
571 735 663 788 ἐπὶ
692 734 761 786 τὰ
785 732 938 802 ἔθνηο
963 732 1058 784 καὶ
1085 730 1206 783 τότε
1237 730 1419 783 πολλοὶ
1446 726 1609 800 ἦλθον
1634 729 1770 799 πρὸς
1798 729 1895 782 αύ-

314 826 427 888 τὸν,
458 826 551 878 καὶ
583 824 907 877 ἐπίστευσαν
930 824 1051 885 ταῖς
1075 821 1204 892 περὶ
1222 820 1384 873 αὑτοῦ
1416 818 1720 889 λεχθείσαις
1749 818 1897 891 παρά

209 913 214 918 ’
315 916 424 969 τῶν
456 916 626 985 ἁγίων
679 916 907 984 φωναῖς,
942 914 1037 965 καὶ
1084 911 1511 973 πιστεύοοδσιεὶς
1556 909 1716 962 αὐτὸν
1758 912 1894 972 ἐκεῖ,

318 1007 453 1060 ὅπου
499 1007 556 1061 αἱ
604 1005 712 1059 τῶν
763 1004 972 1058 ὑδάτων
1012 1002 1209 1073 πηγαὶ,
1262 1002 1396 1054 ὅπου
1441 1001 1501 1054 τὸ
1538 1001 1629 1053 ἐπὶ
1677 998 1899 1070 Χριστῷ

319 1094 680 1165 διδασκόμεθα
706 1095 1026 1165 μυστήριον.
1072 1093 1129 1145 '0
1168 1092 1273 1163 γάρ
1299 1090 1533 1163 Χριστὸς
1562 1091 1661 1143 οὐκ
1694 1091 1751 1141 ὲν
1789 1092 1900 1152 τοῖς

321 1187 457 1256 πρὸς
515 1185 785 1256 Ἰορδάνην
826 1184 1060 1255 νάμασιν
1098 1177 1186 1252 ἦν·
1240 1180 1375 1234 ἀλλὰ
1422 1181 1594 1251 πέραν
1639 1196 1761 1232 που·
1805 1178 1900 1232 καὶ⁵

321 1275 490 1328 ἐλθὼν
513 1274 726 1344 ἔμεινεν
766 1276 822 1327 ὲν
850 1274 915 1343 τῇ
950 1272 1007 1337 ἐξ
1032 1269 1198 1323 ἐθνῶν
1240 1268 1535 1339 Ἐκκλησία
1562 1269 1898 1340 προσμείνας

322 1366 555 1434 παγίως.
588 1365 850 1436 Τιμῶμεν
892 1364 947 1417 δὲ
976 1362 1065 1415 τὸν
1107 1360 1382 1429 Ἰωάννην,
1413 1362 1510 1430 οὑχ
1555 1361 1630 1423 ὡς
1668 1362 1895 1431 ἐνεργή-

322 1460 495 1513 σαντά
535 1477 586 1511 τι
628 1456 947 1527 θεοπρεπὲς,
992 1453 1105 1507 ἀλλ’
1147 1453 1222 1516 ὡς
1266 1451 1439 1522 άληθῆ
1486 1452 1615 1522 περὶ
1659 1451 1896 1523 Χριστοῦ

326 1562 762 1621 μαρτυρησαντα.
827 1547 898 1598 Ού
958 1546 1116 1615 μόνον
1157 1544 1267 1616 γὰρ
1317 1543 1595 1605 Ἰωάννου,
1637 1542 1772 1597 ἀλλὰ
1805 1544 1897 1597 καὶ

326 1644 525 1705 παντὸς
553 1640 705 1709 ἁγίου
736 1641 764 1691 6
808 1638 1039 1707 Χριστὸς
1087 1635 1546 1708 θαυμαστότερος·
1580 1636 1630 1688 oi
1663 1637 1759 1705 μὲν
1789 1636 1897 1706 γάρ

326 1734 623 1803 προφῆται,
666 1733 693 1783 6
720 1730 775 1783 δὲ
820 1729 951 1792 Θεὸς
986 1729 1420 1801 θαυματουργός.
1465 1728 1805 1799 Σημειωτέον
1843 1729 1899 1781 δὲ

2005 644 2058 689 et
2077 645 2209 689 tunc
2234 637 2385 689 inulti
2421 643 2693 692 venerunt
2719 634 2784 688 ad
2820 649 2973 700 eum,
3004 645 3059 688 ct
3085 635 3440 690 crediderunt
3462 652 3586 690 vcr-

2007 727 2090 783 bis
2128 727 2196 782 de
2226 742 2291 780 eo
2327 743 2422 797 per
2462 737 2688 782 sanctos
2730 726 2995 795 prolatis,
3032 736 3086 780 et
3128 726 3202 780 ibi
3246 727 3485 781 credunt
3525 728 3582 781 in

2003 834 2129 873 eum
2156 858 2170 881 ,
2215 818 2308 871 ubi
2359 833 2629 886 aquarum
2675 825 2805 871 sunt
2848 817 3067 881 fontes,
3105 818 3196 871 ubi
3238 817 3446 874 Christi
3486 819 3584 873 do-

2004 924 2194 962 cemur
2236 908 2584 979 mysterium.
2626 906 2882 962 Christus
2921 910 3064 963 enim
3104 924 3216 962 non
3255 919 3374 963 erat
3414 908 3477 963 ad
3513 910 3584 964 ri-

2004 1015 2100 1054 vos
2150 1000 2298 1054 circa
2350 997 2677 1065 Jordanem,
2716 1002 2810 1055 sed
2853 1001 2997 1054 ultra
3032 1000 3275 1065 alicubi,
3310 1016 3421 1071 quo
3455 1016 3580 1054 cum

2004 1092 2283 1156 venisset,
2325 1092 2529 1145 mansit
2570 1089 2624 1144 in
2660 1091 2900 1160 gentium
2946 1090 3190 1145 Ecclesia
3216 1132 3230 1156 ,
3266 1101 3320 1145 et
3359 1091 3582 1146 stabilis

2003 1183 2228 1237 mansit.
2260 1181 2509 1235 Colimus
2541 1196 2673 1234 vero
2701 1179 2970 1236 Joannem
3000 1223 3015 1248 ,
3050 1197 3159 1235 non
3191 1194 3448 1251 tanquam
3481 1181 3583 1233 ali-

2005 1272 2140 1343 quid
2186 1272 2434 1326 divinum
2488 1279 2811 1342 Operalnm,
2872 1272 2965 1327 sed
3022 1280 3282 1341 tanquam
3340 1287 3467 1326 vera
3514 1271 3583 1325 de

2003 1364 2226 1418 Christo
2270 1370 2555 1417 testatum.
2600 1362 2718 1416 Non
2776 1363 2953 1417 solum
2998 1364 3143 1417 cnim
3196 1362 3443 1426 Joanne,
3483 1364 3580 1416 sed

2002 1459 2150 1513 omni
2192 1466 2389 1511 sancto
2428 1455 2689 1510 Christus
2735 1464 2820 1510 est
2852 1456 3232 1509 admirabilior
3266 1476 3278 1510 :
3317 1456 3392 1509 illi
3433 1456 3578 1509 enim

2006 1551 2324 1620 propheta},
2378 1547 2466 1601 hic
2523 1563 2655 1601 vero
2709 1546 2852 1603 Deus
2894 1549 3161 1601 miracula
3202 1548 3433 1602 faciens.
3470 1548 3581 1602 Νο-

2002 1638 2227 1694 tandum
2266 1637 2433 1707 676
2474 1650 2670 1705 porro,
2706 1643 2820 1690 tum
2857 1635 3090 1690 Joannis
3114 1675 3128 1700 ,
3166 1644 3279 1689 tum
3326 1637 3580 1705 reliquo-

2004 1747 2125 1785 rum
2172 1729 2566 1799 prophetarum
2624 1727 2793 1782 verba
2846 1729 3064 1782 munire
3120 1727 3262 1780 viam
3310 1727 3377 1781 ad
3422 1728 3578 1783 tidem

321 1824 403 1876 ὃτι
429 1822 541 1884 ὁδός
565 1825 700 1874 εἰσιν
725 1820 773 1872 οἱ
814 1819 1058 1872 Ἰωάννου
1099 1820 1192 1872 καὶ
1239 1818 1341 1871 τῶν
1373 1819 1576 1871 λοιπῶν
1607 1817 1900 1890 προφητῶν
1932 1822 1977 1877 Β
2002 1822 2231 1877 Christi.

320 1912 486 1980 λόγοι,
512 1914 590 1976 εἰς
618 1913 677 1965 τὸ
707 1911 993 1965 πιστεῦσαι
1022 1910 1263 1982 Χριστῷ.

385 2002 496 2061 Ἦν
519 2007 587 2059 δέ
608 2023 697 2071 τις
720 2003 997 2060 ἀσθενῶν
1030 2002 1312 2071 Λάζαρος,
1346 2003 1444 2057 καὶ
1472 2002 1542 2056 τὰ
1570 2003 1721 2073 ἑξῆς.

400 2096 684 2166 Ἐπίτηδες
714 2096 771 2148 δὲ
799 2096 1072 2166 μέμνηται
1110 2093 1221 2147 τῶν
1264 2093 1544 2163 ὀνομάτων
1569 2092 1679 2146 τῶν
1720 2109 1900 2161 γυναι·

320 2187 429 2240 κῶν
467 2189 495 2240 6
522 2187 935 2258 εὐαγγελιστὴς,
972 2186 1185 2249 δεικνὺς
1228 2186 1309 2239 ὅτι
1351 2186 1612 2256 ἐπίσημοι
1656 2181 1798 2257 ἦσαν
1822 2187 1898 2249 ὡς

319 2279 610 2343 θεοσεϐεῖς·
643 2278 722 2331 διὸ
755 2279 851 2331 καὶ
882 2278 1075 2346 ἠγάπα
1111 2276 1322 2340 αὐτὰςό
1349 2277 1569 2348 Κύριος.
1595 2278 1812 2331 Πολλῶν
1840 2278 1896 2331 δὲ

319 2372 641 2440 γεγονότων,
671 2371 746 2432 ὡς
770 2370 937 2432 εἰκὸς,
962 2370 1040 2431 εἰς
1068 2368 1156 2421 τὸν
1183 2369 1387 2438 Κύριον
1413 2368 1519 2420 ὑπὸ
1540 2370 1636 2437 τῆς
1657 2369 1896 2439 Μαρίας,

321 2462 415 2516 τοῦ
457 2462 627 2533 μύρου
683 2462 951 2531 μέμνηται
988 2460 1086 2528 οῦχ
1118 2460 1192 2522 ὡς
1231 2459 1441 2528 ἔτυχεν,
1479 2459 1593 2512 ἀλλ’
1633 2461 1719 2512 ἵνα
1752 2461 1899 2532 δείξῃ

321 2556 404 2606 ὅτι
462 2552 729 2621 τοσαύτην
780 2549 891 2621 εἶχε
944 2551 1103 2620 δίψαν
1151 2551 1183 2619 ἡ
1233 2550 1420 2620 Μαρία
1461 2551 1592 2621 περὶ
1627 2551 1718 2604 τὸν
1767 2553 1900 2621 Χρι-

326 2645 472 2705 στὸν,
508 2645 589 2695 ὅτι
647 2643 875 2712 ἐξέμαξε
934 2643 1059 2705 τοὺς
1111 2642 1276 2704 πόδας
1332 2642 1497 2695 αὑτοῦ
1545 2645 1668 2707 ταῖς
1744 2643 1901 2705 ἰδίαις

323 2735 488 2806 θριξὶ,
533 2733 771 2805 ζητοῦσα
798 2734 896 2805 τὴν
930 2735 993 2785 ὲκ
1025 2734 1123 2803 τῆς
1155 2734 1316 2801 ἁγίας
1367 2735 1569 2805 σαρκὸς
1603 2751 1903 2805 πνευματι-

324 2829 427 2898 κὴν
470 2826 718 2896 εὐλογίαν
745 2825 1144 2896 ἀναμάξασθαι.
1176 2826 1494 2897 Θερμοτέρα
1521 2828 1577 2880 δὲ
1616 2830 1648 2897 ἡ
1686 2829 1895 2899 Μαρία.

321 2922 412 2975 διὰ
437 2920 529 2973 τοῦ
561 2918 941 2989 προσεδρεύειν
961 2919 1386 2989 ἀπερισπάστως
1426 2919 1504 2992 τῷ
1533 2919 1773 2992 Χριστῷ,
1802 2920 1899 2992 τὴν

326 3014 462 3085 πρὸς
496 3010 657 3065 αὐτὸν
694 3009 1049 3082 ἐπισπωμένη
1071 3010 1402 3081 οέκειὸτητα.

409 3186 854 3242 Ἀποστέλλουσιν
898 3187 952 3240 αἱ
1001 3189 1256 3255 γυναῖκες
1293 3187 1429 3257 πρὸς
1454 3187 1544 3240 τὸν
1569 3187 1772 3258 Κύριον
1813 3189 1899 3241 ἀεὶ
1925 3187 1967 3245 C

332 3280 430 3350 μὲν
476 3279 726 3333 θέλουσαι
773 3279 934 3331 αὐτὸν
989 3278 1134 3348 ἔχειν
1171 3278 1396 3350 πλησίον
1431 3279 1659 3342 ἑαυτῶν,
1698 3279 1815 3332 τότε
1840 3280 1897 3333 δὲ

326 3370 698 3441 εύπροσώπως
731 3370 889 3422 τοῦτο
940 3369 1027 3422 διὰ
1074 3369 1165 3422 τὸν
1208 3369 1594 3442 ἀρρωστοῦντα
1626 3369 1895 3423 ποιοῦσαι.

342 3461 652 3514 Ἐπίστευον
672 3460 798 3530 γάρ,
821 3459 896 3523 ὡς
919 3460 967 3512 εί
993 3460 1183 3529 φανείη
1212 3460 1369 3529 μόνον
1391 3460 1418 3512 6
1445 3460 1697 3532 Χριστὸς,
1723 3461 1900 3514 ἀπαλ-

330 3548 521 3619 λαγείη
558 3550 655 3619 τῆς
696 3550 851 3601 νόσου
897 3550 925 3602 ὁ
972 3548 1244 3618 κείμενος.
1290 3549 1795 3619 ’Υπομιμνήσκουσι
1844 3550 1901 3603 δὲ

330 3639 429 3709 τῆς
474 3639 695 3708 ἀγάπης
733 3634 801 3711 ἦς
848 3634 961 3709 εἶχε
1026 3639 1163 3710 πρὸς
1194 3638 1285 3693 τὸν
1327 3639 1604 3705 νοσοῦντα,
1647 3640 1902 3695 ἕλκουσαι

332 3730 493 3784 αὑτὸν
540 3730 627 3783 διὰ
675 3730 865 3783 τούτου
919 3733 1051 3784 έκεῖο
1103 3730 1321 3801 ᾔδεισαν
1367 3730 1475 3801 γὰρ
1505 3731 1587 3783 ὅτι
1624 3731 1902 3801 ἐφρόντιζε

331 3821 544 3876 τούτου.
577 3824 685 3875 Καὶ
709 3822 940 3892 ἠδύνατο
982 3823 1083 3893 μὲν
1123 3823 1216 3877 καί
1261 3822 1414 3876 ἀπὼν
1434 3822 1508 3886 ὡς
1538 3824 1669 3887 Θεὸς
1697 3825 1789 3877 καὶ
1835 3823 1903 3877 τά

333 3915 509 3968 πάντα
554 3915 847 3986 περιέπων,
880 3915 1214 3986 θεραπεῦσαι
1261 3916 1443 3969 αὐτόν·
1470 3917 1619 3987 ὅμως
1656 3916 1902 3987 ἐνόμιζον

328 4007 413 4059 ὅτι
442 4007 490 4058 εἰ
525 4007 723 4076 παρῆν,
752 4008 908 4079 χεῖρα
937 4006 1001 4062 ἂν
1040 4007 1252 4077 ὀρέξας,
1289 4007 1508 4078 ἤγειρεν
1547 4007 1728 4062 αὐτόν.
1771 4010 1902 4059 Aua-

332 4098 556 4169 φοροῦσι
607 4099 682 4159 δὲ,
711 4098 785 4161 ὡς
838 4097 1006 4162 εἰκὸς,
1049 4098 1231 4168 οἴομαι
1270 4096 1326 4149 δὲ
1372 4097 1507 4167 μηδὲ
1553 4098 1902 4168 ἁρῤωστῆσαι

330 4190 465 4253 ὅλως
492 4189 583 4243 τὸν
616 4189 884 4257 Λάζαρον,
920 4191 968 4241 εἰ
1002 4188 1075 4260 μὴ
1109 4189 1382 4260 ἠμέλησεν
1407 4188 1570 4241 αὑτοῦ
1600 4191 1627 4240 6
1648 4188 1899 4257 Χριστόςο

333 4278 515 4332 Πάντα
553 4279 680 4349 γὰρ,
716 4279 895 4345 φασιν,
940 4278 1169 4347 ἐχόντων
1203 4279 1271 4331 τά
1304 4277 1483 4347 ἀγαθὰ
1533 4277 1641 4330 τῶν
1680 4279 1904 4345 ἀγαπω-

335 4371 509 4440 μένων
537 4370 688 4440 παρὰ
730 4369 885 4430 Θεοῦ,
909 4370 997 4422 διὰ
1047 4370 1207 4422 ποίαν
1233 4370 1413 4423 αἰτίαν
1447 4369 1608 4432 αὐτὸς
1629 4369 1686 4422 ὃν
1709 4368 1900 4437 φιλεῖς,

331 4462 577 4527 ἀσθενεί;
629 4463 695 4514 Ἦ
732 4463 825 4515 καὶ
878 4462 1034 4514 τοῦτό
1079 4478 1230 4531 φασι·
1266 4461 1490 4532 Μεγάλη
1518 4462 1617 4530 τῆς
1661 4461 1816 4515 νόσου
1864 4462 1897 4531 ή

2070 1997 2163 2065 XI,
2205 1999 2253 2053 l.
2294 1998 2428 2053 Erat
2461 2008 2634 2053 autem
2666 2000 2880 2069 quidam
2909 1998 3160 2068 languens
3186 1997 3450 2063 Lazarus,
3470 2008 3575 2052 etc.

2072 2088 2316 2143 Meminit
2347 2104 2411 2142 ex
2453 2088 2710 2157 professo
2748 2088 3085 2157 evangelista
3126 2088 3413 2141 nominum
3457 2104 3579 2141 mu-

1999 2178 2195 2233 lierum
2218 2220 2233 2244 ,
2264 2178 2573 2234 ostendens
2603 2194 2698 2233 eas
2733 2178 2909 2233 fuisse
2936 2179 3183 2232 illustres
3203 2217 3217 2240 ,
3246 2186 3433 2247 utpote
3460 2179 3580 2249 pias

1998 2282 2051 2326 et
2084 2271 2378 2343 religiosas
2402 2311 2417 2335 ,
2446 2278 2743 2341 propterea
2774 2278 2828 2324 et
2860 2269 3128 2337 Dominus
3162 2284 3261 2324 eas
3294 2268 3575 2339 diligebat.

1999 2364 2135 2421 Cum
2176 2372 2358 2418 autem
2412 2373 2701 2420 exstarent
2744 2363 2916 2417 multa
2960 2364 3014 2417 in
3055 2362 3342 2416 Dominum
3396 2362 3580 2416 Mariae

2003 2456 2339 2524 promerita,
2377 2456 2641 2525 unguenti
2678 2454 2965 2518 meminit,
3005 2470 3113 2508 non
3149 2468 3436 2523 perperam
3477 2469 3578 2506 nec

2002 2547 2150 2601 aliud
2183 2564 2371 2617 agens.
2404 2549 2499 2603 scd
2531 2557 2590 2601 ut
2618 2548 2964 2602 demonstret
3002 2554 3153 2600 tanta
3190 2546 3283 2599 siti
3345 2544 3577 2598 Mariam

2001 2655 2131 2711 erga
2170 2639 2451 2695 Christum
2504 2640 2810 2702 exarsisse,
2856 2647 2914 2693 ut
2965 2637 3132 2708 pedes
3190 2638 3311 2707 ejus
3361 2637 3578 2706 capillis

2001 2731 2362 2793 absterserit,
2406 2732 2639 2800 cupiens
2681 2746 2744 2785 ex
2788 2738 2983 2784 sancto
3022 2746 3257 2800 corpore
3297 2744 3361 2781 ac
3402 2743 3573 2781 carne

1999 2822 2343 2891 Spiritnalem
2397 2822 2705 2890 exprimere
2746 2820 3212 2876 benedictionem.
3254 2819 3351 2874 Est
3392 2828 3579 2873 autem

2000 2912 2282 2967 ardentior
2317 2912 2509 2978 Maria,
2549 2920 2609 2966 ut
2644 2928 2764 2984 quae
2783 2923 3047 2984 perpetuo
3078 2912 3303 2967 Christo
3335 2911 3580 2965 adhaere-

1999 3014 2115 3070 ret,
2170 3021 2271 3061 nec
2322 3006 2391 3060 ah
2427 3021 2493 3060 eo
2546 3022 2607 3060 se
2658 3006 2818 3059 avelli
2872 3012 3172 3075 pateretur,
3226 3011 3390 3073 atque
3442 3000 3579 3057 adeo

2001 3112 2253 3167 magnam
2290 3113 2414 3151 cum
2456 3097 2554 3150 illo
2591 3096 2716 3151 inde
2753 3097 3128 3152 contraxisset
3161 3094 3506 3149 atlinitatem.

2073 3187 2296 3242 Mittunt
2339 3187 2408 3241 ad
2456 3187 2750 3242 Dominum
2800 3188 3095 3248 mulieres,
3145 3202 3307 3256 quem
3354 3185 3577 3256 quidem

2003 3296 2219 3351 semper
2248 3280 2353 3336 sibi
2388 3280 2703 3350 proximum
2735 3279 2939 3332 habere
2967 3277 3302 3348 cupiebant,
3335 3276 3432 3331 sed
3464 3285 3577 3330 tum

2003 3373 2240 3428 maxime
2272 3389 2380 3427 non
2418 3374 2535 3427 sine
2574 3380 2841 3442 praetextu
2875 3371 3110 3424 honesto
3140 3378 3366 3439 propter
3399 3384 3578 3439 aegro-

2002 3472 2233 3519 tantem.
2302 3464 2616 3519 Credebant
2673 3463 2820 3517 enim
2880 3461 2971 3515 ubi
3029 3460 3197 3515 semel
3247 3467 3580 3529 conspectus

2003 3563 2150 3610 esset
2179 3554 2436 3609 Christus
2456 3596 2471 3621 ,
2518 3570 2643 3610 eum
2676 3555 2768 3623 qui
2792 3554 3011 3623 jacebat
3056 3553 3250 3607 morbo
3278 3553 3577 3607 liberatum

2004 3646 2069 3699 iri
2098 3664 2111 3700 :
2143 3653 2199 3700 et
2237 3646 2293 3699 in
2328 3645 2654 3699 memoriam
2692 3645 2740 3699 ei
2782 3653 3047 3699 revocant
3085 3643 3434 3699 dilectionem
3472 3660 3579 3712 qua

2003 3753 2206 3807 aegrum
2254 3745 2583 3807 prosecutus
2626 3744 2807 3802 esset,
2856 3751 2983 3790 eum
3039 3736 3141 3790 hoc
3188 3735 3352 3790 modo
3403 3736 3469 3789 ad
3520 3752 3582 3789 se

2004 3830 2324 3895 trahentes,
2388 3829 2531 3884 haud
2592 3829 2785 3898 utique
2839 3828 3047 3897 ignara:
3104 3827 3186 3881 illi
3251 3841 3579 3897 magnopere

2002 3936 2152 3977 curae
2177 3936 2299 3978 esse
2331 3921 2572 3976 hominis
2609 3921 3069 3976 incolumitatem.
3108 3922 3173 3974 lit
3207 3927 3421 3988 poterat
3452 3919 3578 3987 qui-

2003 4013 2127 4069 dem
2162 4013 2292 4068 licet
2325 4013 2529 4069 absens
2557 4022 2825 4085 tanquam
2872 4012 3016 4069 Deus
3053 4021 3108 4068 et
3147 4011 3332 4067 omnia
3376 4011 3578 4081 gubero

2005 4117 2145 4158 nans
2170 4118 2294 4157 eum
2344 4117 2576 4169 curare;
2612 4112 2790 4158 tamen
2836 4102 3225 4158 existimabant
3268 4101 3313 4155 si
3357 4100 3578 4155 adessct

2004 4204 2261 4265 porrecta
2292 4210 2459 4250 manu
2488 4211 2613 4250 eum
2651 4195 2813 4250 facile
2841 4195 3230 4250 excitaturum.
3260 4194 3441 4260 Quare
3467 4209 3576 4247 non

2005 4286 2282 4341 immerito
2308 4286 2450 4341 hanc
2474 4286 2781 4341 absentiam
2809 4300 2953 4355 aegre
2978 4284 3197 4339 ferunt:
3223 4285 3389 4338 credo
3410 4284 3574 4339 etiam

2005 4394 2109 4433 nec
2151 4379 2381 4434 omnino
2421 4386 2821 4449 aegrotaturum
2874 4377 3049 4433 fuisse
3099 4375 3409 4439 Lazarum,
3465 4375 3575 4430 nisi

2005 4484 2129 4523 eum
2182 4470 2332 4525 velut
2383 4469 2650 4525 oblivioni
2709 4468 3035 4524 tradidisset
3090 4467 3401 4523 Christus:
3450 4482 3574 4521 cum

331 4554 627 4625 θρασύτης,
652 4555 731 4607 ὅτι
761 4553 1165 4623 κατετόλμησεν
1192 4552 1473 4607 ἐπιθέσθαι
1498 4555 1610 4617 τοῖς
1631 4554 1734 4607 ὑπὸ
1762 4555 1897 4607 Θεοῦ

2006 4562 2154 4615 enim
2208 4562 2305 4631 qui
2341 4562 2651 4633 diliguntur
2684 4575 2714 4613 a
2750 4561 2859 4615 Deo
2888 4561 3039 4615 nullo
3074 4576 3182 4615 non
3217 4574 3413 4631 genere
3448 4559 3573 4612 boni

327 4644 731 4713 ἀγαπωμένοις.
755 4643 907 4713 Τάχα
936 4642 990 4694 δὲ
1022 4643 1116 4695 καὶ
1134 4641 1372 4695 τοιοῦτόν
1390 4660 1440 4695 τι
1461 4642 1675 4697 δοκοῦσι
1697 4644 1892 4713 λέγειν.

337 4737 558 4807 Ἐπειδὴ
613 4737 707 4789 καὶ
749 4738 874 4799 τοὺς
893 4734 1118 4805 ἐχθροὺς
1150 4736 1369 4805 ἀγαπᾷς
1416 4736 1510 4788 καὶ
1550 4738 1894 4808 θεραπεύεις,

326 4825 508 4896 πολλῷ
524 4825 721 4896 μᾶλλον
741 4826 1034 4895 χρεωστείς
1057 4826 1137 4888 εἰς
1157 4823 1284 4886 τοὺς
1306 4824 1633 4891 ἀγαπῶντάς
1664 4844 1722 4879 σε
1745 4828 1902 4885 τοῦτο

324 4917 676 4981 ἐνδείξασθαι.
709 4916 947 4970 Δύνασαι
985 4915 1095 4986 γὰρ
1121 4916 1179 4967 ἐν
1212 4915 1356 4985 μόνῳ
1394 4916 1473 4985 τῷ
1507 4916 1680 4970 θέλειν
1724 4922 1902 4977 πάντα

322 5012 564 5079 ποιῆσαι.
616 5008 858 5070 Πίστεως
901 5002 993 5061 οῦν
1028 5009 1057 5060 6
1098 5006 1255 5073 λόγος
1293 5006 1488 5076 μεστὸς
1530 5008 1626 5062 καὶ
1671 5012 1772 5082 τῆς
1817 5014 1899 5078 είς

320 5100 554 5172 Χριστὸν
579 5099 931 5171 γνησιότητος
960 5098 1251 5163 ἀπόδειξις.

2006 4651 2287 4716 fruantur,
2317 4666 2480 4722 quam
2517 4651 2590 4706 ob
2623 4666 2849 4706 causam
2886 4652 2979 4706 ille
3012 4666 3176 4722 quem
3215 4664 3370 4703 amas
3401 4663 3576 4717 aegro-

2004 4742 2131 4797 tat?
2180 4741 2272 4797 Vel
2304 4742 2409 4796 hoc
2439 4742 2605 4796 etiam
2636 4742 2827 4798 dicunt
2857 4761 2871 4797 :
2926 4758 3121 4810 magna
3180 4741 3367 4808 utique
3395 4739 3572 4792 morbi

1998 4843 2085 4889 est
2119 4833 2349 4888 audacia
2372 4874 2386 4899 ,
2422 4835 2514 4905 qui
2550 4834 2711 4889 etiam
2747 4850 2844 4889 eos
2875 4848 3018 4903 quos
3052 4832 3194 4885 Deus
3226 4838 3371 4883 amat
3414 4831 3572 4883 inva-

1999 4925 2155 4980 serit.
2199 4924 2368 4980 Forte
2397 4941 2531 4979 vero
2555 4932 2612 4978 ct
2646 4926 2753 4979 tale
2783 4923 3045 4992 quiddam
3073 4922 3259 4975 dicere
3280 4920 3569 4975 videntur:

1998 5014 2460 5086 Quandoquidem
2493 5016 2679 5071 hostes
2710 5013 2895 5083 diligis
2922 5019 2978 5065 et
3004 5026 3172 5066 curas
3199 5051 3214 5074 ,
3246 5011 3421 5065 multo
3453 5027 3571 5065 ma-

2004 5109 2089 5177 gis
2119 5109 2287 5165 debes
2325 5110 2379 5162 in
2410 5123 2506 5163 eos
2536 5108 2630 5177 qui
2665 5114 2717 5160 te
2746 5112 2933 5158 amant
2954 5104 3059 5159 hoc
3083 5103 3412 5159 beneﬁcium
3434 5119 3567 5158 con-

322 5193 487 5250 ferre.
524 5194 688 5248 Potes
727 5192 1001 5262 siquidem
1034 5194 1149 5248 sola
1183 5192 1466 5247 voluntate
1496 5194 1682 5249 omnia
1716 5194 1918 5254 facere.
1964 5200 2107 5272 Ergo
2153 5203 2312 5273 plena
2342 5210 2428 5256 est
2465 5200 2587 5255 tidei
2636 5199 2751 5253 haec
2792 5199 2972 5253 oratio
2995 5238 3011 5263 ,
3046 5206 3101 5252 et
3150 5196 3372 5268 ingenui
3440 5210 3569 5265 erga

325 5286 490 5339 Deum
521 5285 749 5339 allectus
780 5284 1199 5341 demonstratio.

389 5376 550 5443 Αὕτη
590 5376 628 5444 ἠ
664 5374 948 5430 ἀσθένεια
999 5376 1111 5429 οὐκ
1141 5374 1273 5428 ἐστι
1323 5376 1474 5443 πρὸς
1502 5374 1781 5445 θάνατον,
1799 5379 1889 5431 καὶ

313 5468 382 5521 τὰ
414 5466 557 5535 ἑξῆς.

384 5557 547 5626 Λέγει
576 5556 675 5626 μέν
695 5574 778 5610 τοι
806 5556 981 5611 ταῦτα
1008 5558 1035 5609 ὁ
1074 5556 1296 5628 Κύριος,
1320 5559 1418 5629 οὐχ
1444 5560 1532 5613 ἵνα
1560 5561 1887 5625 ἀπελθόντες

312 5652 363 5703 οἱ
407 5648 683 5719 ἄνθρωποι
718 5648 1096 5717 ἀπαγγείλωσι
1139 5653 1260 5713 ταῖς
1298 5651 1567 5720 οὰδελφαῖς
1624 5653 1719 5704 τοῦ
1775 5656 1886 5708 Λα-

314 5740 504 5809 ζάρου.
530 5740 644 5793 ἀλλ’
677 5740 751 5803 ὡς
776 5739 907 5802 Θεὸς
950 5739 1228 5810 προλέγων
1255 5741 1314 5792 τὸ
1339 5742 1615 5811 ἐσόμενον,
1645 5744 1726 5797 ὅτι
1756 5744 1889 5815 πρὸς

312 5832 468 5897 δόξαν
499 5829 632 5885 Θεοῦ
678 5830 823 5902 ἐώρα
847 5831 907 5885 τὸ
932 5831 1027 5885 τοῦ
1074 5832 1395 5904 πράγματος
1432 5835 1793 5899 ἀποτέλεσμα,
1825 5838 1886 5890 ού

2069 5376 2161 5445 XI,
2185 5380 2239 5433 4.
2282 5376 2409 5431 Ηατ
2433 5377 2721 5447 inﬁrmitas
2752 5394 2855 5433 non
2889 5385 2965 5431 est
2996 5374 3068 5430 ad
3100 5385 3339 5442 mortem,
3369 5384 3476 5432 etc.

2067 5556 2192 5612 llaec
2224 5556 2443 5628 quidem
2474 5558 2611 5613 dicit
2645 5558 2908 5615 Dominus
2930 5600 2947 5626 ,
2976 5574 3085 5614 non
3117 5567 3176 5612 ut
3210 5557 3302 5629 qui
3335 5556 3566 5611 aderant

1993 5650 2258 5706 abeuntes
2306 5650 2690 5707 renuntiarent
2726 5652 3014 5708 sororibus
3047 5651 3241 5704 Lazari
3264 5690 3279 5715 ,
3313 5648 3408 5704 sed
3444 5657 3567 5701 tan-
3649 5649 3652 5653 ’

1996 5759 2161 5815 quam
2198 5742 2341 5800 Deus
2373 5744 2621 5799 l'uturum
2671 5746 3010 5815 prmdicens,
3062 5743 3327 5814 quoniam
3362 5740 3440 5795 rei
3471 5756 3565 5797 cx-

1996 5836 2132 5893 itum
2166 5837 2232 5892 ad
2267 5837 2499 5904 gloriam
2545 5836 2638 5893 Dei
2668 5838 2941 5908 pertinere
2976 5836 3188 5892 videbat
3212 5876 3226 5900 ,
3262 5850 3370 5890 non
3416 5835 3566 5905 quod
