4144 6484
298 354 363 406 ﬂ
1146 356 1212 410 IN
1237 356 1580 415 JOANNEM.
1611 391 1681 403 —-
1706 360 1835 417 LIB.
1874 360 1964 418 VH
1996 362 2085 418 ET
2112 362 2225 420 VIII
2265 365 2714 426 FRAGMENTA.
3470 384 3541 443 ιι

297 469 379 533 ζει
417 470 514 541 τὴν
557 470 910 543 εύπάροιστον
946 475 1040 528 καὶ
1080 478 1385 544 φιλόκαινον
1417 484 1526 536 τῶν
1564 483 1866 554 ἀνθρώπων

1976 485 2157 553 pidam
2189 501 2253 541 ac
2287 487 2545 545 mobilem
2568 532 2583 556 ,
2618 503 2837 560 semper
2870 489 3057 546 ﬂuenti
3090 491 3304 548 dierum
3335 498 3539 557 motui.

296 561 556 627 δι’άνοιαν,
612 563 708 631 τὴν
758 563 833 635 μὴ
885 566 1181 638 ἱσταμένην
1232 572 1325 625 ἐπὶ
1391 575 1521 642 μιᾶς
1567 574 1871 643 δοκήσεως,

293 653 432 708 ἀλλὰ
468 655 863 725 μεταπηδῶσαν
910 656 1025 709 ἀπὸ
1068 659 1262 729 ἐτέρας
1296 662 1519 732 γνώμης
1561 665 1640 725 είς
1686 663 1873 733 ἄλλην,

293 743 371 807 ὡς
426 746 520 795 καὶ
576 746 610 815 ὴ
658 745 839 815 ἡμέρα
887 748 994 800 ἀπὸ
1055 748 1207 819 ὥρας
1251 751 1417 822 ἄλλης
1449 756 1528 815 είς
1572 753 1736 824 ἄλλην
1784 772 1877 825 με-

292 828 560 883 ταδαίνει.
605 832 837 903 Νοήσεις
882 835 940 886 δὲ
980 838 1077 889 καὶ
1127 838 1299 903 οὕτως
1326 841 1405 904 τὸ,
1444 860 1462 890 ι
1499 842 1633 912 Οὐχὶ
1669 844 1877 897 δώδεκά

298 916 436 971 εἰσιν
493 920 551 970 αἱ
594 913 735 990 ὧραι
769 922 867 991 τῆς
898 924 1146 994 ήμέρας;
1190 945 1208 977 ι
1254 928 1397 981 τοῦτ’
1454 930 1622 994 ἔστιν,
1665 932 1876 1004 Ἡμέρα

294 1010 411 1078 εἰμὶ
441 1010 534 1062 καὶ
585 1013 721 1081 φῶς.
768 1016 982 1086 ’Ὥσπερ
1035 1014 1126 1070 οὖν
1155 1020 1253 1072 οὐκ
1302 1019 1367 1072 ἂν
1427 1022 1750 1093 καταλήξειε
1776 1024 1877 1095 τῆς

292 1099 577 1171 ἡμέραςτὸ
593 1103 731 1171 φῶς,
758 1107 832 1175 μὴ
854 1107 975 1177 οὐχὶ
991 1107 1080 1161 τὸν
1113 1112 1446 1181 τεταγμένον
1471 1114 1688 1186 ἀποπλη
1699 1114 1878 1186 ρῶσαν

294 1192 516 1262 καιρόνο
561 1193 735 1260 οὕτως
775 1198 1019 1252 οὐκέστι
1051 1199 1158 1253 τῶν
1201 1202 1588 1273 ἐνδεχομένων,
1624 1206 1715 1259 τὸν
1745 1187 1878 1277 παρ’

292 1282 428 1353 ἐμοῦ
490 1287 872 1343 συστέλλεσθαι
919 1292 1197 1360 φωτισμὸν
1244 1294 1352 1347 ἀπὸ
1400 1295 1507 1348 τῶν
1575 1297 1875 1364 Ἰουδαίων,

296 1375 373 1447 μὴ
420 1378 500 1442 εἰς
545 1378 605 1431 τὸ
650 1381 861 1450 πρέπον
902 1384 998 1452 τῆς
1049 1384 1458 1456 φιλανθρωπίας
1512 1390 1879 1462 προελθούσης

299 1466 517 1538 μέτρον.
569 1469 811 1543 Ἡμέραν
839 1472 893 1525 δὲ
930 1474 1076 1541 λέγει
1105 1477 1195 1529 τὸν
1216 1479 1314 1549 τῆς
1338 1481 1642 1550 παρουσίας
1664 1483 1875 1552 καιρὸν,

295 1555 467 1609 νύκτα
492 1557 565 1623 δὲ,
597 1559 687 1611 τὸν
724 1560 828 1629 πρὸ
862 1561 1083 1632 ταύτης·
1114 1564 1189 1627 ὼς
1233 1568 1326 1619 καὶ
1359 1569 1489 1622 ὅταν
1533 1569 1688 1641 λέγῃ·
1727 1591 1745 1623 ι
1787 1568 1882 1623 Δεῖ

295 1648 619 1720 ἐργάζεσθαι
658 1652 724 1705 τὰ
755 1652 892 1722 ἔργα
919 1655 1014 1707 τοῦ
1064 1657 1380 1727 πέμψαντός
1420 1678 1511 1729 με,
1555 1662 1657 1725 ἕως
1698 1664 1879 1733 ἡμέρα

1976 592 2256 647 nunquam
2290 579 2519 636 lirmiter
2552 581 2609 635 in
2640 594 2747 636 una
2800 582 3063 652 opinione
3108 586 3501 643 consistentem
3525 632 3541 656 ,

1978 667 2073 721 sed
2119 669 2188 722 ab
2220 684 2324 723 una
2358 671 2415 725 in
2448 672 2609 726 aliam
2635 675 2963 729 sententiam
2994 675 3299 732 desultoria
3327 678 3544 734 levitate

1978 764 2355 812 transeuntem
2380 799 2395 823 ,
2426 762 2885 829 quemadmodum
2914 762 3033 820 dies
3075 765 3143 819 ab
3185 781 3294 820 una
3322 767 3460 823 hora
3488 770 3546 823 iu

1979 847 2142 900 aliam
2172 849 2394 903 transit.
2425 849 2642 907 Poteris
2671 854 2838 907 etiam
2877 855 2961 910 sic
2999 855 3351 926 interpretari
3403 859 3507 915 hoc
3529 901 3543 924 ,

1982 954 2002 987 ι
2062 937 2334 1009 Numquid
2368 940 2653 997 duodecim
2704 953 2833 999 sunt
2878 946 3027 1000 horae
3059 948 3209 1003 diei?
3251 970 3270 1002 ι
3301 950 3543 1021 scilicet],

1978 1025 2096 1083 dies
2128 1044 2228 1099 ego
2261 1045 2384 1084 sum
2417 1040 2469 1086 et
2500 1033 2614 1087 lux.
2653 1032 2809 1090 Sicut
2839 1036 3006 1106 igitur
3038 1040 3131 1092 lux
3172 1040 3282 1095 diei
3313 1055 3422 1094 non
3456 1040 3547 1097 de-

1981 1118 2159 1184 ficiet,
2186 1122 2294 1175 nisi
2331 1122 2488 1191 prius
2516 1124 2883 1180 constitutum
2931 1135 3149 1199 tempus
3197 1131 3543 1201 impleverit:

1981 1211 2054 1265 ita
2084 1228 2199 1268 non
2227 1222 2312 1268 est
2341 1215 2393 1267 in
2409 1214 2853 1284 contingentibus
2882 1227 2941 1272 ut
2969 1236 3148 1276 meum
3178 1224 3364 1279 lumen
3395 1238 3426 1277 a
3454 1222 3547 1279 Ju-

1978 1303 2111 1359 daeis
2142 1306 2371 1360 tollatur
2400 1314 2455 1361 et
2487 1309 2839 1373 obscuretur,
2889 1312 3209 1380 priusquam
3245 1315 3312 1369 ad
3351 1328 3546 1371 conve-

1979 1395 2224 1451 nientem
2256 1412 2322 1451 ac
2351 1398 2597 1453 debitum
2646 1400 3004 1455 humanitatis
3045 1403 3266 1458 modum
3306 1406 3545 1463 deveneo

1981 1486 2072 1541 rit.
2118 1485 2294 1542 Porro
2327 1488 2471 1543 diem
2502 1488 2637 1543 dicit
2684 1498 2901 1560 tempus
2952 1493 3040 1545 sui
3088 1492 3392 1562 adventus,
3445 1510 3547 1551 no-

1981 1586 2126 1634 ctem
2179 1596 2311 1635 vero
2338 1596 2459 1652 quae
2492 1582 2645 1636 illum
2680 1582 2979 1652 praecedit,
3021 1585 3167 1640 velut
3207 1600 3332 1640 cum
3378 1588 3543 1643 etiam

1981 1671 2157 1727 dicit:
2193 1690 2211 1723 ι
2241 1670 2449 1728 Facere
2476 1682 2693 1744 oportet
2732 1689 2894 1745 opera
2935 1676 3057 1746 ejus
3096 1677 3194 1747 qui
3240 1677 3391 1733 misit
3420 1693 3543 1745 me,

295 1737 431 1792 ὲστί.
482 1758 501 1791 ι
540 1741 708 1794 Τοῦτο
750 1739 842 1797 οὖν
882 1746 1116 1801 ἐνταῦθά
1158 1767 1309 1821 φησι,
1352 1749 1436 1804 ὅτι
1475 1755 1587 1807 Οὐκ
1624 1754 1738 1807 ἔστι
1784 1755 1866 1808 νῦι

1983 1766 2110 1821 dum
2140 1768 2260 1824 dies
2290 1776 2377 1823 est
2400 1770 2467 1821 ³⁸.
2495 1737 2655 1825 »Ἠοε
2682 1737 2850 1839 igitur
2876 1737 2998 1825 loco
3030 1770 3085 1825 id
3113 1737 3280 1825 dicit:
3312 1769 3433 1827 Non
3458 1737 3546 1827 est

292 1831 481 1934 καιρὸς
497 1834 792 1904 ἁποσχίσαι
818 1838 1058 1908 ἐμαυτὸν
1083 1842 1192 1894 τῶν
1228 1843 1516 1910 Ἰουδαίων,
1537 1847 1640 1901 κᾶν
1666 1848 1866 1901 ἀνόσιοι

1977 1876 2125 1916 nunc
2146 1869 2361 1930 tempus
2384 1870 2442 1917 ut
2472 1831 2786 1917 abstraham
2806 1877 2893 1918 me
2923 1878 2953 1916 a
2982 1861 3208 1929 Judaeis,
3232 1863 3359 1919 licet
3389 1863 3543 1934 impii

287 1914 441 1986 ὦσιν,
477 1924 615 1978 ἀλλὰ
646 1927 825 1981 πάντα
860 1934 1034 1983 ποιεῖν
1068 1933 1136 1986 τὰ
1170 1935 1307 2004 πρὸς
1341 1936 1639 2007 θεραπείαν
1668 1939 1869 1993 αὐτῶν.

288 2012 363 2064 Οὐ
391 2013 499 2084 γὰρ
518 2014 599 2066 δεῖ
628 2016 828 2082 αὐτοὺς
866 2019 959 2073 νῦν
994 2022 1336 2090 κολάζεσθαι,
1364 2028 1757 2100 ἀποχωρούσης
1776 2017 1873 2083 ἀπ’

288 2102 467 2191 αύτῶν
496 2106 593 2177 τῆς
617 2107 768 2172 θείας
801 2112 1022 2180 χάριτος
1052 2114 1202 2184 ήλίου
1244 2118 1419 2188 δίκηψ
1453 2118 1566 2170 ἀλλ’
1600 2118 1789 2191 ὥσπερ
1812 2120 1873 2172 τὸ

289 2189 405 2281 φῶς
439 2191 541 2263 τῆς
579 2195 787 2267 ἡμέρας
839 2202 937 2254 ούκ
982 2203 1243 2271 ἐκλείπει,
1288 2209 1336 2259 εἰ
1390 2207 1465 2278 μὴ
1509 2189 1769 2281 πληρωθῆ
1811 2211 1870 2263 τὸ

284 2277 659 2354 δωδεκάωρονο
712 2284 885 2352 οὕτως
939 2290 1059 2344 οὐδὲ
1113 2295 1141 2345 6
1191 2296 1321 2365 παρ’
1355 2277 1490 2365 ἐμοῦ
1528 2277 1870 2352 συστέλλεται

289 2375 567 2443 φωτισμδς
601 2377 706 2447 πρὸ
728 2379 942 2450 καιροῦ,
992 2383 1127 2436 ἀλλὰ
1165 2386 1327 2456 μέχρι
1358 2386 1453 2440 τοῦ
1492 2390 1871 2460 σταυρωθῆναι

293 2463 442 2531 μενῶ
504 2468 641 2535 μετὰ
679 2469 788 2522 τῶν
855 2472 1143 2539 Ἰουδαίων,
1198 2477 1361 2540 ἐνιεὶς
1420 2478 1603 2542 αὐτοῖς
1644 2480 1720 2542 ὠς
1756 2480 1871 2547 φῶς

288 2553 390 2622 τῆς
422 2553 750 2622 θεογνωσίας
791 2561 891 2629 τὴν
940 2562 1169 2618 σύνεσιν.
1210 2566 1423 2637 Ἐπειδὴ
1466 2568 1573 2641 γὰρ
1630 2570 1871 2625 Ἰουδαῖοι

289 2641 349 2693 ὲν
383 2644 562 2696 σκότει
612 2646 764 2710 ὄντες
804 2650 1080 2715 ἀπιστίας,
1120 2656 1556 2724 προσκόπτουσιν
1612 2659 1698 2709 ἐπ’
1746 2661 1872 2730 ἐμοὶ

284 2730 362 2794 ὡς
400 2733 555 2805 λίθῳ,
589 2736 670 2789 δεῖ
688 2739 943 2793 ἀπελθεῖν
976 2743 1111 2811 πρὸς
1146 2747 1342 2810 αὐτοὺς
1376 2750 1470 2801 καὶ
1512 2749 1741 2816 φωτίσαι
1774 2752 1871 2805 αύ-

286 2822 433 2886 τοὺς,
459 2823 545 2876 ἴνα
567 2826 881 2881 παύσωνται
899 2831 997 2900 τῆς
1030 2831 1297 2903 θεομάχου
1326 2836 1543 2904 μανίας.
1579 2837 1650 2888 ’Ἡ
1671 2837 1864 2903 οὕτως’

299 2910 519 2986 Ἐπειδὴ
551 2916 599 2967 οἱ
652 2915 892 2989 μαθηταὶ
945 2923 1177 2975 ἐκώλυον
1211 2925 1302 2977 τὸν
1324 2927 1558 2996 Χριστὸν
1594 2928 1865 2983 συνελθεῖν

286 3006 397 3069 τοῖς
436 3004 729 3075 Ἰουδαίοις,
750 3009 811 3062 ού
840 3012 907 3063 δι’
942 3014 1185 3078 ἑαυτοὺς,
1213 3016 1348 3069 ἀλλὰ
1367 3017 1455 3070 διὰ
1481 3018 1579 3089 τὴν
1605 3020 1740 3089 πρὸς
1771 3022 1865 3073 αύ-

1976 1955 2106 2018 sint,
2140 1955 2235 2009 sed
2268 1964 2328 2009 ut
2358 1955 2427 2009 ad
2446 1957 2785 2010 curationem
2820 1971 3008 2011 eorum
3041 1956 3178 2011 nihil
3212 1958 3543 2013 intentatum

1976 2044 2309 2115 relinquam.
2342 2045 2459 2101 Non
2492 2046 2634 2101 enim
2660 2056 2875 2117 oportet
2901 2062 2998 2103 eos
3024 2062 3173 2102 nunc
3198 2050 3460 2120 castigari
3487 2058 3546 2106 et

1972 2135 2193 2204 puniri,
2226 2135 2519 2192 recedente
2537 2175 2552 2201 ,
2580 2138 2732 2192 velut
2765 2139 2902 2203 sole,
2937 2139 3007 2193 ab
3026 2139 3109 2194 eis
3134 2139 3318 2195 divina
3344 2142 3542 2211 gratia,

1971 2226 2069 2282 sed
2099 2228 2560 2295 quemadmodum
2610 2228 2795 2282 lumen
2841 2228 2954 2282 diei
3006 2244 3117 2283 non
3162 2229 3385 2297 deﬁcit,
3433 2232 3542 2288 nisi

1972 2318 2260 2374 duodecim
2291 2318 2553 2373 horarum
2587 2318 2840 2373 confecto
2870 2320 3068 2389 spatio,
3092 2319 3179 2375 sic
3208 2335 3386 2391 neque
3415 2333 3544 2381 ante

1971 2416 2187 2478 tempus
2230 2425 2351 2465 mea
2402 2410 2754 2484 contrahitur
2800 2410 3168 2475 illuminatio,
3214 2412 3327 2467 imo
3366 2428 3543 2484 usque

1971 2498 2038 2551 ad
2067 2514 2287 2554 crucem
2316 2501 2549 2555 manebo
2569 2515 2693 2555 cum
2713 2500 3251 2564 Judaeis,immittens
3265 2502 3348 2559 eis
3368 2505 3539 2559 veluti

1973 2589 2155 2643 lumen
2188 2588 2283 2643 Dei
2318 2592 2652 2659 cognitionis
2682 2591 3131 2660 intelligentiam.
3178 2592 3542 2666 Quandoqui-

1970 2677 2094 2732 dem
2123 2678 2268 2733 enim
2296 2676 2490 2741 Judaei,
2525 2679 2580 2733 in
2620 2679 3225 2738 infidelitatistenehris
3250 2690 3499 2740 errantes
3519 2724 3537 2749 ,

1972 2762 2025 2817 in
2069 2778 2156 2818 me
2196 2772 2259 2819 ut
2299 2766 2367 2820 ad
2412 2766 2651 2835 lapidem
2695 2768 3012 2834 oti'endunt,
3054 2770 3295 2826 eundum
3338 2781 3423 2828 est
3470 2774 3540 2828 ad

1970 2854 2095 2907 illos
2126 2862 2182 2908 ut
2210 2856 2617 2925 illuminentur,
2645 2869 2700 2914 et
2723 2860 2980 2914 desinant
3006 2861 3063 2915 in
3092 2861 3260 2917 Deum
3291 2877 3541 2933 pugnare

1966 2957 2032 2997 ac
2062 2943 2275 3013 furere;
2300 2948 2387 3002 vel
2418 2946 2522 3001 hoc
2551 2948 2714 3002 modo
2742 2966 2756 3003 :
2791 2949 3249 3021 Quandoquidem
3279 2954 3539 3025 discipuli

1965 3031 2246 3087 Christum
2275 3035 2535 3090 accedere
2568 3036 2634 3090 ad
2662 3036 2880 3094 Iudaeos
2922 3040 3220 3106 vetabant,
3262 3056 3373 3097 non
3415 3059 3537 3113 pro-

284 3100 377 3153 τδν
433 3101 595 3170 δῆθεν
648 3103 847 3172 φειδὼ,
898 3108 1309 3179 παραθαρρύνει
1371 3112 1570 3175 αὐτοὺς
1630 3113 1716 3166 διὰ
1760 3111 1864 3183 τῆς

291 3192 604 3217 _--_c-\:-
683 3196 757 3217 ιν--
834 3198 1076 3217 ,νριιμ
1184 3199 1251 3217 ειν
1367 3200 1379 3216 .
1564 3203 1588 3214 ..
1716 3203 1774 3217 η,

1969 3131 2087 3194 pter
2117 3125 2329 3194 seipsos
2350 3167 2366 3192 ,
2415 3128 2512 3182 sed
2542 3128 2692 3198 quod
2720 3129 2841 3199 ejus
2873 3130 3065 3201 utique
3116 3132 3283 3187 saluti
3334 3100 3537 3191 metue-

289 3192 624 3263 παραϐολῆς,
679 3196 762 3248 ὅτι
829 3198 1083 3251 οὐδέποτε
1133 3199 1379 3252 πείσεταί
1423 3218 1475 3254 τι
1522 3203 1630 3259 τῶν
1704 3203 1864 3257 ἁϐου-

287 3282 481 3354 λήτων.
533 3286 594 3339 Et
631 3287 739 3358 γὰρ
771 3290 800 3342 6
852 3290 910 3342 ἐν
949 3290 1129 3361 ἡμέρᾳ
1175 3293 1511 3362 περιπατῶν,
1539 3294 1598 3346 ού
1630 3296 1865 3364 προσκό-

287 3391 436 3441 πτει,
480 3377 597 3440 πῶς
635 3380 664 3431 6
704 3380 837 3433 πᾶσι
878 3380 939 3433 τὸ
972 3379 1087 3449 φῶς
1137 3383 1318 3447 ἐνιεὶς,
1369 3385 1629 3455 ὑπομένοι
1659 3404 1713 3439 τι
1752 3386 1862 3440 τῶν

284 3466 566 3538 λυπηρῶν,
618 3471 797 3537 ἄκων;
852 3474 921 3525 Ἢ
985 3473 1103 3537 πῶς
1157 3477 1187 3527 6
1245 3477 1410 3529 πᾶσιν
1465 3477 1862 3533 ἀποκαλύπτων

283 3561 411 3623 τοὺς
441 3562 857 3631 κεκρυμμένους
890 3564 994 3617 τῶν
1026 3565 1274 3636 πονηρῶν
1304 3566 1549 3637 βόθρους,
1584 3569 1861 3640 ὀλισθήσει

286 3650 344 3701 ὲν
371 3650 553 3713 αὐτοῖς
596 3652 669 3722 μὴ
689 3653 879 3718 είδώςς
916 3655 988 3707 ’Ἡ
1013 3654 1075 3708 ού
1118 3657 1243 3726 περὶ¹
1270 3656 1460 3710 ἑαυτοῦ
1505 3658 1663 3712 τοῦτο
1690 3660 1857 3727 λέγει,

286 3739 421 3794 ἀλλὰ
448 3742 576 3813 περὶ
612 3743 719 3796 τῶν
750 3745 1030 3815 μαθητῶν,
1073 3747 1155 3800 ὅτι
1181 3748 1332 3801 οὐδὲν
1377 3750 1657 3804 πείσονται
1686 3750 1859 3806 δεινὸν

289 3831 538 3895 συνόντες
564 3832 641 3903 τῷ
663 3833 840 3887 πάντα
891 3835 1200 3903 φωτίζοντι,
1251 3839 1345 3892 καὶ
1385 3840 1445 3893 ού
1480 3841 1637 3910 μόνον
1674 3843 1856 3908 εἰδότι,

286 3924 423 3978 ἀλλὰ
476 3925 571 3977 καὶ
615 3925 824 3998 ἑτέροις
866 3929 1304 3984 ἀποκαλύπτοντι
1336 3934 1435 3996 τὰς
1476 3936 1861 4006 κεκρυμμένας

286 4012 480 4087 βουλὰς
512 4017 620 4070 τῶν
652 4018 922 4089 πονηρῶνο
954 4021 1033 4074 διὸ
1060 4022 1336 4093 προλέγων
1372 4026 1554 4089 αὐτοῖς
1584 4026 1641 4081 έν
1664 4029 1860 4083 τισιτά

284 4108 517 4178 ἐσόμενα
556 4110 651 4163 κα)⁵
688 4111 1082 4179 καταφωτίζων
1118 4115 1335 4179 αὐτοὺς,
1384 4117 1485 4170 οὐκ
1523 4120 1588 4189 ἐᾷ
1636 4121 1857 4191 περιπί-

286 4213 439 4251 πτειν
469 4198 783 4262 σκανδάλοις
811 4198 871 4252 ὲν
898 4201 1010 4263 τοῖς
1033 4200 1483 4272 συμϐησομένοις.

230 4304 262 4329 ο.

355 4438 615 4511 Λάζαρος
636 4443 669 4495 ό
704 4441 883 4510 φίλος
914 4439 1082 4511 ἡμῶν
1111 4443 1474 4512 κεκοίμηται.

368 4555 668 4624 ’Δξιόλογος
720 4556 991 4627 πρόφασις
1037 4556 1183 4610 ἕλκει
1246 4575 1314 4627 με
1383 4560 1463 4621 είς
1503 4558 1857 4629 Ἰερουσαλὴμ

286 4646 369 4717 (τὸ
404 4646 533 4718 γὰρ,
578 4664 595 4699 ι
662 4644 721 4702 '0
754 4648 905 4717 φίλος
943 4648 1101 4720 ἡμῶν
1140 4649 1484 4719 κεκοίμηται,
1520 4668 1538 4701 ι
1573 4651 1732 4703 τοῦτο
1767 4668 1859 4722 ση-

288 4739 511 4810 μαίνει),
552 4741 645 4793 καὶ
670 4739 763 4793 ἐὰν
796 4741 1126 4811 περιίδωμεν
1154 4740 1364 4803 τοῦτον,
1386 4741 1857 4813 ἁφιλοικτίρμονος

283 4832 633 4903 λαμϐάνομεν
672 4832 847 4898 δόξας.
893 4833 984 4885 Διὸ
1027 4832 1394 4886 δυσωπεῖσθαι
1440 4833 1543 4906 χρὴ
1586 4837 1733 4905 ἡμᾶς
1766 4836 1858 4889 ἐπὶ

282 4924 481 4995 τούτῳ,
532 4925 626 4977 καὶ
679 4924 905 4995 δραμεῖν
949 4924 1043 4977 ἐπὶ
1069 4924 1167 4995 τὴν
1222 4925 1315 4979 τοῦ
1355 4926 1507 4993 φίλου
1562 4928 1855 4999 σωτηρίαν,

283 5013 668 5085 ὑπερορῶντας
706 5013 815 5067 τῶν
859 5014 1164 5067 Ἰουδαϊκῶν
1196 5015 1519 5069 ἐπιϐουλῶν.
1549 5018 1772 5081 Δεικνὺς
1801 5018 1858 5071 δὲ

278 5104 447 5159 αὑτοῦ
480 5106 579 5176 τὴν
611 5106 891 5177 θεοπρεπῆ
935 5106 1182 5178 δύναμιν,
1224 5106 1388 5161 ὕπνον
1432 5108 1587 5161 καλεί
1624 5109 1723 5178 τῆς
1762 5111 1856 5162 ἁν-

283 5196 562 5268 θρωπίνης
591 5196 770 5267 ψυχῆς
813 5196 911 5268 τὴν
962 5198 1070 5250 ἀπὸ
1113 5198 1207 5251 τοῦ
1250 5200 1495 5268 σώματος
1527 5200 1720 5263 ἔξοδον
1768 5200 1858 5253 9d-

282 5303 443 5340 νατον
469 5287 574 5358 γὰρ
603 5287 703 5339 ούκ
732 5286 961 5355 ἠξίωσεν
990 5288 1163 5340 εἰπεῖν
1185 5289 1213 5339 6
1254 5289 1442 5351 κτίσας
1471 5290 1561 5342 ἐπὶ
1583 5289 1857 5360 ἀφθαρσίᾳ

281 5376 376 5429 τόν
403 5376 709 5447 ἄνθρωπον,
745 5377 885 5430 κατὰ
910 5377 970 5430 τὸ
996 5378 1400 5449 γεγραμμένον,
1428 5380 1522 5434 καὶ
1555 5380 1856 5452 σωτηρίους

278 5466 565 5532 ἀναδείξας
609 5467 705 5531 τὰς
737 5468 977 5536 γενέσεις
1018 5468 1113 5522 τοῦ
1155 5470 1381 5540 κόσμου.
1417 5471 1562 5542 Πλήν
1591 5475 1722 5525 ,ἐστι
1762 5472 1856 5525 καὶ

281 5556 487 5629 ἀληθὴς
505 5558 533 5610 6
557 5556 732 5626 λόγος’
759 5557 925 5619 ὕπνος
949 5557 1057 5630 γὰρ
1079 5559 1248 5622 ὅντως
1270 5561 1420 5631 παρὰ
1444 5559 1562 5631 Θεῷ
1586 5562 1701 5627 καὶ,
1732 5561 1851 5614 ἓτε-

358 5736 403 5767 ⁸³
444 5734 602 5793 Joan.
640 5754 727 5801 ιι,
760 5738 813 5791 4.
893 5740 937 5771 ³⁸
978 5740 1107 5811 Sap.
1145 5757 1202 5805 ι,
1238 5738 1425 5793 1546.

620 5827 894 5888 Parnm.
944 5828 1061 5889 Gn.
1160 5828 1435 5889 LXXIV.

1966 3223 2128 3279 rent,
2180 3215 2469 3272 contirmat
2515 3233 2611 3273 eos
2660 3234 2759 3288 per
2811 3221 3165 3290 parabolam,
3196 3224 3347 3294 quod
3397 3224 3538 3283 nihil

1966 3321 2200 3376 usquam
2233 3316 2431 3377 praeter
2473 3308 2811 3365 voluntatem
2843 3326 3113 3381 passurus
3143 3312 3239 3368 sit.
3299 3314 3359 3369 Si
3388 3316 3537 3372 enim

1963 3399 2057 3469 qui
2089 3398 2337 3454 ambulat
2366 3399 2422 3454 in
2447 3401 2541 3456 die
2568 3417 2676 3457 non
2706 3402 2934 3459 oﬂ‘endit
2954 3448 2969 3473 ,
2995 3407 3274 3475 quomodo
3302 3408 3398 3478 qui
3424 3423 3538 3465 om-

1963 3487 2127 3542 nibus
2150 3487 2332 3544 lumen
2356 3488 2636 3556 immittit,
2663 3499 2953 3561 pateretur
2977 3494 3185 3564 aliquid
3242 3496 3535 3552 molestum

1963 3577 2217 3634 invitus?
2253 3581 2362 3634 Aut
2388 3583 2667 3651 quomodo
2698 3586 2790 3654 qui
2823 3586 3082 3642 omnibus
3115 3588 3323 3643 revelat
3350 3590 3536 3644 occul-

1962 3677 2046 3725 tas
2084 3670 2351 3726 malorum
2396 3672 2609 3737 foveas,
2641 3674 2961 3745 imprudens
2988 3678 3043 3730 in
3073 3693 3169 3733 eas
3200 3679 3407 3736 cadet?
3432 3679 3533 3738 Vel

1961 3774 2077 3814 non
2107 3759 2175 3814 de
2204 3760 2387 3831 seipso
2419 3761 2523 3817 hoc
2551 3762 2717 3829 dicit,
2762 3765 2858 3821 sed
2905 3765 2973 3821 de
3016 3766 3347 3838 discipulis,
3392 3772 3530 3826 nihil

1961 3866 2057 3906 eos
2110 3853 2366 3907 acerbum
2444 3867 2745 3923 passuros,
2796 3856 2964 3927 679
3006 3858 3251 3927 quandiu
3278 3860 3532 3915 eumillo

1961 3948 2155 4005 erunt,
2188 3943 2282 4012 qui
2338 3944 2524 3998 omnia
2579 3944 2887 4012 illuminat,
2939 3947 3148 4017 quique
3192 3964 3303 4004 non
3352 3950 3532 4006 solum

1962 4034 2067 4088 scit
2088 4072 2102 4098 ,
2134 4032 2231 4088 sed
2264 4034 2391 4090 aliis
2421 4036 2589 4089 etiam
2620 4037 2817 4107 retegit
2858 4040 3074 4094 occulta
3104 4039 3375 4095 malorum
3404 4055 3535 4097 con-

1964 4124 2120 4187 silia,
2149 4123 2384 4194 ideoque
2415 4124 2724 4195 praedicens
2764 4127 2849 4183 eis
2878 4128 2935 4182 in
2964 4128 3292 4198 quibusdam
3343 4130 3530 4187 futura

1959 4224 2017 4269 et
2046 4214 2363 4269 illuminaus
2390 4229 2486 4270 eos
2507 4256 2522 4281 ,
2555 4231 2666 4270 non
2697 4217 2828 4271 sinit
2858 4218 3156 4289 impingere
3183 4218 3239 4274 in
3270 4219 3530 4277 scandala

1961 4305 2015 4357 in
2048 4304 2114 4358 iis
2152 4319 2276 4373 quae
2309 4313 2575 4360 eventura
2603 4316 2755 4362 sunt.

2034 4432 2131 4499 XI,
2162 4435 2250 4490 11.
2285 4436 2523 4491 Lazarus
2553 4438 2752 4492 amicus
2786 4449 2959 4494 noster
2981 4442 3200 4496 dormit.

2034 4547 2230 4604 Gravis
2259 4547 2479 4604 occasio
2505 4548 2672 4603 trahit
2716 4564 2804 4605 mc
2842 4548 3187 4620 Jerusalem,
3232 4551 3339 4609 hoc
3381 4553 3530 4616 enim

1965 4640 2241 4711 signiﬁcat
2270 4639 2400 4694 illud
2431 4658 2444 4694 :
2484 4660 2502 4691 ι
2536 4640 2760 4695 Amicus
2804 4650 2993 4698 noster
3034 4643 3280 4711 dormit;
3316 4663 3337 4698 ι
3372 4659 3439 4699 ac
3480 4645 3528 4700 si

1962 4749 2086 4789 eum
2116 4734 2439 4804 neglexero,
2468 4733 2602 4787 mihi
2632 4735 2822 4804 opinio
2848 4734 3298 4791 immisericordis
3320 4744 3377 4792 et
3403 4736 3529 4792 duri

1963 4825 2246 4880 subeunda
2294 4832 2401 4880 est.
2453 4824 2635 4891 Quare
2682 4825 2889 4895 pudere
2938 4841 3040 4881 nos
3089 4832 3338 4896 oportet,
3372 4834 3430 4883 et
3459 4829 3528 4883 ad

1963 4918 2129 4971 amici
2175 4917 2411 4972 salutem
2462 4896 2786 4980 convolare,
2832 4918 3161 4986 contemptis
3209 4916 3523 4974 Iudaeorum

1963 5010 2201 5065 insidiis.
2233 5009 2507 5065 Caeterum
2538 5010 2838 5065 ostendens
2870 5024 3170 5081 congruam
3202 5009 3312 5068 Deo
3342 5019 3528 5082 poten-

1964 5100 2092 5154 tiam
2122 5115 2185 5155 ac
2211 5102 2381 5165 vires,
2413 5101 2666 5155 humanae
2694 5100 2891 5156 animae
2920 5116 2953 5155 a
2983 5116 3214 5172 corpore
3243 5112 3525 5160 secessum

1963 5207 2215 5247 somnum
2244 5200 2401 5247 vocat
2427 5209 2441 5247 :
2478 5206 2655 5261 neque
2685 5192 2829 5246 enim
2865 5200 3095 5247 mortem
3122 5208 3328 5250 vocare
3354 5194 3527 5249 voluit

1962 5287 2053 5356 qui
2078 5286 2282 5341 creavit
2300 5282 2572 5339 hominem
2595 5284 2659 5338 ad
2683 5284 3147 5340 immortalitatem
3165 5326 3181 5351 ,
3196 5285 3358 5353 juxta
3378 5282 3529 5339 Scri-

1965 5389 2156 5448 pturas
2186 5377 2254 5443 ⁸⁶,
2292 5383 2347 5431 et
2375 5376 2761 5447 generationes
2790 5375 2982 5431 mundi
3016 5374 3083 5431 ad
3115 5377 3346 5433 salutem
3374 5374 3525 5431 fecit.

1964 5468 2358 5525 Verumtamen
2391 5469 2553 5523 etiam
2590 5483 2750 5525 verus
2784 5475 2869 5524 est
2903 5480 3117 5535 sermo,
3171 5475 3228 5521 et
3253 5477 3402 5538 ’vere
3438 5471 3527 5519 est

1959 5575 2188 5618 somnus
2220 5558 2362 5631 apud
2394 5558 2562 5617 Deum
2632 5559 2880 5630 nihilque
2905 5555 3053 5612 aliud
3082 5564 3168 5613 est
3198 5548 3525 5625 temporaria

3178 5819 3215 5878 2
