4144 6550
541 317 615 375 45
1538 313 1595 368 S.
1638 310 1915 367 CYRILLI
1950 311 2417 367 ALEXANDRINI
2459 312 2779 368 ARCHIEP.
3736 316 3805 367 ιι

543 451 608 492 ac
640 439 1027 490 momentauea
1061 428 1312 500 corporis
1349 430 1523 485 nostri
1560 443 1707 482 mors
1732 467 1746 492 ,
1785 428 2030 497 simplici
2066 437 2120 482 et

2233 446 2317 498 ρον
2344 430 2517 494 οὐδὲν,
2551 431 2578 482 ὁ
2611 429 2945 499 πρόσκαιρος
2973 426 3128 497 ἡμῶν
3152 426 3246 479 τοῦ
3279 425 3528 497 σώματος
3554 427 3806 492 θάνατος,

543 528 661 584 solo
699 532 977 597 prostrata
1023 532 1161 577 nutu
1206 522 1325 592 ejus
1369 521 1464 590 qui
1514 520 1815 575 secundum
1861 528 2117 573 naturam

542 634 700 677 suam
741 619 850 673 vita
886 626 1008 683 est,
1050 616 1155 670 hoc
1188 622 1272 671 est
1310 614 1539 669 Christi.
1580 614 1976 667 Animadverte
2016 627 2119 665 au-

543 725 652 769 tem
681 726 803 767 eum
837 726 947 764 non
970 708 1115 764 dixis
1135 724 1192 763 se
1219 727 1232 763 :
1253 707 1494 761 Lazarus
1511 716 1764 760 mortuus
1788 713 1893 772 est,
1913 715 1965 760 et
1981 705 2119 759 vado

545 801 614 854 ad
640 800 998 856 excitandum
1036 814 1199 864 eum;
1247 797 1340 852 sed
1391 797 1507 851 ait:
1542 816 1559 847 ι
1594 795 1831 861 Dormit,
1870 815 1890 849 ι
1918 796 2121 850 fastum

546 900 599 945 ct
633 890 955 960 iactantiam
990 889 1170 943 vitans
1214 887 1283 941 ad
1322 896 1572 943 nostram
1614 886 2018 942 institutionem
2056 900 2121 940 ac

549 982 861 1036 utilitatem.
912 978 1034 1033 Non
1084 978 1231 1032 enim
1284 979 1420 1033 adeo
1458 979 1754 1032 obscuram
1792 980 2122 1049 plenamque

548 1071 1012 1129 dissimulationis
1046 1070 1325 1126 emisisset
1358 1085 1549 1125 vocem
1573 1110 1586 1135 ,
1627 1078 1685 1124 ut
1718 1072 1810 1125 vix
1845 1071 1949 1140 ipsi
1980 1086 2120 1142 quo-

548 1179 655 1233 que
699 1163 953 1232 discipuli
991 1176 1303 1216 sermonem
1359 1161 1751 1230 intelligerent.
1808 1160 1927 1217 Non
1975 1163 2122 1217 enim

548 1257 721 1312 dixit:
755 1254 903 1310 Vado
938 1255 1319 1310 viviticaturus
1344 1261 1399 1309 et
1431 1269 1460 1307 a
1494 1255 1727 1309 mortuis
1756 1256 2123 1309 suscitaturus

549 1362 704 1413 eum,
737 1347 854 1411 sed,
910 1365 929 1397 ι
961 1344 1455 1416 expergefacturus
1483 1384 1497 1409 ,
1541 1363 1560 1396 ι
1606 1345 1752 1414 quod
1785 1345 2004 1415 quidem
2029 1361 2123 1399 va-

548 1454 711 1493 cuum
746 1446 867 1494 erat
903 1438 972 1493 ab
1001 1437 1152 1493 omni
1187 1437 1505 1507 suspicione
1534 1437 1839 1506 iactantiae.

615 1547 721 1613 XI,
760 1546 848 1601 ιε.
885 1546 948 1602 Si
974 1546 1189 1611 dormit,
1226 1546 1536 1600 salvabilur.

619 1660 702 1715 Illi
747 1674 900 1725 vero,
942 1674 1052 1713 non
1094 1658 1465 1729 intelligentes
1500 1659 1607 1713 vim
1646 1658 1819 1726 verbi,
1859 1659 2128 1729 putabant

549 1752 737 1810 Jesum
768 1751 961 1805 dicere
1000 1750 1068 1805 de
1106 1750 1449 1806 dormitione
1488 1751 1826 1820 somni,qui,
1872 1765 2125 1820 saepenu-

2222 520 2363 591 ψιλῷ
2402 522 2493 574 καὶ
2537 523 2681 591 μόνῳ
2724 520 3168 590 καταργούμενος
3220 519 3448 588 νεύματι
3507 521 3606 591 τῆς
3666 520 3859 595 κατὰῖ

2226 616 2387 686 φύσιν
2440 613 2604 685 ζωῆς,
2647 613 2791 665 τοῦτ’
2832 612 2945 666 ἐστι
2996 612 3254 683 Χριστοῦ.
3300 613 3442 683 Ὅρα
3482 613 3539 666 δὲ
3582 615 3662 667 ὅτι
3706 615 3808 669 οὐκ
3844 612 3861 673 ⁵,

2225 704 2364 761 εἷπε·
2413 706 2659 775 Λάζαρος
2710 704 2966 768 ἀπέθανε,
3015 706 3107 758 καὶ
3156 706 3459 777 πορεύομαι
3504 707 3809 778 ἀναστῆσαι

2226 798 2413 863 αὐτὸν,
2457 798 2592 850 ἀλλά
2637 814 2791 865 φησι,
2825 815 2843 846 ι
2890 798 3249 867 Κεκοίμηται,
3286 818 3303 847 ι
3342 799 3401 850 τὸ
3430 800 3809 868 κομπαστικδν

2228 888 2465 958 φεύγων,
2511 888 2645 958 πρὸς
2687 887 2963 958 ἡμετέραν
3006 888 3350 941 διδασκαλίαν
3384 889 3478 942 καὶ
3516 889 3805 957 ὠφέλειαν.

2228 980 2301 1033 Ού
2349 979 2456 1049 γὰρ
2494 978 2560 1031 ἂν
2588 977 2758 1040 οὕτως
2803 977 3048 1048 ἀμυδρὰν
3097 979 3234 1047 μετά
3283 978 3630 1048 ἐπικρύψεως
3656 979 3811 1049 ἠφίει

2228 1071 2431 1142 φωνὴν,
2467 1069 2540 1133 ὡς
2577 1068 2697 1139 μηδ’
2740 1069 2937 1130 αὐτοὺς
2985 1068 3219 1122 συνιέναι
3266 1070 3392 1132 τοὺς
3426 1069 3671 1140 μαθητάς
3717 1071 3811 1123 τὸν

2226 1162 2401 1230 λόγον.
2440 1161 2513 1214 Ού
2536 1160 2641 1230 γὰρ
2668 1159 2794 1228 ἔφη,
2829 1159 3142 1230 Πορεύομαι
3162 1159 3396 1223 ζωώσων
3422 1160 3454 1231 ἢ
3488 1162 3810 1231 ἀναστήσων

2227 1254 2389 1307 αὐτὸν
2419 1255 2482 1306 ἐκ
2505 1252 2735 1321 νεκρῶν,
2758 1251 2871 1304 ἀλλ’
2896 1270 2914 1303 ι
2956 1250 3309 1315 Ἐξυπνίσων’
3349 1269 3366 1301 ι
3392 1247 3608 1321 δπερῆν
3638 1252 3809 1322 ἀργὸν

2226 1343 2363 1405 τέως
2398 1344 2475 1405 εἰς
2506 1343 2767 1412 ὑποψίαν.

2298 1539 2368 1595 EI
2399 1536 2766 1605 κεκοίμηται,
2795 1535 3155 1602 σωθήσεται.

2312 1655 2538 1706 Ἐκεῖνοι
2583 1653 2639 1706 δέ
2673 1654 2746 1724 μὴ
2776 1654 3065 1724 νοήσαντες
3101 1650 3196 1703 τοῦ
3240 1650 3400 1719 λόγου
3431 1650 3529 1723 τὴν
3556 1650 3809 1722 δύναμιν,

2230 1749 2484 1821 ᾠήθησαν
2521 1747 2611 1800 τὸν
2670 1747 2874 1815 Ἰησοῦν
2910 1747 3087 1814 λέγειν
3126 1747 3253 1817 περὶ
3284 1746 3590 1817 κοιμήσεως
3620 1744 3813 1808 ὕπνους

551 1860 707 1900 mero
770 1843 1006 1899 infirmis
1070 1842 1392 1906 adveniens,
1424 1842 1662 1912 quietem
1727 1841 1937 1896 affert:
1997 1841 2122 1895 ideo

2233 1842 2286 1905 ὃς
2313 1842 2405 1895 ἐπὶ
2433 1841 2490 1893 τὸ
2526 1839 2657 1893 πολὺ
2681 1843 2793 1902 τοῖς
2810 1839 3113 1910 ἀρρώστοις
3142 1856 3204 1891 συ
3215 1838 3483 1908 μδαίνων.
3507 1836 3815 1891 ἀνάπαυσιν

552 1936 707 1989 aiunt
732 1954 745 1989 :
769 1933 888 1989 Non
926 1940 1008 1988 est
1048 1932 1245 1987 idonea
1280 1948 1447 1987 causa
1486 1933 1763 1999 veniendi,
1787 1943 2127 2004 utexperge-

552 2025 721 2080 facias
783 2040 811 2078 a
868 2039 1062 2080 somno
1093 2023 1396 2090 Lazarum,
1431 2040 1608 2094 neque
1641 2025 1773 2080 utile
1807 2033 1893 2080 est
1939 2024 2129 2079 excuti

554 2133 810 2175 somnum
866 2118 1078 2188 aegroti.
1131 2116 1258 2172 Ηειιο
1314 2127 1501 2172 autem
1559 2117 1816 2171 dicebant
1864 2130 2129 2171 revocare

554 2210 799 2265 volentes
851 2224 976 2264 eum
1030 2208 1099 2262 ab
1157 2208 1414 2262 instituto
1469 2208 1705 2271 itinere,
1769 2207 2131 2277 dicentesque

554 2297 782 2351 minime
814 2311 844 2351 e
880 2311 941 2351 re
976 2296 1157 2350 videri
1188 2303 1251 2351 ut
1280 2296 1333 2349 in
1368 2296 1550 2351 medio
1582 2297 1915 2353 sicariorum
1945 2311 2132 2352 verse-

555 2394 647 2443 tur
680 2394 901 2457 pr0pter
931 2399 1153 2456 operam
1181 2383 1457 2440 inutilem.

622 2540 727 2606 XI,
764 2541 851 2597 M.
886 2539 1127 2595 Lazarus
1166 2548 1404 2593 mortuus
1436 2548 1533 2605 est,
1569 2545 1675 2594 etc.

619 2655 760 2711 Cum
790 2654 1189 2712 intellexissent
1213 2652 1471 2722 discipuli
1495 2667 1619 2707 eum
1646 2659 1878 2708 mortem
1902 2665 2133 2707 vocasse

556 2763 811 2806 somnum
835 2787 850 2813 ,
906 2746 1205 2802 dilucidius
1254 2744 1532 2814 expressit
1571 2744 1766 2799 dicens
1789 2783 1803 2806 ,
1833 2762 1851 2795 ι
1885 2742 2134 2800 Mortuus

556 2848 661 2896 est.
693 2838 827 2893 iAit
880 2847 1059 2892 autem
1106 2851 1165 2893 se
1212 2835 1451 2906 gaudere
1503 2850 1614 2890 non
1673 2837 1739 2889 ad
1797 2836 2132 2899 vanitatem,

557 2933 687 3002 quia
728 2930 1055 2985 miraculum
1093 2936 1413 2999 patraturus
1458 2935 1646 2991 esset,
1700 2926 1799 2982 sed
1844 2928 1975 2997 quia
2018 2926 2135 2982 haec

558 3036 725 3077 causa
760 3021 945 3075 futura
972 3028 1087 3074 erat
1119 3019 1410 3088 discipulis
1441 3019 1587 3074 fidei.
1621 3018 1789 3089 680
1813 3018 1970 3085 Quod
2006 3034 2136 3075 vero

559 3113 722 3178 dicit,
751 3130 769 3164 ι
799 3111 919 3167 Non
950 3125 1099 3167 eram
1129 3109 1201 3164 ibi
1231 3151 1246 3176 ,
1276 3130 1295 3162 ι
1324 3111 1427 3165 hoc
1458 3109 1732 3180 signiﬁcat
1757 3129 1769 3164 :
1813 3109 1868 3163 Si
1904 3110 2133 3165 fuissem

2231 1937 2393 1988 ποιεῖ·
2427 1933 2506 1987 διό
2522 1947 2706 2003 φασιν·
2736 1935 2849 1986 Οὐκ
2880 1932 3155 2001 ἀξιόλογος
3187 1934 3220 2003 ή
3252 1931 3434 1998 ἄφιξις
3456 1928 3548 1982 τοῦ
3571 1929 3815 1998 ἄφυπνον

2231 2028 2456 2097 ποιῆσαι
2498 2026 2588 2079 τὸν
2618 2024 2887 2095 Λάζαρον,
2938 2025 3057 2077 οὑδέ
3084 2023 3384 2092 ἐπωφελὲς,
3429 2021 3490 2074 τὸ
3531 2021 3817 2085 ἐξυπνίσαι

2232 2120 2533 2190 ἄρρωστον.
2577 2118 2762 2171 Ταῦτα
2791 2118 2847 2169 δὲ
2880 2117 3086 2185 ἔλεγον,
3113 2115 3338 2183 ἐκκόψαι
3369 2114 3529 2168 αὑτὸν
3564 2113 3819 2184 βουλόμε-

2232 2229 2311 2264 νοι
2359 2213 2457 2281 τῆς
2497 2210 2640 2276 όδοῦ,
2676 2210 2925 2277 λέγοντες
2960 2210 3039 2261 ὅτι
3069 2208 3169 2260 οὐκ
3202 2204 3350 2271 ἀξιον
3378 2207 3435 2259 ἐν
3469 2204 3618 2275 μέσῳ
3660 2203 3813 2272 γενέ-

2236 2301 2361 2355 σθαι
2399 2302 2506 2356 τῶν
2556 2301 2852 2371 φονευτῶν,
2901 2299 2988 2353 διὰ
3044 2299 3105 2352 τὸ
3158 2298 3381 2368 ποιῆσαι
3437 2299 3668 2367 πρᾶγμα
3716 2286 3815 2349 οὐκ

2234 2392 2535 2462 ἐπωφελές.

2304 2547 2562 2616 Λάζαρος
2589 2547 2872 2611 ἀπέθανε,
2895 2549 2986 2601 καὶ
3010 2546 3077 2600 τὰ
3103 2546 3249 2617 ἑξῆς.

2305 2658 2398 2729 Μὴ
2427 2657 2738 2727 νοησὰντων
2781 2650 2871 2708 οὖν
2901 2655 3009 2707 τῶν
3043 2654 3325 2725 μαθητῶν,
3353 2654 3435 2708 ὅτι
3454 2652 3544 2706 τὸν
3564 2651 3813 2715 θάνατον,

2236 2751 2401 2804 ὕπνον
2448 2750 2734 2817 ὠνόμασε,
2793 2750 3108 2819 λευκότερον
3165 2747 3426 2819 ἐνέφηνεν
3484 2743 3688 2808 εἰπὼν,
3735 2744 3817 2797 ὅτι

2243 2862 2262 2895 ι
2314 2842 2626 2896 Ἀπέθανεν.
2661 2860 2679 2893 ι
2700 2842 2837 2911 Φησὶ
2858 2841 2913 2894 δέ
2948 2842 3138 2895 ἐαυτὸν
3158 2841 3389 2913 χαίρειν,
3425 2840 3484 2892 οὐ
3508 2838 3595 2892 διὰ
3615 2836 3819 2906 φιλοδοο

2238 2934 2378 3001 ξίαν,
2428 2935 2510 2987 ὅτι
2555 2933 2744 3003 ἔμελλε
2795 2933 3018 3003 ποιῆσαι
3059 2935 3120 2985 τὸ
3155 2933 3361 3002 θαῦμα,
3384 2931 3498 2984 ἀλλ’
3536 2932 3623 2984 ὅτι
3663 2928 3821 2983 τοῦτο

2239 3024 2511 3096 πρόφασις
2556 3021 2746 3093 ἔμελλε
2776 3022 3019 3090 γίνεσθαι
3058 3025 3171 3085 τοῖς
3194 3021 3464 3092 μαθηταῖς
3496 3022 3575 3084 είς
3616 3020 3817 3073 πίστιν.

2238 3115 2387 3168 Τὸδέ
2414 3117 2608 3181 εἰπεῖν,
2653 3116 2733 3168 ὅτι
2764 3134 2780 3165 ι
2818 3116 2933 3168 Οὐκ
2963 3115 3112 3185 ήμην
3149 3117 3282 3181 ἐκεῖ,
3318 3132 3336 3163 ι
3373 3114 3529 3166 τοῦτο
3554 3112 3719 3181 δηλοῖ·
3757 3112 3820 3165 Εἰ

558 3206 673 3271 ibi,
725 3219 835 3259 non
892 3190 1143 3259 mortuus
1178 3210 1361 3267 esset;
1414 3203 1676 3257 misertus
1717 3203 1861 3258 enim
1905 3204 2130 3259 fuissem

2237 3206 2384 3276 ’ήμην
2435 3206 2569 3269 ἐκεῖ,
2617 3205 2717 3257 οὐκ
2765 3204 2987 3274 ἔμελλεν
3028 3204 3412 3275 ἀποθνήσκειν·
3457 3203 3664 3275 ἠλέησα,
3714 3200 3822 3272 γὰρ

561 3299 683 3368 eius
720 3297 805 3351 vel
844 3295 1037 3351 leviter
1074 3296 1436 3365 aegrotantis;
1479 3310 1628 3349 nunc
1675 3310 1840 3359 vero,
1886 3311 1975 3351 me
2034 3296 2133 3349 ab-

560 3396 753 3454 sente,
780 3386 1011 3456 contigit
1041 3401 1226 3449 mors,
1270 3393 1330 3439 ut
1376 3385 1656 3441 suscitans
1703 3401 1828 3441 eum
1880 3402 2133 3456 magnam

562 3480 853 3547 importem
889 3477 1045 3531 vobis
1084 3477 1376 3531 utilitatem
1415 3493 1510 3547 per
1543 3476 1704 3532 ﬁdem
1754 3478 1809 3533 in
1857 3495 1962 3535 me.
2011 3479 2137 3535 Haec

561 3582 694 3624 vero
721 3566 856 3621 dicit
886 3565 1175 3631 Christus,
1211 3581 1321 3620 non
1356 3568 1513 3636 quasi
1550 3576 1682 3622 tunc
1715 3576 1925 3622 tantum
1963 3570 2139 3639 possit

560 3660 724 3715 edere
770 3659 1032 3713 miracula
1062 3699 1078 3724 ,
1110 3674 1235 3713 cum
1291 3660 1468 3723 adsit,
1506 3660 1600 3715 sed
1649 3663 1909 3731 quoniam
1947 3661 1992 3716 si
2040 3663 2137 3716 ad-

560 3749 778 3814 fuisset,
812 3764 921 3804 non
957 3750 1291 3820 neglexisset
1325 3751 1563 3804 amicum
1596 3752 1664 3804 ad
1700 3760 1928 3807 mortem
1963 3769 2139 3823 usque

559 3841 859 3911 deiectum.
892 3841 1031 3894 Illud
1063 3857 1189 3895 vero
1210 3880 1225 3905 ,
1257 3861 1274 3893 ι
1302 3841 1503 3896 Eamus
1535 3843 1603 3896 ad
1634 3858 1757 3897 eum
1779 3884 1792 3907 ,
1821 3861 1838 3893 ι
1864 3852 2126 3915 tauquam

564 3931 632 3985 ad
662 3932 850 3986 Vivum
888 3931 1068 3997 dicit;
1101 3932 1293 3985 vivunt
1333 3934 1478 3987 enim
1524 3934 1574 3987 ei
1626 3942 1684 3987 ut
1733 3932 1841 3989 Deo
1891 3938 2129 4003 mortui,

562 4032 824 4092 tanquam
853 4022 946 4091 qui
977 4022 1175 4076 victuri
1204 4031 1335 4077 sunt

631 4132 703 4189 XI
727 4173 741 4199 ,
772 4133 859 4190 f6.
892 4133 1045 4188 Dixit
1074 4135 1236 4204 igitur
1270 4136 1530 4190 Thomas:
1557 4135 1756 4192 Eamus
1782 4149 1829 4193 et
1862 4156 1975 4205 nos,
2011 4150 2137 4195 utet
2200 4172 2205 4177 -

562 4243 657 4281 nos
685 4226 977 4280 moriamur
1001 4242 1118 4279 cum
1143 4242 1223 4280 eo.

634 4339 857 4394 Thomae
902 4354 1082 4393 sermo
1134 4346 1440 4409 promptam
1493 4340 1715 4410 quidem
1763 4342 2135 4409 voluntatem,

563 4429 659 4487 sed
690 4440 743 4485 et
781 4430 1164 4495 timiditatem,
1198 4430 1553 4501 animumque
1588 4447 1914 4502 generosum
1950 4443 2005 4488 et
2040 4434 2137 4490 Dei

2238 3296 2399 3350 αὐτὸν
2444 3296 2538 3349 καὶ
2579 3296 2757 3363 ὀλίγον
2792 3295 3085 3365 κάμνοντα·
3139 3294 3232 3347 νῦν
3267 3294 3346 3359 δὲ,
3395 3294 3628 3357 ἀπόντος
3661 3289 3818 3362 ἐμοῦ,

2240 3387 2436 3458 συνέϐη
2495 3387 2523 3437 ὁ
2571 3386 2821 3449 θάνατος,
2854 3387 2939 3439 ἵνα
2978 3387 3289 3456 ἀναστήσας
3344 3385 3525 3450 αὑτὸν,
3577 3384 3821 3455 μεγάλην

2240 3479 2367 3549 ὑμῖν
2386 3480 2672 3548 ἐμποιήσω
2688 3478 2783 3548 τὴν
2810 3478 3073 3547 ὠφέλειαν
3099 3477 3185 3530 διὰ
3211 3478 3308 3546 τῆς
3338 3478 3417 3540 είς
3445 3476 3544 3547 ἐμὲ
3565 3476 3818 3538 πίστεως.

2241 3570 2423 3624 Ταῦτα
2450 3570 2505 3623 δὲ
2547 3570 2695 3639 λέγει
2728 3571 2756 3621 ό
2789 3570 3042 3642 Χριστὸς,
3078 3571 3177 3640 οὐχ
3214 3569 3287 3633 ὡς
3316 3569 3437 3621 τότε
3473 3569 3633 3639 μόνον
3660 3569 3821 3623 δυνά·

2246 3678 2403 3732 μενος
2432 3661 2501 3714 τὰ
2536 3661 2810 3732 θεοπρεπῆ
2839 3664 3032 3723 ποιεῖν,
3061 3662 3189 3714 ὅταν
3230 3663 3401 3732 παρῇ·
3435 3660 3550 3713 ἀλλ’
3588 3661 3823 3729 ἐπείπερ

2241 3756 2289 3806 εἰ
2321 3756 2523 3824 παρῆν,
2568 3753 2667 3806 οὐκ
2703 3754 2769 3806 ἂν
2820 3753 3042 3824 παρεῖδε
3095 3753 3185 3805 τὸν
3232 3752 3384 3823 φίλον
3431 3751 3541 3815 ἕως
3588 3750 3821 3804 Θανάτου

2241 3845 2733 3900 καταὸιόασθέντα.
2766 3846 2839 3897 To
2865 3846 2945 3910 δέ,
2976 3866 2993 3896 ι
3029 3847 3278 3915 Ἀγωμει
3306 3845 3443 3915 πρὸς
3472 3844 3656 3908 αὐτὸν,
3689 3861 3707 3894 ι
3747 3843 3824 3905 ὡς

2241 3939 2377 4009 πρὸς
2404 3938 2585 4003 ζῶντά
2619 3955 2771 4008 φησι·
2811 3936 2945 4002 ζῶσι
2975 3939 3080 4008 γάρ
3112 3937 3262 4008 αύτῴ
3287 3937 3361 4000 ὡς
3388 3937 3506 4008 Θεῷ
3538 3938 3587 3990 οἱ
3617 3936 3822 4008 νεκροὶ,

2241 4031 2315 4095 ὡς
2352 4031 2633 4101 μέλλοντες
2662 4030 2866 4101 ζήσειν.

2307 4141 2493 4198 Εἶπεν
2540 4140 2653 4199 οὖν
2680 4147 2712 4197 ὀ
2759 4144 2985 4213 Θωμᾶς·
3021 4146 3277 4215 Ἄγωμεν
3324 4144 3425 4198 καὶ
3474 4143 3665 4214 ἡμεῖς,
3721 4144 3824 4198 ἵνα

2239 4234 2632 4305 ἀποθάνωμεν
2653 4237 2778 4305 μετ’
2813 4235 3020 4289 αὑτοῦ.

2320 4348 2381 4402 Ὀ
2426 4348 2519 4401 τοῦ
2566 4347 2738 4419 Θωμᾶ
2770 4347 2925 4415 λόγος
2963 4347 3076 4418 ἔχει
3127 4347 3224 4418 μὲν
3264 4348 3592 4419 προθυμίαν·
3624 4346 3735 4418 ἔχει
3763 4347 3823 4400 δὲ

2240 4438 2336 4493 καλ⁵
2376 4439 2596 4505 δειλίαν,
2639 4440 2734 4492 καὶ
2766 4440 2959 4508 γέγονε
3005 4440 3100 4511 μέν
3133 4442 3197 4492 ἐκ
3237 4440 3483 4508 φιλοθέου
3531 4442 3820 4511 φρονήμα-

565 4529 840 4576 amantem
862 4558 877 4581 ,
912 4520 1011 4576 sed
1045 4520 1369 4590 permistum
1405 4522 1796 4579 incredulitate
1828 4525 1991 4593 sapit.
2024 4524 2130 4580 Nec

2238 4548 2350 4595 τος,
2400 4530 2873 4601 κατακεκέρασται
2916 4530 2974 4584 δὲ
3022 4532 3088 4601 τῇ
3169 4530 3529 4601 δλιγοπιστίᾳ.
3582 4530 3822 4583 ’Δπολει-

562 4613 711 4669 enim
750 4611 869 4667 vult
902 4627 1218 4679 remanere,
1256 4613 1353 4667 sed
1386 4624 1439 4668 et
1475 4615 1614 4669 alios
1648 4624 1706 4670 ut
1740 4615 1883 4668 idem
1927 4616 2134 4671 faciant

562 4705 835 4769 hortatur,
869 4700 966 4758 sed
1003 4712 1186 4757 tamen
1223 4703 1466 4759 futurum
1500 4714 1655 4776 putat
1709 4715 1765 4761 ut
1804 4709 2007 4762 malum
2041 4726 2127 4764 ac-

563 4799 771 4869 cipiant
798 4814 831 4852 a
859 4797 1092 4866 Judzeis,
1118 4799 1320 4869 quibus
1352 4802 1572 4856 animus
1600 4809 1685 4857 εει
1714 4802 2131 4873 sanguinarius,

562 4905 673 4945 non
725 4890 1087 4947 considerans
1137 4892 1347 4947 scilicet
1378 4893 1487 4946 vim
1534 4900 1590 4945 et
1632 4902 1961 4962 potestatem
2007 4895 2136 4950 Ser-

560 4982 799 5049 vatoris,
834 4982 979 5050 quod
1010 4983 1185 5053 magis
1218 4984 1485 5053 oportuit.
1526 4982 1788 5037 Faciebat
1821 4996 2003 5039 autem
2034 5002 2131 5043 eos

563 5072 782 5126 timidos
826 5073 1115 5139 Christus,
1166 5089 1332 5143 supra
1384 5073 1608 5129 modum
1663 5075 1991 5145 iniuriarum
2030 5093 2130 5147 pa-

561 5163 704 5218 tiens
748 5178 888 5233 quas
948 5165 1252 5234 accipiebat
1279 5180 1307 5218 a
1341 5163 1571 5221 Judaeis.
1608 5166 1704 5219 Ait
1736 5182 1864 5237 ergo
1895 5183 2001 5223 non
2037 5170 2133 5225 de-

560 5254 852 5309 serendum
884 5270 1009 5311 esse
1033 5257 1356 5327 magistrum
1379 5296 1393 5318 ,
1428 5258 1559 5312 licet
1589 5270 1802 5314 eertum
1835 5274 1899 5314 ac
1939 5263 2129 5331 explo-

560 5354 736 5400 ratum
770 5357 1108 5418 prOponatur
1138 5351 1438 5418 periculum
1468 5368 1479 5403 :
1516 5365 1616 5404 ceu
1664 5368 1793 5407 vero
1837 5354 2130 5411 subridens

557 5440 962 5510 quodammodo
984 5441 1223 5497 Thomas
1248 5442 1463 5497 dicebat
1487 5443 1618 5497 illud
1643 5486 1656 5511 ,
1681 5463 1699 5496 ι
1728 5445 1952 5511 Eamus,
1980 5467 1997 5499 ι
2025 5449 2128 5503 hoc

556 5541 661 5599 est,
694 5532 1011 5601 Moriamur;
1047 5533 1142 5589 Vel
1175 5536 1254 5590 sic
1287 5535 1418 5589 dicit
1445 5554 1456 5588 :
1483 5534 1718 5592 Omnino
1747 5539 1793 5595 si
1828 5540 2123 5607 iverimus,

557 5624 856 5693 periimus;
905 5625 1000 5678 sed
1041 5633 1220 5680 tamen
1256 5626 1367 5697 pati
1415 5641 1524 5681 non
1561 5643 1914 5693 recusemus,
1948 5648 2126 5702 neque

555 5714 702 5770 enim
722 5715 857 5771 tanti
885 5714 1063 5771 facere
1085 5718 1251 5772 vitam
1287 5732 1385 5773 nos
1417 5727 1666 5788 oportet;
1700 5721 1744 5776 si
1778 5732 1955 5778 autem
1989 5738 2112 5780 sus-

2232 4623 2433 4693 φθῆναι
2462 4621 2571 4693 γὰρ
2613 4623 2712 4675 οὐκ
2739 4621 3013 4693 ἀνέχεται,
3045 4621 3179 4675 ἀλλὰ
3210 4622 3304 4675 καὶ
3331 4622 3455 4686 τοὺς
3476 4622 3668 4687 ἄλλους
3688 4622 3820 4676 ἀναο

2232 4715 2408 4769 πείθει
2456 4715 2615 4769 τοῦτο
2660 4718 2852 4768 ποιεῖν·
2908 4717 3058 4785 ὅμως
3104 4717 3272 4768 οἴεται
3324 4717 3405 4769 ὅτι
3468 4717 3563 4769 καὶ
3624 4716 3819 4770 παθεῖν

2235 4804 2456 4875 ἔμελλον
2484 4805 2588 4858 ὑπὸ
2613 4804 2902 4867 Ἰουδαίων,
2932 4804 2994 4856 οὐ
3020 4804 3265 4869 θέλοντος
3299 4804 3486 4867 αὑτοῦ,
3519 4805 3605 4858 διὰ
3636 4804 3699 4858 τὸ
3722 4821 3826 4875 φο-

2234 4902 2383 4954 νικὸν
2424 4900 2533 4954 τῶν
2594 4899 2880 4962 Ἰουδαίων,
2915 4900 2974 4953 οὐ
3025 4900 3242 4953 σκοπῶν
3273 4900 3372 4969 τὴν
3401 4899 3496 4951 τοῦ
3552 4898 3819 4964 σώζοντος

2234 4993 2483 5064 δύναμιν,
2512 4993 2649 5060 ὅπερ
2677 4992 2785 5044 ἔδει
2828 4991 3048 5062 μᾶλλον.
3085 4990 3285 5044 Ἐποίει
3308 4990 3364 5043 δὲ
3388 4990 3585 5053 αὐτοὺς
3610 4990 3818 5055 δειλοὺς

2234 5087 2262 5137 ὁ
2294 5085 2548 5156 Χριστὸς,
2575 5085 2717 5155 ὑπὲρ
2761 5084 2958 5153 μέτρον
3006 5082 3342 5147 ἀνεξικακῶν
3382 5084 3439 5137 ἐν
3467 5078 3548 5146 οἷς
3579 5084 3817 5153 ἔπασχεν

2236 5178 2341 5229 ὑπὸ
2379 5176 2667 5229 Ἰουδαίων.
2708 5177 2869 5243 Λέγει
2899 5173 2990 5229 οὖν
3034 5174 3107 5246 μὴ
3139 5175 3336 5247 χρῆναι
3363 5176 3693 5246 χωρίζεσθαι
3722 5176 3815 5231 τοῦ

2237 5269 2572 5333 διδασκάλου,
2606 5270 2653 5321 εἰ
2693 5269 2785 5321 καὶ
2828 5268 3193 5338 άναμφίὸολος
3233 5267 3517 5337 πρόκειται
3552 5267 3816 5331 κίνδυνος·

2236 5363 2312 5424 ὡς
2367 5361 2693 5431 ὑπομειδιῶν
2724 5362 2781 5414 δέ
2836 5361 3034 5432 τρόπον
3086 5361 3206 5414 τινὰ
3245 5363 3273 5413 ὁ
3306 5360 3507 5429 Θωμᾶς
3538 5359 3691 5428 ἔλεγε
3728 5361 3811 5425 τὸ,

2239 5454 2527 5522 Ἀγωμεν,
2579 5452 2719 5505 τοῦτ’
2746 5452 2917 5520 ἐστιν,
2956 5452 3358 5523 Ἀποθάνωμεν.
3391 5453 3462 5504 Ἦ
3489 5450 3631 5505 οὕτω
3658 5451 3814 5521 φησί·

2232 5542 2455 5604 Πάντως
2500 5542 2593 5596 ἐὰν
2637 5542 2987 5615 ἀπέλθωμεν,
3034 5543 3474 5614 ἀποθνήσκομεν,
3534 5543 3685 5611 ὅμως
3737 5541 3814 5613 μὴ

2231 5634 2693 5706 παραιτησώμεθα
2757 5636 2817 5688 τὸ
2883 5635 3093 5688 παθεῖν·
3148 5637 3208 5689 ού
3262 5636 3371 5707 γὰρ
3422 5635 3503 5688 δεῖ
3558 5633 3815 5689 τοσοῦτον

2223 5725 2536 5796 φιλοψυχεῖν
2572 5743 2585 5757 ·
2637 5729 2685 5782 εί
2731 5728 2786 5781 δὲ
2830 5729 3032 5799 ἐγείρει
3081 5729 3172 5782 τὸν
3223 5728 3437 5800 νεκρὸν,
3483 5726 3733 5798 περιττὸς
3782 5712 3812 5762 ὁ
