4144 6484
279 377 349 435 45
1124 369 1191 426 lN
1221 369 1561 428 JOANNEM.
1586 369 1787 426 -—-LlB.
1829 367 1920 427 VII
1958 370 2046 426 ET
2087 369 2203 425 Vlll
2248 367 2692 425 FRAGMENTA.
3468 376 3538 432 ιδ

277 494 459 564 φόϐος’
489 492 683 564 ἔχομεν
716 491 822 562 γὰρ
850 491 942 543 τὸν
971 488 1269 560 δυνάμενον
1301 489 1599 561 ἀναστῆσαι
1630 488 1765 559 μετὰ
1791 487 1844 541 τὸ

1957 487 2092 541 citat
2142 494 2439 553 mortuum,
2466 483 2781 557 superfluus
2804 492 2888 541 est
2910 485 3367 552 timor,habemus
3389 492 3535 548 enim

282 602 485 638 πεσειν.

347 670 466 731 Ἦν
485 672 553 726 δὲ
579 674 615 740 ἡ
644 672 906 739 Βηθανία
927 670 1106 740 ἐγγὺς
1135 669 1255 724 τῶν
1288 670 1716 739 Ἰεροσολύμων
1732 668 1851 723 ἀπὸ

278 764 539 818 σταδίων
561 764 910 817 δεκαπέντε.

348 854 447 907 Διὰ
476 854 633 907 τοῦτο
666 855 758 906 καὶ
792 854 851 905 τὸ
894 852 1169 922 διάστημα
1200 852 1343 920 λέγει
1371 851 1476 904 τῶν
1500 851 1718 921 ἡμερῶν
1747 851 1852 905 τῶν

281 948 415 1016 μετά
447 948 535 999 τὸν
563 946 789 999 θάνατον
825 946 1099 1017 Λαζάρου,
1137 946 1222 998 ἴνα
1253 946 1343 997 ἐπὶ
1372 945 1528 998 πλέον
1562 945 1851 1017 θαυμασθῇ

275 1038 337 1090 τὸ
377 1037 580 1107 θαῦμα,
620 1038 713 1089 καὶ
748 1037 839 1107 ῖμή
900 1055 986 1100 τις
1032 1037 1162 1108 εἴπῃ
1197 1037 1375 1107 τυχὸν,
1427 1038 1507 1090 ὅτι
1548 1037 1684 1107 μετὰ
1726 1037 1850 1106 μίαν

277 1129 488 1198 ἡμέραν
518 1128 785 1200 ἐληλύθει,
843 1128 937 1181 καὶ
966 1129 1065 1182 οὐκ
1091 1124 1157 1199 ἦν
1200 1127 1449 1193 τεθνεὼς,
1496 1128 1629 1182 ἀλλὰ
1671 1129 1853 1199 ἀρρω-

278 1219 505 1272 στοῦντα
548 1221 709 1273 αὐτὸν
749 1221 957 1291 ἤγειρε.
993 1220 1153 1287 Λέγει
1186 1220 1241 1273 δὲ
1274 1221 1356 1272 ὃτι
1397 1219 1581 1273 πολλοὶ
1617 1217 1756 1292 ἦσαν
1788 1223 1854 1279 ,ὲν

274 1312 339 1379 τῇ
389 1309 631 1381 Βηθανία
674 1310 937 1376 Ἰουδαῖοι,
983 1309 1156 1362 καίτοι
1205 1309 1403 1379 χωρίου
1445 1312 1545 1361 οὐκ
1583 1310 1734 1373 ὄντος
1757 1327 1855 1362 πο-

273 1399 651 1469 λυανθρώπου,
681 1402 745 1453 ὲκ
772 1400 871 1470 τῆς
911 1400 1260 1471 Ἰερουσαλὴμ
1292 1401 1750 1471 παραγενόμενον
1794 1402 1853 1454 οὐ

272 1490 383 1561 γάρ
439 1487 508 1561 ἦν
548 1492 681 1544 πολὺ
712 1491 771 1544 τὸ
810 1492 907 1561 τῆς
925 1490 1045 1544 ὁδοῦ
1086 1492 1363 1562 διάστημα
1391 1492 1450 1545 τὸ
1492 1492 1699 1546 κωλύον
1730 1495 1856 1557 τοὺς

276 1580 618 1643 ὲνδιαθέτους
644 1582 830 1650 φίλους
863 1583 1100 1635 συνεῖναι
1151 1585 1270 1643 ταῖς
1305 1583 1433 1653 περὶ
1453 1584 1550 1655 τὴν
1600 1585 1853 1655 Μάρθανο

278 1670 398 1741 ἦτοι
426 1673 656 1743 ἐπείπερ
698 1671 1019 1735 ἐξάκουστον
1048 1673 1240 1741 γέγονε
1265 1672 1326 1725 τὸ
1359 1672 1540 1744 θαῦμα
1570 1677 1628 1728 ὲν
1667 1679 1731 1747 τῇ
1766 1678 1857 1729 Ἱε-

279 1764 554 1834 ρουσαλὴμ
604 1763 750 1834 παρὰ
791 1766 923 1817 πᾶσι
968 1767 1061 1818 καὶ
1103 1766 1161 1818 ὲν
1200 1768 1265 1836 τῇ
1311 1767 1634 1838 περιχώρῳ,
1674 1769 1854 1839 τίθησι

271 1856 370 1925 τὴν
399 1856 595 1919 αἰτίαν,
622 1856 702 1908 ὅτι
748 1857 956 1910 πολλῶν
993 1857 1161 1911 ὄντων
1186 1859 1334 1922 ἐκεῖ,
1366 1858 1589 1922 εἰκότως
1612 1860 1856 1913 ἁπαντα-

271 1946 396 2014 χόσε
422 1946 630 2016 διεδόθη
657 1948 685 1999 6
720 1946 894 2015 λόγος·
925 1948 1034 2000 τῶν
1081 1948 1179 2018 μὲν
1215 1947 1619 2019 θαυμαζόντων,
1657 1950 1764 2003 τῶν
1796 1951 1853 2003 δὲ

268 2034 357 2088 διὰ
392 2028 585 2104 φθόνον
621 2039 922 2093 λαλούντων
948 2040 1008 2091 τὸ
1052 2040 1294 2109 γεγονὸς,
1330 2040 1466 2112 πρὸς
1507 2042 1567 2095 τὸ
1598 2042 1853 2115 διαϐολὴν

270 2131 492 2199 ποιῆσαι
520 2131 598 2201 τῷ
620 2131 857 2202 θαύματι
884 2132 971 2186 διὰ
994 2132 1515 2204 ψευδοκατηγορίας.

359 2301 427 2356 Ἢ
456 2298 574 2356 οὖν
608 2301 815 2370 Μάρθα
855 2302 931 2367 ὠς
964 2301 1230 2369 ἤκουσεν
1276 2302 1364 2355 ὅτι
1414 2302 1651 2369 Ἰησοῦς
1686 2302 1851 2372 ἔρχε-

271 2411 388 2461 ται,
423 2393 781 2462 ὑπήντησεν
805 2391 981 2457 αὐτῷ·
1003 2395 1196 2462 Μαρία
1223 2392 1291 2445 δὲ
1320 2394 1388 2446 ἐν
1410 2392 1489 2458 τῷ
1509 2394 1650 2460 οἴκῳ
1678 2396 1851 2450 ἐκαθ-

271 2485 457 2548 ἐζετοε

342 2577 496 2645 Τάχα
528 2576 584 2629 δὲ
620 2575 922 2646 θερμοτέρα
954 2576 1053 2645 μὲν
1086 2577 1120 2644 ἡ
1150 2574 1351 2645 Μάρθα
1375 2574 1509 2646 πρὸς
1539 2576 1600 2629 τὸ
1631 2577 1852 2648 ποιῆσαι

269 2669 338 2723 τὰ
375 2668 562 2721 δέοντα
586 2681 597 2693 ’
648 2667 731 2720 διὸ
764 2668 858 2719 καὶ
905 2665 1092 2737 πρώτη
1139 2668 1412 2736 ὑπήντησε
1439 2685 1452 2697 ·
1508 2669 1852 2738 συνετωτέρα

267 2761 327 2814 δὲ
352 2761 387 2831 ἠ
418 2759 602 2829 Μαρία
630 2776 643 2788 ·
698 2758 779 2811 διὸ
818 2757 893 2820 ὡς
918 2758 1389 2829 αἰσθητικωτέραν
1427 2758 1623 2827 ἔχουσα
1649 2758 1845 2831 ψυχὴν,

268 2848 480 2919 ἔμεινεν
526 2848 694 2911 οἶκοι,
742 2847 840 2908 τὰς
885 2848 947 2898 ὲκ
996 2846 1104 2898 τῶν
1152 2846 1660 2917 παραμυθουμένων
1694 2849 1846 2917 δεχο-

273 2941 406 3012 μένη
475 2938 787 3009 θεραπείας.
858 2939 922 2990 Ἠ
983 2937 1039 2990 δὲ
1106 2938 1303 3009 Μάρθα
1362 2939 1438 3002 ὡς
1506 2939 1847 3010 ἁπλουστέρα

269 3033 494 3103 έδραμε,
533 3029 806 3103 μεθύουσα
840 3029 936 3093 μὲν
969 3028 1046 3099 τῷ
1076 3029 1272 3097 πάθει,
1326 3031 1566 3102 φέρουσα
1602 3031 1659 3083 δὲ
1698 3032 1846 3102 ὅμως

271 3124 557 3187 νεανικῶς.

341 3218 534 3284 Κύριε,
574 3217 627 3269 εὶ
666 3208 740 3284 ἧς
789 3207 936 3276 ὦδε,
993 3216 1104 3268 οὐκ
1156 3214 1232 3268 ἂν
1257 3213 1553 3268 ἀπέθανεν
1589 3216 1621 3269 ὀ
1665 3213 1845 3269 ἀδελ-

270 3306 385 3375 ςρός
405 3324 543 3375 μου.

345 3401 410 3452 Ὂ
439 3399 583 3467 λέγει
614 3401 646 3469 ἡ
673 3399 897 3472 Μάρθα,
935 3396 1176 3451 τοιοῦτόν
1209 3398 1355 3450 ἐστιν
1380 3412 1393 3426 '
1440 3397 1514 3451 Οὐ
1542 3396 1629 3451 διὰ
1664 3398 1840 3463 τοῦτο,

268 3490 456 3559 φησὶν,
503 3489 769 3543 ἀπέθανεν
820 3489 848 3540 6
899 3486 1126 3556 ἀδελφός
1179 3503 1301 3556 μου,
1349 3487 1431 3539 ὅτι
1482 3487 1762 3541 ὑπόκειται
1809 3490 1842 3558 ἡ

264 3579 553 3650 ἀνθρώπου
584 3578 745 3649 φύσις
785 3578 860 3648 τῷ
890 3577 1124 3646 θανάτῳ,
1175 3576 1288 3629 ἀλλ’
1324 3576 1404 3628 ὅτι
1436 3577 1500 3628 σὺ
1540 3578 1598 3629 οὐ
1640 3578 1841 3648 παρῆς,

262 3673 293 3725 6
322 3672 412 3724 τὸν
446 3671 672 3726 θάνατον
699 3670 915 3738 νικῆσαι
943 3669 1235 3739 δυνάμενος
1258 3667 1345 3719 διὰ
1373 3668 1465 3720 τοῦ
1492 3669 1843 3739 προστάγμα-

263 3781 378 3828 τος.
411 3764 475 3816 '1‘
480 3764 547 3817 πὸ
579 3763 634 3815 δὲ
656 3764 754 3831 τῆς
792 3760 966 3828 λύπης
992 3759 1096 3826 ἔξω
1120 3756 1213 3811 τοῦ
1239 3761 1604 3831 προσήκοντος
1627 3761 1841 3814 πλανω-

269 3856 430 3928 μέντδ,
469 3853 682 3935 ἐνόμιζε
728 3851 922 3923 μηκέτι
967 3848 1221 3903 δύνασθαί
1265 3867 1316 3901 τι
1353 3851 1574 3919 ποιῆσαι
1612 3850 1700 3903 τὸν
1727 3851 1842 3903 Κύ-

267 3964 383 4019 ριον
410 3963 423 3976 ’
466 3945 542 4009 ὡς
579 3943 1026 4016 παραδραμόντος
1054 3940 1146 3993 τοῦ
1169 3940 1381 4013 καιροῦ,
1410 3942 1501 3995 καὶ
1523 3940 1655 4012 ῷετο
1680 3944 1843 3998 αὑτὸν

266 4036 722 4108 παραγεγονέναι,
751 4035 851 4088 οὐκ
878 4034 969 4085 ἐπὶ
991 4032 1069 4104 τῷ
1093 4033 1393 4103 ἀναστῆσαι
1426 4030 1694 4103 Λάζαρον,
1727 4034 1839 4086 ἀλλ’

266 4131 354 4183 ἵνα
393 4127 854 4200 παραμυθήσηται
902 4125 1092 4187 αὐτάς.
1143 4126 1356 4196 Ἠρέμα
1400 4125 1507 4195 γὰρ
1552 4123 1701 4195 αὐτῷ
1749 4126 1842 4179 καὶ

264 4219 647 4289 ὑπομέμφεται
680 4216 1022 4288 βραδύναντι.
1056 4216 1151 4269 καὶ
1182 4215 1255 4285 μὴ
1285 4215 1443 4277 εὐθὺς
1475 4214 1683 4268 ἐλθόντι
1716 4217 1840 4272 ὅταν

264 4311 494 4382 ἠδύνατο
525 4309 760 4381 βοηθεῖν,
796 4309 884 4361 ὅτε
918 4306 1243 4361 ἀπέστειλαν
1269 4306 1559 4374 λέγουσαι·
1612 4307 1836 4377 «Κύριε,

264 4403 341 4456 ἴδε
359 4403 416 4458 ὃν
433 4401 624 4471 φιλεῖς,
647 4399 882 4453 ἀσθενεῖ.
914 4417 932 4450 ι
960 4398 1031 4451 Τὸ
1047 4398 1103 4451 δὲ
1122 4396 1317 4465 λέγειν,
1353 4414 1372 4449 ‹
1401 4399 1540 4452 Ὅσα
1555 4398 1619 4452 ἂν
1640 4400 1840 4472 αἰτήσῃ

1957 576 2050 647 qui
2085 578 2302 647 lapsum
2341 577 2554 646 erigere
2588 576 2792 645 possit.

2024 668 2116 732 XI,
2156 667 2243 721 18.
2278 666 2411 719 Erat
2439 675 2611 720 autem
2648 666 2912 719 Bethania
2943 666 3153 743 distans
3178 667 3241 720 ab
3280 666 3537 723 Hieroso-

1958 760 2112 830 lymis
2145 756 2441 827 quindecim
2473 756 2676 811 stadia.

2026 849 2325 919 Propterea
2356 849 2523 903 etiam
2556 848 2796 919 spatium
2827 848 3041 903 dierum
3072 847 3209 903 dicit
3240 856 3366 919 post
3396 864 3538 904 mor-

1957 950 2064 997 tem
2098 941 2326 1007 Lazari,
2360 948 2420 994 ut
2461 941 2634 1010 magis
2669 940 3005 1011 stupendum
3047 941 3119 997 sit
3166 942 3532 1010 miraculum;

1924 1050 1925 1053 ‘
1957 1046 2058 1087 nec
2083 1032 2376 1102 quisquam
2406 1030 2548 1087 forte
2568 1032 2749 1097 dicat,
2774 1040 2897 1102 post
2925 1048 3094 1087 unum
3120 1033 3263 1088 diem
3293 1036 3533 1102 venisse,

1956 1139 2057 1178 nec
2090 1123 2261 1179 fuisse
2290 1129 2591 1187 mortuum,
2611 1124 2703 1178 sed
2735 1124 3001 1179 duntaxat
3031 1126 3378 1195 languentem
3410 1141 3537 1181 sus-

1957 1217 2178 1271 citasse.
2215 1215 2304 1268 Ait
2369 1224 2550 1270 autem
2580 1215 2786 1270 multos
2817 1216 2869 1270 in
2918 1216 3184 1272 Bethania
3225 1216 3402 1274 fuisse
3440 1217 3536 1273 Ju-

1959 1308 2108 1362 daeos
2140 1309 2232 1379 qui
2266 1308 2335 1363 ab
2363 1307 2671 1363 Jerusalem
2712 1307 3093 1363 advenerant:
3131 1310 3338 1380 alioqui
3385 1310 3534 1367 enim

1958 1399 2113 1454 locus
2162 1400 2252 1454 ille
2291 1414 2399 1453 non
2457 1399 2753 1455 admodum
2781 1400 3099 1457 hominibus
3120 1403 3401 1473 frequens,
3433 1419 3535 1459 nec

1960 1505 2155 1560 magna
2180 1490 2347 1545 etiam
2382 1498 2504 1544 erat
2530 1491 2886 1562 intercapedo
2912 1507 2974 1546 ac
3002 1493 3265 1547 distantia
3291 1511 3414 1565 qua:
3437 1496 3539 1551 im-

1960 1582 2173 1650 pediret
2205 1583 2503 1654 quominus
2566 1583 2731 1637 amici
2768 1584 2832 1638 ad
2869 1583 3141 1638 Martham
3177 1588 3532 1655 accederent;

1960 1673 2042 1727 vel
2079 1673 2337 1742 quoniam
2372 1681 2695 1743 pervaserat
2730 1674 2875 1728 fama
2905 1674 3158 1729 miraculi
3192 1690 3411 1730 omnem
3440 1676 3535 1732 Je-

1960 1765 2199 1820 rusalem
2251 1773 2305 1819 et
2366 1766 2824 1836 circumjacentia
2872 1767 3026 1833 loca;
3073 1767 3229 1837 ponit
3271 1783 3529 1834 causam,

1957 1856 2103 1926 quod
2139 1857 2328 1912 multis
2390 1857 2465 1912 ibi
2509 1857 2903 1913 exsistentibus
2948 1857 3311 1929 undequaque
3351 1859 3531 1915 disse-

1956 1947 2200 2003 minatus
2253 1956 2337 2004 est
2399 1963 2629 2004 sermo:
2690 1948 2812 2003 aliis
2868 1947 3092 2018 quidem
3152 1949 3528 2017 mirantibus,

1952 2040 2113 2110 681
2153 2041 2279 2096 aliis
2314 2055 2446 2095 vero
2482 2056 2582 2110 per
2615 2039 2881 2094 invidiam
2908 2040 3111 2094 factum
3138 2040 3529 2105 referentibus,

1954 2140 2014 2185 ut
2057 2148 2154 2202 per
2206 2132 2374 2187 falsas
2435 2131 2824 2186 accusationes
2878 2131 3147 2187 miraculo
3194 2132 3529 2187 calumniam

1954 2222 2292 2293 aﬂingerent.

2022 2310 2116 2375 XI,
2136 2312 2224 2368 ΞΟ.
2264 2313 2483 2368 Martha
2514 2314 2673 2385 igitur
2704 2322 2761 2367 ut
2782 2312 2988 2368 audivit
3019 2312 3157 2384 quod
3180 2311 3337 2369 Iesus
3369 2315 3530 2381 venit,

1953 2406 2182 2457 occurrit
2211 2406 2325 2469 illi;
2355 2405 2535 2460 Maria
2576 2423 2693 2461 vero
2726 2404 2871 2459 domi
2893 2405 3127 2460 sedebat.

2022 2490 2238 2546 Martha
2277 2494 2500 2564 quidem
2545 2484 2832 2565 aliquanto
2877 2494 3178 2550 ferventior
3223 2495 3292 2550 ad
3337 2511 3531 2553 neces-

1953 2584 2099 2639 saria
2128 2586 2415 2650 obeunda,
2449 2587 2572 2642 ideo
2603 2588 2780 2657 prima
2812 2588 2865 2641 in
2900 2602 3193 2642 occursum
3228 2590 3410 2656 venit;
3447 2591 3531 2645 in-

1954 2674 2288 2745 telligentior
2321 2686 2507 2732 autem
2542 2677 2711 2732 Maria
2735 2717 2748 2740 ,
2784 2678 3107 2748 habensque
3137 2681 3376 2734 animam
3406 2695 3530 2734 ma-

1948 2765 2089 2833 joris
2117 2782 2312 2821 sensus
2368 2782 2622 2838 capacem
2644 2810 2659 2835 ,
2691 2767 2840 2823 domi
2873 2772 3078 2825 mansit
3107 2771 3175 2825 ad
3206 2772 3530 2841 excipienda

1951 2854 2395 2909 consolationum
2445 2855 2640 2910 oﬂicia.
2689 2857 2901 2909 Martha
2939 2872 3068 2912 vero
3118 2868 3176 2912 ut
3223 2861 3531 2929 simplicior

1949 2944 2228 3011 cucurrit,
2264 2946 2419 3000 ebria
2455 2946 2679 3016 quidem
2713 2957 2768 3003 et
2802 2948 3035 3005 confusa
3080 2950 3267 3017 luctu,
3311 2952 3407 3008 sed
3448 2960 3530 3007 ta-

1948 3045 2073 3085 men
2107 3031 2288 3088 ferens
2318 3032 2556 3091 fortiter.

2022 3208 2113 3274 XI,
2149 3211 2238 3265 21.
2280 3210 2530 3280 Domine,
2556 3215 2606 3269 si
2633 3215 2715 3270 hic
2742 3215 2953 3285 fuisses,
2986 3236 3090 3275 non
3126 3232 3364 3279 mortuus
3391 3234 3528 3281 esset

1953 3302 2121 3370 frater
2152 3318 2317 3358 meus.

2023 3391 2176 3460 Quod
2208 3394 2341 3455 dicit
2372 3395 2581 3454 Martha
2608 3400 2879 3470 ejusmodi
2914 3411 2993 3459 esl
3028 3423 3039 3458 :
3071 3402 3190 3459 Non
3224 3405 3347 3461 ideo
3370 3448 3385 3471 ,
3419 3409 3525 3473 ait,

1955 3491 2208 3537 mortuus
2263 3493 2349 3539 est
2399 3485 2569 3542 frater
2608 3504 2799 3555 meus,
2853 3490 2981 3559 quia
3036 3498 3231 3545 natura
3283 3491 3526 3548 hominis

1952 3575 2507 3645 mortisubjacet,sed
2539 3580 2666 3649 quia
2690 3589 2746 3634 tu
2780 3597 2888 3635 non
2919 3583 3136 3646 aderas,
3157 3584 3249 3653 qui
3282 3585 3400 3639 solo
3423 3585 3527 3639 im-

1952 3668 2106 3736 perio
2138 3680 2367 3723 mortem
2402 3671 2616 3725 vincere
2646 3679 2824 3739 potes.
2858 3670 2975 3727 Prae
3008 3672 3194 3729 dolore
3215 3690 3345 3730 vero
3368 3684 3526 3731 extra

1951 3764 2187 3819 rationis
2215 3763 2351 3817 fines
2379 3770 2602 3832 evagata
2628 3762 2905 3817 existimat
2934 3765 3069 3818 nihil
3114 3766 3350 3835 amplius
3385 3782 3525 3837 pra:-

1952 3865 2103 3914 stare
2134 3871 2300 3925 posse
2337 3854 2663 3920 Dominum,
2697 3865 2961 3926 tanquam
2987 3858 3173 3927 elapsa
3200 3858 3522 3927 occasione,

1950 3949 2284 4020 putabatque
2312 3949 2495 4017 ipsum
2528 3948 2751 4003 venisse
2782 3964 2889 4003 non
2922 3949 2987 4003 ad
3015 3951 3389 4007 suscitandum
3419 3952 3523 4007 La-

1950 4054 2174 4103 zarum,
2209 4038 2302 4094 sed
2343 4036 2410 4091 ad
2457 4037 2605 4107 ipsas
2647 4038 3038 4094 consolandas.
3093 4037 3158 4094 Et
3207 4043 3370 4099 tacite
3400 4045 3526 4114 qui-

1949 4131 2070 4186 dem
2096 4131 2143 4185 ei
2173 4135 2464 4186 succenset
2490 4138 2755 4198 tanquam
2789 4129 3020 4185 nimium
3052 4140 3289 4196 morato,
3324 4144 3378 4189 et
3409 4150 3523 4190 non

1949 4224 2135 4280 statim
2169 4221 2421 4293 profecto
2451 4235 2575 4275 cum
2614 4221 2873 4275 auxiliari
2911 4229 3181 4290 potestate
3206 4263 3220 4289 ,
3255 4239 3379 4281 cum
3419 4228 3521 4283 mi-

1948 4320 2137 4370 serant
2189 4312 2439 4367 adaeum
2496 4310 2784 4365 dicentes:
2830 4329 2848 4362 ι
2879 4309 3142 4376 Domine,
3178 4326 3305 4366 ecce
3354 4328 3517 4383 quem

1948 4420 2100 4461 amas
2130 4405 2377 4474 languet.
2411 4421 2430 4455 ›
2460 4400 2650 4457 Dicere
2672 4416 2819 4467 vero,
2848 4420 2866 4453 ι
2889 4401 3161 4473 Quidquid
3196 4405 3521 4474 poposceris

263 4494 353 4548 τὸν
395 4494 550 4555 Θεὸν,
598 4492 760 4546 δώσει
792 4508 895 4557 σοι,
930 4509 948 4542 ι
996 4489 1411 4560 ὑπερυθριώσης
1440 4488 1557 4543 ἐστὶ
1592 4490 1840 4562 φανερῶς

1950 4495 2144 4558 Deum,
2164 4495 2340 4558 dabit,
2364 4514 2381 4545 ι
2407 4493 2790 4549 erubescentis
2822 4501 2908 4548 est
2937 4502 3122 4562 petere
3150 4501 3340 4565 aperte
3369 4498 3517 4564 quod

262 4586 484 4657 αἰτῆσαι
518 4584 548 4638 ὃ
584 4583 833 4655 βούλεται
855 4598 867 4611 ⁸
917 4584 1065 4652 ὅμως
1101 4580 1392 4650 σφάλλεται
1424 4581 1552 4653 περὶ
1577 4581 1674 4650 τὴν
1707 4582 1840 4654 ἀλή-

262 4680 437 4745 θειαν,
482 4678 580 4748 οὐχ
626 4676 701 4741 ὡς
751 4673 870 4745 Θεῷ
910 4672 1288 4742 διαλεγομένη,
1335 4671 1449 4725 ἀλλ’
1500 4671 1574 4735 ὡς
1618 4674 1696 4726 ένὶ
1737 4672 1842 4727 τῶν

260 4772 458 4839 ἁγίων,
499 4769 588 4823 διὰ
616 4769 713 4840 τὴν
740 4767 1025 4839 ὁρωμένην
1049 4764 1251 4834 σάρκα,
1274 4762 1494 4834 οἰομένη
1524 4764 1605 4816 ὅτι
1641 4764 1739 4817 ὅσα
1775 4763 1842 4818 ἂν

260 4865 462 4935 αἰτήσῃ
510 4862 585 4926 ὼς
614 4862 790 4931 ἆγιος,
820 4859 1085 4930 λαμϐάνει
1110 4857 1219 4911 άπὸ
1256 4854 1413 4920 Θεοῦ,
1455 4855 1516 4909 οὺ
1549 4857 1645 4925 μὲν
1670 4856 1841 4909 εἰδυῖα

260 4962 343 5015 ὃτι
384 4958 544 5029 φύσει
574 4957 705 5019 Θεὸς
733 4954 808 5009 ὣν
842 4955 935 5009 καὶ
959 4952 1190 5022 δύναμις
1219 4950 1313 5005 τοῦ
1351 4948 1586 5020 Πατρὸς,
1629 4950 1841 5019 ἄμαχον

260 5053 375 5123 ἔχει
403 5049 499 5121 τὴν
529 5050 621 5102 ἐπὶ
646 5049 811 5101 πᾶσιν
844 5046 1015 5115 ἰσχύν.
1069 5044 1127 5096 Εἰ
1160 5044 1275 5115 ᾔδει
1321 5043 1430 5113 γὰρ
1478 5042 1559 5095 ὅτι
1591 5040 1722 5102 Θεὸς
1750 5036 1838 5111 ἦν,

262 5145 361 5198 οὐκ
382 5142 448 5196 ἂν
474 5137 648 5205 εἶπεν,
676 5140 757 5192 ὅτι
786 5157 803 5189 ι
827 5138 890 5190 Εἰ
919 5134 985 5207 ἧς
1016 5131 1137 5189 ὧδεο
1173 5155 1189 5186 ι
1214 5138 1241 5188 6
1274 5132 1382 5204 γὰρ
1409 5132 1538 5195 Θεὸς
1565 5129 1835 5200 πανταχοῦ

259 5239 431 5289 ἐστιν.
473 5232 533 5285 Ὀ
569 5231 752 5302 μέντοι
797 5228 1024 5300 Κύριος,
1073 5227 1159 5281 διὰ
1208 5227 1268 5280 τὸ
1313 5224 1706 5293 ἁφιλόκομπον,
1741 5220 1840 5275 οὐκ

259 5322 437 5390 εἶπεν,
455 5322 661 5395 Ἐγερῶ
672 5322 762 5375 τὸν
775 5321 1000 5388 ἀδελφόν
1015 5338 1131 5381 σου,
1155 5318 1312 5382 ἀλλὰ,
1337 5336 1355 5369 ι
1392 5318 1798 5387 Ἀναστήσεταιο
1814 5335 1830 5366 ι

262 5416 544 5491 μονονουχὶ
563 5415 746 5485 ἡρέμα
776 5412 944 5482 αὐτὴν
970 5411 1227 5482 ἐλέγχων,
1244 5410 1338 5462 καὶ
1362 5409 1557 5477 λέγων·
1591 5408 1836 5459 Ἀνίστα-

260 5524 350 5561 ται
378 5506 475 5577 μὲν
509 5503 689 5567 καθὼς
724 5501 921 5573 βούλει,
954 5501 1095 5572 πλὴν
1138 5501 1234 5569 οὐχ
1265 5500 1339 5562 ὡς
1376 5500 1438 5551 σὺ
1466 5498 1727 5567 νομίζεις.
1772 5497 1837 5551 Ei

258 5600 371 5670 γὰρ
393 5597 493 5651 οἴει
532 5596 596 5649 δι’
627 5596 791 5665 εὐχῆς
828 5595 920 5647 καὶ
958 5594 1224 5673 αἰτήσεως
1260 5590 1417 5644 τοῦτο
1452 5590 1728 5655 ἀνύεσθαι,
1770 5590 1834 5642 σὺ

263 5692 407 5747 ποίει
435 5690 496 5745 τὸ
533 5691 632 5760 τῆς
661 5687 848 5758 εὐχῆς,
892 5686 966 5756 μὴ
1005 5685 1108 5757 μὴν
1146 5686 1271 5755 ἐμοὶ
1302 5684 1557 5737 ἐπίταττε
1600 5682 1677 5753 τῷ
1707 5681 1837 5735 θαυ-

265 5780 578 5855 ματουργῷ,
613 5780 671 5844 ὃς
710 5777 1037 5861 δύναμαιτῇ
1080 5777 1185 5847 ἰδίᾳ
1237 5774 1838 5861 ἱσχύῖᾉνάναστῆσραιῳτὸν

1946 4588 2116 4641 velit:
2173 4594 2354 4639 tamen
2410 4585 2631 4639 aberrat
2685 4599 2714 4637 a
2771 4584 3046 4651 veritate,
3095 4600 3205 4640 non
3255 4592 3516 4655 tanquam

1946 4676 2153 4742 Deum,
2189 4675 2285 4732 sed
2339 4683 2598 4746 tanquam
2654 4691 2821 4730 unum
2869 4686 3187 4731 sanctorum
3231 4677 3516 4744 alloquens

1946 4774 2173 4837 prapter
2220 4778 2443 4820 carnem
2470 4779 2635 4835 quam
2682 4764 2931 4829 videbat,
2972 4773 3091 4819 rata
3122 4764 3387 4835 quidquid
3421 4780 3516 4835 pe-

1946 4864 2084 4911 teret
2115 4863 2171 4909 ut
2205 4864 2433 4910 sanctus
2454 4893 2468 4919 ,
2507 4870 2537 4909 a
2577 4854 2688 4909 Deo
2716 4865 3069 4924 accepturum
3102 4870 3258 4923 esse,
3292 4855 3515 4911 minime

1943 4946 2163 5016 quidem
2196 4960 2369 5019 gnara
2406 4945 2573 5001 Deum
2608 4955 2804 5001 natura
2836 4960 2959 5000 esse
3000 4954 3054 5001 et
3090 4946 3270 5003 Patris
3323 4956 3519 5018 poten-

1944 5039 2111 5103 tiam,
2163 5039 2480 5110 invictaque
2531 5037 2586 5091 in
2631 5036 2890 5092 omnibus
2921 5036 2971 5091 vi
3005 5037 3229 5107 pollere.
3280 5037 3337 5094 Si
3369 5041 3513 5095 enim

1900 5166 1905 5184 .
1943 5130 2197 5185 scivisset
2229 5128 2395 5184 Deum
2423 5145 2576 5193 esse,
2604 5142 2713 5181 non
2740 5127 2975 5183 dixisset
2996 5146 3008 5183 :
3032 5128 3122 5182 «Si
3145 5130 3235 5185 hic
3254 5128 3508 5193 fuisses,»

1943 5221 2089 5277 Deus
2118 5222 2262 5276 enim
2310 5221 2513 5290 ubique
2544 5228 2650 5275 est.
2684 5222 2976 5275 Enimvero
3010 5219 3296 5287 Dominus,
3326 5232 3385 5277 ut
3418 5225 3511 5293 qui

1941 5315 2092 5366 omni
2122 5312 2389 5381 jactantia
2421 5318 2668 5377 careret,
2706 5328 2813 5366 non
2859 5311 3033 5366 dixit:
3068 5311 3364 5369 Suscitabo
3398 5312 3511 5367 fre.

1940 5409 2080 5459 trem
2113 5411 2265 5455 tuum
2298 5417 2312 5465 ;
2360 5401 2452 5455 sed
2487 5420 2505 5452 ι
2533 5401 2802 5471 Resurget
2829 5441 2842 5465 ,
2877 5422 2894 5453 ι
2927 5404 3322 5473 propemodum
3362 5404 3507 5459 illam

1928 5494 1998 5549 in
2029 5494 2249 5548 occulto
2282 5491 2635 5564 redarguens,
2664 5503 2718 5549 et
2744 5493 2970 5549 dicens:
2996 5493 3257 5565 Resurgit
3287 5494 3513 5564 quidem

1938 5584 2399 5657 quemadmodum
2431 5587 2514 5642 vis
2536 5628 2549 5652 ,
2583 5587 2675 5643 scd
2705 5602 2813 5641 non
2842 5586 3294 5657 quemadmodum
3322 5593 3505 5655 putas.

1942 5681 2000 5737 Si
2035 5682 2182 5737 enim
2209 5682 2389 5738 credis
2423 5698 2520 5754 per
2551 5698 2741 5753 preces
2766 5690 2821 5736 et
2854 5681 3165 5751 rogationes
3199 5678 3251 5731 id
3287 5674 3503 5746 perfici,

1939 5782 1997 5830 tu
2046 5789 2204 5832 sume
2247 5775 2347 5830 tibi
2393 5783 2577 5845 partes
2613 5772 2843 5839 orandi,
2894 5787 2965 5828 ne
3001 5785 3131 5827 vero
3179 5767 3312 5823 mihi
3364 5782 3506 5839 pra-
