4144 6484
620 370 690 425 Π
1645 360 1701 415 S.
1743 353 2019 413 CYRILLI
2058 349 2528 410 ALEXANDRINI
2565 346 2881 406 ARCHIEP.

3825 339 3900 395 48

622 483 803 541 scribe
823 480 1217 536 miraculorum
1239 474 1440 533 {actori
1460 514 1475 540 ,
1506 474 1600 546 qui
1634 488 1860 544 possum
1897 472 2118 543 propria
2156 471 2208 526 vi

2325 471 2523 543 βικρόν.
2552 466 2736 521 Ταῦτα
2766 465 3045 520 ἀκούσασα
3070 464 3103 533 ἡ
3145 461 3305 531 γυνὴ,
3350 460 3445 514 καὶ
3474 458 3765 530 αίδουμένη
3797 458 3900 529 μὲν

625 580 899 630 mortuum
945 572 1241 626 suscitare.
1281 567 1408 623 Ilaec
1438 582 1560 623 eum
1591 564 1865 619 audiisset
1898 563 2115 627 mulier,
2149 570 2205 618 et

567 682 578 735 ς
623 666 798 718 verita
839 663 1059 718 dicere:
1099 660 1257 716 Nunc
1298 660 1477 731 ipsum
1521 655 1755 722 suscita,
1782 653 2204 725 quodammodo

626 756 864 810 incitans
898 769 1024 808 eum
1068 751 1137 807 ad
1171 766 1287 806 rem
1323 747 1745 820 aggrediendam
1781 744 2207 817 perficiendam-

624 860 730 915 que
765 846 982 899 videtur
1016 840 1230 897 tristari
1258 840 1425 911 382
1458 838 1534 892 ob
1571 836 2033 907 longinquitatem
2066 843 2206 890 tem-

628 938 815 1005 poris,
852 936 1150 1006 inquiens:
1183 952 1203 984 σ
1235 931 1364 987 Scio
1406 930 1552 999 quod
1602 935 1863 999 resurget
1913 928 1969 981 in
2010 926 2205 981 ultima

626 1030 747 1092 die,
784 1048 802 1080 ι
830 1028 922 1083 sed
954 1033 1079 1081 ante
1122 1032 1341 1094 tempus
1369 1036 1627 1092 cuperem
1656 1018 1845 1075 videre
1876 1017 2065 1072 fratris
2099 1016 2206 1071 mei

629 1121 1112 1178 resurrectionem.
1172 1116 1302 1172 Sive
1343 1131 1471 1171 eum
1513 1114 1781 1169 Dominus
1809 1111 2047 1167 dixisset
2076 1109 2204 1175 hoc,

634 1212 937 1282 .Resurget
974 1210 1139 1264 frater
1170 1217 1356 1275 tuus,i
1381 1216 1592 1261 tantum
1614 1220 1725 1260 non
1753 1203 2054 1259 assentilur
2076 1200 2208 1256 huic

627 1303 867 1374 dogmati
903 1301 1125 1365 mulier,
1162 1299 1389 1355 dicens:
1423 1297 1552 1352 Scio
1583 1295 1708 1358 hoc,
1742 1294 1914 1348 credo
1938 1293 2085 1364 quod
2118 1307 2211 1345 ve-

630 1399 744 1452 niet
777 1397 933 1458 hora,
960 1402 1015 1449 et
1045 1391 1400 1462 egredientur
1428 1389 1523 1460 qui
1552 1390 1693 1443 bona
1724 1387 2001 1451 fecerunt,
2025 1384 2092 1440 ad
2124 1398 2212 1438 re-

630 1489 1034 1544 surrectionem
1078 1486 1232 1546 vitae,
1278 1484 1373 1554 qui
1420 1497 1553 1537 vero
1606 1481 1753 1535 mala
1795 1486 2208 1551 perpetrarunt,

630 1581 699 1637 ad
737 1578 1204 1635 resurrectionem
1233 1575 1430 1647 judicii
1458 1576 1527 1630 ⁸⁷.
1565 1573 1836 1628 Similiter
1865 1579 1921 1628 et
1947 1570 2122 1626 Isaias
2153 1570 2208 1625 in

632 1672 842 1744 Spiritu
872 1672 1014 1727 dixit
1044 1689 1057 1725 :
1098 1688 1115 1721 ι
1145 1667 1457 1739 Resurgent
1490 1665 1784 1731 mortui,et
1817 1663 2214 1720 excitabuntur

631 1768 725 1837 qui
750 1774 876 1822 sunt
894 1765 946 1821 in
975 1762 1347 1819 monumentis
1363 1762 1428 1817 ⁸⁸.
1443 1780 1460 1814 ι
1477 1759 1594 1816 Non
1618 1760 1763 1815 enim
1784 1758 2211 1815 resurrectionis

633 1858 874 1915 sermoni
911 1856 1066 1912 (idem
1102 1871 1210 1910 non
1243 1854 1453 1920 habeo,
1490 1852 1660 1907 veluti
1694 1851 2004 1908 Sadducaei.

701 1949 807 2014 XI,
849 1950 941 2005 25.
999 1949 1146 2003 Dixit
1189 1948 1236 2001 ei
1271 1946 1467 2001 Iesus:
1500 1944 1609 2015 Ego
1656 1961 1773 1997 sum
1818 1943 2136 1998 resurrectio
2165 1951 2214 1995 et

631 2048 758 2107 vita,
791 2052 901 2099 etc.

700 2136 936 2192 Prorsus
964 2132 1324 2188 honorarium
1350 2136 1405 2185 et
1435 2127 1655 2184 fructus
1688 2126 1813 2182 tidei
1843 2126 1897 2180 in
1927 2122 2213 2180 Christum

632 2239 720 2285 est
750 2229 863 2282 vita
902 2226 1273 2296 sempiterna,
1304 2231 1359 2278 et
1386 2236 1498 2276 non
1533 2222 1695 2275 aliter
1724 2219 1831 2274 hoc
1860 2216 2083 2272 advenit
2114 2217 2214 2270 ho-

633 2321 803 2377 minis
837 2318 1056 2373 animze.
1087 2314 1143 2369 Si
1171 2314 1318 2370 enim
1349 2321 1572 2384 propter
1597 2310 1884 2366 Christum
1910 2322 2106 2365 omnes
2132 2322 2219 2361 re-

634 2413 914 2485 surgimus
935 2451 948 2475 ,
981 2410 1096 2464 haec
1127 2406 1378 2478 profecto
1422 2420 1552 2460 vera
1604 2404 1715 2458 vita
1752 2412 1837 2459 est
1866 2402 1990 2458 sine
2026 2401 2132 2455 ﬁne
2162 2399 2217 2454 in

634 2505 980 2564 beatitudine
1010 2503 1196 2556 vivere
1223 2517 1237 2553 :
1268 2498 1408 2553 nihil
1442 2498 1589 2554 enim
1620 2495 1801 2552 diﬂert
1829 2510 1859 2549 a
1890 2501 2101 2556 morte,
2130 2507 2220 2548 re-

635 2611 860 2669 surgere
886 2594 1155 2650 duntaxat
1182 2590 1247 2645 ad
1279 2604 1521 2661 poenam.
1553 2586 1610 2641 Si
1640 2587 1813 2658 igitur
1840 2585 1989 2640 videt
2012 2582 2218 2654 aliquis

632 2702 686 2747 et
714 2696 937 2745 sanctos
966 2684 1268 2739 morientes
1292 2723 1307 2749 ,
1337 2681 1431 2750 qui
1466 2678 1925 2751 pollicitationem
1963 2678 2090 2730 vitae
2122 2690 2216 2729 ac-

632 2785 937 2853 ceperunt,
973 2776 1112 2832 nihil
1154 2776 1262 2829 hoc
1294 2780 1382 2829 est
1410 2812 1426 2837 ,
1475 2779 1528 2827 et
1576 2778 1792 2826 tantum
1825 2777 1912 2825 est
1943 2776 2218 2840 quatenus

637 2871 857 2929 accidit.
891 2868 1164 2924 Czeterum
1213 2864 1415 2920 idoneo
1454 2861 1689 2931 tempori
1736 2858 1927 2931 gratiae
1971 2856 2220 2912 ostensio

626 2971 974 3029 reservatur,
1004 2974 1127 3031 quae
1164 2973 1276 3013 non
1317 2956 1371 3011 in
1401 2954 1678 3026 aliquibus
1721 2953 1974 3024 partibus
2008 2950 2217 3015 valeat,

640 3057 734 3113 sed
763 3056 819 3111 in
861 3053 1124 3109 omnibus
1157 3050 1533 3113 continenter,
1568 3046 1747 3116 iisque
1781 3046 1876 3117 qui
1908 3044 2020 3115 jam
2058 3049 2222 3097 antea

2306 566 2501 628 εἰπεῖν,
2522 563 2604 617 ὅτι
2627 561 2737 615 Νῦν
2761 558 2924 613 αὐτὸν
2950 556 3277 627 ἀνάστησον,
3299 553 3500 622 τρόπον
3521 553 3577 607 δέ
3601 570 3725 610 τινα
3755 570 3900 624 παρ’

2306 655 2570 720 οξύνουσα
2604 652 2766 707 αὑτὸν
2801 652 2882 713 είς
2924 648 2985 703 τὸ
3014 648 3238 718 ποιῆσαι
3280 645 3376 699 νῦν
3421 645 3483 699 τὸ
3524 644 3719 715 ἔργον,
3753 645 3905 699 δοκεῖ

2308 764 2425 811 πως
2454 746 2745 817 ἀδημονεῖν
2783 741 2913 814 περὶ
2948 740 3048 811 τήν
3080 738 3392 811 βραδύτητα
3422 735 3519 791 τοῦ
3550 737 3767 808 χρόνου,
3803 735 3901 791 λέ-

2308 855 2481 907 γουσα
2508 855 2521 868 '
2565 833 2726 891 ιοῖδα
2747 838 2829 890 ὅτι
2858 834 3225 905 ἀναστήσεται
3247 833 3306 885 ὲν
3328 833 3395 902 τῇ
3425 829 3632 903 ἐσχάτῃ
3655 828 3895 901 ἡμέρᾳ.»

2307 931 2445 985 ἀλλά
2476 931 2726 1003 πρόωρον
2760 928 2886 981 ἰδεῖν
2936 923 3190 994 ἐπιθυμῶ
3223 922 3323 992 τὴν
3356 920 3451 975 τοῦ
3498 918 3729 990 ἀδελφοῦ
3763 919 3901 974 ἀνά-

2310 1042 2517 1081 στασιν.
2538 1024 2697 1076 Ἤτοι
2720 1021 2815 1074 τοῦ
2843 1018 3046 1090 Κυρίου
3074 1016 3323 1078 εἰπόντος
3351 1013 3435 1081 τὸ,
3461 1032 3479 1065 ι
3504 1013 3900 1082 ’Δναστήσεται

2310 1120 2338 1171 6
2358 1116 2585 1185 ἀδελφός
2621 1132 2736 1178 σου,
2764 1133 2779 1166 ι
2812 1110 3096 1183 μονονουχὶ
3113 1109 3353 1163 συναινεῖ
3368 1105 3445 1175 τῷ
3460 1105 3693 1175 δόγματι
3723 1101 3903 1171 τούτῳ

2310 1211 2344 1280 ή
2374 1208 2511 1278 γυνὴ
2536 1206 2769 1274 λέγουσα
2798 1220 2810 1234 ·
2845 1199 2977 1256 Οἶδα
3004 1200 3162 1257 τοῦτο
3188 1216 3199 1229 ·
3229 1196 3473 1253 πιστεύω
3497 1196 3607 1267 γὰρ
3634 1195 3716 1249 ὅτι
3743 1193 3901 1265 ἔρχεο

2311 1316 2398 1352 ται
2429 1298 2568 1370 ῶρα,
2604 1296 2699 1349 καὶ
2733 1294 3105 1360 ἐξελεύσονται
3148 1293 3201 1343 οἱ
3244 1290 3315 1344 τά
3342 1288 3525 1357 ἀγαθά
3551 1288 3899 1359 ποιήσαντες,

2312 1390 2392 1453 είς
2419 1389 2712 1442 ἀνάστασιν
2741 1385 2885 1455 ζωῆς
2909 1401 2924 1415 ·
2968 1387 3017 1438 οἱ
3053 1384 3110 1437 δὲ
3143 1382 3213 1439 τὰ
3243 1382 3426 1451 φαῦλα
3459 1379 3786 1451 πράξαντες,
3818 1378 3902 1439 είς

2314 1484 2611 1537 ἀνάστασιν
2662 1479 2899 1551 κρίσεως
2951 1477 3195 1548 (ὁμοίως
3244 1476 3303 1530 δὲ
3350 1474 3446 1529 καὶ
3488 1474 3516 1525 6
3561 1472 3789 1533 Ἡσαΐας
3838 1470 3903 1522 έν

2315 1573 2594 1644 Πνεύματι
2643 1569 2794 1625 εἷπεν
2819 1589 2832 1602 ·
2886 1590 2904 1622 ι
2946 1569 3369 1639 Ἀναστήσονται
3421 1565 3473 1618 οί
3530 1562 3756 1634 νεκροὶ,
3804 1560 3905 1614 καὶ

2316 1665 2705 1738 ἐγερθήσονται
2730 1664 2778 1715 οἱ
2811 1663 2868 1715 ὲν
2887 1663 2999 1724 τοῖς
3033 1657 3319 1730 μνημείοις
3338 1674 3351 1687 ·
3381 1675 3399 1709 ι
3423 1656 3441 1725 )
3462 1654 3523 1708 ού
3558 1653 3667 1725 γὰρ
3683 1650 3906 1708 ἀπιστῶ

2314 1756 2395 1828 τῷ
2420 1758 2521 1828 τῆς
2550 1753 2898 1816 ἀναστάσεως
2933 1750 3100 1821 λόγῳ,
3135 1749 3211 1812 ὡς
3236 1748 3286 1800 οί
3319 1745 3687 1800 Σαδδουκαῖοι.

2387 1940 2576 1995 Εἶπεν
2605 1936 2759 2005 αὐτῇ
2798 1937 2831 1991 ό
2867 1932 3108 2002 Ἰησοῦς
3126 1948 3139 1963 ⁸
3181 1930 3327 2000 Ἐγώ
3353 1932 3469 2000 ειμι
3500 1928 3538 1996 ἡ
3566 1926 3908 1993 ἀνάστασις

2316 2032 2417 2087 καὶ
2440 2034 2481 2100 ἡ
2507 2030 2618 2096 ζωή
2639 2047 2653 2059 ’
2699 2029 2795 2083 καὶ
2817 2027 2887 2081 τά
2913 2027 3061 2096 ἑξῆς.

2388 2117 2615 2189 Καρπὸς
2644 2133 2709 2186 γε
2734 2114 2840 2187 μὴν
2868 2115 2963 2168 καὶ
2989 2111 3127 2183 τιμὴ
3150 2111 3251 2182 τῆς
3278 2113 3359 2175 είς
3379 2111 3615 2182 Χριστὸν
3640 2112 3905 2175 πίστεως,

2318 2211 2349 2279 ή
2387 2208 2603 2271 αἰώνιος
2636 2206 2769 2277 ζωὴ,
2802 2206 2896 2261 καὶ
2921 2206 3022 2258 οὐκ
3073 2203 3247 2265 ἄλλως
3275 2202 3627 2274 προσγίνεται
3653 2200 3810 2255 τοῦτο
3832 2204 3907 2273 τῇ

2317 2300 2411 2354 τοῦ
2458 2299 2747 2371 ἀνθρώπου
2795 2298 2965 2368 ψυχῇ.
3015 2297 3077 2350 Εἰ
3131 2295 3242 2365 γὰρ
3284 2293 3371 2348 διὰ
3419 2294 3655 2366 Χριστὸν
3700 2293 3907 2357 πάντες

2319 2392 2681 2464 ἀνιστάμεθα,
2733 2390 2871 2444 ἀλλά
2905 2389 3018 2460 ζωὴ
3068 2388 3208 2457 αὕτη
3246 2387 3401 2441 ἐστὶν
3432 2385 3660 2457 ἀληθής,
3693 2384 3757 2438 τδ
3782 2386 3909 2439 ἀτε-

2319 2486 2592 2556 λευτήτως
2640 2485 2696 2537 ὲν
2735 2481 3099 2553 μακαριότητι
3148 2478 3246 2550 ζῇν
3273 2493 3287 2507 ⁸
3338 2478 3490 2531 οὐδὲν
3514 2476 3625 2547 γὰρ
3653 2475 3909 2546 διαφέρει

2320 2579 2575 2641 Θανάτου,
2600 2576 2661 2629 τὸ
2689 2577 2771 2640 είς
2797 2574 3020 2629 κόλασιν
3044 2571 3339 2626 ἀναϐιῶναι
3378 2570 3561 2640 μόνον.
3598 2570 3662 2641 ει
3687 2564 3780 2625 οὖν
3803 2569 3910 2639 ὁρᾷ

2318 2688 2405 2734 τις
2435 2671 2531 2724 καὶ
2567 2670 2695 2732 τοὺς
2738 2666 2927 2736 ἁγίους
2956 2666 3290 2735 θνήσκοντας
3328 2662 3457 2726 τοὺς
3485 2660 3750 2725 λαϐόντας
3776 2661 3911 2715 ὐπο-

2323 2762 2536 2833 σχέσεις
2588 2760 2755 2830 ζωῆς,
2805 2758 2957 2812 οὐδὲν
3005 2756 3187 2809 τοῦτο’
3242 2755 3401 2826 μόνον
3432 2753 3543 2823 γὰρ
3573 2753 3698 2806 ὅσον
3738 2754 3818 2815 είς
3844 2752 3916 2803 τὸ

2324 2853 2598 2926 συμϐῆναι
2626 2852 2855 2923 γίνεται.
2897 2848 3089 2920 Καιρῷ
3118 2848 3177 2902 δὲ
3206 2846 3284 2918 τῷ
3313 2846 3579 2919 πρέποντι
3611 2844 3912 2916 τετήρηται

2322 2946 2357 3015 ή
2385 2943 2483 3013 τῆς
2520 2942 2741 3013 χάριτος
2787 2940 3073 3004 ἀνάδειξις,
3122 2938 3184 2991 οὐ
3222 2936 3363 2990 κατὰ
3411 2935 3575 3008 μέρος
3624 2933 3910 3005 ἰσχύουσα,

2322 3035 2437 3089 ἀλλ’
2465 3037 2522 3089 ὲν
2551 3035 2688 3088 πᾶσι
2717 3032 2981 3106 διηνεκῶς
3027 3031 3123 3084 καὶ
3164 3031 3277 3093 τοῖς
3307 3029 3408 3099 ήδη
3438 3025 3915 3099 προαποθανοῦσιν

639 3165 670 3203 e
700 3149 811 3203 vita
843 3144 1214 3207 excesserint,
1258 3148 1475 3212 gustata
1512 3138 1769 3195 nonnihil
1822 3143 2003 3192 morte
2046 3148 2222 3205 usque

2325 3129 2502 3199 ἁγίοις
2530 3126 2664 3199 πρὸς
2685 3126 2865 3195 ὀλίγον
2887 3122 3251 3195 γευσαμένοις
3278 3120 3373 3176 τοῦ
3405 3120 3658 3185 θανάτου,
3684 3118 3791 3183 ἕως
3811 3118 3917 3188 τῆς

640 3238 709 3295 ad
774 3250 1125 3294 communem
1184 3231 1673 3289 resurrectionem.
1738 3226 1896 3283 Tunc
1955 3227 2101 3282 enim
2164 3226 2222 3279 in

2326 3224 2512 3293 κοινῆς
2555 3220 2924 3283 ἀναστάσεως.
2976 3216 3112 3269 Τότε
3168 3213 3276 3285 γὰρ
3320 3212 3519 3276 κοινῶς
3568 3211 3769 3275 πάντες
3802 3209 3917 3263 τῶν

640 3342 933 3385 commune
972 3340 1165 3381 omnes
1203 3323 1364 3379 bonis
1402 3320 1679 3377 fruentur.
1718 3317 1856 3373 Cum
1896 3332 2029 3373 vero
2081 3315 2225 3370 dixit

643 3422 948 3478 Servator:
982 3437 1000 3470 ι
1035 3415 1092 3471 Si
1137 3423 1393 3470 mortuus
1448 3412 1652 3478 fuerit,
1684 3411 1868 3475 vivet,
1902 3430 1921 3463 ι
1953 3424 2063 3464 non
2100 3424 2227 3464 sus-

647 3514 775 3570 tulit
830 3528 895 3567 ex
950 3512 1054 3565 hoc
1090 3507 1293 3564 saeculo
1338 3512 1612 3569 mortem,
1654 3503 1753 3557 sed
1802 3509 2035 3556 eatenus
2075 3501 2224 3555 illam

645 3618 809 3676 posse
849 3600 1114 3656 adversus
1153 3598 1346 3654 lideles
1384 3596 1670 3668 permisit,
1706 3600 1984 3665 quatenus
2014 3601 2225 3648 tantum

643 3693 893 3757 accidat,
937 3707 1038 3747 suo
1069 3691 1215 3745 enim
1258 3688 1492 3757 tempori
1524 3686 1955 3743 resurrectionis
1990 3685 2224 3756 gratiam

646 3784 969 3841 reservavit.
1004 3783 1093 3836 Ait
1133 3795 1303 3852 ergo:
1336 3777 1455 3832 Non
1492 3776 1602 3833 erit
1647 3775 1913 3830 immunis
1971 3790 2000 3827 a
2049 3782 2228 3829 morte

644 3878 831 3934 carnis
866 3882 1088 3946 propter
1126 3871 1498 3927 conditionem
1552 3868 1807 3922 humana:
1847 3873 2094 3933 natura,
2136 3864 2228 3934 qui

645 3972 702 4028 in
763 3985 849 4025 me
902 3966 1121 4031 credit;
1174 3971 1549 4018 verumtamen
1610 3959 1749 4012 nihil
1804 3956 1931 4011 inde
1988 3955 2230 4025 patietur

646 4060 868 4121 damni,
902 4074 1027 4114 cum
1065 4056 1209 4111 Deus
1255 4054 1407 4108 nullo
1457 4050 1679 4121 negotio
1726 4048 2007 4103 vivificare
2055 4049 2233 4116 possit

646 4171 810 4227 quem
846 4152 994 4207 velit.
1026 4149 1131 4223 Qui
1162 4147 1308 4204 enim
1343 4146 1401 4200 in
1426 4159 1553 4199 eum
1582 4141 1920 4205 crediderit,
1952 4141 2006 4193 in
2042 4138 2232 4194 futuro

649 4247 852 4305 saeculo
901 4246 1072 4299 vitam
1126 4240 1350 4297 habebit
1402 4238 1509 4291 line
1562 4242 1844 4290 carentem
1892 4232 1948 4287 in
1997 4233 2232 4287 beatitu-

648 4341 808 4406 dine,
846 4346 901 4393 et
930 4338 1091 4410 plena
1138 4332 1495 4404 perfectaque
1544 4322 1926 4396 corruptionis
1972 4325 2233 4380 immuni-

649 4442 780 4489 tate.
833 4429 1017 4498 Quare
1063 4440 1227 4482 nemo
1282 4420 1585 4477 infidelium
1638 4418 1859 4484 rideat;
1920 4433 2030 4473 non
2083 4417 2230 4473 enim

2326 3314 2547 3385 ἀγαθῶν
2577 3312 3001 3369 ἀπολαύσουσιν.
3031 3308 3217 3363 Εἰπὼν
3250 3305 3307 3360 δὲ
3334 3309 3361 3360 6
3386 3305 3601 3377 Σωτὴρ,
3628 3305 3711 3357 ὅτι
3744 3323 3763 3356 ι
3786 3303 3918 3357 Ἐὰν

2325 3403 2596 3476 ἀποθάνῃ,
2630 3403 2909 3475 ζήσεται,›
2942 3402 3042 3453 οὐκ
3067 3396 3245 3452 ἀνεῖλε
3276 3395 3354 3465 τῷ
3380 3394 3477 3450 νῦν
3504 3395 3663 3451 αἰῶνι
3695 3393 3788 3447 τὸν
3812 3391 3918 3446 θά-

2325 3516 2483 3554 νατον
2508 3515 2521 3529 ·
2554 3496 2690 3552 ἀλλά
2721 3493 2974 3549 τοσοῦτον
3002 3490 3167 3547 αὐτὸν
3191 3490 3374 3543 δίδωσι
3403 3486 3545 3541 κατά
3570 3485 3681 3539 τῶν
3708 3483 3918 3538 πιστῶν

2330 3592 2553 3663 ἰσχύειν,
2592 3593 2715 3645 ὅσον
2750 3590 2830 3652 είς
2854 3588 2914 3641 τὸ
2945 3584 3222 3657 συμϐῆναι
3267 3583 3451 3651 μόνον·
3487 3578 3667 3650 καιρῷ
3695 3577 3807 3648 γάρ
3835 3574 3920 3645 τῷ

2328 3687 2592 3759 πρέποντι
2622 3684 2896 3754 τετήρηκε
2932 3679 3030 3751 τὴν
3054 3678 3151 3749 τῆς
3184 3674 3537 3737 ἀναστάσεως
3572 3672 3753 3743 χάριν.
3777 3669 3919 3739 Φησὶ

2328 3779 2480 3847 γοῦν,
2511 3777 2591 3831 ὅτι
2613 3776 2727 3829 Οὐκ
2750 3776 2978 3846 ἄμοιρος
3003 3770 3156 3826 ἔσται
3186 3769 3283 3823 τοῦ
3300 3769 3401 3839 τῆς
3419 3764 3622 3837 σαρκὸς
3654 3763 3916 3825 θανάτου,

2328 3870 2418 3923 διὰ
2449 3869 2547 3939 τὴν
2578 3866 2925 3937 ἀνθρωπίνην
2955 3863 3138 3935 φύσιν,
3170 3864 3198 3915 6
3226 3862 3306 3925 είς
3338 3860 3439 3931 ἐμὲ
3470 3858 3766 3921 πιστεύων,
3798 3854 3915 3908 ἀλλ’

2330 3963 2479 4033 ὅμως
2504 3960 2655 4015 οὐδὲν
2693 3960 2759 4012 ὲκ
2788 3956 2982 4011 τούτου
3015 3955 3263 4009 πείσεται
3293 3952 3489 4015 δεινὸν,
3516 3949 3650 4003 Θεοῦ
3678 3945 3915 4016 δυναμέ-

2330 4073 2424 4109 νου
2449 4053 2732 4119 ζωοποιεῖν
2753 4049 2991 4113 εὐκόλως
3017 4048 3076 4101 ὃν
3100 4046 3166 4101 ἂν
3193 4046 3374 4117 ἐθέλῃ.
3420 4044 3477 4099 Ὀ
3506 4043 3615 4113 γὰρ
3647 4043 3732 4104 εἰς
3756 4039 3919 4095 αὐτὸν

2332 4146 2650 4211 πιστεύσας,
2700 4146 2759 4197 ὲν
2806 4142 2886 4214 τῷ
2933 4142 3181 4213 μέλλοντι
3230 4138 3389 4193 αίῶνι
3418 4136 3777 4206 ἀτελεύτητον
3803 4133 3920 4203 ἔχει

2332 4238 2479 4313 ζωὴν
2524 4240 2585 4292 ὲν
2618 4235 2981 4309 μακαριότητι
3022 4233 3119 4287 καὶ
3152 4232 3434 4303 ὁλοκλήρῳ
3486 4227 3787 4299 ἀφθαρσίᾳ.
3826 4224 3923 4277 Διὸ

2336 4334 2409 4404 μή
2435 4348 2517 4395 τις
2544 4330 2761 4401 γελάτω
2781 4328 2890 4382 τῶν
2920 4326 3182 4382 ἀπίστων·
3210 4326 3274 4378 ού
3303 4323 3411 4395 γὰρ
3439 4316 3590 4375 εἶπεν
3612 4321 3641 4373 6
3662 4317 3920 4389 Χριστὸς,

2347 4426 2575 4495 Ἀπάρτι
2609 4424 2836 4479 θάνατον
2868 4421 2930 4475 ού
2968 4418 3124 4493 μῆ[ν]
3163 4418 3283 4491 ἴδῃ·
3332 4415 3469 4471 ἀλλά
3502 4412 3923 4483 ἀπολελυμένως

648 4523 789 4579 dixit
826 4496 1119 4577 Christus:
1154 4513 1396 4570 Omnino
1440 4517 1674 4565 mortem
1712 4522 1823 4562 non
1862 4506 2091 4572 videbit,
2133 4507 2222 4562 sed

2334 4517 2524 4582 εἰπὼν,
2565 4515 2833 4571 «Θάνατον
2862 4513 2923 4566 οὐ
2949 4510 3024 4583 μή
3050 4511 3133 4581 ἴδη
3166 4510 3245 4573 είς
3275 4507 3365 4560 τὸν
3394 4504 3587 4570 αἰῶνα,
3620 4520 3643 4555 ι
3677 4496 3924 4571 περὶτοῦ

649 4615 900 4670 absolute
929 4612 1153 4664 locutus
1178 4646 1194 4671 ,
1224 4624 1242 4656 ι
1275 4603 1503 4657 Mortem
1550 4613 1662 4653 non
1705 4597 1918 4653 videbit
1961 4599 2016 4652 in
2051 4612 2229 4652 saecu-

649 4709 762 4763 lum
784 4746 799 4771 ,
831 4725 849 4758 i
884 4703 950 4760 de
984 4701 1172 4755 futuro
1206 4695 1410 4752 saeculo
1441 4691 1581 4748 dixit
1608 4731 1621 4754 ,
1663 4691 1717 4743 in
1752 4689 1885 4744 illud
1921 4689 2083 4742 linem
2117 4704 2232 4744 sua:

648 4795 1040 4871 promissionis
1070 4803 1382 4846 reservans.
1431 4785 1569 4839 Cum
1608 4800 1738 4839 vero
1777 4781 1917 4836 dixit
1954 4780 2180 4834 Martha:
2216 4799 2228 4833 :

658 4912 679 4944 ο
706 4889 942 4946 Credis?
965 4906 982 4938 ι
1003 4894 1265 4954 tanquam
1299 4887 1529 4945 matrem
1558 4888 1612 4933 et
1641 4874 2077 4933 conciliatricem
2109 4875 2234 4929 vitae

652 4981 885 5054 requirit
930 4977 1056 5033 fidei
1102 4972 1534 5030 confessionem.
1568 4969 1667 5025 llla
1696 4982 1830 5023 vero
1862 4974 2115 5037 prompte
2147 4982 2238 5021 as-

654 5088 821 5131 sensa
856 5080 941 5127 est
970 5076 1024 5124 et
1054 5074 1249 5123 exacte
1278 5063 1535 5120 cnnl’essa
1559 5101 1574 5128 ,
1610 5076 1720 5115 non
1757 5058 2084 5127 simpliciter
2118 5072 2242 5113 cre-

655 5170 793 5223 dens
827 5164 971 5237 quod
1007 5159 1264 5216 Christus
1298 5164 1446 5213 esset
1495 5164 1549 5212 et
1582 5153 1758 5209 Filius
1806 5152 1921 5206 Dei.
1975 5150 2236 5205 Christus

656 5260 804 5316 enim
835 5265 1015 5328 potest
1043 5250 1209 5325 683
1240 5265 1362 5304 esse
1411 5258 1465 5303 et
1514 5248 1781 5318 propheta
1804 5286 1819 5312 ,
1854 5243 1983 5315 quia
2036 5252 2239 5297 unctus

660 5351 860 5416 fuerit,
892 5349 1035 5405 idem
1085 5353 1141 5399 et
1190 5342 1368 5397 Filius
1414 5340 1650 5410 intelligi
1700 5345 1904 5410 potest.
1958 5334 2063 5390 Sed
2110 5350 2236 5389 eum

658 5441 893 5501 articulo
948 5440 1131 5495 locuta
1185 5437 1326 5501 hoc,
1358 5433 1449 5504 qui
1508 5430 1765 5487 Christus
1812 5435 1867 5485 et
1918 5424 2092 5482 Filius
2141 5426 2236 5482 Dei

657 5543 776 5601 est,
807 5548 980 5589 unum
1015 5540 1071 5587 et
1108 5528 1408 5591 eximium,
1450 5525 1829 5595 selectumque
1871 5530 1925 5578 et
1971 5536 2098 5577 vere
2141 5498 2255 5575 Fi:

657 5627 792 5683 lium
843 5624 1099 5679 confessa
1146 5628 1250 5677 est.
1279 5620 1339 5674 In
1372 5617 1571 5674 Filium
1616 5615 1785 5687 igitur
1832 5614 1997 5676 ﬁdes,
2031 5626 2138 5667 non
2176 5613 2230 5667 in

734 5805 775 5836 ⁸⁷
814 5800 969 5860 Joau.
1004 5818 1055 5869 v,
1092 5801 1183 5857 29.
1260 5801 1303 5832 ³⁸
1342 5798 1446 5855 lsa.
1480 5814 1640 5863 xxvn,
1676 5798 1757 5853 i9.

2342 4608 2625 4681 μέλλοντος
2646 4606 2839 4669 αἰῶνος
2863 4600 3036 4667 εἷπεν,
3066 4603 3143 4665 εἰς
3164 4602 3372 4655 ἐκεῖνον
3396 4597 3642 4669 τηρήσας
3666 4592 3726 4646 τὸ
3749 4592 3924 4661 πέρας

2337 4702 2433 4773 τῆς
2460 4698 2825 4770 ὑποσχέσεως.
2860 4696 3042 4751 Εἰπὼν
3065 4694 3121 4750 δὲ
3150 4696 3217 4765 τῇ
3246 4689 3449 4762 Μάρθα
3476 4705 3489 4717 ο
3529 4684 3876 4747 «Πιστεύειςς
3897 4701 3917 4732 ι

2338 4794 2414 4856 ὡς
2453 4790 2666 4863 μητέρα
2710 4791 2802 4843 καὶ
2834 4788 3094 4859 πρόξενον
3127 4786 3229 4856 τῆς
3257 4784 3403 4854 ζωῆς
3435 4781 3659 4834 ἀπαιτεῖ
3695 4778 3794 4848 τῆς
3836 4776 3926 4828 πί-

2340 4901 2508 4947 στεως
2537 4882 2634 4955 τὴν
2665 4881 2973 4953 ὁμολογίαν.
3019 4879 3085 4932 Ἥ
3138 4878 3194 4931 δὲ
3256 4876 3489 4947 ἑτοίμως
3523 4870 3795 4933 συνέθετο,
3830 4868 3929 4922 καὶ

2338 4972 2583 5044 ἀκριϐῶς
2602 4972 2876 5043 ὁμολογεῖ,
2899 4971 2995 5041 οὐχ
3017 4968 3202 5033 ἁπλῶς
3221 4964 3574 5029 πιστεύουσα,
3591 4962 3675 5015 ὅτι
3690 4960 3925 5032 Χριστός

2338 5067 2454 5119 ἐστι
2487 5063 2584 5118 καὶ
2614 5062 2743 5125 Υἱὸς
2769 5060 2863 5114 τοῦ
2893 5059 3052 5113 Θεοῦ.
3101 5055 3337 5128 Χριστὸς
3365 5053 3474 5124 γὰρ
3515 5050 3738 5105 δύναται
3786 5044 3931 5102 εἶναι

2338 5156 2434 5211 καὶ
2466 5155 2753 5227 προφήτης
2774 5194 2791 5219 ,
2824 5152 2913 5206 διὰ
2940 5152 3000 5205 τὸ
3029 5150 3313 5222 κεχρίσθαι
3338 5164 3353 5179 ·
3393 5150 3422 5201 6
3464 5144 3625 5208 αὐτὸς
3657 5142 3754 5197 καὶ
3798 5140 3928 5203 Υἱὸς

2344 5247 2580 5303 νοεῖσθαι
2610 5246 2852 5302 δύναται.
2881 5244 3042 5298 Ἀλλά
3074 5242 3212 5314 μετά
3227 5240 3323 5295 τοῦ
3350 5238 3556 5313 ἄρθρου
3579 5235 3834 5298 εἰποῦσα,
3868 5233 3925 5285 '0

2346 5338 2582 5410 Χριστὸς
2610 5338 2638 5390 6
2670 5338 2798 5401 Υίὸς
2830 5336 2923 5390 τοῦ
2952 5334 3109 5400 Θεοῦ,
3158 5334 3250 5387 τὸν
3277 5332 3374 5385 ἕνα
3401 5332 3497 5384 καὶ
3526 5327 3805 5399 ἐξαίρετον
3832 5325 3927 5379 καὶ

2346 5430 2561 5501 ἀληθῶς
2589 5430 2715 5483 Υἰὺν
2742 5428 3110 5502 ὡμολόγησεν.
3140 5427 3237 5490 Εἰς
3264 5424 3353 5478 τὸν
3381 5422 3510 5476 Υίδν
3534 5415 3628 5474 οὖν
3657 5421 3692 5491 ή
3722 5419 3926 5482 πίστις,

2345 5525 2448 5577 οὐκ
2488 5524 2568 5588 εἰς
2619 5522 2851 5594 ποίημα.
2906 5522 2970 5574 Εἰ
3004 5519 3113 5591 γὰρ
3146 5517 3359 5589 ποίημα
3402 5514 3498 5570 καὶ
3546 5512 3751 5581 κτίσμα
3784 5509 3927 5564 κατά

2345 5633 2497 5679 τινας
2544 5616 2803 5689 ὑπάρχων
2837 5615 2865 5669 6
2899 5614 3048 5683 Υἱὸς,
3080 5609 3371 5676 ἀνάστασίς
3402 5611 3519 5663 ἐστι
3542 5606 3635 5662 καὶ
3683 5602 3816 5674 ζωὴ,
3852 5601 3930 5673 μὴ
