4144 6542
307 460 383 521 ιθ
1163 463 1231 518 ΙΝ
1263 462 1605 523 «ΙΟΔΝΝΕΜ,
1632 491 1702 503 -—
1735 460 1895 517 LIB.‘

2018 463 2106 519 ET
2154 465 2267 522 Vlll
2299 468 2743 525 FRAGMENTA.
3491 470 3561 530 50

307 576 671 650 θαυμαζισθω
696 579 871 634 ταῦτα
898 578 972 634 ὢν
1006 580 1099 634 καὶ
1122 582 1150 632 6
1175 582 1385 652 Πατήρ.
1419 581 1482 633 Τί
1510 580 1618 651 γάρ
1645 580 1705 633 τὸ
1728 581 1889 635 πλέον

1997 584 2261 643 facturas.
2283 588 2337 643 Si
2357 590 2501 645 enim
2536 591 2750 646 factura
2772 599 3049 654 creatura,
3071 590 3368 646 secundum
3393 606 3561 660 quos-

305 660 365 724 ἐν
392 666 541 741 αὐτῷ
585 671 737 743 παρὰ
766 671 835 726 τὰ
884 673 1201 743 ποιήματα;
1252 673 1315 727 Ei
1345 674 1405 727 δὲ·
1432 674 1538 728 τῶν
1567 675 1885 745 ποιημάτων

305 761 558 817 τοσοῦτον
585 764 708 818 ὅσον
733 765 891 835 ἴσμεν
920 764 1235 835 ἀπῴκισται
1264 766 1407 820 κατὰ
1435 766 1524 819 τὸν
1549 766 1648 837 τῆς
1671 766 1887 835 φύσεως

305 849 483 921 λόγον,
514 854 607 907 καὶ
638 854 729 908 διὰ
758 855 820 909 τὸ
849 850 986 910 εἶναι
1017 856 1130 927 ζωὴ
1150 896 1165 921 ,
1208 856 1323 920 πῶς
1372 856 1437 910 ἂν
1482 856 1569 928 εἴη
1601 858 1813 928 ποίημα
1855 860 1884 911 ὁ

306 944 457 1009 Υἰὺς.
506 946 619 1018 ζωή
652 947 746 1001 καὶ
775 948 940 1011 αὐτὸς
986 948 1130 1002 κατά
1176 948 1336 1017 φύσιν
1363 949 1646 1020 ύπάρχων,
1692 950 1883 1021 ὥσπερ

303 1030 397 1091 οῦν
427 1038 521 1091 καὶ
546 1040 575 1092 ὁ
601 1040 871 1110 γεννήσας
899 1040 1097 1108 αύτόν;
1148 1039 1267 1111 Ζωὴ
1314 1040 1371 1093 δέ
1412 1042 1551 1103 ὅλως
1575 1041 1685 1095 τῶν
1724 1059 1884 1113 ποιη-

309 1128 496 1198 μάτων
515 1128 665 1183 οὑδέν
692 1132 826 1194 ἐστι,
850 1129 996 1200 ζωῆς
1019 1132 1075 1185 δὲ
1098 1131 1295 1202 μᾶλλον
1320 1131 1420 1200 τῆς
1441 1133 1547 1186 ἀπὸ
1567 1131 1660 1185 τοῦ
1684 1132 1884 1197 ζῶντος

305 1219 441 1274 Θεοῦ
473 1220 718 1292 μέτοχον,
743 1223 864 1275 ἐπεὶ
894 1223 987 1276 καὶ
1007 1243 1025 1275 ι
1051 1225 1108 1275 ἐν
1137 1222 1253 1293 Θεῷ
1280 1223 1461 1293 ζῶμεν
1489 1241 1549 1277 τε
1576 1224 1673 1278 καὶ
1705 1224 1884 1278 κινού-

311 1310 453 1380 μεθα
484 1313 577 1366 καὶ
603 1314 793 1383 ἐσμὲν,
822 1334 841 1366 ›
883 1314 957 1379 ὡς
986 1317 1015 1369 ὁ
1046 1314 1259 1379 Παῦλός
1289 1332 1478 1385 φησιν.

1993 677 2142 743 dam,
2165 679 2441 736 exsistens
2483 681 2677 747 Filius,
2702 684 3040 739 resurrectio
3076 693 3161 739 est
3192 690 3246 740 et
3284 684 3421 748 vita,
3462 675 3559 737 ne-

1996 785 2275 841 quaquam
2312 772 2667 831 admirationi
2700 776 2859 832 debet
2889 791 3013 832 esse
3048 776 3162 832 haec
3199 779 3474 833 exsistens
3506 783 3562 831 et

1992 858 2176 915 Pater.
2218 860 2361 927 Quid
2397 864 2544 918 enim
2584 866 2820 935 amplius
2856 874 2942 922 est
2989 866 3045 921 in
3093 880 3159 921 eo
3191 881 3350 936 quam
3381 864 3435 919 in
3475 863 3561 919 fa-

1990 952 2198 1007 cturis?
2231 953 2293 1009 Si
2322 969 2454 1011 vero
2491 963 2701 1011 tantum
2733 967 3000 1028 quantum
3033 957 3240 1014 scimus
3273 971 3303 1011 a
3334 954 3560 1009 iacturis

1991 1044 2223 1099 dissitus
2261 1054 2365 1112 est,
2414 1048 2720 1103 secundum
2768 1058 2981 1104 naturae
3027 1064 3142 1104 suae
3186 1047 3453 1103 rationem
3509 1054 3563 1101 et

1989 1134 2120 1203 quia
2156 1144 2241 1191 est
2272 1137 2383 1191 vita
2406 1177 2422 1203 ,
2457 1138 2731 1208 quomodo
2766 1140 2987 1195 factura
3025 1138 3193 1194 fuerit
3229 1136 3432 1201 Filius,
3465 1134 3559 1205 qui

1988 1234 2044 1279 et
2085 1227 2202 1295 ipse
2236 1227 2349 1281 vita
2378 1228 2684 1284 secundum
2719 1238 2977 1284 naturam
3022 1228 3274 1290 exsistit,
3324 1226 3474 1281 sicut
3507 1233 3563 1279 et

1987 1317 2079 1385 qui
2124 1320 2316 1388 genuit
2360 1323 2535 1376 eum?
2570 1321 2806 1376 Omnino
2849 1336 2978 1377 vero
3026 1322 3175 1376 nulla
3222 1320 3559 1374 facturarum

309 1399 420 1453 vita
454 1410 576 1466 est,
615 1403 713 1458 sed
750 1405 934 1474 potius
968 1419 997 1457 a
1032 1405 1252 1461 vivente
1287 1404 1401 1461 Deo
1430 1406 1558 1460 vitae
1585 1406 1887 1476 particeps,
1926 1408 2373 1479 quandoquidem
2407 1420 2461 1466 et
2501 1430 2519 1462 ι
2558 1412 2612 1466 in
2650 1411 2763 1469 Deo
2805 1413 3039 1469 vivimus
3076 1421 3133 1467 et
3162 1425 3444 1466 movemur
3507 1420 3561 1468 et

313 1511 547 1565 sumus,
590 1520 609 1552 ι
656 1512 714 1556 ut
740 1502 945 1559 Paulus
978 1503 1057 1558 ait
1090 1503 1158 1557 ³⁹.

385 1591 541 1661 Τάχα
562 1592 617 1646 δὲ
649 1593 725 1663 (1)
758 1596 805 1647 οί
856 1594 1039 1648 πολλοὶ
1074 1594 1184 1649 τῶν
1224 1596 1586 1648 πιστευόντων
1610 1635 1625 1660 ,
1683 1594 1775 1647 καὶ⁵
1812 1592 1887 1664 μὴ

314 1681 581 1755 ἄτρεπτον
615 1686 707 1738 καὶ
737 1684 951 1755 βέϐαιον
998 1686 1221 1757 ἔχοντες
1251 1686 1349 1757 τὴν
1397 1686 1607 1750 πίστιν,
1657 1684 1889 1739 τοιοῦτοί

312 1774 451 1827 είσιν
474 1773 549 1836 ὥς
581 1775 629 1827 τ’
659 1777 725 1831 ἂν
753 1778 927 1831 εἰπεῖν
953 1778 1082 1848 περὶ
1110 1777 1312 1843 αὐτῶν,
1332 1779 1414 1832 ὃτι
1435 1776 1782 1831 πιστεύουσιν
1809 1778 1890 1841 εἰς

310 1865 401 1962 τὸν
424 1864 653 1962 ’Ἰησοῦν
674 1907 691 1932 ,
738 1869 835 1921 καὶ
873 1868 1212 1939 ἐπιδέχονται
1245 1869 1306 1922 τὸ
1350 1868 1738 1939 ἀποθνήσκειν,
1794 1870 1889 1920 καὶ
1921 1908 1962 1962 Β

308 1954 631 2010 ἀποθάνοιεν
680 1975 844 2012 ποτε·
887 1959 1251 2024 ἀποθανόντες
1288 1960 1379 2025 δὲ,
1432 1960 1492 2013 ού
1535 1959 1789 2029 μένουσιν
1830 1960 1890 2011 ἐν

308 2043 559 2115 θανάτῳ,
596 2046 743 2100 ἀλλά
769 2048 1047 2120 ζήσονται.
1100 2051 1166 2105 El.
1196 2050 1254 2103 δέ
1282 2066 1365 2111 τις
1392 2049 1494 2119 ἤδη
1530 2049 1591 2100 τὸ
1619 2049 1889 2119 ἄτρεπτον

308 2136 403 2188 καὶ
434 2135 649 2205 βέϐαιον
677 2138 1014 2210 ἀνειληφὼς,
1072 2140 1208 2210 μετά
1239 2139 1445 2209 ταύτης
1478 2139 1575 2210 τῆς
1607 2139 1773 2205 ἕξεως
1806 2156 1891 2192 πι-

310 2226 512 2293 στεύοι,
539 2222 695 2292 οὗτος
723 2230 789 2284 ἂν
813 2231 897 2302 εἴη
926 2232 955 2283 6
981 2229 1089 2294 ζῶν
1115 2231 1211 2285 καὶ
1241 2230 1511 2284 πιστεύων
1538 2231 1628 2284 καὶ
1657 2231 1730 2300 μὴ
1758 2232 1891 2284 ἀπο-

308 2315 635 2388 θανούμενος
664 2320 741 2383 είς
767 2320 856 2372 τὸν
876 2319 1065 2373 αίῶνα.
1091 2314 1215 2383 Οἶος
1239 2315 1306 2390 ἦν
1335 2320 1363 2372 6
1392 2320 1660 2390 μακάριος
1682 2318 1889 2382 Παῦλος

309 2406 486 2475 λέγων
516 2429 528 2442 ·
593 2428 612 2461 ι
658 2410 757 2473 Τίς
786 2412 936 2480 ἡμᾶς
975 2410 1202 2481 χωρίσει
1252 2411 1361 2463 ἀπὸ
1400 2410 1502 2479 τῆς
1551 2409 1771 2480 ἀγάπης
1796 2408 1890 2463 τοῦ

313 2495 551 2566 Χριστοῦ
578 2515 592 2563 ;
627 2516 646 2550 ι
691 2499 785 2551 καὶ
810 2498 880 2551 τά
910 2495 1062 2567 ἐξῆς.

385 2588 700 2653 Πιστεύεις
726 2589 952 2652 eodm);

384 2677 907 2748 Προεξηγησάμενος
953 2678 1048 2732 τοῦ
1080 2678 1219 2732 κατά
1251 2678 1413 2731 αὑτὸν
1466 2676 1767 2747 μυστηρίου
1796 2674 1895 2745 τὴν

309 2765 577 2836 δύναμιν.
624 2768 719 2820 καὶ
761 2767 942 2832 δείξας
986 2768 1232 2839 ἐναργῶς
1273 2770 1353 2823 ὅτι
1399 2768 1511 2840 ζωὴ
1558 2770 1697 2822 κατά
1731 2769 1895 2838 φύσιν

312 2857 434 2909 ἐστὶ
477 2858 569 2910 καὶ
598 2858 728 2921 Θεὸς
763 2857 1016 2929 ἀληθινὸς
1036 2899 1050 2922 ,
1101 2861 1327 2913 ἀπαιτεῖ
1361 2860 1459 2930 τὴν
1492 2860 1583 2912 ἐπὶ
1614 2862 1679 2930 τῇ
1712 2861 1894 2913 πίστει

316 2946 553 3013 σύνεσιν,
584 2948 752 3002 τύπον
785 2951 904 3013 ταῖς
945 2948 1293 3020 Ἐκκλησίαις
1320 2949 1412 3003 τὸν
1442 2950 1535 3003 ἐπὶ
1556 2949 1732 3020 τούτῳ
1758 2950 1890 3014 θείς.

314 3040 433 3110 Χρὴ
463 3039 569 3109 γὰρ
610 3040 670 3093 οὺ
698 3039 944 3094 διάκενον
978 3040 1126 3110 ἡμᾶς
1149 3043 1238 3107 είςέ
1265 3040 1403 3112 άέρα
1432 3041 1759 3111 ῥιπτοῦντας
1786 3059 1895 3111 φω-

315 3125 431 3197 νὴν,
476 3127 537 3180 τὸ
583 3128 778 3181 σεπτὸν
808 3128 1090 3197 ὁμολογεῖν
1120 3130 1417 3200 μυστήριον
1438 3168 1453 3193 ,
1482 3130 1597 3184 ἀλλ’
1623 3133 1680 3184 ὲν
1702 3131 1895 3202 καρδίᾳ

2068 1588 2230 1644 Forte
2282 1591 2438 1645 multi
2493 1605 2557 1645 ex
2618 1591 3004 1655 credentibus,
3063 1591 3559 1648 inmutabilitatem

1995 1680 2428 1753 firmitatemque
2458 1682 2581 1738 fidei
2614 1698 2723 1738 non
2761 1684 3047 1749 habentes,
3082 1684 3221 1739 tales
3249 1694 3383 1740 sunt-
3407 1695 3464 1741 ut
3493 1686 3562 1742 de

1994 1773 2067 1829 iis
2116 1774 2227 1828 dici
2275 1776 2451 1844 possit
2506 1778 2673 1845 quod,
2712 1776 2998 1830 credentes
3049 1775 3103 1829 in
3150 1775 3359 1840 Iesum,
3396 1778 3559 1832 morti

1996 1871 2178 1920 tamen
2211 1867 2439 1921 obnoxii
2473 1875 2629 1933 sunt,
2659 1876 2715 1921 et
2743 1867 3041 1935 aliquando
3068 1868 3286 1936 quidem
3317 1868 3563 1923 moriunt-

2002 1966 2126 2021 tur;
2158 1956 2213 2009 in
2266 1964 2443 2012 morte
2486 1965 2668 2013 autem
2722 1972 2830 2011 non
2880 1966 3129 2022 manent,
3167 1965 3358 2028 postea
3394 1959 3561 2013 vitam

1994 2049 2397 2116 recuperaturi.
2422 2046 2621 2103 Verum
2646 2047 2694 2102 si
2728 2048 2874 2117 quis,
2905 2048 3223 2102 firmitatem
3248 2049 3563 2103 immutabi-

1995 2139 2319 2209 litatemque
2352 2139 2466 2209 jam
2528 2148 2886 2203 consecutus,
2917 2140 3001 2193 sic
3035 2138 3244 2204 credat,
3267 2139 3412 2194 hunc
3438 2154 3564 2194 esse

1992 2229 2228 2284 dixerint
2255 2229 2529 2286 viventem
2559 2238 2612 2285 et
2645 2231 2954 2287 credentem
3004 2230 3097 2301 qui
3132 2245 3242 2285 non
3299 2230 3563 2285 morietur

1994 2320 2049 2375 in
2090 2331 2376 2376 aeternum.
2421 2322 2610 2385 Qualis
2652 2330 2773 2376 erat
2825 2320 3022 2376 beatus
3058 2319 3286 2384 Paulus,
3324 2326 3447 2375 eum
3482 2320 3564 2375 di-

1995 2418 2145 2466 ceret
2167 2430 2180 2465 :
2205 2430 2223 2461 ι
2247 2411 2381 2477 Quis
2413 2426 2514 2467 nos
2530 2412 2807 2482 separabit
2832 2428 2862 2467 a
2892 2412 3162 2467 charitate
3189 2411 3399 2467 Christi
3420 2410 3506 2463 “2
3534 2428 3556 2465 ι

2064 2583 2159 2649 XI,
2194 2583 2284 2639 26.
2321 2583 2507 2640 Credis
2536 2586 2700 2641 huic?

2065 2672 2228 2730 Prius
2264 2674 2510 2743 exposita
2540 2674 2614 2739 ,vi
2668 2675 2913 2745 mysterii
2969 2674 3118 2730 circa
3176 2690 3257 2739 se,
3306 2676 3566 2746 clareque

1995 2772 2222 2821 ostenso
2269 2765 2415 2835 quod
2466 2765 2576 2820 vita
2625 2764 2931 2821 secundum
2985 2774 3240 2820 naturam
3308 2774 3364 2821 et
3419 2764 3567 2823 Deus

1995 2873 2160 2913 verus
2220 2865 2325 2921 est,
2398 2858 2629 2927 requirit
2695 2859 2841 2914 circa
2895 2857 3054 2914 fidem
3116 2859 3561 2930 intelligentiam,

1996 2948 2225 3019 ﬁguram
2258 2947 2520 3004 Ecclesiis
2559 2950 2614 3003 in
2652 2964 2718 3004 eo
2751 2964 2982 3019 ponens.
3008 2948 3127 3005 Non
3163 2951 3311 3004 enim
3349 2960 3564 3021 oportet

1997 3054 2097 3094 nos
2125 3054 2357 3093 vacuam
2414 3039 2469 3093 in
2521 3053 2646 3094 aera
2699 3039 2966 3108 jacientes
3020 3053 3209 3095 vocem
3253 3040 3564 3096 venerabile

1998 3126 2156 3183 fateri
2185 3128 2533 3198 mysterium,
2564 3128 2656 3182 sed
2696 3127 2979 3181 fundatam
3012 3127 3067 3182 in
3102 3127 3270 3183 corde
3295 3136 3351 3183 et
3380 3128 3563 3184 animo

317 3217 409 3269 καὶ
430 3215 503 3288 νῷ
538 3218 638 3287 τὴν
671 3220 853 3273 πίστιν
879 3216 1237 3290 ριζώσαντας,
1268 3221 1479 3291 καρπὸν
1510 3220 1602 3274 τοῦ
1633 3222 1894 3291 πράγμα-

1999 3218 2157 3273 fidem
2198 3219 2499 3283 habentes,
2547 3218 2788 3274 fructum
2841 3220 2965 3290 ejus
3019 3219 3424 3275 confessionem
3465 3234 3565 3291 po-

319 3324 409 3371 τος
454 3308 721 3367 ποιεῖσθαι
758 3310 856 3382 τὴν
885 3310 1176 3381 ὁμολογίαν
1196 3353 1210 3378 ,
1258 3314 1352 3365 καὶ
1380 3311 1657 3364 πιστεύειν
1689 3312 1893 3365 ἐνδοια-

322 3396 458 3468 σμοῦ
490 3416 633 3463 τινος
675 3400 797 3470 δίχα
831 3402 925 3454 καὶ
970 3401 1241 3471 διψυχίας.
1298 3401 1589 3473 Ὑϐριστὴς
1616 3402 1723 3473 γὰρ
1753 3405 1781 3456 6
1818 3404 1893 3457 6i-

314 3489 486 3559 ψῦχος
530 3490 624 3543 καὶ
653 3489 906 3561 χωλεύων
941 3490 1070 3561 περὶ
1110 3490 1209 3560 τὴν
1240 3488 1440 3543 πίστιν·
1490 3489 1579 3544 διά
1620 3488 1775 3542 τοῦτο
1800 3490 1893 3543 καὶ

318 3580 693 3645 ἀκατάστατος
727 3583 784 3635 ἐν
816 3581 1017 3644 πάσαις
1040 3582 1158 3644 ταῖς
1184 3581 1321 3645 ὁδοῖς
1355 3580 1540 3633 αὑτοῦ.
1594 3579 1807 3633 Εἱδέναι
1835 3597 1895 3632 σε

320 3672 426 3741 μὴν
457 3673 769 3741 ἀναγκαῖον,
789 3673 871 3725 ὅτι
891 3671 1009 3743 Θεῷ
1034 3673 1130 3742 τῆς
1156 3672 1391 3735 πίστεως
1411 3671 1701 3741 ὁμολογίαν
1719 3670 1896 3726 ποιούο

321 3763 495 3833 μεθα,
531 3763 635 3817 κᾶν
680 3765 763 3835 διζ
787 3763 1090 3836 ἀνθρώπων
1126 3762 1472 3834 ἐρωτώμενοι
1504 3761 1611 3816 τῶν
1645 3761 1893 3833 ἱερᾶσθαι

319 3854 591 3923 λαχόντων
629 3855 807 3926 φαμὲν
846 3856 929 3921 τὸ,
963 3855 1231 3921 Πιστεύω,
1263 3856 1321 3908 ἐν
1364 3857 1429 3926 τῇ
1463 3853 1777 3926 παραλήψει
1799 3853 1892 3906 τοῦ

322 3944 478 4012 ἁγίου
504 3944 898 4017 βαπτίσματος.
943 3946 1230 4001 Πάνδεινον
1261 3941 1355 3999 οῦν
1381 3945 1489 4017 ἀρα
1514 3945 1575 3998 τὸ
1604 3943 1893 4015 διαψεύσα-

322 4034 444 4087 σθαι
477 4036 569 4088 καὶ
619 4035 1014 4107 παρολισθῆσαι
1055 4036 1190 4107 πρὸς
1219 4036 1507 4099 ἀπιστίαν,
1565 4035 1651 4088 ἵνα
1701 4034 1773 4106 μὴ
1802 4036 1897 4089 καλ⁵

319 4125 578 4197 δικαστὴν
629 4128 723 4180 καὶ
773 4127 1030 4198 μάρτυρα
1082 4126 1337 4189 ἀπονοίας
1383 4125 1593 4196 ἔχωμεν
1623 4125 1782 4179 αὑτὸν
1806 4126 1896 4178 τὸν

324 4217 539 4270 πάντων
578 4219 854 4289 Δεσπότην
900 4220 1167 4287 λέγοντα·
1225 4237 1242 4268 ι
1274 4218 1383 4271 Καὶ
1434 4216 1546 4286 ἐγὼ
1600 4217 1837 4288 μάρτυς,
1870 4238 1889 4271 ι

323 4306 458 4376 φησὶ
487 4307 711 4378 Κύριος.
760 4306 1144 4379 Ἐπιτηρητέον
1168 4306 1224 4359 δὲ
1249 4307 1330 4359 ὅτι
1361 4306 1611 4376 Λαζάρου
1642 4306 1894 4377 κειμένου

321 4400 672 4471 τεθνηκότος,
709 4398 849 4470 ὑπὲρ
892 4397 1054 4452 αὑτοῦ
1086 4398 1285 4467 τρόπον
1326 4397 1446 4450 τινὰ
1474 4399 1535 4450 τὸ
1565 4398 1786 4466 γύναιον
1814 4396 1900 4462 ἐξ·

324 4495 555 4546 αιτεῖται
581 4492 680 4561 τὴν
717 4492 808 4543 ἐπὶ
833 4492 898 4560 τῇ
934 4490 1112 4543 πίστει
1156 4490 1370 4542 σύνεσιν
1397 4512 1407 4521 ·
1440 4490 1527 4543 ἵνα
1554 4490 1715 4543 πάλιν
1742 4489 1769 4540 ὁ
1801 4490 1896 4543 τύ-

1997 3323 2151 3372 nere,
2182 3316 2236 3363 et
2271 3310 2501 3364 credere
2534 3310 2653 3365 sine
2702 3310 2812 3364 ulla
2873 3309 3215 3366 dubitatione
3258 3319 3314 3366 et
3365 3311 3565 3366 men-tis

1996 3399 2339 3470 duplicitate.
2375 3399 2685 3469 lnjuriosus
2729 3410 2814 3455 est
2851 3401 2995 3455 enim
3031 3400 3232 3470 duplex
3282 3409 3465 3455 mente
3511 3406 3565 3454 et

1994 3492 2144 3546 circa
2178 3492 2338 3547 fidem
2368 3491 2708 3555 claudicans,
2740 3501 3029 3562 propterea
3061 3489 3341 3546 instabilis
3367 3491 3420 3544 iu
3447 3505 3568 3544 om-

1997 3584 2160 3638 nibus
2181 3582 2284 3636 viis
2308 3583 2445 3637 suis.
2464 3581 2733 3636 Caeterum
2764 3597 2991 3638 necesse
3019 3592 3107 3637 est
3128 3582 3403 3653 intelligas
3455 3583 3566 3636 Deo

1998 3689 2099 3727 nos
2115 3672 2518 3728 confessionem
2541 3673 2661 3727 fidei
2690 3673 2973 3736 exhibere,
2991 3674 3155 3726 etiam
3185 3687 3308 3727 cum
3334 3687 3431 3742 per
3465 3672 3565 3725 ho-

1999 3764 2174 3818 mines
2205 3778 2489 3819 sacrorum
2514 3778 2699 3818 curam
2732 3775 2787 3821 et
2822 3762 3195 3818 sacerdotium
3227 3763 3453 3817 sortitos
3485 3763 3568 3815 in-

2000 3854 2282 3926 terrogati,
2312 3854 2547 3909 dicimus
2592 3854 2718 3918 hoc,
2739 3852 2917 3908 Credo
2951 3854 3004 3907 in
3046 3852 3357 3924 sumptione
3390 3852 3566 3907 sancti

1998 3946 2362 4016 baptismatis.
2382 3944 2558 4000 Grave
2582 3944 2750 4015 igitur
2780 3954 2835 3998 et
2859 3945 3233 4014 periculosum
3266 3943 3480 3998 mentiri
3511 3953 3565 3998 et

1998 4039 2066 4094 ad
2093 4029 2546 4093 incredulitatem
2578 4036 2885 4103 deflectere,
2914 4052 2983 4091 ne
3018 4036 3258 4106 judicem
3290 4043 3344 4091 et
3372 4043 3567 4091 testem

2001 4129 2255 4185 amentia:
2277 4128 2578 4183 habeamus
2602 4128 2782 4197 ipsum
2814 4127 3058 4181 omnium
3092 4125 3381 4181 Dominum
3415 4146 3430 4181 :
3471 4125 3567 4179 «Et

1999 4237 2100 4292 ego
2130 4222 2340 4286 testis,»
2368 4221 2547 4291 inquit
2574 4219 2860 4275 Dominus.
2896 4219 3032 4273 Illud
3062 4220 3224 4274 etiam
3270 4220 3571 4273 observan-

1999 4312 2126 4367 dum
2167 4313 2338 4376 venit,
2371 4312 2542 4382 quod,
2576 4311 2783 4366 Lazaro
2824 4311 3041 4381 jacente
3090 4318 3330 4374 mortuo,
3359 4324 3458 4378 pro
3504 4323 3570 4365 eo

2000 4404 2405 4475 quodammodo
2457 4403 2785 4459 muliercu!a
2835 4403 3213 4473 interrogatur
3248 4402 3316 4457 de
3367 4401 3569 4457 intelli-

2001 4497 2185 4563 gentia
2217 4495 2363 4561 ﬁdei,
2390 4503 2448 4549 ut
2476 4510 2674 4550 rursus
2711 4497 2885 4565 figura
2916 4494 2971 4547 in
3010 4493 3276 4549 Ecclesiis
3309 4493 3485 4548 valeat
3516 4501 3571 4546 et

328 4601 426 4647 πος
455 4584 511 4636 ἐν
535 4588 654 4646 ταῖς
689 4581 1031 4652 Ἐκκλησίαις
1060 4581 1273 4651 ἰσχύσῃ.
1323 4582 1452 4634 Ὅτε
1476 4581 1584 4653 γάρ
1617 4584 1895 4654 ἀμιγενές

2003 4590 2356 4644 observetur.
2385 4588 2517 4642 Cum
2551 4588 2700 4642 enim
2725 4603 2920 4642 recens
2949 4593 3112 4641 natus
3137 4585 3364 4640 affertur
3388 4583 3572 4639 infans

329 4675 660 4745 προσάγεται
704 4674 900 4746 βρέφος
940 4673 1038 4741 τῆς
1080 4674 1434 4743 κατηχήσεως
1476 4673 1537 4725 τὸ
1570 4674 1775 4744 χρίσμα
1809 4674 1903 4727 λα-

328 4768 473 4831 ϐεῖν,
514 4768 632 4837 ἦτοι
683 4765 742 4819 τδ
774 4765 873 4835 τῆς
900 4764 1231 4827 τελειώσεως
1261 4764 1354 4816 ἐπὶ
1394 4762 1471 4833 τῷ
1520 4765 1657 4834 ἁγίῳ
1706 4764 1901 4834 βαπτί-

330 4874 519 4929 σματι,
549 4860 577 4910 ὁ
608 4858 897 4927 προσάγων
918 4855 1060 4928 ὑπὲρ
1085 4855 1248 4909 αὐτοῦ
1279 4856 1359 4921 τὸ,
1393 4855 1581 4927 Ἀμὴν,
1609 4859 1897 4925 ἁναφωνεῖ.

341 4948 514 5019 ’Υπὲρ
542 4948 597 5001 δὲ
627 4947 734 5001 τῶν
765 4948 966 5018 ἐσχάτῃ
993 4948 1132 5016 νόσῳ
1164 4945 1610 5017 κατειλημμένων
1634 4985 1649 5008 ,
1685 4946 1902 5017 μελλόν-

327 5055 439 5093 των
464 5055 525 5091 τε
558 5038 645 5093 διά
674 5037 829 5092 τοῦτο
850 5037 1325 5107 βαπτίζεσθαι,καὶ
1352 5037 1743 5092 ἀποτάττονταί
1762 5055 1905 5103 τινες

331 5131 428 5185 καὶ
456 5131 858 5196 συντάττονται,
888 5129 984 5201 τὴν
1018 5130 1225 5183 οἰκείαν
1253 5129 1441 5199 ὥσπερ
1472 5130 1530 5194 ἐξ
1570 5129 1790 5201 ἀγάπης
1822 5149 1904 5185 κι-

332 5220 571 5294 χρῶντες
595 5221 778 5292 φωνὴν
824 5224 937 5284 τοῖς
976 5220 1117 5291 νόσῳ
1163 5219 1557 5290 πεπεδημένοις
1580 5238 1595 5252 ·
1623 5222 1759 5293 ὅπερ
1788 5221 1901 5275 ἔστι

334 5312 570 5366 κατιδεῖν
613 5313 836 5382 γεγονὸς
888 5312 985 5366 ἐπί
1024 5329 1083 5365 τε
1124 5311 1375 5382 Λαζάρου
1414 5312 1630 5383 καὶτῆς
1669 5313 1903 5384 ἀδελφῆς

334 5403 522 5457 αὑτοῦ.
552 5404 737 5472 Σοφῶς
763 5404 819 5457 δὲ
840 5405 873 5473 ἡ
899 5402 1097 5475 Μάρθα
1132 5403 1225 5456 καὶ
1246 5402 1599 5473 οἰκονομικῶς
1633 5421 1905 5474 προκατασ-

334 5495 551 5566 σπείρει
582 5495 679 5565 τῆς
704 5496 931 5559 πίστεως
953 5495 1051 5565 τὴν
1082 5494 1394 5565 ὁμολογίαν,
1422 5495 1507 5547 ἴνα
1533 5494 1622 5548 τὸν
1650 5494 1707 5559 ἐξ
1738 5498 1905 5567 αὐτῆς

333 5588 527 5661 θερίσῃ
559 5589 786 5660 καρπόν.

412 5730 457 5760 ³⁸
497 5730 619 5785 Act.
659 5745 768 5783 χιιι
795 5767 809 5791 ,
846 5728 935 5781 ‘28.
1015 5728 1058 5759 ³⁸
1092 5727 1251 5782 Rom.
1288 5741 1410 5791 vm,
1442 5728 1529 5779 55.

2007 4682 2075 4736 ad
2158 4680 2574 4751 suscipiendum
2666 4678 3052 4734 instructionis
3137 4674 3572 4744 initiationisque

2005 4774 2270 4835 chrisma,
2310 4786 2405 4827 seu
2462 4772 2515 4825 in
2572 4778 2768 4826 sancto
2826 4769 3156 4839 baptismate
3197 4764 3604 4837 perfectionis,.

2004 4866 2098 4935 qui
2134 4862 2359 4918 adducit
2390 4877 2536 4926 eum,
2569 4876 2672 4932 pro
2707 4876 2772 4915 eo
2818 4858 3135 4929 respondet,
3171 4858 3372 4911 Amen.
3405 4853 3569 4909 Simi-

2009 4954 2133 5008 liter
2173 4968 2273 5023 pro
2327 4953 2396 5007 iis
2441 4951 2537 5021 qui
2584 4959 2833 5005 extremo
2893 4948 3087 5000 morlto
3148 4946 3569 5009 conﬂictantur,

2008 5044 2243 5114 ideoque
2286 5040 2602 5112 baptizandi
2648 5047 2796 5104 sunt,
2829 5036 3155 5091 ordinantur
3188 5050 3251 5090 ac
3289 5035 3571 5090 destinan-

2008 5143 2096 5189 tur
2127 5135 2293 5203 aliqui
2322 5132 2585 5199 quivelut
2608 5146 2672 5184 ex
2702 5128 2971 5182 charitate
3002 5141 3064 5182 ac
3096 5126 3388 5182 dilectione
3416 5141 3571 5181 suam

2010 5228 2201 5281 morbo
2249 5224 2525 5294 impeditis
2583 5220 2931 5276 commodent
2978 5234 3192 5285 vocem,
3224 5217 3390 5290 684
3425 5217 3571 5288 quod

2016 5318 2238 5388 quidem
2286 5317 2399 5386 jam
2439 5315 2691 5370 usuvenit
2741 5313 2796 5368 in
2857 5312 3065 5367 Lazaro
3113 5319 3164 5366 et
3197 5311 3317 5380 ejus
3361 5323 3569 5365 sorore.

2018 5409 2309 5478 Sapienter
2346 5421 2474 5461 vero
2509 5414 2562 5459 et
2611 5412 2763 5460 recto
2805 5405 2997 5460 ordine
3048 5402 3256 5455 Martha
3291 5401 3443 5472 prius
3488 5413 3562 5455 se-

2014 5502 2183 5554 minat
2221 5498 2343 5552 ﬁdei
2369 5495 2795 5562 confessionem,
2823 5503 2884 5550 ut
2909 5510 2973 5550 ex
3011 5508 3073 5549 ea
3109 5492 3343 5548 fructum
3380 5497 3566 5545 metat.

412 5844 491 5909 (l)
529 5842 691 5913 Τιὶχα
727 5842 831 5896 δὲ.
863 5880 873 5893 .
905 5882 917 5894 .
947 5878 959 5893 .
995 5839 1099 5894 τοῦ
1130 5838 1405 5907 Χριστοῦ.
1453 5837 1532 5893 Ex
1568 5846 1759 5892 catena
1798 5835 1894 5891 Vat

1997 5851 2076 5903 na,
2115 5834 2204 5889 fol.
2248 5833 2349 5889 Δ19.ξὸ
2395 5834 2444 5900 b,
2488 5848 2572 5901 ap.
2612 5828 2715 5885 Mai
2745 5830 2780 5884 l.
2815 5829 2851 5883 Γ.
2880 5843 2999 5898 pag.
3032 5827 3147 5883 155.
