4144 6474
593 431 662 491 BI
1560 426 1616 481 S.
1659 425 1939 481 CYRILLI
1978 422 2455 481 ALEXANDRINI
2495 423 2818 479 ARCHIEP.
3798 424 3873 480 5‘1

671 550 759 618 .\'I,
789 550 881 607 28.
916 549 985 604 Et
1029 550 1140 604 lucc
1182 550 1360 604 locum
1412 547 1565 612 abiit,
1597 555 1646 601 et
1694 547 1893 602 vocavit
1944 543 2178 599 Mariam
2210 547 2257 605 Α

2234 548 2257 603 ι
2355 544 2467 597 Καὶ
2508 544 2695 598 ταῦτα
2724 545 3002 609 εἰποῦσα,
3036 545 3273 614 ἀπῆλθε
3302 546 3399 603 καὶ
3433 547 3709 616 ἐφώνησε
3750 548 3870 599 Ma-

596 659 830 700 sororem
872 658 1046 707 suam,
1077 650 1184 696 etc.

2278 637 2422 705 ρίαν
2446 636 2562 704 τὴν
2587 636 2863 704 ἀδελφὴν
2884 636 3073 705 αὐτῆς
3090 681 3105 702 ,
3135 641 3229 692 καὶ
3258 640 3325 693 τὰ
3348 638 3493 708 ὲξῆς.

666 735 818 789 Abiit
861 736 931 789 ad
976 734 1283 788 vocandam
1315 746 1562 788 sororem
1607 746 1787 798 suam,
1821 737 1883 783 ut
1913 730 1965 784 ei
2012 741 2174 783 suum

2363 727 2599 799 Ἀπῆλθε
2648 728 2955 783 καλέσουσα
2986 730 3085 800 τὴν
3132 730 3366 801 ἀδελφὴν
3415 730 3588 800 αὐτῆς
3627 729 3762 797 πρὸς
3809 728 3872 781 τὸ

598 828 656 882 in
688 841 749 881 re
782 835 1099 896 exspectata
1127 826 1388 898 gaudium
1416 840 1480 878 ac
1527 838 1683 892 spem
1712 820 2174 881 communicaret,

2283 821 2378 875 καὶ
2422 820 2591 892 αὐτὴν
2652 822 2981 891 κοινωνῆσαι
3034 821 3134 890 τῆς
3180 822 3273 874 ἐπὶ
3317 820 3395 892 τῷ
3438 820 3873 891 προσδοκωμένῳ

603 931 725 973 eum
768 918 862 987 qui
904 926 1155 973 mortuus
1194 915 1392 979 fuerat,
1435 914 1743 969 redivivum
1783 928 1850 967 ex
1892 913 2179 980 insperato

2281 913 2570 984 πράγματι
2624 911 2928 982 εὐθυμίας,
2994 912 3517 983 συναποληψομένην
3564 910 3871 964 ἀναστάντα

598 1007 1202 1078 :‘ccepturae.Audierat
1230 1007 1399 1069 enim,
1424 1024 1441 1056 ι
1473 1004 1747 1074 Resurget
1771 1003 1939 1056 frater
1971 1010 2123 1066 tuus,
2154 1017 2172 1050 ι

2282 1008 2410 1077 παρ’
2440 1006 2631 1059 ἐλπίδα
2657 1006 2839 1059 πᾶσαν
2854 1005 2945 1058 τὸν
2972 1005 3290 1075 τεθνηκότα.
3313 1000 3422 1057 Ἦν
3443 1004 3549 1075 γὰρ
3569 1002 3867 1057 ἀκούσασα·

598 1100 698 1159 διεά
736 1098 1046 1155 Servatoris
1087 1099 1383 1153 adventum
1412 1096 1591 1151 sorori
1623 1112 1736 1151 suae
1769 1096 1911 1149 clam
1951 1094 2178 1148 nuntia-

2288 1119 2307 1152 ι
2347 1100 2742 1170 Ἀναστήσεται
2787 1100 2818 1151 6
2863 1098 3091 1167 ἀδελφός
3122 1115 3215 1151 σου
3240 1116 3251 1129 ·
3283 1117 3301 1149 ι
3357 1096 3531 1167 λάθρα
3560 1095 3618 1147 δὲ
3645 1095 3745 1163 τὴν
3775 1093 3870 1146 τοῦ

597 1193 703 1256 vit,
729 1192 857 1263 quia
896 1206 1020 1245 cum
1042 1206 1104 1245 ea
1136 1200 1294 1245 erant
1325 1190 1642 1244 Iudaeorum
1664 1187 1914 1241 nonnulli
1954 1185 2179 1241 Christo

2284 1193 2539 1263 Σωτῆρος
2573 1191 2875 1264 παρουσίαν
2904 1194 2969 1261 τῇ
3021 1190 3225 1261 ἀδελφῇ
3252 1190 3421 1259 αὐτῆς
3455 1186 3869 1258 εὐηγγελίσατο,

601 1280 995 1336 miraculorum
1050 1279 1246 1334 [actori
1295 1280 1628 1335 invidentes.
1680 1277 1790 1333 Nec
1831 1277 2180 1331 inveniemus

2284 1286 2371 1339 διὰ
2420 1286 2481 1338 τὸ
2539 1281 3022 1356 παρακαθέζεσθαι
3076 1282 3183 1335 τῶν
3247 1281 3517 1335 Ἰουδαίων
3565 1280 3716 1336 τινάς
3764 1278 3874 1330 τῶν

602 1387 835 1442 usquam
867 1372 921 1425 in
951 1371 1263 1442 Evangeliis
1286 1370 1577 1426 Christum
1603 1370 1833 1435 dixisse,
1872 1366 2016 1420 Voca
2047 1366 2180 1420 mihi

2286 1377 2627 1448 φθονούντων
2680 1371 3190 1445 θαυματουργοῦντι
3232 1370 3311 1442 τῷ
3340 1368 3579 1441 Χριστῷ.
3636 1367 3745 1420 Καὶ
3776 1365 3876 1435 οὐχ

601 1477 850 1518 sororem
889 1474 1039 1516 tuam
1070 1480 1083 1515 :
1115 1460 1211 1516 sed
1244 1460 1484 1525 Martha,
1526 1457 1913 1513 necessitatem
1952 1456 2182 1509 inexcu-

2286 1469 2592 1539 εὑρήσομεν
2637 1468 2694 1518 ὲν
2734 1467 2845 1527 τοῖς
2882 1462 3235 1530 Εὐαγγελίοις
3280 1463 3363 1515 ὅτι
3400 1462 3427 1512 6
3451 1456 3684 1528 Χριστὸς
3725 1453 3842 1509 εἷπε

598 1556 829 1612 sabilem
864 1557 942 1610 rei
968 1561 1024 1608 et
1055 1554 1300 1608 debitum
1343 1553 1614 1607 adventus
1649 1562 1848 1602 munus
1892 1560 1992 1616 pro
2047 1559 2182 1598 voce

2285 1559 2454 1614 Κάλει
2506 1575 2595 1627 μοι
2626 1557 2723 1625 τὴν
2753 1555 2989 1625 ἀδελφήν
3025 1571 3118 1606 σου
3138 1570 3152 1585 ·
3205 1551 3319 1605 ἀλλ’
3357 1552 3390 1620 ἡ
3423 1550 3621 1619 Μάρθα
3650 1546 3746 1617 τὴν
3778 1545 3872 1598 τοῦ

598 1657 656 1705 et
682 1648 845 1718 jussu
875 1648 1182 1718 accipiens,
1214 1647 1322 1701 hoc
1365 1645 1464 1698 ait.
1498 1642 1595 1697 Illa
1625 1655 1752 1697 vero
1787 1638 2049 1693 alacriter
2087 1651 2181 1690 cu-

2285 1649 2614 1719 πράγματος
2671 1644 3046 1715 ἀπαραίτητον
3098 1642 3288 1713 χρείαν
3333 1641 3427 1693 καὶ
3482 1638 3542 1690 τὺ
3586 1638 3684 1706 τῆς
3733 1653 3873 1705 παρ-

602 1739 781 1795 currit
802 1738 871 1793 ad
901 1752 1053 1804 eum,
1076 1745 1131 1791 et
1163 1736 1219 1790 in
1259 1749 1560 1789 occursum
1585 1730 1849 1801 perrexit.
1894 1726 2183 1793 Quomodo

2285 1739 2472 1803 ου’σίας
2516 1737 2987 1809 χρεωστούμενον,
3037 1735 3159 1788 ἀντὶ
3206 1732 3508 1793 κελεύσεως
3555 1729 3651 1782 καὶ
3690 1727 3874 1796 φωνῆς

603 1834 751 1889 enim
797 1833 901 1887 hoc
927 1846 1038 1885 non
1070 1829 1314 1893 fecisset,
1357 1842 1478 1897 quae
1511 1834 1799 1894 tantopere
1829 1823 1897 1876 de
1931 1821 2181 1875 absentia
2220 1893 2239 1901 _

2244 1895 2256 1901 λ
2287 1830 2555 1901 δεξαμένη
2577 1870 2592 1895 ,
2629 1828 2788 1882 τοῦτό
2818 1844 3003 1897 φησιν.
3067 1826 3130 1879 Ἦ
3155 1825 3211 1877 δὲ
3242 1824 3474 1892 ἑτοίμως
3502 1821 3701 1891 έδραμε
3737 1818 3880 1888 πρὸς

604 1926 726 1995 θεῖνε
751 1923 1023 1987 domefa-
1069 1936 1302 1994 αυεείιυε
1345 1893 1634 1989 ιθηιορθτθ
1670 1893 1876 1987 βίθίθίθ
1909 1920 1962 1968 ει
1994 1913 2184 1966 είκπῖ·
2220 1893 2262 1947 Β
2292 1893 2485 1987 αὑτὸν,
2532 1893 2626 1974 καὶ
2678 1893 2921 1991 ὑπαντᾷν
2969 1917 3162 1972 ἐθέλει.
3225 1914 3349 1977 Πῶς
3383 1914 3492 1984 γὰρ
3538 1913 3637 1964 οὐκ
3680 1908 3884 1979 ἔμελλε

606 2026 716 2072 tate
745 2016 800 2071 in
835 2028 1079 2070 amorem
1111 2013 1235 2083 ejus
1261 2008 1583 2067 exarserat?

2292 2016 2451 2071 τοῦτο
2487 2018 2661 2069 ποιεῖν
2700 2017 2732 2085 ἡ
2780 2014 2986 2083 σφόδρα
3026 2008 3341 2079 λυπουμένη
3399 2006 3490 2059 ἐπὶ
3523 2008 3589 2075 τῆ
3640 2002 3878 2071 ἀπουσίᾳ

2292 2108 2481 2174 αὐτοῦ,
2512 2109 2604 2161 καὶ
2629 2107 2828 2176 θερμὸν
2852 2105 3050 2175 ἔχουσα
3083 2102 3339 2174 φρόνημα
3369 2100 3449 2162 εἰς
3472 2097 3753 2151 εὐσέϐειαν
3782 2093 3878 2146 καὶ

2292 2203 2513 2272 ἀγάπην
2546 2202 2624 2263 εἰς
2660 2199 2822 2253 αὑτὸν
2856 2198 3056 2266 πολλήν
3083 2214 3097 2260 ;

678 2288 774 2354 XI,
801 2288 893 2343 51.
921 2286 1101 2342 Judwi
1130 2300 1250 2355 ergo
1292 2284 1382 2353 qui
1416 2290 1568 2336 erant
1606 2294 1723 2332 cum
1752 2293 1811 2329 ea
1860 2276 2025 2328 seculi
2067 2282 2188 2326 sunt

2369 2297 2435 2348 Οἱ
2462 2295 2577 2348 οὖν
2615 2290 2883 2347 Ἰουδαῖοι
2923 2292 2978 2344 οὶ
3007 2289 3177 2354 ὄντες
3198 2288 3325 2357 μετ’
3359 2285 3578 2353 αὐτῆς,
3616 2281 3874 2351 ἠκολού-

608 2397 746 2435 eam.

2294 2392 2492 2455 θησαν
2526 2383 2702 2452 αὐτῇ.

679 2470 859 2527 Judaei
894 2485 1026 2543 ergo
1051 2469 1145 2541 qui
1174 2484 1300 2524 cum
1331 2467 1425 2522 illa
1467 2472 1643 2531 erant,
1678 2463 1783 2517 rati
1823 2476 1942 2516 eam
1976 2458 2031 2512 in
2072 2472 2190 2511 mo-

2364 2482 2424 2532 Ol
2454 2473 2546 2531 οὖν
2580 2475 2829 2537 συνόντες
2868 2474 3109 2527 Ἰουδαῖοι
3131 2512 3145 2537 ,
3176 2471 3454 2542 οἰηθέντες
3482 2468 3652 2536 αὐτὴν
3684 2469 3877 2536 δεδρα-

611 2572 938 2621 numentum
992 2580 1114 2621 sese
1154 2562 1496 2634 proripuisse
1552 2566 1610 2613 ut
1656 2572 1715 2612 se
1758 2553 2074 2617 dilaniaret,
2104 2565 2190 2606 se-

2296 2571 2529 2643 μηκέναι
2574 2570 2666 2622 ἐπὶ
2707 2566 2767 2620 τὸ
2802 2568 3064 2635 μνημεῖον
3098 2564 3233 2636 πρὸς
3252 2564 3313 2617 τὸ
3345 2558 3542 2630 ἑαυτὴν
3578 2556 3877 2627 σπαράξαι,

608 2664 860 2727 quuntur
904 2670 1050 2722 eam,
1081 2653 1153 2709 ad
1194 2654 1247 2708 id
1306 2660 1443 2707 nutu
1480 2650 1669 2705 divino
1702 2646 1951 2717 impulsi,
1998 2650 2060 2697 ut
2104 2642 2191 2696 vel

2295 2660 2780 2717 συνακολουθοῦσιν
2826 2660 2985 2729 αὐτῇ,
3013 2656 3243 2727 νεύματι
3274 2653 3408 2708 Θεοῦ
3453 2652 3610 2705 τοῦτο
3660 2648 3876 2703 ποιοῦν-

607 2750 776 2807 inviti
821 2749 890 2805 ad
938 2746 1235 2803 videndum
1280 2745 1612 2800 miraculum
1660 2739 2040 2797 convenirent.
2071 2732 2189 2787 Nisi

2291 2774 2413 2820 τες,
2460 2756 2546 2808 ἵνα
2579 2752 2905 2806 συνέλθωσιν
2948 2750 3042 2803 ἐπὶ
3084 2748 3160 2818 τῷ
3194 2747 3256 2800 τδ
3296 2744 3481 2815 θαῦμα
3518 2743 3644 2795 ἰδεῖν
3672 2740 3766 2793 καὶ
3803 2739 3879 2811 μὴ

610 2845 761 2901 enim
815 2844 922 2898 hoc
972 2858 1040 2903 ex
1075 2839 1428 2896 ordinatione
1462 2836 1558 2891 Dei
1580 2835 1799 2894 .factum
1846 2836 2015 2894 esset,
2051 2843 2189 2881 nun-

2294 2847 2630 2918 βουλόμενοι.
2679 2846 2741 2898 Εἰ
2774 2844 2881 2913 γάρ
2919 2841 2993 2913 μὴ
3023 2837 3308 2909 οἰκονομίᾳ.
3337 2835 3472 2889 Θεοῦ
3505 2832 3665 2887 τοῦτο
3699 2830 3879 2899 ἐγεγό-

612 2950 778 3008 quam
819 2933 940 3004 ejus
981 2933 1321 2987 mentionem
1354 2929 1583 2985 fecisset
1627 2925 1987 2996 evangelista,
2016 2936 2192 2989 neque

2293 2958 2403 3003 νει,
2445 2939 2545 2992 ούκ
2574 2938 2639 2991 ἂν
2676 2936 2953 3007 ἐμέμνητο
2994 2930 3158 2985 αὐτοῦ
3203 2935 3230 2985 6
3267 2926 3695 2997 εύαγγελιστὴς,
3750 2922 3877 2976 οὔτε

614 3034 1016 3085 concurrentes
1076 3026 1132 3079 in
1212 3022 1645 3093 unumquodque
1715 3031 1917 3073 causas
1983 3015 2192 3083 scripto

2292 3032 2389 3094 τὰς
2420 3033 2501 3099 ἐφ’
2536 3030 2750 3098 ἑκάστῳ
2786 3025 3192 3096 συμϐαινούσας
3222 3022 3401 3084 αἰτίας
3433 3017 3805 3088 ἀπεγράφετο,
3833 3014 3879 3066 εξ

617 3122 960 3185 mandasset,
986 3119 1095 3174 nisi
1122 3118 1325 3188 ubique
1353 3116 1589 3171 maxime
1609 3111 1824 3169 veritati
1859 3108 2189 3167 studuisset.

2298 3123 2371 3194 μὴ
2400 3120 2670 3190 πανταχοῦ
2697 3119 2795 3187 τῆς
2814 3115 3067 3185 ἀληθείας
3097 3114 3451 3166 ἀντεποιεῖτο.
3477 3105 3642 3161 Εἶπεν
3668 3100 3762 3158 οὖν
3784 3104 3882 3171 τὴν

617 3208 745 3266 Ideo
774 3209 917 3265 dixit
945 3223 1170 3264 causam
1207 3222 1307 3261 cur
1338 3206 1495 3260 multi
1542 3204 1607 3259 ad
1646 3207 2063 3257 monumentum
2101 3211 2192 3251 aer
2222 3235 2253 3291 ε

2246 3215 2476 3291 ;αίτίαν
2523 3213 2587 3264 δι’
2635 3212 2702 3281 ἦν
2757 3209 2938 3262 πολλοὶ
2983 3208 3061 3269 είς
3104 3206 3163 3258 τὸ
3219 3205 3481 3275 μνημεῖον
3519 3200 3788 3270 ἔδραμον,
3832 3193 3882 3246 οἳ

618 3312 932 3368 currerent,
978 3301 1071 3371 qui
1125 3299 1329 3369 reperti
1366 3305 1496 3352 sunt
1543 3305 1596 3352 et
1658 3295 1885 3350 fuerunt
1941 3287 2192 3345 miraculi
2233 3287 2254 3291 '

2242 3287 2263 3291 ﬁ
2303 3304 2605 3376 εὑρέθησάν
2658 3319 2713 3354 τε
2758 3302 2852 3353 καὶ
2887 3299 3144 3367 γεγόνασι
3193 3294 3383 3349 θεαταὶ
3433 3290 3525 3344 τοῦ
3581 3289 3878 3355 θαύματος,

619 3399 984 3463 spectatores,
1017 3389 1257 3457 aliisque
1290 3386 1706 3442 renuntiarunt.

1346 3386 1679 3441 ἱΙιυηῑῖίινιιηί
1695 3427 1706 3439 -
2305 3396 2398 3449 καὶ
2426 3394 2605 3455 ἄλλοις
2625 3389 2982 3462 ἀπήγγειλαν.

691 3482 784 3544 XI,
817 3483 905 3537 ‘52.
958 3479 1138 3535 Maria
1169 3496 1291 3549 ergo
1327 3496 1445 3532 cum
1489 3478 1709 3532 venisse:
1742 3474 1829 3527 ubi
1854 3481 1971 3527 erat
2014 3469 2194 3535 Iesus,

2387 3489 2457 3543 ἸΙ
2498 3483 2611 3542 οὖν
2641 3484 2838 3552 Μαρία
2877 3483 2956 3547 ὠς
2992 3477 3180 3549 ἦλθεν
3228 3478 3379 3530 ὅπου
3429 3469 3507 3543 ἦν
3549 3474 3580 3526 ὁ
3630 3468 3882 3537 Ἰησοῦς,

621 3576 813 3630 cecidit
842 3575 909 3629 ad
939 3573 1093 3642 pedes
1118 3574 1257 3642 ejus,
1286 3583 1393 3625 etc.

2305 3579 2486 3632 ἔπεσε
2523 3574 2671 3643 πρὸς
2695 3572 2839 3637 τοὺς
2869 3569 3061 3633 πόδας
3085 3564 3295 3629 αὑτοῦ,
3324 3563 3417 3617 καὶ
3441 3562 3507 3615 τὰ
3547 3559 3692 3628 ἑξῆς.

695 3665 866 3737 Igitur
895 3664 1067 3719 Maria
1098 3669 1487 3733 praematuram
1516 3666 1748 3715 mortem
1781 3655 1968 3711 fratris
1999 3653 2081 3709 sui
2114 3666 2202 3707 ac-

2389 3669 2452 3721 'H
2489 3666 2667 3737 μέντοι
2700 3663 2917 3734 Μαρία,
2953 3659 3201 3730 πρόωρον
3248 3652 3580 3725 γεγενῆσθαι
3625 3650 3772 3717 λέγει
3797 3648 3887 3700 τὸν

624 3756 831 3812 cidisse
871 3756 949 3810 ait
990 3756 1060 3811 ob
1091 3750 1310 3807 Domini
1341 3750 1671 3811 absentiam,
1699 3758 1751 3802 et
1780 3757 1912 3799 tunc
1945 3742 2204 3797 advenire

2309 3758 2534 3811 θάνατον
2571 3754 2649 3824 τῷ
2682 3750 2895 3821 ἀδελφῷ
2925 3748 3011 3803 διὰ
3042 3749 3103 3801 τὸ
3131 3749 3350 3800 ἀπεῖναι
3382 3746 3472 3797 τθν
3498 3743 3702 3813 Κύριον
3726 3756 3743 3772 ·
3796 3738 3888 3792 καὶ

626 3863 853 3920 peregre
887 3848 1109 3903 domum
1149 3859 1329 3908 suam,
1362 3857 1489 3898 cum
1525 3855 1689 3896 omne
1728 3849 1942 3907 tempus
1970 3833 2203 3889 curandi

2309 3852 2429 3904 τότε
2462 3850 2627 3919 φησιν
2650 3842 3108 3915 ἐπιδεδημηκέναι
3134 3838 3296 3893 αὐτὸν
3323 3836 3401 3905 τῷ
3426 3834 3559 3905 οἴκῳ
3578 3874 3592 3897 ,
3617 3835 3704 3885 ὅτε
3732 3833 3759 3884 6
3791 3830 3886 3899 τῆς

627 3940 987 4011 ρτωιειδὶίίεεεῑ
1020 3956 1033 3994 :
1072 3947 1240 4008 atque
1301 3951 1365 3990 ex
1435 3947 1502 3988 eo
1569 3931 1947 4001 conjecturam
2005 3941 2206 3996 capere

2311 3939 2607 4013 θεραπείας
2640 3936 2959 4007 παρέδραμε
2998 3930 3191 4000 καιρός
3216 3945 3229 3959 °
3291 3926 3383 3981 καὶ
3424 3924 3537 3978 ἐστι
3572 3923 3669 3993 μὲν
3699 3921 3794 3975 καὶ
3826 3920 3890 3973 ὲκ

628 4034 775 4099 licet,
813 4032 961 4104 quod
998 4040 1259 4100 tanquam
1296 4026 1409 4082 Deo
1440 4024 1544 4096 ipsi
1576 4023 1680 4077 hoc
1715 4022 1955 4085 dicebat,
1982 4018 2204 4073 tametsi

2310 4035 2501 4088 τούτου
2531 4027 2932 4101 στοχάσασθαι,
2968 4027 3049 4079 ὅτι
3090 4024 3164 4086 ὡς
3193 4019 3311 4090 Θεῷ
3345 4016 3494 4086 αὐτῷ
3525 4016 3676 4081 ἔλεγε
3710 4011 3888 4076 τοῦτο,

627 4143 741 4182 non
774 4131 1029 4180 accurate
1074 4123 1261 4177 locuta
1309 4126 1416 4184 est,
1449 4127 1570 4171 rata
1618 4129 1730 4169 non
1760 4111 1925 4183 685
1961 4110 2206 4167 adfuisse

2313 4127 2361 4179 εί
2395 4124 2489 4177 καὶ
2511 4124 2610 4175 οὐκ
2637 4117 2881 4188 ἀκριϐῶς
2906 4114 3230 4183 λελάληκεν,
3274 4107 3495 4178 οἰομένη
3533 4105 3607 4174 μὴ
3636 4102 3892 4173 παρεῖναι

630 4223 812 4290 ipsum
867 4215 1014 4287 quod
1073 4214 1289 4269 abesset
1336 4224 1589 4281 corpore.
1643 4205 1749 4261 Sed
1800 4213 1985 4259 tamen
2031 4204 2207 4258 multo

2314 4216 2476 4272 αὐτὸν
2505 4216 2551 4268 εἰ
2585 4213 2677 4266 καὶ
2708 4210 2855 4279 ἀπῆν
2885 4207 2964 4277 τῷ
2988 4204 3221 4274 σώματι.
3268 4196 3661 4270 ’Λκρισεστέρα
3681 4194 3737 4246 δὲ
3756 4188 3894 4248 οῦσα

629 4279 862 4384 peritior
885 4279 939 4365 et
979 4306 1375 4377 intelligentior
1406 4279 1644 4365 Martha,
1670 4315 1782 4355 non
1814 4298 1971 4361 dixit,
2003 4317 2021 4349 ‹
2055 4295 2208 4362 Qua:-

2314 4309 2409 4361 καὶ
2441 4301 2781 4372 συνετωτέρα
2809 4299 2910 4368 τῆς
2941 4293 3169 4365 Μάρθας
3190 4333 3204 4356 ,
3253 4292 3354 4343 οὐκ
3379 4285 3558 4341 εἶπεν·
3600 4306 3616 4337 ι
3659 4285 3796 4336 Ὅσα
3825 4279 3894 4334 ἂν

629 4373 849 4475 cunque
896 4415 1092 4472 posces
1137 4373 1330 4460 Deum,
1378 4394 1533 4448 dabit
1577 4392 1672 4448 tibi
1719 4391 1884 4446 Deus.
1921 4409 1940 4443 ι
1976 4388 2105 4444 Ideo
2139 4387 2207 4442 ad

2314 4400 2514 4469 αἰτήσῃ
2530 4395 2621 4446 τὸν
2640 4392 2792 4454 Θεὸν,
2824 4388 2985 4443 δώσει
3012 4403 3094 4438 σοι
3124 4387 3152 4437 6
3180 4383 3327 4444 Θεός,
3360 4400 3380 4432 ι
3410 4380 3500 4431 Διὸ
3530 4377 3663 4448 πρὸς
3689 4373 3897 4440 ταύτην

632 4499 776 4557 hanc
808 4495 950 4550 nihil
983 4490 1284 4561 respondet
1324 4487 1613 4549 Dominus,
1652 4484 1719 4538 ad
1769 4481 2042 4537 Martham
2077 4496 2208 4536 vero

2315 4462 2466 4543 οὐδέν
2486 4462 2661 4537 ’.λαλεί
2702 4483 2730 4532 ὁ
2759 4479 2984 4550 Κύριος,
3015 4474 3151 4546 πρὸς
3185 4474 3240 4526 δὲ
3283 4473 3381 4542 τὴν
3403 4469 3633 4538 Μάρθαν
3685 4462 3895 4536 μακρὸν

631 4590 908 4662 prolixum
961 4554 1154 4641 habuit
1204 4594 1539 4639 sermonem.
1592 4576 1700 4631 Sed
1751 4576 1895 4631 enim
1949 4574 2199 4628 obrutam
2244 4590 2267 4644 ι

2260 4590 2287 4643 L)
2316 4580 2539 4633 διέτεινε
2579 4575 2670 4627 τὸν
2701 4571 2877 4640 λόγον.
2937 4570 3015 4637 Τῇ
3054 4565 3200 4637 λύπῃ
3235 4563 3418 4633 μέντοι
3467 4558 3768 4629 μεθύουσαν
3796 4554 3896 4623 τὴν

634 4683 823 4739 dolore
874 4678 1102 4733 Mariam
1164 4690 1274 4729 non
1320 4670 1621 4738 redarguit,
1662 4668 1708 4721 ei
1748 4667 1840 4736 qui
1897 4672 2210 4720 creaturam

2316 4670 2536 4740 Μαρίαν
2564 4665 2663 4719 οὐκ
2694 4664 2933 4732 ἐλέγχει,
2962 4659 3222 4712 εἰποῦσαν
3246 4655 3334 4720 τὸ,
3375 4673 3392 4705 ι
3417 4654 3478 4705 El
3504 4648 3569 4720 ἧς
3599 4644 3703 4703 ὧδε
3722 4686 3738 4710 ,
3769 4665 3788 4698 ι
3817 4646 3897 4715 τῷ

632 4790 850 4837 omnem
884 4771 1068 4842 implet
1101 4770 1206 4823 hoc
1228 4768 1517 4825 locutam”
1549 4760 1602 4815 Si
1629 4759 1829 4814 fuisses
1849 4758 1961 4825 hic,
1986 4778 2003 4809 ι
2027 4774 2211 4813 exem-

2318 4759 2615 4833 πληροῦντι
2643 4756 2741 4827 τὴν
2766 4755 2983 4809 ἃπασαν
3013 4749 3187 4803 κτίσιν
3206 4764 3221 4779 ·
3263 4746 3398 4817 πρὸς
3433 4745 3579 4813 ἡμᾶς
3606 4743 3897 4809 ὑπογραμφ

633 4870 785 4941 plum
813 4830 978 4923 nobis
1005 4862 1253 4934 przebens
1290 4874 1399 4912 non
1426 4853 1793 4925 redarguendi
1822 4868 1917 4907 eos
1952 4852 2045 4922 qui
2081 4858 2212 4905 sunt

2322 4855 2419 4925 μὸν
2450 4853 2543 4905 καὶ
2567 4849 2726 4904 τοῦτο
2760 4845 2947 4906 ποιῶν,
2982 4842 3068 4895 ἵνα
3102 4841 3175 4910 μὴ
3202 4839 3327 4900 τοὺς
3360 4839 3417 4888 ἐν
3450 4836 3600 4904 ἀκμῇ
3633 4831 3741 4883 τῶν
3766 4830 3898 4900 θρή-

2705 4937 2740 4941 “⁴
2775 4936 2785 4941 ⁸
3098 4934 3106 4941 ·
3158 4933 3168 4941 ι
3292 4929 3315 4939 θ’
3464 4927 3529 4941 Oh!
3594 4924 3615 4941 θ
3680 4923 3697 4941 κ
3722 4923 3735 4941 1
3769 4938 3893 4941 ,___A

632 4963 688 5019 in
737 4958 944 5013 recenti
976 4950 1403 5019 vehementique
1455 4948 1629 5002 luctu.
1681 4945 1981 5014 Propterea
2033 4959 2212 5013 neque

2319 4923 2424 5000 νων
2485 4943 2645 5003 ὄντας
2701 4936 3034 5007 ἐλέγχωμεν.
3084 4933 3183 4985 Διὰ
3227 4929 3382 4982 τοῦτο
3424 4927 3543 4981 οὐδὲ
3590 4923 3898 4990 διαλέγεται

636 5046 976 5117 colloquitur
1030 5056 1153 5096 cum
1203 5053 1290 5103 ea,
1324 5053 1503 5107 neque
1559 5035 1697 5090 dicit
1741 5049 1803 5087 ea
1860 5048 1981 5103 quae
2034 5031 2213 5087 sorori

2317 5037 2487 5106 αὐτῇ,
2517 5032 2637 5086 οὐδὲ
2682 5028 2832 5095 λέγει
2871 5025 2939 5079 τά
2966 5023 3135 5085 αὑτά,
3180 5021 3215 5074 ἂ
3246 5021 3336 5072 καὶ
3371 5018 3505 5087 πρὸς
3535 5015 3633 5086 τὴν
3666 5010 3899 5081 ἀδελφὴν

637 5142 759 5215 ejus
789 5137 947 5201 dixit,
995 5133 1254 5204 quoniam
1308 5130 1492 5184 aderat
1533 5141 1730 5196 magna
1763 5125 2078 5187 multitudo,
2116 5138 2218 5177 nec

2321 5105 2492 5195 αὐτῆς
2522 5121 2640 5177 εἷπε
2662 5160 2676 5184 ,
2706 5118 2792 5172 διὰ
2822 5117 2881 5171 τὸ
2914 5118 3165 5186 παρεῖναι
3213 5112 3378 5165 πολὺν
3434 5111 3588 5185 ὄχλον
3608 5151 3620 5170 ,
3677 5108 3769 5159 καὶ
3825 5105 3903 5175 μὴ

642 5234 834 5290 talium
882 5228 1179 5284 verborum
1235 5232 1453 5292 tempus
1513 5229 1683 5276 erat:
1738 5219 2044 5286 acquiescit
2090 5231 2219 5271 vero

2324 5216 2464 5273 εἶναι
2492 5214 2685 5285 καιρὸν
2721 5211 2829 5265 τῶν
2865 5208 3122 5262 τοιούτων
3167 5205 3449 5277 ῥημάτων·
3478 5198 3904 5269 συγκαταϐαίνει

641 5326 818 5396 magis
848 5330 900 5379 et
929 5319 1253 5383 assentitur,
1284 5318 1580 5372 humanam
1620 5320 1876 5366 naturam
1903 5310 2216 5373 declarans,

2325 5314 2380 5365 δὲ
2417 5309 2611 5380 μᾶλλον
2634 5347 2647 5369 ,
2681 5306 2780 5376 τὴν
2824 5300 3170 5373 ἀνθρωπίνην
3219 5298 3378 5366 φύσιν
3417 5293 3771 5363 ἀπογυμνῶν,
3807 5292 3904 5344 δα·-

642 5428 699 5478 et
735 5385 1088 5487 Iacrymatur
1132 5417 1187 5466 et
1222 5407 1583 5465 confunditur
1611 5404 1806 5458 videns
1856 5417 1974 5459 eam
2029 5402 2220 5471 lugen-

2328 5403 2482 5473 κρύει
2500 5402 2554 5454 δὲ
2576 5400 2668 5454 καὶ
2690 5400 2992 5466 συγχεῖται,
3016 5393 3133 5447 ἰδὼν
3157 5391 3324 5459 αὐτὴν
3348 5388 3638 5442 κλαίουσαν
3660 5386 3756 5439 καὶ
3779 5385 3904 5445 τοὺς

642 5519 778 5571 tem.
815 5484 882 5565 et.
904 5507 1129 5563 Iudaeos
1155 5504 1249 5577 qui
1281 5506 1658 5559 convenerant
1694 5498 2125 5566 illacrymantes.

1876 5500 2125 5549 rmantes.
2329 5493 2679 5553 συνελθόντας
2707 5492 2842 5559 αὐτῇ
2892 5486 3177 5548 Ἰουδαίους
3206 5484 3512 5545 κλαίοντας.

718 5602 813 5670 XI,
847 5603 936 5660 55.
979 5570 1262 5671 Infremuit
1312 5596 1516 5666 Spiritu
1568 5600 1619 5645 et
1691 5588 1915 5642 turbavit
1963 5585 2213 5653 seipsum.

2410 5581 2867 5652 Ἐνεϐριμήσατο
2929 5577 3006 5641 τῷ
3075 5577 3369 5645 Πνεύματι
3448 5573 3546 5627 καὶ
3612 5570 3906 5639 ἐτάραξεν

717 5696 985 5764 Quoniam
1022 5710 1134 5749 non
1168 5692 1345 5749 solum
1393 5689 1539 5745 Deus
1586 5682 1887 5741 secundum
1939 5690 2216 5743 naturam,
2326 5676 2563 5731 ἑαυτόν.

652 5787 743 5844 sed
777 5795 830 5841 et
853 5785 1015 5841 homo
1040 5792 1159 5841 erat
1182 5782 1465 5843 Christus,
1500 5791 1647 5833 nunc
1674 5771 1878 5843 aliquid
1910 5772 2213 5825 humanum

2412 5765 2629 5834 Ἐπειδὴ
2686 5764 2740 5817 δὲ
2792 5764 2851 5817 οὐ
2899 5763 3054 5833 μόνον
3109 5758 3239 5821 Θεὸς
3278 5756 3417 5810 κατά
3444 5751 3781 5824 φύσιν,ἀλλά
3809 5751 3904 5804 καὶ

650 5876 875 5947 patitur.
908 5873 1046 5932 Cum
1093 5874 1239 5929 enim
1268 5872 1423 5929 dolor
1456 5870 1510 5923 in
1555 5881 1619 5922 eo
1653 5865 1881 5921 excitari
1928 5865 2215 5933 inciperet,

2328 5858 2609 5931 ἄνθρωπος
2639 5852 2704 5928 ἦν
2736 5859 2762 5911 6
2794 5855 3027 5927 Χριστὸς
3049 5897 3062 5923 ,
3111 5852 3305 5921 πάσχει
3339 5848 3430 5902 καὶ
3464 5847 3558 5902 νῦν
3587 5845 3648 5898 τὸ
3690 5842 3906 5913 ἀνθρώ-
