4144 6498
345 461 418 519 53
1206 457 1270 512 IN
1303 455 1644 514 JOANNEM.
1677 487 1745 500 —
1777 455 1905 511 LIB.
1949 453 2045 508 VII
2082 451 2170 506 ET
2203 451 2320 507 VIII
2347 438 2778 506 FRAGMENTA
3541 452 3606 506 bl

342 587 516 626 πινον.
575 569 906 642 ’Δρχομένης
940 567 998 622 δέ
1051 584 1167 630 πως
1211 567 1269 619 ἐν
1315 567 1465 636 αύτῷ
1511 565 1776 620 κινεῖσθαι
1829 564 1924 635 τῆς

2029 570 2224 618 sancta
2301 577 2468 617 carne
2539 560 2651 631 jam
2707 568 2962 631 vergente
3029 557 3098 613 ad
3158 560 3454 630 lacrymas,
3497 578 3605 618 non

343 662 536 731 λύπης,
567 661 660 715 καὶ
690 659 952 730 νευούσης
982 658 1080 729 ἤδη
1107 655 1245 728 πρὸς
1277 657 1336 710 τὸ
1361 655 1596 727 δάκρυον
1629 655 1730 724 τῆς
1758 653 1924 723 ἀγίας

342 751 578 822 σαρκὸς,
633 752 732 805 οὐκ
778 750 996 821 ἐφίησιν
1026 749 1199 817 αὐτὴν
1239 748 1397 801 τοῦτο
1435 747 1628 800 παθεῖν
1660 747 1922 814 ἐκλύτως,

343 842 590 913 καθάπερ
619 841 738 905 ἔθος
763 842 894 911 ἡμῖν
913 858 927 872 ο
960 857 979 891 ι
1022 838 1390 909 Ἐμόριμᾶται
1412 837 1468 890 δὲ
1493 835 1570 907 τῷ
1587 836 1918 906 Πνεύματι·›

339 931 484 985 τοῦτ’
513 930 650 999 ἔστι,
686 933 752 1002 τῇ
785 927 1122 1000 δυνάμειτοῦ
1149 927 1304 996 ἁγίου
1326 926 1645 997 Πνεύματος
1662 925 1926 996 ἐπιπλήτ-

340 1036 422 1073 τει
451 1021 651 1091 τρόπον
680 1021 805 1074 τινὰ
837 1023 904 1092 τῇ
941 1018 1050 1090 ἰδίᾳ
1082 1016 1245 1088 σαρκί
1270 1031 1282 1045 ⁸
1318 1017 1351 1087 ἡ
1376 1016 1453 1080 δέ,
1483 1016 1542 1068 τὸ
1569 1016 1669 1087 τῆς
1703 1014 1924 1068 ἐνωθεί-

341 1129 440 1184 σης
471 1113 607 1183 αὐτῇ
642 1112 896 1183 θεότητος
928 1111 1028 1163 οὐκ
1065 1106 1360 1177 ἐνεγκοῦσα
1381 1107 1610 1178 κίνημα,
1640 1107 1833 1180 τρέμει
1866 1123 1925 1160 τε

339 1205 434 1257 καὶ
460 1203 588 1275 θορύ
600 1204 697 1256 ὅου
715 1204 1011 1257 πλάττεται
1040 1201 1224 1271 σχῆμα
1251 1201 1345 1253 καὶ
1370 1199 1662 1268 συγχέεται
1690 1217 1703 1229 ο
1728 1198 1926 1263 πένθος

339 1291 448 1363 γὰρ
474 1287 612 1345 οἶδεν
647 1292 1047 1364 ἀναρριπίζειν.
1094 1289 1264 1343 Τοῦτο
1297 1289 1406 1360 γὰρ
1433 1284 1587 1360 οἶμαι
1637 1291 1924 1361 σημαίνειν

347 1383 431 1444 τὸ,
469 1401 490 1436 ι
533 1385 830 1457 Ἐτάραξεν
863 1383 1069 1438 ἑαυτόν.
1112 1400 1130 1432 ι
1163 1382 1286 1444 Πῶς
1319 1382 1429 1452 γάρ
1456 1381 1522 1435 ἂν
1557 1382 1762 1454 ἑτέρως
1791 1382 1926 1435 ’ὑπο-

341 1470 503 1542 μείνῃ
535 1471 762 1543 θόρυϐον
787 1491 800 1538 ;
829 1470 1244 1543 Ταραχθήσεταί
1267 1488 1331 1540 γε
1365 1471 1472 1543 μὴν
1499 1473 1640 1526 κατά
1664 1473 1784 1527 τίνα
1803 1473 1926 1544 τρό-

341 1562 499 1631 πονή
534 1561 797 1624 ἀθόλωτος
825 1564 907 1613 ἀεὶ
940 1563 1034 1615 καὶ
1064 1561 1381 1632 γαληνιῶσα
1413 1563 1608 1632 φύσις;
1641 1565 1926 1634 Ἐπιτιμᾶ-

343 1667 431 1704 ται
455 1651 632 1705 τοίνυν
665 1655 696 1723 ἠ
729 1652 865 1723 σὰρξ
891 1653 978 1706 διά
1001 1653 1094 1708 τοῦ
1129 1654 1467 1724 Πνεύματος,
1498 1655 1567 1709 τὰ
1593 1657 1731 1728 ὑπὲρ
1764 1657 1924 1725 φύσιν

343 1741 478 1794 ιδίαν
498 1742 855 1816 διδασκομένη
890 1749 1126 1817 φρονεῖν.
1153 1746 1251 1799 Διά
1274 1746 1383 1818 γάρ
1411 1765 1493 1800 τοι
1515 1746 1674 1801 τοῦτο
1703 1748 1924 1817 γέγονεν

341 1831 396 1882 ἐν
420 1832 611 1902 σαρκὶ,
659 1832 860 1902 μᾶλλον
889 1835 944 1887 δὲ
983 1834 1139 1906 σὰρξ,
1167 1837 1194 1888 6
1221 1836 1401 1890 πάντα
1431 1837 1630 1908 ἰσχύων
1652 1837 1747 1891 τοῦ
1787 1838 1924 1891 Θεοῦ

339 1919 533 1989 Λόγος,
577 1923 664 1976 ἵνα
691 1926 809 1988 ταῖς
841 1925 1144 1997 ἐνεργείαις
1167 1926 1262 1979 τοῦ
1291 1927 1421 1981 ίδίου
1453 1928 1794 1999 Πνεύματος,
1824 1930 1922 1994 τάς

340 2009 439 2079 μὲν
463 2010 563 2081 τῆς
589 2015 791 2086 σαρκὸς
815 2016 1097 2082 ἀσθενείας
1129 2017 1397 2092 νευρώσῃ,
1431 2021 1524 2074 καὶ
1555 2021 1920 2091 γεωδεστέρου

338 2103 686 2174 φρονήματος
734 2107 1016 2179 ἀπαλλάξῃ
1080 2109 1178 2180 τὴν
1213 2110 1410 2178 φύσιν,
1458 2113 1832 2184 ἀναμορφώσῃ
1864 2112 1920 2166 δέ

336 2191 525 2265 ὥσπερ
567 2197 648 2260 είς
687 2198 826 2268 μόνα
864 2198 934 2252 τά
976 2200 1238 2255 δοκοῦντα
1266 2202 1406 2273 Θεῷ.
1467 2203 1674 2257 Ούκοῦν
1706 2203 1919 2274 νόσημα

340 2283 439 2354 μὲν
465 2285 681 2354 φύσεως
701 2289 1070 2363 ἀνθρωπίνης,
1084 2293 1144 2345 τὸ
1159 2293 1537 2364 τυραννεῖσθαι
1553 2298 1675 2359 ταῖς
1698 2295 1918 2359 λύπαις,

340 2381 621 2447 κρατεῖται
661 2382 719 2435 δὲ
763 2383 860 2436 καὶ
905 2376 1064 2439 τοῦτὸ
1096 2387 1236 2456 μετὰ
1274 2388 1384 2440 τῶν
1425 2387 1601 2442 ἄλλων
1632 2393 1688 2444 ἐν
1720 2390 1920 2461 πρώτῳ

413 2472 523 2525 Καὶ
559 2473 619 2527 τὸ
643 2476 853 2547 ἐρωτᾷν
884 2478 960 2548 (l)
992 2475 1085 2532 οῦν
1120 2480 1378 2551 οὐδεμίαν
1413 2482 1634 2549 ἄγνοιαν
1664 2483 1819 2554 φέρει
1847 2483 1925 2553 τῷ

341 2560 410 2613 δι’
429 2564 578 2632 ἡμᾶς
608 2565 728 2618 καθ’
757 2567 905 2637 ἡμᾶς
935 2569 1215 2641 γενομένῳ
1240 2588 1252 2602 ·
1302 2571 1418 2625 ἀλλ’
1455 2573 1518 2624 ἐκ
1547 2572 1699 2626 τοῦδε
1726 2573 1926 2642 μᾶλλον

342 2657 456 2720 ῖσος
492 2657 568 2727 τῷ
597 2660 772 2730 Πατρὶ
807 2661 1102 2717 δείκνυταιο
1128 2667 1221 2718 καὶ
1242 2665 1350 2737 γάρ
1368 2669 1574 2731 ἐκεῖνος
1597 2670 1797 2739 ἐρωτᾷ,
1823 2668 1924 2722 ποῦ

352 2744 525 2812 ’Δδάμ
555 2742 644 2818 ἦν’
684 2751 776 2802 καὶ
805 2742 963 2815 οὗτος
995 2753 1218 2821 ἀγνοιαν
1268 2755 1570 2824 σοφίζεται,
1601 2757 1696 2810 καὶ¹
1721 2757 1929 2813 πυνθά-

339 2839 664 2892 νεταιοιΠοῦ
694 2841 998 2909 τεθείκατες
1028 2865 1046 2896 ›
1068 2845 1208 2899 ὥστε
1239 2846 1327 2900 διὰ
1350 2848 1450 2918 τῆς
1484 2847 1760 2912 πεύσεως,
1789 2851 1929 2920 πλῆ·

340 2927 433 2992 θος
465 2932 862 3002 συναγερθῆναι
896 2935 1031 3004 πρὸς
1055 2936 1154 3007 τὴν
1183 2937 1489 3004 ἀπόδειξιν,
1511 2940 1606 2994 καί
1637 2941 1790 3011 παρά
1817 2940 1926 2994 τῶν

340 3019 551 3091 ἐχθρῶν
603 3023 804 3093 μᾶλλον
871 3027 1287 3098 μαρτυρηθῆναι
1332 3028 1394 3081 τὸ
1454 3029 1754 3100 παράδοξον
1823 3029 1927 3100 τῆς

339 3111 690 3180 ἀναϐιώσεως
717 3117 813 3171 τοῦ
839 3118 939 3190 ἤδη
972 3118 1388 3192 διαφθαρέντος.
1411 3152 1478 3163 -
1507 3122 1721 3194 Ἑρωτᾷ
1745 3122 1925 3176 τοίνυν

338 3201 438 3270 οὐχ
467 3203 542 3266 ὡς
568 3204 778 3272 ἀγνοῶν
805 3223 817 3237 ο
869 3208 965 3260 καὶ
999 3208 1106 3280 γὰρ
1151 3211 1238 3264 ἐπ’
1285 3210 1593 3281 ἀλλοδαπῆς
1627 3211 1702 3266 ῶν
1724 3251 1738 3274 ,
1769 3212 1926 3277 εἰδὼς

339 3291 423 3346 δτι
449 3291 676 3365 τέθνηκε
699 3336 713 3355 ,
749 3296 867 3360 πῶς
904 3298 970 3352 ἂν
1003 3300 1238 3370 ἠγνόησε
1283 3300 1344 3353 τὸ
1390 3302 1610 3373 μνῆμα;
1675 3303 1838 3371 Λέγει
1868 3303 1924 3358 δὲ

339 3381 514 3448 οὕτως
547 3385 624 3448 ὡς
663 3387 1052 3460 ἀφιλόκομπος.
1096 3391 1170 3444 Ού
1207 3391 1315 3463 μὴν
1343 3392 1398 3446 δέ
1425 3388 1578 3446 εἶπεν
1600 3409 1614 3424 ο
1666 3395 1922 3463 Ἀγωμεν

340 3476 421 3538 είς
447 3476 510 3529 τὸ
532 3481 822 3549 μνημεῖον*
845 3481 1022 3552 ἐγερῶ
1048 3481 1158 3553 γάρ
1178 3483 1341 3536 αὐτόν
1362 3501 1374 3514 θ
1412 3485 1459 3536 εἰ
1485 3486 1582 3538 καὶ
1599 3485 1660 3538 τὸ
1686 3485 1922 3554 μάλιστα

341 3567 613 3640 ἐρωτῆσαι
651 3568 824 3636 οῦτως
869 3572 1074 3644 ταύτην
1132 3573 1245 3645 ἔχει
1278 3574 1376 3646 τὴν
1413 3575 1674 3646 ἔμφασιν.
1731 3579 1924 3648 Ὅμως

341 3657 622 3713 καὶτοῦτο
664 3661 865 3724 εἰπὼν,
897 3665 1128 3728 πολλοὺς
1161 3666 1544 3738 παρεσκεύασε
1575 3667 1924 3737 προϐαδίζειν

343 3744 530 3812 αὑτοῦ,
554 3747 630 3812 ὡς
662 3749 1044 3805 ὐποδείκνυται
1072 3752 1132 3805 τὸ
1165 3752 1516 3825 ζητούμενον.
1551 3755 1924 3826 Οίκονομικῶς

344 3829 436 3890 οὖν
465 3838 558 3890 καὶ
598 3838 754 3892 τοῦτο
789 3836 976 3905 εἶπεν,
1036 3840 1208 3896 ἕλκων
1253 3843 1340 3897 διὰ
1375 3843 1470 3897 τοῦ
1518 3846 1760 3916 ῥήματος
1794 3845 1925 3898 πολ-

344 3926 470 3992 λοὺς
503 3931 584 3992 είς
625 3930 716 3983 τὸν
740 3931 904 3987 τόπον
928 3948 943 3963 ·
987 3933 1080 3991 καὶ
1108 3935 1323 4002 ἀγνοεῖν
1354 3935 1750 4006 σχηματίζεται
1769 3978 1783 4000 ,
1831 3936 1928 4008 τὴν

342 4018 441 4090 τῆς
484 4019 900 4093 ἀνθρωπότητος
945 4023 1188 4078 δουλείαν
1236 4027 1329 4079 καὶ
1375 4028 1646 4098 πτωχείαν
1691 4029 1925 4100 οὐδαμοῦ

343 4114 781 4186 παραιτούμενος
805 4117 833 4169 6
860 4116 1020 4186 φύσει
1051 4117 1202 4185 Θεὸς,
1237 4122 1331 4174 καὶ
1365 4121 1543 4175 πάντα
1561 4121 1734 4188 εἰδὼς,
1766 4124 1826 4176 ού
1858 4124 1925 4177 τὰ

343 4205 603 4273 γεγονότα
633 4208 793 4280 μόνον
810 4248 826 4274 ,
851 4209 987 4264 ἀλλά
1013 4211 1108 4266 καὶ
1130 4212 1197 4266 τὰ
1231 4212 1466 4286 ἐσόμενα
1494 4215 1622 4285 πρὶν
1659 4215 1925 4283 γενέσεως

343 4315 540 4353 αυτων.

2029 654 2161 709 sinit
2210 653 2315 708 hoc
2348 667 2468 708 eam
2511 652 2698 718 facere
2731 650 2930 716 solute,
2955 659 3014 705 ut
3057 651 3227 706 moris
3259 660 3345 706 est
3397 653 3559 708 nobis
3593 674 3604 708 :

2033 743 2310 799 rlnl‘remit
2333 750 2512 798 autem
2546 742 2812 813 Spiritu,»
2841 741 2945 796 hoc
2975 750 3059 797 est
3088 742 3138 796 vi
3170 741 3347 796 sancti
3372 740 3611 813 Spiritus

2027 836 2437 906 quodammodo
2494 849 2650 889 suam
2700 848 2927 888 carnem
2986 832 3290 903 increpat:
3333 833 3423 888 illa
3476 850 3608 888 vero

2029 927 2197 982 unita:
2218 927 2322 982 sibi
2347 925 2570 982 deitatis
2598 933 2809 980 motum
2843 939 2955 980 non
2986 923 3192 988 ferens,
3227 925 3410 980 tremit
3439 933 3492 979 et
3522 933 3610 979 tu—

2027 1019 2353 1082 multuatur,
2393 1018 2662 1087 luctuque
2700 1016 3064 1072 confunditur
3113 1031 3178 1071 ac
3227 1024 3444 1072 aestuat.
3491 1016 3609 1072 Iloc

2027 1110 2196 1173 enim,
2220 1112 2440 1179 opinor,
2465 1107 2745 1179 signiﬁcat
2769 1106 2924 1175 illud,
2953 1125 2972 1158 ι
2999 1106 3267 1161 Turbavit
3296 1106 3560 1176 seipsum.
3585 1126 3602 1159 ι

2027 1199 2318 1266 Quomodo
2359 1199 2505 1254 enim
2547 1199 2712 1253 aliter
2743 1198 3052 1254 sustineret
3100 1197 3437 1253 tumultum?
3467 1195 3607 1252 Tur-

2027 1290 2249 1346 babitur
2287 1289 2510 1360 quidem
2544 1304 2784 1359 quonam
2816 1289 2982 1342 modo
3015 1288 3298 1343 inturbida
3322 1296 3377 1343 et
3411 1302 3608 1343 serena

2026 1366 2262 1436 natura?
2286 1382 2608 1452 Increpatur
2633 1394 2767 1436 vero
2795 1395 2928 1435 caro
2960 1395 3057 1450 per
3083 1379 3376 1450 Spiritum,
3413 1379 3606 1434 edocta

2026 1483 2080 1530 et
2121 1477 2282 1544 jussa
2329 1489 2523 1543 sapere
2575 1489 2698 1544 quae
2753 1488 2921 1544 supra
2959 1481 3217 1526 naturam
3260 1487 3414 1526 suam
3455 1480 3603 1527 sunt.

2026 1563 2263 1634 Propter
2319 1563 2422 1619 hoc
2473 1565 2620 1618 enim
2655 1563 2760 1617 fuit
2794 1564 2847 1618 in
2887 1578 3077 1628 carne,
3113 1561 3225 1616 imo
3276 1578 3407 1616 vero
3453 1579 3606 1630 caro,

2027 1656 2376 1725 omnipotens
2422 1655 2518 1712 Dei
2556 1654 2821 1722 Verbum,
2856 1663 2915 1709 ut
2965 1671 3062 1725 per
3097 1654 3448 1724 operationes
3491 1655 3608 1710 eﬁi~

2028 1761 2187 1802 caces
2217 1746 2427 1817 proprii
2473 1744 2736 1816 Spiritus,
2771 1747 2958 1801 carnis
3005 1746 3350 1802 inﬁrmitates
3390 1747 3609 1804 confor-

2029 1841 2264 1899 taret,et
2310 1841 2587 1888 aterrena
2631 1835 2964 1905 cogitatione
3010 1843 3265 1890 naturam
3311 1835 3607 1892 humanam

1956 1906 1998 1959 Β
2031 1923 2394 1991 abstraheret,
2421 1923 2954 1997 transformaretque
2983 1927 3132 1982 velut
3163 1927 3216 1986 in
3250 1943 3315 1982 ea
3346 1929 3461 1984 sola
3488 1945 3611 2000 quae

2031 2013 2142 2068 Deo
2188 2014 2429 2084 placent.
2465 2013 2638 2084 Igitur
2690 2015 2919 2070 morbus
2967 2023 3052 2071 est
3099 2026 3313 2072 naturae
3356 2017 3612 2073 humana:

2029 2105 2332 2160 obnoxium
2362 2120 2486 2160 esse
2513 2105 2564 2160 vi
2590 2105 2823 2173 doloris,
2846 2107 2941 2178 qui
2977 2116 3031 2163 et
3063 2122 3188 2162 cum
3220 2109 3346 2165 aliis
3382 2125 3611 2180 supera-

2029 2208 2122 2254 tur
2153 2198 2209 2253 in
2257 2198 2435 2269 primo
2474 2199 2716 2267 Christo,
2745 2209 2805 2256 ut
2857 2201 2926 2256 ad
2977 2217 3081 2257 nos
3136 2217 3356 2274 quoque
3410 2219 3609 2275 perve-

2029 2292 2162 2349 niat.

1959 2387 2200 2458 Χριστῷ,
2230 2389 2316 2442 ἴνα
2347 2388 2441 2442 καὶ
2471 2390 2551 2452 είς
2577 2389 2724 2460 ἡμᾶς
2751 2389 2930 2461 διαϐῇ.
2967 2371 2970 2374 ’

2099 2481 2468 2550 InterrOgatio
2495 2483 2700 2536 nullam
2758 2483 3130 2553 ignorantiam
3176 2484 3453 2554 signiﬁcat
3488 2485 3610 2554 ejus

2030 2573 2123 2641 qui
2193 2581 2418 2642 propter
2478 2589 2580 2627 nos
2638 2573 2838 2630 similis
2892 2574 3053 2630 nobis
3109 2575 3288 2634 factus
3352 2586 3433 2631 est
3486 2576 3534 2606 “
3593 2593 3606 2628 :

2027 2661 2137 2716 imo
2167 2663 2248 2717 sic
2290 2662 2442 2716 Patri
2495 2662 2678 2732 potius
2727 2678 2829 2717 suo
2886 2663 3086 2718 similis
3140 2664 3607 2719 demonstratur:

2029 2768 2270 2824 namque
2334 2763 2387 2808 et
2453 2754 2545 2808 ille
2607 2752 3007 2824 interrogavit,
3071 2754 3298 2809 ubinam
3361 2754 3610 2811 Adamus

2029 2852 2176 2899 esset
2211 2864 2223 2898 :
2260 2851 2315 2899 et
2345 2859 2495 2898 nunc
2532 2843 2699 2922 Jesus
2751 2844 3119 2915 ignorantiam
3159 2843 3329 2898 veluti
3386 2843 3610 2898 simulat

2028 2936 2346 2999 sciscitans,
2385 2955 2403 2987 ι
2444 2935 2681 2990 Ubinam
2733 2935 3037 3005 posuistis?
3073 2954 3091 2986 ι
3134 2942 3186 2988 ιιι
3235 2934 3307 2989 ob
3343 2933 3488 2989 hanc
3527 2937 3610 2989 in-

2031 3026 2468 3096 terrogationem
2535 3025 2773 3096 populus
2834 3031 3197 3079 concurreret
3255 3023 3325 3078 ad
3385 3023 3612 3080 demon-

2029 3117 2319 3174 strandum
2374 3118 2577 3180 locum,
2627 3125 2792 3186 atque
2857 3117 2931 3170 ita
2994 3116 3203 3170 inimici
3259 3116 3607 3186 potissimum

2033 3219 2201 3266 testes
2237 3210 2432 3265 tierent
2468 3209 2723 3263 miraculi
2771 3207 3089 3264 resuscitati
3143 3208 3404 3276 hominis,
3445 3225 3608 3280 quem

2026 3301 2141 3372 jam
2171 3300 2400 3356 funerea
2433 3301 2588 3356 tabes
2614 3308 2962 3370 corruperat.
2998 3330 3070 3339 —
3097 3302 3408 3370 Interrogat
3454 3315 3607 3371 ergo,

2030 3406 2143 3446 non
2186 3392 2315 3461 quia
2352 3391 2573 3461 ignoret
2609 3408 2621 3445 :
2653 3404 2778 3444 nam
2814 3391 2908 3460 qui
2950 3390 3117 3444 etiam
3154 3389 3209 3444 in
3248 3391 3355 3444 alia
3385 3393 3610 3460 regione

2029 3483 2381 3538 constitutus
2428 3489 2707 3537 mortuum
2755 3490 3110 3552 cognoverat,
3157 3481 3435 3550 quomodo
3491 3495 3609 3534 mo—

2029 3580 2355 3628 numentum
2415 3571 2760 3641 ignorasset?
2803 3571 2896 3627 Sic
2955 3579 3141 3627 autem
3200 3571 3448 3642 loquitur
3508 3586 3607 3626 ceu

2028 3663 2179 3718 omni
2203 3662 2583 3717 ostentatione
2611 3662 2844 3717 alienus.
2875 3663 3056 3729 Quare
3087 3679 3187 3717 nec
3212 3663 3351 3718 dixit
3374 3682 3388 3718 :
3410 3662 3609 3718 Eamus

2029 3755 2098 3809 ad
2162 3761 2605 3821 monumentum,
2643 3761 2698 3809 et
2755 3769 2855 3824 ego
2905 3769 3032 3808 eum
3087 3754 3610 3822 suscitabo:quan-

2030 3859 2198 3916 quam
2267 3843 2359 3898 illa
2423 3843 2792 3913 interrogatio
2868 3841 2921 3896 id
2988 3842 3226 3896 maxime
3279 3850 3606 3897 eventurum

2029 3936 2279 4006 spondet.
2321 3933 2494 3990 Simul
2537 3934 2642 3989 hoc
2687 3934 2864 3999 dicto,
2919 3933 3123 3988 multos
3159 3933 3264 3989 sibi
3303 3932 3612 4003 praecedere

2030 4028 2268 4098 impulit,
2326 4037 2384 4082 ut
2440 4042 2552 4083 rem
2608 4027 2897 4096 quaesitam
2952 4024 3422 4080 demonstrarent.
3478 4022 3613 4079 Pru-

2031 4121 2228 4176 denter
2260 4136 2390 4176 vero
2423 4120 2476 4175 id
2512 4133 2730 4190 quoque
2763 4118 2996 4185 dixerat,
3022 4125 3081 4172 ut
3113 4117 3316 4172 multos
3345 4132 3410 4172 eo
3441 4116 3610 4172 verbo

2033 4213 2099 4267 ad
2137 4213 2318 4267 locum
2353 4212 2598 4267 traheret
2626 4231 2639 4267 :
2667 4221 2720 4265 et
2765 4209 3090 4280 ignorantia:
3129 4210 3368 4279 speciem
3413 4223 3524 4279 prae
3552 4223 3613 4264 se

2034 4306 2160 4369 fert,
2195 4320 2262 4359 ne
2297 4305 2656 4358 humanitatis
2702 4302 2958 4358 servilem
3001 4302 3230 4356 formam
3263 4301 3612 4355 tenuitatem-

343 4403 452 4459 que
498 4406 759 4449 recusare
804 4394 1080 4459 videatur,
1112 4397 1208 4466 qui
1239 4404 1441 4452 natura.
1470 4414 1566 4454 sua
1601 4399 1745 4453 Deus
1773 4408 1912 4465 erat,
1955 4407 2267 4468 cunctaque
2317 4407 2543 4454 noverat
2583 4396 2727 4450 haud
2765 4396 3037 4464 praeterita
3115 4404 3348 4458 tantum,
3416 4406 3610 4448 verum

343 4484 510 4536 etiam
549 4500 613 4540 ea
646 4503 766 4556 quae
797 4489 1040 4542 nondum
1075 4503 1395 4546 evenerant.

416 4578 530 4630 Ούκ
556 4578 880 4646 ἀγνοοῦντος
897 4581 974 4652 (Ξ)
993 4582 1052 4636 τὸ
1084 4587 1332 4653 σημεῖον,
1362 4585 1440 4648 τὸ,
1467 4603 1485 4636 ι
1515 4585 1624 4640 Ποῦ
1652 4585 1924 4639 τεθείκατε

2110 4579 2230 4636 Non
2291 4587 2423 4638 sunt
2477 4580 2783 4651 ignorantis
2856 4577 3119 4634 indicium
3192 4579 3392 4644 verba,
3432 4599 3451 4631 ι
3505 4578 3608 4636 Ubi

346 4667 629 4740 Λάζαρονς
653 4691 669 4722 ι
693 4671 805 4725 ἀλλ’
842 4674 1027 4742 ἐπειδὴ
1061 4674 1267 4744 σφόδρα
1296 4674 1445 4743 φίλον
1479 4675 1626 4747 αύτῷ
1659 4678 1719 4730 τὸ
1743 4673 1929 4743 ἀφιλό-

347 4777 581 4830 κομπον,
610 4768 960 4834 παραιτεῖται
1000 4765 1180 4834 λέγειν
1205 4784 1217 4797 ο
1282 4767 1558 4836 Ἀπίωμεν
1590 4769 1668 4830 είς
1697 4767 1758 4820 τὸ
1789 4783 1924 4838 μνη-

348 4857 499 4924 μεῖον
524 4871 538 4885 ⁶
579 4857 752 4928 ἑτέρῳ
794 4858 850 4911 δέ
877 4860 1064 4929 τρόπῳ
1100 4858 1259 4912 τοῦτό
1295 4877 1447 4930 φησι.
1490 4859 1699 4922 Ἀλλως
1722 4877 1803 4926 τε,
1835 4861 1926 4914 λέ-

344 4961 460 5015 γων
482 4949 510 5000 6
527 4947 752 5018 Κύριος,
778 4948 917 5002 «Ποῦ
936 4949 1214 5003 τεθείκατε
1247 4952 1430 5018 αύτόν;
1447 4971 1464 5004 ι
1490 4951 1719 5015 πολλοὺς
1748 4952 1920 5008 ἐποίει

344 5038 470 5104 τοὺς
507 5039 939 5108 συμϐαδίζοντας
963 5041 1056 5094 καὶ
1080 5041 1454 5112 καταμηνύειν
1486 5041 1795 5108 ἐθέλοντας,
1831 5045 1928 5114 μά-

345 5128 504 5182 λιστα
555 5129 683 5183 ὅταν
718 5130 746 5182 6
787 5130 1060 5199 διερωτῶν
1108 5123 1249 5184 εἶναι
1298 5131 1477 5201 δοκοίη
1527 5131 1727 5202 τίμιος.
1768 5134 1929 5196 Εἰκὸς

346 5219 404 5273 δέ
431 5221 510 5274 ὅτι
551 5221 784 5293 ἐπείπερ
821 5217 889 5293 ἦν
923 5224 980 5275 ἐν
1011 5223 1162 5293 αύτῷ
1201 5223 1334 5286 Θεός
1381 5241 1441 5276 τε
1495 5225 1586 5278 καὶ
1621 5225 1925 5294 ἄνθρωπος,

349 5312 642 5382 ἀναμίσγει
681 5311 758 5384 τῷ
793 5313 1087 5384 θεοπρεπεῖ
1119 5314 1179 5366 τὸ
1209 5313 1550 5384 ἀνθρώπινον
1575 5333 1587 5345 ν
1620 5317 1714 5368 καὶ⁹
1741 5316 1926 5369 ἄπεισι

353 5401 452 5470 μὲν
483 5404 939 5473 τερατουργήσων
989 5402 1063 5466 ὡς
1094 5403 1256 5466 Θεὸς,
1309 5401 1461 5456 λαλεῖ
1501 5404 1557 5457 δὲ
1603 5404 1679 5468 ὡς
1721 5403 1927 5476 ἅνθρω-

347 5509 450 5556 πος
476 5509 489 5522 ⁸
525 5491 620 5544 καὶ
653 5490 795 5562 άπερ
819 5487 958 5545 οἶδεν
983 5491 1058 5554 ὡς
1082 5491 1214 5556 Θεὸς
1234 5534 1248 5559 ,
1283 5492 1496 5560 ἀγνοεῖν
1531 5492 1640 5546 ἐσθ’
1677 5495 1765 5547 ὅτε
1797 5511 1925 5564 σχηο

424 5628 466 5660 "
497 5627 804 5698 Philippm,
833 5628 888 5681 7.

421 5749 498 5816 (l)
529 5747 637 5819 Καὶ
654 5747 719 5801 τὸ
743 5747 964 5815 ἐρωτᾷν
987 5789 998 5802 .
1029 5792 1041 5804 .
1070 5788 1082 5801 .
1112 5791 1126 5803 .
1155 5752 1441 5819 γενέσεως
1476 5749 1693 5804 αὐτῶν.
1725 5750 1797 5804 Ex
1821 5751 1928 5804 Ma-

351 5819 487 5874 carii
522 5817 947 5888 Chrysoccphali
979 5817 1259 5887 tractJG,
1297 5823 1420 5880 cod.
1469 5821 1562 5879 fol.
1602 5821 1705 5877 5'72
1738 5821 1786 5886 ὁ,
1835 5839 1920 5893 ap.

353 5891 462 5944 Mai
495 5889 530 5942 ι.
564 5889 598 5942 l.
635 5907 686 5959 ν.
725 5888 842 5943 ist.

2035 4674 2304 4731 Lazarum
2347 4672 2703 4744 posuistis?»
2744 4672 2837 4728 sed
2896 4673 3022 4742 quia
3057 4671 3385 4726 modestiam
3438 4673 3611 4741 p0tis-

2035 4766 2234 4820 simum
2279 4766 2594 4829 adamahat,
2656 4764 2839 4818 noluit
2872 4763 3055 4818 dicere
3091 4781 3103 4817 :
3154 4761 3360 4816 Eamus
3397 4763 3465 4817 ad
3497 4779 3611 4818 mo-

2033 4864 2352 4912 numentum
2403 4874 2416 4911 :
2457 4854 2552 4911 sed
2605 4855 2716 4909 alio
2791 4853 2953 4907 modo
2987 4852 3040 4906 id
3081 4851 3298 4905 eﬁ‘atur.
3355 4851 3609 4922 Alioquin

2033 4948 2162 5002 dum
2221 4949 2296 5003 ait
2347 4949 2638 5010 Dominus,
2700 4966 2718 4998 ι
2761 4945 2993 5001 Ubinam
3054 4945 3318 5015 posuistis
3367 4947 3539 5001 eum?
3583 4966 3601 4999 ι

2033 5041 2239 5097 multos
2294 5040 2677 5096 commovebat
2737 5037 2805 5090 ad
2862 5037 3236 5092 comitandum
3306 5038 3358 5092 in
3414 5038 3609 5093 itinere

2036 5135 2325 5205 locumque
2358 5131 2872 5195 demonstrandum,
2900 5132 3204 5202 praesertim
3233 5134 3362 5202 quia
3390 5141 3609 5200 rogator

2037 5226 2270 5281 illustris
2303 5232 2442 5281 erat.
2486 5223 2682 5278 Merito
2712 5230 2897 5278 autem
2928 5222 3054 5292 quia
3099 5222 3261 5278 simul
3311 5222 3454 5278 Deus
3490 5232 3609 5277 erat

2037 5323 2090 5368 ct
2119 5316 2300 5381 homo,
2333 5315 2528 5370 miscet
2559 5313 2810 5384 dignitati
2852 5312 3049 5368 divina:
3085 5313 3358 5368 humanos
3400 5320 3561 5368 actus
3593 5329 3607 5365 :

2036 5407 2257 5475 abitque
2316 5405 2643 5460 miraculum
2705 5406 2953 5462 editurus
3019 5413 3078 5459 nt
3136 5404 3308 5468 Dens,
3364 5405 3608 5472 loquitur

2033 5505 2216 5551 tamen
2250 5503 2307 5551 ut
2343 5496 2547 5553 homo:
2574 5505 2626 5553 et
2653 5513 2773 5568 quae
2801 5498 2970 5568 probe
3007 5496 3148 5552 Deus
3177 5503 3425 5558 noverat,
3456 5496 3606 5564 igno-

2109 5753 2184 5823 (ἓ)
2217 5756 2337 5807 Οὐκ
2372 5753 2739 5823 ἀγνοοῦντος
2845 5752 3335 5823 παραιτούμενος.
3357 5746 3428 5823 Er
3443 5754 3602 5823 _c_:iIC'

2036 5816 2120 5878 na
2145 5822 2399 5881 Vaticana
2419 5816 2522 5894 'ap.
2563 5823 2666 5878 Mai
2702 5816 2819 5878 loco
2854 5816 3018 5892 supra
3050 5821 3289 5885 laudato,
3322 5835 3374 5888 p.
3411 5816 3510 5874 155
