4144 6474
608 388 677 446 55
1603 391 1659 444 S.
1684 390 1951 445 CYRILLI
1996 382 2458 441 ALLXANDRINI
2490 386 2801 440 ABCllliiP.
3770 375 3841 432 εὖ

603 504 728 544 rare
786 489 1060 545 interdum
1104 490 1360 557 simulat,
1402 490 1766 547 humanitatis
1811 488 2156 559 exiguitatem

2274 484 2557 552 ματίζεται
2574 525 2587 545 ,
2619 484 2719 553 τὴν
2744 484 2842 552 τῆς
2866 480 2962 534 ἀνθ
2974 480 3282 548 ρωπότητος
3308 472 3577 543 πτωχείαν
3599 470 3841 541 οὐδαμοῦ

605 596 885 649 nunquam
920 583 1232 638 detrectans
1257 583 1352 656 (l).

672 665 767 732 XI,
807 670 897 727 55.
939 669 1116 740 Igitur
1142 672 1465 743 lacrymatus
1495 683 1571 728 est
1603 672 1782 728 Iesus.

673 755 879 813 Videris
914 761 1250 830 evangelista
1292 764 1687 835 lacrymantem
1738 772 1989 818 naturam
2043 763 2167 817 illa-

600 850 978 921 crymabilem,
1014 852 1377 923 obstupescit,
1432 856 1535 912 etsi
1566 857 1735 928 686
1783 857 2006 926 propria
2052 857 2167 911 haec

599 946 743 993 esset
771 939 955 997 carnis
986 941 1220 1006 affectio,
1241 944 1571 1015 minimeque
1590 945 1781 1001 deitati
1808 947 2163 1001 conveniens.

600 1027 896 1100 Lacrymas
942 1047 1069 1088 vero
1116 1032 1297 1087 fundit
1337 1033 1629 1103 Dominus,
1663 1039 2019 1107 conspicatus
2067 1038 2167 1093 ho-

598 1120 799 1179 minem
849 1119 917 1174 ad
974 1124 1266 1192 imaginem
1312 1126 1399 1180 sui
1446 1125 1653 1182 factum
1698 1135 1971 1185 mortuum
2017 1144 2161 1191 esse,

600 1219 657 1265 ut
698 1222 917 1268 nostras
953 1214 1225 1286 lacrymas
1275 1217 1551 1275 cohibeat.
1591 1218 1826 1289 Propter
1856 1220 1961 1275 hoc
2016 1220 2161 1275 enim

597 1312 845 1359 mortuus
884 1313 987 1372 est,
1022 1314 1080 1361 ut
1114 1316 1170 1363 et
1202 1324 1303 1364 nos
1343 1322 1519 1366 morte
1546 1312 1934 1376 liberaremur,
1962 1320 2018 1367 et
2044 1320 2166 1365 tan-

598 1393 768 1463 tisper
810 1396 1031 1464 quidem
1070 1398 1423 1470 lacrymatus,
1448 1400 1644 1459 deinde
1682 1418 1808 1457 mox
1848 1403 2164 1471 comprimit

592 1483 887 1552 lacrymas,
928 1487 1141 1542 scilicet
1188 1506 1256 1543 ne
1305 1490 1559 1545 videatur
1605 1492 1782 1548 durus
1835 1494 2058 1563 quidam
2109 1502 2163 1548 et

593 1573 994 1632 immisericors
1024 1578 1142 1632 sine
1171 1580 1285 1634 ullo
1314 1595 1479 1636 sensu
1515 1582 1677 1637 alieni
1710 1583 1919 1639 doloris
1941 1602 1954 1651 ;
1976 1590 2029 1639 et
2059 1599 2160 1638 nos

590 1678 815 1734 quoque
843 1667 992 1721 circa
1022 1668 1153 1722 talia
1175 1669 1435 1726 erudiens
1460 1686 1522 1726 ac
1546 1672 1752 1728 docens
1774 1688 1842 1729 ne
1864 1674 1985 1743 plus
2011 1674 2161 1744 justo

591 1755 871 1810 solvamur
905 1757 959 1811 in
1009 1759 1219 1814 luctum
1251 1762 1322 1817 ob
1368 1771 1617 1820 mortuos
1649 1781 1663 1817 :
1697 1765 1831 1819 illud
1880 1766 2025 1820 enim
2068 1781 2156 1821 re-

591 1846 738 1900 dolet
783 1846 1180 1904 humanitatem
1234 1866 1297 1905 ac
1350 1853 1806 1921 misericordiam,
1839 1856 1944 1911 hoc
1998 1857 2159 1927 plane

590 1935 845 2005 ignavum
876 1945 931 1993 et
966 1941 1247 1997 muliebre.
1281 1942 1348 1998 Et
1380 1945 1451 2000 ob
1489 1944 1630 2001 hanc
1658 1961 1882 2002 causam
1914 1948 2163 2019 permisit

590 2042 702 2082 suae
756 2029 907 2084 carni
961 2032 1209 2088 nonnihil
1263 2033 1414 2103 ﬂere,
1446 2036 1575 2093 licet
1636 2040 1910 2096 exsistens
1967 2049 2162 2097 natura

589 2118 850 2176 immunis
911 2137 942 2175 a
1003 2123 1295 2195 lacrymis,
1344 2128 1596 2199 nullique
1649 2130 1828 2186 dolori
1891 2132 2161 2190 obnoxius

590 2206 770 2272 quoad
804 2209 1082 2277 propriam
1109 2223 1388 2269 naturam.
1434 2214 1541 2284 ipsi
1575 2233 1793 2288 quoque
1821 2235 2024 2277 osores.
2054 2223 2161 2278 ini-

588 2297 717 2351 mici
751 2299 1094 2358 admirantur
1125 2304 1400 2376 lacrymas
1441 2305 1679 2362 Domini.
1719 2308 1856 2364 Nam
1891 2313 1984 2381 qui
2016 2323 2155 2369 stre-

586 2403 695 2443 nue
737 2388 1220 2461 philosophantur,
1255 2406 1494 2467 suntque
1550 2399 1607 2453 in
1669 2416 1865 2472 magna
1901 2403 2158 2472 opinione

586 2477 892 2545 hominum,
920 2497 1065 2552 aegre
1095 2484 1490 2557 lacrymantur,
1528 2497 1787 2561 tanquam
1819 2509 2038 2550 omnem
2067 2514 2156 2551 ca-

584 2572 890 2629 lamitatem
953 2587 1335 2647 aspernantes.
1406 2579 1678 2638 Putabant
1733 2594 1915 2640 autem
1982 2587 2152 2643 Judaei

580 2680 705 2719 eum
741 2676 967 2737 propter
998 2679 1229 2726 mortem
1266 2672 1458 2728 Lazari
1491 2674 1651 2744 ﬂere;
1678 2686 1732 2731 at
1765 2679 1885 2749 ipse
1923 2681 2155 2738 misera-

580 2753 729 2809 tione
782 2764 963 2812 tactus
1011 2760 1189 2816 omnis
1248 2761 1501 2817 humanae
1557 2773 1767 2821 naturae
1818 2768 1986 2833 llevit,
2042 2787 2150 2825 non

579 2842 758 2896 solum
802 2842 1069 2900 Lazarum
1116 2848 1451 2919 lugens,sed
1501 2853 1648 2921 quod
1698 2854 1809 2922 jam
1842 2855 1974 2908 olim
2007 2857 2154 2909 acci-

578 2931 736 2988 derat
759 2935 905 3003 apud
932 2950 993 2992 se
1024 2939 1294 3007 c0gitans,
1328 2958 1452 2997 cum
1484 2943 1743 2999 universa
1780 2946 2021 3001 humana
2051 2964 2150 3004 na-

578 3031 705 3078 tura
744 3027 912 3081 morti
958 3029 1264 3098 subjaceat,
1298 3034 1602 3104 meritoque
1642 3036 1785 3091 hanc
1818 3039 2044 3093 multam
2097 3047 2151 3094 et

578 3114 788 3171 cladem
828 3134 990 3188 passa
1030 3120 1121 3175 sit.
1149 3121 1257 3176 Alii
1284 3138 1416 3178 vero
1447 3124 1621 3181 livore
1644 3129 1983 3185 exstimulati
2012 3131 2149 3186 nihil
2182 3152 2225 3206 ι)

578 3225 777 3264 sanum
824 3210 1187 3281 loquebantur
1228 3231 1241 3267 :
1288 3230 1399 3271 non
1439 3217 1582 3271 enim
1624 3234 1815 3273 revera
1862 3221 2149 3278 insimula-

577 3302 709 3356 bant
740 3300 1030 3358 Dominum
1080 3307 1241 3375 quasi
1283 3307 1501 3364 sivisset
1528 3310 1665 3365 mori
1697 3310 1965 3367 Lazarum
2000 3333 2013 3368 :
2046 3316 2149 3371 hoc

575 3392 726 3447 enim
777 3392 973 3449 fuisset
1023 3396 1369 3453 credentium
1403 3414 1528 3455 eum
1584 3416 1747 3470 posse
1795 3412 2027 3460 mortem
2078 3408 2150 3462 si-

578 3491 742 3538 stere.
796 3484 904 3539 Sed
962 3493 1171 3541 tantum
1226 3505 1338 3544 non
1398 3491 1504 3546 hoc
1556 3492 1858 3549 dicebant:
1896 3496 1999 3552 Ubi
2056 3506 2149 3552 tua

575 3572 775 3641 virtus,
805 3588 839 3628 ο
870 3574 1260 3633 miraculorum
1290 3578 1507 3635 editor?
1528 3581 1672 3636 Ecce
1714 3585 1856 3637 enim
1888 3596 1941 3639 et
1972 3597 2023 3641 te
2050 3602 2149 3641 no.

576 3668 724 3721 lente
753 3675 1000 3724 mortuus
1031 3677 1115 3724 est
1147 3685 1307 3740 quem
1342 3673 1563 3727 amabas
1592 3692 1604 3728 :
1634 3676 1777 3744 quod
1840 3679 1982 3733 enim
2023 3698 2146 3737 eum

576 3767 789 3809 amares
834 3754 1041 3809 indicio
1097 3766 1224 3811 sunt
1264 3767 1371 3813 tuae
1428 3760 1699 3832 lacrymae.
1751 3763 1806 3819 Si
1862 3782 1991 3836 ergo
2042 3779 2150 3826 tuae

578 3842 795 3897 virtutis
820 3851 874 3897 et
901 3847 1158 3913 potentiae
1186 3846 1290 3901 fuit
1322 3850 1469 3918 quod
1511 3852 1660 3906 circa
1693 3869 1893 3909 caecum
1941 3858 2145 3914 factum

576 3940 684 3998 est,
717 3942 936 4000 poteras
968 3941 1023 3987 et
1069 3944 1296 3991 mortem
1347 3939 1627 3995 retardare
1665 3957 1729 3996 ac
1777 3959 2149 4015 compescere,

2273 574 2724 645 παραιτούμενος.

2352 664 2720 730 Ἐδάχρυσεν
2748 656 2860 714 οὖν
2890 662 2922 713 ό
2956 656 3205 725 Ἰησοῦς.

2347 756 2409 807 Ὁ
2451 755 2634 823 μέντοι
2685 746 3074 818 εύαγγελιστὴς
3121 744 3333 814 βλέπων
3365 740 3707 811 δακρύουσαν
3736 754 3839 823 την

2267 822 2567 917 ἀδάκρυτον
2621 843 2823 911 φύσιν,
2873 837 3351 906 καταπλήττεται,
3398 833 3447 885 εἰ
3477 831 3572 885 καὶ
3615 828 3744 881 ἴδιον
3766 822 3840 897 ἦν

2266 941 2365 1009 τῆς
2422 937 2619 1007 σαρκὸς
2664 936 2725 987 τὸ
2772 932 2976 995 πάθος,
3032 928 3127 983 καὶ
3158 928 3220 980 ού
3268 928 3332 995 τῇ
3362 924 3573 993 θεότητι
3599 919 3835 990 πρέπον.

2264 1029 2502 1100 Δακρύει
2536 1029 2593 1081 δὲ
2616 1029 2643 1079 6
2664 1025 2898 1094 Κύριος,
2937 1019 3199 1092 ἑωρακὼς
3229 1018 3319 1070 τὸν
3350 1013 3638 1111 κατ’-ἰδίαν
3654 1010 3841 1111 είκόνα

2265 1121 2526 1190 γεγονότα
2571 1117 2882 1185 ἄνθρωπον,
2935 1109 3414 1179 κατεφθαρμένον,
3465 1104 3551 1156 ἵνα
3590 1102 3651 1154 τὸ
3678 1102 3840 1169 ἡμῶν

2267 1209 2580 1282 περιστείλῃ
2622 1208 2874 1275 δάκρυον.
2932 1202 3031 1254 Διὰ
3058 1196 3360 1271 ,γάρτοῦτο
3406 1194 3499 1247 καὶ
3542 1190 3835 1282 ἀπέθανεν,

2265 1279 2351 1355 ἵνα
2393 1301 2486 1353 καὶ
2533 1279 2696 1369 ἡμεῖς
2746 1292 3151 1362 ἀπαλλαγῶμεν
3203 1288 3468 1342 θανάτου·
3519 1280 3742 1352 δακρύει
3774 1279 3837 1332 δὲ

2267 1394 2444 1465 μόνον,
2485 1390 2578 1443 καὶ
2612 1387 2772 1450 εὐθὺς
2802 1385 2985 1479 ἐπέχει
3018 1384 3078 1435 τὸ
3106 1378 3466 1479 δάκρυον,“ἴνα
3592 1371 3721 1479 δόξῃ
3750 1385 3837 1479 τέ-

2262 1486 2410 1557 ὠμὸς
2439 1484 2537 1537 καὶ
2566 1479 2895 1551 ἀσυμπαθὴς
2930 1470 3066 1528 εἶναι
3088 1514 3100 1537 ,
3140 1473 3233 1525 καὶ
3271 1471 3418 1541 ἡμᾶς
3451 1466 3545 1520 ἐπὶ
3583 1466 3694 1526 τοῖς
3713 1466 3837 1557 ⁸αὑ·-

2262 1552 2372 1640 τοῖς
2399 1573 2667 1627 παιδεύων
2696 1570 2769 1641 μὴ
2799 1568 2893 1620 ἐπὶ
2920 1566 3052 1618 πολὺ
3078 1560 3365 1617 ἐκλύεσθαι
3391 1560 3481 1611 ἐπὶ
3505 1559 3621 1617 τοῖς
3645 1552 3837 1620 τεθνη-

2261 1667 2381 1719 κόσι
2409 1682 2422 1695 ο
2455 1664 2515 1716 τὸ
2561 1661 2659 1731 μὲν
2683 1658 2814 1729 γὰρ,
2846 1652 3187 1725 συμπαθείας
3217 1649 3504 1719 ἐχόμενον,
3532 1643 3596 1697 τὸ
3623 1643 3701 1704 δὲ,
3732 1657 3834 1709 γυ-

2262 1760 2504 1814 ναικικὸν
2538 1756 2631 1809 καὶ
2658 1751 2937 1821 ἄνανδρον.
2967 1746 3067 1799 Διὰ
3090 1743 3247 1798 τοῦτο
3278 1738 3370 1794 οὖν
3402 1736 3745 1807 συνεχώρησε
3766 1737 3831 1802 τῇ

2264 1852 2369 1922 ἰδίᾳ
2397 1847 2562 1918 σαρκὶ
2587 1843 2818 1897 κλαῦσαι
2842 1838 3022 1906 ὀλίγον
3040 1879 3055 1901 ,
3085 1834 3290 1926 καίπερ
3312 1831 3386 1884 ὢν
3514 1827 3675 1926 φύσει
3696 1825 3827 1926 ἔδαε

2264 1906 2399 2012 κρύς
2429 1906 2525 1991 καὶ
2562 1933 2777 2001 ἁπάσης
2807 1928 3155 1986 ἀνεπίδεκτος
3189 1921 3400 2017 λύπης..
3431 1920 3565 2017 ὅσον
3587 1917 3665 1976 είς
3696 1913 3836 2017 ἰδίαν

2264 2002 2444 2101 φύσιν.
2499 2022 2851 2095 Θαυμάζουσι
2884 2020 2940 2071 δέ
2987 2018 3080 2070 καὶ
3142 2013 3296 2066 αὐτοὶ
3334 2012 3385 2063 οἱ
3415 2007 3729 2079 μισοῦντες,
3773 2002 3836 2056 τὸ

2264 2121 2468 2191 Κυρίου
2506 2119 2567 2170 τὸ
2594 2117 2846 2185 δάκρυον.
2887 2113 2950 2162 0i
2984 2108 3187 2178 γὰρείς
3210 2105 3377 2173 ἄκρον
3398 2101 3831 2191 φιλοσοφοῦντες,

2262 2189 2418 2267 καὶ-οξ
2438 2212 2494 2263 ἐν
2516 2206 2782 2277 ὑπολήψει
2800 2203 3048 2274 λαμπρᾷ,
3064 2196 3468 2268 δυσχερέστατα
3485 2189 3832 2260 δακρύουσιν,

2259 2309 2333 2370 ὡς
2368 2300 2902 2369 κατανεανιευόμενοι
2964 2294 3145 2362 πάσης
3193 2289 3494 2359 συμφορᾶς.
3556 2280 3838 2351 Ἐνόμιζον

2257 2401 2311 2454 δὲ
2340 2401 2385 2452 οί
2420 2396 2662 2451 Ἰουδαῖοι
2695 2394 2775 2446 ὃτι
2803 2388 2892 2443 διὰ
2918 2389 3006 2442 τὸν
3037 2386 3265 2439 θάνατον
3299 2380 3530 2449 ἐδάκρυε
3554 2374 3831 2444 Λαζάρου³

2257 2492 2416 2553 αὐτὸς
2457 2487 2513 2541 δὲ
2566 2488 2747 2538 πᾶσαν
2800 2482 2898 2550 τὴν
2957 2474 3305 2547 ἀνθρωπίνην
3356 2471 3514 2539 φύσιν
3564 2463 3832 2520 κατελεῶν

2257 2587 2578 2653 ἐδάκρυσεν,
2616 2579 2676 2631 ού
2716 2576 2874 2646 μόνον
2894 2572 3145 2640 Λάζαρον
3177 2565 3397 2627 κλαίων,
3417 2561 3552 2653 ἀλλὰ
3571 2560 3631 2613 τὸ
3663 2558 3834 2653 πάλαι

2258 2648 2603 2744 σύμέεόηκδς
2633 2666 2845 2727 ἐννοῶν,
2878 2665 2960 2715 ὅτι
2986 2662 3133 2713 πᾶσα
3160 2660 3192 2727 ἡ
3229 2652 3586 2744 ἁνθρωπότης
3611 2648 3833 2744 γέγονεν

2256 2740 2359 2817 ύπδ
2393 2740 2622 2814 θάνατον
2647 2800 2661 2823 ,
2693 2753 2917 2815 δικαίως
2955 2749 3033 2818 τῷ
3066 2747 3293 2817 τοιούτῳ
3331 2742 3593 2811 ἐπιτιμίῳ
3625 2740 3831 2791 ὑποπε-

2258 2856 2442 2909 σοῦσα.
2496 2851 2681 2903 Ἀλλοι
2713 2848 2769 2900 δὲ
2814 2844 2918 2897 ὑπὸ
2962 2842 3055 2894 τοῦ
3093 2839 3290 2909 φθόνου
3327 2834 3648 2905 τρωθέντες,
3679 2829 3833 2883 οὐδὲν

2255 2947 2441 3013 ἔλεγον
2475 2940 2679 3009 ἀγαθόν
2704 2956 2717 2969 θ
2770 2937 2828 2989 οὐ
2868 2934 2978 3004 γὰρ
3014 2930 3156 2985 κατὰ
3187 2928 3451 2997 ἀλήθειαν
3477 2924 3706 2994 ᾐτιῶντο
3741 2919 3834 2972 τὸν

2254 3036 2486 3106 Κύριον,
2527 3032 2601 3094 ὼς
2659 3027 3027 3098 ἐπιτρέψαντα
3068 3021 3359 3075 ἀποθανεῖν
3405 3017 3494 3069 τὸν
3540 3014 3829 3083 Λάζαρον·

2252 3104 2408 3182 τοῦτο
2441 3126 2548 3195 γὰρ
2586 3120 2652 3194 ἦν
2692 3118 3057 3173 πιστευόντων
3096 3116 3176 3167 ὃτι
3221 3110 3452 3180 ἠδύνατο
3482 3106 3572 3159 τὸν
3605 3104 3836 3206 θάνατον

2259 3220 2471 3291 στῆσαι.
2520 3214 2678 3268 Ἀλλὰ
2713 3208 2994 3283 μονονουχὶ
3023 3205 3184 3258 τοῦτό
3215 3219 3378 3271 φασιν
3402 3216 3415 3230 ο
3460 3197 3572 3251 Ποῦ
3679 3197 3833 3291 ἰσχύς

2258 3287 2380 3375 σου,
2422 3304 2467 3363 ὧ
2497 3300 2913 3375 θαυματουργέ;
2980 3297 3110 3350 Ἰδοὺ
3140 3294 3247 3394 γάρ
3275 3293 3366 3346 καὶ
3402 3292 3474 3394 μη
3511 3287 3834 3394 βουλομένου

2258 3404 2351 3457 σοῦ
2373 3444 2386 3466 ,
2422 3401 2682 3470 τέθνηκεν
2710 3398 2737 3448 ὁ
2770 3393 2876 3446 ὑπὸ
2912 3390 3005 3443 σού
3034 3386 3359 3481 φιλούμενος
3379 3400 3391 3413 ·
3425 3384 3527 3481 ῥὸτι
3696 3380 3833 3481 i376-

2258 3513 2387 3559 πας,
2410 3494 2570 3563 δῆλον
2605 3490 2663 3555 ἐξ
2697 3480 2759 3541 οὗ
2790 3480 3148 3551 δακρύεις.Εἱ
3174 3474 3265 3531 οὖν
3297 3473 3491 3576 ἧνλτῆς
3521 3472 3619 3541 σῆς
3653 3472 3832 3576 ἰσχύος

2252 3590 2313 3641 τὸ
2338 3586 2430 3639 τοῦ
2456 3580 2658 3651 τυφλοῦ
2681 3574 3104 3650 ἔργοιι,ἡδύνασο
3131 3569 3225 3621 καὶ
3247 3568 3336 3619 τὸν
3363 3564 3592 3616 θάνατον
3616 3564 3713 3629 στῆ
3724 3574 3832 3669 3:11;,

2254 3681 2389 3749 ὅπερ
2436 3675 2551 3729 ἐστὶ
2600 3674 2695 3725 καὶ
2747 3669 2877 3722 αὐτὸ
2957 3665 3096 3734 ύπέρ
3146 3658 3433 3731 ἀνθρώπου
3482 3653 3663 3749 ςρύσιν.
3723 3651 3834 3748 ⁵Ὠς

2253 3746 2627 3840 ἐπιχαίροντες
2657 3758 2748 3815 οὖν
2779 3760 2838 3825 ἐξ
2870 3751 2942 3811 ὧν
2974 3757 3159 3826 ἐώρων
3184 3751 3382 3822 τρόπον
3403 3746 3526 3800 τινὰ
3569 3752 3837 3840 παραλυο-

2260 3832 2568 3935 μέ·λην’τὴκι
2598 3852 2762 3908 αὐτοῦ
2786 3851 2942 3915 δόξαν
2963 3889 2977 3914 ,
3013 3847 3145 3917 φασὶ
3174 3843 3334 3897 τοῦτο
3364 3857 3377 3870 ⁸
3413 3837 3585 3901 Αὐτός
3612 3852 3675 3904 γε
3729 3832 3837 3903 μὴν

2259 3954 2557 4023 ἐδάκρυσεν
2599 3948 2692 4000 ἐπὶ
2715 3943 2970 4012 Λαζὰρῳ.

577 4023 722 4093 quod
757 4019 980 4090 quidem
1028 4031 1112 4078 est
1160 4038 1326 4093 supra
1374 4035 1628 4082 naturam
1670 4031 1929 4089 hominis.
1980 4036 2153 4107 Igitur
2195 4018 2525 4097 insultantes
2575 4038 2644 4100 ei,
2669 4036 2814 4104 quod
2864 4033 3112 4085 viderent
3179 4024 3585 4099 quodammodo
3649 4018 3833 4075 immi.

578 4119 766 4165 nutam
804 4111 925 4181 eius
955 4114 1205 4183 gloriam,
1234 4115 1337 4170 hoc
1384 4118 1573 4173 dicunt
1604 4139 1616 4174 :
1653 4120 1773 4190 Ipse
1806 4125 2024 4194 quidem
2064 4130 2402 4204 lacrymatus
2432 4137 2513 4184 est
2541 4142 2705 4197 super
2732 4125 2960 4178 Lazaro.

648 4202 739 4258 Sic
784 4202 990 4258 dicitur
1041 4220 1139 4275 pro
1174 4225 1186 4260 :
1220 4208 1539 4266 Commotus
1583 4212 1651 4267 ad
1707 4215 2147 4276 misericordiam

579 4302 802 4362 propter
831 4295 1127 4349 multorum
1156 4296 1450 4368 lacrymas,
1476 4302 1766 4373 imperavit
1799 4307 2018 4375 spiritui
2046 4326 2149 4365 suo

580 4394 641 4439 ut
670 4392 905 4440 mortem
939 4386 1104 4441 etiam
1138 4397 1265 4444 ante
1298 4400 1515 4460 tempus
1541 4395 1861 4463 debellaret,
1889 4415 1951 4455 ac
1981 4399 2151 4457 Laza-

579 4489 703 4528 rum
736 4476 1053 4531 suscitaret.
1518 4504 1525 4508 -

650 4566 879 4622 Miratur
903 4585 1099 4645 rursus
1122 4570 1282 4628 divus
1307 4576 1642 4645 evangelista
1671 4576 1885 4634 ﬂentem
1919 4597 2151 4640 cernens

580 4642 1031 4727 illacrymabilem
1069 4668 1343 4716 naturam.
1369 4642 1537 4734 Atqui
1562 4667 1800 4722 humana
1825 4671 1940 4725 hrec
1968 4678 2151 4742 passio

580 4757 715 4804 erat.
746 4749 1109 4805 Miserahatur
1138 4754 1285 4808 enim
1313 4770 1424 4809 non
1456 4759 1575 4813 sine
1608 4775 1798 4823 causa,
1830 4775 2150 4829 corruptum

584 4842 779 4897 videns
809 4844 1086 4898 hominem
1128 4845 1197 4900 ad
1231 4848 1521 4917 imaginem
1554 4850 1645 4905 Dei
1677 4862 1942 4918 creatum,
1979 4866 2031 4909 et
2065 4874 2155 4910 ca-

587 4934 922 4991 lamitatibus
961 4938 1167 4992 nostris
1216 4940 1668 4996 contristabatur.
1706 4943 1820 4999 Nisi
1863 4946 2007 4999 enim
2059 4964 2154 5016 pro

585 5023 746 5078 nobis
792 5024 1130 5096 lacrymatus
1177 5036 1345 5094 esset,
1372 5046 1547 5085 meam
1604 5048 1713 5087 non
1758 5036 2038 5091 cohiberet
2079 5041 2154 5093 la-

583 5127 845 5182 cryinam.
892 5114 1026 5169 Nam
1072 5118 1215 5171 sicut
1261 5120 1307 5173 is
1360 5120 1454 5189 qui
1483 5130 1601 5175 erat
1632 5120 1866 5178 Verbum
1915 5125 2146 5182 dicens:

588 5222 606 5253 ί
649 5203 760 5273 Ego
799 5221 919 5260 sum
974 5209 1132 5276 panis
1184 5210 1251 5264 de
1286 5214 1431 5265 coelo
1484 5213 1843 5280 descendens,
1879 5219 2151 5290 vitamque

585 5296 790 5351 mundo
824 5297 1058 5353 aﬂ'erens
1086 5300 1173 5365 Ψ,
1210 5320 1226 5351 ι
1261 5304 1510 5369 permisit
1546 5311 1727 5359 tamen
1771 5308 2062 5378 aliquando
2093 5320 2149 5365 ut

656 5497 720 5530 δι’
753 5494 914 5551 Joan.
958 5512 1034 5562 γι,
1068 5496 1156 5550 50.

658 5632 738 5699 (l)
795 5632 947 5686 Ἀντί
991 5632 1095 5686 τοῦ
1143 5671 1155 5685 .
1187 5673 1201 5687 .
1234 5674 1247 5687 .
1280 5673 1294 5687 .

661 5724 736 5793 (3)
795 5723 1276 5790 Καταπλήττεται
1337 5767 1351 5780 .
1402 5770 1414 5781 .
1484 5768 1498 5783 .
1532 5768 1544 5781 .

2338 4224 2481 4278 Ἀντί
2504 4221 2599 4272 τοῦ
2641 4219 2716 4287 (l)
2741 4259 2757 4281 ,
2799 4217 3173 4283 Κεκινημενος
3218 4213 3296 4275 εἰς
3334 4210 3483 4263 ἔλεον
3515 4210 3580 4261 ἐκ
3615 4206 3708 4258 τού
3741 4206 3834 4258 δα-

2256 4316 2459 4389 κρῦσαι
2488 4311 2735 4373 πολλοὺς,
2755 4307 3057 4360 ἐνετείλατο
3076 4305 3276 4376 τρόπον
3292 4302 3412 4355 τινὰ
3427 4300 3505 4371 τῷ
3532 4300 3645 4369 ἰδίῳ
3662 4300 3835 4352 Πνεύ-

2260 4425 2389 4477 ματι
2420 4401 2812 4459 καταπαλαίειν
2829 4438 2841 4461 ,
2869 4398 2962 4451 καὶ
2982 4397 3088 4468 πρὸ
3112 4394 3321 4467 καιροῦ,
3348 4392 3441 4446 τοῦ
3466 4392 3719 4455 θανάτου,
3741 4389 3835 4442 καὶ

2261 4497 2562 4565 ἀναστῆσαι
2590 4494 2682 4545 τὸν
2712 4490 2980 4561 Λάζαρον.

2314 4581 2765 4651 Καταπλήττεται
2796 4578 2871 4646 (‘2)
2892 4576 3052 4630 πάλιν
3074 4577 3100 4628 6
3118 4574 3402 4637 θεσπέσιος
3418 4570 3828 4642 εύαγγελιστὴς,

2262 4674 2600 4744 δακρύουσαν
2636 4671 2847 4743 βλέπων
2892 4669 2989 4739 τὴν
3036 4668 3335 4736 ἀδάκρυτον
3380 4665 3561 4735 φύσιν.
3611 4666 3722 4717 Καὶ
3771 4664 3833 4715 τὸ

2262 4766 2428 4829 πάθος
2452 4760 2518 4835 ἦν
2544 4762 2900 4834 ἀνθρώπινον.
2935 4758 3111 4811 Ἠλέει
3138 4757 3245 4827 γὰρ
3279 4757 3506 4818 εἰκότως
3530 4755 3829 4824 κατεφθαρ-

2265 4856 2419 4925 μένον
2454 4855 2595 4925 ὀρῶν
2626 4854 2718 4906 τὸν
2752 4852 2871 4905 κατ’
2900 4850 3034 4902 ἰδίαν
3062 4847 3270 4910 εἰκόνα,
3310 4847 3403 4899 καὶ
3442 4843 3829 4912 ἐπιστυγνάζει

2253 4951 2371 5010 ταῖς
2389 4946 2681 5015 ἡμετέραις
2704 4943 3028 5012 συμφοραῖς.
3046 4940 3106 4991 El
3125 4938 3231 5009 γὰρ
3252 4939 3325 5009 μὴ
3340 4937 3670 5008 δεδάκρυκεν
3688 4935 3828 5002 ὑπὲρ

2253 5038 2406 5109 ἡμῶν
2427 5078 2440 5100 ,
2472 5038 2571 5089 ούκ
2596 5036 2659 5088 ἂν
2691 5035 2750 5088 τὸ
2793 5034 2923 5102 ἐμὸν
2959 5029 3286 5102 περιεστάλη
3328 5030 3582 5099 δάκρυον.
3618 5029 3829 5097 ’Όνπερ

2255 5130 2362 5200 γὰρ
2392 5129 2589 5199 τρόπον
2613 5127 2772 5188 αὐτὸς
2796 5121 2862 5195 ἦν
2901 5126 2927 5177 6
2960 5124 3128 5191 Λόγος
3153 5125 3179 5176 6
3204 5120 3397 5185 εἰπὼν,
3444 5140 3460 5171 ι
3487 5118 3628 5188 Ἑγὼ
3659 5121 3772 5188 είμι
3799 5122 3827 5172 ὁ

2256 5223 2416 5292 ἄρτος
2463 5221 2489 5271 6
2537 5217 2593 5281 ἐξ
2639 5214 2863 5288 ούρανοῦ
2900 5216 3176 5278 καταϐὰς,
3220 5215 3314 5265 καὶ
3344 5211 3488 5281 ζωὴν
3520 5212 3695 5273 διδοὺς
3750 5212 3829 5280 τῷ

2258 5316 2497 5381 adsum”
2537 5307 2953 5378 συγκεχώρηκεν
2985 5308 3091 5359 ἀπὸ
3111 5306 3306 5375 μέρους
3331 5305 3428 5374 τῆς
3460 5305 3592 5367 ἰδίας
3620 5303 3824 5375 σαρκὸς

1347 5636 1453 5689 τὸν
1492 5635 1778 5705 Λάζὶιρον.
1833 5638 1906 5693 Ex
1956 5640 2179 5695 Macarii
2221 5638 2599 5711 Chrysoceph.
2626 5637 2664 5692 l.
2698 5638 2735 5692 l.
2766 5652 2855 5708 ap.
2891 5636 2995 5695 Mai
3027 5636 3157 5690 ibid.

1616 5731 1715 5784 καί
1786 5732 2156 5802 ἀσυμπαθές.

2259 5751 2298 5787 ,χ
2354 5740 2546 5787 eatena
2593 5730 2767 5802 Yatic.
2811 5727 3035 5802 ap._Mai
3064 5727 3193 5785 ibid.
3226 5725 3402 5798 Hujus
3431 5736 3483 5785 et
3535 5727 3816 5798 sequentis

590 5794 877 5863 fragmenti
928 5795 1143 5850 nonnisi
1196 5798 1473 5866 particulae
1521 5802 1763 5870 qumdam
1829 5794 2046 5859 exstant
2097 5794 2147 5857 iii
2180 5812 2371 5861 catena
2403 5801 2753 5867 Corderiana,
2784 5794 2988 5869 p.991.
