4144 6482
266 384 334 438 57
1116 392 1181 446 IN
1213 392 1553 449 JOANNEM.
1588 426 1657 433 —
1690 394 1815 449 LIB.
1854 395 1945 449 Vll
1978 393 2066 448 ET
2094 394 2206 451 Vill
2240 395 2685 451 FRAGMENTA.
3440 394 3511 454 58

265 494 480 566 ἰσχύσαι
501 498 621 551 κατ’
655 499 823 565 αὑτῆς
847 501 905 554 τὸ
930 506 1141 575 πεινῇν·
1162 506 1304 558 οὑτω
1334 507 1631 573 κάνταῦθα,
1664 507 1817 578 λύπηι

1945 517 2142 564 contra
2195 511 2473 579 proprium
2543 523 2766 564 carnem
2818 507 2990 564 fames
3042 511 3389 578 praavaleret,
3436 514 3513 567 ita

262 586 611 652 ἀνεπίδεκτος
654 589 727 642 ὢν
770 592 845 656 ὡς
872 594 1041 658 Θεὸς,
1091 595 1298 665 ἐφῆκεν
1335 598 1634 669 συμπαθῶς
1677 602 1838 651 ὲκπι-

264 678 564 750 κρανθῆναι
588 681 722 751 πρὸς
743 682 978 754 δάκρυον
1004 688 1072 755 τῇ
1095 688 1281 758 σαρκὶ,
1309 691 1442 760 πρὸς
1472 692 1835 763 ὑπογραμμὸν

263 766 547 838 ἡμέτερον.
588 770 798 843 Ὠσπερ
828 773 936 844 γάρ
962 775 1020 828 τὸ
1051 776 1258 831 κλαίειν
1289 779 1552 849 σφοδρῶς,
1578 781 1687 835 τῶν
1713 784 1836 835 ἀτο-

264 858 525 912 πωτάτων
548 861 690 914 είποι
720 879 804 925 τις
830 863 917 917 ἀν·
936 864 1080 920 οῦτω
1106 868 1168 921 τὸ
1200 868 1323 939 μηδ’
1350 869 1484 933 ὅλως
1507 871 1835 942 ἀνασχέσθαι

260 952 491 1019 κλαίειν,
509 955 742 1027 σκληρὸν
773 958 871 1012 καὶ
891 960 1234 1030 ἀωμπαθές.

339 1170 395 1224 '0
425 1167 539 1228 οὖν
574 1173 806 1241 Ἰησοῦς
837 1173 1026 1229 πάλιν
1054 1175 1485 1245 ἐμϐριμώμενος
1517 1175 1587 1229 ἐν
1615 1173 1826 1246 ἐαυτῷ,

255 1264 488 1332 ἔρχεται
511 1269 602 1333 είς
638 1268 705 1321 τὸ
733 1267 1046 1337 μνημεῖον.
1677 1282 1686 1292 ⁸

334 1402 602 1459 Ἐνταῦθα
623 1405 720 1477 τὴν
749 1406 1082 1478 ὲμϐρίμησιν
1106 1405 1333 1475 νοοῦμεν
1352 1447 1368 1473 ,
1383 1406 1480 1475 τὴν
1502 1406 1665 1459 οἱονεὶ
1689 1405 1826 1477 μετά

251 1497 519 1567 κινήσεως
548 1498 645 1569 τῆς
676 1498 797 1551 κατ’
817 1498 1065 1565 ἐξουσίαν
1099 1497 1318 1567 θέλησιν
1341 1515 1353 1529 ·
1374 1498 1485 1551 καὶ
1508 1500 1588 1551 ὅτι
1620 1496 1824 1569 ἀγριώ-

249 1603 409 1657 τερον
442 1591 509 1659 τῇ
540 1588 681 1661 λύπῃ
716 1590 1037 1660 ἐπετίμησε,
1063 1591 1159 1644 καὶ⁵
1191 1590 1267 1660 τῷ
1294 1590 1519 1661 δακρύῳ
1541 1590 1619 1660 τῷ
1641 1594 1704 1645 ἐκ
1724 1591 1824 1661 τῆς

250 1678 427 1749 λύπης
445 1680 720 1750 ἐκχεῖσθαι
738 1680 1003 1751 μέλλοντι.
1021 1682 1110 1745 Ὠς
1125 1681 1235 1753 γὰρ
1251 1681 1382 1745 Θεὸς
1400 1682 1823 1751 παιδαγωγικῶς

251 1771 315 1838 τῇ
334 1768 714 1840 ἀνθρωπότητι
728 1771 964 1841 ὲπετιμᾷ
977 1810 992 1834 ,
1022 1769 1580 1843 [κατα1νεανιεύεσθαι
1600 1772 1825 1825 ἐπιτάτ-

247 1871 355 1907 των
377 1855 484 1908 τῶν
512 1855 789 1927 λυπηρῶν⁸
825 1858 857 1928 ἢ
894 1857 1191 1929 θεοπρεπεῖ
1220 1859 1479 1930 κινήματι
1508 1858 1820 1931 διορίζεται,

243 1943 324 1996 δτι
371 1945 476 2015 χρὴ
498 1945 797 2017 ἀνατρέψαι
817 1946 1001 2002 λοιπὸν
1022 1947 1114 2001 τοῦ
1134 1948 1364 2002 θανάτου
1384 1950 1442 2003 τὸ
1459 1949 1677 2021 κράτος.
1713 1950 1823 2003 Καὶ

1936 616 2084 656 nunc
2111 602 2275 656 etiam
2304 616 2431 655 cum
2457 607 2603 657 esset
2658 600 2897 655 tristitia:
2948 600 3232 665 immunis,
3262 610 3324 657 ut
3347 602 3511 671 Deus,

1938 692 2218 748 concessit
2241 693 2395 746 carni
2424 699 2484 746 ut
2514 691 2948 749 misericorditer
2983 691 3049 746 ad
3088 695 3362 764 lacrymas
3387 708 3513 749 cum

1938 798 2173 840 mcerore
2221 782 2566 847 ﬂecteretur,
2609 782 2844 853 exempli
2905 784 3078 837 nostri
3138 796 3326 837 causa.
3377 781 3515 838 Nam

1938 876 2102 932 sicuti
2141 876 2374 931 multum
2419 875 2572 940 ﬂere,
2605 872 2906 930 absurdum
2942 875 3149 929 merito.
3174 873 3406 941 dicitur;
3439 875 3514 929 ita

1937 982 2228 1038 nunquam
2249 965 2320 1022 ad
2364 965 2557 1021 ﬂetum,
2577 966 2932 1031 commoveri,
2973 965 3179 1021 durum
3210 977 3266 1021 et
3303 965 3513 1021 immite

1936 1066 2042 1113 est.

2003 1189 2214 1253 H.158.
2244 1187 2404 1243 Iesus
2445 1204 2568 1259 ergo
2614 1203 2826 1242 rursum
2870 1188 3097 1255 fremens
3139 1188 3194 1241 in
3235 1189 3509 1258 semetipso

1933 1283 2071 1337 venit
2095 1282 2171 1335 ad.
2188 1290 2600 1335 monumentum.

1998 1419 2113 1475 lloc
2143 1420 2265 1474 loco
2304 1417 2584 1472 fremitum
2623 1424 2677 1472 et
2711 1416 3151 1487 indignationem
3178 1418 3505 1488 accipimus,

1928 1514 2099 1569 veluti
2131 1528 2255 1568 cum
2288 1520 2435 1566 motu
2484 1509 2579 1580 qui
2626 1508 2682 1563 in
2717 1516 2987 1579 potestate
3029 1508 3101 1564 sit
3145 1509 3505 1572 voluntatem,

1928 1605 2183 1676 quodque
2238 1602 2493 1672 asperius
2525 1600 2703 1656 dolori
2739 1609 3112 1667 succenseret,
3138 1599 3506 1671 lacrymazque

1927 1709 1993 1748 ex
2042 1693 2092 1746 vi
2145 1691 2363 1746 doloris
2406 1699 2761 1744 emanaturm.
2802 1689 3085 1760 Tanquam
3148 1689 3296 1745 enim
3358 1689 3504 1745 Deus

1928 1782 2274 1854 ptedagogica
2324 1781 2655 1836 auctoritate
2690 1780 3090 1835 humanitatem
3147 1781 3416 1851 increpat,
3445 1782 3503 1835 in

1928 1873 2197 1929 molestiis
2239 1887 2505 1943 generose
2549 1886 2609 1927 se
2656 1886 2848 1943 gerere
2897 1871 3100 1941 jubens
3134 1890 3147 1927 :
3182 1871 3272 1927 vel
3316 1872 3503 1927 divino

1928 1973 2079 2019 motu
2119 1964 2393 2035 praecipit,
2435 1963 2695 2032 deinceps
2741 1961 3095 2018 evertendam
3139 1977 3264 2018 esse
3310 1963 3503 2018 mortis

243 2033 401 2089 τοῦτο
424 2036 511 2090 διὰ
533 2036 633 2107 τῆς
653 2038 788 2103 ίδίας
812 2040 977 2095 αὑτοῦ
1004 2041 1258 2112 ἐμφαίνει
1287 2042 1509 2115 σαρκὸς,
1526 2045 1619 2097 καὶ
1642 2043 1703 2096 τὸ
1728 2042 1817 2097 τοῦ

1925 2033 2246 2127 potentiam.
2287 2033 2513 2125 Hocque
2548 2054 2604 2108 in
2651 2056 2875 2124 propria
2903 2068 3077 2109 carne
3137 2053 3373 2109 ostendit
3406 2071 3419 2106 :
3448 2065 3505 2109 et

243 2125 494 2194 σώματος
517 2128 725 2198 κίνημα
749 2130 811 2183 τὸ
838 2134 1222 2203 κεκρυμμένον
1245 2134 1544 2203 ἐσήμαινεν
1572 2133 1777 2187 ἔσωθεν
1801 2152 1814 2165 ·

240 2218 334 2270 καὶ
366 2218 523 2272 τοῦτο
553 2220 703 2291 δηλοῖ
723 2215 826 2275 ὧδε
860 2224 954 2288 τὸ,
1010 2225 1486 2294 Ἐνεϐριμήσατο,
1535 2227 1656 2279 ἀντί
1696 2227 1814 2288 τοῦ,

237 2308 338 2362 Διά
364 2312 746 2381 σχηματισμοῦ
772 2313 867 2365 τοῦ
892 2312 1161 2384 σώματος,
1198 2316 1260 2368 τὸ
1280 2318 1660 2387 κεκρυμμένον
1688 2319 1817 2388 ἐσή-

243 2414 403 2466 μαινε
425 2400 649 2469 κίνημα.
662 2398 765 2451 Τὸν
781 2400 834 2451 δὲ
846 2400 990 2455 λίθον
1007 2403 1023 2469 (
1035 2403 1050 2455 |
1064 2405 1079 2470 )
1093 2405 1189 2456 οὑκ
1205 2404 1496 2460 ἀπεκύλισε
1506 2408 1573 2462 δι’
1596 2407 1813 2471 ἑαυτοῦ,

236 2486 335 2540 διὰ·
360 2487 454 2540 δύο
492 2488 665 2541 ταῦτα
686 2505 698 2517 °
729 2490 787 2543 ἓν
817 2492 915 2561 μὲν
943 2492 1205 2546 διδάσκων
1233 2495 1315 2546 ὅτι
1340 2496 1591 2565 περιττὸν
1614 2499 1673 2550 ὲν
1706 2501 1816 2561 τοῖς

237 2583 314 2653 μὴ
347 2584 666 2652 ἀναγκαίοις
715 2586 1191 2657 θαυματουργεῖνο
1231 2587 1421 2659 ἓτερον
1462 2590 1553 2654 δὲ,
1608 2592 1686 2643 ὅτι
1718 2592 1816 2644 αὑ-

232 2675 324 2738 τὸς
364 2674 464 2745 μὲν
498 2676 700 2746 ἐγείρει
730 2680 857 2741 τοὺς
884 2681 1130 2749 νεκροὺς,
1162 2662 1604 2753 παραστήσονται
1638 2684 1694 2735 δὲ
1735 2685 1816 2745 είς

234 2765 538 2836 ὑπηρεσίαν
565 2766 657 2819 τοῦ
690 2767 1005 2838 Πνεὺματος
1040 2770 1088 2821 al
1118 2770 1340 2837 ἄγγελοι
1362 2812 1376 2836 ,
1408 2770 1503 2833 οὓς
1534 2773 1627 2825 καὶ
1660 2772 1809 2843 θερι-

232 2854 365 2919 στὰς
392 2854 627 2926 ἀλλαχοῦ
658 2854 1042 2926 παρασολικῶς
1070 2858 1335 2911 ἀποκαλεῖ
1362 2857 1390 2909 ὁ
1409 2858 1632 2928 Κύριος.

302 3100 468 3170 Λέγει
504 3101 665 3165 αὐτῷ
693 3102 732 3169 ἡ
767 3102 1015 3172 Μάρθαν
1057 3105 1234 3173 Κύριε
1271 3103 1387 3173 ἤδη
1418 3103 1563 3165 ὄζει·
1605 3121 1811 3173 τεταρ-

233 3193 397 3260 ταῖος
434 3195 541 3263 γάρ
568 3194 722 3248 ἐστι.

305 3285 385 3338 Τά
439 3285 648 3356 μεγάλα
690 3286 798 3339 τῶν
835 3286 1279 3358 κατορθωμάτων
1317 3288 1509 3342 εἴωθεν
1565 3288 1812 3342 ἀπιστεῖ-

234 3376 386 3440 σθαι,
442 3379 536 3430 καὶ
576 3381 688 3441 τοῖς
736 3377 877 3449 ὑπὲρ
929 3378 1088 3447 λόγον
1130 3380 1414 3433 ἀκολουθεῖ
1453 3382 1516 3434 τὸ
1564 3382 1639 3452 μὴ
1690 3380 1809 3434 λίαν

230 3471 462 3542 ἑτοίμως
498 3470 781 3525 πείθεσθαι
805 3488 819 3502 ⁸
865 3472 1004 3541 ὅπερ
1038 3488 1130 3542 μοι
1161 3471 1311 3525 δοκεῖ
1355 3472 1547 3526 παθεῖν
1590 3474 1683 3526 καὶ
1711 3473 1810 3544 τὴν

228 3562 440 3635 ἀγαθὴν
463 3563 715 3633 Μάρθαν,
736 3563 943 3616 καὶτοῦ
965 3562 1299 3633 καθήκοντος
1321 3564 1524 3635 ταύτην
1552 3563 1810 3635 ἐξέστησε

227 3654 510 3725 λογισμοῦο
530 3656 622 3709 καὶ
651 3654 841 3726 πρώην
860 3654 1217 3721 πιστεύσασα,
1236 3656 1399 3709 πάλιν
1416 3655 1522 3707 ὑπὸ
1551 3655 1811 3718 ἀπιστίας

230 3747 370 3818 αῦτη
404 3747 725 3817 χειμάζεται
767 3750 834 3817 τῇ
875 3747 1149 3819 ὑπερϐολῇ
1193 3747 1289 3801 τοῦ
1323 3746 1601 3817 θαύματος
1626 3764 1639 3779 ·
1688 3749 1810 3819 ἥτις

230 3838 329 3891 καὶ
372 3839 447 3901 ὡς
491 3841 630 3893 πάνυ
671 3839 885 3910 τιμῶσα
919 3840 1009 3891 τὸν
1062 3839 1318 3910 Χριστὸν,
1344 3835 1466 3892 εἷπε
1497 3840 1577 3905 τὸ,
1619 3859 1638 3891 ι
1669 3841 1809 3911 Ἠδη

228 3930 366 3994 ὄζει,
394 3949 413 3982 ι
453 3929 589 4001 πρὸς
626 3930 690 3984 τὸ
742 3931 815 4001 μὴ
860 3930 1181 4001 ἁηδισθῆναι
1228 3931 1416 3985 τοῦτον
1466 3934 1530 3985 ὲκ
1571 3933 1670 4003 τῆς
1716 3931 1810 3985 τοῦ

228 4022 426 4090 νεκροῦ
454 4022 719 4085 δυσωδίας
750 4039 763 4053 ·
798 4022 830 4093 ἢ
861 4023 935 4085 ὡς
969 4022 1230 4093 αἰσχύνην
1263 4022 1419 4075 τοῦτό
1451 4041 1604 4093 φησι.
1637 4022 1811 4076 Σπεύ-

227 4116 380 4169 δουσι
430 4118 539 4187 γὰρ
589 4117 638 4168 οἱ
686 4115 794 4170 τῶν
848 4113 1157 4168 τεθνεώτων
1205 4117 1417 4179 οἰκεῖοι,
1456 4116 1562 4186 πρὸ
1603 4116 1697 4170 τοῦ
1747 4116 1809 4169 τὸ

231 4206 392 4277 σῶμα
425 4206 673 4276 γενέσθαι
707 4206 970 4273 δυσῶδες,
1005 4206 1351 4280 κατακρύψαι
1374 4210 1438 4278 τῇ
1473 4211 1543 4280 γῇ
1567 4226 1578 4237 ·
1616 4210 1807 4279 αίσχυ·

228 4301 445 4372 νόμενοι
468 4303 594 4365 τοὺς
621 4300 847 4366 ζῶντας,
881 4304 975 4356 καὶ
1000 4302 1223 4370 ἀτιμίαν
1249 4302 1545 4373 ἡγούμενοι
1570 4302 1662 4357 τοῦ
1694 4304 1807 4357 κεί-

230 4394 417 4464 μένου,
448 4393 509 4446 τὸ
542 4393 921 4465 βδελύττεσθαι
960 4395 1120 4450 αὑτὸν
1154 4396 1499 4460 παράντινων
1532 4396 1627 4449 ’2).

308 4637 353 4668 ⁶²
387 4635 577 4693 Matth.
614 4657 733 4706 xm,
768 4643 855 4698 59.

206 4864 219 4880 ,
301 4818 378 4888 (ι)
424 4817 640 4873 Partem
688 4818 852 4885 hujus
901 4817 1220 4885 fragmenti,
1277 4816 1401 4888 inde
1446 4830 1473 4867 a
1518 4813 1696 4888 verbis
1729 4814 1821 4866 τὸν

228 4882 336 4959 γὰρ
461 4905 634 4957 usque
664 4889 729 4942 ad
763 4882 789 4940 ὸ
824 4882 1027 4959 Κύριός
1066 4888 1204 4941 libro
1240 4903 1339 4939 suo
1376 4885 1597 4959 inseruit
1634 4882 1817 4937 Maca-

229 4955 343 5013 rius
376 4955 855 5028 Chrysoceplialtis
893 4955 1013 5013 Ieco
1055 4959 1304 5017 lamlato,
1335 4972 1458 5008 rum
1503 4955 1683 5028 aliqua
1727 4971 1818 5028 va-

227 5032 423 5083 rietate
453 5046 466 5081 :
494 5023 615 5083 Ὕὸν
654 5023 760 5099 γάρ
792 5028 937 5082 λίθον
977 5031 1078 5082 οὑκ
1120 5029 1215 5081 ἀπ.
1253 5028 1317 5080 δι’
1348 5024 1569 5099 ἑαυτοῦ,
1620 5023 1676 5099 ἓν
1719 5024 1819 5093 μὲν

226 5098 496 5170 διδάσκων
531 5101 625 5154 ὅτι,
659 5094 785 5170 περ.
821 5099 882 5151 τὸ
926 5100 999 5170 μὴ
1047 5102 1104 5152 ὲν
1144 5102 1255 5160 τοῖς
1295 5094 1614 5170 ἀναγκαίοις
1648 5094 1819 5170 θαυμί

228 5166 376 5241 Mox,
404 5171 610 5241 ἐγειρεί
653 5163 780 5233 τοῦς
824 5163 1049 5239 νεκροὺς
1092 5172 1149 5241 ὲν
1187 5172 1253 5238 τῇ
1288 5163 1594 5236 συντελείᾳ,
1626 5173 1683 5219 et
1724 5163 1819 5216 τοῦ

231 5238 562 5309 πράγματος
590 5241 721 5310 legit
762 5256 858 5309 pro
883 5238 974 5293 τοῦ
1002 5238 1413 5314 [ζνεὺματοςοι
1586 5304 1622 5314 η
1745 5304 1771 5314 _

306 5304 585 5385 (2)'Paulo
622 5304 779 5368 aliter
799 5304 1318 5385 catenaVatieanai
1348 5307 1430 5361 Τά
1465 5304 1813 5385 pexam-Em

236 5372 675 5456 κατορθωμάτων
710 5380 1055 5456 ἀπιστεῖσθαι
1090 5380 1250 5456 φιλεῖ.
1286 5372 1811 5456 Θαυμαστὸννοὺδὲν,

234 5460 283 5509 εἰ
312 5443 415 5526 τήν
447 5443 631 5509 πίστιν
664 5453 1080 5526 ὁμολογήσασα,
1102 5443 1291 5526 ξιπάλιν
1322 5443 1665 5526 ὀλιγοπιστίᾳ
1701 5460 1813 5522 Xst-

240 5521 495 5596 μάζεται.
528 5521 766 5587 Εἰκότως
804 5524 862 5577 δέ
890 5521 1073 5601 simul.
1103 5521 1286 5601 ἕτερον
1327 5521 1625 5601 νοοήσασαν
1654 5521 1814 5597 τοῦτο

238 5583 407 5665 ἱράναι
443 5598 578 5669 πρὸς
604 5596 664 5648 τὸ
695 5583 885 5663 παρόν.
937 5592 1031 5669 Ἕκ
1058 5583 1257 5669 πολλῆς
1283 5583 1495 5669 γάρέος
1518 5588 1693 5669 ἔοικεν
1724 5583 1814 5663 εὑ-

236 5657 501 5731 ἳαϐείαςξ
552 5657 650 5736 τῆς
692 5657 886 5736 ὲκ’τοῦ
922 5657 1241 5736 τεθνηκότος
1281 5657 1548 5736 δυ-σιὺδους
1582 5657 1817 5736 ἐκπνοῆς

239 5723 640 5790 ἁντιλαῧέσθαῖ
660 5734 895 5805 Χριστὸν
923 5723 1278 5805 οὑᾼβούλεται.
1318 5730 1607 5805 Π-άσχομεν
1637 5723 1818 5805 δξκκνιὶ

240 5787 433 5877 ἐτέροῦ
668 5787 876 5874 νεκρῶν
907 5787 1203 5873 κηδεμόνες
1233 5817 1243 5829 ·
1280 5799 1384 5869 πρὸ
1555 5792 1820 5854 δυσώδους

1922 2146 2172 2217 corporis
2202 2144 2498 2201 commotio
2522 2142 2867 2215 signiﬁcabat
2897 2143 3044 2212 quod
3071 2150 3191 2198 erat
3221 2143 3499 2198 occultum

1921 2240 2072 2294 intus
2106 2257 2120 2292 :
2152 2238 2297 2308 quod
2336 2238 2393 2290 in
2424 2235 2570 2290 hunc
2604 2234 2825 2289 modum
2872 2234 3039 2305 687
3066 2234 3291 2289 denotat
3341 2233 3500 2295 illud.

1918 2330 2213 2399 infremuit,
2239 2342 2340 2399 pro
2369 2342 2435 2382 eo
2461 2324 2608 2397 quod
2647 2332 2753 2390 est,
2797 2339 2894 2395 per
2919 2326 3152 2395 figuram
3185 2335 3239 2379 et
3270 2323 3502 2379 confor-

1920 2422 2215 2476 mationem
2245 2420 2499 2489 corporis
2543 2418 2820 2478 occultum
2864 2426 3073 2470 motum
3126 2414 3499 2486 signiﬁcabat.

1919 2511 2177 2581 Lapidem
2206 2527 2336 2566 vero
2366 2525 2475 2564 non
2503 2510 2702 2564 evolvit
2732 2524 2828 2579 per
2850 2523 2931 2573 se,
2957 2517 3182 2577 propter
3208 2507 3321 2561 haec
3345 2506 3456 2561 duo
3484 2524 3498 2560 :

1920 2619 2089 2657 unum
2118 2602 2357 2672 quidem,
2386 2618 2495 2671 quo
2526 2601 2749 2656 doceret
2777 2599 3117 2670 superﬂuum
3148 2614 3267 2654 esse
3301 2600 3359 2653 in
3390 2613 3499 2651 non

1916 2694 2250 2751 necessariis
2290 2694 2557 2747 miracula
2594 2692 2805 2755 facere;
2839 2691 3097 2755 alterum,
3136 2689 3283 2758 quod
3321 2688 3500 2743 susci-

1915 2794 2060 2840 taret
2092 2785 2209 2853 ipse
2242 2791 2507 2846 mortuos,
2538 2780 2786 2835 adfuturi
2819 2788 3002 2835 autem
3034 2786 3224 2835 essent
3247 2779 3301 2832 in
3338 2779 3501 2833 mini-

1913 2878 2140 2933 sterium
2175 2874 2418 2943 Spiritus
2447 2873 2648 2943 angeli,
2678 2888 2818 2941 quos
2848 2880 2902 2927 et
2941 2886 3218 2926 messores
3267 2871 3408 2927 alias
3443 2871 3498 2925 in

1949 2967 2169 3022 arahola
2201 2974 2355 3020 vocat
2388 2963 2754 3019 Dominus‘”.

1990 3122 2076 3187 XI,
2099 3123 2188 3178 59.
2218 3122 2361 3175 Dicit
2393 3122 2441 3175 ei
2476 3119 2690 3174 Martha
2720 3136 2738 3175 :
2770 3119 3014 3183 Domine.
3042 3119 3160 3190 jam
3191 3121 3334 3190 fetet,
3366 3137 3497 3190 qua-

1915 3215 2198 3268 triduanus
2229 3215 2366 3267 enim
2399 3221 2498 3267 est.

1983 3307 2299 3378 lugentibus
2328 3306 2488 3361 factis
2521 3303 2654 3359 ﬁdes
2693 3303 2940 3374 derogari
2984 3304 3146 3368 solet,
3180 3314 3232 3357 et
3268 3303 3335 3357 iis
3374 3319 3496 3372 qua:

1912 3415 2079 3469 supra
2122 3406 2344 3468 captum
2380 3404 2510 3452 sunt
2552 3396 2654 3450 hoc
2707 3395 2821 3450 fere
2857 3395 3239 3466 conjungitur,
3278 3404 3335 3448 ut
3386 3411 3495 3450 non

1914 3491 2072 3545 facile
2107 3486 2825 3558 audientihus'persuaderi
2862 3487 3079 3555 possint
3111 3505 3124 3541 :
3162 3486 3306 3556 quod
3340 3486 3496 3540 bona:

1914 3582 2140 3637 Martha:
2192 3581 2521 3635 usuvenisse
2566 3580 2697 3633 mihi
2725 3578 2961 3641 videtur,
2992 3586 3048 3631 ut
3075 3586 3229 3633 extra
3265 3577 3495 3632 rationis

1914 3673 2049 3728 ﬁnes
2096 3678 2454 3741 evagaretur;
2508 3676 2563 3723 et
2616 3668 2867 3738 quamvis
2926 3678 3087 3721 antea
3143 3667 3493 3733 credidisset,

1912 3777 2110 3818 rursus
2149 3767 2331 3815 tamen
2380 3758 2767 3814 incredulitate
2798 3756 3093 3812 ﬂuctuaret
3137 3773 3203 3813 ex
3242 3759 3494 3813 miraculi

1913 3850 2314 3923 magnitudine,
2350 3864 2472 3920 quae
2505 3849 2726 3918 quidem
2764 3848 2911 3919 quod
2956 3848 3237 3904 Christum
3273 3864 3495 3920 magno-

1912 3959 2044 4014 pere
2074 3951 2442 4008 revereretur,
2471 3940 2610 3996 dixit
2645 3958 2659 3996 :
2702 3959 2719 3993 ι
2745 3939 2864 3996 Jam
2900 3939 3052 4005 fetet,
3095 3960 3114 3993 ι
3146 3955 3217 3995 ne
3244 3940 3496 3996 molestia

1913 4036 2223 4091 aﬂiceretur
2262 4049 2329 4090 ex
2364 4033 2538 4089 fetore
2564 4040 2619 4088 et
2644 4032 3015 4105 graveolentia
3042 4032 3330 4090 cadaveris
3365 4052 3380 4088 :
3410 4033 3496 4089 vel

1914 4136 2174 4197 tanquam
2216 4125 2427 4196 pudore
2472 4125 2579 4181 hoc
2627 4124 2782 4180 dicit.
2816 4123 3123 4195 Properant
3151 4125 3298 4181 enim
3338 4140 3493 4181 mor-

1913 4226 2129 4272 tuorum
2163 4217 2343 4287 agnati
2372 4230 2605 4287 corpora
2623 4222 2768 4271 terra
2792 4216 3150 4281 abscondere,
3171 4217 3495 4287 priusquam

1914 4309 2058 4363 male
2092 4310 2238 4364 olere
2270 4309 2555 4379 incipiant,
2577 4308 3004 4373 reveritivivos,
3023 4315 3079 4364 et
3107 4306 3176 4362 ad
3208 4306 3493 4361 infamiam

1910 4400 2149 4470 jacentis
2181 4401 2455 4471 pertinere
2480 4402 2607 4470 rati,
2637 4401 2684 4457 si
2710 4401 2932 4473 quidam
2975 4416 3103 4457 eum
3139 4406 3481 4457 aversentur.

1921 4812 2093 4885 ρσμῆς
2118 4813 2523 4885 κατακρύπτειν
2564 4814 2641 4885 τῷ
2668 4815 2824 4885 τάφῳ
2861 4818 2929 4870 τά
2963 4816 3070 4885 τῶν
3098 4815 3505 4885 κατοιχομένων

1922 4832 2093 4937 οσμης
2118 4832 2523 4884 κατακρύπτειν
2564 4832 2641 4885 τῳ
2668 4833 2824 4885 ταφῳ
2861 4834 2929 4870 τα
2963 4834 3070 4868 των
3098 4832 3502 4885 κατοιχομενων

1922 4882 1980 4934 λε
2005 4885 2152 4969 clava.
2168 4884 2256 4937 διὰ
2282 4885 2516 4969 σπουδῆς
2544 4885 2864 4969 ποιρύμεθα,
2888 4884 3223 4969 amplam???
3248 4886 3502 4969 κειμένου

1923 4953 2232 5024 νομίζοντες
2249 4952 2455 5024 τὸητῶν
2474 4952 2555 5008 ἔτι
2580 4952 2797 5019 ζώντων
2828 4956 2914 5007 ἐπ’
2937 4952 3085 5024 αὑτῷ
3118 4952 3495 5023 βδελυγμένον.

1937 5022 2282 5093 Ἑ⁷ρυθριᾷ.γδ’
2310 5022 2499 5093 ὥσπερ
2540 5026 2572 5093 ἡ
2609 5025 2766 5092 φύσις
2807 5024 2867 5075 τὸ
2907 5022 3247 5093 παρὸιιρύσιν
3292 5024 3497 5092 ὑπομέ-

1923 5092 2325 5167 νουσαᾷπάθος.
2354 5092 2597 5167 ᾇγάρ,
2627 5094 2856 5167 θανάτου
2893 5092 3224 5167 δημιουργὸς
3267 5095 3295 5147 ὁ
3342 5093 3495 5159 Θεὸς,

1919 5162 2044 5233 οὑδὲ
2059 5162 2321 5232 τέρπεται
2349 5164 2440 5215 ἐπὶ
2458 5162 2701 5233 ἀπωλείᾳ
2730 5162 2965 5226 ζώντων.

1990 5232 2462 5306 Magnajacinora
2498 5248 2632 5300 αισι-ε
2661 5233 2968 5306 creduntur.
3016 5236 3114 5289 Nil
3143 5253 3264 5306 ergo
3296 5240 3491 5292 mirum

1918 5306 1962 5356 si
1996 5303 2404 5378 ﬁdenLMarllta
2430 5319 2597 5365 nuper
2622 5305 2885 5372 professa,
2909 5306 3102 5359 iterum
3141 5303 3359 5375 inﬁrma
3386 5311 3494 5378 ﬁde

1915 5385 2089 5447 nutat.
2122 5372 2435 5447 Verisimile
2485 5383 2744 5447 prwterea
2799 5385 2899 5436 est,
2943 5378 3053 5430 alia
3108 5372 3308 5447 quoque
3360 5372 3492 5433 cura

1912 5444 2066 5497 illam
2111 5446 2442 5515 laborantem
2474 5442 2570 5497 hoc
2607 5446 2662 5498 in
2705 5448 2953 5515 prwsenti
3002 5442 3231 5503 dixisse;
3271 5448 3489 5503 Videtur

1910 5516 2049 5567 enim
2072 5513 2133 5567 ob
2164 5513 2387 5565 multam
2413 5531 2565 5567 suam
2596 5513 2959 5583 reverentiam,
2984 5518 3216 5573 noluisse
3248 5528 3302 5571 ut
3332 5519 3489 5573 Chri-

1919 5597 2033 5639 stus
2078 5585 2271 5665 latente
2310 5586 2506 5638 mortui
2546 5587 2706 5640 odore
2767 5588 3051 5657 amaretur.
3089 5589 3248 5665 Aliud
3286 5605 3490 5657 quoque

1919 5673 2011 5710 nos
2049 5657 2193 5724 angit
2224 5657 2367 5707 circa
2402 5665 2728 5710 mortuorum
2750 5675 2932 5711 curam
2965 5673 2983 5710 .'
3016 5667 3137 5711 ante
3162 5659 3298 5711 enim
3328 5675 3487 5726 quam

1919 5727 2058 5795 fetor
2082 5735 2307 5791 creetur,
2345 5727 2565 5780 condere
2600 5728 2801 5781 tumulo
2852 5738 3179 5781 mortuorum
3227 5728 3479 5795 reliquias
