  <div class='ocr_page' id='page_1' title='image "/cluster/home/n/w/nwhite01/storage/ocr_20150623/74/hvd.32044019207919/037.png"; bbox 0 0 4144 6522; ppageno 0'>
   <div class='ocr_carea' id='block_1_1' title="bbox 656 398 3940 471">
    <p class='ocr_par' dir='ltr' id='par_1_1' title="bbox 656 398 3940 471">
     <span class='ocr_line' id='line_1_1' title="bbox 656 398 3940 471; baseline 0.003 -13"><span class='ocrx_word' id='word_1_1' title='bbox 656 398 733 459; x_wconf 80' lang='lat'><strong><em>59</em></strong></span> <span class='ocrx_word' id='word_1_2' title='bbox 1650 410 1708 466; x_wconf 91' lang='lat' dir='ltr'><strong><em>S.</em></strong></span> <span class='ocrx_word' id='word_1_3' title='bbox 1744 411 2025 468; x_wconf 65' lang='lat' dir='ltr'><strong><em>CYRIILI</em></strong></span> <span class='ocrx_word' id='word_1_4' title='bbox 2055 412 2530 469; x_wconf 74' lang='lat' dir='ltr'><strong><em>ALEXANDRINI</em></strong></span> <span class='ocrx_word' id='word_1_5' title='bbox 2564 415 2889 471; x_wconf 80' lang='lat' dir='ltr'><strong><em>ARCHIEI’.</em></strong></span> <span class='ocrx_word' id='word_1_6' title='bbox 3864 412 3940 469; x_wconf 78' lang='lat'>60</span> 
     </span>
    </p>
   </div>
   <div class='ocr_carea' id='block_1_2' title="bbox 729 518 2247 602">
    <p class='ocr_par' dir='ltr' id='par_1_2' title="bbox 729 518 2231 599">
     <span class='ocr_line' id='line_1_2' title="bbox 729 518 2231 599; baseline 0.01 -26"><span class='ocrx_word' id='word_1_7' title='bbox 729 518 819 582; x_wconf 77' lang='lat' dir='ltr'><strong><em>XI,</em></strong></span> <span class='ocrx_word' id='word_1_8' title='bbox 850 521 937 577; x_wconf 78' lang='grc'><strong><em>40.</em></strong></span> <span class='ocrx_word' id='word_1_9' title='bbox 986 523 1174 581; x_wconf 80' lang='lat' dir='ltr'><strong><em>Nonne</em></strong></span> <span class='ocrx_word' id='word_1_10' title='bbox 1212 527 1307 582; x_wconf 87' lang='lat' dir='ltr'><strong><em>tibi</em></strong></span> <span class='ocrx_word' id='word_1_11' title='bbox 1345 528 1458 582; x_wconf 74' lang='lat' dir='ltr'><strong><em>dixi</em></strong></span> <span class='ocrx_word' id='word_1_12' title='bbox 1514 530 1785 599; x_wconf 69' lang='lat' dir='ltr'><strong><em>quoniam,</em></strong></span> <span class='ocrx_word' id='word_1_13' title='bbox 1834 534 1881 585; x_wconf 83' lang='lat' dir='ltr'><strong><em>si</em></strong></span> <span class='ocrx_word' id='word_1_14' title='bbox 1923 532 2231 599; x_wconf 76' lang='lat' dir='ltr'><strong><em>credideris,</em></strong></span> 
     </span>
    </p>
   </div>
   <div class='ocr_carea' id='block_1_3' title="bbox 2352 518 3939 602">
    <p class='ocr_par' dir='ltr' id='par_1_3' title="bbox 2414 530 3939 602">
     <span class='ocr_line' id='line_1_3' title="bbox 2414 530 3939 602; baseline -0.002 -15"><span class='ocrx_word' id='word_1_15' title='bbox 2414 538 2535 589; x_wconf 84' lang='grc' dir='ltr'><strong><em>Οὐκ</em></strong></span> <span class='ocrx_word' id='word_1_16' title='bbox 2580 530 2755 589; x_wconf 81' lang='grc' dir='ltr'>εἶπόν</span> <span class='ocrx_word' id='word_1_17' title='bbox 2785 550 2903 597; x_wconf 75' lang='grc' dir='ltr'>σοι,</span> <span class='ocrx_word' id='word_1_18' title='bbox 2938 534 3022 587; x_wconf 84' lang='grc' dir='ltr'>ὅτι</span> <span class='ocrx_word' id='word_1_19' title='bbox 3058 534 3169 588; x_wconf 80' lang='grc' dir='ltr'><strong><em>ἐὰν</em></strong></span> <span class='ocrx_word' id='word_1_20' title='bbox 3200 534 3571 602; x_wconf 83' lang='grc' dir='ltr'><strong><em>πιστεύσῃς,</em></strong></span> <span class='ocrx_word' id='word_1_21' title='bbox 3626 532 3766 602; x_wconf 75' lang='grc' dir='ltr'>ὄψει</span> <span class='ocrx_word' id='word_1_22' title='bbox 3815 532 3939 599; x_wconf 74' lang='grc' dir='ltr'><strong><em>τὴν</em></strong></span> 
     </span>
    </p>
   </div>
   <div class='ocr_carea' id='block_1_4' title="bbox 656 611 1288 685">
    <p class='ocr_par' dir='ltr' id='par_1_4' title="bbox 656 611 1288 685">
     <span class='ocr_line' id='line_1_4' title="bbox 656 611 1288 685; baseline 0.013 -17"><span class='ocrx_word' id='word_1_23' title='bbox 656 611 851 668; x_wconf 74' lang='lat' dir='ltr'><strong><em>videbis</em></strong></span> <span class='ocrx_word' id='word_1_24' title='bbox 884 616 1111 685; x_wconf 83' lang='lat' dir='ltr'><strong><em>gloriam</em></strong></span> <span class='ocrx_word' id='word_1_25' title='bbox 1143 619 1242 675; x_wconf 88' lang='lat' dir='ltr'><strong><em>Dei</em></strong></span> <span class='ocrx_word' id='word_1_26' title='bbox 1261 624 1288 681; x_wconf 72' lang='grc' dir='ltr'><em>γ</em></span> 
     </span>
    </p>
   </div>
   <div class='ocr_carea' id='block_1_5' title="bbox 728 701 2238 776">
    <p class='ocr_par' dir='ltr' id='par_1_5' title="bbox 728 701 2238 776">
     <span class='ocr_line' id='line_1_5' title="bbox 728 701 2238 776; baseline 0.011 -18"><span class='ocrx_word' id='word_1_27' title='bbox 728 701 925 776; x_wconf 86' lang='lat' dir='ltr'><strong><em>Ingens</em></strong></span> <span class='ocrx_word' id='word_1_28' title='bbox 975 708 1179 766; x_wconf 86' lang='lat' dir='ltr'><strong><em>bonum</em></strong></span> <span class='ocrx_word' id='word_1_29' title='bbox 1220 724 1306 770; x_wconf 87' lang='lat' dir='ltr'><strong><em>est</em></strong></span> <span class='ocrx_word' id='word_1_30' title='bbox 1362 713 1493 771; x_wconf 85' lang='lat' dir='ltr'><strong><em>ﬁdes</em></strong></span> <span class='ocrx_word' id='word_1_31' title='bbox 1526 730 1652 771; x_wconf 88' lang='lat' dir='ltr'><strong><em>cum</em></strong></span> <span class='ocrx_word' id='word_1_32' title='bbox 1702 734 1767 773; x_wconf 77' lang='lat' dir='ltr'><strong><em>ex</em></strong></span> <span class='ocrx_word' id='word_1_33' title='bbox 1807 718 2017 774; x_wconf 96' lang='lat' dir='ltr'><strong><em>ardenti</em></strong></span> <span class='ocrx_word' id='word_1_34' title='bbox 2052 721 2238 775; x_wconf 90' lang='lat' dir='ltr'><strong><em>animo</em></strong></span> 
     </span>
    </p>
   </div>
   <div class='ocr_carea' id='block_1_6' title="bbox 659 797 2237 879">
    <p class='ocr_par' dir='ltr' id='par_1_6' title="bbox 659 797 2237 879">
     <span class='ocr_line' id='line_1_6' title="bbox 659 797 2237 879; baseline 0.011 -31"><span class='ocrx_word' id='word_1_35' title='bbox 659 797 927 862; x_wconf 84' lang='lat' dir='ltr'><strong><em>nascitur,</em></strong></span> <span class='ocrx_word' id='word_1_36' title='bbox 961 806 1281 872; x_wconf 77' lang='lat' dir='ltr'><strong>tantamque</strong></span> <span class='ocrx_word' id='word_1_37' title='bbox 1314 804 1421 858; x_wconf 85' lang='lat' dir='ltr'><strong><em>vim</em></strong></span> <span class='ocrx_word' id='word_1_38' title='bbox 1462 807 1645 870; x_wconf 85' lang='lat' dir='ltr'><strong><em>habet,</em></strong></span> <span class='ocrx_word' id='word_1_39' title='bbox 1680 816 1739 861; x_wconf 94' lang='lat' dir='ltr'><strong><em>ut</em></strong></span> <span class='ocrx_word' id='word_1_40' title='bbox 1774 823 1883 862; x_wconf 91' lang='lat' dir='ltr'><strong><em>non</em></strong></span> <span class='ocrx_word' id='word_1_41' title='bbox 1934 809 2111 865; x_wconf 91' lang='lat' dir='ltr'><strong><em>solum</em></strong></span> <span class='ocrx_word' id='word_1_42' title='bbox 2142 811 2237 879; x_wconf 87' lang='lat' dir='ltr'><strong><em>qui</em></strong></span> 
     </span>
    </p>
   </div>
   <div class='ocr_carea' id='block_1_7' title="bbox 656 887 2241 958">
    <p class='ocr_par' dir='ltr' id='par_1_7' title="bbox 656 887 2241 958">
     <span class='ocr_line' id='line_1_7' title="bbox 656 887 2241 958; baseline 0.011 -18"><span class='ocrx_word' id='word_1_43' title='bbox 656 887 834 942; x_wconf 91' lang='lat' dir='ltr'><strong><em>credit</em></strong></span> <span class='ocrx_word' id='word_1_44' title='bbox 884 899 1159 956; x_wconf 87' lang='lat' dir='ltr'><strong><em>servetur,</em></strong></span> <span class='ocrx_word' id='word_1_45' title='bbox 1185 892 1280 947; x_wconf 91' lang='lat' dir='ltr'><strong><em>sed</em></strong></span> <span class='ocrx_word' id='word_1_46' title='bbox 1336 904 1397 949; x_wconf 92' lang='lat' dir='ltr'><strong><em>ut</em></strong></span> <span class='ocrx_word' id='word_1_47' title='bbox 1446 898 1613 952; x_wconf 91' lang='lat' dir='ltr'><strong><em>etiam</em></strong></span> <span class='ocrx_word' id='word_1_48' title='bbox 1660 898 1892 953; x_wconf 90' lang='lat' dir='ltr'><strong><em>aliorum</em></strong></span> <span class='ocrx_word' id='word_1_49' title='bbox 1946 899 2079 956; x_wconf 87' lang='lat' dir='ltr'><strong><em>ﬁdes</em></strong></span> <span class='ocrx_word' id='word_1_50' title='bbox 2115 904 2241 958; x_wconf 89' lang='lat' dir='ltr'><strong><em>aliis</em></strong></span> 
     </span>
    </p>
   </div>
   <div class='ocr_carea' id='block_1_8' title="bbox 658 978 2240 1057">
    <p class='ocr_par' dir='ltr' id='par_1_8' title="bbox 658 978 2240 1057">
     <span class='ocr_line' id='line_1_8' title="bbox 658 978 2240 1057; baseline 0.011 -24"><span class='ocrx_word' id='word_1_51' title='bbox 658 978 823 1033; x_wconf 89' lang='lat' dir='ltr'><strong><em>saluti</em></strong></span> <span class='ocrx_word' id='word_1_52' title='bbox 880 982 973 1044; x_wconf 88' lang='lat' dir='ltr'><strong><em>sit,</em></strong></span> <span class='ocrx_word' id='word_1_53' title='bbox 1012 992 1073 1037; x_wconf 93' lang='lat' dir='ltr'><strong><em>ut</em></strong></span> <span class='ocrx_word' id='word_1_54' title='bbox 1117 984 1169 1039; x_wconf 92' lang='lat' dir='ltr'><strong><em>in</em></strong></span> <span class='ocrx_word' id='word_1_55' title='bbox 1208 987 1593 1057; x_wconf 86' lang='lat' dir='ltr'><strong><em>Capharnaum</em></strong></span> <span class='ocrx_word' id='word_1_56' title='bbox 1647 992 1927 1047; x_wconf 89' lang='lat' dir='ltr'><strong><em>resolutus</em></strong></span> <span class='ocrx_word' id='word_1_57' title='bbox 1975 995 2240 1051; x_wconf 89' lang='lat' dir='ltr'><strong><em>membris</em></strong></span> 
     </span>
    </p>
   </div>
   <div class='ocr_carea' id='block_1_9' title="bbox 657 1070 2242 1151">
    <p class='ocr_par' dir='ltr' id='par_1_9' title="bbox 657 1070 2242 1151">
     <span class='ocr_line' id='line_1_9' title="bbox 657 1070 2242 1151; baseline 0.014 -31"><span class='ocrx_word' id='word_1_58' title='bbox 657 1070 993 1139; x_wconf 85' lang='lat' dir='ltr'><strong><em>paralyticus</em></strong></span> <span class='ocrx_word' id='word_1_59' title='bbox 1018 1089 1114 1143; x_wconf 90' lang='lat' dir='ltr'><strong><em>per</em></strong></span> <span class='ocrx_word' id='word_1_60' title='bbox 1142 1075 1301 1132; x_wconf 86' lang='lat' dir='ltr'><strong><em>ﬁdem</em></strong></span> <span class='ocrx_word' id='word_1_61' title='bbox 1335 1096 1526 1135; x_wconf 90' lang='lat' dir='ltr'><strong><em>eorum</em></strong></span> <span class='ocrx_word' id='word_1_62' title='bbox 1558 1081 1651 1151; x_wconf 90' lang='lat' dir='ltr'><strong><em>qui</em></strong></span> <span class='ocrx_word' id='word_1_63' title='bbox 1685 1083 1975 1151; x_wconf 90' lang='lat' dir='ltr'><strong><em>portabant</em></strong></span> <span class='ocrx_word' id='word_1_64' title='bbox 2006 1100 2129 1139; x_wconf 92' lang='lat' dir='ltr'><strong><em>eum</em></strong></span> <span class='ocrx_word' id='word_1_65' title='bbox 2161 1102 2242 1141; x_wconf 88' lang='lat' dir='ltr'><strong><em>sa-</em></strong></span> 
     </span>
    </p>
   </div>
   <div class='ocr_carea' id='block_1_10' title="bbox 657 1164 2241 1247">
    <p class='ocr_par' dir='ltr' id='par_1_10' title="bbox 657 1164 2241 1247">
     <span class='ocr_line' id='line_1_10' title="bbox 657 1164 2241 1247; baseline 0.012 -34"><span class='ocrx_word' id='word_1_66' title='bbox 657 1169 821 1214; x_wconf 84' lang='lat' dir='ltr'><strong>natus</strong></span> <span class='ocrx_word' id='word_1_67' title='bbox 852 1172 957 1229; x_wconf 91' lang='lat' dir='ltr'><strong><em>est,</em></strong></span> <span class='ocrx_word' id='word_1_68' title='bbox 989 1172 1048 1218; x_wconf 92' lang='lat' dir='ltr'><strong><em>ut</em></strong></span> <span class='ocrx_word' id='word_1_69' title='bbox 1099 1164 1343 1225; x_wconf 85' lang='lat' dir='ltr'><strong>Lazarus</strong></span> <span class='ocrx_word' id='word_1_70' title='bbox 1376 1186 1471 1239; x_wconf 90' lang='lat' dir='ltr'><strong><em>per</em></strong></span> <span class='ocrx_word' id='word_1_71' title='bbox 1514 1172 1673 1226; x_wconf 83' lang='lat' dir='ltr'><strong><em>ﬁdem</em></strong></span> <span class='ocrx_word' id='word_1_72' title='bbox 1704 1174 1932 1239; x_wconf 85' lang='lat' dir='ltr'><strong><em>sororis,</em></strong></span> <span class='ocrx_word' id='word_1_73' title='bbox 1978 1175 2046 1229; x_wconf 90' lang='lat' dir='ltr'><strong><em>ad</em></strong></span> <span class='ocrx_word' id='word_1_74' title='bbox 2076 1193 2241 1247; x_wconf 90' lang='lat' dir='ltr'><strong><em>quam</em></strong></span> 
     </span>
    </p>
   </div>
   <div class='ocr_carea' id='block_1_11' title="bbox 657 1250 2241 1336">
    <p class='ocr_par' dir='ltr' id='par_1_11' title="bbox 657 1250 2241 1336">
     <span class='ocr_line' id='line_1_11' title="bbox 657 1250 2241 1336; baseline 0.015 -32"><span class='ocrx_word' id='word_1_75' title='bbox 657 1250 795 1304; x_wconf 80' lang='lat' dir='ltr'><strong><em>dixit</em></strong></span> <span class='ocrx_word' id='word_1_76' title='bbox 827 1251 1089 1312; x_wconf 92' lang='lat' dir='ltr'><strong><em>Dominus</em></strong></span> <span class='ocrx_word' id='word_1_77' title='bbox 1122 1276 1134 1312; x_wconf 94' lang='lat'><strong>:</strong></span> <span class='ocrx_word' id='word_1_78' title='bbox 1178 1278 1196 1309; x_wconf 85' lang='grc' dir='ltr'><strong><em>ι</em></strong></span> <span class='ocrx_word' id='word_1_79' title='bbox 1220 1260 1495 1330; x_wconf 55' lang='grc' dir='ltr'>αΝυιιιιιιίά</span> <span class='ocrx_word' id='word_1_80' title='bbox 1534 1262 1648 1317; x_wconf 79' lang='lat' dir='ltr'><strong><em>dixi</em></strong></span> <span class='ocrx_word' id='word_1_81' title='bbox 1690 1266 1788 1320; x_wconf 88' lang='lat' dir='ltr'><strong><em>tibi</em></strong></span> <span class='ocrx_word' id='word_1_82' title='bbox 1813 1269 1986 1336; x_wconf 91' lang='lat' dir='ltr'><strong><em>quod,</em></strong></span> <span class='ocrx_word' id='word_1_83' title='bbox 2039 1271 2085 1324; x_wconf 87' lang='lat' dir='ltr'><strong><em>si</em></strong></span> <span class='ocrx_word' id='word_1_84' title='bbox 2117 1288 2241 1329; x_wconf 88' lang='lat' dir='ltr'><strong><em>cre-</em></strong></span> 
     </span>
    </p>
   </div>
   <div class='ocr_carea' id='block_1_12' title="bbox 656 1342 2240 1427">
    <p class='ocr_par' dir='ltr' id='par_1_12' title="bbox 656 1342 2240 1427">
     <span class='ocr_line' id='line_1_12' title="bbox 656 1342 2240 1427; baseline 0.016 -31"><span class='ocrx_word' id='word_1_85' title='bbox 656 1342 763 1407; x_wconf 87' lang='lat' dir='ltr'><strong><em>dis,</em></strong></span> <span class='ocrx_word' id='word_1_86' title='bbox 801 1346 1011 1403; x_wconf 81' lang='lat' dir='ltr'><strong><em>videbis</em></strong></span> <span class='ocrx_word' id='word_1_87' title='bbox 1045 1351 1276 1420; x_wconf 80' lang='lat' dir='ltr'><strong><em>gloriam</em></strong></span> <span class='ocrx_word' id='word_1_88' title='bbox 1316 1354 1450 1409; x_wconf 86' lang='lat' dir='ltr'><strong><em>Dei?</em></strong></span> <span class='ocrx_word' id='word_1_89' title='bbox 1490 1375 1509 1407; x_wconf 80' lang='grc'><strong>»</strong></span> <span class='ocrx_word' id='word_1_90' title='bbox 1545 1359 1941 1427; x_wconf 86' lang='lat' dir='ltr'><strong><em>propemodum</em></strong></span> <span class='ocrx_word' id='word_1_91' title='bbox 1992 1362 2184 1420; x_wconf 90' lang='lat' dir='ltr'><strong><em>dicens</em></strong></span> <span class='ocrx_word' id='word_1_92' title='bbox 2228 1385 2240 1420; x_wconf 92' lang='lat'><strong>:</strong></span> 
     </span>
    </p>
   </div>
   <div class='ocr_carea' id='block_1_13' title="bbox 657 1436 2245 1529">
    <p class='ocr_par' dir='ltr' id='par_1_13' title="bbox 657 1436 2245 1529">
     <span class='ocr_line' id='line_1_13' title="bbox 657 1436 2245 1529; baseline 0.016 -40"><span class='ocrx_word' id='word_1_93' title='bbox 657 1436 1119 1509; x_wconf 80' lang='lat' dir='ltr'><strong><em>Quandoquidem</em></strong></span> <span class='ocrx_word' id='word_1_94' title='bbox 1156 1443 1401 1502; x_wconf 85' lang='lat' dir='ltr'><strong><em>Lazarus</em></strong></span> <span class='ocrx_word' id='word_1_95' title='bbox 1446 1457 1693 1506; x_wconf 90' lang='lat' dir='ltr'><strong><em>mortuus</em></strong></span> <span class='ocrx_word' id='word_1_96' title='bbox 1740 1454 1965 1511; x_wconf 86' lang='lat' dir='ltr'><strong><em>credere</em></strong></span> <span class='ocrx_word' id='word_1_97' title='bbox 2000 1473 2107 1512; x_wconf 89' lang='lat' dir='ltr'><strong><em>non</em></strong></span> <span class='ocrx_word' id='word_1_98' title='bbox 2147 1475 2245 1529; x_wconf 87' lang='lat' dir='ltr'><strong><em>po-</em></strong></span> 
     </span>
    </p>
   </div>
   <div class='ocr_carea' id='block_1_14' title="bbox 656 1534 2244 1621">
    <p class='ocr_par' dir='ltr' id='par_1_14' title="bbox 656 1534 2244 1621">
     <span class='ocr_line' id='line_1_14' title="bbox 656 1534 2244 1621; baseline 0.016 -39"><span class='ocrx_word' id='word_1_99' title='bbox 656 1538 785 1592; x_wconf 86' lang='lat' dir='ltr'><strong><em>test,</em></strong></span> <span class='ocrx_word' id='word_1_100' title='bbox 811 1538 867 1585; x_wconf 94' lang='lat' dir='ltr'><strong><em>tu</em></strong></span> <span class='ocrx_word' id='word_1_101' title='bbox 893 1534 1073 1602; x_wconf 87' lang='lat' dir='ltr'><strong><em>quoad</em></strong></span> <span class='ocrx_word' id='word_1_102' title='bbox 1105 1537 1263 1591; x_wconf 86' lang='lat' dir='ltr'><strong><em>ﬁdem</em></strong></span> <span class='ocrx_word' id='word_1_103' title='bbox 1300 1541 1501 1593; x_wconf 90' lang='lat' dir='ltr'><strong><em>mortui</em></strong></span> <span class='ocrx_word' id='word_1_104' title='bbox 1530 1542 1699 1597; x_wconf 84' lang='lat' dir='ltr'><strong><em>vicem</em></strong></span> <span class='ocrx_word' id='word_1_105' title='bbox 1734 1547 2011 1615; x_wconf 85' lang='lat' dir='ltr'><strong><em>suppleas.</em></strong></span> <span class='ocrx_word' id='word_1_106' title='bbox 2038 1548 2244 1621; x_wconf 79' lang='lat' dir='ltr'><strong><em>Duplex</em></strong></span> 
     </span>
    </p>
   </div>
   <div class='ocr_carea' id='block_1_15' title="bbox 657 1623 2243 1708">
    <p class='ocr_par' dir='ltr' id='par_1_15' title="bbox 657 1623 2243 1708">
     <span class='ocr_line' id='line_1_15' title="bbox 657 1623 2243 1708; baseline 0.016 -36"><span class='ocrx_word' id='word_1_107' title='bbox 657 1629 841 1674; x_wconf 89' lang='lat' dir='ltr'><strong><em>autem</em></strong></span> <span class='ocrx_word' id='word_1_108' title='bbox 874 1633 962 1678; x_wconf 86' lang='lat' dir='ltr'><strong><em>est</em></strong></span> <span class='ocrx_word' id='word_1_109' title='bbox 996 1623 1117 1680; x_wconf 82' lang='lat' dir='ltr'><strong><em>fidei</em></strong></span> <span class='ocrx_word' id='word_1_110' title='bbox 1151 1629 1394 1697; x_wconf 87' lang='lat' dir='ltr'><strong><em>species:</em></strong></span> <span class='ocrx_word' id='word_1_111' title='bbox 1424 1632 1529 1686; x_wconf 90' lang='lat' dir='ltr'><strong><em>alia</em></strong></span> <span class='ocrx_word' id='word_1_112' title='bbox 1560 1635 1779 1703; x_wconf 88' lang='lat' dir='ltr'><strong><em>quidem</em></strong></span> <span class='ocrx_word' id='word_1_113' title='bbox 1814 1638 2121 1708; x_wconf 86' lang='lat' dir='ltr'><strong><em>dogmatica</em></strong></span> <span class='ocrx_word' id='word_1_114' title='bbox 2153 1660 2243 1699; x_wconf 88' lang='lat' dir='ltr'><strong><em>as-</em></strong></span> 
     </span>
    </p>
   </div>
   <div class='ocr_carea' id='block_1_16' title="bbox 659 1714 2241 1801">
    <p class='ocr_par' dir='ltr' id='par_1_16' title="bbox 659 1714 2241 1801">
     <span class='ocr_line' id='line_1_16' title="bbox 659 1714 2241 1801; baseline 0.016 -36"><span class='ocrx_word' id='word_1_115' title='bbox 659 1714 919 1770; x_wconf 89' lang='lat' dir='ltr'><strong><em>sensione</em></strong></span> <span class='ocrx_word' id='word_1_116' title='bbox 969 1720 1168 1773; x_wconf 92' lang='lat' dir='ltr'><strong><em>mentis</em></strong></span> <span class='ocrx_word' id='word_1_117' title='bbox 1205 1720 1412 1778; x_wconf 85' lang='lat' dir='ltr'><strong><em>habens</em></strong></span> <span class='ocrx_word' id='word_1_118' title='bbox 1451 1724 1518 1779; x_wconf 93' lang='lat' dir='ltr'><strong><em>de</em></strong></span> <span class='ocrx_word' id='word_1_119' title='bbox 1552 1725 1654 1781; x_wconf 90' lang='lat' dir='ltr'><strong><em>hac</em></strong></span> <span class='ocrx_word' id='word_1_120' title='bbox 1686 1743 1743 1782; x_wconf 92' lang='lat' dir='ltr'><strong><em>re</em></strong></span> <span class='ocrx_word' id='word_1_121' title='bbox 1777 1730 1982 1801; x_wconf 84' lang='lat' dir='ltr'><strong><em>aliqua,</em></strong></span> <span class='ocrx_word' id='word_1_122' title='bbox 2019 1742 2076 1788; x_wconf 91' lang='lat' dir='ltr'><strong>ut</strong></span> <span class='ocrx_word' id='word_1_123' title='bbox 2117 1736 2241 1800; x_wconf 91' lang='lat' dir='ltr'><strong><em>hoc,</em></strong></span> 
     </span>
    </p>
   </div>
   <div class='ocr_carea' id='block_1_17' title="bbox 666 1802 2241 1891">
    <p class='ocr_par' dir='ltr' id='par_1_17' title="bbox 666 1802 2241 1891">
     <span class='ocr_line' id='line_1_17' title="bbox 666 1802 2241 1891; baseline 0.017 -37"><span class='ocrx_word' id='word_1_124' title='bbox 666 1820 684 1851; x_wconf 77' lang='grc' dir='ltr'><strong><em>ι</em></strong></span> <span class='ocrx_word' id='word_1_125' title='bbox 726 1802 828 1869; x_wconf 89' lang='lat' dir='ltr'><strong><em>Qui</em></strong></span> <span class='ocrx_word' id='word_1_126' title='bbox 871 1807 1045 1861; x_wconf 84' lang='lat' dir='ltr'><strong><em>credit</em></strong></span> <span class='ocrx_word' id='word_1_127' title='bbox 1089 1810 1141 1863; x_wconf 91' lang='lat' dir='ltr'><strong><em>in</em></strong></span> <span class='ocrx_word' id='word_1_128' title='bbox 1184 1808 1380 1866; x_wconf 85' lang='lat' dir='ltr'><strong><em>Filium</em></strong></span> <span class='ocrx_word' id='word_1_129' title='bbox 1423 1828 1534 1870; x_wconf 91' lang='lat' dir='ltr'><strong><em>non</em></strong></span> <span class='ocrx_word' id='word_1_130' title='bbox 1575 1817 1861 1885; x_wconf 89' lang='lat' dir='ltr'><strong><em>judicatur</em></strong></span> <span class='ocrx_word' id='word_1_131' title='bbox 1921 1822 1967 1853; x_wconf 75' lang='lat'><strong>“</strong></span> <span class='ocrx_word' id='word_1_132' title='bbox 2003 1841 2020 1891; x_wconf 90' lang='lat'><strong>;</strong></span> <span class='ocrx_word' id='word_1_133' title='bbox 2062 1845 2079 1876; x_wconf 74' lang='grc' dir='ltr'><strong><em>ι</em></strong></span> <span class='ocrx_word' id='word_1_134' title='bbox 2138 1827 2241 1881; x_wconf 89' lang='lat' dir='ltr'><strong><em>alia</em></strong></span> 
     </span>
    </p>
   </div>
   <div class='ocr_carea' id='block_1_18' title="bbox 2338 625 2873 691">
    <p class='ocr_par' dir='ltr' id='par_1_18' title="bbox 2338 625 2873 691">
     <span class='ocr_line' id='line_1_18' title="bbox 2338 625 2873 691; baseline 0.006 -13"><span class='ocrx_word' id='word_1_135' title='bbox 2338 625 2526 689; x_wconf 77' lang='grc' dir='ltr'>δόξαν</span> <span class='ocrx_word' id='word_1_136' title='bbox 2550 626 2657 681; x_wconf 86' lang='grc' dir='ltr'><strong><em>τοῦ</em></strong></span> <span class='ocrx_word' id='word_1_137' title='bbox 2688 627 2836 681; x_wconf 85' lang='grc' dir='ltr'><strong><em>Θεοῦ</em></strong></span> <span class='ocrx_word' id='word_1_138' title='bbox 2854 645 2873 691; x_wconf 92' lang='grc'><strong><em>;</em></strong></span> 
     </span>
    </p>
   </div>
   <div class='ocr_carea' id='block_1_19' title="bbox 2410 719 3937 792">
    <p class='ocr_par' dir='ltr' id='par_1_19' title="bbox 2410 719 3937 792">
     <span class='ocr_line' id='line_1_19' title="bbox 2410 719 3937 792; baseline 0.002 -20"><span class='ocrx_word' id='word_1_139' title='bbox 2410 720 2571 788; x_wconf 86' lang='grc' dir='ltr'><strong><em>Μέγα</em></strong></span> <span class='ocrx_word' id='word_1_140' title='bbox 2613 721 2814 789; x_wconf 73' lang='grc' dir='ltr'>ἀγαθὸν</span> <span class='ocrx_word' id='word_1_141' title='bbox 2859 722 3075 786; x_wconf 83' lang='grc' dir='ltr'><strong><em>πίστις,</em></strong></span> <span class='ocrx_word' id='word_1_142' title='bbox 3128 722 3258 775; x_wconf 85' lang='grc' dir='ltr'>ὅταν</span> <span class='ocrx_word' id='word_1_143' title='bbox 3312 722 3418 776; x_wconf 76' lang='grc' dir='ltr'><strong><em>ἀπὸ</em></strong></span> <span class='ocrx_word' id='word_1_144' title='bbox 3453 722 3660 792; x_wconf 74' lang='grc' dir='ltr'>θερμῆς</span> <span class='ocrx_word' id='word_1_145' title='bbox 3706 719 3937 789; x_wconf 76' lang='grc' dir='ltr'>γίνηται</span> 
     </span>
    </p>
   </div>
   <div class='ocr_carea' id='block_1_20' title="bbox 2337 810 3938 885">
    <p class='ocr_par' dir='ltr' id='par_1_20' title="bbox 2337 810 3938 885">
     <span class='ocr_line' id='line_1_20' title="bbox 2337 810 3938 885; baseline 0.001 -23"><span class='ocrx_word' id='word_1_146' title='bbox 2337 810 2575 875; x_wconf 80' lang='grc' dir='ltr'><strong><em>διανοίας</em></strong></span> <span class='ocrx_word' id='word_1_147' title='bbox 2594 854 2608 877; x_wconf 94' lang='grc'><strong><em>,</em></strong></span> <span class='ocrx_word' id='word_1_148' title='bbox 2646 815 2739 866; x_wconf 73' lang='grc' dir='ltr'><strong><em>καὶ</em></strong></span> <span class='ocrx_word' id='word_1_149' title='bbox 2766 814 3035 885; x_wconf 80' lang='grc' dir='ltr'><strong><em>τοσαύτην</em></strong></span> <span class='ocrx_word' id='word_1_150' title='bbox 3067 814 3178 884; x_wconf 81' lang='grc' dir='ltr'>ἔχει</span> <span class='ocrx_word' id='word_1_151' title='bbox 3209 813 3440 885; x_wconf 87' lang='grc' dir='ltr'>δύναμιν</span> <span class='ocrx_word' id='word_1_152' title='bbox 3460 856 3474 877; x_wconf 90' lang='grc'><strong><em>,</em></strong></span> <span class='ocrx_word' id='word_1_153' title='bbox 3506 814 3645 866; x_wconf 83' lang='grc' dir='ltr'>ὥστε</span> <span class='ocrx_word' id='word_1_154' title='bbox 3666 813 3731 866; x_wconf 82' lang='grc' dir='ltr'><strong><em>οὐ</em></strong></span> <span class='ocrx_word' id='word_1_155' title='bbox 3766 810 3938 881; x_wconf 77' lang='grc' dir='ltr'>μόνον</span> 
     </span>
    </p>
   </div>
   <div class='ocr_carea' id='block_1_21' title="bbox 2338 902 3939 969">
    <p class='ocr_par' dir='ltr' id='par_1_21' title="bbox 2338 902 3939 969">
     <span class='ocr_line' id='line_1_21' title="bbox 2338 902 3939 969; baseline 0.001 -16"><span class='ocrx_word' id='word_1_156' title='bbox 2338 904 2366 954; x_wconf 94' lang='lat'><strong><em>6</em></strong></span> <span class='ocrx_word' id='word_1_157' title='bbox 2399 902 2668 955; x_wconf 80' lang='grc' dir='ltr'><strong><em>πιστεύων</em></strong></span> <span class='ocrx_word' id='word_1_158' title='bbox 2698 902 2929 967; x_wconf 78' lang='grc' dir='ltr'>σώζεται</span> <span class='ocrx_word' id='word_1_159' title='bbox 2949 942 2975 969; x_wconf 80' lang='lat'><strong><em>,-</em></strong></span> <span class='ocrx_word' id='word_1_160' title='bbox 3011 904 3144 957; x_wconf 79' lang='grc' dir='ltr'><strong><em>ἀλλά</em></strong></span> <span class='ocrx_word' id='word_1_161' title='bbox 3194 906 3287 958; x_wconf 77' lang='grc' dir='ltr'><strong><em>καὶ</em></strong></span> <span class='ocrx_word' id='word_1_162' title='bbox 3326 906 3472 958; x_wconf 84' lang='grc' dir='ltr'>ἄλλοι</span> <span class='ocrx_word' id='word_1_163' title='bbox 3498 904 3671 958; x_wconf 81' lang='grc' dir='ltr'>ἄλλων</span> <span class='ocrx_word' id='word_1_164' title='bbox 3704 919 3939 957; x_wconf 84' lang='grc' dir='ltr'>πιστευ-</span> 
     </span>
    </p>
   </div>
   <div class='ocr_carea' id='block_1_22' title="bbox 2343 991 3939 1064">
    <p class='ocr_par' dir='ltr' id='par_1_22' title="bbox 2343 991 3939 1064">
     <span class='ocr_line' id='line_1_22' title="bbox 2343 991 3939 1064; baseline -0.001 -20"><span class='ocrx_word' id='word_1_165' title='bbox 2343 991 2551 1045; x_wconf 78' lang='grc' dir='ltr'>σάντων</span> <span class='ocrx_word' id='word_1_166' title='bbox 2580 992 2882 1061; x_wconf 75' lang='grc' dir='ltr'>ἐσώθησαν·</span> <span class='ocrx_word' id='word_1_167' title='bbox 2942 992 3017 1056; x_wconf 87' lang='grc' dir='ltr'><strong><em>ώς</em></strong></span> <span class='ocrx_word' id='word_1_168' title='bbox 3062 996 3090 1046; x_wconf 99' lang='lat'><strong><em>6</em></strong></span> <span class='ocrx_word' id='word_1_169' title='bbox 3123 994 3181 1045; x_wconf 83' lang='grc' dir='ltr'>ὲν</span> <span class='ocrx_word' id='word_1_170' title='bbox 3216 996 3593 1064; x_wconf 76' lang='grc' dir='ltr'>Καπαρναοὺμ</span> <span class='ocrx_word' id='word_1_171' title='bbox 3630 993 3939 1063; x_wconf 78' lang='grc' dir='ltr'><strong><em>χαλασθεὶς</em></strong></span> 
     </span>
    </p>
   </div>
   <div class='ocr_carea' id='block_1_23' title="bbox 2341 1083 3932 1155">
    <p class='ocr_par' dir='ltr' id='par_1_23' title="bbox 2341 1083 3932 1155">
     <span class='ocr_line' id='line_1_23' title="bbox 2341 1083 3932 1155; baseline -0.001 -20"><span class='ocrx_word' id='word_1_172' title='bbox 2341 1083 2683 1151; x_wconf 84' lang='grc' dir='ltr'>παράλυτος,</span> <span class='ocrx_word' id='word_1_173' title='bbox 2734 1084 2824 1137; x_wconf 76' lang='grc' dir='ltr'>διὰ</span> <span class='ocrx_word' id='word_1_174' title='bbox 2852 1084 2948 1155; x_wconf 81' lang='grc' dir='ltr'>τὴν</span> <span class='ocrx_word' id='word_1_175' title='bbox 2978 1085 3157 1137; x_wconf 87' lang='grc' dir='ltr'>πίστιν</span> <span class='ocrx_word' id='word_1_176' title='bbox 3181 1085 3289 1138; x_wconf 88' lang='grc' dir='ltr'><strong><em>τῶν</em></strong></span> <span class='ocrx_word' id='word_1_177' title='bbox 3322 1085 3694 1155; x_wconf 79' lang='grc' dir='ltr'>βασταζόντων</span> <span class='ocrx_word' id='word_1_178' title='bbox 3721 1084 3893 1137; x_wconf 71' lang='grc' dir='ltr'>αὐτόν</span> <span class='ocrx_word' id='word_1_179' title='bbox 3918 1100 3932 1112; x_wconf 89' lang='grc'><strong>·</strong></span> 
     </span>
    </p>
   </div>
   <div class='ocr_carea' id='block_1_24' title="bbox 2340 1174 3931 1246">
    <p class='ocr_par' dir='ltr' id='par_1_24' title="bbox 2340 1174 3931 1246">
     <span class='ocr_line' id='line_1_24' title="bbox 2340 1174 3931 1246; baseline -0.001 -20"><span class='ocrx_word' id='word_1_180' title='bbox 2340 1174 2415 1237; x_wconf 90' lang='grc' dir='ltr'><strong><em>ώς</em></strong></span> <span class='ocrx_word' id='word_1_181' title='bbox 2457 1177 2485 1228; x_wconf 96' lang='lat'><strong><em>6</em></strong></span> <span class='ocrx_word' id='word_1_182' title='bbox 2521 1175 2771 1243; x_wconf 80' lang='grc' dir='ltr'><strong><em>Λάζαρος</em></strong></span> <span class='ocrx_word' id='word_1_183' title='bbox 2794 1215 2809 1237; x_wconf 94' lang='grc'><strong><em>,</em></strong></span> <span class='ocrx_word' id='word_1_184' title='bbox 2837 1174 2924 1227; x_wconf 69' lang='grc' dir='ltr'><strong><em>διὰ</em></strong></span> <span class='ocrx_word' id='word_1_185' title='bbox 2954 1175 3053 1244; x_wconf 80' lang='grc' dir='ltr'>τὴν</span> <span class='ocrx_word' id='word_1_186' title='bbox 3093 1176 3191 1245; x_wconf 80' lang='grc' dir='ltr'><strong><em>τῆς</em></strong></span> <span class='ocrx_word' id='word_1_187' title='bbox 3229 1176 3499 1245; x_wconf 79' lang='grc' dir='ltr'>ἀδελφῆς,</span> <span class='ocrx_word' id='word_1_188' title='bbox 3556 1176 3691 1246; x_wconf 82' lang='grc' dir='ltr'>πρὸς</span> <span class='ocrx_word' id='word_1_189' title='bbox 3721 1176 3787 1244; x_wconf 78' lang='grc' dir='ltr'>ἣν</span> <span class='ocrx_word' id='word_1_190' title='bbox 3824 1174 3931 1243; x_wconf 70' lang='grc' dir='ltr'><strong><em>ἔφη</em></strong></span> 
     </span>
    </p>
   </div>
   <div class='ocr_carea' id='block_1_25' title="bbox 2341 1263 3934 1337">
    <p class='ocr_par' dir='ltr' id='par_1_25' title="bbox 2341 1263 3934 1337">
     <span class='ocr_line' id='line_1_25' title="bbox 2341 1263 3934 1337; baseline -0.003 -17"><span class='ocrx_word' id='word_1_191' title='bbox 2341 1270 2369 1320; x_wconf 87' lang='grc' dir='ltr'>ὁ</span> <span class='ocrx_word' id='word_1_192' title='bbox 2400 1267 2635 1337; x_wconf 82' lang='grc' dir='ltr'>Κύριος·</span> <span class='ocrx_word' id='word_1_193' title='bbox 2676 1287 2692 1317; x_wconf 80' lang='grc' dir='ltr'><strong><em>ι</em></strong></span> <span class='ocrx_word' id='word_1_194' title='bbox 2725 1268 2838 1320; x_wconf 84' lang='grc' dir='ltr'>Ούκ</span> <span class='ocrx_word' id='word_1_195' title='bbox 2868 1263 3021 1319; x_wconf 73' lang='grc' dir='ltr'>εἶπόν</span> <span class='ocrx_word' id='word_1_196' title='bbox 3063 1283 3144 1319; x_wconf 82' lang='grc' dir='ltr'><strong><em>σοι</em></strong></span> <span class='ocrx_word' id='word_1_197' title='bbox 3192 1270 3274 1320; x_wconf 80' lang='grc' dir='ltr'><strong><em>ὅτι</em></strong></span> <span class='ocrx_word' id='word_1_198' title='bbox 3324 1268 3418 1320; x_wconf 75' lang='grc' dir='ltr'><strong><em>ἐὰν</em></strong></span> <span class='ocrx_word' id='word_1_199' title='bbox 3462 1266 3765 1336; x_wconf 78' lang='grc' dir='ltr'>πιστεύῃς,</span> <span class='ocrx_word' id='word_1_200' title='bbox 3804 1264 3934 1332; x_wconf 77' lang='grc' dir='ltr'>ὄψει</span> 
     </span>
    </p>
   </div>
   <div class='ocr_carea' id='block_1_26' title="bbox 2342 1355 3934 1429">
    <p class='ocr_par' dir='ltr' id='par_1_26' title="bbox 2342 1355 3934 1429">
     <span class='ocr_line' id='line_1_26' title="bbox 2342 1355 3934 1429; baseline -0.002 -19"><span class='ocrx_word' id='word_1_201' title='bbox 2342 1360 2441 1428; x_wconf 78' lang='grc' dir='ltr'><strong><em>τὴν</em></strong></span> <span class='ocrx_word' id='word_1_202' title='bbox 2474 1358 2631 1423; x_wconf 79' lang='grc' dir='ltr'>δόξαν</span> <span class='ocrx_word' id='word_1_203' title='bbox 2681 1359 2775 1412; x_wconf 88' lang='grc' dir='ltr'><strong><em>τοῦ</em></strong></span> <span class='ocrx_word' id='word_1_204' title='bbox 2827 1360 2961 1412; x_wconf 85' lang='grc' dir='ltr'>Θεοῦ</span> <span class='ocrx_word' id='word_1_205' title='bbox 2990 1379 3006 1422; x_wconf 81' lang='grc'>;</span> <span class='ocrx_word' id='word_1_206' title='bbox 3037 1380 3055 1410; x_wconf 75' lang='grc' dir='ltr'><strong><em>ι</em></strong></span> <span class='ocrx_word' id='word_1_207' title='bbox 3109 1360 3392 1429; x_wconf 79' lang='grc' dir='ltr'>μονονουχὶ</span> <span class='ocrx_word' id='word_1_208' title='bbox 3435 1359 3643 1426; x_wconf 82' lang='grc' dir='ltr'>λέγων·</span> <span class='ocrx_word' id='word_1_209' title='bbox 3705 1355 3934 1423; x_wconf 79' lang='grc' dir='ltr'><strong><em>Ἐπειδὴ</em></strong></span> 
     </span>
    </p>
   </div>
   <div class='ocr_carea' id='block_1_27' title="bbox 2344 1446 3933 1522">
    <p class='ocr_par' dir='ltr' id='par_1_27' title="bbox 2344 1446 3933 1522">
     <span class='ocr_line' id='line_1_27' title="bbox 2344 1446 3933 1522; baseline -0.003 -19"><span class='ocrx_word' id='word_1_210' title='bbox 2344 1450 2591 1521; x_wconf 79' lang='grc' dir='ltr'>Λάζαρος</span> <span class='ocrx_word' id='word_1_211' title='bbox 2642 1452 2832 1522; x_wconf 77' lang='grc' dir='ltr'>νεκρὸς</span> <span class='ocrx_word' id='word_1_212' title='bbox 2879 1450 2953 1503; x_wconf 80' lang='grc' dir='ltr'><strong><em>ὢν</em></strong></span> <span class='ocrx_word' id='word_1_213' title='bbox 2990 1451 3264 1505; x_wconf 76' lang='grc' dir='ltr'>πιστεύειν</span> <span class='ocrx_word' id='word_1_214' title='bbox 3311 1452 3369 1503; x_wconf 81' lang='grc' dir='ltr'><strong><em>ού</em></strong></span> <span class='ocrx_word' id='word_1_215' title='bbox 3408 1451 3660 1514; x_wconf 82' lang='grc' dir='ltr'>δύναται,</span> <span class='ocrx_word' id='word_1_216' title='bbox 3720 1448 3786 1501; x_wconf 80' lang='grc' dir='ltr'><strong><em>σὺ</em></strong></span> <span class='ocrx_word' id='word_1_217' title='bbox 3834 1446 3933 1499; x_wconf 80' lang='grc' dir='ltr'><strong><em>τοῦ</em></strong></span> 
     </span>
    </p>
   </div>
   <div class='ocr_carea' id='block_1_28' title="bbox 2344 1537 3936 1611">
    <p class='ocr_par' dir='ltr' id='par_1_28' title="bbox 2344 1537 3936 1611">
     <span class='ocr_line' id='line_1_28' title="bbox 2344 1537 3936 1611; baseline -0.001 -20"><span class='ocrx_word' id='word_1_218' title='bbox 2344 1540 2541 1610; x_wconf 83' lang='grc' dir='ltr'>νεκροῦ</span> <span class='ocrx_word' id='word_1_219' title='bbox 2571 1540 2630 1592; x_wconf 74' lang='grc' dir='ltr'>τὸ</span> <span class='ocrx_word' id='word_1_220' title='bbox 2657 1539 2842 1594; x_wconf 88' lang='grc' dir='ltr'>λεῖπον</span> <span class='ocrx_word' id='word_1_221' title='bbox 2884 1542 2983 1611; x_wconf 82' lang='grc' dir='ltr'>τῆς</span> <span class='ocrx_word' id='word_1_222' title='bbox 3008 1542 3244 1605; x_wconf 86' lang='grc' dir='ltr'>πίστεως</span> <span class='ocrx_word' id='word_1_223' title='bbox 3274 1541 3687 1611; x_wconf 80' lang='grc' dir='ltr'>ἀναπλήρωσον.</span> <span class='ocrx_word' id='word_1_224' title='bbox 3743 1537 3936 1590; x_wconf 81' lang='grc' dir='ltr'>Διττὸν</span> 
     </span>
    </p>
   </div>
   <div class='ocr_carea' id='block_1_29' title="bbox 2344 1628 3937 1701">
    <p class='ocr_par' dir='ltr' id='par_1_29' title="bbox 2344 1628 3937 1701">
     <span class='ocr_line' id='line_1_29' title="bbox 2344 1628 3937 1701; baseline -0.001 -20"><span class='ocrx_word' id='word_1_225' title='bbox 2344 1629 2397 1682; x_wconf 85' lang='grc' dir='ltr'>δὲ</span> <span class='ocrx_word' id='word_1_226' title='bbox 2438 1631 2537 1699; x_wconf 76' lang='grc' dir='ltr'>τῆς</span> <span class='ocrx_word' id='word_1_227' title='bbox 2575 1630 2808 1695; x_wconf 89' lang='grc' dir='ltr'>πίστεως</span> <span class='ocrx_word' id='word_1_228' title='bbox 2852 1632 2910 1684; x_wconf 75' lang='grc' dir='ltr'><strong><em>τὸ</em></strong></span> <span class='ocrx_word' id='word_1_229' title='bbox 2957 1628 3094 1695; x_wconf 75' lang='grc' dir='ltr'>εἶδος</span> <span class='ocrx_word' id='word_1_230' title='bbox 3119 1670 3134 1695; x_wconf 93' lang='grc'><strong><em>,</em></strong></span> <span class='ocrx_word' id='word_1_231' title='bbox 3181 1633 3241 1684; x_wconf 88' lang='grc' dir='ltr'><strong><em>τὸ</em></strong></span> <span class='ocrx_word' id='word_1_232' title='bbox 3292 1632 3391 1701; x_wconf 82' lang='grc' dir='ltr'><strong><em>μὲν</em></strong></span> <span class='ocrx_word' id='word_1_233' title='bbox 3433 1629 3766 1699; x_wconf 77' lang='grc' dir='ltr'>δογματικὸν</span> <span class='ocrx_word' id='word_1_234' title='bbox 3803 1644 3937 1695; x_wconf 76' lang='grc' dir='ltr'>σύγ-</span> 
     </span>
    </p>
   </div>
   <div class='ocr_carea' id='block_1_30' title="bbox 2348 1720 3936 1794">
    <p class='ocr_par' dir='ltr' id='par_1_30' title="bbox 2348 1720 3936 1794">
     <span class='ocr_line' id='line_1_30' title="bbox 2348 1720 3936 1794; baseline -0.002 -20"><span class='ocrx_word' id='word_1_235' title='bbox 2348 1720 2640 1775; x_wconf 82' lang='grc' dir='ltr'>κατάθεσιν</span> <span class='ocrx_word' id='word_1_236' title='bbox 2676 1726 2775 1793; x_wconf 82' lang='grc' dir='ltr'><strong><em>τῆς</em></strong></span> <span class='ocrx_word' id='word_1_237' title='bbox 2825 1723 3000 1794; x_wconf 68' lang='grc' dir='ltr'>ψυχῆς</span> <span class='ocrx_word' id='word_1_238' title='bbox 3047 1724 3169 1793; x_wconf 77' lang='grc' dir='ltr'>ἕχον</span> <span class='ocrx_word' id='word_1_239' title='bbox 3221 1724 3349 1794; x_wconf 68' lang='grc' dir='ltr'>περὶ</span> <span class='ocrx_word' id='word_1_240' title='bbox 3402 1722 3555 1775; x_wconf 81' lang='grc' dir='ltr'>τοῦδέ</span> <span class='ocrx_word' id='word_1_241' title='bbox 3616 1736 3797 1782; x_wconf 78' lang='grc' dir='ltr'>τινος’</span> <span class='ocrx_word' id='word_1_242' title='bbox 3858 1720 3936 1782; x_wconf 85' lang='grc' dir='ltr'>ὡς</span> 
     </span>
    </p>
   </div>
   <div class='ocr_carea' id='block_1_31' title="bbox 2348 1812 3932 1887">
    <p class='ocr_par' dir='ltr' id='par_1_31' title="bbox 2348 1812 3932 1887">
     <span class='ocr_line' id='line_1_31' title="bbox 2348 1812 3932 1887; baseline -0.002 -20"><span class='ocrx_word' id='word_1_243' title='bbox 2348 1816 2426 1881; x_wconf 72' lang='grc' dir='ltr'><strong><em>τὸ,</em></strong></span> <span class='ocrx_word' id='word_1_244' title='bbox 2457 1836 2475 1867; x_wconf 77' lang='grc' dir='ltr'><strong><em>ι</em></strong></span> <span class='ocrx_word' id='word_1_245' title='bbox 2519 1817 2576 1868; x_wconf 89' lang='lat' dir='ltr'><strong><em>&#39;O</em></strong></span> <span class='ocrx_word' id='word_1_246' title='bbox 2604 1818 2871 1870; x_wconf 80' lang='grc' dir='ltr'>πιστεύων</span> <span class='ocrx_word' id='word_1_247' title='bbox 2904 1820 2983 1881; x_wconf 73' lang='grc' dir='ltr'>εἰς</span> <span class='ocrx_word' id='word_1_248' title='bbox 3009 1819 3099 1871; x_wconf 82' lang='grc' dir='ltr'><strong><em>τὸν</em></strong></span> <span class='ocrx_word' id='word_1_249' title='bbox 3131 1818 3279 1883; x_wconf 74' lang='grc' dir='ltr'>Υἱδν,</span> <span class='ocrx_word' id='word_1_250' title='bbox 3307 1818 3365 1869; x_wconf 78' lang='grc' dir='ltr'><strong><em>ού</em></strong></span> <span class='ocrx_word' id='word_1_251' title='bbox 3393 1816 3633 1887; x_wconf 84' lang='grc' dir='ltr'>κρίνεται</span> <span class='ocrx_word' id='word_1_252' title='bbox 3660 1830 3670 1841; x_wconf 94' lang='grc'><strong>·</strong></span> <span class='ocrx_word' id='word_1_253' title='bbox 3708 1832 3725 1864; x_wconf 77' lang='grc' dir='ltr'><strong><em>ι</em></strong></span> <span class='ocrx_word' id='word_1_254' title='bbox 3761 1812 3823 1865; x_wconf 84' lang='grc' dir='ltr'><strong><em>τὸ</em></strong></span> <span class='ocrx_word' id='word_1_255' title='bbox 3851 1812 3932 1874; x_wconf 88' lang='grc' dir='ltr'><strong><em>δὲ,</em></strong></span> 
     </span>
    </p>
   </div>
   <div class='ocr_carea' id='block_1_32' title="bbox 659 1887 2247 1987">
    <p class='ocr_par' dir='ltr' id='par_1_32' title="bbox 659 1887 2245 1987">
     <span class='ocr_line' id='line_1_32' title="bbox 659 1887 2245 1987; baseline 0.016 -40"><span class='ocrx_word' id='word_1_256' title='bbox 659 1910 782 1965; x_wconf 71' lang='lat' dir='ltr'><strong><em>qua:</em></strong></span> <span class='ocrx_word' id='word_1_257' title='bbox 816 1898 934 1952; x_wconf 92' lang='lat' dir='ltr'><strong><em>vice</em></strong></span> <span class='ocrx_word' id='word_1_258' title='bbox 986 1901 1177 1968; x_wconf 75' lang='lat' dir='ltr'><strong><em>gratia:</em></strong></span> <span class='ocrx_word' id='word_1_259' title='bbox 1214 1918 1243 1955; x_wconf 93' lang='lat' dir='ltr'><strong><em>a</em></strong></span> <span class='ocrx_word' id='word_1_260' title='bbox 1278 1904 1501 1961; x_wconf 87' lang='lat' dir='ltr'><strong><em>Christo</em></strong></span> <span class='ocrx_word' id='word_1_261' title='bbox 1537 1907 1717 1963; x_wconf 89' lang='lat' dir='ltr'><strong><em>datur.</em></strong></span> <span class='ocrx_word' id='word_1_262' title='bbox 1789 1930 1808 1963; x_wconf 80' lang='grc' dir='ltr'><strong><em>ι</em></strong></span> <span class='ocrx_word' id='word_1_263' title='bbox 1849 1912 1914 1966; x_wconf 84' lang='grc' dir='ltr'>Ει</span> <span class='ocrx_word' id='word_1_264' title='bbox 1959 1887 2088 1970; x_wconf 87' lang='lat' dir='ltr'><strong><em>huic</em></strong></span> <span class='ocrx_word' id='word_1_265' title='bbox 2123 1919 2245 1987; x_wconf 88' lang='lat' dir='ltr'><strong><em>qui-</em></strong></span> 
     </span>
    </p>
   </div>
   <div class='ocr_carea' id='block_1_33' title="bbox 2352 1887 3933 1987">
    <p class='ocr_par' dir='ltr' id='par_1_33' title="bbox 2352 1908 3933 1981">
     <span class='ocr_line' id='line_1_33' title="bbox 2352 1908 3933 1981; baseline -0.003 -19"><span class='ocrx_word' id='word_1_266' title='bbox 2352 1910 2408 1962; x_wconf 81' lang='grc' dir='ltr'>ὲν</span> <span class='ocrx_word' id='word_1_267' title='bbox 2446 1909 2665 1979; x_wconf 89' lang='grc' dir='ltr'>χάριτος</span> <span class='ocrx_word' id='word_1_268' title='bbox 2716 1910 2873 1981; x_wconf 83' lang='grc' dir='ltr'>μέρει</span> <span class='ocrx_word' id='word_1_269' title='bbox 2928 1912 3077 1981; x_wconf 72' lang='grc' dir='ltr'>παρὰ</span> <span class='ocrx_word' id='word_1_270' title='bbox 3128 1911 3221 1964; x_wconf 88' lang='grc' dir='ltr'><strong><em>τοῦ</em></strong></span> <span class='ocrx_word' id='word_1_271' title='bbox 3264 1909 3501 1980; x_wconf 78' lang='grc' dir='ltr'>Χριστοῦ</span> <span class='ocrx_word' id='word_1_272' title='bbox 3547 1908 3933 1978; x_wconf 59' lang='grc' dir='ltr'>δωρούμενον</span> 
     </span>
    </p>
   </div>
   <div class='ocr_carea' id='block_1_34' title="bbox 665 1989 2244 2075">
    <p class='ocr_par' dir='ltr' id='par_1_34' title="bbox 665 1989 2244 2075">
     <span class='ocr_line' id='line_1_34' title="bbox 665 1989 2244 2075; baseline 0.015 -32"><span class='ocrx_word' id='word_1_273' title='bbox 665 1989 813 2053; x_wconf 92' lang='lat' dir='ltr'><strong><em>dem,</em></strong></span> <span class='ocrx_word' id='word_1_274' title='bbox 842 1992 937 2056; x_wconf 89' lang='lat' dir='ltr'><strong><em>ait,</em></strong></span> <span class='ocrx_word' id='word_1_275' title='bbox 967 2008 1061 2063; x_wconf 88' lang='lat' dir='ltr'><strong><em>per</em></strong></span> <span class='ocrx_word' id='word_1_276' title='bbox 1087 1994 1353 2066; x_wconf 88' lang='lat' dir='ltr'><strong><em>Spiritum</em></strong></span> <span class='ocrx_word' id='word_1_277' title='bbox 1378 2000 1538 2056; x_wconf 86' lang='lat' dir='ltr'><strong><em>datur</em></strong></span> <span class='ocrx_word' id='word_1_278' title='bbox 1562 2017 1747 2059; x_wconf 91' lang='lat' dir='ltr'><strong><em>sermo</em></strong></span> <span class='ocrx_word' id='word_1_279' title='bbox 1764 2008 2065 2075; x_wconf 70' lang='lat' dir='ltr'><strong><em>sapientiaz,</em></strong></span> <span class='ocrx_word' id='word_1_280' title='bbox 2088 2013 2244 2067; x_wconf 85' lang='lat' dir='ltr'><strong><em>alteri</em></strong></span> 
     </span>
    </p>
   </div>
   <div class='ocr_carea' id='block_1_35' title="bbox 658 2084 2249 2173">
    <p class='ocr_par' dir='ltr' id='par_1_35' title="bbox 658 2084 2249 2173">
     <span class='ocr_line' id='line_1_35' title="bbox 658 2084 2249 2173; baseline 0.016 -39"><span class='ocrx_word' id='word_1_281' title='bbox 658 2098 789 2137; x_wconf 89' lang='lat' dir='ltr'><strong><em>vero</em></strong></span> <span class='ocrx_word' id='word_1_282' title='bbox 824 2084 945 2140; x_wconf 88' lang='lat' dir='ltr'><strong><em>ﬁdei</em></strong></span> <span class='ocrx_word' id='word_1_283' title='bbox 967 2086 1009 2117; x_wconf 73' lang='lat'><strong>“</strong></span> <span class='ocrx_word' id='word_1_284' title='bbox 1032 2104 1045 2152; x_wconf 92' lang='lat'>;</span> <span class='ocrx_word' id='word_1_285' title='bbox 1067 2107 1086 2139; x_wconf 73' lang='grc' dir='ltr'><strong><em>ι</em></strong></span> <span class='ocrx_word' id='word_1_286' title='bbox 1122 2105 1243 2158; x_wconf 70' lang='lat' dir='ltr'><strong><em>qua:</em></strong></span> <span class='ocrx_word' id='word_1_287' title='bbox 1268 2092 1489 2161; x_wconf 88' lang='lat' dir='ltr'><strong><em>quidem</em></strong></span> <span class='ocrx_word' id='word_1_288' title='bbox 1523 2110 1631 2148; x_wconf 92' lang='lat' dir='ltr'><strong><em>non</em></strong></span> <span class='ocrx_word' id='word_1_289' title='bbox 1664 2105 1877 2152; x_wconf 89' lang='lat' dir='ltr'><strong><em>tantum</em></strong></span> <span class='ocrx_word' id='word_1_290' title='bbox 1910 2110 1993 2155; x_wconf 89' lang='lat' dir='ltr'><strong><em>est</em></strong></span> <span class='ocrx_word' id='word_1_291' title='bbox 2026 2104 2249 2173; x_wconf 86' lang='lat' dir='ltr'><strong><em>dogma-</em></strong></span> 
     </span>
    </p>
   </div>
   <div class='ocr_carea' id='block_1_36' title="bbox 660 2176 2248 2257">
    <p class='ocr_par' dir='ltr' id='par_1_36' title="bbox 660 2176 2248 2257">
     <span class='ocr_line' id='line_1_36' title="bbox 660 2176 2248 2257; baseline 0.016 -30"><span class='ocrx_word' id='word_1_292' title='bbox 660 2176 791 2241; x_wconf 88' lang='lat' dir='ltr'><strong><em>tica,</em></strong></span> <span class='ocrx_word' id='word_1_293' title='bbox 823 2179 917 2232; x_wconf 90' lang='lat' dir='ltr'><strong><em>sed</em></strong></span> <span class='ocrx_word' id='word_1_294' title='bbox 970 2182 1271 2237; x_wconf 87' lang='lat' dir='ltr'><strong><em>multorum</em></strong></span> <span class='ocrx_word' id='word_1_295' title='bbox 1307 2202 1429 2255; x_wconf 68' lang='lat' dir='ltr'><strong><em>quae</em></strong></span> <span class='ocrx_word' id='word_1_296' title='bbox 1475 2202 1642 2257; x_wconf 84' lang='lat' dir='ltr'><strong><em>supra</em></strong></span> <span class='ocrx_word' id='word_1_297' title='bbox 1685 2190 1962 2247; x_wconf 83' lang='lat' dir='ltr'><strong><em>hominem</em></strong></span> <span class='ocrx_word' id='word_1_298' title='bbox 2005 2205 2135 2249; x_wconf 93' lang='lat' dir='ltr'><strong><em>sunt</em></strong></span> <span class='ocrx_word' id='word_1_299' title='bbox 2169 2196 2248 2252; x_wconf 82' lang='lat' dir='ltr'><strong><em>ef-</em></strong></span> 
     </span>
    </p>
   </div>
   <div class='ocr_carea' id='block_1_37' title="bbox 664 2269 2249 2359">
    <p class='ocr_par' dir='ltr' id='par_1_37' title="bbox 664 2269 2249 2359">
     <span class='ocr_line' id='line_1_37' title="bbox 664 2269 2249 2359; baseline 0.015 -39"><span class='ocrx_word' id='word_1_300' title='bbox 664 2269 883 2333; x_wconf 78' lang='lat' dir='ltr'><strong><em>fectrix,</em></strong></span> <span class='ocrx_word' id='word_1_301' title='bbox 919 2272 992 2325; x_wconf 90' lang='lat' dir='ltr'><strong><em>ita</em></strong></span> <span class='ocrx_word' id='word_1_302' title='bbox 1041 2285 1098 2328; x_wconf 92' lang='lat' dir='ltr'><strong><em>ut</em></strong></span> <span class='ocrx_word' id='word_1_303' title='bbox 1133 2276 1296 2330; x_wconf 87' lang='lat' dir='ltr'><strong><em>etiam</em></strong></span> <span class='ocrx_word' id='word_1_304' title='bbox 1351 2287 1569 2334; x_wconf 88' lang='lat' dir='ltr'><strong><em>montes</em></strong></span> <span class='ocrx_word' id='word_1_305' title='bbox 1614 2281 1916 2337; x_wconf 79' lang='lat' dir='ltr'><strong><em>transferat</em></strong></span> <span class='ocrx_word' id='word_1_306' title='bbox 1956 2286 2024 2338; x_wconf 75' lang='lat'><strong><em>“.</em></strong></span> <span class='ocrx_word' id='word_1_307' title='bbox 2081 2286 2249 2359; x_wconf 84' lang='lat' dir='ltr'><strong><em>Igitur</em></strong></span> 
     </span>
    </p>
   </div>
   <div class='ocr_carea' id='block_1_38' title="bbox 664 2358 2249 2440">
    <p class='ocr_par' dir='ltr' id='par_1_38' title="bbox 664 2358 2249 2440">
     <span class='ocr_line' id='line_1_38' title="bbox 664 2358 2249 2440; baseline 0.015 -28"><span class='ocrx_word' id='word_1_308' title='bbox 664 2358 875 2415; x_wconf 79' lang='lat' dir='ltr'><strong>Martha</strong></span> <span class='ocrx_word' id='word_1_309' title='bbox 908 2379 971 2418; x_wconf 82' lang='lat' dir='ltr'><strong><em>ex</em></strong></span> <span class='ocrx_word' id='word_1_310' title='bbox 1006 2365 1325 2423; x_wconf 84' lang='lat' dir='ltr'><strong><em>inﬁrmitate</em></strong></span> <span class='ocrx_word' id='word_1_311' title='bbox 1352 2370 1523 2440; x_wconf 79' lang='lat'><strong><em>688</em></strong></span> <span class='ocrx_word' id='word_1_312' title='bbox 1569 2372 2015 2433; x_wconf 79' lang='lat' dir='ltr'><strong><em>ratiocinationis</em></strong></span> <span class='ocrx_word' id='word_1_313' title='bbox 2064 2358 2119 2433; x_wconf 90' lang='lat' dir='ltr'><strong><em>in</em></strong></span> <span class='ocrx_word' id='word_1_314' title='bbox 2166 2382 2249 2435; x_wconf 86' lang='lat' dir='ltr'><strong><em>in-</em></strong></span> 
     </span>
    </p>
   </div>
   <div class='ocr_carea' id='block_1_39' title="bbox 663 2458 2252 2537">
    <p class='ocr_par' dir='ltr' id='par_1_39' title="bbox 663 2458 2252 2537">
     <span class='ocr_line' id='line_1_39' title="bbox 663 2458 2252 2537; baseline 0.014 -28"><span class='ocrx_word' id='word_1_315' title='bbox 663 2458 1045 2515; x_wconf 87' lang='lat' dir='ltr'><strong><em>credulitatem</em></strong></span> <span class='ocrx_word' id='word_1_316' title='bbox 1080 2462 1300 2529; x_wconf 85' lang='lat' dir='ltr'><strong><em>incidit,</em></strong></span> <span class='ocrx_word' id='word_1_317' title='bbox 1353 2466 1448 2519; x_wconf 90' lang='lat' dir='ltr'><strong><em>sed</em></strong></span> <span class='ocrx_word' id='word_1_318' title='bbox 1474 2482 1579 2520; x_wconf 93' lang='lat' dir='ltr'><strong><em>non</em></strong></span> <span class='ocrx_word' id='word_1_319' title='bbox 1617 2469 1746 2522; x_wconf 90' lang='lat' dir='ltr'><strong><em>sinit</em></strong></span> <span class='ocrx_word' id='word_1_320' title='bbox 1784 2470 2136 2537; x_wconf 76' lang='lat' dir='ltr'><strong><em>Douiiuus,et</em></strong></span> <span class='ocrx_word' id='word_1_321' title='bbox 2169 2493 2252 2532; x_wconf 78' lang='lat' dir='ltr'><strong><em>ce-</em></strong></span> 
     </span>
    </p>
   </div>
   <div class='ocr_carea' id='block_1_40' title="bbox 663 2549 2247 2634">
    <p class='ocr_par' dir='ltr' id='par_1_40' title="bbox 663 2549 2247 2634">
     <span class='ocr_line' id='line_1_40' title="bbox 663 2549 2247 2634; baseline 0.013 -33"><span class='ocrx_word' id='word_1_322' title='bbox 663 2549 853 2604; x_wconf 89' lang='lat' dir='ltr'><strong><em>leriter</em></strong></span> <span class='ocrx_word' id='word_1_323' title='bbox 900 2552 1028 2608; x_wconf 84' lang='lat' dir='ltr'><strong><em>huic</em></strong></span> <span class='ocrx_word' id='word_1_324' title='bbox 1080 2555 1225 2611; x_wconf 89' lang='lat' dir='ltr'><strong><em>malo</em></strong></span> <span class='ocrx_word' id='word_1_325' title='bbox 1279 2555 1440 2611; x_wconf 82' lang='lat' dir='ltr'><strong><em>linem</em></strong></span> <span class='ocrx_word' id='word_1_326' title='bbox 1496 2559 1748 2629; x_wconf 89' lang='lat' dir='ltr'><strong><em>imponit.</em></strong></span> <span class='ocrx_word' id='word_1_327' title='bbox 1795 2560 2024 2632; x_wconf 88' lang='lat' dir='ltr'><strong><em>Oportet</em></strong></span> <span class='ocrx_word' id='word_1_328' title='bbox 2078 2568 2247 2634; x_wconf 88' lang='lat' dir='ltr'><strong><em>enim,</em></strong></span> 
     </span>
    </p>
   </div>
   <div class='ocr_carea' id='block_1_41' title="bbox 666 2640 2247 2728">
    <p class='ocr_par' dir='ltr' id='par_1_41' title="bbox 666 2640 2247 2728">
     <span class='ocr_line' id='line_1_41' title="bbox 666 2640 2247 2728; baseline 0.014 -36"><span class='ocrx_word' id='word_1_329' title='bbox 666 2640 868 2708; x_wconf 82' lang='lat' dir='ltr'><strong><em>inquit,</em></strong></span> <span class='ocrx_word' id='word_1_330' title='bbox 894 2645 1122 2701; x_wconf 87' lang='lat' dir='ltr'><strong><em>credere</em></strong></span> <span class='ocrx_word' id='word_1_331' title='bbox 1155 2647 1405 2713; x_wconf 88' lang='lat' dir='ltr'><strong><em>ﬁrmiter,</em></strong></span> <span class='ocrx_word' id='word_1_332' title='bbox 1430 2656 1488 2702; x_wconf 93' lang='lat' dir='ltr'><strong><em>ut</em></strong></span> <span class='ocrx_word' id='word_1_333' title='bbox 1514 2650 1805 2706; x_wconf 88' lang='lat' dir='ltr'><strong><em>videantur</em></strong></span> <span class='ocrx_word' id='word_1_334' title='bbox 1835 2670 1897 2708; x_wconf 89' lang='lat' dir='ltr'><strong><em>ea</em></strong></span> <span class='ocrx_word' id='word_1_335' title='bbox 1931 2671 2051 2724; x_wconf 62' lang='lat' dir='ltr'><strong><em>quae</em></strong></span> <span class='ocrx_word' id='word_1_336' title='bbox 2096 2675 2247 2728; x_wconf 89' lang='lat' dir='ltr'><strong><em>spem</em></strong></span> 
     </span>
    </p>
   </div>
   <div class='ocr_carea' id='block_1_42' title="bbox 662 2741 2251 2810">
    <p class='ocr_par' dir='ltr' id='par_1_42' title="bbox 662 2741 2251 2810">
     <span class='ocr_line' id='line_1_42' title="bbox 662 2741 2251 2810; baseline 0.011 -22"><span class='ocrx_word' id='word_1_337' title='bbox 662 2746 925 2803; x_wconf 89' lang='lat' dir='ltr'><strong><em>superant</em></strong></span> <span class='ocrx_word' id='word_1_338' title='bbox 959 2755 973 2791; x_wconf 90' lang='lat'><strong>:</strong></span> <span class='ocrx_word' id='word_1_339' title='bbox 1013 2754 1246 2809; x_wconf 87' lang='lat' dir='ltr'><strong><em>magnus</em></strong></span> <span class='ocrx_word' id='word_1_340' title='bbox 1285 2741 1432 2794; x_wconf 91' lang='lat' dir='ltr'><strong><em>enim</em></strong></span> <span class='ocrx_word' id='word_1_341' title='bbox 1478 2754 1563 2797; x_wconf 88' lang='lat' dir='ltr'><strong><em>est</em></strong></span> <span class='ocrx_word' id='word_1_342' title='bbox 1599 2744 1846 2810; x_wconf 85' lang='lat' dir='ltr'><strong><em>morbus,</em></strong></span> <span class='ocrx_word' id='word_1_343' title='bbox 1894 2748 2112 2804; x_wconf 88' lang='lat' dir='ltr'><strong><em>animus</em></strong></span> <span class='ocrx_word' id='word_1_344' title='bbox 2155 2766 2251 2805; x_wconf 90' lang='lat' dir='ltr'><strong><em>an-</em></strong></span> 
     </span>
    </p>
   </div>
   <div class='ocr_carea' id='block_1_43' title="bbox 662 2832 2247 2912">
    <p class='ocr_par' dir='ltr' id='par_1_43' title="bbox 662 2832 2247 2912">
     <span class='ocr_line' id='line_1_43' title="bbox 662 2832 2247 2912; baseline 0.011 -31"><span class='ocrx_word' id='word_1_345' title='bbox 662 2844 814 2898; x_wconf 83' lang='lat' dir='ltr'><strong><em>ceps,</em></strong></span> <span class='ocrx_word' id='word_1_346' title='bbox 846 2839 899 2884; x_wconf 93' lang='lat' dir='ltr'><strong><em>et</em></strong></span> <span class='ocrx_word' id='word_1_347' title='bbox 944 2832 1037 2899; x_wconf 85' lang='lat' dir='ltr'><strong><em>q‘ui</em></strong></span> <span class='ocrx_word' id='word_1_348' title='bbox 1077 2832 1169 2887; x_wconf 90' lang='lat' dir='ltr'><strong><em>Dei</em></strong></span> <span class='ocrx_word' id='word_1_349' title='bbox 1222 2836 1399 2902; x_wconf 85' lang='lat' dir='ltr'><strong><em>gratia</em></strong></span> <span class='ocrx_word' id='word_1_350' title='bbox 1432 2838 1870 2909; x_wconf 87' lang='lat' dir='ltr'><strong><em>muneribusque</em></strong></span> <span class='ocrx_word' id='word_1_351' title='bbox 1916 2857 2017 2897; x_wconf 89' lang='lat' dir='ltr'><strong><em>nos</em></strong></span> <span class='ocrx_word' id='word_1_352' title='bbox 2050 2843 2247 2912; x_wconf 82' lang='lat' dir='ltr'><strong><em>privat.</em></strong></span> 
     </span>
    </p>
   </div>
   <div class='ocr_carea' id='block_1_44' title="bbox 663 2920 2253 3005">
    <p class='ocr_par' dir='ltr' id='par_1_44' title="bbox 663 2920 2253 3005">
     <span class='ocr_line' id='line_1_44' title="bbox 663 2920 2253 3005; baseline 0.011 -32"><span class='ocrx_word' id='word_1_353' title='bbox 663 2920 788 2976; x_wconf 82' lang='lat' dir='ltr'><strong><em>Ideo</em></strong></span> <span class='ocrx_word' id='word_1_354' title='bbox 819 2922 911 2991; x_wconf 91' lang='lat' dir='ltr'><strong><em>qui</em></strong></span> <span class='ocrx_word' id='word_1_355' title='bbox 954 2924 1002 2977; x_wconf 91' lang='lat' dir='ltr'><strong><em>ei</em></strong></span> <span class='ocrx_word' id='word_1_356' title='bbox 1039 2928 1382 2991; x_wconf 81' lang='lat' dir='ltr'><strong><em>snt-censuit,</em></strong></span> <span class='ocrx_word' id='word_1_357' title='bbox 1414 2930 1731 2984; x_wconf 86' lang='lat' dir='ltr'><strong><em>universum</em></strong></span> <span class='ocrx_word' id='word_1_358' title='bbox 1763 2932 2044 2987; x_wconf 84' lang='lat' dir='ltr'><strong><em>hominum</em></strong></span> <span class='ocrx_word' id='word_1_359' title='bbox 2082 2951 2253 3005; x_wconf 85' lang='lat' dir='ltr'><strong><em>genus</em></strong></span> 
     </span>
    </p>
   </div>
   <div class='ocr_carea' id='block_1_45' title="bbox 663 3015 2249 3092">
    <p class='ocr_par' dir='ltr' id='par_1_45' title="bbox 663 3015 2249 3092">
     <span class='ocr_line' id='line_1_45' title="bbox 663 3015 2249 3092; baseline 0.011 -27"><span class='ocrx_word' id='word_1_360' title='bbox 663 3015 863 3078; x_wconf 86' lang='lat' dir='ltr'><strong><em>erexit,</em></strong></span> <span class='ocrx_word' id='word_1_361' title='bbox 890 3030 958 3070; x_wconf 90' lang='lat' dir='ltr'><strong><em>ne</em></strong></span> <span class='ocrx_word' id='word_1_362' title='bbox 992 3018 1249 3087; x_wconf 89' lang='lat' dir='ltr'><strong><em>ancipitis</em></strong></span> <span class='ocrx_word' id='word_1_363' title='bbox 1291 3019 1458 3074; x_wconf 89' lang='lat' dir='ltr'><strong><em>animi</em></strong></span> <span class='ocrx_word' id='word_1_364' title='bbox 1495 3020 1727 3092; x_wconf 87' lang='lat' dir='ltr'><strong><em>ﬁdeique</em></strong></span> <span class='ocrx_word' id='word_1_365' title='bbox 1755 3025 1914 3080; x_wconf 89' lang='lat' dir='ltr'><strong><em>malis</em></strong></span> <span class='ocrx_word' id='word_1_366' title='bbox 1952 3034 2249 3082; x_wconf 90' lang='lat' dir='ltr'><strong><em>teneretur.</em></strong></span> 
     </span>
    </p>
   </div>
   <div class='ocr_carea' id='block_1_46' title="bbox 665 3104 2250 3187">
    <p class='ocr_par' dir='ltr' id='par_1_46' title="bbox 665 3104 2250 3187">
     <span class='ocr_line' id='line_1_46' title="bbox 665 3104 2250 3187; baseline 0.009 -28"><span class='ocrx_word' id='word_1_367' title='bbox 665 3104 838 3160; x_wconf 82' lang='lat' dir='ltr'><strong><em>Porro</em></strong></span> <span class='ocrx_word' id='word_1_368' title='bbox 871 3106 1134 3163; x_wconf 90' lang='lat' dir='ltr'><strong><em>Christus</em></strong></span> <span class='ocrx_word' id='word_1_369' title='bbox 1180 3110 1360 3166; x_wconf 87' lang='lat' dir='ltr'><strong><em>vitans</em></strong></span> <span class='ocrx_word' id='word_1_370' title='bbox 1392 3112 1607 3168; x_wconf 86' lang='lat' dir='ltr'><strong><em>inanem</em></strong></span> <span class='ocrx_word' id='word_1_371' title='bbox 1649 3116 1901 3183; x_wconf 84' lang='lat' dir='ltr'><strong><em>gloriam,</em></strong></span> <span class='ocrx_word' id='word_1_372' title='bbox 1945 3134 2053 3172; x_wconf 91' lang='lat' dir='ltr'><strong><em>non</em></strong></span> <span class='ocrx_word' id='word_1_373' title='bbox 2094 3120 2250 3187; x_wconf 82' lang='lat' dir='ltr'><strong><em>dixit,</em></strong></span> 
     </span>
    </p>
   </div>
   <div class='ocr_carea' id='block_1_47' title="bbox 670 3195 2321 3289">
    <p class='ocr_par' dir='ltr' id='par_1_47' title="bbox 670 3195 2321 3289">
     <span class='ocr_line' id='line_1_47' title="bbox 670 3195 2321 3289; baseline 0.011 -40"><span class='ocrx_word' id='word_1_374' title='bbox 670 3195 900 3255; x_wconf 76' lang='lat' dir='ltr'><strong><em>Videbis</em></strong></span> <span class='ocrx_word' id='word_1_375' title='bbox 934 3200 1164 3269; x_wconf 76' lang='lat' dir='ltr'><strong><em>gloriam</em></strong></span> <span class='ocrx_word' id='word_1_376' title='bbox 1217 3218 1415 3265; x_wconf 89' lang='lat' dir='ltr'><strong><em>meam,</em></strong></span> <span class='ocrx_word' id='word_1_377' title='bbox 1462 3206 1555 3261; x_wconf 91' lang='lat' dir='ltr'><strong><em>sed</em></strong></span> <span class='ocrx_word' id='word_1_378' title='bbox 1600 3206 1691 3261; x_wconf 92' lang='lat' dir='ltr'><strong><em>Dei</em></strong></span> <span class='ocrx_word' id='word_1_379' title='bbox 1726 3226 1737 3261; x_wconf 93' lang='lat'>:</span> <span class='ocrx_word' id='word_1_380' title='bbox 1771 3209 1943 3278; x_wconf 81' lang='lat' dir='ltr'><strong><em>gloria</em></strong></span> <span class='ocrx_word' id='word_1_381' title='bbox 1994 3225 2123 3266; x_wconf 85' lang='lat' dir='ltr'><strong><em>vero</em></strong></span> <span class='ocrx_word' id='word_1_382' title='bbox 2158 3211 2249 3267; x_wconf 88' lang='lat' dir='ltr'><strong><em>Dei</em></strong></span> <span class='ocrx_word' id='word_1_383' title='bbox 2280 3232 2321 3289; x_wconf 69' lang='grc' dir='ltr'><em>ς</em></span> 
     </span>
    </p>
   </div>
   <div class='ocr_carea' id='block_1_48' title="bbox 666 3293 2248 3369">
    <p class='ocr_par' dir='ltr' id='par_1_48' title="bbox 666 3293 2248 3369">
     <span class='ocr_line' id='line_1_48' title="bbox 666 3293 2248 3369; baseline 0.008 -23"><span class='ocrx_word' id='word_1_384' title='bbox 666 3298 774 3357; x_wconf 91' lang='lat' dir='ltr'><strong><em>est,</em></strong></span> <span class='ocrx_word' id='word_1_385' title='bbox 807 3293 1080 3349; x_wconf 86' lang='lat' dir='ltr'><strong><em>suscitare</em></strong></span> <span class='ocrx_word' id='word_1_386' title='bbox 1118 3303 1420 3350; x_wconf 90' lang='lat' dir='ltr'><strong><em>mortuum.</em></strong></span> <span class='ocrx_word' id='word_1_387' title='bbox 1450 3297 1571 3368; x_wconf 89' lang='lat' dir='ltr'><strong><em>Ipse</em></strong></span> <span class='ocrx_word' id='word_1_388' title='bbox 1620 3299 1787 3369; x_wconf 80' lang='lat' dir='ltr'><strong><em>igitur</em></strong></span> <span class='ocrx_word' id='word_1_389' title='bbox 1816 3312 1900 3355; x_wconf 84' lang='lat' dir='ltr'><strong><em>est</em></strong></span> <span class='ocrx_word' id='word_1_390' title='bbox 1944 3305 2248 3359; x_wconf 89' lang='lat' dir='ltr'><strong><em>secundum</em></strong></span> 
     </span>
    </p>
   </div>
   <div class='ocr_carea' id='block_1_49' title="bbox 667 3384 2245 3461">
    <p class='ocr_par' dir='ltr' id='par_1_49' title="bbox 667 3384 2245 3461">
     <span class='ocr_line' id='line_1_49' title="bbox 667 3384 2245 3461; baseline 0.008 -24"><span class='ocrx_word' id='word_1_391' title='bbox 667 3391 919 3438; x_wconf 90' lang='lat' dir='ltr'><strong><em>naturam</em></strong></span> <span class='ocrx_word' id='word_1_392' title='bbox 953 3384 1119 3451; x_wconf 86' lang='lat' dir='ltr'><strong><em>Deus,</em></strong></span> <span class='ocrx_word' id='word_1_393' title='bbox 1151 3388 1244 3456; x_wconf 90' lang='lat' dir='ltr'><strong><em>qui</em></strong></span> <span class='ocrx_word' id='word_1_394' title='bbox 1278 3388 1436 3454; x_wconf 84' lang='lat' dir='ltr'><strong><em>dixit,</em></strong></span> <span class='ocrx_word' id='word_1_395' title='bbox 1476 3409 1493 3441; x_wconf 86' lang='grc' dir='ltr'><strong><em>ι</em></strong></span> <span class='ocrx_word' id='word_1_396' title='bbox 1534 3388 1645 3459; x_wconf 81' lang='lat' dir='ltr'><strong><em>Ego</em></strong></span> <span class='ocrx_word' id='word_1_397' title='bbox 1680 3407 1799 3446; x_wconf 91' lang='lat' dir='ltr'><strong><em>sum</em></strong></span> <span class='ocrx_word' id='word_1_398' title='bbox 1831 3395 2184 3461; x_wconf 86' lang='lat' dir='ltr'><strong><em>resurrectio,</em></strong></span> <span class='ocrx_word' id='word_1_399' title='bbox 2226 3417 2245 3449; x_wconf 78' lang='grc' dir='ltr'><strong><em>ι</em></strong></span> 
     </span>
    </p>
   </div>
   <div class='ocr_carea' id='block_1_50' title="bbox 624 3471 2248 3556">
    <p class='ocr_par' dir='ltr' id='par_1_50' title="bbox 624 3471 2248 3556">
     <span class='ocr_line' id='line_1_50' title="bbox 624 3471 2248 3556; baseline 0.01 -30"><span class='ocrx_word' id='word_1_400' title='bbox 624 3471 634 3477; x_wconf 81' lang='grc'><em>’</em></span> <span class='ocrx_word' id='word_1_401' title='bbox 666 3475 829 3545; x_wconf 82' lang='lat' dir='ltr'><strong><em>mtjus</em></strong></span> <span class='ocrx_word' id='word_1_402' title='bbox 855 3477 1086 3546; x_wconf 89' lang='lat' dir='ltr'><strong><em>gloriam</em></strong></span> <span class='ocrx_word' id='word_1_403' title='bbox 1133 3480 1419 3535; x_wconf 89' lang='lat' dir='ltr'><strong><em>mulierem</em></strong></span> <span class='ocrx_word' id='word_1_404' title='bbox 1468 3483 1632 3552; x_wconf 90' lang='lat' dir='ltr'><strong><em>paulo</em></strong></span> <span class='ocrx_word' id='word_1_405' title='bbox 1664 3492 1787 3552; x_wconf 88' lang='lat' dir='ltr'><strong><em>post</em></strong></span> <span class='ocrx_word' id='word_1_406' title='bbox 1817 3485 2059 3540; x_wconf 89' lang='lat' dir='ltr'><strong><em>visuram</em></strong></span> <span class='ocrx_word' id='word_1_407' title='bbox 2090 3486 2248 3556; x_wconf 81' lang='lat' dir='ltr'><strong><em>dixit,</em></strong></span> 
     </span>
    </p>
   </div>
   <div class='ocr_carea' id='block_1_51' title="bbox 666 3568 2246 3647">
    <p class='ocr_par' dir='ltr' id='par_1_51' title="bbox 666 3568 2246 3647">
     <span class='ocr_line' id='line_1_51' title="bbox 666 3568 2246 3647; baseline 0.009 -27"><span class='ocrx_word' id='word_1_408' title='bbox 666 3568 887 3636; x_wconf 87' lang='lat' dir='ltr'><strong><em>quando</em></strong></span> <span class='ocrx_word' id='word_1_409' title='bbox 928 3572 1141 3639; x_wconf 86' lang='lat' dir='ltr'><strong><em>putabit</em></strong></span> <span class='ocrx_word' id='word_1_410' title='bbox 1166 3573 1447 3628; x_wconf 80' lang='lat' dir='ltr'><strong><em>veritatem</em></strong></span> <span class='ocrx_word' id='word_1_411' title='bbox 1489 3590 1598 3629; x_wconf 88' lang='lat' dir='ltr'><strong><em>non</em></strong></span> <span class='ocrx_word' id='word_1_412' title='bbox 1634 3577 1873 3641; x_wconf 87' lang='lat' dir='ltr'><strong><em>mentiri,</em></strong></span> <span class='ocrx_word' id='word_1_413' title='bbox 1900 3578 1991 3641; x_wconf 89' lang='lat' dir='ltr'><strong><em>qui</em></strong></span> <span class='ocrx_word' id='word_1_414' title='bbox 2028 3578 2246 3647; x_wconf 90' lang='lat' dir='ltr'><strong><em>quidem</em></strong></span> 
     </span>
    </p>
   </div>
   <div class='ocr_carea' id='block_1_52' title="bbox 665 3662 2249 3738">
    <p class='ocr_par' dir='ltr' id='par_1_52' title="bbox 665 3662 2249 3738">
     <span class='ocr_line' id='line_1_52' title="bbox 665 3662 2249 3738; baseline 0.006 -21"><span class='ocrx_word' id='word_1_415' title='bbox 665 3662 922 3718; x_wconf 81' lang='lat' dir='ltr'><strong><em>Christus</em></strong></span> <span class='ocrx_word' id='word_1_416' title='bbox 962 3671 1229 3729; x_wconf 86' lang='lat' dir='ltr'><strong><em>est;erat</em></strong></span> <span class='ocrx_word' id='word_1_417' title='bbox 1279 3675 1459 3721; x_wconf 90' lang='lat' dir='ltr'><strong><em>autem</em></strong></span> <span class='ocrx_word' id='word_1_418' title='bbox 1514 3669 1560 3723; x_wconf 92' lang='lat' dir='ltr'><strong><em>ei</em></strong></span> <span class='ocrx_word' id='word_1_419' title='bbox 1620 3670 1951 3738; x_wconf 86' lang='lat' dir='ltr'><strong><em>promissum</em></strong></span> <span class='ocrx_word' id='word_1_420' title='bbox 2018 3669 2135 3725; x_wconf 78' lang='lat' dir='ltr'><strong><em>fore</em></strong></span> <span class='ocrx_word' id='word_1_421' title='bbox 2186 3680 2249 3726; x_wconf 91' lang='lat' dir='ltr'><strong><em>ut</em></strong></span> 
     </span>
    </p>
   </div>
   <div class='ocr_carea' id='block_1_53' title="bbox 666 3756 2246 3832">
    <p class='ocr_par' dir='ltr' id='par_1_53' title="bbox 666 3756 2246 3832">
     <span class='ocr_line' id='line_1_53' title="bbox 666 3756 2246 3832; baseline 0.007 -25"><span class='ocrx_word' id='word_1_422' title='bbox 666 3763 920 3811; x_wconf 91' lang='lat' dir='ltr'><strong><em>mortuus</em></strong></span> <span class='ocrx_word' id='word_1_423' title='bbox 952 3756 1073 3825; x_wconf 89' lang='lat' dir='ltr'><strong><em>ejus</em></strong></span> <span class='ocrx_word' id='word_1_424' title='bbox 1124 3756 1297 3813; x_wconf 83' lang='lat' dir='ltr'><strong><em>frater</em></strong></span> <span class='ocrx_word' id='word_1_425' title='bbox 1327 3769 1661 3831; x_wconf 88' lang='lat' dir='ltr'><strong><em>resurgeret.</em></strong></span> <span class='ocrx_word' id='word_1_426' title='bbox 1701 3761 1765 3814; x_wconf 85' lang='lat' dir='ltr'><strong><em>Et</em></strong></span> <span class='ocrx_word' id='word_1_427' title='bbox 1800 3761 1970 3815; x_wconf 83' lang='lat' dir='ltr'><strong><em>Maria</em></strong></span> <span class='ocrx_word' id='word_1_428' title='bbox 2002 3764 2246 3832; x_wconf 91' lang='lat' dir='ltr'><strong><em>quidem,</em></strong></span> 
     </span>
    </p>
   </div>
   <div class='ocr_carea' id='block_1_54' title="bbox 664 3851 2251 3920">
    <p class='ocr_par' dir='ltr' id='par_1_54' title="bbox 664 3851 2251 3920">
     <span class='ocr_line' id='line_1_54' title="bbox 664 3851 2251 3920; baseline 0.008 -21"><span class='ocrx_word' id='word_1_429' title='bbox 664 3855 854 3917; x_wconf 84' lang='lat' dir='ltr'><strong><em>utpote</em></strong></span> <span class='ocrx_word' id='word_1_430' title='bbox 904 3864 1028 3919; x_wconf 68' lang='lat' dir='ltr'><strong><em>qua:</em></strong></span> <span class='ocrx_word' id='word_1_431' title='bbox 1063 3860 1148 3906; x_wconf 88' lang='lat' dir='ltr'><strong><em>est</em></strong></span> <span class='ocrx_word' id='word_1_432' title='bbox 1212 3851 1628 3920; x_wconf 88' lang='lat' dir='ltr'><strong><em>intelligentior,</em></strong></span> <span class='ocrx_word' id='word_1_433' title='bbox 1674 3854 1884 3907; x_wconf 90' lang='lat' dir='ltr'><strong><em>nullum</em></strong></span> <span class='ocrx_word' id='word_1_434' title='bbox 1945 3856 2251 3911; x_wconf 82' lang='lat' dir='ltr'><strong><em>dubitantis</em></strong></span> 
     </span>
    </p>
   </div>
   <div class='ocr_carea' id='block_1_55' title="bbox 664 3941 2249 4015">
    <p class='ocr_par' dir='ltr' id='par_1_55' title="bbox 664 3941 2249 4015">
     <span class='ocr_line' id='line_1_55' title="bbox 664 3941 2249 4015; baseline 0.006 -23"><span class='ocrx_word' id='word_1_435' title='bbox 664 3941 831 3994; x_wconf 87' lang='lat' dir='ltr'><strong><em>animi</em></strong></span> <span class='ocrx_word' id='word_1_436' title='bbox 870 3941 1089 4010; x_wconf 91' lang='lat' dir='ltr'><strong><em>signum</em></strong></span> <span class='ocrx_word' id='word_1_437' title='bbox 1138 3958 1251 4012; x_wconf 77' lang='lat' dir='ltr'><strong><em>prae</em></strong></span> <span class='ocrx_word' id='word_1_438' title='bbox 1294 3959 1353 3998; x_wconf 91' lang='lat' dir='ltr'><strong><em>se</em></strong></span> <span class='ocrx_word' id='word_1_439' title='bbox 1396 3942 1576 3997; x_wconf 80' lang='lat' dir='ltr'><strong><em>ferens</em></strong></span> <span class='ocrx_word' id='word_1_440' title='bbox 1620 3946 1867 4015; x_wconf 90' lang='lat' dir='ltr'><strong><em>loquitur</em></strong></span> <span class='ocrx_word' id='word_1_441' title='bbox 1901 3965 1911 3999; x_wconf 94' lang='lat'>:</span> <span class='ocrx_word' id='word_1_442' title='bbox 1952 3954 2006 4000; x_wconf 91' lang='lat' dir='ltr'><strong><em>at</em></strong></span> <span class='ocrx_word' id='word_1_443' title='bbox 2041 3945 2249 4002; x_wconf 82' lang='lat' dir='ltr'><strong><em>Martha</em></strong></span> 
     </span>
    </p>
   </div>
   <div class='ocr_carea' id='block_1_56' title="bbox 665 4032 1677 4101">
    <p class='ocr_par' dir='ltr' id='par_1_56' title="bbox 665 4032 1677 4101">
     <span class='ocr_line' id='line_1_56' title="bbox 665 4032 1677 4101; baseline 0.007 -17"><span class='ocrx_word' id='word_1_444' title='bbox 665 4032 923 4101; x_wconf 87' lang='lat' dir='ltr'><strong><em>ancipitis</em></strong></span> <span class='ocrx_word' id='word_1_445' title='bbox 951 4034 1119 4087; x_wconf 89' lang='lat' dir='ltr'><strong><em>animi</em></strong></span> <span class='ocrx_word' id='word_1_446' title='bbox 1150 4036 1339 4091; x_wconf 88' lang='lat' dir='ltr'><strong><em>morbo</em></strong></span> <span class='ocrx_word' id='word_1_447' title='bbox 1372 4037 1677 4091; x_wconf 88' lang='lat' dir='ltr'><strong><em>tenebatur.</em></strong></span> 
     </span>
    </p>
   </div>
   <div class='ocr_carea' id='block_1_57' title="bbox 739 4121 2251 4198">
    <p class='ocr_par' dir='ltr' id='par_1_57' title="bbox 739 4121 2251 4198">
     <span class='ocr_line' id='line_1_57' title="bbox 739 4121 2251 4198; baseline 0.006 -24"><span class='ocrx_word' id='word_1_448' title='bbox 739 4121 832 4186; x_wconf 76' lang='lat' dir='ltr'><strong><em>XI,</em></strong></span> <span class='ocrx_word' id='word_1_449' title='bbox 888 4122 978 4177; x_wconf 68' lang='grc'><strong><em>41.</em></strong></span> <span class='ocrx_word' id='word_1_450' title='bbox 1042 4122 1232 4191; x_wconf 79' lang='lat' dir='ltr'><strong><em>Pater,</em></strong></span> <span class='ocrx_word' id='word_1_451' title='bbox 1293 4142 1391 4195; x_wconf 89' lang='lat' dir='ltr'><strong><em>ago</em></strong></span> <span class='ocrx_word' id='word_1_452' title='bbox 1454 4126 1547 4179; x_wconf 84' lang='lat' dir='ltr'><strong><em>tibi</em></strong></span> <span class='ocrx_word' id='word_1_453' title='bbox 1595 4128 1799 4197; x_wconf 83' lang='lat' dir='ltr'><strong><em>gratias</em></strong></span> <span class='ocrx_word' id='word_1_454' title='bbox 1852 4129 1989 4198; x_wconf 86' lang='lat' dir='ltr'><strong><em>quod</em></strong></span> <span class='ocrx_word' id='word_1_455' title='bbox 2048 4130 2251 4183; x_wconf 81' lang='lat' dir='ltr'><strong><em>audisti</em></strong></span> 
     </span>
    </p>
   </div>
   <div class='ocr_carea' id='block_1_58' title="bbox 667 4223 910 4277">
    <p class='ocr_par' dir='ltr' id='par_1_58' title="bbox 667 4223 910 4277">
     <span class='ocr_line' id='line_1_58' title="bbox 667 4223 910 4277; baseline 0.008 -9"><span class='ocrx_word' id='word_1_456' title='bbox 667 4230 766 4277; x_wconf 84' lang='lat' dir='ltr'><strong><em>me,</em></strong></span> <span class='ocrx_word' id='word_1_457' title='bbox 803 4223 910 4270; x_wconf 85' lang='lat' dir='ltr'><strong><em>etc.</em></strong></span> 
     </span>
    </p>
   </div>
   <div class='ocr_carea' id='block_1_59' title="bbox 734 4306 2254 4381">
    <p class='ocr_par' dir='ltr' id='par_1_59' title="bbox 734 4306 2254 4381">
     <span class='ocr_line' id='line_1_59' title="bbox 734 4306 2254 4381; baseline 0.003 -20"><span class='ocrx_word' id='word_1_458' title='bbox 734 4306 1103 4365; x_wconf 77' lang='lat' dir='ltr'><strong><em>(Economice</em></strong></span> <span class='ocrx_word' id='word_1_459' title='bbox 1128 4320 1181 4366; x_wconf 85' lang='lat' dir='ltr'><strong><em>et</em></strong></span> <span class='ocrx_word' id='word_1_460' title='bbox 1216 4326 1316 4381; x_wconf 91' lang='lat' dir='ltr'><strong><em>pro</em></strong></span> <span class='ocrx_word' id='word_1_461' title='bbox 1348 4326 1532 4366; x_wconf 90' lang='lat' dir='ltr'><strong><em>rerum</em></strong></span> <span class='ocrx_word' id='word_1_462' title='bbox 1571 4312 1763 4367; x_wconf 88' lang='lat' dir='ltr'><strong><em>ordine</em></strong></span> <span class='ocrx_word' id='word_1_463' title='bbox 1802 4312 2049 4381; x_wconf 82' lang='lat' dir='ltr'><strong><em>loquitur</em></strong></span> <span class='ocrx_word' id='word_1_464' title='bbox 2088 4313 2254 4367; x_wconf 85' lang='lat' dir='ltr'><strong><em>Chri—</em></strong></span> 
     </span>
    </p>
   </div>
   <div class='ocr_carea' id='block_1_60' title="bbox 667 4400 2247 4472">
    <p class='ocr_par' dir='ltr' id='par_1_60' title="bbox 667 4400 2247 4472">
     <span class='ocr_line' id='line_1_60' title="bbox 667 4400 2247 4472; baseline 0.001 -18"><span class='ocrx_word' id='word_1_465' title='bbox 667 4407 789 4455; x_wconf 90' lang='lat' dir='ltr'><strong><em>stus</em></strong></span> <span class='ocrx_word' id='word_1_466' title='bbox 831 4415 931 4455; x_wconf 92' lang='lat' dir='ltr'><strong><em>ceu</em></strong></span> <span class='ocrx_word' id='word_1_467' title='bbox 977 4401 1139 4457; x_wconf 90' lang='lat' dir='ltr'><strong><em>homo</em></strong></span> <span class='ocrx_word' id='word_1_468' title='bbox 1174 4403 1413 4459; x_wconf 90' lang='lat' dir='ltr'><strong><em>demisse</em></strong></span> <span class='ocrx_word' id='word_1_469' title='bbox 1454 4403 1697 4472; x_wconf 84' lang='lat' dir='ltr'><strong><em>quidem,</em></strong></span> <span class='ocrx_word' id='word_1_470' title='bbox 1737 4418 1912 4471; x_wconf 86' lang='lat' dir='ltr'><strong><em>neque</em></strong></span> <span class='ocrx_word' id='word_1_471' title='bbox 1945 4400 2247 4455; x_wconf 86' lang='lat' dir='ltr'><strong><em>secundum</em></strong></span> 
     </span>
    </p>
   </div>
   <div class='ocr_carea' id='block_1_61' title="bbox 666 4490 2250 4565">
    <p class='ocr_par' dir='ltr' id='par_1_61' title="bbox 666 4490 2250 4565">
     <span class='ocr_line' id='line_1_61' title="bbox 666 4490 2250 4565; baseline 0.004 -22"><span class='ocrx_word' id='word_1_472' title='bbox 666 4490 884 4548; x_wconf 88' lang='lat' dir='ltr'><strong><em>deitatis</em></strong></span> <span class='ocrx_word' id='word_1_473' title='bbox 900 4494 1345 4561; x_wconf 89' lang='lat' dir='ltr'><strong><em>eminentiam,et</em></strong></span> <span class='ocrx_word' id='word_1_474' title='bbox 1371 4498 1539 4550; x_wconf 82' lang='lat' dir='ltr'><strong><em>refert</em></strong></span> <span class='ocrx_word' id='word_1_475' title='bbox 1570 4496 1801 4565; x_wconf 83' lang='lat' dir='ltr'><strong><em>gratiam</em></strong></span> <span class='ocrx_word' id='word_1_476' title='bbox 1821 4495 1991 4557; x_wconf 78' lang='lat' dir='ltr'><strong><em>Patri,</em></strong></span> <span class='ocrx_word' id='word_1_477' title='bbox 2011 4510 2118 4549; x_wconf 91' lang='lat' dir='ltr'><strong><em>non</em></strong></span> <span class='ocrx_word' id='word_1_478' title='bbox 2150 4510 2250 4565; x_wconf 86' lang='lat' dir='ltr'><strong><em>pro</em></strong></span> 
     </span>
    </p>
   </div>
   <div class='ocr_carea' id='block_1_62' title="bbox 667 4585 2248 4657">
    <p class='ocr_par' dir='ltr' id='par_1_62' title="bbox 667 4585 2248 4657">
     <span class='ocr_line' id='line_1_62' title="bbox 667 4585 2248 4657; baseline 0.001 -18"><span class='ocrx_word' id='word_1_479' title='bbox 667 4585 878 4640; x_wconf 86' lang='lat' dir='ltr'><strong><em>Lazaro</em></strong></span> <span class='ocrx_word' id='word_1_480' title='bbox 903 4588 1193 4651; x_wconf 83' lang='lat' dir='ltr'><strong><em>duntaxat,</em></strong></span> <span class='ocrx_word' id='word_1_481' title='bbox 1212 4588 1307 4643; x_wconf 86' lang='lat' dir='ltr'><strong><em>sed</em></strong></span> <span class='ocrx_word' id='word_1_482' title='bbox 1335 4604 1433 4657; x_wconf 86' lang='lat' dir='ltr'><strong><em>pro</em></strong></span> <span class='ocrx_word' id='word_1_483' title='bbox 1463 4590 1710 4643; x_wconf 90' lang='lat' dir='ltr'><strong><em>omnium</em></strong></span> <span class='ocrx_word' id='word_1_484' title='bbox 1743 4588 1873 4642; x_wconf 79' lang='lat' dir='ltr'><strong><em>vita.</em></strong></span> <span class='ocrx_word' id='word_1_485' title='bbox 1901 4587 2084 4644; x_wconf 88' lang='lat' dir='ltr'><strong><em>Bonus</em></strong></span> <span class='ocrx_word' id='word_1_486' title='bbox 2103 4591 2248 4643; x_wconf 88' lang='lat' dir='ltr'><strong><em>enim</em></strong></span> 
     </span>
    </p>
   </div>
   <div class='ocr_carea' id='block_1_63' title="bbox 2356 1995 3935 2072">
    <p class='ocr_par' dir='ltr' id='par_1_63' title="bbox 2356 1995 3935 2072">
     <span class='ocr_line' id='line_1_63' title="bbox 2356 1995 3935 2072; baseline -0.001 -20"><span class='ocrx_word' id='word_1_487' title='bbox 2356 2018 2374 2051; x_wconf 78' lang='grc' dir='ltr'><strong><em>ι</em></strong></span> <span class='ocrx_word' id='word_1_488' title='bbox 2402 1995 2471 2070; x_wconf 77' lang='grc' dir='ltr'><strong><em>⁷ῼ</em></strong></span> <span class='ocrx_word' id='word_1_489' title='bbox 2509 2001 2605 2070; x_wconf 81' lang='grc' dir='ltr'><strong><em>μὲν</em></strong></span> <span class='ocrx_word' id='word_1_490' title='bbox 2634 2002 2762 2071; x_wconf 79' lang='grc' dir='ltr'>γὰρ,</span> <span class='ocrx_word' id='word_1_491' title='bbox 2789 2004 2940 2071; x_wconf 64' lang='grc' dir='ltr'>φησι,</span> <span class='ocrx_word' id='word_1_492' title='bbox 2964 2004 3050 2056; x_wconf 73' lang='grc' dir='ltr'>διὰ</span> <span class='ocrx_word' id='word_1_493' title='bbox 3080 2003 3173 2056; x_wconf 80' lang='grc' dir='ltr'><strong><em>τοῦ</em></strong></span> <span class='ocrx_word' id='word_1_494' title='bbox 3201 2002 3515 2072; x_wconf 87' lang='grc' dir='ltr'>Πνεύματος</span> <span class='ocrx_word' id='word_1_495' title='bbox 3544 2000 3741 2054; x_wconf 78' lang='grc' dir='ltr'>δίδοται</span> <span class='ocrx_word' id='word_1_496' title='bbox 3774 1998 3935 2066; x_wconf 81' lang='grc' dir='ltr'><strong><em>λόγος</em></strong></span> 
     </span>
    </p>
   </div>
   <div class='ocr_carea' id='block_1_64' title="bbox 2352 2089 3937 2162">
    <p class='ocr_par' dir='ltr' id='par_1_64' title="bbox 2352 2089 3937 2162">
     <span class='ocr_line' id='line_1_64' title="bbox 2352 2089 3937 2162; baseline -0.001 -20"><span class='ocrx_word' id='word_1_497' title='bbox 2352 2091 2569 2158; x_wconf 64' lang='grc' dir='ltr'>σοφίας,</span> <span class='ocrx_word' id='word_1_498' title='bbox 2611 2092 2778 2162; x_wconf 77' lang='grc' dir='ltr'>ἑτέρῳ</span> <span class='ocrx_word' id='word_1_499' title='bbox 2802 2093 2858 2145; x_wconf 78' lang='grc' dir='ltr'>δὲ</span> <span class='ocrx_word' id='word_1_500' title='bbox 2900 2095 3096 2157; x_wconf 78' lang='grc' dir='ltr'>πίστις·</span> <span class='ocrx_word' id='word_1_501' title='bbox 3127 2113 3142 2143; x_wconf 74' lang='grc' dir='ltr'><strong><em>ι</em></strong></span> <span class='ocrx_word' id='word_1_502' title='bbox 3176 2094 3295 2161; x_wconf 74' lang='grc' dir='ltr'>ἣτις</span> <span class='ocrx_word' id='word_1_503' title='bbox 3336 2093 3397 2145; x_wconf 77' lang='grc' dir='ltr'><strong><em>οὐ</em></strong></span> <span class='ocrx_word' id='word_1_504' title='bbox 3430 2091 3731 2161; x_wconf 81' lang='grc' dir='ltr'>δογματικὴ</span> <span class='ocrx_word' id='word_1_505' title='bbox 3768 2089 3937 2158; x_wconf 84' lang='grc' dir='ltr'>μόνον</span> 
     </span>
    </p>
   </div>
   <div class='ocr_carea' id='block_1_65' title="bbox 2350 2178 3937 2253">
    <p class='ocr_par' dir='ltr' id='par_1_65' title="bbox 2350 2178 3937 2253">
     <span class='ocr_line' id='line_1_65' title="bbox 2350 2178 3937 2253; baseline 0 -22"><span class='ocrx_word' id='word_1_506' title='bbox 2350 2182 2515 2244; x_wconf 74' lang='grc' dir='ltr'>ἐστὶν,</span> <span class='ocrx_word' id='word_1_507' title='bbox 2551 2182 2685 2234; x_wconf 88' lang='grc' dir='ltr'><strong><em>ἀλλά</em></strong></span> <span class='ocrx_word' id='word_1_508' title='bbox 2710 2183 2803 2236; x_wconf 73' lang='grc' dir='ltr'>καὶ</span> <span class='ocrx_word' id='word_1_509' title='bbox 2832 2182 2937 2236; x_wconf 89' lang='grc' dir='ltr'><strong><em>τῶν</em></strong></span> <span class='ocrx_word' id='word_1_510' title='bbox 2978 2184 3116 2252; x_wconf 73' lang='grc' dir='ltr'>ὑπὲρ</span> <span class='ocrx_word' id='word_1_511' title='bbox 3157 2182 3443 2253; x_wconf 82' lang='grc' dir='ltr'>ἄνθρωπον</span> <span class='ocrx_word' id='word_1_512' title='bbox 3474 2179 3825 2251; x_wconf 74' lang='grc' dir='ltr'>ὲνεργητικὴ,</span> <span class='ocrx_word' id='word_1_513' title='bbox 3855 2178 3937 2241; x_wconf 86' lang='grc' dir='ltr'>ὡς</span> 
     </span>
    </p>
   </div>
   <div class='ocr_carea' id='block_1_66' title="bbox 2351 2270 3937 2345">
    <p class='ocr_par' dir='ltr' id='par_1_66' title="bbox 2351 2270 3937 2345">
     <span class='ocr_line' id='line_1_66' title="bbox 2351 2270 3937 2345; baseline -0.002 -20"><span class='ocrx_word' id='word_1_514' title='bbox 2351 2274 2442 2326; x_wconf 76' lang='grc' dir='ltr'><strong><em>καὶ</em></strong></span> <span class='ocrx_word' id='word_1_515' title='bbox 2465 2273 2564 2345; x_wconf 80' lang='grc' dir='ltr'><strong><em>ὅρη</em></strong></span> <span class='ocrx_word' id='word_1_516' title='bbox 2600 2274 2962 2345; x_wconf 76' lang='grc' dir='ltr'>μεθιστάνειν.</span> <span class='ocrx_word' id='word_1_517' title='bbox 3000 2276 3061 2327; x_wconf 81' lang='grc' dir='ltr'>Ἡ</span> <span class='ocrx_word' id='word_1_518' title='bbox 3088 2275 3269 2345; x_wconf 78' lang='grc' dir='ltr'>μέντοι</span> <span class='ocrx_word' id='word_1_519' title='bbox 3294 2273 3490 2343; x_wconf 84' lang='grc' dir='ltr'>Μάρθα</span> <span class='ocrx_word' id='word_1_520' title='bbox 3520 2273 3623 2325; x_wconf 81' lang='grc' dir='ltr'><strong><em>ὑπὸ</em></strong></span> <span class='ocrx_word' id='word_1_521' title='bbox 3651 2270 3937 2333; x_wconf 79' lang='grc' dir='ltr'>ἀσθενείας</span> 
     </span>
    </p>
   </div>
   <div class='ocr_carea' id='block_1_67' title="bbox 2350 2364 3938 2437">
    <p class='ocr_par' dir='ltr' id='par_1_67' title="bbox 2350 2364 3938 2437">
     <span class='ocr_line' id='line_1_67' title="bbox 2350 2364 3938 2437; baseline -0.001 -20"><span class='ocrx_word' id='word_1_522' title='bbox 2350 2366 2653 2437; x_wconf 80' lang='grc' dir='ltr'>λογισμῶν,</span> <span class='ocrx_word' id='word_1_523' title='bbox 2676 2370 2755 2430; x_wconf 88' lang='grc' dir='ltr'><strong><em>είς</em></strong></span> <span class='ocrx_word' id='word_1_524' title='bbox 2781 2368 3037 2421; x_wconf 82' lang='grc' dir='ltr'>ἀπιστίαν</span> <span class='ocrx_word' id='word_1_525' title='bbox 3068 2368 3345 2422; x_wconf 73' lang='grc' dir='ltr'>ἐνέπεσεν.</span> <span class='ocrx_word' id='word_1_526' title='bbox 3381 2366 3515 2419; x_wconf 63' lang='grc' dir='ltr'>Ἀλλ’</span> <span class='ocrx_word' id='word_1_527' title='bbox 3549 2368 3576 2418; x_wconf 90' lang='grc' dir='ltr'>ὁ</span> <span class='ocrx_word' id='word_1_528' title='bbox 3604 2364 3807 2434; x_wconf 80' lang='grc' dir='ltr'>Κύριος</span> <span class='ocrx_word' id='word_1_529' title='bbox 3833 2365 3938 2416; x_wconf 74' lang='grc' dir='ltr'>οὐκ</span> 
     </span>
    </p>
   </div>
   <div class='ocr_carea' id='block_1_68' title="bbox 2351 2456 3935 2530">
    <p class='ocr_par' dir='ltr' id='par_1_68' title="bbox 2351 2456 3935 2530">
     <span class='ocr_line' id='line_1_68' title="bbox 2351 2456 3935 2530; baseline -0.004 -19"><span class='ocrx_word' id='word_1_530' title='bbox 2351 2459 2558 2530; x_wconf 79' lang='grc' dir='ltr'>ἐφίησι,</span> <span class='ocrx_word' id='word_1_531' title='bbox 2576 2460 2727 2513; x_wconf 80' lang='grc' dir='ltr'>λύσιν</span> <span class='ocrx_word' id='word_1_532' title='bbox 2755 2460 3071 2528; x_wconf 76' lang='grc' dir='ltr'>ὑπενεγκὼν</span> <span class='ocrx_word' id='word_1_533' title='bbox 3096 2458 3173 2529; x_wconf 84' lang='grc' dir='ltr'>τῷ</span> <span class='ocrx_word' id='word_1_534' title='bbox 3200 2459 3361 2513; x_wconf 88' lang='grc' dir='ltr'>πάθει</span> <span class='ocrx_word' id='word_1_535' title='bbox 3387 2460 3628 2527; x_wconf 88' lang='grc' dir='ltr'>ταχεῖαν.</span> <span class='ocrx_word' id='word_1_536' title='bbox 3653 2456 3771 2526; x_wconf 79' lang='grc' dir='ltr'>Χρὴ</span> <span class='ocrx_word' id='word_1_537' title='bbox 3801 2456 3935 2523; x_wconf 67' lang='grc' dir='ltr'>γὰρ,</span> 
     </span>
    </p>
   </div>
   <div class='ocr_carea' id='block_1_69' title="bbox 2352 2547 3934 2621">
    <p class='ocr_par' dir='ltr' id='par_1_69' title="bbox 2352 2547 3934 2621">
     <span class='ocr_line' id='line_1_69' title="bbox 2352 2547 3934 2621; baseline -0.006 -16"><span class='ocrx_word' id='word_1_538' title='bbox 2352 2552 2505 2621; x_wconf 67' lang='grc' dir='ltr'>φησι,</span> <span class='ocrx_word' id='word_1_539' title='bbox 2522 2551 2800 2605; x_wconf 78' lang='grc' dir='ltr'>πιστεύειν</span> <span class='ocrx_word' id='word_1_540' title='bbox 2818 2552 3098 2621; x_wconf 77' lang='grc' dir='ltr'>ἀσφαλῶς,</span> <span class='ocrx_word' id='word_1_541' title='bbox 3114 2552 3203 2605; x_wconf 82' lang='grc' dir='ltr'><strong><em>ἵνα</em></strong></span> <span class='ocrx_word' id='word_1_542' title='bbox 3220 2550 3561 2620; x_wconf 86' lang='grc' dir='ltr'>θεάσηταιτά</span> <span class='ocrx_word' id='word_1_543' title='bbox 3580 2547 3934 2618; x_wconf 68' lang='grc' dir='ltr'>παρ’ὲλπίδσυ</span> 
     </span>
    </p>
   </div>
   <div class='ocr_carea' id='block_1_70' title="bbox 2356 2639 3940 2716">
    <p class='ocr_par' dir='ltr' id='par_1_70' title="bbox 2356 2639 3940 2716">
     <span class='ocr_line' id='line_1_70' title="bbox 2356 2639 3940 2716; baseline -0.003 -21"><span class='ocrx_word' id='word_1_544' title='bbox 2356 2644 2496 2713; x_wconf 80' lang='grc' dir='ltr'>μέγα</span> <span class='ocrx_word' id='word_1_545' title='bbox 2536 2644 2645 2715; x_wconf 80' lang='grc' dir='ltr'><strong><em>γὰρ</em></strong></span> <span class='ocrx_word' id='word_1_546' title='bbox 2681 2646 2713 2715; x_wconf 79' lang='grc' dir='ltr'>ὴ</span> <span class='ocrx_word' id='word_1_547' title='bbox 2752 2645 2972 2715; x_wconf 64' lang='grc' dir='ltr'>διψυχία</span> <span class='ocrx_word' id='word_1_548' title='bbox 3031 2646 3272 2716; x_wconf 78' lang='grc' dir='ltr'>νόσημα,</span> <span class='ocrx_word' id='word_1_549' title='bbox 3306 2644 3401 2697; x_wconf 78' lang='grc' dir='ltr'><strong><em>καὶ</em></strong></span> <span class='ocrx_word' id='word_1_550' title='bbox 3458 2640 3795 2711; x_wconf 82' lang='grc' dir='ltr'>ἀποστεροῦν</span> <span class='ocrx_word' id='word_1_551' title='bbox 3824 2639 3940 2692; x_wconf 84' lang='grc' dir='ltr'><strong><em>τῶν</em></strong></span> 
     </span>
    </p>
   </div>
   <div class='ocr_carea' id='block_1_71' title="bbox 2353 2730 3937 2807">
    <p class='ocr_par' dir='ltr' id='par_1_71' title="bbox 2353 2730 3937 2807">
     <span class='ocr_line' id='line_1_71' title="bbox 2353 2730 3937 2807; baseline -0.003 -20"><span class='ocrx_word' id='word_1_552' title='bbox 2353 2737 2415 2787; x_wconf 82' lang='grc' dir='ltr'>ὲκ</span> <span class='ocrx_word' id='word_1_553' title='bbox 2442 2735 2576 2788; x_wconf 82' lang='grc' dir='ltr'>Θεοῦ</span> <span class='ocrx_word' id='word_1_554' title='bbox 2613 2738 2991 2807; x_wconf 87' lang='grc' dir='ltr'>χαρισμάτων.</span> <span class='ocrx_word' id='word_1_555' title='bbox 3028 2737 3117 2789; x_wconf 78' lang='grc' dir='ltr'><strong><em>Διὸ</em></strong></span> <span class='ocrx_word' id='word_1_556' title='bbox 3142 2736 3314 2806; x_wconf 79' lang='grc' dir='ltr'>ταύτῃ</span> <span class='ocrx_word' id='word_1_557' title='bbox 3340 2736 3689 2803; x_wconf 76' lang='grc' dir='ltr'>ἐπιτιμήσας,</span> <span class='ocrx_word' id='word_1_558' title='bbox 3717 2731 3776 2783; x_wconf 86' lang='grc' dir='ltr'><strong><em>τὸ</em></strong></span> <span class='ocrx_word' id='word_1_559' title='bbox 3797 2730 3937 2783; x_wconf 80' lang='grc' dir='ltr'>πάν-</span> 
     </span>
    </p>
   </div>
   <div class='ocr_carea' id='block_1_72' title="bbox 2354 2822 3940 2899">
    <p class='ocr_par' dir='ltr' id='par_1_72' title="bbox 2354 2822 3940 2899">
     <span class='ocr_line' id='line_1_72' title="bbox 2354 2822 3940 2899; baseline -0.006 -18"><span class='ocrx_word' id='word_1_560' title='bbox 2354 2847 2459 2882; x_wconf 88' lang='grc' dir='ltr'><strong><em>των</em></strong></span> <span class='ocrx_word' id='word_1_561' title='bbox 2494 2828 2796 2896; x_wconf 89' lang='grc' dir='ltr'>ἀνθρώπων</span> <span class='ocrx_word' id='word_1_562' title='bbox 2837 2827 3184 2899; x_wconf 85' lang='grc' dir='ltr'>διωρθώσατο</span> <span class='ocrx_word' id='word_1_563' title='bbox 3209 2826 3363 2895; x_wconf 84' lang='grc' dir='ltr'>γένος</span> <span class='ocrx_word' id='word_1_564' title='bbox 3384 2868 3399 2892; x_wconf 86' lang='grc'><strong><em>,</em></strong></span> <span class='ocrx_word' id='word_1_565' title='bbox 3441 2825 3584 2877; x_wconf 79' lang='grc' dir='ltr'>ὥστε</span> <span class='ocrx_word' id='word_1_566' title='bbox 3627 2824 3700 2894; x_wconf 83' lang='grc' dir='ltr'>μὴ</span> <span class='ocrx_word' id='word_1_567' title='bbox 3734 2822 3940 2877; x_wconf 82' lang='grc' dir='ltr'>ἁλῶναι</span> 
     </span>
    </p>
   </div>
   <div class='ocr_carea' id='block_1_73' title="bbox 2352 2914 3941 2991">
    <p class='ocr_par' dir='ltr' id='par_1_73' title="bbox 2352 2914 3941 2991">
     <span class='ocr_line' id='line_1_73' title="bbox 2352 2914 3941 2991; baseline -0.004 -17"><span class='ocrx_word' id='word_1_568' title='bbox 2352 2925 2465 2984; x_wconf 83' lang='grc' dir='ltr'>τοῖς</span> <span class='ocrx_word' id='word_1_569' title='bbox 2490 2922 2588 2991; x_wconf 77' lang='grc' dir='ltr'>τῆς</span> <span class='ocrx_word' id='word_1_570' title='bbox 2620 2920 2873 2991; x_wconf 68' lang='grc' dir='ltr'>διψυχίας</span> <span class='ocrx_word' id='word_1_571' title='bbox 2904 2924 3114 2984; x_wconf 83' lang='grc' dir='ltr'>κακοῖς.</span> <span class='ocrx_word' id='word_1_572' title='bbox 3166 2922 3389 2987; x_wconf 84' lang='grc' dir='ltr'>Φεύγων</span> <span class='ocrx_word' id='word_1_573' title='bbox 3426 2919 3482 2970; x_wconf 86' lang='grc' dir='ltr'>δὲ</span> <span class='ocrx_word' id='word_1_574' title='bbox 3513 2918 3571 2970; x_wconf 85' lang='grc' dir='ltr'>τὸ</span> <span class='ocrx_word' id='word_1_575' title='bbox 3607 2914 3882 2979; x_wconf 82' lang='grc' dir='ltr'>κενόδοξον</span> <span class='ocrx_word' id='word_1_576' title='bbox 3909 2918 3941 2967; x_wconf 81' lang='lat'><strong><em>6</em></strong></span> 
     </span>
    </p>
   </div>
   <div class='ocr_carea' id='block_1_74' title="bbox 2354 3008 3941 3083">
    <p class='ocr_par' dir='ltr' id='par_1_74' title="bbox 2354 3008 3941 3083">
     <span class='ocr_line' id='line_1_74' title="bbox 2354 3008 3941 3083; baseline -0.004 -18"><span class='ocrx_word' id='word_1_577' title='bbox 2354 3014 2622 3083; x_wconf 80' lang='grc' dir='ltr'>Χριστὸς,</span> <span class='ocrx_word' id='word_1_578' title='bbox 2649 3014 2748 3067; x_wconf 81' lang='grc' dir='ltr'>οὐκ</span> <span class='ocrx_word' id='word_1_579' title='bbox 2779 3012 2951 3075; x_wconf 74' lang='grc' dir='ltr'>εἶπεν,</span> <span class='ocrx_word' id='word_1_580' title='bbox 2991 3012 3148 3081; x_wconf 70' lang='grc' dir='ltr'>Ὀψει</span> <span class='ocrx_word' id='word_1_581' title='bbox 3175 3013 3273 3083; x_wconf 81' lang='grc' dir='ltr'>τὴν</span> <span class='ocrx_word' id='word_1_582' title='bbox 3295 3010 3449 3075; x_wconf 76' lang='grc' dir='ltr'>δόξαν</span> <span class='ocrx_word' id='word_1_583' title='bbox 3492 3027 3592 3081; x_wconf 87' lang='grc' dir='ltr'><strong><em>μου</em></strong></span> <span class='ocrx_word' id='word_1_584' title='bbox 3614 3052 3627 3075; x_wconf 91' lang='grc'><strong><em>,</em></strong></span> <span class='ocrx_word' id='word_1_585' title='bbox 3677 3008 3809 3062; x_wconf 86' lang='grc' dir='ltr'><strong><em>ἀλλά</em></strong></span> <span class='ocrx_word' id='word_1_586' title='bbox 3839 3008 3941 3078; x_wconf 81' lang='grc' dir='ltr'>τὴν</span> 
     </span>
    </p>
   </div>
   <div class='ocr_carea' id='block_1_75' title="bbox 2354 3100 3943 3175">
    <p class='ocr_par' dir='ltr' id='par_1_75' title="bbox 2354 3100 3943 3175">
     <span class='ocr_line' id='line_1_75' title="bbox 2354 3100 3943 3175; baseline -0.002 -20"><span class='ocrx_word' id='word_1_587' title='bbox 2354 3105 2447 3157; x_wconf 86' lang='grc' dir='ltr'><strong><em>τοῦ</em></strong></span> <span class='ocrx_word' id='word_1_588' title='bbox 2471 3105 2603 3159; x_wconf 85' lang='grc' dir='ltr'>Θεοῦ</span> <span class='ocrx_word' id='word_1_589' title='bbox 2630 3125 2641 3137; x_wconf 89' lang='grc'>·</span> <span class='ocrx_word' id='word_1_590' title='bbox 2702 3106 2828 3171; x_wconf 76' lang='grc' dir='ltr'>δόξα</span> <span class='ocrx_word' id='word_1_591' title='bbox 2859 3108 2915 3160; x_wconf 81' lang='grc' dir='ltr'>δὲ</span> <span class='ocrx_word' id='word_1_592' title='bbox 2948 3104 3115 3170; x_wconf 84' lang='grc' dir='ltr'>Θεοῦ,</span> <span class='ocrx_word' id='word_1_593' title='bbox 3155 3104 3216 3157; x_wconf 84' lang='grc' dir='ltr'><strong><em>τὸ</em></strong></span> <span class='ocrx_word' id='word_1_594' title='bbox 3261 3106 3471 3175; x_wconf 73' lang='grc' dir='ltr'>ἐγεῖραι</span> <span class='ocrx_word' id='word_1_595' title='bbox 3499 3102 3710 3172; x_wconf 85' lang='grc' dir='ltr'>νεκρόν.</span> <span class='ocrx_word' id='word_1_596' title='bbox 3764 3100 3943 3163; x_wconf 74' lang='grc' dir='ltr'>Αὐτὸς</span> 
     </span>
    </p>
   </div>
   <div class='ocr_carea' id='block_1_76' title="bbox 2355 3194 3940 3270">
    <p class='ocr_par' dir='ltr' id='par_1_76' title="bbox 2355 3194 3940 3270">
     <span class='ocr_line' id='line_1_76' title="bbox 2355 3194 3940 3270; baseline -0.003 -20"><span class='ocrx_word' id='word_1_597' title='bbox 2355 3194 2447 3251; x_wconf 75' lang='grc' dir='ltr'><strong><em>οὖν</em></strong></span> <span class='ocrx_word' id='word_1_598' title='bbox 2477 3200 2584 3270; x_wconf 86' lang='grc' dir='ltr'>ἄρα</span> <span class='ocrx_word' id='word_1_599' title='bbox 2616 3200 2761 3252; x_wconf 75' lang='grc' dir='ltr'>ἐστὶν</span> <span class='ocrx_word' id='word_1_600' title='bbox 2815 3203 2842 3252; x_wconf 92' lang='lat'><strong><em>6</em></strong></span> <span class='ocrx_word' id='word_1_601' title='bbox 2874 3200 3012 3252; x_wconf 76' lang='grc' dir='ltr'>κατὰ</span> <span class='ocrx_word' id='word_1_602' title='bbox 3055 3200 3213 3267; x_wconf 73' lang='grc' dir='ltr'>φύσιν</span> <span class='ocrx_word' id='word_1_603' title='bbox 3245 3198 3409 3259; x_wconf 72' lang='grc' dir='ltr'>Θεὸς,</span> <span class='ocrx_word' id='word_1_604' title='bbox 3459 3200 3486 3251; x_wconf 90' lang='grc' dir='ltr'><strong>ὀ</strong></span> <span class='ocrx_word' id='word_1_605' title='bbox 3511 3195 3701 3259; x_wconf 78' lang='grc' dir='ltr'>εἰπὼν,</span> <span class='ocrx_word' id='word_1_606' title='bbox 3734 3214 3755 3246; x_wconf 78' lang='grc' dir='ltr'><strong><em>ι</em></strong></span> <span class='ocrx_word' id='word_1_607' title='bbox 3794 3194 3940 3261; x_wconf 85' lang='grc' dir='ltr'>Ἐγώ</span> 
     </span>
    </p>
   </div>
   <div class='ocr_carea' id='block_1_77' title="bbox 2358 3285 3944 3364">
    <p class='ocr_par' dir='ltr' id='par_1_77' title="bbox 2358 3285 3944 3364">
     <span class='ocr_line' id='line_1_77' title="bbox 2358 3285 3944 3364; baseline -0.004 -21"><span class='ocrx_word' id='word_1_608' title='bbox 2358 3293 2473 3361; x_wconf 84' lang='grc' dir='ltr'>εἰμι</span> <span class='ocrx_word' id='word_1_609' title='bbox 2498 3294 2529 3361; x_wconf 83' lang='grc' dir='ltr'>ἠ</span> <span class='ocrx_word' id='word_1_610' title='bbox 2558 3291 2851 3355; x_wconf 87' lang='grc' dir='ltr'>ἀνάστασις</span> <span class='ocrx_word' id='word_1_611' title='bbox 2874 3332 2887 3354; x_wconf 92' lang='grc'><strong><em>,</em></strong></span> <span class='ocrx_word' id='word_1_612' title='bbox 2916 3312 2932 3342; x_wconf 79' lang='grc' dir='ltr'><strong><em>ι</em></strong></span> <span class='ocrx_word' id='word_1_613' title='bbox 2956 3285 3017 3345; x_wconf 70' lang='grc' dir='ltr'><strong><em>οῦ</em></strong></span> <span class='ocrx_word' id='word_1_614' title='bbox 3040 3294 3137 3364; x_wconf 79' lang='grc' dir='ltr'>τὴν</span> <span class='ocrx_word' id='word_1_615' title='bbox 3166 3290 3323 3355; x_wconf 80' lang='grc' dir='ltr'>δόξαν</span> <span class='ocrx_word' id='word_1_616' title='bbox 3348 3291 3463 3361; x_wconf 87' lang='grc' dir='ltr'>μετ’</span> <span class='ocrx_word' id='word_1_617' title='bbox 3489 3290 3549 3342; x_wconf 82' lang='grc' dir='ltr'><strong><em>οὐ</em></strong></span> <span class='ocrx_word' id='word_1_618' title='bbox 3575 3288 3708 3341; x_wconf 77' lang='grc' dir='ltr'>πολὺ</span> <span class='ocrx_word' id='word_1_619' title='bbox 3731 3285 3944 3355; x_wconf 77' lang='grc' dir='ltr'>θεωρὴ-</span> 
     </span>
    </p>
   </div>
   <div class='ocr_carea' id='block_1_78' title="bbox 2361 3374 3947 3451">
    <p class='ocr_par' dir='ltr' id='par_1_78' title="bbox 2361 3374 3947 3451">
     <span class='ocr_line' id='line_1_78' title="bbox 2361 3374 3947 3451; baseline -0.004 -18"><span class='ocrx_word' id='word_1_620' title='bbox 2361 3398 2473 3434; x_wconf 89' lang='grc' dir='ltr'>σειν</span> <span class='ocrx_word' id='word_1_621' title='bbox 2520 3380 2617 3451; x_wconf 78' lang='grc' dir='ltr'>τὴν</span> <span class='ocrx_word' id='word_1_622' title='bbox 2651 3382 2885 3449; x_wconf 82' lang='grc' dir='ltr'>γυναῖκά</span> <span class='ocrx_word' id='word_1_623' title='bbox 2915 3398 3113 3451; x_wconf 78' lang='grc' dir='ltr'>φησιν,</span> <span class='ocrx_word' id='word_1_624' title='bbox 3156 3382 3285 3434; x_wconf 83' lang='grc' dir='ltr'>ὅταν</span> <span class='ocrx_word' id='word_1_625' title='bbox 3331 3380 3487 3449; x_wconf 75' lang='grc' dir='ltr'>οἰηθῇ</span> <span class='ocrx_word' id='word_1_626' title='bbox 3539 3379 3613 3448; x_wconf 81' lang='grc' dir='ltr'><strong><em>μὴ</em></strong></span> <span class='ocrx_word' id='word_1_627' title='bbox 3646 3374 3947 3446; x_wconf 77' lang='grc' dir='ltr'>ψεύδεσθαι</span> 
     </span>
    </p>
   </div>
   <div class='ocr_carea' id='block_1_79' title="bbox 2358 3467 3946 3545">
    <p class='ocr_par' dir='ltr' id='par_1_79' title="bbox 2358 3467 3946 3545">
     <span class='ocr_line' id='line_1_79' title="bbox 2358 3467 3946 3545; baseline -0.006 -17"><span class='ocrx_word' id='word_1_628' title='bbox 2358 3475 2455 3544; x_wconf 83' lang='grc' dir='ltr'>τὴν</span> <span class='ocrx_word' id='word_1_629' title='bbox 2497 3474 2790 3545; x_wconf 79' lang='grc' dir='ltr'>ἀλήθειαν,</span> <span class='ocrx_word' id='word_1_630' title='bbox 2833 3475 2891 3538; x_wconf 84' lang='grc' dir='ltr'>ὃς</span> <span class='ocrx_word' id='word_1_631' title='bbox 2927 3476 3073 3527; x_wconf 79' lang='grc' dir='ltr'>ἐστιν</span> <span class='ocrx_word' id='word_1_632' title='bbox 3115 3477 3143 3528; x_wconf 91' lang='lat'><strong><em>6</em></strong></span> <span class='ocrx_word' id='word_1_633' title='bbox 3173 3473 3407 3545; x_wconf 86' lang='grc' dir='ltr'>Χριστός</span> <span class='ocrx_word' id='word_1_634' title='bbox 3430 3489 3445 3503; x_wconf 88' lang='grc'>·</span> <span class='ocrx_word' id='word_1_635' title='bbox 3486 3467 3553 3543; x_wconf 78' lang='grc' dir='ltr'>ἦν</span> <span class='ocrx_word' id='word_1_636' title='bbox 3583 3470 3637 3523; x_wconf 87' lang='grc' dir='ltr'>δὲ</span> <span class='ocrx_word' id='word_1_637' title='bbox 3674 3470 3812 3540; x_wconf 79' lang='grc' dir='ltr'>αὐτῇ</span> <span class='ocrx_word' id='word_1_638' title='bbox 3839 3470 3946 3520; x_wconf 80' lang='grc' dir='ltr'><strong><em>ἑπ-</em></strong></span> 
     </span>
    </p>
   </div>
   <div class='ocr_carea' id='block_1_80' title="bbox 2358 3562 3944 3636">
    <p class='ocr_par' dir='ltr' id='par_1_80' title="bbox 2358 3562 3944 3636">
     <span class='ocr_line' id='line_1_80' title="bbox 2358 3562 3944 3636; baseline -0.003 -17"><span class='ocrx_word' id='word_1_639' title='bbox 2358 3567 2656 3635; x_wconf 81' lang='grc' dir='ltr'>αγγελθὲν,</span> <span class='ocrx_word' id='word_1_640' title='bbox 2701 3568 2761 3620; x_wconf 78' lang='grc' dir='ltr'>τὸ</span> <span class='ocrx_word' id='word_1_641' title='bbox 2795 3567 3095 3636; x_wconf 83' lang='grc' dir='ltr'>ἀναστῆναι</span> <span class='ocrx_word' id='word_1_642' title='bbox 3122 3567 3212 3620; x_wconf 82' lang='grc' dir='ltr'><strong><em>τὸν</em></strong></span> <span class='ocrx_word' id='word_1_643' title='bbox 3256 3567 3449 3635; x_wconf 80' lang='grc' dir='ltr'>νεκρὸν</span> <span class='ocrx_word' id='word_1_644' title='bbox 3483 3564 3654 3634; x_wconf 77' lang='grc' dir='ltr'>αὐτῆς</span> <span class='ocrx_word' id='word_1_645' title='bbox 3689 3562 3944 3629; x_wconf 66' lang='grc' dir='ltr'>ἀδελφόν.</span> 
     </span>
    </p>
   </div>
   <div class='ocr_carea' id='block_1_81' title="bbox 2359 3653 3949 3730">
    <p class='ocr_par' dir='ltr' id='par_1_81' title="bbox 2359 3653 3949 3730">
     <span class='ocr_line' id='line_1_81' title="bbox 2359 3653 3949 3730; baseline -0.004 -19"><span class='ocrx_word' id='word_1_646' title='bbox 2359 3658 2469 3711; x_wconf 83' lang='grc' dir='ltr'>Καὶ</span> <span class='ocrx_word' id='word_1_647' title='bbox 2503 3661 2535 3729; x_wconf 87' lang='grc' dir='ltr'><strong>ή</strong></span> <span class='ocrx_word' id='word_1_648' title='bbox 2570 3659 2669 3727; x_wconf 85' lang='grc' dir='ltr'><strong><em>μὲν</em></strong></span> <span class='ocrx_word' id='word_1_649' title='bbox 2692 3658 2883 3730; x_wconf 85' lang='grc' dir='ltr'>Μαρία</span> <span class='ocrx_word' id='word_1_650' title='bbox 2919 3657 3261 3728; x_wconf 84' lang='grc' dir='ltr'>συνετωτέρα</span> <span class='ocrx_word' id='word_1_651' title='bbox 3288 3653 3443 3722; x_wconf 78' lang='grc' dir='ltr'>οὖσα,</span> <span class='ocrx_word' id='word_1_652' title='bbox 3466 3656 3619 3709; x_wconf 71' lang='grc' dir='ltr'>οὐδὲν</span> <span class='ocrx_word' id='word_1_653' title='bbox 3648 3654 3949 3707; x_wconf 81' lang='grc' dir='ltr'>ὲνδοιαστι-</span> 
     </span>
    </p>
   </div>
   <div class='ocr_carea' id='block_1_82' title="bbox 2358 3746 3944 3823">
    <p class='ocr_par' dir='ltr' id='par_1_82' title="bbox 2358 3746 3944 3823">
     <span class='ocr_line' id='line_1_82' title="bbox 2358 3746 3944 3823; baseline -0.004 -19"><span class='ocrx_word' id='word_1_654' title='bbox 2358 3750 2453 3804; x_wconf 78' lang='grc' dir='ltr'>κον</span> <span class='ocrx_word' id='word_1_655' title='bbox 2487 3751 2781 3820; x_wconf 82' lang='grc' dir='ltr'>φθέγγεται</span> <span class='ocrx_word' id='word_1_656' title='bbox 2809 3767 2821 3781; x_wconf 82' lang='lat'>&#39;</span> <span class='ocrx_word' id='word_1_657' title='bbox 2860 3751 2975 3823; x_wconf 82' lang='grc' dir='ltr'><strong><em>ἠδὲ</em></strong></span> <span class='ocrx_word' id='word_1_658' title='bbox 3005 3749 3205 3822; x_wconf 86' lang='grc' dir='ltr'>Μάρθα</span> <span class='ocrx_word' id='word_1_659' title='bbox 3227 3789 3241 3815; x_wconf 94' lang='grc'><strong><em>,</em></strong></span> <span class='ocrx_word' id='word_1_660' title='bbox 3274 3749 3353 3819; x_wconf 83' lang='grc' dir='ltr'>τῷ</span> <span class='ocrx_word' id='word_1_661' title='bbox 3382 3750 3480 3820; x_wconf 83' lang='grc' dir='ltr'>τῆς</span> <span class='ocrx_word' id='word_1_662' title='bbox 3517 3746 3767 3818; x_wconf 75' lang='grc' dir='ltr'>διψυχίας</span> <span class='ocrx_word' id='word_1_663' title='bbox 3808 3762 3944 3799; x_wconf 85' lang='grc' dir='ltr'>κατ-</span> 
     </span>
    </p>
   </div>
   <div class='ocr_carea' id='block_1_83' title="bbox 2360 3845 2860 3917">
    <p class='ocr_par' dir='ltr' id='par_1_83' title="bbox 2360 3845 2860 3917">
     <span class='ocr_line' id='line_1_83' title="bbox 2360 3845 2860 3917; baseline -0.006 -18"><span class='ocrx_word' id='word_1_664' title='bbox 2360 3846 2536 3917; x_wconf 89' lang='grc' dir='ltr'>είχετο</span> <span class='ocrx_word' id='word_1_665' title='bbox 2573 3845 2860 3915; x_wconf 86' lang='grc' dir='ltr'>νοσήματι.</span> 
     </span>
    </p>
   </div>
   <div class='ocr_carea' id='block_1_84' title="bbox 2429 4125 3945 4198">
    <p class='ocr_par' dir='ltr' id='par_1_84' title="bbox 2429 4125 3945 4198">
     <span class='ocr_line' id='line_1_84' title="bbox 2429 4125 3945 4198; baseline -0.003 -17"><span class='ocrx_word' id='word_1_666' title='bbox 2429 4127 2641 4196; x_wconf 84' lang='grc' dir='ltr'>Πάτερ,</span> <span class='ocrx_word' id='word_1_667' title='bbox 2676 4129 3013 4197; x_wconf 81' lang='grc' dir='ltr'>εὐχαριστῶ</span> <span class='ocrx_word' id='word_1_668' title='bbox 3038 4145 3137 4184; x_wconf 88' lang='grc' dir='ltr'><strong><em>σοι</em></strong></span> <span class='ocrx_word' id='word_1_669' title='bbox 3168 4129 3253 4183; x_wconf 86' lang='grc' dir='ltr'>ὅτι</span> <span class='ocrx_word' id='word_1_670' title='bbox 3289 4126 3561 4198; x_wconf 79' lang='grc' dir='ltr'>ἤκουσάς</span> <span class='ocrx_word' id='word_1_671' title='bbox 3579 4144 3720 4196; x_wconf 83' lang='grc' dir='ltr'>μου,</span> <span class='ocrx_word' id='word_1_672' title='bbox 3756 4126 3850 4179; x_wconf 77' lang='grc' dir='ltr'>καὶ</span> <span class='ocrx_word' id='word_1_673' title='bbox 3872 4125 3945 4178; x_wconf 67' lang='grc' dir='ltr'>τὰ</span> 
     </span>
    </p>
   </div>
   <div class='ocr_carea' id='block_1_85' title="bbox 2356 4222 2505 4277">
    <p class='ocr_par' dir='ltr' id='par_1_85' title="bbox 2356 4222 2505 4277">
     <span class='ocr_line' id='line_1_85' title="bbox 2356 4222 2505 4277; baseline 0.02 -3"><span class='ocrx_word' id='word_1_674' title='bbox 2356 4222 2505 4277; x_wconf 78' lang='grc' dir='ltr'>ἑξῆς.</span> 
     </span>
    </p>
   </div>
   <div class='ocr_carea' id='block_1_86' title="bbox 2390 4239 3948 4386">
    <p class='ocr_par' dir='ltr' id='par_1_86' title="bbox 2390 4239 3948 4386">
     <span class='ocr_line' id='line_1_86' title="bbox 2390 4239 3948 4386; baseline -0.006 -18"><span class='ocrx_word' id='word_1_675' title='bbox 2390 4239 2803 4385; x_wconf 41' lang='grc' dir='ltr'><strong><em>ξ...θῖκονομικῶς</em></strong></span> <span class='ocrx_word' id='word_1_676' title='bbox 2839 4314 3020 4386; x_wconf 81' lang='grc' dir='ltr'>μέντοι</span> <span class='ocrx_word' id='word_1_677' title='bbox 3054 4314 3129 4376; x_wconf 90' lang='grc' dir='ltr'><strong><em>ώς</em></strong></span> <span class='ocrx_word' id='word_1_678' title='bbox 3163 4312 3447 4381; x_wconf 80' lang='grc' dir='ltr'>ἄνθρωπος</span> <span class='ocrx_word' id='word_1_679' title='bbox 3472 4310 3625 4364; x_wconf 83' lang='grc' dir='ltr'>λαλεῖ</span> <span class='ocrx_word' id='word_1_680' title='bbox 3655 4312 3682 4363; x_wconf 95' lang='lat'><strong><em>6</em></strong></span> <span class='ocrx_word' id='word_1_681' title='bbox 3708 4308 3948 4380; x_wconf 75' lang='grc' dir='ltr'>Χριστὸς</span> 
     </span>
    </p>
   </div>
   <div class='ocr_carea' id='block_1_87' title="bbox 2357 4402 3946 4477">
    <p class='ocr_par' dir='ltr' id='par_1_87' title="bbox 2357 4402 3946 4477">
     <span class='ocr_line' id='line_1_87' title="bbox 2357 4402 3946 4477; baseline -0.005 -18"><span class='ocrx_word' id='word_1_682' title='bbox 2357 4406 2672 4477; x_wconf 83' lang='grc' dir='ltr'>χθαμαλῶς,</span> <span class='ocrx_word' id='word_1_683' title='bbox 2703 4409 2763 4460; x_wconf 81' lang='grc' dir='ltr'><strong><em>ού</em></strong></span> <span class='ocrx_word' id='word_1_684' title='bbox 2795 4406 2935 4459; x_wconf 86' lang='grc' dir='ltr'><strong><em>κατά</em></strong></span> <span class='ocrx_word' id='word_1_685' title='bbox 2964 4405 3062 4476; x_wconf 79' lang='grc' dir='ltr'>τὴν</span> <span class='ocrx_word' id='word_1_686' title='bbox 3097 4405 3193 4473; x_wconf 77' lang='grc' dir='ltr'>τῆς</span> <span class='ocrx_word' id='word_1_687' title='bbox 3225 4404 3477 4473; x_wconf 79' lang='grc' dir='ltr'>θεότητος</span> <span class='ocrx_word' id='word_1_688' title='bbox 3503 4402 3777 4473; x_wconf 82' lang='grc' dir='ltr'>ὑπεροχήν</span> <span class='ocrx_word' id='word_1_689' title='bbox 3798 4417 3811 4430; x_wconf 90' lang='grc'><strong>·</strong></span> <span class='ocrx_word' id='word_1_690' title='bbox 3850 4402 3946 4452; x_wconf 73' lang='grc' dir='ltr'><strong><em>καὶ</em></strong></span> 
     </span>
    </p>
   </div>
   <div class='ocr_carea' id='block_1_88' title="bbox 2349 4492 3946 4571">
    <p class='ocr_par' dir='ltr' id='par_1_88' title="bbox 2349 4492 3946 4571">
     <span class='ocr_line' id='line_1_88' title="bbox 2349 4492 3946 4571; baseline -0.004 -19"><span class='ocrx_word' id='word_1_691' title='bbox 2349 4499 2609 4569; x_wconf 78' lang='grc' dir='ltr'>ἀναφέρει</span> <span class='ocrx_word' id='word_1_692' title='bbox 2652 4499 2727 4569; x_wconf 83' lang='grc' dir='ltr'>τῷ</span> <span class='ocrx_word' id='word_1_693' title='bbox 2766 4500 2941 4571; x_wconf 62' lang='lat' dir='ltr'><strong><em>Harp).</em></strong></span> <span class='ocrx_word' id='word_1_694' title='bbox 2978 4499 3078 4569; x_wconf 79' lang='grc' dir='ltr'>τὴν</span> <span class='ocrx_word' id='word_1_695' title='bbox 3133 4499 3312 4568; x_wconf 87' lang='grc' dir='ltr'>χάριν,</span> <span class='ocrx_word' id='word_1_696' title='bbox 3354 4497 3452 4566; x_wconf 81' lang='grc' dir='ltr'><strong><em>οὐχ</em></strong></span> <span class='ocrx_word' id='word_1_697' title='bbox 3497 4496 3637 4566; x_wconf 80' lang='grc' dir='ltr'>ὑπὲρ</span> <span class='ocrx_word' id='word_1_698' title='bbox 3685 4492 3946 4563; x_wconf 75' lang='grc' dir='ltr'>Λαζάρου</span> 
     </span>
    </p>
   </div>
   <div class='ocr_carea' id='block_1_89' title="bbox 2355 4586 3947 4662">
    <p class='ocr_par' dir='ltr' id='par_1_89' title="bbox 2355 4586 3947 4662">
     <span class='ocr_line' id='line_1_89' title="bbox 2355 4586 3947 4662; baseline -0.003 -19"><span class='ocrx_word' id='word_1_699' title='bbox 2355 4590 2534 4660; x_wconf 85' lang='grc' dir='ltr'>μόνον,</span> <span class='ocrx_word' id='word_1_700' title='bbox 2574 4590 2687 4643; x_wconf 80' lang='grc' dir='ltr'>ἀλλ’</span> <span class='ocrx_word' id='word_1_701' title='bbox 2737 4590 2878 4662; x_wconf 82' lang='grc' dir='ltr'>ὑπὲρ</span> <span class='ocrx_word' id='word_1_702' title='bbox 2910 4592 3008 4659; x_wconf 80' lang='grc' dir='ltr'>τῆς</span> <span class='ocrx_word' id='word_1_703' title='bbox 3062 4590 3278 4644; x_wconf 87' lang='grc' dir='ltr'>πάντων</span> <span class='ocrx_word' id='word_1_704' title='bbox 3318 4588 3485 4659; x_wconf 76' lang='grc' dir='ltr'>ζωῆς.</span> <span class='ocrx_word' id='word_1_705' title='bbox 3558 4586 3786 4654; x_wconf 84' lang='grc' dir='ltr'>Ἀγαθὺς</span> <span class='ocrx_word' id='word_1_706' title='bbox 3834 4586 3947 4656; x_wconf 76' lang='grc' dir='ltr'>γὰρ</span> 
     </span>
    </p>
   </div>
   <div class='ocr_carea' id='block_1_90' title="bbox 666 4678 2247 4762">
    <p class='ocr_par' dir='ltr' id='par_1_90' title="bbox 666 4680 2247 4743">
     <span class='ocr_line' id='line_1_90' title="bbox 666 4680 2247 4743; baseline 0.001 -9"><span class='ocrx_word' id='word_1_707' title='bbox 666 4696 791 4734; x_wconf 84' lang='lat' dir='ltr'><strong><em>cum</em></strong></span> <span class='ocrx_word' id='word_1_708' title='bbox 828 4680 917 4743; x_wconf 88' lang='lat' dir='ltr'><strong><em>sit,</em></strong></span> <span class='ocrx_word' id='word_1_709' title='bbox 942 4696 1175 4736; x_wconf 90' lang='lat' dir='ltr'><strong><em>concors</em></strong></span> <span class='ocrx_word' id='word_1_710' title='bbox 1221 4689 1305 4736; x_wconf 91' lang='lat' dir='ltr'><strong><em>est</em></strong></span> <span class='ocrx_word' id='word_1_711' title='bbox 1334 4680 1483 4735; x_wconf 86' lang='lat' dir='ltr'><strong><em>Patri</em></strong></span> <span class='ocrx_word' id='word_1_712' title='bbox 1520 4683 1574 4737; x_wconf 92' lang='lat' dir='ltr'><strong><em>in</em></strong></span> <span class='ocrx_word' id='word_1_713' title='bbox 1613 4683 1779 4735; x_wconf 89' lang='lat' dir='ltr'><strong><em>vitam</em></strong></span> <span class='ocrx_word' id='word_1_714' title='bbox 1827 4681 2099 4737; x_wconf 88' lang='lat' dir='ltr'><strong><em>reducens</em></strong></span> <span class='ocrx_word' id='word_1_715' title='bbox 2148 4681 2247 4735; x_wconf 90' lang='lat' dir='ltr'><strong><em>ho-</em></strong></span> 
     </span>
    </p>
   </div>
   <div class='ocr_carea' id='block_1_91' title="bbox 2352 4678 3945 4762">
    <p class='ocr_par' dir='ltr' id='par_1_91' title="bbox 2354 4678 3945 4756">
     <span class='ocr_line' id='line_1_91' title="bbox 2354 4678 3945 4756; baseline -0.004 -19"><span class='ocrx_word' id='word_1_716' title='bbox 2354 4685 2455 4748; x_wconf 80' lang='grc' dir='ltr'>ὢν,</span> <span class='ocrx_word' id='word_1_717' title='bbox 2485 4685 2824 4756; x_wconf 82' lang='grc' dir='ltr'>ὁμογνώμων</span> <span class='ocrx_word' id='word_1_718' title='bbox 2854 4684 2971 4736; x_wconf 69' lang='grc' dir='ltr'>ἐστι</span> <span class='ocrx_word' id='word_1_719' title='bbox 2994 4682 3072 4752; x_wconf 80' lang='grc' dir='ltr'>τῷ</span> <span class='ocrx_word' id='word_1_720' title='bbox 3107 4683 3302 4753; x_wconf 70' lang='grc' dir='ltr'>Πατρὶ,</span> <span class='ocrx_word' id='word_1_721' title='bbox 3335 4678 3684 4749; x_wconf 80' lang='grc' dir='ltr'>ἀνακομίζων</span> <span class='ocrx_word' id='word_1_722' title='bbox 3722 4678 3821 4749; x_wconf 76' lang='grc' dir='ltr'>τὴν</span> <span class='ocrx_word' id='word_1_723' title='bbox 3846 4679 3945 4731; x_wconf 88' lang='grc' dir='ltr'>ἀν-</span> 
     </span>
    </p>
   </div>
   <div class='ocr_carea' id='block_1_92' title="bbox 666 4773 2246 4844">
    <p class='ocr_par' dir='ltr' id='par_1_92' title="bbox 666 4773 2246 4844">
     <span class='ocr_line' id='line_1_92' title="bbox 666 4773 2246 4844; baseline 0.002 -19"><span class='ocrx_word' id='word_1_724' title='bbox 666 4773 830 4827; x_wconf 80' lang='lat' dir='ltr'><strong><em>tninis</em></strong></span> <span class='ocrx_word' id='word_1_725' title='bbox 871 4778 1146 4837; x_wconf 85' lang='lat' dir='ltr'><strong><em>naturam,</em></strong></span> <span class='ocrx_word' id='word_1_726' title='bbox 1184 4790 1305 4844; x_wconf 69' lang='lat' dir='ltr'><strong><em>quae</em></strong></span> <span class='ocrx_word' id='word_1_727' title='bbox 1348 4776 1416 4829; x_wconf 93' lang='lat' dir='ltr'><strong><em>ob</em></strong></span> <span class='ocrx_word' id='word_1_728' title='bbox 1470 4776 1672 4828; x_wconf 89' lang='lat' dir='ltr'><strong><em>violata</em></strong></span> <span class='ocrx_word' id='word_1_729' title='bbox 1711 4776 1867 4843; x_wconf 85' lang='lat' dir='ltr'><strong><em>jussa</em></strong></span> <span class='ocrx_word' id='word_1_730' title='bbox 1930 4777 1985 4828; x_wconf 94' lang='lat' dir='ltr'><strong><em>in</em></strong></span> <span class='ocrx_word' id='word_1_731' title='bbox 2045 4790 2246 4829; x_wconf 87' lang='lat' dir='ltr'><strong><em>corru-</em></strong></span> 
     </span>
    </p>
   </div>
   <div class='ocr_carea' id='block_1_93' title="bbox 668 4863 2247 4933">
    <p class='ocr_par' dir='ltr' id='par_1_93' title="bbox 668 4863 2247 4933">
     <span class='ocr_line' id='line_1_93' title="bbox 668 4863 2247 4933; baseline 0.003 -18"><span class='ocrx_word' id='word_1_732' title='bbox 668 4863 910 4933; x_wconf 90' lang='lat' dir='ltr'><strong><em>ptionem</em></strong></span> <span class='ocrx_word' id='word_1_733' title='bbox 964 4864 1237 4919; x_wconf 88' lang='lat' dir='ltr'><strong><em>inciderat</em></strong></span> <span class='ocrx_word' id='word_1_734' title='bbox 1286 4881 1350 4919; x_wconf 91' lang='lat' dir='ltr'><strong><em>ac</em></strong></span> <span class='ocrx_word' id='word_1_735' title='bbox 1406 4865 1725 4930; x_wconf 87' lang='lat' dir='ltr'><strong><em>interitum,</em></strong></span> <span class='ocrx_word' id='word_1_736' title='bbox 1786 4866 1991 4919; x_wconf 89' lang='lat' dir='ltr'><strong><em>nullam</em></strong></span> <span class='ocrx_word' id='word_1_737' title='bbox 2038 4866 2247 4920; x_wconf 86' lang='lat' dir='ltr'><strong><em>habens</em></strong></span> 
     </span>
    </p>
   </div>
   <div class='ocr_carea' id='block_1_94' title="bbox 668 4952 2246 5020">
    <p class='ocr_par' dir='ltr' id='par_1_94' title="bbox 668 4952 2246 5020">
     <span class='ocr_line' id='line_1_94' title="bbox 668 4952 2246 5020; baseline 0.001 -14"><span class='ocrx_word' id='word_1_738' title='bbox 668 4952 736 5006; x_wconf 88' lang='lat' dir='ltr'><strong><em>ad</em></strong></span> <span class='ocrx_word' id='word_1_739' title='bbox 806 4953 1109 5011; x_wconf 89' lang='lat' dir='ltr'><strong><em>bonitatem</em></strong></span> <span class='ocrx_word' id='word_1_740' title='bbox 1177 4955 1356 5012; x_wconf 87' lang='lat' dir='ltr'><strong><em>Patris</em></strong></span> <span class='ocrx_word' id='word_1_741' title='bbox 1424 4954 1809 5011; x_wconf 69' lang='lat' dir='ltr'><strong><em>didereutiam.</em></strong></span> <span class='ocrx_word' id='word_1_742' title='bbox 1874 4955 2246 5020; x_wconf 83' lang='lat' dir='ltr'><strong><em>Quemadmo-</em></strong></span> 
     </span>
    </p>
   </div>
   <div class='ocr_carea' id='block_1_95' title="bbox 667 5045 2250 5119">
    <p class='ocr_par' dir='ltr' id='par_1_95' title="bbox 667 5045 2250 5119">
     <span class='ocr_line' id='line_1_95' title="bbox 667 5045 2250 5119; baseline 0.001 -20"><span class='ocrx_word' id='word_1_743' title='bbox 667 5045 796 5100; x_wconf 82' lang='lat' dir='ltr'><strong><em>dum</em></strong></span> <span class='ocrx_word' id='word_1_744' title='bbox 850 5062 979 5102; x_wconf 91' lang='lat' dir='ltr'><strong><em>vero</em></strong></span> <span class='ocrx_word' id='word_1_745' title='bbox 1037 5057 1091 5103; x_wconf 87' lang='lat' dir='ltr'><strong><em>et</em></strong></span> <span class='ocrx_word' id='word_1_746' title='bbox 1140 5063 1242 5103; x_wconf 91' lang='lat' dir='ltr'><strong><em>nos</em></strong></span> <span class='ocrx_word' id='word_1_747' title='bbox 1300 5064 1395 5118; x_wconf 87' lang='lat' dir='ltr'><strong><em>per</em></strong></span> <span class='ocrx_word' id='word_1_748' title='bbox 1443 5048 1718 5119; x_wconf 89' lang='lat' dir='ltr'><strong><em>propriam</em></strong></span> <span class='ocrx_word' id='word_1_749' title='bbox 1768 5046 2035 5099; x_wconf 88' lang='lat' dir='ltr'><strong><em>rationem</em></strong></span> <span class='ocrx_word' id='word_1_750' title='bbox 2092 5047 2250 5100; x_wconf 91' lang='lat' dir='ltr'><strong><em>indu-</em></strong></span> 
     </span>
    </p>
   </div>
   <div class='ocr_carea' id='block_1_96' title="bbox 668 5138 2247 5210">
    <p class='ocr_par' dir='ltr' id='par_1_96' title="bbox 668 5138 2247 5210">
     <span class='ocr_line' id='line_1_96' title="bbox 668 5138 2247 5210; baseline 0.001 -17"><span class='ocrx_word' id='word_1_751' title='bbox 668 5140 846 5193; x_wconf 89' lang='lat' dir='ltr'><strong><em>cimur</em></strong></span> <span class='ocrx_word' id='word_1_752' title='bbox 885 5156 991 5195; x_wconf 88' lang='lat' dir='ltr'><strong><em>non</em></strong></span> <span class='ocrx_word' id='word_1_753' title='bbox 1022 5142 1202 5195; x_wconf 81' lang='lat' dir='ltr'><strong><em>facere</em></strong></span> <span class='ocrx_word' id='word_1_754' title='bbox 1232 5140 1377 5210; x_wconf 90' lang='lat' dir='ltr'><strong><em>quod</em></strong></span> <span class='ocrx_word' id='word_1_755' title='bbox 1415 5141 1594 5194; x_wconf 86' lang='lat' dir='ltr'><strong><em>visum</em></strong></span> <span class='ocrx_word' id='word_1_756' title='bbox 1628 5148 1710 5194; x_wconf 89' lang='lat' dir='ltr'><strong><em>est</em></strong></span> <span class='ocrx_word' id='word_1_757' title='bbox 1739 5152 1752 5190; x_wconf 90' lang='lat'><strong>:</strong></span> <span class='ocrx_word' id='word_1_758' title='bbox 1785 5138 1862 5193; x_wconf 91' lang='lat' dir='ltr'><strong><em>sic</em></strong></span> <span class='ocrx_word' id='word_1_759' title='bbox 1884 5146 1937 5192; x_wconf 86' lang='lat' dir='ltr'><strong><em>et</em></strong></span> <span class='ocrx_word' id='word_1_760' title='bbox 1965 5138 2247 5204; x_wconf 85' lang='lat' dir='ltr'><strong><em>Dominus,</em></strong></span> 
     </span>
    </p>
   </div>
   <div class='ocr_carea' id='block_1_97' title="bbox 669 5231 2247 5297">
    <p class='ocr_par' dir='ltr' id='par_1_97' title="bbox 669 5231 2247 5297">
     <span class='ocr_line' id='line_1_97' title="bbox 669 5231 2247 5297; baseline 0.003 -14"><span class='ocrx_word' id='word_1_761' title='bbox 669 5231 897 5285; x_wconf 83' lang='lat' dir='ltr'><strong><em>verbum</em></strong></span> <span class='ocrx_word' id='word_1_762' title='bbox 945 5234 1219 5289; x_wconf 80' lang='lat' dir='ltr'><strong><em>exsistens</em></strong></span> <span class='ocrx_word' id='word_1_763' title='bbox 1273 5249 1337 5288; x_wconf 90' lang='lat' dir='ltr'><strong><em>ac</em></strong></span> <span class='ocrx_word' id='word_1_764' title='bbox 1392 5234 1685 5289; x_wconf 90' lang='lat' dir='ltr'><strong><em>consilium</em></strong></span> <span class='ocrx_word' id='word_1_765' title='bbox 1744 5232 1944 5297; x_wconf 84' lang='lat' dir='ltr'><strong><em>Patris,</em></strong></span> <span class='ocrx_word' id='word_1_766' title='bbox 2012 5234 2247 5288; x_wconf 88' lang='lat' dir='ltr'><strong><em>amicum</em></strong></span> 
     </span>
    </p>
   </div>
   <div class='ocr_carea' id='block_1_98' title="bbox 669 5325 2248 5396">
    <p class='ocr_par' dir='ltr' id='par_1_98' title="bbox 669 5325 2248 5396">
     <span class='ocr_line' id='line_1_98' title="bbox 669 5325 2248 5396; baseline 0 -17"><span class='ocrx_word' id='word_1_767' title='bbox 669 5325 830 5379; x_wconf 87' lang='lat' dir='ltr'><strong><em>nobis</em></strong></span> <span class='ocrx_word' id='word_1_768' title='bbox 906 5326 1086 5381; x_wconf 82' lang='lat' dir='ltr'><strong><em>reddit</em></strong></span> <span class='ocrx_word' id='word_1_769' title='bbox 1141 5327 1381 5380; x_wconf 88' lang='lat' dir='ltr'><strong><em>Patrem.</em></strong></span> <span class='ocrx_word' id='word_1_770' title='bbox 1450 5326 1635 5396; x_wconf 89' lang='lat' dir='ltr'><strong><em>Neque</em></strong></span> <span class='ocrx_word' id='word_1_771' title='bbox 1710 5340 1843 5378; x_wconf 89' lang='lat' dir='ltr'><strong><em>vero</em></strong></span> <span class='ocrx_word' id='word_1_772' title='bbox 1903 5325 2248 5379; x_wconf 90' lang='lat' dir='ltr'><strong><em>divinitatem</em></strong></span> 
     </span>
    </p>
   </div>
   <div class='ocr_carea' id='block_1_99' title="bbox 670 5418 2254 5489">
    <p class='ocr_par' dir='ltr' id='par_1_99' title="bbox 670 5418 2254 5489">
     <span class='ocr_line' id='line_1_99' title="bbox 670 5418 2254 5489; baseline -0.001 -13"><span class='ocrx_word' id='word_1_773' title='bbox 670 5419 833 5476; x_wconf 83' lang='lat' dir='ltr'><strong><em>irasci</em></strong></span> <span class='ocrx_word' id='word_1_774' title='bbox 872 5420 1128 5485; x_wconf 91' lang='lat' dir='ltr'><strong><em>dicimus,</em></strong></span> <span class='ocrx_word' id='word_1_775' title='bbox 1161 5420 1254 5475; x_wconf 87' lang='lat' dir='ltr'><strong><em>sed</em></strong></span> <span class='ocrx_word' id='word_1_776' title='bbox 1302 5420 1453 5489; x_wconf 90' lang='lat' dir='ltr'><strong><em>quia,</em></strong></span> <span class='ocrx_word' id='word_1_777' title='bbox 1494 5435 1619 5474; x_wconf 91' lang='lat' dir='ltr'><strong><em>cum</em></strong></span> <span class='ocrx_word' id='word_1_778' title='bbox 1672 5418 1815 5473; x_wconf 92' lang='lat' dir='ltr'><strong><em>Deus</em></strong></span> <span class='ocrx_word' id='word_1_779' title='bbox 1848 5418 1919 5473; x_wconf 90' lang='lat' dir='ltr'><strong><em>sit</em></strong></span> <span class='ocrx_word' id='word_1_780' title='bbox 1962 5418 2149 5487; x_wconf 90' lang='lat' dir='ltr'><strong><em>justus</em></strong></span> <span class='ocrx_word' id='word_1_781' title='bbox 2199 5430 2254 5474; x_wconf 89' lang='lat' dir='ltr'><strong><em>et</em></strong></span> 
     </span>
    </p>
   </div>
   <div class='ocr_carea' id='block_1_100' title="bbox 742 5574 1869 5642">
    <p class='ocr_par' dir='ltr' id='par_1_100' title="bbox 742 5574 1869 5642">
     <span class='ocr_line' id='line_1_100' title="bbox 742 5574 1869 5642; baseline -0.001 -12"><span class='ocrx_word' id='word_1_782' title='bbox 742 5576 788 5607; x_wconf 78' lang='lat'>“</span> <span class='ocrx_word' id='word_1_783' title='bbox 820 5574 981 5631; x_wconf 79' lang='lat' dir='ltr'><strong><em>Joan.</em></strong></span> <span class='ocrx_word' id='word_1_784' title='bbox 1018 5594 1099 5642; x_wconf 91' lang='grc' dir='ltr'>ιιι,</span> <span class='ocrx_word' id='word_1_785' title='bbox 1132 5578 1213 5631; x_wconf 78' lang='grc'><strong><em>18.</em></strong></span> <span class='ocrx_word' id='word_1_786' title='bbox 1291 5579 1336 5609; x_wconf 65' lang='grc'>⁸⁵</span> <span class='ocrx_word' id='word_1_787' title='bbox 1377 5575 1394 5629; x_wconf 94' lang='lat' dir='ltr'><strong><em>l</em></strong></span> <span class='ocrx_word' id='word_1_788' title='bbox 1435 5577 1562 5632; x_wconf 87' lang='lat' dir='ltr'><strong><em>Cor.</em></strong></span> <span class='ocrx_word' id='word_1_789' title='bbox 1597 5594 1697 5641; x_wconf 80' lang='lat' dir='ltr'><strong><em>xu,</em></strong></span> <span class='ocrx_word' id='word_1_790' title='bbox 1731 5578 1785 5641; x_wconf 89' lang='lat'><strong><em>8,</em></strong></span> <span class='ocrx_word' id='word_1_791' title='bbox 1818 5576 1869 5632; x_wconf 87' lang='lat'><strong><em>9.</em></strong></span> 
     </span>
    </p>
   </div>
   <div class='ocr_carea' id='block_1_101' title="bbox 674 5712 2247 5784">
    <p class='ocr_par' dir='ltr' id='par_1_101' title="bbox 674 5712 2247 5784">
     <span class='ocr_line' id='line_1_101' title="bbox 674 5712 2247 5784; baseline -0.003 -15"><span class='ocrx_word' id='word_1_792' title='bbox 674 5715 1007 5784; x_wconf 70' lang='lat' dir='ltr'><strong><em>festinamus,</em></strong></span> <span class='ocrx_word' id='word_1_793' title='bbox 1042 5712 1263 5765; x_wconf 80' lang='lat' dir='ltr'><strong><em>dedecus</em></strong></span> <span class='ocrx_word' id='word_1_794' title='bbox 1315 5714 1561 5765; x_wconf 67' lang='lat' dir='ltr'><strong><em>erstiucti</em></strong></span> <span class='ocrx_word' id='word_1_795' title='bbox 1614 5723 1933 5784; x_wconf 74' lang='lat' dir='ltr'><strong><em>reputantes,</em></strong></span> <span class='ocrx_word' id='word_1_796' title='bbox 1969 5714 2015 5767; x_wconf 82' lang='lat' dir='ltr'><strong><em>si</em></strong></span> <span class='ocrx_word' id='word_1_797' title='bbox 2070 5713 2132 5765; x_wconf 84' lang='lat' dir='ltr'><strong><em>ab</em></strong></span> <span class='ocrx_word' id='word_1_798' title='bbox 2185 5714 2247 5765; x_wconf 85' lang='lat' dir='ltr'><strong><em>iis</em></strong></span> 
     </span>
    </p>
   </div>
   <div class='ocr_carea' id='block_1_102' title="bbox 672 5783 2249 5863">
    <p class='ocr_par' dir='ltr' id='par_1_102' title="bbox 672 5783 2249 5863">
     <span class='ocr_line' id='line_1_102' title="bbox 672 5783 2249 5863; baseline -0.001 -27"><span class='ocrx_word' id='word_1_799' title='bbox 672 5783 761 5853; x_wconf 73' lang='lat' dir='ltr'><strong><em>qui</em></strong></span> <span class='ocrx_word' id='word_1_800' title='bbox 795 5784 964 5837; x_wconf 73' lang='lat' dir='ltr'><strong><em>adhuc</em></strong></span> <span class='ocrx_word' id='word_1_801' title='bbox 1012 5784 1185 5837; x_wconf 77' lang='lat' dir='ltr'><strong><em>vivum</em></strong></span> <span class='ocrx_word' id='word_1_802' title='bbox 1237 5784 1570 5861; x_wconf 59' lang='lat' dir='ltr'><strong><em>fastidiatur.</em></strong></span> <span class='ocrx_word' id='word_1_803' title='bbox 1618 5783 1759 5836; x_wconf 64' lang='lat' dir='ltr'><strong><em>Nam</em></strong></span> <span class='ocrx_word' id='word_1_804' title='bbox 1806 5786 1963 5852; x_wconf 81' lang='lat' dir='ltr'><strong><em>pudet</em></strong></span> <span class='ocrx_word' id='word_1_805' title='bbox 1994 5784 2249 5863; x_wconf 69' lang='lat' dir='ltr'><strong><em>quodam-</em></strong></span> 
     </span>
    </p>
   </div>
   <div class='ocr_carea' id='block_1_103' title="bbox 680 5856 2243 5925">
    <p class='ocr_par' dir='ltr' id='par_1_103' title="bbox 680 5856 2243 5925">
     <span class='ocr_line' id='line_1_103' title="bbox 680 5856 2243 5925; baseline 0.001 -19"><span class='ocrx_word' id='word_1_806' title='bbox 680 5856 831 5908; x_wconf 83' lang='lat' dir='ltr'><strong><em>modo</em></strong></span> <span class='ocrx_word' id='word_1_807' title='bbox 872 5864 1121 5908; x_wconf 86' lang='lat' dir='ltr'><strong><em>naturam</em></strong></span> <span class='ocrx_word' id='word_1_808' title='bbox 1179 5856 1475 5923; x_wconf 74' lang='lat' dir='ltr'><strong><em>passionem</em></strong></span> <span class='ocrx_word' id='word_1_809' title='bbox 1512 5867 1701 5925; x_wconf 66' lang='grc' dir='ltr'>μηνίει·</span> <span class='ocrx_word' id='word_1_810' title='bbox 1744 5867 1988 5909; x_wconf 82' lang='lat' dir='ltr'><strong><em>naturam</em></strong></span> <span class='ocrx_word' id='word_1_811' title='bbox 2027 5856 2243 5925; x_wconf 62' lang='lat' dir='ltr'><strong><em>perpeti.</em></strong></span> 
     </span>
    </p>
   </div>
   <div class='ocr_carea' id='block_1_104' title="bbox 2357 4770 3947 4845">
    <p class='ocr_par' dir='ltr' id='par_1_104' title="bbox 2357 4770 3947 4845">
     <span class='ocr_line' id='line_1_104' title="bbox 2357 4770 3947 4845; baseline -0.004 -18"><span class='ocrx_word' id='word_1_812' title='bbox 2357 4774 2573 4845; x_wconf 85' lang='grc' dir='ltr'>θρώπου</span> <span class='ocrx_word' id='word_1_813' title='bbox 2606 4776 2765 4845; x_wconf 77' lang='grc' dir='ltr'>φύσιν</span> <span class='ocrx_word' id='word_1_814' title='bbox 2801 4776 2879 4838; x_wconf 83' lang='grc' dir='ltr'><strong><em>είς</em></strong></span> <span class='ocrx_word' id='word_1_815' title='bbox 2910 4774 3009 4845; x_wconf 82' lang='grc' dir='ltr'>τὴν</span> <span class='ocrx_word' id='word_1_816' title='bbox 3044 4774 3219 4842; x_wconf 79' lang='grc' dir='ltr'>ζωὴν,</span> <span class='ocrx_word' id='word_1_817' title='bbox 3261 4774 3360 4842; x_wconf 80' lang='grc' dir='ltr'><strong><em>τὴν</em></strong></span> <span class='ocrx_word' id='word_1_818' title='bbox 3400 4774 3479 4835; x_wconf 81' lang='grc' dir='ltr'><strong><em>εἱς</em></strong></span> <span class='ocrx_word' id='word_1_819' title='bbox 3514 4770 3720 4842; x_wconf 76' lang='grc' dir='ltr'>φθορὰν</span> <span class='ocrx_word' id='word_1_820' title='bbox 3746 4770 3947 4822; x_wconf 81' lang='grc' dir='ltr'>πεσοῦ-</span> 
     </span>
    </p>
   </div>
   <div class='ocr_carea' id='block_1_105' title="bbox 2359 4863 3946 4938">
    <p class='ocr_par' dir='ltr' id='par_1_105' title="bbox 2359 4863 3946 4938">
     <span class='ocr_line' id='line_1_105' title="bbox 2359 4863 3946 4938; baseline -0.003 -20"><span class='ocrx_word' id='word_1_821' title='bbox 2359 4884 2456 4919; x_wconf 89' lang='grc' dir='ltr'><strong><em>σαν</em></strong></span> <span class='ocrx_word' id='word_1_822' title='bbox 2486 4868 2574 4921; x_wconf 83' lang='grc' dir='ltr'>διὰ</span> <span class='ocrx_word' id='word_1_823' title='bbox 2604 4869 2702 4938; x_wconf 78' lang='grc' dir='ltr'>τῆς</span> <span class='ocrx_word' id='word_1_824' title='bbox 2725 4868 3032 4937; x_wconf 78' lang='grc' dir='ltr'>παρακοῆς,</span> <span class='ocrx_word' id='word_1_825' title='bbox 3052 4866 3315 4936; x_wconf 81' lang='grc' dir='ltr'>οὐδεμίαν</span> <span class='ocrx_word' id='word_1_826' title='bbox 3342 4865 3479 4935; x_wconf 75' lang='grc' dir='ltr'>ἔχων</span> <span class='ocrx_word' id='word_1_827' title='bbox 3518 4864 3783 4933; x_wconf 69' lang='grc' dir='ltr'>διαφοράν</span> <span class='ocrx_word' id='word_1_828' title='bbox 3806 4863 3946 4933; x_wconf 81' lang='grc' dir='ltr'>πρὸς</span> 
     </span>
    </p>
   </div>
   <div class='ocr_carea' id='block_1_106' title="bbox 2356 4955 3948 5030">
    <p class='ocr_par' dir='ltr' id='par_1_106' title="bbox 2356 4955 3948 5030">
     <span class='ocr_line' id='line_1_106' title="bbox 2356 4955 3948 5030; baseline -0.001 -19"><span class='ocrx_word' id='word_1_829' title='bbox 2356 4960 2455 5029; x_wconf 77' lang='grc' dir='ltr'><strong><em>τὴν</em></strong></span> <span class='ocrx_word' id='word_1_830' title='bbox 2493 4961 2587 5012; x_wconf 82' lang='grc' dir='ltr'><strong><em>τοῦ</em></strong></span> <span class='ocrx_word' id='word_1_831' title='bbox 2619 4960 2831 5030; x_wconf 85' lang='grc' dir='ltr'>Πατρὸς</span> <span class='ocrx_word' id='word_1_832' title='bbox 2860 4960 3194 5029; x_wconf 82' lang='grc' dir='ltr'>ἀγαθότητα.</span> <span class='ocrx_word' id='word_1_833' title='bbox 3231 4960 3444 5028; x_wconf 84' lang='grc' dir='ltr'>Ὥσπερ</span> <span class='ocrx_word' id='word_1_834' title='bbox 3466 4957 3523 5009; x_wconf 80' lang='grc' dir='ltr'>δὲ</span> <span class='ocrx_word' id='word_1_835' title='bbox 3548 4956 3642 5010; x_wconf 76' lang='grc' dir='ltr'><strong><em>καὶ</em></strong></span> <span class='ocrx_word' id='word_1_836' title='bbox 3673 4958 3834 5026; x_wconf 81' lang='grc' dir='ltr'>ἡμεῖς</span> <span class='ocrx_word' id='word_1_837' title='bbox 3856 4955 3948 5009; x_wconf 74' lang='grc' dir='ltr'><strong><em>διὰ</em></strong></span> 
     </span>
    </p>
   </div>
   <div class='ocr_carea' id='block_1_107' title="bbox 2354 5047 3945 5121">
    <p class='ocr_par' dir='ltr' id='par_1_107' title="bbox 2354 5047 3945 5121">
     <span class='ocr_line' id='line_1_107' title="bbox 2354 5047 3945 5121; baseline -0.003 -20"><span class='ocrx_word' id='word_1_838' title='bbox 2354 5050 2463 5101; x_wconf 90' lang='grc' dir='ltr'><strong><em>τῶν</em></strong></span> <span class='ocrx_word' id='word_1_839' title='bbox 2493 5049 2708 5102; x_wconf 74' lang='grc' dir='ltr'>οἰκείων</span> <span class='ocrx_word' id='word_1_840' title='bbox 2738 5050 3013 5121; x_wconf 83' lang='grc' dir='ltr'>λογισμῶν</span> <span class='ocrx_word' id='word_1_841' title='bbox 3050 5048 3459 5118; x_wconf 86' lang='grc' dir='ltr'>ἀναπειθόμεθα</span> <span class='ocrx_word' id='word_1_842' title='bbox 3482 5050 3561 5111; x_wconf 83' lang='grc' dir='ltr'><strong><em>εἰς</em></strong></span> <span class='ocrx_word' id='word_1_843' title='bbox 3596 5049 3650 5100; x_wconf 83' lang='grc' dir='ltr'><strong><em>τὸ</em></strong></span> <span class='ocrx_word' id='word_1_844' title='bbox 3678 5047 3751 5117; x_wconf 80' lang='grc' dir='ltr'>μὴ</span> <span class='ocrx_word' id='word_1_845' title='bbox 3787 5047 3945 5115; x_wconf 79' lang='grc' dir='ltr'>ποιῆ-</span> 
     </span>
    </p>
   </div>
   <div class='ocr_carea' id='block_1_108' title="bbox 2358 5140 3946 5215">
    <p class='ocr_par' dir='ltr' id='par_1_108' title="bbox 2358 5140 3946 5215">
     <span class='ocr_line' id='line_1_108' title="bbox 2358 5140 3946 5215; baseline -0.003 -19"><span class='ocrx_word' id='word_1_846' title='bbox 2358 5162 2447 5196; x_wconf 85' lang='grc' dir='ltr'><strong><em>σαι</em></strong></span> <span class='ocrx_word' id='word_1_847' title='bbox 2479 5143 2538 5196; x_wconf 75' lang='grc' dir='ltr'>τὸ</span> <span class='ocrx_word' id='word_1_848' title='bbox 2570 5143 2795 5213; x_wconf 80' lang='grc' dir='ltr'>δοκηθὲν</span> <span class='ocrx_word' id='word_1_849' title='bbox 2816 5185 2829 5209; x_wconf 89' lang='grc'><strong><em>,</em></strong></span> <span class='ocrx_word' id='word_1_850' title='bbox 2879 5144 3021 5197; x_wconf 70' lang='grc' dir='ltr'>οὕτω</span> <span class='ocrx_word' id='word_1_851' title='bbox 3056 5144 3149 5198; x_wconf 72' lang='grc' dir='ltr'>καὶ</span> <span class='ocrx_word' id='word_1_852' title='bbox 3192 5146 3220 5197; x_wconf 88' lang='lat'><strong><em>6</em></strong></span> <span class='ocrx_word' id='word_1_853' title='bbox 3252 5142 3453 5215; x_wconf 79' lang='grc' dir='ltr'>Κύριος</span> <span class='ocrx_word' id='word_1_854' title='bbox 3484 5184 3497 5206; x_wconf 93' lang='grc'><strong><em>,</em></strong></span> <span class='ocrx_word' id='word_1_855' title='bbox 3525 5142 3695 5209; x_wconf 85' lang='grc' dir='ltr'>Λόγος</span> <span class='ocrx_word' id='word_1_856' title='bbox 3739 5140 3815 5192; x_wconf 83' lang='grc' dir='ltr'>ὣν</span> <span class='ocrx_word' id='word_1_857' title='bbox 3848 5142 3946 5191; x_wconf 77' lang='grc' dir='ltr'>καὶ</span> 
     </span>
    </p>
   </div>
   <div class='ocr_carea' id='block_1_109' title="bbox 2359 5233 3941 5307">
    <p class='ocr_par' dir='ltr' id='par_1_109' title="bbox 2359 5233 3941 5307">
     <span class='ocr_line' id='line_1_109' title="bbox 2359 5233 3941 5307; baseline -0.001 -19"><span class='ocrx_word' id='word_1_858' title='bbox 2359 5236 2520 5306; x_wconf 82' lang='grc' dir='ltr'>βουλὴ</span> <span class='ocrx_word' id='word_1_859' title='bbox 2554 5236 2646 5288; x_wconf 89' lang='grc' dir='ltr'><strong><em>τοῦ</em></strong></span> <span class='ocrx_word' id='word_1_860' title='bbox 2679 5237 2914 5307; x_wconf 78' lang='grc' dir='ltr'>Πατρὸς,</span> <span class='ocrx_word' id='word_1_861' title='bbox 2947 5238 3098 5304; x_wconf 74' lang='grc' dir='ltr'>φίλον</span> <span class='ocrx_word' id='word_1_862' title='bbox 3133 5238 3263 5307; x_wconf 76' lang='grc' dir='ltr'>ἡμῖν</span> <span class='ocrx_word' id='word_1_863' title='bbox 3292 5236 3560 5305; x_wconf 79' lang='grc' dir='ltr'>πεποίηκε</span> <span class='ocrx_word' id='word_1_864' title='bbox 3585 5234 3673 5285; x_wconf 81' lang='grc' dir='ltr'><strong><em>τὸν</em></strong></span> <span class='ocrx_word' id='word_1_865' title='bbox 3695 5233 3941 5301; x_wconf 84' lang='grc' dir='ltr'>Πατέρα.</span> 
     </span>
    </p>
   </div>
   <div class='ocr_carea' id='block_1_110' title="bbox 2358 5322 3943 5399">
    <p class='ocr_par' dir='ltr' id='par_1_110' title="bbox 2358 5322 3943 5399">
     <span class='ocr_line' id='line_1_110' title="bbox 2358 5322 3943 5399; baseline -0.004 -20"><span class='ocrx_word' id='word_1_866' title='bbox 2358 5328 2467 5379; x_wconf 64' lang='grc' dir='ltr'>Καὶ</span> <span class='ocrx_word' id='word_1_867' title='bbox 2502 5327 2562 5379; x_wconf 81' lang='grc' dir='ltr'><strong><em>οὐ</em></strong></span> <span class='ocrx_word' id='word_1_868' title='bbox 2606 5328 2778 5398; x_wconf 82' lang='grc' dir='ltr'>δήπου</span> <span class='ocrx_word' id='word_1_869' title='bbox 2825 5328 3004 5399; x_wconf 79' lang='grc' dir='ltr'>φαμὲν</span> <span class='ocrx_word' id='word_1_870' title='bbox 3040 5330 3121 5381; x_wconf 82' lang='grc' dir='ltr'><strong><em>ὅτι</em></strong></span> <span class='ocrx_word' id='word_1_871' title='bbox 3171 5329 3451 5398; x_wconf 79' lang='grc' dir='ltr'>ὀργίζεται</span> <span class='ocrx_word' id='word_1_872' title='bbox 3501 5326 3560 5378; x_wconf 77' lang='grc' dir='ltr'>τὸ</span> <span class='ocrx_word' id='word_1_873' title='bbox 3585 5325 3761 5386; x_wconf 76' lang='grc' dir='ltr'>Θεῖον,</span> <span class='ocrx_word' id='word_1_874' title='bbox 3826 5322 3943 5375; x_wconf 82' lang='grc' dir='ltr'>ἀλλ’</span> 
     </span>
    </p>
   </div>
   <div class='ocr_carea' id='block_1_111' title="bbox 2362 5415 3940 5491">
    <p class='ocr_par' dir='ltr' id='par_1_111' title="bbox 2362 5415 3940 5491">
     <span class='ocr_line' id='line_1_111' title="bbox 2362 5415 3940 5491; baseline -0.004 -19"><span class='ocrx_word' id='word_1_875' title='bbox 2362 5421 2441 5473; x_wconf 82' lang='grc' dir='ltr'><strong><em>ὅτι</em></strong></span> <span class='ocrx_word' id='word_1_876' title='bbox 2473 5420 2678 5483; x_wconf 84' lang='grc' dir='ltr'>δίκαιος</span> <span class='ocrx_word' id='word_1_877' title='bbox 2720 5420 2793 5473; x_wconf 79' lang='grc' dir='ltr'>ὢν</span> <span class='ocrx_word' id='word_1_878' title='bbox 2827 5422 2923 5475; x_wconf 66' lang='grc' dir='ltr'><strong><em>καὶ</em></strong></span> <span class='ocrx_word' id='word_1_879' title='bbox 2972 5420 3210 5489; x_wconf 74' lang='grc' dir='ltr'>ἀγαθὸς,</span> <span class='ocrx_word' id='word_1_880' title='bbox 3266 5418 3371 5473; x_wconf 74' lang='grc' dir='ltr'>οἶδε</span> <span class='ocrx_word' id='word_1_881' title='bbox 3402 5419 3490 5473; x_wconf 75' lang='grc' dir='ltr'><strong><em>τὸν</em></strong></span> <span class='ocrx_word' id='word_1_882' title='bbox 3532 5421 3598 5489; x_wconf 78' lang='grc' dir='ltr'>τῇ</span> <span class='ocrx_word' id='word_1_883' title='bbox 3624 5415 3940 5491; x_wconf 75' lang='grc' dir='ltr'>ἐπιτιμήσει</span> 
     </span>
    </p>
   </div>
   <div class='ocr_carea' id='block_1_112' title="bbox 1949 5575 2468 5639">
    <p class='ocr_par' dir='ltr' id='par_1_112' title="bbox 1949 5575 2468 5639">
     <span class='ocr_line' id='line_1_112' title="bbox 1949 5575 2468 5639; baseline 0 -10"><span class='ocrx_word' id='word_1_884' title='bbox 1949 5577 1992 5607; x_wconf 65' lang='grc'><strong><em>⁵⁵</em></strong></span> <span class='ocrx_word' id='word_1_885' title='bbox 2031 5575 2049 5629; x_wconf 96' lang='lat' dir='ltr'><strong><em>l</em></strong></span> <span class='ocrx_word' id='word_1_886' title='bbox 2084 5576 2212 5632; x_wconf 85' lang='lat' dir='ltr'><strong><em>Cor.</em></strong></span> <span class='ocrx_word' id='word_1_887' title='bbox 2252 5591 2344 5630; x_wconf 78' lang='lat' dir='ltr'><strong><em>xm</em></strong></span> <span class='ocrx_word' id='word_1_888' title='bbox 2370 5618 2382 5639; x_wconf 93' lang='lat'><strong><em>,</em></strong></span> <span class='ocrx_word' id='word_1_889' title='bbox 2414 5577 2468 5629; x_wconf 75' lang='lat'><strong><em>‘2.</em></strong></span> 
     </span>
    </p>
   </div>
   <div class='ocr_carea' id='block_1_113' title="bbox 2362 5713 3936 5779">
    <p class='ocr_par' dir='ltr' id='par_1_113' title="bbox 2362 5713 3936 5779">
     <span class='ocr_line' id='line_1_113' title="bbox 2362 5713 3936 5779; baseline -0.003 -14"><span class='ocrx_word' id='word_1_890' title='bbox 2362 5714 2521 5765; x_wconf 83' lang='lat' dir='ltr'><strong><em>[laud</em></strong></span> <span class='ocrx_word' id='word_1_891' title='bbox 2566 5715 2705 5768; x_wconf 81' lang='lat' dir='ltr'><strong><em>enim</em></strong></span> <span class='ocrx_word' id='word_1_892' title='bbox 2762 5726 2974 5769; x_wconf 78' lang='lat' dir='ltr'><strong><em>mortem</em></strong></span> <span class='ocrx_word' id='word_1_893' title='bbox 3016 5713 3152 5766; x_wconf 78' lang='lat' dir='ltr'><strong><em>Deus</em></strong></span> <span class='ocrx_word' id='word_1_894' title='bbox 3188 5722 3404 5777; x_wconf 73' lang='lat' dir='ltr'><strong><em>t&#39;l&#39;t&#39;lll‘il,</em></strong></span> <span class='ocrx_word' id='word_1_895' title='bbox 3445 5727 3603 5779; x_wconf 77' lang='lat' dir='ltr'><strong><em>neque</em></strong></span> <span class='ocrx_word' id='word_1_896' title='bbox 3656 5713 3936 5763; x_wconf 70' lang='lat' dir='ltr'><strong><em>virentium</em></strong></span> 
     </span>
    </p>
   </div>
   <div class='ocr_carea' id='block_1_114' title="bbox 2357 5786 2857 5839">
    <p class='ocr_par' dir='ltr' id='par_1_114' title="bbox 2357 5786 2857 5839">
     <span class='ocr_line' id='line_1_114' title="bbox 2357 5786 2857 5839; baseline -0.002 -1"><span class='ocrx_word' id='word_1_897' title='bbox 2357 5786 2517 5839; x_wconf 70' lang='lat' dir='ltr'><strong><em>exilio</em></strong></span> <span class='ocrx_word' id='word_1_898' title='bbox 2552 5786 2857 5839; x_wconf 63' lang='lat' dir='ltr'><strong><em>deleantur.</em></strong></span> 
     </span>
    </p>
   </div>
  </div>
