4144 6498
261 432 320 488 6|
1112 432 1180 488 IN
1212 432 1549 488 JOANNEM.
1586 464 1654 472 -—
1688 432 1816 488 LIB.
1842 433 2040 489 VIIE'I‘
2065 436 2176 492 VIII
2207 439 2649 494 FRAGMENTA.
3443 441 3514 496 62

258 546 540 619 πρέποντα
568 546 784 618 καιρὸν,
837 545 929 599 καὶ
974 544 1062 599 τὸν
1097 548 1161 616 τῇ
1195 545 1399 599 ἀνέσει.
1452 543 1598 615 Πλὴν
1625 546 1845 616 εύχαρι-
1872 553 1894 607 Α

1879 551 2145 613 Abonus,
2201 553 2351 605 novit
2410 551 2768 622 increpatioui
2831 560 3044 621 tempus
3100 567 3404 623 congruum
3462 561 3515 608 et

259 642 377 694 στεῖ
418 641 447 694 6
478 638 716 710 Κύριος,
768 637 862 691 καὶ
898 636 1058 689 τοῦτο
1095 638 1242 690 ποιεῖ
1285 636 1421 707 πρὸς
1476 636 1842 706 ὑπογραμμὸν

1943 639 2283 696 remissioni.
2319 639 2424 696 Sed
2465 644 2610 696 enim
2639 643 2846 712 gratias
2878 643 2988 711 agit
3022 641 3313 708 Dominus,
3356 642 3515 718 idque

258 731 445 803 ἡμῶν,
470 731 644 801 τιμῶν
669 731 760 782 τὸν
790 729 1031 801 Πατέρα.
1051 729 1223 783 Ὅταν
1253 728 1310 781 δὲ
1337 729 1364 780 ὁ
1391 727 1503 789 ῐσος
1523 727 1600 797 τῷ
1629 727 1728 798 ίσῳ
1751 729 1841 780 εύ-

1944 730 2010 784 ad
2046 731 2451 787 institutionem
2498 743 2740 788 nostram
2781 735 2931 799 facit,
2967 732 3179 788 Patrem
3215 733 3513 789 honoraris.

258 822 585 894 χαριστῇ,ού
608 823 754 875 ποιεῖ
772 821 990 882 πάντως
1017 820 1175 874 τοῦτο
1194 821 1292 890 τῆς
1313 819 1500 881 οὐσίας
1525 818 1838 871 ἐλάττωσιν.

1943 820 2078 875 Cum
2123 836 2253 876 vero
2303 838 2400 892 par
2449 824 2566 892 pari
2602 827 2809 894 gratias
2859 825 2994 894 agit,
3030 839 3261 894 prorsus
3308 823 3513 877 nullam

257 904 424 965 Δι’ὧν
446 912 502 964 δὲ
521 911 966 982 ἐπισημαίνεται,
983 909 1065 962 ὅτι
1083 909 1179 968 Διά
1200 909 1289 960 τὸν
1312 908 1466 978 ὄχλον
1482 907 1653 960 ταῦτα
1674 907 1839 975 λέγω,

1943 912 2197 966 essentne
2243 911 2662 968 diminutionem
2715 915 2818 969 hoc
2865 913 3114 969 includit.
3160 912 3298 979 Quid
3350 913 3516 983 igitur

262 1003 542 1074 μονονουχί
571 1019 766 1073 φησιν,
797 1003 878 1055 ὅτι
917 999 1375 1071 Προσπεποίημαι
1406 998 1506 1068 τῆς
1529 998 1844 1070 προσευχῆς

1946 1003 2181 1058 indicat?
2205 1004 2348 1074 quod
2383 1013 2602 1074 propter
2631 1006 2849 1060 turbam
2897 1006 3013 1061 haec
3039 1006 3208 1070 dicat,
3233 1004 3516 1072 fermeque

235 1093 320 1170 ,τὸ
341 1094 542 1164 σχῆμα,
579 1094 674 1145 καὶ
699 1091 1060 1162 οἰκονομικῶς
1079 1085 1229 1143 εἶπον
1252 1090 1618 1161 εὐχαριστεῖν.
1656 1089 1841 1161 ᾝδειν

1912 1095 2053 1148 ait:
2088 1092 2350 1148 Simulavi
2392 1095 2722 1164 precationis
2771 1098 3035 1166 speciem,
3078 1104 3132 1152 et
3177 1096 3517 1150 oeconomica

259 1183 367 1255 γὰρ
395 1185 475 1238 ὃτι
503 1183 734 1238 πάντοτέ
768 1201 868 1254 μου
895 1181 1131 1246 ἀκούεις.
1157 1181 1229 1234 υύ
1263 1180 1370 1251 γάρ
1402 1183 1520 1234 ὲστι
1552 1181 1690 1251 πρὸς
1716 1183 1843 1234 ἑαυ-

1945 1193 2109 1254 atque
2147 1185 2212 1239 ad
2255 1187 2522 1241 rationem
2562 1186 2775 1242 ordinis
2806 1187 2917 1242 dixi
2968 1204 3053 1242 me
3087 1189 3290 1258 gratias
3333 1201 3511 1256 agere.

261 1275 356 1343 τὴν
384 1274 614 1346 ἀπειθὴς
650 1276 684 1344 ἡ
725 1274 822 1345 μία
846 1273 946 1343 τῆς
980 1272 1230 1342 θεότητος
1259 1272 1453 1341 φύσις,
1505 1272 1734 1342 ἐπείπερ
1764 1267 1843 1335 εἷς

1947 1276 2196 1331 Sciebam
2226 1277 2367 1332 enim
2399 1276 2545 1346 quod
2577 1277 2781 1347 ubique
2816 1293 2902 1332 me
2932 1279 3144 1334 audias.
3169 1278 3377 1347 Quippe
3407 1292 3511 1331 non

259 1367 410 1419 ἐστιν
439 1368 468 1421 6
494 1366 594 1436 τῆς
627 1367 859 1438 Τριάδος
885 1363 1027 1430 νοῦς,
1062 1363 1273 1433 Πατρὺς
1293 1402 1308 1426 ,
1356 1361 1487 1416 Υίοῦ
1510 1405 1526 1429 ,
1562 1363 1659 1417 καὶ
1684 1362 1846 1415 Πνεύ-

1943 1377 2026 1422 est
2073 1382 2257 1423 secum
2314 1366 2613 1431 dissidens,
2673 1382 2774 1422 nec
2836 1367 2940 1421 sibi
2999 1370 3347 1437 immorigera
3411 1383 3512 1421 una

263 1471 454 1529 ματος.
493 1456 664 1521 Εἰδὼς
696 1453 822 1518 οῦν,
854 1455 1052 1525 φησὶν,
1082 1456 1164 1508 ὅτι
1203 1454 1302 1525 μία
1330 1455 1486 1525 ἡμῶν
1516 1456 1549 1524 ἡ
1591 1453 1844 1525 βούλησις

1945 1458 2166 1512 deitatis
2214 1465 2436 1525 natura,
2465 1458 2911 1528 quandoquidem
2962 1474 3066 1512 una
3115 1469 3200 1513 est
3236 1460 3517 1514 Trinitatis

261 1534 359 1602 καὶ
381 1548 441 1602 ἓν
469 1548 529 1602 τὸ
554 1547 762 1618 θέλημα
781 1588 794 1611 ,
846 1546 932 1599 διά
963 1546 1052 1599 τὸν
1083 1545 1238 1616 ὄχλον
1261 1546 1432 1599 ταῦτα
1463 1545 1617 1617 ἔφην.
1661 1546 1844 1600 Ταῦτα

1946 1567 2121 1616 mens,
2165 1549 2343 1605 Patris
2391 1559 2445 1606 et
2490 1550 2613 1604 Filii
2661 1561 2716 1606 et
2768 1549 3007 1620 Spiritus
3061 1553 3258 1606 sancti.
3305 1549 3519 1605 Gnarus

261 1640 320 1693 δὲ
348 1643 376 1694 6
404 1639 639 1709 Χριστὸς
672 1641 818 1708 λέγει
843 1638 926 1691 διὰ
944 1639 1068 1702 τοὺς
1109 1638 1415 1704 Ἰουδαίους,
1451 1639 1529 1709 τῷ
1558 1639 1737 1710 Πατρὶί
1755 1639 1845 1692 εύ-

1945 1656 2104 1710 ergo,
2159 1641 2372 1710 inquit,
2421 1640 2568 1709 quod
2626 1656 2734 1695 una
2791 1641 2863 1696 sit
2933 1647 3184 1694 nostrum
3244 1640 3516 1704 voluntas,

263 1728 556 1799 χαριστῶν,
591 1728 792 1782 ὡσανεὶ
836 1728 901 1782 δι’
931 1726 1095 1780 αὐτοῦ
1147 1727 1386 1799 ἐνεργῶν
1419 1728 1488 1781 τὰ
1542 1728 1840 1800 θεοπρεπῆ,

1948 1747 2226 1800 unumque
2252 1731 2564 1798 consilium,
2616 1740 2839 1801 propter
2888 1731 3058 1801 689
3113 1730 3517 1784 multitudinem

264 1821 352 1872 ἵνα
397 1821 593 1891 μηκέτι
627 1819 854 1874 εῐπωσιν
897 1821 980 1874 ὅτι
1014 1821 1070 1872 ὲν
1107 1820 1438 1884 Βεελζεόοὺλ
1470 1823 1613 1873 ποιεῖ
1653 1821 1721 1872 τὰ
1751 1837 1847 1891 ση-
1881 1882 1900 1891 ᾗ

1881 1882 1915 1891 _
1946 1820 2062 1874 haec
2098 1819 2233 1874 dixi.
2269 1819 2394 1874 Haec
2421 1835 2551 1874 vero
2591 1819 2724 1872 dicit
2753 1819 3008 1873 Christus
3042 1816 3516 1888 propterJudaeos,

266 1882 427 1981 pata:
459 1882 811 1979 ἀπολογεῖται
853 1912 909 1964 δὲ
941 1911 1035 1965 καὶ
1065 1911 1154 1964 διὰ
1181 1882 1451 1983 τὸ-σχῆμα
1484 1913 1581 1981 τῆς
1611 1882 1842 1982 προσεύ-
1878 1882 1902 1936 ί

1883 1882 1920 1936 Β
1949 1912 2093 1967 Patri
2136 1912 2343 1981 gratias
2387 1927 2576 1980 agens,
2619 1921 2876 1980 tanquam
2919 1927 3013 1982 per
3065 1926 3189 1965 eum
3240 1910 3350 1965 Deo
3383 1925 3519 1963 con-

264 2006 364 2074 χῆς
385 2045 400 2068 ,
447 2002 536 2056 ἴνα
573 2004 648 2074 μὴ
684 2001 1162 2073 σκανδαλισθῶμεν
1191 2004 1379 2074 ἡμεῖς,
1427 2002 1596 2056 εἰπὼν
1624 2005 1705 2056 ὅτι
1737 2005 1840 2057 Διὰ

1949 2004 2219 2058 venientia
2254 2003 2518 2068 elliciens,
2562 2019 2629 2058 ne
2657 2003 2892 2073 amplius
2930 2002 3114 2055 dicant
3150 2001 3300 2055 illum
3341 2000 3521 2055 facere

262 2094 355 2146 τδν
377 2093 531 2164 ὄχλον
550 2093 707 2146 τοῦτο
723 2093 971 2164 ἐποίησα.
998 2093 1105 2146 Καὶ
1125 2093 1205 2158 τὸ,
1234 2111 1252 2144 ι
1274 2093 1345 2145 Σύ
1375 2110 1439 2163 με
1459 2092 1804 2157 ἀπέστειλας,
1821 2112 1838 2144 ι

1951 2095 2106 2165 signa
2154 2095 2207 2148 in
2240 2093 2524 2150 Beelzebul
2560 2114 2572 2148 :
2601 2095 2873 2148 rationem
2904 2095 3066 2148 etiam
3102 2091 3278 2147 reddit
3313 2100 3366 2144 et
3397 2106 3521 2160 pro-

263 2184 353 2239 διὰ
373 2185 470 2249 τὰς
512 2184 811 2248 Ἰουδαῖκάς
847 2185 1103 2247 ὑπονοίας
1146 2184 1329 2255 φησίν.
1384 2184 1542 2237 ’Ἥκω
1587 2183 1696 2254 γὰρ
1743 2184 1844 2236 οὐκ

1950 2202 2070 2258 pter
2092 2187 2326 2259 figuram
2365 2188 2724 2258 precationis,
2754 2204 2820 2242 ne
2857 2201 2959 2241 nos
2993 2186 3158 2240 etiam
3191 2184 3524 2238 scandalize-

264 2278 358 2331 ἀπ’
385 2277 642 2348 ἐμαυτοῦ,
668 2277 742 2340 ὡς
771 2278 820 2329 οί
853 2276 1302 2346 ψευδοπροφῆται
1328 2275 1402 2347 (l)
1426 2292 1438 2304 ‘
1487 2276 1600 2328 ἀλλ’
1628 2275 1845 2347 εύδοκία

1951 2296 2094 2343 mur,
2145 2281 2216 2335 ob
2255 2279 2665 2335 multitudinem
2712 2294 2773 2333 se
2810 2279 2912 2333 hoc
2957 2279 3154 2332 fecisse
3184 2277 3519 2347 prolocutus.

269 2372 337 2440 σῇ
379 2371 474 2422 καὶ
517 2368 733 2438 θελήσει
795 2369 1028 2438 ἐμαυτὸν
1072 2368 1345 2430 ὲκένωσα,
1399 2369 1609 2440 μορφὴν
1661 2369 1844 2422 δούλου

1950 2372 2017 2426 Ει
2050 2374 2176 2438 hoc,
2211 2391 2228 2424 ι
2270 2370 2352 2426 Τιι
2390 2388 2476 2426 me
2508 2371 2731 2433 misisti,
2769 2391 2786 2422 ι
2819 2379 3041 2440 propter
3077 2369 3388 2424 Judmorum
3435 2382 3526 2421 su-

267 2461 472 2525 λαϐὼν,
504 2462 590 2514 ἵνα
615 2461 776 2514 πάλιν
799 2459 1131 2532 κατορθώσω
1159 2461 1257 2530 τὴν
1299 2460 1463 2530 ζωήν.
1497 2461 1848 2530 Οἰκονομικὸς

1954 2461 2228 2529 Spiciones
2288 2463 2416 2516 ait:
2470 2460 2649 2517 Venio
2698 2462 2842 2516 enim
2890 2476 2998 2515 non
3055 2475 3085 2513 a
3177 2460 3406 2528 meipso,
3467 2465 3525 2510 ut

269 2548 364 2607 οῦν
397 2553 496 2622 τῆς
536 2552 846 2623 προσευχῆς
886 2555 914 2606 ὁ
953 2553 1172 2623 τρόπος,
1211 2552 1307 2604 καὶ
1341 2553 1578 2622 σχήματι
1626 2551 1849 2623 πρέπων

1953 2552 2470 2622 pseudoprophetaa,
2523 2553 2617 2608 sed
2671 2553 2912 2606 lubentia
2979 2559 3071 2605 tua
3125 2559 3180 2605 et
3243 2550 3527 2602 voluntate

268 2643 348 2715 τῷ
380 2645 518 2714 μετά
557 2645 758 2715 σαρκὸς
778 2683 793 2707 ,
820 2644 938 2713 οὐχὶ
967 2647 1031 2715 τῇ
1060 2645 1159 2713 τῆς
1193 2644 1445 2713 θεότητος
1473 2644 1575 2696 ύπε
1587 2646 1715 2715 ροχῇ
1758 2643 1850 2697 καὶ

1947 2643 2216 2712 meipsum
2264 2643 2584 2706 exinanivi,
2635 2642 2865 2697 formam
2921 2643 3065 2697 servi
3119 2641 3396 2709 accipiens
3443 2638 3525 2700 “,

271 2736 590 2806 ἀσυγκρίτῳ
628 2735 993 2806 λαμπρότητι.
1031 2735 1103 2786 Τὸ
1147 2735 1254 2804 γὰρ
1301 2734 1437 2796 ὅλως
1488 2735 1706 2804 αἰτῆσαι
1758 2736 1852 2789 καὶ

1948 2747 2007 2790 ιιι
2051 2736 2118 2790 de
2171 2736 2382 2804 integro
2432 2734 2637 2803 erigam
2687 2741 2742 2788 et
2789 2734 3090 2788 instaurem
3143 2733 3330 2785 vitam.
3361 2728 3533 2799 Igitur

268 2825 453 2879 λαϐεῖν
477 2865 491 2890 ,
536 2825 900 2895 δουλοπρεπὲς
933 2824 998 2877 ἂν
1041 2824 1125 2895 εἴη
1166 2823 1366 2894 μᾶλλον
1391 2865 1405 2887 ,
1465 2825 1560 2877 καὶ
1595 2823 1671 2892 τῷ
1703 2823 1851 2892 βασι-

1947 2835 2099 2881 reete
2129 2834 2182 2880 et
2203 2827 2396 2880 ordine
2418 2827 2702 2881 institutus
2736 2834 2820 2881 est
2848 2825 3181 2895 precationis
3214 2822 3434 2885 modus,
3467 2829 3524 2874 et

268 2916 543 2988 λευομένῳ
570 2915 1000 2986 κατειθισμένον.
1031 2917 1230 2986 Δράσει
1265 2933 1329 2984 γε
1362 2913 1467 2986 μὴν
1498 2915 1852 2984 ἀνεγκλήτως

1951 2919 2161 2974 habitui
2211 2920 2264 2972 in
2303 2933 2469 2973 carne
2521 2918 2876 2978 conveniens,
2917 2931 3026 2971 non
3075 2916 3295 2970 deitatis
3350 2913 3529 2968 excel-

269 3010 362 3062 καὶ
392 3007 548 3062 τοῦτο
580 3009 813 3079 Χριστός
833 3024 847 3037 ’
876 3009 904 3062 6
933 3009 1043 3080 γὰρ
1071 3007 1356 3077 ἄνθρωπος
1383 3006 1637 3074 γενέσθαι
1672 3022 1841 3060 κατα·

1952 3012 2136 3066 lentia:
2183 3019 2236 3064 et
2286 3010 2703 3079 incomparabili
2763 3007 3064 3078 splendori.
3100 3005 3337 3061 Omnino
3380 3005 3526 3058 enim

268 3101 586 3170 δεξάμενος.
619 3099 736 3162 πῶς
757 3099 822 3154 ἂν
854 3100 932 3153 έτι
970 3100 1371 3169 παραιτήσαιτο
1397 3098 1465 3151 τά
1489 3096 1804 3168 ἀνθρώπινα
1829 3115 1844 3164 ;

1954 3105 2141 3166 petere
2174 3105 2229 3150 et
2265 3098 2510 3164 accipere
2537 3097 2734 3150 servile
2765 3096 2948 3158 fuerit,
2990 3104 3042 3149 et
3073 3095 3122 3149 ei
3171 3095 3264 3164 qui
3301 3093 3530 3164 imperio

274 3192 545 3248 obnoxius
591 3193 660 3246 sit
698 3203 1045 3247 consuetum.
1094 3188 1199 3245 Sed
1247 3199 1428 3245 tamen
1465 3190 1604 3244 citra
1652 3189 2138 3259 reprehensionem
2170 3190 2274 3244 hoc
2307 3188 2470 3244 faciet
2504 3189 2764 3245 Christus
2817 3207 2830 3242 :
2899 3204 3026 3244 nam
3095 3189 3187 3260 qui
3263 3187 3505 3244 sustinui

276 3281 393 3339 ﬁeri
452 3282 647 3348 homo,
685 3280 960 3352 quomodo
1011 3295 1134 3350 qua:
1193 3280 1433 3334 humana
1493 3286 1622 3332 sunt
1690 3278 2012 3333 recusaret?

343 3375 452 3430 Kal
497 3373 683 3428 ταῦτα
725 3373 938 3437 εἰπὼν,
987 3370 1156 3441 φωνῇ
1193 3372 1426 3440 μεγάλῃ
1473 3371 1844 3440 ὲκραὺγασε·
1877 3376 1920 3433 C

1888 3376 1920 3433 Β
2027 3371 2116 3438 λι,
2151 3372 2240 3426 45,
2272 3370 2400 3424 IIwc
2433 3388 2550 3424 cum
2581 3373 2824 3436 dixisset,
2858 3388 3046 3440 magna
3081 3388 3200 3425 voce
3237 3371 3484 3424 clamarit
3509 3410 3524 3424 .

271 3465 512 3535 Λάζαρε,
547 3464 724 3532 δεῦρο
761 3463 898 3528 ἔξω.

869 3482 898 3518 ι.
1955 3461 2182 3528 Lazare,
2209 3465 2323 3516 vem’
2359 3463 2505 3532 foras

343 3558 446 3611 Τὸν
473 3555 682 3626 δυσώδη
725 3555 937 3624 νεκρὸν,
969 3555 1105 3624 μετά
1139 3554 1407 3626 τετάρτην
1451 3558 1552 3627 τῆς
1597 3557 1854 3627 τελευτῆς

2027 3553 2302 3609 Fetentem
2329 3563 2608 3608 mortuum
2634 3563 2756 3623 post
2789 3563 3044 3623 quartum
3077 3568 3108 3607 a
3132 3561 3308 3609 morte
3331 3553 3473 3609 diem
3499 3570 3530 3608 e

275 3648 522 3719 ἡμέραν,
565 3647 631 3700 ἑὲκ
661 3646 761 3715 τῆς
801 3645 976 3715 θήκης
1006 3644 1269 3716 ἐξήγαγε,
1300 3647 1395 3698 καὶ
1427 3646 1517 3698 τὸν
1544 3647 1855 3717 πεπεδημέ-

1956 3645 2211 3714 sepulcro
2277 3646 2500 3710 eduxit,
2546 3647 2902 3714 vinctumque
2941 3660 3004 3699 ac
3054 3646 3371 3715 impeditum
3413 3661 3532 3700 am-

274 3754 366 3792 νον
392 3737 486 3789 καὶ
509 3733 1015 3804 συμπεποδισμένον
1046 3733 1281 3802 βαδίζειν
1310 3734 1562 3787 ἐκέλευσε
1580 3776 1594 3798 ,
1628 3735 1723 3788 καὶ
1753 3752 1857 3789 πα-

1958 3734 2151 3788 bulare
2191 3733 2384 3802 jussit,
2418 3742 2664 3804 tuncque
2695 3743 2921 3803 repente
2954 3742 3007 3790 et
3040 3750 3187 3790 mors
3215 3735 3445 3804 aufugit,
3479 3745 3534 3792 et

282 3827 562 3900 ραχρῆμα,
603 3827 631 3880 ὅ
669 3843 730 3879 τε
770 3825 998 3889 θάνατος
1033 3825 1429 3896 έδραπέτευσε,
1473 3827 1567 3878 καὶ
1610 3827 1638 3878 ὁ
1666 3827 1856 3898 νεκρὸς

1957 3837 2208 3880 mortuus
2260 3839 2289 3877 a
2333 3825 2623 3894 putredine
2673 3825 2942 3880 liberatus
2995 3827 3266 3889 cucurrit,
3316 3827 3535 3896 abjecto

280 3918 480 3990 ἔδραμε
512 3919 609 3988 τῆς
660 3916 951 3987 σηπεδόνος
981 3917 1346 3984 ἀπαλλαγεὶς,
1401 3917 1495 3970 καὶ
1524 3917 1621 3988 τὴν
1651 3917 1856 3988 ταύτης

1957 3917 2107 3970 omni
2161 3914 2282 3984 ejus
2330 3913 2528 3980 fetore,
2560 3923 2617 3970 et
2663 3917 2838 3985 portis
2877 3918 3072 3972 mortis
3118 3917 3364 3986 elapsus,
3395 3918 3533 3972 nihil

280 4008 615 4078 ἀποθέμενος
660 4007 959 4070 δυσωδίαν,
1008 4007 1104 4060 καὶ
1147 4007 1247 4071 τὰς
1286 4007 1381 4060 τοῦ
1425 4008 1654 4062 θανάτου
1683 4008 1858 4073 πύλας

1960 4007 2192 4062 vinculis
2216 4008 2334 4062 suis
2374 4023 2599 4063 currere
2635 4009 2971 4078 prohibitus.
2999 4009 3063 4062 Et
3091 4009 3276 4064 vultus
3307 4009 3532 4079 quidem

279 4099 582 4170 διαφυγὼν,
633 4099 728 4153 καὶ
764 4098 870 4151 ὑπὸ
895 4099 1005 4152 τῶν
1030 4099 1242 4170 δεσμῶν
1266 4101 1326 4152 οὐ
1367 4098 1706 4171 κωλυόμενος
1733 4101 1858 4170 τρέ-

1957 4099 2266 4153 velamento
2297 4097 2518 4154 videndi
2569 4115 2670 4154 usu
2710 4101 2976 4168 privatus,
3014 4101 3168 4154 nullo
3217 4109 3395 4155 tamen
3431 4101 3533 4153 im-

281 4209 416 4263 χειν,
446 4192 540 4246 καὶ
567 4191 646 4263 τῷ
675 4193 773 4262 μὲν
804 4191 1118 4263 καλύμματι
1166 4190 1258 4245 τοῦ
1294 4192 1584 4261 προσώπου
1608 4231 1621 4252 .
1651 4193 1711 4245 τὸ
1747 4191 1859 4262 βλέ-

1961 4189 2294 4254 pedimento,
2360 4191 2662 4259 quominus
2698 4191 2763 4244 ad
2799 4207 2923 4247 eum
2964 4193 3055 4262 qui
3091 4200 3381 4247 vocaverat
3408 4208 3532 4245 cur-

281 4300 405 4336 πειν
428 4281 812 4355 ἀφῃρημένος,
854 4282 1145 4347 ἀκωλύτως
1177 4283 1232 4335 δὲ
1265 4283 1400 4356 πρὸς
1432 4284 1522 4336 τὸν
1556 4283 1858 4337 καλέσαντα

1960 4289 2125 4346 reret,
2157 4281 2491 4349 retardatus,
2518 4297 2824 4352 agnoscens
2855 4284 3061 4338 Domini
3091 4299 3308 4338 vocem.
3340 4283 3537 4338 Sermo

281 4375 511 4445 τρέχων,
561 4374 658 4428 καὶ
707 4374 804 4444 τὴν
842 4376 1176 4445 Δεσποτικὴν
1229 4374 1604 4443 ἐπιγινώσκων
1653 4377 1855 4447 φωνήν.

1959 4373 2107 4427 enim
2141 4371 2251 4427 Deo
2282 4373 2504 4443 dignus,
2525 4385 2580 4429 et
2611 4374 2828 4444 jussum
2862 4375 3067 4446 regium
3097 4374 3300 4429 habens
3327 4375 3533 4428 exitum

282 4464 606 4536 Θεοπρεπὴς
626 4463 734 4534 γὰρ
766 4465 794 4517 6
826 4465 1002 4532 λόγος,
1029 4466 1122 4518 καὶ
1161 4465 1435 4534 βασιλικὸν
1471 4465 1532 4518 τὸ
1561 4466 1856 4536 κέλευσμα,

1961 4465 2158 4520 mortis
2196 4475 2249 4521 et
2282 4467 2660 4536 corruptionis
2701 4467 3066 4529 eversionem,
3099 4475 3153 4521 ct
3197 4467 3536 4536 operationis

280 4553 438 4608 λύσιν
465 4553 584 4625 ἔχον
604 4554 856 4623 θανάτου,
891 4556 987 4609 καὶ
1015 4556 1220 4626 φθορᾶς
1251 4556 1582 4626 ἀνατροπὴν,
1603 4559 1695 4610 καὶ
1719 4558 1859 4629 ὑπὲρ

1961 4559 2174 4612 ratione
2209 4557 2436 4628 majoris
2489 4557 3051 4613 demonstrationem.
3088 4558 3225 4612 Illud
3274 4573 3404 4612 vero
3455 4558 3535 4610 uti

282 4649 441 4717 λόγον
489 4649 769 4719 ἐνεργείας
816 4649 1107 4714 ἀπόδειξιν.
1172 4649 1245 4702 Τό
1285 4666 1348 4718 γε
1400 4650 1504 4721 μὴν
1555 4651 1860 4722 διαπρυσίῳ
1894 4711 1917 4722 -

1897 4711 1931 4722 __
1963 4649 2203 4703 clamore
2245 4658 2404 4704 acuto
2441 4659 2492 4705 et
2527 4649 2841 4720 penetranti
2875 4664 3074 4703 novum
3112 4649 3318 4717 ubique
3363 4657 3417 4701 et
3449 4647 3533 4699 in-

285 4711 523 4810 χρῆσθαι
565 4711 808 4809 κραυγῇ,
849 4736 996 4803 ξένον
1016 4711 1029 4714 —
1054 4711 1331 4810 πανταχοῦ
1368 4711 1473 4794 καί.⁹
1494 4711 1759 4812 ἀσύνηθες
1782 4711 1859 4812 τῶ
1894 4711 1921 4766 ί

1903 4711 1939 4766 D
1966 4741 2150 4795 solens
2182 4739 2463 4795 Servatori
2492 4711 2734 4796 Christo.
2765 4741 2981 4796 Etenim
3015 4740 3156 4794 Deus
3191 4747 3246 4793 et
3282 4737 3446 4790 Pater
3471 4737 3539 4791 de

285 4830 501 4900 Σωτῆρι
529 4829 766 4900 Χριστῷ.
825 4830 932 4882 Καὶ
964 4829 1094 4898 γοῦν
1127 4833 1154 4884 6
1201 4831 1332 4894 Θεὸς
1380 4833 1474 4885 καὶ
1508 4833 1697 4904 Πατὴρ
1733 4835 1860 4904 περὶ

1965 4832 2062 4885 illo
2095 4833 2296 4886 alicubi
2337 4833 2412 4886 ait
2442 4852 2454 4886 :
2489 4852 2507 4884 ι
2541 4831 2662 4887 Νοιι
2700 4831 3018 4895 contendet,
3063 4845 3243 4898 neque
3270 4828 3537 4884 vocifera-

285 4920 452 4974 αὐτοῦ
500 4921 602 4974 πού
642 4937 806 4992 φησιν
833 4938 845 4951 ο
905 4939 923 4972 ι
955 4923 1066 4974 Οὐκ
1097 4922 1297 4992 ἐρίσει,
1338 4923 1458 4976 οὐδὲ
1483 4924 1810 4995 κραυγάσει,
1836 4944 1854 4976 ι

1964 4922 2115 4976 bitur
2140 4922 2208 4987 ⁸⁷,
2243 4941 2260 4973 ι
2300 4931 2355 4977 et
2414 4923 2647 4992 reliqua.
2702 4923 2879 4991 Opera
2929 4921 3074 4974 enim
3131 4934 3272 4974 verae
3315 4919 3537 4974 deitatis

289 5013 385 5066 καὶ
413 5010 479 5064 τά
509 5011 655 5080 ἑξῆς.
703 5011 965 5082 ’Λψοφητὶ
992 5011 1097 5082 γὰρ
1133 5013 1225 5065 καὶ
1253 5012 1480 5084 θορύϐου
1505 5013 1624 5084 δίχα
1663 5015 1861 5078 παντὸς

1965 5013 2085 5066 sine
2120 5014 2354 5082 strepitu
2401 5021 2453 5067 et
2495 5014 2744 5067 tumultu
2786 5012 2934 5065 omni
2983 5011 3160 5066 fiunt:
3199 5011 3313 5066 haec
3353 5019 3535 5066 autem

289 5100 358 5154 τὰ
383 5101 484 5169 τῆς
505 5100 737 5172 ἀληθοῦς
760 5101 1010 5171 θεότητος
1032 5101 1167 5172 ἔργα
1187 5120 1200 5132 ο
1221 5103 1389 5156 ταῦτα
1417 5103 1472 5155 δὲ
1503 5104 1571 5156 τὰ
1609 5105 1706 5171 τῆς
1729 5105 1859 5175 ἁλη-

1965 5120 2094 5159 vera
2124 5105 2345 5160 deitatis
2377 5114 2532 5159 erant
2572 5106 2626 5159 in
2657 5105 2881 5159 Christo
2910 5123 2922 5159 :
2947 5107 3147 5176 quippe
3172 5103 3311 5158 Deus
3337 5105 3401 5158 de
3429 5103 3539 5158 Deo

290 5192 417 5256 θοῦς
441 5189 508 5264 ῆν
547 5193 605 5245 ὲν
640 5192 860 5263 Χριστῷ
885 5210 900 5225 ο
948 5193 1080 5256 Θεὸς
1129 5193 1235 5263 γὰρ
1262 5197 1323 5247 ἐκ
1349 5195 1483 5247 Θεοῦ
1526 5195 1664 5248 κατὰ
1700 5195 1860 5265 φύσιν

1968 5196 2273 5252 secundum
2317 5204 2571 5250 naturam
2609 5204 2693 5251 est
2745 5212 2810 5252 ac
2842 5212 3026 5252 verus.
3067 5196 3209 5262 Quid
3256 5196 3424 5266 igitur
3457 5195 3539 5249 di-

291 5282 410 5334 ὲστὶ
441 5284 533 5335 καὶ
563 5283 835 5352 ἀληθινός.
894 5282 958 5334 Τί
987 5279 1080 5335 οὖν
1123 5284 1229 5353 ἄρα
1261 5285 1443 5354 φαμὲν
1463 5324 1476 5344 ,
1507 5286 1630 5337 ὅταν
1664 5285 1860 5356 ἴδωμεν

1969 5304 2182 5354 cemus,
2227 5305 2349 5344 cum
2385 5288 2675 5344 videamus
2728 5304 2851 5343 eum
2892 5289 2965 5342 ita
3008 5296 3207 5360 praeter
3239 5297 3537 5342 consuetu-

291 5372 580 5443 ἀσυνήθως
619 5373 1070 5444 ἀνακεκραγότα;
1121 5373 1194 5425 Ού
1223 5373 1331 5444 γὰρ
1361 5373 1528 5443 δήπου
1601 5375 1856 5446 κατοιχή-

1971 5381 2156 5436 dinem
2231 5381 2660 5437 vociferantem?
2716 5382 2825 5438 Nec
2893 5383 3039 5438 enim
3111 5381 3406 5451 quisquam
3476 5398 3540 5431 eo

294 5469 447 5519 σεται
482 5484 567 5529 τις
599 5469 678 5530 είς
713 5466 870 5520 τοῦτο
907 5467 1144 5537 μωρίας,
1191 5467 1266 5529 ὡς
1295 5466 1398 5533 ἔξω
1431 5466 1523 5521 τοῦ
1561 5468 1862 5537 πρέποντος

1974 5474 2226 5529 amentiae
2253 5473 2522 5541 deveniet,
2555 5485 2610 5530 ut
2647 5484 2844 5545 praeter
2875 5473 3133 5529 decorum
3168 5473 3369 5528 fecisse
3395 5472 3537 5526 dicat

367 5599 410 5630 δε
441 5598 676 5672 Philipp.
709 5617 783 5667 ιι,
821 5601 943 5656 6-8.
1021 5601 1064 5631 ‘7
1105 5603 1209 5656 lsa.
1247 5615 1357 5655 xui
1382 5640 1396 5666 ,
1430 5601 1484 5654 2.

372 5774 447 5841 (Ι)
475 5772 677 5914 ψ[δοιΞιιε
722 5773 1008 5852 restitutus
1056 5791 1119 5830 ex
1173 5775 1390 5831 Macarii
1433 5776 1857 5848 Chrysoccphali
1898 5786 2055 5834 tract.
2097 5777 2193 5845 16,
2241 5795 2326 5850 ap.
2370 5781 2468 5835 Mai
2510 5782 2638 5836 ibid.
2686 5779 2824 5836 Editi
2860 5780 3116 5836 omittunt
3190 5779 3349 5835 verba
3415 5777 3536 5849 ἥκω

392 5883 445 5899 ..
517 5860 939 5914 ευοοπροφηται.

304 5881 319 5898 .
348 5883 361 5897 .
392 5884 405 5899 .
433 5883 445 5896 .
475 5860 939 5914 ψευοοπροφηται.
