  <div class='ocr_page' id='page_1' title='image "/cluster/home/n/w/nwhite01/storage/ocr_20150623/74/hvd.32044019207919/039.png"; bbox 0 0 4144 6482; ppageno 0'>
   <div class='ocr_carea' id='block_1_1' title="bbox 710 370 3943 442">
    <p class='ocr_par' dir='ltr' id='par_1_1' title="bbox 710 370 3943 442">
     <span class='ocr_line' id='line_1_1' title="bbox 710 370 3943 442; baseline 0.003 -22"><span class='ocrx_word' id='word_1_1' title='bbox 710 377 782 434; x_wconf 75' lang='lat'><strong>03</strong></span> <span class='ocrx_word' id='word_1_2' title='bbox 1723 370 1781 427; x_wconf 90' lang='lat' dir='ltr'><strong>S.</strong></span> <span class='ocrx_word' id='word_1_3' title='bbox 1808 370 2086 427; x_wconf 73' lang='lat' dir='ltr'><strong>CYBILLI</strong></span> <span class='ocrx_word' id='word_1_4' title='bbox 2137 371 2606 427; x_wconf 75' lang='lat' dir='ltr'><strong>ALEXANDBINI</strong></span> <span class='ocrx_word' id='word_1_5' title='bbox 2635 371 2952 427; x_wconf 74' lang='lat' dir='ltr'><strong>ARCHIEP.</strong></span> <span class='ocrx_word' id='word_1_6' title='bbox 3864 388 3943 442; x_wconf 58' lang='lat'><strong>6,5</strong></span> 
     </span>
    </p>
   </div>
   <div class='ocr_carea' id='block_1_2' title="bbox 703 489 2244 570">
    <p class='ocr_par' dir='ltr' id='par_1_2' title="bbox 703 489 2228 562">
     <span class='ocr_line' id='line_1_2' title="bbox 703 489 2228 562; baseline 0 -13"><span class='ocrx_word' id='word_1_7' title='bbox 703 494 862 549; x_wconf 81' lang='lat' dir='ltr'><strong>etab</strong></span> <span class='ocrx_word' id='word_1_8' title='bbox 908 490 1085 546; x_wconf 83' lang='lat' dir='ltr'><strong>ollieio</strong></span> <span class='ocrx_word' id='word_1_9' title='bbox 1127 491 1447 545; x_wconf 85' lang='lat' dir='ltr'><strong>recessisse.</strong></span> <span class='ocrx_word' id='word_1_10' title='bbox 1472 489 1754 556; x_wconf 86' lang='lat' dir='ltr'><strong>Quomodo</strong></span> <span class='ocrx_word' id='word_1_11' title='bbox 1804 492 1973 562; x_wconf 91' lang='lat' dir='ltr'><strong>igitur</strong></span> <span class='ocrx_word' id='word_1_12' title='bbox 2022 497 2128 549; x_wconf 85' lang='lat' dir='ltr'><strong>hoc</strong></span> <span class='ocrx_word' id='word_1_13' title='bbox 2171 495 2228 548; x_wconf 88' lang='lat' dir='ltr'><strong>fit</strong></span> 
     </span>
    </p>
   </div>
   <div class='ocr_carea' id='block_1_3' title="bbox 2350 489 3941 570">
    <p class='ocr_par' dir='ltr' id='par_1_3' title="bbox 2370 494 3941 570">
     <span class='ocr_line' id='line_1_3' title="bbox 2370 494 3941 570; baseline 0.005 -24"><span class='ocrx_word' id='word_1_14' title='bbox 2370 494 2505 547; x_wconf 76' lang='grc' dir='ltr'><strong>ἰέναι</strong></span> <span class='ocrx_word' id='word_1_15' title='bbox 2526 494 2585 546; x_wconf 84' lang='grc' dir='ltr'><strong>τὸ</strong></span> <span class='ocrx_word' id='word_1_16' title='bbox 2611 496 2788 563; x_wconf 73' lang='grc' dir='ltr'>λέγειν</span> <span class='ocrx_word' id='word_1_17' title='bbox 2821 498 3003 557; x_wconf 79' lang='grc' dir='ltr'>αὐτὸν,</span> <span class='ocrx_word' id='word_1_18' title='bbox 3029 498 3122 550; x_wconf 74' lang='grc' dir='ltr'>καὶ</span> <span class='ocrx_word' id='word_1_19' title='bbox 3147 499 3409 569; x_wconf 79' lang='grc' dir='ltr'><strong>ἁμαρτεῖν</strong></span> <span class='ocrx_word' id='word_1_20' title='bbox 3432 501 3524 554; x_wconf 89' lang='grc' dir='ltr'><strong>τοῦ</strong></span> <span class='ocrx_word' id='word_1_21' title='bbox 3554 503 3783 570; x_wconf 58' lang='grc' dir='ltr'>δέοντος,</span> <span class='ocrx_word' id='word_1_22' title='bbox 3812 509 3941 569; x_wconf 75' lang='grc' dir='ltr'><strong>Πῶς</strong></span> 
     </span>
    </p>
   </div>
   <div class='ocr_carea' id='block_1_4' title="bbox 698 581 2260 657">
    <p class='ocr_par' dir='ltr' id='par_1_4' title="bbox 698 581 2260 657">
     <span class='ocr_line' id='line_1_4' title="bbox 698 581 2260 657; baseline 0.004 -23"><span class='ocrx_word' id='word_1_23' title='bbox 698 583 868 657; x_wconf 73' lang='lat'><strong>690</strong></span> <span class='ocrx_word' id='word_1_24' title='bbox 899 581 1069 637; x_wconf 75' lang='lat' dir='ltr'><strong>Habet</strong></span> <span class='ocrx_word' id='word_1_25' title='bbox 1110 583 1378 636; x_wconf 88' lang='lat' dir='ltr'><strong>rationem</strong></span> <span class='ocrx_word' id='word_1_26' title='bbox 1413 581 1499 636; x_wconf 87' lang='lat' dir='ltr'><strong>bic</strong></span> <span class='ocrx_word' id='word_1_27' title='bbox 1536 582 1768 648; x_wconf 89' lang='lat' dir='ltr'><strong>clamor,</strong></span> <span class='ocrx_word' id='word_1_28' title='bbox 1801 599 1962 654; x_wconf 84' lang='lat' dir='ltr'><strong>quem</strong></span> <span class='ocrx_word' id='word_1_29' title='bbox 1999 600 2260 640; x_wconf 85' lang='lat' dir='ltr'><strong>necessa-</strong></span> 
     </span>
    </p>
   </div>
   <div class='ocr_carea' id='block_1_5' title="bbox 704 673 2260 747">
    <p class='ocr_par' dir='ltr' id='par_1_5' title="bbox 704 673 2260 747">
     <span class='ocr_line' id='line_1_5' title="bbox 704 673 2260 747; baseline 0.002 -19"><span class='ocrx_word' id='word_1_30' title='bbox 704 679 789 731; x_wconf 88' lang='lat' dir='ltr'><strong>rio</strong></span> <span class='ocrx_word' id='word_1_31' title='bbox 821 689 1155 745; x_wconf 72' lang='lat' dir='ltr'><strong>exponemus</strong></span> <span class='ocrx_word' id='word_1_32' title='bbox 1187 673 1254 727; x_wconf 92' lang='lat' dir='ltr'><strong>ad</strong></span> <span class='ocrx_word' id='word_1_33' title='bbox 1291 673 1582 728; x_wconf 90' lang='lat' dir='ltr'><strong>utilitatem</strong></span> <span class='ocrx_word' id='word_1_34' title='bbox 1613 674 1977 730; x_wconf 88' lang='lat' dir='ltr'><strong>audientium.</strong></span> <span class='ocrx_word' id='word_1_35' title='bbox 2007 676 2260 747; x_wconf 82' lang='lat' dir='ltr'><strong>Figuram</strong></span> 
     </span>
    </p>
   </div>
   <div class='ocr_carea' id='block_1_6' title="bbox 703 766 2262 837">
    <p class='ocr_par' dir='ltr' id='par_1_6' title="bbox 703 766 2262 837">
     <span class='ocr_line' id='line_1_6' title="bbox 703 766 2262 837; baseline 0.003 -18"><span class='ocrx_word' id='word_1_36' title='bbox 703 767 874 820; x_wconf 81' lang='lat' dir='ltr'><strong>veluti</strong></span> <span class='ocrx_word' id='word_1_37' title='bbox 897 767 1185 836; x_wconf 78' lang='lat' dir='ltr'><strong>quamdam</strong></span> <span class='ocrx_word' id='word_1_38' title='bbox 1207 766 1479 837; x_wconf 77' lang='lat' dir='ltr'><strong>generalis</strong></span> <span class='ocrx_word' id='word_1_39' title='bbox 1499 768 1813 820; x_wconf 78' lang='lat' dir='ltr'><strong>mortalium</strong></span> <span class='ocrx_word' id='word_1_40' title='bbox 1843 770 2262 825; x_wconf 79' lang='lat' dir='ltr'><strong>resurrectionis</strong></span> 
     </span>
    </p>
   </div>
   <div class='ocr_carea' id='block_1_7' title="bbox 700 853 2261 927">
    <p class='ocr_par' dir='ltr' id='par_1_7' title="bbox 700 853 2261 927">
     <span class='ocr_line' id='line_1_7' title="bbox 700 853 2261 927; baseline 0.001 -17"><span class='ocrx_word' id='word_1_41' title='bbox 700 856 759 910; x_wconf 94' lang='lat' dir='ltr'><strong>in</strong></span> <span class='ocrx_word' id='word_1_42' title='bbox 795 855 899 908; x_wconf 80' lang='lat' dir='ltr'><strong>hoc</strong></span> <span class='ocrx_word' id='word_1_43' title='bbox 948 856 1094 910; x_wconf 90' lang='lat' dir='ltr'><strong>circa</strong></span> <span class='ocrx_word' id='word_1_44' title='bbox 1124 853 1390 909; x_wconf 86' lang='lat' dir='ltr'><strong>Lazarum</strong></span> <span class='ocrx_word' id='word_1_45' title='bbox 1424 856 1699 911; x_wconf 89' lang='lat' dir='ltr'><strong>miraculo</strong></span> <span class='ocrx_word' id='word_1_46' title='bbox 1733 858 1903 919; x_wconf 83' lang='lat' dir='ltr'><strong>novit,</strong></span> <span class='ocrx_word' id='word_1_47' title='bbox 1926 867 1981 912; x_wconf 92' lang='lat' dir='ltr'><strong>et</strong></span> <span class='ocrx_word' id='word_1_48' title='bbox 2024 858 2171 927; x_wconf 87' lang='lat' dir='ltr'><strong>quod</strong></span> <span class='ocrx_word' id='word_1_49' title='bbox 2207 859 2261 912; x_wconf 89' lang='lat' dir='ltr'><strong>in</strong></span> 
     </span>
    </p>
   </div>
   <div class='ocr_carea' id='block_1_8' title="bbox 702 946 2261 1017">
    <p class='ocr_par' dir='ltr' id='par_1_8' title="bbox 702 946 2261 1017">
     <span class='ocr_line' id='line_1_8' title="bbox 702 946 2261 1017; baseline 0.006 -21"><span class='ocrx_word' id='word_1_50' title='bbox 702 962 810 999; x_wconf 90' lang='lat' dir='ltr'><strong>uno</strong></span> <span class='ocrx_word' id='word_1_51' title='bbox 835 946 1192 1017; x_wconf 73' lang='lat' dir='ltr'><strong>adimpletum</strong></span> <span class='ocrx_word' id='word_1_52' title='bbox 1220 956 1323 1011; x_wconf 91' lang='lat' dir='ltr'><strong>est,</strong></span> <span class='ocrx_word' id='word_1_53' title='bbox 1348 948 1624 1017; x_wconf 82' lang='lat' dir='ltr'><strong>egregiam</strong></span> <span class='ocrx_word' id='word_1_54' title='bbox 1660 950 1987 1004; x_wconf 82' lang='lat' dir='ltr'><strong>universalis</strong></span> <span class='ocrx_word' id='word_1_55' title='bbox 2010 957 2066 1003; x_wconf 92' lang='lat' dir='ltr'><strong>et</strong></span> <span class='ocrx_word' id='word_1_56' title='bbox 2094 950 2261 1005; x_wconf 87' lang='lat' dir='ltr'><strong>totius</strong></span> 
     </span>
    </p>
   </div>
   <div class='ocr_carea' id='block_1_9' title="bbox 700 1036 2258 1109">
    <p class='ocr_par' dir='ltr' id='par_1_9' title="bbox 700 1036 2258 1109">
     <span class='ocr_line' id='line_1_9' title="bbox 700 1036 2258 1109; baseline 0.002 -19"><span class='ocrx_word' id='word_1_57' title='bbox 700 1036 897 1090; x_wconf 77' lang='lat' dir='ltr'><strong>statuit</strong></span> <span class='ocrx_word' id='word_1_58' title='bbox 948 1052 1077 1092; x_wconf 87' lang='lat' dir='ltr'><strong>esse</strong></span> <span class='ocrx_word' id='word_1_59' title='bbox 1105 1037 1422 1109; x_wconf 74' lang='lat' dir='ltr'><strong>imaginem.</strong></span> <span class='ocrx_word' id='word_1_60' title='bbox 1462 1038 1751 1094; x_wconf 84' lang='lat' dir='ltr'><strong>Credimus</strong></span> <span class='ocrx_word' id='word_1_61' title='bbox 1785 1041 1932 1093; x_wconf 87' lang='lat' dir='ltr'><strong>enim</strong></span> <span class='ocrx_word' id='word_1_62' title='bbox 1967 1048 2258 1094; x_wconf 85' lang='lat' dir='ltr'><strong>venturum</strong></span> 
     </span>
    </p>
   </div>
   <div class='ocr_carea' id='block_1_10' title="bbox 698 1128 2262 1199">
    <p class='ocr_par' dir='ltr' id='par_1_10' title="bbox 698 1128 2262 1199">
     <span class='ocr_line' id='line_1_10' title="bbox 698 1128 2262 1199; baseline 0.004 -20"><span class='ocrx_word' id='word_1_63' title='bbox 698 1142 827 1183; x_wconf 36' lang='lat' dir='ltr'><strong>esse.</strong></span> <span class='ocrx_word' id='word_1_64' title='bbox 872 1128 1139 1196; x_wconf 81' lang='lat' dir='ltr'><strong>judicem,</strong></span> <span class='ocrx_word' id='word_1_65' title='bbox 1189 1137 1244 1183; x_wconf 91' lang='lat' dir='ltr'><strong>et</strong></span> <span class='ocrx_word' id='word_1_66' title='bbox 1303 1136 1562 1184; x_wconf 85' lang='lat' dir='ltr'><strong>tenemus</strong></span> <span class='ocrx_word' id='word_1_67' title='bbox 1605 1129 1845 1183; x_wconf 85' lang='lat' dir='ltr'><strong>futuram</strong></span> <span class='ocrx_word' id='word_1_68' title='bbox 1902 1132 2061 1199; x_wconf 81' lang='lat' dir='ltr'><strong>signo</strong></span> <span class='ocrx_word' id='word_1_69' title='bbox 2120 1131 2262 1185; x_wconf 83' lang='lat' dir='ltr'><strong>tubae</strong></span> 
     </span>
    </p>
   </div>
   <div class='ocr_carea' id='block_1_11' title="bbox 698 1218 2259 1287">
    <p class='ocr_par' dir='ltr' id='par_1_11' title="bbox 698 1218 2259 1287">
     <span class='ocr_line' id='line_1_11' title="bbox 698 1218 2259 1287; baseline 0.002 -16"><span class='ocrx_word' id='word_1_70' title='bbox 698 1218 1162 1283; x_wconf 85' lang='lat' dir='ltr'><strong>iuclamationem,</strong></span> <span class='ocrx_word' id='word_1_71' title='bbox 1216 1218 1375 1287; x_wconf 79' lang='lat' dir='ltr'><strong>juxta</strong></span> <span class='ocrx_word' id='word_1_72' title='bbox 1428 1219 1587 1272; x_wconf 85' lang='lat' dir='ltr'><strong>illam</strong></span> <span class='ocrx_word' id='word_1_73' title='bbox 1633 1218 1787 1273; x_wconf 91' lang='lat' dir='ltr'><strong>Pauli</strong></span> <span class='ocrx_word' id='word_1_74' title='bbox 1815 1235 2002 1273; x_wconf 80' lang='lat' dir='ltr'><strong>vocem</strong></span> <span class='ocrx_word' id='word_1_75' title='bbox 2030 1220 2095 1284; x_wconf 71' lang='grc'><strong>⁸⁸,</strong></span> <span class='ocrx_word' id='word_1_76' title='bbox 2138 1235 2259 1274; x_wconf 83' lang='lat' dir='ltr'><strong>om—</strong></span> 
     </span>
    </p>
   </div>
   <div class='ocr_carea' id='block_1_12' title="bbox 697 1308 2259 1382">
    <p class='ocr_par' dir='ltr' id='par_1_12' title="bbox 697 1308 2259 1382">
     <span class='ocr_line' id='line_1_12' title="bbox 697 1308 2259 1382; baseline 0.004 -22"><span class='ocrx_word' id='word_1_77' title='bbox 697 1310 859 1362; x_wconf 86' lang='lat' dir='ltr'><strong>nibus</strong></span> <span class='ocrx_word' id='word_1_78' title='bbox 892 1308 1094 1377; x_wconf 89' lang='lat' dir='ltr'><strong>ubique</strong></span> <span class='ocrx_word' id='word_1_79' title='bbox 1122 1320 1400 1364; x_wconf 85' lang='lat' dir='ltr'><strong>terrarum</strong></span> <span class='ocrx_word' id='word_1_80' title='bbox 1442 1309 1759 1379; x_wconf 87' lang='lat' dir='ltr'><strong>jacentibus</strong></span> <span class='ocrx_word' id='word_1_81' title='bbox 1810 1321 1869 1365; x_wconf 90' lang='lat' dir='ltr'><strong>ut</strong></span> <span class='ocrx_word' id='word_1_82' title='bbox 1900 1321 2126 1382; x_wconf 85' lang='lat' dir='ltr'><strong>surgant</strong></span> <span class='ocrx_word' id='word_1_83' title='bbox 2160 1313 2259 1366; x_wconf 88' lang='lat' dir='ltr'><strong>im-</strong></span> 
     </span>
    </p>
   </div>
   <div class='ocr_carea' id='block_1_13' title="bbox 695 1402 2259 1472">
    <p class='ocr_par' dir='ltr' id='par_1_13' title="bbox 695 1402 2259 1472">
     <span class='ocr_line' id='line_1_13' title="bbox 695 1402 2259 1472; baseline 0.004 -22"><span class='ocrx_word' id='word_1_84' title='bbox 695 1408 1277 1469; x_wconf 85' lang='lat' dir='ltr'><strong>perantem,operante</strong></span> <span class='ocrx_word' id='word_1_85' title='bbox 1300 1402 1495 1471; x_wconf 88' lang='lat' dir='ltr'><strong>utique</strong></span> <span class='ocrx_word' id='word_1_86' title='bbox 1535 1417 1650 1455; x_wconf 87' lang='lat' dir='ltr'><strong>rem</strong></span> <span class='ocrx_word' id='word_1_87' title='bbox 1676 1402 1836 1455; x_wconf 82' lang='lat' dir='ltr'><strong>istam</strong></span> <span class='ocrx_word' id='word_1_88' title='bbox 1865 1403 2127 1456; x_wconf 78' lang='lat' dir='ltr'><strong>ineffabili</strong></span> <span class='ocrx_word' id='word_1_89' title='bbox 2162 1419 2259 1472; x_wconf 90' lang='lat' dir='ltr'><strong>po-</strong></span> 
     </span>
    </p>
   </div>
   <div class='ocr_carea' id='block_1_14' title="bbox 697 1488 2260 1559">
    <p class='ocr_par' dir='ltr' id='par_1_14' title="bbox 697 1488 2260 1559">
     <span class='ocr_line' id='line_1_14' title="bbox 697 1488 2260 1559; baseline 0.003 -20"><span class='ocrx_word' id='word_1_90' title='bbox 697 1496 894 1543; x_wconf 84' lang='lat' dir='ltr'><strong>testate</strong></span> <span class='ocrx_word' id='word_1_91' title='bbox 934 1488 1051 1554; x_wconf 88' lang='lat' dir='ltr'><strong>Dei,</strong></span> <span class='ocrx_word' id='word_1_92' title='bbox 1084 1491 1173 1543; x_wconf 89' lang='lat' dir='ltr'><strong>cui</strong></span> <span class='ocrx_word' id='word_1_93' title='bbox 1204 1492 1391 1543; x_wconf 80' lang='lat' dir='ltr'><strong>omnia</strong></span> <span class='ocrx_word' id='word_1_94' title='bbox 1422 1492 1644 1545; x_wconf 88' lang='lat' dir='ltr'><strong>cedunt.</strong></span> <span class='ocrx_word' id='word_1_95' title='bbox 1678 1490 1973 1559; x_wconf 78' lang='lat' dir='ltr'><strong>Propterea</strong></span> <span class='ocrx_word' id='word_1_96' title='bbox 2022 1492 2166 1545; x_wconf 86' lang='lat' dir='ltr'><strong>enim</strong></span> <span class='ocrx_word' id='word_1_97' title='bbox 2206 1500 2260 1546; x_wconf 94' lang='lat' dir='ltr'><strong>et</strong></span> 
     </span>
    </p>
   </div>
   <div class='ocr_carea' id='block_1_15' title="bbox 695 1577 2256 1644">
    <p class='ocr_par' dir='ltr' id='par_1_15' title="bbox 695 1577 2256 1644">
     <span class='ocr_line' id='line_1_15' title="bbox 695 1577 2256 1644; baseline 0.003 -15"><span class='ocrx_word' id='word_1_98' title='bbox 695 1580 781 1629; x_wconf 77' lang='lat' dir='ltr'><strong>lex</strong></span> <span class='ocrx_word' id='word_1_99' title='bbox 836 1594 867 1630; x_wconf 89' lang='lat' dir='ltr'><strong>a</strong></span> <span class='ocrx_word' id='word_1_100' title='bbox 915 1577 1069 1633; x_wconf 84' lang='lat' dir='ltr'><strong>Mose</strong></span> <span class='ocrx_word' id='word_1_101' title='bbox 1116 1580 1261 1644; x_wconf 85' lang='lat' dir='ltr'><strong>lata,</strong></span> <span class='ocrx_word' id='word_1_102' title='bbox 1315 1595 1436 1633; x_wconf 91' lang='lat' dir='ltr'><strong>cum</strong></span> <span class='ocrx_word' id='word_1_103' title='bbox 1496 1580 1695 1633; x_wconf 88' lang='lat' dir='ltr'><strong>festum</strong></span> <span class='ocrx_word' id='word_1_104' title='bbox 1750 1579 2256 1633; x_wconf 87' lang='lat' dir='ltr'><strong>Tabcruaeulorum</strong></span> 
     </span>
    </p>
   </div>
   <div class='ocr_carea' id='block_1_16' title="bbox 694 1670 2255 1741">
    <p class='ocr_par' dir='ltr' id='par_1_16' title="bbox 694 1670 2255 1741">
     <span class='ocr_line' id='line_1_16' title="bbox 694 1670 2255 1741; baseline 0.002 -19"><span class='ocrx_word' id='word_1_105' title='bbox 694 1670 989 1739; x_wconf 83' lang='lat' dir='ltr'><strong>ﬁguraret:</strong></span> <span class='ocrx_word' id='word_1_106' title='bbox 1022 1690 1045 1722; x_wconf 76' lang='grc' dir='ltr'>ι</span> <span class='ocrx_word' id='word_1_107' title='bbox 1076 1670 1381 1736; x_wconf 82' lang='lat' dir='ltr'><strong>Celebrate,</strong></span> <span class='ocrx_word' id='word_1_108' title='bbox 1416 1673 1611 1741; x_wconf 86' lang='lat' dir='ltr'><strong>inquit,</strong></span> <span class='ocrx_word' id='word_1_109' title='bbox 1638 1674 1817 1741; x_wconf 90' lang='lat' dir='ltr'><strong>ipsum</strong></span> <span class='ocrx_word' id='word_1_110' title='bbox 1852 1674 1903 1725; x_wconf 90' lang='lat' dir='ltr'><strong>in</strong></span> <span class='ocrx_word' id='word_1_111' title='bbox 1940 1674 2255 1727; x_wconf 86' lang='lat' dir='ltr'><strong>memoriam</strong></span> 
     </span>
    </p>
   </div>
   <div class='ocr_carea' id='block_1_17' title="bbox 693 1763 2257 1833">
    <p class='ocr_par' dir='ltr' id='par_1_17' title="bbox 693 1763 2257 1833">
     <span class='ocr_line' id='line_1_17' title="bbox 693 1763 2257 1833; baseline 0.001 -19"><span class='ocrx_word' id='word_1_112' title='bbox 693 1763 968 1818; x_wconf 86' lang='lat' dir='ltr'><strong>tubarum.</strong></span> <span class='ocrx_word' id='word_1_113' title='bbox 1003 1784 1020 1815; x_wconf 77' lang='grc' dir='ltr'><strong>ι</strong></span> <span class='ocrx_word' id='word_1_114' title='bbox 1055 1764 1188 1818; x_wconf 87' lang='lat' dir='ltr'><strong>Cum</strong></span> <span class='ocrx_word' id='word_1_115' title='bbox 1221 1766 1366 1819; x_wconf 87' lang='lat' dir='ltr'><strong>enim</strong></span> <span class='ocrx_word' id='word_1_116' title='bbox 1402 1765 1595 1818; x_wconf 87' lang='lat' dir='ltr'><strong>iterum</strong></span> <span class='ocrx_word' id='word_1_117' title='bbox 1621 1766 2018 1833; x_wconf 74' lang='lat' dir='ltr'><strong>compingcuda</strong></span> <span class='ocrx_word' id='word_1_118' title='bbox 2042 1765 2257 1816; x_wconf 89' lang='lat' dir='ltr'><strong>venient</strong></span> 
     </span>
    </p>
   </div>
   <div class='ocr_carea' id='block_1_18' title="bbox 692 1855 2255 1925">
    <p class='ocr_par' dir='ltr' id='par_1_18' title="bbox 692 1855 2255 1925">
     <span class='ocr_line' id='line_1_18' title="bbox 692 1855 2255 1925; baseline 0.001 -20"><span class='ocrx_word' id='word_1_119' title='bbox 692 1855 931 1907; x_wconf 77' lang='lat' dir='ltr'><strong>humana</strong></span> <span class='ocrx_word' id='word_1_120' title='bbox 972 1870 1223 1925; x_wconf 88' lang='lat' dir='ltr'><strong>corpora,</strong></span> <span class='ocrx_word' id='word_1_121' title='bbox 1270 1863 1330 1910; x_wconf 89' lang='lat' dir='ltr'><strong>et</strong></span> <span class='ocrx_word' id='word_1_122' title='bbox 1380 1856 1814 1924; x_wconf 75' lang='lat' dir='ltr'><strong>uuiuswjusque</strong></span> <span class='ocrx_word' id='word_1_123' title='bbox 1856 1856 2041 1907; x_wconf 88' lang='lat' dir='ltr'><strong>anima</strong></span> <span class='ocrx_word' id='word_1_124' title='bbox 2095 1869 2255 1907; x_wconf 88' lang='lat' dir='ltr'><strong>suum</strong></span> 
     </span>
    </p>
   </div>
   <div class='ocr_carea' id='block_1_19' title="bbox 692 1940 2257 2010">
    <p class='ocr_par' dir='ltr' id='par_1_19' title="bbox 692 1940 2257 2010">
     <span class='ocr_line' id='line_1_19' title="bbox 692 1940 2257 2010; baseline 0 -19"><span class='ocrx_word' id='word_1_125' title='bbox 692 1943 860 1995; x_wconf 88' lang='lat' dir='ltr'><strong>veluti</strong></span> <span class='ocrx_word' id='word_1_126' title='bbox 903 1944 1313 1996; x_wconf 90' lang='lat' dir='ltr'><strong>tabernaculum</strong></span> <span class='ocrx_word' id='word_1_127' title='bbox 1348 1944 1529 1996; x_wconf 86' lang='lat' dir='ltr'><strong>denuo</strong></span> <span class='ocrx_word' id='word_1_128' title='bbox 1569 1951 1945 2010; x_wconf 74' lang='lat' dir='ltr'><strong>assumptum.</strong></span> <span class='ocrx_word' id='word_1_129' title='bbox 1975 1940 2257 1993; x_wconf 87' lang='lat' dir='ltr'><strong>insonabit</strong></span> 
     </span>
    </p>
   </div>
   <div class='ocr_carea' id='block_1_20' title="bbox 692 2032 2255 2102">
    <p class='ocr_par' dir='ltr' id='par_1_20' title="bbox 692 2032 2255 2102">
     <span class='ocr_line' id='line_1_20' title="bbox 692 2032 2255 2102; baseline 0 -19"><span class='ocrx_word' id='word_1_130' title='bbox 692 2034 846 2102; x_wconf 86' lang='lat' dir='ltr'><strong>prius</strong></span> <span class='ocrx_word' id='word_1_131' title='bbox 900 2035 1121 2102; x_wconf 89' lang='lat' dir='ltr'><strong>jussum</strong></span> <span class='ocrx_word' id='word_1_132' title='bbox 1169 2034 1423 2099; x_wconf 87' lang='lat' dir='ltr'><strong>Domini,</strong></span> <span class='ocrx_word' id='word_1_133' title='bbox 1482 2042 1538 2088; x_wconf 91' lang='lat' dir='ltr'><strong>et</strong></span> <span class='ocrx_word' id='word_1_134' title='bbox 1593 2033 2023 2088; x_wconf 87' lang='lat' dir='ltr'><strong>resurrectionis</strong></span> <span class='ocrx_word' id='word_1_135' title='bbox 2086 2032 2255 2085; x_wconf 73' lang='lat' dir='ltr'><strong>veluti</strong></span> 
     </span>
    </p>
   </div>
   <div class='ocr_carea' id='block_1_21' title="bbox 691 2121 2256 2194">
    <p class='ocr_par' dir='ltr' id='par_1_21' title="bbox 691 2121 2256 2194">
     <span class='ocr_line' id='line_1_21' title="bbox 691 2121 2256 2194; baseline -0.001 -19"><span class='ocrx_word' id='word_1_136' title='bbox 691 2133 902 2178; x_wconf 86' lang='lat' dir='ltr'><strong>tessera</strong></span> <span class='ocrx_word' id='word_1_137' title='bbox 935 2127 1180 2189; x_wconf 83' lang='lat' dir='ltr'><strong>dabitur,</strong></span> <span class='ocrx_word' id='word_1_138' title='bbox 1230 2125 1474 2194; x_wconf 88' lang='lat' dir='ltr'><strong>tubaque</strong></span> <span class='ocrx_word' id='word_1_139' title='bbox 1510 2123 1604 2179; x_wconf 88' lang='lat' dir='ltr'><strong>Dei</strong></span> <span class='ocrx_word' id='word_1_140' title='bbox 1638 2131 1820 2186; x_wconf 90' lang='lat' dir='ltr'><strong>cauet,</strong></span> <span class='ocrx_word' id='word_1_141' title='bbox 1862 2123 2019 2192; x_wconf 72' lang='lat' dir='ltr'><strong>juxta</strong></span> <span class='ocrx_word' id='word_1_142' title='bbox 2060 2121 2256 2190; x_wconf 61' lang='lat' dir='ltr'><strong>praedi-</strong></span> 
     </span>
    </p>
   </div>
   <div class='ocr_carea' id='block_1_22' title="bbox 690 2213 2256 2287">
    <p class='ocr_par' dir='ltr' id='par_1_22' title="bbox 690 2213 2256 2287">
     <span class='ocr_line' id='line_1_22' title="bbox 690 2213 2256 2287; baseline -0.002 -18"><span class='ocrx_word' id='word_1_143' title='bbox 690 2225 858 2269; x_wconf 80' lang='lat' dir='ltr'><strong>ctum.</strong></span> <span class='ocrx_word' id='word_1_144' title='bbox 893 2216 1062 2287; x_wconf 88' lang='lat' dir='ltr'><strong>Igitur</strong></span> <span class='ocrx_word' id='word_1_145' title='bbox 1104 2218 1160 2270; x_wconf 91' lang='lat' dir='ltr'><strong>in</strong></span> <span class='ocrx_word' id='word_1_146' title='bbox 1202 2217 1426 2286; x_wconf 84' lang='lat' dir='ltr'><strong>figuram</strong></span> <span class='ocrx_word' id='word_1_147' title='bbox 1456 2213 1577 2284; x_wconf 87' lang='lat' dir='ltr'><strong>ejus</strong></span> <span class='ocrx_word' id='word_1_148' title='bbox 1604 2230 1861 2283; x_wconf 89' lang='lat' dir='ltr'><strong>magnum</strong></span> <span class='ocrx_word' id='word_1_149' title='bbox 1894 2214 2169 2282; x_wconf 89' lang='lat' dir='ltr'><strong>quoddam</strong></span> <span class='ocrx_word' id='word_1_150' title='bbox 2202 2221 2256 2266; x_wconf 90' lang='lat' dir='ltr'><strong>et</strong></span> 
     </span>
    </p>
   </div>
   <div class='ocr_carea' id='block_1_23' title="bbox 690 2304 2254 2365">
    <p class='ocr_par' dir='ltr' id='par_1_23' title="bbox 690 2304 2254 2365">
     <span class='ocr_line' id='line_1_23' title="bbox 690 2304 2254 2365; baseline -0.001 -7"><span class='ocrx_word' id='word_1_151' title='bbox 690 2305 1021 2359; x_wconf 86' lang='lat' dir='ltr'><strong>audiendum</strong></span> <span class='ocrx_word' id='word_1_152' title='bbox 1073 2306 1221 2360; x_wconf 87' lang='lat' dir='ltr'><strong>circa</strong></span> <span class='ocrx_word' id='word_1_153' title='bbox 1285 2304 1554 2359; x_wconf 84' lang='lat' dir='ltr'><strong>Lazarum</strong></span> <span class='ocrx_word' id='word_1_154' title='bbox 1611 2305 1930 2358; x_wconf 82' lang='lat' dir='ltr'><strong>inclamavit</strong></span> <span class='ocrx_word' id='word_1_155' title='bbox 1977 2305 2254 2365; x_wconf 79' lang='lat' dir='ltr'><strong>Christus,</strong></span> 
     </span>
    </p>
   </div>
   <div class='ocr_carea' id='block_1_24' title="bbox 689 2396 2254 2467">
    <p class='ocr_par' dir='ltr' id='par_1_24' title="bbox 689 2396 2254 2467">
     <span class='ocr_line' id='line_1_24' title="bbox 689 2396 2254 2467; baseline 0 -18"><span class='ocrx_word' id='word_1_156' title='bbox 689 2412 801 2450; x_wconf 91' lang='lat' dir='ltr'><strong>non</strong></span> <span class='ocrx_word' id='word_1_157' title='bbox 838 2412 1166 2467; x_wconf 81' lang='lat' dir='ltr'><strong>ttiagquere</strong></span> <span class='ocrx_word' id='word_1_158' title='bbox 1192 2397 1614 2452; x_wconf 89' lang='lat' dir='ltr'><strong>consuetudinis</strong></span> <span class='ocrx_word' id='word_1_159' title='bbox 1646 2411 1874 2461; x_wconf 87' lang='lat' dir='ltr'><strong>memor,</strong></span> <span class='ocrx_word' id='word_1_160' title='bbox 1898 2396 2024 2449; x_wconf 88' lang='lat' dir='ltr'><strong>dum</strong></span> <span class='ocrx_word' id='word_1_161' title='bbox 2062 2412 2254 2450; x_wconf 84' lang='lat' dir='ltr'><strong>eorum</strong></span> 
     </span>
    </p>
   </div>
   <div class='ocr_carea' id='block_1_25' title="bbox 687 2487 2254 2559">
    <p class='ocr_par' dir='ltr' id='par_1_25' title="bbox 687 2487 2254 2559">
     <span class='ocr_line' id='line_1_25' title="bbox 687 2487 2254 2559; baseline 0 -18"><span class='ocrx_word' id='word_1_162' title='bbox 687 2504 810 2558; x_wconf 67' lang='lat' dir='ltr'><strong>qua</strong></span> <span class='ocrx_word' id='word_1_163' title='bbox 833 2487 887 2543; x_wconf 91' lang='lat' dir='ltr'><strong>in</strong></span> <span class='ocrx_word' id='word_1_164' title='bbox 909 2490 1322 2559; x_wconf 73' lang='lat' dir='ltr'><strong>exspectatione</strong></span> <span class='ocrx_word' id='word_1_165' title='bbox 1343 2496 1551 2555; x_wconf 87' lang='lat' dir='ltr'><strong>essent,</strong></span> <span class='ocrx_word' id='word_1_166' title='bbox 1575 2488 1797 2556; x_wconf 86' lang='lat' dir='ltr'><strong>figuram</strong></span> <span class='ocrx_word' id='word_1_167' title='bbox 1819 2497 2254 2557; x_wconf 64' lang='lat' dir='ltr'><strong>repraesentaret.</strong></span> 
     </span>
    </p>
   </div>
   <div class='ocr_carea' id='block_1_26' title="bbox 758 2597 2245 2669">
    <p class='ocr_par' dir='ltr' id='par_1_26' title="bbox 758 2597 2245 2669">
     <span class='ocr_line' id='line_1_26' title="bbox 758 2597 2245 2669; baseline 0.001 -18"><span class='ocrx_word' id='word_1_168' title='bbox 758 2597 832 2653; x_wconf 87' lang='lat' dir='ltr'><strong>Ita</strong></span> <span class='ocrx_word' id='word_1_169' title='bbox 882 2602 1154 2664; x_wconf 87' lang='lat' dir='ltr'><strong>nonnulli,</strong></span> <span class='ocrx_word' id='word_1_170' title='bbox 1195 2600 1637 2669; x_wconf 87' lang='lat' dir='ltr'><strong>quandoquidem</strong></span> <span class='ocrx_word' id='word_1_171' title='bbox 1689 2602 1821 2652; x_wconf 85' lang='lat' dir='ltr'><strong>nihil</strong></span> <span class='ocrx_word' id='word_1_172' title='bbox 1888 2617 1994 2653; x_wconf 79' lang='lat' dir='ltr'><strong>nou</strong></span> <span class='ocrx_word' id='word_1_173' title='bbox 2062 2609 2245 2669; x_wconf 86' lang='lat' dir='ltr'><strong>potest</strong></span> 
     </span>
    </p>
   </div>
   <div class='ocr_carea' id='block_1_27' title="bbox 684 2688 2245 2757">
    <p class='ocr_par' dir='ltr' id='par_1_27' title="bbox 684 2688 2245 2757">
     <span class='ocr_line' id='line_1_27' title="bbox 684 2688 2245 2757; baseline 0 -14"><span class='ocrx_word' id='word_1_174' title='bbox 684 2690 927 2743; x_wconf 87' lang='lat' dir='ltr'><strong>divinum</strong></span> <span class='ocrx_word' id='word_1_175' title='bbox 962 2689 1222 2751; x_wconf 81' lang='lat' dir='ltr'><strong>Verbum,</strong></span> <span class='ocrx_word' id='word_1_176' title='bbox 1278 2688 1549 2757; x_wconf 81' lang='lat' dir='ltr'><strong>desperati</strong></span> <span class='ocrx_word' id='word_1_177' title='bbox 1603 2705 1873 2757; x_wconf 84' lang='lat' dir='ltr'><strong>prorsus.</strong></span> <span class='ocrx_word' id='word_1_178' title='bbox 1933 2699 1988 2742; x_wconf 89' lang='lat' dir='ltr'><strong>ct</strong></span> <span class='ocrx_word' id='word_1_179' title='bbox 2051 2690 2245 2743; x_wconf 63' lang='lat' dir='ltr'><strong>animae</strong></span> 
     </span>
    </p>
   </div>
   <div class='ocr_carea' id='block_1_28' title="bbox 684 2779 2247 2849">
    <p class='ocr_par' dir='ltr' id='par_1_28' title="bbox 684 2779 2247 2849">
     <span class='ocr_line' id='line_1_28' title="bbox 684 2779 2247 2849; baseline 0.001 -18"><span class='ocrx_word' id='word_1_180' title='bbox 684 2788 910 2833; x_wconf 64' lang='lat' dir='ltr'><strong>mortua}</strong></span> <span class='ocrx_word' id='word_1_181' title='bbox 964 2779 1195 2833; x_wconf 85' lang='lat' dir='ltr'><strong>fetorem</strong></span> <span class='ocrx_word' id='word_1_182' title='bbox 1218 2782 1584 2849; x_wconf 80' lang='lat' dir='ltr'><strong>exspirantes,</strong></span> <span class='ocrx_word' id='word_1_183' title='bbox 1640 2788 1696 2833; x_wconf 91' lang='lat' dir='ltr'><strong>et</strong></span> <span class='ocrx_word' id='word_1_184' title='bbox 1752 2788 2094 2832; x_wconf 84' lang='lat' dir='ltr'><strong>mortuorum</strong></span> <span class='ocrx_word' id='word_1_185' title='bbox 2148 2780 2247 2832; x_wconf 83' lang='lat' dir='ltr'><strong>ha-</strong></span> 
     </span>
    </p>
   </div>
   <div class='ocr_carea' id='block_1_29' title="bbox 685 2870 2247 2940">
    <p class='ocr_par' dir='ltr' id='par_1_29' title="bbox 685 2870 2247 2940">
     <span class='ocr_line' id='line_1_29' title="bbox 685 2870 2247 2940; baseline 0.002 -17"><span class='ocrx_word' id='word_1_186' title='bbox 685 2870 917 2923; x_wconf 86' lang='lat' dir='ltr'><strong>bitacula</strong></span> <span class='ocrx_word' id='word_1_187' title='bbox 974 2871 1302 2932; x_wconf 78' lang='lat' dir='ltr'><strong>incolentes,</strong></span> <span class='ocrx_word' id='word_1_188' title='bbox 1363 2872 1837 2940; x_wconf 66' lang='lat' dir='ltr'><strong>sup-:rvenieutem</strong></span> <span class='ocrx_word' id='word_1_189' title='bbox 1905 2872 2036 2940; x_wconf 78' lang='lat' dir='ltr'><strong>ipsis</strong></span> <span class='ocrx_word' id='word_1_190' title='bbox 2105 2874 2247 2927; x_wconf 87' lang='lat' dir='ltr'><strong>divi-</strong></span> 
     </span>
    </p>
   </div>
   <div class='ocr_carea' id='block_1_30' title="bbox 686 2962 2249 3033">
    <p class='ocr_par' dir='ltr' id='par_1_30' title="bbox 686 2962 2249 3033">
     <span class='ocr_line' id='line_1_30' title="bbox 686 2962 2249 3033; baseline 0.003 -19"><span class='ocrx_word' id='word_1_191' title='bbox 686 2976 815 3014; x_wconf 82' lang='lat' dir='ltr'><strong>num</strong></span> <span class='ocrx_word' id='word_1_192' title='bbox 864 2977 1170 3015; x_wconf 83' lang='lat' dir='ltr'><strong>sermonem</strong></span> <span class='ocrx_word' id='word_1_193' title='bbox 1230 2962 1480 3023; x_wconf 86' lang='lat' dir='ltr'><strong>audiunt,</strong></span> <span class='ocrx_word' id='word_1_194' title='bbox 1516 2977 1580 3014; x_wconf 90' lang='lat' dir='ltr'><strong>ac</strong></span> <span class='ocrx_word' id='word_1_195' title='bbox 1620 2962 1861 3030; x_wconf 88' lang='lat' dir='ltr'><strong>ipsorum</strong></span> <span class='ocrx_word' id='word_1_196' title='bbox 1915 2964 2125 3017; x_wconf 86' lang='lat' dir='ltr'><strong>animas</strong></span> <span class='ocrx_word' id='word_1_197' title='bbox 2158 2982 2249 3033; x_wconf 88' lang='lat' dir='ltr'><strong>pe-</strong></span> 
     </span>
    </p>
   </div>
   <div class='ocr_carea' id='block_1_31' title="bbox 686 3051 2247 3122">
    <p class='ocr_par' dir='ltr' id='par_1_31' title="bbox 686 3051 2247 3122">
     <span class='ocr_line' id='line_1_31' title="bbox 686 3051 2247 3122; baseline 0.002 -18"><span class='ocrx_word' id='word_1_198' title='bbox 686 3060 936 3105; x_wconf 87' lang='lat' dir='ltr'><strong>netrante</strong></span> <span class='ocrx_word' id='word_1_199' title='bbox 969 3051 1172 3105; x_wconf 87' lang='lat' dir='ltr'><strong>virtute</strong></span> <span class='ocrx_word' id='word_1_200' title='bbox 1201 3052 1323 3119; x_wconf 86' lang='lat' dir='ltr'><strong>ejus</strong></span> <span class='ocrx_word' id='word_1_201' title='bbox 1350 3052 1443 3119; x_wconf 89' lang='lat' dir='ltr'><strong>qui</strong></span> <span class='ocrx_word' id='word_1_202' title='bbox 1469 3051 1624 3113; x_wconf 87' lang='lat' dir='ltr'><strong>dicit,</strong></span> <span class='ocrx_word' id='word_1_203' title='bbox 1660 3070 1677 3101; x_wconf 84' lang='grc' dir='ltr'>ι</span> <span class='ocrx_word' id='word_1_204' title='bbox 1702 3054 1820 3104; x_wconf 90' lang='lat' dir='ltr'><strong>veni</strong></span> <span class='ocrx_word' id='word_1_205' title='bbox 1857 3054 2024 3114; x_wconf 87' lang='lat' dir='ltr'><strong>foras,</strong></span> <span class='ocrx_word' id='word_1_206' title='bbox 2067 3074 2083 3103; x_wconf 72' lang='grc' dir='ltr'><strong>ι</strong></span> <span class='ocrx_word' id='word_1_207' title='bbox 2118 3070 2247 3122; x_wconf 81' lang='lat' dir='ltr'><strong>pro-</strong></span> 
     </span>
    </p>
   </div>
   <div class='ocr_carea' id='block_1_32' title="bbox 2364 580 3940 665">
    <p class='ocr_par' dir='ltr' id='par_1_32' title="bbox 2364 580 3940 665">
     <span class='ocr_line' id='line_1_32' title="bbox 2364 580 3940 665; baseline 0.001 -30"><span class='ocrx_word' id='word_1_208' title='bbox 2364 580 2457 636; x_wconf 79' lang='grc' dir='ltr'>οὖν</span> <span class='ocrx_word' id='word_1_209' title='bbox 2479 584 2745 653; x_wconf 72' lang='grc' dir='ltr'><strong>ἐνδέχεται</strong></span> <span class='ocrx_word' id='word_1_210' title='bbox 2771 602 2785 649; x_wconf 88' lang='lat'><strong>;</strong></span> <span class='ocrx_word' id='word_1_211' title='bbox 2806 587 3012 639; x_wconf 64' lang='grc' dir='ltr'>Οὐκοῦν</span> <span class='ocrx_word' id='word_1_212' title='bbox 3041 587 3151 656; x_wconf 74' lang='grc' dir='ltr'><strong>ἔχει</strong></span> <span class='ocrx_word' id='word_1_213' title='bbox 3179 587 3333 655; x_wconf 80' lang='grc' dir='ltr'><strong>λόγον</strong></span> <span class='ocrx_word' id='word_1_214' title='bbox 3356 593 3390 660; x_wconf 83' lang='grc' dir='ltr'><strong>ἠ</strong></span> <span class='ocrx_word' id='word_1_215' title='bbox 3422 593 3654 662; x_wconf 76' lang='grc' dir='ltr'><strong>κραυγὴ,</strong></span> <span class='ocrx_word' id='word_1_216' title='bbox 3671 595 3739 665; x_wconf 66' lang='grc' dir='ltr'><strong>ἢν</strong></span> <span class='ocrx_word' id='word_1_217' title='bbox 3764 596 3940 662; x_wconf 51' lang='lat' dir='ltr'><strong>my-</strong></span> 
     </span>
    </p>
   </div>
   <div class='ocr_carea' id='block_1_33' title="bbox 2364 673 3937 756">
    <p class='ocr_par' dir='ltr' id='par_1_33' title="bbox 2364 673 3937 756">
     <span class='ocr_line' id='line_1_33' title="bbox 2364 673 3937 756; baseline 0.009 -30"><span class='ocrx_word' id='word_1_218' title='bbox 2364 673 2535 737; x_wconf 83' lang='grc' dir='ltr'><strong>καίως</strong></span> <span class='ocrx_word' id='word_1_219' title='bbox 2577 675 2827 745; x_wconf 75' lang='grc' dir='ltr'><strong>ἐροῦμεν,</strong></span> <span class='ocrx_word' id='word_1_220' title='bbox 2866 676 2953 729; x_wconf 77' lang='grc' dir='ltr'>διὰ</span> <span class='ocrx_word' id='word_1_221' title='bbox 3002 678 3063 730; x_wconf 75' lang='grc' dir='ltr'><strong>τὸ</strong></span> <span class='ocrx_word' id='word_1_222' title='bbox 3089 681 3201 740; x_wconf 62' lang='lat' dir='ltr'><strong>tot;</strong></span> <span class='ocrx_word' id='word_1_223' title='bbox 3244 680 3611 750; x_wconf 76' lang='grc' dir='ltr'><strong>ἀκροωμένοις</strong></span> <span class='ocrx_word' id='word_1_224' title='bbox 3638 686 3937 756; x_wconf 59' lang='grc' dir='ltr'>χρήσιμον</span> 
     </span>
    </p>
   </div>
   <div class='ocr_carea' id='block_1_34' title="bbox 2365 764 3939 845">
    <p class='ocr_par' dir='ltr' id='par_1_34' title="bbox 2365 764 3939 845">
     <span class='ocr_line' id='line_1_34' title="bbox 2365 764 3939 845; baseline 0.009 -29"><span class='ocrx_word' id='word_1_225' title='bbox 2365 764 2547 817; x_wconf 87' lang='grc' dir='ltr'>Τύπον</span> <span class='ocrx_word' id='word_1_226' title='bbox 2590 765 2778 837; x_wconf 80' lang='grc' dir='ltr'>ὥσπερ</span> <span class='ocrx_word' id='word_1_227' title='bbox 2824 769 2943 821; x_wconf 69' lang='grc' dir='ltr'><strong>τινὰ</strong></span> <span class='ocrx_word' id='word_1_228' title='bbox 2984 769 3084 838; x_wconf 78' lang='grc' dir='ltr'><strong>τῆς</strong></span> <span class='ocrx_word' id='word_1_229' title='bbox 3123 769 3348 822; x_wconf 80' lang='grc' dir='ltr'>καθόλου</span> <span class='ocrx_word' id='word_1_230' title='bbox 3402 772 3508 824; x_wconf 81' lang='grc' dir='ltr'>τῶν</span> <span class='ocrx_word' id='word_1_231' title='bbox 3554 775 3762 845; x_wconf 84' lang='grc' dir='ltr'>νεκρῶν</span> <span class='ocrx_word' id='word_1_232' title='bbox 3803 777 3939 830; x_wconf 79' lang='grc' dir='ltr'><strong>ἀνα-</strong></span> 
     </span>
    </p>
   </div>
   <div class='ocr_carea' id='block_1_35' title="bbox 2365 856 3939 935">
    <p class='ocr_par' dir='ltr' id='par_1_35' title="bbox 2365 856 3939 935">
     <span class='ocr_line' id='line_1_35' title="bbox 2365 856 3939 935; baseline 0.008 -28"><span class='ocrx_word' id='word_1_233' title='bbox 2365 856 2625 919; x_wconf 79' lang='grc' dir='ltr'><strong>στάσεως,</strong></span> <span class='ocrx_word' id='word_1_234' title='bbox 2650 857 2712 908; x_wconf 83' lang='grc' dir='ltr'>τὸ</span> <span class='ocrx_word' id='word_1_235' title='bbox 2739 860 2828 910; x_wconf 72' lang='grc' dir='ltr'><strong>ἐπὶ</strong></span> <span class='ocrx_word' id='word_1_236' title='bbox 2858 858 3090 930; x_wconf 78' lang='grc' dir='ltr'><strong>Λαζάρῳ</strong></span> <span class='ocrx_word' id='word_1_237' title='bbox 3123 863 3354 913; x_wconf 83' lang='grc' dir='ltr'><strong>ποιεῖται</strong></span> <span class='ocrx_word' id='word_1_238' title='bbox 3387 861 3567 931; x_wconf 89' lang='grc' dir='ltr'><strong>θαῦμα</strong></span> <span class='ocrx_word' id='word_1_239' title='bbox 3587 880 3599 891; x_wconf 75' lang='grc'><strong><em>⁸</em></strong></span> <span class='ocrx_word' id='word_1_240' title='bbox 3644 865 3813 919; x_wconf 79' lang='grc' dir='ltr'><strong>καὶτὸ</strong></span> <span class='ocrx_word' id='word_1_241' title='bbox 3845 868 3939 935; x_wconf 75' lang='grc' dir='ltr'><strong>ἐφ’</strong></span> 
     </span>
    </p>
   </div>
   <div class='ocr_carea' id='block_1_36' title="bbox 2362 946 3938 1023">
    <p class='ocr_par' dir='ltr' id='par_1_36' title="bbox 2362 946 3938 1023">
     <span class='ocr_line' id='line_1_36' title="bbox 2362 946 3938 1023; baseline 0.008 -26"><span class='ocrx_word' id='word_1_242' title='bbox 2362 946 2443 997; x_wconf 78' lang='grc' dir='ltr'><strong>ἑνὶ</strong></span> <span class='ocrx_word' id='word_1_243' title='bbox 2474 947 2848 1016; x_wconf 66' lang='grc' dir='ltr'>πληρούμενον</span> <span class='ocrx_word' id='word_1_244' title='bbox 2872 989 2885 1011; x_wconf 92' lang='grc'>,</span> <span class='ocrx_word' id='word_1_245' title='bbox 2946 951 3126 1002; x_wconf 76' lang='grc' dir='ltr'>εἰκόνα</span> <span class='ocrx_word' id='word_1_246' title='bbox 3157 949 3248 1001; x_wconf 88' lang='grc' dir='ltr'><strong>τοῦ</strong></span> <span class='ocrx_word' id='word_1_247' title='bbox 3284 954 3639 1023; x_wconf 85' lang='grc' dir='ltr'>γενικωτέρου</span> <span class='ocrx_word' id='word_1_248' title='bbox 3672 954 3766 1007; x_wconf 81' lang='grc' dir='ltr'><strong>καὶ</strong></span> <span class='ocrx_word' id='word_1_249' title='bbox 3793 956 3938 1013; x_wconf 79' lang='grc' dir='ltr'><strong>κατέ</strong></span> 
     </span>
    </p>
   </div>
   <div class='ocr_carea' id='block_1_37' title="bbox 2362 1036 3937 1113">
    <p class='ocr_par' dir='ltr' id='par_1_37' title="bbox 2362 1036 3937 1113">
     <span class='ocr_line' id='line_1_37' title="bbox 2362 1036 3937 1113; baseline 0.006 -26"><span class='ocrx_word' id='word_1_250' title='bbox 2362 1036 2561 1098; x_wconf 81' lang='grc' dir='ltr'><strong>παντὸς</strong></span> <span class='ocrx_word' id='word_1_251' title='bbox 2593 1038 2793 1107; x_wconf 75' lang='grc' dir='ltr'>ἔστησε</span> <span class='ocrx_word' id='word_1_252' title='bbox 2815 1039 3009 1109; x_wconf 77' lang='grc' dir='ltr'>καλήν,</span> <span class='ocrx_word' id='word_1_253' title='bbox 3055 1039 3179 1092; x_wconf 78' lang='grc' dir='ltr'><strong>Ὀτι</strong></span> <span class='ocrx_word' id='word_1_254' title='bbox 3206 1040 3312 1111; x_wconf 78' lang='grc' dir='ltr'><strong>γὰρ</strong></span> <span class='ocrx_word' id='word_1_255' title='bbox 3340 1040 3463 1109; x_wconf 69' lang='grc' dir='ltr'>ἥξει</span> <span class='ocrx_word' id='word_1_256' title='bbox 3512 1042 3701 1113; x_wconf 74' lang='grc' dir='ltr'>κριτὴς</span> <span class='ocrx_word' id='word_1_257' title='bbox 3770 1060 3937 1097; x_wconf 81' lang='grc' dir='ltr'><strong>πεπι-</strong></span> 
     </span>
    </p>
   </div>
   <div class='ocr_carea' id='block_1_38' title="bbox 2364 1125 3937 1202">
    <p class='ocr_par' dir='ltr' id='par_1_38' title="bbox 2364 1125 3937 1202">
     <span class='ocr_line' id='line_1_38' title="bbox 2364 1125 3937 1202; baseline 0.006 -25"><span class='ocrx_word' id='word_1_258' title='bbox 2364 1125 2668 1195; x_wconf 88' lang='grc' dir='ltr'>στεύκαμεν</span> <span class='ocrx_word' id='word_1_259' title='bbox 2692 1166 2710 1191; x_wconf 97' lang='grc'>,</span> <span class='ocrx_word' id='word_1_260' title='bbox 2759 1127 3085 1198; x_wconf 77' lang='grc' dir='ltr'>λογιζόμεθά</span> <span class='ocrx_word' id='word_1_261' title='bbox 3110 1146 3167 1182; x_wconf 85' lang='grc' dir='ltr'><strong>τε</strong></span> <span class='ocrx_word' id='word_1_262' title='bbox 3195 1131 3277 1182; x_wconf 85' lang='grc' dir='ltr'><strong>ὅτι</strong></span> <span class='ocrx_word' id='word_1_263' title='bbox 3307 1133 3517 1202; x_wconf 81' lang='grc' dir='ltr'>κραυγή</span> <span class='ocrx_word' id='word_1_264' title='bbox 3550 1149 3632 1194; x_wconf 86' lang='grc' dir='ltr'><strong>τις</strong></span> <span class='ocrx_word' id='word_1_265' title='bbox 3666 1132 3819 1185; x_wconf 71' lang='grc' dir='ltr'><strong>ἔσται</strong></span> <span class='ocrx_word' id='word_1_266' title='bbox 3844 1134 3937 1186; x_wconf 70' lang='grc' dir='ltr'><strong>διὰ</strong></span> 
     </span>
    </p>
   </div>
   <div class='ocr_carea' id='block_1_39' title="bbox 2362 1216 3936 1292">
    <p class='ocr_par' dir='ltr' id='par_1_39' title="bbox 2362 1216 3936 1292">
     <span class='ocr_line' id='line_1_39' title="bbox 2362 1216 3936 1292; baseline 0.006 -24"><span class='ocrx_word' id='word_1_267' title='bbox 2362 1216 2681 1285; x_wconf 76' lang='grc' dir='ltr'><strong>σάλπιγγος,</strong></span> <span class='ocrx_word' id='word_1_268' title='bbox 2719 1221 2857 1271; x_wconf 82' lang='grc' dir='ltr'>κατὰ</span> <span class='ocrx_word' id='word_1_269' title='bbox 2893 1220 2990 1289; x_wconf 79' lang='grc' dir='ltr'><strong>τὴν</strong></span> <span class='ocrx_word' id='word_1_270' title='bbox 3020 1220 3112 1273; x_wconf 89' lang='grc' dir='ltr'><strong>τοῦ</strong></span> <span class='ocrx_word' id='word_1_271' title='bbox 3140 1222 3352 1273; x_wconf 71' lang='grc' dir='ltr'>Παύλου</span> <span class='ocrx_word' id='word_1_272' title='bbox 3391 1223 3601 1292; x_wconf 79' lang='grc' dir='ltr'>φωνὴν,</span> <span class='ocrx_word' id='word_1_273' title='bbox 3628 1224 3936 1277; x_wconf 80' lang='grc' dir='ltr'>διακελευο-</span> 
     </span>
    </p>
   </div>
   <div class='ocr_carea' id='block_1_40' title="bbox 2363 1308 3935 1385">
    <p class='ocr_par' dir='ltr' id='par_1_40' title="bbox 2363 1308 3935 1385">
     <span class='ocr_line' id='line_1_40' title="bbox 2363 1308 3935 1385; baseline 0.004 -25"><span class='ocrx_word' id='word_1_274' title='bbox 2363 1308 2501 1377; x_wconf 78' lang='grc' dir='ltr'>μένη</span> <span class='ocrx_word' id='word_1_275' title='bbox 2523 1312 2636 1372; x_wconf 85' lang='grc' dir='ltr'><strong>τοῖς</strong></span> <span class='ocrx_word' id='word_1_276' title='bbox 2660 1311 2717 1362; x_wconf 83' lang='grc' dir='ltr'><strong>ὲν</strong></span> <span class='ocrx_word' id='word_1_277' title='bbox 2761 1312 2829 1380; x_wconf 75' lang='grc' dir='ltr'><strong>γῇ</strong></span> <span class='ocrx_word' id='word_1_278' title='bbox 2870 1311 3141 1380; x_wconf 81' lang='grc' dir='ltr'><strong>κειμένοις</strong></span> <span class='ocrx_word' id='word_1_279' title='bbox 3170 1312 3268 1382; x_wconf 84' lang='grc' dir='ltr'>τὴν</span> <span class='ocrx_word' id='word_1_280' title='bbox 3309 1313 3606 1365; x_wconf 72' lang='grc' dir='ltr'><strong>ἀνάστασιν</strong></span> <span class='ocrx_word' id='word_1_281' title='bbox 3630 1354 3644 1376; x_wconf 89' lang='grc'>,</span> <span class='ocrx_word' id='word_1_282' title='bbox 3676 1315 3935 1385; x_wconf 75' lang='grc' dir='ltr'><strong>ἐνεργού-</strong></span> 
     </span>
    </p>
   </div>
   <div class='ocr_carea' id='block_1_41' title="bbox 2362 1400 3932 1474">
    <p class='ocr_par' dir='ltr' id='par_1_41' title="bbox 2362 1400 3932 1474">
     <span class='ocr_line' id='line_1_41' title="bbox 2362 1400 3932 1474; baseline 0.005 -24"><span class='ocrx_word' id='word_1_283' title='bbox 2362 1416 2460 1469; x_wconf 91' lang='grc' dir='ltr'><strong>σης</strong></span> <span class='ocrx_word' id='word_1_284' title='bbox 2488 1400 2728 1468; x_wconf 88' lang='grc' dir='ltr'>δηλονότι</span> <span class='ocrx_word' id='word_1_285' title='bbox 2756 1402 2815 1454; x_wconf 83' lang='grc' dir='ltr'>τὸ</span> <span class='ocrx_word' id='word_1_286' title='bbox 2858 1404 3089 1471; x_wconf 80' lang='grc' dir='ltr'><strong>πρᾶγμα</strong></span> <span class='ocrx_word' id='word_1_287' title='bbox 3120 1403 3214 1473; x_wconf 72' lang='grc' dir='ltr'><strong>τῆς</strong></span> <span class='ocrx_word' id='word_1_288' title='bbox 3247 1404 3485 1473; x_wconf 73' lang='grc' dir='ltr'>ἀρρήτου</span> <span class='ocrx_word' id='word_1_289' title='bbox 3534 1404 3811 1474; x_wconf 76' lang='grc' dir='ltr'>δυνάμεως</span> <span class='ocrx_word' id='word_1_290' title='bbox 3836 1406 3932 1458; x_wconf 84' lang='grc' dir='ltr'><strong>τοῦ</strong></span> 
     </span>
    </p>
   </div>
   <div class='ocr_carea' id='block_1_42' title="bbox 2346 1490 3935 1569">
    <p class='ocr_par' dir='ltr' id='par_1_42' title="bbox 2346 1490 3935 1569">
     <span class='ocr_line' id='line_1_42' title="bbox 2346 1490 3935 1569; baseline 0.004 -28"><span class='ocrx_word' id='word_1_291' title='bbox 2346 1490 2536 1569; x_wconf 27' lang='grc' dir='ltr'><strong>,πάντα</strong></span> <span class='ocrx_word' id='word_1_292' title='bbox 2564 1490 2835 1559; x_wconf 76' lang='grc' dir='ltr'><strong>ἰσχύοντος</strong></span> <span class='ocrx_word' id='word_1_293' title='bbox 2860 1491 3013 1544; x_wconf 84' lang='grc' dir='ltr'>Θεοῦ.</span> <span class='ocrx_word' id='word_1_294' title='bbox 3047 1494 3144 1545; x_wconf 73' lang='grc' dir='ltr'><strong>Διὰ</strong></span> <span class='ocrx_word' id='word_1_295' title='bbox 3172 1493 3278 1561; x_wconf 88' lang='grc' dir='ltr'><strong>γάρ</strong></span> <span class='ocrx_word' id='word_1_296' title='bbox 3311 1509 3390 1544; x_wconf 91' lang='grc' dir='ltr'>τοι</span> <span class='ocrx_word' id='word_1_297' title='bbox 3414 1492 3567 1545; x_wconf 85' lang='grc' dir='ltr'><strong>τοῦτο</strong></span> <span class='ocrx_word' id='word_1_298' title='bbox 3598 1496 3691 1547; x_wconf 88' lang='grc' dir='ltr'><strong>καί</strong></span> <span class='ocrx_word' id='word_1_299' title='bbox 3713 1497 3740 1547; x_wconf 79' lang='grc' dir='ltr'><strong>ὁ</strong></span> <span class='ocrx_word' id='word_1_300' title='bbox 3769 1497 3935 1564; x_wconf 79' lang='grc' dir='ltr'>νόμος</span> 
     </span>
    </p>
   </div>
   <div class='ocr_carea' id='block_1_43' title="bbox 2357 1580 3932 1655">
    <p class='ocr_par' dir='ltr' id='par_1_43' title="bbox 2357 1580 3932 1655">
     <span class='ocr_line' id='line_1_43' title="bbox 2357 1580 3932 1655; baseline 0.003 -23"><span class='ocrx_word' id='word_1_301' title='bbox 2357 1580 2444 1632; x_wconf 80' lang='grc' dir='ltr'><strong>διά</strong></span> <span class='ocrx_word' id='word_1_302' title='bbox 2476 1581 2747 1645; x_wconf 59' lang='grc' dir='ltr'>Μωσέως,</span> <span class='ocrx_word' id='word_1_303' title='bbox 2780 1582 2863 1633; x_wconf 82' lang='grc' dir='ltr'><strong>ὅτε</strong></span> <span class='ocrx_word' id='word_1_304' title='bbox 2892 1583 2991 1650; x_wconf 80' lang='grc' dir='ltr'><strong>τῆς</strong></span> <span class='ocrx_word' id='word_1_305' title='bbox 3032 1582 3413 1651; x_wconf 85' lang='grc' dir='ltr'><strong>Σκηνοπηγίας</strong></span> <span class='ocrx_word' id='word_1_306' title='bbox 3452 1585 3651 1635; x_wconf 78' lang='grc' dir='ltr'>ὲτύπου</span> <span class='ocrx_word' id='word_1_307' title='bbox 3680 1586 3778 1652; x_wconf 83' lang='grc' dir='ltr'><strong>τὴν</strong></span> <span class='ocrx_word' id='word_1_308' title='bbox 3809 1587 3932 1655; x_wconf 81' lang='grc' dir='ltr'><strong>ἑορ-</strong></span> 
     </span>
    </p>
   </div>
   <div class='ocr_carea' id='block_1_44' title="bbox 2357 1670 3927 1743">
    <p class='ocr_par' dir='ltr' id='par_1_44' title="bbox 2357 1670 3927 1743">
     <span class='ocr_line' id='line_1_44' title="bbox 2357 1670 3927 1743; baseline 0.003 -20"><span class='ocrx_word' id='word_1_309' title='bbox 2357 1670 2475 1742; x_wconf 79' lang='grc' dir='ltr'><strong>τὴν,</strong></span> <span class='ocrx_word' id='word_1_310' title='bbox 2508 1690 2527 1721; x_wconf 78' lang='grc' dir='ltr'><strong>ι</strong></span> <span class='ocrx_word' id='word_1_311' title='bbox 2569 1672 2891 1741; x_wconf 83' lang='grc' dir='ltr'><strong>Ἐορτάσατε</strong></span> <span class='ocrx_word' id='word_1_312' title='bbox 2914 1712 2928 1735; x_wconf 93' lang='grc'><strong>,</strong></span> <span class='ocrx_word' id='word_1_313' title='bbox 2980 1674 3140 1742; x_wconf 76' lang='grc' dir='ltr'>φησὶν</span> <span class='ocrx_word' id='word_1_314' title='bbox 3160 1712 3174 1735; x_wconf 93' lang='grc'>,</span> <span class='ocrx_word' id='word_1_315' title='bbox 3210 1675 3398 1742; x_wconf 75' lang='grc' dir='ltr'><strong>αὐτὴν,</strong></span> <span class='ocrx_word' id='word_1_316' title='bbox 3432 1671 3770 1743; x_wconf 72' lang='grc' dir='ltr'>μνημόσυνον</span> <span class='ocrx_word' id='word_1_317' title='bbox 3798 1677 3927 1727; x_wconf 79' lang='grc' dir='ltr'><strong>σαλ⁸</strong></span> 
     </span>
    </p>
   </div>
   <div class='ocr_carea' id='block_1_45' title="bbox 2360 1760 3928 1831">
    <p class='ocr_par' dir='ltr' id='par_1_45' title="bbox 2360 1760 3928 1831">
     <span class='ocr_line' id='line_1_45' title="bbox 2360 1760 3928 1831; baseline 0.003 -20"><span class='ocrx_word' id='word_1_318' title='bbox 2360 1760 2591 1826; x_wconf 89' lang='grc' dir='ltr'><strong>πίγγων.</strong></span> <span class='ocrx_word' id='word_1_319' title='bbox 2625 1779 2641 1809; x_wconf 75' lang='grc' dir='ltr'><strong>ι</strong></span> <span class='ocrx_word' id='word_1_320' title='bbox 2702 1760 3129 1830; x_wconf 63' lang='grc' dir='ltr'><strong>Σδμπήγνυσθαι</strong></span> <span class='ocrx_word' id='word_1_321' title='bbox 3187 1762 3296 1831; x_wconf 79' lang='grc' dir='ltr'>γὰρ</span> <span class='ocrx_word' id='word_1_322' title='bbox 3362 1762 3659 1831; x_wconf 76' lang='grc' dir='ltr'>μελλόντων</span> <span class='ocrx_word' id='word_1_323' title='bbox 3708 1763 3928 1826; x_wconf 76' lang='grc' dir='ltr'><strong>ἐσαῦθις</strong></span> 
     </span>
    </p>
   </div>
   <div class='ocr_carea' id='block_1_46' title="bbox 2358 1849 3928 1922">
    <p class='ocr_par' dir='ltr' id='par_1_46' title="bbox 2358 1849 3928 1922">
     <span class='ocr_line' id='line_1_46' title="bbox 2358 1849 3928 1922; baseline 0.002 -21"><span class='ocrx_word' id='word_1_324' title='bbox 2358 1850 2466 1902; x_wconf 82' lang='grc' dir='ltr'><strong>τῶν</strong></span> <span class='ocrx_word' id='word_1_325' title='bbox 2519 1849 2872 1920; x_wconf 79' lang='grc' dir='ltr'><strong>ἀνθρωπίνων</strong></span> <span class='ocrx_word' id='word_1_326' title='bbox 2920 1853 3186 1920; x_wconf 83' lang='grc' dir='ltr'>σωμάτων</span> <span class='ocrx_word' id='word_1_327' title='bbox 3212 1892 3225 1916; x_wconf 92' lang='grc'>,</span> <span class='ocrx_word' id='word_1_328' title='bbox 3282 1852 3374 1905; x_wconf 71' lang='grc' dir='ltr'><strong>καὶ</strong></span> <span class='ocrx_word' id='word_1_329' title='bbox 3421 1852 3517 1922; x_wconf 75' lang='grc' dir='ltr'><strong>τὴν</strong></span> <span class='ocrx_word' id='word_1_330' title='bbox 3562 1852 3694 1905; x_wconf 89' lang='grc' dir='ltr'><strong>ἰδίαν</strong></span> <span class='ocrx_word' id='word_1_331' title='bbox 3741 1853 3928 1922; x_wconf 77' lang='grc' dir='ltr'><strong>ὥσπερ</strong></span> 
     </span>
    </p>
   </div>
   <div class='ocr_carea' id='block_1_47' title="bbox 2357 1941 3927 2012">
    <p class='ocr_par' dir='ltr' id='par_1_47' title="bbox 2357 1941 3927 2012">
     <span class='ocr_line' id='line_1_47' title="bbox 2357 1941 3927 2012; baseline 0.001 -20"><span class='ocrx_word' id='word_1_332' title='bbox 2357 1942 2560 2010; x_wconf 79' lang='grc' dir='ltr'><strong>σκηνὴν</strong></span> <span class='ocrx_word' id='word_1_333' title='bbox 2612 1941 3073 2012; x_wconf 62' lang='grc' dir='ltr'>παραληψομένης</span> <span class='ocrx_word' id='word_1_334' title='bbox 3132 1943 3255 1995; x_wconf 83' lang='grc' dir='ltr'>ὅσον</span> <span class='ocrx_word' id='word_1_335' title='bbox 3296 1944 3505 1996; x_wconf 78' lang='grc' dir='ltr'>οὐδέπω</span> <span class='ocrx_word' id='word_1_336' title='bbox 3544 1943 3642 2012; x_wconf 83' lang='grc' dir='ltr'>τῆς</span> <span class='ocrx_word' id='word_1_337' title='bbox 3697 1945 3927 1997; x_wconf 75' lang='grc' dir='ltr'><strong>ἑκάστου</strong></span> 
     </span>
    </p>
   </div>
   <div class='ocr_carea' id='block_1_48' title="bbox 2353 2027 3926 2102">
    <p class='ocr_par' dir='ltr' id='par_1_48' title="bbox 2353 2027 3926 2102">
     <span class='ocr_line' id='line_1_48' title="bbox 2353 2027 3926 2102; baseline 0.002 -22"><span class='ocrx_word' id='word_1_338' title='bbox 2353 2027 2550 2097; x_wconf 63' lang='grc' dir='ltr'>ψυχῆς,</span> <span class='ocrx_word' id='word_1_339' title='bbox 2584 2032 3036 2101; x_wconf 80' lang='grc' dir='ltr'><strong>προαναφωνήσει</strong></span> <span class='ocrx_word' id='word_1_340' title='bbox 3066 2031 3348 2102; x_wconf 70' lang='grc' dir='ltr'>κέλευσμά</span> <span class='ocrx_word' id='word_1_341' title='bbox 3376 2032 3437 2084; x_wconf 83' lang='grc' dir='ltr'>τὸ</span> <span class='ocrx_word' id='word_1_342' title='bbox 3464 2034 3811 2095; x_wconf 77' lang='grc' dir='ltr'>Δεσποτικὸν,</span> <span class='ocrx_word' id='word_1_343' title='bbox 3835 2034 3926 2084; x_wconf 76' lang='grc' dir='ltr'>καὶ</span> 
     </span>
    </p>
   </div>
   <div class='ocr_carea' id='block_1_49' title="bbox 2355 2121 3923 2193">
    <p class='ocr_par' dir='ltr' id='par_1_49' title="bbox 2355 2121 3923 2193">
     <span class='ocr_line' id='line_1_49' title="bbox 2355 2121 3923 2193; baseline 0.003 -24"><span class='ocrx_word' id='word_1_344' title='bbox 2355 2121 2655 2189; x_wconf 81' lang='grc' dir='ltr'><strong>προηχήσει</strong></span> <span class='ocrx_word' id='word_1_345' title='bbox 2710 2121 2770 2173; x_wconf 85' lang='grc' dir='ltr'><strong>τὸ</strong></span> <span class='ocrx_word' id='word_1_346' title='bbox 2829 2125 2926 2191; x_wconf 80' lang='grc' dir='ltr'><strong>τῆς</strong></span> <span class='ocrx_word' id='word_1_347' title='bbox 2968 2122 3315 2187; x_wconf 82' lang='grc' dir='ltr'><strong>ἀναστάσεως</strong></span> <span class='ocrx_word' id='word_1_348' title='bbox 3357 2123 3638 2193; x_wconf 84' lang='grc' dir='ltr'>σύνθημα,</span> <span class='ocrx_word' id='word_1_349' title='bbox 3693 2122 3923 2188; x_wconf 76' lang='grc' dir='ltr'><strong>σάλπιγξ</strong></span> 
     </span>
    </p>
   </div>
   <div class='ocr_carea' id='block_1_50' title="bbox 2354 2210 3922 2283">
    <p class='ocr_par' dir='ltr' id='par_1_50' title="bbox 2354 2210 3922 2283">
     <span class='ocr_line' id='line_1_50' title="bbox 2354 2210 3922 2283; baseline 0.001 -22"><span class='ocrx_word' id='word_1_350' title='bbox 2354 2210 2488 2262; x_wconf 82' lang='grc' dir='ltr'><strong>Θεοῦ</strong></span> <span class='ocrx_word' id='word_1_351' title='bbox 2507 2251 2521 2275; x_wconf 89' lang='grc'>,</span> <span class='ocrx_word' id='word_1_352' title='bbox 2548 2212 2687 2263; x_wconf 78' lang='grc' dir='ltr'>κατὰ</span> <span class='ocrx_word' id='word_1_353' title='bbox 2717 2214 2777 2265; x_wconf 83' lang='grc' dir='ltr'>τὸ</span> <span class='ocrx_word' id='word_1_354' title='bbox 2803 2213 3116 2283; x_wconf 80' lang='grc' dir='ltr'><strong>εἰρημένον.</strong></span> <span class='ocrx_word' id='word_1_355' title='bbox 3154 2215 3246 2277; x_wconf 87' lang='grc' dir='ltr'>Εἰς</span> <span class='ocrx_word' id='word_1_356' title='bbox 3272 2214 3440 2267; x_wconf 82' lang='grc' dir='ltr'>τύπον</span> <span class='ocrx_word' id='word_1_357' title='bbox 3461 2210 3559 2267; x_wconf 81' lang='grc' dir='ltr'>οὖν</span> <span class='ocrx_word' id='word_1_358' title='bbox 3581 2214 3811 2282; x_wconf 80' lang='grc' dir='ltr'><strong>ταύτης,</strong></span> <span class='ocrx_word' id='word_1_359' title='bbox 3831 2214 3922 2264; x_wconf 66' lang='grc' dir='ltr'><strong>ἐπὶ</strong></span> 
     </span>
    </p>
   </div>
   <div class='ocr_carea' id='block_1_51' title="bbox 2359 2297 3921 2372">
    <p class='ocr_par' dir='ltr' id='par_1_51' title="bbox 2359 2297 3921 2372">
     <span class='ocr_line' id='line_1_51' title="bbox 2359 2297 3921 2372; baseline 0.003 -23"><span class='ocrx_word' id='word_1_360' title='bbox 2359 2297 2592 2368; x_wconf 78' lang='grc' dir='ltr'><strong>Λαζάρῳ</strong></span> <span class='ocrx_word' id='word_1_361' title='bbox 2625 2300 2765 2368; x_wconf 81' lang='grc' dir='ltr'><strong>μέγα</strong></span> <span class='ocrx_word' id='word_1_362' title='bbox 2811 2318 2862 2351; x_wconf 89' lang='grc' dir='ltr'>τι</span> <span class='ocrx_word' id='word_1_363' title='bbox 2904 2302 2996 2353; x_wconf 63' lang='grc' dir='ltr'><strong>καὶ⁵</strong></span> <span class='ocrx_word' id='word_1_364' title='bbox 3030 2301 3354 2364; x_wconf 74' lang='grc' dir='ltr'>ἐξάκουστον</span> <span class='ocrx_word' id='word_1_365' title='bbox 3392 2304 3637 2372; x_wconf 79' lang='grc' dir='ltr'>ὲφώνησε</span> <span class='ocrx_word' id='word_1_366' title='bbox 3668 2302 3921 2372; x_wconf 81' lang='grc' dir='ltr'>Χριστὸς,</span> 
     </span>
    </p>
   </div>
   <div class='ocr_carea' id='block_1_52' title="bbox 2358 2390 3923 2463">
    <p class='ocr_par' dir='ltr' id='par_1_52' title="bbox 2358 2390 3923 2463">
     <span class='ocr_line' id='line_1_52' title="bbox 2358 2390 3923 2463; baseline 0.003 -23"><span class='ocrx_word' id='word_1_367' title='bbox 2358 2390 2418 2440; x_wconf 81' lang='grc' dir='ltr'><strong>ού</strong></span> <span class='ocrx_word' id='word_1_368' title='bbox 2453 2390 2660 2459; x_wconf 67' lang='grc' dir='ltr'><strong>σφόδρα</strong></span> <span class='ocrx_word' id='word_1_369' title='bbox 2681 2391 2774 2442; x_wconf 86' lang='grc' dir='ltr'><strong>τοῦ</strong></span> <span class='ocrx_word' id='word_1_370' title='bbox 2810 2392 3071 2461; x_wconf 77' lang='grc' dir='ltr'><strong>συνήθους</strong></span> <span class='ocrx_word' id='word_1_371' title='bbox 3097 2394 3388 2463; x_wconf 84' lang='grc' dir='ltr'><strong>φροντίσας</strong></span> <span class='ocrx_word' id='word_1_372' title='bbox 3408 2432 3424 2458; x_wconf 91' lang='grc'>,</span> <span class='ocrx_word' id='word_1_373' title='bbox 3461 2394 3547 2447; x_wconf 79' lang='grc' dir='ltr'><strong>ἶνα</strong></span> <span class='ocrx_word' id='word_1_374' title='bbox 3568 2393 3677 2446; x_wconf 84' lang='grc' dir='ltr'><strong>τῶν</strong></span> <span class='ocrx_word' id='word_1_375' title='bbox 3707 2391 3923 2450; x_wconf 73' lang='grc' dir='ltr'>ἔσεσθαι</span> 
     </span>
    </p>
   </div>
   <div class='ocr_carea' id='block_1_53' title="bbox 2362 2481 3444 2554">
    <p class='ocr_par' dir='ltr' id='par_1_53' title="bbox 2362 2481 3444 2554">
     <span class='ocr_line' id='line_1_53' title="bbox 2362 2481 3444 2554; baseline 0.006 -22"><span class='ocrx_word' id='word_1_376' title='bbox 2362 2481 2827 2551; x_wconf 70' lang='grc' dir='ltr'>προσδοκωμένων</span> <span class='ocrx_word' id='word_1_377' title='bbox 2858 2484 3097 2554; x_wconf 76' lang='grc' dir='ltr'><strong>ἐπιδείξῃ</strong></span> <span class='ocrx_word' id='word_1_378' title='bbox 3128 2486 3219 2537; x_wconf 82' lang='grc' dir='ltr'>τὸν</span> <span class='ocrx_word' id='word_1_379' title='bbox 3254 2485 3444 2538; x_wconf 87' lang='grc' dir='ltr'><strong>τύπον.</strong></span> 
     </span>
    </p>
   </div>
   <div class='ocr_carea' id='block_1_54' title="bbox 2436 2595 3923 2669">
    <p class='ocr_par' dir='ltr' id='par_1_54' title="bbox 2436 2595 3923 2669">
     <span class='ocr_line' id='line_1_54' title="bbox 2436 2595 3923 2669; baseline 0.006 -24"><span class='ocrx_word' id='word_1_380' title='bbox 2436 2595 2592 2647; x_wconf 81' lang='grc' dir='ltr'><strong>Οῦτω</strong></span> <span class='ocrx_word' id='word_1_381' title='bbox 2611 2596 2673 2664; x_wconf 85' lang='grc' dir='ltr'>δή</span> <span class='ocrx_word' id='word_1_382' title='bbox 2694 2614 2832 2658; x_wconf 81' lang='grc' dir='ltr'><strong>τινες</strong></span> <span class='ocrx_word' id='word_1_383' title='bbox 2850 2599 2893 2663; x_wconf 88' lang='lat' dir='ltr'><strong>(l</strong></span> <span class='ocrx_word' id='word_1_384' title='bbox 2909 2598 2945 2665; x_wconf 87' lang='lat'><strong>),</strong></span> <span class='ocrx_word' id='word_1_385' title='bbox 2964 2598 3050 2650; x_wconf 74' lang='grc' dir='ltr'><strong>διὰ</strong></span> <span class='ocrx_word' id='word_1_386' title='bbox 3069 2600 3158 2650; x_wconf 81' lang='grc' dir='ltr'>τὸν</span> <span class='ocrx_word' id='word_1_387' title='bbox 3175 2601 3347 2653; x_wconf 85' lang='grc' dir='ltr'><strong>πάντα</strong></span> <span class='ocrx_word' id='word_1_388' title='bbox 3364 2599 3763 2669; x_wconf 47' lang='grc' dir='ltr'>δυνάμενονητοῦ</span> <span class='ocrx_word' id='word_1_389' title='bbox 3787 2597 3923 2654; x_wconf 75' lang='grc' dir='ltr'><strong>Θεοῦ</strong></span> 
     </span>
    </p>
   </div>
   <div class='ocr_carea' id='block_1_55' title="bbox 2353 2685 3921 2762">
    <p class='ocr_par' dir='ltr' id='par_1_55' title="bbox 2353 2685 3921 2762">
     <span class='ocr_line' id='line_1_55' title="bbox 2353 2685 3921 2762; baseline 0.005 -25"><span class='ocrx_word' id='word_1_390' title='bbox 2353 2685 2525 2751; x_wconf 74' lang='grc' dir='ltr'><strong>Λόγον</strong></span> <span class='ocrx_word' id='word_1_391' title='bbox 2569 2686 2742 2756; x_wconf 82' lang='grc' dir='ltr'><strong>πάντη</strong></span> <span class='ocrx_word' id='word_1_392' title='bbox 2774 2688 3243 2756; x_wconf 58' lang='grc' dir='ltr'><strong>άπγνωσθέντες,</strong></span> <span class='ocrx_word' id='word_1_393' title='bbox 3293 2692 3387 2743; x_wconf 75' lang='grc' dir='ltr'><strong>καὶ</strong></span> <span class='ocrx_word' id='word_1_394' title='bbox 3433 2693 3533 2760; x_wconf 83' lang='grc' dir='ltr'><strong>τῆς</strong></span> <span class='ocrx_word' id='word_1_395' title='bbox 3574 2694 3630 2743; x_wconf 82' lang='grc' dir='ltr'>ὲν</span> <span class='ocrx_word' id='word_1_396' title='bbox 3659 2692 3800 2762; x_wconf 71' lang='grc' dir='ltr'>ψυχῇ</span> <span class='ocrx_word' id='word_1_397' title='bbox 3831 2708 3921 2745; x_wconf 69' lang='grc' dir='ltr'><strong>νι-</strong></span> 
     </span>
    </p>
   </div>
   <div class='ocr_carea' id='block_1_56' title="bbox 2354 2778 3921 2853">
    <p class='ocr_par' dir='ltr' id='par_1_56' title="bbox 2354 2778 3921 2853">
     <span class='ocr_line' id='line_1_56' title="bbox 2354 2778 3921 2853; baseline 0.004 -24"><span class='ocrx_word' id='word_1_398' title='bbox 2354 2778 2618 2848; x_wconf 85' lang='grc' dir='ltr'><strong>κρότητος</strong></span> <span class='ocrx_word' id='word_1_399' title='bbox 2640 2780 2735 2847; x_wconf 82' lang='grc' dir='ltr'><strong>τὴν</strong></span> <span class='ocrx_word' id='word_1_400' title='bbox 2762 2779 3019 2833; x_wconf 83' lang='grc' dir='ltr'>δυσωδίαν</span> <span class='ocrx_word' id='word_1_401' title='bbox 3046 2782 3276 2850; x_wconf 75' lang='grc' dir='ltr'><strong>ἔχοντες,</strong></span> <span class='ocrx_word' id='word_1_402' title='bbox 3297 2784 3390 2835; x_wconf 75' lang='grc' dir='ltr'>καὶ</span> <span class='ocrx_word' id='word_1_403' title='bbox 3421 2782 3691 2844; x_wconf 73' lang='grc' dir='ltr'><strong>οἰκοῦντες</strong></span> <span class='ocrx_word' id='word_1_404' title='bbox 3712 2782 3921 2853; x_wconf 84' lang='grc' dir='ltr'>νεκρῶν</span> 
     </span>
    </p>
   </div>
   <div class='ocr_carea' id='block_1_57' title="bbox 2354 2872 3919 2941">
    <p class='ocr_par' dir='ltr' id='par_1_57' title="bbox 2354 2872 3919 2941">
     <span class='ocr_line' id='line_1_57' title="bbox 2354 2872 3919 2941; baseline 0.004 -20"><span class='ocrx_word' id='word_1_405' title='bbox 2354 2872 2683 2941; x_wconf 75' lang='grc' dir='ltr'><strong>οἰκητήριον,</strong></span> <span class='ocrx_word' id='word_1_406' title='bbox 2707 2872 2947 2934; x_wconf 78' lang='grc' dir='ltr'>ἐλθόντος</span> <span class='ocrx_word' id='word_1_407' title='bbox 2972 2873 3106 2941; x_wconf 66' lang='grc' dir='ltr'><strong>πρὸς</strong></span> <span class='ocrx_word' id='word_1_408' title='bbox 3132 2874 3323 2936; x_wconf 71' lang='grc' dir='ltr'><strong>αὐτοὺς</strong></span> <span class='ocrx_word' id='word_1_409' title='bbox 3348 2874 3436 2925; x_wconf 85' lang='grc' dir='ltr'><strong>τοῦ</strong></span> <span class='ocrx_word' id='word_1_410' title='bbox 3459 2874 3613 2940; x_wconf 74' lang='grc' dir='ltr'>λόγου</span> <span class='ocrx_word' id='word_1_411' title='bbox 3640 2875 3919 2938; x_wconf 84' lang='grc' dir='ltr'>ἀκούουσι,</span> 
     </span>
    </p>
   </div>
   <div class='ocr_carea' id='block_1_58' title="bbox 2358 2962 3915 3034">
    <p class='ocr_par' dir='ltr' id='par_1_58' title="bbox 2358 2962 3915 3034">
     <span class='ocr_line' id='line_1_58' title="bbox 2358 2962 3915 3034; baseline 0.003 -23"><span class='ocrx_word' id='word_1_412' title='bbox 2358 2962 2451 3011; x_wconf 71' lang='grc' dir='ltr'>καὶ</span> <span class='ocrx_word' id='word_1_413' title='bbox 2498 2962 2925 3029; x_wconf 76' lang='grc' dir='ltr'><strong>καθικνουμένης</strong></span> <span class='ocrx_word' id='word_1_414' title='bbox 2962 2963 3123 3014; x_wconf 75' lang='grc' dir='ltr'><strong>αὑτοῦ</strong></span> <span class='ocrx_word' id='word_1_415' title='bbox 3171 2964 3271 3031; x_wconf 78' lang='grc' dir='ltr'><strong>τῆς</strong></span> <span class='ocrx_word' id='word_1_416' title='bbox 3295 2964 3571 3033; x_wconf 73' lang='grc' dir='ltr'>δυνάμεως</span> <span class='ocrx_word' id='word_1_417' title='bbox 3598 2964 3705 3015; x_wconf 83' lang='grc' dir='ltr'>τῶν</span> <span class='ocrx_word' id='word_1_418' title='bbox 3727 2964 3915 3034; x_wconf 72' lang='grc' dir='ltr'>ψυχῶν</span> 
     </span>
    </p>
   </div>
   <div class='ocr_carea' id='block_1_59' title="bbox 2355 3049 3918 3127">
    <p class='ocr_par' dir='ltr' id='par_1_59' title="bbox 2355 3049 3918 3127">
     <span class='ocr_line' id='line_1_59' title="bbox 2355 3049 3918 3127; baseline 0.004 -27"><span class='ocrx_word' id='word_1_419' title='bbox 2355 3049 2531 3100; x_wconf 79' lang='grc' dir='ltr'><strong>αὐτῶν</strong></span> <span class='ocrx_word' id='word_1_420' title='bbox 2560 3050 3527 3122; x_wconf 54' lang='grc' dir='ltr'><strong>λέγοντος,ιΔεῦροέξωμὲξέρῃνται</strong></span> <span class='ocrx_word' id='word_1_421' title='bbox 3551 3054 3628 3105; x_wconf 78' lang='grc' dir='ltr'><strong>ἔτι</strong></span> <span class='ocrx_word' id='word_1_422' title='bbox 3646 3052 3918 3127; x_wconf 76' lang='grc' dir='ltr'><strong>[κηρίαιςῙ</strong></span> 
     </span>
    </p>
   </div>
   <div class='ocr_carea' id='block_1_60' title="bbox 684 3139 2244 3217">
    <p class='ocr_par' dir='ltr' id='par_1_60' title="bbox 684 3139 2244 3209">
     <span class='ocr_line' id='line_1_60' title="bbox 684 3139 2244 3209; baseline 0.002 -17"><span class='ocrx_word' id='word_1_423' title='bbox 684 3139 1010 3209; x_wconf 82' lang='lat' dir='ltr'><strong>grediuntur</strong></span> <span class='ocrx_word' id='word_1_424' title='bbox 1050 3140 1256 3193; x_wconf 90' lang='lat' dir='ltr'><strong>institis</strong></span> <span class='ocrx_word' id='word_1_425' title='bbox 1288 3140 1465 3193; x_wconf 86' lang='lat' dir='ltr'><strong>adhuc</strong></span> <span class='ocrx_word' id='word_1_426' title='bbox 1504 3141 1860 3194; x_wconf 88' lang='lat' dir='ltr'><strong>mortualium</strong></span> <span class='ocrx_word' id='word_1_427' title='bbox 1898 3143 2244 3196; x_wconf 74' lang='lat' dir='ltr'><strong>vinculorum</strong></span> 
     </span>
    </p>
   </div>
   <div class='ocr_carea' id='block_1_61' title="bbox 2350 3139 3916 3217">
    <p class='ocr_par' dir='ltr' id='par_1_61' title="bbox 2351 3143 3916 3215">
     <span class='ocr_line' id='line_1_61' title="bbox 2351 3143 3916 3215; baseline 0.004 -22"><span class='ocrx_word' id='word_1_428' title='bbox 2351 3143 2459 3193; x_wconf 85' lang='grc' dir='ltr'><strong>τῶν</strong></span> <span class='ocrx_word' id='word_1_429' title='bbox 2504 3144 2708 3210; x_wconf 79' lang='grc' dir='ltr'>νεκρῶν</span> <span class='ocrx_word' id='word_1_430' title='bbox 2740 3143 2950 3211; x_wconf 78' lang='grc' dir='ltr'>δεσμῶν</span> <span class='ocrx_word' id='word_1_431' title='bbox 2974 3144 3265 3211; x_wconf 83' lang='grc' dir='ltr'>δεδεμένοι.</span> <span class='ocrx_word' id='word_1_432' title='bbox 3314 3144 3563 3213; x_wconf 75' lang='grc' dir='ltr'>Ἐξῆλθεν</span> <span class='ocrx_word' id='word_1_433' title='bbox 3590 3146 3727 3215; x_wconf 76' lang='grc' dir='ltr'><strong>γὰρ,</strong></span> <span class='ocrx_word' id='word_1_434' title='bbox 3761 3148 3916 3214; x_wconf 68' lang='grc' dir='ltr'>φησὶ,</span> 
     </span>
    </p>
   </div>
   <div class='ocr_carea' id='block_1_62' title="bbox 683 3234 2241 3305">
    <p class='ocr_par' dir='ltr' id='par_1_62' title="bbox 683 3234 2241 3305">
     <span class='ocr_line' id='line_1_62' title="bbox 683 3234 2241 3305; baseline 0.004 -19"><span class='ocrx_word' id='word_1_435' title='bbox 683 3234 912 3303; x_wconf 84' lang='lat' dir='ltr'><strong>alligati.</strong></span> <span class='ocrx_word' id='word_1_436' title='bbox 946 3234 1089 3287; x_wconf 77' lang='lat' dir='ltr'><strong>Exiit</strong></span> <span class='ocrx_word' id='word_1_437' title='bbox 1118 3236 1286 3296; x_wconf 91' lang='lat' dir='ltr'><strong>enim,</strong></span> <span class='ocrx_word' id='word_1_438' title='bbox 1319 3235 1495 3303; x_wconf 90' lang='lat' dir='ltr'><strong>inquit</strong></span> <span class='ocrx_word' id='word_1_439' title='bbox 1529 3234 1837 3303; x_wconf 90' lang='lat' dir='ltr'><strong>Scriptura,</strong></span> <span class='ocrx_word' id='word_1_440' title='bbox 1868 3237 1957 3305; x_wconf 91' lang='lat' dir='ltr'><strong>qui</strong></span> <span class='ocrx_word' id='word_1_441' title='bbox 1993 3246 2241 3293; x_wconf 86' lang='lat' dir='ltr'><strong>mortuus</strong></span> 
     </span>
    </p>
   </div>
   <div class='ocr_carea' id='block_1_63' title="bbox 684 3324 2242 3396">
    <p class='ocr_par' dir='ltr' id='par_1_63' title="bbox 684 3324 2242 3396">
     <span class='ocr_line' id='line_1_63' title="bbox 684 3324 2242 3396; baseline 0.005 -21"><span class='ocrx_word' id='word_1_442' title='bbox 684 3324 881 3390; x_wconf 84' lang='lat' dir='ltr'><strong>fuerat,</strong></span> <span class='ocrx_word' id='word_1_443' title='bbox 915 3326 1094 3380; x_wconf 87' lang='lat' dir='ltr'><strong>adhuc</strong></span> <span class='ocrx_word' id='word_1_444' title='bbox 1142 3326 1449 3380; x_wconf 84' lang='lat' dir='ltr'><strong>devinctus.</strong></span> <span class='ocrx_word' id='word_1_445' title='bbox 1498 3327 1699 3381; x_wconf 87' lang='lat' dir='ltr'><strong>Deinde</strong></span> <span class='ocrx_word' id='word_1_446' title='bbox 1726 3339 1994 3396; x_wconf 63' lang='lat' dir='ltr'><strong>praesente</strong></span> <span class='ocrx_word' id='word_1_447' title='bbox 2019 3327 2147 3383; x_wconf 81' lang='lat' dir='ltr'><strong>Jesu</strong></span> <span class='ocrx_word' id='word_1_448' title='bbox 2190 3340 2242 3383; x_wconf 90' lang='lat' dir='ltr'><strong>et</strong></span> 
     </span>
    </p>
   </div>
   <div class='ocr_carea' id='block_1_64' title="bbox 680 3414 2242 3485">
    <p class='ocr_par' dir='ltr' id='par_1_64' title="bbox 680 3414 2242 3485">
     <span class='ocr_line' id='line_1_64' title="bbox 680 3414 2242 3485; baseline 0.003 -18"><span class='ocrx_word' id='word_1_449' title='bbox 680 3414 988 3484; x_wconf 80' lang='lat' dir='ltr'><strong>discipulis,</strong></span> <span class='ocrx_word' id='word_1_450' title='bbox 1025 3416 1239 3485; x_wconf 86' lang='lat' dir='ltr'><strong>illisque</strong></span> <span class='ocrx_word' id='word_1_451' title='bbox 1258 3417 1579 3483; x_wconf 89' lang='lat' dir='ltr'><strong>mandante,</strong></span> <span class='ocrx_word' id='word_1_452' title='bbox 1617 3418 1898 3471; x_wconf 86' lang='lat' dir='ltr'><strong>resolvunt</strong></span> <span class='ocrx_word' id='word_1_453' title='bbox 1927 3420 2242 3473; x_wconf 87' lang='lat' dir='ltr'><strong>mortuariis</strong></span> 
     </span>
    </p>
   </div>
   <div class='ocr_carea' id='block_1_65' title="bbox 679 3507 2241 3579">
    <p class='ocr_par' dir='ltr' id='par_1_65' title="bbox 679 3507 2241 3579">
     <span class='ocr_line' id='line_1_65' title="bbox 679 3507 2241 3579; baseline 0.003 -19"><span class='ocrx_word' id='word_1_454' title='bbox 679 3508 912 3561; x_wconf 76' lang='lat' dir='ltr'><strong>vinculis</strong></span> <span class='ocrx_word' id='word_1_455' title='bbox 967 3523 1092 3563; x_wconf 91' lang='lat' dir='ltr'><strong>eum</strong></span> <span class='ocrx_word' id='word_1_456' title='bbox 1129 3509 1225 3577; x_wconf 92' lang='lat' dir='ltr'><strong>qui</strong></span> <span class='ocrx_word' id='word_1_457' title='bbox 1283 3507 1425 3563; x_wconf 84' lang='lat' dir='ltr'><strong>Filio</strong></span> <span class='ocrx_word' id='word_1_458' title='bbox 1470 3509 1563 3563; x_wconf 90' lang='lat' dir='ltr'><strong>Dei</strong></span> <span class='ocrx_word' id='word_1_459' title='bbox 1624 3524 1830 3564; x_wconf 90' lang='lat' dir='ltr'><strong>morem</strong></span> <span class='ocrx_word' id='word_1_460' title='bbox 1879 3518 2143 3579; x_wconf 86' lang='lat' dir='ltr'><strong>gesserat,</strong></span> <span class='ocrx_word' id='word_1_461' title='bbox 2187 3518 2241 3564; x_wconf 86' lang='lat' dir='ltr'><strong>et</strong></span> 
     </span>
    </p>
   </div>
   <div class='ocr_carea' id='block_1_66' title="bbox 677 3596 2238 3667">
    <p class='ocr_par' dir='ltr' id='par_1_66' title="bbox 677 3596 2238 3667">
     <span class='ocr_line' id='line_1_66' title="bbox 677 3596 2238 3667; baseline 0 -14"><span class='ocrx_word' id='word_1_462' title='bbox 677 3598 930 3666; x_wconf 85' lang='lat' dir='ltr'><strong>sepulcro</strong></span> <span class='ocrx_word' id='word_1_463' title='bbox 972 3598 1265 3667; x_wconf 84' lang='lat' dir='ltr'><strong>prodierat.</strong></span> <span class='ocrx_word' id='word_1_464' title='bbox 1302 3596 1349 3652; x_wconf 90' lang='lat' dir='ltr'><strong>Is</strong></span> <span class='ocrx_word' id='word_1_465' title='bbox 1391 3608 1575 3651; x_wconf 89' lang='lat' dir='ltr'><strong>autem</strong></span> <span class='ocrx_word' id='word_1_466' title='bbox 1609 3600 1885 3653; x_wconf 86' lang='lat' dir='ltr'><strong>resolutus</strong></span> <span class='ocrx_word' id='word_1_467' title='bbox 1931 3600 2044 3653; x_wconf 89' lang='lat' dir='ltr'><strong>abit</strong></span> <span class='ocrx_word' id='word_1_468' title='bbox 2081 3600 2238 3667; x_wconf 90' lang='lat' dir='ltr'><strong>liber,</strong></span> 
     </span>
    </p>
   </div>
   <div class='ocr_carea' id='block_1_67' title="bbox 674 3685 2237 3756">
    <p class='ocr_par' dir='ltr' id='par_1_67' title="bbox 674 3685 2237 3756">
     <span class='ocr_line' id='line_1_67' title="bbox 674 3685 2237 3756; baseline 0 -13"><span class='ocrx_word' id='word_1_469' title='bbox 674 3699 727 3743; x_wconf 88' lang='lat' dir='ltr'><strong>et</strong></span> <span class='ocrx_word' id='word_1_470' title='bbox 763 3701 886 3740; x_wconf 80' lang='lat' dir='ltr'><strong>mox</strong></span> <span class='ocrx_word' id='word_1_471' title='bbox 919 3702 1057 3740; x_wconf 87' lang='lat' dir='ltr'><strong>cum</strong></span> <span class='ocrx_word' id='word_1_472' title='bbox 1092 3686 1313 3740; x_wconf 85' lang='lat' dir='ltr'><strong>Christo</strong></span> <span class='ocrx_word' id='word_1_473' title='bbox 1352 3687 1668 3741; x_wconf 89' lang='lat' dir='ltr'><strong>discumbit.</strong></span> <span class='ocrx_word' id='word_1_474' title='bbox 1704 3685 1880 3756; x_wconf 87' lang='lat' dir='ltr'><strong>Hujus</strong></span> <span class='ocrx_word' id='word_1_475' title='bbox 1929 3689 2237 3743; x_wconf 86' lang='lat' dir='ltr'><strong>animarum</strong></span> 
     </span>
    </p>
   </div>
   <div class='ocr_carea' id='block_1_68' title="bbox 672 3777 2240 3851">
    <p class='ocr_par' dir='ltr' id='par_1_68' title="bbox 672 3777 2240 3851">
     <span class='ocr_line' id='line_1_68' title="bbox 672 3777 2240 3851; baseline 0.003 -18"><span class='ocrx_word' id='word_1_476' title='bbox 672 3779 883 3835; x_wconf 81' lang='lat' dir='ltr'><strong>ordinis</strong></span> <span class='ocrx_word' id='word_1_477' title='bbox 917 3778 1094 3849; x_wconf 85' lang='lat' dir='ltr'><strong>imago</strong></span> <span class='ocrx_word' id='word_1_478' title='bbox 1133 3778 1264 3833; x_wconf 86' lang='lat' dir='ltr'><strong>mihi</strong></span> <span class='ocrx_word' id='word_1_479' title='bbox 1306 3778 1525 3834; x_wconf 86' lang='lat' dir='ltr'><strong>videtur</strong></span> <span class='ocrx_word' id='word_1_480' title='bbox 1556 3777 1817 3845; x_wconf 83' lang='lat' dir='ltr'><strong>Lazarus,</strong></span> <span class='ocrx_word' id='word_1_481' title='bbox 1847 3781 1939 3851; x_wconf 92' lang='lat' dir='ltr'><strong>qui</strong></span> <span class='ocrx_word' id='word_1_482' title='bbox 1972 3792 2090 3837; x_wconf 87' lang='lat' dir='ltr'><strong>erat</strong></span> <span class='ocrx_word' id='word_1_483' title='bbox 2140 3782 2240 3837; x_wconf 88' lang='lat' dir='ltr'><strong>Be-</strong></span> 
     </span>
    </p>
   </div>
   <div class='ocr_carea' id='block_1_69' title="bbox 672 3866 2237 3929">
    <p class='ocr_par' dir='ltr' id='par_1_69' title="bbox 672 3866 2237 3929">
     <span class='ocr_line' id='line_1_69' title="bbox 672 3866 2237 3929; baseline 0.006 -13"><span class='ocrx_word' id='word_1_484' title='bbox 672 3866 860 3917; x_wconf 81' lang='lat' dir='ltr'><strong>thania</strong></span> <span class='ocrx_word' id='word_1_485' title='bbox 916 3866 1228 3929; x_wconf 85' lang='lat' dir='ltr'><strong>oriundus,</strong></span> <span class='ocrx_word' id='word_1_486' title='bbox 1285 3867 1338 3920; x_wconf 90' lang='lat' dir='ltr'><strong>id</strong></span> <span class='ocrx_word' id='word_1_487' title='bbox 1398 3876 1482 3921; x_wconf 89' lang='lat' dir='ltr'><strong>est</strong></span> <span class='ocrx_word' id='word_1_488' title='bbox 1532 3868 1855 3923; x_wconf 71' lang='lat' dir='ltr'><strong>obedientize</strong></span> <span class='ocrx_word' id='word_1_489' title='bbox 1905 3869 2087 3925; x_wconf 91' lang='lat' dir='ltr'><strong>domo.</strong></span> <span class='ocrx_word' id='word_1_490' title='bbox 2136 3872 2237 3925; x_wconf 83' lang='lat' dir='ltr'><strong>Hic</strong></span> 
     </span>
    </p>
   </div>
   <div class='ocr_carea' id='block_1_70' title="bbox 673 3956 2237 4025">
    <p class='ocr_par' dir='ltr' id='par_1_70' title="bbox 673 3956 2237 4025">
     <span class='ocr_line' id='line_1_70' title="bbox 673 3956 2237 4025; baseline 0.008 -22"><span class='ocrx_word' id='word_1_491' title='bbox 673 3964 863 4021; x_wconf 80' lang='lat' dir='ltr'><strong>postea</strong></span> <span class='ocrx_word' id='word_1_492' title='bbox 888 3956 1195 4024; x_wconf 65' lang='lat' dir='ltr'><strong>azgrotavit,</strong></span> <span class='ocrx_word' id='word_1_493' title='bbox 1226 3957 1322 4025; x_wconf 89' lang='lat' dir='ltr'><strong>qui</strong></span> <span class='ocrx_word' id='word_1_494' title='bbox 1358 3972 1524 4012; x_wconf 81' lang='lat' dir='ltr'><strong>sanus</strong></span> <span class='ocrx_word' id='word_1_495' title='bbox 1560 3973 1685 4011; x_wconf 90' lang='lat' dir='ltr'><strong>cum</strong></span> <span class='ocrx_word' id='word_1_496' title='bbox 1719 3968 1889 4022; x_wconf 84' lang='lat' dir='ltr'><strong>esset,</strong></span> <span class='ocrx_word' id='word_1_497' title='bbox 1919 3977 1948 4014; x_wconf 90' lang='lat' dir='ltr'><strong>a</strong></span> <span class='ocrx_word' id='word_1_498' title='bbox 1986 3959 2119 4016; x_wconf 83' lang='lat' dir='ltr'><strong>Jesu</strong></span> <span class='ocrx_word' id='word_1_499' title='bbox 2154 3963 2237 4016; x_wconf 88' lang='lat' dir='ltr'><strong>di-</strong></span> 
     </span>
    </p>
   </div>
   <div class='ocr_carea' id='block_1_71' title="bbox 673 4044 2234 4123">
    <p class='ocr_par' dir='ltr' id='par_1_71' title="bbox 673 4044 2234 4123">
     <span class='ocr_line' id='line_1_71' title="bbox 673 4044 2234 4123; baseline 0.009 -28"><span class='ocrx_word' id='word_1_500' title='bbox 673 4044 962 4113; x_wconf 78' lang='lat' dir='ltr'><strong>ligebatur.</strong></span> <span class='ocrx_word' id='word_1_501' title='bbox 994 4044 1146 4100; x_wconf 84' lang='lat' dir='ltr'><strong>Haud</strong></span> <span class='ocrx_word' id='word_1_502' title='bbox 1177 4062 1309 4116; x_wconf 84' lang='lat' dir='ltr'><strong>ergo</strong></span> <span class='ocrx_word' id='word_1_503' title='bbox 1338 4047 1716 4117; x_wconf 88' lang='lat' dir='ltr'><strong>desperandus</strong></span> <span class='ocrx_word' id='word_1_504' title='bbox 1759 4066 1826 4105; x_wconf 90' lang='lat' dir='ltr'><strong>ne</strong></span> <span class='ocrx_word' id='word_1_505' title='bbox 1864 4051 1956 4107; x_wconf 91' lang='lat' dir='ltr'><strong>ille</strong></span> <span class='ocrx_word' id='word_1_506' title='bbox 2010 4054 2234 4123; x_wconf 87' lang='lat' dir='ltr'><strong>quidem</strong></span> 
     </span>
    </p>
   </div>
   <div class='ocr_carea' id='block_1_72' title="bbox 670 4133 2231 4203">
    <p class='ocr_par' dir='ltr' id='par_1_72' title="bbox 670 4133 2231 4203">
     <span class='ocr_line' id='line_1_72' title="bbox 670 4133 2231 4203; baseline 0.01 -20"><span class='ocrx_word' id='word_1_507' title='bbox 670 4133 763 4202; x_wconf 88' lang='lat' dir='ltr'><strong>qui</strong></span> <span class='ocrx_word' id='word_1_508' title='bbox 817 4134 870 4187; x_wconf 93' lang='lat' dir='ltr'><strong>in</strong></span> <span class='ocrx_word' id='word_1_509' title='bbox 902 4144 1147 4188; x_wconf 79' lang='lat' dir='ltr'><strong>extrema</strong></span> <span class='ocrx_word' id='word_1_510' title='bbox 1197 4135 1549 4203; x_wconf 85' lang='lat' dir='ltr'><strong>improbitate</strong></span> <span class='ocrx_word' id='word_1_511' title='bbox 1582 4147 1853 4193; x_wconf 82' lang='lat' dir='ltr'><strong>versatur.</strong></span> <span class='ocrx_word' id='word_1_512' title='bbox 1896 4140 2231 4198; x_wconf 65' lang='lat' dir='ltr'><strong>Praeclarum</strong></span> 
     </span>
    </p>
   </div>
   <div class='ocr_carea' id='block_1_73' title="bbox 668 4225 2234 4303">
    <p class='ocr_par' dir='ltr' id='par_1_73' title="bbox 668 4225 2234 4303">
     <span class='ocr_line' id='line_1_73' title="bbox 668 4225 2234 4303; baseline 0.008 -27"><span class='ocrx_word' id='word_1_513' title='bbox 668 4225 888 4289; x_wconf 80' lang='lat' dir='ltr'><strong>quidem</strong></span> <span class='ocrx_word' id='word_1_514' title='bbox 911 4234 995 4280; x_wconf 91' lang='lat' dir='ltr'><strong>est</strong></span> <span class='ocrx_word' id='word_1_515' title='bbox 1022 4242 1128 4279; x_wconf 93' lang='lat' dir='ltr'><strong>non</strong></span> <span class='ocrx_word' id='word_1_516' title='bbox 1159 4225 1456 4291; x_wconf 81' lang='lat' dir='ltr'><strong>infirmari;</strong></span> <span class='ocrx_word' id='word_1_517' title='bbox 1484 4229 1529 4280; x_wconf 91' lang='lat' dir='ltr'><strong>si</strong></span> <span class='ocrx_word' id='word_1_518' title='bbox 1568 4230 1691 4298; x_wconf 92' lang='lat' dir='ltr'><strong>quis</strong></span> <span class='ocrx_word' id='word_1_519' title='bbox 1721 4239 1901 4286; x_wconf 88' lang='lat' dir='ltr'><strong>tamen</strong></span> <span class='ocrx_word' id='word_1_520' title='bbox 1934 4246 2234 4303; x_wconf 77' lang='lat' dir='ltr'><strong>aegrotave-</strong></span> 
     </span>
    </p>
   </div>
   <div class='ocr_carea' id='block_1_74' title="bbox 669 4317 2231 4393">
    <p class='ocr_par' dir='ltr' id='par_1_74' title="bbox 669 4317 2231 4393">
     <span class='ocr_line' id='line_1_74' title="bbox 669 4317 2231 4393; baseline 0.007 -26"><span class='ocrx_word' id='word_1_521' title='bbox 669 4318 760 4377; x_wconf 89' lang='lat' dir='ltr'><strong>rit,</strong></span> <span class='ocrx_word' id='word_1_522' title='bbox 788 4324 905 4369; x_wconf 90' lang='lat' dir='ltr'><strong>oret</strong></span> <span class='ocrx_word' id='word_1_523' title='bbox 936 4333 1001 4370; x_wconf 92' lang='lat' dir='ltr'><strong>ne</strong></span> <span class='ocrx_word' id='word_1_524' title='bbox 1041 4317 1329 4371; x_wconf 89' lang='lat' dir='ltr'><strong>infirmitas</strong></span> <span class='ocrx_word' id='word_1_525' title='bbox 1363 4317 1479 4385; x_wconf 88' lang='lat' dir='ltr'><strong>ejus</strong></span> <span class='ocrx_word' id='word_1_526' title='bbox 1513 4320 1586 4371; x_wconf 84' lang='lat' dir='ltr'><strong>sit</strong></span> <span class='ocrx_word' id='word_1_527' title='bbox 1614 4321 1679 4373; x_wconf 90' lang='lat' dir='ltr'><strong>ad</strong></span> <span class='ocrx_word' id='word_1_528' title='bbox 1711 4330 1965 4385; x_wconf 88' lang='lat' dir='ltr'><strong>mortem,</strong></span> <span class='ocrx_word' id='word_1_529' title='bbox 2005 4324 2098 4377; x_wconf 91' lang='lat' dir='ltr'><strong>sed</strong></span> <span class='ocrx_word' id='word_1_530' title='bbox 2135 4340 2231 4393; x_wconf 90' lang='lat' dir='ltr'><strong>pro</strong></span> 
     </span>
    </p>
   </div>
   <div class='ocr_carea' id='block_1_75' title="bbox 668 4406 2228 4483">
    <p class='ocr_par' dir='ltr' id='par_1_75' title="bbox 668 4406 2228 4483">
     <span class='ocr_line' id='line_1_75' title="bbox 668 4406 2228 4483; baseline 0.006 -25"><span class='ocrx_word' id='word_1_531' title='bbox 668 4407 843 4471; x_wconf 73' lang='lat' dir='ltr'><strong>gloria</strong></span> <span class='ocrx_word' id='word_1_532' title='bbox 880 4406 993 4460; x_wconf 85' lang='lat' dir='ltr'><strong>Dei.</strong></span> <span class='ocrx_word' id='word_1_533' title='bbox 1022 4410 1176 4472; x_wconf 80' lang='lat' dir='ltr'><strong>Quod</strong></span> <span class='ocrx_word' id='word_1_534' title='bbox 1222 4420 1473 4478; x_wconf 86' lang='lat' dir='ltr'><strong>spectare</strong></span> <span class='ocrx_word' id='word_1_535' title='bbox 1520 4411 1643 4465; x_wconf 88' lang='lat' dir='ltr'><strong>licet</strong></span> <span class='ocrx_word' id='word_1_536' title='bbox 1685 4414 1737 4466; x_wconf 89' lang='lat' dir='ltr'><strong>in</strong></span> <span class='ocrx_word' id='word_1_537' title='bbox 1771 4414 1875 4468; x_wconf 86' lang='lat' dir='ltr'><strong>isto</strong></span> <span class='ocrx_word' id='word_1_538' title='bbox 1920 4417 2013 4483; x_wconf 86' lang='lat' dir='ltr'><strong>qui</strong></span> <span class='ocrx_word' id='word_1_539' title='bbox 2045 4414 2228 4470; x_wconf 79' lang='lat' dir='ltr'><strong>Jesum</strong></span> 
     </span>
    </p>
   </div>
   <div class='ocr_carea' id='block_1_76' title="bbox 2348 3230 3921 3306">
    <p class='ocr_par' dir='ltr' id='par_1_76' title="bbox 2348 3230 3921 3306">
     <span class='ocr_line' id='line_1_76' title="bbox 2348 3230 3921 3306; baseline 0.003 -21"><span class='ocrx_word' id='word_1_540' title='bbox 2348 3235 2375 3285; x_wconf 83' lang='grc' dir='ltr'><strong><em>ὁ</em></strong></span> <span class='ocrx_word' id='word_1_541' title='bbox 2412 3233 2686 3301; x_wconf 88' lang='grc' dir='ltr'><strong>τεθνηκὼς</strong></span> <span class='ocrx_word' id='word_1_542' title='bbox 2717 3234 3016 3302; x_wconf 77' lang='grc' dir='ltr'>δεδεμένος.</span> <span class='ocrx_word' id='word_1_543' title='bbox 3046 3230 3173 3287; x_wconf 83' lang='grc' dir='ltr'><strong>Εἶτα</strong></span> <span class='ocrx_word' id='word_1_544' title='bbox 3210 3236 3473 3305; x_wconf 77' lang='grc' dir='ltr'><strong>παρόντος</strong></span> <span class='ocrx_word' id='word_1_545' title='bbox 3501 3236 3590 3289; x_wconf 84' lang='grc' dir='ltr'><strong>τοῦ</strong></span> <span class='ocrx_word' id='word_1_546' title='bbox 3628 3236 3802 3306; x_wconf 83' lang='grc' dir='ltr'><strong>Ἰησοῦ</strong></span> <span class='ocrx_word' id='word_1_547' title='bbox 3823 3237 3921 3290; x_wconf 71' lang='grc' dir='ltr'><strong>καί</strong></span> 
     </span>
    </p>
   </div>
   <div class='ocr_carea' id='block_1_77' title="bbox 2347 3323 3920 3393">
    <p class='ocr_par' dir='ltr' id='par_1_77' title="bbox 2347 3323 3920 3393">
     <span class='ocr_line' id='line_1_77' title="bbox 2347 3323 3920 3393; baseline 0 -17"><span class='ocrx_word' id='word_1_548' title='bbox 2347 3323 2454 3376; x_wconf 85' lang='grc' dir='ltr'><strong>τῶν</strong></span> <span class='ocrx_word' id='word_1_549' title='bbox 2480 3324 2737 3393; x_wconf 82' lang='grc' dir='ltr'><strong>μαθητῶν</strong></span> <span class='ocrx_word' id='word_1_550' title='bbox 2758 3364 2771 3387; x_wconf 90' lang='grc'>,</span> <span class='ocrx_word' id='word_1_551' title='bbox 2826 3327 2916 3376; x_wconf 62' lang='grc' dir='ltr'><strong>κα)¹</strong></span> <span class='ocrx_word' id='word_1_552' title='bbox 2945 3326 3297 3388; x_wconf 76' lang='grc' dir='ltr'>κελεύσαντος</span> <span class='ocrx_word' id='word_1_553' title='bbox 3334 3327 3514 3386; x_wconf 73' lang='grc' dir='ltr'><strong>αὐτοῖς</strong></span> <span class='ocrx_word' id='word_1_554' title='bbox 3533 3366 3548 3388; x_wconf 96' lang='grc'>,</span> <span class='ocrx_word' id='word_1_555' title='bbox 3598 3326 3782 3379; x_wconf 77' lang='grc' dir='ltr'>λύουσι</span> <span class='ocrx_word' id='word_1_556' title='bbox 3810 3326 3920 3377; x_wconf 84' lang='grc' dir='ltr'><strong>τῶν</strong></span> 
     </span>
    </p>
   </div>
   <div class='ocr_carea' id='block_1_78' title="bbox 2346 3414 3919 3487">
    <p class='ocr_par' dir='ltr' id='par_1_78' title="bbox 2346 3414 3919 3487">
     <span class='ocr_line' id='line_1_78' title="bbox 2346 3414 3919 3487; baseline 0.001 -19"><span class='ocrx_word' id='word_1_557' title='bbox 2346 3415 2438 3468; x_wconf 86' lang='grc' dir='ltr'><strong>τοῦ</strong></span> <span class='ocrx_word' id='word_1_558' title='bbox 2469 3414 2660 3486; x_wconf 85' lang='grc' dir='ltr'>νεκροῦ</span> <span class='ocrx_word' id='word_1_559' title='bbox 2704 3416 2917 3484; x_wconf 81' lang='grc' dir='ltr'>δεσμῶν</span> <span class='ocrx_word' id='word_1_560' title='bbox 2948 3416 3037 3467; x_wconf 70' lang='grc' dir='ltr'><strong>τὸν</strong></span> <span class='ocrx_word' id='word_1_561' title='bbox 3069 3416 3356 3470; x_wconf 74' lang='grc' dir='ltr'><strong>πεισθέντα</strong></span> <span class='ocrx_word' id='word_1_562' title='bbox 3399 3418 3475 3485; x_wconf 83' lang='grc' dir='ltr'>τῷ</span> <span class='ocrx_word' id='word_1_563' title='bbox 3513 3418 3626 3487; x_wconf 72' lang='grc' dir='ltr'><strong>1⁸ίῷ</strong></span> <span class='ocrx_word' id='word_1_564' title='bbox 3657 3417 3751 3470; x_wconf 90' lang='grc' dir='ltr'><strong>τοῦ</strong></span> <span class='ocrx_word' id='word_1_565' title='bbox 3779 3417 3919 3469; x_wconf 90' lang='grc' dir='ltr'><strong>Θεοῦ</strong></span> 
     </span>
    </p>
   </div>
   <div class='ocr_carea' id='block_1_79' title="bbox 2348 3506 3917 3576">
    <p class='ocr_par' dir='ltr' id='par_1_79' title="bbox 2348 3506 3917 3576">
     <span class='ocr_line' id='line_1_79' title="bbox 2348 3506 3917 3576; baseline 0.003 -19"><span class='ocrx_word' id='word_1_566' title='bbox 2348 3508 2440 3558; x_wconf 74' lang='grc' dir='ltr'><strong>καὶ</strong></span> <span class='ocrx_word' id='word_1_567' title='bbox 2468 3507 2753 3575; x_wconf 85' lang='grc' dir='ltr'>γενόμενον</span> <span class='ocrx_word' id='word_1_568' title='bbox 2798 3506 2900 3569; x_wconf 77' lang='grc' dir='ltr'>ἔξω</span> <span class='ocrx_word' id='word_1_569' title='bbox 2930 3506 3020 3558; x_wconf 86' lang='grc' dir='ltr'><strong>τοῦ</strong></span> <span class='ocrx_word' id='word_1_570' title='bbox 3074 3506 3359 3576; x_wconf 85' lang='grc' dir='ltr'>μνημείου.</span> <span class='ocrx_word' id='word_1_571' title='bbox 3427 3509 3485 3559; x_wconf 86' lang='grc' dir='ltr'>Ὀ</span> <span class='ocrx_word' id='word_1_572' title='bbox 3510 3507 3567 3560; x_wconf 75' lang='grc' dir='ltr'>δὲ</span> <span class='ocrx_word' id='word_1_573' title='bbox 3594 3508 3773 3571; x_wconf 67' lang='grc' dir='ltr'>λυθεὶς</span> <span class='ocrx_word' id='word_1_574' title='bbox 3806 3509 3917 3561; x_wconf 77' lang='grc' dir='ltr'><strong>ἄπ-</strong></span> 
     </span>
    </p>
   </div>
   <div class='ocr_carea' id='block_1_80' title="bbox 2345 3597 3915 3669">
    <p class='ocr_par' dir='ltr' id='par_1_80' title="bbox 2345 3597 3915 3669">
     <span class='ocr_line' id='line_1_80' title="bbox 2345 3597 3915 3669; baseline 0.003 -21"><span class='ocrx_word' id='word_1_575' title='bbox 2345 3614 2480 3649; x_wconf 92' lang='grc' dir='ltr'>εισιν</span> <span class='ocrx_word' id='word_1_576' title='bbox 2527 3597 2834 3666; x_wconf 75' lang='grc' dir='ltr'>ἐλεύθερος,</span> <span class='ocrx_word' id='word_1_577' title='bbox 2877 3597 2969 3648; x_wconf 75' lang='lat' dir='ltr'><strong>xal.</strong></span> <span class='ocrx_word' id='word_1_578' title='bbox 3015 3598 3141 3665; x_wconf 76' lang='grc' dir='ltr'><strong>ἑξῆς</strong></span> <span class='ocrx_word' id='word_1_579' title='bbox 3174 3598 3551 3651; x_wconf 82' lang='grc' dir='ltr'><strong>συνανάκειται</strong></span> <span class='ocrx_word' id='word_1_580' title='bbox 3599 3599 3676 3669; x_wconf 79' lang='grc' dir='ltr'><strong>τῷ</strong></span> <span class='ocrx_word' id='word_1_581' title='bbox 3718 3599 3915 3669; x_wconf 82' lang='grc' dir='ltr'><strong>Ἰησοῦ.</strong></span> 
     </span>
    </p>
   </div>
   <div class='ocr_carea' id='block_1_81' title="bbox 2346 3684 3921 3759">
    <p class='ocr_par' dir='ltr' id='par_1_81' title="bbox 2346 3684 3921 3759">
     <span class='ocr_line' id='line_1_81' title="bbox 2346 3684 3921 3759; baseline 0.004 -23"><span class='ocrx_word' id='word_1_582' title='bbox 2346 3687 2596 3738; x_wconf 88' lang='grc' dir='ltr'>Τοιούτου</span> <span class='ocrx_word' id='word_1_583' title='bbox 2648 3686 2787 3750; x_wconf 77' lang='grc' dir='ltr'>τινος</span> <span class='ocrx_word' id='word_1_584' title='bbox 2858 3688 3136 3757; x_wconf 80' lang='grc' dir='ltr'><strong>τάγματος</strong></span> <span class='ocrx_word' id='word_1_585' title='bbox 3178 3686 3442 3757; x_wconf 76' lang='grc' dir='ltr'>σύμϐολον</span> <span class='ocrx_word' id='word_1_586' title='bbox 3482 3684 3620 3742; x_wconf 77' lang='grc' dir='ltr'><strong>εἷναί</strong></span> <span class='ocrx_word' id='word_1_587' title='bbox 3654 3708 3744 3759; x_wconf 90' lang='grc' dir='ltr'>μοι</span> <span class='ocrx_word' id='word_1_588' title='bbox 3770 3691 3921 3742; x_wconf 76' lang='grc' dir='ltr'>δοκεῖ</span> 
     </span>
    </p>
   </div>
   <div class='ocr_carea' id='block_1_82' title="bbox 2344 3774 3916 3850">
    <p class='ocr_par' dir='ltr' id='par_1_82' title="bbox 2344 3774 3916 3850">
     <span class='ocr_line' id='line_1_82' title="bbox 2344 3774 3916 3850; baseline 0.002 -21"><span class='ocrx_word' id='word_1_589' title='bbox 2344 3779 2372 3829; x_wconf 86' lang='grc' dir='ltr'>ὁ</span> <span class='ocrx_word' id='word_1_590' title='bbox 2398 3778 2664 3847; x_wconf 74' lang='grc' dir='ltr'><strong>Λάζαρος,</strong></span> <span class='ocrx_word' id='word_1_591' title='bbox 2690 3778 2836 3839; x_wconf 82' lang='grc' dir='ltr'><strong>ὅστις</strong></span> <span class='ocrx_word' id='word_1_592' title='bbox 2869 3779 2966 3847; x_wconf 84' lang='grc' dir='ltr'>μὲν</span> <span class='ocrx_word' id='word_1_593' title='bbox 2996 3774 3062 3848; x_wconf 80' lang='grc' dir='ltr'><strong>ἦν</strong></span> <span class='ocrx_word' id='word_1_594' title='bbox 3095 3780 3202 3831; x_wconf 76' lang='grc' dir='ltr'><strong>ἀπὸ</strong></span> <span class='ocrx_word' id='word_1_595' title='bbox 3234 3779 3522 3847; x_wconf 84' lang='grc' dir='ltr'><strong>Βηθανίας,</strong></span> <span class='ocrx_word' id='word_1_596' title='bbox 3563 3780 3655 3833; x_wconf 89' lang='grc' dir='ltr'><strong>τοῦ</strong></span> <span class='ocrx_word' id='word_1_597' title='bbox 3688 3781 3785 3850; x_wconf 87' lang='grc' dir='ltr'><strong>τῆς</strong></span> <span class='ocrx_word' id='word_1_598' title='bbox 3809 3780 3916 3832; x_wconf 84' lang='grc' dir='ltr'><strong>ύπ-</strong></span> 
     </span>
    </p>
   </div>
   <div class='ocr_carea' id='block_1_83' title="bbox 2344 3868 3916 3939">
    <p class='ocr_par' dir='ltr' id='par_1_83' title="bbox 2344 3868 3916 3939">
     <span class='ocr_line' id='line_1_83' title="bbox 2344 3868 3916 3939; baseline 0.001 -18"><span class='ocrx_word' id='word_1_599' title='bbox 2344 3868 2513 3936; x_wconf 83' lang='grc' dir='ltr'>ακοῆς</span> <span class='ocrx_word' id='word_1_600' title='bbox 2564 3868 2729 3919; x_wconf 88' lang='grc' dir='ltr'>οίκου.</span> <span class='ocrx_word' id='word_1_601' title='bbox 2798 3868 3119 3938; x_wconf 80' lang='grc' dir='ltr'>Ἠσθένησεν</span> <span class='ocrx_word' id='word_1_602' title='bbox 3169 3868 3425 3939; x_wconf 75' lang='grc' dir='ltr'><strong>ὕστερον,</strong></span> <span class='ocrx_word' id='word_1_603' title='bbox 3479 3871 3653 3923; x_wconf 86' lang='grc' dir='ltr'><strong>καίτοι</strong></span> <span class='ocrx_word' id='word_1_604' title='bbox 3709 3887 3771 3937; x_wconf 88' lang='grc' dir='ltr'><strong>γε</strong></span> <span class='ocrx_word' id='word_1_605' title='bbox 3822 3871 3916 3922; x_wconf 78' lang='grc' dir='ltr'><strong>ὅτε</strong></span> 
     </span>
    </p>
   </div>
   <div class='ocr_carea' id='block_1_84' title="bbox 2345 3958 3913 4030">
    <p class='ocr_par' dir='ltr' id='par_1_84' title="bbox 2345 3958 3913 4030">
     <span class='ocr_line' id='line_1_84' title="bbox 2345 3958 3913 4030; baseline 0.001 -17"><span class='ocrx_word' id='word_1_606' title='bbox 2345 3958 2581 4027; x_wconf 84' lang='grc' dir='ltr'><strong>ύγίαινεν</strong></span> <span class='ocrx_word' id='word_1_607' title='bbox 2612 3958 2762 4026; x_wconf 78' lang='grc' dir='ltr'>φίλος</span> <span class='ocrx_word' id='word_1_608' title='bbox 2806 3958 2879 4010; x_wconf 85' lang='grc' dir='ltr'>ὣν</span> <span class='ocrx_word' id='word_1_609' title='bbox 2931 3959 3023 4011; x_wconf 90' lang='grc' dir='ltr'><strong>τοῦ</strong></span> <span class='ocrx_word' id='word_1_610' title='bbox 3065 3960 3257 4029; x_wconf 88' lang='grc' dir='ltr'><strong>Ἰησοῦ.</strong></span> <span class='ocrx_word' id='word_1_611' title='bbox 3316 3962 3391 4013; x_wconf 64' lang='lat' dir='ltr'><strong>ut</strong></span> <span class='ocrx_word' id='word_1_612' title='bbox 3416 3962 3494 4013; x_wconf 87' lang='grc' dir='ltr'><strong>δεῖ</strong></span> <span class='ocrx_word' id='word_1_613' title='bbox 3520 3958 3610 4015; x_wconf 84' lang='grc' dir='ltr'><strong>οῦν</strong></span> <span class='ocrx_word' id='word_1_614' title='bbox 3639 3961 3913 4030; x_wconf 78' lang='grc' dir='ltr'><strong>άπογινὼο</strong></span> 
     </span>
    </p>
   </div>
   <div class='ocr_carea' id='block_1_85' title="bbox 2343 4048 3914 4120">
    <p class='ocr_par' dir='ltr' id='par_1_85' title="bbox 2343 4048 3914 4120">
     <span class='ocr_line' id='line_1_85' title="bbox 2343 4048 3914 4120; baseline 0.005 -21"><span class='ocrx_word' id='word_1_615' title='bbox 2343 4065 2494 4100; x_wconf 92' lang='grc' dir='ltr'>σκειν</span> <span class='ocrx_word' id='word_1_616' title='bbox 2514 4050 2605 4101; x_wconf 79' lang='grc' dir='ltr'><strong>καὶ</strong></span> <span class='ocrx_word' id='word_1_617' title='bbox 2629 4048 2716 4100; x_wconf 83' lang='grc' dir='ltr'><strong>τὸν</strong></span> <span class='ocrx_word' id='word_1_618' title='bbox 2738 4051 2795 4101; x_wconf 77' lang='grc' dir='ltr'><strong>ὲν</strong></span> <span class='ocrx_word' id='word_1_619' title='bbox 2824 4050 3025 4120; x_wconf 76' lang='grc' dir='ltr'><strong>ἐσχάτῃ</strong></span> <span class='ocrx_word' id='word_1_620' title='bbox 3049 4050 3213 4120; x_wconf 82' lang='grc' dir='ltr'>κακίᾳ</span> <span class='ocrx_word' id='word_1_621' title='bbox 3236 4053 3539 4120; x_wconf 87' lang='grc' dir='ltr'>γινόμενον.</span> <span class='ocrx_word' id='word_1_622' title='bbox 3566 4053 3674 4105; x_wconf 76' lang='grc' dir='ltr'><strong>Καὶ</strong></span> <span class='ocrx_word' id='word_1_623' title='bbox 3701 4054 3782 4105; x_wconf 83' lang='grc' dir='ltr'><strong>ὃτι</strong></span> <span class='ocrx_word' id='word_1_624' title='bbox 3806 4069 3914 4107; x_wconf 84' lang='grc' dir='ltr'><strong>κα-</strong></span> 
     </span>
    </p>
   </div>
   <div class='ocr_carea' id='block_1_86' title="bbox 2340 4138 3915 4211">
    <p class='ocr_par' dir='ltr' id='par_1_86' title="bbox 2340 4138 3915 4211">
     <span class='ocr_line' id='line_1_86' title="bbox 2340 4138 3915 4211; baseline 0.003 -20"><span class='ocrx_word' id='word_1_625' title='bbox 2340 4140 2427 4192; x_wconf 81' lang='grc' dir='ltr'><strong>λὸν</strong></span> <span class='ocrx_word' id='word_1_626' title='bbox 2451 4139 2549 4208; x_wconf 87' lang='grc' dir='ltr'><strong>μὲν</strong></span> <span class='ocrx_word' id='word_1_627' title='bbox 2564 4139 2624 4190; x_wconf 79' lang='grc' dir='ltr'><strong>τὸ</strong></span> <span class='ocrx_word' id='word_1_628' title='bbox 2650 4140 2722 4209; x_wconf 82' lang='grc' dir='ltr'>μὴ</span> <span class='ocrx_word' id='word_1_629' title='bbox 2741 4138 2985 4191; x_wconf 81' lang='grc' dir='ltr'><strong>ἀσθενεῖν</strong></span> <span class='ocrx_word' id='word_1_630' title='bbox 3005 4156 3017 4169; x_wconf 76' lang='grc' dir='ltr'><strong>ο</strong></span> <span class='ocrx_word' id='word_1_631' title='bbox 3045 4141 3091 4192; x_wconf 87' lang='grc' dir='ltr'>εἰ</span> <span class='ocrx_word' id='word_1_632' title='bbox 3108 4141 3164 4193; x_wconf 82' lang='grc' dir='ltr'>δέ</span> <span class='ocrx_word' id='word_1_633' title='bbox 3188 4158 3273 4203; x_wconf 86' lang='grc' dir='ltr'>τις</span> <span class='ocrx_word' id='word_1_634' title='bbox 3292 4142 3506 4193; x_wconf 83' lang='grc' dir='ltr'>ἀσθενεῖ</span> <span class='ocrx_word' id='word_1_635' title='bbox 3524 4182 3537 4206; x_wconf 88' lang='grc'>,</span> <span class='ocrx_word' id='word_1_636' title='bbox 3562 4141 3799 4211; x_wconf 82' lang='grc' dir='ltr'>εὐχέσθω</span> <span class='ocrx_word' id='word_1_637' title='bbox 3821 4144 3915 4197; x_wconf 78' lang='grc' dir='ltr'>ἵνα</span> 
     </span>
    </p>
   </div>
   <div class='ocr_carea' id='block_1_87' title="bbox 2342 4226 3913 4303">
    <p class='ocr_par' dir='ltr' id='par_1_87' title="bbox 2342 4226 3913 4303">
     <span class='ocr_line' id='line_1_87' title="bbox 2342 4226 3913 4303; baseline 0.004 -24"><span class='ocrx_word' id='word_1_638' title='bbox 2342 4229 2416 4298; x_wconf 82' lang='grc' dir='ltr'>μὴ</span> <span class='ocrx_word' id='word_1_639' title='bbox 2446 4230 2478 4296; x_wconf 80' lang='grc' dir='ltr'><strong>η</strong></span> <span class='ocrx_word' id='word_1_640' title='bbox 2512 4226 2761 4279; x_wconf 79' lang='grc' dir='ltr'><strong>ἀσθένεια</strong></span> <span class='ocrx_word' id='word_1_641' title='bbox 2786 4227 2947 4279; x_wconf 78' lang='grc' dir='ltr'><strong>αὑτοῦ</strong></span> <span class='ocrx_word' id='word_1_642' title='bbox 2968 4228 3099 4298; x_wconf 81' lang='grc' dir='ltr'><strong>πρὸς</strong></span> <span class='ocrx_word' id='word_1_643' title='bbox 3126 4230 3353 4283; x_wconf 87' lang='grc' dir='ltr'><strong>θάνατον</strong></span> <span class='ocrx_word' id='word_1_644' title='bbox 3376 4230 3617 4299; x_wconf 85' lang='grc' dir='ltr'><strong>γένηται,</strong></span> <span class='ocrx_word' id='word_1_645' title='bbox 3633 4231 3747 4284; x_wconf 77' lang='grc' dir='ltr'>ἀλλ’</span> <span class='ocrx_word' id='word_1_646' title='bbox 3771 4233 3913 4303; x_wconf 76' lang='grc' dir='ltr'><strong>ὑπὲρ</strong></span> 
     </span>
    </p>
   </div>
   <div class='ocr_carea' id='block_1_88' title="bbox 2337 4316 3911 4385">
    <p class='ocr_par' dir='ltr' id='par_1_88' title="bbox 2337 4316 3911 4385">
     <span class='ocr_line' id='line_1_88' title="bbox 2337 4316 3911 4385; baseline 0.004 -18"><span class='ocrx_word' id='word_1_647' title='bbox 2337 4317 2434 4383; x_wconf 79' lang='grc' dir='ltr'><strong>τῆς</strong></span> <span class='ocrx_word' id='word_1_648' title='bbox 2465 4317 2621 4385; x_wconf 80' lang='grc' dir='ltr'>δόξης</span> <span class='ocrx_word' id='word_1_649' title='bbox 2666 4316 2758 4368; x_wconf 86' lang='grc' dir='ltr'><strong>τοῦ</strong></span> <span class='ocrx_word' id='word_1_650' title='bbox 2791 4316 2947 4371; x_wconf 80' lang='grc' dir='ltr'><strong>θεοῦ.</strong></span> <span class='ocrx_word' id='word_1_651' title='bbox 2995 4320 3119 4371; x_wconf 86' lang='grc' dir='ltr'><strong>Ὀτε</strong></span> <span class='ocrx_word' id='word_1_652' title='bbox 3183 4319 3328 4371; x_wconf 80' lang='grc' dir='ltr'><strong>ἔστιν</strong></span> <span class='ocrx_word' id='word_1_653' title='bbox 3372 4320 3497 4371; x_wconf 86' lang='grc' dir='ltr'>ἰδεῖν</span> <span class='ocrx_word' id='word_1_654' title='bbox 3541 4322 3633 4373; x_wconf 78' lang='grc' dir='ltr'>τὸν</span> <span class='ocrx_word' id='word_1_655' title='bbox 3686 4322 3911 4375; x_wconf 84' lang='grc' dir='ltr'>ἀκολου-</span> 
     </span>
    </p>
   </div>
   <div class='ocr_carea' id='block_1_89' title="bbox 2339 4407 3908 4483">
    <p class='ocr_par' dir='ltr' id='par_1_89' title="bbox 2339 4407 3908 4483">
     <span class='ocr_line' id='line_1_89' title="bbox 2339 4407 3908 4483; baseline 0.006 -24"><span class='ocrx_word' id='word_1_656' title='bbox 2339 4407 2529 4459; x_wconf 87' lang='grc' dir='ltr'><strong>θοῦντα</strong></span> <span class='ocrx_word' id='word_1_657' title='bbox 2560 4408 2635 4475; x_wconf 81' lang='grc' dir='ltr'><strong>τῷ</strong></span> <span class='ocrx_word' id='word_1_658' title='bbox 2676 4407 2850 4477; x_wconf 82' lang='grc' dir='ltr'><strong>Ἰησοῦ</strong></span> <span class='ocrx_word' id='word_1_659' title='bbox 2868 4451 2880 4470; x_wconf 85' lang='grc'>,</span> <span class='ocrx_word' id='word_1_660' title='bbox 2926 4410 3045 4461; x_wconf 81' lang='grc' dir='ltr'><strong>τίνα</strong></span> <span class='ocrx_word' id='word_1_661' title='bbox 3073 4411 3271 4479; x_wconf 84' lang='grc' dir='ltr'><strong>τρόπον</strong></span> <span class='ocrx_word' id='word_1_662' title='bbox 3299 4414 3326 4461; x_wconf 89' lang='grc' dir='ltr'>ὁ</span> <span class='ocrx_word' id='word_1_663' title='bbox 3352 4410 3590 4475; x_wconf 85' lang='grc' dir='ltr'><strong>τοιοῦτος</strong></span> <span class='ocrx_word' id='word_1_664' title='bbox 3628 4414 3908 4483; x_wconf 76' lang='grc' dir='ltr'><strong>ἐξέρχεται</strong></span> 
     </span>
    </p>
   </div>
   <div class='ocr_carea' id='block_1_90' title="bbox 667 4499 2244 4573">
    <p class='ocr_par' dir='ltr' id='par_1_90' title="bbox 667 4500 2227 4570">
     <span class='ocr_line' id='line_1_90' title="bbox 667 4500 2227 4570; baseline 0.006 -23"><span class='ocrx_word' id='word_1_665' title='bbox 667 4506 951 4550; x_wconf 84' lang='lat' dir='ltr'><strong>vocantem</strong></span> <span class='ocrx_word' id='word_1_666' title='bbox 983 4500 1255 4566; x_wconf 82' lang='lat' dir='ltr'><strong>sequitur,</strong></span> <span class='ocrx_word' id='word_1_667' title='bbox 1283 4502 1554 4569; x_wconf 87' lang='lat' dir='ltr'><strong>quomodo</strong></span> <span class='ocrx_word' id='word_1_668' title='bbox 1580 4519 1773 4570; x_wconf 88' lang='lat' dir='ltr'><strong>nempe</strong></span> <span class='ocrx_word' id='word_1_669' title='bbox 1795 4505 1863 4557; x_wconf 90' lang='lat' dir='ltr'><strong>ob</strong></span> <span class='ocrx_word' id='word_1_670' title='bbox 1888 4503 2015 4559; x_wconf 86' lang='lat' dir='ltr'><strong>Jesu</strong></span> <span class='ocrx_word' id='word_1_671' title='bbox 2041 4520 2227 4558; x_wconf 87' lang='lat' dir='ltr'><strong>vocem</strong></span> 
     </span>
    </p>
   </div>
   <div class='ocr_carea' id='block_1_91' title="bbox 2350 4499 3906 4573">
    <p class='ocr_par' dir='ltr' id='par_1_91' title="bbox 2350 4499 3906 4573">
     <span class='ocr_line' id='line_1_91' title="bbox 2350 4499 3906 4573; baseline 0.005 -23"><span class='ocrx_word' id='word_1_672' title='bbox 2350 4499 2433 4551; x_wconf 70' lang='grc' dir='ltr'><strong>ιὲν</strong></span> <span class='ocrx_word' id='word_1_673' title='bbox 2465 4499 2551 4551; x_wconf 83' lang='grc' dir='ltr'><strong>διὰ</strong></span> <span class='ocrx_word' id='word_1_674' title='bbox 2578 4500 2675 4568; x_wconf 83' lang='grc' dir='ltr'><strong>τὴν</strong></span> <span class='ocrx_word' id='word_1_675' title='bbox 2723 4501 2898 4567; x_wconf 86' lang='grc' dir='ltr'><strong>Ἰησοῦ</strong></span> <span class='ocrx_word' id='word_1_676' title='bbox 2932 4501 3114 4569; x_wconf 82' lang='grc' dir='ltr'>φωνὴν</span> <span class='ocrx_word' id='word_1_677' title='bbox 3142 4542 3158 4565; x_wconf 96' lang='grc'>,</span> <span class='ocrx_word' id='word_1_678' title='bbox 3199 4501 3275 4553; x_wconf 79' lang='grc' dir='ltr'><strong>ἔτι</strong></span> <span class='ocrx_word' id='word_1_679' title='bbox 3301 4502 3356 4554; x_wconf 85' lang='grc' dir='ltr'>δὲ</span> <span class='ocrx_word' id='word_1_680' title='bbox 3383 4505 3590 4573; x_wconf 84' lang='grc' dir='ltr'><strong>σειραῖς</strong></span> <span class='ocrx_word' id='word_1_681' title='bbox 3616 4505 3723 4556; x_wconf 86' lang='grc' dir='ltr'><strong>τῶν</strong></span> <span class='ocrx_word' id='word_1_682' title='bbox 3760 4505 3906 4558; x_wconf 80' lang='grc' dir='ltr'>ἰδίων</span> 
     </span>
    </p>
   </div>
   <div class='ocr_carea' id='block_1_92' title="bbox 663 4588 2229 4659">
    <p class='ocr_par' dir='ltr' id='par_1_92' title="bbox 663 4588 2229 4659">
     <span class='ocr_line' id='line_1_92' title="bbox 663 4588 2229 4659; baseline 0.006 -18"><span class='ocrx_word' id='word_1_683' title='bbox 663 4588 818 4651; x_wconf 75' lang='lat' dir='ltr'><strong>exiit,</strong></span> <span class='ocrx_word' id='word_1_684' title='bbox 865 4589 1044 4642; x_wconf 89' lang='lat' dir='ltr'><strong>adhuc</strong></span> <span class='ocrx_word' id='word_1_685' title='bbox 1089 4596 1271 4643; x_wconf 85' lang='lat' dir='ltr'><strong>tamen</strong></span> <span class='ocrx_word' id='word_1_686' title='bbox 1321 4604 1671 4659; x_wconf 87' lang='lat' dir='ltr'><strong>peccatorum</strong></span> <span class='ocrx_word' id='word_1_687' title='bbox 1729 4610 1952 4647; x_wconf 87' lang='lat' dir='ltr'><strong>suorum</strong></span> <span class='ocrx_word' id='word_1_688' title='bbox 1995 4596 2229 4651; x_wconf 88' lang='lat' dir='ltr'><strong>vinculis</strong></span> 
     </span>
    </p>
   </div>
   <div class='ocr_carea' id='block_1_93' title="bbox 662 4680 2226 4754">
    <p class='ocr_par' dir='ltr' id='par_1_93' title="bbox 662 4680 2226 4754">
     <span class='ocr_line' id='line_1_93' title="bbox 662 4680 2226 4754; baseline 0.004 -23"><span class='ocrx_word' id='word_1_689' title='bbox 662 4680 921 4751; x_wconf 87' lang='lat' dir='ltr'><strong>alligatus</strong></span> <span class='ocrx_word' id='word_1_690' title='bbox 967 4692 1019 4735; x_wconf 92' lang='lat' dir='ltr'><strong>et</strong></span> <span class='ocrx_word' id='word_1_691' title='bbox 1062 4684 1397 4739; x_wconf 86' lang='lat' dir='ltr'><strong>constrictus</strong></span> <span class='ocrx_word' id='word_1_692' title='bbox 1431 4698 1446 4736; x_wconf 89' lang='lat'><strong>:</strong></span> <span class='ocrx_word' id='word_1_693' title='bbox 1478 4685 1548 4738; x_wconf 91' lang='lat' dir='ltr'><strong>ob</strong></span> <span class='ocrx_word' id='word_1_694' title='bbox 1584 4686 1957 4754; x_wconf 69' lang='lat' dir='ltr'><strong>paenitentiam</strong></span> <span class='ocrx_word' id='word_1_695' title='bbox 2005 4685 2226 4754; x_wconf 86' lang='lat' dir='ltr'><strong>quidem</strong></span> 
     </span>
    </p>
   </div>
   <div class='ocr_carea' id='block_1_94' title="bbox 661 4772 2230 4845">
    <p class='ocr_par' dir='ltr' id='par_1_94' title="bbox 661 4772 2230 4845">
     <span class='ocr_line' id='line_1_94' title="bbox 661 4772 2230 4845; baseline 0.003 -21"><span class='ocrx_word' id='word_1_696' title='bbox 661 4780 717 4825; x_wconf 87' lang='lat' dir='ltr'><strong>et</strong></span> <span class='ocrx_word' id='word_1_697' title='bbox 751 4772 1120 4830; x_wconf 86' lang='lat' dir='ltr'><strong>obedientiam</strong></span> <span class='ocrx_word' id='word_1_698' title='bbox 1176 4775 1307 4831; x_wconf 77' lang='lat' dir='ltr'><strong>Jesu</strong></span> <span class='ocrx_word' id='word_1_699' title='bbox 1344 4779 1484 4838; x_wconf 87' lang='lat' dir='ltr'><strong>voci.</strong></span> <span class='ocrx_word' id='word_1_700' title='bbox 1536 4778 1762 4839; x_wconf 89' lang='lat' dir='ltr'><strong>vivens;</strong></span> <span class='ocrx_word' id='word_1_701' title='bbox 1793 4778 1886 4831; x_wconf 88' lang='lat' dir='ltr'><strong>sed</strong></span> <span class='ocrx_word' id='word_1_702' title='bbox 1921 4778 2047 4845; x_wconf 85' lang='lat' dir='ltr'><strong>quia</strong></span> <span class='ocrx_word' id='word_1_703' title='bbox 2089 4793 2230 4829; x_wconf 87' lang='lat' dir='ltr'><strong>non-</strong></span> 
     </span>
    </p>
   </div>
   <div class='ocr_carea' id='block_1_95' title="bbox 661 4862 2229 4937">
    <p class='ocr_par' dir='ltr' id='par_1_95' title="bbox 661 4862 2229 4937">
     <span class='ocr_line' id='line_1_95' title="bbox 661 4862 2229 4937; baseline 0.004 -22"><span class='ocrx_word' id='word_1_704' title='bbox 661 4862 793 4915; x_wconf 76' lang='lat' dir='ltr'><strong>dum</strong></span> <span class='ocrx_word' id='word_1_705' title='bbox 838 4877 1186 4933; x_wconf 71' lang='lat' dir='ltr'><strong>peccatorum</strong></span> <span class='ocrx_word' id='word_1_706' title='bbox 1224 4869 1707 4937; x_wconf 80' lang='lat' dir='ltr'><strong>laqueis-solutus,</strong></span> <span class='ocrx_word' id='word_1_707' title='bbox 1749 4867 1989 4920; x_wconf 85' lang='lat' dir='ltr'><strong>nondum</strong></span> <span class='ocrx_word' id='word_1_708' title='bbox 2040 4867 2229 4921; x_wconf 89' lang='lat' dir='ltr'><strong>liberis</strong></span> 
     </span>
    </p>
   </div>
   <div class='ocr_carea' id='block_1_96' title="bbox 664 4954 2227 5026">
    <p class='ocr_par' dir='ltr' id='par_1_96' title="bbox 664 4954 2227 5026">
     <span class='ocr_line' id='line_1_96' title="bbox 664 4954 2227 5026; baseline 0.003 -20"><span class='ocrx_word' id='word_1_709' title='bbox 664 4954 893 5022; x_wconf 89' lang='lat' dir='ltr'><strong>pedibus</strong></span> <span class='ocrx_word' id='word_1_710' title='bbox 930 4959 1178 5014; x_wconf 84' lang='lat' dir='ltr'><strong>incedere</strong></span> <span class='ocrx_word' id='word_1_711' title='bbox 1211 4962 1427 5024; x_wconf 81' lang='lat' dir='ltr'><strong>valens;</strong></span> <span class='ocrx_word' id='word_1_712' title='bbox 1459 4959 1554 5014; x_wconf 89' lang='lat' dir='ltr'><strong>sed</strong></span> <span class='ocrx_word' id='word_1_713' title='bbox 1588 4974 1761 5026; x_wconf 88' lang='lat' dir='ltr'><strong>neque</strong></span> <span class='ocrx_word' id='word_1_714' title='bbox 1797 4959 1974 5011; x_wconf 87' lang='lat' dir='ltr'><strong>snlutc</strong></span> <span class='ocrx_word' id='word_1_715' title='bbox 2009 4960 2227 5026; x_wconf 87' lang='lat' dir='ltr'><strong>operari</strong></span> 
     </span>
    </p>
   </div>
   <div class='ocr_carea' id='block_1_97' title="bbox 664 5048 2226 5119">
    <p class='ocr_par' dir='ltr' id='par_1_97' title="bbox 664 5048 2226 5119">
     <span class='ocr_line' id='line_1_97' title="bbox 664 5048 2226 5119; baseline 0.004 -21"><span class='ocrx_word' id='word_1_716' title='bbox 664 5048 982 5115; x_wconf 78' lang='lat' dir='ltr'><strong>praeclarum</strong></span> <span class='ocrx_word' id='word_1_717' title='bbox 1013 5050 1214 5119; x_wconf 82' lang='lat' dir='ltr'><strong>aliquid</strong></span> <span class='ocrx_word' id='word_1_718' title='bbox 1251 5052 1453 5115; x_wconf 86' lang='lat' dir='ltr'><strong>valens,</strong></span> <span class='ocrx_word' id='word_1_719' title='bbox 1484 5057 1706 5118; x_wconf 86' lang='lat' dir='ltr'><strong>propter</strong></span> <span class='ocrx_word' id='word_1_720' title='bbox 1734 5063 1927 5101; x_wconf 88' lang='lat' dir='ltr'><strong>manus</strong></span> <span class='ocrx_word' id='word_1_721' title='bbox 1957 5050 2226 5117; x_wconf 86' lang='lat' dir='ltr'><strong>pedesque</strong></span> 
     </span>
    </p>
   </div>
   <div class='ocr_carea' id='block_1_98' title="bbox 662 5136 2221 5207">
    <p class='ocr_par' dir='ltr' id='par_1_98' title="bbox 662 5136 2221 5207">
     <span class='ocr_line' id='line_1_98' title="bbox 662 5136 2221 5207; baseline 0.003 -20"><span class='ocrx_word' id='word_1_722' title='bbox 662 5136 980 5190; x_wconf 79' lang='lat' dir='ltr'><strong>ntortuariis</strong></span> <span class='ocrx_word' id='word_1_723' title='bbox 1009 5137 1256 5206; x_wconf 82' lang='lat' dir='ltr'><strong>ligaturis</strong></span> <span class='ocrx_word' id='word_1_724' title='bbox 1289 5138 1611 5207; x_wconf 85' lang='lat' dir='ltr'><strong>impeditos;</strong></span> <span class='ocrx_word' id='word_1_725' title='bbox 1641 5145 1806 5206; x_wconf 87' lang='lat' dir='ltr'><strong>atque</strong></span> <span class='ocrx_word' id='word_1_726' title='bbox 1837 5138 1906 5190; x_wconf 91' lang='lat' dir='ltr'><strong>ob</strong></span> <span class='ocrx_word' id='word_1_727' title='bbox 1941 5138 1990 5191; x_wconf 91' lang='lat' dir='ltr'><strong>id</strong></span> <span class='ocrx_word' id='word_1_728' title='bbox 2025 5140 2221 5192; x_wconf 83' lang='lat' dir='ltr'><strong>faciem</strong></span> 
     </span>
    </p>
   </div>
   <div class='ocr_carea' id='block_1_99' title="bbox 662 5227 2219 5299">
    <p class='ocr_par' dir='ltr' id='par_1_99' title="bbox 662 5227 2219 5299">
     <span class='ocr_line' id='line_1_99' title="bbox 662 5227 2219 5299; baseline 0.003 -22"><span class='ocrx_word' id='word_1_729' title='bbox 662 5243 880 5296; x_wconf 83' lang='lat' dir='ltr'><strong>quoque</strong></span> <span class='ocrx_word' id='word_1_730' title='bbox 928 5227 1234 5297; x_wconf 83' lang='lat' dir='ltr'><strong>ignorantia</strong></span> <span class='ocrx_word' id='word_1_731' title='bbox 1282 5230 1513 5283; x_wconf 89' lang='lat' dir='ltr'><strong>velatam</strong></span> <span class='ocrx_word' id='word_1_732' title='bbox 1566 5244 1784 5299; x_wconf 86' lang='lat' dir='ltr'><strong>gerens.</strong></span> <span class='ocrx_word' id='word_1_733' title='bbox 1830 5227 2219 5283; x_wconf 83' lang='lat' dir='ltr'><strong>Verumtamen</strong></span> 
     </span>
    </p>
   </div>
   <div class='ocr_carea' id='block_1_100' title="bbox 659 5314 2219 5389">
    <p class='ocr_par' dir='ltr' id='par_1_100' title="bbox 659 5314 2219 5389">
     <span class='ocr_line' id='line_1_100' title="bbox 659 5314 2219 5389; baseline 0.004 -23"><span class='ocrx_word' id='word_1_734' title='bbox 659 5314 786 5368; x_wconf 82' lang='lat' dir='ltr'><strong>Jcsu</strong></span> <span class='ocrx_word' id='word_1_735' title='bbox 820 5318 1074 5371; x_wconf 82' lang='lat' dir='ltr'><strong>mandato</strong></span> <span class='ocrx_word' id='word_1_736' title='bbox 1102 5320 1314 5372; x_wconf 85' lang='lat' dir='ltr'><strong>solutus</strong></span> <span class='ocrx_word' id='word_1_737' title='bbox 1355 5332 1417 5370; x_wconf 88' lang='lat' dir='ltr'><strong>ac</strong></span> <span class='ocrx_word' id='word_1_738' title='bbox 1454 5319 1589 5372; x_wconf 89' lang='lat' dir='ltr'><strong>liber</strong></span> <span class='ocrx_word' id='word_1_739' title='bbox 1622 5318 1871 5380; x_wconf 72' lang='lat' dir='ltr'><strong>effectus,</strong></span> <span class='ocrx_word' id='word_1_740' title='bbox 1896 5320 2001 5372; x_wconf 86' lang='lat' dir='ltr'><strong>tale</strong></span> <span class='ocrx_word' id='word_1_741' title='bbox 2038 5321 2219 5389; x_wconf 81' lang='lat' dir='ltr'><strong>ingre-</strong></span> 
     </span>
    </p>
   </div>
   <div class='ocr_carea' id='block_1_101' title="bbox 658 5405 2221 5477">
    <p class='ocr_par' dir='ltr' id='par_1_101' title="bbox 658 5405 2221 5477">
     <span class='ocr_line' id='line_1_101' title="bbox 658 5405 2221 5477; baseline 0.004 -21"><span class='ocrx_word' id='word_1_742' title='bbox 658 5405 803 5459; x_wconf 92' lang='lat' dir='ltr'><strong>ditur</strong></span> <span class='ocrx_word' id='word_1_743' title='bbox 838 5407 959 5470; x_wconf 78' lang='lat' dir='ltr'><strong>iter,</strong></span> <span class='ocrx_word' id='word_1_744' title='bbox 992 5424 1165 5477; x_wconf 84' lang='lat' dir='ltr'><strong>eoque</strong></span> <span class='ocrx_word' id='word_1_745' title='bbox 1198 5408 1462 5476; x_wconf 87' lang='lat' dir='ltr'><strong>pervenit,</strong></span> <span class='ocrx_word' id='word_1_746' title='bbox 1499 5416 1555 5461; x_wconf 95' lang='lat' dir='ltr'><strong>ut</strong></span> <span class='ocrx_word' id='word_1_747' title='bbox 1594 5425 1735 5464; x_wconf 88' lang='lat' dir='ltr'><strong>unus</strong></span> <span class='ocrx_word' id='word_1_748' title='bbox 1770 5409 1836 5464; x_wconf 85' lang='lat' dir='ltr'><strong>de</strong></span> <span class='ocrx_word' id='word_1_749' title='bbox 1870 5409 2221 5465; x_wconf 80' lang='lat' dir='ltr'><strong>discumben-</strong></span> 
     </span>
    </p>
   </div>
   <div class='ocr_carea' id='block_1_102' title="bbox 730 5556 1243 5621">
    <p class='ocr_par' dir='ltr' id='par_1_102' title="bbox 730 5556 1243 5621">
     <span class='ocr_line' id='line_1_102' title="bbox 730 5556 1243 5621; baseline 0.004 -12"><span class='ocrx_word' id='word_1_750' title='bbox 730 5558 773 5589; x_wconf 74' lang='lat'>&quot;</span> <span class='ocrx_word' id='word_1_751' title='bbox 816 5556 831 5609; x_wconf 89' lang='grc' dir='ltr'><strong>Ι</strong></span> <span class='ocrx_word' id='word_1_752' title='bbox 872 5558 995 5611; x_wconf 84' lang='lat' dir='ltr'><strong>Cor.</strong></span> <span class='ocrx_word' id='word_1_753' title='bbox 1031 5573 1116 5621; x_wconf 74' lang='lat' dir='ltr'><strong>xv,</strong></span> <span class='ocrx_word' id='word_1_754' title='bbox 1153 5557 1243 5611; x_wconf 72' lang='lat'><strong>52.</strong></span> 
     </span>
    </p>
   </div>
   <div class='ocr_carea' id='block_1_103' title="bbox 2337 4590 3906 4666">
    <p class='ocr_par' dir='ltr' id='par_1_103' title="bbox 2337 4590 3906 4666">
     <span class='ocr_line' id='line_1_103' title="bbox 2337 4590 3906 4666; baseline 0.006 -25"><span class='ocrx_word' id='word_1_755' title='bbox 2337 4590 2749 4659; x_wconf 82' lang='grc' dir='ltr'>ἁμαρτημάτων</span> <span class='ocrx_word' id='word_1_756' title='bbox 2774 4591 3052 4660; x_wconf 76' lang='grc' dir='ltr'>δεδεμένος</span> <span class='ocrx_word' id='word_1_757' title='bbox 3074 4592 3166 4643; x_wconf 69' lang='grc' dir='ltr'><strong>κα)⁸</strong></span> <span class='ocrx_word' id='word_1_758' title='bbox 3186 4593 3509 4662; x_wconf 82' lang='grc' dir='ltr'>ἐσφιγμένος</span> <span class='ocrx_word' id='word_1_759' title='bbox 3528 4636 3542 4657; x_wconf 95' lang='grc'>,</span> <span class='ocrx_word' id='word_1_760' title='bbox 3568 4594 3656 4647; x_wconf 85' lang='grc' dir='ltr'>διὰ</span> <span class='ocrx_word' id='word_1_761' title='bbox 3683 4596 3780 4664; x_wconf 79' lang='grc' dir='ltr'>μὲν</span> <span class='ocrx_word' id='word_1_762' title='bbox 3804 4597 3906 4666; x_wconf 82' lang='grc' dir='ltr'><strong>τὴν</strong></span> 
     </span>
    </p>
   </div>
   <div class='ocr_carea' id='block_1_104' title="bbox 2340 4682 3899 4755">
    <p class='ocr_par' dir='ltr' id='par_1_104' title="bbox 2340 4682 3899 4755">
     <span class='ocr_line' id='line_1_104' title="bbox 2340 4682 3899 4755; baseline 0.006 -24"><span class='ocrx_word' id='word_1_763' title='bbox 2340 4683 2626 4749; x_wconf 84' lang='grc' dir='ltr'>μετάνοιαν</span> <span class='ocrx_word' id='word_1_764' title='bbox 2656 4683 2748 4735; x_wconf 71' lang='grc' dir='ltr'>καὶ</span> <span class='ocrx_word' id='word_1_765' title='bbox 2778 4682 2838 4734; x_wconf 87' lang='grc' dir='ltr'><strong>τὸ</strong></span> <span class='ocrx_word' id='word_1_766' title='bbox 2872 4682 3170 4751; x_wconf 75' lang='grc' dir='ltr'>ἀκηκοέναι</span> <span class='ocrx_word' id='word_1_767' title='bbox 3189 4684 3287 4752; x_wconf 82' lang='grc' dir='ltr'><strong>τῆς</strong></span> <span class='ocrx_word' id='word_1_768' title='bbox 3323 4683 3496 4753; x_wconf 81' lang='grc' dir='ltr'><strong>Ἰησοῦ</strong></span> <span class='ocrx_word' id='word_1_769' title='bbox 3528 4686 3729 4755; x_wconf 80' lang='grc' dir='ltr'>φωνῆς,</span> <span class='ocrx_word' id='word_1_770' title='bbox 3752 4686 3899 4749; x_wconf 64' lang='grc' dir='ltr'><strong>ζῶν</strong></span> 
     </span>
    </p>
   </div>
   <div class='ocr_carea' id='block_1_105' title="bbox 2334 4770 3899 4847">
    <p class='ocr_par' dir='ltr' id='par_1_105' title="bbox 2334 4770 3899 4847">
     <span class='ocr_line' id='line_1_105' title="bbox 2334 4770 3899 4847; baseline 0.006 -25"><span class='ocrx_word' id='word_1_771' title='bbox 2334 4770 2420 4822; x_wconf 73' lang='grc' dir='ltr'><strong>διὰ</strong></span> <span class='ocrx_word' id='word_1_772' title='bbox 2452 4771 2507 4823; x_wconf 80' lang='grc' dir='ltr'>δὲ</span> <span class='ocrx_word' id='word_1_773' title='bbox 2540 4772 2600 4823; x_wconf 84' lang='grc' dir='ltr'><strong>τὸ</strong></span> <span class='ocrx_word' id='word_1_774' title='bbox 2631 4773 2705 4843; x_wconf 78' lang='grc' dir='ltr'>μὴ</span> <span class='ocrx_word' id='word_1_775' title='bbox 2734 4771 3091 4825; x_wconf 84' lang='grc' dir='ltr'><strong>ἀπολελύσθαι</strong></span> <span class='ocrx_word' id='word_1_776' title='bbox 3123 4773 3227 4825; x_wconf 84' lang='grc' dir='ltr'><strong>τῶν</strong></span> <span class='ocrx_word' id='word_1_777' title='bbox 3243 4775 3338 4843; x_wconf 82' lang='grc' dir='ltr'><strong>τῆς</strong></span> <span class='ocrx_word' id='word_1_778' title='bbox 3366 4776 3635 4844; x_wconf 80' lang='grc' dir='ltr'><strong>ἁμαρτίας</strong></span> <span class='ocrx_word' id='word_1_779' title='bbox 3664 4777 3899 4847; x_wconf 80' lang='grc' dir='ltr'>δεσμῶν,</span> 
     </span>
    </p>
   </div>
   <div class='ocr_carea' id='block_1_106' title="bbox 2340 4861 3901 4933">
    <p class='ocr_par' dir='ltr' id='par_1_106' title="bbox 2340 4861 3901 4933">
     <span class='ocr_line' id='line_1_106' title="bbox 2340 4861 3901 4933; baseline 0.005 -20"><span class='ocrx_word' id='word_1_780' title='bbox 2340 4861 2470 4931; x_wconf 83' lang='grc' dir='ltr'>μηδὲ</span> <span class='ocrx_word' id='word_1_781' title='bbox 2500 4862 2601 4931; x_wconf 66' lang='grc' dir='ltr'><strong>ἤδη</strong></span> <span class='ocrx_word' id='word_1_782' title='bbox 2622 4862 2877 4915; x_wconf 83' lang='grc' dir='ltr'><strong>δύνασθαι</strong></span> <span class='ocrx_word' id='word_1_783' title='bbox 2904 4862 3207 4933; x_wconf 77' lang='grc' dir='ltr'>ἐλευθέροις</span> <span class='ocrx_word' id='word_1_784' title='bbox 3232 4864 3531 4917; x_wconf 74' lang='grc' dir='ltr'>ἐπιϐαίνειν</span> <span class='ocrx_word' id='word_1_785' title='bbox 3562 4868 3736 4927; x_wconf 81' lang='grc' dir='ltr'><strong>ποσὶν,</strong></span> <span class='ocrx_word' id='word_1_786' title='bbox 3765 4867 3901 4920; x_wconf 74' lang='grc' dir='ltr'>ἀλλὰ</span> 
     </span>
    </p>
   </div>
   <div class='ocr_carea' id='block_1_107' title="bbox 2337 4955 3897 5028">
    <p class='ocr_par' dir='ltr' id='par_1_107' title="bbox 2337 4955 3897 5028">
     <span class='ocr_line' id='line_1_107' title="bbox 2337 4955 3897 5028; baseline 0.003 -21"><span class='ocrx_word' id='word_1_787' title='bbox 2337 4956 2469 5024; x_wconf 81' lang='grc' dir='ltr'>μηδὲ</span> <span class='ocrx_word' id='word_1_788' title='bbox 2506 4957 2749 5025; x_wconf 82' lang='grc' dir='ltr'><strong>ἐνεργεῖν</strong></span> <span class='ocrx_word' id='word_1_789' title='bbox 2778 4955 3189 5025; x_wconf 82' lang='grc' dir='ltr'>ἁπολελυμένως</span> <span class='ocrx_word' id='word_1_790' title='bbox 3219 4955 3285 5008; x_wconf 76' lang='grc' dir='ltr'><strong>τὰ</strong></span> <span class='ocrx_word' id='word_1_791' title='bbox 3311 4956 3651 5027; x_wconf 82' lang='grc' dir='ltr'><strong>διαφέροντα,</strong></span> <span class='ocrx_word' id='word_1_792' title='bbox 3686 4958 3897 5028; x_wconf 84' lang='grc' dir='ltr'>δεδεμέ-</span> 
     </span>
    </p>
   </div>
   <div class='ocr_carea' id='block_1_108' title="bbox 2333 5041 3895 5123">
    <p class='ocr_par' dir='ltr' id='par_1_108' title="bbox 2333 5041 3895 5123">
     <span class='ocr_line' id='line_1_108' title="bbox 2333 5041 3895 5123; baseline 0.004 -25"><span class='ocrx_word' id='word_1_793' title='bbox 2333 5063 2419 5108; x_wconf 90' lang='grc' dir='ltr'><strong>νος</strong></span> <span class='ocrx_word' id='word_1_794' title='bbox 2467 5047 2562 5109; x_wconf 68' lang='grc' dir='ltr'><strong>τὰς</strong></span> <span class='ocrx_word' id='word_1_795' title='bbox 2592 5050 2777 5116; x_wconf 81' lang='grc' dir='ltr'><strong>χεῖρας</strong></span> <span class='ocrx_word' id='word_1_796' title='bbox 2821 5048 2913 5099; x_wconf 72' lang='grc' dir='ltr'><strong>καὶ</strong></span> <span class='ocrx_word' id='word_1_797' title='bbox 2958 5049 3080 5109; x_wconf 84' lang='grc' dir='ltr'><strong>τοὺς</strong></span> <span class='ocrx_word' id='word_1_798' title='bbox 3115 5048 3278 5109; x_wconf 76' lang='grc' dir='ltr'><strong>πόδας</strong></span> <span class='ocrx_word' id='word_1_799' title='bbox 3318 5041 3533 5118; x_wconf 80' lang='grc' dir='ltr'>δεσμοῖς</span> <span class='ocrx_word' id='word_1_800' title='bbox 3560 5051 3767 5121; x_wconf 84' lang='grc' dir='ltr'>νεκρῶν</span> <span class='ocrx_word' id='word_1_801' title='bbox 3796 5070 3895 5123; x_wconf 82' lang='grc' dir='ltr'>κη-</span> 
     </span>
    </p>
   </div>
   <div class='ocr_carea' id='block_1_109' title="bbox 2333 5137 3893 5214">
    <p class='ocr_par' dir='ltr' id='par_1_109' title="bbox 2333 5137 3893 5214">
     <span class='ocr_line' id='line_1_109' title="bbox 2333 5137 3893 5214; baseline 0.003 -26"><span class='ocrx_word' id='word_1_802' title='bbox 2333 5137 2506 5205; x_wconf 69' lang='grc' dir='ltr'><strong>ρίαιςυ</strong></span> <span class='ocrx_word' id='word_1_803' title='bbox 2545 5138 2635 5189; x_wconf 71' lang='grc' dir='ltr'><strong>καὶ</strong></span> <span class='ocrx_word' id='word_1_804' title='bbox 2663 5138 2749 5189; x_wconf 76' lang='grc' dir='ltr'>διὰ</span> <span class='ocrx_word' id='word_1_805' title='bbox 2786 5137 2983 5201; x_wconf 85' lang='grc' dir='ltr'><strong>ταύτας</strong></span> <span class='ocrx_word' id='word_1_806' title='bbox 3023 5138 3118 5207; x_wconf 78' lang='grc' dir='ltr'><strong>τὴν</strong></span> <span class='ocrx_word' id='word_1_807' title='bbox 3144 5138 3262 5205; x_wconf 74' lang='grc' dir='ltr'>ὄψιν</span> <span class='ocrx_word' id='word_1_808' title='bbox 3296 5142 3359 5208; x_wconf 84' lang='grc' dir='ltr'>τῇ</span> <span class='ocrx_word' id='word_1_809' title='bbox 3400 5140 3587 5211; x_wconf 79' lang='grc' dir='ltr'><strong>ἀγνοίᾳ</strong></span> <span class='ocrx_word' id='word_1_810' title='bbox 3618 5142 3893 5214; x_wconf 66' lang='grc' dir='ltr'>κεκαλυμος</span> 
     </span>
    </p>
   </div>
   <div class='ocr_carea' id='block_1_110' title="bbox 2332 5226 3891 5297">
    <p class='ocr_par' dir='ltr' id='par_1_110' title="bbox 2332 5226 3891 5297">
     <span class='ocr_line' id='line_1_110' title="bbox 2332 5226 3891 5297; baseline 0.004 -20"><span class='ocrx_word' id='word_1_811' title='bbox 2332 5227 2511 5296; x_wconf 80' lang='grc' dir='ltr'>μένος.</span> <span class='ocrx_word' id='word_1_812' title='bbox 2563 5226 2657 5277; x_wconf 82' lang='grc' dir='ltr'><strong>Διά</strong></span> <span class='ocrx_word' id='word_1_813' title='bbox 2702 5227 2759 5278; x_wconf 82' lang='grc' dir='ltr'>δὲ</span> <span class='ocrx_word' id='word_1_814' title='bbox 2794 5226 2888 5295; x_wconf 73' lang='grc' dir='ltr'>τὴν</span> <span class='ocrx_word' id='word_1_815' title='bbox 2936 5227 3226 5293; x_wconf 78' lang='grc' dir='ltr'><strong>πρόσταξιν</strong></span> <span class='ocrx_word' id='word_1_816' title='bbox 3263 5229 3355 5280; x_wconf 87' lang='grc' dir='ltr'><strong>τοῦ</strong></span> <span class='ocrx_word' id='word_1_817' title='bbox 3399 5228 3571 5297; x_wconf 87' lang='grc' dir='ltr'><strong>Ἰησοῦ</strong></span> <span class='ocrx_word' id='word_1_818' title='bbox 3599 5229 3891 5292; x_wconf 74' lang='grc' dir='ltr'>λυθεὶςκαὶ</span> 
     </span>
    </p>
   </div>
   <div class='ocr_carea' id='block_1_111' title="bbox 2330 5318 3891 5387">
    <p class='ocr_par' dir='ltr' id='par_1_111' title="bbox 2330 5318 3891 5387">
     <span class='ocr_line' id='line_1_111' title="bbox 2330 5318 3891 5387; baseline 0.001 -16"><span class='ocrx_word' id='word_1_819' title='bbox 2330 5318 2574 5384; x_wconf 75' lang='grc' dir='ltr'><strong>ἀφεθεὶς,</strong></span> <span class='ocrx_word' id='word_1_820' title='bbox 2608 5318 2890 5386; x_wconf 82' lang='grc' dir='ltr'>πορεύεται</span> <span class='ocrx_word' id='word_1_821' title='bbox 2927 5318 3177 5385; x_wconf 83' lang='grc' dir='ltr'>τοιαύτην</span> <span class='ocrx_word' id='word_1_822' title='bbox 3227 5319 3480 5387; x_wconf 84' lang='grc' dir='ltr'><strong>πορείαν,</strong></span> <span class='ocrx_word' id='word_1_823' title='bbox 3526 5318 3666 5371; x_wconf 81' lang='grc' dir='ltr'>ὥστε</span> <span class='ocrx_word' id='word_1_824' title='bbox 3688 5320 3891 5385; x_wconf 78' lang='grc' dir='ltr'><strong>φθάσαι</strong></span> 
     </span>
    </p>
   </div>
   <div class='ocr_carea' id='block_1_112' title="bbox 2334 5408 3887 5482">
    <p class='ocr_par' dir='ltr' id='par_1_112' title="bbox 2334 5408 3887 5482">
     <span class='ocr_line' id='line_1_112' title="bbox 2334 5408 3887 5482; baseline 0.003 -21"><span class='ocrx_word' id='word_1_825' title='bbox 2334 5409 2495 5463; x_wconf 74' lang='grc' dir='ltr'><strong>αὐτὸν</strong></span> <span class='ocrx_word' id='word_1_826' title='bbox 2533 5410 2621 5459; x_wconf 79' lang='grc' dir='ltr'><strong>ἐπὶ</strong></span> <span class='ocrx_word' id='word_1_827' title='bbox 2664 5408 2739 5475; x_wconf 78' lang='grc' dir='ltr'><strong>τῷ</strong></span> <span class='ocrx_word' id='word_1_828' title='bbox 2785 5410 2877 5460; x_wconf 77' lang='grc' dir='ltr'><strong>ἕνα</strong></span> <span class='ocrx_word' id='word_1_829' title='bbox 2914 5410 3004 5461; x_wconf 70' lang='grc' dir='ltr'>καὶ</span> <span class='ocrx_word' id='word_1_830' title='bbox 3047 5409 3207 5461; x_wconf 71' lang='grc' dir='ltr'><strong>αὐτὸν</strong></span> <span class='ocrx_word' id='word_1_831' title='bbox 3246 5411 3494 5477; x_wconf 80' lang='grc' dir='ltr'><strong>γενέσθαι</strong></span> <span class='ocrx_word' id='word_1_832' title='bbox 3521 5410 3628 5463; x_wconf 82' lang='grc' dir='ltr'>τῶν</span> <span class='ocrx_word' id='word_1_833' title='bbox 3660 5428 3887 5482; x_wconf 80' lang='grc' dir='ltr'><strong>συνανα-</strong></span> 
     </span>
    </p>
   </div>
   <div class='ocr_carea' id='block_1_113' title="bbox 729 5740 2244 5812">
    <p class='ocr_par' dir='ltr' id='par_1_113' title="bbox 729 5740 2221 5810">
     <span class='ocr_line' id='line_1_113' title="bbox 729 5740 2221 5810; baseline -0.001 -16"><span class='ocrx_word' id='word_1_834' title='bbox 729 5742 804 5797; x_wconf 85' lang='lat' dir='ltr'><strong>fll</strong></span> <span class='ocrx_word' id='word_1_835' title='bbox 839 5742 999 5796; x_wconf 83' lang='grc' dir='ltr'>Οῦτω</span> <span class='ocrx_word' id='word_1_836' title='bbox 1030 5740 1105 5805; x_wconf 76' lang='grc' dir='ltr'>δή</span> <span class='ocrx_word' id='word_1_837' title='bbox 1137 5757 1291 5807; x_wconf 81' lang='grc' dir='ltr'>τινες</span> <span class='ocrx_word' id='word_1_838' title='bbox 1332 5781 1341 5796; x_wconf 94' lang='grc'><strong>.</strong></span> <span class='ocrx_word' id='word_1_839' title='bbox 1375 5777 1387 5793; x_wconf 92' lang='grc'><strong><em>.</em></strong></span> <span class='ocrx_word' id='word_1_840' title='bbox 1422 5780 1433 5793; x_wconf 90' lang='grc'><strong>.</strong></span> <span class='ocrx_word' id='word_1_841' title='bbox 1472 5783 1481 5795; x_wconf 93' lang='grc'><strong>.</strong></span> <span class='ocrx_word' id='word_1_842' title='bbox 1510 5742 1575 5795; x_wconf 77' lang='grc' dir='ltr'><strong>ἐν</strong></span> <span class='ocrx_word' id='word_1_843' title='bbox 1613 5741 1731 5807; x_wconf 74' lang='grc' dir='ltr'><strong>τοῖς</strong></span> <span class='ocrx_word' id='word_1_844' title='bbox 1766 5741 2092 5810; x_wconf 76' lang='grc' dir='ltr'><strong>μνήμασιν.</strong></span> <span class='ocrx_word' id='word_1_845' title='bbox 2148 5740 2221 5793; x_wconf 73' lang='lat' dir='ltr'><strong>Ex</strong></span> 
     </span>
    </p>
   </div>
   <div class='ocr_carea' id='block_1_114' title="bbox 2350 5740 3137 5812">
    <p class='ocr_par' dir='ltr' id='par_1_114' title="bbox 2354 5740 3137 5812">
     <span class='ocr_line' id='line_1_114' title="bbox 2354 5740 3137 5812; baseline -0.001 -16"><span class='ocrx_word' id='word_1_846' title='bbox 2354 5757 2451 5796; x_wconf 83' lang='lat' dir='ltr'><strong>cna</strong></span> <span class='ocrx_word' id='word_1_847' title='bbox 2479 5740 2731 5797; x_wconf 68' lang='lat' dir='ltr'><strong>Vaticana</strong></span> <span class='ocrx_word' id='word_1_848' title='bbox 2765 5758 2849 5812; x_wconf 84' lang='lat' dir='ltr'><strong>ap.</strong></span> <span class='ocrx_word' id='word_1_849' title='bbox 2877 5743 2973 5797; x_wconf 77' lang='lat' dir='ltr'><strong>Mai</strong></span> <span class='ocrx_word' id='word_1_850' title='bbox 3011 5744 3137 5799; x_wconf 79' lang='lat' dir='ltr'><strong>ibid.</strong></span> 
     </span>
    </p>
   </div>
  </div>
