4144 6500
268 360 348 429 ’63
1136 360 1201 415 ΙΝ
1229 361 1573 417 JOANNEM.
1601 393 1668 405 —
1699 360 1829 416 LIB.
1865 358 1955 412 V'll
1999 359 2088 413 ET
2131 360 2245 415 VH!
2280 357 2724 414 FRAGMENTA.
3459 361 3533 418 66

274 486 545 561 κειμένων
581 481 727 554 αὐτῷ
766 479 961 552 Ἰησοῦ.
1008 477 1138 531 Τίσι
1167 479 1222 532 δὲ
1255 479 1405 533 λύειν
1444 481 1605 534 αὑτὸν
1634 479 1843 547 επέτρε-

1964 476 2111 531 libus
2139 491 2263 530 cum
2295 476 2423 531 Jesu
2459 475 2575 531 fieri
2608 474 2803 545 pOSsil.
2838 474 2957 529 Jam
2999 476 3329 545 quibusnam
3357 478 3530 536 Laza-

273 580 405 651 ψεν,
430 578 489 630 οὐ
518 576 856 645 γέγραπται·
893 571 925 642 ἢ
952 572 1066 634 τοῖς
1101 571 1397 643 μαθηταῖς,
1426 572 1458 643 ἦ
1493 575 1605 635 τοῖς
1636 586 1860 624 συνακο-

274 670 600 742 λουθήσασιν
630 664 906 727 Ἰουδαίοις
927 703 940 727 ,
974 662 1009 734 ἦ
1037 663 1132 717 καὶ
1155 662 1412 731 ἀγγέλοις
1446 663 1577 723 ἴσως
1601 663 1713 724 τοῖς
1743 659 1860 712 δια-

274 762 619 831 κονουμένοις
647 757 797 828 αὑτῷ
818 756 954 827 πρὸς
976 757 1074 823 τὴν
1096 755 1209 809 τῶν
1228 753 1531 825 ἀνθρώπων
1557 752 1855 822 σωτηρίαν.

275 836 385 908 Καὶ
417 850 531 904 ἔστι
579 865 643 917 γε
677 845 908 899 συνιδεῖν
936 842 1394 913 ἀποθνησκόντων
1418 841 1684 913 διαφορὰν
1704 880 1718 903 ,
1748 839 1861 892 τῶν

275 944 375 1015 μὲν
406 940 529 1013 μηδ’
560 939 695 1000 ὅλως
728 935 987 1000 ἐξιόντων
1012 932 1106 986 τοῦ
1138 933 1309 997 οἴκου,
1341 931 1416 995 ώς
1444 931 1536 984 ὲπὶ
1566 931 1666 1000 τῆς
1699 930 1858 983 Ἰαεί·

274 1052 368 1106 pou
419 1031 688 1103 θυγατρὸς
710 1069 722 1091 ,
757 1028 867 1081 τῶν
909 1027 967 1080 δὲ
993 1026 1095 1097 ἤδη
1126 1026 1394 1080 ἀπιόντων
1431 1025 1525 1078 ἐπὶ
1561 1024 1621 1076 τὸ
1649 1024 1855 1094 μνῆμα,

270 1125 347 1189 ώς
401 1125 495 1177 ἐπὶ
546 1122 640 1177 τοῦ
686 1120 803 1174 υἰοῦ
845 1120 945 1190 τῆς
973 1119 1185 1190 χήραςο
1251 1117 1362 1170 τῶν
1419 1116 1477 1169 δὲ
1530 1115 1625 1169 καὶ
1672 1114 1859 1168 τεθέν-

268 1233 379 1271 των
426 1216 485 1267 ὲν
517 1213 595 1284 τῷ
638 1211 892 1286 μνημείῳ
931 1211 1026 1264 καὶ
1053 1210 1153 1281 ἤδη
1178 1206 1513 1278 σεσηπότων.
1566 1204 1776 1259 Ἀθλιοι
1800 1204 1858 1257 δὲ

271 1307 425 1381 παρά
472 1307 685 1370 τούτοις
726 1306 776 1357 οἰ
819 1304 913 1356 ἐπὶ
954 1302 1136 1355 πλεῖον
1180 1298 1611 1371 ἐμϐραδύνοντες
1660 1298 1717 1350 ὲν
1745 1298 1858 1362 τοῖς

274 1402 577 1471 μνήμασιν.

353 1491 414 1546 Ἠ
438 1491 579 1561 ὄψις
607 1489 792 1545 αὐτοῦ
829 1486 1125 1555 σουδαρίῳ
1147 1484 1536 1555 περιεδέδετο.

344 1584 611 1647 Πεσόντες
654 1584 734 1645 εἰς
773 1578 1069 1650 ἁμαρτίαν,
1097 1577 1352 1649 καθάπερ
1384 1595 1439 1630 τι
1471 1577 1734 1649 κάλυμμα
1757 1577 1855 1649 τὴν

272 1673 527 1728 ἐντεῦθεν
569 1671 829 1743 αἰσχύνην
871 1670 951 1741 τῷ
993 1669 1091 1738 τῆς
1116 1668 1295 1739 ψυχῆς
1331 1667 1609 1739 προσώπῳ
1640 1683 1855 1738 περιτε-

272 1762 567 1833 θείκαμεν,
637 1762 870 1825 καὶτοῖς
915 1759 1010 1813 τοῦ
1047 1760 1280 1813 θανάτου
1334 1756 1854 1827 κατεδεσμεύθημεν

1962 584 2083 622 rum
2129 570 2344 623 solvere
2391 567 2764 637 imperaverit,
2810 576 3035 622 nonest
3072 568 3360 638 scriptum,
3399 588 3530 627 num

1962 658 2220 713 videlicet
2253 658 2565 728 discipulis,
2601 673 2669 712 an
2710 657 3077 727 sequentibus
3107 673 3165 712 se
3203 656 3427 725 Judaeis,
3463 678 3533 716 an

1960 748 2124 803 etiam
2176 748 2414 805 fortasse
2464 748 2694 819 angelis,
2728 748 2827 817 qui
2871 747 3259 802 ministrabant.
3318 750 3421 820 ipsi
3477 751 3531 805 in

1961 842 2309 911 procuranda
2346 842 2641 895 hominum
2691 842 2888 896 saltue.
2919 839 3163 911 Denique
3184 842 3533 896 observanda

1960 942 2046 990 est
2086 941 2432 988 mortuorum
2485 932 2824 998 diﬁ'ercntia;
2864 947 3103 1001 namque
3153 933 3245 986 alii
3288 936 3531 988 nondum

1959 1024 2124 1081 domo
2177 1026 2310 1081 elati
2378 1024 2617 1089 fuerant,
2675 1034 2734 1079 ut
2795 1024 2929 1079 Jairi
2992 1025 3145 1079 lilia:
3180 1027 3271 1079 alii
3326 1028 3391 1080 ad
3445 1042 3535 1083 se-

1961 1117 2212 1188 pulcrum
2240 1119 2354 1188 jam
2387 1118 2768 1187 portabantur,
2799 1126 2856 1169 ut
2887 1117 3033 1171 ﬁlius
3067 1118 3243 1172 vidua:
3268 1137 3285 1171 :
3312 1120 3411 1171 alii
3441 1118 3535 1173 de-

1954 1205 2127 1277 nique
2163 1208 2277 1276 jam
2312 1207 2366 1260 in
2408 1214 2769 1260 monumento
2802 1207 3079 1276 jacebant.
3115 1219 3169 1263 et
3200 1210 3417 1278 quidem
3452 1219 3534 1264 ta-

1958 1293 2264 1351 bescentes.
2292 1294 2396 1350 Sed
2430 1296 2765 1351 infcliciores
2809 1301 3020 1353 ueteris
3052 1312 3207 1364 sunt,
3234 1303 3327 1371 qui
3360 1303 3451 1356 diu
3476 1303 3533 1357 in

1956 1386 2231 1455 sepulcris
2259 1386 2620 1440 demorantur
2649 1387 2749 1457 (2).

2028 1476 2123 1544 XI,
2166 1478 2255 1533 44.
2292 1476 2483 1532 Facies
2510 1478 2625 1547 ejus
2650 1479 2867 1533 sudario
2888 1492 3009 1533 erat
3039 1483 3223 1552 ligata.

2028 1569 2085 1624 In
2126 1580 2416 1640 peccatum
2465 1570 2624 1641 lapsi,
2657 1569 2901 1627 dedecus
2972 1574 3104 1629 inde
3154 1584 3531 1644 contractum,

1957 1662 2127 1717 veluti
2158 1663 2435 1734 quoddam
2461 1664 2731 1727 velamen,
2769 1665 2967 1721 anima:
3002 1675 3204 1723 nostrae
3238 1668 3396 1725 faciei
3424 1670 3532 1727 clr-

1957 1754 2399 1826 cumposuimus,
2443 1762 2499 1809 et
2549 1755 2744 1809 mortis
2800 1755 3014 1825 laqueis
3066 1756 3265 1813 irretiti
3314 1776 3531 1819 sumus.

269 1855 504 1926 βρόχοις.
559 1855 729 1908 Ὅταν
757 1849 850 1907 οὖν
894 1854 1047 1923 ἡμᾶς
1102 1850 1243 1905 κατὰ
1268 1850 1360 1904 τὸν
1386 1852 1485 1918 τῆς
1513 1848 1843 1903 ἀναστάσεως

1962 1845 2098 1900 Cum
2136 1845 2306 1915 igitur
2342 1860 2441 1901 nos
2475 1844 2627 1900 circa
2660 1854 2878 1917 tempus
2909 1849 3338 1906 resurrectionis
3362 1867 3393 1907 e
3416 1867 3532 1906 mo-

265 1948 456 2017 καιρὸν
496 1946 605 2000 τῶν
642 1946 752 2001 ἀπὸ
792 1947 896 2017 γῆς
944 1944 1247 2016 μνημάτων
1289 1943 1485 2009 ἐξοίσει
1534 1944 1562 1995 ὁ
1592 1942 1844 2014 Χριστὸς,

260 2036 385 2089 τότε
408 2035 495 2108 δὴ,
522 2035 665 2100 τότε,
696 2034 804 2088 τῶν
831 2037 889 2088 ὲν
922 2036 1063 2105 ἀρχῇ
1092 2031 1370 2094 ἀπολύσας
1405 2031 1611 2097 κακῶν,
1641 2032 1737 2084 καὶ
1754 2047 1849 2083 πε-

265 2143 378 2196 ριαι
385 2126 496 2197 ρῶν
512 2126 715 2197 τρόπον
734 2124 855 2179 τινά
873 2125 973 2197 τῆς
996 2123 1253 2195 αἰσχύνης
1275 2123 1334 2175 τὸ
1359 2123 1641 2193 κάλυμμα,
1661 2121 1847 2175 λοιπὸν

259 2216 562 2289 ἐλευθέρως
588 2214 834 2270 ἀνεῖσθαι
861 2215 1108 2279 κελεύει,
1149 2215 1246 2284 οὐχ
1276 2213 1517 2284 ἁμαρτίᾳ
1551 2229 1846 2283 τυραννου-

265 2307 491 2377 μένους,
532 2308 631 2379 ούχ
677 2305 1073 2376 ὑποκειμένους
1101 2308 1169 2377 τῇ
1203 2306 1412 2376 φθορᾷ,
1441 2305 1473 2374 ἢ
1504 2304 1707 2375 ἑτέροις
1737 2302 1847 2356 τισὶ

263 2398 481 2451 εἰωθόσι
526 2382 760 2459 κακοῦν,
810 2396 885 2461 ὡς
914 2397 1250 2467 πληροῦσθαι
1291 2399 1348 2448 ὲν
1382 2398 1516 2465 ἡμῖν
1546 2394 1606 2447 τὸ
1631 2394 1697 2446 δι’
1729 2393 1847 2455 ἑνὸς

263 2489 373 2541 τῶν
398 2490 571 2556 ἁγίων
594 2487 888 2559 προφητῶν
920 2487 1208 2558 εἰρημένον
1228 2504 1242 2517 ·
1267 2506 1285 2538 ι
1322 2483 1721 2551 Ἐξελεύσεσθε,
1754 2485 1851 2536 καὶ

263 2582 588 2650 σκιρτήσετε
608 2581 682 2644 ὡς
709 2582 983 2651 μοσχάρια
1013 2582 1075 2631 ὲκ
1100 2578 1311 2647 δεσμῶν
1334 2578 1617 2648 ἀνειμένα.
1645 2598 1662 2629 ι

332 2669 573 2723 Λύσατε
607 2669 797 2722 αὑτὸν
825 2671 921 2722 καὶ
965 2669 1145 2737 ἄφετε
1183 2668 1455 2737 ὑπάγειν.

331 2753 629 2825 Χρησίμως
656 2752 751 2807 οὖν
792 2756 881 2807 διά
912 2755 1113 2825 χειρῶν
1149 2756 1363 2807 οἰκείων
1412 2757 1709 2827 ἐπέτρεψεν
1750 2759 1848 2812 αύς-

257 2847 375 2908 τοῖς
405 2844 563 2899 λῦσαι
593 2847 755 2899 αὑτὸν
777 2886 791 2909 ,
837 2848 923 2899 ἵνα
966 2848 1239 2917 μηὰμίαν
1272 2847 1446 2918 ἔχοιεν
1484 2851 1847 2918 συκοφαντίας

259 2937 547 3007 ἀφορμὴν,
594 2937 729 2990 ἀλλά
782 2939 1059 3009 μάρτυρες
1099 2932 1200 2990 ὦσι
1242 2938 1336 2991 τοῦ
1384 2939 1681 3009 θαύματος.
1736 2942 1844 2995 Καὶ

260 3027 416 3081 τοῦτο
444 3028 499 3081 δὲ
538 3029 652 3098 ἔχει
675 3029 872 3100 δεῖγμα
906 3030 1004 3100 τῆς
1034 3029 1329 3099 καθολικῆς
1362 3032 1731 3096 ἀναστάσεως,
1754 3033 1842 3086 ὅτε

261 3118 524 3188 λυομένης
547 3119 646 3189 τῆς
684 3120 960 3190 ἁμαρτίας
989 3122 1082 3173 καὶ
1105 3120 1204 3190 τῆς
1232 3119 1325 3172 τοῦ
1356 3119 1588 3173 θανάτου
1617 3121 1839 3192 φθορᾶς,

1956 1936 2237 1991 numcntis
2270 1936 2523 1991 extrahet
2551 1935 2835 2000 Christus,
2864 1944 2997 1993 tunc
3025 1946 3175 1994 certe
3206 1949 3535 2012 rcpurgatos

1956 2043 2057 2083 nos
2096 2029 2165 2083 ab
2202 2031 2436 2100 antiqua
2488 2031 2633 2096 labe,
2667 2030 2924 2086 detracto
2961 2032 3275 2091 velamento
3328 2036 3531 2091 liberos

1955 2118 2036 2174 ire
2070 2120 2311 2190 jubebit,
2345 2137 2454 2177 non
2483 2122 2759 2177 obnoxios
2794 2123 3009 2193 peccati
3044 2126 3323 2195 tyrannidi
3353 2143 3536 2198 neque

1953 2215 2320 2283 corruptioui,
2349 2214 2581 2285 aliisque
2616 2214 2775 2269 malis
2815 2213 3101 2270 interitum
3144 2215 3527 2282 aﬂerentibus,

1954 2304 2028 2357 ita
2063 2315 2122 2360 ut
2154 2306 2206 2359 in
2241 2305 2399 2361 nobis
2430 2306 2726 2376 impleatur
2773 2304 2922 2375 quod
2960 2305 3030 2361 ab
3060 2321 3171 2362 uno
3209 2317 3531 2364 sanctorum

1954 2398 2344 2465 pmplietarum
2399 2398 2606 2453 dictum
2666 2406 2750 2454 est
2789 2418 2804 2454 :
2844 2416 2863 2450 ι
2903 2398 3296 2470 Egrediemini,
3330 2410 3386 2457 et
3435 2416 3529 2458 sa—

1956 2487 2103 2542 lictis
2150 2489 2295 2545 sicut
2326 2490 2478 2544 oarvi
2516 2491 2674 2545 vituli
2708 2491 2949 2546 vinculis
2982 2492 3218 2547 exsoluti
3241 2494 3307 2546 δ’.
3346 2513 3365 2545 ι

2024 2658 2117 2724 XI,
2154 2660 2244 2714 44.
2276 2659 2474 2714 Solvite
2502 2676 2619 2713 eum
2643 2669 2692 2714 et
2718 2661 2876 2715 sinite
2903 2660 3070 2717 abire.

2028 2748 2246 2805 Utiliter
2292 2751 2467 2822 igitur
2521 2752 2640 2807 suis
2677 2765 2774 2807 eos
2816 2753 3076 2808 manibus
3116 2752 3331 2810 solvere
3372 2754 3531 2811 illum

1955 2840 2234 2910 permisit,
2264 2857 2333 2895 ne
2370 2841 2539 2894 ullam
2572 2840 2839 2895 haberent
2869 2840 3160 2897 calumniae
3190 2859 3405 2909 ansam,
3433 2844 3530 2901 sed

1952 2930 2211 2984 miraculi
2250 2937 2420 2984 testes
2476 2930 2680 2985 forent.
2716 2930 2888 3000 quue
2933 2930 3391 3001 signiﬁcationem
3425 2933 3530 2988 ba-

1952 3022 2042 3075 bet
2078 3020 2409 3075 universalis
2442 3020 2899 3085 resurrectionis,
2931 3020 3154 3090 quando
3184 3024 3371 3078 soluto
3401 3038 3528 3093 pec-

1951 3121 2075 3164 cato
2136 3117 2191 3164 et
2259 3111 2455 3165 mortis
2510 3110 2897 3179 corruptione,
2944 3114 3325 3182 unusquisque
3387 3114 3526 3170 liber

265 3183 544 3278 ελεύθερος
582 3183 817 3278 ἀφίεται.
848 3210 1102 3273 ἕκαστος.
1160 3183 1446 3273 ’Πεσόντες
1487 3210 1597 3280 γάρ
1628 3183 1730 3281 ’(Ιί
1764 3183 1843 3275 εἰς

1948 3201 2263 3255 dimittitur.
2311 3200 2448 3255 Cum
2513 3200 2662 3256 enim
2731 3203 2786 3255 in
2847 3212 3135 3273 peccatum
3191 3205 3523 3273 incidimus,

265 3301 555 3371 ἁμαρτίαν,
591 3301 844 3373 καθάπερ
871 3320 923 3355 τι
954 3303 1217 3371 κάλυμμα
1251 3303 1354 3373 τὴν
1378 3302 1629 3357 ἐντεῦθεν
1653 3304 1845 3375 αἰσχύ-

261 3407 358 3461 νην
396 3391 476 3463 τῷ
519 3393 619 3463 τῆς
661 3391 840 3464 ψυχῆς
894 3392 1173 3462 προσώπῳ
1217 3394 1707 3465 περιτεθείκαμεν,
1749 3398 1843 3449 καὶ

258 3484 369 3546 τοῖς
401 3481 496 3535 τοῦ
535 3482 767 3537 θανάτου
814 3482 1337 3556 καταδεσμεύθημεν
1386 3485 1621 3557 βρόχοις.
1676 3488 1843 3542 Ὅταν

256 3566 350 3625 οὖν
380 3574 531 3643 ἡμᾶς
569 3572 711 3627 κατά
739 3573 829 3626 τὸν
860 3575 959 3643 τῆς
990 3575 1339 3639 ἀναστάσεως
1372 3574 1564 3645 καιρόν
1599 3575 1706 3629 τῶν
1736 3578 1843 3630 ἀπὸ

257 3664 363 3736 γῆς
393 3667 691 3736 μνημάτων
710 3666 893 3737 ἐξοίσῃ
920 3667 1177 3737 Χριστὸς,
1195 3668 1314 3720 τότε
1348 3668 1442 3720 καὶ
1466 3666 1576 3721 τῶν
1599 3668 1843 3741 ἀρχαίων

257 3751 536 3816 ἀπολύσας
590 3752 802 3816 κακῶν,
864 3756 959 3807 καὶ
1009 3754 1276 3824 περιελὼν
1329 3755 1531 3826 τρόπον
1577 3757 1699 3811 τινὰ
1743 3759 1846 3830 τῆς

258 3843 523 3915 αἰσχύνης
573 3846 633 3898 τὸ
671 3847 969 3917 κάλυμμα,
1018 3846 1202 3901 λοιπὸν
1258 3849 1560 3919 ἐλευθέρως
1600 3850 1842 3905 ἀνεῖσθαι

258 3935 529 4000 κελεύσει,
551 3938 648 4008 οὐχ
680 3938 1073 4008 ὑποκειμένους
1098 3942 1162 4011 τῇ
1186 3940 1359 4011 φθορᾷ
1378 3941 1471 3994 καὶ
1493 3944 1601 4005 τοῖς
1627 3942 1843 3996 εἰωθόσι

254 4032 445 4091 κακοῖς
479 4045 493 4058 '
533 4030 607 4092 ώς
654 4030 990 4104 πληροῦσθαι
1038 4033 1095 4085 ὲν
1143 4035 1278 4103 ἡμῖν
1330 4034 1391 4086 τὸ
1443 4034 1511 4088 δι’
1562 4036 1680 4099 ἐνὸς
1731 4036 1840 4090 τῶν

256 4120 550 4191 προφητῶν
573 4122 865 4192 εἰρημένον
886 4138 899 4151 ’
935 4144 953 4174 ι
976 4124 1383 4189 Ἐξελεύσεσθε,
1402 4128 1496 4179 καὶ
1518 4129 1840 4198 σκιρτήσετε

253 4210 331 4269 ὡς
366 4212 637 4283 μοσχάρια
663 4215 727 4266 ἐκ
751 4213 966 4284 δεσμῶν
994 4215 1277 4286 ἀνειμένα.
1316 4237 1332 4267 ι
1371 4218 1627 4287 Λάμδανε
1663 4219 1717 4272 δέ
1751 4237 1844 4289 μοι

250 4298 318 4351 τὸ
340 4299 529 4370 θαῦμα
594 4302 692 4355 καὶ
742 4304 835 4355 ἐπὶ
877 4302 945 4356 τά
969 4305 1134 4368 ὲντύς.
1178 4306 1243 4359 Εἰ
1294 4307 1402 4378 γὰρ
1442 4309 1470 4359 ό
1512 4308 1634 4372 νοῦς
1682 4311 1845 4380 ἡμῶν

252 4390 514 4445 ἀποθάνοι
540 4394 809 4463 Λάζαρος.
833 4395 915 4448 δεῖ
944 4396 1083 4466 μετά
1112 4396 1572 4470 έξομολογήσεως,
1598 4401 1672 4463 ὼς
1692 4404 1840 4475 Μάρ-

254 4483 354 4534 θαν
383 4482 474 4534 καὶ
502 4483 744 4554 Μαρίαν,
783 4486 885 4556 τὴν
914 4486 1103 4557 ὑλικὴν
1152 4488 1330 4559 σάρκα
1366 4490 1461 4541 καὶ
1500 4491 1598 4562 τὴν
1633 4508 1829 4562 σεμνο-

252 4573 416 4645 τέραν
447 4576 624 4647 ψυχὴν
667 4578 982 4648 προσελθεῖν
1020 4579 1095 4650 τῷ
1129 4580 1350 4651 Χριστῷ
1390 4583 1483 4635 καὶ
1512 4584 1826 4654 παρακαλέ-

253 4683 377 4719 σαι·
426 4669 517 4720 καὶ
572 4668 631 4732 ὃς
678 4669 935 4737 ὲπιστάς,
985 4671 1084 4742 τὴν
1133 4673 1483 4745 ἐπικειμένην
1527 4678 1593 4745 τῇ
1638 4678 1829 4748 μνήμῃ

250 4757 487 4827 ἀρθῆναι
535 4759 781 4813 κελεύσει
820 4760 1117 4832 πώρωσιν,
1170 4763 1264 4816 καὶ
1310 4767 1551 4834 φωνήσει
1615 4767 1831 4840 μεγάλη

252 4852 399 4919 φωνῇ
434 4849 536 4920 τῆς
577 4851 938 4924 εὐαγγελικῆς
975 4854 1275 4923 σάλπιγγος
1300 4872 1317 4886 ο
1351 4855 1521 4927 Δεῦρο
1564 4856 1669 4921 ἔξω
1719 4860 1828 4911 τῶν

248 4941 343 4993 τοῦ
380 4942 585 5012 κόσμου
606 4944 1004 5015 περισπασμῶν
1025 4962 1042 4975 ο
1070 4946 1163 4999 καὶ
1192 4946 1292 5009 τὰς
1325 4946 1511 5015 σειρὰς
1538 4947 1687 5001 λύσει
1718 4951 1827 5002 τῶν

251 5033 557 5100 ἁμαρτιῶν,
588 5033 727 5088 ὥστε
763 5035 1021 5090 δύνασθαι
1059 5020 1331 5091 κινεῖσθαι
1367 5039 1650 5109 ἀραρότως
1691 5039 1825 5111 πρὸς

252 5123 473 5194 ἀρετήν.

320 5217 541 5271 Πολλοί
580 5214 692 5273 οὖν
731 5219 799 5273 ἐκ
828 5220 945 5275 τῶν
984 5221 1289 5278 Ἰουδαίων
1306 5221 1683 5278 ἐπίστευσαν
1731 5226 1819 5291 εἰς

247 5309 453 5363 αὐτόν.

316 5396 407 5462 Τῷ
439 5400 725 5471 παραδόξῳ
766 5401 1076 5471 νικηθέντες
1128 5403 1314 5458 πολλοὶ
1361 5406 1813 5459 πεπιστεύκασιν*

312 5510 358 5544 δ’
399 5511 629 5568 Malacb.
673 5531 746 5581 tv,
777 5515 833 5570 Ξ.

312 5626 401 5701 (1)Δ
415 5626 513 5682 Ed.
555 5646 732 5701 ιᾲπεσ.
760 5646 815 5701 γ.
841 5627 1050 5701 εἰςᾼάμ.
1070 5631 1195 5701 τοῖς
1219 5627 1314 5701 τοῦ
1347 5629 1575 5701 θανάτου
1604 5631 1826 5701 δεσμοῖς

247 5697 773 5769 κατεδεσμεύθημενδ
798 5697 1042 5769 λάμδανε
1063 5699 1119 5751 δέ
1143 5717 1231 5769 μοι
1253 5700 1313 5752 τὸ
1339 5700 1665 5769 θαύμα,καί,
1696 5697 1803 5754 etc.

249 5764 563 5837 Suppletum
584 5764 903 5825 ex'Macario
924 5768 1016 5826 fol.
1040 5764 1275 5840 585,3p.
1302 5768 1404 5825 Mai
1438 5764 1473 5826 I'.
1512 5764 1548 5826 Ι.
1593 5786 1647 5840 p.
1674 5770 1795 5827 135.

1947 3296 2301 3366 ignominiam
2344 3296 2474 3352 inde
2514 3306 2853 3365 ntanantem,
2878 3314 2982 3354 ceu
3035 3299 3309 3369 quoddam
3340 3301 3522 3355 velum

1945 3389 2144 3443 animtc
2170 3399 2373 3443 nostra:
2404 3388 2565 3445 faciei
2594 3391 2945 3455 obducimus,
2972 3399 3026 3445 et
3059 3393 3253 3447 mortis
3286 3393 3525 3449 vinculis

1946 3480 2254 3550 alligamur.
2289 3481 2424 3535 Cum
2461 3490 2645 3536 autem
2685 3498 2785 3537 nos
2818 3483 3249 3541 resurrectionis
3270 3494 3524 3557 tempore.

1945 3586 1975 3625 e
2004 3580 2165 3626 terrae
2200 3574 2574 3628 monumentis
2597 3574 2797 3628 educet
2816 3575 3095 3640 Christus,
3117 3587 3248 3632 tunc
3274 3578 3525 3648 antiquis

1946 3664 2246 3732 expediens
2274 3663 2887 3734 tnalis,detrahcnsque
2921 3667 3328 3735 quodammodo
3363 3669 3520 3739 igno-

1946 3754 2128 3808 miniae
2157 3755 2362 3818 velum,
2382 3756 2641 3825 posthinc
2669 3756 2878 3813 liberos
2906 3761 3060 3813 abire
3086 3758 3319 3827 jnbebit,
3340 3775 3520 3830 neque

1944 3844 2154 3914 peccati
2190 3844 2427 3899 ulterius
2479 3845 2773 3915 tyrannide
2813 3861 3061 3916 pressos,
3096 3860 3276 3915 neque
3324 3861 3518 3900 corru-

1944 3937 2116 4007 ptioni
2157 3935 2414 3992 subditos
2461 3945 2557 3991 aut
2589 3940 2875 3993 consuetis
2911 3939 3072 3993 malis
3104 3954 3119 3991 :
3156 3946 3216 3991 ιιι
3267 3937 3518 4008 perﬁcia-

1944 4040 2034 4085 tur
2070 4032 2125 4085 in
2175 4031 2333 4085 nobis
2380 4030 2591 4085 dictum
2632 4031 2761 4085 etim
2821 4032 2890 4085 ab
2935 4048 3046 4086 uno
3094 4046 3126 4086 e
3182 4032 3464 4102 prophetis
3498 4050 3517 4085 ι

1948 4138 1965 4169 ι
2007 4119 2392 4191 Egrediemini,
2421 4126 2477 4173 et
2512 4130 2773 4189 tanquam
2806 4122 2963 4176 vituli
3008 4123 3223 4178 salictis
3277 4124 3519 4179 vinculis

1943 4211 2197 4264 resoluti.
2254 4230 2272 4261 ι
2340 4210 2714 4267 Accommoda
2782 4214 2915 4268 mihi
2964 4216 3129 4269 etiam
3186 4217 3518 4270 miraculum

1941 4302 2008 4356 ad
2035 4302 2195 4372 691
2241 4302 2532 4358 interiora.
2565 4304 2627 4358 Si
2656 4305 2805 4359 enim
2842 4321 2996 4362 mens
3024 4319 3211 4362 nostra
3252 4318 3517 4379 tanquam

1940 4394 2184 4448 Lazarus
2242 4402 2461 4448 mortua
2527 4396 2627 4461 sit,
2693 4405 2915 4468 oportet
2978 4415 3104 4454 cum
3164 4399 3518 4457 confessione

1942 4490 2137 4544 molem
2196 4490 2386 4543 carnis
2418 4490 2787 4555 matcrialem,
2815 4500 2873 4546 et
2907 4492 3362 4547 venerabilion
3395 4494 3514 4546 ani-

1940 4594 2101 4640 mam,
2140 4588 2406 4649 tanquam
2446 4579 2715 4636 Martinam
2754 4592 2807 4637 et
2842 4581 3100 4648 Mariam,
3147 4583 3409 4639 accedere
3441 4583 3512 4635 ad

1934 4671 2214 4727 Christum
2257 4679 2311 4725 et
2358 4671 2651 4742 deprecari
2688 4695 2699 4727 :
2735 4682 2790 4728 ct
2834 4674 2929 4728 ille
2958 4681 3150 4729 astans
3197 4673 3511 4744 impositam

1934 4767 2217 4821 memoriae
2255 4765 2375 4819 toi-li
2405 4764 2624 4835 jubebit
2651 4765 2911 4820 duritiem
2944 4780 3009 4819 ac
3041 4765 3267 4827 callum,
3299 4772 3352 4817 et
3393 4764 3513 4816 cla-

1936 4855 2107 4910 mabit
2154 4871 2351 4925 magna
2390 4857 2719 4927 evangelica
2756 4856 2901 4910 tuba:
2936 4871 3068 4909 voce
3109 4876 3121 4909 :
3168 4853 3285 4908 Huc
3327 4856 3517 4910 venite

1932 4957 2087 5003 extra
2132 4948 2323 5002 mundi
2361 4947 2757 5003 distractioncs
2790 4966 2803 5001 :
2839 4957 2894 5001 ct
2919 4946 3098 5001 solvet
3152 4954 3512 5017 peccatorum

1932 5051 2179 5104 catenas,
2222 5041 2294 5094 ita
2332 5048 2393 5095 ut
2432 5039 2711 5110 possimus
2753 5038 2962 5093 moveri
3009 5037 3400 5094 convenienter
3434 5038 3508 5091 ad

1932 5134 2210 5187 virtutem.
3451 5219 3463 5226 -
3501 5134 3524 5226 Ι

2001 5221 2099 5286 XI,
2160 5222 2246 5276 65.
2309 5220 2471 5274 Multi
2514 5235 2636 5289 ergo
2682 5235 2747 5273 ex
2806 5218 3009 5277 Judm’s
3062 5219 3501 5286 credideruutlin

1932 5330 2071 5367 cum.

1999 5404 2146 5459 Multi
2199 5403 2279 5456 rei
2334 5402 2580 5457 novitate
2626 5410 2682 5458 et
2736 5405 3006 5459 miraculo
3058 5403 3190 5459 victi
3237 5400 3488 5459 credide-

2005 5628 2080 5700 (Ξ)
2100 5629 2606 5702 Contemporancus
2667 5634 2873 5704 Cyrillo
2904 5633 3367 5704 Augustinuspfe
3393 5631 3490 5704 do-

1917 5708 2111 5769 cteque
2144 5701 2521 5771 argumentum
2543 5706 2644 5759 hoc
2668 5701 2735 5759 de
2760 5704 2935 5757 tribus
2960 5704 3192 5757 mortuis
3209 5719 3238 5754 a
3260 5701 3491 5759 Domino

1911 5771 2190 5827 suscitatis
2227 5780 2426 5829 tractat
2473 5788 2727 5830 sermone
2764 5789 2949 5839 κονίη,
2990 5773 3076 5827 ed.
3110 5771 3285 5826 Μλωι.
