4144 6502
604 315 672 372 67
1603 316 1660 372 8.
1701 314 1977 373 CYRILLI
2016 318 2495 374 ALEXANDRINI
2529 319 2858 380 ARCHIEP.
3801 331 3887 390 68

609 435 782 497 runt;
837 428 929 482 alii
983 443 1114 485 vero
1147 428 1320 485 livore
1359 428 1622 499 impulsi,
1662 433 2015 487 occasionem
2057 433 2179 488 inde

2298 432 2475 505 ἕτεροι
2521 435 2578 488 δὲ
2623 436 2700 506 τῷ
2733 435 2910 507 φθόνῳ
2935 436 3256 509 τρωθέντες.
3294 439 3550 516 ἀφορμὴν
3584 444 3882 505 ποιοῦνται

609 529 970 590 smupserunt
1025 521 1283 589 patrandi
1343 535 1408 574 ea
1458 537 1582 591 quae
1640 522 1845 578 invidis
1894 539 2016 579 mos
2064 533 2185 587 est,

608 610 1065 681 principibusque
1091 611 1241 679 quod
1277 612 1479 664 factum
1510 619 1630 664 erat
1660 615 2003 678 retulerunt,
2042 624 2104 668 ut
2133 622 2186 669 et

611 704 720 758 illis
754 703 825 756 ob
877 718 941 757 ea
988 718 1108 770 qua:
1141 702 1335 756 fecerit
1362 701 1620 756 Christus
1645 742 1660 768 ,
1692 706 1943 760 molestia
1975 706 2187 762 affectis

607 803 662 847 et
695 794 1240 861 anxiis,nonnullum
1273 793 1358 847 sui
1389 794 1597 850 doloris
1626 796 1881 851 solatium
1914 799 2185 867 habeant,

609 887 845 940 inventis
876 886 960 941 sui
996 886 1252 940 mmroris
1284 888 1642 944 consortibus
1674 904 1738 943 ac
1765 890 2033 945 rivalibus
2055 931 2069 955 ,
2097 900 2184 945 ut-

608 996 717 1048 que
771 996 896 1033 cum
934 979 1038 1048 ipsi
1079 992 1187 1031 non
1226 985 1450 1046 possent
1502 979 1558 1033 in
1593 995 1656 1034 os
1693 981 1894 1036 intueri
1932 999 2054 1037 eum
2091 985 2184 1052 qui

608 1071 743 1124 nihil
783 1069 1053 1138 injustum
1095 1066 1324 1133 fecerat,
1365 1070 1704 1138 potentiores
1759 1071 2025 1129 adversus
2059 1089 2183 1129 eum

608 1165 892 1218 irritarent
929 1168 1096 1230 atque
1134 1160 1526 1216 accenderent.

676 1255 744 1308 ΧΙ
767 1296 781 1320 ,
816 1255 906 1309 47.
947 1253 1089 1318 Quid
1121 1253 1391 1321 facimus,
1423 1255 1550 1324 quia
1587 1255 1672 1308 hic
1702 1255 1857 1310 homo
1895 1255 2064 1310 multa
2111 1258 2188 1310 si-

603 1364 707 1418 gna
740 1347 872 1417 facit
896 1349 922 1401 Ρ

671 1439 968 1494 Enimvero
1008 1439 1294 1506 Pharisaei,
1337 1439 1544 1495 omissa
1581 1439 1980 1506 admiratione,
2006 1441 2183 1496 dolori

602 1544 661 1583 se
717 1530 979 1596 tradunt,
1033 1538 1086 1585 et
1133 1531 1200 1585 de
1250 1531 1558 1586 occidendo
1639 1533 1959 1588 consultant
2021 1550 2182 1604 quem

605 1622 970 1690 potentiorem
1028 1621 1258 1690 vident,
1314 1638 1424 1676 non
1480 1623 1790 1694 cogitantes
1850 1625 2183 1681 ineffabilem

605 1715 938 1784 potentiam,
973 1722 1051 1778 et,
1074 1724 1136 1768 ut
1161 1715 1230 1769 de
1259 1714 1484 1769 homine
1515 1716 1751 1786 simplici
1780 1717 2180 1785 existimantes,

2288 523 2349 576 τὸ
2383 523 2565 592 θαῦμα
2601 524 2695 577 τοῦ
2729 525 2923 595 δράσαι
2959 525 3027 580 τά
3056 527 3162 580 τῶν
3208 528 3569 600 φθονούντων,
3626 538 3722 592 καὶ
3753 541 3881 606 τοῖς

2290 616 2617 686 ἡγουμένοις
2668 619 3015 688 ἀπήγγειλαν
3052 620 3113 672 τὸ
3146 622 3406 690 γεγονὸς,
3463 623 3550 678 ἵνα
3594 628 3878 688 κάκεινων

2289 705 2639 776 λυπηθέντων
2663 707 2748 774 ἐφ’
2773 700 2854 769 οἷς
2884 709 3177 776 είργάσατο
3205 713 3232 763 ὁ
3258 712 3512 782 Χριστὸς,
3547 717 3715 787 σχῶσι
3743 737 3877 777 τινα

2289 798 2616 868 παραψυχὴν
2652 798 2751 868 τῆς
2784 799 2919 863 ἰδίας
2976 800 3172 872 λύπης,
3230 802 3308 872 τῷ
3355 805 3451 857 καὶ
3490 808 3683 874 ἄλλους
3720 811 3876 882 ἔχειν

2288 891 2594 959 ὁμόφρονας
2638 892 2731 943 καὶ
2787 895 3186 959 συγκοινωνοὺς
3217 895 3314 964 τῆς
3346 897 3696 969 παράφρονας
3727 901 3876 956 md-

2289 1001 2386 1051 της
2423 982 2618 1054 λύπης·
2662 983 2756 1036 καὶ⁵
2791 983 2876 1036 ἵνα
2929 985 3084 1037 αὐτοὶ
3135 987 3210 1056 μὴ
3257 985 3534 1057 ἰσχύοντες
3570 991 3760 1061 βλέψαι
3787 994 3872 1064 (1)

2288 1070 2378 1121 τὸν
2407 1069 2560 1122 οὐδὲν
2583 1070 2944 1141 ἀδικήσαντα,
2993 1073 3120 1137 τοὺς
3156 1074 3560 1149 δυνατωτέρους
3601 1083 3721 1134 κατ’
3764 1084 3872 1136 αύ-

2197 1204 2207 1213 .
2289 1160 2382 1212 τοῦ
2419 1160 2730 1230 ἐρεθίσωσι.

2365 1253 2426 1305 Τί
2471 1251 2778 1321 ποιοῦμεν,
2833 1253 2921 1306 ὅτι
2976 1255 3008 1307 ὀ
3060 1254 3370 1325 ἄνθρωπος
3418 1255 3598 1329 οὗτος
3645 1261 3869 1334 σημεῖα

2289 1345 2494 1398 πολλὰ
2527 1345 2717 1407 ποιεῖ;

2371 1439 2587 1507 Ἀμέλει
2619 1440 2714 1492 καὶ
2741 1443 2788 1492 οἰ
2831 1441 2928 1511 μὲν
2957 1444 3241 1516 Φαρισαῖοι
3274 1444 3335 1497 τὸ
3364 1444 3664 1517 θαυμάζειν
3695 1449 3863 1518 ἀφέν-

2287 1546 2398 1592 τες,
2433 1531 2524 1582 ἐπί
2550 1529 2610 1584 τὸ
2641 1531 2930 1587 λυπεῖσθαι
2966 1534 3280 1603 τρέπονται,
3313 1536 3408 1590 καὶ
3437 1536 3666 1592 θανάτου
3701 1541 3866 1595 αὑτὸν

2289 1623 2573 1692 κρείττονα
2632 1623 2941 1694 βλέποντες,
2987 1627 3307 1682 ἀποκτεῖναι
3347 1627 3711 1700 βουλεύονταν
3762 1633 3867 1690 οὐκ

2293 1713 2600 1777 ἐννοοῦντες
2631 1713 2728 1785 τὴν
2759 1715 2964 1784 ἄφατον
3001 1717 3270 1784 ἐξουσίαν,
3315 1717 3391 1783 ὡς
3422 1722 3552 1793 περὶ
3576 1723 3864 1794 ἀνθρώπου

605 1781 832 1861 dicunt:
864 1825 882 1857 ι
915 1805 1057 1872 Quid
1107 1806 1341 1862 facimus
1377 1846 1391 1871 ,
1443 1809 1577 1878 quia
1623 1781 1788 1863 homo
1842 1811 1957 1879 ipse
2013 1815 2179 1864 multa

2287 1805 2342 1858 δέ
2379 1805 2534 1874 ψιλοῦ
2564 1806 2894 1874 ἐννοοῦντες,
2943 1808 3187 1864 ἐλάλουν⁹
3218 1829 3237 1862 ι
3281 1813 3345 1864 Τί
3397 1813 3677 1885 ποιοῦμεν,
3720 1817 3799 1869 ὅτι
3835 1818 3866 1869 ὁ

606 1900 763 1968 signa
795 1897 967 1952 facit?
999 1915 1016 1948 ι
1069 1898 1320 1967 quamvis
1365 1898 1539 1968 magis
1585 1914 1651 1954 ex
1696 1914 1763 1954 eo
1811 1901 2042 1956 credere
2089 1916 2186 1956 eos

605 1988 851 2058 oportuit
891 1988 1068 2057 ipsum
1100 2001 1223 2042 esse
1251 1986 1536 2043 Christum
1561 2027 1574 2052 ,
1613 2005 1774 2059 quem
1810 1991 1999 2044 divina
2031 1990 2185 2045 Scri-

605 2089 766 2149 ptura
801 2080 987 2133 multis
1020 2080 1154 2134 locis
1197 2081 1587 2149 praedixisset,
1635 2081 1880 2135 futurum
1930 2082 2187 2138 videlicet

514 2169 518 2174 ’
605 2170 902 2223 multorum
940 2170 1336 2224 miraculorum
1385 2170 1673 2224 factorem.
1724 2171 1801 2225 Illi
1858 2187 1987 2226 vero
2022 2175 2186 2228 etiam

606 2274 830 2315 causam
870 2269 1182 2330 praetexunt
1206 2299 1222 2326 ,
1262 2277 1360 2331 per
1392 2276 1560 2331 quam
1598 2263 1922 2318 nitebantur
1956 2281 2186 2335 persna—

607 2353 736 2407 dere
768 2352 1072 2407 levioribus
1107 2361 1167 2406 ut
1207 2367 1333 2406 eum
1389 2353 1738 2419 occiderent,
1790 2365 1843 2409 et
1875 2356 2073 2411 aiunt:
2125 2356 2184 2411 Si

607 2461 732 2500 eum
766 2445 846 2500 sic
888 2445 1342 2514 permiserimus,
1379 2461 1481 2515 pro
1522 2461 1588 2500 eo
1636 2447 1782 2516 quod
1830 2456 1953 2514 est,
2003 2450 2186 2506 vivere

605 2545 662 2590 et
694 2533 960 2588 miracula
997 2532 1178 2589 fecere
1200 2573 1214 2599 ,
1249 2537 1487 2605 pessime
1515 2537 1805 2591 nobiscum
1863 2549 2074 2608 agetur.
2126 2540 2184 2594 Si

606 2626 754 2681 enim
813 2625 905 2680 isti
962 2625 1134 2696 legem
1188 2625 1414 2681 violanti
1466 2627 1662 2696 vulgus
1715 2628 2048 2697 adhaeserit,
2097 2647 2186 2686 res

607 2725 811 2772 nostra:
848 2717 1110 2787 deinceps
1141 2719 1500 2774 conclamata:
1545 2729 1698 2785 sunt,
1727 2736 1788 2775 ac
1815 2725 2183 2792 postmodum,

607 2818 870 2880 tanquam
925 2807 1132 2865 Judaiis
1186 2809 1492 2865 debilitatis
1524 2827 1588 2866 ac
1624 2813 2054 2878 inclinantibus,
2097 2816 2185 2869 in-

608 2901 810 2954 vadent
843 2900 898 2954 in
948 2914 1049 2954 nos
1100 2899 1365 2964 Romani,
1413 2916 1591 2969 neque
1637 2903 1888 2971 paternis
1937 2905 2187 2960 moribus

609 3007 712 3048 nos
743 2993 916 3048 libere
947 2993 1026 3046 uti
1063 2993 1266 3057 sinent,
1294 3008 1472 3062 neque
1502 3001 1702 3048 nostra:
1747 2995 1893 3064 genti
1928 3012 2181 3065 praeesse,

2287 1893 2574 1964 ἄνθρωπος
2622 1890 2773 1960 οὗτος
2808 1897 2979 1951 πολλὰ
3014 1903 3215 1969 σημεῖα
3240 1904 3418 1966 ποιεῖ;
3460 1922 3478 1954 ›
3523 1904 3714 1956 Καίτοι
3742 1904 3864 1957 δέον

2287 1984 2351 2035 ἐκ
2375 1983 2564 2036 τούτου
2601 1985 2804 2053 μᾶλλον
2829 1987 3145 2054 πιστεῦσαι,
3174 1989 3254 2044 ὅτι
3278 1992 3437 2056 αὐτὸς
3459 1988 3526 2062 ἦν
3553 1996 3581 2046 ὁ
3604 1994 3860 2064 Χριστὸς,

2286 2075 2402 2145 ὂνή
2437 2075 2794 2140 θεόπνευστος
2817 2079 3007 2152 Γραφὴ
3040 2081 3097 2133 ἐν
3132 2081 3346 2146 πολλοῖς
3385 2085 3860 2157 προανεφὼνησεν,

2288 2168 2369 2219 ὅτι
2399 2166 2609 2219 πολλῶν
2647 2169 2889 2238 σημείων
2923 2169 3073 2223 ἔσται
3131 2171 3481 2243 δημιουργός.
3539 2175 3601 2227 Οἰ
3641 2175 3718 2241 δὲ,
3767 2176 3862 2229 καὶ

2289 2258 2463 2311 αἰτίαν
2504 2259 2948 2329 προφασίζονται,
2983 2260 3049 2314 δι’
3081 2257 3149 2333 ἦς
3182 2263 3480 2334 ἐπειρῶντο
3518 2267 3701 2318 πεῖσαι
3736 2267 3863 2329 τοὺς

2288 2351 2705 2423 ἐλαφροτέρους,
2764 2355 3080 2407 ἀποκτεῖναι
3135 2354 3316 2420 αὐτὸν,
3391 2357 3484 2409 καί
3512 2373 3734 2426 σρασινο
3764 2359 3864 2411 Ἂν

2288 2443 2538 2513 ἐάσωμεν
2565 2444 2952 2509 αὑτὸνόῦτως,
2993 2445 3114 2498 ἀντὶ
3148 2445 3260 2509 τοῦ,
3301 2445 3476 2510 ζῶντα
3525 2450 3616 2502 καὶ
3653 2449 3867 2521 θαυμα-

2286 2536 2639 2607 τουργοῦντα,
2685 2536 2984 2606 πεισόμεθα
3033 2537 3308 2593 πάνδεινα.
3359 2537 3486 2592 Ἐὰν
3535 2541 3643 2610 γὰρ
3690 2540 3866 2612 τούτῳ

2286 2627 2378 2679 τὸν
2406 2628 2568 2696 νόμον
2604 2626 2925 2679 καταλύοντι
2973 2627 3306 2680 πιστεύσωσι
3353 2628 3557 2693 πολλοὶ,
3587 2632 3864 2700 οἰχήσεται

2287 2718 2473 2772 λοιπὸν
2505 2720 2573 2771 τὰ
2628 2719 2892 2791 ήμέτερα’
2941 2720 3037 2772 καὶ
3091 2719 3278 2773 λοιπὸν
3328 2721 3402 2783 ὼς
3451 2722 3865 2793 ἀσθενησάντων

2302 2809 2569 2863 Ἰουδαίων
2598 2813 2678 2874 εἰς
2708 2811 2880 2874 τέλος,
2914 2811 3269 2881 ἐπιθήσονται
3320 2814 3456 2883 ἡμῖν
3487 2815 3534 2865 οἱ
3571 2816 3859 2877 Ῥωμαῖοι,

2289 2904 2383 2956 καὶ
2409 2905 2508 2956 οὐκ
2539 2904 2788 2956 ἐάσουσιν
2817 2907 2967 2974 ἡμᾶς
2995 2907 3108 2967 τοῖς
3160 2902 3435 2975 πατρῴοις
3475 2905 3651 2958 ἔθεσιν
3693 2907 3866 2969 ἀδεῶς

2289 2995 2618 3066 χρήσασθαι,
2646 2994 2770 3048 οὔτε
2806 2995 2898 3048 τοῦ
2935 2995 3063 3047 ἰδίου
3099 2995 3286 3065 ἄρχειν
3317 2995 3524 3059 ἔθνους,
3564 2995 3688 3048 οὔτε
3715 2997 3869 3049 δικά-

611 3101 789 3156 neque
811 3084 1062 3154 judicare
1086 3125 1100 3147 ,
1135 3084 1350 3154 ipsique
1379 3086 1562 3154 potius
1588 3085 1953 3154 iudicabunt,
1988 3097 2042 3143 et
2075 3106 2179 3143 non

2291 3086 2421 3148 ζειν,
2477 3087 2630 3139 αὐτοὶ
2657 3087 2856 3156 μᾶλλον
2907 3085 3242 3150 δικάζοντες,
3279 3087 3371 3140 καὶ
3404 3089 3502 3156 οὐχ
3549 3089 3712 3157 ⁴ἡμεῖς
3761 3088 3864 3140 ἔτι.

609 3177 846 3245 amplius
873 3191 992 3230 nos.
1031 3174 1138 3230 Sed
1170 3176 1317 3230 enim
1347 3177 1434 3230 hic
1459 3191 1649 3246 pinnas
1683 3177 1953 3233 dederunt
1981 3177 2181 3244 Judazi,

611 3267 738 3320 licet
783 3280 892 3319 non
940 3280 1038 3335 pro
1083 3265 1351 3334 gravitate
1392 3281 1585 3320 eorum
1631 3281 1754 3335 qua:
1799 3267 1853 3321 in
1897 3269 2179 3323 Christum

609 3355 999 3426 deliquerunt,
1055 3354 1327 3410 dederunt
1361 3363 1581 3410 tamen:
1627 3371 1751 3425 quae
1791 3358 1936 3412 enim
1985 3374 2080 3412 ceu
2115 3359 2183 3414 ad

607 3447 927 3503 evitandum
992 3445 1242 3501 fecerunt
1306 3446 1553 3502 dicentes
1591 3464 1656 3502 ιι
1691 3447 1747 3502 Si
1807 3449 2183 3506 dimiserimus

607 3543 772 3613 692
809 3543 954 3597 hunc
975 3583 988 3606 ,
1024 3541 1257 3595 Romani
1291 3542 1490 3597 tollent
1524 3544 1714 3598 urbem
1747 3552 1803 3598 et
1831 3553 2047 3614 gentem
2080 3561 2179 3600 no-

611 3640 804 3687 stram.
842 3651 860 3683 ι
892 3632 1015 3686 Ilaec
1042 3640 1334 3702 postquam
1368 3631 1616 3688 fecerunt
1639 3673 1654 3695 ,
1701 3650 1810 3688 non
1852 3637 2131 3692 evitarunt
2163 3658 2174 3694 :

609 3724 748 3780 urbe
773 3725 920 3780 enim
949 3739 1142 3780 eorum
1177 3740 1206 3778 a
1243 3723 1510 3781 Romanis
1540 3737 1702 3797 capta
1733 3738 1789 3783 et
1819 3730 2007 3784 diruto
2039 3741 2181 3787 tem-

608 3818 732 3887 plo,
785 3817 889 3888 ipsi
943 3827 1201 3887 tanquam
1251 3819 1396 3873 servi
1442 3820 1774 3876 verberones
1823 3830 1878 3877 et
1929 3825 2178 3893 fugitivi,

610 3907 846 3963 infames
880 3919 932 3962 et
966 3915 1217 3962 errantes
1254 3908 1460 3974 ubique
1493 3907 1733 3979 dispersi
1773 3921 1920 3968 sunt.
1962 3913 2180 3968 Dabunt

607 4014 742 4053 vero
771 4006 828 4053 et
860 3999 970 4052 illic
1001 4000 1223 4053 meritas
1257 4014 1481 4068 poenas,
1516 4017 1638 4055 cum
1672 4003 1816 4056 enim
1851 4006 2178 4074 agnoverint

609 4088 1042 4153 humanitatem,
1079 4091 1254 4143 scient
1283 4091 1617 4157 potentiam,
1651 4092 1810 4164 cujus
1837 4103 1892 4150 et
1927 4096 2018 4150 hic
2054 4096 2176 4149 nul-

609 4181 722 4233 tum
752 4179 862 4248 jam
890 4180 1324 4248 experimentum
1359 4191 1644 4250 ceperunt.

681 4266 770 4332 XI,
812 4267 902 4321 49.
957 4265 1102 4321 Unus
1131 4278 1307 4321 autem
1335 4283 1400 4321 ex
1429 4269 1582 4336 ipsis,
1614 4287 1734 4325 cum
1763 4280 1900 4326 esset
1935 4273 2173 4343 pontifex

606 4358 734 4411 anni
765 4356 930 4420 illius,
964 4356 1124 4424 dixit,
1144 4367 1254 4414 etc.

681 4447 788 4503 Sed
839 4449 986 4520 quod
1025 4452 1238 4506 occulte
1277 4452 1537 4509 dicebant
1575 4463 1628 4509 et
1667 4454 2040 4509 moliebantur
2079 4454 2175 4510 Ju-

605 4543 708 4598 daei
728 4585 743 4609 ,
776 4543 880 4597 hoc
907 4552 1097 4615 aperte
1125 4545 1318 4602 suadet
1348 4548 1428 4602 eis
1460 4555 1518 4602 ut
1572 4547 1783 4602 faciant
1825 4549 2172 4604 sacerdotum

606 4635 890 4706 princeps,
927 4645 982 4690 et
1022 4636 1306 4694 Christum
1343 4639 1712 4704 interficiant,
1750 4649 2014 4712 tanquam
2053 4657 2083 4697 e
2117 4657 2177 4698 re

603 4727 785 4795 gentis
823 4727 926 4780 hoc
958 4727 1150 4784 dicens
1174 4769 1190 4795 ,
1229 4730 1358 4784 licet
1391 4745 1528 4800 gens
1558 4731 1786 4800 injusta.
1816 4731 1883 4786 Et
1907 4748 2021 4788 rem
2052 4735 2177 4804 qui-

604 4817 729 4871 dem
763 4833 947 4871 veram
983 4819 1154 4883 dicit,
1194 4819 1291 4874 sed
1327 4835 1432 4872 non
1467 4836 1532 4873 ex
1561 4835 1752 4874 eorum
1793 4822 2136 4893 malignitate
2159 4865 2173 4890 ,

604 4918 660 4962 at
699 4923 766 4964 ex
805 4907 897 4963 Dei
935 4911 1215 4965 voluntate
1244 4918 1298 4965 et
1329 4912 1599 4980 sapientia
1628 4913 1696 4967 ad
1731 4913 1932 4968 bonum
1965 4915 2177 4970 directa

605 5001 730 5055 fuit.
775 5001 854 5055 llli
887 5005 1030 5057 enim
1067 5003 1134 5056 ad
1167 5019 1321 5058 suam
1354 5005 1657 5074 perniciem
1691 5005 1976 5061 Christum
2023 5009 2175 5062 occi-

602 5095 848 5148 derunt:
887 5095 975 5148 hic
1015 5110 1144 5149 vero
1193 5105 1371 5150 morte
1425 5096 1653 5151 affectus
1703 5099 2007 5153 secundum
2054 5116 2177 5155 car-

603 5198 726 5238 nem
747 5225 764 5247 ,
789 5185 1035 5239 omnium
1056 5186 1216 5241 nobis
1243 5187 1513 5240 bonorum
1542 5202 1707 5244 causa
1732 5188 1858 5247 fuit.
1883 5190 2173 5248 Excidium

589 5317 618 5397 ί.
675 5322 749 5391 χι)
792 5319 909 5397 Non
935 5322 1054 5378 sine
1093 5321 1464 5397 indignatione
1487 5323 1644 5397 leges
1682 5325 1788 5380 ista
1819 5330 1960 5397 apud
1996 5332 2169 5397 Cyril-

610 5391 715 5471 lum
744 5392 811 5471 ad
847 5391 1008 5471 Joap.
1047 5409 1112 5471 ξι
1139 5408 1151 5442 :
1188 5391 1297 5471 Καὶ
1328 5394 1413 5445 ἵνα
1438 5391 1593 5471 αὐτοὶ
1620 5397 1706 5471 *μὴ
1739 5391 2014 5471 ἰσχύοντες
2041 5391 2169 5471 ’βλέ-

605 5461 698 5541 ψαι
725 5461 812 5541 τὸν
851 5463 1002 5541 οῦδὲν
1050 5463 1414 5541 ἀδιιςίισαντα,
1460 5465 1584 5541 τοῦς
1607 5461 2016 5541 Δδυκὶατιὶιὶτέρους
2048 5461 2167 5527 δίαιτ’

602 5530 766 5586 αὑτοῦ
796 5531 1097 5602 ἐρεθίσωσι.
1157 5530 1323 5602 thue
1367 5550 1483 5585 cum
1516 5536 1616 5601 ipsi
1648 5555 1750 5590 non
1780 5530 2078 5602 possent'in
2111 5561 2168 5598 os

602 5603 796 5678 intueri
827 5617 940 5654 cum
977 5602 1065 5678 qui
1112 5602 1242 5678 nihil
1299 5603 1552 5666 iniustum
1583 5604 1810 5678 fecerat,
1851 5615 2166 5678 potentiores

605 5673 864 5747 aduersus
883 5686 1001 5747 eum
1030 5671 1308 5725 irritarent
1357 5683 1510 5747 atque
1537 5671 1893 5747 accenderent.
1954 5683 2168 5747 Quanta

602 5742 748 5794 enim
781 5739 1011 5808 ἀῦλεψία
1047 5755 1155 5798 non
1196 5739 1500 5812 percepiése
1548 5745 1778 5817 βλάψαι,
1831 5739 2019 5806 (mdch
2051 5769 2167 5805 eum

2289 3179 2430 3246 Πλὴν
2464 3179 2510 3230 εἰ
2533 3179 2626 3231 καὶ
2649 3178 2722 3249 μὴ
2754 3178 2934 3245 ἀξίαν,
2967 3173 3040 3232 ὧν
3073 3180 3152 3243 είς
3178 3179 3268 3232 τὸν
3309 3180 3584 3249 Δεσπότην
3611 3179 3701 3232 τὸν
3727 3181 3866 3251 Χρι-

2289 3269 2409 3321 στὸν
2450 3269 2701 3340 ἔδρασαν,
2761 3270 2994 3324 ἐνταῦθα
3063 3270 3222 3340 δίκην
3277 3270 3465 3324 ἔδοσαν
3497 3273 3546 3323 οἱ
3579 3269 3860 3333 Ἰουδαῖοι,

2287 3362 2474 3416 ἔδοσαν
2525 3363 2568 3415 δ’
2600 3359 2691 3416 οὖν
2720 3366 2868 3434 ὅμως
2889 3381 2901 3396 ο
2950 3363 2985 3417 ἃ
3020 3363 3128 3435 γὰρ
3157 3364 3232 3428 ὡς
3262 3364 3671 3435 διαφευξὸμενοι
3706 3364 3862 3434 ἐδρα-

2290 3470 2385 3505 σαν
2451 3456 2742 3524 φήσαντες,
2779 3473 2797 3506 ι
2851 3455 2975 3508 Ἐὰν
3027 3454 3255 3523 ἀφῶμεν
3304 3455 3487 3517 αὐτὸν,
3545 3453 3766 3526 ἀροῦσιν
3813 3457 3859 3507 οἱ

2299 3545 2555 3614 Ῥωμαῖοι
2587 3547 2680 3598 καὶ
2710 3545 2806 3616 τὴν
2838 3545 2991 3599 πόλιν
3019 3544 3180 3615 ἡμῶν
3212 3547 3305 3598 καὶ
3333 3545 3395 3598 τὸ
3422 3544 3591 3609 ἔθνος,
3635 3563 3654 3596 ι
3689 3544 3859 3598 ταῦτα

2288 3639 2474 3709 ἐπειδὴ
2502 3639 2767 3708 ἔπραξαν,
2804 3639 2864 3691 ού
2915 3639 3190 3706 διέφυγονο
3244 3639 3341 3709 τῆς
3375 3639 3483 3708 γὰρ
3530 3639 3737 3702 πόλεως
3768 3639 3860 3690 αύ-

2288 3730 2395 3783 τῶν
2423 3729 2656 3800 ἀλούσης
2687 3730 2792 3782 ὑπὸ
2826 3729 3133 3798 Ῥωμαίων,
3171 3728 3264 3782 καὶ
3305 3728 3396 3781 τοῦ
3432 3728 3560 3782 ναοῦ
3601 3729 3857 3800 καθαιρε-

2289 3817 2496 3881 θέντος,
2530 3818 2684 3871 αύτοὶ
2714 3817 2901 3888 ῶσπερ
2947 3819 3231 3888 μαστιγίαι
3277 3819 3418 3882 τινές
3451 3821 3545 3871 καὶ
3570 3819 3853 3889 δραπέται,

2286 3907 2470 3976 ἄτιμοί
2513 3925 2570 3960 τε
2602 3909 2696 3960 καὶ
2737 3907 2953 3978 ἀλῆται,
2999 3909 3275 3977 πανταχοῦ
3310 3909 3700 3980 διεσπάρησαν.
3742 3909 3854 3960 Δώ-

2287 4013 2436 4048 σουσι
2462 3996 2518 4048 δέ
2543 3998 2764 4049 κάκεῖσε
2810 3998 2910 4065 τὴν
2951 3996 3129 4059 ἀξίαν·
3164 3996 3238 4066 μὴ
3281 3997 3594 4065 ἐπιγνόντες
3621 3997 3730 4067 γὰρ
3759 3998 3856 4068 τὴν

2286 4087 2713 4158 φιλανθρωπίαν,
2750 4090 2982 4142 εἴσονται
3028 4088 3126 4159 τὴν
3171 4089 3437 4153 ἐξουσίαν,
3471 4086 3537 4160 ἦς
3579 4088 3857 4143 κάνταῦθα

2286 4181 2480 4249 πεῖραν
2517 4180 2775 4250 βραχεῖαν
2805 4181 3110 4252 εἰλήφασιν.

2355 4267 2460 4337 Εἷς
2497 4271 2563 4325 δέ
2597 4290 2685 4338 τις
2713 4274 2780 4337 ἐξ
2810 4275 3008 4328 αὐτῶν
3046 4275 3356 4344 ἀρχιερεὺς
3389 4273 3474 4327 ὢν
3511 4256 3615 4328 τοῦ
3661 4274 3857 4327 ἐνιαυ-

2284 4363 2390 4415 τοῦ
2429 4364 2686 4428 ἐκείνου,
2716 4362 2865 4429 εἶπε,
2901 4368 2995 4420 καὶ
3022 4368 3090 4420 τὰ
3117 4366 3265 4436 ἐξῆς.

2368 4454 2504 4508 Ἀλλ’
2534 4457 2670 4525 ὅπερ
2696 4456 2878 4524 ἔλεγον
2897 4458 3018 4528 μὲν,
3053 4459 3190 4530 ὅπερ
3219 4459 3390 4530 λάθρα
3418 4458 3689 4529 ἐμελέτων
3723 4457 3854 4510 Ἰου-

2283 4547 2422 4600 δαῖοι
2447 4547 2691 4618 ποιῆσαι,
2722 4548 2880 4601 τοῦτο
2921 4549 3170 4620 φανερῶς
3198 4549 3382 4611 αὐτοῖς
3413 4551 3440 4602 ὁ
3477 4548 3684 4602 τούτων
3715 4549 3852 4618 ἀρχ-

2296 4641 2475 4711 ιερεὺς
2507 4641 2867 4710 συμϐουλεύει
2908 4644 3103 4704 ποιεῖν,
3143 4643 3238 4694 καὶ
3276 4641 3533 4710 φονεῦσαι
3580 4640 3671 4695 τὸν
3723 4641 3856 4710 Χρι-

2287 4731 2431 4793 στὸν,
2476 4732 2550 4796 ὡς
2585 4733 2722 4804 ὑπὲρ
2753 4733 2846 4786 τοῦ
2882 4733 3069 4796 ἔθνους
3119 4733 3276 4786 τοῦτο
3326 4733 3521 4803 λέγων,
3567 4733 3772 4802 καίπερ
3793 4731 3856 4784 τδ

2283 4823 2432 4889 ἔθνος
2461 4825 2641 4878 ἄδικον
2677 4827 2776 4897 ('2).
2809 4826 3049 4897 Πρᾶγμα
3094 4824 3152 4878 δέ
3205 4824 3402 4894 ἀληθές
3447 4841 3630 4894 φησιν,
3661 4825 3762 4876 οὐκ
3791 4825 3855 4876 ἐκ

2280 4917 2379 4987 τῆς
2412 4918 2590 4971 αὐτῶν
2617 4917 2944 4987 δυστροπίας
3001 4917 3453 4988 κατωρθωμένον,
3499 4915 3612 4969 ἀλλ’
3657 4917 3722 4968 ἐκ
3755 4914 3853 4984 τῆς

2282 5009 2376 5062 τοῦ
2411 5010 2547 5062 Θεοῦ
2579 5011 2861 5080 δυνάμεως
2887 5011 2982 5064 καὶ
3012 5012 3223 5082 σοφίας.
3259 5015 3318 5064 Oi
3359 5012 3457 5081 μὲν
3488 5010 3597 5082 γὰρ
3627 5012 3712 5063 ἐπ’
3736 5009 3852 5063 ὀλέ-

2284 5101 2396 5172 θρῳ
2428 5101 2542 5171 ἰδίῳ
2586 5103 2676 5154 τὸν
2705 5103 2938 5174 Χριστὸν
2989 5105 3339 5165 ἀπέκτειναν,
3369 5104 3398 5154 ὁ
3429 5104 3485 5156 δέ
3523 5103 3852 5166 θανατωθεὶς

2285 5194 2469 5264 σαρκὶ,
2523 5193 2740 5247 πάντων
2781 5197 2910 5265 ἡμῖν
2957 5197 3177 5266 γέγονεν
3232 5197 3404 5261 αἴτιος
3451 5195 3561 5249 τῶν
3607 5194 3847 5262 ἀγαθῶν.

2275 5336 2365 5404 qui
2406 5335 2552 5388 nulla
2600 5333 2803 5403 injuria
2849 5335 3127 5404 affecerat!
3192 5338 3557 5403 COTELERIHS,
3609 5333 3847 5392 Monum.

2282 5407 2422 5457 Eccl.
2449 5404 2567 5470 Gr.,
2600 5405 2660 5469 II,
2691 5407 2814 5460 b72.
3631 5427 3634 5430 ·

2348 5476 2423 5541 (2)
2459 5480 2540 5529 An
2576 5476 2777 5528 ἀδικῶν
2810 5478 2888 5531 vel
2939 5478 3185 5540 ἀδικοῦν,
3234 5484 3292 5530 ιιι
3320 5478 3420 5538 sit,
3455 5475 3610 5540 Quod
3650 5475 3864 5529 occulte

2277 5545 2628 5598 moliebantur
2657 5545 2835 5618 Judrei
2855 5587 2870 5611 ,
2906 5550 3008 5618 [ioc
3040 5559 3213 5618 aperte
3240 5547 3424 5618 suadet
3457 5548 3529 5598 eis
3555 5559 3612 5598 ut
3645 5545 3849 5618 faciant

2275 5631 2452 5668 eorum
2499 5616 2768 5684 pontifex,
2808 5629 2854 5672 et
2884 5616 3156 5673 Christum
3205 5616 3715 5685 interﬁciant.quasi
3755 5631 3850 5682 pro

2276 5695 2423 5758 gente
2451 5685 2546 5739 hoc
2577 5689 2777 5758 dicens,
2805 5690 3019 5758 quiiaut
3047 5688 3392 5758 quodiitanien
3415 5695 3626 5758 gentem
3648 5685 3849 5758 injuria

2278 5755 2551 5824 «ﬂii-iebat.
2585 5754 2865 5813 Corratas.
2897 5757 2953 5812 Μ
2959 5754 3134 5813 onum.
3173 5757 3318 5813 Eccl.
3355 5754 3530 5823 Gr.,l,
3561 5754 3684 5810 560.
