4144 6502
213 366 281 422 69
1056 363 1122 418 ΙΝ
1151 361 1492 419 JOANNEM.
1535 394 1602 403 —-
1659 363 1787 416 LIB.
1834 359 1925 417 Vll
1963 360 2048 415 ET
2080 361 2189 417 Vill
2235 359 2682 416 FRAGMENTA.
3394 361 3460 414 70

224 482 518 537 Ἀπώλειαν
558 483 616 538 δὲ
644 484 737 538 τοῦ
771 483 955 548 ἔθνους
1006 484 1183 547 καλεῖ,
1224 486 1284 537 τὸ
1318 486 1421 537 ὑπὸ
1451 487 1606 555 χεῖρα
1638 484 1789 552 γενέ-

1905 498 2022 538 vero
2060 484 2240 554 gentis
2273 483 2407 537 dicit
2438 482 2629 537 venire
2666 480 2768 535 sub
2820 485 3141 548 potestatem
3191 476 3463 533 Romano-

214 573 338 629 σθαι
365 575 463 646 τὴν
497 574 831 648 Ῥωμαϊκὴν,
880 576 975 629 καὶ
1011 576 1308 628 ἀπολέσθαι
1355 577 1452 645 τὴν
1494 574 1587 628 τοῦ
1619 576 1781 645 νόμου

216 664 373 718 σκιάν
401 681 414 695 ⁸
444 666 581 737 ὅπερ
636 667 935 736 ἀνατρέψαι
977 666 1301 738 ζητοῦντες,
1340 668 1657 737 ὑπέμειναν.
1699 666 1787 732 Ἐξ

215 756 417 825 ἀνόμου
452 758 551 827 μὲν
595 753 686 811 οῦν
731 754 852 811 εἷπε
900 757 1125 829 γνώμης
1169 762 1194 812 6
1239 758 1491 826 Καϊάφας
1540 757 1568 810 ὃ
1613 754 1784 822 εἶπεν,

214 845 361 913 ὅμως
391 849 418 899 6
455 847 608 915 λόγος
659 848 849 917 γέγονε
899 850 1226 920 πράγματος
1255 848 1486 918 ἀληθοῦς
1520 850 1789 920 ἑρμηνευ-

213 937 397 1001 τικὸς,
433 938 507 1003 ὼς
536 941 593 991 ἐν
636 940 787 1006 τάξει
825 940 1261 1012 προ[σ]ενεχθεὶς
1294 941 1648 1012 προφητείας.
1701 942 1789 1003 Ὠς

213 1024 321 1098 γὰρ
355 1026 573 1096 γέγονεν
618 1030 790 1092 αἴτιος
832 1032 1055 1099 ἀγαθῶν
1086 1033 1113 1083 6
1140 1031 1230 1083 τοῦ
1260 1028 1496 1100 Χριστοῦ
1539 1030 1787 1095 θάνατος,

216 1124 597 1188 προαναφωνεῖ
645 1121 819 1188 λέγων
853 1121 881 1174 ὂ
933 1122 1033 1175 οὑκ
1088 1118 1217 1185 οἶδε,
1272 1121 1366 1173 καὶ
1412 1120 1655 1187 δοξάζων
1699 1122 1790 1173 τὸν

215 1206 348 1262 Θεὸν
375 1210 448 1274 ὡς
472 1214 499 1265 6
528 1212 761 1282 Βαλαὰμ
800 1212 941 1266 κατὰ
986 1212 1248 1281 ἀνάγκην,
1294 1212 1523 1282 ἐπείπερ
1552 1208 1620 1283 ἦν
1654 1211 1791 1283 ἔχων

217 1298 277 1351 τὸ
328 1301 600 1371 ἱερατικὸν
636 1303 873 1374 ἀξίωμα,
924 1303 999 1366 ὡς
1047 1303 1145 1355 οὐκ
1201 1302 1349 1372 αὐτῷ
1397 1303 1643 1372 δοθείσης
1692 1302 1792 1370 τῆς

219 1396 581 1464 προφητείας,
636 1397 772 1449 ἀλλὰ
804 1396 878 1467 τῷ
910 1397 1013 1464 τῆς
1055 1395 1355 1467 ἱερωσύνης
1398 1397 1662 1467 χρίσματι
1696 1396 1789 1468 [aL

222 1484 487 1557 σχήματι]
522 1501 536 1516 ο
572 1487 688 1556 ἦτοι
721 1487 777 1552 ἐξ
807 1481 879 1539 ὧν
907 1485 1127 1555 ὕστερον
1160 1486 1228 1538 τὰ
1273 1488 1534 1557 εἰρημένα
1574 1488 1794 1555 γέγονεν

221 1573 329 1626 ὑπὸ
384 1575 476 1628 τοῦ
530 1577 749 1644 Καῖάφα
802 1578 892 1629 καὶ
930 1577 1132 1647 ἀπέϐη,
1168 1577 1229 1629 οὐ
1279 1579 1495 1640 πάντως
1540 1578 1794 1643 λαϐόντος

225 1665 567 1736 προφητικὴν
596 1668 774 1737 χάριν.
834 1669 994 1732 Εἰκὸς
1036 1671 1143 1739 γὰρ
1182 1671 1263 1723 ὅτι
1316 1670 1343 1722 ὃ
1390 1670 1610 1723 λαλοῦσί
1652 1689 1796 1735 τινες

221 1756 448 1826 γίνεται·
483 1760 529 1810 εί
568 1760 662 1812 καὶ
692 1760 767 1830 μὴ
795 1762 994 1826 εἰδότες
1032 1764 1113 1815 ὅτι
1144 1763 1365 1825 πάντως
1392 1763 1562 1829 ἔσται,
1601 1764 1794 1817 λαλοῦ-

221 1862 326 1899 σιν.
365 1847 422 1899 '0
480 1847 579 1916 μὲν
645 1845 737 1901 οὖν
795 1851 1052 1921 Καϊάφας
1117 1854 1256 1924 ὑπὲρ
1313 1854 1487 1923 μόνων
1529 1854 1795 1908 Ἰουδαίων

1892 590 2012 629 rum
2036 614 2051 639 ,
2096 581 2149 626 et
2184 574 2368 642 perire
2402 573 2652 626 umbram
2690 570 2827 640 legis
2851 609 2865 631 ,
2902 568 3047 638 quod
3087 579 3335 622 avertere
3365 584 3463 622 cu-

1894 667 2144 736 pientes,
2184 666 2564 718 incurrerunt.
2602 662 2667 716 Et
2701 663 2921 733 quidem
2959 678 3023 716 ex
3061 662 3250 731 iniqua
3282 671 3466 715 mente

1894 758 2111 811 loculus
2147 764 2232 811 est
2272 755 2511 826 Caiphas
2566 756 2708 822 quod
2767 755 2985 808 locutus
3039 762 3169 820 est;
3222 761 3465 806 attamen

1897 861 2078 901 sermo
2104 846 2223 915 ejus
2259 846 2336 899 rei
2368 861 2510 899 verte
2560 846 2831 914 interpres
2884 845 3133 906 exstitit,
3187 843 3350 897 veluti
3409 845 3465 897 in

1896 938 2088 992 ordine
2139 938 2441 1007 prophetize
2496 938 2835 992 enuntiatus.
2898 935 3053 1001 Quod
3111 935 3256 989 enim
3318 949 3468 988 mors

1898 1031 2107 1087 Christi
2142 1034 2413 1085 bonorum
2456 1045 2620 1085 causa
2661 1030 2803 1095 fuit,
2846 1028 3100 1099 praedixit
3140 1029 3373 1096 loquens
3414 1025 3465 1080 id

1900 1124 2043 1193 quod
2087 1123 2379 1192 ignorabat
2422 1130 2476 1175 et
2522 1122 2806 1175 Dominum
2853 1120 3201 1190 gloriﬁcans,
3252 1127 3309 1171 ut
3366 1118 3469 1171 Ba-

1898 1215 2039 1268 laam
2069 1215 2138 1279 ⁵ο,
2173 1229 2239 1267 ex
2273 1213 2637 1278 necessitate,
2675 1213 2934 1281 quoniam
2966 1211 3260 1267 sacerdotii
3294 1209 3472 1279 digni-

1901 1312 2066 1359 tatem
2101 1304 2418 1366 obtinebat,
2455 1319 2563 1357 non
2598 1311 2861 1372 tanquam
2899 1303 2946 1356 ei
2981 1302 3104 1355 data
3141 1300 3424 1371 prophetia
3449 1340 3466 1363 ,

1901 1396 1996 1451 sed
2047 1396 2340 1451 sacerdotii
2381 1395 2707 1449 iunctione:
2757 1394 2873 1448 sive
2919 1396 3067 1462 quod
3118 1392 3469 1462 postmodum

1900 1502 2022 1556 qua:
2073 1487 2221 1541 dicta
2267 1487 2488 1541 fuerant
2512 1501 2540 1540 a
2565 1486 2770 1556 Caipha
2804 1494 3128 1548 evenerunt,
3166 1487 3262 1538 illo
3295 1486 3472 1539 nulla-

1902 1590 2061 1633 tenus
2098 1579 2474 1648 propheticam
2504 1579 2739 1647 gratiam
2771 1577 2991 1645 adepto.
3028 1575 3471 1631 Consentaneum

1900 1678 1985 1725 est
2040 1671 2182 1724 enim
2240 1679 2298 1723 ut
2347 1670 2491 1738 quod
2542 1670 2763 1739 quidam
2817 1669 3119 1737 loquuntur
3170 1666 3264 1721 fiat
3297 1707 3311 1731 ,
3366 1667 3474 1723 etsi

1902 1762 2054 1816 nullo
2074 1761 2234 1815 modo
2265 1761 2445 1816 sciant
2472 1762 2617 1832 quod
2645 1762 2870 1815 omnino
2905 1760 3147 1813 futurum
3170 1760 3260 1814 sit.
3280 1757 3471 1812 Enim-

1901 1867 2033 1907 vero
2078 1852 2319 1922 Caiphas
2368 1854 2589 1907 diccbat
2640 1868 2737 1922 pro
2793 1852 2925 1907 solis
2972 1849 3179 1905 Juda:is
3230 1848 3473 1904 futuram

218 1934 406 2003 ἔλεγεν
439 1936 655 1992 ἔσεσθαι
686 1941 776 1993 τὸν
804 1942 1063 2014 Χριστοῦ·
1084 1944 1334 2008 θάνατον,
1370 1947 1397 1997 ὁ
1421 1944 1477 1997 δὲ
1512 1946 1651 2017 ὑπὲρ
1691 1947 1795 2000 πά-

1905 1944 2103 1998 Christi
2140 1953 2372 1998 mortem
2402 1962 2415 1997 :
2455 1944 2547 1998 hic
2579 1958 2710 1997 vero
2743 1959 2868 1996 eum
2908 1943 3078 1997 fuisse
3112 1943 3183 1995 ait
3216 1957 3316 2012 pro
3346 1942 3477 1995 uni-

221 2044 324 2099 σης
356 2029 517 2083 αὐτόν
561 2049 693 2102 φησι
743 2035 997 2102 γενέσθαι
1026 2035 1126 2105 τῆς
1165 2037 1601 2109 ἀνθρωπότητος.
1636 2038 1794 2102 Γένος

223 2118 326 2190 μὲν
370 2119 478 2189 γὰρ
523 2124 618 2175 καὶ
668 2123 834 2177 τέκνα
885 2125 1018 2178 Θεοῦ
1070 2127 1309 2189 ἅπαντες
1359 2127 1792 2199 χρηματίζομεν,

220 2209 358 2263 καθὸ
388 2212 602 2266 πάντων
648 2215 766 2268 ἐστὶ
814 2218 1003 2286 Πατὴρ
1042 2217 1228 2287 τρόπῳ
1266 2217 1638 2289 δημιουργικῴ
1676 2235 1798 2287 γεν-

221 2303 416 2372 νήσας,
449 2305 544 2356 καὶ⁴
597 2306 822 2374 ἀγαγὼν
869 2306 1057 2377 ὥσπερ
1091 2309 1169 2371 είς
1203 2308 1434 2379 ὓπαρξιν
1467 2308 1534 2361 τὰ
1559 2310 1659 2362 οὑκ
1712 2309 1799 2361 ὸν-

222 2409 293 2444 τα
319 2393 416 2463 (ιγ
450 2393 530 2446 ἔτι
576 2395 635 2447 δὲ
670 2397 765 2448 καὶ
802 2398 885 2449 ὅτι
932 2400 1053 2450 κατ’
1099 2399 1282 2450 εἰκόνα
1329 2398 1492 2451 αὐτοῦ
1540 2399 1801 2470 ἐτιμήθη-

227 2499 329 2551 μεν
370 2485 652 2551 γεγονότες
684 2484 744 2549 ἐξ
791 2487 985 2557 ἀρχῆς,
1036 2489 1129 2541 καὶ
1176 2489 1363 2558 ἄρχειν
1407 2490 1661 2558 λαχόντες
1694 2489 1800 2543 τῶν

221 2572 320 2625 ἐπὶ
348 2575 473 2642 γῆς,
506 2577 600 2628 καὶ
629 2578 862 2641 εὐτόνως
891 2580 988 2649 τὴν
1026 2580 1228 2650 ἀρετὴν
1263 2580 1642 2652 ἐργαζόμενοι·
1662 2580 1800 2633 Ἀλλ’

223 2664 553 2735 ὲσκόρπισεν
584 2669 613 2720 6
641 2668 905 2733 Σατανᾶς,
944 2672 1003 2722 ὲν
1034 2670 1213 2740 ταυτῷ
1253 2676 1431 2741 μεῖναι
1467 2673 1541 2743 μὴ
1587 2690 1801 2743 συγχω-

226 2756 423 2828 ρήσας,
456 2758 545 2810 καὶ
584 2759 1031 2832 άποϐουκολήσας
1057 2763 1409 2834 πολυτρόπως
1433 2765 1531 2835 τῆς
1563 2768 1641 2829 είς
1672 2765 1802 2818 Θεὸν

224 2846 588 2916 προσεδρείας
635 2848 726 2901 τὸν
776 2849 1082 2923 ἄνθρωπον
1136 2856 1494 2923 συνεισήγαγε
1541 2856 1597 2907 δὲ
1642 2855 1803 2908 πάλιν

226 2938 323 2990 καὶ
357 2940 681 3009 συνεκόμισε
722 2941 928 3004 πάντας
963 2943 1049 2994 διὰ
1087 2943 1189 3012 τῆς
1223 2943 1457 3006 πίστεως
1500 2946 1527 2996 6
1570 2945 1803 3014 Χριστὸς

225 3030 309 3092 είς
342 3028 470 3099 μίαν
500 3029 667 3101 αὐλὴν
691 3033 782 3085 καὶ
800 3031 896 3103 τὴν
914 3032 1257 3103 Ἐκκλησίαν,
1278 3037 1369 3088 καὶ
1399 3035 1504 3088 ὑπὸ
1528 3034 1689 3105 ζυγὸν
1708 3037 1805 3090 ἕνα

226 3120 637 3190 παρεσκεύασε,
674 3123 891 3176 πάντων
921 3123 979 3176 ἓν
1001 3125 1325 3193 γεγονότων,
1365 3127 1653 3191 Ἰουδαίων,
1689 3127 1805 3180 Ἐλ-

226 3211 429 3283 λήνων,
466 3213 778 3284 βαρϐάρων,
831 3216 1071 3282 Σκυθῶν,
1104 3219 1200 3271 καὶ
1242 3219 1321 3281 είς
1373 3219 1469 3271 ἕνα
1498 3218 1684 3271 καινὸν
1711 3220 1805 3273 άν-

1902 2050 2064 2091 versa
2100 2036 2338 2089 humana
2376 2044 2597 2089 natura.
2643 2034 2854 2089 Etenim
2898 2049 3073 2104 genus
3121 2041 3175 2087 et
3230 2033 3328 2087 ﬁlii
3378 2032 3475 2088 Dei

1903 2140 2097 2180 omnes
2126 2124 2431 2179 audimus“
2462 2164 2476 2189 ,
2505 2131 2776 2194 quatenus
2805 2132 2889 2179 est
2920 2123 3164 2178 omnium
3194 2121 3356 2177 Pater
3382 2121 3477 2191 qui

1906 2232 2002 2287 per
2034 2217 2257 2271 modum
2291 2215 2506 2286 opiﬁcis
2525 2218 2739 2286 genuit,
2763 2225 2816 2268 et
2850 2216 2905 2269 in
2938 2215 3353 2268 suhsistentxam
3390 2228 3478 2267 re-

1905 2307 2060 2360 duxit
2086 2323 2149 2362 ea
2181 2323 2301 2377 qua:
2332 2324 2441 2362 non
2472 2316 2650 2363 erant.
2688 2309 2917 2376 Insuper
2946 2308 3075 2377 quia
3104 2307 3216 2375 jam
3252 2305 3379 2360 inde
3409 2305 3480 2359 ab

1908 2398 2069 2452 initio
2101 2398 2169 2452 ad
2205 2400 2499 2469 imaginem
2529 2400 2652 2469 ejus
2687 2398 2814 2453 facti
2854 2399 3220 2467 honoratique
3251 2412 3476 2461 sumus,

1908 2490 2085 2543 sortiti
2120 2499 2385 2558 praeterea
2409 2492 2655 2543 omnium
2691 2506 2814 2559 quae
2844 2491 2900 2543 in
2931 2500 3074 2544 terra
3127 2497 3259 2543 sunt
3310 2488 3481 2555 impe-

1908 2578 2049 2631 rium
2078 2618 2092 2643 ,
2126 2588 2391 2647 rectoque
2427 2587 2619 2633 tenore
2658 2580 2919 2633 virtutem
2971 2586 3317 2633 exercentes.
3374 2575 3480 2631 Sed

1910 2668 2204 2737 dissipavit
2236 2684 2334 2723 nos
2355 2671 2610 2735 Satanas,
2630 2672 2819 2724 eodem
2847 2677 2990 2724 statu
3024 2684 3345 2738 permanere
3373 2682 3482 2721 non

1912 2776 2114 2830 passus
2136 2802 2149 2824 ,
2186 2764 2467 2831 variisque
2499 2762 2715 2816 tcchnis
2744 2770 2797 2815 et
2831 2761 3126 2815 fraudibus
3151 2799 3165 2825 ,
3211 2775 3280 2815 ne
3320 2764 3484 2814 homo

1911 2863 2178 2921 perpetuo
2226 2851 2332 2905 Deo
2367 2853 2707 2915 adhaereret,
2745 2853 2911 2906 evicit
2944 2871 2956 2906 :
2992 2868 3187 2907 rursus
3224 2868 3351 2906 vero
3382 2867 3483 2907 nos

1911 2943 2261 3011 congregavit
2293 2952 2347 2996 et
2380 2944 2624 3013 collegit,
2654 2958 2846 2998 omnes
2882 2944 2935 2997 in
2962 2960 3123 2997 unam
3169 2947 3379 2998 caulam
3427 2953 3482 2998 et

1912 3026 2216 3081 Ecclesiam
2245 3028 2408 3099 693
2443 3045 2537 3097 per
2572 3030 2731 3084 [idem
2764 3029 3026 3085 Christus
3057 3033 3377 3099 collocavit,
3407 3033 3482 3087 ita

1914 3126 1972 3171 ut
2003 3134 2194 3172 omnes
2222 3120 2275 3171 in
2307 3136 2474 3172 unum
2509 3120 2637 3172 facti
2680 3120 2792 3173 sint
2831 3119 3035 3187 Juda‘i,
3097 3119 3303 3183 Grmci.
3354 3123 3485 3177 bar-

1915 3210 2033 3263 bari
2056 3250 2069 3268 ,
2105 3209 2320 3281 Scythae
2342 3252 2356 3275 ,
2386 3219 2438 3264 et
2469 3213 2522 3264 in
2552 3228 2720 3265 unum
2753 3228 2953 3266 novum
2992 3211 3269 3268 hominem
3307 3214 3483 3270 refor-

227 3301 450 3373 θρωπον
502 3303 1016 3375 ἀναπλαττομένων,
1071 3307 1163 3358 καὶ
1216 3306 1665 3377 προσκυνούντων
1712 3308 1798 3361 ἕνα

1914 3302 2047 3355 mali
2085 3304 2152 3367 δ’,
2187 3312 2243 3357 ct
2279 3319 2446 3356 unum
2480 3302 2650 3358 Deum
2687 3304 2937 3360 adorent.

226 3393 383 3447 Θεόν.

298 3489 415 3558 Οὐχ
446 3487 519 3551 ὡς
552 3488 628 3560 (2)
658 3488 799 3542 κατὰ
832 3488 1046 3560 πνεῦμα
1079 3490 1414 3560 προφητείας
1451 3491 1555 3544 ὑπὸ
1588 3491 1810 3560 Καῖἀφα

229 3580 433 3653 ἐρρέθη
454 3597 466 3609 ⁸
498 3581 558 3633 ού
585 3580 693 3652 γὰρ
726 3583 785 3634 τὸ
816 3582 1035 3651 πνεῦμα
1062 3583 1122 3633 τὸ
1153 3584 1489 3652 προφητικὸν
1520 3584 1811 3654 ἐπιϐουλὴν

232 3672 517 3740 συνίστησι
546 3672 687 3725 κατά
722 3672 990 3743 Χριστοῦ,
1036 3672 1174 3726 ἀλλὰ
1205 3673 1346 3726 κατά
1374 3691 1494 3727 τινα
1525 3676 1811 3745 συντυχίαν

232 3761 312 3831 τῷ
357 3762 550 3833 ἀληθεῖ
600 3764 690 3815 καὶ
737 3764 1088 3834 γενησομένῳ
1131 3764 1418 3834 πράγματι
1473 3765 1808 3836 συνδραμόν’

238 3850 590 3921 συγχωρηθὲν
624 3852 770 3922 αύτῴ
800 3853 899 3923 τῆς
944 3852 1200 3921 τοιαύτης
1238 3851 1538 3921 ἐπιψαῦσαι
1581 3854 1701 3906 καθ’
1732 3855 1812 3907 ὅτι

234 3937 304 4014 ἦν
336 3943 652 4013 ἀρχιερεὺς,
708 3944 793 3996 ἵνα
822 3944 910 3996 διά
952 3943 1044 3996 τοῦ
1074 3944 1338 4013 στόματος
1384 3942 1550 3997 αὑτοῦ
1582 3945 1812 4015 φανερὸν

234 4034 464 4104 γένηται
491 4033 553 4086 τὸ
568 4038 948 4106 κεκρυμμένον
973 4038 1086 4098 τοῖς
1113 4035 1420 4107 ἀνθρώποις
1452 4036 1556 4099 ἕως
1576 4036 1699 4089 τότε
1721 4037 1814 4091 καὶ

233 4126 432 4197 ἀγνοού
442 4145 623 4197 μενον.

320 4218 435 4271 Ἀπ’
471 4219 713 4286 ἐκείνης
741 4215 855 4273 οὖν
893 4217 1000 4286 τῆς
1029 4217 1182 4287 ὥρας
1222 4220 1813 4283 συνεϐουλεύσαντο,

234 4311 336 4365 ἵνα
368 4312 812 4366 ἀποκτείνωσιν
841 4314 1050 4365 αὐτόν.

305 4399 467 4472 Εἶχον
502 4402 603 4473 μὲν
634 4403 741 4473 γὰρ
795 4402 893 4472 τὴν
936 4402 1229 4470 ἐπιθυμίαν
1270 4402 1369 4473 τῆς
1401 4403 1542 4457 κατὰ
1580 4402 1817 4472 Χριστοῦ

1982 3479 2099 3535 Νοιι
2141 3480 2467 3550 prophetico
2503 3480 2702 3550 spiritu
2736 3480 2973 3552 Caipltas
3003 3482 3223 3538 locutus
3262 3490 3365 3547 est,
3391 3499 3486 3540 nc-

1912 3587 2018 3641 que
2069 3573 2215 3625 enim
2282 3572 2581 3640 prophetiae
2659 3574 2889 3641 spiritus
2963 3575 3195 3630 insidias
3264 3575 3487 3630 Christo

1914 3662 2114 3727 struit;
2150 3662 2248 3716 sed
2274 3675 2408 3716 casu
2436 3664 2677 3732 quodam
2706 3663 2759 3717 in
2798 3681 2910 3718 rem
2944 3681 3125 3720 veram
3158 3676 3211 3720 et
3245 3683 3368 3720 mox
3398 3668 3485 3720 fu-

1914 3761 2095 3807 turam
2161 3753 2631 3823 incurrit:eique
2689 3770 3021 3808 concessum
3080 3756 3183 3808 fuit
3240 3759 3296 3808 in
3348 3757 3488 3810 hanc

1914 3845 2303 3914 cogitationem
2359 3844 2566 3909 venire,
2618 3852 2892 3913 quatenus
2947 3845 3198 3915 pontifex
3244 3855 3387 3912 erat,
3424 3854 3487 3901 ut

1913 3952 2008 3991 ore
2055 3937 2174 4005 ejus
2215 3952 2302 3990 res
2335 3935 2655 3991 hominibus
2692 3936 2961 3992 hactenus
3002 3938 3219 3992 occulta
3250 3946 3304 3993 ct
3329 3939 3489 4008 igno-

1916 4037 2033 4083 rata
2061 4029 2365 4099 pateﬁeret.

1988 4222 2057 4277 Χί
2082 4263 2095 4286 ,
2138 4225 2225 4277 55.
2260 4224 2337 4276 Ab
2368 4224 2458 4277 illo
2486 4242 2607 4295 ergo
2642 4225 2727 4279 die
2762 4226 3153 4296 cogitaverunt,
3189 4238 3245 4283 ut
3283 4229 3489 4300 interﬁ—

1919 4328 2090 4370 cerent
2118 4334 2234 4370 eum
2245 4359 2258 4373 ο

1990 4409 2293 4464 lncesserat
2349 4410 2569 4479 quidem
2629 4412 2737 4466 illis
2770 4412 2976 4467 Christi
3011 4414 3300 4470 occidendi
3332 4417 3489 4488 cupi-

238 4494 580 4565 μιαιφονίας⁸
619 4494 727 4546 ἀπὸ
755 4494 811 4547 δὲ
843 4492 936 4545 τοῦ
980 4492 1169 4564 καιροῦ
1202 4493 1327 4546 καθ’
1353 4494 1412 4547 ὃν
1454 4494 1515 4546 τὸ
1544 4494 1798 4565 συνέδριοε

1923 4504 2070 4560 ditas
2100 4523 2114 4572 ;
2148 4506 2241 4559 sed
2276 4520 2338 4559 ea
2372 4506 2519 4560 velut
2550 4507 2772 4561 initium
2806 4509 3001 4563 habuit
3032 4511 3101 4564 ab
3129 4526 3196 4565 eo
3244 4522 3493 4583 tempore

234 4585 483 4657 γέγονεν,
520 4585 695 4656 ἀρχὴν
748 4584 935 4655 ὥσπερ
986 4585 1165 4649 ἔλαϐε,
1215 4585 1667 4654 δημοσιευθείσης
1716 4587 1798 4655 τῆς

1922 4611 2032 4665 quo
2077 4596 2368 4650 consilium
2419 4597 2616 4651 initum
2663 4609 2781 4662 est,
2833 4602 3077 4655 onmimn
3128 4603 3329 4660 animis
3376 4618 3489 4659 tum

232 4679 493 4734 ἁπάντων
547 4678 626 4739 είς
656 4708 659 4709 ν
688 4675 847 4729 τοῦτο
907 4677 1286 4739 συναινέσεως.
1343 4678 1416 4729 Οὐ
1464 4677 1573 4748 γὰρ
1602 4672 1752 4729 εἶπεν
1790 4694 1798 4725 ι

1926 4688 2145 4742 demum
2192 4690 2245 4741 in
2303 4689 2406 4742 hoc
2454 4690 2924 4759 conspirantibus.
2985 4691 3102 4746 Non
3156 4694 3300 4746 enim
3353 4695 3495 4749 dixit

234 4767 659 4836 εῦαγγελιστὴς,
710 4767 791 4820 ὅτι
836 4768 931 4820 ἀπ’
975 4768 1188 4837 ἐκείνης
1236 4770 1334 4840 τῆς
1374 4766 1523 4838 ὥρας
1571 4767 1798 4821 ἐϐουλεύι

1925 4780 2261 4849 evangelista
2288 4818 2302 4843 ,
2336 4780 2405 4833 ab
2438 4781 2531 4833 illa
2570 4782 2701 4835 hora
2733 4798 2828 4837 eos
2861 4784 3025 4838 caedis
3068 4783 3333 4838 faciendae
3361 4800 3495 4840 con-

236 4879 398 4917 σαντο
455 4861 687 4930 ποιῆσαι
733 4860 823 4913 τὸν
876 4860 1058 4928 φόνον,
1118 4859 1257 4913 ἀλλὰ
1306 4858 1793 4914 συνεϐουλεύσαντο

1924 4872 2106 4926 silium
2136 4873 2384 4940 cepisse,
2418 4872 2515 4926 sed
2547 4873 2711 4927 simul
2747 4883 2800 4928 et
2833 4876 3123 4928 universos
3164 4875 3231 4929 de
3274 4892 3335 4931 ea
3363 4893 3495 4933 con-

234 4954 377 5008 τοῦτ’
412 4954 589 5017 ἐστιν,
621 4953 759 5022 ὅπερ
791 4950 869 5022 τῷ
897 4952 1019 5005 καθ’
1045 4951 1274 5005 ἕκαστον
1304 4952 1499 5017 ἐδόκει,
1529 4954 1681 5023 κοινῇ
1710 4954 1798 5005 πᾶ-

1923 4963 2203 5018 sultasse:
2238 4963 2341 5017 ltoc
2374 4974 2484 5028 est,
2522 4965 2668 5034 quod
2717 4967 2971 5034 privatim
3007 4966 3242 5037 singulis
3273 4970 3495 5026 videba-

240 5063 321 5100 σιν
348 5046 572 5117 ἤρεσεν.

1926 5060 2038 5115 tur,
2071 5053 2127 5107 in
2160 5070 2453 5109 commune
2483 5057 2741 5109 omnibus
2773 5056 3069 5125 placuisse.

323 5136 536 5207 Ἐγγὺς
570 5135 641 5189 δὲ
682 5133 793 5203 τῆς
821 5133 1043 5203 ἐρήμου
1071 5134 1350 5203 διατρίϐει
1376 5134 1527 5204 μετὰ
1559 5133 1679 5188 τῶν
1702 5152 1798 5205 μαι

1992 5143 2061 5197 XI
2084 5184 2099 5209 ,
2126 5144 2214 5200 54.
2250 5144 2420 5199 Juxta
2446 5145 2711 5199 desertum
2741 5164 2856 5201 vero
2880 5146 3019 5217 degit
3045 5166 3162 5203 cum
3196 5153 3492 5221 discipulis.

242 5227 457 5295 θητῶν.
3509 5227 3516 5237 ’

310 5319 423 5373 Καὶ
447 5317 684 5372 ἐνταῦθα
699 5317 876 5371 τοίνυν
897 5318 975 5380 ὼς
1011 5318 1282 5371 Ἰουδαίων
1304 5319 1595 5391 ὑποχωρεῖ,
1624 5320 1685 5372 ού
1708 5319 1798 5373 δει·

1994 5322 2057 5377 Ει
2089 5323 2177 5377 hic
2206 5322 2427 5391 quidem
2458 5323 2664 5378 recedit
2704 5339 2732 5377 a
2760 5323 2964 5383 Iudicis
2986 5367 2999 5392 ,
3029 5343 3136 5381 non
3167 5329 3279 5383 ullo
3308 5342 3450 5386 metu
3471 5368 3488 5397 ,

311 5438 357 5469 '°
395 5434 559 5489 Num.
634 5450 788 5500 xXtv,
821 5435 846 5488 1
887 5450 1006 5506 sqq.
1084 5435 1128 5466 “
1168 5434 1185 5489 Ι
1221 5433 1377 5489 Joan.
1414 5453 1510 5504 ιιι,
1546 5439 1597 5495 1.
1673 5441 1719 5472 ⁸³
1750 5440 1798 5511 Ε,

1905 5458 1948 5498 s.
1983 5459 2051 5509 ιι,
2083 5439 2268 5497 15-16.

318 5607 393 5677 (1)
422 5602 551 5667 Ed.,
576 5601 801 5677 ἀγαγὼν
832 5601 1020 5672 ὥσπερ
1041 5644 1055 5659 .
1084 5642 1136 5677 εν.
1169 5644 1183 5659 .
1212 5645 1227 5677 .
1256 5644 1269 5658 .
1301 5603 1370 5656 τὰ
1395 5603 1494 5656 οὐκ
1513 5600 1821 5677 ὄνταλ-ριιῐῐι

247 5670 443 5731 lacuna
490 5673 710 5742 punctis
761 5670 1041 5730 denotata.
1086 5674 1282 5731 ltestit.
1312 5689 1377 5731 ex
1417 5679 1609 5728 catena
1639 5670 1818 5730 Vatic.

251 5761 338 5817 ap.
373 5746 474 5802 Mai
500 5743 658 5807 una,
689 5757 741 5814 ιι.
778 5742 901 5798 155.

2003 5608 2077 5677 (ε)
2112 5609 2233 5677 Οὐχ
2275 5606 2345 5672 ὼς
2381 5646 2395 5662 .
2424 5646 2437 5660 .

1930 5678 1953 5733 f
1989 5608 2233 5736 Ι(Ξῖἳίᾷὐχ
2275 5606 2345 5672 ὼς
2381 5646 2395 5662 .
2424 5646 2437 5660 .
2464 5647 2477 5662 .
2511 5608 2968 5678 .ὰγνοούμενον.
2995 5611 3071 5665 Ex
3092 5620 3280 5666 catena
3294 5606 3496 5680 Vatic.,

1952 5694 1984 5734 o
2012 5722 2022 5734 .
2165 5719 2177 5731 .

1952 5694 2022 5734 0|.
2056 5694 2177 5734 1‘29.
