4144 6478
656 338 719 393 7!
1640 329 1697 383 S.
1738 327 2009 385 CYRILLI
2055 325 2523 382 ALEXANDRINI
2562 325 2887 383 ARCHIEP.
3853 321 3925 377 72

654 452 751 511 sed
780 467 850 507 ne
880 450 1133 507 videatur
1161 464 1257 505 eos
1291 447 1588 520 praesentia
1614 462 1714 503 sua
1739 451 1984 513 irritare,
2015 446 2127 515 jam
2160 445 2225 500 ad

2330 446 2543 511 λιάσας,
2574 447 2709 501 ἀλλά
2762 447 2848 502 ἵνα
2901 446 2976 517 μὴ
3176 446 3459 519 ὁρώμενος
3501 445 3771 519 ἐρεθίζειν
3809 446 3919 503 αὐ·-

656 546 860 601 czdem
890 544 1174 599 incensos.
1207 541 1379 596 Docet
1403 541 1569 595 etiam
1602 554 1704 594 nos
1731 540 1927 594 cedere
1956 539 2225 592 iratorum

2330 539 2477 601 τοὺς,
2511 540 2713 610 καίπερ
2745 540 3041 609 φονῶντας.
3075 540 3329 593 Διδάσκει
3358 540 3415 593 δέ
3448 541 3542 594 καὶ
3569 542 3723 611 ἡμᾶς
3751 541 3916 593 ὑπεί-

658 636 959 698 iuroribus,
992 650 1095 690 nec
1111 635 1384 706 projicere
1414 647 1514 687 nos
1545 632 1600 686 in
1636 631 1881 700 pericula
1914 630 2133 685 etiamsi
2164 630 2225 684 de

2332 646 2448 682 κειν
2487 634 2607 693 ταῖς
2649 631 2757 684 τῶν
2784 630 3155 702 ὀργιζομένων
3186 634 3412 703 ἀκμαῖς,
3442 634 3538 685 καὶ
3586 632 3659 703 μὴ
3694 632 3919 703 ιπιρρί-

656 728 892 785 veritate
946 735 1166 797 agatur,
1198 724 1297 781 sed
1351 723 1736 794 deprehensos
1776 721 2002 792 quidem
2044 720 2225 775 consi-

2332 738 2486 773 πτειν
2548 723 2773 786 ἐαυτοὺς
2816 726 2931 786 τοῖς
2977 723 3264 788 κινδύνοις,
3316 724 3439 793 μηδ’
3488 723 3558 777 ἂν
3623 724 3765 794 ὑπὲρ
3806 723 3915 791 τῆς

658 829 838 884 stere,
869 826 1028 875 antea
1058 832 1185 872 vero
1214 817 1524 871 detrectare
1551 822 1779 883 propter
1804 814 2045 867 incertos
2071 827 2225 867 even-

2333 814 2588 883 ἀληθείας
2612 809 2765 869 ὦσιν·
2794 816 2929 868 ἀλλὰ
2977 816 3563 887 καταλαμϐανομένους
3605 810 3727 884 μὲν,
3755 816 3915 869 ἵστα-

658 921 767 966 tus.
800 911 879 965 Ad
906 923 1131 965 sensum
1180 923 1310 963 vero
1360 907 1662 978 mysticum
1710 905 2042 969 dicendum,
2096 905 2225 959 olim

2335 903 2478 955 σθαι·
2506 903 2795 973 μέλλοντας
2810 905 2887 970 δὲ,
2919 904 3264 969 ἀναδύεσθαι,
3288 904 3377 958 διά
3404 905 3464 957 τὸ
3494 906 3596 975 τῆς
3625 905 3915 967 ἐκϐάσεως

632 5360 643 5412 ι

622 5426 643 5477 Ι

656 1001 877 1072 quidem
910 1000 1099 1055 Jesum
1136 999 1313 1054 libere
1342 998 1665 1053 ambulasse
1699 998 1753 1051 in
1790 997 1985 1052 mediis
2024 996 2230 1052 Judmis

656 1108 754 1164 per
781 1095 1075 1162 prophetas
1097 1128 1111 1154 ,
1141 1106 1288 1145 nunc
1310 1104 1442 1146 vero
1470 1105 1839 1160 nequaquam.
1869 1088 2055 1158 Neque
2083 1089 2228 1144 enim

659 1186 715 1239 in
757 1184 837 1238 eis
883 1193 965 1238 est
995 1183 1223 1237 verbum
1260 1181 1394 1246 Dei,
1431 1184 1527 1238 sed
1572 1183 1641 1237 ab
1675 1183 1742 1237 iis
1784 1182 2024 1237 abcessit
2053 1182 2109 1235 in
2142 1196 2230 1235 so-

656 1276 942 1331 litudinem
972 1315 986 1339 ,
1048 1274 1117 1330 de
1167 1290 1277 1345 qua
1323 1275 1529 1329 dicitur
1559 1293 1571 1327 :
1607 1293 1627 1326 ι
1661 1273 1817 1327 Multi
1869 1274 1964 1327 lilii
1999 1273 2229 1328 desertie

654 1369 831 1439 magis
883 1383 1053 1438 quam
1110 1368 1233 1437 ejus
1265 1382 1388 1438 quae
1420 1367 1586 1422 habet
1612 1368 1793 1421 virum
1827 1368 1893 1419 ³³.
1926 1387 1944 1417 ›
1971 1367 2226 1436 Ephraim

653 1462 951 1532 exponitur
999 1460 1350 1530 fructiﬁcatio
1371 1501 1386 1524 ,
1425 1459 1593 1515 frater
1620 1460 1896 1515 exsistens
1932 1460 2184 1513 Manasse
2209 1496 2225 1521 ,

654 1553 895 1609 senioris
922 1552 1043 1622 ejus
1071 1553 1166 1622 qui
1198 1553 1268 1607 ab
1314 1554 1604 1618 oblivione;
1638 1560 1761 1622 post
1794 1552 2051 1622 p0pulum
2076 1552 2225 1606 enim

655 1643 724 1697 ab
777 1646 1056 1701 oblivione
1098 1646 1283 1717 genita
1310 1654 1398 1701 est
1431 1647 1673 1717 gentium
1712 1646 2082 1701 fructificatio.

729 1815 830 1881 XI,
872 1817 961 1873 55.
998 1816 1316 1873 Proximum
1352 1830 1528 1874 autem
1572 1829 1687 1875 erat
1744 1819 1959 1873 Pascha
2006 1819 2226 1873 Judae-

658 1926 776 1963 rum
797 1949 810 1973 ,
842 1919 895 1964 et
926 1911 1275 1966 ascenderunt
1307 1913 1466 1966 multi
1499 1912 1928 1983 Hierosolymam
1952 1952 1967 1977 ,
2002 1921 2059 1965 ut
2087 1912 2233 1979 puri-

655 1999 877 2066 ﬁcarent
902 2002 1122 2069 κίρσοι.

724 2081 1170 2147 Praetercurrens
1205 2093 1391 2148 omnia
1424 2095 1765 2165 evangelista
1787 2132 1802 2159 ,
1834 2094 1903 2149 ad
1952 2097 2229 2166 passionis

655 2182 873 2247 tempus
901 2178 1072 2235 venit.
1101 2178 1420 2235 Juda:orum
1457 2198 1590 2236 vero
1621 2181 1835 2237 Pascha
1885 2192 2044 2238 vocat
2083 2186 2229 2255 quod

655 2277 739 2324 est
772 2269 827 2323 in
860 2269 1036 2339 ﬁgura
1066 2286 1080 2321 :
1121 2286 1247 2325 nam
1282 2288 1469 2327 verum
1505 2272 1684 2327 Pacha
1715 2290 1821 2329 non
1870 2273 2187 2331 Iudaeorum
2212 2317 2227 2341 ,

667 2360 762 2416 sed
791 2361 1239 2417 Christianorum
1270 2373 1390 2427 est,
1432 2378 1654 2419 carnem
1699 2365 1908 2421 Christi
1942 2369 2057 2423 veri
2105 2369 2230 2439 agni

657 2450 1086 2507 comedentium.
1123 2451 1285 2510 Prius
1326 2471 1458 2511 vero
1500 2457 1880 2528 purgabantur
1924 2461 2227 2515 secundum

654 2549 896 2598 veterem
923 2543 1093 2599 ritum
1116 2585 1131 2610 ,
1155 2546 1249 2615 qui
1282 2554 1503 2616 peccata
1531 2563 1626 2603 seu
1655 2549 1995 2613 voluntaria,
2028 2554 2123 2604 seu
2153 2552 2230 2604 in-

653 2632 967 2688 voluntaria
1019 2636 1444 2697 commiserant,
1500 2638 1737 2693 necdum
1778 2648 1967 2709 typum
2014 2638 2225 2695 Pascha

652 2723 961 2790 faciebant,
996 2742 1106 2782 non
1138 2728 1589 2793 incircumcisus,
1620 2744 1731 2783 non
1764 2730 2091 2799 inquilinus,
2117 2746 2226 2785 non

652 2815 1065 2878 mercennarius,
1118 2831 1224 2870 non
1274 2818 1550 2886 pollutus,
1603 2833 1729 2889 quae
1771 2820 1954 2873 omnia
2006 2829 2229 2891 propter

652 2903 1000 2960 Christianos
1038 2907 1407 2975 spiritualiter
1432 2910 1590 2962 tiunt.

719 2995 887 3068 694
916 2996 1015 3064 XI,
1048 2998 1136 3053 56.
1169 2998 1491 3065 Quaerebam
1533 3018 1656 3072 ergo
1695 3001 1918 3068 Jesum,
1962 3013 2013 3058 et
2059 3004 2226 3057 collo-

2331 992 2543 1063 ἄδηλον.
2576 994 2720 1063 Πρὸς
2761 993 2817 1046 δὲ
2863 995 3156 1065 ἀναγωγὴν
3186 994 3398 1065 ῥητέον,
3437 995 3517 1048 ὅτι
3556 994 3764 1065 Ἰησοῦς
3796 993 3911 1047 πά-

2330 1086 2419 1139 λαι
2458 1087 2578 1155 μὲν,
2634 1088 2919 1158 παρρησίᾳ
2963 1091 3075 1150 τοῖς
3116 1088 3390 1151 Ἰουδαίοις
3436 1088 3761 1159 περιεπάτει
3817 1086 3916 1140 διὰ

2330 1179 2437 1231 τῶν
2471 1178 2789 1250 προφητῶν,
2823 1179 2918 1231 νῦν
2946 1179 3002 1231 δὲ
3036 1179 3240 1233 οὐκέτι.
3278 1181 3351 1232 Ού
3386 1178 3497 1250 γάρ
3537 1179 3682 1231 ἐστιν
3714 1178 3775 1231 ἐν
3800 1178 3909 1230 αύ-

2330 1276 2441 1335 τοῖς
2471 1271 2627 1338 λόγος
2673 1268 2830 1335 Θεοῦ,
2866 1268 3001 1323 ἀλλά
3046 1270 3290 1340 ἀπῆλθεν
3340 1272 3437 1324 ἀπ’
3477 1271 3657 1323 αὐτῶν
3700 1270 3783 1332 είς
3803 1269 3913 1339 τὴν

2330 1368 2557 1440 ἔρημον,
2596 1370 2722 1440 περὶ
2750 1364 2819 1440 ἦς
2851 1369 3090 1437 λέγεται,
3115 1368 3195 1421 ὅτι
3233 1384 3251 1416 ι
3292 1364 3472 1418 Πολλὰ
3503 1365 3570 1417 τά
3608 1364 3778 1416 τέκνα
3804 1361 3913 1431 τῆς

2330 1464 2564 1534 ἐρήμου,
2590 1462 2787 1532 μᾶλλον
2814 1463 2845 1531 ἢ
2874 1463 2971 1531 τῆς
3006 1461 3235 1531 ἐχούσης
3260 1458 3350 1510 τὸν
3381 1457 3571 1526 ἄνδρα.
3598 1473 3617 1505 ι
3662 1454 3911 1525 Ἐφραῒμ

2340 1554 2704 1626 ἑρμηνεύεται
2721 1555 3113 1622 καρποφορία,
3139 1551 3364 1620 ἀδελφὸς
3380 1549 3457 1602 ῶν
3476 1548 3744 1617 Μανασσῆ
3772 1564 3911 1617 πρε-

2333 1645 2595 1715 σϐυτέρου
2623 1643 2717 1695 τοῦ
2764 1643 2870 1695 ἀπὸ
2893 1642 3112 1708 λήθης·
3162 1640 3300 1710 μετά
3321 1640 3429 1709 γάρ
3462 1638 3553 1691 τὸν
3582 1637 3690 1690 ἀπὸ
3734 1636 3909 1707 λήθης

2331 1734 2456 1787 λαὸν
2487 1732 2777 1801 γεγένηται
2809 1733 2843 1803 ἡ
2876 1732 2932 1797 ἐξ
2967 1730 3137 1784 ἐθνῶν
3165 1728 3534 1801 καρποφορία.

2402 1816 2513 1879 Ἦν
2556 1822 2625 1877 δὲ
2681 1824 2862 1893 ἐγγὺς
2911 1823 2975 1875 τὸ
3028 1822 3244 1890 Πάσχα
3286 1819 3405 1873 τῶν
3455 1818 3771 1879 Ἰουδαίων,
3803 1816 3906 1870 καὶ

2331 1917 2639 1984 ἀνέϐησαν
2665 1914 2883 1968 πολλοὶ
2916 1916 3002 1979 είς
3030 1913 3437 1983 Ἱεροσόλυμα,
3456 1911 3554 1962 ἵνα
3568 1909 3908 1978 ἁγνίσωσιν

2330 2008 2545 2062 ἑαυτού
2552 2026 2603 2071 ς.

2402 2100 2770 2173 Παρατρὲχων
2799 2099 3012 2153 ἃπαντα
3043 2099 3072 2151 ὁ
3114 2097 3523 2167 ιύαγγελιστὴς,
3559 2094 3651 2146 ἐπὶ
3675 2092 3767 2145 τὸν
3798 2090 3900 2143 τοῦ

2332 2190 2539 2252 πάθους
2566 2189 2783 2259 ἔρχεται
2811 2187 3022 2257 καιρόν.
3064 2186 3332 2240 Ἰουδαίων
3357 2183 3412 2237 δὲ
3442 2183 3501 2238 τὸ
3526 2183 3717 2250 Πάσχα
3743 2178 3903 2232 καλεῖ

2330 2283 2390 2335 τδ
2413 2282 2673 2336 τυπικόν·
2721 2280 2783 2332 τὸ
2820 2281 2928 2349 γὰρ
2956 2278 3207 2347 ἀληθινὸν
3244 2277 3439 2347 Πάσχα
3474 2276 3574 2328 οὐκ
3604 2271 3895 2332 Ἰουδαίων.

2329 2374 2465 2429 ἀλλά
2493 2372 2831 2445 Χριστιανῶν
2857 2371 2967 2423 τῶν
2996 2370 3283 2423 ἐσθιόντων
3302 2370 3402 2435 τὴν
3430 2368 3607 2435 σάρκα
3634 2361 3894 2435 Χριστοῦ,

2326 2466 2420 2521 τοῦ
2460 2465 2713 2536 ἀληθινοῦ
2737 2463 2931 2534 ἀμνοῦ.
2982 2460 3375 2531 Προηγνίζοντο
3411 2458 3467 2510 δὲ
3501 2456 3642 2510 κατά
3671 2456 3897 2508 παλαιδν

2328 2560 2444 2623 ἐθος
2479 2561 2528 2611 οἱ
2578 2556 2962 2627 ἡμαρτηκότες
3008 2552 3230 2606 ἑκούσια
3275 2551 3308 2621 ἢ
3361 2549 3591 2603 ἀκούσια
3648 2546 3896 2617 ἁμαρτή-

2332 2668 2500 2721 ματα,
2526 2650 2618 2702 καὶ
2646 2649 2799 2701 οῦπω
2828 2647 3000 2700 ἐποίει
3025 2645 3085 2697 τὸ
3118 2644 3343 2696 τυπικδν
3367 2644 3578 2712 Πάσχα,
3621 2641 3719 2693 οὐκ
3755 2638 3897 2691 ἐθνι-

2328 2744 2443 2805 κὸς.
2482 2743 2579 2795 οὐκ
2633 2740 3024 2812 ἀπερίτμητος,
3074 2740 3135 2791 ού
3181 2738 3463 2807 πάροικος,
3496 2734 3557 2787 οὺ
3606 2731 3895 2803 μισθωτὸς,

2327 2830 2386 2881 ού
2450 2828 2882 2899 μεμολυσμένος,
2937 2827 3079 2895 ἅπερ
3136 2827 3312 2879 πάντα
3368 2821 3757 2893 πνευματικῶς
3806 2820 3897 2872 διὰ

2327 2919 2669 2990 Χριστιανῶν
2694 2920 2767 2987 (ί)
2800 2919 3059 2986 γίνονται.

2409 3010 2681 3078 Ἐζήτουν
2728 3006 2842 3064 οὖν
2901 3010 3006 3062 τὸν
3056 3008 3320 3074 Ἰησοῦν,
3375 3007 3472 3062 καὶ
3516 3008 3733 3076 ἔλεγον
3769 3005 3897 3073 μετ’

652 3090 944 3157 quebantur
973 3089 1043 3142 ad
1087 3090 1303 3145 invicem
1326 3107 1345 3146 :
1383 3091 1525 3159 Quid
1557 3093 1758 3161 putatis
1786 3094 1913 3163 quia
1952 3111 2056 3148 non
2086 3098 2221 3149 venit

2330 3105 2633 3169 (tumor-
2677 3103 2736 3155 Τί
2762 3101 2904 3170 ὑμῖν
2933 3100 3113 3165 δοκεῖ,
3144 3100 3233 3154 ὅτι
3263 3102 3335 3153 οὺ
3361 3099 3446 3169 μὴ
3487 3100 3636 3166 ἔλθῃ
3666 3100 3755 3163 εἰς
3780 3097 3900 3164 τὴν

655 3179 726 3233 ad
757 3180 897 3236 diem
925 3182 1120 3251 festum
1143 3186 1169 3239 .9

724 3272 805 3326 Ad
837 3269 1188 3345 Scenopegia:
1222 3274 1445 3341 festum,
1477 3276 1733 3332 viciniam
1763 3293 1983 3333 omnem
2010 3279 2097 3335 lex
2138 3279 2226 3350 ju-

654 3364 816 3421 bebat
854 3363 1115 3422 feriatum
1159 3370 1346 3424 venire
1398 3370 1451 3423 in
1488 3381 1735 3427 sanctam
1777 3372 2079 3437 civitatem,
2105 3387 2227 3443 pm-

654 3472 893 3529 namque
938 3460 1378 3517 detrectantibus
1428 3463 1759 3520 decernebat
1828 3464 2003 3523 Secus
2056 3482 2224 3532 vero,

654 3552 942 3610 Paschatis
975 3562 1219 3626 tempore
1257 3558 1313 3612 in
1346 3557 1468 3613 suis
1515 3574 1962 3629 unumquemque
1991 3560 2226 3616 urbibus

651 3645 974 3716 edibusque
1020 3648 1303 3719 inculpate
1356 3664 1579 3704 manere
1617 3651 1854 3705 sinebat.
1882 3650 2084 3721 Utique
2114 3652 2227 3705 aie-

653 3738 789 3792 bant
818 3753 942 3794 esse
966 3741 1337 3809 exploratum,
1368 3741 1512 3796 nolle
1539 3756 1664 3795 eum
1698 3739 1821 3795 festi
1852 3741 1992 3795 ritus
2019 3756 2225 3796 secun-

651 3828 783 3884 dum
811 3829 985 3901 legem
1018 3830 1269 3900 exsequi,
1300 3831 1394 3902 qui
1421 3832 1489 3885 ad
1523 3831 1723 3886 festum
1751 3832 2048 3887 convenire
2077 3848 2229 3886 recu-

652 3927 823 3977 saret.

722 4012 1029 4085 Ambiguus
1064 4013 1284 4083 quidem
1318 4028 1503 4069 sermo
1524 4054 1537 4077 ,
1568 4022 1752 4068 utrum
1786 4014 1856 4069 ab
1891 4013 2126 4069 infensis
2157 4028 2226 4068 an

653 4104 724 4159 ab
767 4104 1082 4159 amantibus
1123 4104 1329 4159 dictum
1363 4105 1435 4158 sit
1485 4104 1623 4159 hoc:
1654 4124 1673 4155 ι
1705 4103 1919 4159 Putatis
1952 4107 2081 4174 quia
2118 4120 2224 4158 non

653 4194 806 4249 venit
842 4194 911 4250 ad
949 4193 1093 4250 diem
1146 4194 1395 4249 festum?
1427 4215 1445 4247 ι
1474 4195 1769 4251 Probabile
1811 4196 1957 4251 enim
2001 4206 2087 4251 est
2128 4211 2226 4251 eos

654 4285 840 4355 loqui,
892 4286 988 4355 qui
1045 4286 1349 4341 credebant
1400 4285 1456 4340 in
1505 4302 1665 4351 eum,
1710 4287 1779 4341 ad
1834 4286 2082 4342 inﬁdeles
2126 4288 2227 4342 hoc

653 4376 818 4430 modo
842 4392 856 4429 :
880 4373 1336 4445 Quandoquidem
1372 4375 1690 4431 deliberatis
1723 4376 1974 4432 occidere
2000 4374 2184 4430 Jesum
2207 4414 2223 4439 ,

2328 3195 2543 3263 ἑορτήν
2562 3212 2580 3258 ;

2410 3288 2499 3340 ἐν
2657 3285 2831 3356 καιρῷ
2877 3284 2952 3355 (ι)
2979 3284 3076 3353 τῆς
3118 3284 3308 3354 ιορτῆς
3357 3282 3456 3352 τῆς
3490 3281 3898 3351 Σκηνοπηγίας,

2329 3381 2544 3433 ἃπασαν
2572 3378 2667 3447 τὴν
2696 3377 2997 3446 περιοικίδα
3022 3376 3259 3428 ἀνελθεῖν
3292 3374 3321 3425 ό
3352 3374 3513 3443 νόμος
3540 3372 3791 3426 ἐκέλευεν
3818 3373 3904 3435 εἰς

2326 3469 2425 3540 τὴν
2447 3469 2637 3541 ἐορτὴν
2666 3470 2745 3529 είς
2773 3468 2871 3538 τὴν
2901 3467 3062 3534 ἁγίαν
3082 3465 3257 3528 πόλιν,
3289 3464 3384 3518 καὶ
3422 3463 3694 3533 τιμωρίαν
3718 3464 3900 3534 ὁρίζε-

2328 3578 2417 3613 ται
2461 3562 2570 3621 τοῖς
2606 3558 2680 3628 μὴ
2712 3557 2941 3611 ἀνιοῦσι.
2994 3558 3066 3609 Τό
3112 3573 3177 3625 γε
3228 3556 3334 3627 μὴν
3369 3557 3427 3607 ἐν
3468 3556 3546 3625 τῷ
3586 3553 3681 3607 τοῦ
3708 3556 3902 3624 Πάσχα

2327 3651 2524 3721 καιρῷ,
2555 3652 2757 3719 ἐφῆκεν
2785 3648 2813 3699 6
2843 3650 3003 3718 νόμος
3024 3648 3371 3718 ἀνεγκλήτως
3405 3649 3465 3700 ἐν
3495 3646 3654 3709 ίδίαις
3682 3648 3904 3716 ἑκάστῳ

2330 3743 2515 3796 πόλεσί
2538 3759 2593 3793 τε
2620 3742 2713 3794 καὶ
2739 3742 2925 3803 οἴκοις.
2958 3740 3228 3810 Πρόδηλον
3256 3735 3347 3792 οῦν
3372 3739 3432 3791 τὸ
3468 3738 3541 3809 μὴ
3573 3739 3904 3809 συνδραμεῖν

2327 3833 2577 3902 ἐθελῆσαι
2600 3836 2709 3894 τοῖς
2736 3832 2833 3901 τῆς
2857 3833 3047 3902 ἑορτῆς
3077 3830 3223 3884 ἐθεσι
3248 3830 3388 3883 κατά
3409 3830 3499 3883 τὸν
3524 3829 3709 3900 νόμον,
3730 3831 3792 3883 τὸ
3822 3831 3903 3902 μὴ

2327 3923 2500 3975 ἐλθεῖν
2527 3922 2761 3989 ἔφασκον
2790 3925 2868 3985 είς
2894 3923 2991 3992 τὴν
3018 3922 3211 3992 ἑορτήν

2411 4012 2731 4081 ’Λμφίὸολος
2775 4013 2952 4081 μέντοι
2983 4014 3012 4065 ό
3055 4012 3232 4079 λόγος,
3269 4011 3497 4083 πότερον
3530 4014 3640 4066 ἀπὸ
3676 4014 3903 4082 μισούνο

2327 4104 2496 4175 τωνῆ
2538 4102 2875 4171 ἀγαπώντων
2926 4103 3117 4172 ἐλέχθη
3174 4105 3254 4168 τὸ,
3284 4122 3302 4154 ι
3343 4107 3561 4158 Δοκεῖτε
3605 4105 3687 4158 ὅτι
3722 4105 3783 4157 ού
3819 4106 3899 4175 μὴ

2328 4194 2455 4265 ἔλθῃ
2477 4196 2556 4256 είς
2585 4193 2683 4262 τὴν
2712 4194 2937 4263 ἐορτήν;
2975 4212 2992 4241 ι
3033 4193 3192 4256 Εἰκὸς
3220 4193 3329 4263 γὰρ
3355 4189 3423 4264 ἦν
3448 4192 3628 4261 λέγειν
3657 4194 3785 4257 τοὺς
3818 4195 3900 4256 εἰς

2328 4285 2489 4339 αὑτὸν
2507 4283 2857 4347 πιστεύοντας
2882 4285 3015 4354 πρὸς
3040 4285 3166 4345 τοὺς
3182 4284 3441 4347 ἀπίστους
3462 4284 3657 4348 οὕτως’
3674 4284 3899 4356 Ἐπειδὴ

2328 4373 2715 4427 ἐϐουλεύσασθε
2749 4374 3005 4442 φονεῦσαι
3033 4373 3123 4425 τὸν
3150 4373 3375 4442 Ἰησοῦν,
3411 4375 3506 4427 καὶ
3534 4376 3783 4445 νομίζετε
3814 4376 3901 4429 δτι

653 4473 709 4521 et
735 4466 939 4536 putatis
980 4481 1105 4520 eum
1143 4465 1398 4536 ignorare
1431 4482 1554 4536 qua:
1583 4482 1679 4521 vos
1722 4468 1861 4522 clam
1910 4466 2220 4532 statuistis,

2328 4467 2510 4533 ἀγνοεῖ
2554 4465 2613 4517 τὸ
2658 4464 2830 4534 λάθρα
2882 4465 3010 4534 ύμῖν
3057 4463 3412 4534 ἐσκεμμένον,
3471 4470 3698 4534 σημεῖον
3741 4468 3901 4520 ἐσται

653 4556 760 4612 hoc
786 4556 892 4612 erit
924 4555 1433 4614 manifestissimum
1462 4559 1677 4630 signum
1709 4573 1836 4612 eum
1866 4572 1991 4612 esse
2024 4556 2218 4613 Deum.

650 4646 772 4703 Non
816 4648 962 4704 enim
1011 4649 1195 4704 veniet
1238 4648 1439 4705 festum
1481 4651 1769 4705 nobiscum
1805 4648 2218 4715 celebraturus,

649 4747 847 4811 utpote
878 4750 1138 4811 tanquam
1172 4740 1316 4797 Deus
1350 4750 1539 4797 nostra
1590 4741 1825 4796 consilia
1871 4742 2076 4797 sciens.
2126 4741 2223 4796 Vel

648 4830 732 4886 sic
765 4830 1125 4901 accipiendus
1157 4847 1340 4888 sermo
1376 4840 1636 4901 tanquam
1670 4832 1739 4884 ab
1766 4830 1987 4887 infestis
2012 4840 2068 4887 et
2097 4833 2223 4888 odio

651 4924 1146 4992 persequentibus;
1179 4922 1626 4994 quandoquidem
1656 4923 1828 4978 moris
1853 4930 1938 4977 est
1964 4921 2093 4980 Jesu
2120 4924 2223 4979 sol-

653 5027 781 5068 vere
824 5014 1034 5085 legem,
1081 5015 1251 5070 vultis
1289 5029 1521 5070 cernere
1561 5027 1660 5068 vos
1699 5014 1793 5083 qui
1844 5014 1897 5067 in
1942 5030 2066 5070 eum
2102 5032 2221 5072 cre-

652 5106 782 5161 ditis
823 5106 971 5176 quod
1013 5106 1138 5162 talis
1170 5109 1270 5172 sit,
1303 5106 1453 5177 quod
1483 5120 1549 5160 ex
1583 5119 1650 5161 eo
1700 5105 1871 5176 liquet
1911 5107 2042 5177 quia
2074 5124 2219 5165 nunc

652 5212 831 5266 neque
853 5198 921 5252 ad
946 5197 1145 5253 festum
1182 5199 1331 5252 venit
1359 5196 1749 5252 celebrandum
1784 5198 2070 5254 nobiscum
2094 5239 2110 5265 ,
2147 5201 2222 5256 le-

650 5303 772 5358 gem
806 5289 928 5345 festi
958 5305 1187 5359 prorsus
1214 5288 1500 5357 despectui
1531 5289 1756 5347 habens.
1786 5289 1899 5347 lloc
1931 5301 2113 5346 autem
2137 5293 2218 5347 di-

651 5381 760 5448 cit,
790 5396 900 5436 non
928 5382 1072 5451 quod
1098 5396 1321 5436 necesse
1348 5391 1493 5435 esset
1524 5384 1817 5439 convenire
1840 5400 2030 5440 omnes
2061 5385 2219 5440 Jeru-

721 5536 767 5568 ⁸³
805 5536 911 5591 lsa.
940 5553 1049 5603 Ltv,
1087 5538 1106 5589 l
1148 5554 1162 5603 ;
1195 5535 1369 5590 Galat.
1410 5553 1481 5604 tv,
1514 5536 1606 5590 27.

967 5696 1103 5774 Auli.
1137 5698 1387 5775 Χριστόν.

846 5767 935 5819 Ἐγ
974 5764 1047 5830 τῷ
1081 5764 1258 5834 καιρῷ
1286 5805 1296 5821 .
1329 5809 1342 5823 .
1368 5809 1379 5819 ι
1408 5810 1418 5820 ι
1452 5807 1465 5822 ο

2328 4556 2485 4609 τοῦτο
2523 4556 2713 4623 σαφὲς,
2755 4555 2835 4608 ὅτι
2866 4555 2997 4617 Θεός
3040 4556 3211 4610 ἐστιν.
3271 4557 3343 4609 Οὐ
3387 4556 3497 4626 γὰρ
3527 4557 3592 4628 δὴ
3625 4559 3745 4628 ἥξει
3798 4559 3898 4613 νῦν

2330 4648 2701 4718 συνεορτάσων
2751 4648 2901 4716 ἡμῖν,
2957 4645 3109 4708 είδὼς
3155 4647 3223 4699 τά
3282 4646 3577 4716 σκέμματα
3606 4650 3765 4719 ήμῶν
3820 4651 3901 4713 ὡς

2328 4740 2478 4803 Θεός.
2509 4741 2579 4792 Ἦ
2610 4739 2782 4802 οὕτως
2818 4738 3213 4807 σχηματιστέον
3238 4738 3328 4790 τὸν
3359 4738 3517 4806 λόγον
3541 4738 3618 4803 ὡς
3652 4740 3761 4793 ἀπὸ
3786 4742 3902 4795 τῶν

2332 4831 2651 4903 μισούντων·
2697 4830 2952 4899 Ἐπείπερ
2984 4828 3102 4892 ἔθος
3141 4830 3227 4881 ἀεὶ
3268 4829 3347 4900 τῷ
3388 4830 3561 4901 Ἰησοῦ
3594 4832 3903 4900 παραλύειν

2326 4922 2417 4975 τὸν
2436 4923 2617 4991 νόμον,
2638 4921 2821 4974 θέλετε
2852 4918 3051 4987 γνῶναι
3075 4919 3230 4988 ὑμεῖς
3255 4921 3305 4972 oi
3325 4922 3404 4982 είς
3433 4921 3592 4974 αὐτὸν
3616 4922 3903 4975 πιστεύον-

2326 5034 2435 5083 τες,
2481 5017 2561 5068 ὅτι
2610 5013 2848 5075 τοιοῦτός
2882 5015 3064 5077 ἐστιν,
3106 5010 3165 5075 ἐξ
3214 5006 3288 5064 ὧν
3332 5012 3454 5065 οὔτε
3516 5013 3612 5067 νῦν
3669 5015 3752 5077 είς
3799 5015 3903 5085 τὴν

2326 5107 2517 5179 ἑορτὴν
2566 5107 2948 5177 παραγίνεται,
2992 5104 3200 5157 ἀθετῶν
3231 5106 3322 5158 τὸν
3359 5104 3459 5175 τῆς
3491 5107 3681 5178 ἑορτῆς
3707 5106 3896 5177 νόμον,

2327 5201 2464 5272 πρὸς
2501 5200 2562 5252 τὸ
2608 5199 2683 5270 μὴ
2730 5198 3083 5269 συνεορτάσαι
3118 5199 3279 5268 ήμῖνς
3320 5198 3459 5267 Φησὶ
3488 5198 3545 5251 δὲ
3588 5198 3766 5261 τοῦτο,
3798 5201 3901 5272 οὐχ

2326 5294 2406 5345 ὃτι
2459 5291 2671 5360 ἀνάγκη
2704 5287 2771 5363 ἦν
2800 5291 3004 5353 πάντας
3054 5290 3381 5359 συνδραμεῖν
3424 5293 3503 5354 είς
3538 5291 3899 5361 Ἰερουσαλὴμ

2328 5387 2385 5437 ἐν
2422 5384 2497 5454 τῷ
2527 5385 2735 5453 Πάσχα,
2768 5384 2842 5447 ὡς
2872 5384 2965 5437 ἐπὶ
2988 5388 3051 5455 τῇ
3080 5382 3451 5454 Σκηνοπηγία,
3481 5383 3593 5435 ἀλλ’
3638 5383 3755 5453 ἦτοι
3791 5381 3901 5434 δει-

1514 5770 1597 5833 εἶς
1632 5768 1739 5834 τὴν
1773 5767 2002 5835 ἑορτήν.
2042 5765 2115 5819 EX
2146 5764 2331 5819 eadem
2358 5772 2569 5827 catena,
2602 5765 2691 5817 l‘ol.
2742 5762 2859 5816 I30.
