4144 6480
635 338 709 392 73
1658 340 1719 395 'S.
1758 336 2034 394 CYRILLI
2077 335 2549 394 ALEXANDRINI
2583 340 2900 401 ARCHIEP.
3817 351 3887 408 76

632 459 760 532 ejus
784 469 951 512 carne
980 442 1419 513 benedictionem
1451 470 1546 526 per
1580 457 1867 526 mysticam
1914 456 2209 524 participa-

2325 460 2551 531 Κριστῷ,
2586 461 2681 515 κα)⁵
2710 462 3161 535 ἀναματτομένην
3189 467 3289 536 τὴν
3316 467 3379 521 ἐκ
3408 468 3508 538 τῆς
3528 467 3688 539 ἁγίας
3717 470 3891 525 αὐτοῦ

636 549 869 603 tionem.
922 546 1093 601 Olfert
1125 560 1257 601 vero
1313 546 1531 611 libram,
1577 545 1721 614 quod
1760 553 1849 599 est
1898 544 2206 614 perfectum

633 638 877 709 pondus,
921 637 990 691 ad
1030 636 1420 709 perfectionem
1463 634 1583 690 fidei
1618 634 2035 704 designandum.

711 810 843 879 XII,
896 812 950 867 3.
990 809 1190 865 Domus
1240 826 1358 866 vero
1403 809 1619 877 impleta
1673 822 1752 863 est
1782 824 1846 864 ea:
1896 808 2056 863 odore
2106 825 2209 862 tm-

633 904 843 974 gucnti.

710 996 857 1051 Loco
888 994 1196 1064 fragrantia:
1237 1000 1290 1047 et
1326 991 1535 1059 odoris,
1568 992 1773 1047 Christi
1821 993 2064 1063 cognitio
2109 995 2215 1047 im-

640 1090 854 1158 pletura
893 1094 1010 1142 erat
1045 1087 1234 1141 orbem
1276 1095 1576 1141 terrarum.
1613 1085 1838 1156 Repleta
1872 1088 2016 1141 enim
2050 1086 2215 1142 domo

562 1184 565 1187 ’
642 1180 914 1234 suavitate
965 1178 1250 1249 unguenti,
1296 1178 1467 1231 veluti
1518 1179 1771 1250 symbolo
1820 1177 2215 1234 ostendebatur

639 1272 836 1325 domus
871 1271 962 1323 illa
993 1285 1114 1340 quae
1149 1270 1469 1339 propediem
1501 1270 1865 1339 spiritualiter
1902 1278 2019 1324 erat
2056 1269 2215 1339 perfl-

640 1364 859 1417 cienda.
897 1361 1094 1415 Statim
1130 1362 1276 1416 enim
1316 1369 1437 1430 post
1465 1362 1779 1431 passionem
1813 1361 2041 1425 Christi,
2089 1362 2214 1415 uni-

637 1468 797 1510 versa
847 1464 996 1508 terra
1046 1453 1203 1507 suavi
1246 1453 1416 1507 odore
1464 1460 1728 1522 tanquam
1771 1467 1967 1523 magna
2018 1452 2213 1509 domus

638 1556 922 1618 unguento
954 1548 1162 1615 repleta
1196 1553 1303 1601 est.
1340 1545 1437 1599 llla
1464 1560 1595 1615 ergo
1621 1560 1717 1615 per
1751 1546 1803 1598 id
1848 1545 1993 1614 quod
2027 1545 2212 1601 sensui

642 1641 913 1709 suhjacel,
955 1637 1284 1709 praedicebat
1321 1636 1372 1691 id
1407 1636 1555 1705 quod
1592 1638 1693 1691 sub
1744 1636 2084 1692 intellectum
2120 1651 2214 1691 ea-

642 1731 764 1784 dit:
799 1746 922 1783 nam
963 1730 1085 1798 ejus
1124 1742 1354 1798 corpore
1379 1728 1554 1781 instar
1587 1728 1850 1781 alabastri
1883 1736 2211 1797 compuncto

642 1836 708 1875 uc
740 1836 1030 1892 percusso,
1075 1818 1411 1890 cognitionis
1452 1816 1618 1887 696
1667 1817 2037 1872 suaveolentia
2089 1817 2212 1871 uni-
2241 1793 2287 1854 Β

643 1930 860 1970 versum
891 1914 1077 1968 orbem
1113 1911 1369 1981 perfudit.

711 2006 826 2067 XII,
860 2006 914 2071 4,
941 2005 993 2060 5.
1011 2004 1151 2058 Dicit
1178 2006 1340 2075 igitur
1360 2002 1534 2057 ludas
1560 2001 1845 2059 Iscariotes
1875 2020 1893 2058 :
1922 2004 2100 2071 Quare
2120 2004 2215 2059 hoc

641 2105 963 2167 unguentum
990 2111 1093 2149 non
1114 2094 1271 2149 ueniit
1298 2094 1544 2147 trecentis
1569 2091 1827 2161 denariis,
1856 2102 1905 2148 et
1932 2094 2118 2147 datum
2138 2101 2215 2149 est

633 2190 812 2260 egenis
839 2192 863 2242 ?
1546 2234 1549 2235 ν

715 2281 928 2335 Mulieri
966 2279 1224 2349 pietatem
1271 2292 1426 2331 suam
1477 2292 1605 2345 erga
1660 2275 1939 2331 Christum
1991 2277 2215 2333 testanti

636 2372 892 2442 proditor
926 2376 1234 2433 succenset,
1286 2368 1666 2438 actionemque
1714 2368 2082 2424 admiratione
2128 2370 2214 2423 di-

643 2479 805 2534 gnam
839 2462 1035 2532 carpit,
1080 2461 1411 2530 simulatque
1446 2475 1506 2515 se
1530 2458 1801 2514 charitate
1834 2474 1967 2529 erga
2008 2475 2215 2530 paupe-

638 2572 733 2613 res
760 2556 980 2610 modum
1011 2553 1429 2623 reprehendere,
1455 2551 1606 2621 quod
1628 2558 1966 2620 unguentum
1993 2550 2217 2606 offerret

643 2656 829 2703 etnon
852 2654 1164 2715 argentum.
1197 2643 1334 2697 Cum
1369 2650 1548 2695 autem
1582 2640 1635 2695 id
1667 2641 1811 2711 quod
1844 2656 1970 2695 vere
2010 2640 2214 2694 bonum

638 2748 727 2795 est
766 2740 1068 2809 ignoraret,
1096 2736 1233 2789 dicit
1269 2734 1371 2788 hoc
1400 2732 1594 2788 Judas.
1634 2731 1867 2802 Oportet
1901 2733 2043 2787 enim
2069 2734 2218 2787 obla-

641 2830 873 2893 tionem,
900 2842 1023 2897 qua:
1060 2826 1169 2882 Deo
1204 2825 1289 2887 fit,
1320 2824 1655 2893 pauperibus
1680 2823 1966 2877 anteferri.

714 2917 842 2983 XII,
878 2919 929 2974 6.
976 2918 1127 2971 Dixit
1154 2926 1329 2971 autem
1357 2916 1475 2978 hoc,
1518 2931 1621 2968 non
1648 2914 1786 2984 quod
1818 2930 1899 2967 res
1935 2930 2217 2983 egenorum

645 3011 748 3080 ipsi
778 3025 920 3063 cura:
946 3018 1140 3075 essent,
1192 3006 1282 3061 sed
1327 3007 1452 3076 quia
1481 3003 1569 3073 [ur
1617 3012 1753 3069 erat,
1784 3014 1833 3058 et
1887 3004 2087 3059 [oculos
2118 3006 2216 3056 ha-

649 3104 792 3164 bens,
822 3110 929 3155 etc.

719 3193 959 3264 Exponit
997 3207 1224 3248 causam
1250 3193 1591 3264 evangelista
1622 3204 1721 3245 cur
1754 3188 1868 3242 hare
1907 3187 2222 3257 loqueretur

645 3286 839 3350 ludas,
884 3300 991 3340 non
1028 3286 1177 3355 quod
1213 3301 1481 3355 pauperes
1520 3289 1763 3345 curaret,
1811 3280 1905 3335 sed
1948 3280 2093 3349 quod
2137 3278 2225 3333 fur

647 3386 792 3433 esset
841 3385 895 3431 et
929 3378 1253 3446 sacrilegus,
1307 3376 1416 3431 Deo
1461 3377 1675 3430 dicatas
1728 3372 1991 3441 pecunias
2045 3370 2227 3424 subri-

650 3471 826 3541 piens.
859 3470 1117 3525 Christus
1151 3484 1281 3522 vero
1306 3468 1593 3523 mulierem
1628 3465 1778 3520 omni
1814 3465 1975 3532 culpa
2004 3462 2223 3525 liberat,

649 3563 779 3616 dum
827 3563 1044 3616 occulte
1084 3559 1421 3630 proditorem
1455 3557 1757 3625 redarguit,
1800 3556 1891 3625 qui
1920 3553 2071 3607 nulla
2096 3568 2222 3607 cum

656 3655 869 3708 ratione
902 3653 1063 3707 laude
1104 3652 1270 3720 digna
1296 3648 1742 3719 reprehenderet,
1769 3647 1997 3701 dicens:
2035 3663 2055 3697 ι
2095 3646 2226 3701 Sine

652 3745 943 3802 illamaDe
972 3746 1237 3815 unguenti
1270 3760 1398 3799 vero
1418 3742 1739 3811 perfusione
1767 3755 1993 3795 causam
2026 3739 2227 3804 reddit,

649 3836 796 3908 quod
824 3851 930 3890 non
958 3835 1027 3888 ad
1077 3835 1287 3897 luxum,
1337 3832 1430 3889 sed
1466 3832 1531 3885 ad
1573 3830 1895 3902 mysterium
1950 3829 2228 3898 quoddam

651 3928 799 3998 quod
832 3928 981 3980 circa
1004 3926 1123 3995 ejus
1152 3926 1495 3994 sepulturam
1529 3922 1656 3986 fuit,
1690 3927 1901 3991 spectet
1934 3937 1946 3973 :
1979 3919 2086 3975 etsi
2108 3934 2228 3989 qua:

654 4018 708 4074 id
773 4016 1029 4078 faciebat,
1092 4016 1374 4083 ignoraret
1428 4014 1679 4084 mysterii
1743 4012 2016 4066 rationem
2061 4020 2229 4080 atque

653 4109 1041 4166 teconomiam.
1079 4107 1249 4161 Multa
1296 4108 1442 4162 enim
1484 4104 1740 4160 nonnulli
1784 4113 1839 4159 et
1878 4104 2141 4159 dixerunt
2174 4111 2229 4157 et

657 4201 905 4256 fecerunt
939 4198 1007 4252 ad
1032 4198 1321 4269 mysticam
1354 4197 1663 4265 spectantia
1695 4196 1945 4265 figuram,
1969 4195 2094 4250 licet
2127 4194 2230 4249 im-

658 4291 954 4363 prudentes
1007 4300 1061 4344 et
1106 4289 1303 4358 ignari.
1368 4286 1475 4341 Sed
1525 4288 1671 4342 enim
1729 4288 1994 4342 Dominus
2033 4301 2228 4342 rursus

656 4379 905 4448 coarguit
930 4376 1149 4441 Judam,
1181 4377 1324 4446 quod
1354 4377 1469 4431 haec
1499 4392 1607 4430 non
1638 4376 1710 4430 ob
1742 4376 2088 4446 religionem,
2131 4377 2225 4432 sed

2318 552 2519 621 σαρκὸς
2552 554 2799 622 εὐλογίαν
2827 555 2916 609 διὰ
2944 557 3041 626 τῆς
3073 559 3339 628 μυστικῆς
3366 560 3736 630 μεταλήψεως.
3788 564 3894 616 Δί-

2314 660 2450 713 τραν
2480 644 2536 697 δέ
2571 648 2858 714 προσάγει,
2894 649 3030 720 ὅπερ
3062 650 3177 703 ἐστὶ
3223 650 3427 715 τέλειος
3481 653 3740 725 σταθμὸς,
3796 655 3896 708 διὰ

2314 732 2375 785 τὸ
2403 734 2506 805 τῆς
2547 737 2783 801 πίστεως
2813 738 3038 792 τέλειον.

2398 825 2461 879 Ἡ
2485 824 2553 878 δὲ
2600 828 2757 879 οἰκία
2787 826 3099 896 ἐπληρώθη
3141 829 3211 883 ἐκ
3253 829 3365 899 τῆς
3410 829 3605 901 ὀσμῆς
3633 832 3740 887 τοῦ
3771 834 3893 903 μύ-

2307 934 2443 986 ρου.

2399 1009 2486 1062 Ἐν
2516 1008 2663 1074 τάξει
2708 1012 2954 1075 εὐωδίας,
2985 1013 3018 1083 ή
3057 1011 3151 1066 τοῦ
3185 1014 3423 1086 Χριστοῦ
3452 1015 3653 1083 γνῶσις
3690 1015 3890 1087 ἔμελλε

2318 1102 2556 1173 πληροῦν
2605 1104 2697 1156 τὸν
2746 1105 2969 1173 κόσμον.
3015 1104 3121 1157 Τοῦ
3159 1107 3267 1176 γάρ
3316 1106 3465 1159 οἴκου
3508 1106 3892 1178 πληρωθέντος

2315 1197 2413 1263 τῆς
2452 1194 2515 1246 ἐκ
2546 1193 2641 1247 τοῦ
2684 1194 2855 1265 μύρου
2894 1195 3137 1258 εὐωδίας,
3174 1197 3515 1267 συμϐολικῶς
3544 1200 3891 1252 ἐπεδείκνυτο

2316 1285 2540 1348 ἐκεῖνος,
2588 1285 2723 1355 ὅπερ
2767 1286 3149 1356 πνευματικῶς
3192 1287 3293 1340 οὐκ
3330 1290 3408 1350 είς
3441 1288 3657 1359 μακράν
3692 1291 3892 1343 ἀποτε-

2316 1375 2572 1446 λεσθῆναι
2611 1376 2858 1446 ἔμελλεν.
2899 1377 3075 1441 Εὐθὺς
3110 1378 3218 1449 γὰρ
3267 1378 3404 1448 μετὰ
3450 1378 3512 1431 τὸ
3565 1380 3754 1444 πάθος,
3788 1381 3891 1451 τῆς

2316 1467 2553 1537 Χριστοῦ
2588 1468 2814 1533 εὐωδίας
2850 1469 2881 1538 ἡ
2937 1468 3200 1539 σύμπασα
3224 1471 3538 1542 οἰκουμένη,
3570 1470 3758 1543 ὥσπερ
3791 1472 3891 1543 μέο

2316 1575 2418 1627 γας
2446 1555 2612 1623 οἶκος,
2640 1558 2932 1630 ἐπληρώθη
2965 1560 3157 1630 μύρου.
3200 1560 3291 1632 Τῷ
3321 1561 3497 1615 τοίνυν
3526 1562 3791 1634 αἰσθητῷ,
3824 1561 3891 1615 τὸ

2316 1650 2502 1720 νοητὸν
2553 1651 2734 1720 ἐκείνη
2777 1653 3107 1722 προεμήνυε’
3154 1650 3248 1704 τοῦ
3280 1652 3386 1722 γὰρ
3427 1651 3675 1723 σώματος
3718 1653 3887 1707 αὐτοῦ

2316 1740 2690 1812 ἁλλοϐἀστρου
2740 1741 2895 1811 δίκην
2943 1743 3379 1813 ἐκκεντηθέντος,
3415 1747 3449 1816 ή
3484 1748 3584 1815 τῆς
3630 1743 3889 1815 γνώσεως

2316 1832 2513 1887 εὐωδία
2535 1833 2625 1886 τὸν
2651 1833 2772 1887 ὅλον
2798 1833 3085 1905 ἐπλήρωσε
3113 1836 3341 1905 κόσμον.

2386 2011 2555 2081 Λέγει
2583 2007 2697 2065 οὖν
2738 2010 2959 2076 Ἰούδας
2990 2014 3024 2065 d
3075 2012 3453 2081 Ἰσκαριώτης
3472 2030 3486 2046 ·
3518 2014 3682 2069 Διατί
3710 2014 3887 2071 τοῦτο

2314 2104 2379 2156 τὸ
2407 2105 2602 2171 μύρον
2641 2103 2752 2157 οὐκ
2792 2102 3018 2173 ἐπράθη
3050 2091 3411 2172 τριακοσίων
3430 2104 3747 2174 δηναρίων,
3786 2102 3886 2159 και

2314 2196 2495 2264 ἐδόθη
2535 2195 2792 2265 πτωχοῖς
2812 2210 2830 2259 ;

2397 2287 2657 2356 Ἐπιτιμᾷ
2687 2287 2715 2338 ὁ
2741 2285 3005 2355 προδότης
3034 2287 3100 2356 τῇ
3127 2285 3347 2353 γυναικὶ
3375 2284 3754 2357 ἐπιδειξαμένῃ
3788 2284 3883 2356 τὴν

2315 2378 2394 2441 είς
2427 2376 2663 2447 Χριστὸν
2694 2375 2997 2438 εὐσέϐειαν,
3032 2376 3129 2429 καὶ
3153 2376 3253 2446 τῆς
3280 2375 3611 2444 ἀξιαγάστου
3635 2376 3884 2447 πράξεως

2318 2466 2770 2536 ἐπιλαμϐάνεται,
2803 2465 2895 2519 καὶ
2924 2469 3304 2535 προσποιεῖται
3352 2466 3439 2520 διὰ
3482 2466 3585 2535 τῆς
3636 2469 3719 2529 εἰς
3761 2467 3883 2528 τοὺς

2317 2559 2566 2628 πτωχοὺς
2618 2558 2838 2627 ἀγάπης
2896 2555 3226 2627 μέμφεσθαι,
3280 2557 3412 2611 διότι
3490 2556 3662 2628 μύρον
3711 2574 3881 2629 προσ-

2318 2646 2502 2717 ἐφερε,
2530 2646 2624 2698 καὶ
2650 2647 2751 2698 οὐκ
2782 2645 3064 2716 ἀργύριον.
3084 2647 3315 2714 Ἀγνοῶν
3335 2647 3391 2700 δὲ
3420 2648 3479 2701 τὸ
3502 2649 3672 2712 δντως
3701 2649 3882 2712 καλὸν,

2317 2738 2465 2805 λέγει
2493 2736 2651 2790 τοῦτο
2674 2736 2703 2788 ό
2742 2736 2960 2799 Ἰούδας.
2996 2740 3087 2789 Δεῖ
3113 2738 3221 2807 γὰρ
3244 2738 3344 2808 τὴν
3373 2739 3453 2801 είς
3486 2739 3618 2793 Θεὸν
3646 2740 3886 2811 δωροφο-

2320 2829 2462 2901 ρίαν,
2500 2828 2896 2899 προτιμοτέραν
2925 2825 3064 2881 εἶναι
3089 2829 3195 2882 τῶν
3230 2830 3482 2901 πτωχῶν.

2391 2915 2537 2972 Eine
2572 2916 2641 2970 δὲ
2668 2916 2863 2981 τοῦτο,
2894 2919 3006 2986 οὐχ
3039 2917 3128 2971 ὅτι
3158 2918 3291 2986 περί
3320 2916 3437 2973 τῶν
3474 2921 3725 2990 πτωχῶν
3755 2922 3888 2991 lys-

2319 3012 2450 3074 λεν,
2484 3009 2621 3061 ἀλλ’
2669 3008 2758 3060 ὅτι
2809 3008 3076 3074 κλέπτης
3106 3004 3185 3077 ἦν
3213 3008 3311 3062 καί
3356 3010 3423 3063 τὸ
3454 3013 3894 3083 γλωσσόκομον

2247 3126 2290 3185 C
2322 3096 2466 3169 εἶχε,
2492 3102 2587 3154 καὶ
2615 3100 2683 3153 τὰ
2714 3100 2861 3170 ἐξῆς.

2405 3193 2462 3246 '0
2500 3190 2682 3261 μέντοι
2732 3191 3122 3263 εὐαγγελιστὴς
3150 3191 3423 3265 ἐξηγεῖται
3460 3195 3560 3266 τὴν
3594 3196 3794 3261 αἰτίαν,
3822 3197 3896 3249 δι’

2322 3285 2388 3355 ἣν
2419 3282 2590 3336 ταῦτα
2623 3280 2775 3335 εἶπεν
2805 3284 2833 3333 δ
2867 3283 3089 3347 Ἰούδας,
3137 3285 3219 3337 ὅτι
3255 3286 3353 3355 οὐχ
3386 3287 3462 3349 ὡς
3508 3287 3616 3340 τῶν
3648 3289 3899 3358 πενήτων

2321 3368 2639 3442 κηδόμενος,
2672 3370 2807 3424 ἀλλὰ
2846 3373 2927 3424 ὅτι
2963 3372 3201 3443 κλέπτης
3237 3369 3307 3444 ἦν
3352 3375 3448 3427 καὶ
3485 3375 3778 3445 ἱερόσυλος,
3826 3379 3904 3428 τὰ

2322 3462 2399 3533 τῷ
2438 3462 2557 3533 Θεῷ
2582 3463 2947 3533 ἁνατιθέμενα
2975 3465 3233 3534 χρήματα
3263 3466 3529 3519 κλέπτων.
3575 3468 3682 3519 Καὶ
3710 3469 3737 3520 ό
3761 3468 3897 3538 Χρι-

2324 3554 2445 3617 στὸς
2472 3553 2529 3606 δὲ
2576 3554 2754 3621 πάσης
2802 3554 2979 3615 αίτίας
3011 3554 3302 3625 ἐλευθέραν
3334 3556 3625 3624 ἀποφαίνει
3669 3556 3767 3627 τὴν
3795 3573 3902 3625 γυ·

2322 3650 2502 3710 ναῖκα,
2532 3646 2597 3698 δι’
2626 3641 2703 3699 ῶν
2728 3647 3226 3716 ἐγκεκαλυμμένως
3257 3647 3468 3718 ἐλέγχει
3494 3650 3585 3701 τὸν
3608 3650 3901 3721 προδότην,

2324 3737 2424 3789 οὐκ
2477 3735 2713 3803 εὐλόγως
2746 3735 3070 3805 αἰτιώμενον
3097 3739 3166 3789 τὰ
3213 3738 3435 3790 ἐπαίνου
3495 3738 3641 3803 ἀξια,
3702 3740 3901 3808 λέγων⁹

2332 3827 2538 3893 «Ἀφες
2566 3826 2795 3896 αὐτήν.»
2842 3826 3449 3899 Ἀπολογείταιδέξύπέρ
3479 3830 3579 3898 τῆς
3599 3830 3693 3882 τοῦ
3726 3830 3900 3900 μύρου

2326 3914 2579 3985 χρίσεως,
2597 3914 2657 3967 οὐ
2673 3913 2762 3966 διὰ
2784 3914 2991 3985 τρυφὴν
3016 3916 3318 3982 γεγονυίας,
3342 3918 3480 3971 ἀλλά
3505 3919 3595 3972 διά
3614 3936 3665 3970 τι
3692 3921 3901 3992 μυστή-

2331 4007 2617 4077 ριον,ὃπερ
2650 4008 2728 4070 είς
2757 4007 2845 4059 τὸν
2876 4006 3041 4059 αὐτοῦ
3060 4009 3279 4075 γέγονεν
3310 4010 3699 4080 ἐνταφιασμὺν,
3730 4012 3778 4063 εί
3806 4012 3901 4063 καὶ

2328 4098 2577 4168 ἡγνόειή
2618 4099 2891 4167 ποιήσασα
2922 4099 3016 4151 τοῦ
3072 4100 3370 4169 μυστηρίου
3415 4100 3513 4170 τὴν
3565 4102 3898 4169 οίκονομίαν.

2330 4189 2508 4242 Πολλὰ
2526 4190 2635 4260 γάρ
2651 4206 2795 4252 τινες
2826 4190 2921 4243 καὶ
2954 4185 3106 4244 εῐπον
3127 4192 3219 4244 καὶ
3250 4191 3513 4261 ἐποίησαν
3533 4193 3613 4254 είς
3641 4193 3902 4262 μυστικὸν

2329 4281 2543 4353 ὁρῶντα
2570 4282 2740 4335 τύπον
2769 4264 3109 4350 ἀγνοοῦντες.
3133 4284 3324 4354 Ὅμως
3369 4286 3399 4336 ὁ
3451 4283 3653 4354 Κύριος
3688 4284 3903 4355 ἐλέγχει

2332 4375 2494 4429 πάλιν
2520 4376 2610 4427 τὸν
2626 4374 2847 4441 Ἰούδαν,
2872 4376 2953 4427 ὅτι
2978 4376 3038 4427 οὐ
3066 4375 3133 4427 δι’
3164 4374 3451 4428 εὐλάϐειαν
3481 4374 3655 4427 ταῦτα
3687 4374 3903 4442 ελεγεν,

655 4468 729 4524 ob
756 4468 937 4537 turpis
971 4465 1110 4521 lucri
1156 4467 1513 4537 cupiditatem
1554 4468 1782 4531 diceret,
1827 4476 1992 4537 atque
2026 4468 2223 4537 exiguo

2331 4466 2445 4519 ἀλλ’
2473 4468 2552 4520 ὅτι
2581 4466 2971 4537 αἰσχροκερδὴς
2993 4462 3082 4537 ἦν,
3112 4468 3204 4520 καὶ
3231 4467 3297 4520 δι’
3323 4466 3501 4534 ὀλίγον
3531 4466 3741 4539 κέρδος,
3768 4484 3905 4538 προ-

655 4558 947 4613 admodum
1001 4558 1374 4615 emolumento
1425 4560 1748 4630 magistrum
1795 4560 2115 4630 proditurus
2143 4576 2231 4616 es-

654 4657 758 4706 set.
794 4649 1006 4719 Quippe
1041 4652 1338 4720 sepultura:
1381 4658 1436 4705 et
1464 4652 1657 4706 mortis
1710 4652 1915 4705 mentio
1959 4651 2012 4705 id
2052 4652 2232 4707 dcc-la-

655 4757 781 4797 rare
825 4741 1064 4796 videtur.
1115 4741 1351 4795 Adducit
1421 4741 1584 4796 etiam
1642 4744 1911 4795 rationem
1971 4742 2231 4797 Servator

655 4829 815 4884 nobis
872 4842 937 4881 ac
988 4828 1434 4897 persuasionem,
1489 4830 1692 4898 pietate
1742 4846 1870 4900 erga
1924 4846 2047 4884 eum
2090 4831 2227 4884 nihil

653 4934 778 4975 esse
810 4918 1114 4988 antiquius.
1160 4918 1450 4990 Permagni
1501 4920 1752 4983 interest,
1796 4922 2009 4991 inquit,
2042 4936 2227 4976 amare

656 5025 945 5081 pauperes,
980 5010 1076 5065 sed
1123 5019 1306 5066 tamen
1354 5012 1663 5066 reverentia
1713 5013 1803 5066 Dei
1836 5021 2222 5082 anteponatur.

654 5100 810 5167 Quod
850 5116 978 5156 vero
1015 5100 1183 5162 dicit.
1215 5100 1488 5170 ejusmodi
1536 5109 1644 5157 est.
1699 5101 1969 5170 Tempus,
2014 5102 2223 5172 inquit,

654 5189 798 5260 quod
834 5190 1199 5247 constitutum
1230 5203 1314 5246 est
1341 5192 1407 5246 ad
1439 5207 1621 5247 meum
1663 5191 1952 5254 honorem,
1997 5190 2100 5245 hoc
2144 5199 2229 5245 est

655 5280 722 5334 ad
750 5295 923 5333 meam
947 5281 1037 5335 hic
1066 5285 1581 5349 commorationem,
1612 5298 1883 5353 pauperes
1914 5282 2047 5336 mihi
2084 5297 2227 5350 prae-

656 5372 785 5426 ferri
818 5379 1005 5426 vetat:
1048 5382 1101 5427 et
1142 5372 1245 5429 hoc
1272 5373 1411 5428 dixit
1447 5375 1791 5429 oeconomice
1820 5384 1985 5444 atque
2010 5374 2225 5438 ordine,

653 5479 763 5519 non
812 5479 1040 5534 prorsus
1089 5465 1372 5521 abducens
1426 5466 1840 5523 misericordem
1890 5482 1953 5521 ac
1995 5468 2145 5536 pium
2198 5483 2228 5521 a

653 5556 923 5612 charitate
951 5556 1005 5611 in
1037 5557 1488 5628 paupereséCum
1520 5558 1688 5628 igitur
1709 5566 1926 5629 tempus
1949 5567 2032 5614 est
2054 5560 2225 5614 divini

652 5651 834 5706 cultus
865 5656 919 5705 et
949 5650 1268 5705 cantionum
1297 5665 1606 5716 sacrarum,
1639 5666 1715 5707 ea:
1742 5652 2075 5723 pauperibus
2097 5667 2227 5722 prte-

656 5738 895 5797 ferendm
926 5747 1054 5795 sunt
1086 5762 1097 5796 :
1137 5741 1265 5797 licet
1290 5741 1434 5796 enim
1467 5740 1792 5799 benefacere
1823 5742 1903 5798 eis
1946 5752 2071 5813 post
2111 5743 2224 5813 spi-

2331 4556 2512 4611 δοῦναι
2546 4556 2741 4626 ἔμελλε
2774 4557 2867 4610 τὸν
2911 4557 3247 4611 διδάσκαλον.
3290 4558 3346 4610 '0
3392 4558 3500 4629 γὰρ
3534 4559 3905 4629 ἐνταφιασμὺς

2332 4650 2427 4702 καὶ
2460 4650 2492 4719 ἡ
2529 4648 2623 4700 τοῦ
2669 4648 2899 4702 θανάτου
2951 4651 3136 4720 μνήμη
3183 4650 3341 4702 τοῦτο
3387 4649 3579 4718 δηλοῦν
3632 4650 3902 4719 φαίνεται.

2345 4740 2567 4807 Ἐπάγει
2613 4740 2669 4793 δὲ
2711 4742 2804 4792 καὶ
2835 4740 3092 4810 λογισμὸν
3116 4741 3144 4792 ὁ
3177 4739 3387 4809 Σωτὴρ,
3421 4740 3728 4793 ἀναπείθων
3756 4742 3905 4810 ἡμᾶς

2335 4831 2414 4883 ὅτι
2467 4830 2568 4900 τῆς
2632 4834 2709 4893 εἰς
2774 4832 2935 4884 αὐτὸν
2973 4830 3253 4893 εὐσεϐείας
3310 4831 3460 4883 οὐδέν
3508 4832 3623 4884 ἐστι
3678 4830 3900 4900 βέλτιον.

2348 4922 2774 4993 ’Δξιολογωτάτη
2812 4923 2911 4991 μὲν
2941 4925 3069 4993 γάρ,
3096 4924 3281 4991 φησὶν,
3313 4925 3345 4993 ἡ
3377 4924 3737 4992 φιλοπτωχία,
3764 4921 3906 4993 πλὴν

2332 5011 2509 5063 ὀπίσω
2563 5011 2809 5080 τετάχθω
2861 5011 2959 5078 τῆς
3012 5014 3090 5073 είς
3130 5013 3260 5064 Θεὸν
3304 5012 3507 5075 αἰδοῦς.
3546 5013 3609 5063 Ὃ
3643 5012 3699 5064 δὲ
3732 5011 3904 5079 λέγει,

2332 5103 2571 5157 τοιοῦτόν
2604 5104 2769 5154 ἐστιν’
2816 5103 2871 5155 ’0
2924 5102 3130 5174 χρόνος,
3181 5103 3367 5172 φησὶν,
3399 5107 3427 5157 ό
3459 5105 3555 5174 τῆς
3584 5106 3664 5167 είς
3690 5105 3793 5173 ἐμὲ
3817 5121 3907 5156 τε·

2330 5194 2603 5265 ταγμένος
2630 5194 2791 5246 ἕνεκα
2820 5197 3007 5265 τιμῆς,
3052 5195 3219 5265 ήγουν
3244 5197 3273 5247 ὁ
3306 5196 3404 5265 τῆς
3438 5197 3530 5248 ἐπὶ
3562 5194 3667 5263 γῆς
3695 5194 3906 5264 διατρι-

2334 5285 2455 5355 ϐῆς,
2491 5285 2588 5337 οὐκ
2622 5285 2846 5337 ἀπαιτεῖ
2875 5283 3010 5353 ἐμοῦ
3054 5286 3422 5356 προτιμᾶσθαι
3468 5288 3594 5348 τοὺς
3640 5285 3902 5355 πένητας.

2334 5374 2506 5427 Τοῦτο
2556 5373 2613 5426 δὲ
2662 5369 2815 5427 εἶπεν
2844 5374 3226 5444 οἰκονομικῶς,
3253 5376 3353 5428 οὐκ
3396 5376 3656 5445 ἀφίστησι
3693 5375 3792 5444 μέν
3822 5392 3907 5427 τοι

2336 5465 2619 5530 παντελῶς
2650 5470 2748 5537 τῆς
2796 5469 2874 5529 είς
2926 5467 3050 5529 τούς
3101 5468 3350 5536 πτωχοὺς
3392 5469 3613 5537 ἀγάπης
3643 5468 3733 5520 τὸν
3766 5468 3907 5535 συμ-

2333 5559 2501 5630 παθῆ.
2527 5562 2653 5614 Ὅτε
2683 5557 2777 5615 οῦν
2806 5561 2965 5633 χρεία
2997 5560 3252 5630 λατρείας
3281 5560 3313 5630 ἢ
3345 5559 3640 5630 ὐμνῳδίας,
3667 5559 3747 5612 δεῖ
3776 5576 3909 5630 προ-

2330 5655 2498 5725 τιμᾷν
2528 5653 2731 5717 ταύτας
2758 5655 2855 5724 τῆς
2888 5657 2970 5717 είς
2993 5655 3120 5718 τοὺς
3163 5654 3416 5724 πτωχοὺς
3449 5654 3695 5723 ἀγάπης·
3742 5652 3907 5707 δυναο

2330 5743 2420 5798 τὸν
2466 5744 2576 5816 γὰρ
2626 5739 2684 5798 εὖ
2740 5746 2915 5798 ποιεῖν
2949 5745 3083 5813 μετά
3126 5744 3226 5808 τὰς
3249 5744 3626 5815 πνευματικὰς
3661 5743 3907 5815 λειτουρ-
