4144 6478
245 398 311 451 TI
1032 385 1099 441 IN
1135 384 1472 443 JOANNEM.
1505 413 1574 424 —
1619 379 1746 435 LIB.
1788 376 1876 431 νιι
1918 375 2005 429 ΕΤ
2042 373 2153 430 Vlll
2192 373 2637 431 FRAGMENTA.
3420 356 3491 424 78

242 513 389 581 γίας.
408 512 574 581 Φησὶν
600 505 692 564 οὖν
720 510 801 562 ὃτι
827 507 940 561 Οὐκ
973 505 1315 567 ἀδιαστάτως
1345 502 1433 556 ἀεὶ
1462 502 1582 563 ταῖς
1614 501 1695 562 είς
1724 495 1824 566 ἐμὲ

1937 491 2149 546 ritualia
2174 489 2369 546 ofﬁcia.
2402 489 2541 543 Dicit
2565 488 2733 558 igitur
2757 500 2866 541 non
2886 485 3129 540 dandam
3165 495 3285 539 esse
3318 485 3495 539 conti-

243 607 431 674 τιμαῖς
464 602 544 655 δεῖ
597 599 905 671 σχολάζειν,
956 596 1080 650 οὔτε
1111 597 1192 659 είς
1243 596 1342 665 τὴν
1388 592 1667 664 ἱερατικὴν
1713 589 1824 642 λειέ

245 695 507 765 τουργίαν
557 695 738 748 πάντα
778 691 1113 752 ἀναλίσκειν,
1147 687 1284 742 ἀλλά
1322 686 1392 740 τὰ
1432 685 1603 738 πολλά
1651 684 1826 737 δαπα-

248 791 345 859 νᾷν
373 789 454 850 είς
503 788 632 849 τοὺς
672 785 932 855 πένητας.
966 783 1037 836 Ἢ
1077 780 1285 844 οὕτως·
1329 778 1539 847 Ὥσπερ
1593 776 1732 847 μετὰ
1763 774 1825 827 τὸ

247 879 515 948 ἀναϐῆναι
548 877 685 949 πρὸς
716 876 807 929 τὸν
839 874 1084 944 Πατέρα,
1118 871 1399 943 ἐπιτρέπει
1423 869 1535 931 τοῖς
1556 868 1827 938 μαθηταῖς

249 969 553 1039 νηστεύειν
582 967 729 1021 ὀὓτω
760 966 855 1019 καὶ
901 965 1000 1034 τῆς
1040 965 1119 1026 είς
1155 964 1280 1025 τοὺς
1328 959 1577 1030 πτωχοὺς
1628 960 1824 1028 ἐπιμε-

248 1061 398 1125 λείας
452 1060 573 1113 τότε
626 1060 823 1121 αὐτοὺς
873 1057 1190 1126 ἀδεέστερον
1219 1051 1602 1108 ἀντιλαϐέσθαι
1636 1050 1823 1121 φησιν,

251 1154 538 1225 ἀθορύϐως
566 1170 626 1206 τε
673 1153 875 1222 μᾶλλον
916 1150 1010 1204 καὶ
1043 1146 1421 1218 σχολαιότερον
1453 1142 1827 1217 κατορθώσειν

250 1247 349 1316 τὴν
373 1246 779 1316 φιλοπτωχίαν·
838 1244 974 1313 ὅπερ
1016 1240 1109 1293 καὶ
1139 1238 1351 1307 γέγονε.
1401 1235 1557 1291 Μετά
1588 1235 1698 1323 γὰρ
1730 1234 1829 1306 τὴν

251 1337 520 1408 ἀνάληψιν
554 1336 649 1389 τοῦ
676 1336 951 1406 Σωτῆρος,
986 1331 1170 1384 οὐκέτι
1198 1327 1528 1399 ἠκολούθουν
1552 1327 1630 1397 τῷ
1683 1325 1829 1380 διδα-

255 1428 466 1500 σκάλῳ,
515 1427 631 1481 ἀλλ’
683 1427 1003 1497 ἐσχόλασαν,
1055 1408 1177 1476 τότε
1211 1421 1442 1484 ἐντόνως
1490 1420 1709 1474 ᾶπαντα
1761 1418 1829 1473 τὰ

254 1519 745 1592 καρποφορούμενα
777 1519 855 1579 είς
879 1516 1003 1579 τοὺς
1033 1514 1269 1585 πένητας
1292 1511 1693 1575 ἀναλίσκοντες.

341 1614 533 1682 Ἔγνω
586 1607 699 1665 οὖν
748 1608 932 1676 ὄχλος
976 1606 1047 1659 ἐκ
1103 1604 1223 1657 τῶν
1283 1602 1586 1657 Ἰουδαίων
1628 1603 1830 1666 πολὺς

257 1704 347 1757 ὅτι
373 1703 504 1756 ἐκεῖ
533 1702 683 1763 ἐστι,
717 1700 815 1752 καὶ
846 1699 913 1752 τά
949 1684 1099 1767 ἕξῆς.

1925 592 2121 638 uenter
2170 595 2396 653 operam
2450 579 2648 635 honori
2682 578 2826 648 ejus.
2861 589 2966 633 nec
3010 576 3175 648 697
3222 576 3407 631 omnia
3446 578 3501 632 in

1924 689 2085 733 sacra
2119 676 2446 731 insum‘euda
2478 689 2623 736 esse,
2668 672 2765 727 sed
2799 671 2970 725 multa
3019 684 3243 739 quoque
3282 670 3338 723 in
3373 684 3502 740 pau-

1921 783 2083 839 peres
2110 766 2410 837 eroganda.
2454 763 2553 819 Vel
2607 764 2711 817 hoc
2758 761 2969 823 modo;
3002 758 3502 826 Quemadmodum,

1921 868 2219 929 postquam
2256 856 2506 911 ascendit
2544 855 2611 909 ad
2654 853 2894 918 Patrem,
2928 852 3190 922 praecepit
3211 850 3508 921 discipulis

1916 949 2263 1020 jejunare",
2306 948 2386 1003 sic
2432 955 2486 1002 et
2537 963 2727 1001 curam
2760 959 3066 1016 pauperum
3098 953 3230 998 tunc
3277 943 3509 998 liberius

1930 1040 2008 1092 ait
2028 1038 2234 1108 suscipi
2260 1051 2440 1107 posse,
2471 1037 2788 1105 minoreque
2823 1034 3066 1106 negotio,
3093 1048 3156 1087 ac
3185 1032 3422 1087 tumultu
3448 1038 3510 1087 ‘et

1933 1129 2141 1199 majore
2184 1129 2296 1183 otio
2334 1126 2657 1203 charitatem
2695 1129 2751 1181 in
2805 1141 3075 1196 pauperes
3125 1125 3508 1191 exercituros;

1933 1219 2081 1290 quod
2109 1209 2165 1274 et
2194 1207 2446 1287 contigit.
2480 1202 2615 1270 Post
2656 1202 2968 1269 Serva'toris
3002 1215 3147 1269 enim
3182 1210 3514 1283 assumptio-

1935 1325 2058 1364 nem
2089 1324 2196 1363 non
2234 1306 2470 1379 amplius
2503 1307 2873 1377 sequebantur
2902 1306 3247 1376 magistrum,
3295 1305 3388 1358 sed
3416 1300 3511 1374 pe'r
3609 1333 3615 1342 υ

1936 1403 2107 1457 otium
2141 1400 2482 1471 multiplices
2513 1400 2725 1455 fructus
2752 1399 2807 1452 in
2836 1413 3106 1468 pauperes
3130 1391 3386 1453 accurate
3416 1394 3513 1452 de-

1936 1496 2285 1565 promebant.
3310 1558 3313 1561 ,
3465 1560 3469 1563 Δ

2027 1584 2154 1650 ΧΙῐ,
2186 1586 2237 1641 9.
2291 1583 2546 1655 Cognovit
2596 1598 2719 1653 ergo
2769 1580 2924 1633 turba
2970 1576 3141 1632 multa
3191 1594 3255 1631 ea:
3297 1575 3510 1634 Jud'azis

1933 1676 2061 1745 quia
2101 1660 2213 1728 illic
2246 1684 2346 1741 est,
2375 1682 2485 1729 etc.

324 1754 514 1846 όιά
546 1754 693 1855 ξένον
724 1788 821 1842 τοῦ
865 1754 1093 1858 σημείου
1133 1785 1574 1855 καταπλήττεται
1602 1788 1629 1839 ό
1654 1785 1828 1855 ὄχλος,

2004 1760 2236 1834 Propter
2273 1758 2573 1819 novitatem
2597 1763 2740 1835 signi
2763 1800 2777 1826 ,
2807 1762 3005 1832 magno
3038 1770 3262 1841 stupore
3293 1754 3512 1832 capitur

251 1885 349 1938 καὶ
370 1885 507 1955 ὅπερ
545 1884 781 1955 ήκουσαν
804 1881 1045 1949 γεγονὸς,
1065 1878 1255 1950 ήθελον
1281 1878 1376 1932 καὶ
1407 1876 1528 1946 ὄψει
1555 1876 1829 1948 θεωρῆσαι

252 1975 389 2046 πρὸς
420 1974 779 2045 βεϐαιοτέραν
823 1973 1024 2026 πίστιν.
1073 1971 1147 2025 Οὐ
1190 1970 1350 2041 μόνον
1376 1968 1433 2022 δὲ
1462 1968 1554 2022 τὸν
1582 1966 1833 2039 Λάζαρον

251 2066 443 2138 ἤθελον
484 2067 630 2129 ἰδεῖν,
658 2065 796 2118 ἀλλά
827 2064 922 2118 καὶ
952 2063 1044 2117 τὸν
1074 2063 1311 2135 Χριστὸν
1344 2061 1435 2116 τὸν
1465 2061 1558 2115 τοῦ
1606 2060 1834 2133 σημείου

252 2158 504 2228 ποιητὴν,
535 2158 596 2211 οὑ
621 2157 741 2212 τότε
766 2156 982 2227 πρῶτον
1015 2156 1175 2209 αὐτὸν
1203 2155 1508 2226 ἑωρακότες
1528 2150 1701 2223 ’ἦσαν
1727 2154 1835 2222 γὰρ

253 2248 512 2311 πολλάκις
560 2248 723 2302 αὑτὸν
759 2247 976 2309 ἰδόντες,
1013 2246 1108 2300 καὶ
1131 2245 1491 2316 ὁμιλήσαντες
1514 2245 1660 2314 αὐτῷ
1682 2261 1693 2273 ·
1719 2242 1835 2298 ἀλλ’

255 2341 484 2410 ἐπείπερ
511 2336 579 2409 ἦν
614 2339 977 2408 ὑποχωρήσας
1012 2336 1099 2390 διὰ
1127 2336 1187 2390 τὸ
1213 2337 1287 2407 μὴ
1311 2336 1504 2389 παθεῖν
1535 2334 1688 2403 παρὰ
1713 2352 1835 2389 και-

259 2428 373 2497 ρὸν,
406 2428 628 2498 ἐζήτουν
656 2425 814 2479 πάλιν
840 2426 968 2479 ἰδεῖν
999 2424 1182 2479 αὐτόν.
1214 2427 1277 2478 Οί
1317 2425 1373 2477 δὲ
1414 2425 1835 2495 ἐπιεικέστεροι,

257 2520 353 2572 καὶ
375 2518 684 2587 ἐθαύμαζον
718 2516 902 2580 αὐτὸν,
929 2516 1005 2579 ὡς
1037 2516 1187 2569 οὐδὲν
1208 2515 1372 2569 αὑτοῦ
1406 2517 1834 2584 κατεγνωκότες.

257 2609 634 2678 Οἰκονομικῶς
657 2604 748 2662 οὖν
785 2611 811 2662 ὁ
852 2609 1055 2679 Κύριος
1098 2608 1197 2661 οὐκ
1254 2607 1415 2671 εὐθὺς
1464 2608 1711 2679 είσῆλθεν
1760 2611 1842 2673 εἰς

267 2700 658 2774 Ἰερουσαλὴμ,
689 2702 803 2754 ἀλλ’
855 2700 1069 2770 ἔμεινεν
1119 2700 1261 2765 ἔξω,
1297 2701 1383 2754 ἴνα
1429 2703 1555 2764 τοὺς
1613 2702 1841 2765 πολλοὺς

254 2793 344 2848 διὰ
364 2796 461 2864 τῆς
492 2794 681 2863 φήμης
711 2774 1096 2862 ἐπισπάσηται
1122 2794 1202 2855 είς
1228 2790 1520 2862 ἐπιθυμίαν
1539 2792 1632 2845 τοῦ
1665 2791 1840 2845 θέλειν

257 2884 418 2937 αὑτὸν
450 2882 599 2938 ἰδεῖν.

339 2977 813 3030 Ἐϐουλεύσαντο
846 2974 914 3028 δὲ
970 2977 1024 3028 οἱ
1074 2974 1367 3044 ἀρχιερεῖς
1395 3016 1411 3039 ,
1444 2975 1545 3028 ἵνα
1588 2976 1686 3029 καὶ
1734 2976 1840 3030 τὸν

257 3063 519 3133 Λάζαρον
546 3065 999 3120 ἀποκτείνωσιν.

1940 1856 2257 1918 multitudo.
2298 1865 2352 1911 et
2388 1842 2531 1927 quod
2565 1856 2776 1911 audivit
2824 1863 3039 1910 tantum
3066 1896 3079 1919 ,
3113 1855 3180 1909 ad
3214 1849 3513 1933 ﬁrmiorem

1938 1947 2096 2019 ﬁdem
2127 1943 2307 2003 oculis
2350 1964 2620 2018 usurpare
2655 1949 2826 2017 cupit.
2874 1935 2984 2002 Nec
3011 1956 3227 2000 tantum
3260 1936 3514 2001 volebant

1932 2036 2121 2094 videre
2150 2025 2443 2104 Lazarum,
2485 2037 2578 2094 sed
2623 2044 2677 2093 et
2718 2037 2999 2093 Christum
3044 2037 3297 2091 miraculi
3339 2024 3514 2091 facto.

1933 2145 2071 2193 rem,
2104 2145 2215 2183 non
2248 2122 2384 2185 tunc
2432 2130 2672 2200 primum
2704 2145 2827 2185 eum
2879 2129 3209 2198 conspicati,
3266 2122 3515 2183 viderant

1934 2223 2079 2277 enim
2117 2238 2282 2293 saepe,
2318 2230 2525 2278 etcum
2562 2238 2628 2278 eo
2659 2223 2921 2277 collocuti
2960 2221 3212 2288 fuerant;
3254 2219 3350 2276 sed
3387 2214 3512 2290 quia

1937 2312 2078 2368 forte
2108 2328 2167 2367 se
2216 2315 2593 2379 subtraxerat,
2634 2331 2702 2369 ne
2757 2325 2886 2370 ante
2944 2322 3160 2391 tempus
3209 2310 3512 2383 paterétur,

1937 2420 2130 2460 rursus
2161 2422 2284 2461 eum
2315 2422 2550 2462 cernere
2575 2408 2926 2477 expetebant.
2960 2393 3358 2460 Moderatiores
3384 2398 3514 2457 vero

1937 2507 1992 2551 et
2027 2498 2204 2565 ipsum
2244 2498 2639 2565 suspiciebant,
2693 2499 2944 2568 nihilque
2999 2500 3051 2553 in
3094 2514 3160 2554 eo
3213 2489 3515 2567 reprehen-

1940 2589 2166 2645 debant.
2202 2588 2568 2647 (Economice
2612 2607 2744 2662 ergo
2783 2608 2848 2647 ac
2884 2593 3076 2647 ordine
3107 2576 3374 2669 Dominus
3405 2606 3512 2645 non

1939 2683 2125 2737 statim
2160 2679 2450 2752 ingressus
2481 2675 2567 2737 est
2595 2681 2924 2745 Jerusalem,
2958 2682 3049 2737 'seil
3092 2676 3296 2735 mansit
3338 2689 3513 2741 extra,

1940 2784 2002 2829 ut
2048 2774 2399 2829 multitudini
2453 2788 2518 2829 ex
2567 2773 2711 2827 fama
2756 2770 3117 2844 cupiditatem
3157 2773 3241 2827 sui
3294 2771 3515 2827 videndi

1939 2866 2213 2936 injiceret.
3205 2932 3210 2937 ὓ

2013 2946 2103 3010 ΧΠ
2128 2998 2143 3020 ,
2174 2959 2260 3013 10.
2300 2957 2604 3034 Consilium
2650 2946 2826 3009 autem
2870 2955 3099 3008 inierunt
3133 2952 3396 3023 principes
3423 2970 3513 3008 ιιι-η

1941 3048 2214 3103 cerdotum
2244 3088 2259 3113 ,
2290 3058 2346 3101 ut
2391 3058 2439 3102 et
2470 3048 2739 3100 Lazarum
2778 3046 3157 3113 interﬁcerent.

334 3159 473 3227 Ὅρα
499 3157 556 3210 δὲ
610 3157 692 3210 ὅτι
724 3159 1093 3229 παραφρονεῖν
1122 3142 1369 3210 δοκοῦσιν
1409 3158 1457 3209 oi
1516 3156 1831 3228 ἡγούμενοι,

2006 3140 2243 3197 Attende
2276 3141 2470 3203 etiam,
2525 3139 2672 3209 quod
2723 3137 2789 3193 de
2851 3143 2997 3192 statu
3057 3136 3261 3191 m’enti's
3315 3135 3512 3191 deduci

263 3248 389 3320 τῇδε
433 3251 654 3303 κάκεῖσε
712 3248 1060 3321 κλονούμενοι
1104 3250 1208 3302 ὑπὸ
1239 3249 1335 3303 τοῦ
1374 3248 1590 3319 φθόνου,
1622 3250 1714 3304 καὶ
1744 3250 1833 3303 οὐ·

260 3338 349 3391 sev
379 3339 668 3397 ἀκόλουθον
706 3339 1013 3402 λαλοῦντες.
1053 3339 1215 3392 Φόνον
1268 3340 1362 3392 ἐπὶ
1406 3339 1552 3410 φόνῳ
1603 3338 1837 3410 μελετῶ-

262 3446 368 3494 σιν,
399 3431 632 3501 οἰόμενοι
663 3431 757 3484 τοῦ
805 3429 1107 3502 παραδόξου
1154 3430 1453 3502 δραμόντος
1486 3430 1583 3503 τὴν
1608 3431 1837 3501 δύναμιν

262 3520 704 3593 συναιαιρεῖσθαι
726 3521 803 3592 τῷ
830 3521 1172 3585 τελευτῶντι,
1197 3521 1285 3574 ἵνα
1306 3523 1427 3584 τοὺς
1459 3520 1621 3585 λαοὺς
1639 3523 1835 3575 ἀνακό-

259 3612 402 3684 ψωσι
426 3614 719 3686 τρέχοντας
748 3615 838 3667 ιπι
871 3614 930 3667 τὸ
966 3614 1247 3667 πιστεύειν
1268 3614 1505 3685 Χριστῷ.

346 3792 744 3857 Ἀκούσαντες
781 3791 871 3844 ὅτι
907 3790 1139 3860 ἔρχεται
1188 3793 1220 3846 d
1262 3792 1500 3859 Ἰησοῦς
1541 3791 1628 3857 είς
1661 3792 1833 3859 Ἱερο-

263 3883 526 3950 σόλυμα.

336 3972 754 4044 Εὑπειθέστεροι
791 3964 940 4036 ὄντες
965 3974 1013 4026 οί
1048 3972 1196 4042 ὄχλοι
1246 3972 1340 4025 καὶ
1369 3974 1435 4044 τῇ
1471 3972 1563 4026 τοῦ
1610 3973 1834 4044 σημείου

264 4065 477 4133 ποιήσει
505 4063 840 4133 ὑπαχθέντες
869 4061 1185 4132 ὑπήντησαν
1212 4060 1289 4130 τῷ
1334 4059 1574 4131 Χριστῷ,
1609 4059 1837 4131 ὑμνοῦν-

260 4171 354 4217 τες
389 4154 657 4234 ausint“);
685 4153 1008 4224 νενικηκότα
1038 4153 1131 4205 τὸν
1179 4151 1405 4205 θάνατον
1454 4151 1591 4221 μετά
1630 4151 1795 4221 βαῖων
1821 4168 1832 4180 ·

261 4245 573 4315 εὐφημοῦσι
604 4245 660 4299 δὲ
710 4245 810 4315 οὐχ
848 4244 1055 4307 ἁπλῶς,
1087 4241 1200 4296 ἀλλ’
1227 4243 1292 4296 ὲκ
1336 4242 1438 4311 τῆς
1482 4240 1836 4294 θεοπνεύστου

262 4336 521 4408 Γραφῆς,
558 4337 619 4390 τὸ
679 4337 766 4389 ἐπ’
798 4335 946 4406 αὐτῷ
1002 4334 1182 4398 καλῶς
1229 4334 1520 4403 εἰρημένον
1570 4331 1836 4401 λέγοντες,

262 4427 652 4500 ὁμολογοῦντες
679 4430 759 4482 ὅτι
797 4428 891 4481 καὶ
945 4426 1197 4496 βασιλεὺς
1244 4421 1313 4497 ἦν
1357 4424 1452 4477 τοῦ
1512 4422 1747 4494 Ἰσραὴλ,
1781 4422 1839 4475 ὃν

1939 3231 2224 3301 principes
2271 3232 2551 3296 videntur,
2601 3239 2769 3301 utque
2808 3229 2911 3283 hac
2957 3236 3012 3283 et
3064 3228 3189 3283 illac
3238 3229 3518 3297 agitentur

1938 3332 2208 3379 aestuante
2246 3322 2477 3387 invidia,
2542 3323 2794 3393 nihilque
2848 3332 3165 3392 congruens
3213 3328 3267 3375 et
3318 3335 3514 3375 sanum

1937 3415 2261 3484 loquantur.
2314 3414 2530 3469 Caedem
2588 3415 2722 3469 caedi
2786 3413 3026 3484 adjicere
3083 3412 3513 3478 macltinantur,

1943 3508 2051 3562 rati
2084 3508 2193 3561 vim
2248 3506 2498 3561 miraculi
2538 3507 2722 3560 omnia
2776 3504 3126 3576 pervagantis
3184 3517 3345 3574 posse
3405 3520 3514 3559 una

1938 3613 2063 3654 cum
2103 3600 2322 3653 mortuo
2360 3597 2663 3666 exstingui,
2692 3605 2752 3650 ut
2788 3606 3061 3651 remoram
3094 3597 3387 3665 injicercnt
3416 3610 3515 3666 po-

1938 3692 2083 3763 pulis
2114 3692 2339 3747 credere
2372 3691 2427 3744 in
2457 3689 2741 3743 Christum
2778 3687 3231 3757 properantibus.

2010 3781 2139 3847 XII,
2173 3782 2260 3837 12.
2305 3779 2439 3836 Cum
2471 3777 2766 3843 audissent,
2814 3779 2941 3848 quia
2986 3778 3126 3831 venit
3168 3776 3327 3831 Iesus
3383 3776 3514 3831 Hie-

1939 3872 2284 3943 rosoiymam.

2010 3963 2208 4018 Turbzc
2234 3961 2533 4017 dociliores
2565 3969 2619 4016 et
2652 3959 2718 4015 ad
2761 3958 2917 4014 ﬁdem
2951 3960 3265 4030 proniores.
3305 3965 3511 4019 recenti

1938 4055 2101 4110 etiam
2128 4053 2394 4108 miraculo
2423 4052 2680 4106 adductae
2712 4058 3017 4105 occurrunt
3044 4052 3296 4120 Christo,
3332 4055 3486 4111 laudi

1938 4148 2045 4200 bus
2085 4160 2209 4200 eum
2238 4144 2612 4207 celebrantes,
2658 4152 2919 4213 tanquam
2964 4143 3031 4199 de
3084 4152 3258 4201 morte
3311 4148 3513 4202 trium--

1938 4235 2189 4306 phasset,
2215 4240 2268 4289 et
2304 4233 2503 4290 faustis
2531 4233 2755 4303 quidem
2793 4232 3287 4292 acclamationibus
3325 4251 3515 4308 prose-

1939 4334 2207 4395 quuutur,
2244 4338 2352 4376 non
2386 4322 2736 4392 simpliciter,
2776 4321 2872 4377 sed
2900 4337 2965 4379 ex
3005 4337 3163 4379 sacra
3202 4326 3509 4397 Scriptura,

1940 4417 2085 4487 quod
2129 4416 2195 4471 de
2226 4428 2295 4469 eo
2337 4416 2604 4485 prmclare
2635 4414 2845 4469 dictum
2880 4426 2965 4471 est
3025 4426 3379 4487 usurpantes,
3431 4419 3512 4474 fa—

263 4499 359 4572 καὶ
398 4518 584 4587 ἔλεγον
631 4517 839 4572 ἑαυτῶν
875 4516 1096 4587 βασιλέα
1146 4516 1311 4581 ίδιον,
1342 4515 1442 4587 τήν
1469 4514 1563 4569 τοῦ
1603 4514 1833 4587 Χριστοῦ

1946 4514 2234 4575 tente's'que
2264 4518 2443 4576 regem
2488 4514 2611 4561 esse
2656 4503 2859 4569 lsrael,
2904 4522 2968 4561 ac
3004 4507 3301 4563 identidem
3348 4520 3510 4566 suum

264 4610 565 4680 κυριότητα
626 4608 1078 4680 παραδεχόμενοι.
1128 4607 1505 4678 Εὐλογημένος
1555 4607 1609 4661 δὲ
1662 4606 1838 4676 λέγονο

261 4715 356 4761 τες
381 4699 576 4762 ὁΥίδς,
609 4700 707 4768 οὐχ
755 4698 830 4761 ὡς
877 4698 1127 4766 εὐλογίας
1157 4697 1257 4765 τῆς
1299 4697 1451 4769 παρὰ
1492 4697 1704 4767 Πατρός
1741 4713 1836 4749 τυ-

263 4788 395 4860 χὼν,
437 4791 465 4843 ὁ
491 4790 669 4844 πάντα
709 4788 946 4857 εὐλογῶν
989 4789 1083 4844 καὶ
1115 4790 1216 4842 οὐκ
1264 4787 1370 4841 ὲῶν
1409 4787 1834 4858 διαφθείρεσθαι,

264 4882 360 4934 καὶ
393 4882 489 4951 τῆς
525 4881 767 4953 ἀρρήτου
797 4881 984 4945 οὐσίας
1005 4879 1079 4934 ὢν
1115 4896 1130 4910 ·
1172 4880 1288 4934 ἀλλ’
1313 4879 1683 4950 ὅτιεῦλογίαή
1719 4879 1837 4954 θεῷ

264 4970 552 5041 πρέπουσα
590 4973 684 5025 καὶ
742 4971 823 5039 τῷ
856 4972 995 5025 κατὰ
1052 4972 1213 5042 φύσιν
1244 4972 1467 5043 Κυρίῳ,
1504 4970 1837 5043 προσάγεται

263 5062 398 5131 παρ’
432 5062 619 5133 ήμῶν,
657 5062 885 5133 ἐπείπερ
936 5062 1190 5135 ἐλήλυθεν
1230 5064 1290 5115 ὲν
1341 5062 1565 5133 ὀνόματι
1610 5058 1835 5132 Κυρίου.

264 5154 477 5217 Πάντες
502 5154 612 5224 γὰρ
644 5156 693 5208 οἱ
737 5154 880 5222 ἀγιοι
907 5156 1008 5208 οὐκ
1048 5156 1106 5208 ὲν
1148 5155 1365 5226 ἐξουσία
1402 5155 1722 5226 κυριότητος
1742 5149 1839 5225 ἦλ-

266 5245 381 5309 θον,
421 5245 535 5298 ἀλλ’
561 5244 641 5309 ὡς
688 5247 894 5299 οἰκέται
944 5249 1157 5318 γνήσιοι
1178 5264 1192 5281 ⁸
1229 5240 1384 5311 οὗτος
1419 5246 1476 5300 δὲ
1506 5246 1581 5310 ὡς
1612 5246 1838 5318 Κύριος.

265 5335 358 5388 Διὸ
392 5336 483 5389 καὶ
521 5318 791 5407 ἁρμοδίως
824 5338 911 5390 ἐπ’
942 5338 1089 5407 αὐτῷ
1114 5340 1147 5408 ἡ
1177 5338 1485 5410 προφητικὴ
1526 5336 1773 5390 λέλεκται
1812 5338 1840 5407 ἡ

267 5429 441 5499 φωνή.
484 5431 545 5482 El
568 5429 677 5501 γὰρ
711 5430 888 5501 κύριοι
916 5431 1206 5485 καλοῦνταί
1234 5431 1470 5495 τινες,οὐ
1505 5430 1685 5501 φύσει,
1708 5430 1841 5484 ἀλλά

267 5519 452 5591 χάριτι
477 5520 657 5590 έχουσι
694 5521 753 5574 τὸ
787 5522 1022 5593 ἀξίωμα.
1046 5524 1156 5577 Καὶ
1186 5522 1295 5596 γάρ
1325 5523 1418 5576 καὶ
1450 5525 1517 5593 τῇ
1545 5524 1720 5593 ἀποχῇ
1744 5522 1835 5575 τοῦ

264 5609 515 5679 ψεύδους,
541 5609 828 5666 καλοῦνται
875 5616 922 5667 oi
955 5613 1230 5685 ἄνθρωποι
1268 5613 1486 5684 ἀληθεῖς
1520 5631 1533 5645 ο
1566 5614 1702 5685 ὅπερ
1737 5613 1835 5667 οὐκ

341 5790 387 5821 δ’
426 5787 619 5846 Matth.
656 5808 745 5859 ix,
782 5792 867 5847 is.

1943 4601 2184 4670 ipsorum
2212 4613 2418 4669 regem,
2450 4605 2504 4653 et
2532 4596 2739 4652 Christi
2774 4598 3205 4655 dominationem
3238 4602 3513 4672 accipien-

1944 4702 2045 4748 tes.
2088 4691 2343 4746 Dicentes
2369 4704 2519 4755 vero,
2549 4689 2877 4746 Benedictus
2911 4690 3112 4755 Filius,
3144 4706 3251 4747 non
3285 4692 3388 4748 hoc
3414 4704 3514 4747 vo-

1945 4785 2086 4847 lunt,
2131 4785 2287 4854 quasi
2336 4782 2778 4840 benedictionem
2831 4798 2860 4837 a
2906 4782 3073 4854 698
3119 4783 3282 4837 Patre
3327 4792 3516 4839 come;

1944 4885 2106 4931 cutus
2145 4877 2219 4930 sit
2248 4876 2296 4931 is
2337 4876 2430 4945 qui
2478 4874 2663 4933 omnia
2696 4873 2974 4929 benedieit
3008 4893 3018 4926 :
3070 4888 3173 4927 nec
3203 4874 3335 4929 slhit
3385 4886 3508 4930 cor-

1943 4968 2126 5038 rumpi
2164 4982 2228 5022 ac
2252 4966 2607 5029 intercidere,
2638 4964 2844 5034 quique
2869 4973 2953 5020 est
2991 4963 3287 5022 ineﬂ‘abilis
3318 4970 3512 5023 esseti-

1941 5060 2050 5125 tiae,
2082 5059 2175 5115 sed
2228 5060 2493 5130 quoniam
2545 5054 2863 5111 benedictio
2904 5062 3027 5125 quae
3078 5058 3336 5112 convenit
3378 5056 3509 5117 Deo;

1942 5152 1993 5207 ei
2037 5151 2130 5220 qui
2178 5149 2480 5206 secundum
2530 5154 2786 5201 naturam
2836 5145 3106 5202 Dominus
3154 5157 3233 5202 est
3266 5160 3293 5199 a
3346 5148 3503 5204 nobis

1943 5238 2216 5306 defertur,
2253 5234 2699 5309 quandoquidem
2725 5235 2874 5291 venit
2913 5236 2967 5290 in
3012 5234 3234 5290 nomine
3273 5233 3510 5292 Domini.

1942 5331 2055 5387 Nec
2100 5331 2250 5386 enim
2277 5344 2469 5384 omnes
2496 5327 2674 5383 sancti
2711 5328 2767 5382 in
2803 5335 3082 5399 potestate
3118 5327 3514 5383 dominationis

1946 5432 2238 5489 venerunt,
2273 5423 2368 5479 sed
2403 5432 2665 5492 tanquam
2689 5421 2911 5492 ingenui
2944 5420 3088 5475 servi
3118 5438 3134 5473 :
3168 5418 3259 5473 hic
3285 5433 3415 5474 vero
3454 5426 3513 5472 ut

1948 5520 2239 5575 Dominus.
2291 5508 2474 5584 Quare
2522 5514 2917 5571 convenienter
2964 5513 3031 5568 de
3083 5511 3179 5567 illo
3237 5510 3385 5565 dicta
3429 5519 3516 5564 est

1945 5611 2266 5684 proDhetica
2296 5625 2421 5667 vox;
2460 5607 2581 5666 Etsi
2628 5608 2775 5664 enim
2827 5604 3082 5663 nonnulli
3126 5602 3380 5661 dicantur
3415 5600 3512 5655 dos
