4144 6480
606 373 680 426 ⁷79
1595 373 1652 426 S.
1701 370 1974 426 CYRILLI
2020 368 2492 427 ALEXANDRINI
2533 372 2863 431 ARCHIEP.
3802 374 3880 431 80

610 492 773 556 mini,
808 503 917 545 non
943 496 1143 545 natura
1169 487 1265 544 sed
1288 489 1467 559 gratia
1501 489 1642 545 hanc
1672 489 1879 544 habent
1902 490 2183 561 dignatio-

2296 491 2434 549 ἔστιν
2458 493 2636 547 εἰπεῖν
2669 492 2761 546 ἐπὶ
2806 488 3069 563 Χριστοῦ.
3098 488 3174 545 ού
3201 490 3310 563 γὰρ
3333 490 3420 545 διὰ
3445 490 3607 547 τοῦτο
3626 492 3883 550 καλεῖται

612 598 763 639 nem.
806 578 1089 651 Siquidem
1116 586 1171 634 et
1198 593 1266 634 ex
1299 578 1632 634 abstinentia
1670 576 1943 632 mendacii
1972 593 2180 633 vocan-

614 690 704 748 ιυι·
742 672 993 729 homines
1033 685 1281 735 veraces,
1308 670 1676 741 quodquidem
1704 670 1773 725 de
1819 668 2043 724 Christo
2071 670 2180 725 dici

2289 582 2539 655 ἀλήθεια,
2580 583 2772 655 ἐπειδὴ
2824 584 2885 639 οὐ
2927 582 3203 654 ψεύδεται,
3249 581 3365 637 ἀλλ’
3396 583 3479 638 δτι
3521 584 3731 656 ὰμιινω
3761 585 3882 658 ιχιι

2290 676 2573 739 παντελῶς
2602 675 2696 729 τοῦ
2732 675 2961 744 ψεύδους
2996 674 3092 744 τὴν
3121 673 3308 745 φύσιν.

613 780 723 820 non
752 772 953 835 potest.
993 762 1114 817 Non
1148 762 1293 818 enim
1330 764 1460 833 quia
1486 777 1593 815 non
1625 762 1919 825 mentitur,
1944 760 2070 815 ideo
2100 772 2329 819 vocatur
2361 767 2591 830 veritas,
2657 767 2753 821 sed
2813 767 2945 836 quia
2983 775 3239 822 naturam
3304 764 3597 825 mendacio
3644 781 3881 837 prorsus

612 857 878 926 majorem
908 854 1091 910 habet.

678 947 803 1011 XII,
848 946 938 1001 H.
980 946 1194 1000 Invenio
1244 954 1421 1001 autent
1468 944 1627 997 Jesus
1681 943 1886 1009 asello,
1920 943 2055 999 sedit
2096 959 2189 998 stt.-

609 1059 700 1113 ριν
732 1057 870 1096 eum.

682 1155 877 1226 Magna
920 1152 1065 1208 enim
1112 1149 1470 1206 multitudine
1506 1150 1683 1223 ipsum
1718 1148 1960 1217 stipante
1994 1162 2059 1201 ac
2091 1147 2185 1202 de-

611 1247 870 1309 ducente,
897 1259 963 1298 ex
1005 1256 1219 1297 summa
1272 1241 1647 1295 moderatione
1699 1240 1752 1291 in
1807 1240 1964 1293 asino
2019 1238 2185 1304 sedit,

608 1338 834 1395 tradens
864 1336 1025 1391 nobis
1059 1335 1450 1387 documentum
1524 1346 1874 1404 nequaquam
1928 1345 2029 1386 nos
2071 1330 2189 1382 lau-

608 1430 769 1485 dibus
824 1425 1115 1489 ell'erendi,
1174 1431 1366 1494 utpote
1422 1422 1568 1476 intra
1612 1422 1965 1477 necessitatis
2026 1434 2186 1475 usum

605 1518 943 1581 consistens.
982 1515 1273 1569 Matthaeus
1314 1513 1538 1584 quidem
1577 1511 1759 1567 fusius
1787 1512 1855 1567 de
1877 1512 2035 1567 asino
2068 1526 2189 1565 ver-

605 1612 676 1666 ba
717 1608 868 1664 fecit.
900 1605 1144 1660 Joannes
1183 1619 1312 1659 vero
1356 1603 1423 1657 ad
1464 1601 1518 1656 id
1565 1602 1713 1673 quod
1755 1601 1811 1656 in
1845 1617 1905 1656 re
1947 1600 2189 1655 maxime

608 1699 988 1756 necessarium
1019 1707 1101 1751 est
1128 1698 1443 1767 properavit
1476 1711 1574 1764 pro
1605 1710 1755 1749 more
1790 1708 1912 1749 suo.
1955 1690 2188 1759 Quando

606 1808 739 1848 vero
790 1797 988 1861 praeter
1041 1788 1507 1843 consuetudinem
1552 1802 1710 1841 suam
1758 1800 1911 1841 nunc
1962 1792 2180 1837 tantum

610 1883 875 1939 Dominus
915 1881 968 1934 in
1006 1880 1165 1935 asino
1196 1879 1395 1935 sedens
1425 1878 1674 1933 cernitur
1696 1919 1709 1943 ,
1742 1892 1853 1933 non
1895 1882 2184 1949 prOpterea
2219 1850 2260 1906 Β

607 1975 845 2031 dicimus
874 1988 997 2029 eum
1033 1972 1263 2036 sedisse,
1291 1972 1433 2043 quod
1467 1971 1661 2047 procul
1700 1970 1895 2025 abesse
1929 1969 1998 2029 ab
2027 1966 2184 2030 urbe,

608 2085 717 2126 non
743 2069 889 2129 enim
930 2067 1122 2124 aberat
1170 2065 1391 2135 longius
1434 2063 1750 2136 quindecim
1797 2061 1992 2117 stadiis
2026 2077 2039 2114 :
2076 2074 2185 2114 non

606 2163 735 2233 quia
758 2159 1010 2217 conferta
1041 2160 1334 2213 multitudo
1359 2167 1502 2221 erat,
1549 2172 1651 2213 nec
1689 2157 1838 2211 enim
1877 2155 2018 2208 alias
2058 2167 2185 2207 cum

608 2255 679 2310 ab
703 2254 906 2324 ingenti
939 2251 1098 2306 turba
1134 2251 1599 2312 circumdaretur,
1636 2247 1743 2302 hoc
1774 2245 1924 2310 fecit,
1954 2244 2049 2301 sed
2084 2245 2187 2297 hoc

611 2345 736 2402 fecit
773 2343 1030 2399 indicans
1067 2342 1177 2398 sibi
1228 2356 1431 2396 novum
1473 2340 1735 2412 populum
1785 2338 2075 2409 egentibus
2105 2338 2186 2390 in-

608 2433 957 2491 tractabilem
1009 2431 1293 2489 subditum
1338 2429 1476 2493 fore,
1529 2428 2007 2496 dcducturumque
2059 2439 2183 2479 eum

609 2526 676 2583 ad
703 2525 934 2596 justitim
960 2523 1305 2599 dignitatem,
1331 2529 1385 2575 et
1409 2520 1477 2576 ad
1506 2520 1848 2591 superiorem
1872 2517 2188 2572 caelestem-

608 2635 714 2688 que
744 2617 1069 2681 Jerusalem,
1102 2614 1263 2683 cujus
1303 2622 1523 2667 terrena
1578 2610 1751 2682 figura
1803 2617 1857 2665 et
1891 2616 2081 2680 typus,
2126 2607 2181 2662 in

606 2726 770 2781 quam
796 2708 1102 2781 ingreditur
1132 2706 1368 2778 populus
1408 2719 1582 2774 purus
1631 2702 1814 2758 factus
1860 2718 1986 2755 cum
2025 2701 2189 2755 Chri-

605 2812 719 2868 sto,
748 2816 911 2871 quem
966 2799 1097 2854 boni
1126 2806 1199 2865 get
1248 2798 1575 2851 innocentes
1630 2794 1811 2864 angeli
1873 2794 2192 2857 celebrant,

611 2906 844 2963 quorum
896 2897 1064 2960 typus
1114 2895 1243 2943 sunt
1301 2886 1566 2941 infantes.
1614 2884 1833 2939 Pullum
1875 2899 2006 2941 vero
2039 2892 2199 2938 vocat

2371 945 2582 1013 Εὐρὼν
2633 944 2703 1008 δὲ
2752 947 2787 999 ό
2848 945 3088 1013 Ἰησοῦς
3127 944 3399 1014 ὀνάριον,
3454 945 3736 1001 ἐκάθισεν
3780 949 3879 1004 ἐπ’

2295 1036 2463 1093 αὐτό.
3286 1028 3293 1051 ’

2364 1146 2570 1202 Πολλοῦ
2619 1148 2729 1220 γὰρ
2794 1146 3034 1219 πλήθους
3098 1147 3264 1200 αὐτὸν
3312 1147 3735 1220 δορυφοροῦντος
3781 1150 3879 1206 καὶ

2295 1240 2705 1317 εύφημοῦντος,
2742 1241 2848 1294 ὑπὸ
2910 1240 3335 1312 μετριοπαθείας
3391 1240 3568 1313 ἄκρας
3613 1243 3704 1296 ἐπὶ
3752 1243 3879 1298 ὄνου

2294 1332 2586 1403 ὲκαθέσθη,
2616 1333 2885 1387 διδάσκων
2918 1335 3085 1405 ἡμᾶς,
3123 1334 3197 1404 μὴ
3244 1333 3509 1403 ύψοῦσθαι
3544 1336 3602 1388 ὲν
3643 1339 3756 1400 τοῖς
3782 1337 3880 1389 ιπ-

2294 1424 2484 1489 αίνοις,
2543 1426 2695 1479 οὐδὲν
2735 1425 2844 1479 τῶν
2874 1425 2975 1495 τῆς
3004 1426 3194 1497 χρείας
3222 1426 3627 1496 παρεκδαίνων.
3675 1427 3737 1480 ’0
3777 1428 3882 1498 μὶν

2292 1511 2387 1568 οὖν
2414 1514 2693 1578 Ματθαῖος
2712 1558 2724 1578 ,
2758 1515 3094 1585 πλατύτερον
3115 1511 3235 1568 εἶπε
3266 1517 3334 1569 τὰ
3367 1518 3493 1588 περὶ
3516 1516 3619 1587 τῆς
3648 1516 3793 1572 δνου.
3821 1519 3882 1572 '0

2291 1605 2349 1658 δὲ
2405 1604 2656 1675 Ἰωάννης
2708 1605 2796 1657 ἐπ’
2827 1606 2957 1659 αὐτὸ
2986 1604 3079 1659 τοῦ
3135 1607 3457 1677 πράγματος
3492 1602 3626 1678 ἦλθε
3663 1608 3724 1662 τδ
3760 1625 3882 1662 και-

2297 1694 2591 1767 ριώτατον,
2626 1695 2762 1766 ὅπερ
2793 1695 2913 1756 ἔθος
2960 1696 3110 1766 αύτῷ
3153 1700 3346 1752 ποιεῖν.
3390 1697 3607 1769 Ἐπειδὴ
3640 1699 3696 1751 δὲ
3729 1699 3882 1770 παρὰ

2289 1786 2351 1839 τὸ
2378 1785 2607 1855 σύνηθες
2652 1785 2802 1856 αύτῷ
2830 1787 2955 1857 ἄρτι
2992 1788 3150 1857 μόνον
3193 1790 3443 1857 φαίνεται
3477 1792 3505 1843 6
3536 1790 3740 1861 Κύριος
3785 1790 3880 1843 ἐπὶ

2290 1878 2413 1931 ὄνου
2438 1877 2772 1949 καθήμενος,
2804 1880 2865 1931 ού
2898 1879 2987 1932 διὰ
3018 1878 3189 1933 τοῦτό⁸
3213 1898 3394 1952 φαμεν
3426 1882 3588 1936 αὐτὸν
3631 1880 3875 1941 καθίσαι.

2290 1968 2373 2020 ὅτι
2429 1967 2647 2038 μακρὰν
2678 1963 2746 2038 ἦν
2788 1969 2889 2040 τῆς
2936 1970 3174 2034 πόλεως·
3212 1973 3273 2025 ού
3308 1972 3417 2045 7&9
3465 1974 3657 2044 ἀπεῖχε
3710 1973 3881 2025 πλείω

2288 2059 2586 2114 δεκαπέντε
2619 2061 2845 2115 σταδίων
2868 2062 3043 2128 ’έούδὶ
3076 2065 3157 2116 ὃτι
3214 2064 3370 2135 δχλος
3410 2061 3479 2136 ἦν
3501 2082 3517 2098 ·
3554 2066 3647 2119 καὶ
3692 2064 3879 2120 ἄλλοτε

2291 2151 2401 2223 γὰρ
2451 2154 2795 2225 συνευρεθεὶς
2851 2156 2994 2227 ὄχλῳ
3026 2158 3126 2210 ούκ
3159 2158 3383 2229 ἐποίησε
3436 2158 3626 2211 τοῦτο’
3650 2162 3794 2211 ποιεῖ
3821 2158 3879 2211 δὲ

2291 2241 2469 2309 τοῦτο,
2496 2243 2709 2307 δεικνὺς
2737 2246 2819 2297 ὅτι
2850 2247 2966 2299 νέον
2998 2247 3178 2317 ἑαυτῷ
3216 2248 3342 2302 λαὸν
3374 2249 3466 2302 τὸν
3493 2248 3552 2313 ἐξ
3585 2248 3754 2303 ἐθνῶν
3784 2248 3877 2302 τὸν

2292 2335 2593 2390 ἀκάθεκτον
2630 2338 2813 2408 μέλλει
2860 2338 3187 2392 ύποτάσσειν
3213 2340 3308 2393 καὶ
3334 2340 3558 2408 ἀνάγειν
3584 2342 3664 2403 τίς
3701 2341 3762 2393 τδ
3782 2340 3880 2412 τῆς

2291 2426 2639 2500 δικαιοσύνης
2670 2428 2886 2499 ἀξίωμα
2911 2470 2926 2493 ,
2959 2430 3039 2493 εἷς
3098 2447 3155 2483 τε
3215 2432 3315 2502 τὴν
3364 2433 3476 2486 ἄνω
3508 2431 3877 2503 Ἰερουσαλὴμ.

2293 2514 2361 2591 ἦς
2396 2519 2564 2584 τύπος
2598 2523 2630 2591 ἡ
2668 2521 2943 2591 ὲπίγειος’
2974 2524 3054 2585 εἰς
3086 2522 3152 2593 ἢν
3181 2522 3486 2594 εἰσέρχεται
3508 2524 3537 2575 ὁ
3559 2522 3688 2587 λαὸς
3719 2523 3884 2576 καθα-

2301 2611 2391 2682 ρὸς
2442 2612 2737 2683 γενόμενος
2801 2614 2898 2667 σὺν
2951 2614 3174 2686 Χριστῷ
3236 2614 3561 2686 ύμνουμένῳ
3622 2615 3728 2669 ὑπὸ
3776 2613 3883 2667 τῶν

2298 2704 2523 2757 ἀκάκων
2584 2704 2852 2772 ἀγγέλων,
2905 2698 2980 2757 ὧν
3020 2704 3210 2769 τύπος,
3261 2706 3329 2759 τὰ
3372 2708 3565 2778 νήπια.
3619 2706 3799 2759 Πῶλον
3825 2704 3883 2757 δὲ

2300 2795 2472 2862 λέγει,
2517 2795 2609 2847 τὸν
2663 2796 2822 2859 ὄνον,
2854 2798 3043 2869 ἐπειδὴ
3081 2799 3110 2851 ὁ
3145 2798 3203 2864 ἐξ
3240 2798 3411 2854 ἐθνῶν
3447 2799 3594 2863 λαὸς,
3634 2800 3888 2869 ἀγύμνα-

2304 2902 2429 2948 στος
2452 2881 2519 2955 ἦν
2548 2885 2647 2954 τῆς
2677 2887 2757 2948 είς
2780 2886 3083 2940 ἐύσέὸειαν
3106 2886 3348 2958 ἀγούσης
3382 2888 3638 2952 πίστεως.

610 2985 864 3047 asinum,
919 2978 1364 3050 quandoquidem
1418 2978 1708 3047 gentilium
1764 2978 1998 3047 p0pulus
2054 2976 2313 3031 ducentis
2374 2977 2439 3031 ad
2489 2976 2747 3048 pietatem
2812 2976 2934 3034 ﬁdei
2980 2980 3137 3037 rudis
3187 2991 3242 3037 et
3286 2982 3684 3039 inexercitatus
3742 2989 3886 3038 erat.

679 3094 807 3161 XII,
854 3092 943 3153 I6.
1021 3092 1147 3151 Ηαο
1203 3109 1321 3147 vero
1379 3109 1483 3148 non
1542 3099 1888 3162 cognoverunt
1940 3090 2187 3160 discipuli

609 3190 723 3260 ejus
750 3190 1002 3259 primum,
1031 3194 1136 3242 etc.

682 3302 847 3366 Initio
895 3299 1124 3371 quidem
1166 3300 1493 3369 ignorabant
1539 3314 1663 3369 quae
1714 3299 1783 3361 de
1839 3300 1931 3353 illo
1980 3287 2260 3370 scriptaC

612 3402 776 3459 ευιιις
801 3401 858 3452 at
892 3399 1017 3464 post
1045 3392 1500 3449 resurrectionem
1538 3406 1647 3446 non
1678 3392 1733 3445 in
1758 3390 1991 3453 Jndaiea
2028 3391 2193 3446 caci-

614 3498 725 3549 tnte
748 3494 1099 3555 manserunt,
1141 3484 1236 3542 sed
1268 3500 1366 3556 per
1407 3483 1672 3555 Spiritum
1704 3483 1840 3553 ipsis
1876 3483 2190 3538 divinorum

612 3580 910 3655 verborum
950 3577 1188 3635 revelata
1216 3584 1302 3634 est
1344 3575 1609 3647 cognitio.
1638 3573 1794 3635 Tunc
1829 3588 1959 3628 vero
1986 3573 2194 3644 gloriii-

613 3680 773 3727 catus
799 3678 885 3727 est
914 3668 1192 3733 Christus,
1236 3684 1361 3724 cum
1393 3668 1451 3731 in
1479 3681 1647 3731 cruce
1679 3676 1933 3731 mortuus
1973 3664 2190 3727 revixit.

612 3763 725 3824 Nec
753 3777 923 3835 porro
942 3761 1161 3821 erubuit
1180 3759 2004 3831 evangelista,commemorans
2033 3753 2195 3821 disci-

615 3856 873 3926 pulorum
930 3852 1342 3924 ignorantiam,
1409 3857 1465 3905 et
1530 3864 1728 3904 rursus
1785 3846 2193 3916 cognitionem,

614 3944 836 4015 quando
895 3942 1238 4014 propositum
1273 3939 1552 4004 habebat,
1595 3938 1735 4001 nihil
1779 3937 1935 4008 ρειιεί
1994 3936 2197 3991 habere

614 4037 783 4111 ωε
811 4038 961 4099 circa
990 4044 1300 4106 reapectum
1330 4031 1636 4096 hominum,
1669 4030 1767 4091 sed
1809 4030 2051 4102 Spiritus
2078 4029 2199 4099 glo-

622 4130 717 4191 ria:
743 4126 1054 4197 sna‘ragari,
1089 4140 1153 4179 ac
1192 4121 1485 4180 ostendere
1517 4122 1743 4194 quinam
1791 4128 1983 4179 essent
2028 4118 2198 4174 disci-

620 4220 734 4291 puli
772 4227 899 4283 ante
924 4216 1406 4282 resurrectionem,
1431 4223 1488 4271 et
1522 4214 1745 4285 quinam
1785 4221 1915 4282 post
1949 4224 2199 4265 resurre-

619 4313 875 4372 ctionem.
912 4308 967 4363 Si
1014 4309 1183 4379 igitur
1218 4307 1272 4362 lii
1314 4306 1660 4379 ignorabant,
1707 4303 1883 4358 multo
1923 4301 2099 4370 magis
2143 4308 2200 4354 et

621 4404 715 4460 alii
743 4400 938 4465 Judaei.
986 4399 1286 4470 Postquam
1321 4414 1457 4455 vero
1491 4396 1547 4452 in
1589 4409 1757 4455 cruce
1804 4400 2063 4448 mortuus
2090 4397 2195 4454 est,

622 4490 852 4553 scissum
879 4496 965 4549 est
993 4488 1197 4553 velum,
1240 4496 1300 4542 ut
1325 4486 1699 4559 intelligamus
1762 4482 1901 4538 nihil
1934 4480 2197 4549 deinceps

622 4582 874 4651 ﬁdelibus
897 4590 952 4643 et
988 4580 1083 4637 Dei
1113 4581 1433 4639 amantibus
1455 4580 1736 4639 occultum
1758 4590 1903 4632 esse.
1936 4573 2111 4644 Igitur
2135 4572 2198 4626 il-

621 4676 853 4739 lustrata
880 4680 965 4733 est
995 4688 1187 4737 eorum
1223 4672 1468 4745 cognitio
1489 4687 1520 4734 a
1548 4680 1803 4740 tempore
1836 4665 2201 4723 resurrectio—

621 4767 730 4832 nis,
757 4767 886 4836 quia
913 4764 1203 4835 inspiravit
1232 4764 1491 4819 Christus
1537 4762 1592 4816 in
1642 4759 1840 4814 faciem
1888 4771 2101 4822 eorum,
2144 4762 2200 4810 et

621 4859 713 4919 alii
740 4873 807 4915 ex
849 4858 971 4914 aliis
1003 4856 1132 4912 iacti
1187 4856 1500 4925 mutatique
1545 4860 1696 4911 sunt.
1745 4848 1852 4906 Sed
1884 4850 2059 4917 multo
2092 4863 2200 4901 am-

622 4949 772 5019 plius
797 4949 1095 5007 illuminati
1122 4950 1345 5006 fuerunt
1376 4949 1433 5003 in
1464 4947 1555 5003 die
1574 4944 1955 5006 Pentecostes,
1980 4940 2200 5011 quando

622 5040 681 5101 in
729 5048 1058 5110 potestatem
1117 5041 1297 5096 sancti
1353 5037 1595 5108 Spiritus
1656 5035 1725 5101 ad
1783 5049 1881 5091 eos
1934 5032 2201 5089 venientis

622 5130 1006 5197 transformati
1039 5140 1189 5191 sunt.

697 5223 829 5289 XII,
864 5226 950 5280 Π.
1004 5224 1389 5281 Testimonium
1426 5236 1547 5290 ergo
1566 5218 1868 5287 perhibebat
1900 5216 2059 5289 turba,
2087 5232 2202 5286 qius

625 5326 743 5375 cru
793 5334 909 5377 cum
935 5332 1017 5381 eo,
1069 5316 1282 5385 quando
1334 5313 1603 5373 Lazarum
1653 5311 1853 5367 vocavit
1905 5311 1969 5375 de
2018 5326 2201 5362 monu-

626 5416 821 5472 menta,
859 5419 970 5466 etc.

698 5499 1025 5561 Necessario
1063 5500 1261 5556 ordine
1310 5506 1649 5570 postremum
1678 5496 1783 5553 hoc
1829 5504 1936 5559 est,
1968 5493 2116 5564 quod
2148 5495 2202 5548 in

2374 3094 2563 3151 Ταῦτα
2597 3095 2666 3151 δὲ
2712 3098 2822 3149 οὐκ
2860 3096 3137 3164 ἔγνωσαν
3183 3100 3239 3152 οι
3291 3100 3550 3169 μαθηταὶ
3590 3099 3779 3155 αὐτοῦ
3817 3100 3890 3153 τὸ

2297 3187 2554 3257 πρῶτον,
2580 3190 2675 3244 καὶ
2701 3188 2769 3242 τὰ
2800 3187 2944 3261 ἑξῆς.

2379 3302 2635 3371 Ἦγνόουν
2666 3303 2765 3373 μὲν
2819 3299 2913 3358 οὖν
2962 3304 3024 3357 τὸ
3067 3304 3185 3359 κατ’
3230 3305 3440 3376 ἀρχὰς,
3472 3306 3543 3369 τὰ
3595 3308 3684 3373 ἐπ’
3737 3305 3892 3378 αὐτῷ

2294 3392 2656 3467 γεγραμμένα
2700 3412 2713 3426 ·
2749 3395 2891 3465 μετὰ
2933 3395 2989 3448 δὲ
3043 3394 3140 3467 τὴν
3182 3396 3478 3463 ἀνάστασιν
3506 3437 3522 3461 ,
3568 3399 3669 3466 otia
3730 3400 3884 3471 ειμι-

2293 3501 2391 3538 ναν
2443 3484 2654 3555 ἔχοντες
2694 3487 2791 3556 τὴν
2850 3486 3147 3558 ’ῐουδαῖκὴν
3187 3489 3476 3559 πήρωσιν,
3505 3489 3643 3547 ἀλλὰ
3670 3491 3885 3556 ἀπίκευ

2293 3575 2469 3648 λύφθη
2502 3578 2683 3641 αὐτοῖς
2702 3577 2791 3631 δια
2822 3578 2916 3632 τοῦ
2949 3578 3269 3649 Πνεύματος
3297 3582 3330 3651 ἠ
3362 3581 3562 3649 γνῶσις
3590 3581 3700 3643 τῶν
3725 3582 3888 3647 θείων

2293 3665 2487 3733 λόγων.
2517 3669 2647 3722 Τότε
2699 3668 2757 3720 δὲ
2807 3667 3068 3741 ὶδοξάσθη
3100 3670 3129 3721 ὁ
3158 3671 3412 3741 Χριστὸς,
3436 3673 3525 3727 ὅτε
3555 3674 3886 3746 σταυρωθεὶς

2294 3756 2517 3811 ἀνεϐίω.
2551 3758 2665 3811 Οὐκ
2711 3758 2946 3830 ἐρυθριᾷ
2975 3757 3032 3812 δὲ
3072 3758 3101 3811 δ
3131 3759 3525 3833 εύαγγελιστὴς
3567 3762 3886 3832 καταλέγων

2294 3847 2395 3918 τὴν
2436 3847 2543 3901 τῶν
2578 3849 2837 3919 μαθητῶν
2867 3849 3110 3919 ἄγνοιαν,
3148 3851 3243 3905 καὶ
3270 3851 3432 3905 πάλιν
3459 3853 3681 3921 γνῶσιν,
3722 3856 3879 3915 ἐπεί-

2298 3956 2401 4011 περ
2434 3936 2501 4011 ἦν
2539 3940 2688 4011 αὐτῷ
2718 3941 2918 4007 σκοπὸς
2938 3985 2952 4007 ,
2994 3942 3259 4012 ἀλογῆσαι
3292 3943 3389 4012 μιν
3430 3947 3528 4013 τῆς
3560 3947 3643 4009 είς
3677 3943 3889 4015 ἀνθρὼ-

2297 4048 2432 4095 πους
2463 4030 2664 4096 αἰδοῦς,
2698 4032 3069 4102 συηγορῆσαι
3089 4032 3145 4097 δὲ
3166 4036 3234 4104 τῇ
3264 4032 3358 4097 τοῦ
3392 4035 3709 4105 Πνεύματος
3734 4037 3885 4110 δόξῃ.

2299 4120 2391 4172 καὶ
2423 4119 2593 4183 δεῖξαι
2624 4120 2767 4185 τίνες
2803 4122 2902 4190 μζν
2931 4118 3072 4192 ἦσαν
3100 4125 3151 4176 οἱ
3182 4124 3428 4193 μαθηταὶ
3468 4127 3575 4195 πρὸ
3613 4127 3715 4196 τῆς
3750 4129 3886 4187 ἀνατ

2302 4206 2546 4268 στάσεως
2570 4247 2584 4269 ,
2618 4207 2763 4271 τίνες
2806 4208 2899 4276 δὲ,
2934 4210 3074 4279 μετὰ
3117 4212 3214 4282 τὴν
3248 4214 3547 4277 ἀνάστασιν
3577 4216 3885 4284 γεγόνασιν.

2299 4300 2361 4352 Ei
2389 4294 2482 4352 οὖν
2508 4291 2654 4354 οὗτοι
2702 4301 2933 4370 ἠγνόουν
2955 4343 2971 4369 ,
3017 4302 3198 4374 πολλῷ
3254 4305 3454 4375 μᾶλλον
3488 4308 3538 4359 οἱ
3564 4307 3714 4374 ᾅλλοι
3752 4310 3886 4363 ‘Iow

2297 4391 2453 4443 δαὶοι.
2486 4389 2642 4443 Μετὰ
2692 4391 2749 4443 δὲ
2798 4392 2859 4453 τὸ
2900 4393 3319 4464 σταυρωθῆναι,
3346 4396 3574 4466 ἐσχίσθη
3622 4398 3683 4461 τὸ
3718 4416 3887 4463 κατα-

2301 4482 2575 4552 πέτασμα,
2610 4482 2694 4536 ἵνα
2727 4481 2944 4567 γνῶμεν
2988 4485 3072 4551 ὅτι
3109 4484 3261 4539 οὐδὲν
3289 4485 3369 4538 ἔτι
3399 4487 3509 4540 τῶν
3550 4488 3891 4561 ἁποκρύφων

2299 4573 2643 4631 διαλανθάνει
2665 4575 2790 4643 τοὺς
2823 4576 3047 4639 πιστοὺς
3081 4575 3175 4643 καλ⁵
3202 4576 3503 4645 φιλοθέους.
3551 4580 3889 4653 Ἐφωτίσθη-

2306 4681 2404 4719 σαν
2425 4660 2518 4718 οὖν
2538 4665 2639 4737 τὴν
2665 4666 2866 4735 γνῶσιν
2890 4667 2996 4720 ἀπὸ
3028 4668 3120 4721 τοῦ
3153 4668 3350 4740 καιροῦ
3381 4669 3481 4740 τῆς
3514 4672 3886 4736 ἀναστάσεως.

2304 4760 2386 4813 ὃτι
2428 4758 2761 4829 ἐνεφύσησεν
2796 4760 2825 4811 ὁ
2870 4761 3105 4831 Χριστὸς
3142 4763 3223 4825 εἰς
3264 4763 3325 4817 τὸ
3363 4764 3655 4834 πρόσωπον
3684 4764 3886 4833 αὐτῶν,

2308 4852 2401 4905 καὶ
2429 4853 2716 4919 γεγόνασιν
2753 4851 2811 4917 ἐξ
2838 4851 3040 4923 ἐτέρων
3071 4852 3241 4911 ἄλλοι.
3288 4853 3411 4908 Ἐπὶ
3435 4856 3617 4913 πλεῖον
3652 4856 3709 4913 δὲ
3748 4858 3891 4927 ἐφυε-

2307 4942 2573 5013 τίσθησαν
2594 4945 2653 5007 ὲν
2685 4946 2751 5017 τῇ
2784 4944 2968 5015 ἡμέρᾳ
2994 4947 3092 5023 τῆς
3119 4946 3519 5020 Πεντηκοστῆς,
3554 4950 3645 5005 ὅτε
3676 4952 3756 5013 εις
3788 4951 3892 5023 τὴν

2307 5034 2402 5101 τοῦ
2446 5036 2898 5107 ἐπιφοιτήσαντος
2941 5037 3123 5101 αὐτοῖς
3177 5039 3339 5107 ἁγίου
3400 5040 3716 5111 Πνεύματος
3757 5059 3890 5113 μετ-

2310 5126 2637 5182 επλάττοντο
2660 5127 2910 5200 δύναμιν.

2394 5221 2737 5289 Ἐμαρτύρει
2785 5215 2900 5275 οὖν
2925 5224 2957 5275 ὀ
2998 5221 3180 5289 ὄχλος
3223 5224 3256 5275 ό
3284 5220 3369 5276 ὢν
3397 5225 3523 5292 μετ’
3556 5222 3765 5288 αὐτοῦ,
3802 5225 3893 5279 ὅτι

2308 5312 2415 5366 τὸν
2462 5310 2727 5379 Λάζαρον
2752 5310 3067 5379 ἐφώνησεν
3110 5313 3179 5373 ἐκ
3221 5314 3328 5373 τοῦ
3358 5316 3675 5385 μνημείου,
3700 5316 3793 5373 καὶ
3824 5314 3897 5373 τὰ

2310 5402 2457 5469 ἑξῆς.

2395 5492 2736 5559 Ἀναγκαίως
2772 5492 2847 5564 (l)
2882 5494 2991 5565 ἄρα
3040 5496 3133 5561 καὶ
3169 5498 3234 5566 τῇ
3270 5495 3424 5562 τάξει
3478 5498 3786 5558 τελευταῖον
3831 5499 3894 5565 τᾷ

628 5592 841 5655 Lazaro
880 5600 1143 5663 operatus
1171 5600 1257 5648 est
1289 5589 1616 5651 miraculum
1644 5586 1931 5651 Dominus,
1965 5596 2024 5639 ut
2051 5585 2120 5639 ob
2153 5584 2194 5637 id

2314 5584 2454 5638 κατὰ
2481 5585 2571 5637 τὸν
2601 5586 2852 5656 Λάζαρον
2884 5589 2912 5640 ὁ
2945 5588 3145 5658 Κύριος
3176 5588 3763 5663 τεθαυματούργηκεν,
3805 5589 3897 5661 ἕνα

699 5774 781 5845 (1)
828 5772 1176 5840 Ἀναγκαίως
1204 5813 1221 5829 .
1245 5810 1256 5825 .
1282 5812 1295 5825 .
1328 5810 1341 5825 .
1370 5768 1710 5826 ἀκολουθεῖ.
1740 5768 1812 5821 Ex
1846 5767 2063 5820 laudata
2089 5772 2194 5820 catt

2296 5804 2301 5826 ,
2336 5762 2430 5817 fol.
2470 5762 2591 5816 t5?"
