4144 6480
267 399 333 452 8|
1093 397 1159 453 IN
1199 397 1537 455 JOANNEM.
1572 429 1640 441 —
1680 399 1806 455 LIB.
1850 400 1939 455 VII
1982 399 2069 454 ET
2113 400 2223 456 VIII
2262 398 2703 455 FRAGMENTA.
3460 408 3531 461 οι

272 509 369 563 ἐπὶ
397 510 694 579 προσφάτῳ
714 510 886 581 τούτῳ
905 511 1151 579 γεγονότι
1182 512 1435 584 τιμηθείη
1463 513 1561 583 μὲν
1589 512 1846 583 ἐπιφανέ-

1956 526 2148 566 recens
2181 511 2417 575 facinus.
2438 513 2645 567 clarius
2675 528 2797 569 cum
2834 514 2991 584 plebs
3024 515 3347 583 lionoraret,
3370 526 3537 590 atque

273 616 465 671 στερον
491 601 597 654 ὑπὸ
626 599 721 654 τοῦ
756 599 1022 671 πλήθους,
1059 603 1160 666 τῆς
1184 603 1239 656 δέ
1273 605 1440 675 τιμῆς
1468 605 1654 659 ἕνεκεν
1685 606 1853 675 ὑπερ-

270 689 607 762 αλγήσαντες
649 695 699 746 οῖ
741 694 1022 763 Φαρισαῖοι
1057 693 1440 763 βουλεύσαιντο
1483 696 1603 748 κατ’
1642 694 1808 749 αὑτοῦ
1834 710 1846 723 ⁸

272 784 365 837 καὶ
383 783 557 848 οὕτως
597 783 973 856 ἐπιτελεσθείη
1002 785 1066 837 τὸ
1100 786 1301 850 πάθος,
1335 787 1471 857 ὅπερ
1501 788 1589 840 καὶ
1620 787 1849 855 γίνεται.

270 873 333 927 Ol
366 874 496 942 γοῦν
521 875 801 945 Φαρισαῖοι
831 869 985 928 εἷπον
1015 875 1152 946 πρὸς
1177 875 1370 938 αὐτούς
1398 894 1409 905 ·
1439 876 1705 946 Θεωρεῖτε
1725 917 1743 943 ,
1769 880 1850 931 ὅτι

266 963 370 1019 οὐκ
401 963 661 1033 ὠφελεῖτε
691 965 876 1030 οὐδένς
919 966 1151 1037 Ὀρῶσιν
1195 967 1277 1020 ὅτι
1322 968 1499 1038 μάτην
1539 968 1853 1037 ἀντιλέγου-

272 1071 356 1108 σιν
384 1056 520 1124 πρὸς
544 1055 640 1126 τὴν
670 1056 854 1110 πίστιν
884 1056 982 1128 τὴν
1011 1058 1090 1120 είς
1117 1057 1349 1128 Χριστόν
1371 1074 1385 1088 ·
1445 1058 1624 1130 μάτην
1652 1059 1849 1130 ἀφορί-

270 1143 420 1207 ζουσι
443 1144 571 1207 τοὺς
594 1143 982 1210 πιστεύοντας,
1027 1145 1095 1198 τὰ
1125 1146 1223 1217 μὲν
1253 1147 1661 1218 διαλεγόμενοι,
1695 1150 1764 1204 τὰ
1792 1150 1851 1204 δὲ

268 1233 637 1299 ἀπειλοῦντες.
677 1238 864 1291 Πάντα
905 1233 998 1293 οὖν
1022 1239 1270 1309 ἀνωφελῆ
1309 1256 1473 1307 φασιν
1514 1238 1651 1295 εἶναι
1688 1244 1734 1296 εί
1776 1241 1853 1313 μὴ

268 1324 408 1396 πρὸς
439 1327 720 1398 ἀναίρεσιν
748 1329 911 1383 αὑτοῦ
940 1330 1253 1401 τράποιντο·
1288 1331 1398 1386 ἰδοὺ
1426 1332 1566 1405 γὰρ,
1600 1333 1763 1401 φασὶ,
1789 1334 1850 1387 τὸ

269 1416 497 1487 σύμπαν
530 1418 680 1490 αύτῷ
702 1420 905 1491 πλῆθος
932 1421 1250 1477 ἀκολουθεῖ.

353 1507 620 1573 ’Δκούσας
665 1508 726 1564 τὸ
776 1511 987 1582 συμϐὰν
1034 1511 1144 1565 τῶν
1184 1513 1455 1582 ἀγελαίων
1493 1516 1522 1568 ό
1568 1514 1844 1583 σύλλογος,

267 1599 515 1669 εύηκόως
535 1599 754 1670 ἐπείσθη
801 1604 911 1664 τοῖς
937 1604 1305 1675 μαρτυροῦσιν
1344 1605 1427 1658 ὅτι
1453 1605 1717 1675 ἀνέστησε
1756 1605 1850 1660 τὸν

271 1689 525 1760 Λάζαρον
572 1692 600 1742 ό
649 1691 899 1761 Χριστὸς,
948 1694 1042 1747 καὶ
1076 1694 1340 1749 κατέλυσε
1380 1695 1441 1749 τὸ
1484 1696 1576 1749 τοῦ
1616 1694 1847 1750 θανάτου

266 1781 485 1849 κράτος,
517 1780 695 1844 καθὼς
725 1784 774 1835 οἱ
801 1786 1073 1856 προφῆται
1110 1783 1284 1841 εἷπον.
1318 1787 1417 1841 Διὰ
1441 1788 1599 1843 τοῦτο
1624 1790 1717 1844 καὶ
1750 1791 1847 1845 ὐπ-

1960 603 2104 658 bunc
2136 603 2398 658 honorem
2419 619 2562 674 aegre
2587 603 2846 661 Pharisaei
2878 605 3115 665 ferentes
3139 610 3533 681 conspirarent

1959 695 2014 748 in
2065 697 2278 765 ipsum,
2330 703 2494 765 atque
2549 697 2625 750 ita
2687 698 2877 768 passio
2932 699 3333 770 perﬁceretur;
3383 704 3535 773 quod

1958 802 2149 859 reapse
2198 787 2421 843 accidit.
2465 788 2727 845 Pharisaei
2771 805 2903 862 ergo
2945 791 3205 848 dicebant
3232 793 3473 849 invicem
3516 814 3530 849 :

1962 899 1981 933 ι
2023 879 2330 943 Videtisne,
2371 883 2648 952 quomodo
2679 883 2817 938 nihil
2852 883 3162 954 proficitis?
3195 904 3215 938 ι
3246 884 3449 942 Vident
3472 902 3543 943 se

1960 970 2082 1025 fidei
2144 971 2201 1026 in
2255 970 2537 1028 Christum
2597 974 2803 1030 frustra
2863 980 3282 1048 contradicere;
3325 979 3531 1036 frustra

1957 1061 2250 1116 anathema
2295 1061 2492 1117 dicunt
2547 1065 2921 1130 credentibus,
2967 1067 3169 1137 partim
3215 1068 3531 1131 suadentes.

1957 1154 2154 1224 partim
2206 1155 2373 1209 etiam
2411 1155 2754 1213 minitantes.
2786 1156 2955 1214 Cassa
3002 1159 3191 1215 omnia
3241 1159 3539 1222 ailirmant,

1955 1245 2063 1301 nisi
2097 1246 2163 1301 ad
2185 1245 2391 1302 Christi
2425 1262 2615 1302 necem
2646 1247 2944 1303 deveniam
2970 1268 2984 1303 :
3010 1266 3141 1307 ecce
3172 1252 3530 1318 enim,aiunt,

1955 1338 2111 1408 plebs
2139 1338 2397 1395 universa
2429 1338 2582 1392 illum
2614 1346 2880 1394 sectatur.

2023 1517 2165 1572 Cum
2210 1515 2460 1572 audisset
2507 1516 2560 1572 id
2617 1515 2765 1585 quod
2820 1517 3104 1571 acciderat
3156 1515 3530 1586 gregariorum

1954 1609 2241 1664 hominum
2277 1607 2440 1662 turba
2461 1646 2476 1670 ,
2510 1606 2672 1662 facile
2704 1621 2990 1661 assensum
3039 1606 3273 1676 praebuit
3321 1612 3531 1660 testan-

1956 1697 2104 1753 tibus
2155 1695 2438 1752 Christum
2498 1693 2770 1748 Lazarum
2825 1709 2856 1747 a
2924 1694 3162 1748 mortuis
3219 1691 3529 1758 excitasse,

1951 1802 2314 1857 eversamque
2385 1787 2579 1843 mortis
2649 1787 2988 1857 potentiam,
3065 1781 3528 1855 quemadmodum

262 1872 502 1942 ήντησαν
533 1873 714 1946 αὐτῷ’
744 1876 845 1929 οὑκ
880 1875 945 1930 ἂν
981 1879 1090 1950 γὰρ
1127 1880 1367 1934 τοσοῦτοι
1412 1880 1670 1955 ἐξαίφνης
1713 1900 1843 1954 μετ-

1952 1878 2234 1949 ρτοριιοιεε
2281 1876 2563 1932 dixerunt.
2618 1877 2915 1946 Propterea
2967 1883 3024 1931 et
3083 1874 3307 1929 obviam
3347 1872 3531 1929 ierunt

259 1962 470 2032 ἑθεντο,
510 1966 558 2019 εί
602 1966 676 2038 μὴ
721 1968 1049 2023 ἐπίστευσαν
1078 1970 1157 2043 τῷ
1191 1973 1424 2044 σημείῳ.

333 2145 605 2212 Θεωρεῖτε
630 2145 717 2199 ὅτι
739 2148 849 2201 οὐκ
872 2148 1152 2217 ὠφελεῖτε
1170 2150 1373 2215 οὐδὲν,
1406 2152 1501 2205 καὶ
1526 2153 1592 2206 τὰ
1618 2153 1763 2224 ἑξῆς.

330 2235 502 2289 Τοῦτο
540 2237 615 2301 ὡς
651 2238 877 2301 ἑαυτοὺς
909 2240 1418 2311 καταμεμφόμενοι,
1453 2244 1637 2312 φασὶν.
1688 2245 1839 2299 ἐπεί-

261 2343 368 2399 περ
396 2327 629 2382 ἔκπαλαι
655 2330 755 2383 οὐκ
786 2328 993 2384 ἀνεῖλον
1019 2331 1116 2385 σὺν
1135 2331 1212 2402 τῷ
1235 2331 1469 2404 Λαζάρῳ
1492 2333 1582 2387 τὸν
1611 2335 1839 2403 Ἰησοῦν,

1938 1969 2041 2040 ipsi
2091 1983 2313 2039 :ueque
2356 1968 2506 2024 enim
2567 1968 2643 2023 ita
2691 1968 2988 2037 derepente
3024 1974 3137 2023 tam
3191 1965 3347 2029 multi
3407 1979 3529 2019 sese

1936 2061 2399 2122 commovissem,
2434 2059 2542 2115 nisi
2576 2059 2851 2113 miraculo
2880 2057 3276 2113 credidissent.

2008 2151 2141 2216 XII,
2181 2154 2269 2207 19.
2335 2150 2543 2206 Videtis
2591 2151 2720 2221 quia
2757 2150 2894 2204 nihil
2932 2148 3242 2218 proﬁcitis?
3273 2155 3384 2201 etc.

2009 2242 2124 2297 IIoc
2165 2242 2365 2296 dicunt
2396 2241 2558 2312 quasi
2608 2241 2825 2312 seipsos
2857 2241 3200 2303 incusantes,
3237 2234 3385 2308 quod
3416 2250 3526 2291 non

1935 2331 2267 2403 jampridem
2317 2330 2602 2386 Christum
2655 2345 2779 2385 cum
2829 2329 3044 2385 Lazaro
3089 2327 3517 2383 interfecerint.

264 2418 692 2488 προτρεπόμενοι
721 2421 947 2484 ἐαυτώς
978 2422 1055 2484 είς
1074 2421 1135 2475 τὸ
1173 2422 1339 2493 φονᾷν
1363 2438 1376 2451 °
1412 2424 1842 2493 ἀγανακτοῦντες

1949 2437 2171 2492 seseque
2200 2422 2268 2476 ad
2316 2421 2520 2477 caedem
2574 2430 2769 2480 mutuo
2814 2421 3199 2486 cohortantur,
3251 2418 3518 2488 indigntet‘

264 2508 394 2577 περὶ
420 2508 514 2562 τοῦ
543 2510 732 2564 πιστοῦ
756 2511 1016 2581 ὅχλου,ὡς
1042 2512 1187 2566 ίδίων
1202 2514 1498 2585 κτημάτων
1513 2516 1845 2586 ἀποστερού-

1949 2512 2087 2582 quod
2127 2513 2303 2567 turbae
2349 2512 2660 2574 crederent,
2696 2512 2867 2566 veluti
2899 2512 3019 2568 suis
3068 2510 3528 2582 possessionibus

261 2615 438 2669 μενοι,
464 2600 573 2651 τῶν
595 2601 761 2655 ὄντων
782 2601 878 2656 τοῦ
908 2602 1065 2658 Θεοῦ.

330 2686 536 2747 Ἦσαν
559 2693 627 2746 δέ
652 2712 813 2761 τινες
837 2698 1131 2765 Ἕλληνες
1151 2699 1218 2752 ἐκ
1237 2698 1357 2753 τῶν
1382 2700 1843 2767 ἀναϐαινόντων,

257 2784 361 2837 ἵνα
383 2784 899 2852 προσκυνήσωσιν
923 2789 993 2846 ὲν
1020 2787 1093 2856 τῇ
1121 2788 1314 2857 ἑορτῇ.

340 2877 665 2947 Ἂπορήσειε
696 2878 741 2931 δ’
770 2880 837 2933 ἄν
862 2896 948 2943 τις
986 2882 1045 2933 ἐν
1076 2883 1286 2945 τούτοις
1334 2883 1428 2936 καὶ
1470 2884 1843 2954 διασκέψαιτο,

259 2967 405 3021 κατὰ
443 2967 563 3021 τίνα
609 2968 770 3037 λόγον
834 2970 1182 3025 ἀναϐαίνουσι
1244 2973 1354 3027 τῶν
1403 2974 1669 3045 Ἑλλήνων
1705 2975 1848 3039 τινες

261 3062 731 3131 προσκυνήσοντες
757 3063 837 3124 είς
872 3062 1241 3133 Ἰεροσόλυμα,
1276 3066 1369 3117 καὶ
1417 3066 1535 3118 τότε
1582 3065 1679 3137 τῆς
1709 3066 1849 3119 κατά

1944 2603 2128 2674 eiecti,
2165 2617 2290 2657 cum
2324 2601 2459 2671 ipsae
2486 2617 2611 2656 vere
2648 2602 2717 2655 ad
2756 2600 2925 2656 Deum
2959 2603 3320 2673 pertinerent.

2019 2686 2154 2759 XII,
2190 2691 2283 2748 20.
2337 2691 2510 2746 Erant
2565 2702 2743 2746 autem
2790 2693 3015 2763 quidam
3058 2692 3278 2761 gentiles
3326 2706 3391 2745 ex
3444 2692 3525 2743 Itis

1944 2789 2033 2858 qui
2062 2786 2430 2850 ascenderant,
2462 2792 2519 2836 ut
2548 2782 2839 2837 adorarent
2883 2784 2936 2838 in
2972 2783 3058 2836 die
3089 2783 3243 2852 festo.

2018 2876 2660 2945 Dubitaveritquispiam
2707 2876 2763 2930 in
2789 2876 2969 2938 hisce,
3013 2875 3384 2945 pendebitque
3411 2876 3531 2929 aui-

1949 2969 2060 3034 tui,
2095 2981 2264 3038 quam
2308 2966 2381 3021 οι)
2425 2979 2649 3020 causam
2693 2967 2943 3021 nonnulli
2972 2958 3287 3022 Graecorum
3328 2966 3527 3020 adora-

1951 3062 2060 3115 turi
2096 3059 2449 3116 ascenderint
2498 3059 2897 3130 Hierosolyma,
2944 3058 3110 3129 idque
3162 3074 3290 3113 cum
3330 3073 3522 3112 secun-

261 3146 426 3218 νόμον
453 3149 646 3219 ἐορτῆς
668 3150 1107 3223 ἐπιτελουμένης.
1133 3153 1206 3206 Ού
1250 3153 1355 3224 γὰρ
1385 3153 1446 3224 δή
1479 3153 1578 3206 πού
1614 3171 1697 3218 τις
1727 3155 1843 3225 ἐρεῖ

1952 3154 2081 3208 dum
2113 3153 2287 3223 legem
2326 3151 2528 3206 festum
2552 3152 2949 3207 celebraretur.
2982 3149 3173 3221 Neque
3196 3150 3343 3206 enim
3375 3151 3528 3220 quis—

264 3238 403 3307 ⁸πρὸς
434 3240 532 3311 τὴν
560 3240 670 3295 τῶν
706 3244 887 3296 ἐκεῖσε
927 3242 1055 3297 θέαν
1108 3244 1372 3313 ἀναϐῆναι
1420 3245 1579 3315 μόνον
1609 3245 1805 3309 αύτούς
1831 3264 1844 3277 ’

266 3332 696 3401 συμμεθέξοντες
751 3336 860 3405 γὰρ
916 3339 1027 3400 τοῖς
1081 3336 1353 3401 Ἰουδαίοις
1389 3339 1487 3407 τῆς
1531 3340 1713 3403 αὐτοῖς
1753 3340 1849 3393 καὶ

266 3425 449 3494 μόνοις
472 3425 791 3496 πρεπούσης
832 3428 1025 3497 ἑορτῆς
1054 3427 1458 3483 συναναθέουσι.
1495 3429 1560 3480 Τί
1587 3429 1647 3481 τὸ
1674 3430 1846 3483 κοινὸν

261 3517 342 3577 εἰς
373 3514 627 3587 λατρείας
655 3517 810 3586 λόγον
833 3519 1060 3589 Ἕλλησί
1085 3536 1142 3572 τε
1178 3520 1273 3572 καὶ
1313 3518 1584 3580 Ἰουδαίοις
1610 3538 1623 3586 ;
1654 3521 1847 3573 Καίτοι

262 3606 397 3662 πολὺ
421 3608 721 3663 διεστῶσαν
764 3612 1068 3681 εὑρήσομεν
1092 3610 1189 3682 τὴν
1216 3613 1272 3663 ἐν
1300 3611 1503 3681 ἀμφοῖν
1530 3610 1642 3676 ἕξιν
1664 3628 1723 3663 τε
1754 3612 1848 3663 καὶ

260 3701 616 3771 προαίρεσινο
646 3704 695 3756 al
720 3702 819 3773 μὲν
847 3703 956 3774 γὰρ
978 3704 1076 3774 τὴν
1102 3703 1380 3773 ἀλήθειαν,
1415 3702 1465 3755 oi
1489 3701 1545 3755 δέ
1572 3700 1632 3754 τὸ
1655 3700 1847 3771 ψεῦδος

259 3797 610 3865 τετιμήκασι.
646 3795 710 3849 Τί
727 3793 821 3849 οὖν
854 3796 1086 3867 ἐροῦμεν
1125 3797 1183 3848 ἐν
1214 3796 1457 3860 τούτοις;
1492 3794 1844 3865 Παρακειμέ-

261 3898 359 3955 νης
390 3886 490 3957 τῆς
533 3886 796 3942 Ἰουδαίων
838 3887 1022 3959 χώρας
1060 3891 1125 3959 τῇ
1159 3887 1267 3941 τῶν
1310 3887 1629 3950 Γαλιλαίων,
1663 3886 1846 3948 πόλεις

259 3994 317 4031 τε
346 3977 442 4031 καὶ
477 3978 669 4048 κώμας
697 3978 953 4051 ἀλλήλαις
984 3979 1215 4050 ὁμόρους
1249 3979 1463 4048 ἔχοντες
1491 3978 1751 4049 Ἕλληνές
1782 3993 1843 4029 τε

260 4066 525 4127 κάκεῖνοι,
566 4068 767 4137 συχνὰς
802 4066 901 4138 μὲν
930 4066 1210 4121 ἐποιοῦντο
1235 4067 1333 4129 τὰς
1363 4065 1662 4135 ἐπιμιξίας,
1693 4064 1843 4132 ἐφοί-

258 4175 365 4213 των
388 4159 445 4212 δέ
488 4161 620 4228 παρ’
651 4158 915 4231 ἀλλήλους
952 4159 1234 4228 ἑκάτεροι,
1265 4157 1512 4227 ποικίλης
1560 4158 1639 4219 είς
1686 4155 1844 4208 τοῦτο

258 4250 534 4322 καλούσης
562 4251 838 4323 ἀφορμῆς.
870 4251 1086 4320 Ἐπειδὴ
1121 4250 1178 4304 δέ
1216 4268 1331 4314 πως
1374 4248 1681 4320 θερμοτέρα
1705 4246 1838 4301 πολὺ

260 4342 397 4414 πρὸς
441 4344 775 4414 μετάστασιν
800 4342 901 4415 τὴν
931 4343 1024 4396 ἐπὶ
1064 4342 1125 4395 τὸ
1156 4344 1377 4412 ἄμεινον
1424 4343 1456 4411 ή
1487 4340 1594 4393 τῶν
1632 4339 1843 4392 εἰδωλο-

258 4434 604 4505 λατρούντων
646 4435 765 4489 ἐστὶ
808 4434 1052 4499 διάνοια,
1080 4433 1175 4488 ἅτε
1208 4433 1273 4504 δὴ
1319 4433 1414 4486 καὶ
1464 4431 1606 4502 μάλα
1644 4430 1841 4502 ῥαδίως

260 4526 691 4597 ἐξελεγχομένης
708 4526 888 4580 αὐτῶν
921 4526 1020 4596 τῆς
1042 4525 1428 4595 ψευδολατρίας
1460 4524 1534 4588 ὡς
1565 4523 1843 4594 ἀχρήστου
1876 4530 1919 4586 [)

259 4620 562 4683 παντελῶς,
613 4620 992 4689 μετεπείθοντό
1035 4634 1180 4681 τινες
1226 4618 1463 4680 εὐκόλως
1491 4634 1506 4648 θ
1539 4616 1690 4670 οὔπω
1745 4615 1844 4686 μὲν

1952 3259 2118 3314 quam
2149 3245 2295 3299 dicet
2334 3242 2657 3299 ascendisse
2678 3258 2773 3298 eos
2818 3243 3080 3298 duntaxat
3119 3241 3186 3296 ad
3234 3247 3525 3311 spectacu-

1952 3336 2086 3397 ln'u,
2120 3334 2324 3405 quippe
2350 3334 2653 3403 participes
2687 3331 2854 3387 futuri
2883 3348 3011 3387 cum
3049 3330 3257 3388 Iudaeis
3287 3330 3414 3386 festi
3448 3330 3527 3386 eis

1950 3425 2082 3479 solis
2098 3423 2480 3478 convenientis
2524 3422 2693 3477 simul
2720 3429 3051 3489 accurrunt;
3082 3421 3210 3492 quid
3235 3432 3528 3475 commune

1948 3516 2132 3586 quoad
2165 3515 2377 3571 cultum
2406 3514 2613 3571 Crzecis
2646 3523 2703 3572 et
2727 3513 2971 3570 Iudaeis?
3004 3513 3170 3583 Atqui
3224 3512 3523 3583 plurimum

1950 3605 2291 3660 diﬂerentem
2342 3605 2395 3658 in
2446 3606 2696 3673 utrisque
2749 3603 3159 3673 comperienms
3190 3600 3435 3656 habitum
3471 3609 3525 3654 et

1951 3696 2265 3750 institutum
2292 3694 2460 3749 animi
2494 3712 2507 3749 :
2558 3694 2615 3748 lii
2653 3695 2801 3749 enim
2838 3693 3152 3756 veritatem,
3187 3692 3266 3745 illi
3302 3689 3519 3745 menda-

1947 3787 2096 3843 cium
2119 3786 2331 3841 colunt.
2365 3785 2510 3852 Quid
2541 3800 2671 3856 ergo
2699 3785 2788 3839 hic
2815 3783 3102 3839 dicemus?
3132 3782 3267 3837 Cum
3308 3780 3525 3837 Jndteo-

1948 3892 2069 3932 rum
2102 3876 2254 3946 regio
2292 3876 2635 3932 contermina
2675 3883 2821 3931 esset
2857 3872 3115 3939 Galilaeaz,
3147 3872 3421 3942 urbesque
3458 3886 3523 3926 ac

1946 3972 2102 4025 vicos
2132 3969 2279 4024 inter
2305 3982 2366 4023 se
2388 3960 2623 4023 invicem
2649 3967 2861 4022 vicinos
2892 3965 3176 4031 haberent,
3204 3963 3526 4035 frequenter

1946 4061 2092 4115 inter
2129 4076 2187 4114 se
2212 4057 2358 4113 ultro
2390 4058 2646 4127 citroque
2685 4054 3091 4121 commeabant,
3124 4069 3187 4110 ac
3220 4054 3525 4124 permisce-

1944 4152 2175 4215 bautnr,
2207 4164 2273 4205 ac
2303 4150 2526 4219 utrique
2568 4148 2839 4203 invitante
2871 4146 2939 4201 ad
2982 4146 3037 4202 id
3088 4145 3381 4217 mnitiplici
3429 4160 3523 4201 oc-

1944 4241 2168 4297 casione
2199 4240 2434 4294 invicem
2488 4240 2696 4294 alteros
2750 4237 2999 4292 adibant.
3064 4235 3336 4302 Quoniam
3391 4248 3523 4290 vero

1944 4333 2124 4387 multo
2161 4331 2323 4403 700
2352 4331 2637 4386 ardentior
2660 4345 2817 4387 meus
2840 4336 2959 4385 erat
2984 4329 3257 4385 idolorum
3287 4328 3519 4383 cultori—

1945 4426 2070 4489 bus,
2100 4434 2155 4481 et
2191 4423 2259 4477 ad
2296 4423 2655 4479 mutationem
2688 4422 2744 4477 in
2779 4418 2977 4477 melius
3003 4420 3365 4492 .pr0pensior,
3398 4428 3523 4473 tan-

1948 4531 2111 4587 quam
2141 4516 2267 4585 plus
2307 4517 2441 4572 satis
2468 4514 2673 4568 revicta
2704 4513 3102 4581 confutataque
3134 4526 3327 4568 eorum
3370 4510 3519 4566 inani

1948 4606 2363 4675 superstitione.
2395 4605 2519 4661 ideo
2549 4605 2800 4660 nonnulli
2836 4604 2995 4660 facile
3022 4604 3352 4660 sententiam
3398 4617 3523 4657 mu-

257 4710 520 4773 ὀλοτελῶς
556 4710 635 4775 είς
669 4709 731 4762 τὸ
756 4749 768 4764 .
802 4709 947 4779 μόνῳ
985 4707 1268 4779 λατρεύειν
1312 4706 1388 4778 τῷ
1418 4707 1557 4760 κατὰ
1585 4705 1842 4774 ἀλήθειαν

1949 4697 2137 4752 labant
2172 4715 2185 4750 :
2213 4697 2309 4752 sed
2333 4697 2574 4752 nondum
2606 4696 2845 4768 perfecte
2874 4695 2939 4749 ad
2972 4696 3077 4749 hoc
3105 4702 3165 4749 ut
3188 4695 3291 4749 soli
3324 4708 3523 4749 secun-

257 4800 369 4855 θντι
419 4800 563 4871 Θεῷ.
606 4800 951 4872 μεριζόμενοι
997 4799 1055 4852 δέ
1101 4816 1216 4861 πως
1256 4802 1369 4861 τοῖς
1403 4799 1482 4861 είς
1542 4798 1843 4850 ἀπόστασιν

1949 4792 2076 4845 dum
2111 4791 2392 4845 veritatem
2446 4789 2561 4845 Deo
2615 4789 2920 4851 servirent;
2973 4787 3240 4855 ancipites
3289 4797 3421 4840 vero
3467 4794 3523 4838 ct

256 4890 563 4963 λογισμοῖς,
594 4892 687 4943 καὶ
718 4893 836 4954 ταῖς
865 4890 972 4943 τῶν
1016 4891 1161 4944 ἰδίων
1202 4888 1536 4942 διδασκάλων
1587 4888 1844 4956 ἑπόμενοι

1949 4884 2216 4953 ambiguis
2246 4884 2374 4939 hinc
2397 4882 2525 4937 inde
2557 4882 2807 4937 distracti
2836 4879 3144 4934 rationibus
3165 4878 3231 4932 ad
3256 4875 3521 4933 defectio-

258 4982 529 5053 γνώμαις,
567 4982 871 5046 Πλάτωνος,
912 4982 1076 5052 φημὶ,
1111 4984 1204 5034 καὶ
1238 4982 1347 5033 τῶν
1377 4981 1497 5032 κατ’
1524 4981 1729 5032 ἐκεῖνον
1768 4973 1844 5029 εἷ-

260 5092 346 5129 ναι
375 5075 688 5146 λεγομένων
721 5072 920 5143 σοφῶν,
961 5073 1280 5143 φασκόντων
1310 5072 1405 5125 ἕνα
1433 5072 1530 5142 μὲν
1566 5071 1674 5123 τῶν
1705 5072 1841 5123 πάν-

261 5183 368 5220 των
399 5163 538 5221 εἶναι
582 5166 933 5237 δημιουργὸν,
975 5166 1303 5236 ἐγκοσμίους
1339 5164 1396 5217 δέ
1427 5163 1555 5227 τοὺς
1600 5162 1840 5224 λοιποὺς,

265 5256 354 5309 καὶ
411 5256 602 5327 ὥσπερ
666 5257 817 5321 τινὰς
864 5258 1137 5327 ἡγεμόνας
1190 5254 1661 5326 κεχειροτονῆσθαι
1710 5254 1842 5324 παρ’

261 5350 467 5404 ἐκείνου
500 5351 638 5421 πρὸς
665 5349 926 5421 διοίκησιν
958 5348 1066 5403 τῶν
1097 5347 1452 5421 ἀνθρωπίνων
1480 5347 1841 5419 πραγμάτων.

267 5432 424 5504 Ἕθος
451 5439 545 5496 οῦν
570 5460 681 5496 τισι
729 5442 1367 5511 Παλαιστινοῖς,’⁸Ελλησι
1409 5439 1642 5511 μάλιστα
1661 5478 1676 5503 ,
1702 5455 1845 5510 παρ-

261 5535 595 5607 ιζευγμὲνην
649 5536 744 5591 καὶ
794 5535 1012 5605 γείτονα
1045 5534 1144 5607 τὴν
1195 5534 1303 5589 τῶν
1337 5532 1605 5587 Ἰουδαίων
1659 5530 1840 5601 ἔχουσι

264 5626 443 5699 χώραν
465 5668 480 5693 ,
515 5627 929 5697 ἀπομάττεσθαί
982 5642 1099 5692 πως
1136 5626 1233 5694 ἔθη
1266 5625 1335 5679 τὰ.
1376 5624 1508 5695 παρ’
1531 5623 1715 5687 αὐτοῖς
1751 5623 1841 5676 καὶ

265 5719 325 5770 τὸ
346 5718 445 5789 τῆς
477 5720 777 5791 μοναρχίας
800 5718 970 5790 ὄνομα
986 5721 1170 5789 τιμᾷν,
1191 5718 1347 5783 δόξαν
1373 5714 1515 5769 οὕτω
1542 5713 1835 5775 κάκείνοις,

266 5800 339 5861 ὧν
379 5808 577 5878 ἀρτίως
611 5807 1134 5879 ἐμνημονεύσαμεν,
1164 5810 1211 5861 εἰ
1262 5807 1356 5865 καὶ
1405 5806 1477 5877 μὴ
1514 5803 1655 5859 οὕτω
1707 5807 1837 5875 φασὶ

1947 4991 2093 5037 nem.
2126 4982 2180 5030 et
2211 4989 2437 5031 suorum
2470 4974 2863 5044 magistrorqu
2889 4968 3243 5040 opinionibus
3263 4968 3518 5025 insisten-

1946 5079 2050 5131 tes,
2084 5066 2353 5129 Platonis,
2388 5066 2640 5135 inquam,
2671 5070 2725 5118 et
2758 5061 2992 5117 aliorum
3027 5060 3077 5117 id
3104 5076 3278 5134 genus
3303 5062 3519 5131 sapien-

1944 5170 2082 5224 tum,
2126 5160 2218 5229 qui
2251 5159 2406 5213 aiunt
2439 5171 2609 5210 unum
2649 5154 2870 5226 quidem
2914 5170 3041 5210 esse
3072 5154 3314 5209 universi
3357 5152 3518 5223 opifi-

1942 5268 2086 5316 cem,
2113 5260 2343 5306 ceeteros
2364 5264 2492 5303 vero
2524 5247 2943 5318 mundanosque
2966 5256 3225 5318 tauquam
3251 5244 3515 5318 quosdam

1944 5344 2113 5401 duces
2142 5344 2211 5398 ab
2238 5342 2335 5398 illo
2364 5350 2583 5397 creatos
2625 5342 2691 5396 ad
2724 5357 2908 5397 rerum
2960 5340 3327 5395 humanarum
3372 5338 3517 5410 regi-

1944 5450 2097 5490 men.
2148 5433 2319 5489 Moris
2369 5448 2500 5503 ergo
2559 5433 2845 5489 nonnullis
2900 5431 3245 5493 Palaestinis.
3313 5430 3517 5487 Graecis

1943 5526 2199 5590 maxime,
2226 5523 2463 5579 vicinam
2483 5531 2537 5579 et
2553 5525 2865 5594 contiguam
2895 5520 3208 5578 Iudaeorum
3242 5519 3514 5589 regionem

1945 5616 2361 5681 accolentibus,
2417 5615 2625 5673 imitari
2675 5626 2729 5671 et
2781 5629 3063 5670 assumere
3112 5606 3515 5683 quodammodo

1942 5725 2132 5765 eorum
2162 5707 2598 5765 consuetudines
2628 5722 2690 5760 ac
2724 5720 2925 5766 mores.
2970 5712 3138 5775 atque
3176 5699 3512 5754 Inonarchiae

1947 5818 2146 5858 nomen
2180 5803 2236 5859 in
2264 5802 2470 5857 honore
2499 5800 2722 5863 habere,
2753 5798 2899 5868 quod
2934 5798 3007 5853 ita
3048 5795 3224 5851 visum
3263 5799 3409 5845 esset
3446 5794 3510 5846 iis
