4144 6474
632 395 706 455 εδ
1632 395 1688 450 S.
1729 394 2013 450 (LY-liiLl-J
2031 393 2504 452 ALEXANDRINI
2538 397 2860 456 ARCHIEP.

3812 393 3894 449 81

628 525 869 585 quorum
913 511 1082 583 paulo
1111 519 1238 567 ante
1265 513 1638 580 meminimus,
1685 513 1789 569 etsi
1842 531 1951 570 non
2000 515 2191 571 eodem

2310 517 2550 592 καθάπερ
2580 521 2759 590 ἡμεῖς.
2789 521 2861 574 Οί
2883 519 2958 585 δέ,
2982 521 3118 589 μήτε
3144 517 3324 588 πλήρη
3345 514 3442 585 τὴν
3469 514 3548 577 είς
3593 513 3884 578 Ἰουδαίους

629 603 796 660 modo
841 617 951 674 quo
987 619 1088 660 nos
1134 604 1432 675 loquimur.
1474 601 1539 658 lii
1575 619 1700 660 vero
1726 620 1836 661 non
1869 608 2093 662 omnino
2128 608 2195 662 ad

627 692 944 749 Judmorum
977 695 1117 750 ritus
1149 695 1424 765 propensi,
1455 710 1633 765 neque
1662 709 1692 750 a
1727 694 2048 753 Graecorum
2082 698 2198 768 pla-

630 785 756 841 citis
801 793 858 841 et
899 774 1442 856 moribus'digressi,
1479 787 1573 842 sed
1618 787 1854 844 mediam
1903 789 2196 860 quamdam

628 876 897 931 rationem
923 885 975 932 et
1003 877 1332 932 sententiam
1380 878 1577 944 secuti,
1615 878 1692 948 pii
1723 888 1780 934 et
1823 879 2064 934 cultores
2099 877 2196 934 Dei

631 975 1038 1038 nuncupantur.
1073 967 1246 1038 Igitur.
1275 967 1452 1022 Graeci
1479 969 1579 1039 qui
1621 968 1676 1023 in
1705 970 1958 1038 proximo
1983 970 2193 1026 habita-

631 1059 783 1124 bant,
831 1073 958 1113 cum
989 1058 1238 1114 viderent
1293 1073 1427 1114 suos
1473 1073 1656 1116 mores
1705 1075 1735 1114 a
1786 1059 2034 1117 hdaicis
2086 1077 2196 1117 non

628 1164 958 1222 magnopere
999 1148 1241 1214 diﬂ'erre,
1281 1149 1463 1221 quoad
1512 1151 1914 1207 sacriﬁciorum
1955 1154 2097 1209 ritus
2143 1163 2197 1209 et

631 1239 961 1293 monarchiaa
990 1248 1382 1310 praesumptam
1405 1240 1721 1311 opinionem
1755 1243 1902 1310 (nam
1944 1258 2054 1298 non
2094 1258 2196 1298 an-

629 1337 714 1382 tea
745 1342 879 1399 gens
920 1328 1090 1384 Israel
1130 1328 1198 1384 de
1228 1329 1446 1384 ratione
1489 1339 1694 1384 sancta:
1725 1338 1781 1384 et
1829 1333 2197 1388 consubstan-

627 1415 776 1470 tialis
814 1414 1133 1483 Trinitatis,
1180 1417 1276 1472 sed
1311 1431 1488 1488 neque
1527 1419 1835 1488 spiritualis
1872 1421 2055 1477 cultus
2088 1423 2195 1477 vim

628 1506 964 1577 audierant),
998 1506 1350 1563 conﬂuebant
1379 1510 1543 1564 etiam
1590 1509 1910 1576 adoraturi,
1961 1512 2198 1569 maxime

626 1596 682 1650 in
716 1597 939 1667 magnis
967 1597 1405 1661 celebritatibus,
1433 1597 1602 1670 idque
1631 1614 1741 1654 non
1771 1602 1929 1671 quasi
1959 1617 2199 1672 peccan-

629 1695 714 1742 tes
771 1687 825 1741 in
869 1702 1024 1743 suam
1071 1689 1316 1760 ipsorum
1365 1691 1686 1762 religionem
1719 1707 1786 1747 ac
1835 1685 2067 1761 cultum,
2101 1696 2197 1751 sed

627 1777 777 1834 velut
809 1794 976 1834 unum
1004 1783 1249 1846 omnium
1285 1781 1450 1836 Deum
1478 1783 1838 1839 honorantes.

698 1868 832 1930 XII.
876 1871 967 1926 22.
1022 1870 1172 1926 Venit
1211 1872 1484 1942 Philippus
1514 1884 1563 1928 et
1589 1875 1719 1929 dicit
1739 1875 1987 1932 Andrea’.

701 1961 767 2016 Et
796 1961 1056 2018 Pharisazi
1103 1965 1413 2020 nescientes
1454 1966 1544 2020 rei
1567 1969 1857 2023 veritatem
1907 1971 2024 2026 haec
2057 1970 2202 2025 inter

630 2067 691 2108 se
739 2052 1045 2109 dicebant:
1106 2073 1125 2108 ι
1175 2053 1313 2111 Ecce
1372 2064 1520 2113 totus
1571 2059 1812 2116 mundus
1867 2070 1990 2130 post
2046 2063 2200 2117 illum

630 2144 745 2199 abit
773 2144 856 2199 ".4
880 2165 899 2198 ι
929 2144 1116 2216 Neque
1145 2149 1289 2204 enim
1330 2150 1510 2206 solum
1538 2148 1733 2218 Judaei,
1763 2152 1860 2207 sed
1889 2161 1944 2208 et
1971 2155 2202 2224 gentiles

631 2247 789 2289 erant
831 2237 1116 2292 credituri.
1163 2239 1293 2294 Ideo
1340 2248 1394 2296 et
1438 2256 1589 2295 nunc
1635 2242 1806 2317 velut.
1835 2245 2202 2313 primitiarum

634 2328 756 2382 loco
781 2326 924 2383 facta
956 2337 1042 2385 est
1062 2329 1377 2387 Graecorum
1411 2333 1680 2400 accessio,
1724 2343 1778 2390 et
1808 2351 1918 2390 non
1948 2351 2109 2394 secus
2139 2353 2204 2393 ac

634 2415 847 2472 Galilei
892 2417 1227 2475 accedebant
1286 2420 1355 2475 ad
1403 2419 1714 2492 Philippum
1750 2422 1947 2488 Graeci,
1997 2439 2098 2479 ceu
2151 2436 2205 2481 ct

634 2508 812 2579 ipsum
871 2509 1156 2566 Galilawm
1206 2512 1586 2577 exsistentem,
1640 2519 1700 2566 ut
1751 2514 2072 2571 ostenderet
2122 2517 2205 2573 eis

631 2601 1019 2681 Jesumquem
1068 2618 1298 2660 cernere
1332 2604 1649 2674 cupiebant,
1705 2604 1909 2660 auditis
1957 2615 2038 2660 tot
2083 2621 2206 2677 qua:

634 2693 834 2748 ﬁebant
872 2695 1136 2767 secundis
1169 2696 1696 2766 acclamationibus,
1725 2703 1784 2750 ut
1811 2696 2123 2762 adorarent,
2151 2708 2207 2754 et

631 2801 696 2852 ea
766 2803 892 2857 qua:
943 2788 1234 2858 cupiebant
1293 2795 1798 2859 consequerentur.
1863 2786 2206 2847 Recordatus

630 2891 763 2941 vero
796 2875 1081 2948 Philippus
1122 2877 1287 2949 quod-
1311 2877 1527 2933 dixerat
1552 2878 1635 2934 eis
1668 2877 1828 2934 Jesus
1861 2897 1875 2934 :
1915 2899 1934 2931 ι
1969 2879 2026 2933 In
2058 2864 2203 2935 viam

2300 611 2511 681 ἔχοντες
2553 613 2761 682 ῥοπὴν,
2797 614 2934 682 μήτε
2971 611 3075 682 μὴν
3129 609 3238 662 τῶν
3271 607 3495 676 Ἕλλησι
3555 606 3722 675 φίλων
3769 605 3882 674 ἀφ-

2299 703 2592 772 εστηκότες
2619 702 2779 770 ἐθῶν,
2812 703 2982 774 μέσην
3021 701 3077 755 δέ
3125 716 3246 752 τινα
3279 698 3374 750 καὶ
3399 697 3535 767 πρὸς
3562 697 3728 766 ἄμφω
3758 695 3883 766 βλέ-

2299 809 2422 845 πειν
2466 792 2876 864 ἐπιτηδεύοντες
2915 791 3094 856 δόξαν,
3127 787 3398 851 θεοσεϐεῖς
3426 787 3778 856 ὀνομάζονται
3822 789 3879 839 οῖ

2297 882 2548 937 τοιοῦτοι.
2604 883 2907 953 Τοιγαροῦν
2965 883 3014 935 οἱ
3065 879 3434 950 γειτονοῦντες
3475 879 3771 948 Ἕλληνες,
3811 878 3879 929 οὐ

2301 975 2504 1044 σφόδρα
2528 975 2634 1028 τῶν
2668 974 2970 1028 Ἰουδαϊκῶν
2997 973 3136 1026 ἐθῶν
3161 975 3229 1026 τά
3261 975 3366 1028 ῐδια
3397 971 3730 1042 διῳκισμένα
3754 968 3880 1039 βλέ-

2298 1068 2646 1130 ποντες,ὂσον
2676 1062 2810 1138 ἧκεν
2839 1069 2920 1135 εἰς
2948 1063 3147 1133 θυσιῶν
3172 1066 3407 1136 τρόπους
3437 1066 3531 1119 καὶ
3573 1059 3876 1133 μοναρχίας

2248 1189 2262 1200 -
2298 1158 2547 1229 διάληψιν
2572 1159 2656 1230 (οὐ
2699 1159 2806 1231 γὰρ
2845 1161 3059 1231 ᾔδεισαν
3111 1146 3372 1235 πρότερον
3408 1160 3507 1228 τῆς
3563 1156 3723 1223 ἁγίας
3779 1153 3874 1204 καὶ

2297 1251 2585 1319 ὁμοουσίου
2625 1241 2854 1322 Τριάδος
2901 1254 3026 1316 τοὺς
3058 1254 3248 1321 λόγους
3295 1253 3340 1304 οἱ
3383 1249 3442 1315 ἐξ
3479 1244 3715 1316 Ἰσραὴλ,
3755 1241 3875 1294 ἀλλ’

2297 1341 2418 1394 οὑδὲ
2454 1341 2553 1412 τῆς
2595 1343 2972 1413 πνευματικῆς
3000 1345 3252 1414 λατρείας
3276 1342 3376 1412 τὴν
3420 1339 3646 1407 δύναμιν
3673 1334 3714 1402 ),
3746 1349 3874 1385 συν-

2300 1430 2509 1484 έϐαινον
2544 1434 3026 1503 προσκυνήσοντες,
3060 1436 3117 1486 ἐν
3149 1432 3449 1502 πανδήμοις
3492 1427 3722 1498 μάλιστα
3752 1439 3872 1474 συντ

2298 1519 2541 1590 δρομαϊς.
2565 1523 2661 1592 οὑχ
2688 1522 2762 1585 ὡς
2799 1524 2897 1593 τὴν
2925 1523 3059 1576 [δίαν
3096 1521 3388 1583 λυποῦντες
3410 1517 3660 1589 λατρείαν
3683 1531 3742 1566 τε
3777 1513 3882 1565 καὶ

2300 1609 2621 1682 θρησκείαν,
2667 1611 2781 1665 ἀλλ’
2839 1613 2914 1675 ὡς
2959 1613 3045 1665 ἵνα
3078 1613 3166 1666 τὸν
3215 1611 3307 1664 ἐπὶ
3357 1609 3572 1675 πάντων
3608 1602 3877 1674 τιμῶντες

2300 1702 2456 1756 Θεόν.

2381 1885 2658 1952 Ἔρχεται
2683 1887 2978 1948 Φίλιππος
3010 1882 3109 1936 καὶ
3140 1880 3300 1948 λέγει
3330 1877 3410 1942 τῷ
3443 1875 3678 1943 Ἀνδρέᾳ

2371 1980 2480 2032 Καὶ
2529 1978 2602 2048 μὴ
2634 1977 2830 2040 ειδότες
2883 1977 2932 2028 οἱ
2978 1977 3262 2044 Φαρισαῖοι
3295 1972 3356 2025 τὸ
3404 1968 3599 2039 ἀληθὲς
3654 1964 3878 2018 ἐλάλουν

2301 2069 2721 2137 λέγοντεςοιΊδε
2749 2070 2777 2120 ὁ
2797 2068 2999 2138 κόσμος
3028 2066 3146 2128 ὅλος
3175 2064 3348 2116 ὀπίσω
3379 2060 3542 2115 αὑτοῦ
3577 2054 3874 2126 ἀπῆλθεν.)

2303 2161 2376 2213 Οὐ
2412 2161 2569 2228 μόνον
2594 2154 2700 2229 γὰρ
2736 2156 3000 2220 Ἰουδαῖοι,
3018 2155 3150 2208 ἀλλὰ
3173 2153 3266 2206 καὶ
3291 2155 3340 2206 οἱ
3369 2150 3429 2216 ἐξ
3459 2147 3626 2201 ἐθνῶν
3658 2144 3887 2213 ἔμελλον,

2307 2250 2601 2303 πιστεύειν.
2635 2250 2726 2301 Διὸ
2756 2248 2848 2300 καὶ
2872 2248 2949 2309 ὡς
2978 2249 3034 2298 ἐν
3067 2245 3285 2314 ἀπαρχῇ
3315 2241 3435 2293 τότε
3460 2239 3679 2307 γέγονεν
3711 2238 3744 2305 ἡ
3769 2233 3880 2285 τῶν

2316 2342 2582 2411 Ἑλλήνων
2628 2339 2911 2410 προσθήκη
2939 2378 2953 2403 ,
2984 2337 3081 2390 καὶ
3108 2335 3184 2399 ὡς
3227 2333 3498 2412 Γαλιλαῖοι
3531 2331 3578 2383 oi
3618 2326 3880 2393 Ἕλληνες

2306 2433 2611 2505 προσῆλθον
2633 2431 2709 2501 τῷ
2737 2430 3006 2500 Φιλίππῳ,
3043 2428 3118 2490 ὠς
3145 2427 3239 2480 καὶ
3270 2423 3418 2495 αὐτῷ
3448 2419 3712 2486 Γαλιλαίῳ
3741 2417 3880 2472 δντι.

2308 2527 2395 2578 ἵνα
2421 2525 2570 2596 δείξῃ
2592 2525 2772 2585 αὐτοῖς
2801 2523 2891 2574 τὸν
2929 2518 3155 2591 Ἰησοῦν,
3181 2518 3238 2570 ὃν
3277 2516 3466 2587 ἧθελον
3502 2513 3648 2575 ἰδεῖν,
3681 2507 3882 2574 πολλὴν

2305 2619 2594 2680 ἀκούοντες
2628 2616 2707 2677 είς
2743 2614 2904 2685 αὐτὸν
2925 2611 3217 2681 γινομένην
3256 2611 3357 2680 τὴν
3402 2604 3698 2673 εὐφημίαν,
3740 2600 3884 2652 ὥστε

2306 2708 2682 2780 προσκυνῆσαι
2736 2705 2830 2757 καὶ
2881 2701 2956 2756 ὧν
2985 2702 3176 2773 ήθελον
3228 2701 3428 2769 τυχεῖν.
3467 2692 3743 2762 Μνησθεὶς
3764 2690 3818 2742 δὲ
3853 2691 3886 2740 ὁ

2304 2802 2568 2861 Φίλιππος
2600 2800 2682 2851 ὅτι
2714 2791 2833 2849 εἷπε
2872 2795 3009 2867 πρὸς
3051 2794 3248 2856 αὐτοὺς
3272 2794 3301 2844 ὁ
3327 2789 3528 2862 Κύριος
3553 2804 3565 2818 ο
3598 2807 3614 2835 ι
3639 2786 3730 2847 Εἰς
3762 2782 3888 2834 ὁδὸν
3993 2843 4000 2847 ,

2307 2891 2474 2945 ἐθνῶν
2506 2889 2597 2969 μὴ.
2624 2888 2898 2957 ἀπέλθητε
2926 2927 2940 2949 ,
2968 2887 3062 2939 καὶ
3109 2886 3187 2948 είς
3220 2883 3374 2936 πόλιν
3418 2872 3890 2969 Σαμαρειτῶνιμῇ

634 2971 876 3042 gentium
906 2986 975 3024 ne
1005 2969 1276 3035 abieritis,
1315 2977 1368 3022 et
1414 2969 1469 3023 in
1507 2970 1698 3025 urbem
1731 2970 2204 3026 Samaritanorum

2310 2964 2606 3050 εἰσέλθητε,
2644 2999 2661 3030 ν
2686 2977 3081 3048 δειλιᾷμήπως
3104 2971 3473 3044 προσκροῦσαι
3496 2968 3621 3037 δόξῃ
3651 2966 3772 3026 τοὺς
3808 2964 3885 3032 μὴ

633 3077 704 3116 ne
733 3061 1119 3134 ingrediamini
1145 3061 1188 3093 ⁸³
1211 3103 1227 3128 ,
1264 3080 1282 3113 ι
1311 3062 1508 3116 metuit
1539 3078 1607 3116 ne
1629 3061 1907 3118 offendere
1955 3065 2206 3118 videatur

2310 3073 2742 3140 πεπιστευκότας
2796 3069 3087 3140 προσάγων
3140 3065 3217 3135 τῷ
3266 3060 3519 3134 Χριστῷ,
3549 3055 3761 3124 ἀγνοῶν
3802 3056 3889 3107 ὅτι

634 3165 761 3215 eos,
793 3141 885 3221 qui
920 3149 1160 3205 nondum
1192 3151 1573 3217 crediderant,
1606 3153 1652 3207 si
1685 3151 1753 3206 ad
1782 3152 2064 3209 Christum
2107 3156 2205 3208 ad-

2310 3161 2665 3233 οἰκονομικῶς
2705 3139 2743 3213 δ’
2763 3159 2965 3230 Κύριος
2994 3155 3234 3210 ἐκώλυσε
3267 3153 3395 3214 τοὺς
3433 3146 3681 3220 μαθητὰς
3711 3142 3887 3198 siccit-

633 3241 907 3298 duceret:
951 3243 1207 3316 ignorans
1255 3243 1402 3310 quod
1437 3259 1501 3298 ex
1535 3243 1968 3315 dispensationis
2016 3247 2207 3302 ordine

2313 3258 2423 3310 θεῖν
2472 3255 2605 3325 πρὸς
2661 3253 2728 3306 τὰ
2759 3251 2907 3320 ἔθνη,
2941 3250 3047 3312 ἕως
3089 3241 3152 3300 οὗ
3187 3245 3389 3316 πρῶτοι
3426 3245 3484 3295 οἱ*
3523 3239 3760 3293 Ἰουδαῖοι
3789 3236 3891 3304 τὴν

636 3333 904 3389 Dominus
937 3341 1186 3388 vetuerat
1228 3334 1385 3404 701
1440 3333 1734 3398 discipulis
1781 3351 1851 3391 ne
1903 3337 1970 3391 ad
2023 3346 2207 3408 gentes

2310 3347 2556 3402 δοθεῖσαν
2586 3345 2770 3404 αὐτοῖς
2803 3341 3202 3395 ἀποσείσωνται
3234 3337 3414 3410 χάριν.
3457 3333 3544 3394 Ὡς
3571 3327 3890 3400 θερμοτέρῳ

633 3423 1288 3501 ingrederentur,donec
1337 3425 1500 3494 primi
1562 3423 1736 3480 Judaei
1792 3426 2052 3480 traditam
2105 3427 2207 3482 sibi

2310 3439 2365 3491 δὲ
2416 3437 2510 3490 καὶ
2566 3433 2982 3504 ἐπιτηδειοτέρῳ
3041 3430 3178 3498 πρὸς
3210 3428 3279 3481 τά
3333 3424 3557 3478 τοιαῦτα
3613 3421 3760 3489 λέγει
3810 3417 3890 3488 τῷ

635 3520 866 3590 gratiam
908 3517 1220 3592 rejlcerent.
1253 3516 1539 3588 Tanquam
1588 3525 1771 3574 autem
1819 3519 2119 3576 ardentiori
2156 3527 2210 3574 et

636 3594 814 3682 inagis
845 3607 1004 3682 adea
1044 3607 1257 3668 idoneo.
1279 3609 1516 3666 Andreas
1537 3609 1672 3665 dicit
1703 3627 1719 3676 ;
1767 3624 2004 3682 cumque
2033 3611 2086 3665 id
2125 3627 2212 3666 re-

637 3685 809 3771 ctum
839 3701 1226 3773 visumgesset,
1270 3702 1433 3757 ambo
1476 3703 1799 3773 renuntiant
1837 3703 2096 3759 Domino.
2147 3702 2214 3758 Et

637 3791 940 3864 prudenter
967 3791 1190 3863 quidem
1231 3792 1364 3860 facit
1395 3792 1689 3864 Philippus
1720 3795 1925 3851 docens
1951 3811 2072 3861 nos,
2103 3810 2212 3848 non

638 3876 850 3940 temere
874 3885 1040 3956 verba
1067 3883 1316 3941 facienda
1352 3900 1476 3941 esse
1515 3888 1582 3941 ad
1614 3887 1942 3960 praepositos
1969 3893 2212 3950 nostros,

638 3973 770 4030 licet
798 3974 867 4031 de
895 3977 1065 4032 rebus
1097 3991 1218 4046 qua:
1254 3977 1510 4033 videntur
1536 3976 1714 4043 bona,
1747 3976 1844 4033 sed
1876 3978 2061 4048 potius
2087 3991 2214 4030 cum

642 4066 1004 4139 prudentibus
1028 4066 1442 4132 deliberandum
1475 4067 1606 4139 quid
1633 4065 1779 4122 facto
1808 4081 1948 4137 Opus
1978 4067 2072 4122 sit.

669 4150 673 4154 ’
713 4153 808 4210 XH
833 4197 848 4222 ,
893 4155 981 4212 25.
1035 4154 1183 4226 Venit
1218 4158 1388 4222 hora,
1425 4165 1482 4209 ut
1526 4155 1856 4227 clariﬁcetur
1886 4154 2079 4225 _Filius
2121 4155 2216 4210 ho-

645 4247 824 4318 minis.

717 4339 987 4410 Quoniam
1015 4339 1182 4412 igitur
1209 4341 1444 4412 gentiles
1481 4339 1556 4395 ad
1587 4354 1712 4395 eum
1761 4338 2058 4394 videndum
2113 4353 2214 4394 an-

644 4431 1106 4504 scultandumque
1131 4417 1449 4504 properant,
1472 4431 1596 4488 ideo
1622 4432 1726 4486 ait:
1761 4449 1780 4484 ‹
1809 4430 1970 4488 Venit
2012 4432 2170 4499 hora,
2196 4453 2214 4485 ι

2324 3528 2550 3599 Ἀνδρέα
2574 3543 2587 3556 ·
2618 3525 2774 3589 δόξαν
2797 3525 2852 3577 δέ
2881 3523 3023 3576 οῦτω
3067 3519 3265 3583 καλῶς,
3290 3515 3588 3588 ἀμφότεροι
3609 3509 3889 3579 ἀπαγγέλ-

2312 3622 2464 3675 λουσι
2488 3618 2567 3688 τῷ
2594 3615 2804 3689 Κυρίῳ.
2851 3613 3095 3676 Συνετῶς
3135 3611 3193 3664 δὲ
3225 3608 3437 3681 πράξας
3465 3609 3493 3660 ὁ
3521 3605 3786 3665 Φίλιππος
3813 3602 3890 3655 δι-

2312 3713 2501 3766 δάσκει
2531 3710 2682 3781 ἡμᾶς
2714 3709 2796 3761 ὅτι
2828 3707 2888 3758 οὐ
2923 3704 3082 3758 καλὸν
3129 3705 3241 3765 τοῖς
3283 3699 3424 3769 ὑπὲρ
3450 3699 3599 3768 ἡμᾶς
3626 3695 3806 3750 λαλεῖν
3839 3711 3893 3746 τι

2311 3801 2388 3865 ὡς
2426 3800 2582 3870 ἔτυχε
2611 3838 2624 3862 ,
2679 3796 2781 3851 κᾶν
2818 3795 2947 3866 δοκῇ
2994 3812 3046 3847 τι
3098 3792 3207 3847 τῶν
3257 3789 3479 3859 ἀγαθῶν
3529 3783 3706 3852 εἶναι,
3755 3784 3892 3839 ἀλλὰ

2319 3891 2519 3963 μᾶλλον
2585 3889 2722 3961 μετὰ
2783 3887 3062 3958 φρονίμων
3138 3881 3536 3941 συσκέπτεσθαι
3589 3879 3652 3933 τὸ
3703 3879 3756 3931 τί
3812 3877 3893 3930 δεῖ

2318 3984 2512 4035 ποιεῖν.

2402 4156 2736 4226 Ἐλήλυθεν
2763 4158 2800 4224 1i
2828 4154 2948 4225 ὥρα
2995 4156 3100 4209 ἵνα
3119 4150 3391 4220 δοξασυεῖ
3425 4154 3459 4204 ὁ
3494 4149 3627 4214 Υἱὸς
3652 4147 3757 4201 τοῦ
3788 4147 3892 4200 tir-

2319 4249 2571 4329 θρώπου.

2402 4343 2621 4414 Ἐπειδὴ
2646 4337 2739 4397 οῦν
2762 4343 2812 4394 οἱ
2843 4341 2901 4405 ἐξ
2923 4340 3090 4394 ἐθνῶν
3119 4339 3428 4407 ἐπείγονται
3460 4338 3595 4405 πρὸς
3627 4333 3690 4387 τὸ
3722 4333 3897 4386 θέλειν

2321 4436 2483 4490 αὑτὸν
2519 4435 2644 4488 [δεῖν
2672 4433 2705 4504 ἢ
2732 4433 3076 4505 ἐπιστρέψαι,
3098 4432 3185 4485 διὰ
3205 4430 3358 4483 τοῦτό
3395 4444 3560 4498 φησιν
3579 4444 3592 4457 ·
3623 4447 3640 4477 ι
3679 4424 3899 4493 Ἐλήλυ-

644 4541 818 4598 prope
846 4525 994 4582 enim
1025 4533 1144 4580 erat
1187 4527 1462 4596 passionis
1491 4533 1708 4595 tempus
1734 4565 1750 4588 ,
1781 4534 1906 4595 post
1931 4525 2075 4596 quod
2105 4537 2207 4580 sta-

2324 4530 2415 4581 θεν
2448 4530 2480 4598 ή
2519 4527 2637 4598 ὥρα
2663 4542 2675 4556 ·
2717 4545 2735 4576 ι
2774 4527 2803 4577 ὁ
2853 4524 2960 4594 γὰρ
2999 4523 3186 4594 καιρὸς
3225 4523 3392 4592 ἐγγὺς
3427 4516 3492 4590 ἦν
3525 4517 3620 4571 τοῦ
3670 4516 3898 4579 πάθους,

645 4605 743 4673 tim
775 4604 1130 4691 estgentium
1163 4619 1393 4685 vocatio.
1441 4618 1604 4688 Atqui
1637 4607 1831 4672 horam
1866 4618 1954 4672 hic
1985 4619 2221 4688 appellat

643 4728 885 4784 praesens
911 4720 1129 4784 tempus
1150 4756 1167 4779 ,_
1197 4728 1304 4767 non
1332 4711 1482 4781 aliud
1519 4711 1687 4783 quid],
1725 4715 1872 4781 quod
1897 4711 1944 4765 ei
1975 4711 2218 4780 patiendi

645 4805 1030 4875 necessitatem
1075 4805 1354 4874 imponat,
1411 4804 1504 4858 sed
1542 4804 1737 4873 ipsum.
1775 4812 1926 4858 certa
1978 4793 2218 4874 quadam

645 4895 1101 4960 determinatione
1149 4896 1219 4950 ab
1269 4911 1336 4951 eo
1388 4894 1737 4964 praefinitum.
1779 4893 2027 4951 Peractis
2071 4895 2217 4950 enim

645 4986 901 5043 omnibus
919 5002 1042 5059 qua:
1070 4987 1136 5042 ad
1165 4987 1322 5042 (idem
1353 4986 1618 5041 mortales
1651 4986 2044 5056 perducebant,
2073 4995 2125 5041 et
2151 4985 2219 5042 de

648 5093 818 5148 regno
869 5070 1132 5132 caelorum
1182 5092 1439 5132 sermone
1493 5075 1680 5132 habito
1735 5077 2214 5148 promnlgaloque,

646 5165 910 5235 deinceps
945 5163 1011 5217 ad
1047 5165 1228 5234 ipsum
1268 5164 1380 5234 spei
1416 5173 1583 5235 caput
1614 5173 1667 5219 et
1694 5179 1965 5219 summam
2001 5165 2214 5232 tendit,

650 5270 865 5325 nempe.
897 5261 1134 5309 mortem
1179 5255 1552 5325 perimendam
1581 5295 1596 5321 ,
1644 5257 2014 5326 quoulquidem
2075 5257 2219 5312 haud

649 5347 809 5402 aliter
861 5347 1267 5418 processisset,
1324 5348 1430 5403 nisi
1478 5349 1592 5401 vita
1635 5347 1752 5417 ipsa
1811 5363 1909 5418 pro
1963 5348 2224 5404 omnibus

651 5437 1235 5508 mortempertulisset
1255 5480 1269 5506 ,
1299 5448 1360 5494 ut
1385 5455 1580 5495 omnes
1622 5443 1678 5495 in
1709 5455 1774 5496 eo
1813 5439 2121 5496 viveremus
2151 5441 2219 5495 ".

651 5527 944 5601 Propterea
977 5529 1121 5584 enim
1147 5545 1300 5586 suam
1324 5532 1550 5602 gloriam
1584 5538 1741 5588 vocat
1775 5539 2025 5594 mortem,
2060 5539 2223 5601 atque

658 5621 796 5676 adeo
839 5621 950 5692 pati
1005 5621 1363 5678 acerbissima
1412 5639 1642 5694 quaeque
1686 5639 1788 5695 pro
1835 5624 2225 5691 peccatoribus

727 5798 784 5831 "°~
813 5796 964 5854 Joan.
1002 5815 1109 5864 xu,
1152 5801 1228 5855 l9.

1310 5804 1349 5832 ⁵¹
1395 5801 1581 5856 Matth.
1616 5819 1678 5866 κ,
1843 5803 1886 5833 τ’
1926 5802 2079 5857 Joan.
2119 5820 2190 5868 ιν,
2225 5805 2273 5858 9.

2327 4618 2443 4690 μεθ’
2475 4619 2532 4671 ὃν
2562 4616 2724 4680 εὐθὺς
2749 4618 2782 4687 ἡ
2820 4616 2927 4668 τῶν
2971 4615 3136 4667 ἐθνῶν
3164 4615 3373 4683 κλῆσις.
3397 4612 3566 4682 Ὥραν
3595 4609 3651 4663 δέ
3693 4610 3751 4661 ἐν
3775 4607 3900 4659 τοῦο

2323 4732 2434 4778 τοις
2457 4713 2549 4768 τὸν
2585 4713 2825 4782 παρόντα
2874 4711 3064 4781 καιρὸν
3095 4709 3368 4779 ὀνομάζει,
3403 4709 3501 4760 οὐκ
3535 4705 3663 4758 ἄλλο
3688 4721 3740 4756 τι
3764 4700 3901 4770 πρὸς

2323 4806 2570 4874 ἀνάγκην
2613 4806 2743 4873 ἄγον
2789 4803 2948 4856 αὑτὸν
2995 4800 3092 4854 τοῦ
3123 4801 3337 4861 παθεῖν,
3371 4797 3487 4852 ἀλλ’
3507 4798 3753 4867 ὁρισμοῖς
3786 4794 3902 4857 τοῖς

2326 4899 2454 4970 παρ’
2484 4895 2647 4950 αὑτοῦ
2686 4892 2876 4947 τοῦτον
2905 4891 3372 4960 ἀναδεικνύμενον.
3395 4889 3574 4942 Πάντα
3606 4885 3712 4957 γὰρ
3745 4883 3905 4953 ποιήμ-

2329 5008 2424 5052 σας
2460 4991 2558 5042 ὅσα
2592 4990 2672 5052 εἰς
2712 4987 2892 5039 πίστιν
2931 4986 3090 5056 ἐνῆγε
3119 4986 3243 5046 τοὺς
3280 4980 3601 5052 ἀνθρώπους
3626 5018 3641 5041 ,
3673 4977 3768 5030 καὶ
3799 4975 3903 5045 τῆς

2330 5082 2606 5154 βασιλείας
2621 5079 2730 5133 τῶν
2751 5079 2995 5149 οὐρανῶν
3024 5077 3265 5148 κηρύξας
3296 5073 3476 5140 λόγον,
3507 5071 3592 5123 ἐπ’
3621 5070 3752 5124 αὐτὸ
3787 5069 3902 5120 λοι-

2327 5170 2425 5222 πὸν
2457 5171 2553 5239 τῆς
2583 5167 2794 5230 ἐλπίδος
2820 5167 2880 5220 τὸ
2924 5167 3216 5235 κεφάλαιον
3247 5162 3484 5232 βαδίζειν
3509 5160 3678 5221 θέλει,
3715 5158 3776 5211 τὸ
3811 5175 3899 5210 νει

2327 5257 2542 5326 κρῶσαι
2566 5255 2658 5309 τὸν
2696 5255 2924 5308 θάνατον
2943 5271 2955 5284 ·
2987 5255 3124 5324 ὅπερ
3152 5253 3250 5306 οὐκ
3281 5250 3455 5312 ἄλλως
3490 5247 3713 5316 ἐγένετο
3734 5245 3820 5306 ἂν,
3853 5248 3902 5296 εἰ

2330 5346 2404 5417 μὴ
2434 5347 2466 5415 ἡ
2503 5345 2614 5416 ζωὴ
2659 5345 2748 5399 τὸν
2799 5346 2938 5415 ὑπὲρ
2967 5345 3220 5398 ἁπάντων
3244 5343 3500 5411 ὑπέμεινε
3542 5338 3785 5397 θάνατον,
3813 5336 3904 5387 ἵνα.

2325 5439 2374 5490 οἱ
2417 5439 2616 5502 πάντες
2646 5438 2898 5510 ζήσωμεν
2933 5439 2989 5488 ἐν
3019 5435 3187 5505 αὐτῷ.
3231 5434 3330 5486 Διὰ
3367 5432 3477 5502 γάρ
3503 5428 3659 5484 τοῦτο
3688 5429 3782 5482 καὶ
3811 5427 3870 5480 δὸ
3890 5458 3921 5481 -.

2327 5529 2423 5595 ξαν
2443 5529 2579 5583 ἰδίαν
2607 5529 2858 5600 ὀνομάζει
2886 5529 2974 5582 τὸν
3001 5527 3251 5592 θάνατον,
3271 5526 3364 5578 καὶ
3382 5524 3444 5577 τδ
3474 5522 3664 5577 παθεῖν
3687 5519 3902 5573 ἅπαντα

2327 5624 2392 5677 τὰ
2423 5623 2566 5676 δεινά
2618 5623 2754 5693 ὑπὲρ
2793 5621 3090 5674 τῶναὺτδν
3118 5617 3492 5689 ἁτιμαζόντων
3532 5611 3899 5684 ἁμαρτωλῶνο
