  <div class='ocr_page' id='page_1' title='image "/cluster/home/n/w/nwhite01/storage/ocr_20150623/74/hvd.32044019207919/052.png"; bbox 0 0 4144 6478; ppageno 0'>
   <div class='ocr_carea' id='block_1_1' title="bbox 222 373 3478 459">
    <p class='ocr_par' dir='ltr' id='par_1_1' title="bbox 222 373 3478 459">
     <span class='ocr_line' id='line_1_1' title="bbox 222 373 3478 459; baseline -0.006 -13"><span class='ocrx_word' id='word_1_1' title='bbox 222 401 296 459; x_wconf 68' lang='lat' dir='ltr'><strong>ao</strong></span> <span class='ocrx_word' id='word_1_2' title='bbox 998 386 1067 443; x_wconf 76' lang='lat' dir='ltr'><strong>IN</strong></span> <span class='ocrx_word' id='word_1_3' title='bbox 1104 382 1445 442; x_wconf 73' lang='lat' dir='ltr'><strong>JOANNEM.</strong></span> <span class='ocrx_word' id='word_1_4' title='bbox 1483 415 1550 426; x_wconf 88' lang='lat'><strong>-</strong></span> <span class='ocrx_word' id='word_1_5' title='bbox 1582 383 1711 439; x_wconf 85' lang='lat' dir='ltr'><strong>LIB.</strong></span> <span class='ocrx_word' id='word_1_6' title='bbox 1755 380 1841 437; x_wconf 83' lang='lat' dir='ltr'><strong>Vll</strong></span> <span class='ocrx_word' id='word_1_7' title='bbox 1882 380 1972 435; x_wconf 82' lang='grc' dir='ltr'><strong>ΕΤ</strong></span> <span class='ocrx_word' id='word_1_8' title='bbox 2014 378 2128 436; x_wconf 82' lang='lat' dir='ltr'>VIII</span> <span class='ocrx_word' id='word_1_9' title='bbox 2167 374 2619 438; x_wconf 73' lang='lat' dir='ltr'><strong>FRAGMENTA.</strong></span> <span class='ocrx_word' id='word_1_10' title='bbox 3399 373 3478 429; x_wconf 73' lang='lat'><strong>90</strong></span> 
     </span>
    </p>
   </div>
   <div class='ocr_carea' id='block_1_2' title="bbox 222 486 1811 589">
    <p class='ocr_par' dir='ltr' id='par_1_2' title="bbox 222 499 1801 589">
     <span class='ocr_line' id='line_1_2' title="bbox 222 499 1801 589; baseline -0.015 -15"><span class='ocrx_word' id='word_1_11' title='bbox 222 516 512 589; x_wconf 70' lang='grc' dir='ltr'>κινημένα,</span> <span class='ocrx_word' id='word_1_12' title='bbox 541 515 608 584; x_wconf 75' lang='grc' dir='ltr'>τῇ</span> <span class='ocrx_word' id='word_1_13' title='bbox 635 508 730 564; x_wconf 84' lang='grc' dir='ltr'>τοῦ</span> <span class='ocrx_word' id='word_1_14' title='bbox 763 506 921 576; x_wconf 82' lang='grc' dir='ltr'><strong>λόγου</strong></span> <span class='ocrx_word' id='word_1_15' title='bbox 961 505 1188 574; x_wconf 80' lang='grc' dir='ltr'>δυνάμει</span> <span class='ocrx_word' id='word_1_16' title='bbox 1233 502 1614 572; x_wconf 80' lang='grc' dir='ltr'>διακόπτηται,</span> <span class='ocrx_word' id='word_1_17' title='bbox 1663 499 1801 569; x_wconf 72' lang='grc' dir='ltr'>πρὸς</span> 
     </span>
    </p>
   </div>
   <div class='ocr_carea' id='block_1_3' title="bbox 1911 486 3473 589">
    <p class='ocr_par' dir='ltr' id='par_1_3' title="bbox 1911 486 3473 589">
     <span class='ocr_line' id='line_1_3' title="bbox 1911 486 3473 589; baseline -0.007 -39"><span class='ocrx_word' id='word_1_18' title='bbox 1911 505 1963 550; x_wconf 90' lang='lat' dir='ltr'><strong>ut</strong></span> <span class='ocrx_word' id='word_1_19' title='bbox 1994 495 2159 567; x_wconf 61' lang='lat'><strong>70‘.</strong></span> <span class='ocrx_word' id='word_1_20' title='bbox 2186 496 2242 550; x_wconf 91' lang='lat' dir='ltr'><strong>in</strong></span> <span class='ocrx_word' id='word_1_21' title='bbox 2277 494 2437 551; x_wconf 89' lang='lat' dir='ltr'><strong>nobis</strong></span> <span class='ocrx_word' id='word_1_22' title='bbox 2462 493 2690 559; x_wconf 84' lang='lat' dir='ltr'><strong>assolet,</strong></span> <span class='ocrx_word' id='word_1_23' title='bbox 2706 490 2812 547; x_wconf 77' lang='lat' dir='ltr'><strong>sed</strong></span> <span class='ocrx_word' id='word_1_24' title='bbox 2834 495 2892 543; x_wconf 88' lang='lat' dir='ltr'><strong>ut</strong></span> <span class='ocrx_word' id='word_1_25' title='bbox 2920 500 3188 545; x_wconf 82' lang='lat' dir='ltr'><strong>concussa</strong></span> <span class='ocrx_word' id='word_1_26' title='bbox 3218 486 3269 541; x_wconf 77' lang='lat' dir='ltr'><strong>ri</strong></span> <span class='ocrx_word' id='word_1_27' title='bbox 3290 486 3473 589; x_wconf 39' lang='lat' dir='ltr'><strong>‘ratio-</strong></span> 
     </span>
    </p>
   </div>
   <div class='ocr_carea' id='block_1_4' title="bbox 220 594 1802 681">
    <p class='ocr_par' dir='ltr' id='par_1_4' title="bbox 220 594 1802 681">
     <span class='ocr_line' id='line_1_4' title="bbox 220 594 1802 681; baseline -0.015 -17"><span class='ocrx_word' id='word_1_28' title='bbox 220 609 441 681; x_wconf 59' lang='grc' dir='ltr'>ηᾲμείνω</span> <span class='ocrx_word' id='word_1_29' title='bbox 452 605 572 659; x_wconf 73' lang='grc' dir='ltr'>τινὰ</span> <span class='ocrx_word' id='word_1_30' title='bbox 591 601 683 657; x_wconf 70' lang='grc' dir='ltr'>καὶ</span> <span class='ocrx_word' id='word_1_31' title='bbox 711 596 989 668; x_wconf 74' lang='grc' dir='ltr'>θειοτέραν</span> <span class='ocrx_word' id='word_1_32' title='bbox 1016 594 1344 666; x_wconf 75' lang='grc' dir='ltr'>μετάστασιν</span> <span class='ocrx_word' id='word_1_33' title='bbox 1370 604 1802 664; x_wconf 86' lang='grc' dir='ltr'>μεταστοιχειου-</span> 
     </span>
    </p>
   </div>
   <div class='ocr_carea' id='block_1_5' title="bbox 229 678 1803 771">
    <p class='ocr_par' dir='ltr' id='par_1_5' title="bbox 229 678 1803 771">
     <span class='ocr_line' id='line_1_5' title="bbox 229 678 1803 771; baseline -0.013 -21"><span class='ocrx_word' id='word_1_34' title='bbox 229 678 397 771; x_wconf 59' lang='grc' dir='ltr'>μόνης</span> <span class='ocrx_word' id='word_1_35' title='bbox 423 696 519 763; x_wconf 84' lang='grc' dir='ltr'><strong>τῆς</strong></span> <span class='ocrx_word' id='word_1_36' title='bbox 544 692 760 760; x_wconf 81' lang='grc' dir='ltr'>φύσεως</span> <span class='ocrx_word' id='word_1_37' title='bbox 791 688 849 740; x_wconf 78' lang='grc' dir='ltr'><strong>ἐν</strong></span> <span class='ocrx_word' id='word_1_38' title='bbox 872 685 1072 757; x_wconf 71' lang='grc' dir='ltr'>πρώτῳ</span> <span class='ocrx_word' id='word_1_39' title='bbox 1101 682 1322 755; x_wconf 81' lang='grc' dir='ltr'>Χριστῷ</span> <span class='ocrx_word' id='word_1_40' title='bbox 1347 700 1362 715; x_wconf 86' lang='grc'>·</span> <span class='ocrx_word' id='word_1_41' title='bbox 1387 678 1457 752; x_wconf 81' lang='grc' dir='ltr'>ἦν</span> <span class='ocrx_word' id='word_1_42' title='bbox 1494 681 1602 751; x_wconf 81' lang='grc' dir='ltr'><strong>γὰρ</strong></span> <span class='ocrx_word' id='word_1_43' title='bbox 1630 679 1803 771; x_wconf 71' lang='grc' dir='ltr'>οὕτως</span> 
     </span>
    </p>
   </div>
   <div class='ocr_carea' id='block_1_6' title="bbox 231 769 1803 855">
    <p class='ocr_par' dir='ltr' id='par_1_6' title="bbox 231 769 1803 855">
     <span class='ocr_line' id='line_1_6' title="bbox 231 769 1803 855; baseline -0.013 -13"><span class='ocrx_word' id='word_1_44' title='bbox 231 769 320 843; x_wconf 77' lang='grc' dir='ltr'>καὶ</span> <span class='ocrx_word' id='word_1_45' title='bbox 352 787 448 855; x_wconf 79' lang='grc' dir='ltr'><strong>οὐχ</strong></span> <span class='ocrx_word' id='word_1_46' title='bbox 475 784 679 852; x_wconf 66' lang='grc' dir='ltr'>ἑτέρως</span> <span class='ocrx_word' id='word_1_47' title='bbox 700 780 797 835; x_wconf 71' lang='grc' dir='ltr'><strong>καὶ</strong></span> <span class='ocrx_word' id='word_1_48' title='bbox 822 780 900 841; x_wconf 86' lang='grc' dir='ltr'><strong>είς</strong></span> <span class='ocrx_word' id='word_1_49' title='bbox 922 776 1070 847; x_wconf 77' lang='grc' dir='ltr'>ἡμᾶς</span> <span class='ocrx_word' id='word_1_50' title='bbox 1096 775 1294 837; x_wconf 78' lang='grc' dir='ltr'>αὐτοὺς</span> <span class='ocrx_word' id='word_1_51' title='bbox 1316 772 1561 842; x_wconf 77' lang='grc' dir='ltr'>διαϐῆναι</span> <span class='ocrx_word' id='word_1_52' title='bbox 1590 770 1681 823; x_wconf 77' lang='grc' dir='ltr'><strong>τὸν</strong></span> <span class='ocrx_word' id='word_1_53' title='bbox 1705 769 1803 838; x_wconf 85' lang='grc' dir='ltr'><strong>τῆς</strong></span> 
     </span>
    </p>
   </div>
   <div class='ocr_carea' id='block_1_7' title="bbox 206 850 1805 947">
    <p class='ocr_par' dir='ltr' id='par_1_7' title="bbox 206 850 1805 947">
     <span class='ocr_line' id='line_1_7' title="bbox 206 850 1805 947; baseline -0.013 -14"><span class='ocrx_word' id='word_1_54' title='bbox 206 850 671 947; x_wconf 59' lang='grc' dir='ltr'>ξίάσεωςτρόπον.</span> <span class='ocrx_word' id='word_1_55' title='bbox 728 872 816 925; x_wconf 85' lang='grc' dir='ltr'>Ἐν</span> <span class='ocrx_word' id='word_1_56' title='bbox 847 869 955 941; x_wconf 79' lang='grc' dir='ltr'><strong>γὰρ</strong></span> <span class='ocrx_word' id='word_1_57' title='bbox 979 869 1201 937; x_wconf 74' lang='grc' dir='ltr'>άπαρχῇ</span> <span class='ocrx_word' id='word_1_58' title='bbox 1234 863 1452 935; x_wconf 80' lang='grc' dir='ltr'>Χριστῷ</span> <span class='ocrx_word' id='word_1_59' title='bbox 1492 864 1573 925; x_wconf 82' lang='grc' dir='ltr'><strong>είς</strong></span> <span class='ocrx_word' id='word_1_60' title='bbox 1624 860 1805 915; x_wconf 82' lang='grc' dir='ltr'>καινό-</span> 
     </span>
    </p>
   </div>
   <div class='ocr_carea' id='block_1_8' title="bbox 209 916 1806 1060">
    <p class='ocr_par' dir='ltr' id='par_1_8' title="bbox 209 916 1806 1060">
     <span class='ocr_line' id='line_1_8' title="bbox 209 916 1806 1060; baseline -0.011 -39"><span class='ocrx_word' id='word_1_61' title='bbox 209 916 561 1060; x_wconf 50' lang='grc' dir='ltr'><strong>ξξιῖαψξαξξξ,</strong></span> <span class='ocrx_word' id='word_1_62' title='bbox 582 966 617 1035; x_wconf 84' lang='grc' dir='ltr'><strong>ή</strong></span> <span class='ocrx_word' id='word_1_63' title='bbox 654 916 950 1034; x_wconf 41' lang='lat' dir='ltr'><strong>evomam:</strong></span> <span class='ocrx_word' id='word_1_64' title='bbox 969 916 1507 1029; x_wconf 48' lang='grc' dir='ltr'><strong>φύξιξλᾶξιεκόέιιςὲτο</strong></span> <span class='ocrx_word' id='word_1_65' title='bbox 1536 916 1632 1007; x_wconf 54' lang='grc' dir='ltr'>(ιν</span> <span class='ocrx_word' id='word_1_66' title='bbox 1657 950 1806 1022; x_wconf 77' lang='grc' dir='ltr'>αὐτῷ</span> 
     </span>
    </p>
   </div>
   <div class='ocr_carea' id='block_1_9' title="bbox 202 1040 1806 1136">
    <p class='ocr_par' dir='ltr' id='par_1_9' title="bbox 202 1040 1806 1136">
     <span class='ocr_line' id='line_1_9' title="bbox 202 1040 1806 1136; baseline -0.011 -22"><span class='ocrx_word' id='word_1_67' title='bbox 202 1040 290 1136; x_wconf 39' lang='grc' dir='ltr'><strong>ι’δέ</strong></span> <span class='ocrx_word' id='word_1_68' title='bbox 322 1060 417 1113; x_wconf 71' lang='grc' dir='ltr'>καὶ</span> <span class='ocrx_word' id='word_1_69' title='bbox 440 1057 511 1110; x_wconf 83' lang='grc' dir='ltr'>τὰ</span> <span class='ocrx_word' id='word_1_70' title='bbox 552 1057 695 1127; x_wconf 81' lang='grc' dir='ltr'>ὑπὲρ</span> <span class='ocrx_word' id='word_1_71' title='bbox 732 1053 893 1123; x_wconf 75' lang='grc' dir='ltr'>φύσιν</span> <span class='ocrx_word' id='word_1_72' title='bbox 942 1050 1333 1121; x_wconf 62' lang='grc' dir='ltr'>ἐκερδάναμεν,</span> <span class='ocrx_word' id='word_1_73' title='bbox 1371 1047 1469 1101; x_wconf 78' lang='grc' dir='ltr'>Δια</span> <span class='ocrx_word' id='word_1_74' title='bbox 1503 1043 1614 1116; x_wconf 83' lang='grc' dir='ltr'><strong>γὰρ</strong></span> <span class='ocrx_word' id='word_1_75' title='bbox 1648 1040 1806 1098; x_wconf 79' lang='grc' dir='ltr'>τοῦτο</span> 
     </span>
    </p>
   </div>
   <div class='ocr_carea' id='block_1_10' title="bbox 202 1138 1808 1217">
    <p class='ocr_par' dir='ltr' id='par_1_10' title="bbox 202 1138 1808 1217">
     <span class='ocr_line' id='line_1_10' title="bbox 202 1138 1808 1217; baseline -0.008 -14"><span class='ocrx_word' id='word_1_76' title='bbox 202 1138 205 1141; x_wconf 17' lang='grc' dir='ltr'><em>Α</em></span> <span class='ocrx_word' id='word_1_77' title='bbox 235 1151 327 1203; x_wconf 76' lang='grc' dir='ltr'><strong>καὶ</strong></span> <span class='ocrx_word' id='word_1_78' title='bbox 353 1148 602 1217; x_wconf 82' lang='grc' dir='ltr'>δεύτερος</span> <span class='ocrx_word' id='word_1_79' title='bbox 640 1147 813 1217; x_wconf 82' lang='grc' dir='ltr'>Ἀδὰμ</span> <span class='ocrx_word' id='word_1_80' title='bbox 835 1146 1251 1215; x_wconf 71' lang='grc' dir='ltr'><strong>κατωνόμασται</strong></span> <span class='ocrx_word' id='word_1_81' title='bbox 1282 1140 1431 1212; x_wconf 78' lang='grc' dir='ltr'><strong>παρὰ</strong></span> <span class='ocrx_word' id='word_1_82' title='bbox 1467 1142 1589 1203; x_wconf 81' lang='grc' dir='ltr'>ταῖς</span> <span class='ocrx_word' id='word_1_83' title='bbox 1632 1138 1808 1202; x_wconf 82' lang='grc' dir='ltr'>θείαις</span> 
     </span>
    </p>
   </div>
   <div class='ocr_carea' id='block_1_11' title="bbox 238 1228 1810 1312">
    <p class='ocr_par' dir='ltr' id='par_1_11' title="bbox 238 1228 1810 1312">
     <span class='ocr_line' id='line_1_11' title="bbox 238 1228 1810 1312; baseline -0.008 -16"><span class='ocrx_word' id='word_1_84' title='bbox 238 1240 500 1312; x_wconf 80' lang='grc' dir='ltr'>Γραφαῖς.</span> <span class='ocrx_word' id='word_1_85' title='bbox 534 1240 745 1312; x_wconf 82' lang='grc' dir='ltr'>Ὥσπερ</span> <span class='ocrx_word' id='word_1_86' title='bbox 772 1240 829 1294; x_wconf 76' lang='grc' dir='ltr'><strong>δέ</strong></span> <span class='ocrx_word' id='word_1_87' title='bbox 858 1241 933 1303; x_wconf 85' lang='grc' dir='ltr'>ὡς</span> <span class='ocrx_word' id='word_1_88' title='bbox 957 1238 1239 1308; x_wconf 71' lang='grc' dir='ltr'>ἄνθρωπος</span> <span class='ocrx_word' id='word_1_89' title='bbox 1260 1228 1512 1287; x_wconf 82' lang='grc' dir='ltr'>ὲπείνασε</span> <span class='ocrx_word' id='word_1_90' title='bbox 1551 1232 1646 1285; x_wconf 70' lang='grc' dir='ltr'><strong>καὶ</strong></span> <span class='ocrx_word' id='word_1_91' title='bbox 1688 1231 1810 1285; x_wconf 76' lang='grc' dir='ltr'>ἐκο-</span> 
     </span>
    </p>
   </div>
   <div class='ocr_carea' id='block_1_12' title="bbox 233 1321 1806 1399">
    <p class='ocr_par' dir='ltr' id='par_1_12' title="bbox 233 1321 1806 1399">
     <span class='ocr_line' id='line_1_12' title="bbox 233 1321 1806 1399; baseline -0.01 -10"><span class='ocrx_word' id='word_1_92' title='bbox 233 1334 451 1399; x_wconf 75' lang='grc' dir='ltr'>πίασεν,</span> <span class='ocrx_word' id='word_1_93' title='bbox 474 1334 618 1390; x_wconf 75' lang='grc' dir='ltr'>οὕτω</span> <span class='ocrx_word' id='word_1_94' title='bbox 647 1332 741 1389; x_wconf 71' lang='grc' dir='ltr'>καὶ</span> <span class='ocrx_word' id='word_1_95' title='bbox 762 1332 853 1385; x_wconf 75' lang='grc' dir='ltr'><strong>τὸν</strong></span> <span class='ocrx_word' id='word_1_96' title='bbox 884 1332 945 1383; x_wconf 78' lang='grc' dir='ltr'><strong>ἐκ</strong></span> <span class='ocrx_word' id='word_1_97' title='bbox 972 1328 1066 1381; x_wconf 80' lang='grc' dir='ltr'><strong>τοῦ</strong></span> <span class='ocrx_word' id='word_1_98' title='bbox 1084 1324 1289 1389; x_wconf 77' lang='grc' dir='ltr'><strong>πάθους</strong></span> <span class='ocrx_word' id='word_1_99' title='bbox 1321 1324 1534 1394; x_wconf 80' lang='grc' dir='ltr'>δέχεται</span> <span class='ocrx_word' id='word_1_100' title='bbox 1557 1321 1806 1393; x_wconf 77' lang='grc' dir='ltr'>θόρυόον,</span> 
     </span>
    </p>
   </div>
   <div class='ocr_carea' id='block_1_13' title="bbox 233 1412 1805 1497">
    <p class='ocr_par' dir='ltr' id='par_1_13' title="bbox 233 1412 1805 1497">
     <span class='ocr_line' id='line_1_13' title="bbox 233 1412 1805 1497; baseline -0.008 -18"><span class='ocrx_word' id='word_1_101' title='bbox 233 1426 312 1489; x_wconf 78' lang='grc' dir='ltr'>ὡς</span> <span class='ocrx_word' id='word_1_102' title='bbox 358 1423 720 1497; x_wconf 81' lang='grc' dir='ltr'>ἀνθρώπινον.</span> <span class='ocrx_word' id='word_1_103' title='bbox 758 1422 1090 1493; x_wconf 84' lang='grc' dir='ltr'>Ταράττεται</span> <span class='ocrx_word' id='word_1_104' title='bbox 1138 1416 1196 1469; x_wconf 79' lang='grc' dir='ltr'>δὲ</span> <span class='ocrx_word' id='word_1_105' title='bbox 1246 1416 1342 1484; x_wconf 82' lang='grc' dir='ltr'><strong>οὐχ</strong></span> <span class='ocrx_word' id='word_1_106' title='bbox 1394 1412 1583 1485; x_wconf 79' lang='grc' dir='ltr'>ὥσπερ</span> <span class='ocrx_word' id='word_1_107' title='bbox 1626 1415 1805 1483; x_wconf 79' lang='grc' dir='ltr'>ἡμεῖς,</span> 
     </span>
    </p>
   </div>
   <div class='ocr_carea' id='block_1_14' title="bbox 235 1505 1808 1583">
    <p class='ocr_par' dir='ltr' id='par_1_14' title="bbox 235 1505 1808 1583">
     <span class='ocr_line' id='line_1_14' title="bbox 235 1505 1808 1583; baseline -0.007 -14"><span class='ocrx_word' id='word_1_108' title='bbox 235 1515 352 1570; x_wconf 82' lang='grc' dir='ltr'>ἀλλ’</span> <span class='ocrx_word' id='word_1_109' title='bbox 378 1517 502 1569; x_wconf 81' lang='grc' dir='ltr'>ὅσον</span> <span class='ocrx_word' id='word_1_110' title='bbox 534 1518 614 1579; x_wconf 86' lang='grc' dir='ltr'><strong>είς</strong></span> <span class='ocrx_word' id='word_1_111' title='bbox 644 1513 891 1583; x_wconf 76' lang='grc' dir='ltr'>αἴσθησιν</span> <span class='ocrx_word' id='word_1_112' title='bbox 931 1511 1089 1580; x_wconf 85' lang='grc' dir='ltr'>μόνον</span> <span class='ocrx_word' id='word_1_113' title='bbox 1123 1508 1487 1578; x_wconf 77' lang='grc' dir='ltr'><strong>ὑπενεχθῆναι</strong></span> <span class='ocrx_word' id='word_1_114' title='bbox 1533 1505 1627 1560; x_wconf 83' lang='grc' dir='ltr'><strong>τοῦ</strong></span> <span class='ocrx_word' id='word_1_115' title='bbox 1666 1505 1808 1575; x_wconf 88' lang='grc' dir='ltr'>πρά-</span> 
     </span>
    </p>
   </div>
   <div class='ocr_carea' id='block_1_15' title="bbox 236 1598 1811 1680">
    <p class='ocr_par' dir='ltr' id='par_1_15' title="bbox 236 1598 1811 1680">
     <span class='ocr_line' id='line_1_15' title="bbox 236 1598 1811 1680; baseline -0.007 -18"><span class='ocrx_word' id='word_1_116' title='bbox 236 1622 469 1680; x_wconf 83' lang='grc' dir='ltr'>γματος,</span> <span class='ocrx_word' id='word_1_117' title='bbox 509 1603 628 1661; x_wconf 75' lang='grc' dir='ltr'>εἶτα</span> <span class='ocrx_word' id='word_1_118' title='bbox 643 1604 800 1663; x_wconf 83' lang='grc' dir='ltr'>πάλιν</span> <span class='ocrx_word' id='word_1_119' title='bbox 827 1605 906 1665; x_wconf 80' lang='grc' dir='ltr'><strong>είς</strong></span> <span class='ocrx_word' id='word_1_120' title='bbox 929 1602 1030 1673; x_wconf 82' lang='grc' dir='ltr'>τὴν</span> <span class='ocrx_word' id='word_1_121' title='bbox 1058 1600 1235 1670; x_wconf 73' lang='grc' dir='ltr'>ἐαυτῷ</span> <span class='ocrx_word' id='word_1_122' title='bbox 1278 1599 1591 1669; x_wconf 84' lang='grc' dir='ltr'>πρέπουσαν</span> <span class='ocrx_word' id='word_1_123' title='bbox 1629 1598 1811 1651; x_wconf 81' lang='grc' dir='ltr'>εὐτολ-</span> 
     </span>
    </p>
   </div>
   <div class='ocr_carea' id='block_1_16' title="bbox 241 1685 1809 1772">
    <p class='ocr_par' dir='ltr' id='par_1_16' title="bbox 241 1685 1809 1772">
     <span class='ocr_line' id='line_1_16' title="bbox 241 1685 1809 1772; baseline -0.009 -17"><span class='ocrx_word' id='word_1_124' title='bbox 241 1701 370 1772; x_wconf 84' lang='grc' dir='ltr'>μίαν</span> <span class='ocrx_word' id='word_1_125' title='bbox 407 1693 702 1767; x_wconf 77' lang='grc' dir='ltr'>άναπηδᾷν,</span> <span class='ocrx_word' id='word_1_126' title='bbox 742 1691 837 1747; x_wconf 86' lang='grc' dir='ltr'>Ἐκ</span> <span class='ocrx_word' id='word_1_127' title='bbox 860 1692 1065 1747; x_wconf 88' lang='grc' dir='ltr'>τούτων</span> <span class='ocrx_word' id='word_1_128' title='bbox 1093 1690 1337 1762; x_wconf 81' lang='grc' dir='ltr'>δηλονότι</span> <span class='ocrx_word' id='word_1_129' title='bbox 1357 1691 1450 1744; x_wconf 81' lang='grc' dir='ltr'><strong>καὶ</strong></span> <span class='ocrx_word' id='word_1_130' title='bbox 1476 1690 1652 1761; x_wconf 79' lang='grc' dir='ltr'>ψυχὴν</span> <span class='ocrx_word' id='word_1_131' title='bbox 1695 1685 1809 1759; x_wconf 73' lang='grc' dir='ltr'>εἶχε</span> 
     </span>
    </p>
   </div>
   <div class='ocr_carea' id='block_1_17' title="bbox 1903 566 3472 652">
    <p class='ocr_par' dir='ltr' id='par_1_17' title="bbox 1903 566 3472 652">
     <span class='ocr_line' id='line_1_17' title="bbox 1903 566 3472 652; baseline -0.008 -9"><span class='ocrx_word' id='word_1_132' title='bbox 1903 589 1990 644; x_wconf 88' lang='lat' dir='ltr'><strong>nis</strong></span> <span class='ocrx_word' id='word_1_133' title='bbox 2031 566 2483 651; x_wconf 75' lang='lat' dir='ltr'><strong>retardarentur,</strong></span> <span class='ocrx_word' id='word_1_134' title='bbox 2532 588 2900 641; x_wconf 82' lang='lat' dir='ltr'><strong>transmutata</strong></span> <span class='ocrx_word' id='word_1_135' title='bbox 2940 582 2995 636; x_wconf 87' lang='lat' dir='ltr'><strong>in</strong></span> <span class='ocrx_word' id='word_1_136' title='bbox 3034 580 3215 652; x_wconf 84' lang='lat' dir='ltr'><strong>primo</strong></span> <span class='ocrx_word' id='word_1_137' title='bbox 3246 566 3472 634; x_wconf 85' lang='lat' dir='ltr'><strong>Christo</strong></span> 
     </span>
    </p>
   </div>
   <div class='ocr_carea' id='block_1_18' title="bbox 1903 675 3472 749">
    <p class='ocr_par' dir='ltr' id='par_1_18' title="bbox 1903 675 3472 749">
     <span class='ocr_line' id='line_1_18' title="bbox 1903 675 3472 749; baseline -0.008 -14"><span class='ocrx_word' id='word_1_138' title='bbox 1903 681 1969 735; x_wconf 83' lang='lat' dir='ltr'><strong>ad</strong></span> <span class='ocrx_word' id='word_1_139' title='bbox 2003 680 2280 735; x_wconf 82' lang='lat' dir='ltr'><strong>meliorem</strong></span> <span class='ocrx_word' id='word_1_140' title='bbox 2311 678 2625 749; x_wconf 82' lang='lat' dir='ltr'><strong>quemdam,</strong></span> <span class='ocrx_word' id='word_1_141' title='bbox 2645 683 2699 732; x_wconf 88' lang='lat' dir='ltr'><strong>et</strong></span> <span class='ocrx_word' id='word_1_142' title='bbox 2717 675 3044 732; x_wconf 82' lang='lat' dir='ltr'><strong>diviniOrem</strong></span> <span class='ocrx_word' id='word_1_143' title='bbox 3076 676 3280 728; x_wconf 84' lang='lat' dir='ltr'><strong>statum</strong></span> <span class='ocrx_word' id='word_1_144' title='bbox 3303 676 3472 725; x_wconf 78' lang='lat' dir='ltr'><strong>tiatu-</strong></span> 
     </span>
    </p>
   </div>
   <div class='ocr_carea' id='block_1_19' title="bbox 1902 754 3472 839">
    <p class='ocr_par' dir='ltr' id='par_1_19' title="bbox 1902 754 3472 839">
     <span class='ocr_line' id='line_1_19' title="bbox 1902 754 3472 839; baseline -0.008 -15"><span class='ocrx_word' id='word_1_145' title='bbox 1902 785 1963 824; x_wconf 81' lang='lat' dir='ltr'><strong>ra</strong></span> <span class='ocrx_word' id='word_1_146' title='bbox 1992 788 2005 824; x_wconf 90' lang='lat'><strong>:</strong></span> <span class='ocrx_word' id='word_1_147' title='bbox 2038 770 2143 825; x_wconf 88' lang='lat' dir='ltr'><strong>hoc</strong></span> <span class='ocrx_word' id='word_1_148' title='bbox 2174 770 2374 839; x_wconf 79' lang='lat' dir='ltr'><strong>quippe</strong></span> <span class='ocrx_word' id='word_1_149' title='bbox 2403 769 2567 823; x_wconf 88' lang='lat' dir='ltr'><strong>modo</strong></span> <span class='ocrx_word' id='word_1_150' title='bbox 2598 776 2652 824; x_wconf 88' lang='lat' dir='ltr'><strong>et</strong></span> <span class='ocrx_word' id='word_1_151' title='bbox 2685 780 2795 822; x_wconf 88' lang='lat' dir='ltr'><strong>non</strong></span> <span class='ocrx_word' id='word_1_152' title='bbox 2834 764 2948 819; x_wconf 83' lang='lat' dir='ltr'><strong>alio</strong></span> <span class='ocrx_word' id='word_1_153' title='bbox 2969 804 2985 828; x_wconf 89' lang='lat'><strong>,</strong></span> <span class='ocrx_word' id='word_1_154' title='bbox 3019 754 3245 818; x_wconf 84' lang='lat' dir='ltr'><strong>remedii</strong></span> <span class='ocrx_word' id='word_1_155' title='bbox 3278 758 3472 814; x_wconf 82' lang='lat' dir='ltr'><strong>modus</strong></span> 
     </span>
    </p>
   </div>
   <div class='ocr_carea' id='block_1_20' title="bbox 1904 851 3483 933">
    <p class='ocr_par' dir='ltr' id='par_1_20' title="bbox 1904 851 3483 933">
     <span class='ocr_line' id='line_1_20' title="bbox 1904 851 3483 933; baseline -0.007 -15"><span class='ocrx_word' id='word_1_156' title='bbox 1904 863 1970 918; x_wconf 87' lang='lat' dir='ltr'><strong>ad</strong></span> <span class='ocrx_word' id='word_1_157' title='bbox 2007 876 2109 918; x_wconf 90' lang='lat' dir='ltr'><strong>nos</strong></span> <span class='ocrx_word' id='word_1_158' title='bbox 2152 862 2305 933; x_wconf 85' lang='lat' dir='ltr'><strong>ipsos</strong></span> <span class='ocrx_word' id='word_1_159' title='bbox 2349 859 2589 917; x_wconf 85' lang='lat' dir='ltr'><strong>transire</strong></span> <span class='ocrx_word' id='word_1_160' title='bbox 2622 860 2859 930; x_wconf 74' lang='lat' dir='ltr'><strong>poterat.</strong></span> <span class='ocrx_word' id='word_1_161' title='bbox 2900 854 3113 911; x_wconf 68' lang='lat' dir='ltr'><strong>Etenim</strong></span> <span class='ocrx_word' id='word_1_162' title='bbox 3144 857 3337 908; x_wconf 78' lang='lat' dir='ltr'><strong>natura</strong></span> <span class='ocrx_word' id='word_1_163' title='bbox 3369 851 3483 907; x_wconf 61' lang='grc' dir='ltr'>ιιος</span> 
     </span>
    </p>
   </div>
   <div class='ocr_carea' id='block_1_21' title="bbox 1906 935 3475 1015">
    <p class='ocr_par' dir='ltr' id='par_1_21' title="bbox 1906 935 3475 1015">
     <span class='ocr_line' id='line_1_21' title="bbox 1906 935 3475 1015; baseline -0.006 -7"><span class='ocrx_word' id='word_1_164' title='bbox 1906 952 2070 1009; x_wconf 91' lang='lat' dir='ltr'><strong>minis</strong></span> <span class='ocrx_word' id='word_1_165' title='bbox 2097 952 2153 1006; x_wconf 94' lang='lat' dir='ltr'><strong>in</strong></span> <span class='ocrx_word' id='word_1_166' title='bbox 2191 951 2411 1005; x_wconf 82' lang='lat' dir='ltr'><strong>Christo</strong></span> <span class='ocrx_word' id='word_1_167' title='bbox 2441 935 2511 1003; x_wconf 84' lang='lat' dir='ltr'><strong>ad</strong></span> <span class='ocrx_word' id='word_1_168' title='bbox 2547 951 2895 1003; x_wconf 85' lang='lat' dir='ltr'><strong>novationem</strong></span> <span class='ocrx_word' id='word_1_169' title='bbox 2927 946 3054 1001; x_wconf 66' lang='lat' dir='ltr'><strong>vitae</strong></span> <span class='ocrx_word' id='word_1_170' title='bbox 3082 942 3250 1000; x_wconf 77' lang='lat' dir='ltr'><strong>veluti</strong></span> <span class='ocrx_word' id='word_1_171' title='bbox 3277 944 3475 1015; x_wconf 88' lang='lat' dir='ltr'><strong>primi-</strong></span> 
     </span>
    </p>
   </div>
   <div class='ocr_carea' id='block_1_22' title="bbox 1904 1040 3477 1111">
    <p class='ocr_par' dir='ltr' id='par_1_22' title="bbox 1904 1040 3477 1111">
     <span class='ocr_line' id='line_1_22' title="bbox 1904 1040 3477 1111; baseline -0.005 -10"><span class='ocrx_word' id='word_1_172' title='bbox 1904 1046 1993 1101; x_wconf 68' lang='lat' dir='ltr'><strong>tiae</strong></span> <span class='ocrx_word' id='word_1_173' title='bbox 2031 1040 2360 1105; x_wconf 66' lang='lat' dir='ltr'><strong>oﬁerebatur</strong></span> <span class='ocrx_word' id='word_1_174' title='bbox 2391 1060 2405 1096; x_wconf 91' lang='lat'>:</span> <span class='ocrx_word' id='word_1_175' title='bbox 2440 1041 2609 1110; x_wconf 89' lang='lat' dir='ltr'><strong>inque</strong></span> <span class='ocrx_word' id='word_1_176' title='bbox 2638 1040 2760 1111; x_wconf 89' lang='lat' dir='ltr'><strong>ipso</strong></span> <span class='ocrx_word' id='word_1_177' title='bbox 2790 1048 2845 1097; x_wconf 87' lang='lat' dir='ltr'><strong>et</strong></span> <span class='ocrx_word' id='word_1_178' title='bbox 2878 1052 3000 1111; x_wconf 72' lang='lat' dir='ltr'><strong>quae</strong></span> <span class='ocrx_word' id='word_1_179' title='bbox 3022 1046 3153 1095; x_wconf 87' lang='lat' dir='ltr'><strong>sunt</strong></span> <span class='ocrx_word' id='word_1_180' title='bbox 3190 1050 3353 1109; x_wconf 80' lang='lat' dir='ltr'><strong>supra</strong></span> <span class='ocrx_word' id='word_1_181' title='bbox 3385 1049 3477 1094; x_wconf 83' lang='lat' dir='ltr'><strong>na-</strong></span> 
     </span>
    </p>
   </div>
   <div class='ocr_carea' id='block_1_23' title="bbox 1906 1127 3479 1200">
    <p class='ocr_par' dir='ltr' id='par_1_23' title="bbox 1906 1127 3479 1200">
     <span class='ocr_line' id='line_1_23' title="bbox 1906 1127 3479 1200; baseline -0.006 -11"><span class='ocrx_word' id='word_1_182' title='bbox 1906 1142 2087 1189; x_wconf 89' lang='lat' dir='ltr'><strong>turam</strong></span> <span class='ocrx_word' id='word_1_183' title='bbox 2128 1133 2327 1187; x_wconf 88' lang='lat' dir='ltr'><strong>lucrati</strong></span> <span class='ocrx_word' id='word_1_184' title='bbox 2362 1146 2579 1187; x_wconf 82' lang='lat' dir='ltr'><strong>sumus.</strong></span> <span class='ocrx_word' id='word_1_185' title='bbox 2626 1129 2759 1184; x_wconf 83' lang='lat' dir='ltr'><strong>Nam</strong></span> <span class='ocrx_word' id='word_1_186' title='bbox 2794 1137 3020 1200; x_wconf 75' lang='lat' dir='ltr'><strong>propter</strong></span> <span class='ocrx_word' id='word_1_187' title='bbox 3058 1127 3163 1184; x_wconf 79' lang='lat' dir='ltr'><strong>hee</strong></span> <span class='ocrx_word' id='word_1_188' title='bbox 3195 1136 3249 1184; x_wconf 88' lang='lat' dir='ltr'><strong>et</strong></span> <span class='ocrx_word' id='word_1_189' title='bbox 3277 1134 3479 1183; x_wconf 80' lang='lat' dir='ltr'><strong>scena-</strong></span> 
     </span>
    </p>
   </div>
   <div class='ocr_carea' id='block_1_24' title="bbox 1907 1210 3475 1295">
    <p class='ocr_par' dir='ltr' id='par_1_24' title="bbox 1907 1210 3475 1295">
     <span class='ocr_line' id='line_1_24' title="bbox 1907 1210 3475 1295; baseline -0.006 -11"><span class='ocrx_word' id='word_1_190' title='bbox 1907 1228 2012 1283; x_wconf 89' lang='lat' dir='ltr'><strong>dus</strong></span> <span class='ocrx_word' id='word_1_191' title='bbox 2058 1226 2231 1283; x_wconf 86' lang='lat' dir='ltr'><strong>Adam</strong></span> <span class='ocrx_word' id='word_1_192' title='bbox 2275 1224 2585 1295; x_wconf 88' lang='lat' dir='ltr'><strong>appellatus</strong></span> <span class='ocrx_word' id='word_1_193' title='bbox 2633 1229 2720 1277; x_wconf 86' lang='lat' dir='ltr'><strong>est</strong></span> <span class='ocrx_word' id='word_1_194' title='bbox 2771 1221 2827 1276; x_wconf 88' lang='lat' dir='ltr'><strong>in</strong></span> <span class='ocrx_word' id='word_1_195' title='bbox 2887 1221 3093 1276; x_wconf 78' lang='lat' dir='ltr'><strong>divinis</strong></span> <span class='ocrx_word' id='word_1_196' title='bbox 3149 1210 3475 1290; x_wconf 84' lang='lat' dir='ltr'><strong>Scripturis.</strong></span> 
     </span>
    </p>
   </div>
   <div class='ocr_carea' id='block_1_25' title="bbox 1907 1309 3479 1384">
    <p class='ocr_par' dir='ltr' id='par_1_25' title="bbox 1907 1309 3479 1384">
     <span class='ocr_line' id='line_1_25' title="bbox 1907 1309 3479 1384; baseline -0.004 -13"><span class='ocrx_word' id='word_1_197' title='bbox 1907 1314 2373 1384; x_wconf 79' lang='lat' dir='ltr'><strong>Quemadmodum</strong></span> <span class='ocrx_word' id='word_1_198' title='bbox 2396 1328 2528 1369; x_wconf 83' lang='lat' dir='ltr'><strong>vero</strong></span> <span class='ocrx_word' id='word_1_199' title='bbox 2554 1321 2814 1382; x_wconf 89' lang='lat' dir='ltr'><strong>tanquam</strong></span> <span class='ocrx_word' id='word_1_200' title='bbox 2848 1310 3012 1366; x_wconf 79' lang='lat' dir='ltr'><strong>homo</strong></span> <span class='ocrx_word' id='word_1_201' title='bbox 3045 1311 3239 1366; x_wconf 88' lang='lat' dir='ltr'><strong>esuriit</strong></span> <span class='ocrx_word' id='word_1_202' title='bbox 3275 1316 3327 1366; x_wconf 91' lang='lat' dir='ltr'><strong>et</strong></span> <span class='ocrx_word' id='word_1_203' title='bbox 3367 1309 3479 1365; x_wconf 88' lang='lat' dir='ltr'><strong>las-</strong></span> 
     </span>
    </p>
   </div>
   <div class='ocr_carea' id='block_1_26' title="bbox 1908 1395 3482 1470">
    <p class='ocr_par' dir='ltr' id='par_1_26' title="bbox 1908 1395 3482 1470">
     <span class='ocr_line' id='line_1_26' title="bbox 1908 1395 3482 1470; baseline -0.004 -10"><span class='ocrx_word' id='word_1_204' title='bbox 1908 1405 2150 1461; x_wconf 87' lang='lat' dir='ltr'><strong>situdine</strong></span> <span class='ocrx_word' id='word_1_205' title='bbox 2178 1402 2404 1467; x_wconf 76' lang='lat' dir='ltr'><strong>deiecit,</strong></span> <span class='ocrx_word' id='word_1_206' title='bbox 2435 1402 2517 1458; x_wconf 84' lang='lat' dir='ltr'><strong>sic</strong></span> <span class='ocrx_word' id='word_1_207' title='bbox 2543 1408 2598 1457; x_wconf 92' lang='lat' dir='ltr'><strong>et</strong></span> <span class='ocrx_word' id='word_1_208' title='bbox 2627 1415 2691 1456; x_wconf 82' lang='lat' dir='ltr'><strong>ex</strong></span> <span class='ocrx_word' id='word_1_209' title='bbox 2723 1399 2981 1469; x_wconf 78' lang='lat' dir='ltr'><strong>passione</strong></span> <span class='ocrx_word' id='word_1_210' title='bbox 3008 1400 3245 1470; x_wconf 84' lang='lat' dir='ltr'><strong>suscipit</strong></span> <span class='ocrx_word' id='word_1_211' title='bbox 3276 1395 3482 1455; x_wconf 84' lang='lat' dir='ltr'><strong>tumui-</strong></span> 
     </span>
    </p>
   </div>
   <div class='ocr_carea' id='block_1_27' title="bbox 1907 1489 3479 1563">
    <p class='ocr_par' dir='ltr' id='par_1_27' title="bbox 1907 1489 3479 1563">
     <span class='ocr_line' id='line_1_27' title="bbox 1907 1489 3479 1563; baseline -0.006 -11"><span class='ocrx_word' id='word_1_212' title='bbox 1907 1506 2056 1559; x_wconf 84' lang='lat' dir='ltr'><strong>tum,</strong></span> <span class='ocrx_word' id='word_1_213' title='bbox 2089 1502 2149 1550; x_wconf 90' lang='lat' dir='ltr'><strong>ut</strong></span> <span class='ocrx_word' id='word_1_214' title='bbox 2176 1495 2480 1553; x_wconf 79' lang='lat' dir='ltr'><strong>humanum</strong></span> <span class='ocrx_word' id='word_1_215' title='bbox 2510 1491 2663 1563; x_wconf 87' lang='lat' dir='ltr'><strong>quid.</strong></span> <span class='ocrx_word' id='word_1_216' title='bbox 2694 1489 3131 1547; x_wconf 76' lang='lat' dir='ltr'><strong>Perturbabatur</strong></span> <span class='ocrx_word' id='word_1_217' title='bbox 3159 1498 3340 1544; x_wconf 74' lang='lat' dir='ltr'><strong>autem</strong></span> <span class='ocrx_word' id='word_1_218' title='bbox 3371 1498 3479 1544; x_wconf 83' lang='lat' dir='ltr'><strong>non</strong></span> 
     </span>
    </p>
   </div>
   <div class='ocr_carea' id='block_1_28' title="bbox 1909 1580 3481 1653">
    <p class='ocr_par' dir='ltr' id='par_1_28' title="bbox 1909 1580 3481 1653">
     <span class='ocr_line' id='line_1_28' title="bbox 1909 1580 3481 1653; baseline -0.006 -10"><span class='ocrx_word' id='word_1_219' title='bbox 1909 1588 2054 1643; x_wconf 90' lang='lat' dir='ltr'><strong>sicut</strong></span> <span class='ocrx_word' id='word_1_220' title='bbox 2070 1602 2193 1653; x_wconf 88' lang='lat' dir='ltr'><strong>nos,</strong></span> <span class='ocrx_word' id='word_1_221' title='bbox 2217 1586 2311 1643; x_wconf 85' lang='lat' dir='ltr'><strong>sed</strong></span> <span class='ocrx_word' id='word_1_222' title='bbox 2330 1596 2557 1642; x_wconf 87' lang='lat' dir='ltr'><strong>eatenus</strong></span> <span class='ocrx_word' id='word_1_223' title='bbox 2574 1584 2858 1644; x_wconf 75' lang='lat' dir='ltr'><strong>duntaxat.</strong></span> <span class='ocrx_word' id='word_1_224' title='bbox 2874 1590 2934 1637; x_wconf 85' lang='lat' dir='ltr'><strong>ut</strong></span> <span class='ocrx_word' id='word_1_225' title='bbox 2955 1596 3121 1638; x_wconf 86' lang='lat' dir='ltr'><strong>sensu</strong></span> <span class='ocrx_word' id='word_1_226' title='bbox 3139 1580 3217 1636; x_wconf 88' lang='lat' dir='ltr'><strong>rei</strong></span> <span class='ocrx_word' id='word_1_227' title='bbox 3235 1580 3481 1635; x_wconf 88' lang='lat' dir='ltr'><strong>nonnihil</strong></span> 
     </span>
    </p>
   </div>
   <div class='ocr_carea' id='block_1_29' title="bbox 1910 1667 3482 1752">
    <p class='ocr_par' dir='ltr' id='par_1_29' title="bbox 1910 1667 3482 1752">
     <span class='ocr_line' id='line_1_29' title="bbox 1910 1667 3482 1752; baseline -0.008 -16"><span class='ocrx_word' id='word_1_228' title='bbox 1910 1689 2247 1752; x_wconf 86' lang='lat' dir='ltr'><strong>tangeretur,</strong></span> <span class='ocrx_word' id='word_1_229' title='bbox 2273 1676 2473 1734; x_wconf 84' lang='lat' dir='ltr'><strong>deinde</strong></span> <span class='ocrx_word' id='word_1_230' title='bbox 2505 1676 2690 1731; x_wconf 85' lang='lat' dir='ltr'><strong>statim</strong></span> <span class='ocrx_word' id='word_1_231' title='bbox 2722 1673 2789 1729; x_wconf 88' lang='lat' dir='ltr'><strong>ad</strong></span> <span class='ocrx_word' id='word_1_232' title='bbox 2822 1672 3043 1743; x_wconf 82' lang='lat' dir='ltr'><strong>dignam</strong></span> <span class='ocrx_word' id='word_1_233' title='bbox 3075 1672 3162 1727; x_wconf 75' lang='lat' dir='ltr'><strong>sui</strong></span> <span class='ocrx_word' id='word_1_234' title='bbox 3198 1667 3482 1725; x_wconf 82' lang='lat' dir='ltr'><strong>conliden-</strong></span> 
     </span>
    </p>
   </div>
   <div class='ocr_carea' id='block_1_30' title="bbox 234 1759 1811 1860">
    <p class='ocr_par' dir='ltr' id='par_1_30' title="bbox 234 1759 1808 1860">
     <span class='ocr_line' id='line_1_30' title="bbox 234 1759 1808 1860; baseline -0.008 -16"><span class='ocrx_word' id='word_1_235' title='bbox 234 1759 477 1860; x_wconf 71' lang='grc' dir='ltr'>λογικήν.</span> <span class='ocrx_word' id='word_1_236' title='bbox 517 1759 724 1857; x_wconf 62' lang='grc' dir='ltr'>Ὥσπερ</span> <span class='ocrx_word' id='word_1_237' title='bbox 742 1784 850 1856; x_wconf 82' lang='grc' dir='ltr'><strong>γὰρ</strong></span> <span class='ocrx_word' id='word_1_238' title='bbox 875 1784 951 1855; x_wconf 76' lang='grc' dir='ltr'>τῷ</span> <span class='ocrx_word' id='word_1_239' title='bbox 979 1759 1234 1853; x_wconf 81' lang='grc' dir='ltr'>πεινῆσαι</span> <span class='ocrx_word' id='word_1_240' title='bbox 1260 1778 1475 1853; x_wconf 74' lang='grc' dir='ltr'>τυχδνῆ</span> <span class='ocrx_word' id='word_1_241' title='bbox 1504 1759 1674 1853; x_wconf 73' lang='grc' dir='ltr'>ἑτέρῳ</span> <span class='ocrx_word' id='word_1_242' title='bbox 1701 1780 1808 1833; x_wconf 77' lang='grc' dir='ltr'>τινὶ</span> 
     </span>
    </p>
   </div>
   <div class='ocr_carea' id='block_1_31' title="bbox 1911 1759 3482 1860">
    <p class='ocr_par' dir='ltr' id='par_1_31' title="bbox 1911 1759 3482 1835">
     <span class='ocr_line' id='line_1_31' title="bbox 1911 1759 3482 1835; baseline -0.01 -10"><span class='ocrx_word' id='word_1_243' title='bbox 1911 1773 2041 1825; x_wconf 89' lang='lat' dir='ltr'><strong>tiam</strong></span> <span class='ocrx_word' id='word_1_244' title='bbox 2070 1771 2295 1825; x_wconf 82' lang='lat' dir='ltr'><strong>rediret.</strong></span> <span class='ocrx_word' id='word_1_245' title='bbox 2334 1768 2413 1823; x_wconf 81' lang='lat' dir='ltr'><strong>Ex</strong></span> <span class='ocrx_word' id='word_1_246' title='bbox 2437 1766 2523 1822; x_wconf 89' lang='lat' dir='ltr'><strong>his</strong></span> <span class='ocrx_word' id='word_1_247' title='bbox 2558 1766 2749 1835; x_wconf 87' lang='lat' dir='ltr'><strong>utique</strong></span> <span class='ocrx_word' id='word_1_248' title='bbox 2789 1771 2939 1834; x_wconf 83' lang='lat' dir='ltr'><strong>patet</strong></span> <span class='ocrx_word' id='word_1_249' title='bbox 2964 1774 3091 1816; x_wconf 77' lang='lat' dir='ltr'><strong>eum</strong></span> <span class='ocrx_word' id='word_1_250' title='bbox 3127 1759 3366 1814; x_wconf 90' lang='lat' dir='ltr'><strong>animam</strong></span> <span class='ocrx_word' id='word_1_251' title='bbox 3393 1771 3482 1811; x_wconf 88' lang='lat' dir='ltr'><strong>ra-</strong></span> 
     </span>
    </p>
   </div>
   <div class='ocr_carea' id='block_1_32' title="bbox 231 1838 1811 1949">
    <p class='ocr_par' dir='ltr' id='par_1_32' title="bbox 231 1838 1805 1949">
     <span class='ocr_line' id='line_1_32' title="bbox 231 1838 1805 1949; baseline -0.008 -13"><span class='ocrx_word' id='word_1_252' title='bbox 231 1838 338 1939; x_wconf 53' lang='grc' dir='ltr'>τῶν</span> <span class='ocrx_word' id='word_1_253' title='bbox 360 1838 617 1937; x_wconf 66' lang='grc' dir='ltr'>τοιούτων</span> <span class='ocrx_word' id='word_1_254' title='bbox 658 1838 997 1949; x_wconf 62' lang='grc' dir='ltr'>περιπεσεῖν,</span> <span class='ocrx_word' id='word_1_255' title='bbox 1046 1838 1176 1929; x_wconf 70' lang='grc' dir='ltr'>ἴδιον</span> <span class='ocrx_word' id='word_1_256' title='bbox 1226 1838 1566 1944; x_wconf 54' lang='grc' dir='ltr'>τῆς“σαρκδς</span> <span class='ocrx_word' id='word_1_257' title='bbox 1596 1838 1805 1935; x_wconf 62' lang='grc' dir='ltr'>πάθος,</span> 
     </span>
    </p>
   </div>
   <div class='ocr_carea' id='block_1_33' title="bbox 1911 1838 3488 1949">
    <p class='ocr_par' dir='ltr' id='par_1_33' title="bbox 1913 1848 3488 1935">
     <span class='ocr_line' id='line_1_33' title="bbox 1913 1848 3488 1935; baseline -0.01 -17"><span class='ocrx_word' id='word_1_258' title='bbox 1913 1863 2172 1921; x_wconf 87' lang='lat' dir='ltr'><strong>tionalem</strong></span> <span class='ocrx_word' id='word_1_259' title='bbox 2197 1860 2480 1915; x_wconf 82' lang='lat' dir='ltr'><strong>habuisse.</strong></span> <span class='ocrx_word' id='word_1_260' title='bbox 2500 1857 2574 1916; x_wconf 87' lang='lat' dir='ltr'><strong>Ut</strong></span> <span class='ocrx_word' id='word_1_261' title='bbox 2605 1856 2751 1913; x_wconf 83' lang='lat' dir='ltr'><strong>enim</strong></span> <span class='ocrx_word' id='word_1_262' title='bbox 2778 1855 2834 1911; x_wconf 87' lang='lat' dir='ltr'><strong>in</strong></span> <span class='ocrx_word' id='word_1_263' title='bbox 2857 1851 3214 1910; x_wconf 78' lang='lat' dir='ltr'><strong>esuritionem</strong></span> <span class='ocrx_word' id='word_1_264' title='bbox 3241 1852 3372 1921; x_wconf 86' lang='lat' dir='ltr'><strong>puta</strong></span> <span class='ocrx_word' id='word_1_265' title='bbox 3397 1848 3488 1935; x_wconf 85' lang='lat' dir='ltr'><strong>vel</strong></span> 
     </span>
    </p>
   </div>
   <div class='ocr_carea' id='block_1_34' title="bbox 230 1962 1808 2040">
    <p class='ocr_par' dir='ltr' id='par_1_34' title="bbox 230 1962 1808 2040">
     <span class='ocr_line' id='line_1_34' title="bbox 230 1962 1808 2040; baseline -0.004 -16"><span class='ocrx_word' id='word_1_266' title='bbox 230 1971 489 2025; x_wconf 72' lang='grc' dir='ltr'>οὕτωκαὶ</span> <span class='ocrx_word' id='word_1_267' title='bbox 513 1970 579 2023; x_wconf 81' lang='grc' dir='ltr'><strong>τὸ</strong></span> <span class='ocrx_word' id='word_1_268' title='bbox 601 1967 959 2040; x_wconf 76' lang='grc' dir='ltr'><strong>ταράττεσθαι</strong></span> <span class='ocrx_word' id='word_1_269' title='bbox 992 1966 1080 2019; x_wconf 81' lang='grc' dir='ltr'>διὰ</span> <span class='ocrx_word' id='word_1_270' title='bbox 1119 1962 1338 2036; x_wconf 80' lang='grc' dir='ltr'><strong>μνήμης</strong></span> <span class='ocrx_word' id='word_1_271' title='bbox 1377 1965 1478 2034; x_wconf 82' lang='grc' dir='ltr'><strong>τῆς</strong></span> <span class='ocrx_word' id='word_1_272' title='bbox 1530 1963 1638 2017; x_wconf 81' lang='grc' dir='ltr'><strong>τῶν</strong></span> <span class='ocrx_word' id='word_1_273' title='bbox 1699 1963 1808 2017; x_wconf 87' lang='grc' dir='ltr'>δει-</span> 
     </span>
    </p>
   </div>
   <div class='ocr_carea' id='block_1_35' title="bbox 229 2046 1811 2129">
    <p class='ocr_par' dir='ltr' id='par_1_35' title="bbox 229 2046 1811 2129">
     <span class='ocr_line' id='line_1_35' title="bbox 229 2046 1811 2129; baseline -0.004 -18"><span class='ocrx_word' id='word_1_274' title='bbox 229 2058 355 2123; x_wconf 80' lang='grc' dir='ltr'>νῶν,</span> <span class='ocrx_word' id='word_1_275' title='bbox 387 2057 568 2129; x_wconf 80' lang='grc' dir='ltr'>ψυχῆς</span> <span class='ocrx_word' id='word_1_276' title='bbox 598 2056 664 2110; x_wconf 75' lang='grc' dir='ltr'>ἂν</span> <span class='ocrx_word' id='word_1_277' title='bbox 702 2056 785 2127; x_wconf 73' lang='grc' dir='ltr'>εἴη</span> <span class='ocrx_word' id='word_1_278' title='bbox 813 2055 983 2118; x_wconf 87' lang='grc' dir='ltr'>πάθος</span> <span class='ocrx_word' id='word_1_279' title='bbox 1029 2055 1130 2125; x_wconf 89' lang='grc' dir='ltr'><strong>τῆς</strong></span> <span class='ocrx_word' id='word_1_280' title='bbox 1180 2052 1424 2123; x_wconf 84' lang='grc' dir='ltr'><strong>λογικῆς,</strong></span> <span class='ocrx_word' id='word_1_281' title='bbox 1473 2046 1621 2127; x_wconf 74' lang='grc' dir='ltr'>ᾖκαὶ</span> <span class='ocrx_word' id='word_1_282' title='bbox 1673 2052 1811 2125; x_wconf 79' lang='grc' dir='ltr'>μόνῃ</span> 
     </span>
    </p>
   </div>
   <div class='ocr_carea' id='block_1_36' title="bbox 231 2142 1806 2220">
    <p class='ocr_par' dir='ltr' id='par_1_36' title="bbox 231 2142 1806 2220">
     <span class='ocr_line' id='line_1_36' title="bbox 231 2142 1806 2220; baseline -0.012 -16"><span class='ocrx_word' id='word_1_283' title='bbox 231 2152 362 2220; x_wconf 75' lang='grc' dir='ltr'>ἡμῖν</span> <span class='ocrx_word' id='word_1_284' title='bbox 381 2149 469 2204; x_wconf 75' lang='grc' dir='ltr'><strong>διὰ</strong></span> <span class='ocrx_word' id='word_1_285' title='bbox 492 2148 602 2202; x_wconf 84' lang='grc' dir='ltr'>τῶν</span> <span class='ocrx_word' id='word_1_286' title='bbox 633 2148 984 2218; x_wconf 81' lang='grc' dir='ltr'>ἐνθυμήσεων</span> <span class='ocrx_word' id='word_1_287' title='bbox 1019 2144 1420 2216; x_wconf 82' lang='grc' dir='ltr'>ἐπεισκρίνεται</span> <span class='ocrx_word' id='word_1_288' title='bbox 1459 2146 1665 2216; x_wconf 69' lang='grc' dir='ltr'>μνήμῃ,</span> <span class='ocrx_word' id='word_1_289' title='bbox 1697 2142 1806 2197; x_wconf 68' lang='grc' dir='ltr'><strong>οτι..</strong></span> 
     </span>
    </p>
   </div>
   <div class='ocr_carea' id='block_1_37' title="bbox 232 2235 1811 2310">
    <p class='ocr_par' dir='ltr' id='par_1_37' title="bbox 232 2235 1811 2310">
     <span class='ocr_line' id='line_1_37' title="bbox 232 2235 1811 2310; baseline -0.003 -18"><span class='ocrx_word' id='word_1_290' title='bbox 232 2252 319 2292; x_wconf 78' lang='grc' dir='ltr'><strong>πω</strong></span> <span class='ocrx_word' id='word_1_291' title='bbox 340 2239 448 2310; x_wconf 83' lang='grc' dir='ltr'>γὰρ</span> <span class='ocrx_word' id='word_1_292' title='bbox 479 2241 538 2292; x_wconf 83' lang='grc' dir='ltr'><strong>ἐν</strong></span> <span class='ocrx_word' id='word_1_293' title='bbox 566 2238 715 2308; x_wconf 83' lang='grc' dir='ltr'>αύτῷ</span> <span class='ocrx_word' id='word_1_294' title='bbox 741 2238 818 2307; x_wconf 79' lang='grc' dir='ltr'>τῷ</span> <span class='ocrx_word' id='word_1_295' title='bbox 842 2236 1061 2308; x_wconf 80' lang='grc' dir='ltr'><strong>σταυρῷ</strong></span> <span class='ocrx_word' id='word_1_296' title='bbox 1085 2237 1310 2305; x_wconf 82' lang='grc' dir='ltr'>γέγονεν</span> <span class='ocrx_word' id='word_1_297' title='bbox 1339 2238 1367 2288; x_wconf 78' lang='grc' dir='ltr'>ὁ</span> <span class='ocrx_word' id='word_1_298' title='bbox 1389 2236 1643 2307; x_wconf 85' lang='grc' dir='ltr'>Χριστός.</span> <span class='ocrx_word' id='word_1_299' title='bbox 1676 2235 1811 2305; x_wconf 86' lang='grc' dir='ltr'>Πρό-</span> 
     </span>
    </p>
   </div>
   <div class='ocr_carea' id='block_1_38' title="bbox 232 2325 1811 2399">
    <p class='ocr_par' dir='ltr' id='par_1_38' title="bbox 232 2325 1811 2399">
     <span class='ocr_line' id='line_1_38' title="bbox 232 2325 1811 2399; baseline -0.004 -13"><span class='ocrx_word' id='word_1_300' title='bbox 232 2347 374 2398; x_wconf 78' lang='grc' dir='ltr'>ωρον</span> <span class='ocrx_word' id='word_1_301' title='bbox 398 2326 491 2383; x_wconf 77' lang='grc' dir='ltr'><strong>οὖν</strong></span> <span class='ocrx_word' id='word_1_302' title='bbox 525 2329 783 2399; x_wconf 78' lang='grc' dir='ltr'>ὑπομένει</span> <span class='ocrx_word' id='word_1_303' title='bbox 805 2328 894 2380; x_wconf 80' lang='grc' dir='ltr'><strong>τὸν</strong></span> <span class='ocrx_word' id='word_1_304' title='bbox 924 2327 1172 2398; x_wconf 75' lang='grc' dir='ltr'>θόρυϐον,</span> <span class='ocrx_word' id='word_1_305' title='bbox 1199 2325 1693 2397; x_wconf 84' lang='grc' dir='ltr'>προαναθεωρήσας</span> <span class='ocrx_word' id='word_1_306' title='bbox 1716 2326 1811 2396; x_wconf 77' lang='grc' dir='ltr'>δη-</span> 
     </span>
    </p>
   </div>
   <div class='ocr_carea' id='block_1_39' title="bbox 234 2415 1810 2491">
    <p class='ocr_par' dir='ltr' id='par_1_39' title="bbox 234 2415 1810 2491">
     <span class='ocr_line' id='line_1_39' title="bbox 234 2415 1810 2491; baseline -0.004 -17"><span class='ocrx_word' id='word_1_307' title='bbox 234 2420 409 2475; x_wconf 74' lang='grc' dir='ltr'>λονότι</span> <span class='ocrx_word' id='word_1_308' title='bbox 443 2419 505 2472; x_wconf 82' lang='grc' dir='ltr'>τὸ</span> <span class='ocrx_word' id='word_1_309' title='bbox 531 2418 741 2491; x_wconf 79' lang='grc' dir='ltr'><strong>μέλλον,</strong></span> <span class='ocrx_word' id='word_1_310' title='bbox 767 2421 859 2471; x_wconf 72' lang='grc' dir='ltr'>καὶ</span> <span class='ocrx_word' id='word_1_311' title='bbox 880 2419 957 2487; x_wconf 85' lang='grc' dir='ltr'><strong>τῷ</strong></span> <span class='ocrx_word' id='word_1_312' title='bbox 984 2417 1229 2487; x_wconf 80' lang='grc' dir='ltr'>λογισμῷ</span> <span class='ocrx_word' id='word_1_313' title='bbox 1267 2418 1399 2487; x_wconf 83' lang='grc' dir='ltr'>πρὸς</span> <span class='ocrx_word' id='word_1_314' title='bbox 1430 2416 1528 2486; x_wconf 81' lang='grc' dir='ltr'>τὴν</span> <span class='ocrx_word' id='word_1_315' title='bbox 1561 2415 1670 2468; x_wconf 82' lang='grc' dir='ltr'>τῶν</span> <span class='ocrx_word' id='word_1_316' title='bbox 1690 2417 1810 2467; x_wconf 79' lang='grc' dir='ltr'>ἐσοο</span> 
     </span>
    </p>
   </div>
   <div class='ocr_carea' id='block_1_40' title="bbox 240 2504 1813 2581">
    <p class='ocr_par' dir='ltr' id='par_1_40' title="bbox 240 2504 1813 2581">
     <span class='ocr_line' id='line_1_40' title="bbox 240 2504 1813 2581; baseline -0.004 -18"><span class='ocrx_word' id='word_1_317' title='bbox 240 2509 419 2581; x_wconf 77' lang='grc' dir='ltr'>μένων</span> <span class='ocrx_word' id='word_1_318' title='bbox 454 2511 674 2581; x_wconf 84' lang='grc' dir='ltr'>μνήμην</span> <span class='ocrx_word' id='word_1_319' title='bbox 722 2507 1058 2577; x_wconf 81' lang='grc' dir='ltr'>ὑπενεχθείς.</span> <span class='ocrx_word' id='word_1_320' title='bbox 1098 2508 1169 2559; x_wconf 84' lang='grc' dir='ltr'><strong>Τὸ</strong></span> <span class='ocrx_word' id='word_1_321' title='bbox 1201 2507 1310 2576; x_wconf 75' lang='grc' dir='ltr'><strong>γὰρ</strong></span> <span class='ocrx_word' id='word_1_322' title='bbox 1335 2507 1433 2578; x_wconf 81' lang='grc' dir='ltr'><strong>τῆς</strong></span> <span class='ocrx_word' id='word_1_323' title='bbox 1469 2504 1667 2568; x_wconf 77' lang='grc' dir='ltr'><strong>δειλίας</strong></span> <span class='ocrx_word' id='word_1_324' title='bbox 1710 2504 1813 2558; x_wconf 86' lang='grc' dir='ltr'>πά-</span> 
     </span>
    </p>
   </div>
   <div class='ocr_carea' id='block_1_41' title="bbox 238 2592 1813 2668">
    <p class='ocr_par' dir='ltr' id='par_1_41' title="bbox 238 2592 1813 2668">
     <span class='ocr_line' id='line_1_41' title="bbox 238 2592 1813 2668; baseline -0.004 -16"><span class='ocrx_word' id='word_1_325' title='bbox 238 2598 350 2662; x_wconf 85' lang='grc' dir='ltr'>θος,</span> <span class='ocrx_word' id='word_1_326' title='bbox 386 2596 509 2651; x_wconf 70' lang='grc' dir='ltr'>οὔτε</span> <span class='ocrx_word' id='word_1_327' title='bbox 533 2599 632 2668; x_wconf 84' lang='grc' dir='ltr'><strong>τῆς</strong></span> <span class='ocrx_word' id='word_1_328' title='bbox 669 2596 913 2659; x_wconf 66' lang='grc' dir='ltr'>ἀπαθοῦς</span> <span class='ocrx_word' id='word_1_329' title='bbox 932 2598 1180 2667; x_wconf 87' lang='grc' dir='ltr'>είποιμεν</span> <span class='ocrx_word' id='word_1_330' title='bbox 1214 2596 1484 2665; x_wconf 86' lang='grc' dir='ltr'>θεότητος,</span> <span class='ocrx_word' id='word_1_331' title='bbox 1538 2594 1663 2647; x_wconf 72' lang='grc' dir='ltr'>οὔτε</span> <span class='ocrx_word' id='word_1_332' title='bbox 1708 2592 1813 2667; x_wconf 79' lang='grc' dir='ltr'><strong>μὴν</strong></span> 
     </span>
    </p>
   </div>
   <div class='ocr_carea' id='block_1_42' title="bbox 236 2686 1809 2759">
    <p class='ocr_par' dir='ltr' id='par_1_42' title="bbox 236 2686 1809 2759">
     <span class='ocr_line' id='line_1_42' title="bbox 236 2686 1809 2759; baseline -0.002 -18"><span class='ocrx_word' id='word_1_333' title='bbox 236 2689 338 2758; x_wconf 88' lang='grc' dir='ltr'><strong>τῆς</strong></span> <span class='ocrx_word' id='word_1_334' title='bbox 357 2687 558 2759; x_wconf 76' lang='grc' dir='ltr'>σαρκός</span> <span class='ocrx_word' id='word_1_335' title='bbox 592 2704 605 2719; x_wconf 76' lang='grc' dir='ltr'><strong>ο</strong></span> <span class='ocrx_word' id='word_1_336' title='bbox 636 2687 909 2757; x_wconf 78' lang='grc' dir='ltr'>λογισμῶν</span> <span class='ocrx_word' id='word_1_337' title='bbox 942 2687 1050 2758; x_wconf 87' lang='grc' dir='ltr'><strong>γάρ</strong></span> <span class='ocrx_word' id='word_1_338' title='bbox 1082 2689 1196 2740; x_wconf 82' lang='grc' dir='ltr'>ἐστι</span> <span class='ocrx_word' id='word_1_339' title='bbox 1219 2686 1419 2757; x_wconf 79' lang='grc' dir='ltr'>ψυχῆς,</span> <span class='ocrx_word' id='word_1_340' title='bbox 1465 2687 1561 2739; x_wconf 75' lang='grc' dir='ltr'><strong>καὶ</strong></span> <span class='ocrx_word' id='word_1_341' title='bbox 1590 2687 1653 2739; x_wconf 86' lang='grc' dir='ltr'><strong>ού</strong></span> <span class='ocrx_word' id='word_1_342' title='bbox 1680 2701 1809 2756; x_wconf 84' lang='grc' dir='ltr'>σαρ-</span> 
     </span>
    </p>
   </div>
   <div class='ocr_carea' id='block_1_43' title="bbox 238 2776 1814 2848">
    <p class='ocr_par' dir='ltr' id='par_1_43' title="bbox 238 2776 1814 2848">
     <span class='ocr_line' id='line_1_43' title="bbox 238 2776 1814 2848; baseline -0.003 -15"><span class='ocrx_word' id='word_1_343' title='bbox 238 2779 332 2843; x_wconf 75' lang='grc' dir='ltr'>κὸς</span> <span class='ocrx_word' id='word_1_344' title='bbox 357 2778 419 2832; x_wconf 79' lang='grc' dir='ltr'><strong>τὸ</strong></span> <span class='ocrx_word' id='word_1_345' title='bbox 445 2780 635 2842; x_wconf 84' lang='grc' dir='ltr'>πάθος.</span> <span class='ocrx_word' id='word_1_346' title='bbox 669 2777 731 2831; x_wconf 83' lang='lat' dir='ltr'><strong>El</strong></span> <span class='ocrx_word' id='word_1_347' title='bbox 754 2779 811 2837; x_wconf 79' lang='grc' dir='ltr'>δὲ</span> <span class='ocrx_word' id='word_1_348' title='bbox 842 2779 935 2832; x_wconf 77' lang='grc' dir='ltr'>καὶ</span> <span class='ocrx_word' id='word_1_349' title='bbox 957 2779 1014 2831; x_wconf 74' lang='grc' dir='ltr'><strong>τὸ</strong></span> <span class='ocrx_word' id='word_1_350' title='bbox 1038 2777 1229 2846; x_wconf 79' lang='grc' dir='ltr'>άλογον</span> <span class='ocrx_word' id='word_1_351' title='bbox 1263 2777 1383 2847; x_wconf 72' lang='grc' dir='ltr'>ἕχον</span> <span class='ocrx_word' id='word_1_352' title='bbox 1426 2776 1606 2848; x_wconf 78' lang='grc' dir='ltr'>ψυχὴν</span> <span class='ocrx_word' id='word_1_353' title='bbox 1656 2776 1814 2846; x_wconf 84' lang='grc' dir='ltr'>θορυ-</span> 
     </span>
    </p>
   </div>
   <div class='ocr_carea' id='block_1_44' title="bbox 242 2867 1812 2944">
    <p class='ocr_par' dir='ltr' id='par_1_44' title="bbox 242 2867 1812 2944">
     <span class='ocr_line' id='line_1_44' title="bbox 242 2867 1812 2944; baseline -0.002 -18"><span class='ocrx_word' id='word_1_354' title='bbox 242 2874 416 2928; x_wconf 71' lang='grc' dir='ltr'>δεῖται</span> <span class='ocrx_word' id='word_1_355' title='bbox 457 2874 552 2927; x_wconf 76' lang='grc' dir='ltr'>καὶ</span> <span class='ocrx_word' id='word_1_356' title='bbox 572 2875 916 2944; x_wconf 77' lang='grc' dir='ltr'>ταράττεται,</span> <span class='ocrx_word' id='word_1_357' title='bbox 940 2872 1052 2926; x_wconf 80' lang='grc' dir='ltr'>ἀλλ’</span> <span class='ocrx_word' id='word_1_358' title='bbox 1080 2873 1142 2924; x_wconf 82' lang='grc' dir='ltr'><strong>οὐ</strong></span> <span class='ocrx_word' id='word_1_359' title='bbox 1174 2871 1264 2925; x_wconf 85' lang='grc' dir='ltr'>διὰ</span> <span class='ocrx_word' id='word_1_360' title='bbox 1297 2873 1535 2943; x_wconf 81' lang='grc' dir='ltr'>μνήμης,</span> <span class='ocrx_word' id='word_1_361' title='bbox 1565 2871 1684 2924; x_wconf 70' lang='grc' dir='ltr'>οὐδὲ</span> <span class='ocrx_word' id='word_1_362' title='bbox 1722 2867 1812 2923; x_wconf 88' lang='grc' dir='ltr'>λο-</span> 
     </span>
    </p>
   </div>
   <div class='ocr_carea' id='block_1_45' title="bbox 241 2962 1812 3043">
    <p class='ocr_par' dir='ltr' id='par_1_45' title="bbox 241 2962 1812 3043">
     <span class='ocr_line' id='line_1_45' title="bbox 241 2962 1812 3043; baseline -0.003 -24"><span class='ocrx_word' id='word_1_363' title='bbox 241 2965 515 3043; x_wconf 81' lang='grc' dir='ltr'>γισμῷ,τὺ</span> <span class='ocrx_word' id='word_1_364' title='bbox 542 2966 798 3035; x_wconf 75' lang='grc' dir='ltr'>ἐσόμενον</span> <span class='ocrx_word' id='word_1_365' title='bbox 828 2962 1280 3035; x_wconf 84' lang='grc' dir='ltr'>προανασκοποῦν</span> <span class='ocrx_word' id='word_1_366' title='bbox 1302 2964 1471 3026; x_wconf 81' lang='grc' dir='ltr'>πάθος</span> <span class='ocrx_word' id='word_1_367' title='bbox 1497 2964 1589 3016; x_wconf 73' lang='grc' dir='ltr'><strong>ἐπὶ</strong></span> <span class='ocrx_word' id='word_1_368' title='bbox 1613 2962 1812 3016; x_wconf 83' lang='grc' dir='ltr'>δειλίαν</span> 
     </span>
    </p>
   </div>
   <div class='ocr_carea' id='block_1_46' title="bbox 242 3054 1809 3129">
    <p class='ocr_par' dir='ltr' id='par_1_46' title="bbox 242 3054 1809 3129">
     <span class='ocr_line' id='line_1_46' title="bbox 242 3054 1809 3129; baseline -0.001 -19"><span class='ocrx_word' id='word_1_369' title='bbox 242 3058 477 3129; x_wconf 59' lang='grc' dir='ltr'>ἔρχεται,</span> <span class='ocrx_word' id='word_1_370' title='bbox 500 3057 616 3111; x_wconf 81' lang='grc' dir='ltr'><strong>ἀλλ’</strong></span> <span class='ocrx_word' id='word_1_371' title='bbox 646 3059 772 3111; x_wconf 79' lang='grc' dir='ltr'>ὅταν</span> <span class='ocrx_word' id='word_1_372' title='bbox 795 3055 977 3119; x_wconf 72' lang='grc' dir='ltr'>αὐτοῖς</span> <span class='ocrx_word' id='word_1_373' title='bbox 998 3055 1202 3113; x_wconf 83' lang='grc' dir='ltr'>ἁλῶναι</span> <span class='ocrx_word' id='word_1_374' title='bbox 1220 3054 1441 3125; x_wconf 80' lang='grc' dir='ltr'>γένηται</span> <span class='ocrx_word' id='word_1_375' title='bbox 1460 3055 1573 3117; x_wconf 80' lang='grc' dir='ltr'>τοῖς</span> <span class='ocrx_word' id='word_1_376' title='bbox 1601 3056 1809 3117; x_wconf 77' lang='grc' dir='ltr'>κακοῖς,</span> 
     </span>
    </p>
   </div>
   <div class='ocr_carea' id='block_1_47' title="bbox 1910 1932 3493 2024">
    <p class='ocr_par' dir='ltr' id='par_1_47' title="bbox 1910 1932 3493 2024">
     <span class='ocr_line' id='line_1_47' title="bbox 1910 1932 3493 2024; baseline -0.009 -15"><span class='ocrx_word' id='word_1_377' title='bbox 1910 1955 2057 2009; x_wconf 84' lang='lat' dir='ltr'><strong>aliud</strong></span> <span class='ocrx_word' id='word_1_378' title='bbox 2081 1952 2352 2024; x_wconf 81' lang='lat' dir='ltr'><strong>ejusmodi</strong></span> <span class='ocrx_word' id='word_1_379' title='bbox 2378 1950 2645 2014; x_wconf 88' lang='lat' dir='ltr'><strong>incidere,</strong></span> <span class='ocrx_word' id='word_1_380' title='bbox 2674 1946 2894 2018; x_wconf 85' lang='lat' dir='ltr'><strong>propria</strong></span> <span class='ocrx_word' id='word_1_381' title='bbox 2925 1952 3010 2001; x_wconf 85' lang='lat' dir='ltr'><strong>est</strong></span> <span class='ocrx_word' id='word_1_382' title='bbox 3034 1942 3219 1999; x_wconf 76' lang='lat' dir='ltr'><strong>eat-nis</strong></span> <span class='ocrx_word' id='word_1_383' title='bbox 3244 1932 3493 2005; x_wconf 52' lang='lat' dir='ltr'><strong>affectio,</strong></span> 
     </span>
    </p>
   </div>
   <div class='ocr_carea' id='block_1_48' title="bbox 1908 2031 3483 2109">
    <p class='ocr_par' dir='ltr' id='par_1_48' title="bbox 1908 2031 3483 2109">
     <span class='ocr_line' id='line_1_48' title="bbox 1908 2031 3483 2109; baseline -0.012 -5"><span class='ocrx_word' id='word_1_384' title='bbox 1908 2048 1990 2104; x_wconf 84' lang='lat' dir='ltr'><strong>sic</strong></span> <span class='ocrx_word' id='word_1_385' title='bbox 2019 2053 2075 2101; x_wconf 91' lang='lat' dir='ltr'><strong>et</strong></span> <span class='ocrx_word' id='word_1_386' title='bbox 2108 2046 2377 2101; x_wconf 89' lang='lat' dir='ltr'><strong>malorum</strong></span> <span class='ocrx_word' id='word_1_387' title='bbox 2408 2041 2670 2098; x_wconf 84' lang='lat' dir='ltr'><strong>memoria</strong></span> <span class='ocrx_word' id='word_1_388' title='bbox 2693 2055 2757 2096; x_wconf 85' lang='lat' dir='ltr'><strong>ac</strong></span> <span class='ocrx_word' id='word_1_389' title='bbox 2785 2035 3117 2109; x_wconf 73' lang='lat' dir='ltr'><strong>cogitatione</strong></span> <span class='ocrx_word' id='word_1_390' title='bbox 3150 2031 3483 2106; x_wconf 81' lang='lat' dir='ltr'><strong>perturbari,</strong></span> 
     </span>
    </p>
   </div>
   <div class='ocr_carea' id='block_1_49' title="bbox 1908 2121 3499 2208">
    <p class='ocr_par' dir='ltr' id='par_1_49' title="bbox 1908 2121 3499 2208">
     <span class='ocr_line' id='line_1_49' title="bbox 1908 2121 3499 2208; baseline -0.008 -19"><span class='ocrx_word' id='word_1_391' title='bbox 1908 2146 2140 2208; x_wconf 84' lang='lat' dir='ltr'><strong>prorsus</strong></span> <span class='ocrx_word' id='word_1_392' title='bbox 2168 2136 2369 2193; x_wconf 67' lang='lat' dir='ltr'><strong>animae</strong></span> <span class='ocrx_word' id='word_1_393' title='bbox 2394 2131 2687 2188; x_wconf 84' lang='lat' dir='ltr'><strong>rationalis</strong></span> <span class='ocrx_word' id='word_1_394' title='bbox 2714 2127 2928 2187; x_wconf 63' lang='lat' dir='ltr'><strong>aﬂectio</strong></span> <span class='ocrx_word' id='word_1_395' title='bbox 2951 2122 3138 2191; x_wconf 74' lang='lat' dir='ltr'><strong>fuerit,</strong></span> <span class='ocrx_word' id='word_1_396' title='bbox 3160 2121 3307 2181; x_wconf 89' lang='lat' dir='ltr'><strong>unde</strong></span> <span class='ocrx_word' id='word_1_397' title='bbox 3325 2121 3499 2179; x_wconf 73' lang='lat' dir='ltr'><strong>nobis</strong></span> 
     </span>
    </p>
   </div>
   <div class='ocr_carea' id='block_1_50' title="bbox 1908 2216 3491 2301">
    <p class='ocr_par' dir='ltr' id='par_1_50' title="bbox 1908 2216 3491 2301">
     <span class='ocr_line' id='line_1_50' title="bbox 1908 2216 3491 2301; baseline -0.009 -16"><span class='ocrx_word' id='word_1_398' title='bbox 1908 2244 2007 2301; x_wconf 86' lang='lat' dir='ltr'><strong>per</strong></span> <span class='ocrx_word' id='word_1_399' title='bbox 2028 2231 2199 2284; x_wconf 81' lang='lat' dir='ltr'><strong>solam</strong></span> <span class='ocrx_word' id='word_1_400' title='bbox 2225 2226 2543 2282; x_wconf 81' lang='lat' dir='ltr'><strong>memoriam</strong></span> <span class='ocrx_word' id='word_1_401' title='bbox 2567 2228 2623 2279; x_wconf 86' lang='lat' dir='ltr'><strong>et</strong></span> <span class='ocrx_word' id='word_1_402' title='bbox 2643 2221 3030 2294; x_wconf 82' lang='lat' dir='ltr'><strong>cogitationem</strong></span> <span class='ocrx_word' id='word_1_403' title='bbox 3057 2230 3181 2275; x_wconf 90' lang='lat' dir='ltr'><strong>sese</strong></span> <span class='ocrx_word' id='word_1_404' title='bbox 3204 2216 3491 2273; x_wconf 86' lang='lat' dir='ltr'><strong>insinuare</strong></span> 
     </span>
    </p>
   </div>
   <div class='ocr_carea' id='block_1_51' title="bbox 1911 2308 3483 2386">
    <p class='ocr_par' dir='ltr' id='par_1_51' title="bbox 1911 2308 3483 2386">
     <span class='ocr_line' id='line_1_51' title="bbox 1911 2308 3483 2386; baseline -0.011 -8"><span class='ocrx_word' id='word_1_405' title='bbox 1911 2324 2070 2378; x_wconf 83' lang='lat' dir='ltr'><strong>solet.</strong></span> <span class='ocrx_word' id='word_1_406' title='bbox 2102 2320 2359 2376; x_wconf 83' lang='lat' dir='ltr'><strong>Nondum</strong></span> <span class='ocrx_word' id='word_1_407' title='bbox 2388 2319 2534 2374; x_wconf 83' lang='lat' dir='ltr'><strong>enim</strong></span> <span class='ocrx_word' id='word_1_408' title='bbox 2571 2318 2627 2371; x_wconf 90' lang='lat' dir='ltr'><strong>in</strong></span> <span class='ocrx_word' id='word_1_409' title='bbox 2678 2316 2798 2386; x_wconf 87' lang='lat' dir='ltr'><strong>ipsa</strong></span> <span class='ocrx_word' id='word_1_410' title='bbox 2837 2328 3005 2369; x_wconf 90' lang='lat' dir='ltr'><strong>cruce</strong></span> <span class='ocrx_word' id='word_1_411' title='bbox 3048 2318 3168 2366; x_wconf 88' lang='lat' dir='ltr'><strong>erat</strong></span> <span class='ocrx_word' id='word_1_412' title='bbox 3207 2308 3483 2365; x_wconf 86' lang='lat' dir='ltr'><strong>Christus.</strong></span> 
     </span>
    </p>
   </div>
   <div class='ocr_carea' id='block_1_52' title="bbox 1910 2395 3490 2487">
    <p class='ocr_par' dir='ltr' id='par_1_52' title="bbox 1910 2395 3490 2487">
     <span class='ocr_line' id='line_1_52' title="bbox 1910 2395 3490 2487; baseline -0.011 -17"><span class='ocrx_word' id='word_1_413' title='bbox 1910 2417 2079 2487; x_wconf 77' lang='lat' dir='ltr'><strong>igitur</strong></span> <span class='ocrx_word' id='word_1_414' title='bbox 2097 2424 2442 2486; x_wconf 77' lang='lat' dir='ltr'><strong>praeprOpere</strong></span> <span class='ocrx_word' id='word_1_415' title='bbox 2462 2422 2515 2467; x_wconf 90' lang='lat' dir='ltr'><strong>et</strong></span> <span class='ocrx_word' id='word_1_416' title='bbox 2532 2407 2916 2479; x_wconf 82' lang='lat' dir='ltr'><strong>intempestive</strong></span> <span class='ocrx_word' id='word_1_417' title='bbox 2938 2401 3353 2477; x_wconf 88' lang='lat' dir='ltr'><strong>perturbatione</strong></span> <span class='ocrx_word' id='word_1_418' title='bbox 3374 2395 3490 2454; x_wconf 80' lang='lat' dir='ltr'><strong>alii-</strong></span> 
     </span>
    </p>
   </div>
   <div class='ocr_carea' id='block_1_53' title="bbox 1912 2497 3490 2578">
    <p class='ocr_par' dir='ltr' id='par_1_53' title="bbox 1912 2497 3490 2578">
     <span class='ocr_line' id='line_1_53' title="bbox 1912 2497 3490 2578; baseline -0.012 -16"><span class='ocrx_word' id='word_1_419' title='bbox 1912 2506 2078 2572; x_wconf 89' lang='lat' dir='ltr'><strong>citur,</strong></span> <span class='ocrx_word' id='word_1_420' title='bbox 2113 2506 2457 2578; x_wconf 84' lang='lat' dir='ltr'><strong>prospiciens</strong></span> <span class='ocrx_word' id='word_1_421' title='bbox 2489 2500 2752 2557; x_wconf 78' lang='lat' dir='ltr'><strong>videlicet</strong></span> <span class='ocrx_word' id='word_1_422' title='bbox 2787 2498 2933 2570; x_wconf 91' lang='lat' dir='ltr'><strong>quod</strong></span> <span class='ocrx_word' id='word_1_423' title='bbox 2966 2498 3210 2552; x_wconf 79' lang='lat' dir='ltr'><strong>futurum</strong></span> <span class='ocrx_word' id='word_1_424' title='bbox 3245 2502 3400 2556; x_wconf 89' lang='lat' dir='ltr'><strong>erat,</strong></span> <span class='ocrx_word' id='word_1_425' title='bbox 3431 2497 3490 2545; x_wconf 89' lang='lat' dir='ltr'><strong>et</strong></span> 
     </span>
    </p>
   </div>
   <div class='ocr_carea' id='block_1_54' title="bbox 1912 2581 3489 2664">
    <p class='ocr_par' dir='ltr' id='par_1_54' title="bbox 1912 2581 3489 2664">
     <span class='ocr_line' id='line_1_54' title="bbox 1912 2581 3489 2664; baseline -0.01 -12"><span class='ocrx_word' id='word_1_426' title='bbox 1912 2598 2130 2653; x_wconf 85' lang='lat' dir='ltr'><strong>ratione</strong></span> <span class='ocrx_word' id='word_1_427' title='bbox 2165 2597 2231 2650; x_wconf 91' lang='lat' dir='ltr'><strong>ad</strong></span> <span class='ocrx_word' id='word_1_428' title='bbox 2264 2592 2695 2664; x_wconf 82' lang='lat' dir='ltr'><strong>impendentium</strong></span> <span class='ocrx_word' id='word_1_429' title='bbox 2731 2589 3054 2645; x_wconf 79' lang='lat' dir='ltr'><strong>memoriam</strong></span> <span class='ocrx_word' id='word_1_430' title='bbox 3078 2585 3359 2655; x_wconf 88' lang='lat' dir='ltr'><strong>abreptus.</strong></span> <span class='ocrx_word' id='word_1_431' title='bbox 3383 2581 3489 2637; x_wconf 81' lang='lat' dir='ltr'><strong>Ne-</strong></span> 
     </span>
    </p>
   </div>
   <div class='ocr_carea' id='block_1_55' title="bbox 1914 2676 3487 2761">
    <p class='ocr_par' dir='ltr' id='par_1_55' title="bbox 1914 2676 3487 2761">
     <span class='ocr_line' id='line_1_55' title="bbox 1914 2676 3487 2761; baseline -0.011 -16"><span class='ocrx_word' id='word_1_432' title='bbox 1914 2705 2022 2761; x_wconf 91' lang='lat' dir='ltr'><strong>que</strong></span> <span class='ocrx_word' id='word_1_433' title='bbox 2052 2688 2197 2744; x_wconf 89' lang='lat' dir='ltr'><strong>enim</strong></span> <span class='ocrx_word' id='word_1_434' title='bbox 2225 2685 2442 2740; x_wconf 85' lang='lat' dir='ltr'><strong>timoris</strong></span> <span class='ocrx_word' id='word_1_435' title='bbox 2478 2682 2947 2754; x_wconf 84' lang='lat' dir='ltr'><strong>perturbationem</strong></span> <span class='ocrx_word' id='word_1_436' title='bbox 2992 2687 3087 2733; x_wconf 81' lang='lat' dir='ltr'><strong>aut</strong></span> <span class='ocrx_word' id='word_1_437' title='bbox 3129 2678 3185 2731; x_wconf 91' lang='lat' dir='ltr'><strong>in</strong></span> <span class='ocrx_word' id='word_1_438' title='bbox 3226 2676 3487 2730; x_wconf 84' lang='lat' dir='ltr'><strong>deitatem</strong></span> 
     </span>
    </p>
   </div>
   <div class='ocr_carea' id='block_1_56' title="bbox 1915 2767 3500 2851">
    <p class='ocr_par' dir='ltr' id='par_1_56' title="bbox 1915 2767 3500 2851">
     <span class='ocr_line' id='line_1_56' title="bbox 1915 2767 3500 2851; baseline -0.01 -16"><span class='ocrx_word' id='word_1_439' title='bbox 1915 2779 2025 2851; x_wconf 85' lang='lat' dir='ltr'><strong>pati</strong></span> <span class='ocrx_word' id='word_1_440' title='bbox 2070 2778 2346 2839; x_wconf 87' lang='lat' dir='ltr'><strong>nesciam.</strong></span> <span class='ocrx_word' id='word_1_441' title='bbox 2401 2784 2494 2830; x_wconf 89' lang='lat' dir='ltr'><strong>aut</strong></span> <span class='ocrx_word' id='word_1_442' title='bbox 2551 2775 2605 2829; x_wconf 91' lang='lat' dir='ltr'><strong>in</strong></span> <span class='ocrx_word' id='word_1_443' title='bbox 2655 2784 2876 2829; x_wconf 85' lang='lat' dir='ltr'><strong>carnem</strong></span> <span class='ocrx_word' id='word_1_444' title='bbox 2912 2769 3107 2826; x_wconf 82' lang='lat' dir='ltr'><strong>cadere</strong></span> <span class='ocrx_word' id='word_1_445' title='bbox 3142 2767 3500 2832; x_wconf 58' lang='lat' dir='ltr'><strong>diterimus;</strong></span> 
     </span>
    </p>
   </div>
   <div class='ocr_carea' id='block_1_57' title="bbox 1913 2858 3497 2938">
    <p class='ocr_par' dir='ltr' id='par_1_57' title="bbox 1913 2858 3497 2938">
     <span class='ocr_line' id='line_1_57' title="bbox 1913 2858 3497 2938; baseline -0.007 -17"><span class='ocrx_word' id='word_1_446' title='bbox 1913 2864 2117 2938; x_wconf 87' lang='lat' dir='ltr'><strong>quippe</strong></span> <span class='ocrx_word' id='word_1_447' title='bbox 2133 2874 2216 2921; x_wconf 87' lang='lat' dir='ltr'><strong>est</strong></span> <span class='ocrx_word' id='word_1_448' title='bbox 2236 2867 2349 2920; x_wconf 83' lang='lat' dir='ltr'><strong>haec</strong></span> <span class='ocrx_word' id='word_1_449' title='bbox 2368 2865 2604 2919; x_wconf 80' lang='lat' dir='ltr'><strong>rationis</strong></span> <span class='ocrx_word' id='word_1_450' title='bbox 2620 2863 2790 2918; x_wconf 88' lang='lat' dir='ltr'><strong>animi</strong></span> <span class='ocrx_word' id='word_1_451' title='bbox 2816 2868 2869 2916; x_wconf 85' lang='lat' dir='ltr'><strong>et</strong></span> <span class='ocrx_word' id='word_1_452' title='bbox 2898 2872 3007 2916; x_wconf 89' lang='lat' dir='ltr'><strong>non</strong></span> <span class='ocrx_word' id='word_1_453' title='bbox 3033 2859 3221 2914; x_wconf 86' lang='lat' dir='ltr'><strong>carnis</strong></span> <span class='ocrx_word' id='word_1_454' title='bbox 3244 2858 3497 2917; x_wconf 59' lang='lat' dir='ltr'><strong>aliectio.</strong></span> 
     </span>
    </p>
   </div>
   <div class='ocr_carea' id='block_1_58' title="bbox 1913 2946 3492 3027">
    <p class='ocr_par' dir='ltr' id='par_1_58' title="bbox 1913 2946 3492 3027">
     <span class='ocr_line' id='line_1_58' title="bbox 1913 2946 3492 3027; baseline -0.008 -14"><span class='ocrx_word' id='word_1_455' title='bbox 1913 2957 2068 3026; x_wconf 85' lang='lat' dir='ltr'><strong>Quod</strong></span> <span class='ocrx_word' id='word_1_456' title='bbox 2108 2956 2155 3013; x_wconf 83' lang='lat' dir='ltr'><strong>si</strong></span> <span class='ocrx_word' id='word_1_457' title='bbox 2180 2964 2232 3012; x_wconf 90' lang='lat' dir='ltr'><strong>et</strong></span> <span class='ocrx_word' id='word_1_458' title='bbox 2265 2955 2318 3011; x_wconf 89' lang='lat' dir='ltr'><strong>id</strong></span> <span class='ocrx_word' id='word_1_459' title='bbox 2346 2956 2493 3027; x_wconf 89' lang='lat' dir='ltr'><strong>quod</strong></span> <span class='ocrx_word' id='word_1_460' title='bbox 2522 2953 2898 3009; x_wconf 76' lang='lat' dir='ltr'><strong>irrationalem</strong></span> <span class='ocrx_word' id='word_1_461' title='bbox 2931 2946 3171 3006; x_wconf 81' lang='lat' dir='ltr'><strong>animam</strong></span> <span class='ocrx_word' id='word_1_462' title='bbox 3206 2949 3373 3003; x_wconf 83' lang='lat' dir='ltr'><strong>habet</strong></span> <span class='ocrx_word' id='word_1_463' title='bbox 3406 2955 3492 3002; x_wconf 86' lang='lat' dir='ltr'><strong>tu-</strong></span> 
     </span>
    </p>
   </div>
   <div class='ocr_carea' id='block_1_59' title="bbox 1913 3044 3492 3107">
    <p class='ocr_par' dir='ltr' id='par_1_59' title="bbox 1913 3044 3492 3107">
     <span class='ocr_line' id='line_1_59' title="bbox 1913 3044 3492 3107; baseline -0.008 -4"><span class='ocrx_word' id='word_1_464' title='bbox 1913 3048 2218 3103; x_wconf 84' lang='lat' dir='ltr'><strong>multuatur</strong></span> <span class='ocrx_word' id='word_1_465' title='bbox 2245 3047 2408 3101; x_wconf 86' lang='lat' dir='ltr'><strong>etiam</strong></span> <span class='ocrx_word' id='word_1_466' title='bbox 2440 3054 2493 3099; x_wconf 89' lang='lat' dir='ltr'><strong>et</strong></span> <span class='ocrx_word' id='word_1_467' title='bbox 2525 3044 2805 3107; x_wconf 77' lang='lat' dir='ltr'><strong>turbatur,</strong></span> <span class='ocrx_word' id='word_1_468' title='bbox 2831 3051 2939 3095; x_wconf 88' lang='lat' dir='ltr'><strong>non</strong></span> <span class='ocrx_word' id='word_1_469' title='bbox 2967 3046 3150 3094; x_wconf 73' lang='lat' dir='ltr'><strong>tamen</strong></span> <span class='ocrx_word' id='word_1_470' title='bbox 3184 3048 3253 3092; x_wconf 82' lang='lat' dir='ltr'><strong>ex</strong></span> <span class='ocrx_word' id='word_1_471' title='bbox 3284 3051 3492 3091; x_wconf 60' lang='lat' dir='ltr'><strong>memec</strong></span> 
     </span>
    </p>
   </div>
   <div class='ocr_carea' id='block_1_60' title="bbox 242 3128 1811 3223">
    <p class='ocr_par' dir='ltr' id='par_1_60' title="bbox 242 3128 1811 3217">
     <span class='ocr_line' id='line_1_60' title="bbox 242 3128 1811 3217; baseline -0.002 -19"><span class='ocrx_word' id='word_1_472' title='bbox 242 3128 363 3198; x_wconf 83' lang='grc' dir='ltr'>τότε</span> <span class='ocrx_word' id='word_1_473' title='bbox 389 3145 482 3198; x_wconf 80' lang='grc' dir='ltr'>τοῦ</span> <span class='ocrx_word' id='word_1_474' title='bbox 500 3146 763 3217; x_wconf 79' lang='grc' dir='ltr'>παρόντος</span> <span class='ocrx_word' id='word_1_475' title='bbox 786 3144 1031 3198; x_wconf 78' lang='grc' dir='ltr'>κινδύνου</span> <span class='ocrx_word' id='word_1_476' title='bbox 1053 3144 1298 3213; x_wconf 78' lang='grc' dir='ltr'>συλλέγει</span> <span class='ocrx_word' id='word_1_477' title='bbox 1325 3142 1477 3213; x_wconf 78' lang='grc' dir='ltr'>μόλις</span> <span class='ocrx_word' id='word_1_478' title='bbox 1498 3142 1596 3214; x_wconf 86' lang='grc' dir='ltr'>τὴν</span> <span class='ocrx_word' id='word_1_479' title='bbox 1624 3142 1811 3213; x_wconf 80' lang='grc' dir='ltr'>αἴσθη-</span> 
     </span>
    </p>
   </div>
   <div class='ocr_carea' id='block_1_61' title="bbox 1911 3128 3496 3223">
    <p class='ocr_par' dir='ltr' id='par_1_61' title="bbox 1916 3128 3496 3208">
     <span class='ocr_line' id='line_1_61' title="bbox 1916 3128 3496 3208; baseline -0.007 -14"><span class='ocrx_word' id='word_1_480' title='bbox 1916 3138 1997 3194; x_wconf 88' lang='lat' dir='ltr'><strong>ria</strong></span> <span class='ocrx_word' id='word_1_481' title='bbox 2023 3182 2037 3204; x_wconf 85' lang='lat'><strong>,</strong></span> <span class='ocrx_word' id='word_1_482' title='bbox 2081 3151 2262 3208; x_wconf 89' lang='lat' dir='ltr'><strong>neque</strong></span> <span class='ocrx_word' id='word_1_483' title='bbox 2312 3148 2379 3192; x_wconf 80' lang='lat' dir='ltr'><strong>ex</strong></span> <span class='ocrx_word' id='word_1_484' title='bbox 2417 3134 2842 3190; x_wconf 82' lang='lat' dir='ltr'><strong>ratiocinatione</strong></span> <span class='ocrx_word' id='word_1_485' title='bbox 2868 3130 3117 3187; x_wconf 72' lang='lat' dir='ltr'><strong>futurum</strong></span> <span class='ocrx_word' id='word_1_486' title='bbox 3142 3128 3496 3199; x_wconf 82' lang='lat' dir='ltr'><strong>prospiciens</strong></span> 
     </span>
    </p>
   </div>
   <div class='ocr_carea' id='block_1_62' title="bbox 249 3231 1811 3308">
    <p class='ocr_par' dir='ltr' id='par_1_62' title="bbox 249 3231 1811 3308">
     <span class='ocr_line' id='line_1_62' title="bbox 249 3231 1811 3308; baseline -0.001 -20"><span class='ocrx_word' id='word_1_487' title='bbox 249 3253 350 3296; x_wconf 82' lang='grc' dir='ltr'>σιν.</span> <span class='ocrx_word' id='word_1_488' title='bbox 389 3237 498 3289; x_wconf 79' lang='grc' dir='ltr'><strong>Νῦν</strong></span> <span class='ocrx_word' id='word_1_489' title='bbox 526 3238 581 3290; x_wconf 80' lang='grc' dir='ltr'>δὲ</span> <span class='ocrx_word' id='word_1_490' title='bbox 614 3241 645 3292; x_wconf 83' lang='grc' dir='ltr'><strong>ό</strong></span> <span class='ocrx_word' id='word_1_491' title='bbox 675 3238 876 3308; x_wconf 81' lang='grc' dir='ltr'>Κύριος</span> <span class='ocrx_word' id='word_1_492' title='bbox 905 3236 1231 3308; x_wconf 81' lang='grc' dir='ltr'>θορυϐεῖται,</span> <span class='ocrx_word' id='word_1_493' title='bbox 1252 3236 1352 3288; x_wconf 72' lang='grc' dir='ltr'><strong>οὐκ</strong></span> <span class='ocrx_word' id='word_1_494' title='bbox 1388 3235 1445 3301; x_wconf 78' lang='grc' dir='ltr'><strong>ἐξ</strong></span> <span class='ocrx_word' id='word_1_495' title='bbox 1489 3231 1563 3288; x_wconf 84' lang='grc' dir='ltr'>ὧν</span> <span class='ocrx_word' id='word_1_496' title='bbox 1604 3232 1811 3305; x_wconf 75' lang='grc' dir='ltr'>βλέπει,</span> 
     </span>
    </p>
   </div>
   <div class='ocr_carea' id='block_1_63' title="bbox 243 3321 1815 3400">
    <p class='ocr_par' dir='ltr' id='par_1_63' title="bbox 243 3321 1815 3400">
     <span class='ocr_line' id='line_1_63' title="bbox 243 3321 1815 3400; baseline -0.006 -13"><span class='ocrx_word' id='word_1_497' title='bbox 243 3326 437 3397; x_wconf 51' lang='lat' dir='ltr'><strong>arma</strong></span> <span class='ocrx_word' id='word_1_498' title='bbox 461 3326 535 3385; x_wconf 83' lang='grc' dir='ltr'>ὧν</span> <span class='ocrx_word' id='word_1_499' title='bbox 569 3332 900 3400; x_wconf 79' lang='grc' dir='ltr'>ἐνθυμεῖται,</span> <span class='ocrx_word' id='word_1_500' title='bbox 948 3329 1041 3382; x_wconf 73' lang='grc' dir='ltr'><strong>καὶ</strong></span> <span class='ocrx_word' id='word_1_501' title='bbox 1079 3328 1137 3393; x_wconf 78' lang='grc' dir='ltr'>ἐξ</span> <span class='ocrx_word' id='word_1_502' title='bbox 1187 3321 1262 3380; x_wconf 80' lang='grc' dir='ltr'>ὧν</span> <span class='ocrx_word' id='word_1_503' title='bbox 1311 3327 1610 3397; x_wconf 78' lang='grc' dir='ltr'>προσδοκᾷ.</span> <span class='ocrx_word' id='word_1_504' title='bbox 1664 3325 1815 3378; x_wconf 72' lang='grc' dir='ltr'><strong>Ἀλλ’</strong></span> 
     </span>
    </p>
   </div>
   <div class='ocr_carea' id='block_1_64' title="bbox 240 3415 1816 3493">
    <p class='ocr_par' dir='ltr' id='par_1_64' title="bbox 240 3415 1816 3493">
     <span class='ocr_line' id='line_1_64' title="bbox 240 3415 1816 3493; baseline -0.009 -11"><span class='ocrx_word' id='word_1_505' title='bbox 240 3427 358 3482; x_wconf 77' lang='grc' dir='ltr'>οὐδὲ</span> <span class='ocrx_word' id='word_1_506' title='bbox 395 3424 594 3479; x_wconf 80' lang='grc' dir='ltr'>είπενό</span> <span class='ocrx_word' id='word_1_507' title='bbox 616 3421 868 3493; x_wconf 81' lang='grc' dir='ltr'>Χριστὸς,</span> <span class='ocrx_word' id='word_1_508' title='bbox 913 3421 975 3472; x_wconf 84' lang='grc' dir='ltr'><strong>Ἦ</strong></span> <span class='ocrx_word' id='word_1_509' title='bbox 996 3418 1133 3487; x_wconf 80' lang='grc' dir='ltr'>σάρξ</span> <span class='ocrx_word' id='word_1_510' title='bbox 1167 3436 1266 3489; x_wconf 87' lang='grc' dir='ltr'><strong>μου</strong></span> <span class='ocrx_word' id='word_1_511' title='bbox 1305 3418 1655 3489; x_wconf 80' lang='grc' dir='ltr'>τετάρακται,</span> <span class='ocrx_word' id='word_1_512' title='bbox 1688 3415 1816 3471; x_wconf 82' lang='grc' dir='ltr'>ἀλλ’</span> 
     </span>
    </p>
   </div>
   <div class='ocr_carea' id='block_1_65' title="bbox 250 3507 1814 3586">
    <p class='ocr_par' dir='ltr' id='par_1_65' title="bbox 250 3507 1814 3586">
     <span class='ocr_line' id='line_1_65' title="bbox 250 3507 1814 3586; baseline -0.006 -18"><span class='ocrx_word' id='word_1_513' title='bbox 250 3538 269 3568; x_wconf 79' lang='grc' dir='ltr'><strong>ι</strong></span> <span class='ocrx_word' id='word_1_514' title='bbox 288 3518 353 3571; x_wconf 86' lang='grc' dir='ltr'><strong>Ἦ</strong></span> <span class='ocrx_word' id='word_1_515' title='bbox 382 3516 525 3586; x_wconf 72' lang='grc' dir='ltr'>ψυχή</span> <span class='ocrx_word' id='word_1_516' title='bbox 553 3532 703 3585; x_wconf 74' lang='grc' dir='ltr'>μου.»</span> <span class='ocrx_word' id='word_1_517' title='bbox 735 3512 834 3581; x_wconf 85' lang='grc' dir='ltr'><strong>τὴν</strong></span> <span class='ocrx_word' id='word_1_518' title='bbox 858 3509 966 3565; x_wconf 76' lang='grc' dir='ltr'><strong>τῶν</strong></span> <span class='ocrx_word' id='word_1_519' title='bbox 995 3507 1376 3579; x_wconf 79' lang='grc' dir='ltr'>αἱρετιζὸντων</span> <span class='ocrx_word' id='word_1_520' title='bbox 1395 3507 1650 3560; x_wconf 78' lang='grc' dir='ltr'>ὑπόνοιαν</span> <span class='ocrx_word' id='word_1_521' title='bbox 1672 3523 1814 3577; x_wconf 86' lang='grc' dir='ltr'>παρ-</span> 
     </span>
    </p>
   </div>
   <div class='ocr_carea' id='block_1_66' title="bbox 241 3599 1815 3678">
    <p class='ocr_par' dir='ltr' id='par_1_66' title="bbox 241 3599 1815 3678">
     <span class='ocr_line' id='line_1_66' title="bbox 241 3599 1815 3678; baseline -0.008 -16"><span class='ocrx_word' id='word_1_522' title='bbox 241 3609 567 3678; x_wconf 79' lang='grc' dir='ltr'>ωθούμενος.</span> <span class='ocrx_word' id='word_1_523' title='bbox 597 3606 657 3658; x_wconf 84' lang='lat' dir='ltr'><strong>Ei</strong></span> <span class='ocrx_word' id='word_1_524' title='bbox 681 3605 738 3658; x_wconf 82' lang='grc' dir='ltr'>δὲ</span> <span class='ocrx_word' id='word_1_525' title='bbox 770 3604 861 3656; x_wconf 72' lang='grc' dir='ltr'><strong>καὶ</strong></span> <span class='ocrx_word' id='word_1_526' title='bbox 882 3604 940 3655; x_wconf 87' lang='grc' dir='ltr'><strong>ἐν</strong></span> <span class='ocrx_word' id='word_1_527' title='bbox 973 3604 1040 3672; x_wconf 83' lang='grc' dir='ltr'>τῇ</span> <span class='ocrx_word' id='word_1_528' title='bbox 1074 3601 1283 3671; x_wconf 79' lang='grc' dir='ltr'>Παλαιᾷ</span> <span class='ocrx_word' id='word_1_529' title='bbox 1307 3601 1501 3671; x_wconf 80' lang='grc' dir='ltr'>φήσεις</span> <span class='ocrx_word' id='word_1_530' title='bbox 1523 3599 1656 3669; x_wconf 79' lang='grc' dir='ltr'>πρὸς</span> <span class='ocrx_word' id='word_1_531' title='bbox 1684 3599 1815 3650; x_wconf 85' lang='grc' dir='ltr'>’1ου-</span> 
     </span>
    </p>
   </div>
   <div class='ocr_carea' id='block_1_67' title="bbox 240 3688 1816 3763">
    <p class='ocr_par' dir='ltr' id='par_1_67' title="bbox 240 3688 1816 3763">
     <span class='ocr_line' id='line_1_67' title="bbox 240 3688 1816 3763; baseline -0.008 -9"><span class='ocrx_word' id='word_1_532' title='bbox 240 3698 421 3761; x_wconf 76' lang='grc' dir='ltr'>ὃαίους</span> <span class='ocrx_word' id='word_1_533' title='bbox 460 3696 564 3751; x_wconf 79' lang='grc' dir='ltr'>ὑπὸ</span> <span class='ocrx_word' id='word_1_534' title='bbox 583 3693 715 3750; x_wconf 88' lang='grc' dir='ltr'><strong>Θεοῦ</strong></span> <span class='ocrx_word' id='word_1_535' title='bbox 750 3693 1019 3763; x_wconf 74' lang='grc' dir='ltr'>εἰρῆσθαι,</span> <span class='ocrx_word' id='word_1_536' title='bbox 1058 3710 1075 3741; x_wconf 71' lang='grc' dir='ltr'><strong>ι</strong></span> <span class='ocrx_word' id='word_1_537' title='bbox 1113 3690 1226 3754; x_wconf 80' lang='grc' dir='ltr'><strong>Τὰς</strong></span> <span class='ocrx_word' id='word_1_538' title='bbox 1251 3689 1444 3760; x_wconf 74' lang='grc' dir='ltr'>ἑορτὰς</span> <span class='ocrx_word' id='word_1_539' title='bbox 1482 3688 1636 3759; x_wconf 81' lang='grc' dir='ltr'>ὑμῶν</span> <span class='ocrx_word' id='word_1_540' title='bbox 1666 3690 1816 3758; x_wconf 87' lang='grc' dir='ltr'>μισεῖ</span> 
     </span>
    </p>
   </div>
   <div class='ocr_carea' id='block_1_68' title="bbox 242 3778 1814 3873">
    <p class='ocr_par' dir='ltr' id='par_1_68' title="bbox 242 3778 1814 3873">
     <span class='ocr_line' id='line_1_68' title="bbox 242 3778 1814 3873; baseline -0.007 -30"><span class='ocrx_word' id='word_1_541' title='bbox 242 3789 446 3873; x_wconf 57' lang='grc' dir='ltr'>ἡψυχὴ</span> <span class='ocrx_word' id='word_1_542' title='bbox 487 3804 585 3857; x_wconf 88' lang='grc' dir='ltr'><strong>μου</strong></span> <span class='ocrx_word' id='word_1_543' title='bbox 620 3804 636 3818; x_wconf 78' lang='grc' dir='ltr'><strong><em>ο</em></strong></span> <span class='ocrx_word' id='word_1_544' title='bbox 670 3805 689 3836; x_wconf 73' lang='grc' dir='ltr'><strong>ι</strong></span> <span class='ocrx_word' id='word_1_545' title='bbox 741 3784 973 3855; x_wconf 73' lang='grc' dir='ltr'>ἐροῦμεν</span> <span class='ocrx_word' id='word_1_546' title='bbox 1021 3783 1095 3847; x_wconf 84' lang='grc' dir='ltr'>ὠς</span> <span class='ocrx_word' id='word_1_547' title='bbox 1132 3785 1247 3845; x_wconf 89' lang='grc' dir='ltr'>τοῖς</span> <span class='ocrx_word' id='word_1_548' title='bbox 1299 3781 1595 3851; x_wconf 81' lang='grc' dir='ltr'>ἡμετέροις</span> <span class='ocrx_word' id='word_1_549' title='bbox 1637 3778 1814 3833; x_wconf 74' lang='grc' dir='ltr'>ἔθεσιν</span> 
     </span>
    </p>
   </div>
   <div class='ocr_carea' id='block_1_69' title="bbox 243 3872 1815 3951">
    <p class='ocr_par' dir='ltr' id='par_1_69' title="bbox 243 3872 1815 3951">
     <span class='ocr_line' id='line_1_69' title="bbox 243 3872 1815 3951; baseline -0.006 -16"><span class='ocrx_word' id='word_1_550' title='bbox 243 3872 615 3951; x_wconf 76' lang='grc' dir='ltr'>ἀποκέχρηται</span> <span class='ocrx_word' id='word_1_551' title='bbox 650 3877 848 3949; x_wconf 84' lang='grc' dir='ltr'>μᾶλλον</span> <span class='ocrx_word' id='word_1_552' title='bbox 872 3875 960 3929; x_wconf 84' lang='grc' dir='ltr'>διὰ</span> <span class='ocrx_word' id='word_1_553' title='bbox 980 3875 1077 3947; x_wconf 80' lang='grc' dir='ltr'><strong>τὴν</strong></span> <span class='ocrx_word' id='word_1_554' title='bbox 1111 3874 1248 3946; x_wconf 84' lang='grc' dir='ltr'>πρὸς</span> <span class='ocrx_word' id='word_1_555' title='bbox 1296 3875 1442 3944; x_wconf 79' lang='grc' dir='ltr'>ἡμᾶς</span> <span class='ocrx_word' id='word_1_556' title='bbox 1470 3872 1815 3940; x_wconf 69' lang='grc' dir='ltr'>ωγκατάὸα-</span> 
     </span>
    </p>
   </div>
   <div class='ocr_carea' id='block_1_70' title="bbox 244 3961 1815 4041">
    <p class='ocr_par' dir='ltr' id='par_1_70' title="bbox 244 3961 1815 4041">
     <span class='ocr_line' id='line_1_70' title="bbox 244 3961 1815 4041; baseline -0.007 -16"><span class='ocrx_word' id='word_1_557' title='bbox 244 3988 352 4034; x_wconf 88' lang='grc' dir='ltr'>σιν,</span> <span class='ocrx_word' id='word_1_558' title='bbox 372 3970 562 4041; x_wconf 82' lang='grc' dir='ltr'>ὥσπερ</span> <span class='ocrx_word' id='word_1_559' title='bbox 594 3969 687 4023; x_wconf 53' lang='grc' dir='ltr'><strong>καὶ⁵</strong></span> <span class='ocrx_word' id='word_1_560' title='bbox 709 3966 996 4036; x_wconf 69' lang='grc' dir='ltr'>πρόσωπον</span> <span class='ocrx_word' id='word_1_561' title='bbox 1028 3967 1119 4018; x_wconf 70' lang='grc' dir='ltr'>καὶ</span> <span class='ocrx_word' id='word_1_562' title='bbox 1143 3964 1453 4034; x_wconf 80' lang='grc' dir='ltr'>ὀφθαλμοὺς</span> <span class='ocrx_word' id='word_1_563' title='bbox 1482 3964 1576 4016; x_wconf 75' lang='grc' dir='ltr'><strong>καὶ</strong></span> <span class='ocrx_word' id='word_1_564' title='bbox 1609 3963 1677 4015; x_wconf 79' lang='grc' dir='ltr'><strong>τὰ</strong></span> <span class='ocrx_word' id='word_1_565' title='bbox 1705 3961 1815 4014; x_wconf 85' lang='grc' dir='ltr'>λοι-</span> 
     </span>
    </p>
   </div>
   <div class='ocr_carea' id='block_1_71' title="bbox 243 4056 1811 4132">
    <p class='ocr_par' dir='ltr' id='par_1_71' title="bbox 243 4056 1811 4132">
     <span class='ocr_line' id='line_1_71' title="bbox 243 4056 1811 4132; baseline -0.009 -12"><span class='ocrx_word' id='word_1_566' title='bbox 243 4064 321 4120; x_wconf 75' lang='grc' dir='ltr'>πὰ</span> <span class='ocrx_word' id='word_1_567' title='bbox 353 4064 530 4118; x_wconf 78' lang='grc' dir='ltr'>πάντα</span> <span class='ocrx_word' id='word_1_568' title='bbox 561 4060 696 4132; x_wconf 73' lang='grc' dir='ltr'>μέλη</span> <span class='ocrx_word' id='word_1_569' title='bbox 741 4058 1047 4113; x_wconf 55' lang='grc' dir='ltr'><strong>⁵προσάπτει</strong></span> <span class='ocrx_word' id='word_1_570' title='bbox 1097 4057 1176 4127; x_wconf 82' lang='grc' dir='ltr'>τῷ</span> <span class='ocrx_word' id='word_1_571' title='bbox 1207 4056 1484 4126; x_wconf 81' lang='grc' dir='ltr'><strong>ἀσωμάτῳ</strong></span> <span class='ocrx_word' id='word_1_572' title='bbox 1532 4072 1811 4125; x_wconf 83' lang='grc' dir='ltr'>καταχρη-</span> 
     </span>
    </p>
   </div>
   <div class='ocr_carea' id='block_1_72' title="bbox 244 4144 1809 4224">
    <p class='ocr_par' dir='ltr' id='par_1_72' title="bbox 244 4144 1809 4224">
     <span class='ocr_line' id='line_1_72' title="bbox 244 4144 1809 4224; baseline -0.009 -14"><span class='ocrx_word' id='word_1_573' title='bbox 244 4152 444 4218; x_wconf 76' lang='grc' dir='ltr'>στικῶς</span> <span class='ocrx_word' id='word_1_574' title='bbox 475 4171 490 4186; x_wconf 87' lang='grc'><strong>·</strong></span> <span class='ocrx_word' id='word_1_575' title='bbox 522 4151 661 4224; x_wconf 77' lang='grc' dir='ltr'>μετὰ</span> <span class='ocrx_word' id='word_1_576' title='bbox 680 4151 739 4204; x_wconf 82' lang='grc' dir='ltr'>δὲ</span> <span class='ocrx_word' id='word_1_577' title='bbox 761 4150 860 4219; x_wconf 80' lang='grc' dir='ltr'>τὴν</span> <span class='ocrx_word' id='word_1_578' title='bbox 889 4146 1323 4219; x_wconf 77' lang='grc' dir='ltr'>ἐνανθρώπησιν,</span> <span class='ocrx_word' id='word_1_579' title='bbox 1365 4149 1413 4200; x_wconf 85' lang='grc' dir='ltr'><strong>εί</strong></span> <span class='ocrx_word' id='word_1_580' title='bbox 1461 4145 1605 4200; x_wconf 75' lang='grc' dir='ltr'>οὓτω</span> <span class='ocrx_word' id='word_1_581' title='bbox 1658 4144 1809 4224; x_wconf 49' lang='grc' dir='ltr'>είρῆέ</span> 
     </span>
    </p>
   </div>
   <div class='ocr_carea' id='block_1_73' title="bbox 244 4220 1810 4317">
    <p class='ocr_par' dir='ltr' id='par_1_73' title="bbox 244 4220 1810 4317">
     <span class='ocr_line' id='line_1_73' title="bbox 244 4220 1810 4317; baseline -0.008 -15"><span class='ocrx_word' id='word_1_582' title='bbox 244 4246 367 4301; x_wconf 78' lang='grc' dir='ltr'>σθαι</span> <span class='ocrx_word' id='word_1_583' title='bbox 397 4220 663 4317; x_wconf 80' lang='grc' dir='ltr'>φήσομεν,</span> <span class='ocrx_word' id='word_1_584' title='bbox 697 4241 860 4296; x_wconf 80' lang='grc' dir='ltr'>εἰκὼν</span> <span class='ocrx_word' id='word_1_585' title='bbox 882 4236 951 4312; x_wconf 80' lang='grc' dir='ltr'>ἦν</span> <span class='ocrx_word' id='word_1_586' title='bbox 980 4240 1108 4309; x_wconf 77' lang='grc' dir='ltr'>ἄρα,</span> <span class='ocrx_word' id='word_1_587' title='bbox 1142 4241 1236 4293; x_wconf 78' lang='grc' dir='ltr'><strong>καὶ</strong></span> <span class='ocrx_word' id='word_1_588' title='bbox 1256 4240 1496 4310; x_wconf 85' lang='grc' dir='ltr'>δόκησις,</span> <span class='ocrx_word' id='word_1_589' title='bbox 1527 4239 1623 4292; x_wconf 65' lang='grc' dir='ltr'>καὶ</span> <span class='ocrx_word' id='word_1_590' title='bbox 1662 4220 1810 4302; x_wconf 75' lang='grc' dir='ltr'>σκιὰ,</span> 
     </span>
    </p>
   </div>
   <div class='ocr_carea' id='block_1_74' title="bbox 243 4329 1819 4405">
    <p class='ocr_par' dir='ltr' id='par_1_74' title="bbox 243 4329 1819 4405">
     <span class='ocr_line' id='line_1_74' title="bbox 243 4329 1819 4405; baseline -0.008 -11"><span class='ocrx_word' id='word_1_591' title='bbox 243 4339 340 4403; x_wconf 65' lang='grc' dir='ltr'>καὶ.</span> <span class='ocrx_word' id='word_1_592' title='bbox 382 4338 444 4392; x_wconf 79' lang='grc' dir='ltr'><strong>οὐ</strong></span> <span class='ocrx_word' id='word_1_593' title='bbox 484 4335 625 4391; x_wconf 79' lang='grc' dir='ltr'>κατὰ</span> <span class='ocrx_word' id='word_1_594' title='bbox 670 4333 927 4405; x_wconf 75' lang='grc' dir='ltr'>ἀλήθειαν</span> <span class='ocrx_word' id='word_1_595' title='bbox 977 4331 1281 4402; x_wconf 77' lang='grc' dir='ltr'>ἄνθρωπος,</span> <span class='ocrx_word' id='word_1_596' title='bbox 1330 4331 1471 4385; x_wconf 85' lang='grc' dir='ltr'>κατὰ</span> <span class='ocrx_word' id='word_1_597' title='bbox 1522 4330 1613 4383; x_wconf 76' lang='grc' dir='ltr'><strong>τὸν</strong></span> <span class='ocrx_word' id='word_1_598' title='bbox 1656 4329 1819 4385; x_wconf 75' lang='grc' dir='ltr'>ἄθεον</span> 
     </span>
    </p>
   </div>
   <div class='ocr_carea' id='block_1_75' title="bbox 1915 3220 3490 3297">
    <p class='ocr_par' dir='ltr' id='par_1_75' title="bbox 1915 3220 3490 3297">
     <span class='ocr_line' id='line_1_75' title="bbox 1915 3220 3490 3297; baseline -0.008 -11"><span class='ocrx_word' id='word_1_599' title='bbox 1915 3231 2117 3286; x_wconf 90' lang='lat' dir='ltr'><strong>malum</strong></span> <span class='ocrx_word' id='word_1_600' title='bbox 2153 3231 2351 3284; x_wconf 87' lang='lat' dir='ltr'><strong>timore</strong></span> <span class='ocrx_word' id='word_1_601' title='bbox 2378 3228 2718 3297; x_wconf 84' lang='lat' dir='ltr'><strong>corripitur,</strong></span> <span class='ocrx_word' id='word_1_602' title='bbox 2756 3221 2853 3279; x_wconf 90' lang='lat' dir='ltr'><strong>sed</strong></span> <span class='ocrx_word' id='word_1_603' title='bbox 2887 3234 3013 3278; x_wconf 87' lang='lat' dir='ltr'><strong>cum</strong></span> <span class='ocrx_word' id='word_1_604' title='bbox 3055 3222 3109 3276; x_wconf 81' lang='lat' dir='ltr'><strong>in</strong></span> <span class='ocrx_word' id='word_1_605' title='bbox 3151 3220 3287 3291; x_wconf 87' lang='lat' dir='ltr'><strong>ipsis</strong></span> <span class='ocrx_word' id='word_1_606' title='bbox 3331 3221 3490 3274; x_wconf 87' lang='lat' dir='ltr'><strong>malis</strong></span> 
     </span>
    </p>
   </div>
   <div class='ocr_carea' id='block_1_76' title="bbox 1916 3304 3495 3393">
    <p class='ocr_par' dir='ltr' id='par_1_76' title="bbox 1916 3304 3495 3393">
     <span class='ocr_line' id='line_1_76' title="bbox 1916 3304 3495 3393; baseline -0.009 -16"><span class='ocrx_word' id='word_1_607' title='bbox 1916 3321 2251 3393; x_wconf 85' lang='lat' dir='ltr'><strong>deprehendi</strong></span> <span class='ocrx_word' id='word_1_608' title='bbox 2293 3320 2563 3389; x_wconf 80' lang='lat' dir='ltr'><strong>contigit,</strong></span> <span class='ocrx_word' id='word_1_609' title='bbox 2621 3324 2755 3371; x_wconf 85' lang='lat' dir='ltr'><strong>tunc</strong></span> <span class='ocrx_word' id='word_1_610' title='bbox 2800 3312 3089 3385; x_wconf 59' lang='lat' dir='ltr'><strong>praesentis</strong></span> <span class='ocrx_word' id='word_1_611' title='bbox 3131 3304 3364 3383; x_wconf 78' lang='lat' dir='ltr'><strong>periculi</strong></span> <span class='ocrx_word' id='word_1_612' title='bbox 3400 3310 3495 3364; x_wconf 72' lang='lat' dir='ltr'><strong>vix</strong></span> 
     </span>
    </p>
   </div>
   <div class='ocr_carea' id='block_1_77' title="bbox 1916 3396 3490 3483">
    <p class='ocr_par' dir='ltr' id='par_1_77' title="bbox 1916 3396 3490 3483">
     <span class='ocr_line' id='line_1_77' title="bbox 1916 3396 3490 3483; baseline -0.009 -12"><span class='ocrx_word' id='word_1_613' title='bbox 1916 3429 2135 3471; x_wconf 86' lang='lat' dir='ltr'><strong>sensum</strong></span> <span class='ocrx_word' id='word_1_614' title='bbox 2164 3413 2413 3483; x_wconf 81' lang='lat' dir='ltr'><strong>percipit.</strong></span> <span class='ocrx_word' id='word_1_615' title='bbox 2440 3410 2597 3465; x_wconf 80' lang='lat' dir='ltr'><strong>Nunc</strong></span> <span class='ocrx_word' id='word_1_616' title='bbox 2619 3423 2750 3464; x_wconf 85' lang='lat' dir='ltr'><strong>vero</strong></span> <span class='ocrx_word' id='word_1_617' title='bbox 2779 3405 3043 3462; x_wconf 88' lang='lat' dir='ltr'><strong>Dominus</strong></span> <span class='ocrx_word' id='word_1_618' title='bbox 3077 3396 3354 3468; x_wconf 83' lang='lat' dir='ltr'><strong>turbatur,</strong></span> <span class='ocrx_word' id='word_1_619' title='bbox 3382 3420 3490 3458; x_wconf 90' lang='lat' dir='ltr'><strong>non</strong></span> 
     </span>
    </p>
   </div>
   <div class='ocr_carea' id='block_1_78' title="bbox 1916 3496 3494 3575">
    <p class='ocr_par' dir='ltr' id='par_1_78' title="bbox 1916 3496 3494 3575">
     <span class='ocr_line' id='line_1_78' title="bbox 1916 3496 3494 3575; baseline -0.009 -13"><span class='ocrx_word' id='word_1_620' title='bbox 1916 3506 1985 3562; x_wconf 91' lang='lat' dir='ltr'><strong>ob</strong></span> <span class='ocrx_word' id='word_1_621' title='bbox 2016 3520 2080 3561; x_wconf 90' lang='lat' dir='ltr'><strong>ea</strong></span> <span class='ocrx_word' id='word_1_622' title='bbox 2096 3519 2218 3575; x_wconf 64' lang='lat' dir='ltr'><strong>qua:</strong></span> <span class='ocrx_word' id='word_1_623' title='bbox 2243 3504 2420 3567; x_wconf 89' lang='lat' dir='ltr'><strong>videt,</strong></span> <span class='ocrx_word' id='word_1_624' title='bbox 2447 3498 2541 3557; x_wconf 88' lang='lat' dir='ltr'><strong>sed</strong></span> <span class='ocrx_word' id='word_1_625' title='bbox 2572 3500 2643 3556; x_wconf 88' lang='lat' dir='ltr'><strong>ob</strong></span> <span class='ocrx_word' id='word_1_626' title='bbox 2668 3512 2731 3555; x_wconf 87' lang='lat' dir='ltr'><strong>ea</strong></span> <span class='ocrx_word' id='word_1_627' title='bbox 2774 3510 2897 3568; x_wconf 71' lang='lat' dir='ltr'><strong>quae</strong></span> <span class='ocrx_word' id='word_1_628' title='bbox 2940 3496 3146 3569; x_wconf 86' lang='lat' dir='ltr'><strong>cogitat</strong></span> <span class='ocrx_word' id='word_1_629' title='bbox 3171 3498 3241 3562; x_wconf 70' lang='lat' dir='ltr'><strong>fet</strong></span> <span class='ocrx_word' id='word_1_630' title='bbox 3274 3496 3494 3566; x_wconf 75' lang='lat' dir='ltr'><strong>opperi-</strong></span> 
     </span>
    </p>
   </div>
   <div class='ocr_carea' id='block_1_79' title="bbox 1916 3588 3492 3664">
    <p class='ocr_par' dir='ltr' id='par_1_79' title="bbox 1916 3588 3492 3664">
     <span class='ocr_line' id='line_1_79' title="bbox 1916 3588 3492 3664; baseline -0.007 -13"><span class='ocrx_word' id='word_1_631' title='bbox 1916 3600 2026 3652; x_wconf 87' lang='lat' dir='ltr'><strong>tur.</strong></span> <span class='ocrx_word' id='word_1_632' title='bbox 2078 3595 2185 3651; x_wconf 86' lang='lat' dir='ltr'><strong>Sed</strong></span> <span class='ocrx_word' id='word_1_633' title='bbox 2228 3610 2403 3664; x_wconf 89' lang='lat' dir='ltr'><strong>neque</strong></span> <span class='ocrx_word' id='word_1_634' title='bbox 2439 3593 2577 3647; x_wconf 81' lang='lat' dir='ltr'><strong>dixit</strong></span> <span class='ocrx_word' id='word_1_635' title='bbox 2610 3590 2902 3655; x_wconf 83' lang='lat' dir='ltr'><strong>Christus,</strong></span> <span class='ocrx_word' id='word_1_636' title='bbox 2938 3589 3081 3644; x_wconf 87' lang='lat' dir='ltr'><strong>Caro</strong></span> <span class='ocrx_word' id='word_1_637' title='bbox 3119 3603 3239 3644; x_wconf 89' lang='lat' dir='ltr'><strong>mea</strong></span> <span class='ocrx_word' id='word_1_638' title='bbox 3274 3588 3492 3643; x_wconf 87' lang='lat' dir='ltr'><strong>turbata</strong></span> 
     </span>
    </p>
   </div>
   <div class='ocr_carea' id='block_1_80' title="bbox 1916 3681 3495 3757">
    <p class='ocr_par' dir='ltr' id='par_1_80' title="bbox 1916 3681 3495 3757">
     <span class='ocr_line' id='line_1_80' title="bbox 1916 3681 3495 3757; baseline -0.009 -11"><span class='ocrx_word' id='word_1_639' title='bbox 1916 3698 2022 3757; x_wconf 91' lang='lat' dir='ltr'><strong>est,</strong></span> <span class='ocrx_word' id='word_1_640' title='bbox 2044 3686 2159 3748; x_wconf 80' lang='lat' dir='ltr'><strong>sed.</strong></span> <span class='ocrx_word' id='word_1_641' title='bbox 2180 3687 2374 3741; x_wconf 85' lang='lat' dir='ltr'><strong>Anima</strong></span> <span class='ocrx_word' id='word_1_642' title='bbox 2395 3698 2532 3749; x_wconf 85' lang='lat' dir='ltr'><strong>mea,</strong></span> <span class='ocrx_word' id='word_1_643' title='bbox 2560 3692 2711 3739; x_wconf 89' lang='lat' dir='ltr'><strong>secta</strong></span> <span class='ocrx_word' id='word_1_644' title='bbox 2722 3686 2924 3737; x_wconf 88' lang='lat' dir='ltr'><strong>riorum</strong></span> <span class='ocrx_word' id='word_1_645' title='bbox 2944 3681 3316 3750; x_wconf 87' lang='lat' dir='ltr'><strong>suspicionem</strong></span> <span class='ocrx_word' id='word_1_646' title='bbox 3345 3694 3495 3733; x_wconf 88' lang='lat' dir='ltr'><strong>amo-</strong></span> 
     </span>
    </p>
   </div>
   <div class='ocr_carea' id='block_1_81' title="bbox 1916 3766 3493 3846">
    <p class='ocr_par' dir='ltr' id='par_1_81' title="bbox 1916 3766 3493 3846">
     <span class='ocr_line' id='line_1_81' title="bbox 1916 3766 3493 3846; baseline -0.01 -9"><span class='ocrx_word' id='word_1_647' title='bbox 1916 3782 2073 3837; x_wconf 86' lang='lat' dir='ltr'><strong>liens.</strong></span> <span class='ocrx_word' id='word_1_648' title='bbox 2095 3778 2249 3846; x_wconf 87' lang='lat' dir='ltr'><strong>Quod</strong></span> <span class='ocrx_word' id='word_1_649' title='bbox 2278 3778 2324 3833; x_wconf 88' lang='lat' dir='ltr'><strong>si</strong></span> <span class='ocrx_word' id='word_1_650' title='bbox 2356 3776 2587 3845; x_wconf 83' lang='lat' dir='ltr'><strong>objicics</strong></span> <span class='ocrx_word' id='word_1_651' title='bbox 2614 3776 2668 3830; x_wconf 92' lang='lat' dir='ltr'><strong>in</strong></span> <span class='ocrx_word' id='word_1_652' title='bbox 2693 3766 2885 3830; x_wconf 81' lang='lat' dir='ltr'><strong>Vetere</strong></span> <span class='ocrx_word' id='word_1_653' title='bbox 2904 3770 3261 3827; x_wconf 80' lang='lat' dir='ltr'><strong>Testamento</strong></span> <span class='ocrx_word' id='word_1_654' title='bbox 3289 3767 3493 3824; x_wconf 67' lang='lat' dir='ltr'><strong>Jttdmis</strong></span> 
     </span>
    </p>
   </div>
   <div class='ocr_carea' id='block_1_82' title="bbox 1916 3860 3493 3935">
    <p class='ocr_par' dir='ltr' id='par_1_82' title="bbox 1916 3860 3493 3935">
     <span class='ocr_line' id='line_1_82' title="bbox 1916 3860 3493 3935; baseline -0.007 -8"><span class='ocrx_word' id='word_1_655' title='bbox 1916 3873 2123 3928; x_wconf 81' lang='lat' dir='ltr'><strong>dictum</strong></span> <span class='ocrx_word' id='word_1_656' title='bbox 2173 3887 2296 3926; x_wconf 89' lang='lat' dir='ltr'><strong>esse</strong></span> <span class='ocrx_word' id='word_1_657' title='bbox 2351 3885 2383 3924; x_wconf 87' lang='lat' dir='ltr'><strong>a</strong></span> <span class='ocrx_word' id='word_1_658' title='bbox 2428 3869 2541 3923; x_wconf 89' lang='lat' dir='ltr'><strong>Deo</strong></span> <span class='ocrx_word' id='word_1_659' title='bbox 2570 3909 2586 3935; x_wconf 89' lang='lat'><strong>,</strong></span> <span class='ocrx_word' id='word_1_660' title='bbox 2644 3886 2664 3919; x_wconf 72' lang='grc' dir='ltr'><strong>ι</strong></span> <span class='ocrx_word' id='word_1_661' title='bbox 2702 3864 2864 3922; x_wconf 84' lang='lat' dir='ltr'><strong>Festa</strong></span> <span class='ocrx_word' id='word_1_662' title='bbox 2913 3871 3098 3920; x_wconf 86' lang='lat' dir='ltr'><strong>vestra</strong></span> <span class='ocrx_word' id='word_1_663' title='bbox 3142 3863 3258 3918; x_wconf 91' lang='lat' dir='ltr'><strong>odit</strong></span> <span class='ocrx_word' id='word_1_664' title='bbox 3312 3860 3493 3917; x_wconf 86' lang='lat' dir='ltr'><strong>anima</strong></span> 
     </span>
    </p>
   </div>
   <div class='ocr_carea' id='block_1_83' title="bbox 1915 3952 3501 4029">
    <p class='ocr_par' dir='ltr' id='par_1_83' title="bbox 1915 3952 3501 4029">
     <span class='ocr_line' id='line_1_83' title="bbox 1915 3952 3501 4029; baseline -0.009 -11"><span class='ocrx_word' id='word_1_665' title='bbox 1915 3972 2055 4027; x_wconf 87' lang='lat' dir='ltr'><strong>mea,</strong></span> <span class='ocrx_word' id='word_1_666' title='bbox 2089 3978 2107 4012; x_wconf 76' lang='grc' dir='ltr'><strong>ι</strong></span> <span class='ocrx_word' id='word_1_667' title='bbox 2136 3961 2382 4029; x_wconf 82' lang='lat' dir='ltr'><strong>dicemus</strong></span> <span class='ocrx_word' id='word_1_668' title='bbox 2412 3971 2536 4014; x_wconf 89' lang='lat' dir='ltr'><strong>eum</strong></span> <span class='ocrx_word' id='word_1_669' title='bbox 2567 3957 2645 4011; x_wconf 86' lang='lat' dir='ltr'><strong>uti</strong></span> <span class='ocrx_word' id='word_1_670' title='bbox 2677 3954 2941 4011; x_wconf 87' lang='lat' dir='ltr'><strong>libentius</strong></span> <span class='ocrx_word' id='word_1_671' title='bbox 2973 3952 3184 4010; x_wconf 88' lang='lat' dir='ltr'><strong>nostris</strong></span> <span class='ocrx_word' id='word_1_672' title='bbox 3219 3952 3501 4016; x_wconf 78' lang='lat' dir='ltr'><strong>moribus,</strong></span> 
     </span>
    </p>
   </div>
   <div class='ocr_carea' id='block_1_84' title="bbox 1916 4036 3493 4125">
    <p class='ocr_par' dir='ltr' id='par_1_84' title="bbox 1916 4036 3493 4125">
     <span class='ocr_line' id='line_1_84' title="bbox 1916 4036 3493 4125; baseline -0.006 -17"><span class='ocrx_word' id='word_1_673' title='bbox 1916 4061 2138 4125; x_wconf 86' lang='lat' dir='ltr'><strong>propter</strong></span> <span class='ocrx_word' id='word_1_674' title='bbox 2159 4050 2454 4121; x_wconf 87' lang='lat' dir='ltr'><strong>quamdam</strong></span> <span class='ocrx_word' id='word_1_675' title='bbox 2479 4088 2494 4113; x_wconf 90' lang='lat'><strong>,</strong></span> <span class='ocrx_word' id='word_1_676' title='bbox 2527 4055 2585 4102; x_wconf 92' lang='lat' dir='ltr'><strong>ut</strong></span> <span class='ocrx_word' id='word_1_677' title='bbox 2620 4047 2694 4102; x_wconf 89' lang='lat' dir='ltr'><strong>ita</strong></span> <span class='ocrx_word' id='word_1_678' title='bbox 2728 4048 2943 4117; x_wconf 88' lang='lat' dir='ltr'><strong>loquar,</strong></span> <span class='ocrx_word' id='word_1_679' title='bbox 2977 4046 3266 4101; x_wconf 85' lang='lat' dir='ltr'><strong>nobiscum</strong></span> <span class='ocrx_word' id='word_1_680' title='bbox 3288 4036 3493 4099; x_wconf 88' lang='lat' dir='ltr'><strong>conde-</strong></span> 
     </span>
    </p>
   </div>
   <div class='ocr_carea' id='block_1_85' title="bbox 1916 4136 3509 4207">
    <p class='ocr_par' dir='ltr' id='par_1_85' title="bbox 1916 4136 3509 4207">
     <span class='ocr_line' id='line_1_85' title="bbox 1916 4136 3509 4207; baseline -0.008 -7"><span class='ocrx_word' id='word_1_681' title='bbox 1916 4143 2259 4200; x_wconf 86' lang='lat' dir='ltr'><strong>scensionem</strong></span> <span class='ocrx_word' id='word_1_682' title='bbox 2286 4183 2302 4206; x_wconf 90' lang='lat'><strong>,</strong></span> <span class='ocrx_word' id='word_1_683' title='bbox 2338 4142 2481 4198; x_wconf 90' lang='lat' dir='ltr'><strong>sicut</strong></span> <span class='ocrx_word' id='word_1_684' title='bbox 2535 4149 2589 4195; x_wconf 87' lang='lat' dir='ltr'><strong>et</strong></span> <span class='ocrx_word' id='word_1_685' title='bbox 2633 4138 2827 4194; x_wconf 78' lang='lat' dir='ltr'><strong>faciem</strong></span> <span class='ocrx_word' id='word_1_686' title='bbox 2868 4144 2924 4193; x_wconf 90' lang='lat' dir='ltr'><strong>et</strong></span> <span class='ocrx_word' id='word_1_687' title='bbox 2961 4138 3150 4193; x_wconf 86' lang='lat' dir='ltr'><strong>oculos</strong></span> <span class='ocrx_word' id='word_1_688' title='bbox 3187 4146 3240 4193; x_wconf 92' lang='lat' dir='ltr'><strong>et</strong></span> <span class='ocrx_word' id='word_1_689' title='bbox 3279 4136 3509 4207; x_wconf 84' lang='lat' dir='ltr'><strong>reliqua.</strong></span> 
     </span>
    </p>
   </div>
   <div class='ocr_carea' id='block_1_86' title="bbox 1915 4228 3492 4301">
    <p class='ocr_par' dir='ltr' id='par_1_86' title="bbox 1915 4228 3492 4301">
     <span class='ocr_line' id='line_1_86' title="bbox 1915 4228 3492 4301; baseline -0.008 -10"><span class='ocrx_word' id='word_1_690' title='bbox 1915 4236 2100 4292; x_wconf 87' lang='lat' dir='ltr'><strong>omnia</strong></span> <span class='ocrx_word' id='word_1_691' title='bbox 2135 4233 2378 4288; x_wconf 85' lang='lat' dir='ltr'><strong>membra</strong></span> <span class='ocrx_word' id='word_1_692' title='bbox 2416 4230 2625 4301; x_wconf 83' lang='lat' dir='ltr'><strong>ailingit</strong></span> <span class='ocrx_word' id='word_1_693' title='bbox 2663 4229 2990 4299; x_wconf 89' lang='lat' dir='ltr'><strong>incorporeo</strong></span> <span class='ocrx_word' id='word_1_694' title='bbox 3028 4228 3259 4283; x_wconf 80' lang='lat' dir='ltr'><strong>abusive</strong></span> <span class='ocrx_word' id='word_1_695' title='bbox 3292 4243 3309 4281; x_wconf 84' lang='lat'><strong>:</strong></span> <span class='ocrx_word' id='word_1_696' title='bbox 3366 4230 3492 4295; x_wconf 85' lang='lat' dir='ltr'><strong>post</strong></span> 
     </span>
    </p>
   </div>
   <div class='ocr_carea' id='block_1_87' title="bbox 1914 4320 3509 4391">
    <p class='ocr_par' dir='ltr' id='par_1_87' title="bbox 1914 4320 3509 4391">
     <span class='ocr_line' id='line_1_87' title="bbox 1914 4320 3509 4391; baseline -0.008 -9"><span class='ocrx_word' id='word_1_697' title='bbox 1914 4325 2351 4382; x_wconf 88' lang='lat' dir='ltr'><strong>incarnationem</strong></span> <span class='ocrx_word' id='word_1_698' title='bbox 2383 4335 2514 4377; x_wconf 89' lang='lat' dir='ltr'><strong>vero</strong></span> <span class='ocrx_word' id='word_1_699' title='bbox 2556 4330 2610 4376; x_wconf 90' lang='lat' dir='ltr'><strong>et</strong></span> <span class='ocrx_word' id='word_1_700' title='bbox 2661 4320 3056 4375; x_wconf 84' lang='lat' dir='ltr'><strong>humanitatem</strong></span> <span class='ocrx_word' id='word_1_701' title='bbox 3101 4324 3446 4391; x_wconf 87' lang='lat' dir='ltr'><strong>assumptam</strong></span> <span class='ocrx_word' id='word_1_702' title='bbox 3472 4360 3509 4385; x_wconf 23' lang='grc' dir='ltr'>,α</span> 
     </span>
    </p>
   </div>
   <div class='ocr_carea' id='block_1_88' title="bbox 241 4413 1811 4500">
    <p class='ocr_par' dir='ltr' id='par_1_88' title="bbox 241 4414 1811 4500">
     <span class='ocr_line' id='line_1_88' title="bbox 241 4414 1811 4500; baseline -0.01 -12"><span class='ocrx_word' id='word_1_703' title='bbox 241 4435 437 4489; x_wconf 73' lang='grc' dir='ltr'>Μάνιν.</span> <span class='ocrx_word' id='word_1_704' title='bbox 471 4414 638 4500; x_wconf 83' lang='grc' dir='ltr'>Ὅλην</span> <span class='ocrx_word' id='word_1_705' title='bbox 665 4428 841 4481; x_wconf 86' lang='grc' dir='ltr'>τοίνυν</span> <span class='ocrx_word' id='word_1_706' title='bbox 901 4425 1009 4479; x_wconf 85' lang='grc' dir='ltr'>τῶν</span> <span class='ocrx_word' id='word_1_707' title='bbox 1046 4423 1350 4495; x_wconf 83' lang='grc' dir='ltr'>ἀνθρώπων</span> <span class='ocrx_word' id='word_1_708' title='bbox 1398 4421 1557 4492; x_wconf 82' lang='grc' dir='ltr'>φύσιν</span> <span class='ocrx_word' id='word_1_709' title='bbox 1603 4418 1811 4492; x_wconf 75' lang='grc' dir='ltr'>ἥνωσεν</span> 
     </span>
    </p>
   </div>
   <div class='ocr_carea' id='block_1_89' title="bbox 1911 4413 3492 4500">
    <p class='ocr_par' dir='ltr' id='par_1_89' title="bbox 1916 4413 3492 4483">
     <span class='ocr_line' id='line_1_89' title="bbox 1916 4413 3492 4483; baseline -0.005 -10"><span class='ocrx_word' id='word_1_710' title='bbox 1916 4419 1962 4473; x_wconf 88' lang='lat' dir='ltr'><strong>si</strong></span> <span class='ocrx_word' id='word_1_711' title='bbox 1996 4417 2073 4472; x_wconf 81' lang='lat' dir='ltr'><strong>ita</strong></span> <span class='ocrx_word' id='word_1_712' title='bbox 2099 4417 2305 4471; x_wconf 88' lang='lat' dir='ltr'><strong>dictum</strong></span> <span class='ocrx_word' id='word_1_713' title='bbox 2333 4429 2456 4471; x_wconf 88' lang='lat' dir='ltr'><strong>esse</strong></span> <span class='ocrx_word' id='word_1_714' title='bbox 2480 4413 2749 4477; x_wconf 86' lang='lat' dir='ltr'><strong>dicamus,</strong></span> <span class='ocrx_word' id='word_1_715' title='bbox 2781 4413 2884 4467; x_wconf 79' lang='lat' dir='ltr'><strong>fuit</strong></span> <span class='ocrx_word' id='word_1_716' title='bbox 2912 4413 3101 4483; x_wconf 85' lang='lat' dir='ltr'><strong>utique</strong></span> <span class='ocrx_word' id='word_1_717' title='bbox 3132 4413 3311 4482; x_wconf 86' lang='lat' dir='ltr'><strong>imago</strong></span> <span class='ocrx_word' id='word_1_718' title='bbox 3341 4427 3492 4482; x_wconf 77' lang='lat' dir='ltr'><strong>qua:-</strong></span> 
     </span>
    </p>
   </div>
   <div class='ocr_carea' id='block_1_90' title="bbox 242 4496 1811 4594">
    <p class='ocr_par' dir='ltr' id='par_1_90' title="bbox 242 4496 1811 4594">
     <span class='ocr_line' id='line_1_90' title="bbox 242 4496 1811 4594; baseline -0.009 -16"><span class='ocrx_word' id='word_1_719' title='bbox 242 4523 417 4594; x_wconf 79' lang='grc' dir='ltr'>ἐαυτῷ</span> <span class='ocrx_word' id='word_1_720' title='bbox 444 4525 472 4577; x_wconf 90' lang='grc' dir='ltr'><strong>ό</strong></span> <span class='ocrx_word' id='word_1_721' title='bbox 497 4496 605 4575; x_wconf 64' lang='grc' dir='ltr'><strong>τοῖ’)⁷</strong></span> <span class='ocrx_word' id='word_1_722' title='bbox 635 4520 770 4574; x_wconf 79' lang='grc' dir='ltr'>Θεοῦ</span> <span class='ocrx_word' id='word_1_723' title='bbox 797 4519 973 4587; x_wconf 78' lang='grc' dir='ltr'>Λόγος</span> <span class='ocrx_word' id='word_1_724' title='bbox 999 4517 1085 4570; x_wconf 76' lang='grc' dir='ltr'>ἵνα</span> <span class='ocrx_word' id='word_1_725' title='bbox 1116 4515 1236 4569; x_wconf 82' lang='grc' dir='ltr'>ὅλον</span> <span class='ocrx_word' id='word_1_726' title='bbox 1261 4512 1410 4586; x_wconf 79' lang='grc' dir='ltr'>σώσῃ</span> <span class='ocrx_word' id='word_1_727' title='bbox 1464 4513 1555 4567; x_wconf 78' lang='grc' dir='ltr'>τὸν</span> <span class='ocrx_word' id='word_1_728' title='bbox 1605 4512 1811 4583; x_wconf 76' lang='grc' dir='ltr'>ἄνθρω-</span> 
     </span>
    </p>
   </div>
   <div class='ocr_carea' id='block_1_91' title="bbox 1911 4496 3514 4594">
    <p class='ocr_par' dir='ltr' id='par_1_91' title="bbox 1917 4503 3514 4574">
     <span class='ocr_line' id='line_1_91' title="bbox 1917 4503 3514 4574; baseline -0.003 -10"><span class='ocrx_word' id='word_1_729' title='bbox 1917 4510 2076 4574; x_wconf 82' lang='lat' dir='ltr'><strong>dam,</strong></span> <span class='ocrx_word' id='word_1_730' title='bbox 2102 4516 2156 4562; x_wconf 89' lang='lat' dir='ltr'><strong>et</strong></span> <span class='ocrx_word' id='word_1_731' title='bbox 2184 4506 2354 4571; x_wconf 87' lang='lat' dir='ltr'><strong>visio,</strong></span> <span class='ocrx_word' id='word_1_732' title='bbox 2396 4514 2450 4561; x_wconf 87' lang='lat' dir='ltr'><strong>et</strong></span> <span class='ocrx_word' id='word_1_733' title='bbox 2483 4504 2674 4559; x_wconf 89' lang='lat' dir='ltr'><strong>umbra</strong></span> <span class='ocrx_word' id='word_1_734' title='bbox 2695 4543 2710 4567; x_wconf 87' lang='lat'><strong>,</strong></span> <span class='ocrx_word' id='word_1_735' title='bbox 2746 4514 2855 4559; x_wconf 87' lang='lat' dir='ltr'><strong>non</strong></span> <span class='ocrx_word' id='word_1_736' title='bbox 2885 4513 3066 4560; x_wconf 86' lang='lat' dir='ltr'><strong>autem</strong></span> <span class='ocrx_word' id='word_1_737' title='bbox 3100 4520 3265 4560; x_wconf 90' lang='lat' dir='ltr'><strong>verus</strong></span> <span class='ocrx_word' id='word_1_738' title='bbox 3288 4503 3453 4559; x_wconf 81' lang='lat' dir='ltr'><strong>homo</strong></span> <span class='ocrx_word' id='word_1_739' title='bbox 3473 4545 3514 4571; x_wconf 18' lang='grc' dir='ltr'>,ἡ</span> 
     </span>
    </p>
   </div>
   <div class='ocr_carea' id='block_1_92' title="bbox 242 4600 1819 4684">
    <p class='ocr_par' dir='ltr' id='par_1_92' title="bbox 242 4600 1819 4684">
     <span class='ocr_line' id='line_1_92' title="bbox 242 4600 1819 4684; baseline -0.008 -16"><span class='ocrx_word' id='word_1_740' title='bbox 242 4631 364 4668; x_wconf 85' lang='grc' dir='ltr'>πον.</span> <span class='ocrx_word' id='word_1_741' title='bbox 397 4614 463 4666; x_wconf 79' lang='lat'><strong>&#39;0</strong></span> <span class='ocrx_word' id='word_1_742' title='bbox 483 4612 592 4684; x_wconf 79' lang='grc' dir='ltr'>γὰρ</span> <span class='ocrx_word' id='word_1_743' title='bbox 625 4610 698 4682; x_wconf 84' lang='grc' dir='ltr'>μὴ</span> <span class='ocrx_word' id='word_1_744' title='bbox 720 4608 1135 4680; x_wconf 81' lang='grc' dir='ltr'>προσείληπται,</span> <span class='ocrx_word' id='word_1_745' title='bbox 1164 4604 1285 4659; x_wconf 78' lang='grc' dir='ltr'>οὐδὲ</span> <span class='ocrx_word' id='word_1_746' title='bbox 1310 4604 1595 4661; x_wconf 81' lang='grc' dir='ltr'>σέσωσται.</span> <span class='ocrx_word' id='word_1_747' title='bbox 1628 4600 1819 4656; x_wconf 77' lang='grc' dir='ltr'>Εἰπὼν</span> 
     </span>
    </p>
   </div>
   <div class='ocr_carea' id='block_1_93' title="bbox 244 4694 1814 4777">
    <p class='ocr_par' dir='ltr' id='par_1_93' title="bbox 244 4694 1814 4777">
     <span class='ocr_line' id='line_1_93' title="bbox 244 4694 1814 4777; baseline -0.008 -18"><span class='ocrx_word' id='word_1_748' title='bbox 244 4707 428 4777; x_wconf 78' lang='grc' dir='ltr'>μέντοι</span> <span class='ocrx_word' id='word_1_749' title='bbox 479 4704 558 4768; x_wconf 80' lang='grc' dir='ltr'>τὸ,</span> <span class='ocrx_word' id='word_1_750' title='bbox 617 4722 635 4755; x_wconf 75' lang='grc' dir='ltr'><strong>ι</strong></span> <span class='ocrx_word' id='word_1_751' title='bbox 681 4698 1005 4771; x_wconf 84' lang='grc' dir='ltr'>Ἐταράχθη,</span> <span class='ocrx_word' id='word_1_752' title='bbox 1038 4716 1057 4750; x_wconf 72' lang='grc' dir='ltr'><strong>ι</strong></span> <span class='ocrx_word' id='word_1_753' title='bbox 1108 4697 1171 4751; x_wconf 77' lang='grc' dir='ltr'><strong>οὐ</strong></span> <span class='ocrx_word' id='word_1_754' title='bbox 1227 4698 1425 4767; x_wconf 73' lang='grc' dir='ltr'>σιωπᾷ,</span> <span class='ocrx_word' id='word_1_755' title='bbox 1461 4695 1573 4749; x_wconf 80' lang='grc' dir='ltr'>ἀλλ’</span> <span class='ocrx_word' id='word_1_756' title='bbox 1612 4696 1692 4758; x_wconf 83' lang='grc' dir='ltr'><strong>είς</strong></span> <span class='ocrx_word' id='word_1_757' title='bbox 1723 4694 1814 4748; x_wconf 74' lang='grc' dir='ltr'>εύ-</span> 
     </span>
    </p>
   </div>
   <div class='ocr_carea' id='block_1_94' title="bbox 240 4786 1810 4866">
    <p class='ocr_par' dir='ltr' id='par_1_94' title="bbox 240 4786 1810 4866">
     <span class='ocr_line' id='line_1_94' title="bbox 240 4786 1810 4866; baseline -0.008 -16"><span class='ocrx_word' id='word_1_758' title='bbox 240 4793 468 4866; x_wconf 77' lang='grc' dir='ltr'>τολμίαν</span> <span class='ocrx_word' id='word_1_759' title='bbox 496 4792 857 4865; x_wconf 84' lang='grc' dir='ltr'>μεταπλάττει</span> <span class='ocrx_word' id='word_1_760' title='bbox 890 4789 949 4843; x_wconf 82' lang='grc' dir='ltr'><strong>τὸ</strong></span> <span class='ocrx_word' id='word_1_761' title='bbox 972 4788 1163 4852; x_wconf 81' lang='grc' dir='ltr'>πάθος,</span> <span class='ocrx_word' id='word_1_762' title='bbox 1194 4788 1288 4841; x_wconf 76' lang='grc' dir='ltr'><strong>καὶ</strong></span> <span class='ocrx_word' id='word_1_763' title='bbox 1319 4786 1601 4858; x_wconf 86' lang='grc' dir='ltr'>μονονουχί</span> <span class='ocrx_word' id='word_1_764' title='bbox 1627 4798 1810 4857; x_wconf 80' lang='grc' dir='ltr'>φησιν’</span> 
     </span>
    </p>
   </div>
   <div class='ocr_carea' id='block_1_95' title="bbox 241 4874 1815 4948">
    <p class='ocr_par' dir='ltr' id='par_1_95' title="bbox 241 4874 1815 4948">
     <span class='ocr_line' id='line_1_95' title="bbox 241 4874 1815 4948; baseline -0.005 -11"><span class='ocrx_word' id='word_1_765' title='bbox 241 4883 407 4938; x_wconf 76' lang='grc' dir='ltr'>Οὐδέν</span> <span class='ocrx_word' id='word_1_766' title='bbox 436 4885 548 4935; x_wconf 88' lang='grc' dir='ltr'>ἐστι</span> <span class='ocrx_word' id='word_1_767' title='bbox 585 4882 645 4934; x_wconf 84' lang='grc' dir='ltr'><strong>τὸ</strong></span> <span class='ocrx_word' id='word_1_768' title='bbox 673 4879 964 4935; x_wconf 81' lang='grc' dir='ltr'>ἀποθανεῖν</span> <span class='ocrx_word' id='word_1_769' title='bbox 995 4893 1017 4918; x_wconf 63' lang='grc' dir='ltr'><em>κ</em></span> <span class='ocrx_word' id='word_1_770' title='bbox 1048 4877 1184 4932; x_wconf 81' lang='grc' dir='ltr'><strong>ἀλλὰ</strong></span> <span class='ocrx_word' id='word_1_771' title='bbox 1208 4877 1297 4931; x_wconf 80' lang='grc' dir='ltr'><strong>διὰ</strong></span> <span class='ocrx_word' id='word_1_772' title='bbox 1337 4877 1495 4931; x_wconf 81' lang='grc' dir='ltr'>τοῦτο</span> <span class='ocrx_word' id='word_1_773' title='bbox 1541 4874 1815 4948; x_wconf 75' lang='grc' dir='ltr'>ἐπέτρεψα</span> 
     </span>
    </p>
   </div>
   <div class='ocr_carea' id='block_1_96' title="bbox 239 4967 1814 5046">
    <p class='ocr_par' dir='ltr' id='par_1_96' title="bbox 239 4967 1814 5046">
     <span class='ocr_line' id='line_1_96' title="bbox 239 4967 1814 5046; baseline -0.006 -18"><span class='ocrx_word' id='word_1_774' title='bbox 239 4977 310 5046; x_wconf 76' lang='grc' dir='ltr'><strong>τῇ</strong></span> <span class='ocrx_word' id='word_1_775' title='bbox 347 4974 509 5046; x_wconf 75' lang='grc' dir='ltr'>σαρκὶ</span> <span class='ocrx_word' id='word_1_776' title='bbox 530 4973 593 5026; x_wconf 78' lang='grc' dir='ltr'><strong>τὸ</strong></span> <span class='ocrx_word' id='word_1_777' title='bbox 625 4970 910 5029; x_wconf 82' lang='grc' dir='ltr'>δειλιάσαι.</span> <span class='ocrx_word' id='word_1_778' title='bbox 953 4969 1041 5022; x_wconf 72' lang='grc' dir='ltr'>ἵνα</span> <span class='ocrx_word' id='word_1_779' title='bbox 1076 4967 1549 5038; x_wconf 75' lang='grc' dir='ltr'>μεταστοιχειώσω</span> <span class='ocrx_word' id='word_1_780' title='bbox 1595 4968 1676 5030; x_wconf 84' lang='grc' dir='ltr'><strong>είς</strong></span> <span class='ocrx_word' id='word_1_781' title='bbox 1722 4967 1814 5020; x_wconf 49' lang='lat' dir='ltr'><strong>ad-</strong></span> 
     </span>
    </p>
   </div>
   <div class='ocr_carea' id='block_1_97' title="bbox 239 5056 1812 5135">
    <p class='ocr_par' dir='ltr' id='par_1_97' title="bbox 239 5056 1812 5135">
     <span class='ocr_line' id='line_1_97' title="bbox 239 5056 1812 5135; baseline -0.006 -17"><span class='ocrx_word' id='word_1_782' title='bbox 239 5065 486 5135; x_wconf 81' lang='grc' dir='ltr'>τολμίαν.</span> <span class='ocrx_word' id='word_1_783' title='bbox 511 5059 716 5115; x_wconf 86' lang='grc' dir='ltr'>Ἦλθον</span> <span class='ocrx_word' id='word_1_784' title='bbox 736 5062 850 5122; x_wconf 85' lang='grc' dir='ltr'>τοῖς</span> <span class='ocrx_word' id='word_1_785' title='bbox 879 5059 971 5111; x_wconf 70' lang='grc' dir='ltr'>ἐπὶ</span> <span class='ocrx_word' id='word_1_786' title='bbox 1000 5058 1105 5128; x_wconf 85' lang='grc' dir='ltr'>γῆς</span> <span class='ocrx_word' id='word_1_787' title='bbox 1126 5056 1224 5127; x_wconf 84' lang='grc' dir='ltr'>τὴν</span> <span class='ocrx_word' id='word_1_788' title='bbox 1255 5056 1401 5128; x_wconf 79' lang='grc' dir='ltr'>ζωὴν</span> <span class='ocrx_word' id='word_1_789' title='bbox 1427 5056 1812 5126; x_wconf 82' lang='grc' dir='ltr'>κατορθώσων,</span> 
     </span>
    </p>
   </div>
   <div class='ocr_carea' id='block_1_98' title="bbox 239 5147 1815 5226">
    <p class='ocr_par' dir='ltr' id='par_1_98' title="bbox 239 5147 1815 5226">
     <span class='ocr_line' id='line_1_98' title="bbox 239 5147 1815 5226; baseline -0.007 -16"><span class='ocrx_word' id='word_1_790' title='bbox 239 5156 325 5211; x_wconf 79' lang='grc' dir='ltr'><strong>διὸ</strong></span> <span class='ocrx_word' id='word_1_791' title='bbox 354 5157 448 5210; x_wconf 75' lang='grc' dir='ltr'>καὶ</span> <span class='ocrx_word' id='word_1_792' title='bbox 481 5153 615 5226; x_wconf 74' lang='grc' dir='ltr'>πρὸς</span> <span class='ocrx_word' id='word_1_793' title='bbox 645 5153 706 5207; x_wconf 76' lang='grc' dir='ltr'><strong>τὸ</strong></span> <span class='ocrx_word' id='word_1_794' title='bbox 738 5153 931 5206; x_wconf 86' lang='grc' dir='ltr'>παθεῖν</span> <span class='ocrx_word' id='word_1_795' title='bbox 967 5152 1362 5222; x_wconf 82' lang='grc' dir='ltr'>ηύτρέπισμαι.</span> <span class='ocrx_word' id='word_1_796' title='bbox 1408 5150 1562 5202; x_wconf 82' lang='grc' dir='ltr'><strong>Αίτεί</strong></span> <span class='ocrx_word' id='word_1_797' title='bbox 1621 5148 1678 5201; x_wconf 79' lang='grc' dir='ltr'>δὲ</span> <span class='ocrx_word' id='word_1_798' title='bbox 1723 5147 1815 5200; x_wconf 82' lang='grc' dir='ltr'><strong>τὸν</strong></span> 
     </span>
    </p>
   </div>
   <div class='ocr_carea' id='block_1_99' title="bbox 242 5240 1815 5320">
    <p class='ocr_par' dir='ltr' id='par_1_99' title="bbox 242 5240 1815 5320">
     <span class='ocr_line' id='line_1_99' title="bbox 242 5240 1815 5320; baseline -0.008 -17"><span class='ocrx_word' id='word_1_799' title='bbox 242 5248 485 5320; x_wconf 71' lang='grc' dir='ltr'>Πατέρα,</span> <span class='ocrx_word' id='word_1_800' title='bbox 515 5248 610 5301; x_wconf 78' lang='grc' dir='ltr'><strong>καὶ</strong></span> <span class='ocrx_word' id='word_1_801' title='bbox 657 5247 717 5299; x_wconf 78' lang='grc' dir='ltr'>τὸ</span> <span class='ocrx_word' id='word_1_802' title='bbox 745 5245 846 5315; x_wconf 85' lang='grc' dir='ltr'><strong>τῆς</strong></span> <span class='ocrx_word' id='word_1_803' title='bbox 872 5244 1035 5314; x_wconf 83' lang='grc' dir='ltr'>εὐχῆς</span> <span class='ocrx_word' id='word_1_804' title='bbox 1073 5244 1256 5314; x_wconf 88' lang='grc' dir='ltr'>σχῆμα</span> <span class='ocrx_word' id='word_1_805' title='bbox 1278 5241 1550 5305; x_wconf 86' lang='grc' dir='ltr'>διατυποῖ,</span> <span class='ocrx_word' id='word_1_806' title='bbox 1591 5240 1689 5311; x_wconf 82' lang='grc' dir='ltr'><strong>οὑχ</strong></span> <span class='ocrx_word' id='word_1_807' title='bbox 1738 5241 1815 5300; x_wconf 87' lang='grc' dir='ltr'>ὡς</span> 
     </span>
    </p>
   </div>
   <div class='ocr_carea' id='block_1_100' title="bbox 239 5330 1813 5408">
    <p class='ocr_par' dir='ltr' id='par_1_100' title="bbox 239 5330 1813 5408">
     <span class='ocr_line' id='line_1_100' title="bbox 239 5330 1813 5408; baseline -0.008 -12"><span class='ocrx_word' id='word_1_808' title='bbox 239 5338 581 5401; x_wconf 76' lang='grc' dir='ltr'>ἀδυνατῶν,ό</span> <span class='ocrx_word' id='word_1_809' title='bbox 597 5338 773 5392; x_wconf 87' lang='grc' dir='ltr'>πάντα</span> <span class='ocrx_word' id='word_1_810' title='bbox 793 5336 988 5408; x_wconf 77' lang='grc' dir='ltr'>ἰσχύων</span> <span class='ocrx_word' id='word_1_811' title='bbox 1004 5378 1016 5401; x_wconf 89' lang='grc'><strong>,</strong></span> <span class='ocrx_word' id='word_1_812' title='bbox 1038 5336 1150 5389; x_wconf 85' lang='grc' dir='ltr'><strong>ἀλλ’</strong></span> <span class='ocrx_word' id='word_1_813' title='bbox 1166 5336 1239 5400; x_wconf 86' lang='grc' dir='ltr'>ὡς</span> <span class='ocrx_word' id='word_1_814' title='bbox 1254 5333 1349 5390; x_wconf 67' lang='grc' dir='ltr'>ἄνθ</span> <span class='ocrx_word' id='word_1_815' title='bbox 1357 5351 1539 5406; x_wconf 83' lang='grc' dir='ltr'>ρωπος</span> <span class='ocrx_word' id='word_1_816' title='bbox 1559 5332 1625 5386; x_wconf 86' lang='grc' dir='ltr'><strong>τὰ</strong></span> <span class='ocrx_word' id='word_1_817' title='bbox 1643 5330 1813 5402; x_wconf 78' lang='grc' dir='ltr'>μείζω</span> 
     </span>
    </p>
   </div>
   <div class='ocr_carea' id='block_1_101' title="bbox 237 5425 1813 5507">
    <p class='ocr_par' dir='ltr' id='par_1_101' title="bbox 237 5425 1813 5507">
     <span class='ocr_line' id='line_1_101' title="bbox 237 5425 1813 5507; baseline -0.006 -20"><span class='ocrx_word' id='word_1_818' title='bbox 237 5436 274 5507; x_wconf 78' lang='grc' dir='ltr'>ἢ</span> <span class='ocrx_word' id='word_1_819' title='bbox 301 5431 442 5487; x_wconf 72' lang='grc' dir='ltr'>κατὰ</span> <span class='ocrx_word' id='word_1_820' title='bbox 471 5431 756 5503; x_wconf 73' lang='grc' dir='ltr'>ἄνθρωπον</span> <span class='ocrx_word' id='word_1_821' title='bbox 772 5430 951 5501; x_wconf 78' lang='grc' dir='ltr'>νέμων</span> <span class='ocrx_word' id='word_1_822' title='bbox 978 5432 1042 5500; x_wconf 81' lang='grc' dir='ltr'>τῇ</span> <span class='ocrx_word' id='word_1_823' title='bbox 1069 5429 1189 5501; x_wconf 79' lang='grc' dir='ltr'>θείᾳ</span> <span class='ocrx_word' id='word_1_824' title='bbox 1222 5428 1403 5499; x_wconf 87' lang='grc' dir='ltr'>φύσει,</span> <span class='ocrx_word' id='word_1_825' title='bbox 1456 5429 1562 5481; x_wconf 74' lang='grc' dir='ltr'><strong>οὐκ</strong></span> <span class='ocrx_word' id='word_1_826' title='bbox 1600 5428 1707 5493; x_wconf 78' lang='grc' dir='ltr'><strong>ἔξω</strong></span> <span class='ocrx_word' id='word_1_827' title='bbox 1738 5425 1813 5478; x_wconf 78' lang='grc' dir='ltr'>ὢν</span> 
     </span>
    </p>
   </div>
   <div class='ocr_carea' id='block_1_102' title="bbox 238 5516 1813 5593">
    <p class='ocr_par' dir='ltr' id='par_1_102' title="bbox 238 5516 1813 5593">
     <span class='ocr_line' id='line_1_102' title="bbox 238 5516 1813 5593; baseline -0.006 -16"><span class='ocrx_word' id='word_1_828' title='bbox 238 5522 445 5593; x_wconf 83' lang='grc' dir='ltr'>ταύτης</span> <span class='ocrx_word' id='word_1_829' title='bbox 473 5522 602 5576; x_wconf 82' lang='grc' dir='ltr'>ὃταν</span> <span class='ocrx_word' id='word_1_830' title='bbox 632 5521 771 5592; x_wconf 76' lang='grc' dir='ltr'>καλῇ</span> <span class='ocrx_word' id='word_1_831' title='bbox 801 5519 893 5573; x_wconf 78' lang='grc' dir='ltr'>τὸν</span> <span class='ocrx_word' id='word_1_832' title='bbox 914 5519 1132 5590; x_wconf 79' lang='grc' dir='ltr'>Πατέρα</span> <span class='ocrx_word' id='word_1_833' title='bbox 1172 5518 1261 5571; x_wconf 70' lang='grc' dir='ltr'>τὸν</span> <span class='ocrx_word' id='word_1_834' title='bbox 1286 5519 1436 5579; x_wconf 71' lang='grc' dir='ltr'>ἴδιον,</span> <span class='ocrx_word' id='word_1_835' title='bbox 1472 5516 1599 5570; x_wconf 82' lang='grc' dir='ltr'><strong>ἀλλ’</strong></span> <span class='ocrx_word' id='word_1_836' title='bbox 1657 5516 1813 5579; x_wconf 76' lang='grc' dir='ltr'>εἰδὼς</span> 
     </span>
    </p>
   </div>
   <div class='ocr_carea' id='block_1_103' title="bbox 238 5608 1812 5680">
    <p class='ocr_par' dir='ltr' id='par_1_103' title="bbox 238 5608 1812 5680">
     <span class='ocr_line' id='line_1_103' title="bbox 238 5608 1812 5680; baseline -0.004 -13"><span class='ocrx_word' id='word_1_837' title='bbox 238 5615 322 5667; x_wconf 75' lang='grc' dir='ltr'>ὅτι</span> <span class='ocrx_word' id='word_1_838' title='bbox 344 5612 432 5665; x_wconf 81' lang='grc' dir='ltr'><strong>διὰ</strong></span> <span class='ocrx_word' id='word_1_839' title='bbox 458 5611 670 5680; x_wconf 71' lang='grc' dir='ltr'>Πατρός</span> <span class='ocrx_word' id='word_1_840' title='bbox 704 5610 797 5662; x_wconf 78' lang='grc' dir='ltr'>καὶ</span> <span class='ocrx_word' id='word_1_841' title='bbox 835 5608 965 5662; x_wconf 85' lang='grc' dir='ltr'><strong>Υίοῦ</strong></span> <span class='ocrx_word' id='word_1_842' title='bbox 1002 5608 1120 5679; x_wconf 72' lang='grc' dir='ltr'>ἥξει</span> <span class='ocrx_word' id='word_1_843' title='bbox 1151 5610 1184 5679; x_wconf 78' lang='grc' dir='ltr'>ἠ</span> <span class='ocrx_word' id='word_1_844' title='bbox 1225 5610 1283 5661; x_wconf 80' lang='grc' dir='ltr'><strong>ἐν</strong></span> <span class='ocrx_word' id='word_1_845' title='bbox 1312 5608 1477 5661; x_wconf 72' lang='grc' dir='ltr'>παντὶ</span> <span class='ocrx_word' id='word_1_846' title='bbox 1528 5608 1812 5677; x_wconf 85' lang='grc' dir='ltr'>πράγματι</span> 
     </span>
    </p>
   </div>
   <div class='ocr_carea' id='block_1_104' title="bbox 236 5697 1812 5770">
    <p class='ocr_par' dir='ltr' id='par_1_104' title="bbox 236 5697 1812 5770">
     <span class='ocr_line' id='line_1_104' title="bbox 236 5697 1812 5770; baseline -0.004 -14"><span class='ocrx_word' id='word_1_847' title='bbox 236 5701 468 5770; x_wconf 77' lang='grc' dir='ltr'>δύναμις</span> <span class='ocrx_word' id='word_1_848' title='bbox 495 5702 588 5752; x_wconf 73' lang='grc' dir='ltr'><strong>καὶ</strong></span> <span class='ocrx_word' id='word_1_849' title='bbox 605 5699 731 5765; x_wconf 77' lang='grc' dir='ltr'>δόξα</span> <span class='ocrx_word' id='word_1_850' title='bbox 761 5715 776 5729; x_wconf 73' lang='grc' dir='ltr'><strong><em>ο</em></strong></span> <span class='ocrx_word' id='word_1_851' title='bbox 806 5697 914 5751; x_wconf 84' lang='grc' dir='ltr'>εἴτε</span> <span class='ocrx_word' id='word_1_852' title='bbox 949 5716 967 5749; x_wconf 79' lang='lat' dir='ltr'><strong>t</strong></span> <span class='ocrx_word' id='word_1_853' title='bbox 1004 5698 1236 5765; x_wconf 78' lang='grc' dir='ltr'>Δόξασόν</span> <span class='ocrx_word' id='word_1_854' title='bbox 1256 5716 1350 5751; x_wconf 86' lang='grc' dir='ltr'><strong>σου</strong></span> <span class='ocrx_word' id='word_1_855' title='bbox 1380 5697 1471 5751; x_wconf 72' lang='grc' dir='ltr'><strong>τὸν</strong></span> <span class='ocrx_word' id='word_1_856' title='bbox 1502 5697 1628 5751; x_wconf 79' lang='grc' dir='ltr'>Υἱὸν</span> <span class='ocrx_word' id='word_1_857' title='bbox 1656 5719 1671 5747; x_wconf 74' lang='grc' dir='ltr'><strong>ι</strong></span> <span class='ocrx_word' id='word_1_858' title='bbox 1702 5698 1812 5766; x_wconf 78' lang='grc' dir='ltr'>ἔχει</span> 
     </span>
    </p>
   </div>
   <div class='ocr_carea' id='block_1_105' title="bbox 237 5789 1811 5866">
    <p class='ocr_par' dir='ltr' id='par_1_105' title="bbox 237 5789 1811 5866">
     <span class='ocr_line' id='line_1_105' title="bbox 237 5789 1811 5866; baseline -0.003 -18"><span class='ocrx_word' id='word_1_859' title='bbox 237 5792 518 5866; x_wconf 67' lang='grc' dir='ltr'><strong>ἡΓ-ίραφὴ</strong></span> <span class='ocrx_word' id='word_1_860' title='bbox 543 5831 557 5859; x_wconf 92' lang='grc'><strong>,</strong></span> <span class='ocrx_word' id='word_1_861' title='bbox 590 5791 698 5845; x_wconf 80' lang='grc' dir='ltr'>εἴτε</span> <span class='ocrx_word' id='word_1_862' title='bbox 750 5810 768 5842; x_wconf 67' lang='grc' dir='ltr'><strong>ί</strong></span> <span class='ocrx_word' id='word_1_863' title='bbox 809 5790 1041 5855; x_wconf 81' lang='grc' dir='ltr'>Δόξασὸν</span> <span class='ocrx_word' id='word_1_864' title='bbox 1096 5808 1188 5844; x_wconf 90' lang='grc' dir='ltr'><strong>σου</strong></span> <span class='ocrx_word' id='word_1_865' title='bbox 1239 5789 1299 5842; x_wconf 78' lang='grc' dir='ltr'>τὸ</span> <span class='ocrx_word' id='word_1_866' title='bbox 1333 5790 1522 5860; x_wconf 70' lang='grc' dir='ltr'>ὄνομα,</span> <span class='ocrx_word' id='word_1_867' title='bbox 1563 5810 1579 5842; x_wconf 73' lang='grc' dir='ltr'><strong>ι</strong></span> <span class='ocrx_word' id='word_1_868' title='bbox 1624 5790 1811 5844; x_wconf 83' lang='grc' dir='ltr'>ταυτόν</span> 
     </span>
    </p>
   </div>
   <div class='ocr_carea' id='block_1_106' title="bbox 1916 4591 3495 4667">
    <p class='ocr_par' dir='ltr' id='par_1_106' title="bbox 1916 4591 3495 4667">
     <span class='ocr_line' id='line_1_106' title="bbox 1916 4591 3495 4667; baseline -0.006 -11"><span class='ocrx_word' id='word_1_869' title='bbox 1916 4600 2215 4657; x_wconf 90' lang='lat' dir='ltr'><strong>sectmdum</strong></span> <span class='ocrx_word' id='word_1_870' title='bbox 2252 4597 2481 4667; x_wconf 86' lang='lat' dir='ltr'><strong>impium</strong></span> <span class='ocrx_word' id='word_1_871' title='bbox 2514 4594 2743 4651; x_wconf 79' lang='lat' dir='ltr'><strong>Manem.</strong></span> <span class='ocrx_word' id='word_1_872' title='bbox 2782 4595 2965 4664; x_wconf 86' lang='lat' dir='ltr'><strong>Quare</strong></span> <span class='ocrx_word' id='word_1_873' title='bbox 3004 4604 3172 4652; x_wconf 78' lang='lat' dir='ltr'><strong>letam</strong></span> <span class='ocrx_word' id='word_1_874' title='bbox 3205 4591 3495 4649; x_wconf 85' lang='lat' dir='ltr'><strong>hominum</strong></span> 
     </span>
    </p>
   </div>
   <div class='ocr_carea' id='block_1_107' title="bbox 1916 4680 3495 4749">
    <p class='ocr_par' dir='ltr' id='par_1_107' title="bbox 1916 4680 3495 4749">
     <span class='ocr_line' id='line_1_107' title="bbox 1916 4680 3495 4749; baseline -0.005 -4"><span class='ocrx_word' id='word_1_875' title='bbox 1916 4696 2164 4745; x_wconf 77' lang='lat' dir='ltr'><strong>naturam</strong></span> <span class='ocrx_word' id='word_1_876' title='bbox 2196 4687 2374 4741; x_wconf 82' lang='lat' dir='ltr'><strong>univit</strong></span> <span class='ocrx_word' id='word_1_877' title='bbox 2406 4686 2513 4742; x_wconf 84' lang='lat' dir='ltr'><strong>sibi</strong></span> <span class='ocrx_word' id='word_1_878' title='bbox 2546 4681 2638 4741; x_wconf 82' lang='lat' dir='ltr'><strong>Dei</strong></span> <span class='ocrx_word' id='word_1_879' title='bbox 2671 4680 2909 4740; x_wconf 82' lang='lat' dir='ltr'><strong>Verbum</strong></span> <span class='ocrx_word' id='word_1_880' title='bbox 2952 4727 2966 4749; x_wconf 89' lang='lat'><strong>,</strong></span> <span class='ocrx_word' id='word_1_881' title='bbox 3010 4695 3069 4739; x_wconf 92' lang='lat' dir='ltr'><strong>ut</strong></span> <span class='ocrx_word' id='word_1_882' title='bbox 3101 4693 3278 4741; x_wconf 89' lang='lat' dir='ltr'><strong>totum</strong></span> <span class='ocrx_word' id='word_1_883' title='bbox 3315 4681 3495 4738; x_wconf 71' lang='lat' dir='ltr'><strong>homi—</strong></span> 
     </span>
    </p>
   </div>
   <div class='ocr_carea' id='block_1_108' title="bbox 1916 4774 3487 4847">
    <p class='ocr_par' dir='ltr' id='par_1_108' title="bbox 1916 4774 3487 4847">
     <span class='ocr_line' id='line_1_108' title="bbox 1916 4774 3487 4847; baseline -0.004 -12"><span class='ocrx_word' id='word_1_884' title='bbox 1916 4795 2039 4835; x_wconf 88' lang='lat' dir='ltr'><strong>nem</strong></span> <span class='ocrx_word' id='word_1_885' title='bbox 2090 4785 2362 4838; x_wconf 62' lang='lat' dir='ltr'><strong>servaret.</strong></span> <span class='ocrx_word' id='word_1_886' title='bbox 2408 4774 2564 4843; x_wconf 86' lang='lat' dir='ltr'><strong>Quod</strong></span> <span class='ocrx_word' id='word_1_887' title='bbox 2601 4776 2746 4831; x_wconf 86' lang='lat' dir='ltr'><strong>enim</strong></span> <span class='ocrx_word' id='word_1_888' title='bbox 2784 4786 2893 4832; x_wconf 86' lang='lat' dir='ltr'><strong>non</strong></span> <span class='ocrx_word' id='word_1_889' title='bbox 2941 4775 3101 4847; x_wconf 81' lang='lat'><strong>705</strong></span> <span class='ocrx_word' id='word_1_890' title='bbox 3144 4780 3229 4830; x_wconf 87' lang='lat' dir='ltr'><strong>est</strong></span> <span class='ocrx_word' id='word_1_891' title='bbox 3269 4789 3487 4829; x_wconf 85' lang='lat' dir='ltr'><strong>assum-</strong></span> 
     </span>
    </p>
   </div>
   <div class='ocr_carea' id='block_1_109' title="bbox 1917 4862 3505 4944">
    <p class='ocr_par' dir='ltr' id='par_1_109' title="bbox 1917 4862 3505 4944">
     <span class='ocr_line' id='line_1_109' title="bbox 1917 4862 3505 4944; baseline -0.002 -17"><span class='ocrx_word' id='word_1_892' title='bbox 1917 4882 2065 4944; x_wconf 90' lang='lat' dir='ltr'><strong>ptum</strong></span> <span class='ocrx_word' id='word_1_893' title='bbox 2095 4911 2109 4937; x_wconf 90' lang='lat'><strong>,</strong></span> <span class='ocrx_word' id='word_1_894' title='bbox 2157 4884 2330 4941; x_wconf 88' lang='lat' dir='ltr'><strong>neque</strong></span> <span class='ocrx_word' id='word_1_895' title='bbox 2375 4876 2461 4926; x_wconf 85' lang='lat' dir='ltr'><strong>est</strong></span> <span class='ocrx_word' id='word_1_896' title='bbox 2515 4877 2812 4925; x_wconf 89' lang='lat' dir='ltr'><strong>servatum.</strong></span> <span class='ocrx_word' id='word_1_897' title='bbox 2866 4868 3162 4939; x_wconf 88' lang='lat' dir='ltr'><strong>Propterea</strong></span> <span class='ocrx_word' id='word_1_898' title='bbox 3216 4867 3307 4923; x_wconf 89' lang='lat' dir='ltr'><strong>ubi</strong></span> <span class='ocrx_word' id='word_1_899' title='bbox 3348 4862 3505 4925; x_wconf 39' lang='lat' dir='ltr'><strong>dixit.</strong></span> 
     </span>
    </p>
   </div>
   <div class='ocr_carea' id='block_1_110' title="bbox 1916 4958 3485 5030">
    <p class='ocr_par' dir='ltr' id='par_1_110' title="bbox 1916 4958 3485 5030">
     <span class='ocr_line' id='line_1_110' title="bbox 1916 4958 3485 5030; baseline -0.002 -11"><span class='ocrx_word' id='word_1_900' title='bbox 1916 4965 2019 5019; x_wconf 89' lang='lat' dir='ltr'><strong>hoc</strong></span> <span class='ocrx_word' id='word_1_901' title='bbox 2042 5004 2056 5025; x_wconf 88' lang='lat'><strong>,</strong></span> <span class='ocrx_word' id='word_1_902' title='bbox 2096 4983 2113 5014; x_wconf 75' lang='grc' dir='ltr'><strong>ι</strong></span> <span class='ocrx_word' id='word_1_903' title='bbox 2149 4960 2387 5017; x_wconf 83' lang='lat' dir='ltr'><strong>Turbata</strong></span> <span class='ocrx_word' id='word_1_904' title='bbox 2419 4968 2545 5027; x_wconf 85' lang='lat' dir='ltr'><strong>est,</strong></span> <span class='ocrx_word' id='word_1_905' title='bbox 2577 4980 2596 5012; x_wconf 75' lang='grc' dir='ltr'><strong>ι</strong></span> <span class='ocrx_word' id='word_1_906' title='bbox 2637 4972 2745 5014; x_wconf 84' lang='lat' dir='ltr'><strong>non</strong></span> <span class='ocrx_word' id='word_1_907' title='bbox 2782 4958 2942 5023; x_wconf 88' lang='lat' dir='ltr'><strong>silet,</strong></span> <span class='ocrx_word' id='word_1_908' title='bbox 2984 4959 3078 5015; x_wconf 90' lang='lat' dir='ltr'><strong>sed</strong></span> <span class='ocrx_word' id='word_1_909' title='bbox 3112 4959 3485 5030; x_wconf 81' lang='lat' dir='ltr'><strong>perturbatio-</strong></span> 
     </span>
    </p>
   </div>
   <div class='ocr_carea' id='block_1_111' title="bbox 1915 5030 3500 5121">
    <p class='ocr_par' dir='ltr' id='par_1_111' title="bbox 1915 5030 3500 5121">
     <span class='ocr_line' id='line_1_111' title="bbox 1915 5030 3500 5121; baseline -0.002 -12"><span class='ocrx_word' id='word_1_910' title='bbox 1915 5069 2037 5109; x_wconf 87' lang='lat' dir='ltr'><strong>nem</strong></span> <span class='ocrx_word' id='word_1_911' title='bbox 2074 5052 2222 5106; x_wconf 84' lang='lat' dir='ltr'><strong>illam</strong></span> <span class='ocrx_word' id='word_1_912' title='bbox 2253 5052 2307 5106; x_wconf 85' lang='lat' dir='ltr'><strong>in</strong></span> <span class='ocrx_word' id='word_1_913' title='bbox 2335 5048 2721 5107; x_wconf 79' lang='lat' dir='ltr'><strong>conﬁdentiam</strong></span> <span class='ocrx_word' id='word_1_914' title='bbox 2746 5056 2954 5113; x_wconf 88' lang='lat' dir='ltr'><strong>mutat,</strong></span> <span class='ocrx_word' id='word_1_915' title='bbox 2989 5065 3053 5104; x_wconf 91' lang='lat' dir='ltr'><strong>ac</strong></span> <span class='ocrx_word' id='word_1_916' title='bbox 3087 5030 3500 5121; x_wconf 65' lang='lat' dir='ltr'><strong>propemodum.</strong></span> 
     </span>
    </p>
   </div>
   <div class='ocr_carea' id='block_1_112' title="bbox 1915 5130 3515 5213">
    <p class='ocr_par' dir='ltr' id='par_1_112' title="bbox 1915 5130 3515 5213">
     <span class='ocr_line' id='line_1_112' title="bbox 1915 5130 3515 5213; baseline -0.003 -12"><span class='ocrx_word' id='word_1_917' title='bbox 1915 5148 2030 5201; x_wconf 85' lang='lat' dir='ltr'><strong>ait:</strong></span> <span class='ocrx_word' id='word_1_918' title='bbox 2063 5144 2203 5200; x_wconf 82' lang='lat' dir='ltr'><strong>Mori</strong></span> <span class='ocrx_word' id='word_1_919' title='bbox 2236 5142 2375 5198; x_wconf 86' lang='lat' dir='ltr'><strong>nihil</strong></span> <span class='ocrx_word' id='word_1_920' title='bbox 2400 5148 2506 5206; x_wconf 82' lang='lat' dir='ltr'><strong>est,</strong></span> <span class='ocrx_word' id='word_1_921' title='bbox 2535 5152 2728 5196; x_wconf 85' lang='lat' dir='ltr'><strong>verum</strong></span> <span class='ocrx_word' id='word_1_922' title='bbox 2758 5130 2882 5194; x_wconf 86' lang='lat' dir='ltr'><strong>ideo</strong></span> <span class='ocrx_word' id='word_1_923' title='bbox 2910 5140 3138 5213; x_wconf 89' lang='lat' dir='ltr'><strong>permisi</strong></span> <span class='ocrx_word' id='word_1_924' title='bbox 3168 5140 3325 5196; x_wconf 89' lang='lat' dir='ltr'><strong>carni</strong></span> <span class='ocrx_word' id='word_1_925' title='bbox 3352 5156 3515 5197; x_wconf 34' lang='lat' dir='ltr'><strong>meae.</strong></span> 
     </span>
    </p>
   </div>
   <div class='ocr_carea' id='block_1_113' title="bbox 1913 5232 3481 5299">
    <p class='ocr_par' dir='ltr' id='par_1_113' title="bbox 1913 5232 3481 5299">
     <span class='ocr_line' id='line_1_113' title="bbox 1913 5232 3481 5299; baseline -0.003 -6"><span class='ocrx_word' id='word_1_926' title='bbox 1913 5240 2111 5294; x_wconf 88' lang='lat' dir='ltr'><strong>timore</strong></span> <span class='ocrx_word' id='word_1_927' title='bbox 2148 5236 2323 5299; x_wconf 75' lang='lat' dir='ltr'><strong>allici,</strong></span> <span class='ocrx_word' id='word_1_928' title='bbox 2366 5242 2426 5289; x_wconf 88' lang='lat' dir='ltr'><strong>ut</strong></span> <span class='ocrx_word' id='word_1_929' title='bbox 2454 5247 2572 5289; x_wconf 89' lang='lat' dir='ltr'><strong>eam</strong></span> <span class='ocrx_word' id='word_1_930' title='bbox 2606 5232 2675 5288; x_wconf 92' lang='lat' dir='ltr'><strong>ad</strong></span> <span class='ocrx_word' id='word_1_931' title='bbox 2707 5233 3087 5291; x_wconf 80' lang='lat' dir='ltr'><strong>fortitudinem</strong></span> <span class='ocrx_word' id='word_1_932' title='bbox 3118 5235 3481 5290; x_wconf 88' lang='lat' dir='ltr'><strong>traducerem.</strong></span> 
     </span>
    </p>
   </div>
   <div class='ocr_carea' id='block_1_114' title="bbox 1916 5319 3499 5394">
    <p class='ocr_par' dir='ltr' id='par_1_114' title="bbox 1916 5319 3499 5394">
     <span class='ocr_line' id='line_1_114' title="bbox 1916 5319 3499 5394; baseline -0.001 -12"><span class='ocrx_word' id='word_1_933' title='bbox 1916 5328 2051 5385; x_wconf 86' lang='lat' dir='ltr'><strong>Veni</strong></span> <span class='ocrx_word' id='word_1_934' title='bbox 2089 5335 2149 5383; x_wconf 92' lang='lat' dir='ltr'><strong>ut</strong></span> <span class='ocrx_word' id='word_1_935' title='bbox 2186 5324 2512 5380; x_wconf 85' lang='lat' dir='ltr'><strong>mortalibus</strong></span> <span class='ocrx_word' id='word_1_936' title='bbox 2551 5324 2715 5379; x_wconf 86' lang='lat' dir='ltr'><strong>vitam</strong></span> <span class='ocrx_word' id='word_1_937' title='bbox 2754 5325 3119 5380; x_wconf 84' lang='lat' dir='ltr'><strong>inStaurarem</strong></span> <span class='ocrx_word' id='word_1_938' title='bbox 3144 5364 3159 5389; x_wconf 86' lang='lat'><strong>,</strong></span> <span class='ocrx_word' id='word_1_939' title='bbox 3193 5319 3499 5394; x_wconf 58' lang='lat' dir='ltr'><strong>propterea,»</strong></span> 
     </span>
    </p>
   </div>
   <div class='ocr_carea' id='block_1_115' title="bbox 1914 5414 3509 5492">
    <p class='ocr_par' dir='ltr' id='par_1_115' title="bbox 1914 5414 3509 5492">
     <span class='ocr_line' id='line_1_115' title="bbox 1914 5414 3509 5492; baseline -0.006 -15"><span class='ocrx_word' id='word_1_940' title='bbox 1914 5438 2001 5477; x_wconf 89' lang='lat' dir='ltr'><strong>me</strong></span> <span class='ocrx_word' id='word_1_941' title='bbox 2037 5422 2105 5476; x_wconf 89' lang='lat' dir='ltr'><strong>ad</strong></span> <span class='ocrx_word' id='word_1_942' title='bbox 2133 5418 2446 5492; x_wconf 89' lang='lat' dir='ltr'><strong>patiendum</strong></span> <span class='ocrx_word' id='word_1_943' title='bbox 2483 5419 2817 5489; x_wconf 85' lang='lat' dir='ltr'><strong>comparavi.</strong></span> <span class='ocrx_word' id='word_1_944' title='bbox 2848 5414 3023 5488; x_wconf 81' lang='lat' dir='ltr'><strong>Rogat</strong></span> <span class='ocrx_word' id='word_1_945' title='bbox 3049 5426 3230 5472; x_wconf 86' lang='lat' dir='ltr'><strong>autem</strong></span> <span class='ocrx_word' id='word_1_946' title='bbox 3263 5414 3509 5475; x_wconf 62' lang='lat' dir='ltr'><strong>Patrem,</strong></span> 
     </span>
    </p>
   </div>
   <div class='ocr_carea' id='block_1_116' title="bbox 1914 5506 3480 5579">
    <p class='ocr_par' dir='ltr' id='par_1_116' title="bbox 1914 5506 3480 5579">
     <span class='ocr_line' id='line_1_116' title="bbox 1914 5506 3480 5579; baseline -0.005 -11"><span class='ocrx_word' id='word_1_947' title='bbox 1914 5529 2071 5569; x_wconf 90' lang='lat' dir='ltr'><strong>suum</strong></span> <span class='ocrx_word' id='word_1_948' title='bbox 2100 5551 2113 5575; x_wconf 92' lang='lat'><strong>,</strong></span> <span class='ocrx_word' id='word_1_949' title='bbox 2148 5519 2202 5566; x_wconf 92' lang='lat' dir='ltr'><strong>et</strong></span> <span class='ocrx_word' id='word_1_950' title='bbox 2240 5511 2511 5567; x_wconf 89' lang='lat' dir='ltr'><strong>orationis</strong></span> <span class='ocrx_word' id='word_1_951' title='bbox 2551 5510 2771 5565; x_wconf 84' lang='lat' dir='ltr'><strong>modum</strong></span> <span class='ocrx_word' id='word_1_952' title='bbox 2818 5508 3157 5579; x_wconf 78' lang='lat' dir='ltr'><strong>ﬁguramque</strong></span> <span class='ocrx_word' id='word_1_953' title='bbox 3203 5506 3439 5562; x_wconf 78' lang='lat' dir='ltr'><strong>detineat</strong></span> <span class='ocrx_word' id='word_1_954' title='bbox 3464 5546 3480 5567; x_wconf 87' lang='lat'><strong>,</strong></span> 
     </span>
    </p>
   </div>
   <div class='ocr_carea' id='block_1_117' title="bbox 1914 5597 3488 5675">
    <p class='ocr_par' dir='ltr' id='par_1_117' title="bbox 1914 5597 3488 5675">
     <span class='ocr_line' id='line_1_117' title="bbox 1914 5597 3488 5675; baseline -0.006 -12"><span class='ocrx_word' id='word_1_955' title='bbox 1914 5624 2021 5663; x_wconf 90' lang='lat' dir='ltr'><strong>non</strong></span> <span class='ocrx_word' id='word_1_956' title='bbox 2064 5617 2324 5675; x_wconf 87' lang='lat' dir='ltr'><strong>tanquam</strong></span> <span class='ocrx_word' id='word_1_957' title='bbox 2362 5603 2633 5675; x_wconf 89' lang='lat' dir='ltr'><strong>impotens</strong></span> <span class='ocrx_word' id='word_1_958' title='bbox 2671 5603 2764 5672; x_wconf 86' lang='lat' dir='ltr'><strong>qui</strong></span> <span class='ocrx_word' id='word_1_959' title='bbox 2806 5602 2987 5656; x_wconf 89' lang='lat' dir='ltr'><strong>omnia</strong></span> <span class='ocrx_word' id='word_1_960' title='bbox 3027 5608 3245 5671; x_wconf 86' lang='lat' dir='ltr'><strong>potest,</strong></span> <span class='ocrx_word' id='word_1_961' title='bbox 3286 5597 3381 5653; x_wconf 85' lang='lat' dir='ltr'><strong>sed</strong></span> <span class='ocrx_word' id='word_1_962' title='bbox 3422 5607 3488 5653; x_wconf 75' lang='lat' dir='ltr'><strong>ut</strong></span> 
     </span>
    </p>
   </div>
   <div class='ocr_carea' id='block_1_118' title="bbox 1916 5693 3468 5770">
    <p class='ocr_par' dir='ltr' id='par_1_118' title="bbox 1916 5693 3468 5770">
     <span class='ocr_line' id='line_1_118' title="bbox 1916 5693 3468 5770; baseline -0.01 -15"><span class='ocrx_word' id='word_1_963' title='bbox 1916 5702 2077 5755; x_wconf 85' lang='lat' dir='ltr'><strong>homo</strong></span> <span class='ocrx_word' id='word_1_964' title='bbox 2112 5714 2230 5770; x_wconf 74' lang='lat' dir='ltr'><strong>qua:</strong></span> <span class='ocrx_word' id='word_1_965' title='bbox 2262 5696 2471 5765; x_wconf 82' lang='lat' dir='ltr'><strong>majora</strong></span> <span class='ocrx_word' id='word_1_966' title='bbox 2503 5703 2632 5750; x_wconf 86' lang='lat' dir='ltr'><strong>sunt</strong></span> <span class='ocrx_word' id='word_1_967' title='bbox 2672 5693 2890 5749; x_wconf 87' lang='lat' dir='ltr'><strong>homine</strong></span> <span class='ocrx_word' id='word_1_968' title='bbox 2923 5694 3122 5747; x_wconf 73' lang='lat' dir='ltr'><strong>divina:</strong></span> <span class='ocrx_word' id='word_1_969' title='bbox 3160 5699 3370 5744; x_wconf 75' lang='lat' dir='ltr'><strong>natum</strong></span> <span class='ocrx_word' id='word_1_970' title='bbox 3394 5697 3468 5742; x_wconf 60' lang='grc' dir='ltr'><strong>οἱς</strong></span> 
     </span>
    </p>
   </div>
   <div class='ocr_carea' id='block_1_119' title="bbox 1915 5782 3501 5855">
    <p class='ocr_par' dir='ltr' id='par_1_119' title="bbox 1915 5782 3501 5855">
     <span class='ocr_line' id='line_1_119' title="bbox 1915 5782 3501 5855; baseline -0.008 -9"><span class='ocrx_word' id='word_1_971' title='bbox 1915 5791 2161 5846; x_wconf 82' lang='lat' dir='ltr'><strong>tribuens</strong></span> <span class='ocrx_word' id='word_1_972' title='bbox 2185 5829 2198 5854; x_wconf 87' lang='lat'><strong>,</strong></span> <span class='ocrx_word' id='word_1_973' title='bbox 2241 5805 2349 5844; x_wconf 87' lang='lat' dir='ltr'><strong>non</strong></span> <span class='ocrx_word' id='word_1_974' title='bbox 2380 5796 2533 5843; x_wconf 77' lang='lat' dir='ltr'><strong>extra</strong></span> <span class='ocrx_word' id='word_1_975' title='bbox 2576 5785 2717 5840; x_wconf 83' lang='lat' dir='ltr'><strong>hanc</strong></span> <span class='ocrx_word' id='word_1_976' title='bbox 2748 5782 2965 5855; x_wconf 78' lang='lat' dir='ltr'><strong>quidem</strong></span> <span class='ocrx_word' id='word_1_977' title='bbox 2998 5782 3275 5839; x_wconf 82' lang='lat' dir='ltr'><strong>exsistcus</strong></span> <span class='ocrx_word' id='word_1_978' title='bbox 3296 5819 3310 5845; x_wconf 85' lang='lat'><strong>,</strong></span> <span class='ocrx_word' id='word_1_979' title='bbox 3351 5794 3501 5842; x_wconf 45' lang='lat' dir='ltr'><strong>cum</strong></span> 
     </span>
    </p>
   </div>
  </div>
