4144 6536
704 467 859 529 rogat
899 459 1115 519 Patrem
1151 484 1348 536 suum,
1391 475 1485 530 sed
1524 480 1712 551 utique
1741 487 1888 555 quod
1928 489 1981 543 in
2011 493 2158 545 omni
2201 506 2259 545 re

699 562 797 617 per
820 549 1033 608 Patrem
1069 564 1123 611 et
1149 556 1343 617 Filium
1382 549 1645 635 procedat
1690 549 1871 633 omnis
1916 588 2164 649 potestas
2208 594 2261 638 et

698 640 873 695 honor
896 684 912 709 ,
940 647 1107 713 probe
1135 653 1316 708 sciens
1346 674 1360 710 :
1393 658 1512 715 sive
1542 681 1560 713 ι
1599 662 1849 722 Clarifica
1876 669 2074 726 Filium
2108 694 2125 725 ι
2164 676 2259 729 ha-

693 725 783 781 bet
812 726 1119 803 Scriptura,
1148 740 1263 797 sive
1306 762 1325 795 ‹
1357 744 1607 806 Clarifica
1636 768 1832 811 nomen
1859 766 2011 815 tuum
2038 802 2053 824 ,
2090 781 2108 816 ι
2154 765 2257 820 hoc

689 819 1040 879 exactissime
1066 833 1365 898 speculanti
1392 838 1530 894 idem
1561 854 1665 901 est.
1688 846 1979 908 Enimvero
2000 853 2254 913 Christus

688 918 873 981 spreta
899 926 1076 973 morte
1096 931 1149 976 et
1169 927 1439 992 passionis
1467 932 1787 1005 ignominia,
1817 943 1934 997 sola
1972 961 2099 1000 vero
2129 947 2253 1005 inde

685 1011 966 1063 emersura
1009 1014 1294 1070 commoda
1324 1018 1568 1083 intuens.
1589 1024 1928 1098 jamjamque
1957 1031 2248 1105 aufugien-

686 1091 791 1145 tem
838 1104 868 1144 ε
913 1094 1091 1154 medio
1140 1113 1312 1158 morte
1352 1122 1465 1161 suae
1504 1091 1973 1179 carnis-omnium
2017 1131 2246 1180 mortem

684 1178 990 1249 aspiciens,
1026 1198 1190 1258 atque
1233 1196 1557 1253 abolendam
1596 1202 1838 1261 funditus
1874 1215 2245 1281 corruptionis

682 1272 1006 1337 potentiam,
1032 1277 1385 1354 hominisque
1418 1299 1670 1347 naturam
1708 1297 1965 1369 deinceps
2001 1306 2244 1362 novitate

680 1356 802 1411 vita:
825 1361 1257 1436 reformandam,
1288 1383 1497 1433 tantum
1529 1398 1634 1436 non
1666 1386 1731 1439 ad
1759 1386 1926 1443 Deum
1950 1404 2003 1447 et
2024 1392 2240 1451 Patrem

677 1446 792 1502 btec
824 1455 981 1508 verba
1022 1456 1152 1512 facit
1187 1481 1199 1515 :
1254 1465 1363 1521 Etsi
1413 1474 1623 1541 pigrum
1664 1477 1731 1530 ad
1762 1446 2237 1549 patiendumcor-

676 1552 815 1606 pus.
869 1558 902 1596 ο
934 1544 1133 1614 Pater,
1184 1565 1235 1607 et
1274 1558 1588 1617 reformidat
1630 1580 1856 1625 mortem
1890 1590 2010 1643 quae
2043 1588 2240 1647 praeter

677 1637 932 1689 naturam
955 1648 1057 1705 est,
1094 1655 1404 1707 nontamen
1440 1670 1861 1720 consentaneum
1892 1668 2231 1738 videturme,

676 1727 826 1776 tuum
852 1740 1182 1793 assessorem
1199 1747 1251 1792 ct
1285 1741 1337 1795 in
1369 1759 1560 1804 omnes
1594 1751 1877 1821 imperium
1916 1759 2229 1830 habentem,

1670 1809 1686 1821 ι
1918 1809 2229 1830 ,-,-η----,...,

677 1809 935 1870 insolenti
977 1817 1285 1880 Judaeorum
1339 1834 1585 1892 audacia:
1616 1840 1837 1899 dedere.
1878 1845 2071 1905 Verum
2104 1856 2231 1923 quia
2265 1842 2309 1898 Β

677 1915 731 1923 ..Α
778 1903 890 1923 ΑΙ-υκ
943 1908 955 1920 ⁸
1072 1914 1125 1923 ⁸·
1198 1918 1243 1923 ⁸⁸
1339 1921 1373 1923 ῌ

670 1915 735 1955 eo
768 1903 978 1973 deveni,
1014 1930 1033 1963 ι
1066 1914 1313 1980 Clarifiea
1339 1921 1556 1994 Filium,
1592 1950 1610 1980 ›
1648 1932 1700 1985 id
1728 1942 1854 1999 est,
1890 1954 1957 1995 ne
1991 1944 2058 1997 ad
2095 1903 2233 2002 mor-

670 1999 774 2048 tem
808 2008 1024 2055 euntem
1060 2006 1377 2077 impedieris
1413 2036 1428 2078 ί
1459 2035 1637 2077 annue
1666 2032 1772 2081 tuae
1804 2031 2070 2099 genitura:
2098 2053 2230 2107 pro-

665 2092 785 2155 pter
812 2103 1102 2152 commune
1130 2106 1373 2159 omnium
1400 2108 1621 2168 bonum.
1654 2115 1809 2182 Quod
1842 2137 1970 2178 vero
1997 2140 2229 2199 evange-

665 2172 967 2199 l:..o-..|-__9_
1099 2186 1188 2199 ι...

660 2264 850 2322 dicens
876 2289 889 2324 ε
931 2290 948 2323 ι
976 2272 1226 2338 Nondum
1251 2287 1394 2340 enim
1418 2300 1534 2345 erat
1562 2293 1803 2360 Spiritus
1828 2312 2073 2372 sanctus,
2097 2311 2223 2379 quia

662 2358 899 2379 ..λιιημ
932 2360 975 2379 ιε
1142 2368 1155 2379 .
1230 2372 1277 2379 ,Α

660 2358 902 2415 nondum
925 2360 1084 2420 Jesus
1108 2368 1441 2457 clarificatus
1474 2358 1681 2435 erat".
1715 2405 1733 2437 ι
1783 2386 1842 2441 ln
1874 2358 2074 2459 quibus
2101 2358 2223 2451 ina-

656 2445 856 2503 nifeste
899 2456 1220 2523 crucifixum
1275 2448 1398 2522 esse
1456 2471 1814 2532 clarificatum
1854 2481 2009 2537 dicit.
2036 2484 2220 2545 Gloria

654 2550 785 2593 vero
812 2554 976 2605 crux,
998 2545 1110 2601 Etsi
1129 2551 1272 2605 enim
1301 2561 1542 2625 tempore
1569 2567 1840 2629 passionis
1871 2572 2069 2629 multas
2094 2591 2219 2634 con-

653 2631 904 2689 tumelias
933 2641 1156 2705 pertulit
1186 2658 1401 2701 summa
1435 2652 1726 2715 tolerantia
1752 2667 1804 2712 et
1830 2673 2043 2729 sponte,
2074 2677 2213 2723 tam-

647 2720 748 2773 etsi
777 2724 926 2792 quia,
963 2741 1088 2782 cum
1121 2744 1306 2802 posset
1348 2753 1458 2794 non
1496 2745 1627 2811 pati,
1664 2758 1886 2819 propter
1917 2770 2020 2813 nos
2064 2759 2207 2816 ultro

644 3093 734 3141 tus
765 3098 849 3143 est
874 3090 1082 3151 Filius:
1109 3100 1255 3167 quod
1288 3105 1431 3159 enim
1465 3090 2007 3184 mortemisuperavit
2029 3160 2043 3184 ,
2082 3138 2203 3178 eum

640 3175 807 3230 vitam
842 3194 963 3236 esse
1000 3194 1053 3239 et
1085 3184 1282 3250 Filium
1322 3191 1413 3248 Dei
1448 3199 1682 3254 viventis
1717 3208 2098 3271 cognovimus.
2140 3214 2205 3273 Et

639 3267 977 3337 glorificatur
1010 3275 1169 3343 Pater
1209 3297 1333 3336 cum
1384 3287 1544 3341 talem
1593 3267 2015 3352 habere-Filium
2047 3317 2115 3360 ex
2143 3320 2203 3360 se

639 3358 875 3424 genitum
895 3402 910 3427 ,
933 3366 1110 3433 qualis
1132 3370 1219 3425 hic
1244 3381 1348 3439 est,
1375 3380 1743 3447 conspiciturK
1770 3384 1838 3438 At
1871 3404 1997 3443 vero
2024 3391 2201 3455 bonus

640 3448 800 3521 706
814 3462 914 3519 est;
939 3464 993 3511 et
1018 3460 1291 3529 lumen,.et
1316 3467 1421 3520 vita
1441 3475 1497 3527 et
1518 3481 1688 3527 morte
1703 3478 2188 3543 potentior.omnia

634 3556 972 3616 quacunque
1003 3549 1129 3604 velit
1159 3553 1385 3611 faciens.
1415 3558 1551 3623 Cum
1584 3578 1711 3617 vero
1738 3566 1873 3621 dicit
1899 3588 1911 3623 :
1947 3571 2198 3641 Clarifica

633 3627 831 3687 Filium
854 3645 1025 3707 tuum,
1059 3661 1078 3692 ι
1116 3643 1216 3698 hoc
1243 3647 1356 3701 ait:
1387 3648 1639 3709 Concede
1673 3657 1802 3711 mihi
1834 3663 1945 3728 pati
1969 3666 2194 3731 volenti.

630 3719 747 3777 Non
793 3728 937 3782 enim
981 3731 1100 3788 sine
1136 3737 1415 3795 voluntate
1445 3751 1498 3796 et
1537 3746 1773 3801 consilio
1808 3748 1967 3811 Pater
1997 3754 2194 3814 Filium

628 3815 776 3877 dedit
804 3819 870 3872 ad
904 3836 1126 3879 mortem
1148 3870 1161 3892 ,
1201 3830 1293 3883 sed
1327 3842 1521 3900 sponte
1550 3851 1655 3903 pro.
1679 3839 1789 3892 vita
1819 3846 2015 3907 mundi
2038 3864 2058 3908 :_
2092 3851 2196 3922 igi-

630 3915 719 3963 tur
763 3916 1075 3977 consentire
1115 3931 1167 3973 et
1211 3938 1453 3980 annuere
1491 3927 1749 3996 Patrem,
1780 3936 1933 3991 velut
1967 3941 2192 4001 donatio

628 3997 896 4061 bonorum
944 4008 1104 4064 nobis
1152 4016 1419 4082 appellata
1465 4028 1573 4076 est.
1623 4021 1756 4078 Nam
1805 4043 1904 4097 pro
1948 4037 2195 4101 passione

625 4085 763 4145 dixit
795 4093 1043 4169 gloriam,
1073 4104 1199 4171 quia
1229 4115 1282 4160 et
1314 4106 1417 4163 hoc
1445 4109 1771 4179 imitandum
1806 4085 1963 4178 nobis
1990 4141 2192 4198 propo-

624 4181 743 4248 nit;
792 4187 996 4258 quippe
1043 4197 1253 4262 precari
1295 4208 1511 4268 oportet
1552 4212 1610 4261 ut
1649 4221 1754 4261 non
1794 4181 2189 4277 incidamus'in

622 4276 1010 4346 tentationem,
1044 4285 1135 4347 tibi
1167 4302 1296 4341 vero
1328 4290 1720 4360 inciderimus,
1747 4315 2011 4368 generose
2047 4312 2190 4369 ferre

708 4641 1035 4711 Enimvero,
1095 4655 1553 4720 quemadmodum
1612 4682 1718 4723 non
1778 4672 1939 4729 aliter
1994 4695 2180 4753 mors,
2219 4698 2263 4751 1)

708 4734 716 4753 Β
772 4734 827 4753 ον
946 4746 958 4753 _
1415 4749 1428 4753 _

611 4733 717 4789 nisi
771 4734 1063 4794 Servatore
1114 4754 1351 4813 mortuo,
1397 4749 1677 4811 destructa
1728 4760 1943 4831 fuisset,
1990 4772 2071 4827 sic
2111 4733 2179 4833 de

611 4839 941 4897 unaquaque
969 4831 1151 4886 carnis
1174 4833 1459 4894 affectione
1481 4849 1815 4907 censendum
1842 4866 1944 4909 est.
1968 4860 2177 4935 Quippe

1978 4915 2008 4925 τ
2056 4915 2169 4935 κη-

609 4915 714 4970 nisi
741 4918 1034 4982 timuisset,
1056 4922 1315 4985 immunis
1349 4931 1570 4990 timendi
1605 4951 1802 4997 natura
1827 4947 1971 5004 haud
2001 4959 2169 5011 exsti-

606 5007 761 5059 tisset
812 5027 825 5064 :
878 5010 985 5065 nisi
1038 5016 1402 5075 contristatus
1458 5038 1623 5095 esset,
1671 5049 1942 5105 nusquam
1984 5046 2170 5100 eadem

604 5098 827 5161 tristitia
879 5114 933 5157 et
982 5105 1169 5167 dolore
1219 5114 1662 5181 caruissetznisi
1715 5132 2076 5194 perturbatus
2117 5146 2174 5193 et

604 5190 893 5259 perculsus
953 5194 1179 5267 fuisset,
1232 5219 1500 5276 nusquam
1576 5214 1770 5271 horum
1840 5226 2167 5282 vacuitatem

605 5293 761 5338 nacta
804 5285 961 5341 foret.
998 5288 1063 5341 Et
1098 5290 1152 5345 in
1204 5311 1533 5369 unoquoque
1579 5320 1772 5362 eorum
1821 5327 1942 5380 qua:
1977 5315 2172 5371 huma-

603 5374 753 5430 nitus
773 5375 926 5441 fiunt,
946 5384 1359 5445 convenientem
1394 5393 1661 5452 rationem
1687 5399 1739 5453 in
1766 5400 1997 5459 Christo
2016 5422 2172 5476 repeo

604 5466 732 5531 ries,
768 5481 1180 5546 commotasque
1207 5481 1390 5538 carnis
1422 5488 1734 5553 passiones,
1774 5508 1882 5547 non
1910 5503 1967 5551 ut
1998 5498 2172 5555 victo~

603 5559 740 5617 riam
775 5562 1107 5629 obtinerent,
1129 5569 1275 5623 velut
1298 5572 1352 5626 in
1378 5576 1562 5640 nobis,
1591 5579 1683 5632 sed
1714 5589 1770 5633 ut
1797 5594 2083 5647 commota:
2116 5592 2169 5647 vi

604 5647 764 5708 Verbi
794 5652 845 5707 in
882 5672 1048 5715 carne
1076 5661 1374 5721 habitantis
1406 5667 1736 5725 sedarentur
1767 5684 1819 5728 et
1853 5681 2174 5748 comprime-

601 5752 805 5809 rentur,
834 5750 1233 5813 transformata
1257 5754 1310 5807 in
1342 5757 1621 5817 meliorem
1657 5769 1857 5817 statum
1904 5781 2119 5825 natura.

672 5837 715 5868 ⁵³
738 5837 893 5894 Juan.
930 5858 1033 5907 VII,
1072 5845 1157 5897 ὃς).

1655 364 1712 423 S.
1749 366 2030 424 CYRILLI
2059 372 2530 434 ALEXANDRINI
2569 385 2887 445 ARCHIEP.

3891 423 3965 478 9B

2291 496 2332 551 Α
2361 499 2475 552 ἐστι
2504 504 2570 572 τῇ
2593 505 2700 558 τῶν
2720 507 3090 583 θεωρημάτων
3114 519 3386 594 ἀκριϐείᾳ.
3420 526 3610 598 Ὅμως
3646 532 3675 584 ὁ
3701 535 3959 605 Χριστὸς

2368 599 2782 667 καταφρονήσας
2813 603 2905 656 τοῦ
2942 604 3169 661 θανάτου
3214 614 3430 685 καὶτῆς
3476 621 3541 672 ἐκ
3595 622 3689 675 τοῦ
3746 627 3954 681 παθεῖν

2364 682 2645 756 αἰσχύνης,
2683 690 2819 758 μόνα
2845 693 2900 747 δὲ
2928 696 2994 749 τά
3039 699 3103 752 ἐκ
3129 702 3222 755 τοῦ
3268 682 3459 761 παθεῖν
3494 714 3712 767 σκοπῶν
3736 734 3951 788 κατορ-

2365 770 2610 843 θώματα,
2673 784 2765 834 καὶ
2803 784 2927 838 ὅσον
2960 788 3175 844 οὐδέπω
3200 795 3264 847 ἐκ
3304 798 3468 866 μέσου
3511 802 3799 871 βαδίζοντα
3848 770 3946 864 eis

2361 866 2451 917 τοῦ
2480 866 2711 925 Θανάτου
2744 878 2841 945 τῆς
2874 878 3007 942 ιδίας
3042 884 3243 953 σαρκὸς
3266 887 3361 941 τὸν
3388 866 3649 945 ἁπάντων
3699 896 3944 953 θάνατον

2361 954 2594 1024 βλέπων,
2639 964 3125 1041 ἁναιρεθησὸμενόν
3153 993 3210 1029 τε
3253 982 3528 1046 παντελῶς
3552 986 3614 1037 τὸ
3644 988 3743 1056 τῆς
3792 991 3939 1056 φθο-

2358 1048 2458 1114 ρᾶς
2495 1052 2690 1118 κράτος
2711 1057 2803 1109 καὶ
2826 1059 2923 1129 τὴν
2962 1062 3248 1134 ἀνθρώπου
3289 1070 3448 1139 φύσιν
3499 1048 3939 1146 άναμορᾦούμέ-

2355 1152 2451 1205 νην
2505 1141 2605 1212 ἤδη
2649 1144 2832 1201 λοιπὸν
2884 1154 3019 1221 πρὸς
3067 1159 3358 1231 καινότητα
3414 1165 3579 1235 ζωῆς.
3823 1141 3934 1224 τὸν

2352 1226 2483 1282 Θεὸν
2515 1234 2608 1285 καὶ
2636 1237 2851 1308 Πατέρα
2882 1245 3015 1313 φησι
3045 1226 3327 1321 μονονουγί
3354 1269 3366 1281 ”
3390 1226 3453 1307 Et
3485 1226 3577 1311 καὶ
3604 1226 3834 1331 ὀκνηρὸν
3862 1265 3931 1316 τὸ

2352 1318 2509 1389 σῶμα
2561 1326 2694 1395 πρὸς
2752 1330 2811 1383 τὸ
2865 1334 3075 1398 παθεῖν,
3116 1334 3160 1392 ὧ
3213 1318 3413 1415 Πάτερ,
3454 1347 3589 1401 δέδιε
3615 1351 3671 1402 δὲ
3706 1318 3800 1405 καὶ
3823 1355 3925 1406 τὸν

2349 1412 2498 1481 παρὰ
2524 1416 2683 1481 φύσιν
2710 1420 2955 1489 θάνατον,
2992 1429 3125 1484 ἀλλὰ
3163 1435 3256 1486 καὶ
3305 1412 3401 1506 οὐχ
3452 1433 3562 1492 οἷόν
3612 1459 3728 1505 πως
3774 1440 3921 1499 εἶναι

2345 1500 2491 1555 δοκεῖ
2518 1509 2627 1569 τοῖς
2656 1510 2763 1563 τῶν
2805 1513 3071 1571 Ἰουδαίων
3108 1500 3559 1592 ἐμπαροινεῖσθαί
3591 1548 3657 1599 με
3709 1500 3921 1602 solui,-

2347 1610 2480 1661 μασι
2504 1598 2591 1649 τὸν
2623 1600 2713 1653 σὺν
2743 1604 2995 1677 σύνεδρον
3037 1612 3130 1663 καὶ
3170 1614 3230 1666 τὸ
3271 1618 3409 1669 κατὰ
3454 1621 3670 1675 πάντων
3716 1623 3915 1692 ἔχοντα

2344 1687 2561 1754 κράτος.
2591 1692 2736 1763 Πλὴν
2757 1697 2984 1768 ἐπείπερ
3008 1703 3243 1773 ἀφῖγμαι
3268 1708 3406 1777 πρὸς
3450 1711 3629 1774 τοῦτο,
3684 1733 3703 1763 ι
3737 1687 3908 1781 565a-

2345 1777 2436 1830 σόν
2472 1795 2564 1833 σου
2591 1784 2680 1836 τὸν
2710 1785 2855 1849 Υἱὸν,
2895 1808 2912 1839 ι
2943 1792 3099 1844 τοῦτ’
3144 1794 3257 1848 ἐστι
3291 1798 3363 1868 μὴ
3389 1799 3725 1874 διακωλύσῃς
3757 1777 3910 1863 ἰόντα

2335 1871 2469 1939 πρὸς
2500 1873 2725 1930 θάνατον
2754 1898 2766 1909 ·
2793 1884 3225 1949 συγκατὰνευσον
3255 1890 3333 1958 τῷ
3361 1891 3438 1962 σῷ
3483 1897 3777 1965 γεννήματι
3814 1899 3906 1952 διὰ

2330 1961 2390 2013 τὸ
2412 1966 2543 2018 πᾶσι
2582 1966 2870 2034 λυσιτελές.
2908 1974 3030 2028 Ὅτι
3052 1978 3107 2029 δὲ
3143 1978 3300 2045 δόξαν
3328 1984 3356 2034 ό
3395 1961 3783 2058 εὐαγγελιστὴς
3808 1992 3902 2043 καὶ

2330 2052 2556 2123 ἑτέρωθί
2602 2075 2700 2110 που
2734 2061 2825 2114 τὸν
2858 2067 3085 2137 σταυρὸν
3118 2072 3398 2139 ἀπεκάλει,
3450 2076 3665 2149 μαθήσῃ

2327 2159 2417 2206 τος
2445 2146 2603 2200 αὐτοῦ

2325 2330 2718 2403 ἐσταυρῶσθαι,
2758 2340 2819 2392 τὸ
2840 2344 3097 2415 ἐδοξάσθη
3149 2349 3299 2417 φησί.
3327 2351 3463 2414 Δόξα
3494 2351 3550 2405 δὲ
3572 2356 3598 2406 6
3639 2357 3886 2425 σταυρός.

2322 2421 2385 2474 Εἰ
2405 2424 2511 2495 γὰρ
2541 2427 2739 2501 καίπερ
2768 2435 2906 2486 κατὰ
2939 2436 3028 2487 τὸν
3057 2436 3153 2490 τοῦ
3208 2439 3415 2503 πάθους
3478 2444 3665 2512 καιρὸν
3722 2421 3891 2497 πολλὰ

2320 2513 2619 2587 ἐφύὁριστα
2650 2521 2939 2591 ὑπέμεινεν
2960 2526 3291 2593 ἀνεξικακῶν
3321 2531 3480 2593 ἐκὼν,
3521 2535 3648 2587 ἀλλ’
3704 2537 3763 2600 ἐξ
3815 2532 3891 2591 ὧν

2316 2602 2610 2675 δυνάμενος
2640 2610 2713 2681 μὴ
2746 2612 2956 2677 παθεῖν,
2990 2615 3195 2688 ὑπέστη
3250 2620 3329 2673 δι’
3375 2624 3519 2692 ἡμᾶς
3566 2625 3890 2691 ἐθελουσίως

2315 2693 2379 2746 τὸ
2400 2697 2589 2762 πάθος,
2621 2700 2720 2768 τῆς
2748 2702 3030 2775 ὑπεράγαν
3056 2709 3201 2762 ἐστὶν
3222 2712 3623 2782 εὐσπλαγχνίας
3651 2720 3745 2770 καὶ
3787 2720 3889 2789 τῆς

2314 2786 2579 2840 ἀνωτάτω
2611 2790 2787 2860 δόξης,
2819 2796 2881 2847 τὸ
2932 2796 2999 2849 δι’
3038 2799 3213 2853 ἄλλων
3258 2802 3526 2870 ὠφέλειαν
3587 2786 3888 2877 ὑποστῆναι

2376 2875 2401 2889 η

2195 2881 2212 2893 '
2312 2880 2486 2932 τοῦτο.
2517 2880 2708 2948 Γέγονε
2738 2883 2794 2936 δὲ
2825 2886 2917 2939 καὶ
2944 2889 3114 2961 ἑτέρῳ
3137 2893 3323 2964 τρόπῳ
3347 2898 3403 2949 ἐν
3430 2897 3643 2967 εὐδοξίᾳ
3669 2900 3696 2952 δ
3722 2900 3849 2963 Υἱός
3868 2916 3884 2931 ‘

2362 2966 2375 2986 ’
2403 2963 2478 3022 ὧν
2512 2972 2620 3041 γὰρ
2646 2978 3021 3049 κατεκράτησε
3062 2983 3153 3036 τοῦ
3186 2985 3437 3048 θανάτου,
3503 2991 3751 3061 ἔγνωμεν
3791 2996 3888 3046 αὐ-

2189 3065 2210 3077 ’
2308 3056 2398 3110 τὸν
2426 3058 2552 3112 ὄντα
2576 3061 2719 3135 ζωὴν
2747 3069 2840 3121 καὶ¹
2877 3070 2999 3123 Υἱὸν
3027 3073 3160 3127 Θεοῦ
3184 3076 3276 3129 τοῦ
3330 3056 3551 3144 ζῶντος,
3590 3056 3887 3147 Δοξάζεται

2232 3170 2274 3228 c
2307 3148 2363 3200 δὲ
2394 3150 2420 3202 ὁ
2449 3150 2655 3223 Πατὴρ,
2692 3157 2820 3210 ὅταν
2866 3162 3122 3231 φαίνηται
3167 3167 3406 3221 τοιοῦτον
3454 3170 3590 3239 ἔχων
3645 3174 3775 3226 Υἰὸν
3821 3177 3887 3240 ἐξ

2306 3241 2497 3295 ἐαυτοῦ
2526 3247 2869 3317 γεννηθέντα,
2915 3256 3092 3318 ὁποῖός
3133 3258 3250 3311 ἐστι
3280 3263 3371 3313 καὶ
3405 3263 3585 3326 αὐτός.
3631 3266 3788 3319 Ἐστι
3822 3269 3887 3320 δ’

2303 3330 2524 3399 ἀγαθὸς,
2554 3338 2689 3405 φῶς,
2726 3341 2856 3412 ζωὴ,
2897 3347 2991 3400 καὶ
3037 3348 3269 3403 θανάτου
3313 3353 3594 3423 κρείττων,
3637 3360 3729 3410 καὶ
3778 3359 3884 3411 ὃσα

2303 3420 2465 3487 θέλει,
2496 3429 2683 3483 ποιῶν.
2732 3433 2897 3489 Ὅταν
2936 3438 2992 3492 δὲ
3052 3441 3221 3514 λέγηθ’
3304 3464 3323 3495 ι
3356 3420 3605 3513 ’Δόξασόν
3652 3467 3744 3503 σου
3786 3452 3883 3503 τὸν

2302 3512 2447 3578 Υἱὸν,
2484 3536 2503 3569 ι
2535 3519 2694 3574 τοῦτό
2720 3542 2850 3595 φησι
2882 3546 2894 3558 ·
2915 3512 3353 3598 Συγκατάνευσόν
3393 3556 3480 3608 μοι
3528 3541 3720 3595 παθεῖν
3764 3543 3882 3596 ἐθέ-

2299 3604 2460 3659 λοντι.
2493 3611 2566 3662 Οὐ
2597 3612 2705 3683 γὰρ
2730 3615 3041 3688 ἀϐουλήτως
3069 3625 3160 3677 τὸν
3206 3627 3332 3680 Υἰὸν
3454 3632 3641 3703 Πατὴρ
3671 3633 3877 3687 ἔδωκεν

2298 3698 2377 3760 εἰς
2411 3700 2655 3765 θάνατον,
2689 3707 2803 3759 ἀλλ’
2830 3710 2969 3764 ἑκὼν
3001 3714 3147 3787 ὑπὲρ
3166 3719 3264 3787 τῆς
3294 3719 3389 3773 τοῦ
3444 3698 3650 3793 κόσμου
3701 3725 3873 3795 ζωῆς.

2300 3785 2370 3839 Τὸ
2398 3785 2490 3841 οὖν
2508 3793 2832 3865 συνθελῆσαι
2868 3801 2957 3853 τὸν
2986 3785 3228 3875 Πατέρα,
3249 3807 3325 3870 ὡς
3368 3809 3512 3873 δόσις
3551 3785 3874 3883 ιῦνόμααται

2294 3877 2425 3945 ἡμῖν
2459 3880 2693 3948 ἀγαθῶν.
2726 3886 2868 3939 Ἀντὶ
2893 3890 2999 3961 γάρ
3028 3893 3119 3945 τοῦ
3144 3896 3359 3950 παθεῖν
3388 3900 3485 3969 τὴν
3508 3877 3700 3965 ausa}
3723 3899 3870 3967 εἷπε,

2294 3967 2439 4035 λέγει
2464 3971 2520 4023 δὲ
2547 3973 2700 4027 τοῦτο
2729 3980 2820 4030 καὶ
2860 3982 2994 4050 πρὸς
3037 3984 3398 4058 ὑπογραμμὸν
3443 3967 3625 4060 ἡμῶν,
3662 3996 3743 4047 ὅτι
3787 3998 3871 4051 δεῖ

2297 4058 2395 4127 μὲν
2422 4059 2671 4131 εὐχεσθαι
2702 4068 2775 4137 μὴ
2810 4071 3069 4139 ἐμπεσεῖν
3100 4076 3180 4138 είς
3221 4058 3547 4149 πειρασμδν,
3590 4058 3868 4153 ἐμπεσόν-

2291 4167 2385 4213 τας
2400 4153 2457 4205 δὲ
2486 4159 2747 4222 γενναίως
2767 4161 2971 4231 φέρειν,
2993 4166 3082 4218 καὶ
3106 4167 3178 4238 μὴ
3208 4171 3512 4244 ἀποπηδᾷν,
3541 4175 3869 4245 εὔχεσθαί-τε

2292 4244 2371 4305 εἰς
2395 4244 2525 4297 Θεὸν
2555 4248 2813 4319 σωθῆναι.
2853 4253 3007 4307 Ἀλλὰ
3054 4276 3071 4307 ‹
3120 4259 3348 4323 Δόξασόν
3381 4280 3473 4317 σου
3513 4267 3575 4319 τὸ
3608 4244 3802 4338 δνομα.
3840 4290 3861 4323 ι

2290 4333 2355 4387 Εἰ
2384 4334 2489 4405 γὰρ
2503 4337 2589 4391 διὰ
2611 4340 2719 4394 τῶν
2739 4344 2993 4397 κινδύνων
3018 4349 3173 4418 ἡμῶν
3210 4353 3498 4421 συμϐαίνει
3536 4333 3869 4428 δηξασθῆναι

2289 4426 2379 4478 τὸν
2414 4427 2566 4493 Θεὸν,
2597 4432 2778 4488 πάντα
2797 4435 2987 4489 τούτου
3010 4440 3252 4509 τετάχθω
3274 4444 3519 4516 δεύτερα.

2361 4700 2778 4775 Ὥσπερμέντοι
2816 4712 2915 4764 οὐκ
2948 4713 3120 4778 ἄλλως
3163 4719 3191 4769 ὁ
3231 4716 3459 4784 θάνατος
3507 4729 3857 4799 κατηργήθηο

2288 4789 2361 4861 μὴ
2396 4793 2756 4862 ἀποθανόντος
2772 4801 2864 4853 τοῦ
2897 4804 3148 4876 Σωτῆρος
3181 4824 3193 4837 ’
3220 4808 3361 4863 οὕτω
3391 4815 3481 4865 καὶ
3508 4816 3591 4883 ἐφ’

2282 4883 2387 4935 τῶν
2434 4886 2532 4955 τῆς
2580 4891 2780 4959 σαρκὸς
2818 4894 3021 4948 παθῶν.
3056 4898 3115 4950 Ei
3171 4902 3243 4969 μὴ
3277 4902 3385 4973 γὰρ
3411 4905 3726 4971 ἐδειλίασεν,
3755 4914 3858 4968 οὐκ

2281 4972 2347 5026 ἂν
2384 4977 2440 5027 ἐν
2466 4977 2745 5052 ἐλευθερία
2766 4983 2858 5035 τοῦ
2884 4985 3082 5059 δειλιᾷν
3106 4992 3137 5061 ή
3177 4991 3334 5061 φύσις
3357 4972 3578 5063 γέγονεν
3603 5016 3617 5029 ·
3676 5006 3722 5056 εί
3777 5006 3854 5076 μὴ

2278 5065 2543 5139 ἐλυπήθη,
2570 5071 2667 5124 οὐκ
2695 5073 2760 5126 ἂν
2788 5076 3071 5150 ἀπηλλάγη
3100 5082 3193 5135 τοῦ
3215 5083 3500 5141 λυπεῖσθαί
3517 5098 3733 5147 ποτεέί

2275 5156 2548 5230 ἐταράχθη
2571 5163 2662 5215 καὶ
2684 5164 2940 5239 ἐπτοήθη,
2964 5172 3062 5226 οὐκ
3085 5174 3149 5227 ἂν
3190 5176 3306 5241 ἔξω.
3322 5182 3449 5234 ποτὲ
3478 5184 3679 5238 τούτων

2277 5263 2418 5302 νετο.
2457 5252 2565 5304 Καὶ
2598 5253 2682 5322 ἐφ’
2723 5257 2934 5329 ἑκάστῳ
2978 5263 3086 5317 τῶν
3133 5266 3483 5338 ἀνθρωπίνως
3526 5252 3845 5344 γεγονότων,

2277 5337 2368 5389 τὸν
2396 5341 2557 5394 αὐτὸν
2596 5344 2970 5415 ἐφαρμόζοντα
3017 5352 3172 5420 λόγον
3207 5337 3458 5430 εὐρήσεις
3488 5337 3548 5414 ἐν
3585 5337 3845 5435 Χριστιῖ);

2279 5426 2349 5479 τὰ
2368 5429 2465 5499 τῆς
2487 5433 2685 5501 σαρκὸς
2727 5436 2872 5505 πάθη
2922 5426 3285 5511 κεκινημένα,
3326 5426 3423 5518 οὐχ
3468 5452 3552 5504 ἵνα
3598 5426 3869 5529 κρατήσῃ,

2280 5517 2468 5591 ὥσπερ
2500 5524 2592 5575 καὶ
2613 5527 2670 5577 ἐν
2694 5528 2843 5596 ἡμῖν,
2866 5530 2980 5582 ἀλλ’
3011 5533 3099 5585 ἵνα
3119 5517 3845 5616 κινηθέντακαταργ-ηθῇπῇ

2280 5610 2504 5681 δυνάμει
2535 5615 2627 5669 τοῦ
2654 5618 3031 5688 ἐνοικήσαντος
3065 5628 3129 5696 τῇ
3165 5630 3328 5698 σαρκὶ
3359 5634 3552 5702 Λόγου,
3572 5610 3583 5615 γ
3783 5610 3846 5693 rb

2280 5706 2495 5772 ἄμεινον
2521 5712 2982 5783 μεταποιουμένης
3012 5714 3107 5785 τῆς
3137 5718 3369 5785 φύσεως.
