4144 6492
260 388 331 447 93
934 394 949 395 ’
1038 380 1106 438 IN
1143 378 1484 443 JOANNEM.
1522 407 1594 421 -—
1633 374 1759 431 LIB.
1799 370 1889 427 VII
1931 371 2020 427 ET
2059 372 2172 428 VIII
2208 372 2649 435 FRAGMENTA.
3420 379 3490 441 εδ

323 510 417 565 οὐ.
470 507 543 562 δι’
588 506 691 578 ἐμὲ
738 508 775 575 ἡ
819 503 988 574 φωνὴ
1020 504 1172 569 αὕτη
1232 502 1499 572 γέγονεν,
1529 497 1688 560 ἀλλὰ
1731 494 1818 549 δι’

1994 492 2111 556 XII,
2143 494 2234 549 '50.
2260 493 2380 553 Non
2406 505 2616 563 propter
2639 508 2719 546 me
2739 491 2965 554 Iure-vox
2989 493 3146 558 venit,
3164 494 3255 549 sed
3280 508 3494 566 propter

253 601 430 666 ὑμᾶς.

288 620 754 759 μῗντεφθάγγετο
781 688 1041 759 όΠατὴρ,
1074 687 1197 749 καθ’
1237 686 1297 738 δν
1334 680 1441 739 οἶδε
1477 682 1695 753 τρόπον’
1750 677 1826 749 τῷ

259 782 374 848 ιδίῳ
413 781 537 851 Υίῷ,
566 785 651 844 είς-
673 780 986 850 φιλοτιμίαν
1017 778 1124 832 τῶν
1154 778 1515 847 ἀκροωμένων
1548 775 1648 844 τὴν
1695 775 1826 827 ἐαυ-

255 872 348 926 τοῦ
371 872 624 943 βούλησιν
667 872 936 943 φανερῶν,
978 871 1065 923 ἴνα
1118 868 1474 922 πιστεύσωσιν
1528 863 1830 933 ἀναμφιϐό-

257 961 383 1025 λως,
408 962 491 1014 ὅτι
517 961 643 1024 Υἱός
670 962 788 1014 ἐστι
816 958 955 1013 κατὰ
980 956 1141 1027 φύσιν
1172 955 1266 1009 τοῦ
1292 954 1424 1008 Θεοῦ
1454 953 1545 1013 καὶ
1597 951 1826 1022 Πατρός.

258 1052 519 1123 Διηπόρει
550 1052 606 1106 δὲ
628 1052 657 1104 0
680 1051 835 1120 ὄχλος
859 1051 939 1113 είς
958 1049 1245 1119 διαφόρους
1280 1045 1533 1106 ὑπονοίας
1578 1043 1829 1113 σχιζόμε-

257 1160 345 1207 νος
372 1141 664 1204 ἀσυνὲτως.
705 1140 979 1209 Ἔδειγάρ
1000 1139 1195 1200 αὐτοὺς
1236 1136 1485 1205 ἐννοῆσαι
1533 1134 1618 1197 ,ὅτι
1649 1133 1677 1184 0
1720 1134 1832 1186 Πα-

257 1234 360 1304 τὴρ
388 1230 456 1305 ἦν
477 1236 506 1287 0
537 1232 1050 1301 ἀναφθεγξάμενος,
1083 1228 1216 1299 πρὸς
1255 1227 1314 1279 ὃν
1361 1227 1654 1293 ἐποιήσατο
1704 1225 1832 1289 τοὺς

259 1324 451 1392 λόγους
476 1326 505 1378 0
530 1324 677 1386 Υίός.
702 1325 776 1378 Οὐ
797 1322 906 1391 γὰρ
932 1318 1152 1391 βροντὴν
1172 1320 1342 1389 ᾔτησε
1399 1317 1675 1387 γενέσθαι,
1703 1315 1827 1369 οὔτε

256 1416 486 1484 ἄγγελον
511 1416 758 1485 φωνῆσαι
785 1432 797 1444 ·
832 1416 980 1483 ὅμως
1014 1413 1088 1474 ὡς
1115 1412 1263 1474 Υἱὸς,
1301 1412 1471 1481 φησὶν,
1497 1410 1577 1463 ὅτι
1609 1428 1627 1461 ι
1656 1408 1730 1461 υὺ
1764 1408 1831 1460 δι’

259 1506 360 1575 ἐμὲ
392 1506 613 1574 γέγονεν
646 1507 678 1573 ή
706 1504 853 1572 φωνὴ
875 1542 888 1564 ,
921 1501 1056 1553 ἀλλά
1085 1500 1150 1552 δι’
1182 1501 1358 1569 ὑμᾶς’
1395 1518 1413 1549 ι
1458 1498 1574 1569 ᾔδει
1597 1497 1705 1565 γὰρ
1736 1495 1831 1553 τοῦ

259 1594 510 1656 τεκόντος
533 1594 630 1663 τὴν
657 1592 905 1661 βούλησιν
930 1591 1035 1643 κᾶν
1058 1589 1231 1659 μηδὲν
1262 1587 1522 1659 ἐλαλήθη,
1548 1586 1733 1657 ἐπειδὴ
1765 1580 1833 1657 ἦν

261 1683 356 1736 καὶ
381 1683 493 1736 ἔστι
515 1682 606 1735 τοῦ
632 1682 840 1753 [Iatpr
873 1680 1034 1747 σοφία
1077 1681 1170 1733 καὶ
1204 1680 1394 1746 Λόγος.
1442 1680 1518 1731 Δι’
1554 1679 1696 1748 ὑμᾶς
1717 1673 1830 1740 οὖν,

262 1770 413 1839 φησι,
443 1770 660 1837 γέγονεν
694 1770 726 1838 ὴ
757 1771 904 1838 φωνή
933 1785 945 1798 ·
986 1768 1072 1823 ἵνα
1104 1766 1477 1837 παραδέχησθέ
1500 1785 1567 1837 με
1597 1766 1673 1829 ὡς
1704 1767 1834 1819 Υίὸν

1927 601 2033 640 vos.

1999 675 2384 746 Respondebat
2432 676 2597 732 Pater
2627 675 2853 747 proprio
2879 673 3042 737 Filio,
3084 690 3151 731 eo
3204 691 3316 747 quo
3345 677 3498 732 novit

1929 768 2114 832 modo,
2145 781 2297 822 suam
2334 767 2672 822 voluntatem
2712 769 2930 837 planam
2957 766 3190 831 faciens,
3223 767 3289 821 ad
3313 768 3501 822 conci-

1930 857 2168 912 Iiandam
2187 856 2525 915 audientium
2548 857 2730 921 ﬁdem,
2748 866 2806 912 ut
2825 858 3113 914 crederent
3140 858 3261 915 sine
3288 859 3503 915 dubita.-

1932 949 2075 1003 tione
2104 963 2227 1004 esse
2259 945 2457 1009 Filium
2487 947 2580 1003 Dei
2605 957 2659 1005 et
2681 949 2861 1006 Patris
2888 951 3190 1006 secundum
3224 959 3498 1008 naturam.

1931 1040 2256 1112 Ambigebat
2306 1048 2487 1101 autem
2527 1042 2818 1097 multitudo
2863 1044 2920 1096 in
2977 1043 3160 1100 varias
3212 1044 3502 1113 opiniones

1932 1132 2105 1188 scissa
2139 1132 2348 1201 absque
2379 1132 2593 1186 ratione
2622 1150 2635 1186 :
2671 1133 2963 1201 oportebat
3004 1135 3149 1189 enim
3188 1134 3269 1188 eis
3315 1135 3517 1191 venire

1935 1225 1991 1279 in
2050 1232 2310 1286 mentem,
2363 1223 2580 1279 Patrem
2643 1239 2767 1279 esse
2827 1225 2918 1294 qui
2984 1224 3381 1293 responderat,
3434 1224 3501 1281 ad

1932 1330 2095 1384 quem
2144 1312 2314 1369 Filius
2362 1314 2526 1368 verba
2578 1310 2820 1367 fecisset.
2872 1309 3007 1365 Nam
3041 1327 3143 1367 nec
3192 1319 3250 1365 ut
3295 1309 3503 1365 tonitru

1936 1404 2114 1471 ﬁeret,
2141 1420 2241 1460 nec
2288 1412 2349 1459 ut
2399 1405 2627 1474 angelus
2670 1403 3006 1472 loqueretur,
3037 1402 3224 1471 petiit;
3252 1402 3386 1457 dicit
3417 1408 3503 1454 ta-

1935 1511 2058 1552 men
2111 1509 2169 1550 ut
2214 1495 2433 1549 Filius:
2464 1513 2485 1546 ι
2527 1493 2647 1548 Non
2704 1500 2929 1563 propter
2980 1507 3066 1547 me
3097 1492 3213 1546 haac
3241 1508 3368 1553 vox.
3407 1493 3504 1549 sed

1935 1594 2158 1657 pr0pter
2188 1600 2288 1642 vos
2325 1585 2469 1640 facta
2506 1595 2608 1640 est.
2654 1602 2675 1637 ι
2717 1584 2929 1655 Quippe
2952 1591 3181 1640 noverat
3219 1582 3503 1644 Genitoris

1937 1678 2294 1742 voluntatem,
2320 1677 2425 1733 etsi
2472 1676 2615 1731 nihil
2662 1676 2885 1731 locutus
2929 1681 3075 1731 esset
3111 1692 3125 1728 :
3158 1672 3505 1745 quandoqui-

1936 1769 2058 1825 dem
2087 1777 2283 1825 eratet
2321 1777 2407 1825 est
2433 1768 2613 1825 Patris
2653 1769 2924 1837 sapientia
2966 1782 3030 1824 ac
3061 1766 3326 1822 Verbum.
3370 1764 3504 1819 Pro-

259 1859 414 1922 Θεοῦ,
437 1858 496 1911 ὃν
521 1854 661 1911 οἶδεν
681 1859 808 1911 ὄντα
846 1859 1004 1927 φύσει
1034 1857 1210 1927 ἐαυτῷ
1240 1857 1367 1910 Υἱὸν
1390 1860 1419 1911 0
1440 1858 1650 1927 Πατήρ.
1669 1856 1830 1923 Λέγει

1939 1870 2053 1929 pter
2084 1875 2181 1915 vos
2211 1875 2364 1929 ergo,
2392 1860 2490 1927 ait,
2527 1860 2668 1916 facta
2701 1866 2785 1916 est
2817 1876 2943 1923 vox,
2994 1869 3052 1914 ut
3095 1859 3380 1928 accipiatis
3419 1873 3507 1915 me

258 1948 357 2019 μὲν
388 1944 485 2002 οὖν
504 1950 539 2011 0,
558 1949 760 2019 Κύριος
782 1949 863 2001 ὅτι
888 1950 1115 2017 γέγονεν
1146 1951 1179 2019 ὴ
1211 1947 1382 2017 φωνὴ,
1412 1949 1472 2000 οὔ
1506 1948 1613 2019 μὴν
1663 1964 1832 2018 προσ-

253 2040 465 2109 τίθησιν
505 2040 588 2094 ὅτι
631 2039 723 2095 τοῦ
756 2038 968 2110 Πατρδς
989 2035 1131 2109 imi}
1158 2038 1273 2102 πῶς
1294 2038 1515 2107 γέγονεν
1542 2057 1555 2071 ο
1586 2038 1832 2109 ἔστιγὰρ

255 2130 509 2201 περιττὸν
558 2130 735 2184 τοῦτο.
764 2131 909 2201 Πλὴν
946 2128 1376 2200 ἐπιμαρτύρεται
1410 2130 1491 2182 ὃτι
1528 2130 1622 2183 καὶ
1650 2130 1832 2200 φωνὴν

254 2220 588 2283 ἀκούσαντες
616 2221 674 2287 ἐξ
709 2220 961 2292 οὐρανοῦ,
1014 2220 1168 2273 οὐδὲν
1216 2216 1377 2290 ἦττον
1429 2221 1718 2291 ἐπέμειναν
1764 2222 1830 2291 τῇ

258 2310 467 2377 ἑαυτῶν
505 2310 566 2373 δυ
574 2309 812 2380 σσεὸείᾳ.

338 2485 471 2538 Νῦν
515 2486 713 2559 κρίσις
763 2484 894 2539 ἐστι
943 2483 1048 2544 τοῦ
1087 2485 1321 2561 κόσμου
1364 2486 1600 2548 τούτου,
1646 2488 1740 2549 καὶ
1769 2486 1836 2539 τὰ

261 2576 409 2645 ἑξῆς.

332 2669 445 2738 Τῆς
476 2667 569 2720 τοῦ
605 2668 857 2737 Σωτῆρος
907 2667 1202 2744 ἐπιδημίας
1231 2666 1258 2718 0
1300 2666 1624 2737 τριπόθητος
1654 2668 1837 2720 οὑτοσὶ

262 2746 476 2831 καιρός,
521 2759 805 2830 παροῦσαν
843 2760 943 2831 ἤδη
976 2760 1075 2831 τὴν
1102 2762 1193 2813 ἐπὶ
1230 2763 1341 2824 τοῖς
1362 2760 1535 2823 ἔθνεσι
1566 2761 1744 2831 κρίσιν
1776 2779 1834 2815 τε

263 2852 358 2905 καὶ
408 2851 564 2921 δίκην
608 2850 911 2904 ἐδείκνυεν⁹
968 2850 1191 2921 ἔμελλον
1245 2852 1352 2921 γὰρ
1401 2852 1836 2906 ἀπαλλάττεσθαι

259 2946 360 3016 τῆς
416 2942 511 2997 τοῦ
574 2942 819 2997 διαϐόλου
879 2942 1222 3017 πλεονεξίας,
1268 2944 1604 3015 δικαιότητος
1654 2945 1836 3007 αὐτοῖς

264 3037 632 3107 ἀπονέμοντος
675 3037 821 3099 ἔλεος
849 3036 941 3090 τοῦ
976 3036 1124 3089 ὁσίου
1153 3054 1213 3090 τε
1246 3037 1340 3089 καλ⁵
1374 3036 1585 3090 δικαίου
1622 3036 1830 3107 κριτοῦ.

265 3129 343 3184 Οὐ
371 3129 479 3200 γὰρ
509 3130 694 3199 οῐομαι
737 3130 847 3183 δεῖν
876 3129 1085 3182 οἴεσθαι
1129 3130 1247 3183 νυνὶ
1276 3129 1697 3200 κατακρίνεσθαι
1739 3130 1832 3182 κόοο
1862 3167 1909 3232 C

270 3237 426 3288 σμον,
448 3222 534 3273 ὅτε
580 3220 674 3274 τοῦ
719 3221 929 3274 δικαίου
977 3222 1158 3292 παρῆν
1202 3223 1231 3275 0
1281 3222 1498 3293 καιρός·
1546 3222 1661 3274 ἀλλ’
1692 3221 1834 3273 οὕτω

270 3312 389 3382 μὲν.
421 3312 606 3383 κόσμῳ
645 3313 823 3383 κρίσις
857 3313 1028 3377 ἔσται,
1069 3313 1210 3367 τοῦτ’
1253 3313 1397 3367 ἔστιν
1435 3314 1732 3385 ἐκδίκησις.
1775 3315 1834 3367 '0

264 3403 325 3459 δὲ
371 3402 553 3475 ἅρχων
604 3404 698 3457 τοῦ
760 3405 968 3474 κόσμου
1016 3406 1203 3458 τούτου
1262 3405 1661 3476 ἐκϐληθήσεται
1710 3407 1833 3473 ἔξω.

270 3490 485 3555 Ἔσται,
519 3494 672 3563 φησι,
704 3492 843 3547 κατά
872 3493 976 3548 τοῦ.
1006 3494 1097 3547 τὸν
1136 3494 1337 3564 κόσμον
1364 3495 1685 3565 ἠδικηκότος
1718 3496 1838 3567 κρί-

268 3598 376 3648 σις,
412 3583 506 3635 καὶ
546 3583 672 3652 οὐχὶ
722 3583 865 3635 κατά
916 3582 1015 3635 τοῦ,
1050 3583 1151 3653 τὴν
1200 3582 1414 3636 ἀδικίαν
1449 3584 1839 3653 ὑπομείναντος

266 3674 496 3744 κόσμου.
525 3676 634 3728 Καὶ
666 3674 793 3746 γὰρ,
825 3674 900 3738 ὡς
939 3675 1100 3738 αυτὸς
1128 3677 1156 3728 0
1183 3676 1416 3745 Χριστός
1450 3692 1635 3745 φησιν,
1672 3696 1690 3728 ‹
1728 3677 1841 3739 Οὐκ

267 3764 589 3835 ἀπέστειλεν
632 3770 659 3821 0
708 3767 837 3830 Θεὸς
891 3768 981 3821 τὸν
1027 3768 1154 3819 Υίὸν
1192 3767 1356 3820 αὑτοῦ
1417 3768 1505 3821 ἵνα
1541 3768 1701 3841 κρίνῃ
1753 3767 1841 3821 τὸν

270 3855 498 3926 κόσμον,
543 3856 656 3909 ἀλλ’
709 3857 797 3910 ἵνα
842 3856 991 3927 σώσῃ
1025 3856 1117 3910 τὸν
1149 3856 1373 3927 κόσμον.
1409 3878 1427 3909 ι
1472 3859 1635 3928 Ὄρος
1663 3859 1842 3913 τοίνυν

268 3945 373 4016 τῆς
395 3945 699 4014 ἐνεστώσης
723 3947 875 4000 ἔσται
900 3946 1154 4016 κρίσεως,
1178 3946 1237 3999 τὸ
1265 3947 1591 4018 ἐκϐληθῆναι
1620 3949 1724 4014 ἔξω
1751 3950 1841 4009 τὸν

268 4036 503 4105 ᾅρχοντα
543 4035 635 4088 τοῦ
670 4036 873 4107 κόσμου
920 4036 1129 4091 τούτου.
1174 4038 1528 4109 Ἐκὸληθῆναι
1558 4040 1613 4093 δέ
1643 4042 1838 4107 πόθενς

267 4122 303 4195 ἦ
333 4125 576 4196 δηλονότι
619 4127 717 4197 τῆς
759 4130 824 4181 ἐκ
869 4127 989 4198 βίας
1029 4127 1178 4200 αὐτῷ
1225 4132 1631 4203 πεπορισμένης
1667 4135 1841 4207 ἀρχῆς

268 4217 371 4281 καὶ
387 4217 488 4289 τῆς
518 4220 827 4288 οὐδαμόθεν,
847 4222 1232 4291 προσηκούσης
1265 4221 1559 4291 βασιλείας.

340 4310 513 4379 Κάγὼ
543 4311 652 4365 ἐὰν
679 4312 896 4380 ὑψωθῷ
919 4313 987 4369 ἐκ
1026 4313 1135 4382 τῆς
1171 4314 1306 4385 γῆς,
1329 4315 1573 4370 ἑλκύσω
1613 4316 1845 4385 πάντας

269 4396 423 4465 πρὸς
449 4399 731 4467 ἐμαυτόν.

1935 1960 2195 2022 tanquam
2239 1952 2437 2007 Filium
2472 1951 2589 2016 Dei,
2623 1967 2791 2022 quem
2835 1950 3133 2021 scitLPater
3170 1949 3276 2005 sibi
3312 1957 3505 2003 natura

1934 2054 2056 2097 esse
2103 2037 2320 2099 Filium.
2364 2038 2507 2093 Dicit
2541 2039 2765 2109 quidem
2823 2038 3091 2093 Dominus
3138 2037 3337 2093 factam
3382 2052 3511 2094 esse

1932 2147 2145 2197 vocem,
2178 2131 2273 2188 sed
2312 2147 2423 2187 non
2456 2132 2648 2201 adjicit
2696 2130 2877 2186 Patris
2922 2146 3065 2195 esse,
3101 2145 3199 2185 nec
3234 2128 3508 2199 quomodo

1934 2222 2079 2277 facta
2128 2224 2221 2288 sit,
2266 2224 2525 2293 quoniam
2572 2222 2623 2276 id
2666 2236 3158 2290 supervacaneum.
3198 2221 3357 2290 707
3395 2218 3509 2277 Sed

1934 2322 1989 2371 et
2017 2321 2357 2383 protestatur
2375 2315 2521 2385 quod
2546 2313 2737 2368 audita
2762 2312 2925 2375 etiam
2944 2327 2975 2367 e
2998 2312 3141 2367 caelo
3159 2326 3293 2367 voce
3309 2309 3510 2373 nihilo-

1936 2407 2119 2459 secius
2153 2406 2207 2459 in
2236 2421 2335 2461 sua
2372 2406 2652 2476 impietate
2690 2404 3121 2475 permanserint.

2006 2493 2126 2559 XII,
2160 2496 2248 2549 51.
2289 2495 2446 2555 Nunc
2478 2495 2745 2565 judicium
2774 2504 2851 2551 est
2881 2494 3085 2559 mundi,
3113 2501 3221 2549 etc.

2014 2672 2553 2735 Desideratissimum
2611 2674 2714 2729 hoc
2750 2674 3019 2729 adventus
3048 2673 3357 2728 servatoris
3407 2685 3511 2726 nov

1939 2765 2044 2827 stri
2086 2772 2323 2834 tempus,
2363 2767 2476 2834 jam
2508 2765 2702 2821 adesse
2751 2764 3021 2833 judicium
3050 2773 3104 2818 et
3136 2763 3403 2831 justitiam
3454 2762 3510 2817 in

1938 2857 2196 2925 gentibus
2226 2856 2577 2920 ostendebat,
2606 2856 2812 2926 quippe
2861 2870 2989 2909 cum
3024 2871 3054 2908 a
3100 2855 3306 2909 diaboli
3351 2868 3515 2924 rapa,

1937 2946 2105 3001 citate
2130 2946 2469 3008 vindicanda:
2504 2945 2705 3010 forent,
2737 2946 3016 3006 tribuente
3052 2946 3162 3000 illis
3199 2946 3513 3000 misericor-

1938 3038 2083 3093 diam
2119 3037 2297 3091 sancti
2329 3048 2383 3091 et
2404 3036 2542 3106 justi
2587 3036 2795 3105 judicis
2828 3038 3104 3106 aequitate.
3129 3034 3315 3106 Neque
3340 3037 3510 3102 enim,

1939 3127 2155 3197 Opinor,
2187 3126 2613 3181 existimandum
2669 3135 2754 3181 est
2793 3142 2936 3182 nunc
2969 3126 3321 3185 condemnari
3356 3143 3516 3181 mun-

1944 3221 2094 3284 dum,
2126 3234 2250 3274 cum
2306 3218 2533 3287 justitia:
2566 3226 2784 3288 tempus
2824 3218 3007 3283 adest,
3040 3216 3133 3272 sed
3170 3216 3250 3271 sic
3290 3215 3511 3286 quidem

1942 3312 2147 3367 mundo
2186 3311 2291 3366 erit
2329 3308 2622 3379 judicium,
2667 3324 2862 3379 nempe
2900 3309 3227 3363 vindicatio.
3252 3308 3514 3379 Princeps

1939 3418 2070 3457 vero
2100 3402 2265 3470 hujus
2300 3400 2488 3455 mundi
2515 3400 2765 3469 ejicietur
2802 3408 2978 3455 extra.
3026 3399 3164 3466 Erit,
3197 3399 3394 3470 inquit,
3422 3400 3514 3469 ju.—

1941 3494 2144 3551 dicium
2171 3492 2436 3548 adversus
2461 3507 2582 3547 eum
2615 3491 2710 3561 qui
2748 3491 3011 3546 mundum
3040 3490 3283 3554 violavit,
3314 3500 3369 3546 et
3401 3505 3514 3550 non

1941 3585 2208 3641 adversus
2236 3583 2522 3646 mundum,
2547 3581 2641 3651 qui
2676 3581 2934 3650 injuriam
2957 3588 3013 3637 et
3036 3581 3359 3651 injustitiam
3392 3597 3517 3651 per-

1942 3675 2087 3729 tulit.
2135 3674 2377 3742 Etenim,
2428 3683 2489 3730 ut
2535 3674 2653 3746 ipse
2705 3674 2961 3732 Christus
3011 3676 3106 3739 ait,
3144 3694 3163 3727 ι
3196 3674 3315 3730 Non
3364 3676 3517 3735 misit

1942 3764 2086 3820 Deus
2113 3763 2309 3819 Filium
2360 3780 2545 3831 suum,
2572 3774 2634 3821 ut
2664 3764 2931 3829 mundum
2971 3765 3272 3835 judicaret,
3318 3766 3413 3822 sed
3454 3777 3517 3822 ut

1942 3856 2205 3911 mundum
2268 3863 2516 3913 servaret
2548 3856 2615 3911 “.
2656 3875 2675 3909 ι
2720 3857 3014 3913 Terminus
3074 3872 3206 3929 ergo
3258 3857 3516 3914 instantis

1938 3949 2132 4021 judicii
2188 3949 2320 4014 erit,
2375 3957 2438 4005 ut
2493 3949 2753 4020 ejiciatur
2824 3950 2973 4006 foras
3040 3951 3297 4023 princeps
3350 3950 3525 4020 hujus.

1945 4041 2156 4097 mundi.
2185 4041 2341 4099 Unde
2382 4057 2516 4101 vero
2560 4043 2852 4114 ejiciatur?
2895 4059 3091 4116 nempe
3125 4060 3156 4100 e
3204 4045 3515 4115 principatu

1945 4151 2042 4207 per
2072 4136 2180 4190 vim
2215 4146 2395 4206 parto,
2434 4144 2491 4193 et
2536 4151 2569 4194 ο
2614 4152 2783 4209 regno
2814 4138 2967 4193 nullo
3001 4137 3167 4194 modo
3217 4138 3283 4194 ad
3335 4139 3516 4209 ipsum

1942 4229 2270 4299 pertinente.
3592 4216 3597 4219 ’

2015 4317 2127 4386 XII,
2160 4319 2347 4392 52.1%
2371 4337 2471 4392 ego,
2496 4323 2542 4376 si
2569 4321 2839 4378 uallatus
2874 4324 3026 4390 [uena
3050 4332 3267 4391 eterra,
3307 4322 3516 4385 traham

1944 4425 2119 4467 omnes
2146 4410 2221 4471 ad
2248 4426 2350 4464 me.

344 4490 603 4549 Τουτέστι
630 4492 735 4562 (I),
772 4492 848 4564 μὴ
879 4492 942 4564 δὴ
976 4494 1225 4565 κωλύσῃς
1255 4496 1398 4549 ίόντα
1426 4497 1563 4567 πρὸς
1588 4497 1837 4564 θάνατον,

2016 4502 2159 4556 Cave
2185 4517 2253 4557 ne
2283 4518 2369 4557 me
2405 4503 2703 4573 prohibeas
2742 4505 2810 4560 ad
2836 4513 3068 4561 mortem
3106 4505 3368 4572 tendere;
3406 4504 3539 4560 imo.

268 4577 409 4634 αλλὰ
453 4582 885 4649 συγκατανευσων
940 4584 1028 4639 διὰ
1069 4585 1130 4637 τὸ
1169 4586 1301 4638 πᾶσι
1353 4587 1649 4653 λυσιτελές.
1704 4588 1845 4655 Δόξα

269 4671 381 4738 γὰρ
410 4671 645 4740 Χριστοῦ
692 4674 720 4726 0
766 4674 1016 4745 σταυρός.
1065 4675 1355 4741 Δοξάζεται
1401 4679 1458 4731 δὲ
1501 4682 1593 4734 καὶ
1631 4683 1840 4752 Πατὴρ,

270 4761 404 4813 ὅταν
444 4762 697 4832 φαίνηται
740 4765 982 4819 τοιοῦτον
1019 4766 1157 4835 ἔχων
1201 4769 1292 4821 τὸν
1320 4769 1379 4836 ἐξ
1404 4772 1599 4825 ἑαυτοῦ
1627 4774 1842 4827 ὁποίόσ-

271 4868 382 4922 περ
403 4852 665 4925 ὑπάρχειν
693 4855 854 4918 αὐτὸς
882 4857 1205 4917 ὑπονοεῖται.
1236 4861 1391 4919 Ἐστι
1422 4863 1480 4915 δὲ
1513 4864 1716 4932 ἀγαθὸς
1748 4869 1842 4920 καί¹

270 4943 674 5015 φιλάνθρωπος,
703 4946 838 5015 φῶς,
876 4950 967 5001 καὶ
999 4949 1133 5020 ζωὴ,
1160 4952 1253 5006 καὶ
1280 4954 1485 5025 φθορᾶς
1512 4956 1769 5027 ἀμείνων.

343 5118 583 5189 Χριστοῦ
621 5120 804 5190 μέντοι
844 5121 1130 5186 δεδωκότος
1163 5123 1354 5177 ἑαυτὸν
1380 5124 1469 5195 τῷ,
1493 5129 1666 5199 Πατρὶ
1703 5129 1843 5204 ὑπὲρ

270 5208 375 5278 τῆς
422 5209 577 5281 ἡμῶν
632 5213 904 5283 σωτηρίας
954 5212 1028 5277 ὡς
1070 5213 1299 5286 ἄμωμον
1335 5218 1559 5288 ἱερεῖον,
1604 5224 1697 5276 καὶ
1747 5226 1846 5290 τὰς

273 5300 416 5370 ὑπὲρ
448 5302 606 5372 ἡμῶν
639 5306 920 5374 μονονουχὶ
948 5305 1103 5368 δίκας
1135 5306 1428 5371 τιννύντος,
1460 5310 1845 5388 ἐλυτρῴθημεν

269 5390 382 5443 τῶν
412 5393 508 5461 τῆς
537 5396 809 5467 ἁμαρτίας
847 5398 1227 5469 ἐγκλημάτων.
1261 5402 1370 5454 Καὶ
1394 5402 1458 5473 δὴ
1485 5404 1573 5457 ὅτε
1601 5408 1628 5458 0
1653 5406 1755 5480 θὴρ
1781 5412 1845 5464 ἐκ

276 5482 446 5551 μέσου
470 5485 679 5551 γέγονε,
722 5490 816 5542 καὶ
854 5488 1129 5560 καθῃρέθη
1175 5493 1203 5545 0
1245 5492 1526 5565 τύραννος,
1573 5498 1694 5552 τότε
1723 5502 1843 5570 ἄγει

353 5618 396 5651 ’⁵
437 5619 591 5677 Joan.
630 5640 702 5678 xu
729 5668 741 5688 ,
781 5626 871 5687 47.

1947 4595 2134 4665 potius
2180 4595 2469 4661 assentire,
2512 4606 2737 4667 propter
2787 4597 3151 4652 universalem
3198 4595 3513 4651 utilitatem.

1948 4687 2157 4751 Etenim
2197 4686 2370 4757 gloria
2402 4686 2606 4742 Christi
2651 4703 2785 4741 crux
2825 4694 2932 4742 est.
2974 4686 3328 4743 Gloriiicatur
3363 4700 3535 4753 aeque.

1950 4776 2145 4843 Pater,
2192 4793 2319 4831 cum
2380 4778 2543 4833 talem
2612 4776 2813 4831 habere
2872 4776 3070 4829 Filium
3132 4774 3525 4844 cognoscitur,

1948 4869 2128 4939 qualis
2169 4868 2400 4939 ipsemet
2428 4883 2552 4927 esse
2580 4867 2846 4922 creditur.
2877 4865 2973 4921 Est
3012 4872 3193 4918 autem
3230 4864 3427 4927 bonus,
3464 4873 3519 4917 et

1948 4961 2231 5016 hominum
2271 4968 2504 5026 amator,
2538 4960 2807 5024 lux,vita,
2831 4965 2884 5013 et
2919 4957 3163 5027 cujusvis
3197 4956 3536 5024 corruptelae-

1952 5052 2233 5108 immunis.

2020 5143 2157 5199 Cum
2209 5144 2388 5214 igitur.
2416 5141 2672 5197 Christus
2723 5140 2965 5211 seipsum
2996 5139 3147 5194 Patri
3182 5153 3281 5209 pro
3326 5144 3529 5195 nostra.

1947 5237 2190 5290 omnium
2239 5234 2429 5291 salute.
2464 5233 2680 5290 dederit
2704 5234 2857 5290 velut
2909 5231 3319 5288 immaculatam
3363 5228 3519 5284 victi-

1949 5342 2116 5394 mam,
2140 5343 2204 5381 ac
2237 5342 2335 5397 pro
2368 5326 2529 5382 nobis
2554 5340 2745 5396 pmnas
2772 5324 3166 5397 prapemodum
3196 5319 3533 5386 exsolverit,_

1947 5433 1976 5469 a
2012 5417 2217 5487 peccati
2264 5415 2494 5472 crimine
2530 5417 2749 5474 liberati
2783 5431 2998 5473 sumus.
3038 5413 3100 5467 Et
3140 5412 3358 5483 quidem
3389 5424 3516 5462 cum

1947 5510 2059 5563 l'era
2101 5509 2169 5563 de
2206 5507 2383 5563 medio
2412 5494 2634 5569 sublata
2666 5517 2771 5577 est,
2801 5525 2863 5564 ac
2908 5506 3191 5564 coniectus
3222 5512 3537 5575 tyrannus”

348 5753 427 5831 (μ)
461 5758 736 5819 Τουτέστι
764 5807 771 5816 .
798 5804 810 5817 .
843 5802 855 5816 .
884 5801 895 5815 .
922 5766 1195 5829 ἀμείνων.
1229 5762 1301 5821 Ex
1325 5773 1514 5829 catena
1542 5767 1816 5837 Vaticana.

1939 5820 1950 5831 .
1992 5777 2105 5840 I36,
2136 5794 2220 5838 an.
2248 5777 2349 5834 Mai
2383 5780 2417 5835 I.
2449 5782 2483 5836 I.
