4144 6494
613 410 687 476 9’9

1604 396 1663 451 S.
1706 388 1988 449 CYBILLI
2030 380 2501 442 ALEXANDRINI
2539 378 2863 435 ARCHIEP.

3757 361 3875 416 100

620 528 952 601 telligibilem
1012 520 1163 593 regni
1220 518 1314 572 Dei
1375 513 1546 586 gloria
1601 509 1941 578 concipitur,
2005 502 2239 563 δεξεεὶοΑ

2340 499 2504 561 Ξσεως
2532 496 2755 567 νοητῆς,
2780 496 2881 564 τῆς
2904 491 2999 545 τοῦ
3025 486 3161 543 Θεοῦ
3200 481 3478 556 βασιλειας
3502 485 3536 551 ὴ
3562 479 3710 547 δόξα·
3746 481 3783 550 ἡ
3808 480 3878 532 δὲ

2344 590 2393 601 ..ι
2547 589 2560 601 .
2610 589 2623 601 ε
2680 586 2693 601 α
2777 587 2789 601 ο
2843 584 2868 596 ι-
2938 582 3025 601 ᾼιγ.
3071 578 3223 601 -2--.-\
3271 574 3624 601 D-£...--l.-..u
3663 570 3757 601 νηὶ
3808 570 3878 601 ἐν

622 637 751 678 vero
798 622 851 675 in
890 632 978 680 eo,
1016 613 1187 669 veluti
1224 608 1595 663 ﬁrmissimam
1644 601 1707 656 in
1737 603 2006 654 bonorum
2040 595 2192 649 iden-

622 714 781 767 titate
820 709 1117 765 stationem
1164 717 1230 756 ac
1279 698 1625 753 durationem
1672 690 1893 745 videtur
1938 690 2190 743 innuere.

2292 590 2509 651 κάθισις
2537 589 2572 658 ἡ
2606 586 2693 639 ἐπ’
2730 584 2900 652 αὐτῷ,
2928 582 3026 651 τὴν
3064 578 3229 632 οἱονεὶ
3271 574 3624 647 βεϐαιοτάτην
3663 570 3763 623 καὶ
3808 570 3880 621 ὲν

2292 682 2575 750 ταυτότητι
2594 679 2700 731 τῶν
2730 674 2948 743 ἀγαθῶν
2974 669 3180 743 ἵδρυσεν
3200 685 3259 721 τε
3282 667 3377 720 καὶ
3400 661 3663 733 διαμονὴν
3688 660 3880 714 ἔοικεν

626 804 719 859 Sic
750 802 896 857 enim
923 798 1076 853 canit
1100 802 1157 850 'et
1183 791 1404 847 divinus
1441 784 1615 839 David
1649 801 1665 838 :
1706 801 1724 835 ι
1775 780 1918 836 Deus
1954 779 2105 835 sedet
2138 777 2194 830 in

2340 771 2614 842 πώηλοῦν.
2639 769 2846 824 rma
2876 767 2984 838 γὰρ
3011 765 3151 817 οὕτω
3177 763 3268 814 καὶ
3293 761 3323 813 ό
3351 759 3492 820 θεῖος
3522 754 3719 808 Δαϐίδο
3753 772 3773 805 ι
3809 752 3882 805 Ὀ

628 896 767 951 solio
799 899 990 947 sancto
1023 885 1233 956 ejus“.
1276 901 1293 931 ι
1329 880 1394 932 Et
1438 875 1669 948 quidem
1711 875 1878 928 etiam
1932 869 2196 940 propheta

2340 865 2433 928 εὸς
2482 862 2715 933 κάθηται
2759 859 2852 912 ἐπὶ
2904 857 3095 927 θρόνου
3134 852 3289 921 ἁγίου
3342 846 3531 903 αὐτοῦ.
3563 866 3582 898 ι
3619 846 3731 899 Καὶ
3763 843 3884 915 μὴν

629 986 892 1043 Jeremias
936 979 1136 1034 alicubi
1184 975 1249 1028 ad
1317 973 1500 1042 ipsum
1544 969 1669 1022 ait:
1708 982 1727 1017 ι
1770 963 1853 1017 Tu
1904 937 2101 1017 sedens
2142 961 2199 1015 in

2340 957 2393 1009 ai.
2424 958 2453 1008 ό
2502 954 2791 1024 προφήτης
2844 947 3116 1019 Ἱερεμίας
3159 942 3297 1011 πρὸς
3331 940 3494 993 αὐτόν
3543 937 3649 992 πού
3699 950 3879 1005 φησιο

632 1077 912 1136 saeculum,
937 1080 990 1124 et
1010 1080 1110 1124 n05
1132 1073 1425 1136 pereuntes
1456 1062 1509 1114 in
1538 1058 1799 1115 saeculum
1826 1055 1893 1107 ⁵⁷.
1921 1072 1939 1104 ι
1977 1052 2202 1121 Semper

632 1171 779 1224 enim
831 1174 885 1222 et
920 1165 1066 1219 omni
1122 1172 1375 1229 tempore
1413 1152 1795 1224 corruptibilis
1844 1157 1927 1204 est
1965 1155 2018 1203 et
2060 1146 2202 1199 facta

636 1270 856 1322 natura,
886 1267 939 1311 et
970 1255 1155 1311 omnia
1189 1252 1371 1323 genita
1408 1249 1554 1302 intra
1587 1246 1733 1298 hunc
1768 1240 1991 1295 modum
2031 1253 2090 1293 se
2114 1236 2206 1291 ha-

634 1352 785 1405 bent.
811 1346 978 1401 Sedet
1027 1357 1180 1405 vero,
1207 1348 1266 1395 ut
1308 1338 1445 1401 dixi,
1478 1334 1725 1389 omnium
1766 1328 1945 1400 opifex
1981 1333 2035 1381 ct
2075 1340 2206 1395 ope-

636 1443 810 1496 ratrix
867 1437 1182 1507 sapientia,
1232 1432 1286 1486 id
1348 1436 1433 1484 est
1486 1427 1873 1480 inconcussam
1930 1419 2094 1473 habet
2150 1417 2207 1469 in

636 1534 827 1590 eodem
881 1527 1369 1599 perseverantiam.
1397 1518 1499 1574 Vel
1552 1518 1719 1587 igitur
1759 1512 1958 1574 sedere,
1992 1507 2207 1563 Domini

640 1636 897 1680 naturam
936 1617 1232 1688 signiﬁcat,
1278 1613 1364 1667 vel
1397 1624 1627 1680 regnum
1683 1606 1877 1675 ipsius,
1922 1599 2208 1667 Seraphim

646 1718 703 1772 in
738 1714 921 1785 specie
968 1716 1253 1766 serv'oruin
1301 1705 1349 1759 ei
1404 1700 1736 1759 astantibus,
1774 1709 2012 1765 quorum
2056 1692 2212 1759 longe

648 1784 817 1878 supra
858 1817 1050 1858 omnes
1090 1798 1315 1868 angelos
1363 1801 1446 1848 est
1490 1789 1757 1860 dignatio.
1787 1784 2215 1854 lnterpretamur

648 1910 829 1954 autem
881 1893 1165 1963 Seraphim
1210 1888 1363 1943 velut
1419 1879 1774 1937 incendiaria:
1819 1876 1935 1932 sive
1993 1873 2208 1941 inﬂam-

650 1997 853 2043 manter
904 2002 923 2040 :
958 1983 1098 2039 nihil
1148 1980 1293 2035 enim
1346 1974 1608 2045 frigidum
1662 1969 1729 2024 ad
1791 1979 2079 2037 supremas
2123 1977 2218 2033 po-

650 2088 898 2141 testates,
940 2089 1062 2145 qua:
1096 2071 1207 2125 Deo
1261 2067 1528 2138 proximae
1567 2070 1719 2124 sunt,
1776 2058 2014 2113 accedit.
2064 2053 2219 2120 Quod

651 2184 782 2225 vero
816 2166 1105 2236 Serapliim
1137 2162 1239 2215 alis
1262 2159 1519 2227 obtegant
1559 2154 1754 2208 faciem
1781 2157 1835 2206 et
1859 2148 2049 2220 pedes,
2079 2146 2221 2202 dua-

652 2260 865 2325 busque
913 2255 1015 2308 alis
1066 2251 1272 2312 volent,
1304 2248 1525 2314 signum
1577 2254 1664 2297 est
1696 2254 1808 2295 non
1844 2252 2005 2308 posse
2032 2250 2224 2306 quem-

655 2362 819 2422 quam
856 2350 1183 2413 conceptum
1233 2347 1287 2394 et
1340 2336 1613 2390 rationem
1663 2331 1732 2385 de
1770 2329 1905 2393 Deo,
1933 2334 2026 2381 aut
2067 2326 2223 2396 prin-

657 2415 861 2512 cipium
910 2443 1005 2490 aut
1058 2433 1221 2487 linem
1293 2425 1518 2481 intueri.
1556 2422 1730 2491 Caput
1766 2419 1913 2474 enim
1955 2424 2011 2472 et
2051 2415 2224 2470 vultus

658 2506 991 2604 principium
1030 2522 1328 2594 signiﬁcat.
1351 2516 1503 2586 pedes
1529 2528 1659 2568 vero
1686 2510 1848 2565 finem
1876 2526 1888 2562 :
1920 2521 2086 2579 porro
2107 2506 2228 2561 sine

660 2618 936 2694 principio
971 2625 1024 2669 et
1063 2614 1172 2667 ﬁne
1221 2609 1389 2671 Deus,
1423 2613 1477 2660 et
1510 2618 1612 2657 nos
1658 2601 1745 2656 vix
1798 2598 2038 2653 medium
2074 2610 2228 2652 asse-

659 2691 904 2783 quimur,
936 2704 1288 2772 ea,inquam,
1320 2711 1440 2767 qum
1468 2691 1771 2749 secundum
1805 2698 2050 2756 tempora
2078 2692 2228 2747 sunt,

662 2799 971 2860 secundum
1024 2808 1165 2863 quae,
1201 2805 1265 2846 ea
1318 2804 1438 2859 qua:
1478 2781 1774 2854 aliquando
1828 2795 1935 2834 non
1970 2783 2131 2833 erant
2178 2776 2232 2828 in

664 2902 852 2948 rerum
881 2895 1132 2943 naturam
1175 2879 1439 2950 producta
1484 2882 1632 2931 sunt.
1665 2871 1866 2926 Volant
1899 2879 2078 2923 autem
2111 2875 2235 2919 tan-

668 2996 833 3052 quam
878 2977 1017 3033 nihil
1069 2974 1337 3028 habentes
1390 2968 1663 3037 abjectum
1697 2976 1761 3019 ac
1795 2961 2123 3024 demissum,
2150 2963 2239 3010 ut-

671 3046 798 3144 pote
824 3081 1056 3140 quorum
1100 3064 1331 3135 spiritus
1364 3058 1539 3128 magis
1584 3056 1640 3109 in
1689 3052 1921 3107 sublime
1970 3048 2037 3102 ad
2072 3046 2239 3101 Deum

2307 1067 2325 1100 ι
2357 1049 2428 1101 Σὺ
2472 1045 2781 1114 καθήμενος
2814 1043 2894 1103 είς
2923 1039 3016 1092 τὸν
3058 1035 3251 1096 αίῶνα,
3286 1033 3383 1085 καὶ
3434 1032 3595 1100 ἡμεῖς
3636 1024 3883 1082 mue-

2307 1157 2457 1211 μενοι
2496 1139 2575 1199 είς
2597 1136 2688 1188 τὸν
2717 1133 2904 1187 αίῶνα.
2934 1146 2953 1181 ι
2987 1130 3097 1181 Ἀεὶ
3129 1125 3239 1196 γὰρ
3270 1124 3365 1177 καὶ
3394 1124 3451 1175 ὲν
3483 1121 3645 1174 παντὶ
3672 1120 3880 1190 χρόνῳ,

2306 1231 2519 1301 φθαρτή
2550 1228 2610 1282 τέ
2633 1229 2749 1279 ἐστι
2769 1224 2864 1277 καὶ
2892 1218 3231 1289 πεποιημένη
3260 1215 3419 1284 φύσις
3450 1214 3544 1265 καὶ
3567 1212 3678 1263 τῶν
3706 1226 3883 1279 γενη-

2305 1323 2414 1377 τῶν
2446 1324 2504 1374 ὲν
2534 1320 2742 1380 τούτοις
2778 1316 2841 1369 τὸ
2886 1314 3103 1385 μέτρον.
3130 1308 3384 1377 Κάθηται
3420 1305 3501 1367 δὲ,
3541 1303 3619 1365 ὡς
3656 1302 3817 1369 ἔφην,
3844 1301 3882 1369 ἡ

2309 1417 2529 1469 πάντων
2556 1413 2788 1482 τεχνῖτις
2816 1408 2909 1461 καὶ
2940 1400 3268 1475 δημιουργὸς
3299 1395 3483 1465 σοφία,
3518 1390 3667 1447 τούτ¹
3707 1392 3882 1451 ἐστιν,

2309 1509 2604 1577 ἀκλόνητον
2627 1504 2739 1575 ἔχει
2772 1502 2868 1573 τὴν
2898 1500 2956 1552 ὲν
2986 1493 3169 1563 ταυτῷ
3194 1490 3475 1560 διαμονήν.
3500 1487 3574 1539 Ἣ
3611 1484 3792 1539 τοίνυν
3821 1483 3886 1534 τὸ

2312 1573 2627 1668 καθῆσθαι,
2656 1573 2754 1666 τὴν
2787 1591 2879 1646 τοῦ
2916 1588 3184 1643 Δεσπότου
3208 1583 3370 1654 φύσιν
3403 1578 3679 1650 σημαίνει,
3716 1575 3751 1645 ἦ
3782 1573 3885 1642 τὴν

2316 1691 2591 1764 βασιλείαν
2637 1684 2823 1748 αὐτοῦ,
2879 1677 3247 1764 παρεστώτων
3301 1672 3478 1727 αὐτῶν
3533 1671 3590 1723 ὲν
3637 1667 3885 1737 σχήματι

2314 1758 2558 1845 δουλείας
2587 1778 2697 1832 τῶν
2724 1760 2995 1847 Σεραφὶᾷ,
3031 1771 3067 1824 ἃ.
3096 1767 3353 1838 ὑπεράνω
3393 1764 3508 1816 ἐστὶ
3539 1760 3637 1814 καὶ
3663 1758 3884 1826 ὲντιμόδ

2315 1888 2452 1943 τερα
2478 1868 2589 1922 τῶν
2627 1864 2873 1934 ἀγγέλων
2900 1860 3136 1914 πάντων.
3176 1850 3602 1926 Διερμηνεύεται
3623 1848 3680 1901 δὲ
3711 1848 3884 1915 Σερα-

2318 1935 2444 2030 φὶμ,
2480 1953 2838 2027 ἐμπρησταὶ,
2875 1952 2993 2021 ἦτοι
3020 1945 3435 2015 θερμαίνοντες
3457 1957 3473 1972 ’
3513 1939 3724 2010 ψυχρὸν
3773 1935 3887 2005 γὰρ

2317 2022 2472 2105 οὐθέν
2497 2022 2808 2115 παράγεται
2837 2042 2957 2103 ταῖς
2988 2039 3101 2093 ἀνω
3140 2035 3454 2105 δυνάμεσιν,
3488 2031 3655 2099 αἴπερ
3683 2028 3752 2081 ἂν
3775 2022 3889 2080 εἶεν

2323 2142 2559 2213 μάλιστα
2587 2138 2682 2191 καὶ
2723 2134 2891 2202 ἔγγὺς
2917 2130 3072 2185 Θεοῦ.
3110 2125 3386 2197 Σύμϐολον
3426 2122 3486 2176 δὲ
3510 2121 3574 2174 τὺ
3607 2122 3731 2183 ταῖς
3761 2117 3892 2171 arci-

2329 2209 2449 2304 ρυξι
2471 2225 2914 2283 κατακαλύπτειν
2932 2221 3000 2273 τὰ
3020 2217 3225 2289 Σεραφὶ
3234 2232 3293 2285 μ,
3311 2214 3373 2266 τό
3388 2230 3447 2265 τε
3479 2210 3772 2280 πρόσωπον
3795 2209 3891 2260 καὶ

2322 2324 2449 2386 τοὺς
2480 2320 2669 2381 πόδας,
2695 2317 2790 2369 καὶ
2821 2309 3079 2366 πέτεσθαι
3113 2309 3234 2368 ταῖς
3264 2304 3381 2357 δυσὶ
3410 2299 3655 2371 πτέρυξι,
3685 2295 3780 2349 τοῦ
3818 2294 3897 2363 μὴ

2324 2410 2577 2469 δύνασθαί
2618 2425 2769 2469 τινας
2814 2406 2847 2474 ἦ
2897 2401 3071 2472 ἀρχὴν
3125 2399 3158 2468 ἦ
3216 2395 3371 2456 τέλος
3409 2394 3542 2463 όρᾷν
3588 2386 3809 2442 ἐννοιῶν
3862 2400 3897 2454 η

2326 2507 2499 2573 λόγων
2534 2503 2642 2556 τῶν
2686 2500 2815 2568 περ)⁸
2860 2495 3016 2549 Θεοῦ.
3058 2489 3322 2561 Σημαίνει
3362 2486 3473 2555 γὰρ
3514 2484 3615 2552 τὴν
3657 2482 3833 2552 ἀρχὴν
3866 2481 3901 2548 η

2329 2594 2563 2665 κεφαλὴ
2604 2591 2695 2644 καὶ
2726 2591 2785 2642 τὸ
2815 2587 3166 2655 πρόσωπον·
3206 2580 3268 2633 τὸ
3307 2578 3361 2631 δέ
3390 2594 3455 2645 γε
3490 2576 3667 2638 τέλος,
3700 2574 3753 2627 οι
3792 2573 3907 2626 πό-

2330 2689 2461 2753 δες·
2511 2686 2746 2753 ἄναρχον
2785 2679 2891 2750 γὰρ
2917 2677 2977 2730 τὸ
3009 2676 3162 2728 Θεῖον
3194 2672 3289 2725 καὶ
3326 2667 3703 2738 ἀτελεύτητον,
3734 2681 3908 2735 προσ-

2335 2776 2601 2845 ϐάλλομεν
2625 2772 2682 2825 δὲ
2707 2771 2822 2832 τοῖς
2852 2768 2939 2821 διὰ
2973 2766 3138 2836 μέσου
3172 2763 3346 2833 μόλις,
3374 2762 3487 2821 τοῖς
3516 2757 3659 2809 κατά
3681 2772 3747 2823 γε
3777 2754 3911 2815 τοὺς

2334 2868 2561 2940 χρόνους
2591 2862 2733 2935 φημί
2752 2879 2766 2894 ’
2790 2860 2911 2915 καθ’
2946 2858 3036 2920 οὓς
3065 2856 3132 2909 τὰ
3164 2852 3265 2907 οὒκ
3292 2852 3424 2905 ὄντα
3458 2849 3588 2903 ποτὲ
3617 2845 3913 2919 παρήχθη⁶

2339 2935 2437 3013 σαν
2467 2957 2603 3028 πρὸς
2633 2952 2891 3021 ὓπαρξιν.
2921 2945 3183 3002 Πέτονταί
3208 2959 3272 3011 γε
3310 2942 3417 3013 μὴν
3454 2940 3531 3003 ὼς
3566 2937 3721 2991 οὐδὲν
3753 2935 3913 3005 ἔχον-

2339 3068 2430 3114 τες
2462 3027 2524 3103 τό
2554 3042 3025 3114 κατερῤιμμένον·
3063 3036 3199 3106 ὑψοῦ
3238 3035 3293 3087 δὲ
3328 3032 3526 3103 μᾶλλον
3558 3030 3647 3085 ἀεὶ
3676 3028 3740 3082 τδ
3779 3027 3919 3098 φρόο

672 3119 796 3144 l'"'
831 3119 952 3140 1""
975 3119 999 3121 "
1134 3119 1149 3135 I
1457 3119 1484 3128 ν

672 3163 867 3219 tendit.
914 3158 1024 3213 Nec
1054 3157 1200 3211 enim
1253 3150 1422 3207 sicuti
1470 3162 1570 3202 nos
1604 3153 1822 3200 terrena
1870 3141 2113 3211 sapiunt,
2144 3136 2239 3192 sed

2341 3160 2489 3214 νημα
2520 3140 2655 3210 πρὸς
2682 3136 2833 3190 Θεόν.
2865 3133 2940 3186 Οὐ
2973 3130 3082 3200 γάρ
3104 3145 3185 3180 τοι
3210 3126 3343 3196 πρὸς
3370 3125 3519 3193 ἡμᾶς
3551 3119 3813 3192 φρονοῦσι
3846 3120 3919 3173 τὰ

674 3254 731 3309 in
756 3249 1088 3322 quibusdam
1120 3258 1230 3299 non
1261 3237 1589 3296 enarrandis
1619 3232 2050 3303 speculationum
2086 3227 2241 3283 fasti-

672 3346 781 3416 giis
808 3358 871 3395 ac
900 3335 1340 3396 sublimitatibus
1390 3341 1663 3399 supremae
1715 3323 1975 3394 potentiae
2006 3330 2240 3375 mentem

673 3409 997 3501 occupatam
1029 3426 1255 3480 habent.
1282 3419 1357 3474 0s
1397 3419 1563 3473 etiam
1592 3415 1674 3469 eis
1704 3411 1959 3466 laudibus
1984 3419 2037 3463 et
2060 3409 2243 3463 faven-

676 3498 1321 3577 tium—acclamationibus
1345 3512 1607 3577 personat
1630 3521 1645 3558 :
1667 3501 1871 3571 quippe
1899 3499 1993 3554 Dei
2014 3498 2246 3569 gloriam

675 3613 1002 3669 concinnnt.
1037 3608 1199 3675 idque
1230 3599 1479 3663 alternis,
1524 3610 1637 3650 non
1661 3593 1807 3661 quod
1848 3590 2125 3652 fatiscant,
2146 3587 2248 3643 sed

680 3704 914 3760 invicem
997 3696 1157 3768 7n
1246 3690 1350 3747 sibi
1409 3688 1676 3741 honorem
1730 3680 2138 3741 concedentes,
2196 3682 2251 3729 et

683 3796 853 3851 Deum
886 3766 1145 3845 laudandi
1174 3784 1350 3840 vicem
1372 3778 1478 3833 sibi
1502 3786 1695 3831 mutuo
1722 3772 2003 3827 tradentes
2032 3784 2045 3821 :
2069 3766 2252 3822 omnia

682 3888 829 3944 enim
861 3884 917 3936 in
959 3879 1155 3933 ordine
1209 3888 1330 3944 qua:
1379 3882 1547 3939 supra
1592 3872 1743 3922 sunt.
1779 3861 1886 3916 Ter
1915 3874 2047 3914 vero
2097 3857 2252 3920 illud,

686 3985 945 4036 sanctas,
980 3971 1228 4025 dicentes
1286 3961 1627 4018 concludunt
1689 3953 2142 4027 gloriﬁcationem
2198 3952 2255 4006 in

688 4070 814 4131 hoc,
848 4084 867 4118 ι
913 4061 1177 4116 Dominus
1209 4054 1473 4117 Sabaoth,
1519 4070 1538 4103 ι
1577 4050 1633 4103 in
1665 4061 1774 4101 una
1807 4052 2019 4098 natura:
2055 4041 2257 4096 deitate

687 4167 941 4216 sanctam
980 4151 1309 4205 Trinitatem
1345 4146 1706 4201 collocantes.
1754 4137 2065 4193 Subsistere
2112 4134 2257 4188 enim

692 4267 821 4307 vere
854 4248 1092 4303 dicimus
1124 4243 1363 4303 Patrem,
1409 4238 1491 4293 sic
1533 4244 1589 4291 et
1641 4232 1863 4295 Filium,
1894 4240 1947 4285 et
1997 4227 2259 4298 Spiritum

693 4352 975 4404 sanctum,
1004 4353 1105 4392 nec
1136 4337 1244 4390 ulla
1280 4332 1424 4387 ratio
1461 4330 1514 4381 in
1562 4324 1937 4380 diversitatem
1978 4318 2260 4389 physicam

695 4436 886 4493 divisit
918 4439 1364 4499 unumquemque
1422 4418 1897 4489 supradictorum,
1926 4411 2023 4467 sed
2060 4410 2119 4464 in
2165 4409 2263 4462 tri-

695 4529 827 4601 plici
868 4520 1152 4597 bypostasi
1184 4531 1291 4571 una
1319 4514 1499 4568 deitas
1529 4507 1873 4577 intelligitur.

768 4613 1237 4687 Quemadmodum
1279 4607 1425 4662 enim
1465 4603 1633 4658 carbo
1672 4607 1867 4654 natura
1904 4596 2107 4666 lignum
2146 4604 2264 4655 est,

696 4723 751 4769 et
779 4685 979 4780 alioqui
1011 4713 1161 4760 totus
1192 4716 1288 4772 per
1320 4706 1495 4753 totum
1530 4695 1653 4765 igne
1683 4691 1877 4752 plenus
1903 4695 2019 4750 est,
2039 4685 2269 4755 ejusque

698 4806 807 4859 vim
850 4817 913 4856 ac
959 4796 1255 4854 eﬁicaciam
1293 4791 1487 4853 habet,
1529 4786 1607 4838 sic
1633 4790 1687 4837 et
1720 4779 1955 4835 Verbum
1996 4775 2140 4846 ignis
2176 4789 2272 4828 ex—

700 4898 905 4954 sistens
940 4900 999 4945 ut
1033 4889 1177 4943 Deus
1198 4928 1212 4951 ,
1244 4902 1263 4935 ι
1296 4882 1500 4935 factum
1531 4886 1616 4932 est
1647 4888 1804 4936 caro,
1833 4882 1887 4927 et
1919 4866 2187 4924 habitavit
2215 4866 2271 4920 in

703 4986 881 5041 nobis.
913 5002 931 5034 ι
960 4980 1070 5033 Etsi
1116 4989 1248 5029 vero
1274 4968 1718 5039 conspiciebatur
1756 4963 1921 5016 homo
1967 4958 2142 5011 instar
2174 4971 2272 5009 no-

704 5087 877 5133 strum
902 5090 967 5128 ex
999 5064 1424 5139 dispensationis
1457 5060 1668 5122 ordine,
1693 5064 1933 5109 attamen
1965 5065 2125 5105 omne
2156 5047 2273 5103 dei-

706 5170 833 5222 tatis
859 5163 1319 5233 complementum
1350 5156 1403 5208 in
1435 5167 1500 5207 eo
1525 5149 1840 5211 residebat,
1874 5143 2133 5198 nimirum
2179 5155 2277 5211 per

709 5258 929 5314 nnionis
969 5252 1211 5307 modum.
1264 5246 1475 5300 idcirco
1513 5241 1676 5296 etiam
1718 5252 1812 5307 per
1855 5249 2011 5290 suam
2056 5246 2273 5287 carnem

710 5349 819 5403 Deo
871 5344 1226 5416 dignissimas
1276 5337 1479 5391 habere
1516 5331 1763 5386 cernitur
1802 5326 2172 5397 Operationes.
2217 5323 2274 5377 Si

711 5455 840 5496 vero
870 5438 1088 5491 dicatur
1122 5430 1335 5500 forcipe
1366 5426 1527 5495 capi,
1587 5421 1863 5489 intelliges
1914 5418 2190 5486 eleganter
2222 5423 2278 5469 et

714 5532 942 5593 urbane,
970 5542 1071 5582 nos
1104 5525 1251 5579 circa
1284 5535 1409 5575 eum
1437 5514 1595 5570 ﬁdem
1622 5527 1687 5566 ac
1715 5510 1963 5565 notitiam
1997 5509 2143 5563 velut
2179 5506 2279 5559 ali-

713 5637 820 5694 qua
850 5620 1079 5690 forcipe,
1117 5629 1212 5685 per
1234 5610 1437 5678 legales
1467 5602 1630 5659 simul
1664 5608 1719 5655 et
1755 5599 2101 5669 propheticas
2124 5595 2281 5651 insti-

714 5714 979 5777 tutiones,
998 5688 1127 5762 sive
1154 5698 1539 5773 praedictiones
1570 5700 1623 5746 et
1648 5688 1981 5745 testimonia.

790 5828 836 5860 "
874 5824 1021 5881 Psal.
1054 5834 1215 5881 τινι,
1249 5815 1335 5871 19.
1416 5810 1459 5842 ⁸⁷
1500 5805 1709 5860 Barnch
1743 5818 1840 5867 ιιι,
1876 5800 1929 5852 5.

2341 3211 2525 3290 κατω’
2558 3230 2673 3285 ἀλλ’
2710 3230 2768 3280 ὲν
2804 3224 3143 3296 ἀπορρήτοις
3181 3221 3323 3272 τισὶν
3361 3215 3649 3286 ύψώμασιν
3694 3211 3922 3264 ἐννοιῶν

2341 3328 2398 3380 αἱ
2425 3324 2700 3379 ἀνώταται
2734 3318 3013 3387 δυνάμεις,
3053 3314 3144 3365 τὸν
3180 3310 3380 3365 οἰκεῖον
3422 3308 3603 3377 ἔχουσι
3636 3305 3782 3359 νοῦν.
3814 3304 3916 3357 Εὔα

2344 3434 2418 3486 φη
2429 3431 2526 3484 μον
2556 3413 2613 3466 δὲ
2643 3411 2737 3465 καὶ
2759 3409 2820 3461 τὸ
2845 3407 3019 3477 στόμα
3044 3405 3225 3465 αὐτοῖς
3243 3418 3257 3431 ⁸
3286 3397 3628 3466 δοξολογοῦσι
3656 3396 3793 3466 γὰρ,
3824 3396 3923 3447 καὶ

2345 3485 2503 3561 τούτο
2540 3505 2599 3570 ἐξ
2624 3500 2884 3573 ἀμοιϐῆς,
2908 3499 2968 3551 οὐ
2994 3496 3081 3549 διά
3111 3512 3173 3563 γε
3201 3494 3263 3546 τὸ
3288 3494 3538 3559 κάμνειν,
3564 3485 3925 3558 παραχωροῦ-

2350 3614 2441 3650 σαι
2475 3594 2671 3666 μᾶλλον
2693 3591 2794 3653 τὰς
2822 3588 2988 3659 τιμὰς
3019 3584 3296 3654 ἀλλήλαις,
3329 3580 3426 3634 καὶ
3454 3576 3923 3647 ἀντιδωρούμεναι

2348 3689 2447 3751 τάς
2474 3684 2806 3752 δοξολογίαςὶ
2841 3683 3018 3735 πάντα
3045 3678 3155 3747 γὰρ
3191 3676 3248 3727 ὲν
3289 3673 3480 3741 κόσμῳ
3509 3670 3577 3723 τὰ
3628 3666 3763 3721 ἄνω.
3788 3666 3927 3736 Τρὶς

2351 3781 2408 3834 δὲ
2437 3780 2518 3842 τὸ,
2543 3778 2707 3846 ἅγιος
2758 3773 3028 3840 λέγοντες,
3068 3764 3448 3821 κατακλείουσι
3475 3761 3574 3830 τὴν
3616 3754 3927 3824 δοξολογίαν

2354 3871 2433 3932 είς
2466 3868 2547 3929 τὸ,
2598 3885 2614 3916 ι
2642 3863 2843 3933 Κύριος
2877 3856 3127 3918 Σαϐαὼθ,
3160 3874 3177 3907 ι
3229 3857 3287 3907 ὲν
3324 3853 3419 3923 μιᾷ
3450 3849 3664 3918 φύσεως
3711 3846 3929 3914 θεότητι

2354 3960 2455 4031 τὴν
2486 3958 2644 4025 ἁγίαν
2676 3954 2914 4014 τιθέντες
2958 3948 3182 4020 Τριάδα.
3224 3943 3552 4012 Ὑφεστάναι
3590 3940 3701 4009 γὰρ
3738 3937 3931 4009 όμολο·

2357 4028 2637 4122 γουμένως
2666 4045 2843 4115 φαμὲν
2872 4042 2962 4094 τὸν
2998 4040 3238 4108 Πατέρα,
3261 4035 3403 4087 οὓτω
3425 4032 3483 4086 δὲ
3521 4032 3614 4084 καὶ
3657 4031 3750 4082 τὸν
3780 4028 3929 4093 Υίδν,

2359 4121 2456 4197 καὶ
2481 4141 2544 4193 τὸ
2577 4137 2801 4205 Πνεῦμα
2831 4134 2891 4186 τὸ
2921 4132 3095 4199 ἅγιον,
3137 4129 3233 4180 καὶ
3267 4126 3426 4193 λόγος
3455 4123 3629 4184 οὐδεὶς
3657 4121 3934 4191 διατέμνει

2359 4237 2495 4307 πρὸς
2522 4234 2815 4302 ἑτερότητα
2840 4223 3074 4295 φυσικὴν
3103 4221 3211 4273 τῶν
3250 4215 3655 4286 ὠνομασμένων
3680 4212 3935 4272 ἕκαστον,

2363 4328 2478 4382 ἀλλ’
2510 4326 2568 4379 ὲν
2595 4320 2930 4376 ὑποστάσεσι
2960 4313 3109 4387 τρισὶ
3136 4314 3339 4365 νοεῖται
3381 4309 3479 4380 μία
3510 4306 3722 4375 θεότης.

2292 4506 2338 4560 D

2444 4590 2654 4656 Ὥσπερ
2682 4583 2789 4653 γὰρ
2806 4584 2835 4634 ό
2861 4576 3084 4649 ἄνθραξ,
3107 4576 3174 4644 τῇ
3212 4571 3373 4643 φύσει
3414 4567 3573 4635 ξύλον
3612 4565 3729 4619 ἐστὶ
3749 4604 3764 4629 ,
3798 4563 3944 4633 πλὴν

2373 4677 2492 4738 ὅλος
2512 4675 2577 4727 δι’
2598 4651 2721 4725 ὅλου
2762 4651 3106 4739 μεμέστωται
3142 4660 3239 4714 τοῦ
3284 4657 3475 4729 πυρὸς,
3516 4656 3611 4709 καὶ
3636 4653 3737 4723 τὴν
3778 4651 3945 4707 αὐτοῦ

2372 4770 2602 4837 δύναμιν
2632 4764 2726 4818 καὶ
2774 4760 3058 4829 ἐνέργειαν
3096 4754 3229 4824 ἔχει,
3267 4751 3409 4804 οὕτω
3438 4748 3532 4801 καὶ
3558 4747 3587 4799 ό
3629 4746 3802 4812 Λόγος
3836 4743 3948 4813 πῦρ

2373 4862 2469 4923 ὢν,
2498 4860 2571 4923 ὡς
2592 4857 2744 4921 Θεὸς,
2774 4874 2791 4907 ι
2810 4853 3002 4922 γέγονε
3026 4847 3181 4917 σὰρξ,
3204 4844 3299 4898 καὶ
3327 4842 3637 4912 ἐσκήνωσεν
3658 4840 3716 4891 ὲν
3743 4838 3901 4907 ἡμῖν.
3924 4856 3945 4887 ι

2388 4953 2529 5007 Ἀλλ’
2560 4953 2611 5005 εί
2648 4950 2742 5002 καὶ
2769 4942 2838 5016 ἦν
2870 4942 2987 4996 καθ’
3016 4941 3161 5011 ἡμᾶς
3191 4934 3467 5007 ὁρώμενος
3488 4930 3775 5002 ἄνθρωπος
3806 4929 3950 4981 obto-

2379 5042 2639 5114 νομικῶς,
2675 5039 2787 5092 ἀλλ’
2822 5030 2913 5089 οὖν
2948 5033 3092 5086 ἅπαν
3123 5029 3185 5082 τὸ
3230 5028 3329 5097 τῆς
3372 5024 3628 5092 θεότητος
3674 5018 3955 5089 πλήρωμα

2383 5109 2701 5204 κατῴκησεν
2740 5130 2797 5181 ὲν
2816 5125 2980 5194 αὐτῷ,
3014 5121 3155 5176 κατά
3189 5119 3253 5188 γέ
3286 5134 3431 5187 φημι
3457 5116 3549 5167 τὸν
3579 5113 3678 5183 τῆς
3704 5109 3955 5171 ἑνώσεως

2379 5230 2602 5299 τρόπον.
2632 5220 2821 5291 Ταύτῃ
2847 5234 2929 5270 τοι
2958 5215 3053 5269 καὶ
3077 5214 3164 5266 διὰ
3189 5212 3289 5279 τῆς
3323 5210 3459 5272 ιδίας
3482 5205 3704 5276 σαρκὸς,
3725 5204 3956 5271 θεοπρε-

2382 5291 2656 5378 πεστὰτας
2704 5314 2843 5383 ἔχων
2872 5311 3067 5381 ὁρᾶται
3095 5307 3193 5368 τὰς
3233 5302 3535 5375 ἐνεργείας.
3571 5298 3634 5350 Ei
3661 5295 3718 5347 δὲ
3769 5293 3834 5363 δὴ
3866 5291 3955 5344 λέ-

2384 5424 2533 5477 γοιτο
2576 5408 2642 5475 τῇ
2667 5381 2843 5455 λαϐίδι
2874 5396 3264 5469 λαμϐάνεσθαι,
3304 5392 3554 5459 συνήσεις
3584 5384 3843 5445 ἀστείως,
3874 5381 3957 5433 ὅτι

2385 5465 2485 5567 τὴν
2518 5465 2782 5560 ἐπ”αύτῷ
2809 5465 2988 5541 πίστιν
3018 5484 3112 5538 καὶ
3134 5482 3333 5549 γνῶσιν
3352 5476 3606 5543 καθάπερ
3631 5469 3739 5523 τινὶ
3780 5465 3959 5521 λαϐίδι

2387 5559 2674 5655 δεγόμεθα,
2706 5559 2795 5634 διὰ
2825 5576 3069 5647 νομικῶν
3087 5591 3146 5626 τε
3178 5572 3291 5640 ἃμα
3312 5569 3407 5622 καὶ
3439 5559 3798 5637 προφητικῶν
3830 5573 3959 5611 παι-

2386 5678 2686 5749 δευμάτων,
2721 5674 2839 5742 ἦτοι
2871 5664 3324 5740 προαγορεύσεων
3353 5659 3448 5713 καὶ
3479 5650 3818 5726 μαρτυριῶν.
