4144 6472
1369 353 1437 408 IN
1464 351 1746 409 JOANNIS
1783 351 2231 413 EYANGELIUM
2267 353 2396 410 LIB.
2422 354 2513 412 IX.

3442 359 3550 422 100

884 689 1061 778 ΕΙΣ
1129 689 1280 774 ΤΟ
1337 687 1635 776 ΚΑΤΑ
1707 688 2211 775 ΙΩΑΝΝΗΝ
2283 688 2980 780 ΕΥΑΓΓΕΛΙΟΝ

1670 896 2108 986 ΒΙΒΛΙΟΝ
2183 895 2309 988 Θ’.

673 1285 792 1375 ΙΝ
871 1279 1381 1375 JOANNIS
1451 1280 2240 1374 EVANGELIUM
2321 1282 2678 1370 LIBER
2760 1279 3208 1372 NONUS.

1891 1499 1955 1514 ,Ὀ

383 1658 505 1712 Ὅτι
521 1657 634 1726 ἐγὼ
658 1657 728 1720 ἐξ
759 1657 1017 1726 ἐμαυτοῦ
1042 1658 1154 1710 οὐκ
1184 1660 1481 1723 ελαλησα,
1521 1657 1660 1712 ἀλλ’
1686 1660 1719 1712 ό
1742 1659 1883 1728 πέμ-

2061 1655 2224 1726 715
2251 1653 2344 1708 XII
2365 1696 2379 1720 ,
2421 1656 2524 1718 49,
2554 1653 2641 1707 50.
2675 1652 2815 1719 Quia
2849 1668 2940 1722 ego
2969 1667 3034 1706 ex
3074 1652 3267 1719 meipso
3298 1667 3403 1706 non
3439 1667 3556 1706 sunt

311 1751 436 1814 9a;-
454 1762 532 1814 με
552 1743 774 1812 Πατὴρ,
792 1747 972 1810 αὑτός
987 1761 1088 1813 μοι
1110 1745 1370 1814 ἐντολὴν
1383 1745 1626 1810 δέδωκε,
1654 1748 1711 1801 τι
1735 1749 1881 1801 εἴπω

1989 1749 2231 1811 (acutus;
2263 1746 2352 1801 sed
2395 1747 2484 1817 qui
2521 1747 2663 1799 misit
2693 1761 2770 1799 me
2807 1742 2989 1809 Pater,
3035 1743 3143 1812 ipse
3177 1743 3304 1796 mihi
3334 1743 3558 1796 utenda-

307 1838 406 1890 καί
430 1837 490 1890 τι
513 1836 784 1902 λαλήσω,
810 1836 910 1890 καί
953 1832 1085 1890 οἶδα
1127 1837 1216 1890 ὅτι
1258 1840 1296 1906 ἡ
1325 1838 1543 1907 ἐντολὴ
1583 1839 1737 1907 αὕτη
1765 1837 1878 1906 ζωὴ

301 1927 544 1994 αίώνιός
597 1929 799 1982 ἐστιν·
838 1929 877 1983 d
934 1925 1050 1984 οὖν
1100 1929 1268 1986 λαλῶ
1294 1930 1428 1997 ἐγὼ,
1467 1930 1662 1998 καθὼς
1680 1931 1880 2000 εἴρηκέ

297 2039 401 2090 μοι
431 2024 465 2076 ό
494 2021 724 2090 Πατὴρ,
755 2022 948 2088 οὕτως
973 2021 1160 2076 λαλῶ.

376 2113 469 2176 Είς
491 2112 795 2183 ἀνάμνησιν
852 2114 974 2182 ἄγει
1016 2114 1108 2166 τὸν
1150 2113 1260 2167 τῶν
1299 2112 1569 2167 Ἰουδαίων
1606 2112 1733 2166 λαὸν
1770 2113 1878 2168 τῶν

299 2201 391 2256 διὰ
417 2204 661 2268 Μωσέως
685 2205 1225 2276 προκεκηρυγμένων
1245 2203 1374 2274 περὶ
1392 2205 1578 2266 αὑτοῦ,
1607 2203 1878 2275 ύποπλήτ-

303 2311 384 2347 τει
429 2294 488 2346 δὲ
540 2295 632 2346 διὰ
679 2294 882 2347 τούτων
917 2293 1155 2363 εὐφυῶς,
1187 2292 1282 2346 καὶ
1307 2293 1405 2362 τὴν
1427 2291 1652 2345 ἐνοῦσαν
1695 2293 1879 2356 αὐτοῖς

305 2384 626 2454 ἀνοσιότητα
674 2384 1060 2454 παραδεικνὺς,
1111 2383 1404 2452 ἁπελέγχει
1445 2383 1652 2450 σαφῶς,
1693 2383 1766 2448 ὡς
1796 2384 1879 2437 ούο

306 2474 416 2538 δεὶς
439 2475 620 2538 αὐτοῖς
647 2474 802 2543 λόγος
829 2475 921 2528 τοῦ
953 2478 1044 2527 καὶ
1081 2475 1160 2537 είς
1179 2474 1338 2527 αὑτὸν
1363 2475 1764 2545 ἑμπαροινῆσαι
1789 2475 1880 2528 τὸν

307 2566 497 2635 νόμον,
538 2566 714 2619 καίτοι
744 2566 983 2620 δεδόσθαι
1037 2565 1393 2620 πιστευθέντα
1453 2565 1604 2636 παρὰ
1627 2566 1781 2621 Θεοῦ.
1814 2567 1880 2620 Τί

303 2657 414 2728 γὰρ
437 2656 540 2726 ἔφη
575 2656 663 2710 διὰ
701 2657 946 2720 Μωσέως
997 2659 1126 2727 περὶ
1163 2657 1421 2729 Χριστοῦ,
1472 2659 1750 2728 γνώριμον
1778 2659 1878 2729 μὲν

300 2746 529 2812 ἅπασιν,
587 2749 696 2819 ἐρῶ
759 2749 803 2801 δ’
845 2745 938 2802 οῦν
985 2751 1134 2818 ὅμως
1189 2749 1276 2802 διὰ
1330 2751 1427 2821 τήν
1475 2750 1570 2804 τοῦ
1611 2753 1879 2823 νοήματος

299 2837 494 2909 χρείαν
517 2853 531 2865 ’
575 2855 594 2888 t
634 2838 922 2908 Προφήτην
950 2837 1237 2907 ἀναστήσω
1264 2839 1446 2902 αὐτοῖς
1462 2841 1528 2893 ὲκ
1561 2842 1730 2912 μέσου
1770 2843 1876 2895 τῶν

300 2928 546 2998 ἀδελφῶν
567 2928 766 2992 αὐτῶν,
827 2928 1014 2998 ὥσπερ
1047 2930 1129 2991 σὲ,
1172 2949 1190 2982 ι
1222 2930 1366 2983 τοῦτ’
1410 2931 1524 2984 ἔστι
1580 2931 1876 3004 νομοθέτην

1988 1848 2098 1892 tum
2127 1839 2274 1893 dedit
2314 1839 2439 1909 quid
2467 1838 2668 1902 dicam,
2695 1847 2745 1891 et
2779 1838 2903 1907 quid
2942 1838 3157 1904 loquar;
3200 1848 3251 1891 et
3277 1838 3388 1892 scio
3432 1837 3560 1904 quia

1986 1932 2300 1986 mandatum
2346 1931 2458 1998 eius
2486 1931 2593 1984 vita
2629 1939 2824 1984 (eterna
2861 1940 2940 1985 est
2979 1945 2999 1983 .°
3045 1946 3162 1999 qua:
3198 1946 3320 2000 ergo
3352 1929 3558 1998 loquor,

1985 2024 2124 2078 sicut
2170 2023 2306 2076 dixit
2349 2023 2476 2076 mihi
2509 2022 2692 2086 Pater,
2736 2023 2812 2076 sic
2853 2024 3052 2091 loquor.

2053 2112 2370 2167 Judaeorum
2405 2113 2606 2183 populo
2633 2120 2854 2166 revocat
2898 2115 2952 2165 in
2985 2109 3303 2166 memoriam
3346 2124 3408 2164 ea
3439 2124 3560 2179 quae
3651 2181 3655 2184 .

1985 2203 2054 2259 de
2084 2220 2143 2260 se
2187 2220 2218 2259 a
2249 2203 2400 2260 Mose
2431 2203 2691 2276 praedicta
2725 2215 2876 2266 sunt,
2914 2211 2970 2258 et
3005 2218 3101 2272 per
3147 2202 3260 2257 haec
3295 2216 3392 2256 eos
3434 2215 3560 2270 per-

1985 2295 2227 2363 stringit,
2256 2294 2589 2364 insitamque
2606 2294 2688 2350 eis
2719 2293 3048 2363 impietatem
3069 2291 3392 2360 designans,
3413 2290 3562 2344 clare

1985 2387 2164 2457 arguit
2194 2387 2332 2441 nihil
2363 2386 2445 2444 eis
2469 2401 2616 2442 cura:
2647 2402 2772 2442 esse
2809 2387 3229 2441 temulentorum
3273 2399 3422 2438 more
3456 2383 3561 2451 legi

1987 2478 2234 2541 illudere,
2265 2479 2517 2548 quamvis
2547 2495 2577 2534 a
2612 2478 2723 2532 Deo
2751 2478 2911 2532 data’.
2953 2477 3110 2531 Patet
3135 2477 3278 2531 enim
3300 2475 3561 2530 omnibus

1987 2570 2116 2640 quid
2147 2586 2242 2640 per
2273 2569 2458 2626 Mosen
2485 2571 2552 2625 de
2581 2570 2806 2625 Christo
2841 2569 3061 2633 dixerit,
3092 2569 3224 2622 illud
3252 2577 3434 2623 tamen
3476 2567 3560 2620 ai-

1986 2659 2182 2726 feram,
2215 2661 2282 2715 ad
2313 2660 2601 2714 clariorem
2628 2660 2733 2714 loci
2756 2659 3174 2728 explicationem
3209 2676 3222 2710 :
3258 2677 3279 2708 ‹
3319 2656 3561 2726 Prophe-

1986 2763 2094 2808 tam
2129 2753 2415 2808 suscitabo
2453 2752 2534 2807 eis
2563 2767 2629 2807 ex
2661 2750 2928 2806 fratribus
2968 2765 3181 2814 eorum,
3211 2751 3356 2805 sicut
3400 2758 3496 2806 te:
3533 2769 3552 2801 ι

1984 2844 2040 2898 id
2080 2853 2165 2898 est
2203 2844 2570 2912 legislatorem
2609 2849 2665 2897 et
2698 2841 3052 2897 mediatorcm
3111 2843 3254 2895 inter
3296 2841 3465 2896 Deum
3505 2853 3561 2897 et

1985 2933 2234 2990 homines
2266 2934 2309 2965 “
2361 2952 2374 2988 :
2422 2951 2441 2984 ι
2480 2943 2535 2987 et
2562 2933 2705 2987 dabo
2731 2932 2954 2987 verbum
2989 2946 3168 2986 meum
3195 2931 3248 2984 in
3277 2946 3372 2985 ore
3409 2930 3553 3000 ejus,

301 3023 398 3076 καὶ
427 3021 654 3092 μεσίτην
721 3021 856 3074 Θεοῦ
901 3021 994 3073 καὶ
1028 3021 1333 3094 ἀνθρώπων
1369 3040 1382 3055 ’
1419 3042 1440 3076 ι
1474 3024 1567 3076 καὶ
1621 3023 1778 3078 δώσω
1818 3025 1878 3077 τὸ

1989 3032 2035 3079 et
2065 3025 2319 3094 loquetur
2363 3025 2444 3081 eis
2485 3025 2789 3079 secundum
2844 3021 2992 3094 qttod
3054 3022 3326 3076 mandabo
3370 3021 3443 3076 ei.
3491 3021 3560 3075 Et

305 3113 459 3184 ῥῆμά
489 3131 592 3184 μου
615 3114 674 3165 ὲν
698 3111 777 3182 τῷ
830 3113 1057 3184 στόματι
1093 3113 1280 3177 αὑτοῦ,
1313 3115 1410 3168 καὶ
1446 3113 1667 3187 λαλήσει
1696 3116 1882 3180 αὐτοῖς

306 3204 492 3258 καθότι
515 3203 581 3258 ἂν
601 3204 921 3275 ὲντείλωμαι
949 3204 1119 3276 αὐτῷ.
1150 3205 1261 3258 Καὶ
1290 3206 1319 3258 ό
1344 3206 1629 3277 ἄνθρωπος
1654 3207 1879 3269 ἐκεῖνος,

303 3296 363 3360 ὃς
410 3296 475 3350 ἂν
529 3295 604 3366 μὴ
660 3295 869 3368 ἀκούσῃ
925 3296 1025 3349 ὅσα
1059 3295 1124 3349 ἂν
1159 3296 1369 3370 λαλήσῃ
1403 3297 1431 3348 ό
1473 3299 1760 3368 προφήτης
1789 3299 1883 3351 ἐπὶ

302 3386 383 3457 τῷ
400 3386 626 3458 ὀνόματί
655 3400 781 3455 μου,
803 3384 912 3455 ἐγὼ
937 3386 1207 3455 ἐκδικήσω
1232 3387 1292 3450 ἐξ
1327 3385 1512 3438 αὑτοῦ.
1541 3405 1559 3438 ι
1595 3387 1684 3440 Ἑν
1704 3385 1884 3456 ταυτῷ

301 3477 594 3547 τοιγαροῦν
656 3478 686 3528 ὁ
733 3476 938 3546 Κύριος
980 3475 1135 3545 ἡμῶν
1170 3475 1382 3546 Ἰησοῦς
1432 3477 1460 3528 ό
1506 3476 1739 3546 Χριστος
1790 3475 1884 3528 τὸν

303 3569 544 3634 ἀλαζόνα
569 3567 678 3621 τῶν
725 3567 994 3621 Ἰουδαίων
1035 3565 1248 3620 εὐθύνει
1276 3567 1471 3636 δῆμον,
1499 3567 1575 3628 ὼς
1609 3566 1704 3620 καὶ
1735 3567 1884 3638 αὐτῷ

304 3661 618 3732 μαχόμενον
645 3659 720 3730 τῷ
779 3658 898 3730 Θεῷ
941 3657 1038 3712 καὶ
1099 3659 1296 3730 Πατρὶ,
1331 3658 1423 3712 καὶ
1467 3658 1532 3711 δι’
1565 3651 1639 3713 ὧν
1667 3658 1885 3730 ιντολὴν

304 3751 588 3822 είληφὲναι
639 3751 787 3818 λέγει
823 3749 949 3818 παρ’
975 3748 1167 3811 αὑτοῦ,
1195 3749 1290 3802 καὶ
1312 3748 1404 3817 ἀφ’
1440 3748 1633 3802 ἑαυτοῦ
1685 3748 1760 3819 μή
1787 3749 1884 3802 λα·-

305 3843 446 3908 λεϊν,
475 3842 664 3896 ἑαυτὸν
683 3843 812 3896 ὄντα
844 3842 939 3894 τὸν
980 3842 1266 3911 προφήτην
1299 3840 1624 3894 ἐπιδεικνύει
1677 3841 1884 3910 σαφῶς,

303 3935 400 3990 τον
425 3934 514 3988 διὰ
545 3934 710 4003 νόμου
763 3931 1170 4004 προσθώμενον,
1224 3931 1318 3984 καὶ
1347 3931 1436 3984 διὰ
1462 3932 1560 4001 τῆς
1612 3931 1706 3986 τοῦ
1751 3932 1884 3987 Θεοῦ

304 4028 402 4082 καὶ
434 4026 646 4098 Πατρός
674 4027 855 4096 φωνῆς
884 4026 948 4078 ὲκ
976 4023 1188 4078 πολλῶν
1217 4023 1423 4077 ἄνωθεν
1453 4025 1660 4097 χρόνων
1687 4043 1888 4098 προκε-

1984 3114 2150 3170 homo
2181 3117 2273 3186 qui
2309 3131 2418 3172 non
2450 3117 2686 3170 audierit
2719 3130 2842 3186 qua:
2864 3115 3081 3170 locutus
3107 3114 3267 3170 fuerit
3291 3113 3556 3184 propheta

1985 3207 2080 3264 ille
2130 3207 2184 3262 in
2246 3208 2469 3264 nomine
2521 3223 2662 3269 meo.
2714 3223 2815 3277 ego
2868 3208 3167 3262 vindictam
3219 3220 3432 3261 sumam
3490 3205 3560 3262 de

1983 3315 2052 3356 eo
2078 3300 2145 3354 “.
2194 3319 2215 3353 ι
2246 3298 2367 3355 Uno
2397 3301 2568 3370 igitur
2593 3300 2761 3371 716
2789 3298 3092 3369 eodemque
3135 3301 3256 3354 loco
3296 3299 3558 3357 Dominus

1985 3400 2173 3447 noster
2199 3390 2362 3447 Jesus
2407 3391 2660 3447 Christus
2693 3390 2992 3461 superbum
3023 3390 3336 3446 Judzeorum
3383 3407 3559 3463 pepu-

1985 3483 2097 3538 lum
2132 3483 2398 3553 increpat,
2423 3491 2483 3537 ut
2511 3483 2602 3552 qui
2633 3482 2736 3552 ipsi
2772 3481 2882 3536 Deo
2911 3497 2975 3536 ac
3001 3481 3148 3536 Patri
3183 3492 3472 3553 repugnet.
3505 3496 3556 3538 et

1985 3588 2083 3642 per
2111 3587 2232 3641 quae
2268 3571 2584 3626 mandatum
2615 3570 2690 3624 ait
2715 3571 2996 3640 accepisse
3029 3571 3099 3626 ab
3121 3585 3210 3635 eo,
3241 3578 3298 3624 et
3321 3586 3350 3625 a
3376 3572 3559 3642 seipse

1987 3678 2098 3718 non
2127 3662 2296 3732 loqui,
2322 3677 2417 3732 per
2446 3662 2559 3716 lucc
2591 3661 2779 3717 eadem
2809 3662 3054 3730 seipsum
3081 3661 3405 3732 prophetam
3435 3678 3562 3718 esse

1987 3755 2235 3812 declarat
2295 3755 2390 3826 qui
2430 3769 2459 3808 a
2513 3754 2628 3824 lege
2681 3753 2971 3823 praedictus
3008 3754 3101 3816 sit,
3134 3763 3188 3808 et
3235 3769 3334 3824 per
3368 3753 3463 3809 Dei
3498 3772 3563 3810 ae

1987 3847 2168 3904 Patris
2200 3863 2386 3904 vocem
2433 3847 2618 3901 multis
2662 3853 2814 3900 retro
2843 3847 3182 3915 temporibus
3223 3848 3564 3916 praenuntia--

1990 3947 2078 3994 tus
2110 3939 2202 3994 sit.
2239 3937 2332 3994 Eis
2361 3947 2564 4000 autem,
2605 3938 2858 4006 quamvis
2896 3937 3038 3991 tardi
3084 3938 3214 4002 sint,
3247 3939 3302 3992 in
3354 3954 3562 3994 memo-

1988 4031 2128 4084 riam
2159 4027 2561 4098 quodammodo
2609 4037 2852 4090 revocat,
2899 4027 3006 4082 nisi
3047 4027 3168 4096 ejus
3217 4029 3562 4084 sermonibus

305 4117 680 4189 κηρυγμένον.
741 4114 914 4170 Καλεῖ
952 4113 1009 4166 δέ
1039 4129 1156 4175 πως
1184 4114 1320 4183 πρὸς
1355 4114 1683 4185 ἀνάμνησιν,
1711 4115 1883 4168 καίτοι

1989 4127 2184 4191 parere
2229 4121 2417 4182 velint,
2460 4119 2758 4173 inevitabili
2801 4120 3071 4189 supplicio
3107 4122 3334 4175 omnino
3374 4122 3564 4192 subje-

304 4209 502 4271 νωθεῖς
527 4208 686 4270 δντας
722 4206 941 4267 αὐτοὺς,
995 4203 1070 4266 ὼς
1120 4205 1170 4256 εί
1197 4205 1271 4276 μὴ
1309 4204 1579 4275 βούλοιντο
1613 4208 1725 4270 τοῖς
1757 4204 1886 4276 παρ’

305 4301 478 4357 αὐτοῦ
541 4300 969 4354 καταπείθεσθαι
1023 4299 1222 4370 λόγοις,
1248 4297 1628 4352 ὑποκείσονται
1670 4298 1889 4360 πάντως

1989 4226 2138 4270 ctum
2168 4215 2235 4269 iri
2263 4251 2278 4276 ,
2309 4229 2485 4283 eaque
2510 4227 2772 4282 passuros
2803 4228 2926 4281 qua:
2944 4212 3084 4266 dixit
3107 4212 3271 4269 Deus.
3301 4213 3436 4270 Nam
3468 4217 3562 4285 qui

1991 4307 2238 4362 divinum
2287 4305 2380 4359 Dei
2425 4319 2490 4360 ac
2523 4303 2702 4358 Patris
2751 4305 3069 4357 mandatum
3105 4306 3562 4376 praetergrediun-

303 4389 629 4461 ἀδιαφύκτῳ
684 4390 934 4456 κολάσει,
997 4367 1108 4443 καὶ*
1157 4387 1517 4459 ὑπομενοῦσιν
1590 4388 1733 4459 ἅπερ
1782 4387 1883 4459 ἔφη

1991 4407 2101 4464 tur,
2137 4407 2188 4453 et
2222 4396 2498 4452 vivificum
2545 4396 2638 4452 Dei
2680 4412 2747 4451 ac
2787 4367 3332 4452 Servatoris‘nostriv
3353 4397 3560 4453 Christi

299 4483 458 4546 Θεός.
482 4485 546 4536 οι
571 4481 681 4555 γὰρ
705 4482 805 4554 τὴν
841 4483 994 4538 θείαν
1015 4481 1233 4553 ἐντολὴν
1260 4480 1352 4535 τοῦ
1385 4480 1519 4534 Θεοῦ
1556 4481 1649 4534 καὶ
1677 4481 1887 4551 Πατρὸς

303 4575 770 4647 παρατρέχοντες,
815 4577 911 4629 καὶ
974 4575 1067 4629 τὸν
1117 4573 1376 4640 ζωοποιδν
1409 4573 1502 4626 τοῦ
1553 4573 1686 4626 Θεοῦ
1716 4574 1889 4642 Λόγον

299 4669 672 4738 ἐξωθούμενοι
730 4668 824 4722 τοῦ
868 4665 1120 4740 Σωτῆρος
1163 4667 1318 4739 ήμῶν
1352 4666 1613 4738 Χριστοῦ,
1644 4666 1761 4729 πῶς
1787 4666 1889 4720 ούκ

301 4760 364 4812 ὲν
388 4761 513 4820 τοῖς
531 4757 784 4827 ἐσχάτοις
813 4758 1084 4813 πείσονται
1107 4761 1322 4822 κακοῖς,
1348 4757 1382 4827 ἥ
1417 4757 1533 4820 πῶς
1562 4758 1666 4811 οὐκ
1719 4758 1888 4827 ἀμέτ-

295 4865 414 4919 οχοι
446 4847 676 4919 μενοῦσι
702 4847 800 4918 τῆς
819 4849 944 4920 παρ’
971 4847 1134 4902 αὑτοῦ
1155 4847 1320 4918 ζωῆς,
1345 4846 1578 4915 εὐλόγως
1603 4847 1889 4911 ἀκούοντες

300 4941 362 4995 τδ
379 4941 474 4996 διὰ
510 4939 613 5010 τῆς
642 4939 738 4994 τοῦ
795 4941 1077 5012 προφήτου
1116 4941 1297 5011 φωνῆς
1319 4954 1335 4970 ο
1372 4958 1390 4990 ι
1431 4940 1527 5010 Γῆ,
1562 4940 1656 5010 γῆ.
1699 4940 1886 5006 ἄκουε,

303 5034 472 5088 ἄκουε
518 5032 680 5101 λόγον
733 5033 959 5104 Κυρίου.
1002 5033 1132 5088 Ἰδοὺ
1155 5032 1268 5102 ἐγὼ
1293 5033 1486 5101 ἐπάγω
1523 5033 1617 5087 ἰπὶ
1641 5032 1733 5086 τὸν
1758 5031 1886 5086 λαὸν

305 5124 495 5179 τοῦτον
521 5121 691 5188 κακὰ,
717 5124 808 5178 τδν
837 5123 1049 5196 καρπον
1081 5125 1428 5196 ἀποστροφῆς
1457 5123 1656 5188 αὐτῶν,
1689 5123 1771 5178 ὃτι
1807 5123 1886 5196 τῷ

304 5217 458 5288 νόμῳ
477 5233 584 5288 μου
597 5216 657 5270 ού
680 5215 1000 5288 προσέσχον,
1020 5216 1222 5272 καὶτὸν
1239 5216 1398 5286 λόγον
1414 5232 1518 5287 μου
1539 5214 1848 5282 ἁπὼσαντος
1863 5234 1881 5266 ι

305 5307 482 5378 Διττῷ
509 5307 622 5380 γὰρ
647 5307 864 5378 ἐνόχους
890 5308 1050 5373 ὄντας
1077 5309 1384 5380 ὶγκλήματι
1429 5310 1555 5374 τοὺς
1599 5307 1887 5372 Ἰουδαίους

307 5400 620 5470 εὑρήσομεν
643 5415 657 5429 ·
708 5399 832 5454 οὔτε
862 5401 970 5472 γὰρ
994 5401 1156 5455 αὑτὸν
1200 5400 1377 5454 καίτοι
1405 5400 1602 5454 σεπτὸν
1637 5395 1776 5453 εἶναι
1803 5399 1889 5452 δο-

309 5490 512 5545 κοῦντα
547 5491 642 5546 καὶ
694 5492 846 5560 φίλον
891 5493 1220 5564 τετιμήκασι
1244 5493 1335 5546 τὸν
1367 5492 1554 5562 νόμον,
1578 5491 1672 5546 τὸν
1696 5490 1764 5546 δι’
1788 5492 1888 5546 αὺ-

307 5585 404 5638 τοῦ
447 5584 793 5654 κηρυχθέντα
862 5585 938 5656 μή
982 5584 1407 5655 προσηκάμενοι,
1431 5582 1552 5637 οὔτε
1585 5582 1690 5655 μὴν
1714 5600 1854 5654 προσ

385 5745 427 5776 ⁸⁸
470 5743 590 5798 Jac.
628 5760 699 5808 tv,
740 5745 805 5798 l2
835 5762 849 5812 ;
884 5745 899 5798 l
936 5737 1150 5799 Tim.”
1180 5786 1192 5809 ,
1227 5748 1277 5798 ες.

518 5861 790 5922 Peracta
848 5863 966 5924 (in.
1015 5866 1111 5926 LX
1128 5866 1282 5926 XIV.

1989 4505 2301 4547 sermonem
2358 4489 2648 4560 repellunt,
2699 4487 2977 4557 quomodo
3023 4503 3131 4542 non
3180 4489 3446 4543 extremis
3479 4493 3563 4543 in-

1993 4583 2282 4637 volventur
2318 4581 2500 4645 malis,
2544 4588 2635 4634 aut
2667 4578 2948 4650 quomodo
2975 4580 3101 4634 vitae
3137 4579 3208 4634 ab
3238 4595 3305 4632 eo
3334 4595 3560 4634 manan-

1990 4674 2060 4726 tis
2109 4687 2218 4726 non
2249 4683 2501 4743 expertes
2547 4672 2936 4737 remanebunt,
2972 4686 3082 4725 non
3119 4673 3236 4724 sine
3264 4685 3429 4725 causa
3462 4687 3561 4724 au-

1989 4765 2204 4820 dientes
2241 4763 2390 4834 quod
2432 4763 2708 4834 prophetae
2743 4778 2876 4818 voce
2904 4762 3114 4817 dictum
3143 4769 3226 4816 est
3259 4779 3273 4814 :
3311 4779 3330 4813 ι
3368 4759 3560 4825 Terra.

1991 4866 2160 4918 terra,
2187 4856 2356 4921 audi,
2389 4854 2512 4909 audi
2549 4855 2776 4909 verbum
2819 4853 3053 4908 Domini.
3083 4851 3223 4907 Ecce
3251 4867 3352 4922 ego
3388 4852 3561 4907 addu-

1989 4962 2056 5003 co
2080 4963 2248 5018 super
2273 4948 2535 5019 populum
2579 4945 2731 5000 hunc
2774 4944 2940 5006 mala,
2974 4941 3215 4997 fructum
3258 4944 3561 4998 aversionis

1989 5055 2202 5104 eorum,
2233 5039 2364 5109 quia
2396 5037 2496 5107 legi
2551 5051 2687 5091 metu
2727 5049 2840 5090 non
2867 5033 3239 5098 attenderunt,
3271 5041 3326 5088 et
3351 5048 3559 5090 sermo.

1989 5147 2112 5188 nem
2140 5145 2318 5187 meum
2357 5129 2708 5200 proiecerunt
2735 5125 2824 5179 ⁸³2
2846 5144 2866 5178 ι
2907 5124 3148 5196 Duplicis
3185 5126 3332 5180 enim
3375 5125 3558 5180 crimi-

1989 5223 2076 5280 nis
2109 5238 2234 5280 reos
2261 5237 2382 5279 esse
2424 5219 2646 5276 Judaaos
2679 5216 3101 5288 comperiemus.
3145 5214 3257 5272 Nec
3290 5215 3434 5270 enim
3474 5216 3558 5285 ip-

1987 5329 2102 5371 sam
2143 5314 2338 5384 legem,
2367 5325 2534 5383 quam
2577 5317 2823 5366 sanctam
2851 5307 3058 5379 alioqui
3092 5306 3381 5385 putabant,
3408 5320 3545 5360 reve

1990 5405 2080 5461 riti
2111 5412 2260 5470 sunt,
2291 5404 2499 5475 quippe
2526 5402 2621 5472 qui
2663 5417 2773 5458 non
2825 5406 3188 5470 susceperunt
3222 5414 3348 5453 eum
3392 5411 3554 5467 quem

1989 5497 2080 5554 illa
2114 5495 2462 5567 praedixerat.
2498 5509 2600 5550 nec
2637 5492 2997 5549 attenderunt
3041 5489 3354 5545 Scrutaris
3383 5487 3555 5542 nostri

1988 5587 2192 5646 Christi
2225 5588 2594 5650 sermonibus,
2638 5586 2765 5641 licet
2797 5589 2984 5655 aperte
3017 5580 3308 5637 clamantis
3348 5594 3409 5633 se
3434 5591 3556 5631 esse

1394 5749 1436 5778 ε’
1482 5747 1635 5802 Deut.
1673 5763 1836 5808 xvut.
1873 5749 1973 5816 18,
2014 5749 2099 5806 l'J.
2178 5751 2221 5782 ⁸³
2257 5748 2458 5806 Jercm.
2499 5762 2550 5802 vt
2576 5789 2590 5811 ,
2627 5746 2713 5803 l9.

3224 5855 3259 5913 4
