4144 6476
630 358 728 417 907

1657 354 1712 406 ὃ.
1756 344 2034 406 CYRILLI
2072 346 2537 406 ALEXANDRINI
2578 342 2896 406 ARCHIEP.

3788 340 3918 403 168

628 476 817 535 minue
850 472 1170 544 prepltetam
1207 471 1302 541 qui
1336 485 1430 541 per
1460 470 1632 541 legem
1662 468 2001 538 prwdicitur,
2039 483 2107 525 ex
2138 483 2206 524 eo

2323 470 2577 540 εσχήκασι
2597 467 2708 530 τοῖς
2738 465 2913 531 λόγοις
2949 463 3042 515 τοῦ
3099 463 3347 533 Σωτῆρος
3413 461 3571 532 ήμῶδ
3630 460 3911 531 Χριστοῦ,

629 568 773 637 quod
800 566 875 618 ait
910 563 1014 619 sibi
1041 579 1069 616 a
1094 562 1203 617 Deo
1223 578 1284 617 ac
1307 562 1467 618 Patre
1494 560 1624 631 quid
1660 560 1808 616 dicat
1839 560 2201 633 suppeditari.

628 657 817 726 Neque
845 667 979 709 vero
1029 652 1322 722 quisquam
1361 650 1635 705 existimet
1686 665 1752 705 ex
1797 667 1865 706 eo
1910 650 2058 721 quod
2100 650 2208 706 Do-

583 795 592 809 ,
629 746 814 799 minus
841 743 917 797 ait
953 741 1089 796 nihil
1113 757 1143 794 a
1172 740 1357 810 seipso
1384 738 1715 804 dicere,osed
1760 740 1908 811 loqui
1950 757 1979 795 a
2010 741 2205 807 Patre,

630 836 945 892 detrimenti
991 832 1290 904 quidquam
1342 831 1594 902 accipere
1638 847 1822 902 posse,
1877 833 1993 889 sive
2026 834 2209 904 quoad

628 929 901 984 rationem
948 924 1306 984 substantiae,
1358 923 1476 979 sive
1529 924 1674 994 quod
1732 925 1928 980 attinet
1980 927 2047 979 ad
2099 924 2210 980 Deo

631 1022 853 1093 dignam
886 1018 1222 1087 majestatem
1255 1033 1269 1068 :
1306 1015 1400 1070 sed
1438 1014 1571 1070 illud
1608 1030 1806 1072 rursus
1851 1016 2091 1087 primum
2119 1031 2213 1071 co-

633 1111 787 1181 gitet,
816 1122 880 1163 ac
911 1105 1229 1176 rogantibus
1259 1103 1421 1158 nobis
1458 1104 1811 1174 respondeat,
1852 1113 2037 1159 utrum
2082 1121 2213 1160 vero

633 1213 687 1258 et
712 1198 945 1259 naturali
995 1196 1106 1251 Deo
1161 1195 1467 1267 prophetiae
1525 1210 1723 1250 nomen
1779 1202 1832 1251 et
1881 1210 1995 1250 rem
2035 1197 2213 1266 ipsam

634 1290 930 1348 convenire
969 1296 1162 1359 putet;
1201 1287 1352 1357 atqui
1386 1302 1548 1341 nemo
1581 1301 1692 1341 non
1728 1285 1951 1355 dixerit,
1993 1288 2211 1357 opinor,

632 1383 955 1441 incredibile
993 1397 1114 1437 esse
1156 1379 1324 1436 Deum
1372 1380 1694 1451 prophetam
1728 1382 1917 1436 vocari
1961 1398 2085 1437 eum
2122 1383 2215 1453 qui

630 1478 689 1531 in
725 1473 1007 1547 prophetis
1037 1473 1320 1542 loquatur.
1363 1489 1381 1522 ε
1421 1470 1544 1542 ipse
1580 1472 1722 1527 enim
1757 1473 2001 1529 visiones
2033 1474 2219 1528 multi-

632 1566 884 1640 plicavit,
918 1575 976 1619 ut
1018 1563 1303 1626 scribitur,
1337 1570 1390 1617 et
1415 1562 1472 1617 in
1521 1563 1778 1619 manibus
1824 1565 2218 1635 prophetarum

2310 562 2489 614 καίτοι
2534 559 2763 630 βοῶντος
2810 554 3133 624 ἀναφανδὸν,
3181 552 3255 619 ὡς
3314 552 3475 615 αὐτὸς
3518 552 3607 622 είη
3645 552 3838 622 σαφῶς
3877 554 3913 605 ό

2310 651 2594 722 προφήτης
2659 650 2688 700 ὁ
2738 648 2827 701 διὰ
2881 647 3045 716 νόμου
3122 642 3636 716 χρησμῳδούμενος,
3676 644 3745 697 δι’
3820 636 3915 696 ὧν

2314 742 2520 810 ἔφασκε
2544 743 2654 804 τοῖς
2687 741 2838 811 παρά
2869 738 2961 792 τοῦ
2988 736 3122 790 Θεοῦ
3154 736 3248 789 καὶ
3279 735 3490 806 Πατρδς
3528 734 3915 788 διακονεῖσθαι

2312 833 2510 901 λόγοις.
2540 831 2652 885 Καὶ
2696 831 2858 901 μήτις
2893 828 3089 893 οἰέσθω
3125 828 3186 880 τὸ
3230 828 3395 896 φάναι
3426 826 3519 878 τὸν
3558 824 3785 895 Κύριον,
3820 825 3915 887 ὡς

2313 926 2403 993 ἀφ’
2467 922 2661 976 ἑαυτοῦ
2720 921 2819 992 μὲν
2846 921 3021 981 οὐδὲν,
3078 918 3408 972 λαλεῖταιδὲ
3452 917 3606 988 παρὰ
3654 916 3911 985 Πατρὸς,

2312 1014 2517 1069 ἀδικεῖν
2543 1013 2705 1067 αὑτὸν
2755 1012 3013 1066 δύνασθαι
3051 1010 3194 1065 κατά
3218 1028 3270 1064 τι
3313 1009 3444 1079 γοῦν
3495 1009 3655 1073 ὅλως,
3688 1008 3721 1079 ἢ
3753 1007 3917 1060 κατὰ

2314 1107 2406 1160 τὸν
2432 1107 2528 1174 τῆς
2567 1104 2754 1167 οὐσίας
2802 1103 2994 1173 αὐτῆς,
3055 1103 3223 1173 ήγουν
3265 1104 3344 1164 είς
3399 1099 3557 1165 ἀξίας
3604 1100 3763 1168 λόγον
3800 1099 3917 1169 τῆς

2317 1196 2653 1270 θεοπρεποῦς
2679 1213 2691 1226 ·
2724 1194 2862 1249 ἀλλά
2906 1194 3122 1266 πρῶτον
3163 1193 3260 1264 μέν
3298 1194 3473 1245 ἐκεῖνο
3507 1190 3914 1261 διενθυμείσθω

2316 1306 2376 1341 τε
2414 1287 2597 1351 πάλιν,
2630 1282 2723 1339 καὶ
2743 1285 2947 1353 λεγέτω
2970 1280 3249 1352 ἐρομένοις
3274 1282 3435 1352 ήμῖνο
3459 1275 3607 1350 τΑριπ.
3634 1280 3742 1349 γάρ
3765 1279 3911 1349 πρέ-

2319 1398 2444 1434 πειν
2475 1377 2720 1448 οίήσεταί
2759 1394 2841 1439 τις
2872 1376 2952 1445 τῷ
2976 1392 3038 1443 γε
3073 1374 3207 1437 ὅλως
3263 1374 3377 1426 δντι
3416 1390 3476 1426 τε
3504 1373 3598 1425 καὶ
3622 1370 3916 1441 νοουμένῳ

2318 1471 2457 1525 κατά
2514 1470 2674 1539 φύσιν
2724 1468 2863 1538 Θεῷ,
2907 1467 2967 1519 τὸ
3008 1468 3107 1537 τῆς
3148 1465 3483 1535 προφητείας
3507 1463 3677 1533 δνομά
3705 1481 3764 1516 τε
3803 1462 3907 1515 καὶ

2320 1565 2597 1636 «parua;
2651 1561 2829 1616 καίτοι
2878 1560 2987 1621 πᾶς
3027 1574 3113 1620 τις
3143 1551 3255 1620 οὖν,
3294 1552 3467 1625 οἶμαι,
3510 1554 3604 1607 καὶ
3642 1552 3748 1607 τῶν
3778 1552 3910 1606 λίαν

634 1657 979 1714 assimilatas
1017 1663 1097 1710 est
1127 1653 1195 1708 ⁸⁵.
1237 1672 1254 1704 ι
1290 1651 1433 1718 Quia
1457 1667 1588 1724 ergo
1609 1653 1894 1710 servitutis
1925 1654 2147 1709 nomine
2168 1662 2220 1709 et

2323 1655 2563 1727 εὐχερῶν
2598 1656 2928 1723 ἀποφήσειεν
2952 1651 3039 1713 ἂν,
3086 1650 3348 1703 ἀπίθανον
3380 1642 3520 1699 εἶναι
3557 1645 3732 1712 λέγων
3758 1645 3908 1698 ἀπο-

635 1752 817 1805 forma
839 1756 1044 1803 nostra:
1064 1744 1440 1801 similitudinis
1470 1752 1751 1814 assumpta
1769 1745 1838 1801 ad
1860 1755 2106 1801 nostram
2138 1745 2217 1800 si-

2326 1746 2604 1801 καλεῖσθαι
2632 1746 2918 1815 προφήτην
2937 1741 3030 1796 τὸν
3049 1742 3107 1793 ἐν
3130 1740 3433 1808 προφήταις
3449 1735 3714 1788 λαλοῦντα
3739 1732 3902 1787 Θεὸν.

636 1836 1000 1896 militudiuem
1029 1835 1290 1905 propheta
1310 1843 1538 1891 vocatus
1558 1842 1664 1900 est,
1680 1836 1996 1892 necessario
2010 1837 2059 1891 ei
2078 1852 2218 1906 quo-

2325 1862 2342 1893 ι
2391 1840 2567 1903 Αὐτὸς
2616 1843 2727 1908 γὰρ
2762 1835 2979 1907 ὁράσεις
3026 1830 3325 1901 ἐπλήθυνε,
3365 1826 3509 1881 κατά
3551 1826 3615 1879 τὸ
3651 1842 3905 1897 γεγραμ-

637 1947 746 2001 que
774 1931 855 1985 lex
891 1942 1011 1999 quae
1036 1928 1313 1996 prephetze
1340 1927 1673 1981 conveniunt
1704 1928 1973 1992 attribuit,
1997 1929 2100 1983 hoc
2133 1942 2216 1983 est

637 2022 861 2078 audisse
912 2018 1118 2089 aliquid
1160 2033 1190 2072 a
1234 2017 1416 2083 Patre,
1466 2029 1522 2073 et
1566 2020 1887 2074 mandatum
1934 2020 2217 2091 accepisse

638 2114 800 2185 717
838 2112 965 2182 quid
993 2111 1142 2166 dicat
1197 2118 1251 2165 et
1283 2110 1415 2181 quid
1450 2111 1730 2181 loquatur.
1764 2113 1863 2167 Cui
1907 2114 2216 2169 addendum

638 2205 900 2268 arbitror,
940 2201 1156 2257 Iudaeos
1206 2202 1344 2275 legis
1386 2202 1649 2272 opinione
1696 2204 2049 2260 vehementer
2085 2222 2219 2275 pra:-

635 2297 967 2360 oceupatos,
1002 2289 1047 2344 si
1081 2304 1199 2344 eam
1231 2304 1262 2342 a
1303 2288 1414 2345 Deo
1446 2292 1714 2360 prolatam
1746 2307 1868 2348 esse
1904 2293 2215 2357 crederent,

638 2379 945 2435 Salvatoris
989 2394 1271 2436 sermones
1309 2396 1592 2451 nunquam
1635 2391 1994 2453 suscepturos
2046 2384 2219 2441 fuisse

638 2470 697 2527 in
718 2471 1019 2542 spiritalem
1037 2472 1244 2527 cultum
1266 2481 1446 2527 vetera
1469 2474 1723 2530 mandata
1746 2476 2216 2534 transformantis.

640 2563 749 2622 Sed
782 2563 914 2635 quid
970 2579 1150 2619 causa?
1197 2575 1317 2619 erat
1358 2580 1460 2619 cur
1494 2566 1599 2635 ipsi
1647 2567 1857 2621 nollent
1920 2569 2216 2638 ligurarum

641 2655 708 2707 ad
744 2654 1025 2711 veritatem
1060 2653 1606 2711 transformationem
1644 2657 1966 2727 suscipere?
1995 2657 2218 2715 Nescie-

639 2747 774 2804 bant
810 2745 980 2802 Deum
1030 2761 1157 2803 esse
1206 2747 1363 2801 illum
1412 2748 1715 2803 secundum
1777 2756 2057 2817 naturam,
2119 2765 2221 2804 nec

639 2839 826 2899 animo
870 2838 1162 2908 capiebant
1207 2838 1553 2908 unigenitum
1607 2837 1786 2895 Patris
1833 2837 2071 2894 Verbum
2116 2856 2221 2897 uo-

640 2939 815 2989 stram
855 2934 1081 2999 propter
1110 2943 1212 2984 nos
1241 2937 1489 3000 gestasse
1519 2942 1767 2985 carnem.
1808 2930 2029 3001 Alioqui
2073 2932 2221 2986 enim

641 3019 827 3075 statim
852 3017 964 3074 Deo
994 3018 1424 3089 procumbentes
1464 3027 1520 3074 et
1550 3033 1883 3090 quocunque
1925 3021 2090 3076 vellet
2119 3022 2221 3075 im-

641 3108 795 3180 pigre
827 3106 1016 3175 delati,
1042 3108 1467 3165 convenientem
1511 3110 1564 3166 ei
1600 3112 1830 3181 gloriam
1879 3120 2218 3170 servassent.

2322 1933 2501 2004 μένον,
2536 1931 2629 1984 καὶ
2676 1931 2733 1980 ἐν
2783 1925 2941 1999 χερσὶ
2971 1920 3266 1995 προφητῶν
3286 1917 3569 1989 ὡμοιώθη.
3606 1936 3625 1968 ι
3676 1916 3899 1986 Ἐπειδῆ

2317 2026 2497 2078 τοίνυν
2535 2023 2594 2076 τὺ
2636 2021 2736 2092 τῆς
2777 2018 3024 2081 δουλείας
3065 2017 3236 2085 ὄνομα
3280 2013 3373 2066 καὶ
3407 2010 3596 2082 σχῆμα
3630 2009 3735 2078 τῆς
3761 2006 3903 2079 πρὸς

2317 2119 2469 2188 ἡμᾶς
2492 2114 2807 2186 ὁμοιότητος
2843 2108 3151 2172 ἀναλαϐὼν,
3181 2106 3303 2159 καθ’
3334 2104 3615 2175 ἡμετέραν
3642 2100 3902 2172 ὁμοίωσιν

2319 2210 2521 2281 ἐκλήθη
2552 2209 2859 2279 προφήτης,
2896 2200 3210 2271 ἀναγκαίως
3258 2196 3407 2267 αὐτῴ
3435 2195 3532 2249 καλ⁵
3564 2195 3631 2248 τὰ
3655 2191 3735 2263 τῷ
3768 2208 3901 2263 προ-

2321 2304 2465 2374 φήτῃ
2495 2301 2779 2372 πρέποντα
2822 2294 3194 2368 περιτέθεικεν
3224 2293 3253 2344 ὁ
3288 2289 3471 2358 νόμος,
3495 2285 3641 2340 τοῦτ’
3675 2284 3809 2348 ἐστι,
3838 2282 3903 2334 τὸ

2322 2392 2585 2452 πυθέσθαι
2617 2409 2666 2444 τι
2697 2389 2848 2461 παρά
2871 2387 2964 2441 τοῦ
2991 2384 3223 2455 Πατρδς,
3269 2380 3489 2449 ἐντολήν
3519 2394 3579 2431 τε
3623 2374 3902 2445 εἰληφέναι

2318 2485 2371 2539 τί
2401 2486 2550 2555 εἴπῃ,
2602 2481 2696 2534 καὶ
2734 2479 2788 2533 τί
2851 2478 3081 2547 λαλήσῃ.
3118 2474 3260 2546 Πρὸς
3292 2471 3348 2525 δέ
3371 2487 3434 2538 γε
3464 2468 3641 2537 τούτῳ
3683 2466 3905 2519 κάκεῖνο

2320 2580 2492 2631 εἰπεῖν
2522 2576 2777 2645 οἰήσομαι
2830 2572 2940 2624 δεῖν
2962 2586 2974 2599 °
3004 2572 3063 2622 ἐν
3100 2566 3266 2635 πολλῇ
3325 2560 3592 2634 προλήψει
3620 2556 3904 2627 γεγονότες

2335 2669 2575 2722 Ἰουδαῖοι
2607 2684 2671 2719 πε
2682 2667 2735 2736 pi.
2765 2665 2854 2717 τδν
2884 2663 3068 2733 νόμον,
3104 2655 3433 2726 λελαλῆσθαι
3475 2652 3627 2724 παρά
3656 2650 3747 2703 τοῦ
3768 2647 3904 2701 Θεοῦ

2321 2760 2668 2821 πιστεύοντες
2695 2757 2876 2819 αὐτὸν,
2906 2755 3004 2809 οὐκ
3034 2753 3101 2807 ἂν
3130 2748 3492 2823 παρεδέξαντο
3520 2744 3613 2798 τοῦ
3654 2742 3909 2811 Iuniam

2320 2853 2447 2916 τοὺς
2469 2851 2681 2918 λόγους,
2727 2849 2805 2910 είς
2854 2843 3235 2914 πνευματικὴν
3296 2836 3551 2909 λατρείαν
3604 2831 3910 2904 μεταπλάτ-

2321 2959 2510 3005 τοντος
2544 2942 2613 2996 τὰ
2666 2940 2836 2995 πάλαι
2886 2935 3240 3007 διωρισμένα.
3296 2929 3409 2984 Καὶ
3452 2927 3535 2991 τίς
3568 2928 3602 2995 ή
3633 2924 3913 2993 πρόφασις

2322 3034 2417 3088 τοῦ
2448 3034 2522 3106 μὴ
2556 3033 2731 3086 θέλειν
2756 3029 2955 3091 αὐτοὺς
2988 3022 3403 3098 παραδέξασθαι
3427 3019 3517 3073 τὸν
3537 3020 3620 3081 εἰς
3649 3014 3913 3087 ἀλήθειαν

2323 3126 2432 3180 τῶν
2465 3124 2653 3178 τύπων
2694 3118 3121 3191 μεταπλασμόν;
3182 3116 3295 3169 Οὐκ
3342 3113 3540 3183 ᾔδεσαν
3564 3107 3708 3163 κατά
3742 3106 3911 3176 φύσιν

645 3195 754 3252 Sed
782 3196 1170 3253 existimabant
1212 3197 1401 3252 miseri
1444 3213 1614 3253 unum
1668 3214 1698 3257 e
1734 3201 1897 3257 nobis
1928 3205 2219 3270 exsistere,

2326 3220 2456 3273 δντα
2509 3216 2663 3279 Θεὸν,
2708 3214 2824 3267 ἀλλ’
2853 3212 2972 3265 οὐδὲ
3001 3205 3148 3280 εἶχον
3190 3208 3271 3266 εἰς
3317 3203 3466 3267 νοῦν,
3507 3202 3589 3255 ὅτι
3623 3200 3794 3267 Λόγος
3832 3196 3913 3249 ὢν

640 3302 880 3359 cumque
918 3288 1082 3343 homo
1110 3287 1294 3345 nudus
1331 3303 1395 3343 ac
1430 3305 1618 3346 merus
1656 3302 1822 3358 esset,
1861 3303 2079 3349 tantum
2119 3295 2225 3351 sibi

646 3390 828 3436 tamen
861 3394 1163 3445 assumere,
1194 3388 1254 3434 ut
1285 3390 1339 3436 et
1365 3381 1515 3451 ipsas
1546 3382 1639 3438 Dei
1676 3382 1853 3442 Patris
1882 3386 2031 3458 leges
2068 3402 2225 3443 ever—

643 3482 762 3531 tere
796 3472 1048 3527 auderet.
1084 3472 1205 3537 Quo
1236 3472 1440 3527 factum
1483 3482 1569 3530 est
1614 3484 1672 3530 ut
1722 3477 2070 3549 impudenter
2100 3498 2226 3538 eum

642 3563 985 3619 clamoribus
1012 3563 1395 3620 incesserent:
1431 3583 1449 3616 ι
1502 3565 1579 3621 De
1617 3567 1766 3624 bono
1800 3584 1966 3639 opere
1997 3587 2106 3627 non
2154 3575 2228 3629 la-

644 3653 900 3727 pidamus
933 3664 1006 3719 te,
1035 3654 1129 3709 sed
1159 3654 1228 3709 de
1270 3655 1608 3726 blasphemia
1651 3676 1665 3713 :
1716 3670 1770 3715 et
1804 3662 1932 3731 quia
1963 3672 2021 3718 tu
2065 3664 2228 3722 homo

644 3760 771 3799 cum
796 3745 897 3810 sis,
928 3747 1164 3816 teipsum
1196 3744 1335 3800 facis
1368 3745 1536 3802 Deum
1567 3748 1635 3803 ⁸⁸.
1668 3767 1688 3802 ι
1736 3749 2012 3823 Singulari
2039 3756 2228 3827 itaque

644 3850 701 3895 et
725 3840 992 3910 praeclaro
1031 3839 1267 3893 consilio
1302 3838 1566 3895 Dominus
1595 3850 1787 3897 noster
1825 3842 1987 3900 Jesus
2033 3847 2102 3901 ab
2134 3849 2228 3903 illa

632 3930 965 4001 suspicione
995 3929 1279 3986 auditores
1307 3931 1657 3997 abstrahens,
1690 3940 1954 4004 tanquam
2003 3950 2034 3989 a
2079 3938 2227 3993 nuda

644 4022 855 4078 et.sola
901 4020 1142 4075 humana
1180 4036 1418 4092 persona
1472 4024 1780 4080 orationem
1843 4027 2107 4083 transfert
2157 4031 2227 4087 ad

645 4128 776 4170 eum
817 4112 915 4182 qui
970 4111 1150 4181 palam
1176 4122 1231 4167 et
1277 4116 1400 4169 sine
1444 4114 1890 4173 contradictione
1938 4118 2225 4187 adoratur,

649 4208 846 4269 Deum,
888 4205 1137 4274 inquam,
1170 4214 1226 4260 et
1275 4203 1520 4272 Patrem,
1549 4205 1865 4262 Iudaeorum
1916 4211 2224 4266 vecordiam

638 4298 801 4352 somni
835 4296 1051 4351 ratione
1084 4296 1451 4363 confundens,
1495 4308 1551 4353 et
1578 4300 1750 4355 variis
1790 4301 1967 4359 modis
2008 4304 2226 4375 ignaras

650 4397 861 4445 mentes
905 4395 1175 4452 tractans,
1210 4396 1376 4459 atque
1410 4388 1480 4443 ad
1520 4405 1649 4446 vera
1687 4400 1744 4447 et
1776 4396 2223 4451 convenientiora

634 4480 911 4538 discenda
946 4479 1254 4549 pellieiens.
1297 4478 1397 4536 His
1425 4481 1646 4550 quidem
1674 4487 2023 4543 sermonibus
2047 4496 2101 4544 et
2128 4490 2225 4545 ob-

2326 3308 2421 3364 τοῦ
2481 3305 2696 3378 Πατρδς
2745 3306 2774 3357 ὁ
2824 3299 3135 3370 Μονογενής
3194 3297 3292 3368 τήν
3332 3293 3608 3365 ἡμετέραν
3658 3291 3725 3343 δι’
3761 3290 3913 3378 ήμᾶς

2330 3377 2617 3471 πεφόρηκε
2648 3394 2928 3466 σάρκα.Ἢ
2962 3392 3073 3463 γάρ
3104 3389 3170 3444 ἂν
3204 3388 3366 3450 εὐθὺς
3396 3383 3763 3444 ὑποπεσόντες
3789 3377 3913 3449 Θεῷ

2330 3469 2623 3566 πρὸςῖπάν
2654 3489 2832 3543 ὁτιοῦν
2876 3482 3144 3557 ἀμελλητὶ
3185 3478 3595 3566 μεθιστάμενοι,
3759 3469 3914 3566 adtigi

2328 3556 2646 3653 πρέπουσαν
2680 3556 3006 3648 διετήρησαν
3046 3571 3224 3637 δόξαν.
3271 3568 3462 3639 ᾬοντο
3490 3563 3546 3617 δέ
3574 3561 3774 3653 μᾶλλον
3798 3556 3913 3610 τῶν

2328 3651 2449 3727 καθ’
2497 3671 2646 3741 ἡμᾶς
2695 3669 2743 3721 oi
2772 3667 2996 3721 δείλαιοι
3020 3662 3289 3732 ὑπάρχειν
3339 3657 3458 3721 ἕνα,
3487 3654 3581 3707 καὶ
3622 3651 3913 3721 ἄνθρωπον

2328 3763 2455 3817 δντα
2488 3760 2642 3831 ψιλὸν
2680 3757 2948 3831 φρονῆσαι
3004 3751 3279 3815 τοσοῦτον,
3308 3750 3384 3811 ὼς
3428 3746 3521 3800 καὶ
3561 3742 3758 3804 αὐτοὺς
3784 3742 3910 3794 ἐπι-

2329 3856 2531 3926 χειρεῖν
2557 3853 2682 3916 τοὺς
2705 3850 2858 3921 παρά
2902 3846 2999 3903 τοῦ
3047 3844 3181 3899 Θεοῦ
3235 3841 3329 3897 καὶ
3364 3836 3580 3908 Πατρός
3598 3831 3907 3926 παραλύειν

2330 3921 2549 4016 νόμους.
2602 3945 2714 3997 Καὶ
2772 3941 2902 4011 γοῦν
2956 3937 3181 4007 ἀναίδην
3229 3933 3469 4003 ἔφασκον
3712 3921 3905 4016 αὐτόν’·

2337 4055 2354 4088 ι
2393 4011 2528 4107 Περὶ
2573 4031 2740 4088 καλοῦ
2788 4031 2951 4103 ἔργον
3000 4028 3062 4082 οὐ
3105 4020 3399 4093 λιθάζομέν
3467 4035 3551 4083 σε,
3599 4013 3738 4069 ἀλλά
3779 4011 3907 4107 περὶ

2331 4103 2700 4197 βλασφημίας,
2756 4125 2836 4176 ὅτι
2879 4122 2943 4175 σὺ
2983 4118 3268 4191 ἄνθρωπος
3322 4112 3418 4175 ὢν,
3456 4112 3628 4170 ποιεῖς
3679 4103 3909 4197 σεαυτὸν

2326 4195 2489 4271 Θεὸν.
2512 4195 2661 4270 »ΗΔιά
2717 4214 2916 4284 πολλῆς
2947 4210 3128 4264 τοίνυν
3156 4208 3253 4262 καὶ
3290 4201 3551 4276 ἀκριϐοῦς
3593 4195 3908 4266 οίκονομίας

2326 4314 2355 4367 ό
2381 4309 2586 4382 Κύριος
2618 4308 2776 4379 ήμῶν
2814 4304 3022 4375 Ἰησοῦς
3044 4302 3141 4372 τῆς
3168 4300 3395 4366 ἐνούσης
3435 4295 3617 4355 αὐτοῖς
3651 4288 3906 4349 ὑπονοίας

2332 4401 2589 4477 μεθιστὰς
2610 4399 2731 4461 τοὺς
2753 4395 3161 4467 ἀκροωμένους,
3186 4391 3261 4455 ὡς
3279 4389 3387 4443 ἀπὺ
3425 4386 3587 4457 ψιλοῦ
3618 4384 3713 4438 καὶ
3744 4384 3905 4453 μόνου

2329 4472 2423 4549 τοῦ
2480 4488 2821 4562 ἀνθρωπίνου
2880 4484 3176 4557 προσώπου
3231 4477 3587 4552 μετακομίζει
3626 4474 3720 4529 τδν
3748 4472 3903 4541 λόγον

652 4571 1058 4627 servationibus
1092 4579 1388 4626 contentus
1419 4587 1546 4628 esse
1584 4574 1711 4644 quis
1734 4584 1925 4645 posset
1950 4578 2017 4633 ad
2041 4587 2220 4634 retun.

2335 4584 2425 4637 ἐπὶ
2449 4582 2540 4634 τὸν
2579 4577 2986 4649 ἀναντιρῤήτως
3006 4592 3066 4629 τε
3117 4574 3211 4626 καὶ
3249 4569 3698 4643 ὁμολογουμένως
3734 4580 3902 4636 προσ⁸

652 4664 836 4721 danda
890 4663 1186 4733 impiorum
1232 4662 1620 4719 haereticorum
1674 4668 1945 4734 convicia,
1998 4671 2093 4741 qui
2143 4671 2228 4725 vel

652 4756 760 4811 hac
798 4764 951 4825 parte
979 4755 1250 4809 minorem
1275 4752 1438 4811 Patre
1466 4753 1667 4811 Filium
1707 4759 2050 4825 existimant,
2082 4763 2226 4836 quod

653 4846 794 4902 dixit
829 4846 965 4901 nihil
1020 4861 1050 4900 a
1103 4844 1290 4914 seipso
1327 4846 1505 4917 loqui,
1561 4848 1658 4903 sed
1713 4849 1899 4906 datum
1959 4854 2066 4908 sibi
2106 4869 2231 4911 esse

654 4937 1008 5003 mandatum,
1061 4944 1117 4992 et
1164 4936 1309 4992 sicut
1356 4938 1567 4995 audivit
1613 4941 1781 5012 loqui.
1819 4943 1883 4997 Et
1932 4945 2231 5001 suffectura

656 5027 881 5098 quidem
916 5028 1021 5081 ista
1068 5027 1185 5095 ipse
1214 5042 1436 5097 quoque
1462 5032 1751 5098 existimo,
1785 5035 1986 5090 addam
2022 5037 2226 5093 nihilo-

658 5120 843 5174 minus
874 5118 1082 5188 aliquid
1119 5119 1265 5173 aliud
1316 5136 1425 5190 quo
1460 5122 1681 5179 illorum
1728 5127 2068 5184 blateronum
2100 5145 2227 5200 pro-

2327 4674 2682 4744 κυνούμενον,
2713 4671 2856 4741 φημὶ
2883 4669 2941 4722 δὲ
2978 4668 3068 4721 τὸν
3093 4665 3228 4719 Θεὸν
3259 4664 3352 4717 καὶ
3386 4660 3627 4729 Πατέρα,
3654 4657 3743 4710 διά
3766 4672 3902 4709 πανε-

2326 4767 2418 4831 τὸς
2461 4766 2658 4838 χρῆναι
2709 4765 2914 4833 τρόπου
2970 4760 3069 4829 τὴν
3099 4755 3425 4811 ἀπαίδευτον
3474 4750 3586 4803 τῶν
3633 4748 3902 4801 Ἰουδαίων

2327 4859 2557 4931 καρδίαν
2588 4856 2920 4910 ἐκδυσωπεῖν
2954 4851 3217 4921 οἰόμενος,
3276 4847 3369 4900 καὶ
3428 4838 3899 4916 μεταχειρίζεσθαι

2327 4930 2587 5011 ποικίλως
2617 4948 2743 5009 τοὺς
2777 4944 3069 5005 ἀσυνέτους
3099 4938 3394 5009 ἐπιχειρῶν
3421 4939 3501 4999 εἰς
3528 4934 3590 4987 τὸ
3619 4930 3899 5003 βούλεσθαι

2330 5038 2524 5111 μαθεῖν
2548 5036 2619 5089 τὰ
2641 5034 2814 5105 ἀληθῆ
2848 5034 2941 5088 καὶ
2984 5030 3427 5103 πρεπωδέστερα.
3473 5022 3751 5085 Τοιούτοις
3803 5021 3899 5091 μὲν

2325 5127 2417 5185 οῦν
2478 5128 2840 5198 ἀποχρήσαιτ’
2906 5125 2969 5179 ἀν
3014 5141 3100 5187 τις
3131 5122 3310 5191 λόγοις
3355 5136 3414 5171 τε
3445 5118 3539 5172 καὶ
3561 5116 3899 5186 θεωρήμασι,

658 5211 871 5266 cacitas
909 5210 1153 5279 pateﬁat.
1180 5210 1295 5279 Age
1323 5212 1492 5279 enim,
1535 5216 1580 5271 si
1614 5216 1814 5287 placet,
1852 5223 2220 5288 praetermisso

2323 5221 2421 5285 τάς
2450 5219 2560 5273 τῶν
2590 5218 2818 5272 ἀνοσίων
2869 5215 3161 5288 αἱρετικῶν
3202 5212 3521 5284 φιλοψογίας
3548 5206 3900 5277 διακρουόμε-

659 5299 1283 5382 nuncdispensationis
1331 5317 1457 5357 cum
1506 5320 1674 5362 carne
1729 5323 2004 5375 sermone,
2040 5319 2228 5367 osten-

656 5391 857 5447 damus
897 5400 1045 5446 recte
1073 5392 1142 5447 de
1180 5393 1301 5463 ipso
1330 5393 1629 5465 Unigenito
1654 5398 1862 5456 dictum
1896 5416 2020 5457 esse
2048 5404 2178 5460 illud
2205 5424 2217 5460 :

665 5500 687 5533 τ
726 5480 864 5547 Quia
891 5498 994 5551 ego
1031 5496 1109 5536 ex-
1134 5483 1345 5551 meipso
1379 5500 1488 5538 non
1535 5486 1753 5558 loquor,
1792 5491 1889 5545 sed
1941 5492 2035 5564 qui
2074 5495 2224 5551 misit

661 5587 748 5627 tne
772 5569 952 5638 Pater,
984 5573 1102 5641 ipse
1140 5570 1274 5625 mihi
1310 5574 1627 5630 mandatum
1671 5579 1820 5634 dedit
1846 5582 1977 5653 quid
2020 5584 2220 5654 dicam,

735 5751 779 5783 “
809 5750 946 5808 Osee
978 5769 1082 5822 xit,
1111 5755 1200 5813 10.
1275 5756 1321 5787 ⁸⁸
1350 5753 1504 5807 Joan.
1545 5770 1571 5805 κ
1594 5792 1608 5819 ,
1640 5756 1729 5811 33.

2324 5328 2433 5375 νος,
2468 5309 2749 5377 οἰομένων,
2772 5309 2853 5362 ὃτι
2885 5310 3038 5378 μεῖον
3059 5306 3172 5373 ἕξει
3209 5304 3352 5359 κατά
3372 5320 3426 5356 τι
3453 5299 3581 5369 γοῦν
3600 5302 3630 5352 ὁ
3652 5297 3801 5361 Υἱὸς,
3826 5297 3899 5357 ὡς

2330 5400 2464 5471 πρὸς
2491 5400 2581 5451 τὸν
2616 5398 2808 5452 ἐαυτοῦ
2842 5400 3165 5472 Γεννήτορα,
3193 5396 3281 5451 διὰ
3325 5396 3387 5448 τὸ
3411 5394 3575 5462 φάναι
3597 5389 3777 5442 λαλεῖν
3805 5388 3899 5456 μὲν

2329 5491 2423 5561 ἀφ’
2456 5490 2649 5543 ἑαυτοῦ
2674 5490 2859 5560 μηδὲν,
2902 5490 3148 5545 δεδόσθαι
3182 5505 3245 5558 γε
3293 5488 3399 5559 μὴν
3433 5482 3673 5553 ἐντολήν,
3723 5480 3901 5534 λαλεῖν

2328 5598 2388 5636 τε
2416 5579 2557 5634 οὕτω
2602 5580 2853 5653 καθάπερ
2902 5583 3159 5654 ἠκροᾶτο.
3199 5580 3309 5635 Καὶ
3342 5578 3596 5651 ἀρκέσειν
3627 5572 3729 5646 μὲν
3746 5566 3901 5640 οἶμαι
