4144 6482
329 368 436 431 109

1365 364 1431 420 ΙΝ
1459 363 1742 423 JOANNIS
1776 364 2231 426 EVANGELIUM
2264 369 2391 426 LIB.
2424 371 2521 437 lx.

3474 380 3574 437 H0

327 487 425 543 καὶ
474 484 669 549 ταῦτα,
726 481 866 556 πλὴν
926 482 1037 553 ἐρῶ
1094 499 1145 537 τι
1205 483 1299 537 καὶ
1330 484 1517 555 ἕτερον
1542 484 1643 554 τῆς
1684 483 1904 539 ἐκείνων

2010 494 2063 541 et
2111 488 2243 557 quid
2294 489 2509 560 loquar.
2548 508 2568 543 ι
2618 485 2737 561 Ipse
2788 491 2933 548 enim
2974 508 3098 561 cum
3150 496 3223 553 sit
3279 499 3471 558 vivens
3518 514 3576 559 et

331 574 772 647 ἀθυρογλωττίας
812 574 912 643 τὴν
945 572 1104 645 ὕϐριν
1133 573 1496 644 ἀπογυμνοῦν.
1541 575 1676 645 Φέρε
1706 574 1833 645 γὰρ,
1858 576 1907 629 εἰ

330 668 497 733 δοκεῖ,
540 668 710 739 βραχὺ
758 665 1201 738 περιστείλαντες
1235 666 1335 737 τῆς
1381 666 1518 737 μετά
1542 666 1743 736 σαρκὸς
1772 668 1912 719 οἰκο-

330 759 522 830 νομίας
542 758 598 812 ἐν
623 776 687 828 γε
705 757 783 829 τῷ
798 758 1024 830 παρόντι
1037 758 1126 812 τὸν
1147 758 1326 826 λόγον,
1352 759 1437 811 ἐπ’
1456 756 1619 811 αὑτοῦ
1650 758 1907 812 δεικνύω-

333 866 437 920 μεν
462 850 558 904 τοῦ
588 849 926 919 Μονογενοῦς
950 850 1127 922 ὀρθῶς
1164 868 1222 903 τε
1277 852 1372 905 καὶ
1396 849 1578 913 καλῶς
1616 850 1908 921 εἰρημένον

331 942 421 995 τό·
459 960 478 993 ι
511 942 634 995 ’Ότι
682 941 793 1009 ἐγὼ
836 941 896 1008 ἐξ
928 940 1169 1013 ἐμαυτοῦ
1196 941 1257 995 οὐ
1278 940 1444 1004 λαλῶ,
1476 940 1592 994 ἀλλ’
1628 943 1656 993 ό
1690 940 1907 1012 πέμψας

330 1049 404 1104 με
424 1032 634 1104 Πατὴρ,
655 1033 819 1096 αὐτός
849 1050 940 1103 μοι
961 1033 1181 1103 ἐντολὴν
1217 1032 1437 1095 δέδωκε,
1473 1032 1525 1084 τί
1551 1032 1712 1095 εἴπω,
1738 1032 1833 1085 καὶ
1855 1031 1908 1084 τί

322 1123 569 1196 λαλήσω.
602 1143 620 1174 ι
665 1123 839 1188 Αὐτὸς
877 1123 987 1194 γὰρ
1034 1122 1110 1176 ὣν
1145 1125 1173 1176 6
1196 1122 1303 1188 ζῶν
1340 1140 1400 1175 τε
1424 1124 1518 1175 καὶ
1545 1123 1908 1185 ἐνυπόστατος

331 1214 504 1283 Λόγος
559 1214 654 1268 τοῦ
727 1213 863 1268 Θεοῦ
901 1214 997 1268 καὶ
1052 1214 1286 1286 Πατρὸς,
1341 1213 1654 1282 ἀναγκαίως
1685 1213 1903 1285 διερμη-

331 1304 477 1359 νεύει
532 1304 603 1359 τά
645 1307 704 1358 ἐν
754 1303 923 1375 αὐτῷ,
957 1305 1051 1358 καὶ
1083 1304 1145 1358 τὸ
1174 1305 1249 1368 ὼς
1284 1306 1342 1357 ἐν
1376 1304 1589 1376 θελήσει
1618 1305 1808 1360 δοκοῦν
1830 1306 1908 1378 τῷ

338 1397 456 1467 ἰδίῳ
491 1397 786 1468 Γεννήτορι
808 1396 1014 1464 ἐξάγων
1051 1398 1130 1459 είς
1169 1396 1308 1464 φῶς,
1331 1396 1405 1460 ὡς
1435 1396 1655 1466 ἐντολῆς
1681 1397 1908 1469 δύναμιν

334 1487 621 1557 εἰληφέναι
660 1488 844 1559 φησίν.
873 1486 999 1541 Ἰδοι
1033 1487 1076 1539 δ’
1100 1486 1165 1540 ἄν
1185 1504 1267 1549 τις
1295 1487 1390 1541 καὶ
1414 1489 1498 1557 ἐφ’
1533 1488 1691 1559 ἡμῶν
1728 1490 1909 1542 αὐτῶν

336 1578 540 1650 ἀληθὲς
564 1580 623 1633 τὸ
654 1582 906 1651 πρᾶγμα,
941 1580 1033 1634 καὶ
1063 1580 1162 1651 οὐχ
1187 1581 1387 1649 ἑτέρως
1417 1580 1558 1651 ἔχον.
1604 1581 1774 1649 Λόγος
1799 1582 1909 1654 γάρ

332 1668 731 1739 όπροφορικὸς,
781 1670 808 1721 6
855 1668 913 1720 ἐν
947 1669 1196 1723 συνθέσει
1237 1669 1433 1733 λέξεων
1482 1670 1575 1724 καὶ
1624 1671 1905 1743 ῥημάτων,

332 1757 422 1812 διά
444 1774 498 1810 τε
540 1758 719 1827 φωνῆς
746 1759 842 1828 τῆς
871 1760 1137 1831 ἐνάρθρου
1180 1761 1317 1831 πρὸς
1352 1761 1413 1814 τὸ
1450 1760 1555 1825 ἔξω
1577 1762 1905 1816 διακτυπού-

2008 580 2319 637 subsistens
2351 580 2443 637 Dei
2478 597 2543 637 ac
2586 583 2767 640 Patris
2802 584 3039 641 Verbum
3061 628 3077 653 ,
3112 591 3429 648 necessario
3455 609 3577 664 qua:

2009 670 2065 724 in
2098 685 2165 723 eo
2199 680 2327 725 sunt
2372 673 2644 738 enuntiat,
2698 675 3152 746 voluntatemque
3205 683 3471 751 genitoris
3518 686 3576 741 in

2009 759 2188 815 lucem
2230 760 2421 829 edens,
2470 766 2631 834 quasi
2690 768 3007 823 mandatum
3066 771 3232 843 718
3263 773 3483 845 aliquod
3517 792 3581 834 se

2008 849 2288 918 accepisse
2322 849 2416 905 ait.
2456 851 2611 918 Quod
2643 857 2895 926 exemplo
2924 874 2955 913 a
2987 860 3152 916 nobis
3188 862 3322 932 ipsis
3351 862 3577 919 deSum-

2008 946 2102 1009 pio
2141 954 2328 994 verum
2362 955 2488 996 esse
2525 946 2921 1014 comperietur.
2955 946 3147 1006 Sermo
3179 951 3577 1018 enuntiativus,

2008 1028 2310 1085 dictionum
2365 1046 2430 1086 ac
2486 1034 2775 1090 verborum
2829 1040 3233 1108 compositione
3281 1051 3576 1109 constans,

2009 1119 2211 1189 quique
2238 1122 2525 1177 articulata
2557 1139 2692 1180 voce
2723 1125 2875 1184 foras
2919 1132 3184 1201 erumpit,
3231 1137 3438 1191 mentis
3480 1151 3579 1191 no-

2010 1218 2137 1264 strae
2165 1211 2330 1265 veluti
2374 1211 2533 1282 jussu
2579 1215 2698 1283 ejus
2736 1231 2937 1275 arcana
2974 1225 3229 1291 recludit,
3276 1226 3441 1299 idque
3484 1244 3578 1285 ce-

2009 1294 2253 1352 lerriine.
2286 1299 2458 1355 Simul
2485 1305 2629 1358 enim
2660 1319 2727 1361 ac
2757 1323 2914 1364 mcns
2937 1312 3144 1382 aliquid
3167 1294 3437 1387 concepit,
3461 1327 3577 1374 tum

2009 1385 2065 1440 id
2100 1388 2221 1443 voci
2271 1392 2607 1448 committit:
2648 1395 2762 1453 hinc
2816 1409 2996 1455 autem
3056 1403 3208 1460 foras
3259 1385 3576 1479 erumpens,

2010 1490 2132 1544 qua:
2164 1476 2313 1535 intus
2344 1488 2397 1535 et
2428 1480 2480 1534 in
2510 1492 2691 1539 mente
2714 1495 2843 1542 sunt
2874 1489 3057 1545 abdita
3082 1495 3351 1561 enuntiat,
3381 1476 3483 1553 nec
3509 1499 3579 1556 de

2009 1568 2113 1622 sibi
2143 1572 2416 1628 mandatis
2438 1576 2733 1646 quidquam
2764 1588 2956 1636 mutat.
2987 1581 3127 1648 Quid
3159 1585 3358 1641 mirum
3387 1589 3576 1658 igitur,

2009 1667 2103 1712 aut
2140 1660 2478 1729 incredibile,
2525 1667 2736 1736 inquiet
2770 1672 2989 1742 aliquis,
3020 1675 3065 1728 si
3106 1673 3343 1732 Verbum
3389 1678 3483 1734 Dei
3512 1695 3579 1735 ac

2009 1747 2190 1805 Patris
2238 1768 2361 1807 cum
2404 1755 2475 1809 sit
2526 1757 2719 1825 Filius,
2768 1777 2879 1818 non
2938 1765 3104 1821 sicuti
3158 1776 3346 1826 noster
3399 1787 3579 1828 sermo

333 1866 516 1919 μενος,
560 1851 948 1921 ἐντελλομὲνης
986 1851 1178 1923 ὥσπερ
1209 1852 1466 1924 αὑτῷτῆς
1500 1855 1902 1925 ήμετέραςδια-

2009 1838 2241 1910 (majora
2272 1847 2417 1899 enim
2466 1858 2594 1903 sunt
2620 1853 2767 1907 omni
2799 1857 3051 1926 exemplo
3084 1858 3153 1914 de
3182 1858 3295 1916 Deo
3337 1878 3460 1933 qua:
3490 1864 3578 1919 di-

326 1942 498 2006 νοίας,
552 1943 887 1997 ἐκκαλύπτει
914 1944 983 1997 τὰ
1033 1945 1090 1996 ἐν
1141 1945 1302 2014 αὐτῇ,
1347 1943 1441 1997 καὶ
1463 1946 1512 1997 εί
1538 1945 1613 2014 μὴ
1644 1946 1701 1997 ἐν
1726 1946 1903 2017 χρόνῳ

322 2033 530 2104 μακρῷ
558 2034 619 2087 τὸ
672 2036 911 2105 ,πρᾶγμα
961 2034 1192 2103 γίνεται.
1227 2035 1378 2103 ’Ἅμα
1415 2036 1521 2105 γάρ
1542 2052 1595 2088 τι
1621 2037 1849 2105 συνῆκεν
1876 2038 1904 2090 ὁ

326 2122 472 2188 νοῦς,
504 2124 599 2178 καὶ
618 2125 887 2196 παρέθετο
914 2127 980 2195 τῇ
1014 2127 1163 2195 φωνῇ
1196 2142 1210 2155 ο
1235 2127 1268 2196 ἡ
1297 2125 1351 2177 δὲ
1380 2126 1515 2195 πρὸς
1541 2126 1604 2179 τὸ
1628 2126 1732 2192 ἔξω
1755 2125 1903 2195 βαδί-

329 2211 503 2275 ζουσα
563 2214 631 2267 τά
674 2216 732 2268 ἐν
784 2214 863 2285 τῷ
914 2214 1086 2284 βάθει,
1120 2215 1187 2267 τὰ
1232 2216 1289 2268 ἐν
1317 2214 1394 2285 τῷ
1421 2213 1503 2267 νοῒ
1530 2215 1903 2287 διερμηνεύειν

327 2304 788 2375 παραλλάττουσα
848 2306 1011 2376 μηδὲν
1064 2305 1172 2359 τῶν
1227 2304 1577 2375 ἐνταλμάτων
1635 2307 1795 2379 αὐτῇ.
1838 2307 1903 2360 Τί

328 2397 613 2461 τοίνυντὸ
662 2398 833 2463 ξένον,
893 2392 938 2451 ὦ
990 2391 1158 2459 οῦτοι,
1206 2398 1429 2467 φήσειεν
1459 2398 1523 2452 ἄν
1553 2416 1636 2462 τις
1664 2395 1723 2453 εὖ
1758 2400 1901 2471 μάλα

331 2487 470 2558 πρὸς
495 2489 758 2556 ἐκείνους,
814 2490 862 2541 εί
908 2487 1080 2556 Λόγος
1134 2486 1209 2539 ὢν
1232 2486 1324 2541 τοῦ
1353 2487 1487 2542 Θεοῦ
1526 2489 1618 2543 καὶ
1646 2491 1857 2560 Πατρὸς
1876 2493 1905 2546 6

332 2576 479 2643 Υἱὸς,
520 2579 619 2649 οὐχ
673 2579 864 2652 ὥσπερ
921 2584 950 2634 ό
1007 2582 1274 2652 ἡμέτερος
1326 2582 1522 2653 (μείζω
1565 2584 1674 2656 γὰρ
1702 2587 1906 2651 παντὸς

331 2668 753 2740 παραδείγματα
778 2671 993 2744 τάπερὶ
1026 2672 1185 2741 Θεοῦ)
1206 2672 1304 2743 τὴν
1347 2674 1441 2726 τοῦ
1464 2675 1716 2739 τεκόντος
1742 2677 1905 2730 αὐτὸν

326 2755 677 2829 διερμηνεῦει
740 2757 977 2829 βουλήν;
1008 2758 1076 2812 ’Ἡ
1123 2761 1231 2828 γὰρ
1267 2761 1386 2831 οὐχὶ
1424 2762 1518 2815 καὶ
1543 2764 1713 2833 ὄνομά
1742 2780 1904 2834 φησιν

327 2848 359 2899 6
387 2849 674 2919 προφήτης
702 2849 853 2918 αὐτῷ
887 2852 1363 2921 πρεπωδέστατον,
1418 2853 1700 2908 καλεῖσθαι
1738 2857 1905 2925 μεγά-

328 2932 428 3003 λης
458 2933 655 3006 βουλῆς
690 2937 993 3005 ’Δγγελονς
1036 2939 1177 2993 Ἀλλ’
1217 2937 1368 3011 οἶμαι
1406 2941 1499 2994 καὶ
1538 2942 1692 2995 τοῦτο
1729 2944 1906 3017 ὑπάρ-

328 3042 447 3097 χειν
477 3026 669 3094 σαφές.
734 3029 899 3081 Οὐδὲν
943 3030 1233 3101 τοιγαροῦν
1256 3034 1337 3094 είς
1367 3032 1459 3085 τὸν
1485 3032 1584 3103 τῆς
1607 3033 1797 3099 οὐσίας
1816 3035 1896 3088 λό-

329 3133 448 3186 γον,
480 3117 602 3189 ἦτοι
652 3119 751 3188 τῆς
774 3119 933 3183 ἀξίας
966 3121 1229 3192 ὑπομενεί
1275 3122 1334 3175 τὸ
1364 3122 1559 3193 βλάϐος
1598 3125 1628 3177 ό
1659 3126 1903 3195 Μονογε-

2006 1934 2231 2003 runtur)
2267 1936 2551 1996 Genitnris
2582 1943 2668 1997 sui
2703 1944 3041 2003 voluntatem
3072 1954 3360 2007 enuntiet?
3387 1953 3580 2012 Nonne

2006 2024 2154 2077 enim
2184 2034 2238 2080 et
2264 2028 2530 2099 propheta
2575 2048 2773 2090 nomen
2810 2037 2890 2091 ait
2933 2053 3058 2096 esse
3094 2042 3142 2096 ei
3172 2046 3579 2105 convenientis-

2007 2113 2230 2182 simum,
2273 2126 2333 2172 ut
2372 2122 2553 2192 magni
2584 2126 2803 2182 consilii
2832 2129 3074 2199 Angelus
3109 2132 3326 2189 dicatur
3350 2136 3430 2190 ⁸⁸2
3462 2136 3578 2197 Hoc

2005 2207 2259 2299 equidem
2294 2212 2504 2268 clarum
2540 2229 2663 2273 esse
2709 2228 2862 2289 pulo.
2897 2220 3047 2279 Nihil
3097 2225 3287 2297 igitur,
3320 2231 3472 2299 quod
3506 2232 3575 2287 ad

2005 2298 2334 2357 substantiae
2380 2306 2647 2363 rationem
2679 2319 2775 2381 aut
2806 2311 3093 2383 dignitatis
3139 2298 3356 2386 attinet,
3388 2320 3577 2379 damni

2005 2390 2247 2456 patietur
2295 2392 2636 2467 Unigenitus,
2694 2402 2822 2459 licet
2868 2408 3186 2463 mandatum
3236 2413 3575 2482 accepisses

2006 2474 2119 2531 Deo
2145 2490 2198 2536 et
2227 2479 2389 2537 Patre
2428 2486 2643 2543 dicatur
2672 2508 2685 2544 :
2724 2506 2851 2546 nam
2898 2502 2951 2548 et
2996 2511 3098 2552 nos
3132 2498 3234 2568 ipsi
3283 2474 3428 2570 saepe
3453 2503 3578 2559 aliis

2008 2575 2069 2622 ut
2093 2571 2302 2640 aliquid
2343 2573 2553 2631 faciant
2581 2578 2861 2648 jubemus,
2900 2602 3078 2657 neque
3111 2598 3294 2646 tamen
3323 2591 3468 2649 hanc
3504 2596 3578 2650 ob

2008 2672 2233 2715 causam
2261 2672 2456 2719 natura
2488 2669 2648 2725 nobis
2679 2672 2888 2730 similes
2921 2691 3044 2732 esse
3071 2678 3345 2747 desinent,
3377 2685 3578 2757 quippe

2008 2748 2101 2815 qui
2151 2765 2262 2805 non
2310 2754 2494 2810 minus
2543 2758 2653 2813 sint
2698 2762 2859 2819 nobis
2904 2748 3411 2828 consubstantiales
3449 2748 3575 2829 cum

2006 2848 2154 2904 ante,
2191 2852 2302 2897 tum
2330 2858 2450 2915 post
2497 2851 2835 2908 mandatum.
2879 2857 3114 2927 Atenim,
3154 2862 3393 2933 inquies,
3440 2882 3578 2922 con—

2005 2933 2401 2991 substantiales
2434 2941 2651 3009 quidem
2683 2956 2926 3011 manent,
2960 2952 3054 3005 sed
3095 2953 3360 3024 dignitate
3401 2959 3579 3014 mino-

2006 3036 2097 3077 res
2120 3026 2213 3093 qui
2244 3027 2441 3084 alienis
2470 3032 2787 3089 ministrant
2818 3038 3083 3109 imperiis.
3118 3044 3263 3099 Idem
3296 3062 3400 3117 ego
3440 3064 3580 3119 quo-

2003 3129 2113 3182 que
2146 3116 2244 3170 tibi
2280 3122 2589 3190 respondeo
2613 3124 2682 3179 de
2714 3126 3020 3199 Unigenito.
3054 3131 3110 3187 Si
3142 3136 3286 3191 enim
3310 3116 3578 3209 scriptum

332 3207 456 3278 γὴς,
483 3207 587 3261 κᾶν
640 3208 857 3279 ἐντολὴν
910 3210 1187 3280 εἰληφέναι
1210 3211 1434 3281 λέγηται
1475 3213 1624 3284 παρὰ
1651 3214 1742 3268 τοῦ
1767 3215 1902 3269 θεοῦ

2008 3221 2116 3260 non
2152 3218 2298 3263 esset
2327 3212 2395 3267 de
2421 3227 2488 3267 eo
2524 3233 2537 3270 :
2570 3233 2589 3267 ι
2638 3215 2777 3283 Quia
2818 3234 2944 3275 cum
2979 3222 3034 3277 in
3062 3224 3235 3279 forma
3268 3225 3360 3281 Dei
3404 3206 3579 3294 esset,

335 3297 429 3352 καὶ
460 3298 671 3369 Πατρός
694 3316 707 3329 ·
763 3300 882 3352 ἐπεὶ
909 3299 1002 3354 καὶ
1040 3304 1204 3371 ἡμεῖς
1240 3303 1396 3357 αὐτοὶ
1416 3304 1674 3369 πολλάκις
1697 3306 1908 3378 ἑτέροις

332 3385 698 3458 ἐντελλόμεθά
723 3406 799 3453 τι,
846 3390 940 3443 καὶ
969 3391 1100 3462 δρᾷν
1133 3392 1513 3465 ἐπιτάττομεν,
1546 3395 1661 3448 ἀλλ’
1688 3396 1750 3449 οὐ
1776 3397 1909 3451 ταύ-

327 3494 430 3548 της
456 3476 617 3531 ἕνεκα
650 3479 750 3548 τῆς
779 3481 957 3544 αἰτίας
985 3481 1082 3552 τὴν
1109 3483 1245 3554 πρὸς
1266 3486 1412 3555 ἡμᾶς
1438 3485 1728 3558 ὁμοιότητα
1751 3506 1909 3556 φυσι-

330 3565 434 3639 κὴν
466 3569 816 3640 ἀρνήσονται,
844 3572 963 3626 οὐδὲ
984 3573 1048 3626 τὸ
1077 3569 1216 3627 εἶναι
1238 3575 1361 3628 καθ’
1391 3576 1539 3645 ἡμᾶς
1570 3576 1906 3633 ἀποϐαλοῦν-

328 3674 443 3723 ται,
465 3654 629 3730 ἦττον
677 3661 827 3725 ὕντες
878 3663 1175 3731 όμοούσιοι,
1227 3664 1323 3717 καὶ
1369 3664 1475 3735 πρὸ
1524 3666 1621 3736 τῆς
1658 3667 1897 3737 ἐντολῆς,

329 3747 428 3801 καὶ
455 3748 595 3819 μετά
613 3748 713 3821 τὴν
738 3750 982 3821 ἐντολήν.
1028 3752 1167 3806 Ἀλλ’
1227 3753 1370 3825 ἐρεῖς
1428 3756 1508 3808 ὅτι
1536 3754 1754 3825 μένουσι
1801 3758 1900 3828 μὲν

330 3838 631 3907 ὀμοοῦσιοι,
683 3841 986 3913 ἡττώμενοι
1040 3842 1096 3897 δὲ
1137 3844 1237 3914 τῆς
1268 3841 1425 3909 ἀξίας
1452 3846 1783 3917 ὑπηρετοῦσι
1805 3849 1905 3922 τῆς

333 3929 634 4002 παρ’ήμίν.
673 3932 847 4002 Κάγὼ
893 3934 950 3988 δέ
996 3952 1079 3989 σοι
1134 3936 1270 4005 πρὸς
1297 3935 1455 3990 τοῦτό
1477 3953 1618 4008 φημι
1662 3939 1904 4011 περὶτοῦ

332 4018 685 4089 Μονογενοῦς.
734 4026 798 4078 Et
859 4025 958 4095 μὲν
996 4026 1105 4098 γὰρ
1149 4028 1249 4080 οὐκ
1305 4028 1522 4100 ἐγράφη
1562 4030 1691 4102 περὶ
1715 4030 1903 4097 αὑτοῦ,

338 4128 357 4163 ι
401 4112 520 4165 Ὀτι
545 4115 602 4166 ἐν
639 4118 818 4186 μορφῇ
846 4116 982 4170 Θεοῦ
1015 4118 1296 4189 ὑπάρχων,
1326 4120 1423 4190 οὐχ
1453 4121 1741 4192 ἁρπαγμὸν
1770 4124 1908 4195 ἡγή⁴

336 4218 469 4256 σατο
485 4204 547 4258 τὸ
577 4200 716 4260 εἶναι
749 4207 840 4259 ῐσα
868 4208 1006 4279 θεῷ,
1039 4208 1156 4262 ἀλλ’
1185 4210 1377 4263 ἐαυτὸν
1403 4211 1659 4277 ἐκένωσε,
1691 4214 1905 4283 μορφὴν

2006 3312 2118 3354 non
2154 3302 2399 3369 rapinam
2431 3305 2739 3364 arbitratus
2780 3319 2862 3364 est
2903 3327 3026 3369 esse
3060 3329 3119 3369 se
3146 3318 3412 3386 aequalem
3446 3321 3577 3386 Deo,

2005 3389 2101 3444 sed
2132 3394 2487 3463 semetipsum
2505 3398 2832 3469 exinanivit,
2859 3401 3086 3460 formam
3107 3411 3249 3463 servi
3279 3412 3579 3480 accipiens,

2007 3487 2063 3535 et
2102 3480 2295 3537 habitu
2332 3485 2590 3543 inventus
2635 3497 2697 3543 ut
2735 3491 2923 3559 homo,
2978 3494 3283 3553 humiliavit
3318 3502 3578 3572 semetip-

2011 3589 2131 3629 sum
2164 3576 2231 3640 ⁸⁷,
2276 3595 2296 3628 ι
2351 3580 2604 3635 nonnihil
2659 3582 2918 3641 fortassis
2970 3587 3084 3642 haec
3143 3598 3233 3645 tua
3271 3592 3414 3648 ratio
3464 3610 3579 3651 mo-

2008 3667 2180 3721 menti
2213 3668 2416 3723 liabere
2460 3670 2739 3728 videretur
2775 3693 2789 3729 :
2827 3692 3017 3732 verum
3053 3695 3178 3735 cum
3209 3685 3578 3754 subjectionis

2006 3770 2071 3811 ac
2099 3757 2453 3817 demissionis
2485 3765 2682 3820 modus
2711 3767 2989 3824 universis
3030 3779 3234 3841 pateat,
3270 3789 3373 3830 cur
3408 3786 3579 3849 teme-

2001 3860 2062 3902 re
2095 3862 2325 3906 accusas
2354 3867 2479 3907 cum
2504 3854 2597 3924 qui
2623 3864 2848 3926 propter
2864 3874 2966 3916 nos
2989 3862 3152 3916 etiam
3177 3866 3279 3921 hoc
3304 3868 3414 3936 pati
3448 3883 3578 3925 sus-

2004 3939 2209 3994 tinuit?
2257 3938 2508 4014 Undiqne
2550 3946 2717 4016 igitur
2744 3951 2809 4004 ad
2832 3950 3151 4022 dogmatum
3185 3957 3575 4017 rectitudinem

2004 4043 2260 4087 sermone
2332 4048 2645 4102 converso,
2711 4040 3000 4100 Dominum
3069 4060 3318 4106 nostrum
3389 4050 3576 4109 Jesurn

2004 4123 2283 4181 Christum
2320 4129 2534 4185 ratione
2564 4131 2997 4201 dispensationis
3030 4154 3153 4209 quae
3192 4142 3246 4195 in
3293 4145 3578 4214 proposito

2005 4215 2153 4271 dicto
2181 4220 2537 4275 continentur
2562 4222 2838 4279 elocutum
2874 4230 3201 4286 asserimus.

328 4294 517 4350 δούλου
541 4296 743 4363 λαϐὼν,
807 4299 900 4352 καὶ
922 4301 1161 4370 σχήματι
1220 4300 1464 4372 εὑρεθεὶς
1514 4302 1589 4366 ὡς
1632 4302 1938 4373 ἄνθρωπος,
2013 4306 2380 4375 ἐταπείνωσεν
2397 4311 2609 4378 ἐαυτὸν,
2655 4333 2675 4367 ι
2713 4311 2858 4385 εἶχεν
2881 4317 2947 4370 ἄν
2972 4335 3053 4371 σοι
3078 4321 3168 4373 καὶ
3194 4321 3295 4376 οὐκ
3316 4322 3579 4382 ἀπίθανον

331 4386 490 4454 λόγον
507 4388 606 4458 τῆς
638 4389 947 4458 ἀντιλογίας
987 4389 1049 4443 τδ
1079 4392 1283 4461 σχῆμα.
1325 4392 1537 4463 Ἐπειδὴ
1583 4393 1641 4447 δὲ
1672 4395 1771 4464 τῆς
1791 4396 2068 4467 ὑποταγῆς
2098 4400 2193 4452 καὶ
2252 4402 2630 4468 ταπεινώσεως
2694 4409 2929 4481 ἐναργὴς
2957 4410 2987 4464 6
3018 4413 3236 4484 τρόπος,
3297 4417 3352 4470 τί
3425 4417 3578 4490 ῥιψο-

331 4480 592 4545 κινδύνως
638 4483 896 4553 ἐπιτιμᾷς
944 4481 1023 4553 τῷ
1074 4482 1141 4536 δι’
1184 4485 1331 4553 ἡμᾶς
1390 4485 1484 4539 καὶ
1525 4484 1685 4539 τοῦτο
1750 4488 1940 4542 παθεῖν
2011 4491 2395 4561 ὑπομείναντι;
2453 4496 2795 4570 Πανταχόθεν
2847 4480 3134 4574 τοιγαροῦν
3190 4508 3270 4570 είς
3312 4480 3580 4580 ὀρθότητα

318 4571 617 4643 ,δογμάτων
671 4575 1046 4646 περιιστάντες
1100 4576 1191 4629 τὸν
1217 4576 1393 4644 λόγον,
1439 4579 1793 4649 οἰκονομικῶς
1826 4581 2103 4652 εἰρηκέναι
2150 4586 2328 4657 φαμὲν
2382 4588 2473 4643 τὸν
2520 4591 2721 4646 Κύριον
2784 4595 2940 4666 ἡμῶν
2991 4571 3195 4669 ’ίησοῦν
3241 4571 3580 4672 Χριστὸν.τά

328 4661 390 4715 ἐν
406 4660 485 4731 τῷ
514 4664 858 4734 προκειμένῳ
885 4664 1051 4734 ῥητῷ.

400 4753 522 4821 11ρὸ
560 4753 628 4807 δὲ
663 4753 776 4822 τῆς
829 4754 1041 4822 ἑορτῆς
1079 4755 1187 4809 τοῦ
1253 4755 1486 4826 Πάσχα,
1531 4757 1695 4825 είδὼς
1724 4761 1758 4815 ό
1805 4760 1904 4829 ’1η-

2079 4759 2196 4814 ΧΠΙ
2221 4802 2237 4827 ,
2292 4762 2345 4818 1.
2389 4765 2522 4819 Ante
2543 4766 2681 4820 diem
2715 4778 2888 4822 autem
2921 4771 3109 4838 festum
3138 4773 3382 4841 Pass/iw,
3406 4779 3550 4834 scim

327 4843 481 4911 σοῦς
506 4845 594 4899 ὅτι
631 4841 817 4914 ἦλθεν
842 4845 1030 4900 αὐτοῦ
1067 4846 1105 4913 ἡ
1142 4845 1283 4914 ὥρα,
1312 4847 1412 4901 ἵνα
1444 4848 1669 4916 μεταϐῇ
1692 4850 1759 4904 ἐκ
1795 4851 1903 4906 τοῦ

2006 4850 2156 4907 Iesus
2184 4854 2308 4924 quia
2331 4858 2466 4911 venit
2502 4857 2635 4912 liora
2672 4860 2785 4929 ejus
2816 4871 2873 4913 ut
2908 4870 3143 4917 transeat
3168 4880 3233 4917 ea:
3255 4865 3353 4920 hoc
3383 4872 3577 4927 mundo

327 4936 561 5005 κόσμου
590 4938 808 4992 τούτου
842 4938 993 5004 πρὸς
1022 4936 1127 4990 τόν
1146 4937 1397 5005 Πατέρα,
1417 4938 1739 5007 ἀγαπήσας
1760 4941 1900 5008 τοὺς

2006 4944 2071 4998 ad
2100 4947 2339 5012 Patrem,
2375 4964 2491 5001 cum
2517 4950 2791 5005 dilexisset
2826 4967 2950 5006 suos
2977 4954 3069 5022 qui
3088 4966 3240 5010 erant
3263 4958 3315 5011 in
3343 4962 3574 5029 mundo,

331 5029 520 5094 ιδίους
556 5029 699 5096 τοὺς
747 5030 819 5084 ἐν
866 5028 947 5094 τῷ
986 5030 1213 5099 κόσμῳ,
1260 5033 1347 5097 είς
1388 5031 1560 5097 τέλος
1586 5033 1903 5100 ἠγαπησεν

2006 5036 2057 5090 in
2092 5038 2247 5106 ﬁnem
2282 5040 2468 5094 dilexit
2494 5058 2603 5096 eos.

327 5120 570 5186 αὐτούς.

384 5210 512 5264 ’Δσυ
520 5211 793 5281 μφανέστε
801 5213 892 5284 ρόν
909 5214 1024 5266 ἐστι
1040 5216 1153 5277 τοῖς
1170 5214 1384 5279 πολλοῖς
1405 5214 1465 5268 τὸ
1481 5216 1538 5267 ἐν
1557 5232 1668 5278 τοις
1683 5233 1903 5286 προκειο

330 5300 512 5370 μένοις
543 5303 823 5373 θεώρημα,
853 5306 1023 5358 καὶού
1055 5306 1261 5377 σφόδρα
1291 5308 1485 5379 τρανὲς
1515 5309 1593 5371 είς
1618 5308 1897 5379 ἐξήγησιν,

327 5388 445 5441 ἀλλ’
472 5391 592 5445 οὐδὲ
628 5393 832 5446 ἀπλοῦν
872 5395 1015 5464 ἔχον,
1057 5396 1244 5469 ὥσπερ
1294 5398 1359 5452 ἄν
1405 5416 1490 5462 τις
1526 5400 1755 5471 οἰηθείη,
1810 5401 1899 5454 τὸν

325 5480 471 5534 νοῦν.
496 5482 603 5536 Τοῦ
633 5485 740 5556 γάρ
770 5485 833 5558 δὴ
868 5486 1027 5558 χάριν
1061 5488 1476 5558 ἐπισημαίνεται
1508 5491 1602 5542 νῦν
1639 5493 1669 5545 ό
1713 5492 1901 5545 θεσπέ-

326 5588 441 5637 σιος
468 5575 880 5648 εὐαγγελιστὴςν
911 5578 1007 5631 καὶ
1032 5579 1221 5651 ὥσπερ
1250 5598 1301 5633 τι
1323 5581 1428 5635 τῶν
1450 5583 1759 5650 ἀναγκαίων
1788 5587 1901 5637 ἐπι-

398 5748 443 5780 ⁶⁶
475 5749 577 5804 lsa.
616 5769 698 5818 ix,
735 5753 786 5817 6.
809 5769 921 5810 sec.
956 5755 1115 5812 LXX.
1202 5758 1244 5790 ⁸⁷
1288 5758 1519 5833 Philipp.
1551 5776 1627 5825 ιι,
1661 5760 1780 5817 6-3.

2073 5214 2378 5273 Obscurior
2390 5219 2630 5288 estapud
2646 5220 2845 5278 multos
2869 5222 3030 5293 hujus
3054 5224 3157 5280 loci
3182 5226 3345 5297 719
3368 5228 3575 5283 intelle-

2000 5315 2145 5370 ctus,
2168 5324 2275 5373 nec
2289 5310 2562 5378 explicatu
2584 5312 2873 5368 admodum
2896 5316 3093 5379 facilis,
3110 5320 3205 5373 sed
3225 5316 3404 5388 neque
3420 5334 3572 5388 aper-
3609 5356 3613 5359 τ

2001 5401 2297 5468 tnm,qnod
2324 5401 2447 5471 quis
2466 5402 2569 5457 sibi
2608 5403 2792 5459 forsan
2820 5411 3175 5476 persuaserit,
3197 5426 3419 5466 sensum
3443 5426 3573 5467 con-

2000 5492 2155 5547 tinet.
2181 5493 2352 5563 Cujus
2380 5496 2523 5551 enim
2544 5499 2623 5552 rei
2655 5500 2829 5568 gratia
2852 5500 3131 5570 signanter
3152 5504 3316 5558 modo
3346 5502 3570 5559 divinus

1999 5586 2337 5657 evangelista
2379 5587 2562 5647 dicere
2608 5592 2845 5660 videtur,
2877 5608 2941 5649 ac
2971 5596 3116 5650 velut
3140 5594 3363 5665 aliquod
3391 5609 3568 5667 operte
