4144 6478
621 384 717 444 HI

1605 374 1664 431 ε.
1695 367 1977 427 οιιιιιιι
2025 361 2500 422 nummum
2557 360 2877 418 manus.

3778 359 3896 414 ΗΞ

618 500 855 573 pretium
906 496 1204 559 observat,
1254 493 1448 549 dicens
1482 511 1499 544 ε
1552 508 1570 543 ι
1603 490 1744 544 Ante
1793 486 1939 541 diem
1998 491 2184 541 autem

2295 482 2465 551 τηρεῖ,
2485 480 2681 548 λέγων’
2704 497 2723 529 ι
2744 478 2855 547 Πρὸ
2874 476 2930 531 δὲ
2944 478 3041 547 τῆς
3056 477 3247 548 ἑορτῆς
3266 475 3358 529 τοῦ
3376 476 3587 544 Πάσχα,
3613 472 3773 538 είδὼς
3801 477 3894 529 ὅτι

620 593 823 648 festum
856 588 1116 650 Paschae,
1166 585 1350 642 sciens
1388 583 1516 652 quia
1556 581 1707 637 venit
1754 578 1891 631 liora
1924 576 2086 646 ejus,
2129 582 2188 629 ut

616 690 869 736 transeat
898 695 966 734 ex
999 678 1104 733 hoc
1139 675 1343 731 mundo
1380 675 1447 727 ad
1478 671 1696 725 Patrem
1716 669 1742 722 ’ί
1771 686 1792 722 ι
1827 666 1969 734 Quid
2006 672 2188 720 autem

615 781 705 825 est
729 784 894 838 porro
912 767 1059 838 quod
1090 767 1166 820 ait
1196 781 1211 818 :
1255 782 1274 817 ι
1298 765 1431 818 Cum
1459 761 1747 816 dilexisset
1772 773 1907 815 suos
1934 758 1994 812 in
2025 771 2190 811 mun-

619 860 689 915 do
710 899 728 925 ,
757 859 812 914 in
840 858 1001 913 tinem
1030 856 1219 911 dilexit
1240 854 1374 909 eos?
1400 872 1417 903 ι
1456 853 1518 907 In
1542 864 1741 920 magna
1771 850 1957 919 itaque
1984 848 2188 904 obscu-

617 952 803 1014 ritate,
823 949 930 1004 tale
942 947 1198 1018 quiddam
1224 946 1400 1015 ipsum
1422 943 1613 998 dicere
1628 942 1886 1005 arbitror,
1905 939 2189 1003 nimirum,

618 1048 745 1095 ante
795 1039 1092 1094 salutarem
1155 1035 1468 1104 passionem
1523 1031 1779 1102 quamvis
1825 1035 2191 1101 cognosceret

618 1130 875 1183 Salvator
907 1126 1021 1195 jam
1071 1124 1293 1179 tandem
1342 1123 1511 1177 veluti
1563 1137 1669 1193 pro
1720 1121 1932 1176 foribus
1985 1120 2197 1176 instare

617 1228 832 1287 tempus
870 1232 980 1287 quo
1005 1214 1073 1269 ad
1098 1215 1271 1269 cmlos
1310 1215 1655 1270 transiturus
1686 1222 1877 1277 esset,
1903 1211 2190 1283 perfectis-

617 1310 809 1364 simam
860 1316 1045 1361 tamen
1090 1321 1223 1377 erga
1273 1321 1405 1361 suos
1449 1307 1544 1375 qui
1591 1306 1645 1360 in
1670 1306 1773 1359 hoc
1799 1304 2005 1359 mundo
2031 1310 2190 1359 erant

614 1400 961 1456 dilectionem
992 1399 1335 1454 exhibuisse.
1356 1396 1513 1464 Quod
1548 1397 1595 1453 si
1625 1412 1805 1467 operae
1839 1395 2071 1465 pretium
2104 1394 2193 1448 vi-

613 1491 811 1546 deatur
843 1497 1018 1544 totam
1059 1505 1172 1544 rem
1217 1490 1383 1544 latius
1414 1489 1719 1559 explicare,
1770 1503 1880 1541 non
1920 1486 2193 1558 gravabor

614 1581 760 1651 quod
803 1581 969 1636 modo
999 1580 1116 1635 dixi
1152 1579 1335 1633 denuo
1368 1587 1639 1649 repetere.
1673 1576 1986 1633 Servatoris
2016 1575 2189 1631 nostri

612 1674 821 1729 Christi
856 1671 1091 1743 propria:
1112 1677 1246 1726 sunt
1285 1683 1348 1724 ac
1377 1668 1687 1739 peculiares
1713 1681 2062 1738 quaecunque
2092 1679 2192 1736 per

614 1780 739 1820 eum
769 1764 928 1819 facta:
956 1772 1085 1818 sunt
1115 1761 1418 1816 rationales
1455 1766 1510 1814 et
1549 1757 1957 1813 intellectuales
1976 1762 2192 1811 creatu-

2296 570 2555 643 έλήλυθεν
2592 572 2755 624 αὐτοῦ
2812 572 2845 641 ή
2881 570 3018 641 ὥρα,
3072 571 3157 623 ἵνα
3196 567 3405 639 μεταϐῇ
3446 568 3511 620 ὲκ
3539 567 3633 619 τοῦ
3670 568 3897 637 κόσμου

2296 659 2489 715 τούτου
2540 661 2677 731 πρὸς
2719 658 2811 712 τὸν
2861 657 3076 728 Πατέρα
3104 674 3123 723 ;
3159 674 3176 707 ι
3207 655 3272 708 Τί
3296 655 3352 708 δὲ
3374 650 3441 708 αὖ
3463 654 3627 708 πάλιν
3647 656 3771 708 ἐστὶ
3798 653 3897 719 τὸ,

2302 769 2322 804 ι
2366 752 2682 823 Ἀγαπήσας
2705 750 2829 813 τοὺς
2862 748 3026 811 ίδίους
3053 747 3180 810 τοὺς
3206 749 3266 800 ἐν
3293 745 3370 817 τῷ
3392 745 3604 816 κόσμῳ,
3629 749 3711 810 είς
3729 746 3894 809 τέλος

2299 840 2580 912 ἠγάπησεν
2604 840 2825 908 αὐτούς
2858 859 2877 891 ι
2909 841 3163 910 Ἔχοντος
3206 838 3389 891 τοίνυν
3440 837 3503 891 οὐ
3553 837 3799 909 μετρίως
3824 836 3899 890 τὸ

2296 932 2527 1002 ἀσαφὲς,
2577 930 2861 1001 βούλεσθαί
2913 948 2967 983 τι
3021 929 3262 983 τοιοῦτον
3296 925 3452 1001 οἶμαι
3486 928 3669 997 λέγειν
3696 927 3891 989 αὐτὸν.

2295 1027 2377 1080 ὅτι
2426 1025 2533 1098 πρὸ
2576 1025 2671 1078 τοῦ
2726 1022 2994 1095 σωτηρίου
3049 1023 3277 1086 πάθους,
3338 1021 3520 1076 καίτοι
3566 1019 3892 1090 γινώσκων,

2298 1116 2483 1185 φησιν,
2544 1117 2573 1168 6
2627 1114 2841 1185 Σωτὴρ,
2866 1114 2951 1167 ὅτι
2976 1112 3163 1166 λοιπόν
3213 1112 3308 1167 ἐπὶ
3348 1111 3543 1183 θύραις
3585 1111 3816 1180 γέγονεν
3855 1110 3895 1162 ὀ

2297 1206 2487 1277 καιρὸς
2540 1205 2628 1274 τῆς
2674 1205 2754 1268 είς
2791 1204 3053 1276 οὐρανοὺς
3092 1203 3499 1275 μεταστάσεως,
3530 1204 3890 1273 τελειοτάτην

2298 1294 2609 1361 ἐπεδείξατο
2637 1296 2736 1367 τὴν
2774 1296 3050 1366 ἀγάπησιν
3071 1296 3171 1365 τὴν
3192 1295 3321 1367 περὶ
3349 1296 3474 1358 τοὺς
3498 1295 3665 1355 ίδίους
3720 1294 3895 1356 δντας

2298 1391 2357 1443 ἐν
2387 1388 2520 1460 τῷδε
2545 1387 2622 1458 τῷ
2648 1388 2856 1459 κόσμῳ.
2886 1388 2998 1442 Καὶ
3026 1390 3075 1441 εί
3100 1389 3204 1459 χρή
3249 1404 3367 1451 πως
3398 1386 3743 1456 πλατυτέραν
3766 1387 3892 1448 τοῖς

2298 1480 2674 1551 προκειμένοις
2704 1479 2985 1549 ἐπινοῆσαι
3021 1478 3279 1551 θεωρίαν,
3300 1479 3439 1549 ὅπερ
3481 1477 3623 1549 ἔφην
3649 1477 3886 1546 ἀρτίως,

2297 1568 2391 1622 καὶ
2410 1568 2652 1632 είσαῦθις
2691 1568 2822 1639 ἐρῶ.
2844 1568 3005 1622 Ἴδεον
3040 1568 3139 1638 μέν
3161 1568 3271 1637 γὰρ
3297 1566 3392 1621 τοῦ
3425 1566 3682 1637 Σωτῆρος
3723 1564 3895 1635 ἡμῶν

2296 1658 2531 1730 Χριστοῦ
2547 1658 2616 1713 τὰ
2637 1660 2816 1713 πάντα
2827 1660 2895 1712 δι’
2914 1660 3078 1712 αὐτοῦ
3088 1658 3578 1728 γεγονότα,λογικὰ
3599 1657 3699 1710 καλ⁵
3718 1654 3890 1728 νοερὰ

2299 1748 2596 1820 κτίσματα,
2629 1750 2896 1819 Δυνάμεις
2947 1750 3004 1804 αἱ
3033 1750 3163 1815 ἄνω,
3209 1751 3303 1803 καί
3326 1749 3540 1820 Θρόνοι,
3559 1751 3655 1803 καὶ
3685 1746 3891 1819 κυριό-

619 1870 720 1917 τιο,
746 1854 1054 1909 Potestates
1085 1866 1364 1921 supernae,
1395 1848 1601 1903 Tlironi
1622 1888 1637 1912 ,
1661 1856 1716 1902 ct
1741 1846 2157 1901 Dominationes
2178 1886 2191 1910 ,

2296 1857 2477 1911 τητες,
2522 1841 2615 1894 καὶ
2664 1843 2767 1895 εῐτι
2823 1840 3033 1904 τούτοις
3074 1841 3356 1911 ὁμογενὲς,
3383 1841 3508 1895 ὅσον
3537 1842 3620 1903 είς
3651 1839 3746 1893 τὸν
3783 1840 3883 1893 τοῦ

614 1952 671 2000 et
702 1944 809 1999 alia
840 1944 896 1998 id
927 1958 1122 2014 genus,
1158 1943 1212 1995 in
1240 1947 1507 2011 quantum
1530 1946 1720 1994 creata
1744 1937 1837 1992 illa
1868 1945 2018 1992 sunt.
2046 1935 2187 1990 Sunt

616 2038 743 2090 item
770 2035 891 2103 ejus
930 2034 1166 2104 propriae
1195 2045 1539 2102 quaecunque
1582 2038 1713 2084 sunt
1755 2028 1812 2082 in
1844 2034 1991 2082 terra
2036 2040 2192 2080 crea-

613 2136 755 2182 tum
782 2126 1015 2180 rationis
1042 2132 1346 2195 compotes,
1382 2128 1661 2192 quatenus
1695 2119 1939 2173 omnium
1970 2125 2055 2172 est
2082 2114 2187 2169 Do-

616 2216 830 2281 minus,
854 2214 1073 2270 etiamsi
1103 2213 1353 2269 nonnulli
1389 2228 1513 2268 eum
1533 2227 1643 2267 non
1673 2211 1908 2265 adorent
1935 2216 1997 2262 ut
2029 2206 2190 2277 opili-

616 2321 755 2362 cem.
788 2304 992 2361 Dilexit
1031 2304 1202 2375 igitur
1233 2319 1365 2359 suos
1393 2302 1486 2374 qui
1520 2311 1678 2357 erant
1720 2301 1774 2355 in
1803 2300 2049 2363 mundo;
2090 2310 2192 2353 nec

615 2395 760 2448 enim
793 2394 1017 2465 angelos
1048 2393 1414 2464 apprehendit
1438 2432 1454 2454 .
1490 2391 1649 2462 juxta
1688 2390 1849 2444 Pauli
1886 2404 2075 2444 vocem
2109 2388 2187 2453 ⁸⁸,

615 2499 793 2553 neque
825 2492 1047 2554 propter
1074 2484 1388 2553 angelorum
1417 2492 1673 2536 naturam
1702 2482 1756 2535 in
1798 2480 1973 2534 forma
2004 2476 2098 2533 Dei
2125 2491 2192 2532 ac

616 2576 798 2629 Patris
835 2591 960 2629 cum
989 2585 1135 2630 esset
1155 2617 1169 2641 ,
1205 2590 1314 2629 non
1349 2574 1598 2645 rapinam
1624 2573 1929 2628 arbitratus
1949 2578 2035 2626 est
2068 2585 2191 2627 esse

614 2684 675 2723 se
698 2667 964 2737 aequalem
997 2665 1107 2720 Deo
1132 2667 1210 2729 ⁸ο,
1242 2666 1337 2721 sed
1368 2676 1593 2737 propter
1616 2681 1722 2719 nos
1745 2666 1930 2736 potius
1959 2664 2054 2734 qui
2090 2680 2191 2718 su-

615 2773 739 2813 mus
767 2758 821 2810 in
846 2756 951 2810 hoc
982 2755 1211 2819 mundo,
1243 2756 1547 2810 exinanivit
1572 2757 1838 2825 seipsum,
1873 2763 1928 2809 et
1957 2754 2190 2808 formam

614 2847 868 2902 servilem
899 2846 1133 2914 sumpsit
1157 2845 1253 2899 ille
1277 2845 1528 2898 omnium
1561 2842 1862 2907 Dominus,
1902 2841 2075 2894 nostri
2107 2839 2191 2894 di-

615 2939 858 2995 lectione
892 2944 948 2992 et
972 2950 1161 2990 amore
1185 2952 1253 2990 eo
1276 2943 1508 2991 vocatus
1533 2935 1601 2987 τ’.
1631 2932 1768 2986 Cum
1800 2946 1931 3001 ergo
1966 2931 2203 2995 dIICXIS-_

613 3036 699 3085 set
728 3042 823 3083 eos
856 3027 950 3096 qui
979 3035 1138 3082 erant
1175 3025 1234 3080 in
1270 3027 1375 3080 hoc
1420 3022 1664 3086 mundo,
1708 3022 1763 3074 in
1799 3021 1963 3074 tinem
2001 3019 2192 3073 dilexit

613 3132 713 3172 eos
736 3156 756 3180 ,
789 3116 916 3170 licet
946 3123 1072 3170 ante
1105 3115 1305 3170 festum
1334 3155 1353 3179 ,
1397 3120 1451 3167 et
1494 3120 1621 3165 ante
1665 3109 1910 3173 Pascha,
1946 3127 1966 3161 ι
1998 3107 2191 3165 Sciens

2295 1931 2625 2002 πεποιῆσθαι
2677 1930 2855 2000 λόγον.
2887 1931 3042 1985 Ἴδιον
3086 1932 3143 1985 δὲ
3204 1927 3271 1985 αὖ
3303 1932 3468 1984 πάλιν
3489 1930 3655 1985 αὑτοῦ
3682 1937 3781 1985 καὶ
3812 1931 3885 1984 τὰ

2292 2022 2387 2076 ἐπὶ
2412 2023 2512 2092 τῆς
2551 2023 2654 2093 γῆς
2714 2022 2927 2090 λογικὰ,
2988 2022 3126 2075 καθὸ
3160 2024 3381 2076 πάντων
3413 2023 3531 2075 ἐστὶ
3573 2024 3885 2093 Δεσπότης,

2294 2113 2389 2166 καὶ
2419 2114 2466 2165 εί
2504 2114 2576 2183 μή
2604 2129 2749 2176 τινες
2774 2111 3192 2183 προσκυνοῦσιν,
3209 2112 3285 2177 ὡς
3313 2112 3682 2183 Δημιουργόν.
3716 2112 3887 2181 Ἠγάι

2293 2211 2435 2275 πησε
2470 2205 2654 2257 τοίνυν
2711 2205 2837 2267 τοὺς
2864 2204 3029 2267 ἰδίους
3054 2206 3181 2265 τοὺς
3211 2206 3268 2257 ὲν
3296 2204 3375 2275 τῷ
3407 2205 3634 2274 κόσμῳο
3666 2203 3732 2257 ού
3772 2204 3889 2276 γὰρ

2293 2295 2538 2364 ἀγγέλων
2568 2295 3018 2365 ἐπιλαμϐάνεται,
3068 2297 3211 2350 κατὰ
3254 2296 3353 2368 τὴν
3378 2296 3475 2349 τοῦ
3511 2295 3735 2351 Παύλου
3769 2314 3889 2364 φω-

2293 2386 2410 2456 νὴν,
2442 2386 2565 2439 οὐδὲ
2614 2385 2701 2439 διὰ
2735 2386 2831 2457 τὴν
2872 2386 2978 2440 τῶν
3035 2386 3285 2456 ἀγγέλων
3346 2388 3531 2457 φύσιν,
3567 2390 3629 2440 ἐν
3694 2389 3883 2459 μορφῇ

2292 2476 2432 2530 Θεοῦ
2455 2477 2549 2532 καὶ
2575 2478 2788 2549 Πατρὺς
2812 2478 3093 2548 ὑπάρχων,
3112 2478 3212 2549 οὐχ
3226 2479 3519 2550 ἁρπαγμὸν
3552 2480 3809 2551 ἡγήσατο
3822 2478 3891 2531 τδ

2294 2564 2431 2622 εἶναι
2462 2569 2550 2621 ίσα
2575 2568 2717 2638 Θεῷο
2739 2568 2810 2621 δι’
2837 2569 2983 2639 ἡμᾶς
3001 2569 3058 2623 δὲ
3083 2570 3282 2639 μᾶλλον
3300 2572 3424 2633 τοὺς
3450 2571 3613 2633 ὂντας
3642 2572 3703 2624 έν
3745 2568 3888 2640 τῷδέ

2289 2658 2368 2727 τῷ
2387 2658 2600 2728 κόσμῳ,
2630 2657 2934 2711 κεκένωκεν
2955 2659 3166 2717 ἑαυτὸν.
3195 2662 3287 2712 καὶ
3320 2660 3539 2730 μορφὴν
3589 2659 3892 2725 ἀνεδέξατο

2292 2747 2391 2818 τὴν
2418 2749 2695 2817 οίκετικὴν
2712 2751 2741 2802 6
2765 2748 2984 2803 πάντων
3003 2749 3227 2821 Κύριος,
3249 2751 3442 2824 ἀγάπῃ
3464 2755 3531 2822 τῇ
3566 2768 3636 2804 πε
3647 2752 3702 2822 pl
3733 2753 3893 2823 ἡμᾶς

2293 2839 2634 2909 κεκλημένος
2684 2841 2763 2903 είς
2807 2840 2987 2895 τοῦτο.
3044 2843 3361 2913 Ἀγαπήσας
3407 2844 3590 2896 τοίνυν
3647 2848 3780 2907 τοὺς
3826 2846 3890 2898 έν

2293 2927 2429 2998 τῷδε
2472 2927 2548 2997 τῷ
2575 2929 2784 2999 κόσμῳ,
2820 2931 3111 3002 ἠγάπησεν
3140 2933 3339 2995 αὐτοὺς
3379 2934 3460 2996 είς
3483 2934 3661 2996 τέλος,
3701 2934 3891 2988 καίτοι

2294 3018 2390 3071 καὶ
2413 3018 2518 3089 πρὸ
2551 3020 2647 3090 τῆς
2677 3020 2893 3091 ἑορτῆς,
2920 3022 3015 3076 καὶ
3038 3022 3142 3093 πρὸ
3175 3023 3271 3077 τοῦ
3296 3024 3511 3094 Πάσχα,
3539 3045 3558 3076 ι
3597 3026 3779 3091 Είδὼς
3803 3027 3892 3079 ὃτι

2292 3106 2455 3183 ἦλθεν
2479 3114 2644 3167 αὐτοῦ
2678 3115 2873 3187 ήῶρα,
2906 3117 2995 3170 ἴνα
3031 3119 3239 3190 μεταϐῇ
3276 3121 3341 3173 ὲκ
3376 3120 3471 3173 τοῦ
3510 3121 3727 3192 κόσμου
3760 3122 3894 3175 ratio

617 3208 750 3276 quia
780 3206 931 3263 venit
962 3208 1100 3261 hora
1131 3207 1255 3276 ejus
1282 3213 1343 3258 ut
1379 3209 1626 3257 transeat
1650 3217 1718 3255 ex
1746 3200 1849 3254 hoc
1876 3200 2088 3253 mundo
2124 3199 2190 3253 ad

2295 3219 2389 3255 του
2420 3204 2549 3274 πρὸς
2578 3205 2669 3259 τὸν
2724 3207 2966 3278 Πατέρα.
3004 3226 3023 3260 ι
3048 3208 3154 3262 τοῦ
3224 3211 3323 3280 μὲν
3363 3212 3474 3283 γάρ
3510 3212 3587 3282 μὴ
3616 3214 3702 3275 είς
3730 3214 3895 3276 τέλος

612 3297 856 3355 Patrem.
889 3317 909 3351 ι
947 3295 1177 3353 Factum
1203 3297 1354 3351 enim
1376 3309 1500 3349 esse
1524 3292 1803 3347 hominem
1823 3329 1839 3354 ,
1881 3288 2028 3344 haud
2069 3303 2193 3358 per-

617 3389 759 3442 fecte
793 3386 1082 3457 diligentis
1127 3392 1307 3449 esset,
1347 3382 1453 3438 nisi
1506 3396 1605 3452 pro
1633 3380 1881 3434 omnium
1910 3379 2028 3433 vita
2048 3378 2194 3449 peri-

614 3481 795 3534 clitari
821 3480 1021 3546 vellet,
1064 3476 1163 3533 sed
1193 3478 1249 3531 in
1280 3474 1443 3530 ﬁnem
1482 3473 1678 3529 dilexit
1720 3486 1837 3534 eos,
1872 3485 2049 3540 neque
2081 3468 2191 3541 pati

614 3568 964 3634 detrectavit,
994 3564 1251 3638 quamvis
1295 3579 1588 3634 passurum
1623 3578 1682 3618 se
1728 3563 2047 3632 praesciret:
2091 3575 2193 3614 nec

613 3658 762 3712 enim
794 3658 979 3729 ignota
1025 3664 1122 3710 aut
1164 3656 1463 3725 improvisa
1499 3661 1619 3709 erat
1659 3651 1945 3707 Servatori
1984 3650 2194 3721 passio.

617 3746 757 3801 Cum
794 3763 959 3818 ergo,
990 3745 1208 3814 inquit,
1237 3741 1548 3798 Iudaeorum
1595 3740 1952 3813 petulantiam
1984 3746 2039 3792 et
2071 3751 2194 3791 cru-

612 3840 952 3910 ciﬁgentium
981 3838 1324 3907 impietatem
1356 3836 1531 3890 vitare
1559 3833 1773 3897 liceret,
1810 3843 2085 3886 summam
2112 3827 2196 3883 di-

613 3935 907 3991 lectionem
945 3930 1195 3987 exhibuit
1234 3929 1292 3984 in
1328 3942 1461 3984 suos
1497 3927 1593 3998 qui
1636 3934 1798 3981 erant
1847 3925 1905 3979 in
1953 3923 2191 3979 mundo:

612 4042 726 4085 non
758 4022 1038 4082 recusavit
1070 4022 1217 4078 enim
1266 4037 1370 4094 pro
1406 4022 1517 4076 vita
1560 4020 1804 4075 omnium
1846 4016 2008 4072 mori.
2040 4015 2195 4083 Quod

613 4119 761 4174 enim
792 4115 880 4169 hic
910 4111 1381 4184 perfectissimum
1402 4110 1727 4168 dilectionis
1758 4107 1980 4163 modum
2011 4107 2199 4163 videre

2294 3292 2681 3362 ἀγαπήσαντος
2737 3291 2825 3365 ῆν,
2881 3295 2943 3348 τὸ
3002 3297 3254 3363 γενέσθαι
3288 3300 3387 3369 μὲν
3447 3300 3764 3372 ἄνθρωπον,
3811 3302 3896 3373 μὴ

2298 3382 2404 3453 μὴν
2430 3381 2682 3453 ἐθελῆσαι
2703 3386 2908 3457 καὶτῆς
2937 3388 3192 3442 ἁπάντων
3227 3390 3685 3461 προκινδυνεῦσαι
3713 3392 3893 3465 ζωῆς,

2298 3472 2415 3527 ἀλλ’
2448 3474 2736 3545 ἠγάπησεν
2753 3477 2831 3542 είς
2855 3475 3026 3542 τέλος,
3059 3481 3150 3534 καὶ
3176 3479 3335 3532 τοῦτο
3364 3481 3558 3534 παθεῖν
3578 3483 3644 3536 ού
3678 3499 3897 3553 παραι-

2292 3564 2618 3635 τησάμενος,
2658 3566 2837 3622 καίτοι
2888 3569 3153 3641 προειδὼς
3204 3571 3285 3624 ὅτι
3327 3571 3609 3624 πείσεται·
3671 3573 3737 3626 οὐ
3778 3572 3898 3645 γὰρ

2293 3656 2537 3710 ἄποπτον
2568 3652 2637 3728 ῆν
2668 3657 2745 3728 τῷ
2795 3658 3009 3730 Σωτῆρι
3054 3662 3117 3714 τὸ
3154 3661 3349 3724 πάθος.
3392 3662 3543 3727 Ἐξδν
3570 3658 3689 3725 οὖν,
3724 3664 3897 3734 φησι,

2291 3747 2572 3818 διαδρᾶναι
2606 3748 2717 3801 τῶν
2753 3748 3021 3803 Ἰουδαίων
3039 3750 3137 3815 τὰς
3177 3752 3485 3823 παροινίας,
3521 3755 3620 3807 καὶ
3648 3754 3753 3825 τὴν
3780 3755 3899 3808 τῶν

2295 3838 2674 3910 σταυρούντων
2707 3840 3403 3914 άνοσιότητα,τελεωτάτην
3432 3844 3756 3908 ἐπεδείξατο
3788 3845 3901 3916 τὴν

2293 3930 2573 4000 ἀγάπησιν
2604 3929 2704 4001 τὴν
2746 3932 2826 3993 είς
2869 3931 3001 3995 τοὺς
3031 3932 3195 3995 ίδίους
3238 3934 3367 3996 τοὺς
3396 3935 3561 3998 ὄντας
3586 3936 3649 3989 ὲν
3679 3935 3764 4006 τῷ
3791 3937 3898 3989 2:6-

2296 4034 2443 4088 σμῳσ
2474 4022 2827 4090 παρῃτήσατο
2873 4021 2982 4093 γὰρ
3025 4021 3278 4093 οὐδαμῶς
3316 4024 3379 4075 τὸ
3429 4025 3522 4077 καὶ
3552 4024 3653 4095 τῆς
3708 4027 3895 4079 ἁπάν-

2293 4125 2403 4162 των
2427 4110 2791 4181 ὑπερτεθῆναι
2819 4112 2930 4184 εἷσ.
2963 4114 3386 4186 ύπερτεθνᾶναι]
3419 4113 3588 4184 ζωῆς.
3624 4118 3757 4170 Ὀτι
3776 4118 3901 4188 γὰρ

614 4208 817 4270 liccat,
866 4204 1048 4274 ipsum
1081 4210 1279 4258 testem
1316 4201 1592 4257 adducam
1625 4198 1912 4255 Dominum
1944 4205 2191 4253 nostrum

2295 4200 2545 4271 ἐντούτῳ
2601 4201 2837 4271 μάλιστα
2887 4201 3213 4257 τελεώτατον
3277 4203 3394 4257 ἔστι
3438 4204 3538 4274 τῆς
3566 4206 3899 4276 ἀγάπηςτδ

613 4299 802 4357 Jcsum
822 4298 1102 4354 Christum
1125 4295 1338 4353 sanctis
1366 4295 1533 4366 720
1553 4292 1845 4363 discipulis
1872 4294 1947 4347 ita
1977 4292 2191 4364 loquen-

2298 4291 2499 4362 μέτρον
2557 4291 2704 4357 ίδεῢν,
2743 4292 2907 4346 αὐτὸν
2952 4293 3200 4365 παροίσω
3250 4294 3503 4365 μάρτυρα
3546 4296 3640 4349 τὸν
3675 4296 3902 4369 Κύριον

616 4403 725 4447 tem
752 4410 764 4447 :
811 4409 839 4449 t_
868 4389 985 4445 Hoc
1010 4398 1095 4445 est
1128 4397 1459 4459 praeceptum
1496 4401 1677 4443 meum
1698 4429 1717 4452 ,
1751 4396 1809 4440 nt
1840 4385 2081 4457 diligatis
2109 4386 2191 4441 in-

2297 4382 2455 4452 ημῶν
2492 4381 2703 4452 Ἰησοῦν
2726 4382 2959 4453 Χριστὸν
2983 4385 3093 4447 τοῖς
3129 4385 3301 4451 ἁγίοις
3328 4385 3559 4453 λέγοντα
3584 4386 3894 4457 μαθηταῐᾲ

617 4482 817 4543 vicem,
841 4482 989 4536 sicut
1020 4478 1187 4534 dilexi
1213 4494 1329 4534 vos.
1357 4476 1620 4546 Maiorem
1645 4476 1794 4530 enim
1816 4476 1919 4529 hac
1942 4476 2191 4531 dilectio-

2304 4492 2323 4526 ι
2358 4471 2507 4543 Αὕτη
2526 4474 2671 4526 ἐστὶν
2700 4475 2733 4542 ἡ
2768 4472 2954 4543 ἐντολὴ
2981 4475 3014 4544 ἢ
3036 4474 3163 4545 ἐμὴ,
3187 4476 3275 4528 ἴνα
3301 4477 3553 4540 ἀγαπᾶτε
3592 4478 3899 4549 ἀλλήλους,

617 4586 744 4626 nem
771 4583 933 4623 nemo
960 4568 1128 4623 habet
1147 4602 1175 4631 ,-
1197 4575 1256 4621 nt
1286 4567 1527 4621 animam
1552 4580 1709 4621 suam
1738 4574 1904 4634 ponat
1935 4563 2060 4633 quis
2094 4579 2191 4634 pro

2297 4563 2484 4627 καθὼς
2508 4564 2769 4633 ἠγάπησα
2789 4564 2951 4633 ὑμᾶς.
2988 4565 3227 4629 Μείζονα
3272 4568 3380 4636 γὰρ
3426 4568 3632 4638 ταύτης
3658 4570 3904 4641 ἀγάπην

617 4660 815 4714 amicis
838 4658 956 4713 suis
982 4658 1048 4714 ⁷⁸.
1084 4676 1105 4711 ι
1142 4657 1285 4724 Quin
1315 4666 1369 4713 et
1402 4658 1507 4714 alia
1536 4658 1752 4711 ratione
1781 4657 1993 4711 ostendi
2018 4664 2191 4725 potest

2296 4653 2472 4717 οὐδεὶς
2541 4653 2673 4723 ἔχει,
2707 4656 2797 4708 ἵνα
2829 4671 2913 4718 τις
2942 4656 3040 4725 τὴν
3064 4656 3243 4727 ψυχὴν
3281 4657 3454 4711 αὖτοῦ
3494 4657 3561 4728 θῇ
3602 4660 3752 4730 ὑπὲρ
3776 4662 3901 4715 τῶν

617 4757 847 4808 sanctos,
873 4749 1243 4821 evangelistas
1278 4748 1551 4820 imprimis
1581 4762 1811 4803 curasse
1843 4756 1902 4801 ut
1941 4748 2191 4803 ostende-

2295 4742 2468 4811 φίλων
2488 4742 2671 4798 αὐτοῦ.
2703 4762 2725 4795 ι
2759 4743 2869 4797 Καὶ
2915 4743 3037 4797 καθ’
3078 4746 3262 4816 ἕτερον
3305 4746 3361 4799 δὲ
3392 4746 3595 4816 τρόπον
3632 4748 3725 4801 ἀεί
3769 4749 3899 4812 πῶς

618 4853 745 4899 rent
793 4841 1087 4897 Dominum
1134 4847 1385 4896 nostrum
1427 4839 1616 4896 Iesum
1660 4838 1943 4894 Christum
1985 4845 2191 4906 tempus

2295 4832 2415 4885 tm
2438 4831 2526 4884 διὰ
2556 4833 2796 4903 σπουδῆς
2826 4835 3049 4902 γεγονὸς
3078 4840 3191 4899 τοῖς
3217 4837 3393 4906 ἁγίοις
3437 4834 3897 4906 εὐαγγελισταῖς,

621 4934 896 5006 passionis
935 4933 1223 5004 praescisse
1252 4974 1268 5001 ,
1314 4948 1381 4988 ne
1429 4932 1554 5003 quis
1597 4931 1892 4986 haereticus
1934 4929 2191 4984 adversus

2300 4923 2587 4993 προειδότα
2638 4922 2906 4978 δεικνύειν
2934 4926 3028 4978 τὸν
3062 4927 3156 4980 τοῦ
3189 4928 3393 4991 πάθους
3422 4929 3617 4999 καιρὸν
3650 4930 3749 4982 τὸν
3775 4929 3896 4982 Κὸο

617 5028 740 5095 ejus
787 5024 1018 5097 gloriam
1066 5024 1419 5094 insurgeret,
1472 5023 1668 5078 dicens
1717 5035 1833 5091 pra:
1878 5018 2191 5074 inﬁrmitate

2306 5030 2421 5085 ριον
2449 5014 2607 5083 ἡμῶν
2639 5012 2847 5084 Ἰησοῦν
2868 5015 2959 5069 τὸν
2988 5017 3221 5087 Χριστόν
3241 5033 3255 5048 ο
3287 5018 3373 5070 ἵνα
3406 5019 3480 5087 μή
3513 5034 3597 5081 τις
3622 5017 3741 5072 τῶν
3768 5021 3898 5073 ἑτε-

617 5125 837 5185 captum
869 5114 1059 5181 fuisse,
1083 5122 1137 5170 et
1159 5129 1281 5170 cum
1314 5114 1520 5169 invitus
1542 5113 1605 5167 in
1629 5113 1863 5182 laqueos
1878 5108 2191 5164 Iudaeorum

2308 5100 2540 5174 ροδοξεῑν
2600 5102 2868 5158 εἰωθότων
2916 5104 3015 5175 τῆς
3047 5105 3197 5170 θείας
3236 5105 3405 5161 αὑτοῦ
3432 5106 3593 5178 δόξης
3616 5110 3898 5162 κατεπαὲι

622 5209 927 5273 incidisset,
959 5206 1401 5263 crudelissimam
1429 5212 1662 5261 mortem
1691 5202 2005 5273 pertulisse.
2035 5198 2191 5257 Utilis

2307 5208 2492 5264 ρηται,
2524 5191 2720 5262 λέγων,
2760 5194 2836 5258 ὡς
2863 5194 2979 5265 ῆλω
3009 5197 3109 5264 μὲν
3137 5197 3206 5249 δι’
3234 5196 3545 5262 ἀσθένειαν,
3579 5198 3809 5270 βρόχοις
3838 5200 3900 5253 δὲ

618 5313 758 5370 ergo
807 5307 860 5355 et
916 5298 1479 5370 addispensationem
1530 5294 1819 5366 pertinens
1876 5301 2191 5349 sanctorum

2302 5284 2418 5345 τοῖς
2467 5282 2734 5337 Ἰουδαίων
2790 5283 3128 5355 ἁνεθελήτως
3166 5287 3501 5357 περιπεσὼν,
3568 5290 3663 5343 τον
3744 5290 3906 5345 οὕτω

620 5404 828 5448 σει-ηιο,
2304 5372 2589 5428 πάνδεινον
2621 5376 2827 5446 ὑπέστη
2885 5375 3130 5431 θάνατον.
3181 5380 3536 5450 υίκονομικδς
3594 5382 3906 5455 τοιγαροῦν

2307 5466 2405 5520 καὶ
2433 5464 2705 5537 ὠφέλιμος
2730 5467 2839 5522 τῶν
2867 5468 3040 5536 ἁγίων
3059 5470 3087 5522 6
3118 5468 3296 5538 λόγος.
3875 5470 3878 5472 ⁷

688 5564 835 5633 XIII,
868 5565 993 5621 2-5.
1034 5563 1101 5618 Et
1137 5579 1286 5617 cinna
1313 5561 1491 5629 facta,
1529 5574 1648 5612 cum
1677 5555 1923 5612 diabolus
1945 5554 2058 5625 iam
2098 5555 2187 5608 im-

2380 5551 2490 5607 Καὶ
2524 5552 2772 5608 δείπνου
2794 5556 3118 5625 γενομένου
3142 5596 3157 5621 ,
3192 5557 3296 5611 τοῦ
3327 5558 3616 5615 διαϐόλου
3648 5560 3897 5629 ἤόηβθ

694 5748 740 5780 ⁸⁸
777 5746 944 5806 Hebr.
978 5765 1042 5813 ιι,
1082 5745 1169 5800 16.
1249 5743 1297 5774 ⁶⁹
1333 5741 1570 5812 Philipp.
1606 5755 1664 5803 ιι,
1698 5738 1750 5794 6.
1826 5739 1872 5771 ⁷⁸
1915 5737 2051 5794 ibid.
2084 5736 2135 5792 7.

2296 5733 2461 5788 .Ioan.
2495 5748 2583 5800 xv,
2624 5736 2709 5798 15,
2743 5735 2833 5790 Η.
