  <div class='ocr_page' id='page_1' title='image "/cluster/home/n/w/nwhite01/storage/ocr_20150623/74/hvd.32044019207919/064.png"; bbox 0 0 4144 6508; ppageno 0'>
   <div class='ocr_carea' id='block_1_1' title="bbox 347 415 456 475">
    <p class='ocr_par' dir='ltr' id='par_1_1' title="bbox 347 415 456 475">
     <span class='ocr_line' id='line_1_1' title="bbox 347 415 456 475; baseline 0.018 -2"><span class='ocrx_word' id='word_1_1' title='bbox 347 415 456 475; x_wconf 79' lang='lat' dir='ltr'><strong>N3</strong></span> 
     </span>
    </p>
   </div>
   <div class='ocr_carea' id='block_1_2' title="bbox 1392 409 2585 473">
    <p class='ocr_par' dir='ltr' id='par_1_2' title="bbox 1392 409 2585 473">
     <span class='ocr_line' id='line_1_2' title="bbox 1392 409 2585 473; baseline 0.001 -5"><span class='ocrx_word' id='word_1_2' title='bbox 1392 413 1462 468; x_wconf 69' lang='lat' dir='ltr'><strong>1N</strong></span> <span class='ocrx_word' id='word_1_3' title='bbox 1499 411 1785 470; x_wconf 74' lang='lat' dir='ltr'><strong>JOANNIS</strong></span> <span class='ocrx_word' id='word_1_4' title='bbox 1825 409 2279 473; x_wconf 70' lang='lat' dir='ltr'><strong>EVANGELIUM</strong></span> <span class='ocrx_word' id='word_1_5' title='bbox 2324 414 2459 471; x_wconf 83' lang='lat' dir='ltr'><strong>LIB.</strong></span> <span class='ocrx_word' id='word_1_6' title='bbox 2497 413 2585 469; x_wconf 72' lang='grc' dir='ltr'><em>ιιι.</em></span> 
     </span>
    </p>
   </div>
   <div class='ocr_carea' id='block_1_3' title="bbox 3494 416 3595 471">
    <p class='ocr_par' dir='ltr' id='par_1_3' title="bbox 3494 416 3595 471">
     <span class='ocr_line' id='line_1_3' title="bbox 3494 416 3595 471; baseline -0.01 0"><span class='ocrx_word' id='word_1_7' title='bbox 3494 416 3595 471; x_wconf 80' lang='grc' dir='ltr'><strong>ιιι</strong></span> 
     </span>
    </p>
   </div>
   <div class='ocr_carea' id='block_1_4' title="bbox 339 528 1922 604">
    <p class='ocr_par' dir='ltr' id='par_1_4' title="bbox 339 528 1922 604">
     <span class='ocr_line' id='line_1_4' title="bbox 339 528 1922 604; baseline -0.003 -17"><span class='ocrx_word' id='word_1_8' title='bbox 339 534 640 604; x_wconf 71' lang='grc' dir='ltr'><em>ὕληκότος</em></span> <span class='ocrx_word' id='word_1_9' title='bbox 706 532 794 599; x_wconf 77' lang='grc' dir='ltr'><em>τις</em></span> <span class='ocrx_word' id='word_1_10' title='bbox 848 530 963 600; x_wconf 79' lang='grc' dir='ltr'><em>τὴν</em></span> <span class='ocrx_word' id='word_1_11' title='bbox 1006 529 1260 600; x_wconf 78' lang='grc' dir='ltr'><strong>καρδίαν</strong></span> <span class='ocrx_word' id='word_1_12' title='bbox 1299 530 1485 586; x_wconf 79' lang='grc' dir='ltr'><em>Ἰούδα</em></span> <span class='ocrx_word' id='word_1_13' title='bbox 1518 530 1781 600; x_wconf 85' lang='grc' dir='ltr'><em>Σίμωνος</em></span> <span class='ocrx_word' id='word_1_14' title='bbox 1818 528 1922 583; x_wconf 85' lang='grc' dir='ltr'><em>τοῦ</em></span> 
     </span>
    </p>
   </div>
   <div class='ocr_carea' id='block_1_5' title="bbox 2022 528 3594 604">
    <p class='ocr_par' dir='ltr' id='par_1_5' title="bbox 2030 528 3594 587">
     <span class='ocr_line' id='line_1_5' title="bbox 2030 528 3594 587; baseline 0.001 -4"><span class='ocrx_word' id='word_1_15' title='bbox 2030 532 2256 587; x_wconf 80' lang='lat' dir='ltr'><strong>misisset</strong></span> <span class='ocrx_word' id='word_1_16' title='bbox 2290 532 2345 585; x_wconf 85' lang='lat' dir='ltr'><strong>in</strong></span> <span class='ocrx_word' id='word_1_17' title='bbox 2373 546 2462 585; x_wconf 87' lang='lat' dir='ltr'><strong>cor</strong></span> <span class='ocrx_word' id='word_1_18' title='bbox 2495 540 2552 584; x_wconf 84' lang='lat' dir='ltr'><strong>ut</strong></span> <span class='ocrx_word' id='word_1_19' title='bbox 2580 538 2810 585; x_wconf 70' lang='lat' dir='ltr'><strong>(ruam!</strong></span> <span class='ocrx_word' id='word_1_20' title='bbox 2834 545 2953 583; x_wconf 83' lang='lat' dir='ltr'><strong>eum</strong></span> <span class='ocrx_word' id='word_1_21' title='bbox 2980 528 3155 585; x_wconf 72' lang='lat' dir='ltr'><strong>Iudas</strong></span> <span class='ocrx_word' id='word_1_22' title='bbox 3183 529 3412 585; x_wconf 77' lang='lat' dir='ltr'><strong>Simonis</strong></span> <span class='ocrx_word' id='word_1_23' title='bbox 3442 530 3594 585; x_wconf 69' lang='lat' dir='ltr'><strong>lica-</strong></span> 
     </span>
    </p>
   </div>
   <div class='ocr_carea' id='block_1_6' title="bbox 353 620 1922 694">
    <p class='ocr_par' dir='ltr' id='par_1_6' title="bbox 353 620 1922 694">
     <span class='ocr_line' id='line_1_6' title="bbox 353 620 1922 694; baseline -0.003 -13"><span class='ocrx_word' id='word_1_24' title='bbox 353 623 747 694; x_wconf 76' lang='grc' dir='ltr'><em>ἰσκαριώτου,</em></span> <span class='ocrx_word' id='word_1_25' title='bbox 821 624 923 677; x_wconf 78' lang='grc' dir='ltr'><em>ινα</em></span> <span class='ocrx_word' id='word_1_26' title='bbox 965 620 1211 691; x_wconf 80' lang='grc' dir='ltr'><em>παραδῷ</em></span> <span class='ocrx_word' id='word_1_27' title='bbox 1254 622 1474 688; x_wconf 84' lang='grc' dir='ltr'><em>αὐτὸν,</em></span> <span class='ocrx_word' id='word_1_28' title='bbox 1528 622 1699 690; x_wconf 84' lang='grc' dir='ltr'><em>εἰδὼς</em></span> <span class='ocrx_word' id='word_1_29' title='bbox 1744 626 1778 677; x_wconf 83' lang='grc' dir='ltr'><em>ὁ</em></span> <span class='ocrx_word' id='word_1_30' title='bbox 1816 623 1922 693; x_wconf 81' lang='grc' dir='ltr'><strong>’1η-</strong></span> 
     </span>
    </p>
   </div>
   <div class='ocr_carea' id='block_1_7' title="bbox 343 713 1922 785">
    <p class='ocr_par' dir='ltr' id='par_1_7' title="bbox 343 713 1922 785">
     <span class='ocr_line' id='line_1_7' title="bbox 343 713 1922 785; baseline -0.003 -12"><span class='ocrx_word' id='word_1_31' title='bbox 343 717 497 785; x_wconf 87' lang='grc' dir='ltr'><em>σοῦς</em></span> <span class='ocrx_word' id='word_1_32' title='bbox 549 716 639 771; x_wconf 83' lang='grc' dir='ltr'><strong>δτι</strong></span> <span class='ocrx_word' id='word_1_33' title='bbox 702 713 901 770; x_wconf 75' lang='grc' dir='ltr'><em>πάντα</em></span> <span class='ocrx_word' id='word_1_34' title='bbox 955 713 1179 769; x_wconf 79' lang='grc' dir='ltr'><em>ἔδωκεν</em></span> <span class='ocrx_word' id='word_1_35' title='bbox 1200 713 1362 780; x_wconf 83' lang='grc' dir='ltr'><em>αὑτῷ</em></span> <span class='ocrx_word' id='word_1_36' title='bbox 1387 717 1422 769; x_wconf 85' lang='grc' dir='ltr'><em>ό</em></span> <span class='ocrx_word' id='word_1_37' title='bbox 1450 714 1651 785; x_wconf 78' lang='grc' dir='ltr'><em>Πατὴρ</em></span> <span class='ocrx_word' id='word_1_38' title='bbox 1701 718 1790 782; x_wconf 82' lang='grc' dir='ltr'><strong>εἰς</strong></span> <span class='ocrx_word' id='word_1_39' title='bbox 1813 716 1922 784; x_wconf 82' lang='grc' dir='ltr'><em>τὰς</em></span> 
     </span>
    </p>
   </div>
   <div class='ocr_carea' id='block_1_8' title="bbox 340 803 1921 876">
    <p class='ocr_par' dir='ltr' id='par_1_8' title="bbox 340 803 1921 876">
     <span class='ocr_line' id='line_1_8' title="bbox 340 803 1921 876; baseline 0.001 -16"><span class='ocrx_word' id='word_1_40' title='bbox 340 806 569 876; x_wconf 80' lang='grc' dir='ltr'><em>χεῖρας,</em></span> <span class='ocrx_word' id='word_1_41' title='bbox 604 805 703 861; x_wconf 79' lang='grc' dir='ltr'><strong>καί</strong></span> <span class='ocrx_word' id='word_1_42' title='bbox 743 805 835 861; x_wconf 87' lang='grc' dir='ltr'><strong>δτι</strong></span> <span class='ocrx_word' id='word_1_43' title='bbox 875 805 996 863; x_wconf 73' lang='grc' dir='ltr'><em>ἀπὸ</em></span> <span class='ocrx_word' id='word_1_44' title='bbox 1038 805 1187 860; x_wconf 79' lang='grc' dir='ltr'><em>Θεοῦ</em></span> <span class='ocrx_word' id='word_1_45' title='bbox 1222 803 1457 874; x_wconf 70' lang='grc' dir='ltr'><em>ἐξῆλθε,</em></span> <span class='ocrx_word' id='word_1_46' title='bbox 1500 806 1599 860; x_wconf 82' lang='grc' dir='ltr'><strong>καί</strong></span> <span class='ocrx_word' id='word_1_47' title='bbox 1636 808 1786 876; x_wconf 79' lang='grc' dir='ltr'><em>πρὸς</em></span> <span class='ocrx_word' id='word_1_48' title='bbox 1814 808 1921 863; x_wconf 82' lang='grc' dir='ltr'><em>τὸν</em></span> 
     </span>
    </p>
   </div>
   <div class='ocr_carea' id='block_1_9' title="bbox 342 896 1919 969">
    <p class='ocr_par' dir='ltr' id='par_1_9' title="bbox 342 896 1919 969">
     <span class='ocr_line' id='line_1_9' title="bbox 342 896 1919 969; baseline 0.001 -18"><span class='ocrx_word' id='word_1_49' title='bbox 342 897 494 953; x_wconf 74' lang='grc' dir='ltr'><em>θεὸν</em></span> <span class='ocrx_word' id='word_1_50' title='bbox 539 898 776 969; x_wconf 74' lang='grc' dir='ltr'><em>ὑπάγει,</em></span> <span class='ocrx_word' id='word_1_51' title='bbox 817 896 1104 968; x_wconf 75' lang='grc' dir='ltr'><em>ἐγείρεται</em></span> <span class='ocrx_word' id='word_1_52' title='bbox 1134 897 1202 952; x_wconf 83' lang='grc' dir='ltr'><em>ἐκ</em></span> <span class='ocrx_word' id='word_1_53' title='bbox 1249 896 1354 952; x_wconf 86' lang='grc' dir='ltr'><em>τοῦ</em></span> <span class='ocrx_word' id='word_1_54' title='bbox 1391 897 1661 963; x_wconf 77' lang='grc' dir='ltr'><strong>δείπνου,</strong></span> <span class='ocrx_word' id='word_1_55' title='bbox 1695 898 1794 952; x_wconf 85' lang='grc' dir='ltr'><strong>καί</strong></span> <span class='ocrx_word' id='word_1_56' title='bbox 1830 898 1919 953; x_wconf 82' lang='grc' dir='ltr'><em>τί·</em></span> 
     </span>
    </p>
   </div>
   <div class='ocr_carea' id='block_1_10' title="bbox 338 987 1921 1059">
    <p class='ocr_par' dir='ltr' id='par_1_10' title="bbox 338 987 1921 1059">
     <span class='ocr_line' id='line_1_10' title="bbox 338 987 1921 1059; baseline 0.002 -16"><span class='ocrx_word' id='word_1_57' title='bbox 338 993 484 1058; x_wconf 74' lang='grc' dir='ltr'><em>θησι</em></span> <span class='ocrx_word' id='word_1_58' title='bbox 526 990 600 1044; x_wconf 79' lang='grc' dir='ltr'><em>τὰ</em></span> <span class='ocrx_word' id='word_1_59' title='bbox 660 988 891 1059; x_wconf 69' lang='grc' dir='ltr'><em>ἱμάτια*</em></span> <span class='ocrx_word' id='word_1_60' title='bbox 942 988 1043 1044; x_wconf 81' lang='grc' dir='ltr'><strong>καί</strong></span> <span class='ocrx_word' id='word_1_61' title='bbox 1087 987 1290 1044; x_wconf 72' lang='grc' dir='ltr'><em>λαϐὼν</em></span> <span class='ocrx_word' id='word_1_62' title='bbox 1332 988 1595 1055; x_wconf 67' lang='grc' dir='ltr'><em>λέντιον,</em></span> <span class='ocrx_word' id='word_1_63' title='bbox 1638 989 1921 1052; x_wconf 74' lang='grc' dir='ltr'><strong>διέζωσεν</strong></span> 
     </span>
    </p>
   </div>
   <div class='ocr_carea' id='block_1_11' title="bbox 339 1073 1922 1149">
    <p class='ocr_par' dir='ltr' id='par_1_11' title="bbox 339 1073 1922 1149">
     <span class='ocr_line' id='line_1_11' title="bbox 339 1073 1922 1149; baseline 0.002 -17"><span class='ocrx_word' id='word_1_64' title='bbox 339 1079 580 1133; x_wconf 70' lang='grc' dir='ltr'><em>ἑαυτόν.</em></span> <span class='ocrx_word' id='word_1_65' title='bbox 609 1073 754 1134; x_wconf 75' lang='grc' dir='ltr'><em>Εἶτα</em></span> <span class='ocrx_word' id='word_1_66' title='bbox 808 1078 1031 1143; x_wconf 62' lang='grc' dir='ltr'><em>,ϐάλλει</em></span> <span class='ocrx_word' id='word_1_67' title='bbox 1077 1079 1233 1148; x_wconf 86' lang='grc' dir='ltr'><em>ὕδωρ</em></span> <span class='ocrx_word' id='word_1_68' title='bbox 1252 1081 1338 1145; x_wconf 74' lang='grc' dir='ltr'><em>εἰς</em></span> <span class='ocrx_word' id='word_1_69' title='bbox 1362 1078 1467 1132; x_wconf 88' lang='grc' dir='ltr'><em>τὸν</em></span> <span class='ocrx_word' id='word_1_70' title='bbox 1502 1079 1783 1149; x_wconf 80' lang='grc' dir='ltr'><strong>νιπτῆρα,</strong></span> <span class='ocrx_word' id='word_1_71' title='bbox 1819 1080 1922 1135; x_wconf 78' lang='grc' dir='ltr'><strong>καί</strong></span> 
     </span>
    </p>
   </div>
   <div class='ocr_carea' id='block_1_12' title="bbox 342 1168 1918 1239">
    <p class='ocr_par' dir='ltr' id='par_1_12' title="bbox 342 1168 1918 1239">
     <span class='ocr_line' id='line_1_12' title="bbox 342 1168 1918 1239; baseline 0.002 -16"><span class='ocrx_word' id='word_1_72' title='bbox 342 1169 567 1238; x_wconf 66' lang='grc' dir='ltr'><em>ἤρξατο</em></span> <span class='ocrx_word' id='word_1_73' title='bbox 612 1172 848 1224; x_wconf 74' lang='grc' dir='ltr'><em>νίπτειν</em></span> <span class='ocrx_word' id='word_1_74' title='bbox 896 1169 1039 1235; x_wconf 79' lang='grc' dir='ltr'><em>τοὺς</em></span> <span class='ocrx_word' id='word_1_75' title='bbox 1092 1169 1281 1236; x_wconf 76' lang='grc' dir='ltr'><em>πόδας</em></span> <span class='ocrx_word' id='word_1_76' title='bbox 1330 1168 1447 1223; x_wconf 84' lang='grc' dir='ltr'><strong>τῶν</strong></span> <span class='ocrx_word' id='word_1_77' title='bbox 1477 1168 1780 1239; x_wconf 82' lang='grc' dir='ltr'><strong>μαθητῶν,</strong></span> <span class='ocrx_word' id='word_1_78' title='bbox 1818 1172 1918 1227; x_wconf 81' lang='grc' dir='ltr'><strong>καί</strong></span> 
     </span>
    </p>
   </div>
   <div class='ocr_carea' id='block_1_13' title="bbox 336 1257 1627 1331">
    <p class='ocr_par' dir='ltr' id='par_1_13' title="bbox 336 1257 1627 1331">
     <span class='ocr_line' id='line_1_13' title="bbox 336 1257 1627 1331; baseline 0.002 -17"><span class='ocrx_word' id='word_1_79' title='bbox 336 1260 677 1331; x_wconf 74' lang='grc' dir='ltr'><strong>ἐκμάσσειν</strong></span> <span class='ocrx_word' id='word_1_80' title='bbox 696 1260 778 1329; x_wconf 78' lang='grc' dir='ltr'><em>τῷ</em></span> <span class='ocrx_word' id='word_1_81' title='bbox 802 1262 1018 1326; x_wconf 74' lang='grc' dir='ltr'><em>λεντίῳ</em></span> <span class='ocrx_word' id='word_1_82' title='bbox 1035 1258 1082 1326; x_wconf 75' lang='grc' dir='ltr'>ᾧ</span> <span class='ocrx_word' id='word_1_83' title='bbox 1106 1257 1183 1331; x_wconf 80' lang='grc' dir='ltr'><em>ἦν</em></span> <span class='ocrx_word' id='word_1_84' title='bbox 1217 1260 1627 1331; x_wconf 76' lang='grc' dir='ltr'><strong>διεζωσμένος.</strong></span> 
     </span>
    </p>
   </div>
   <div class='ocr_carea' id='block_1_14' title="bbox 417 1351 1916 1425">
    <p class='ocr_par' dir='ltr' id='par_1_14' title="bbox 417 1351 1916 1425">
     <span class='ocr_line' id='line_1_14' title="bbox 417 1351 1916 1425; baseline 0.002 -21"><span class='ocrx_word' id='word_1_85' title='bbox 417 1351 727 1424; x_wconf 77' lang='grc' dir='ltr'><em>Πρόῤῥιζον</em></span> <span class='ocrx_word' id='word_1_86' title='bbox 776 1355 805 1408; x_wconf 91' lang='grc' dir='ltr'><strong>ό</strong></span> <span class='ocrx_word' id='word_1_87' title='bbox 856 1353 1049 1424; x_wconf 81' lang='grc' dir='ltr'><em>Σωτὴρ</em></span> <span class='ocrx_word' id='word_1_88' title='bbox 1082 1354 1146 1407; x_wconf 77' lang='grc' dir='ltr'><em>ἐκ</em></span> <span class='ocrx_word' id='word_1_89' title='bbox 1188 1352 1296 1405; x_wconf 80' lang='grc' dir='ltr'><strong>τῶν</strong></span> <span class='ocrx_word' id='word_1_90' title='bbox 1320 1353 1605 1425; x_wconf 77' lang='grc' dir='ltr'><em>ἡμετέρων</em></span> <span class='ocrx_word' id='word_1_91' title='bbox 1647 1354 1916 1422; x_wconf 82' lang='grc' dir='ltr'><em>διανοιῶν,</em></span> 
     </span>
    </p>
   </div>
   <div class='ocr_carea' id='block_1_15' title="bbox 338 1442 1919 1515">
    <p class='ocr_par' dir='ltr' id='par_1_15' title="bbox 338 1442 1919 1515">
     <span class='ocr_line' id='line_1_15' title="bbox 338 1442 1919 1515; baseline 0.004 -21"><span class='ocrx_word' id='word_1_92' title='bbox 338 1442 417 1507; x_wconf 80' lang='grc' dir='ltr'><em>ὡς</em></span> <span class='ocrx_word' id='word_1_93' title='bbox 448 1443 772 1515; x_wconf 80' lang='grc' dir='ltr'><em>νοσημάτων</em></span> <span class='ocrx_word' id='word_1_94' title='bbox 796 1443 1090 1514; x_wconf 77' lang='grc' dir='ltr'><em>αἴσχιστον,</em></span> <span class='ocrx_word' id='word_1_95' title='bbox 1119 1442 1214 1497; x_wconf 72' lang='grc' dir='ltr'><em>καὶ</em></span> <span class='ocrx_word' id='word_1_96' title='bbox 1242 1443 1339 1514; x_wconf 78' lang='grc' dir='ltr'><em>τῆς</em></span> <span class='ocrx_word' id='word_1_97' title='bbox 1368 1443 1627 1498; x_wconf 73' lang='grc' dir='ltr'><em>ἁπάντων</em></span> <span class='ocrx_word' id='word_1_98' title='bbox 1657 1444 1919 1500; x_wconf 79' lang='grc' dir='ltr'><em>ἀνωτάτω</em></span> 
     </span>
    </p>
   </div>
   <div class='ocr_carea' id='block_1_16' title="bbox 341 1532 1919 1606">
    <p class='ocr_par' dir='ltr' id='par_1_16' title="bbox 341 1532 1919 1606">
     <span class='ocr_line' id='line_1_16' title="bbox 341 1532 1919 1606; baseline 0.003 -21"><span class='ocrx_word' id='word_1_99' title='bbox 341 1532 629 1604; x_wconf 68' lang='grc' dir='ltr'><em>βδελυρίας</em></span> <span class='ocrx_word' id='word_1_100' title='bbox 674 1534 839 1599; x_wconf 76' lang='grc' dir='ltr'><em>ἀξιον,</em></span> <span class='ocrx_word' id='word_1_101' title='bbox 874 1533 1241 1605; x_wconf 79' lang='grc' dir='ltr'><em>καταστρέφει</em></span> <span class='ocrx_word' id='word_1_102' title='bbox 1272 1537 1372 1606; x_wconf 72' lang='grc' dir='ltr'><em>τὴν</em></span> <span class='ocrx_word' id='word_1_103' title='bbox 1433 1535 1756 1606; x_wconf 78' lang='grc' dir='ltr'><em>ὑπεροψίαν.</em></span> <span class='ocrx_word' id='word_1_104' title='bbox 1795 1532 1919 1591; x_wconf 72' lang='grc' dir='ltr'><em>Οἵδε</em></span> 
     </span>
    </p>
   </div>
   <div class='ocr_carea' id='block_1_17' title="bbox 342 1622 1920 1701">
    <p class='ocr_par' dir='ltr' id='par_1_17' title="bbox 342 1622 1920 1701">
     <span class='ocr_line' id='line_1_17' title="bbox 342 1622 1920 1701; baseline 0.002 -24"><span class='ocrx_word' id='word_1_105' title='bbox 342 1622 455 1697; x_wconf 75' lang='grc' dir='ltr'><em>γὰρ</em></span> <span class='ocrx_word' id='word_1_106' title='bbox 479 1624 649 1688; x_wconf 85' lang='grc' dir='ltr'><em>οὑτως</em></span> <span class='ocrx_word' id='word_1_107' title='bbox 677 1624 825 1678; x_wconf 74' lang='grc' dir='ltr'><em>οὐδὲν</em></span> <span class='ocrx_word' id='word_1_108' title='bbox 845 1625 1051 1679; x_wconf 79' lang='grc' dir='ltr'><em>ἀδικεῖν</em></span> <span class='ocrx_word' id='word_1_109' title='bbox 1077 1624 1272 1689; x_wconf 84' lang='grc' dir='ltr'><em>εἰωθὸς</em></span> <span class='ocrx_word' id='word_1_110' title='bbox 1299 1625 1397 1697; x_wconf 75' lang='grc' dir='ltr'><em>τὴν</em></span> <span class='ocrx_word' id='word_1_111' title='bbox 1418 1625 1711 1695; x_wconf 84' lang='grc' dir='ltr'><em>ἀνθρώπου</em></span> <span class='ocrx_word' id='word_1_112' title='bbox 1740 1627 1920 1701; x_wconf 80' lang='grc' dir='ltr'><em>ψυχὴν</em></span> 
     </span>
    </p>
   </div>
   <div class='ocr_carea' id='block_1_18' title="bbox 341 1713 1918 1787">
    <p class='ocr_par' dir='ltr' id='par_1_18' title="bbox 341 1713 1918 1787">
     <span class='ocr_line' id='line_1_18' title="bbox 341 1713 1918 1787; baseline 0.004 -21"><span class='ocrx_word' id='word_1_113' title='bbox 341 1714 419 1778; x_wconf 83' lang='grc' dir='ltr'><em>ὡς</em></span> <span class='ocrx_word' id='word_1_114' title='bbox 435 1713 590 1769; x_wconf 84' lang='grc' dir='ltr'><em>τοῦτο</em></span> <span class='ocrx_word' id='word_1_115' title='bbox 629 1714 864 1785; x_wconf 84' lang='grc' dir='ltr'><em>μάλιστα</em></span> <span class='ocrx_word' id='word_1_116' title='bbox 892 1716 953 1769; x_wconf 71' lang='grc' dir='ltr'><em>τὸ</em></span> <span class='ocrx_word' id='word_1_117' title='bbox 982 1717 1181 1787; x_wconf 75' lang='grc' dir='ltr'><em>μιαρὸν</em></span> <span class='ocrx_word' id='word_1_118' title='bbox 1212 1718 1304 1771; x_wconf 78' lang='grc' dir='ltr'><em>καὶ</em></span> <span class='ocrx_word' id='word_1_119' title='bbox 1342 1716 1689 1771; x_wconf 75' lang='grc' dir='ltr'><em>ἀπόπτυστον</em></span> <span class='ocrx_word' id='word_1_120' title='bbox 1728 1718 1918 1786; x_wconf 77' lang='grc' dir='ltr'><em>πάθος,</em></span> 
     </span>
    </p>
   </div>
   <div class='ocr_carea' id='block_1_19' title="bbox 336 1799 1919 1877">
    <p class='ocr_par' dir='ltr' id='par_1_19' title="bbox 336 1799 1919 1877">
     <span class='ocr_line' id='line_1_19' title="bbox 336 1799 1919 1877; baseline 0.004 -18"><span class='ocrx_word' id='word_1_121' title='bbox 336 1799 387 1873; x_wconf 77' lang='grc' dir='ltr'>ᾧ</span> <span class='ocrx_word' id='word_1_122' title='bbox 412 1808 507 1860; x_wconf 75' lang='grc' dir='ltr'><em>καὶ</em></span> <span class='ocrx_word' id='word_1_123' title='bbox 528 1805 686 1870; x_wconf 69' lang='grc' dir='ltr'><em>αὑτὸς</em></span> <span class='ocrx_word' id='word_1_124' title='bbox 717 1807 745 1860; x_wconf 83' lang='grc' dir='ltr'>ὁ</span> <span class='ocrx_word' id='word_1_125' title='bbox 788 1806 1006 1862; x_wconf 71' lang='grc' dir='ltr'><em>πάντων</em></span> <span class='ocrx_word' id='word_1_126' title='bbox 1057 1810 1355 1877; x_wconf 83' lang='grc' dir='ltr'><em>Δεσπότης.</em></span> <span class='ocrx_word' id='word_1_127' title='bbox 1385 1809 1460 1874; x_wconf 83' lang='grc' dir='ltr'><em>ὡς</em></span> <span class='ocrx_word' id='word_1_128' title='bbox 1496 1811 1553 1863; x_wconf 84' lang='grc' dir='ltr'><em>ὲν</em></span> <span class='ocrx_word' id='word_1_129' title='bbox 1580 1810 1729 1877; x_wconf 74' lang='grc' dir='ltr'><em>τάξει</em></span> <span class='ocrx_word' id='word_1_130' title='bbox 1757 1812 1919 1865; x_wconf 72' lang='grc' dir='ltr'><em>πολεο</em></span> 
     </span>
    </p>
   </div>
   <div class='ocr_carea' id='block_1_20' title="bbox 2024 620 3595 692">
    <p class='ocr_par' dir='ltr' id='par_1_20' title="bbox 2024 620 3595 692">
     <span class='ocr_line' id='line_1_20' title="bbox 2024 620 3595 692; baseline 0.001 -16"><span class='ocrx_word' id='word_1_131' title='bbox 2024 622 2183 677; x_wconf 76' lang='lat' dir='ltr'><strong>rietes</strong></span> <span class='ocrx_word' id='word_1_132' title='bbox 2206 664 2223 687; x_wconf 92' lang='lat'><strong>,</strong></span> <span class='ocrx_word' id='word_1_133' title='bbox 2272 624 2442 676; x_wconf 75' lang='lat' dir='ltr'><strong>sciens</strong></span> <span class='ocrx_word' id='word_1_134' title='bbox 2478 620 2636 675; x_wconf 71' lang='lat' dir='ltr'><strong>Iesus</strong></span> <span class='ocrx_word' id='word_1_135' title='bbox 2671 620 2796 692; x_wconf 79' lang='lat' dir='ltr'><strong>quia</strong></span> <span class='ocrx_word' id='word_1_136' title='bbox 2839 623 3019 677; x_wconf 72' lang='lat' dir='ltr'><strong>omnia</strong></span> <span class='ocrx_word' id='word_1_137' title='bbox 3056 620 3206 677; x_wconf 83' lang='lat' dir='ltr'><strong>dedit</strong></span> <span class='ocrx_word' id='word_1_138' title='bbox 3252 621 3302 675; x_wconf 80' lang='lat' dir='ltr'><strong>ei</strong></span> <span class='ocrx_word' id='word_1_139' title='bbox 3333 620 3500 677; x_wconf 82' lang='lat' dir='ltr'><strong>Pater</strong></span> <span class='ocrx_word' id='word_1_140' title='bbox 3539 625 3595 677; x_wconf 78' lang='lat' dir='ltr'><strong>in</strong></span> 
     </span>
    </p>
   </div>
   <div class='ocr_carea' id='block_1_21' title="bbox 2022 711 3593 785">
    <p class='ocr_par' dir='ltr' id='par_1_21' title="bbox 2022 711 3593 785">
     <span class='ocr_line' id='line_1_21' title="bbox 2022 711 3593 785; baseline -0.002 -14"><span class='ocrx_word' id='word_1_141' title='bbox 2022 731 2232 779; x_wconf 65' lang='lat' dir='ltr'><strong>manus,</strong></span> <span class='ocrx_word' id='word_1_142' title='bbox 2263 723 2314 768; x_wconf 82' lang='lat' dir='ltr'><strong><em>et</em></strong></span> <span class='ocrx_word' id='word_1_143' title='bbox 2340 714 2465 785; x_wconf 80' lang='lat' dir='ltr'><strong>quia</strong></span> <span class='ocrx_word' id='word_1_144' title='bbox 2496 732 2531 768; x_wconf 89' lang='lat' dir='ltr'><strong>a</strong></span> <span class='ocrx_word' id='word_1_145' title='bbox 2558 711 2667 770; x_wconf 89' lang='lat' dir='ltr'><strong>Deo</strong></span> <span class='ocrx_word' id='word_1_146' title='bbox 2692 713 2852 770; x_wconf 79' lang='lat' dir='ltr'><strong>exiuit</strong></span> <span class='ocrx_word' id='word_1_147' title='bbox 2885 722 2934 769; x_wconf 85' lang='lat' dir='ltr'><strong><em>et</em></strong></span> <span class='ocrx_word' id='word_1_148' title='bbox 2966 713 3036 767; x_wconf 79' lang='lat' dir='ltr'><strong>ad</strong></span> <span class='ocrx_word' id='word_1_149' title='bbox 3072 713 3236 769; x_wconf 83' lang='lat' dir='ltr'><strong>Deum</strong></span> <span class='ocrx_word' id='word_1_150' title='bbox 3266 714 3439 782; x_wconf 77' lang='lat' dir='ltr'><strong>vadit,</strong></span> <span class='ocrx_word' id='word_1_151' title='bbox 3471 731 3593 770; x_wconf 76' lang='lat' dir='ltr'><strong>sur—</strong></span> 
     </span>
    </p>
   </div>
   <div class='ocr_carea' id='block_1_22' title="bbox 2018 807 3591 878">
    <p class='ocr_par' dir='ltr' id='par_1_22' title="bbox 2018 807 3591 878">
     <span class='ocr_line' id='line_1_22' title="bbox 2018 807 3591 878; baseline 0 -16"><span class='ocrx_word' id='word_1_152' title='bbox 2018 808 2093 878; x_wconf 84' lang='lat' dir='ltr'><strong>git</strong></span> <span class='ocrx_word' id='word_1_153' title='bbox 2127 825 2159 861; x_wconf 87' lang='lat' dir='ltr'><strong>a</strong></span> <span class='ocrx_word' id='word_1_154' title='bbox 2191 823 2335 861; x_wconf 70' lang='lat' dir='ltr'><strong>creua</strong></span> <span class='ocrx_word' id='word_1_155' title='bbox 2362 846 2377 872; x_wconf 89' lang='lat'><strong>,</strong></span> <span class='ocrx_word' id='word_1_156' title='bbox 2422 815 2472 862; x_wconf 86' lang='lat' dir='ltr'><strong><em>et</em></strong></span> <span class='ocrx_word' id='word_1_157' title='bbox 2503 807 2650 874; x_wconf 72' lang='lat' dir='ltr'><strong>ponit</strong></span> <span class='ocrx_word' id='word_1_158' title='bbox 2692 807 2999 862; x_wconf 71' lang='lat' dir='ltr'><strong>uestimenta</strong></span> <span class='ocrx_word' id='word_1_159' title='bbox 3030 822 3131 861; x_wconf 82' lang='lat' dir='ltr'><strong>sua</strong></span> <span class='ocrx_word' id='word_1_160' title='bbox 3167 820 3186 862; x_wconf 90' lang='lat'><strong><em>:</em></strong></span> <span class='ocrx_word' id='word_1_161' title='bbox 3215 815 3265 860; x_wconf 85' lang='lat' dir='ltr'><strong>et</strong></span> <span class='ocrx_word' id='word_1_162' title='bbox 3293 822 3411 862; x_wconf 85' lang='lat' dir='ltr'><strong>cum</strong></span> <span class='ocrx_word' id='word_1_163' title='bbox 3440 823 3591 862; x_wconf 82' lang='lat' dir='ltr'><strong>acce-</strong></span> 
     </span>
    </p>
   </div>
   <div class='ocr_carea' id='block_1_23' title="bbox 2017 899 3595 970">
    <p class='ocr_par' dir='ltr' id='par_1_23' title="bbox 2017 899 3595 970">
     <span class='ocr_line' id='line_1_23' title="bbox 2017 899 3595 970; baseline 0.001 -17"><span class='ocrx_word' id='word_1_164' title='bbox 2017 902 2179 970; x_wconf 77' lang='lat' dir='ltr'><strong>pisset</strong></span> <span class='ocrx_word' id='word_1_165' title='bbox 2214 900 2459 965; x_wconf 66' lang='lat' dir='ltr'><strong>linteum,</strong></span> <span class='ocrx_word' id='word_1_166' title='bbox 2495 900 2778 970; x_wconf 66' lang='lat' dir='ltr'><strong>prmciuzit</strong></span> <span class='ocrx_word' id='word_1_167' title='bbox 2811 901 2899 969; x_wconf 58' lang='lat' dir='ltr'><strong>ﬁse.</strong></span> <span class='ocrx_word' id='word_1_168' title='bbox 2950 899 3150 955; x_wconf 79' lang='lat' dir='ltr'><strong>Deinde</strong></span> <span class='ocrx_word' id='word_1_169' title='bbox 3192 899 3353 953; x_wconf 82' lang='lat' dir='ltr'><strong>mittit</strong></span> <span class='ocrx_word' id='word_1_170' title='bbox 3397 916 3595 970; x_wconf 76' lang='grc' dir='ltr'><em>ιιιιυοιη</em></span> 
     </span>
    </p>
   </div>
   <div class='ocr_carea' id='block_1_24' title="bbox 2018 990 3595 1062">
    <p class='ocr_par' dir='ltr' id='par_1_24' title="bbox 2018 990 3595 1062">
     <span class='ocr_line' id='line_1_24' title="bbox 2018 990 3595 1062; baseline -0.001 -16"><span class='ocrx_word' id='word_1_171' title='bbox 2018 992 2074 1046; x_wconf 78' lang='lat' dir='ltr'><strong>in</strong></span> <span class='ocrx_word' id='word_1_172' title='bbox 2112 992 2335 1061; x_wconf 81' lang='lat' dir='ltr'><strong>pelvim,</strong></span> <span class='ocrx_word' id='word_1_173' title='bbox 2384 1000 2432 1044; x_wconf 88' lang='lat' dir='ltr'><strong><em>et</em></strong></span> <span class='ocrx_word' id='word_1_174' title='bbox 2483 991 2633 1060; x_wconf 71' lang='lat' dir='ltr'><strong>coepit</strong></span> <span class='ocrx_word' id='word_1_175' title='bbox 2678 991 2858 1047; x_wconf 79' lang='lat' dir='ltr'><strong>lauare</strong></span> <span class='ocrx_word' id='word_1_176' title='bbox 2880 990 3033 1061; x_wconf 83' lang='lat' dir='ltr'><strong>pedes</strong></span> <span class='ocrx_word' id='word_1_177' title='bbox 3083 992 3497 1062; x_wconf 78' lang='lat' dir='ltr'><strong>discipulorum,</strong></span> <span class='ocrx_word' id='word_1_178' title='bbox 3542 1000 3595 1046; x_wconf 81' lang='lat' dir='ltr'><strong>et</strong></span> 
     </span>
    </p>
   </div>
   <div class='ocr_carea' id='block_1_25' title="bbox 2019 1082 3104 1156">
    <p class='ocr_par' dir='ltr' id='par_1_25' title="bbox 2019 1082 3104 1156">
     <span class='ocr_line' id='line_1_25' title="bbox 2019 1082 3104 1156; baseline 0.001 -19"><span class='ocrx_word' id='word_1_179' title='bbox 2019 1091 2286 1156; x_wconf 72' lang='lat' dir='ltr'><strong><em>extergere</em></strong></span> <span class='ocrx_word' id='word_1_180' title='bbox 2311 1082 2467 1138; x_wconf 80' lang='lat' dir='ltr'><strong>linteo</strong></span> <span class='ocrx_word' id='word_1_181' title='bbox 2494 1099 2595 1154; x_wconf 79' lang='lat' dir='ltr'><strong>quo</strong></span> <span class='ocrx_word' id='word_1_182' title='bbox 2624 1092 2741 1137; x_wconf 88' lang='lat' dir='ltr'><strong>erat</strong></span> <span class='ocrx_word' id='word_1_183' title='bbox 2768 1084 3104 1153; x_wconf 67' lang='lat' dir='ltr'><strong>praeiuctus.</strong></span> 
     </span>
    </p>
   </div>
   <div class='ocr_carea' id='block_1_26' title="bbox 2091 1341 3594 1414">
    <p class='ocr_par' dir='ltr' id='par_1_26' title="bbox 2091 1341 3594 1414">
     <span class='ocr_line' id='line_1_26' title="bbox 2091 1341 3594 1414; baseline 0.001 -17"><span class='ocrx_word' id='word_1_184' title='bbox 2091 1341 2355 1398; x_wconf 87' lang='lat' dir='ltr'><strong>Servator</strong></span> <span class='ocrx_word' id='word_1_185' title='bbox 2390 1357 2457 1398; x_wconf 85' lang='lat' dir='ltr'><strong>ex</strong></span> <span class='ocrx_word' id='word_1_186' title='bbox 2501 1341 2703 1399; x_wconf 87' lang='lat' dir='ltr'><strong>animis</strong></span> <span class='ocrx_word' id='word_1_187' title='bbox 2733 1343 2943 1399; x_wconf 77' lang='lat' dir='ltr'><strong>nostris</strong></span> <span class='ocrx_word' id='word_1_188' title='bbox 2982 1343 3296 1414; x_wconf 70' lang='lat' dir='ltr'><strong>superbiam</strong></span> <span class='ocrx_word' id='word_1_189' title='bbox 3331 1351 3594 1413; x_wconf 85' lang='lat' dir='ltr'><strong>tauquam</strong></span> 
     </span>
    </p>
   </div>
   <div class='ocr_carea' id='block_1_27' title="bbox 2019 1433 3593 1499">
    <p class='ocr_par' dir='ltr' id='par_1_27' title="bbox 2019 1433 3593 1499">
     <span class='ocr_line' id='line_1_27' title="bbox 2019 1433 3593 1499; baseline -0.003 -8"><span class='ocrx_word' id='word_1_190' title='bbox 2019 1434 2335 1491; x_wconf 74' lang='lat' dir='ltr'><strong>morborum</strong></span> <span class='ocrx_word' id='word_1_191' title='bbox 2358 1434 2605 1489; x_wconf 90' lang='lat' dir='ltr'><strong>omnium</strong></span> <span class='ocrx_word' id='word_1_192' title='bbox 2630 1433 3017 1499; x_wconf 66' lang='lat' dir='ltr'><strong>fmdissimum,</strong></span> <span class='ocrx_word' id='word_1_193' title='bbox 3038 1442 3092 1489; x_wconf 92' lang='lat' dir='ltr'><strong>et</strong></span> <span class='ocrx_word' id='word_1_194' title='bbox 3120 1449 3330 1490; x_wconf 76' lang='lat' dir='ltr'><strong>summa</strong></span> <span class='ocrx_word' id='word_1_195' title='bbox 3347 1435 3593 1490; x_wconf 82' lang='lat' dir='ltr'><strong>omnium</strong></span> 
     </span>
    </p>
   </div>
   <div class='ocr_carea' id='block_1_28' title="bbox 2018 1523 3592 1596">
    <p class='ocr_par' dir='ltr' id='par_1_28' title="bbox 2018 1523 3592 1596">
     <span class='ocr_line' id='line_1_28' title="bbox 2018 1523 3592 1596; baseline 0.001 -17"><span class='ocrx_word' id='word_1_196' title='bbox 2018 1524 2387 1580; x_wconf 71' lang='lat' dir='ltr'><strong>detestatione</strong></span> <span class='ocrx_word' id='word_1_197' title='bbox 2433 1524 2659 1596; x_wconf 81' lang='lat' dir='ltr'><strong>dignum</strong></span> <span class='ocrx_word' id='word_1_198' title='bbox 2714 1524 2986 1581; x_wconf 74' lang='lat' dir='ltr'><strong>radicitus</strong></span> <span class='ocrx_word' id='word_1_199' title='bbox 3025 1525 3230 1581; x_wconf 88' lang='lat' dir='ltr'><strong>evellit.</strong></span> <span class='ocrx_word' id='word_1_200' title='bbox 3277 1523 3396 1580; x_wconf 90' lang='lat' dir='ltr'><strong>Scit</strong></span> <span class='ocrx_word' id='word_1_201' title='bbox 3442 1526 3592 1582; x_wconf 84' lang='lat' dir='ltr'><strong>enim</strong></span> 
     </span>
    </p>
   </div>
   <div class='ocr_carea' id='block_1_29' title="bbox 2020 1615 3596 1688">
    <p class='ocr_par' dir='ltr' id='par_1_29' title="bbox 2020 1615 3596 1688">
     <span class='ocr_line' id='line_1_29' title="bbox 2020 1615 3596 1688; baseline 0.002 -18"><span class='ocrx_word' id='word_1_202' title='bbox 2020 1615 2161 1671; x_wconf 83' lang='lat' dir='ltr'><strong>nihil</strong></span> <span class='ocrx_word' id='word_1_203' title='bbox 2201 1632 2356 1688; x_wconf 74' lang='lat' dir='ltr'><strong>teque</strong></span> <span class='ocrx_word' id='word_1_204' title='bbox 2392 1617 2631 1673; x_wconf 77' lang='lat' dir='ltr'><strong>hominis</strong></span> <span class='ocrx_word' id='word_1_205' title='bbox 2667 1616 2863 1671; x_wconf 85' lang='lat' dir='ltr'><strong>animae</strong></span> <span class='ocrx_word' id='word_1_206' title='bbox 2896 1615 3112 1672; x_wconf 77' lang='lat' dir='ltr'><strong>oﬂiccre</strong></span> <span class='ocrx_word' id='word_1_207' title='bbox 3158 1632 3322 1687; x_wconf 86' lang='lat' dir='ltr'><strong>posse</strong></span> <span class='ocrx_word' id='word_1_208' title='bbox 3364 1633 3430 1671; x_wconf 87' lang='lat' dir='ltr'><strong>ac</strong></span> <span class='ocrx_word' id='word_1_209' title='bbox 3463 1618 3596 1673; x_wconf 81' lang='lat' dir='ltr'><strong>abo-</strong></span> 
     </span>
    </p>
   </div>
   <div class='ocr_carea' id='block_1_30' title="bbox 2020 1707 3593 1778">
    <p class='ocr_par' dir='ltr' id='par_1_30' title="bbox 2020 1707 3593 1778">
     <span class='ocr_line' id='line_1_30' title="bbox 2020 1707 3593 1778; baseline -0.001 -15"><span class='ocrx_word' id='word_1_210' title='bbox 2020 1707 2339 1764; x_wconf 88' lang='lat' dir='ltr'><strong>minandam</strong></span> <span class='ocrx_word' id='word_1_211' title='bbox 2379 1708 2527 1764; x_wconf 85' lang='lat' dir='ltr'><strong>illam</strong></span> <span class='ocrx_word' id='word_1_212' title='bbox 2561 1723 2627 1762; x_wconf 87' lang='lat' dir='ltr'><strong>ac</strong></span> <span class='ocrx_word' id='word_1_213' title='bbox 2666 1707 3047 1764; x_wconf 87' lang='lat' dir='ltr'><strong>detestandam</strong></span> <span class='ocrx_word' id='word_1_214' title='bbox 3074 1708 3549 1778; x_wconf 80' lang='lat' dir='ltr'><strong>perturbationem</strong></span> <span class='ocrx_word' id='word_1_215' title='bbox 3578 1748 3593 1770; x_wconf 87' lang='lat'><strong>.</strong></span> 
     </span>
    </p>
   </div>
   <div class='ocr_carea' id='block_1_31' title="bbox 2020 1796 3595 1870">
    <p class='ocr_par' dir='ltr' id='par_1_31' title="bbox 2020 1796 3595 1870">
     <span class='ocr_line' id='line_1_31' title="bbox 2020 1796 3595 1870; baseline -0.001 -17"><span class='ocrx_word' id='word_1_216' title='bbox 2020 1797 2114 1853; x_wconf 79' lang='lat' dir='ltr'><strong>cui</strong></span> <span class='ocrx_word' id='word_1_217' title='bbox 2156 1806 2214 1854; x_wconf 87' lang='lat' dir='ltr'><strong>et</strong></span> <span class='ocrx_word' id='word_1_218' title='bbox 2259 1799 2377 1870; x_wconf 89' lang='lat' dir='ltr'><strong>ipse</strong></span> <span class='ocrx_word' id='word_1_219' title='bbox 2417 1798 2661 1854; x_wconf 81' lang='lat' dir='ltr'><strong>universi</strong></span> <span class='ocrx_word' id='word_1_220' title='bbox 2704 1796 2970 1854; x_wconf 89' lang='lat' dir='ltr'><strong>Dominus</strong></span> <span class='ocrx_word' id='word_1_221' title='bbox 3006 1799 3154 1854; x_wconf 88' lang='lat' dir='ltr'><strong>velut</strong></span> <span class='ocrx_word' id='word_1_222' title='bbox 3191 1797 3410 1854; x_wconf 91' lang='lat' dir='ltr'><strong>infenso</strong></span> <span class='ocrx_word' id='word_1_223' title='bbox 3449 1799 3595 1852; x_wconf 87' lang='lat' dir='ltr'><strong>hosti</strong></span> 
     </span>
    </p>
   </div>
   <div class='ocr_carea' id='block_1_32' title="bbox 340 1878 1922 1975">
    <p class='ocr_par' dir='ltr' id='par_1_32' title="bbox 340 1896 1920 1975">
     <span class='ocr_line' id='line_1_32' title="bbox 340 1896 1920 1975; baseline 0.007 -27"><span class='ocrx_word' id='word_1_224' title='bbox 340 1897 490 1965; x_wconf 90' lang='grc' dir='ltr'><em>μίου,</em></span> <span class='ocrx_word' id='word_1_225' title='bbox 523 1896 747 1961; x_wconf 81' lang='grc' dir='ltr'><em>δικαίως</em></span> <span class='ocrx_word' id='word_1_226' title='bbox 771 1897 1174 1953; x_wconf 77' lang='grc' dir='ltr'><em>ἀντανίσταται.</em></span> <span class='ocrx_word' id='word_1_227' title='bbox 1214 1918 1232 1952; x_wconf 86' lang='grc' dir='ltr'><strong>ι</strong></span> <span class='ocrx_word' id='word_1_228' title='bbox 1260 1900 1462 1973; x_wconf 79' lang='grc' dir='ltr'><em>Κύριος</em></span> <span class='ocrx_word' id='word_1_229' title='bbox 1493 1900 1600 1971; x_wconf 71' lang='grc' dir='ltr'><em>γὰρ</em></span> <span class='ocrx_word' id='word_1_230' title='bbox 1637 1901 1920 1975; x_wconf 83' lang='grc' dir='ltr'><em>ὑπερηφά-</em></span> 
     </span>
    </p>
   </div>
   <div class='ocr_carea' id='block_1_33' title="bbox 2022 1878 3597 1975">
    <p class='ocr_par' dir='ltr' id='par_1_33' title="bbox 2022 1886 3597 1959">
     <span class='ocr_line' id='line_1_33' title="bbox 2022 1886 3597 1959; baseline 0 -17"><span class='ocrx_word' id='word_1_231' title='bbox 2022 1888 2145 1959; x_wconf 84' lang='lat' dir='ltr'><strong>iure</strong></span> <span class='ocrx_word' id='word_1_232' title='bbox 2192 1887 2542 1944; x_wconf 75' lang='lat' dir='ltr'><strong>adversatur.</strong></span> <span class='ocrx_word' id='word_1_233' title='bbox 2594 1906 2615 1940; x_wconf 81' lang='grc' dir='ltr'><strong>ι</strong></span> <span class='ocrx_word' id='word_1_234' title='bbox 2653 1886 2923 1944; x_wconf 83' lang='lat' dir='ltr'><strong>Dominus</strong></span> <span class='ocrx_word' id='word_1_235' title='bbox 2967 1889 3116 1944; x_wconf 88' lang='lat' dir='ltr'><strong>enim</strong></span> <span class='ocrx_word' id='word_1_236' title='bbox 3160 1889 3417 1959; x_wconf 87' lang='lat' dir='ltr'><strong>superbis</strong></span> <span class='ocrx_word' id='word_1_237' title='bbox 3455 1889 3597 1945; x_wconf 84' lang='lat' dir='ltr'><strong>resi-</strong></span> 
     </span>
    </p>
   </div>
   <div class='ocr_carea' id='block_1_34' title="bbox 336 1987 1921 2066">
    <p class='ocr_par' dir='ltr' id='par_1_34' title="bbox 336 1987 1921 2066">
     <span class='ocr_line' id='line_1_34' title="bbox 336 1987 1921 2066; baseline 0.008 -29"><span class='ocrx_word' id='word_1_238' title='bbox 336 2003 452 2051; x_wconf 81' lang='grc' dir='ltr'><em>νοις</em></span> <span class='ocrx_word' id='word_1_239' title='bbox 496 1987 903 2051; x_wconf 76' lang='grc' dir='ltr'><em>ἀντιτάσσεται,</em></span> <span class='ocrx_word' id='word_1_240' title='bbox 940 2008 959 2041; x_wconf 76' lang='grc' dir='ltr'><strong>ι</strong></span> <span class='ocrx_word' id='word_1_241' title='bbox 999 1991 1139 2045; x_wconf 86' lang='grc' dir='ltr'><strong>κατά</strong></span> <span class='ocrx_word' id='word_1_242' title='bbox 1184 1991 1282 2062; x_wconf 81' lang='grc' dir='ltr'><em>τὴν</em></span> <span class='ocrx_word' id='word_1_243' title='bbox 1304 1991 1399 2045; x_wconf 79' lang='grc' dir='ltr'><strong>τού</strong></span> <span class='ocrx_word' id='word_1_244' title='bbox 1430 1991 1773 2064; x_wconf 75' lang='grc' dir='ltr'><em>Σολομῶντος</em></span> <span class='ocrx_word' id='word_1_245' title='bbox 1810 2014 1921 2066; x_wconf 82' lang='grc' dir='ltr'><em>φω-</em></span> 
     </span>
    </p>
   </div>
   <div class='ocr_carea' id='block_1_35' title="bbox 336 2076 1923 2156">
    <p class='ocr_par' dir='ltr' id='par_1_35' title="bbox 336 2076 1923 2156">
     <span class='ocr_line' id='line_1_35' title="bbox 336 2076 1923 2156; baseline 0.008 -30"><span class='ocrx_word' id='word_1_246' title='bbox 336 2076 457 2147; x_wconf 77' lang='grc' dir='ltr'><em>νήν.</em></span> <span class='ocrx_word' id='word_1_247' title='bbox 489 2077 635 2132; x_wconf 86' lang='grc' dir='ltr'><em>Ἔδει</em></span> <span class='ocrx_word' id='word_1_248' title='bbox 656 2080 835 2131; x_wconf 70' lang='grc' dir='ltr'><em>τοίνυν</em></span> <span class='ocrx_word' id='word_1_249' title='bbox 878 2082 992 2145; x_wconf 85' lang='grc' dir='ltr'><em>τοῖς</em></span> <span class='ocrx_word' id='word_1_250' title='bbox 1038 2081 1215 2150; x_wconf 81' lang='grc' dir='ltr'><em>ἀγίοις</em></span> <span class='ocrx_word' id='word_1_251' title='bbox 1267 2081 1499 2153; x_wconf 78' lang='grc' dir='ltr'><em>μάλιστα</em></span> <span class='ocrx_word' id='word_1_252' title='bbox 1532 2083 1799 2155; x_wconf 82' lang='grc' dir='ltr'><em>μαθηταῖς</em></span> <span class='ocrx_word' id='word_1_253' title='bbox 1823 2103 1923 2156; x_wconf 83' lang='grc' dir='ltr'><em>με-</em></span> 
     </span>
    </p>
   </div>
   <div class='ocr_carea' id='block_1_36' title="bbox 338 2167 1919 2243">
    <p class='ocr_par' dir='ltr' id='par_1_36' title="bbox 338 2167 1919 2243">
     <span class='ocr_line' id='line_1_36' title="bbox 338 2167 1919 2243; baseline 0.006 -22"><span class='ocrx_word' id='word_1_254' title='bbox 338 2167 489 2237; x_wconf 76' lang='grc' dir='ltr'><em>τρίου</em></span> <span class='ocrx_word' id='word_1_255' title='bbox 514 2186 573 2221; x_wconf 84' lang='grc' dir='ltr'><strong>τε</strong></span> <span class='ocrx_word' id='word_1_256' title='bbox 602 2170 696 2222; x_wconf 76' lang='grc' dir='ltr'><em>καὶ</em></span> <span class='ocrx_word' id='word_1_257' title='bbox 726 2169 1135 2242; x_wconf 85' lang='grc' dir='ltr'><em>καθυφειμένου</em></span> <span class='ocrx_word' id='word_1_258' title='bbox 1159 2174 1328 2243; x_wconf 87' lang='grc' dir='ltr'><em>φρονὴ</em></span> <span class='ocrx_word' id='word_1_259' title='bbox 1339 2191 1526 2243; x_wconf 84' lang='grc' dir='ltr'><em>ματος,</em></span> <span class='ocrx_word' id='word_1_260' title='bbox 1550 2176 1644 2228; x_wconf 76' lang='grc' dir='ltr'><em>καὶ</em></span> <span class='ocrx_word' id='word_1_261' title='bbox 1670 2175 1919 2231; x_wconf 84' lang='grc' dir='ltr'><em>διακένου</em></span> 
     </span>
    </p>
   </div>
   <div class='ocr_carea' id='block_1_37' title="bbox 240 2260 1920 2340">
    <p class='ocr_par' dir='ltr' id='par_1_37' title="bbox 240 2260 1920 2340">
     <span class='ocr_line' id='line_1_37' title="bbox 240 2260 1920 2340; baseline 0.005 -28"><span class='ocrx_word' id='word_1_262' title='bbox 240 2278 243 2281; x_wconf 94' lang='grc'>·</span> <span class='ocrx_word' id='word_1_263' title='bbox 334 2260 505 2331; x_wconf 84' lang='grc' dir='ltr'><em>τιμῆς</em></span> <span class='ocrx_word' id='word_1_264' title='bbox 535 2261 599 2313; x_wconf 88' lang='grc' dir='ltr'><strong>ού</strong></span> <span class='ocrx_word' id='word_1_265' title='bbox 633 2261 842 2332; x_wconf 76' lang='grc' dir='ltr'><em>σφόδρα</em></span> <span class='ocrx_word' id='word_1_266' title='bbox 881 2261 1257 2331; x_wconf 71' lang='grc' dir='ltr'><em>φροντίζοντος</em></span> <span class='ocrx_word' id='word_1_267' title='bbox 1301 2264 1585 2336; x_wconf 80' lang='grc' dir='ltr'><em>λογισμοῦ·</em></span> <span class='ocrx_word' id='word_1_268' title='bbox 1633 2267 1694 2319; x_wconf 84' lang='grc' dir='ltr'><strong>ού</strong></span> <span class='ocrx_word' id='word_1_269' title='bbox 1720 2269 1920 2340; x_wconf 82' lang='grc' dir='ltr'><em>μικρὰς</em></span> 
     </span>
    </p>
   </div>
   <div class='ocr_carea' id='block_1_38' title="bbox 339 2348 1920 2429">
    <p class='ocr_par' dir='ltr' id='par_1_38' title="bbox 339 2348 1920 2429">
     <span class='ocr_line' id='line_1_38' title="bbox 339 2348 1920 2429; baseline 0.009 -29"><span class='ocrx_word' id='word_1_270' title='bbox 339 2348 450 2420; x_wconf 81' lang='grc' dir='ltr'><em>γὰρ</em></span> <span class='ocrx_word' id='word_1_271' title='bbox 480 2348 695 2420; x_wconf 74' lang='grc' dir='ltr'><em>ἔχοντες</em></span> <span class='ocrx_word' id='word_1_272' title='bbox 727 2350 826 2412; x_wconf 77' lang='grc' dir='ltr'><em>τὰς</em></span> <span class='ocrx_word' id='word_1_273' title='bbox 879 2351 973 2405; x_wconf 79' lang='grc' dir='ltr'><em>τοῦ</em></span> <span class='ocrx_word' id='word_1_274' title='bbox 1006 2353 1235 2407; x_wconf 83' lang='grc' dir='ltr'><em>τοιαῦτα</em></span> <span class='ocrx_word' id='word_1_275' title='bbox 1267 2359 1441 2409; x_wconf 82' lang='grc' dir='ltr'><em>νοσεῖν</em></span> <span class='ocrx_word' id='word_1_276' title='bbox 1476 2357 1748 2429; x_wconf 76' lang='grc' dir='ltr'><em>ἀφορμὰς,</em></span> <span class='ocrx_word' id='word_1_277' title='bbox 1785 2377 1920 2415; x_wconf 85' lang='grc' dir='ltr'><em>κατ-</em></span> 
     </span>
    </p>
   </div>
   <div class='ocr_carea' id='block_1_39' title="bbox 342 2437 1920 2521">
    <p class='ocr_par' dir='ltr' id='par_1_39' title="bbox 342 2437 1920 2521">
     <span class='ocr_line' id='line_1_39' title="bbox 342 2437 1920 2521; baseline 0.009 -30"><span class='ocrx_word' id='word_1_278' title='bbox 342 2437 572 2493; x_wconf 83' lang='grc' dir='ltr'><em>ὡλισθον</em></span> <span class='ocrx_word' id='word_1_279' title='bbox 610 2439 676 2493; x_wconf 80' lang='grc' dir='ltr'><em>ἂν</em></span> <span class='ocrx_word' id='word_1_280' title='bbox 720 2441 984 2509; x_wconf 78' lang='grc' dir='ltr'><strong>εὐκόλως,</strong></span> <span class='ocrx_word' id='word_1_281' title='bbox 1026 2444 1074 2496; x_wconf 90' lang='grc' dir='ltr'><strong>εἰ</strong></span> <span class='ocrx_word' id='word_1_282' title='bbox 1122 2444 1197 2517; x_wconf 77' lang='grc' dir='ltr'><em>μὴ</em></span> <span class='ocrx_word' id='word_1_283' title='bbox 1226 2445 1426 2517; x_wconf 80' lang='grc' dir='ltr'><em>πολλῆς</em></span> <span class='ocrx_word' id='word_1_284' title='bbox 1459 2449 1649 2519; x_wconf 76' lang='grc' dir='ltr'><em>ἔτυχον</em></span> <span class='ocrx_word' id='word_1_285' title='bbox 1672 2454 1768 2521; x_wconf 85' lang='grc' dir='ltr'><em>τῆς</em></span> <span class='ocrx_word' id='word_1_286' title='bbox 1799 2454 1920 2507; x_wconf 79' lang='grc' dir='ltr'><em>ἐπι-</em></span> 
     </span>
    </p>
   </div>
   <div class='ocr_carea' id='block_1_40' title="bbox 343 2530 1922 2613">
    <p class='ocr_par' dir='ltr' id='par_1_40' title="bbox 343 2530 1922 2613">
     <span class='ocr_line' id='line_1_40' title="bbox 343 2530 1922 2613; baseline 0.009 -31"><span class='ocrx_word' id='word_1_287' title='bbox 343 2530 591 2602; x_wconf 82' lang='grc' dir='ltr'><em>κουρίας.</em></span> <span class='ocrx_word' id='word_1_288' title='bbox 624 2531 775 2585; x_wconf 78' lang='grc' dir='ltr'><em>Φιλεῖ</em></span> <span class='ocrx_word' id='word_1_289' title='bbox 798 2533 907 2605; x_wconf 83' lang='grc' dir='ltr'><em>γάρ</em></span> <span class='ocrx_word' id='word_1_290' title='bbox 931 2551 1046 2598; x_wconf 84' lang='grc' dir='ltr'><strong>πως</strong></span> <span class='ocrx_word' id='word_1_291' title='bbox 1070 2535 1158 2589; x_wconf 74' lang='grc' dir='ltr'><em>ἀεὶ</em></span> <span class='ocrx_word' id='word_1_292' title='bbox 1186 2538 1299 2600; x_wconf 89' lang='grc' dir='ltr'><em>τοῖς</em></span> <span class='ocrx_word' id='word_1_293' title='bbox 1328 2536 1510 2608; x_wconf 78' lang='grc' dir='ltr'><em>έχουσι</em></span> <span class='ocrx_word' id='word_1_294' title='bbox 1536 2541 1596 2593; x_wconf 81' lang='grc' dir='ltr'><em>τὸ</em></span> <span class='ocrx_word' id='word_1_295' title='bbox 1628 2543 1922 2613; x_wconf 77' lang='grc' dir='ltr'><em>περιφανὲς</em></span> 
     </span>
    </p>
   </div>
   <div class='ocr_carea' id='block_1_41' title="bbox 342 2618 1923 2698">
    <p class='ocr_par' dir='ltr' id='par_1_41' title="bbox 342 2618 1923 2698">
     <span class='ocr_line' id='line_1_41' title="bbox 342 2618 1923 2698; baseline 0.008 -27"><span class='ocrx_word' id='word_1_296' title='bbox 342 2618 405 2672; x_wconf 74' lang='grc' dir='ltr'><em>τὸ</em></span> <span class='ocrx_word' id='word_1_297' title='bbox 444 2620 639 2690; x_wconf 75' lang='grc' dir='ltr'><em>πικρδν</em></span> <span class='ocrx_word' id='word_1_298' title='bbox 662 2621 762 2692; x_wconf 81' lang='grc' dir='ltr'><em>τῆς</em></span> <span class='ocrx_word' id='word_1_299' title='bbox 801 2621 1117 2687; x_wconf 79' lang='grc' dir='ltr'><em>ἀλαζονείας</em></span> <span class='ocrx_word' id='word_1_300' title='bbox 1144 2625 1452 2696; x_wconf 74' lang='grc' dir='ltr'><em>ἐπιτρέχειν</em></span> <span class='ocrx_word' id='word_1_301' title='bbox 1486 2624 1691 2698; x_wconf 88' lang='grc' dir='ltr'><em>θηρίον.</em></span> <span class='ocrx_word' id='word_1_302' title='bbox 1721 2625 1854 2683; x_wconf 76' lang='grc' dir='ltr'><em>Εἶτα</em></span> <span class='ocrx_word' id='word_1_303' title='bbox 1870 2629 1923 2684; x_wconf 87' lang='grc' dir='ltr'><strong>τί</strong></span> 
     </span>
    </p>
   </div>
   <div class='ocr_carea' id='block_1_42' title="bbox 336 2710 1922 2791">
    <p class='ocr_par' dir='ltr' id='par_1_42' title="bbox 336 2710 1922 2791">
     <span class='ocr_line' id='line_1_42' title="bbox 336 2710 1922 2791; baseline 0.006 -26"><span class='ocrx_word' id='word_1_304' title='bbox 336 2710 450 2765; x_wconf 84' lang='grc' dir='ltr'><strong>τῶν</strong></span> <span class='ocrx_word' id='word_1_305' title='bbox 478 2712 649 2781; x_wconf 89' lang='grc' dir='ltr'><em>ἀγίων</em></span> <span class='ocrx_word' id='word_1_306' title='bbox 679 2713 995 2767; x_wconf 78' lang='grc' dir='ltr'><em>ἀποστόλων</em></span> <span class='ocrx_word' id='word_1_307' title='bbox 1017 2715 1399 2787; x_wconf 80' lang='grc' dir='ltr'><em>φαιδρότερον;</em></span> <span class='ocrx_word' id='word_1_308' title='bbox 1426 2717 1460 2787; x_wconf 75' lang='grc' dir='ltr'>ἢ</span> <span class='ocrx_word' id='word_1_309' title='bbox 1492 2721 1643 2771; x_wconf 88' lang='grc' dir='ltr'><em>ποῖον</em></span> <span class='ocrx_word' id='word_1_310' title='bbox 1664 2718 1764 2790; x_wconf 82' lang='grc' dir='ltr'><em>τῆς</em></span> <span class='ocrx_word' id='word_1_311' title='bbox 1785 2720 1922 2791; x_wconf 84' lang='grc' dir='ltr'><em>πρὸς</em></span> 
     </span>
    </p>
   </div>
   <div class='ocr_carea' id='block_1_43' title="bbox 334 2803 1923 2882">
    <p class='ocr_par' dir='ltr' id='par_1_43' title="bbox 334 2803 1923 2882">
     <span class='ocr_line' id='line_1_43' title="bbox 334 2803 1923 2882; baseline 0.005 -25"><span class='ocrx_word' id='word_1_312' title='bbox 334 2804 474 2857; x_wconf 76' lang='grc' dir='ltr'><em>θεὸν</em></span> <span class='ocrx_word' id='word_1_313' title='bbox 504 2803 686 2875; x_wconf 73' lang='grc' dir='ltr'><em>φιλίας</em></span> <span class='ocrx_word' id='word_1_314' title='bbox 748 2804 809 2858; x_wconf 84' lang='grc' dir='ltr'><em>τὸ</em></span> <span class='ocrx_word' id='word_1_315' title='bbox 851 2803 1309 2876; x_wconf 83' lang='grc' dir='ltr'><em>ἀξιολογώτερον;</em></span> <span class='ocrx_word' id='word_1_316' title='bbox 1363 2808 1468 2861; x_wconf 80' lang='grc' dir='ltr'><strong>Τὸν</strong></span> <span class='ocrx_word' id='word_1_317' title='bbox 1502 2808 1602 2878; x_wconf 80' lang='grc' dir='ltr'><em>μὲν</em></span> <span class='ocrx_word' id='word_1_318' title='bbox 1640 2810 1747 2882; x_wconf 86' lang='grc' dir='ltr'><em>γὰρ</em></span> <span class='ocrx_word' id='word_1_319' title='bbox 1771 2812 1923 2865; x_wconf 78' lang='grc' dir='ltr'><em>οὐδὲν</em></span> 
     </span>
    </p>
   </div>
   <div class='ocr_carea' id='block_1_44' title="bbox 337 2893 1922 2965">
    <p class='ocr_par' dir='ltr' id='par_1_44' title="bbox 337 2893 1922 2965">
     <span class='ocr_line' id='line_1_44' title="bbox 337 2893 1922 2965; baseline 0.004 -16"><span class='ocrx_word' id='word_1_320' title='bbox 337 2893 470 2949; x_wconf 71' lang='grc' dir='ltr'><em>ὄντα</em></span> <span class='ocrx_word' id='word_1_321' title='bbox 500 2894 641 2949; x_wconf 88' lang='grc' dir='ltr'><strong>κατά</strong></span> <span class='ocrx_word' id='word_1_322' title='bbox 664 2895 755 2949; x_wconf 73' lang='grc' dir='ltr'><em>τὸν</em></span> <span class='ocrx_word' id='word_1_323' title='bbox 805 2895 920 2965; x_wconf 85' lang='grc' dir='ltr'><em>βίον</em></span> <span class='ocrx_word' id='word_1_324' title='bbox 977 2896 1078 2950; x_wconf 82' lang='grc' dir='ltr'><strong>οὑκ</strong></span> <span class='ocrx_word' id='word_1_325' title='bbox 1117 2894 1182 2951; x_wconf 79' lang='grc' dir='ltr'><em>ἂν</em></span> <span class='ocrx_word' id='word_1_326' title='bbox 1207 2896 1437 2951; x_wconf 78' lang='grc' dir='ltr'><em>εἰσέλθοι</em></span> <span class='ocrx_word' id='word_1_327' title='bbox 1479 2898 1541 2951; x_wconf 72' lang='grc' dir='ltr'><em>τὸ</em></span> <span class='ocrx_word' id='word_1_328' title='bbox 1569 2900 1759 2965; x_wconf 83' lang='grc' dir='ltr'><em>πάθος.</em></span> <span class='ocrx_word' id='word_1_329' title='bbox 1786 2902 1922 2955; x_wconf 65' lang='lat'><strong>055-</strong></span> 
     </span>
    </p>
   </div>
   <div class='ocr_carea' id='block_1_45' title="bbox 335 2985 1922 3061">
    <p class='ocr_par' dir='ltr' id='par_1_45' title="bbox 335 2985 1922 3061">
     <span class='ocr_line' id='line_1_45' title="bbox 335 2985 1922 3061; baseline 0.006 -23"><span class='ocrx_word' id='word_1_330' title='bbox 335 3000 429 3054; x_wconf 82' lang='grc' dir='ltr'><strong>γει</strong></span> <span class='ocrx_word' id='word_1_331' title='bbox 474 2985 583 3057; x_wconf 81' lang='grc' dir='ltr'><em>γάρ</em></span> <span class='ocrx_word' id='word_1_332' title='bbox 637 3004 753 3050; x_wconf 86' lang='grc' dir='ltr'><strong>πως</strong></span> <span class='ocrx_word' id='word_1_333' title='bbox 779 2985 868 3041; x_wconf 74' lang='lat' dir='ltr'><strong>dts‘t</strong></span> <span class='ocrx_word' id='word_1_334' title='bbox 893 2986 984 3039; x_wconf 79' lang='grc' dir='ltr'><em>τὸν</em></span> <span class='ocrx_word' id='word_1_335' title='bbox 1005 2986 1158 3040; x_wconf 75' lang='grc' dir='ltr'><em>οὐδὲν</em></span> <span class='ocrx_word' id='word_1_336' title='bbox 1197 2987 1387 3059; x_wconf 76' lang='grc' dir='ltr'><em>έχοντα</em></span> <span class='ocrx_word' id='word_1_337' title='bbox 1418 2988 1681 3061; x_wconf 77' lang='grc' dir='ltr'><em>ζηλωτὸν,</em></span> <span class='ocrx_word' id='word_1_338' title='bbox 1705 2992 1798 3047; x_wconf 77' lang='grc' dir='ltr'><em>καὶ</em></span> <span class='ocrx_word' id='word_1_339' title='bbox 1829 2993 1922 3047; x_wconf 75' lang='grc' dir='ltr'><em>τὸν</em></span> 
     </span>
    </p>
   </div>
   <div class='ocr_carea' id='block_1_46' title="bbox 340 3076 1923 3155">
    <p class='ocr_par' dir='ltr' id='par_1_46' title="bbox 340 3076 1923 3155">
     <span class='ocr_line' id='line_1_46' title="bbox 340 3076 1923 3155; baseline 0.005 -25"><span class='ocrx_word' id='word_1_340' title='bbox 340 3078 398 3130; x_wconf 72' lang='grc' dir='ltr'><em>ὲν</em></span> <span class='ocrx_word' id='word_1_341' title='bbox 424 3076 503 3148; x_wconf 83' lang='grc' dir='ltr'><em>τῷ</em></span> <span class='ocrx_word' id='word_1_342' title='bbox 542 3077 731 3149; x_wconf 85' lang='grc' dir='ltr'><em>μηδενί</em></span> <span class='ocrx_word' id='word_1_343' title='bbox 761 3078 1095 3148; x_wconf 81' lang='grc' dir='ltr'><em>τεταγμένον</em></span> <span class='ocrx_word' id='word_1_344' title='bbox 1128 3079 1482 3135; x_wconf 88' lang='grc' dir='ltr'><em>ἀνεπίϐατον·</em></span> <span class='ocrx_word' id='word_1_345' title='bbox 1545 3082 1663 3147; x_wconf 83' lang='grc' dir='ltr'><strong>πῶς</strong></span> <span class='ocrx_word' id='word_1_346' title='bbox 1692 3083 1804 3155; x_wconf 83' lang='grc' dir='ltr'><em>γὰρ</em></span> <span class='ocrx_word' id='word_1_347' title='bbox 1854 3086 1923 3138; x_wconf 84' lang='grc' dir='ltr'><strong>ἀν</strong></span> 
     </span>
    </p>
   </div>
   <div class='ocr_carea' id='block_1_47' title="bbox 343 3166 1992 3276">
    <p class='ocr_par' dir='ltr' id='par_1_47' title="bbox 343 3166 1992 3276">
     <span class='ocr_line' id='line_1_47' title="bbox 343 3166 1992 3276; baseline 0.005 -55"><span class='ocrx_word' id='word_1_348' title='bbox 343 3166 558 3221; x_wconf 66' lang='grc' dir='ltr'><em>ἐπέλθοι</em></span> <span class='ocrx_word' id='word_1_349' title='bbox 613 3168 725 3222; x_wconf 87' lang='grc' dir='ltr'><strong>τῶν</strong></span> <span class='ocrx_word' id='word_1_350' title='bbox 775 3168 1030 3223; x_wconf 80' lang='grc' dir='ltr'><em>τοιούτων</em></span> <span class='ocrx_word' id='word_1_351' title='bbox 1083 3170 1189 3223; x_wconf 74' lang='grc' dir='ltr'><em>τινὶ</em></span> <span class='ocrx_word' id='word_1_352' title='bbox 1241 3170 1301 3224; x_wconf 80' lang='grc' dir='ltr'><em>τὸ</em></span> <span class='ocrx_word' id='word_1_353' title='bbox 1357 3171 1502 3226; x_wconf 89' lang='grc' dir='ltr'><strong>κατά</strong></span> <span class='ocrx_word' id='word_1_354' title='bbox 1540 3188 1593 3225; x_wconf 86' lang='grc' dir='ltr'><strong>τι</strong></span> <span class='ocrx_word' id='word_1_355' title='bbox 1626 3173 1756 3242; x_wconf 79' lang='grc' dir='ltr'><em>γοῦν</em></span> <span class='ocrx_word' id='word_1_356' title='bbox 1783 3175 1918 3240; x_wconf 82' lang='grc' dir='ltr'><em>ὅλως</em></span> <span class='ocrx_word' id='word_1_357' title='bbox 1941 3217 1992 3276; x_wconf 75' lang='lat' dir='ltr'><strong>c</strong></span> 
     </span>
    </p>
   </div>
   <div class='ocr_carea' id='block_1_48' title="bbox 342 3258 1922 3339">
    <p class='ocr_par' dir='ltr' id='par_1_48' title="bbox 342 3258 1922 3339">
     <span class='ocr_line' id='line_1_48' title="bbox 342 3258 1922 3339; baseline 0.004 -27"><span class='ocrx_word' id='word_1_358' title='bbox 342 3258 791 3326; x_wconf 75' lang='grc' dir='ltr'><em>ἀλαζονεύεσθαις</em></span> <span class='ocrx_word' id='word_1_359' title='bbox 817 3260 965 3314; x_wconf 77' lang='grc' dir='ltr'><em>Φιλεῖ</em></span> <span class='ocrx_word' id='word_1_360' title='bbox 990 3259 1047 3314; x_wconf 83' lang='grc' dir='ltr'><strong>δέ</strong></span> <span class='ocrx_word' id='word_1_361' title='bbox 1089 3277 1176 3325; x_wconf 84' lang='grc' dir='ltr'><strong>τις</strong></span> <span class='ocrx_word' id='word_1_362' title='bbox 1214 3261 1314 3334; x_wconf 78' lang='grc' dir='ltr'><em>τὴν</em></span> <span class='ocrx_word' id='word_1_363' title='bbox 1358 3262 1662 3334; x_wconf 77' lang='grc' dir='ltr'><em>ὑπεροψίαν</em></span> <span class='ocrx_word' id='word_1_364' title='bbox 1704 3265 1922 3339; x_wconf 78' lang='grc' dir='ltr'><em>ἀξιοζή-</em></span> 
     </span>
    </p>
   </div>
   <div class='ocr_carea' id='block_1_49' title="bbox 340 3348 1919 3428">
    <p class='ocr_par' dir='ltr' id='par_1_49' title="bbox 340 3348 1919 3428">
     <span class='ocr_line' id='line_1_49' title="bbox 340 3348 1919 3428; baseline 0.004 -24"><span class='ocrx_word' id='word_1_365' title='bbox 340 3350 507 3414; x_wconf 85' lang='grc' dir='ltr'><em>λωτος</em></span> <span class='ocrx_word' id='word_1_366' title='bbox 543 3348 638 3413; x_wconf 85' lang='grc' dir='ltr'><em>ὣν,</em></span> <span class='ocrx_word' id='word_1_367' title='bbox 672 3350 865 3405; x_wconf 80' lang='grc' dir='ltr'><em>ἑαυτόν</em></span> <span class='ocrx_word' id='word_1_368' title='bbox 889 3368 949 3404; x_wconf 84' lang='grc' dir='ltr'><strong>τε</strong></span> <span class='ocrx_word' id='word_1_369' title='bbox 977 3351 1067 3406; x_wconf 79' lang='grc' dir='ltr'><em>διὰ</em></span> <span class='ocrx_word' id='word_1_370' title='bbox 1113 3351 1271 3405; x_wconf 74' lang='grc' dir='ltr'><em>τοῦτο</em></span> <span class='ocrx_word' id='word_1_371' title='bbox 1298 3352 1393 3406; x_wconf 78' lang='grc' dir='ltr'><em>τοῦ</em></span> <span class='ocrx_word' id='word_1_372' title='bbox 1423 3354 1593 3419; x_wconf 84' lang='grc' dir='ltr'><em>πέλας</em></span> <span class='ocrx_word' id='word_1_373' title='bbox 1622 3356 1919 3428; x_wconf 76' lang='grc' dir='ltr'><em>προτιθεὶς,</em></span> 
     </span>
    </p>
   </div>
   <div class='ocr_carea' id='block_1_50' title="bbox 339 3440 1918 3514">
    <p class='ocr_par' dir='ltr' id='par_1_50' title="bbox 339 3440 1918 3514">
     <span class='ocr_line' id='line_1_50' title="bbox 339 3440 1918 3514; baseline 0.003 -19"><span class='ocrx_word' id='word_1_374' title='bbox 339 3442 435 3496; x_wconf 77' lang='grc' dir='ltr'><em>καὶ</em></span> <span class='ocrx_word' id='word_1_375' title='bbox 464 3440 600 3495; x_wconf 86' lang='grc' dir='ltr'><strong>πολὺ</strong></span> <span class='ocrx_word' id='word_1_376' title='bbox 630 3440 739 3495; x_wconf 85' lang='grc' dir='ltr'><strong>τῶν</strong></span> <span class='ocrx_word' id='word_1_377' title='bbox 756 3441 930 3496; x_wconf 81' lang='grc' dir='ltr'><em>ἄλλων</em></span> <span class='ocrx_word' id='word_1_378' title='bbox 966 3441 1262 3511; x_wconf 79' lang='grc' dir='ltr'><em>διενεγκεῖν</em></span> <span class='ocrx_word' id='word_1_379' title='bbox 1301 3443 1578 3509; x_wconf 84' lang='grc' dir='ltr'><em>ἀσυνέτως</em></span> <span class='ocrx_word' id='word_1_380' title='bbox 1610 3445 1918 3514; x_wconf 88' lang='grc' dir='ltr'><em>ὑπολαϐὼν,</em></span> 
     </span>
    </p>
   </div>
   <div class='ocr_carea' id='block_1_51' title="bbox 334 3531 1919 3608">
    <p class='ocr_par' dir='ltr' id='par_1_51' title="bbox 334 3531 1919 3608">
     <span class='ocr_line' id='line_1_51' title="bbox 334 3531 1919 3608; baseline 0.002 -22"><span class='ocrx_word' id='word_1_381' title='bbox 334 3534 416 3596; x_wconf 78' lang='grc' dir='ltr'><em>ὡς</em></span> <span class='ocrx_word' id='word_1_382' title='bbox 477 3531 756 3604; x_wconf 72' lang='grc' dir='ltr'><em>ἐξαίρετόν</em></span> <span class='ocrx_word' id='word_1_383' title='bbox 809 3549 971 3597; x_wconf 89' lang='grc' dir='ltr'><em>τινα,</em></span> <span class='ocrx_word' id='word_1_384' title='bbox 1033 3534 1129 3586; x_wconf 75' lang='grc' dir='ltr'><em>καὶ</em></span> <span class='ocrx_word' id='word_1_385' title='bbox 1188 3532 1641 3606; x_wconf 76' lang='grc' dir='ltr'><em>ὑπερφυεστάτην</em></span> <span class='ocrx_word' id='word_1_386' title='bbox 1696 3536 1919 3608; x_wconf 83' lang='grc' dir='ltr'><em>ἀρετὴν,</em></span> 
     </span>
    </p>
   </div>
   <div class='ocr_carea' id='block_1_52' title="bbox 332 3624 1922 3698">
    <p class='ocr_par' dir='ltr' id='par_1_52' title="bbox 332 3624 1922 3698">
     <span class='ocr_line' id='line_1_52' title="bbox 332 3624 1922 3698; baseline 0.003 -20"><span class='ocrx_word' id='word_1_387' title='bbox 332 3624 762 3697; x_wconf 74' lang='grc' dir='ltr'><strong>⁴κατορθώσαντα</strong></span> <span class='ocrx_word' id='word_1_388' title='bbox 789 3626 882 3679; x_wconf 75' lang='grc' dir='ltr'><em>καὶ</em></span> <span class='ocrx_word' id='word_1_389' title='bbox 903 3625 1181 3688; x_wconf 85' lang='grc' dir='ltr'><em>πολιτείας</em></span> <span class='ocrx_word' id='word_1_390' title='bbox 1213 3624 1329 3678; x_wconf 83' lang='grc' dir='ltr'><em>ὁδὸν</em></span> <span class='ocrx_word' id='word_1_391' title='bbox 1358 3626 1499 3698; x_wconf 86' lang='grc' dir='ltr'><em>ἀήθη</em></span> <span class='ocrx_word' id='word_1_392' title='bbox 1523 3644 1583 3680; x_wconf 88' lang='grc' dir='ltr'><strong>τε</strong></span> <span class='ocrx_word' id='word_1_393' title='bbox 1608 3631 1720 3692; x_wconf 84' lang='grc' dir='ltr'><em>τοῖς</em></span> <span class='ocrx_word' id='word_1_394' title='bbox 1743 3628 1922 3693; x_wconf 88' lang='grc' dir='ltr'><em>ἀλλοις</em></span> 
     </span>
    </p>
   </div>
   <div class='ocr_carea' id='block_1_53' title="bbox 337 3716 1921 3792">
    <p class='ocr_par' dir='ltr' id='par_1_53' title="bbox 337 3716 1921 3792">
     <span class='ocr_line' id='line_1_53' title="bbox 337 3716 1921 3792; baseline 0.004 -23"><span class='ocrx_word' id='word_1_395' title='bbox 337 3716 436 3769; x_wconf 79' lang='grc' dir='ltr'><strong>καί</strong></span> <span class='ocrx_word' id='word_1_396' title='bbox 497 3716 691 3787; x_wconf 82' lang='grc' dir='ltr'><em>ἀστιϐῆ</em></span> <span class='ocrx_word' id='word_1_397' title='bbox 734 3716 1083 3770; x_wconf 82' lang='grc' dir='ltr'><em>διανύσαντα.</em></span> <span class='ocrx_word' id='word_1_398' title='bbox 1137 3718 1262 3772; x_wconf 88' lang='grc' dir='ltr'><em>Ὅτε</em></span> <span class='ocrx_word' id='word_1_399' title='bbox 1311 3716 1491 3773; x_wconf 88' lang='grc' dir='ltr'><em>τοίνυν</em></span> <span class='ocrx_word' id='word_1_400' title='bbox 1544 3721 1921 3792; x_wconf 83' lang='grc' dir='ltr'><em>παραπέπηγέ</em></span> 
     </span>
    </p>
   </div>
   <div class='ocr_carea' id='block_1_54' title="bbox 341 3808 1922 3886">
    <p class='ocr_par' dir='ltr' id='par_1_54' title="bbox 341 3808 1922 3886">
     <span class='ocr_line' id='line_1_54' title="bbox 341 3808 1922 3886; baseline 0.004 -26"><span class='ocrx_word' id='word_1_401' title='bbox 341 3825 460 3871; x_wconf 79' lang='grc' dir='ltr'><strong>πως</strong></span> <span class='ocrx_word' id='word_1_402' title='bbox 479 3810 592 3873; x_wconf 87' lang='grc' dir='ltr'><em>τοῖς</em></span> <span class='ocrx_word' id='word_1_403' title='bbox 648 3808 827 3880; x_wconf 72' lang='grc' dir='ltr'><em>ἔχουσί</em></span> <span class='ocrx_word' id='word_1_404' title='bbox 862 3827 915 3863; x_wconf 88' lang='grc' dir='ltr'><strong>τι</strong></span> <span class='ocrx_word' id='word_1_405' title='bbox 953 3810 1208 3883; x_wconf 79' lang='grc' dir='ltr'><em>λαμπρὸν</em></span> <span class='ocrx_word' id='word_1_406' title='bbox 1264 3809 1325 3864; x_wconf 82' lang='grc' dir='ltr'><em>τὺ</em></span> <span class='ocrx_word' id='word_1_407' title='bbox 1354 3813 1529 3865; x_wconf 87' lang='grc' dir='ltr'><em>νοσεῖν</em></span> <span class='ocrx_word' id='word_1_408' title='bbox 1563 3812 1677 3866; x_wconf 78' lang='grc' dir='ltr'><em>ἔσθ’</em></span> <span class='ocrx_word' id='word_1_409' title='bbox 1701 3814 1789 3867; x_wconf 86' lang='grc' dir='ltr'><em>ὅτε</em></span> <span class='ocrx_word' id='word_1_410' title='bbox 1820 3815 1922 3886; x_wconf 82' lang='grc' dir='ltr'><em>τὴν</em></span> 
     </span>
    </p>
   </div>
   <div class='ocr_carea' id='block_1_55' title="bbox 341 3886 1923 3973">
    <p class='ocr_par' dir='ltr' id='par_1_55' title="bbox 341 3886 1923 3973">
     <span class='ocr_line' id='line_1_55' title="bbox 341 3886 1923 3973; baseline 0.004 -23"><span class='ocrx_word' id='word_1_411' title='bbox 341 3898 665 3969; x_wconf 75' lang='grc' dir='ltr'><em>ὑπεροψίαν,</em></span> <span class='ocrx_word' id='word_1_412' title='bbox 695 3899 813 3964; x_wconf 87' lang='grc' dir='ltr'><strong>πῶς</strong></span> <span class='ocrx_word' id='word_1_413' title='bbox 835 3900 937 3954; x_wconf 89' lang='grc' dir='ltr'><strong>οὑκ</strong></span> <span class='ocrx_word' id='word_1_414' title='bbox 984 3899 1091 3954; x_wconf 80' lang='grc' dir='ltr'><em>ἔδει</em></span> <span class='ocrx_word' id='word_1_415' title='bbox 1121 3903 1234 3965; x_wconf 88' lang='grc' dir='ltr'><em>τοῖς</em></span> <span class='ocrx_word' id='word_1_416' title='bbox 1278 3903 1454 3973; x_wconf 83' lang='grc' dir='ltr'><em>ἁγίοις</em></span> <span class='ocrx_word' id='word_1_417' title='bbox 1484 3886 1803 3967; x_wconf 77' lang='grc' dir='ltr'><em>ἀποστόλοις</em></span> <span class='ocrx_word' id='word_1_418' title='bbox 1824 3920 1923 3973; x_wconf 80' lang='grc' dir='ltr'><em>με-</em></span> 
     </span>
    </p>
   </div>
   <div class='ocr_carea' id='block_1_56' title="bbox 340 3987 1916 4064">
    <p class='ocr_par' dir='ltr' id='par_1_56' title="bbox 340 3987 1916 4064">
     <span class='ocr_line' id='line_1_56' title="bbox 340 3987 1916 4064; baseline 0.004 -23"><span class='ocrx_word' id='word_1_419' title='bbox 340 3987 495 4059; x_wconf 86' lang='grc' dir='ltr'><em>τρίου</em></span> <span class='ocrx_word' id='word_1_420' title='bbox 570 3990 919 4061; x_wconf 83' lang='grc' dir='ltr'><em>φρονήματος</em></span> <span class='ocrx_word' id='word_1_421' title='bbox 972 3991 1339 4063; x_wconf 77' lang='grc' dir='ltr'><em>ὑπογραμμὸν</em></span> <span class='ocrx_word' id='word_1_422' title='bbox 1372 3991 1629 4062; x_wconf 86' lang='grc' dir='ltr'><em>γενέσθαι</em></span> <span class='ocrx_word' id='word_1_423' title='bbox 1661 3993 1916 4064; x_wconf 75' lang='grc' dir='ltr'><em>Χριστὸν,</em></span> 
     </span>
    </p>
   </div>
   <div class='ocr_carea' id='block_1_57' title="bbox 340 4078 1915 4156">
    <p class='ocr_par' dir='ltr' id='par_1_57' title="bbox 340 4078 1915 4156">
     <span class='ocr_line' id='line_1_57' title="bbox 340 4078 1915 4156; baseline 0.003 -24"><span class='ocrx_word' id='word_1_424' title='bbox 340 4079 428 4133; x_wconf 83' lang='grc' dir='ltr'><strong>ῖνα</strong></span> <span class='ocrx_word' id='word_1_425' title='bbox 453 4078 624 4134; x_wconf 89' lang='grc' dir='ltr'><em>τύπον</em></span> <span class='ocrx_word' id='word_1_426' title='bbox 683 4080 899 4152; x_wconf 73' lang='grc' dir='ltr'><em>ἔχοντες</em></span> <span class='ocrx_word' id='word_1_427' title='bbox 921 4082 1017 4135; x_wconf 76' lang='grc' dir='ltr'><strong>καί</strong></span> <span class='ocrx_word' id='word_1_428' title='bbox 1051 4083 1236 4137; x_wconf 89' lang='grc' dir='ltr'><em>εἰκόνα</em></span> <span class='ocrx_word' id='word_1_429' title='bbox 1268 4082 1361 4137; x_wconf 86' lang='grc' dir='ltr'><strong>τδν</strong></span> <span class='ocrx_word' id='word_1_430' title='bbox 1404 4084 1660 4138; x_wconf 86' lang='grc' dir='ltr'><em>ἁπάντων</em></span> <span class='ocrx_word' id='word_1_431' title='bbox 1691 4086 1915 4156; x_wconf 82' lang='grc' dir='ltr'><em>Κύριον,</em></span> 
     </span>
    </p>
   </div>
   <div class='ocr_carea' id='block_1_58' title="bbox 336 4170 1921 4247">
    <p class='ocr_par' dir='ltr' id='par_1_58' title="bbox 336 4170 1921 4247">
     <span class='ocr_line' id='line_1_58' title="bbox 336 4170 1921 4247; baseline 0.005 -24"><span class='ocrx_word' id='word_1_432' title='bbox 336 4170 436 4223; x_wconf 70' lang='grc' dir='ltr'><em>καὶ</em></span> <span class='ocrx_word' id='word_1_433' title='bbox 457 4171 612 4225; x_wconf 73' lang='grc' dir='ltr'><em>αὑτοὶ</em></span> <span class='ocrx_word' id='word_1_434' title='bbox 660 4174 802 4227; x_wconf 76' lang='grc' dir='ltr'><em>κατὰ</em></span> <span class='ocrx_word' id='word_1_435' title='bbox 833 4174 896 4226; x_wconf 73' lang='grc' dir='ltr'><em>τὸ</em></span> <span class='ocrx_word' id='word_1_436' title='bbox 920 4172 1110 4227; x_wconf 74' lang='grc' dir='ltr'><em>δοκοῦν</em></span> <span class='ocrx_word' id='word_1_437' title='bbox 1134 4174 1211 4245; x_wconf 84' lang='grc' dir='ltr'><em>τῷ</em></span> <span class='ocrx_word' id='word_1_438' title='bbox 1240 4174 1361 4246; x_wconf 84' lang='grc' dir='ltr'><strong>Θεῷ</strong></span> <span class='ocrx_word' id='word_1_439' title='bbox 1386 4176 1480 4230; x_wconf 80' lang='grc' dir='ltr'><em>τὸν</em></span> <span class='ocrx_word' id='word_1_440' title='bbox 1514 4178 1713 4231; x_wconf 86' lang='grc' dir='ltr'><em>οἰκεῖον</em></span> <span class='ocrx_word' id='word_1_441' title='bbox 1748 4194 1921 4247; x_wconf 82' lang='grc' dir='ltr'><em>μετα-</em></span> 
     </span>
    </p>
   </div>
   <div class='ocr_carea' id='block_1_59' title="bbox 340 4259 1917 4341">
    <p class='ocr_par' dir='ltr' id='par_1_59' title="bbox 340 4259 1917 4341">
     <span class='ocr_line' id='line_1_59' title="bbox 340 4259 1917 4341; baseline 0.005 -26"><span class='ocrx_word' id='word_1_442' title='bbox 340 4263 634 4317; x_wconf 82' lang='grc' dir='ltr'><em>πλάσσοιεν</em></span> <span class='ocrx_word' id='word_1_443' title='bbox 662 4263 823 4331; x_wconf 71' lang='grc' dir='ltr'><em>νοῦν-ς</em></span> <span class='ocrx_word' id='word_1_444' title='bbox 853 4259 962 4318; x_wconf 81' lang='grc' dir='ltr'><strong>Ἶιν</strong></span> <span class='ocrx_word' id='word_1_445' title='bbox 990 4261 1083 4319; x_wconf 84' lang='grc' dir='ltr'><em>οὖν</em></span> <span class='ocrx_word' id='word_1_446' title='bbox 1108 4266 1216 4338; x_wconf 80' lang='grc' dir='ltr'><em>ἄρα</em></span> <span class='ocrx_word' id='word_1_447' title='bbox 1249 4268 1346 4336; x_wconf 78' lang='grc' dir='ltr'><em>τὴν</em></span> <span class='ocrx_word' id='word_1_448' title='bbox 1375 4268 1529 4321; x_wconf 84' lang='grc' dir='ltr'><em>νόσον</em></span> <span class='ocrx_word' id='word_1_449' title='bbox 1579 4269 1679 4341; x_wconf 86' lang='grc' dir='ltr'><em>οὑχ</em></span> <span class='ocrx_word' id='word_1_450' title='bbox 1713 4270 1917 4341; x_wconf 79' lang='grc' dir='ltr'><em>ἑτέρως</em></span> 
     </span>
    </p>
   </div>
   <div class='ocr_carea' id='block_1_60' title="bbox 340 4353 1917 4426">
    <p class='ocr_par' dir='ltr' id='par_1_60' title="bbox 340 4353 1917 4426">
     <span class='ocr_line' id='line_1_60' title="bbox 340 4353 1917 4426; baseline 0.007 -20"><span class='ocrx_word' id='word_1_451' title='bbox 340 4353 562 4419; x_wconf 73' lang='grc' dir='ltr'><em>ὲξελεῖν,</em></span> <span class='ocrx_word' id='word_1_452' title='bbox 582 4355 631 4407; x_wconf 88' lang='grc' dir='ltr'><strong>εἰ</strong></span> <span class='ocrx_word' id='word_1_453' title='bbox 650 4353 724 4426; x_wconf 83' lang='grc' dir='ltr'><em>μὴ</em></span> <span class='ocrx_word' id='word_1_454' title='bbox 748 4354 939 4408; x_wconf 85' lang='grc' dir='ltr'><em>διάτοῦ</em></span> <span class='ocrx_word' id='word_1_455' title='bbox 959 4355 1166 4423; x_wconf 72' lang='grc' dir='ltr'><em>διδάξαι</em></span> <span class='ocrx_word' id='word_1_456' title='bbox 1198 4357 1406 4426; x_wconf 82' lang='grc' dir='ltr'><em>σαφῶς,</em></span> <span class='ocrx_word' id='word_1_457' title='bbox 1428 4359 1683 4414; x_wconf 79' lang='grc' dir='ltr'><em>τοσοῦτον</em></span> <span class='ocrx_word' id='word_1_458' title='bbox 1707 4361 1917 4417; x_wconf 85' lang='grc' dir='ltr'><em>οίεσθαι</em></span> 
     </span>
    </p>
   </div>
   <div class='ocr_carea' id='block_1_61' title="bbox 338 4443 1914 4521">
    <p class='ocr_par' dir='ltr' id='par_1_61' title="bbox 338 4443 1914 4521">
     <span class='ocr_line' id='line_1_61' title="bbox 338 4443 1914 4521; baseline 0.008 -24"><span class='ocrx_word' id='word_1_459' title='bbox 338 4443 449 4498; x_wconf 84' lang='grc' dir='ltr'><strong>τῶν</strong></span> <span class='ocrx_word' id='word_1_460' title='bbox 478 4445 654 4499; x_wconf 82' lang='grc' dir='ltr'><em>ἄλλων</em></span> <span class='ocrx_word' id='word_1_461' title='bbox 679 4446 941 4517; x_wconf 77' lang='grc' dir='ltr'><em>ἡττᾶσθαι</em></span> <span class='ocrx_word' id='word_1_462' title='bbox 972 4448 1117 4503; x_wconf 81' lang='grc' dir='ltr'><strong>κατά</strong></span> <span class='ocrx_word' id='word_1_463' title='bbox 1141 4449 1239 4521; x_wconf 78' lang='grc' dir='ltr'><em>τὴν</em></span> <span class='ocrx_word' id='word_1_464' title='bbox 1272 4450 1452 4515; x_wconf 81' lang='grc' dir='ltr'><em>δόξαν,</em></span> <span class='ocrx_word' id='word_1_465' title='bbox 1481 4452 1557 4515; x_wconf 83' lang='grc' dir='ltr'><em>ὡς</em></span> <span class='ocrx_word' id='word_1_466' title='bbox 1586 4454 1679 4506; x_wconf 79' lang='grc' dir='ltr'><strong>καί</strong></span> <span class='ocrx_word' id='word_1_467' title='bbox 1710 4455 1769 4508; x_wconf 84' lang='grc' dir='ltr'><em>ὲν</em></span> <span class='ocrx_word' id='word_1_468' title='bbox 1790 4453 1914 4508; x_wconf 88' lang='grc' dir='ltr'><em>δού-</em></span> 
     </span>
    </p>
   </div>
   <div class='ocr_carea' id='block_1_62' title="bbox 338 4537 1996 4625">
    <p class='ocr_par' dir='ltr' id='par_1_62' title="bbox 338 4537 1996 4625">
     <span class='ocr_line' id='line_1_62' title="bbox 338 4537 1996 4625; baseline 0.007 -36"><span class='ocrx_word' id='word_1_469' title='bbox 338 4537 438 4591; x_wconf 85' lang='grc' dir='ltr'><strong>λου</strong></span> <span class='ocrx_word' id='word_1_470' title='bbox 459 4539 609 4606; x_wconf 83' lang='grc' dir='ltr'><em>τάξει</em></span> <span class='ocrx_word' id='word_1_471' title='bbox 632 4540 1065 4595; x_wconf 79' lang='grc' dir='ltr'><em>κατατάττεσθαι</em></span> <span class='ocrx_word' id='word_1_472' title='bbox 1093 4542 1227 4606; x_wconf 86' lang='grc' dir='ltr'><em>δεῖν,</em></span> <span class='ocrx_word' id='word_1_473' title='bbox 1256 4542 1378 4596; x_wconf 84' lang='grc' dir='ltr'><em>οὑδὲ</em></span> <span class='ocrx_word' id='word_1_474' title='bbox 1416 4543 1585 4617; x_wconf 78' lang='grc' dir='ltr'><em>αὑτὴν</em></span> <span class='ocrx_word' id='word_1_475' title='bbox 1612 4546 1917 4619; x_wconf 85' lang='grc' dir='ltr'><em>καταφρίτ-</em></span> <span class='ocrx_word' id='word_1_476' title='bbox 1950 4571 1996 4625; x_wconf 78' lang='grc' dir='ltr'><strong>ι)</strong></span> 
     </span>
    </p>
   </div>
   <div class='ocr_carea' id='block_1_63' title="bbox 340 4630 1920 4709">
    <p class='ocr_par' dir='ltr' id='par_1_63' title="bbox 340 4630 1920 4709">
     <span class='ocr_line' id='line_1_63' title="bbox 340 4630 1920 4709; baseline 0.008 -29"><span class='ocrx_word' id='word_1_477' title='bbox 340 4630 610 4701; x_wconf 85' lang='grc' dir='ltr'><em>τοντατὴν</em></span> <span class='ocrx_word' id='word_1_478' title='bbox 631 4631 819 4705; x_wconf 78' lang='grc' dir='ltr'><em>οἰκέτῃ</em></span> <span class='ocrx_word' id='word_1_479' title='bbox 842 4633 1158 4703; x_wconf 81' lang='grc' dir='ltr'><em>πρέπουσαν</em></span> <span class='ocrx_word' id='word_1_480' title='bbox 1181 4631 1522 4705; x_wconf 86' lang='grc' dir='ltr'><em>λειτουργίαν</em></span> <span class='ocrx_word' id='word_1_481' title='bbox 1546 4636 1920 4709; x_wconf 82' lang='grc' dir='ltr'><em>ἀποπληροῦν,</em></span> 
     </span>
    </p>
   </div>
   <div class='ocr_carea' id='block_1_64' title="bbox 336 4716 1921 4792">
    <p class='ocr_par' dir='ltr' id='par_1_64' title="bbox 336 4716 1921 4792">
     <span class='ocr_line' id='line_1_64' title="bbox 336 4716 1921 4792; baseline 0.009 -23"><span class='ocrx_word' id='word_1_482' title='bbox 336 4716 431 4770; x_wconf 76' lang='grc' dir='ltr'><em>διὰ</em></span> <span class='ocrx_word' id='word_1_483' title='bbox 466 4716 558 4771; x_wconf 78' lang='grc' dir='ltr'><em>τοῦ</em></span> <span class='ocrx_word' id='word_1_484' title='bbox 592 4720 686 4772; x_wconf 74' lang='grc' dir='ltr'><em>καὶ</em></span> <span class='ocrx_word' id='word_1_485' title='bbox 714 4720 991 4786; x_wconf 79' lang='grc' dir='ltr'><em>ἀπονίζειν</em></span> <span class='ocrx_word' id='word_1_486' title='bbox 1044 4722 1155 4775; x_wconf 88' lang='grc' dir='ltr'><strong>τῶν</strong></span> <span class='ocrx_word' id='word_1_487' title='bbox 1183 4722 1429 4791; x_wconf 82' lang='grc' dir='ltr'><em>ἀδελφῶν</em></span> <span class='ocrx_word' id='word_1_488' title='bbox 1464 4726 1591 4789; x_wconf 74' lang='grc' dir='ltr'><em>τοὺς</em></span> <span class='ocrx_word' id='word_1_489' title='bbox 1617 4727 1803 4792; x_wconf 87' lang='grc' dir='ltr'><em>πόδας,</em></span> <span class='ocrx_word' id='word_1_490' title='bbox 1824 4729 1921 4783; x_wconf 71' lang='grc' dir='ltr'><em>καὶ</em></span> 
     </span>
    </p>
   </div>
   <div class='ocr_carea' id='block_1_65' title="bbox 340 4806 1921 4888">
    <p class='ocr_par' dir='ltr' id='par_1_65' title="bbox 340 4806 1921 4888">
     <span class='ocr_line' id='line_1_65' title="bbox 340 4806 1921 4888; baseline 0.008 -27"><span class='ocrx_word' id='word_1_491' title='bbox 340 4806 547 4863; x_wconf 85' lang='grc' dir='ltr'><em>λέντιον</em></span> <span class='ocrx_word' id='word_1_492' title='bbox 575 4811 893 4881; x_wconf 84' lang='grc' dir='ltr'><em>περιθέσθαι</em></span> <span class='ocrx_word' id='word_1_493' title='bbox 921 4812 1011 4865; x_wconf 82' lang='grc' dir='ltr'><em>διὰ</em></span> <span class='ocrx_word' id='word_1_494' title='bbox 1049 4812 1146 4884; x_wconf 75' lang='grc' dir='ltr'><em>τὴν</em></span> <span class='ocrx_word' id='word_1_495' title='bbox 1166 4813 1376 4884; x_wconf 84' lang='grc' dir='ltr'><em>χρείαν.</em></span> <span class='ocrx_word' id='word_1_496' title='bbox 1410 4814 1598 4884; x_wconf 81' lang='grc' dir='ltr'><em>Ἀθρει</em></span> <span class='ocrx_word' id='word_1_497' title='bbox 1631 4816 1741 4888; x_wconf 81' lang='grc' dir='ltr'><em>γὰρ</em></span> <span class='ocrx_word' id='word_1_498' title='bbox 1773 4819 1921 4883; x_wconf 81' lang='grc' dir='ltr'><em>ὅπως</em></span> 
     </span>
    </p>
   </div>
   <div class='ocr_carea' id='block_1_66' title="bbox 341 4901 1919 4980">
    <p class='ocr_par' dir='ltr' id='par_1_66' title="bbox 341 4901 1919 4980">
     <span class='ocr_line' id='line_1_66' title="bbox 341 4901 1919 4980; baseline 0.006 -25"><span class='ocrx_word' id='word_1_499' title='bbox 341 4901 751 4974; x_wconf 86' lang='grc' dir='ltr'><em>ἀνδραποδῶδες</em></span> <span class='ocrx_word' id='word_1_500' title='bbox 778 4904 841 4957; x_wconf 78' lang='grc' dir='ltr'><em>τὸ</em></span> <span class='ocrx_word' id='word_1_501' title='bbox 866 4904 1061 4976; x_wconf 83' lang='grc' dir='ltr'><em>χρῆμά</em></span> <span class='ocrx_word' id='word_1_502' title='bbox 1101 4907 1270 4969; x_wconf 71' lang='grc' dir='ltr'><em>ἔστιν,</em></span> <span class='ocrx_word' id='word_1_503' title='bbox 1292 4908 1416 4960; x_wconf 84' lang='grc' dir='ltr'><em>ὅσον</em></span> <span class='ocrx_word' id='word_1_504' title='bbox 1438 4906 1517 4971; x_wconf 89' lang='grc' dir='ltr'><strong>εἰς</strong></span> <span class='ocrx_word' id='word_1_505' title='bbox 1544 4907 1638 4979; x_wconf 80' lang='grc' dir='ltr'><em>ἔθη</em></span> <span class='ocrx_word' id='word_1_506' title='bbox 1669 4910 1815 4980; x_wconf 72' lang='grc' dir='ltr'><em>φημὶ</em></span> <span class='ocrx_word' id='word_1_507' title='bbox 1850 4910 1919 4965; x_wconf 86' lang='grc' dir='ltr'><strong>τά</strong></span> 
     </span>
    </p>
   </div>
   <div class='ocr_carea' id='block_1_67' title="bbox 341 4992 1916 5071">
    <p class='ocr_par' dir='ltr' id='par_1_67' title="bbox 341 4992 1916 5071">
     <span class='ocr_line' id='line_1_67' title="bbox 341 4992 1916 5071; baseline 0.006 -28"><span class='ocrx_word' id='word_1_508' title='bbox 341 4993 401 5044; x_wconf 80' lang='grc' dir='ltr'><em>ἒν</em></span> <span class='ocrx_word' id='word_1_509' title='bbox 421 4992 634 5064; x_wconf 84' lang='grc' dir='ltr'><em>κόσμῳ,</em></span> <span class='ocrx_word' id='word_1_510' title='bbox 653 4994 750 5049; x_wconf 75' lang='grc' dir='ltr'><strong>καί</strong></span> <span class='ocrx_word' id='word_1_511' title='bbox 780 4996 881 5059; x_wconf 86' lang='grc' dir='ltr'><em>τὰς</em></span> <span class='ocrx_word' id='word_1_512' title='bbox 909 4994 1014 5061; x_wconf 74' lang='grc' dir='ltr'><strong>ἔξω</strong></span> <span class='ocrx_word' id='word_1_513' title='bbox 1037 4994 1253 5068; x_wconf 83' lang='grc' dir='ltr'><em>τριϐάς.</em></span> <span class='ocrx_word' id='word_1_514' title='bbox 1271 4995 1669 5068; x_wconf 83' lang='grc' dir='ltr'><em>’Υπογραμμὺς</em></span> <span class='ocrx_word' id='word_1_515' title='bbox 1689 5014 1916 5071; x_wconf 84' lang='grc' dir='ltr'><em>τοιγαρ-</em></span> 
     </span>
    </p>
   </div>
   <div class='ocr_carea' id='block_1_68' title="bbox 339 5082 1918 5161">
    <p class='ocr_par' dir='ltr' id='par_1_68' title="bbox 339 5082 1918 5161">
     <span class='ocr_line' id='line_1_68' title="bbox 339 5082 1918 5161; baseline 0.007 -27"><span class='ocrx_word' id='word_1_516' title='bbox 339 5082 438 5136; x_wconf 80' lang='grc' dir='ltr'><strong>οὑν</strong></span> <span class='ocrx_word' id='word_1_517' title='bbox 473 5086 697 5158; x_wconf 83' lang='grc' dir='ltr'><em>μετρίου</em></span> <span class='ocrx_word' id='word_1_518' title='bbox 709 5103 767 5139; x_wconf 88' lang='grc' dir='ltr'><strong>τε</strong></span> <span class='ocrx_word' id='word_1_519' title='bbox 792 5088 888 5140; x_wconf 74' lang='grc' dir='ltr'><em>καὶ</em></span> <span class='ocrx_word' id='word_1_520' title='bbox 926 5086 1357 5158; x_wconf 84' lang='grc' dir='ltr'><em>συνεσταλμένου</em></span> <span class='ocrx_word' id='word_1_521' title='bbox 1384 5088 1728 5161; x_wconf 77' lang='grc' dir='ltr'><em>φρονήματος</em></span> <span class='ocrx_word' id='word_1_522' title='bbox 1744 5089 1918 5145; x_wconf 75' lang='grc' dir='ltr'><em>ἅπασι</em></span> 
     </span>
    </p>
   </div>
   <div class='ocr_carea' id='block_1_69' title="bbox 338 5175 1921 5250">
    <p class='ocr_par' dir='ltr' id='par_1_69' title="bbox 338 5175 1921 5250">
     <span class='ocr_line' id='line_1_69' title="bbox 338 5175 1921 5250; baseline 0 -16"><span class='ocrx_word' id='word_1_523' title='bbox 338 5181 455 5243; x_wconf 85' lang='grc' dir='ltr'><em>τοῖς</em></span> <span class='ocrx_word' id='word_1_524' title='bbox 496 5176 639 5233; x_wconf 86' lang='grc' dir='ltr'><em>κατὰ</em></span> <span class='ocrx_word' id='word_1_525' title='bbox 690 5176 782 5229; x_wconf 77' lang='grc' dir='ltr'><em>τὸν</em></span> <span class='ocrx_word' id='word_1_526' title='bbox 807 5177 943 5247; x_wconf 82' lang='grc' dir='ltr'><em>βίον,</em></span> <span class='ocrx_word' id='word_1_527' title='bbox 992 5175 1115 5231; x_wconf 71' lang='grc' dir='ltr'><em>οὔτε</em></span> <span class='ocrx_word' id='word_1_528' title='bbox 1159 5178 1269 5249; x_wconf 77' lang='grc' dir='ltr'><em>γὰρ</em></span> <span class='ocrx_word' id='word_1_529' title='bbox 1291 5178 1473 5249; x_wconf 87' lang='grc' dir='ltr'><em>μόνοις</em></span> <span class='ocrx_word' id='word_1_530' title='bbox 1500 5181 1614 5241; x_wconf 88' lang='grc' dir='ltr'><em>τοῖς</em></span> <span class='ocrx_word' id='word_1_531' title='bbox 1654 5179 1921 5250; x_wconf 82' lang='grc' dir='ltr'><em>μαθηταῖς</em></span> 
     </span>
    </p>
   </div>
   <div class='ocr_carea' id='block_1_70' title="bbox 340 5269 1917 5342">
    <p class='ocr_par' dir='ltr' id='par_1_70' title="bbox 340 5269 1917 5342">
     <span class='ocr_line' id='line_1_70' title="bbox 340 5269 1917 5342; baseline 0.002 -19"><span class='ocrx_word' id='word_1_532' title='bbox 340 5270 567 5341; x_wconf 83' lang='grc' dir='ltr'><em>γέγονεν</em></span> <span class='ocrx_word' id='word_1_533' title='bbox 607 5273 635 5324; x_wconf 86' lang='grc' dir='ltr'>ὁ</span> <span class='ocrx_word' id='word_1_534' title='bbox 678 5271 937 5342; x_wconf 84' lang='grc' dir='ltr'><em>Χριστός.</em></span> <span class='ocrx_word' id='word_1_535' title='bbox 970 5272 1070 5325; x_wconf 84' lang='grc' dir='ltr'><em>Διά</em></span> <span class='ocrx_word' id='word_1_536' title='bbox 1100 5273 1257 5324; x_wconf 83' lang='grc' dir='ltr'><em>τοῦτο</em></span> <span class='ocrx_word' id='word_1_537' title='bbox 1286 5269 1383 5324; x_wconf 66' lang='grc' dir='ltr'><em>καὶ</em></span> <span class='ocrx_word' id='word_1_538' title='bbox 1411 5269 1440 5322; x_wconf 87' lang='grc' dir='ltr'><strong>ό</strong></span> <span class='ocrx_word' id='word_1_539' title='bbox 1463 5269 1747 5335; x_wconf 83' lang='grc' dir='ltr'><em>θεσπέσιος</em></span> <span class='ocrx_word' id='word_1_540' title='bbox 1770 5272 1917 5326; x_wconf 82' lang='grc' dir='ltr'><strong>Παῦ-</strong></span> 
     </span>
    </p>
   </div>
   <div class='ocr_carea' id='block_1_71' title="bbox 342 5360 1918 5435">
    <p class='ocr_par' dir='ltr' id='par_1_71' title="bbox 342 5360 1918 5435">
     <span class='ocr_line' id='line_1_71' title="bbox 342 5360 1918 5435; baseline 0.003 -22"><span class='ocrx_word' id='word_1_541' title='bbox 342 5364 458 5427; x_wconf 75' lang='grc' dir='ltr'><em>λος,</em></span> <span class='ocrx_word' id='word_1_542' title='bbox 489 5362 652 5418; x_wconf 79' lang='grc' dir='ltr'><em>αὑτὸν</em></span> <span class='ocrx_word' id='word_1_543' title='bbox 687 5362 874 5418; x_wconf 78' lang='grc' dir='ltr'><em>εἰκόνα</em></span> <span class='ocrx_word' id='word_1_544' title='bbox 920 5360 1276 5432; x_wconf 84' lang='grc' dir='ltr'><em>παραλαϐὼν,</em></span> <span class='ocrx_word' id='word_1_545' title='bbox 1333 5362 1415 5424; x_wconf 86' lang='grc' dir='ltr'><strong>εἰς</strong></span> <span class='ocrx_word' id='word_1_546' title='bbox 1433 5360 1591 5415; x_wconf 78' lang='grc' dir='ltr'><em>τοῦτο</em></span> <span class='ocrx_word' id='word_1_547' title='bbox 1617 5363 1918 5435; x_wconf 81' lang='grc' dir='ltr'><em>προτρέπει</em></span> 
     </span>
    </p>
   </div>
   <div class='ocr_carea' id='block_1_72' title="bbox 341 5451 1920 5527">
    <p class='ocr_par' dir='ltr' id='par_1_72' title="bbox 341 5451 1920 5527">
     <span class='ocr_line' id='line_1_72' title="bbox 341 5451 1920 5527; baseline 0.003 -23"><span class='ocrx_word' id='word_1_548' title='bbox 341 5451 518 5523; x_wconf 72' lang='grc' dir='ltr'><em>λέγων</em></span> <span class='ocrx_word' id='word_1_549' title='bbox 537 5470 554 5486; x_wconf 90' lang='grc'><strong>·</strong></span> <span class='ocrx_word' id='word_1_550' title='bbox 586 5472 605 5504; x_wconf 85' lang='grc' dir='ltr'><strong>ι</strong></span> <span class='ocrx_word' id='word_1_551' title='bbox 645 5453 817 5508; x_wconf 74' lang='grc' dir='ltr'><em>Τοῦτο</em></span> <span class='ocrx_word' id='word_1_552' title='bbox 842 5453 1108 5527; x_wconf 84' lang='grc' dir='ltr'><em>φρονείτω</em></span> <span class='ocrx_word' id='word_1_553' title='bbox 1161 5452 1391 5513; x_wconf 75' lang='grc' dir='ltr'><em>ἕκαστος</em></span> <span class='ocrx_word' id='word_1_554' title='bbox 1437 5454 1494 5506; x_wconf 78' lang='grc' dir='ltr'><em>ὲν</em></span> <span class='ocrx_word' id='word_1_555' title='bbox 1515 5453 1665 5524; x_wconf 82' lang='grc' dir='ltr'><em>ὑμῖν,</em></span> <span class='ocrx_word' id='word_1_556' title='bbox 1685 5454 1713 5507; x_wconf 81' lang='grc' dir='ltr'><strong>ὃ</strong></span> <span class='ocrx_word' id='word_1_557' title='bbox 1737 5456 1832 5509; x_wconf 71' lang='grc' dir='ltr'><em>καὶ</em></span> <span class='ocrx_word' id='word_1_558' title='bbox 1860 5456 1920 5509; x_wconf 71' lang='grc' dir='ltr'><em>ἐν</em></span> 
     </span>
    </p>
   </div>
   <div class='ocr_carea' id='block_1_73' title="bbox 341 5543 1919 5621">
    <p class='ocr_par' dir='ltr' id='par_1_73' title="bbox 341 5543 1919 5621">
     <span class='ocr_line' id='line_1_73' title="bbox 341 5543 1919 5621; baseline 0.004 -25"><span class='ocrx_word' id='word_1_559' title='bbox 341 5543 562 5614; x_wconf 81' lang='grc' dir='ltr'><em>Χριστῷ</em></span> <span class='ocrx_word' id='word_1_560' title='bbox 616 5543 827 5615; x_wconf 76' lang='grc' dir='ltr'><em>Ἰησοῦ·</em></span> <span class='ocrx_word' id='word_1_561' title='bbox 870 5564 888 5596; x_wconf 80' lang='grc' dir='ltr'><strong>ι</strong></span> <span class='ocrx_word' id='word_1_562' title='bbox 936 5545 1031 5599; x_wconf 85' lang='grc' dir='ltr'><strong>καί</strong></span> <span class='ocrx_word' id='word_1_563' title='bbox 1065 5544 1248 5607; x_wconf 73' lang='grc' dir='ltr'><em>πάλιν,</em></span> <span class='ocrx_word' id='word_1_564' title='bbox 1287 5560 1306 5594; x_wconf 83' lang='grc' dir='ltr'><strong>ι</strong></span> <span class='ocrx_word' id='word_1_565' title='bbox 1341 5543 1420 5613; x_wconf 76' lang='grc' dir='ltr'><strong>Τῇ</strong></span> <span class='ocrx_word' id='word_1_566' title='bbox 1450 5546 1919 5621; x_wconf 77' lang='grc' dir='ltr'><em>ταπεινοφροσύνῃ</em></span> 
     </span>
    </p>
   </div>
   <div class='ocr_carea' id='block_1_74' title="bbox 341 5634 1920 5710">
    <p class='ocr_par' dir='ltr' id='par_1_74' title="bbox 341 5634 1920 5710">
     <span class='ocr_line' id='line_1_74' title="bbox 341 5634 1920 5710; baseline 0.003 -21"><span class='ocrx_word' id='word_1_567' title='bbox 341 5634 602 5706; x_wconf 77' lang='grc' dir='ltr'><em>ἀλλήλους</em></span> <span class='ocrx_word' id='word_1_568' title='bbox 638 5636 929 5707; x_wconf 82' lang='grc' dir='ltr'><em>ἡγούμενοι</em></span> <span class='ocrx_word' id='word_1_569' title='bbox 962 5636 1328 5707; x_wconf 77' lang='grc' dir='ltr'><em>ὑπερέχοντας</em></span> <span class='ocrx_word' id='word_1_570' title='bbox 1380 5635 1610 5689; x_wconf 81' lang='grc' dir='ltr'><em>ἑαυτῶν.</em></span> <span class='ocrx_word' id='word_1_571' title='bbox 1652 5656 1670 5688; x_wconf 70' lang='grc' dir='ltr'><strong>ι</strong></span> <span class='ocrx_word' id='word_1_572' title='bbox 1708 5638 1920 5710; x_wconf 79' lang='grc' dir='ltr'><em>Θεσμὸς</em></span> 
     </span>
    </p>
   </div>
   <div class='ocr_carea' id='block_1_75' title="bbox 417 5833 1873 5907">
    <p class='ocr_par' dir='ltr' id='par_1_75' title="bbox 417 5833 1873 5907">
     <span class='ocr_line' id='line_1_75' title="bbox 417 5833 1873 5907; baseline 0.003 -16"><span class='ocrx_word' id='word_1_573' title='bbox 417 5837 461 5870; x_wconf 84' lang='grc'><strong>⁷¹</strong></span> <span class='ocrx_word' id='word_1_574' title='bbox 503 5835 663 5891; x_wconf 81' lang='lat' dir='ltr'><strong>Prov.</strong></span> <span class='ocrx_word' id='word_1_575' title='bbox 700 5851 797 5901; x_wconf 84' lang='grc' dir='ltr'><em>ιιι,</em></span> <span class='ocrx_word' id='word_1_576' title='bbox 830 5835 939 5903; x_wconf 68' lang='grc' dir='ltr'><strong>ὄις</strong></span> <span class='ocrx_word' id='word_1_577' title='bbox 974 5834 1091 5891; x_wconf 84' lang='lat' dir='ltr'><strong>Jac.</strong></span> <span class='ocrx_word' id='word_1_578' title='bbox 1126 5852 1197 5902; x_wconf 79' lang='lat' dir='ltr'><strong>tv,</strong></span> <span class='ocrx_word' id='word_1_579' title='bbox 1230 5833 1282 5891; x_wconf 84' lang='grc' dir='ltr'><em>ϐ.</em></span> <span class='ocrx_word' id='word_1_580' title='bbox 1357 5836 1401 5869; x_wconf 79' lang='grc'><strong>⁷³</strong></span> <span class='ocrx_word' id='word_1_581' title='bbox 1437 5833 1671 5907; x_wconf 80' lang='lat' dir='ltr'><strong>Philipp.</strong></span> <span class='ocrx_word' id='word_1_582' title='bbox 1712 5852 1782 5906; x_wconf 90' lang='grc' dir='ltr'><strong>ιι,</strong></span> <span class='ocrx_word' id='word_1_583' title='bbox 1820 5840 1873 5895; x_wconf 77' lang='grc'><strong>5.</strong></span> 
     </span>
    </p>
   </div>
   <div class='ocr_carea' id='block_1_76' title="bbox 2022 1978 3598 2052">
    <p class='ocr_par' dir='ltr' id='par_1_76' title="bbox 2022 1978 3598 2052">
     <span class='ocr_line' id='line_1_76' title="bbox 2022 1978 3598 2052; baseline 0.001 -17"><span class='ocrx_word' id='word_1_584' title='bbox 2022 1980 2161 2045; x_wconf 88' lang='lat' dir='ltr'><strong>stit,</strong></span> <span class='ocrx_word' id='word_1_585' title='bbox 2202 1998 2221 2033; x_wconf 77' lang='grc' dir='ltr'><strong>ι</strong></span> <span class='ocrx_word' id='word_1_586' title='bbox 2273 1981 2433 2049; x_wconf 79' lang='lat' dir='ltr'><strong>juxta</strong></span> <span class='ocrx_word' id='word_1_587' title='bbox 2489 1978 2807 2036; x_wconf 88' lang='lat' dir='ltr'><strong>Salomonis</strong></span> <span class='ocrx_word' id='word_1_588' title='bbox 2860 1993 3053 2035; x_wconf 90' lang='lat' dir='ltr'><strong>vocem</strong></span> <span class='ocrx_word' id='word_1_589' title='bbox 3085 1980 3155 2034; x_wconf 81' lang='lat'><strong>”.</strong></span> <span class='ocrx_word' id='word_1_590' title='bbox 3206 1981 3358 2052; x_wconf 89' lang='lat' dir='ltr'><strong>Opus</strong></span> <span class='ocrx_word' id='word_1_591' title='bbox 3410 1981 3598 2051; x_wconf 87' lang='lat' dir='ltr'><strong>itaque</strong></span> 
     </span>
    </p>
   </div>
   <div class='ocr_carea' id='block_1_77' title="bbox 2020 2069 3596 2142">
    <p class='ocr_par' dir='ltr' id='par_1_77' title="bbox 2020 2069 3596 2142">
     <span class='ocr_line' id='line_1_77' title="bbox 2020 2069 3596 2142; baseline 0.002 -16"><span class='ocrx_word' id='word_1_592' title='bbox 2020 2079 2141 2126; x_wconf 89' lang='lat' dir='ltr'><strong>erat</strong></span> <span class='ocrx_word' id='word_1_593' title='bbox 2171 2072 2381 2127; x_wconf 85' lang='lat' dir='ltr'><strong>sanctis</strong></span> <span class='ocrx_word' id='word_1_594' title='bbox 2408 2071 2698 2142; x_wconf 82' lang='lat' dir='ltr'><strong>discipulis</strong></span> <span class='ocrx_word' id='word_1_595' title='bbox 2725 2069 2979 2127; x_wconf 89' lang='lat' dir='ltr'><strong>modesto</strong></span> <span class='ocrx_word' id='word_1_596' title='bbox 3012 2085 3077 2127; x_wconf 93' lang='lat' dir='ltr'><strong>ac</strong></span> <span class='ocrx_word' id='word_1_597' title='bbox 3099 2070 3341 2129; x_wconf 89' lang='lat' dir='ltr'><strong>demisso</strong></span> <span class='ocrx_word' id='word_1_598' title='bbox 3374 2073 3556 2129; x_wconf 88' lang='lat' dir='ltr'><strong>animo</strong></span> <span class='ocrx_word' id='word_1_599' title='bbox 3576 2112 3596 2136; x_wconf 89' lang='lat'><strong>.</strong></span> 
     </span>
    </p>
   </div>
   <div class='ocr_carea' id='block_1_78' title="bbox 2021 2162 3599 2233">
    <p class='ocr_par' dir='ltr' id='par_1_78' title="bbox 2021 2162 3599 2233">
     <span class='ocr_line' id='line_1_78' title="bbox 2021 2162 3599 2233; baseline -0.001 -15"><span class='ocrx_word' id='word_1_600' title='bbox 2021 2170 2077 2219; x_wconf 87' lang='lat' dir='ltr'><strong>et</strong></span> <span class='ocrx_word' id='word_1_601' title='bbox 2129 2177 2286 2217; x_wconf 62' lang='lat' dir='ltr'><strong>vana:</strong></span> <span class='ocrx_word' id='word_1_602' title='bbox 2336 2162 2527 2231; x_wconf 56' lang='lat' dir='ltr'><strong>glorias</strong></span> <span class='ocrx_word' id='word_1_603' title='bbox 2598 2162 3026 2233; x_wconf 81' lang='lat' dir='ltr'><strong>haudquaquam</strong></span> <span class='ocrx_word' id='word_1_604' title='bbox 3094 2162 3339 2233; x_wconf 88' lang='lat' dir='ltr'><strong>cupido:</strong></span> <span class='ocrx_word' id='word_1_605' title='bbox 3395 2164 3599 2233; x_wconf 73' lang='lat' dir='ltr'><strong>quippe</strong></span> 
     </span>
    </p>
   </div>
   <div class='ocr_carea' id='block_1_79' title="bbox 2021 2253 3600 2324">
    <p class='ocr_par' dir='ltr' id='par_1_79' title="bbox 2021 2253 3600 2324">
     <span class='ocr_line' id='line_1_79' title="bbox 2021 2253 3600 2324; baseline -0.001 -15"><span class='ocrx_word' id='word_1_606' title='bbox 2021 2269 2146 2309; x_wconf 85' lang='lat' dir='ltr'><strong>cum</strong></span> <span class='ocrx_word' id='word_1_607' title='bbox 2174 2268 2282 2308; x_wconf 83' lang='lat' dir='ltr'><strong>non</strong></span> <span class='ocrx_word' id='word_1_608' title='bbox 2308 2268 2492 2324; x_wconf 73' lang='lat' dir='ltr'><strong>parva:</strong></span> <span class='ocrx_word' id='word_1_609' title='bbox 2513 2267 2695 2308; x_wconf 71' lang='lat' dir='ltr'><strong>causa:</strong></span> <span class='ocrx_word' id='word_1_610' title='bbox 2720 2261 2911 2309; x_wconf 80' lang='lat' dir='ltr'><strong>essent</strong></span> <span class='ocrx_word' id='word_1_611' title='bbox 2945 2253 3151 2323; x_wconf 81' lang='lat' dir='ltr'><strong>quibus</strong></span> <span class='ocrx_word' id='word_1_612' title='bbox 3190 2254 3242 2307; x_wconf 89' lang='lat' dir='ltr'><strong>in</strong></span> <span class='ocrx_word' id='word_1_613' title='bbox 3275 2253 3420 2309; x_wconf 89' lang='lat' dir='ltr'><strong>hunc</strong></span> <span class='ocrx_word' id='word_1_614' title='bbox 3455 2258 3600 2308; x_wconf 58' lang='grc' dir='ltr'><em>ιιιοτέ</em></span> 
     </span>
    </p>
   </div>
   <div class='ocr_carea' id='block_1_80' title="bbox 2020 2345 3598 2419">
    <p class='ocr_par' dir='ltr' id='par_1_80' title="bbox 2020 2345 3598 2419">
     <span class='ocr_line' id='line_1_80' title="bbox 2020 2345 3598 2419; baseline 0.001 -18"><span class='ocrx_word' id='word_1_615' title='bbox 2020 2345 2153 2401; x_wconf 75' lang='lat' dir='ltr'><strong>bum</strong></span> <span class='ocrx_word' id='word_1_616' title='bbox 2187 2346 2500 2402; x_wconf 80' lang='lat' dir='ltr'><strong>inciderent</strong></span> <span class='ocrx_word' id='word_1_617' title='bbox 2522 2386 2537 2410; x_wconf 87' lang='lat'><strong>,</strong></span> <span class='ocrx_word' id='word_1_618' title='bbox 2566 2345 2730 2401; x_wconf 80' lang='lat' dir='ltr'><strong>facile</strong></span> <span class='ocrx_word' id='word_1_619' title='bbox 2765 2345 2960 2416; x_wconf 84' lang='lat' dir='ltr'><strong>utique</strong></span> <span class='ocrx_word' id='word_1_620' title='bbox 2991 2346 3045 2400; x_wconf 90' lang='lat' dir='ltr'><strong>in</strong></span> <span class='ocrx_word' id='word_1_621' title='bbox 3075 2362 3199 2402; x_wconf 90' lang='lat' dir='ltr'><strong>eum</strong></span> <span class='ocrx_word' id='word_1_622' title='bbox 3231 2346 3470 2419; x_wconf 64' lang='lat' dir='ltr'><strong>prolapsi</strong></span> <span class='ocrx_word' id='word_1_623' title='bbox 3507 2363 3598 2402; x_wconf 90' lang='lat' dir='ltr'><strong>es-</strong></span> 
     </span>
    </p>
   </div>
   <div class='ocr_carea' id='block_1_81' title="bbox 2022 2436 3598 2507">
    <p class='ocr_par' dir='ltr' id='par_1_81' title="bbox 2022 2436 3598 2507">
     <span class='ocr_line' id='line_1_81' title="bbox 2022 2436 3598 2507; baseline -0.001 -14"><span class='ocrx_word' id='word_1_624' title='bbox 2022 2447 2164 2505; x_wconf 85' lang='lat' dir='ltr'><strong>sent,</strong></span> <span class='ocrx_word' id='word_1_625' title='bbox 2197 2437 2304 2492; x_wconf 89' lang='lat' dir='ltr'><strong>nisi</strong></span> <span class='ocrx_word' id='word_1_626' title='bbox 2332 2453 2493 2507; x_wconf 89' lang='lat' dir='ltr'><strong>opem</strong></span> <span class='ocrx_word' id='word_1_627' title='bbox 2527 2436 2795 2494; x_wconf 85' lang='lat' dir='ltr'><strong>Servatur</strong></span> <span class='ocrx_word' id='word_1_628' title='bbox 2816 2439 2900 2495; x_wconf 90' lang='lat' dir='ltr'><strong>eis</strong></span> <span class='ocrx_word' id='word_1_629' title='bbox 2931 2438 3241 2494; x_wconf 76' lang='lat' dir='ltr'><strong>attulisset.</strong></span> <span class='ocrx_word' id='word_1_630' title='bbox 3268 2436 3420 2493; x_wconf 84' lang='lat' dir='ltr'><strong>Solet</strong></span> <span class='ocrx_word' id='word_1_631' title='bbox 3453 2440 3598 2497; x_wconf 87' lang='lat' dir='ltr'><strong>enim</strong></span> 
     </span>
    </p>
   </div>
   <div class='ocr_carea' id='block_1_82' title="bbox 2022 2529 3601 2604">
    <p class='ocr_par' dir='ltr' id='par_1_82' title="bbox 2022 2529 3601 2604">
     <span class='ocr_line' id='line_1_82' title="bbox 2022 2529 3601 2604; baseline 0.001 -19"><span class='ocrx_word' id='word_1_632' title='bbox 2022 2529 2265 2587; x_wconf 86' lang='lat' dir='ltr'><strong>crudelis</strong></span> <span class='ocrx_word' id='word_1_633' title='bbox 2316 2531 2428 2586; x_wconf 78' lang='lat' dir='ltr'><strong>fera</strong></span> <span class='ocrx_word' id='word_1_634' title='bbox 2476 2531 2752 2603; x_wconf 74' lang='lat' dir='ltr'><strong>superbiae</strong></span> <span class='ocrx_word' id='word_1_635' title='bbox 2800 2547 2898 2589; x_wconf 89' lang='lat' dir='ltr'><strong>eos</strong></span> <span class='ocrx_word' id='word_1_636' title='bbox 2949 2541 3009 2587; x_wconf 89' lang='lat' dir='ltr'><strong>ut</strong></span> <span class='ocrx_word' id='word_1_637' title='bbox 3056 2531 3351 2604; x_wconf 84' lang='lat' dir='ltr'><strong>plurimum</strong></span> <span class='ocrx_word' id='word_1_638' title='bbox 3395 2531 3601 2602; x_wconf 80' lang='lat' dir='ltr'><strong>quibus</strong></span> 
     </span>
    </p>
   </div>
   <div class='ocr_carea' id='block_1_83' title="bbox 2022 2621 3601 2693">
    <p class='ocr_par' dir='ltr' id='par_1_83' title="bbox 2022 2621 3601 2693">
     <span class='ocr_line' id='line_1_83' title="bbox 2022 2621 3601 2693; baseline 0 -17"><span class='ocrx_word' id='word_1_639' title='bbox 2022 2621 2297 2678; x_wconf 86' lang='lat' dir='ltr'><strong>claritatis</strong></span> <span class='ocrx_word' id='word_1_640' title='bbox 2342 2622 2546 2693; x_wconf 86' lang='lat' dir='ltr'><strong>aliquid</strong></span> <span class='ocrx_word' id='word_1_641' title='bbox 2591 2622 2740 2679; x_wconf 86' lang='lat' dir='ltr'><strong>inest</strong></span> <span class='ocrx_word' id='word_1_642' title='bbox 2786 2622 3068 2678; x_wconf 86' lang='lat' dir='ltr'><strong>invadere.</strong></span> <span class='ocrx_word' id='word_1_643' title='bbox 3107 2625 3178 2677; x_wconf 81' lang='lat' dir='ltr'><strong>At</strong></span> <span class='ocrx_word' id='word_1_644' title='bbox 3218 2622 3349 2693; x_wconf 89' lang='lat' dir='ltr'><strong>quid</strong></span> <span class='ocrx_word' id='word_1_645' title='bbox 3393 2623 3601 2683; x_wconf 79' lang='lat' dir='ltr'><strong>sanctis</strong></span> 
     </span>
    </p>
   </div>
   <div class='ocr_carea' id='block_1_84' title="bbox 2023 2711 3601 2784">
    <p class='ocr_par' dir='ltr' id='par_1_84' title="bbox 2023 2711 3601 2784">
     <span class='ocr_line' id='line_1_84' title="bbox 2023 2711 3601 2784; baseline 0.002 -19"><span class='ocrx_word' id='word_1_646' title='bbox 2023 2712 2292 2783; x_wconf 79' lang='lat' dir='ltr'><strong>apostoiis</strong></span> <span class='ocrx_word' id='word_1_647' title='bbox 2323 2712 2602 2770; x_wconf 82' lang='lat' dir='ltr'><strong>illustrius</strong></span> <span class='ocrx_word' id='word_1_648' title='bbox 2624 2754 2640 2779; x_wconf 89' lang='lat'><strong>,</strong></span> <span class='ocrx_word' id='word_1_649' title='bbox 2672 2721 2767 2769; x_wconf 86' lang='lat' dir='ltr'><strong>aut</strong></span> <span class='ocrx_word' id='word_1_650' title='bbox 2795 2711 3063 2784; x_wconf 80' lang='lat' dir='ltr'><strong>quidnam</strong></span> <span class='ocrx_word' id='word_1_651' title='bbox 3091 2721 3179 2769; x_wconf 77' lang='lat' dir='ltr'><strong>est</strong></span> <span class='ocrx_word' id='word_1_652' title='bbox 3207 2712 3447 2769; x_wconf 86' lang='lat' dir='ltr'><strong>amicitia</strong></span> <span class='ocrx_word' id='word_1_653' title='bbox 3475 2728 3601 2768; x_wconf 88' lang='lat' dir='ltr'><strong>cum</strong></span> 
     </span>
    </p>
   </div>
   <div class='ocr_carea' id='block_1_85' title="bbox 2024 2803 3599 2878">
    <p class='ocr_par' dir='ltr' id='par_1_85' title="bbox 2024 2803 3599 2878">
     <span class='ocr_line' id='line_1_85' title="bbox 2024 2803 3599 2878; baseline 0.001 -20"><span class='ocrx_word' id='word_1_654' title='bbox 2024 2803 2137 2860; x_wconf 92' lang='lat' dir='ltr'><strong>Deo</strong></span> <span class='ocrx_word' id='word_1_655' title='bbox 2173 2806 2588 2875; x_wconf 80' lang='lat' dir='ltr'><strong>praestabilius?</strong></span> <span class='ocrx_word' id='word_1_656' title='bbox 2638 2805 2706 2861; x_wconf 89' lang='lat' dir='ltr'><strong>Et</strong></span> <span class='ocrx_word' id='word_1_657' title='bbox 2737 2808 2958 2878; x_wconf 83' lang='lat' dir='ltr'><strong>quidem</strong></span> <span class='ocrx_word' id='word_1_658' title='bbox 2992 2808 3097 2862; x_wconf 90' lang='lat' dir='ltr'><strong>hoc</strong></span> <span class='ocrx_word' id='word_1_659' title='bbox 3124 2805 3317 2861; x_wconf 80' lang='lat' dir='ltr'><strong>vitium</strong></span> <span class='ocrx_word' id='word_1_660' title='bbox 3352 2805 3406 2861; x_wconf 84' lang='lat' dir='ltr'><strong>in</strong></span> <span class='ocrx_word' id='word_1_661' title='bbox 3440 2804 3599 2861; x_wconf 82' lang='lat' dir='ltr'><strong>nihili</strong></span> 
     </span>
    </p>
   </div>
   <div class='ocr_carea' id='block_1_86' title="bbox 2022 2895 3601 2971">
    <p class='ocr_par' dir='ltr' id='par_1_86' title="bbox 2022 2895 3601 2971">
     <span class='ocr_line' id='line_1_86' title="bbox 2022 2895 3601 2971; baseline 0 -20"><span class='ocrx_word' id='word_1_662' title='bbox 2022 2895 2301 2953; x_wconf 88' lang='lat' dir='ltr'><strong>hominem</strong></span> <span class='ocrx_word' id='word_1_663' title='bbox 2336 2913 2442 2953; x_wconf 91' lang='lat' dir='ltr'><strong>non</strong></span> <span class='ocrx_word' id='word_1_664' title='bbox 2485 2899 2793 2955; x_wconf 86' lang='lat' dir='ltr'><strong>intraverit.</strong></span> <span class='ocrx_word' id='word_1_665' title='bbox 2826 2897 2989 2971; x_wconf 84' lang='lat' dir='ltr'><strong>Fugit</strong></span> <span class='ocrx_word' id='word_1_666' title='bbox 3031 2900 3181 2955; x_wconf 83' lang='lat' dir='ltr'><strong>enim</strong></span> <span class='ocrx_word' id='word_1_667' title='bbox 3224 2914 3349 2953; x_wconf 90' lang='lat' dir='ltr'><strong>eum</strong></span> <span class='ocrx_word' id='word_1_668' title='bbox 3397 2897 3454 2953; x_wconf 85' lang='lat' dir='ltr'><strong>in</strong></span> <span class='ocrx_word' id='word_1_669' title='bbox 3491 2913 3601 2969; x_wconf 79' lang='lat' dir='ltr'><strong>quo</strong></span> 
     </span>
    </p>
   </div>
   <div class='ocr_carea' id='block_1_87' title="bbox 2022 2988 3600 3061">
    <p class='ocr_par' dir='ltr' id='par_1_87' title="bbox 2022 2988 3600 3061">
     <span class='ocr_line' id='line_1_87' title="bbox 2022 2988 3600 3061; baseline 0.001 -18"><span class='ocrx_word' id='word_1_670' title='bbox 2022 2988 2158 3043; x_wconf 86' lang='lat' dir='ltr'><strong>nihil</strong></span> <span class='ocrx_word' id='word_1_671' title='bbox 2188 2997 2272 3045; x_wconf 90' lang='lat' dir='ltr'><strong>est</strong></span> <span class='ocrx_word' id='word_1_672' title='bbox 2303 3005 2485 3059; x_wconf 61' lang='lat' dir='ltr'><strong>operm</strong></span> <span class='ocrx_word' id='word_1_673' title='bbox 2512 2990 2715 3061; x_wconf 91' lang='lat' dir='ltr'><strong>pretii,</strong></span> <span class='ocrx_word' id='word_1_674' title='bbox 2740 3006 2842 3046; x_wconf 91' lang='lat' dir='ltr'><strong>nec</strong></span> <span class='ocrx_word' id='word_1_675' title='bbox 2872 2991 2941 3046; x_wconf 91' lang='lat' dir='ltr'><strong>ad</strong></span> <span class='ocrx_word' id='word_1_676' title='bbox 2969 3005 3065 3046; x_wconf 91' lang='lat' dir='ltr'><strong>eos</strong></span> <span class='ocrx_word' id='word_1_677' title='bbox 3097 2991 3311 3046; x_wconf 83' lang='lat' dir='ltr'><strong>accedit</strong></span> <span class='ocrx_word' id='word_1_678' title='bbox 3343 2991 3437 3061; x_wconf 89' lang='lat' dir='ltr'><strong>qui</strong></span> <span class='ocrx_word' id='word_1_679' title='bbox 3473 2989 3600 3046; x_wconf 77' lang='lat' dir='ltr'><strong>nul-</strong></span> 
     </span>
    </p>
   </div>
   <div class='ocr_carea' id='block_1_88' title="bbox 2023 3079 3602 3153">
    <p class='ocr_par' dir='ltr' id='par_1_88' title="bbox 2023 3079 3602 3153">
     <span class='ocr_line' id='line_1_88' title="bbox 2023 3079 3602 3153; baseline 0.003 -19"><span class='ocrx_word' id='word_1_680' title='bbox 2023 3079 2134 3135; x_wconf 87' lang='lat' dir='ltr'><strong>lum</strong></span> <span class='ocrx_word' id='word_1_681' title='bbox 2175 3081 2319 3138; x_wconf 86' lang='lat' dir='ltr'><strong>inter</strong></span> <span class='ocrx_word' id='word_1_682' title='bbox 2352 3083 2492 3138; x_wconf 86' lang='lat' dir='ltr'><strong>alios</strong></span> <span class='ocrx_word' id='word_1_683' title='bbox 2531 3081 2765 3153; x_wconf 83' lang='lat' dir='ltr'><strong>gradum</strong></span> <span class='ocrx_word' id='word_1_684' title='bbox 2806 3082 3104 3138; x_wconf 81' lang='lat' dir='ltr'><strong>obtinent:</strong></span> <span class='ocrx_word' id='word_1_685' title='bbox 3149 3081 3282 3153; x_wconf 84' lang='lat' dir='ltr'><strong>quid</strong></span> <span class='ocrx_word' id='word_1_686' title='bbox 3324 3084 3470 3138; x_wconf 87' lang='lat' dir='ltr'><strong>enim</strong></span> <span class='ocrx_word' id='word_1_687' title='bbox 3515 3092 3602 3138; x_wconf 81' lang='lat' dir='ltr'><strong>est</strong></span> 
     </span>
    </p>
   </div>
   <div class='ocr_carea' id='block_1_89' title="bbox 2023 3173 3601 3245">
    <p class='ocr_par' dir='ltr' id='par_1_89' title="bbox 2023 3173 3601 3245">
     <span class='ocr_line' id='line_1_89' title="bbox 2023 3173 3601 3245; baseline 0.003 -19"><span class='ocrx_word' id='word_1_688' title='bbox 2023 3187 2132 3243; x_wconf 90' lang='lat' dir='ltr'><strong>quo</strong></span> <span class='ocrx_word' id='word_1_689' title='bbox 2167 3173 2481 3229; x_wconf 86' lang='lat' dir='ltr'><strong>istiusmodi</strong></span> <span class='ocrx_word' id='word_1_690' title='bbox 2515 3174 2767 3231; x_wconf 89' lang='lat' dir='ltr'><strong>homines</strong></span> <span class='ocrx_word' id='word_1_691' title='bbox 2798 3174 3067 3231; x_wconf 87' lang='lat' dir='ltr'><strong>tantulum</strong></span> <span class='ocrx_word' id='word_1_692' title='bbox 3116 3174 3391 3245; x_wconf 67' lang='lat' dir='ltr'><strong>superbiae</strong></span> <span class='ocrx_word' id='word_1_693' title='bbox 3414 3176 3601 3230; x_wconf 88' lang='lat' dir='ltr'><strong>conci-</strong></span> 
     </span>
    </p>
   </div>
   <div class='ocr_carea' id='block_1_90' title="bbox 2029 3263 3601 3338">
    <p class='ocr_par' dir='ltr' id='par_1_90' title="bbox 2029 3263 3601 3338">
     <span class='ocr_line' id='line_1_90' title="bbox 2029 3263 3601 3338; baseline 0.001 -19"><span class='ocrx_word' id='word_1_694' title='bbox 2029 3265 2225 3337; x_wconf 80' lang='lat' dir='ltr'><strong>piant?</strong></span> <span class='ocrx_word' id='word_1_695' title='bbox 2274 3264 2381 3320; x_wconf 89' lang='lat' dir='ltr'><strong>Sed</strong></span> <span class='ocrx_word' id='word_1_696' title='bbox 2435 3263 2635 3321; x_wconf 81' lang='lat' dir='ltr'><strong>fastum</strong></span> <span class='ocrx_word' id='word_1_697' title='bbox 2694 3266 2869 3338; x_wconf 77' lang='lat' dir='ltr'><strong>diligit</strong></span> <span class='ocrx_word' id='word_1_698' title='bbox 2918 3266 3237 3338; x_wconf 87' lang='lat' dir='ltr'><strong>quicunque</strong></span> <span class='ocrx_word' id='word_1_699' title='bbox 3277 3265 3601 3337; x_wconf 81' lang='lat' dir='ltr'><strong>spectabilis</strong></span> 
     </span>
    </p>
   </div>
   <div class='ocr_carea' id='block_1_91' title="bbox 2026 3356 3602 3431">
    <p class='ocr_par' dir='ltr' id='par_1_91' title="bbox 2026 3356 3602 3431">
     <span class='ocr_line' id='line_1_91' title="bbox 2026 3356 3602 3431; baseline 0 -19"><span class='ocrx_word' id='word_1_700' title='bbox 2026 3363 2152 3420; x_wconf 88' lang='lat' dir='ltr'><strong>est,</strong></span> <span class='ocrx_word' id='word_1_701' title='bbox 2198 3364 2365 3428; x_wconf 87' lang='lat' dir='ltr'><strong>atque</strong></span> <span class='ocrx_word' id='word_1_702' title='bbox 2408 3356 2622 3413; x_wconf 90' lang='lat' dir='ltr'><strong>idcirco</strong></span> <span class='ocrx_word' id='word_1_703' title='bbox 2666 3358 2884 3413; x_wconf 79' lang='lat' dir='ltr'><strong>caeteris</strong></span> <span class='ocrx_word' id='word_1_704' title='bbox 2936 3374 2996 3414; x_wconf 91' lang='lat' dir='ltr'><strong>se</strong></span> <span class='ocrx_word' id='word_1_705' title='bbox 3054 3357 3359 3431; x_wconf 72' lang='lat' dir='ltr'><strong>praeponit,</strong></span> <span class='ocrx_word' id='word_1_706' title='bbox 3423 3357 3602 3429; x_wconf 90' lang='lat' dir='ltr'><strong>iisque</strong></span> 
     </span>
    </p>
   </div>
   <div class='ocr_carea' id='block_1_92' title="bbox 2026 3446 3602 3519">
    <p class='ocr_par' dir='ltr' id='par_1_92' title="bbox 2026 3446 3602 3519">
     <span class='ocr_line' id='line_1_92' title="bbox 2026 3446 3602 3519; baseline 0.001 -17"><span class='ocrx_word' id='word_1_707' title='bbox 2026 3446 2187 3519; x_wconf 86' lang='lat' dir='ltr'><strong>longe</strong></span> <span class='ocrx_word' id='word_1_708' title='bbox 2218 3463 2278 3504; x_wconf 91' lang='lat' dir='ltr'><strong>se</strong></span> <span class='ocrx_word' id='word_1_709' title='bbox 2309 3456 2573 3518; x_wconf 64' lang='lat' dir='ltr'><strong>praestare</strong></span> <span class='ocrx_word' id='word_1_710' title='bbox 2612 3449 2931 3517; x_wconf 81' lang='lat' dir='ltr'><strong>existimat,</strong></span> <span class='ocrx_word' id='word_1_711' title='bbox 2974 3460 3035 3505; x_wconf 90' lang='lat' dir='ltr'><strong>ut</strong></span> <span class='ocrx_word' id='word_1_712' title='bbox 3069 3450 3163 3519; x_wconf 90' lang='lat' dir='ltr'><strong>qui</strong></span> <span class='ocrx_word' id='word_1_713' title='bbox 3194 3450 3393 3505; x_wconf 68' lang='lat' dir='ltr'><strong>eximia</strong></span> <span class='ocrx_word' id='word_1_714' title='bbox 3419 3457 3475 3505; x_wconf 88' lang='lat' dir='ltr'><strong>et</strong></span> <span class='ocrx_word' id='word_1_715' title='bbox 3502 3465 3602 3506; x_wconf 84' lang='lat' dir='ltr'><strong>ex-</strong></span> 
     </span>
    </p>
   </div>
   <div class='ocr_carea' id='block_1_93' title="bbox 2027 3539 3603 3612">
    <p class='ocr_par' dir='ltr' id='par_1_93' title="bbox 2027 3539 3603 3612">
     <span class='ocr_line' id='line_1_93' title="bbox 2027 3539 3603 3612; baseline 0.003 -19"><span class='ocrx_word' id='word_1_716' title='bbox 2027 3539 2416 3595; x_wconf 88' lang='lat' dir='ltr'><strong>cellentissima</strong></span> <span class='ocrx_word' id='word_1_717' title='bbox 2443 3542 2514 3595; x_wconf 86' lang='lat' dir='ltr'><strong>sit</strong></span> <span class='ocrx_word' id='word_1_718' title='bbox 2541 3541 2745 3596; x_wconf 89' lang='lat' dir='ltr'><strong>virtute</strong></span> <span class='ocrx_word' id='word_1_719' title='bbox 2770 3541 2929 3612; x_wconf 72' lang='lat'><strong>721</strong></span> <span class='ocrx_word' id='word_1_720' title='bbox 2961 3542 3242 3612; x_wconf 70' lang='lat' dir='ltr'><strong>praeditus,</strong></span> <span class='ocrx_word' id='word_1_721' title='bbox 3273 3548 3329 3597; x_wconf 86' lang='lat' dir='ltr'><strong>et</strong></span> <span class='ocrx_word' id='word_1_722' title='bbox 3353 3541 3479 3597; x_wconf 80' lang='lat' dir='ltr'><strong>vitae</strong></span> <span class='ocrx_word' id='word_1_723' title='bbox 3508 3557 3603 3612; x_wconf 52' lang='lat' dir='ltr'><strong>ge.</strong></span> 
     </span>
    </p>
   </div>
   <div class='ocr_carea' id='block_1_94' title="bbox 2026 3627 3599 3685">
    <p class='ocr_par' dir='ltr' id='par_1_94' title="bbox 2026 3627 3599 3685">
     <span class='ocr_line' id='line_1_94' title="bbox 2026 3627 3599 3685; baseline 0.001 -3"><span class='ocrx_word' id='word_1_724' title='bbox 2026 3642 2133 3683; x_wconf 88' lang='lat' dir='ltr'><strong>nus</strong></span> <span class='ocrx_word' id='word_1_725' title='bbox 2162 3627 2449 3683; x_wconf 84' lang='lat' dir='ltr'><strong>insolitum</strong></span> <span class='ocrx_word' id='word_1_726' title='bbox 2494 3644 2560 3683; x_wconf 90' lang='lat' dir='ltr'><strong>ac</strong></span> <span class='ocrx_word' id='word_1_727' title='bbox 2594 3628 2783 3683; x_wconf 87' lang='lat' dir='ltr'><strong>minus</strong></span> <span class='ocrx_word' id='word_1_728' title='bbox 2812 3632 3009 3683; x_wconf 88' lang='lat' dir='ltr'><strong>tritum</strong></span> <span class='ocrx_word' id='word_1_729' title='bbox 3055 3630 3177 3685; x_wconf 88' lang='lat' dir='ltr'><strong>aliis</strong></span> <span class='ocrx_word' id='word_1_730' title='bbox 3218 3629 3423 3684; x_wconf 78' lang='lat' dir='ltr'><strong>inierit.</strong></span> <span class='ocrx_word' id='word_1_731' title='bbox 3460 3630 3599 3685; x_wconf 77' lang='lat' dir='ltr'><strong>Cum</strong></span> 
     </span>
    </p>
   </div>
   <div class='ocr_carea' id='block_1_95' title="bbox 2027 3720 3599 3795">
    <p class='ocr_par' dir='ltr' id='par_1_95' title="bbox 2027 3720 3599 3795">
     <span class='ocr_line' id='line_1_95' title="bbox 2027 3720 3599 3795; baseline 0.003 -20"><span class='ocrx_word' id='word_1_732' title='bbox 2027 3733 2161 3790; x_wconf 82' lang='lat' dir='ltr'><strong>ergo</strong></span> <span class='ocrx_word' id='word_1_733' title='bbox 2184 3720 2454 3790; x_wconf 75' lang='lat' dir='ltr'><strong>superbia:</strong></span> <span class='ocrx_word' id='word_1_734' title='bbox 2490 3722 2683 3775; x_wconf 87' lang='lat' dir='ltr'><strong>vitium</strong></span> <span class='ocrx_word' id='word_1_735' title='bbox 2717 3722 2781 3777; x_wconf 80' lang='lat' dir='ltr'><strong>iis</strong></span> <span class='ocrx_word' id='word_1_736' title='bbox 2815 3721 3089 3777; x_wconf 86' lang='lat' dir='ltr'><strong>interdum</strong></span> <span class='ocrx_word' id='word_1_737' title='bbox 3123 3722 3357 3777; x_wconf 88' lang='lat' dir='ltr'><strong>insideat</strong></span> <span class='ocrx_word' id='word_1_738' title='bbox 3390 3724 3444 3778; x_wconf 92' lang='lat' dir='ltr'><strong>in</strong></span> <span class='ocrx_word' id='word_1_739' title='bbox 3471 3724 3599 3795; x_wconf 90' lang='lat' dir='ltr'><strong>qui-</strong></span> 
     </span>
    </p>
   </div>
   <div class='ocr_carea' id='block_1_96' title="bbox 2026 3810 3602 3882">
    <p class='ocr_par' dir='ltr' id='par_1_96' title="bbox 2026 3810 3602 3882">
     <span class='ocr_line' id='line_1_96' title="bbox 2026 3810 3602 3882; baseline 0.001 -15"><span class='ocrx_word' id='word_1_740' title='bbox 2026 3811 2131 3867; x_wconf 87' lang='lat' dir='ltr'><strong>bus</strong></span> <span class='ocrx_word' id='word_1_741' title='bbox 2160 3810 2411 3866; x_wconf 88' lang='lat' dir='ltr'><strong>nonnihil</strong></span> <span class='ocrx_word' id='word_1_742' title='bbox 2450 3819 2535 3866; x_wconf 87' lang='lat' dir='ltr'><strong>est</strong></span> <span class='ocrx_word' id='word_1_743' title='bbox 2564 3810 2861 3882; x_wconf 66' lang='lat' dir='ltr'><strong>prazcipui,</strong></span> <span class='ocrx_word' id='word_1_744' title='bbox 2898 3810 3174 3880; x_wconf 89' lang='lat' dir='ltr'><strong>quomodo</strong></span> <span class='ocrx_word' id='word_1_745' title='bbox 3212 3827 3441 3868; x_wconf 79' lang='lat' dir='ltr'><strong>necesse</strong></span> <span class='ocrx_word' id='word_1_746' title='bbox 3488 3829 3602 3869; x_wconf 72' lang='lat' dir='ltr'><strong>non</strong></span> 
     </span>
    </p>
   </div>
   <div class='ocr_carea' id='block_1_97' title="bbox 2026 3900 3601 3971">
    <p class='ocr_par' dir='ltr' id='par_1_97' title="bbox 2026 3900 3601 3971">
     <span class='ocr_line' id='line_1_97' title="bbox 2026 3900 3601 3971; baseline 0 -13"><span class='ocrx_word' id='word_1_747' title='bbox 2026 3910 2147 3958; x_wconf 87' lang='lat' dir='ltr'><strong>erat</strong></span> <span class='ocrx_word' id='word_1_748' title='bbox 2206 3911 2267 3956; x_wconf 89' lang='lat' dir='ltr'><strong>ut</strong></span> <span class='ocrx_word' id='word_1_749' title='bbox 2343 3900 2603 3958; x_wconf 85' lang='lat' dir='ltr'><strong>Christus</strong></span> <span class='ocrx_word' id='word_1_750' title='bbox 2667 3903 2879 3957; x_wconf 84' lang='lat' dir='ltr'><strong>sanctis</strong></span> <span class='ocrx_word' id='word_1_751' title='bbox 2944 3901 3209 3971; x_wconf 87' lang='lat' dir='ltr'><strong>apostolis</strong></span> <span class='ocrx_word' id='word_1_752' title='bbox 3271 3901 3601 3958; x_wconf 79' lang='lat' dir='ltr'><strong>humilitatis</strong></span> 
     </span>
    </p>
   </div>
   <div class='ocr_carea' id='block_1_98' title="bbox 2025 3990 3601 4063">
    <p class='ocr_par' dir='ltr' id='par_1_98' title="bbox 2025 3990 3601 4063">
     <span class='ocr_line' id='line_1_98' title="bbox 2025 3990 3601 4063; baseline 0 -15"><span class='ocrx_word' id='word_1_753' title='bbox 2025 3993 2282 4063; x_wconf 86' lang='lat' dir='ltr'><strong>exemplo</strong></span> <span class='ocrx_word' id='word_1_754' title='bbox 2324 4000 2511 4056; x_wconf 90' lang='lat' dir='ltr'><strong>esset,</strong></span> <span class='ocrx_word' id='word_1_755' title='bbox 2563 4000 2624 4046; x_wconf 85' lang='grc' dir='ltr'><strong>ιιι</strong></span> <span class='ocrx_word' id='word_1_756' title='bbox 2660 3998 2850 4063; x_wconf 79' lang='lat' dir='ltr'><strong>typum</strong></span> <span class='ocrx_word' id='word_1_757' title='bbox 2898 4000 2953 4046; x_wconf 91' lang='lat' dir='ltr'><strong>et</strong></span> <span class='ocrx_word' id='word_1_758' title='bbox 2998 3991 3292 4062; x_wconf 75' lang='lat' dir='ltr'><strong>imaginem</strong></span> <span class='ocrx_word' id='word_1_759' title='bbox 3335 3990 3601 4048; x_wconf 82' lang='lat' dir='ltr'><strong>habentes</strong></span> 
     </span>
    </p>
   </div>
   <div class='ocr_carea' id='block_1_99' title="bbox 2025 4078 3601 4151">
    <p class='ocr_par' dir='ltr' id='par_1_99' title="bbox 2025 4078 3601 4151">
     <span class='ocr_line' id='line_1_99' title="bbox 2025 4078 3601 4151; baseline -0.002 -14"><span class='ocrx_word' id='word_1_760' title='bbox 2025 4082 2414 4139; x_wconf 88' lang='lat' dir='ltr'><strong>universorum</strong></span> <span class='ocrx_word' id='word_1_761' title='bbox 2442 4080 2733 4136; x_wconf 89' lang='lat' dir='ltr'><strong>Dominum</strong></span> <span class='ocrx_word' id='word_1_762' title='bbox 2765 4080 2867 4151; x_wconf 88' lang='lat' dir='ltr'><strong>ipsi</strong></span> <span class='ocrx_word' id='word_1_763' title='bbox 2907 4094 3125 4150; x_wconf 89' lang='lat' dir='ltr'><strong>quoque</strong></span> <span class='ocrx_word' id='word_1_764' title='bbox 3162 4080 3230 4133; x_wconf 85' lang='lat' dir='ltr'><strong>ad</strong></span> <span class='ocrx_word' id='word_1_765' title='bbox 3271 4078 3366 4134; x_wconf 91' lang='lat' dir='ltr'><strong>Dei</strong></span> <span class='ocrx_word' id='word_1_766' title='bbox 3405 4081 3601 4134; x_wconf 85' lang='lat' dir='ltr'><strong>volun-</strong></span> 
     </span>
    </p>
   </div>
   <div class='ocr_carea' id='block_1_100' title="bbox 2026 4171 3602 4243">
    <p class='ocr_par' dir='ltr' id='par_1_100' title="bbox 2026 4171 3602 4243">
     <span class='ocr_line' id='line_1_100' title="bbox 2026 4171 3602 4243; baseline -0.002 -14"><span class='ocrx_word' id='word_1_767' title='bbox 2026 4183 2190 4229; x_wconf 74' lang='lat' dir='ltr'><strong>tatem</strong></span> <span class='ocrx_word' id='word_1_768' title='bbox 2220 4189 2379 4229; x_wconf 82' lang='lat' dir='ltr'><strong>suam</strong></span> <span class='ocrx_word' id='word_1_769' title='bbox 2411 4184 2650 4229; x_wconf 66' lang='lat' dir='ltr'><strong>utentem</strong></span> <span class='ocrx_word' id='word_1_770' title='bbox 2683 4172 3137 4227; x_wconf 80' lang='lat' dir='ltr'><strong>couformarent‘.’</strong></span> <span class='ocrx_word' id='word_1_771' title='bbox 3176 4171 3381 4227; x_wconf 80' lang='lat' dir='ltr'><strong>Vitium</strong></span> <span class='ocrx_word' id='word_1_772' title='bbox 3430 4172 3602 4243; x_wconf 82' lang='lat' dir='ltr'><strong>igitur</strong></span> 
     </span>
    </p>
   </div>
   <div class='ocr_carea' id='block_1_101' title="bbox 2026 4262 3602 4335">
    <p class='ocr_par' dir='ltr' id='par_1_101' title="bbox 2026 4262 3602 4335">
     <span class='ocr_line' id='line_1_101' title="bbox 2026 4262 3602 4335; baseline -0.001 -15"><span class='ocrx_word' id='word_1_773' title='bbox 2026 4265 2163 4321; x_wconf 91' lang='lat' dir='ltr'><strong>illud</strong></span> <span class='ocrx_word' id='word_1_774' title='bbox 2209 4266 2372 4321; x_wconf 86' lang='lat' dir='ltr'><strong>aliter</strong></span> <span class='ocrx_word' id='word_1_775' title='bbox 2412 4264 2569 4321; x_wconf 83' lang='lat' dir='ltr'><strong>evelli</strong></span> <span class='ocrx_word' id='word_1_776' title='bbox 2616 4278 2727 4319; x_wconf 90' lang='lat' dir='ltr'><strong>non</strong></span> <span class='ocrx_word' id='word_1_777' title='bbox 2758 4270 3012 4334; x_wconf 86' lang='lat' dir='ltr'><strong>poterat,</strong></span> <span class='ocrx_word' id='word_1_778' title='bbox 3045 4277 3209 4335; x_wconf 91' lang='lat' dir='ltr'><strong>quam</strong></span> <span class='ocrx_word' id='word_1_779' title='bbox 3249 4262 3296 4318; x_wconf 90' lang='lat' dir='ltr'><strong>si</strong></span> <span class='ocrx_word' id='word_1_780' title='bbox 3327 4262 3504 4333; x_wconf 89' lang='lat' dir='ltr'><strong>palam</strong></span> <span class='ocrx_word' id='word_1_781' title='bbox 3545 4271 3602 4318; x_wconf 84' lang='lat' dir='ltr'><strong>et</strong></span> 
     </span>
    </p>
   </div>
   <div class='ocr_carea' id='block_1_102' title="bbox 2027 4354 3600 4429">
    <p class='ocr_par' dir='ltr' id='par_1_102' title="bbox 2027 4354 3600 4429">
     <span class='ocr_line' id='line_1_102' title="bbox 2027 4354 3600 4429; baseline -0.001 -17"><span class='ocrx_word' id='word_1_782' title='bbox 2027 4367 2216 4429; x_wconf 86' lang='lat' dir='ltr'><strong>aperte</strong></span> <span class='ocrx_word' id='word_1_783' title='bbox 2254 4358 2479 4415; x_wconf 87' lang='lat' dir='ltr'><strong>doceret</strong></span> <span class='ocrx_word' id='word_1_784' title='bbox 2522 4358 2598 4412; x_wconf 78' lang='lat' dir='ltr'><strong>ita</strong></span> <span class='ocrx_word' id='word_1_785' title='bbox 2649 4356 2887 4412; x_wconf 89' lang='lat' dir='ltr'><strong>demisse</strong></span> <span class='ocrx_word' id='word_1_786' title='bbox 2927 4355 2997 4411; x_wconf 89' lang='lat' dir='ltr'><strong>de</strong></span> <span class='ocrx_word' id='word_1_787' title='bbox 3047 4370 3109 4413; x_wconf 91' lang='lat' dir='ltr'><strong>se</strong></span> <span class='ocrx_word' id='word_1_788' title='bbox 3159 4354 3405 4421; x_wconf 79' lang='lat' dir='ltr'><strong>sentire,</strong></span> <span class='ocrx_word' id='word_1_789' title='bbox 3445 4362 3509 4409; x_wconf 90' lang='lat' dir='ltr'><strong>ut</strong></span> <span class='ocrx_word' id='word_1_790' title='bbox 3544 4364 3600 4411; x_wconf 80' lang='lat' dir='ltr'><strong>et</strong></span> 
     </span>
    </p>
   </div>
   <div class='ocr_carea' id='block_1_103' title="bbox 2024 4444 3599 4516">
    <p class='ocr_par' dir='ltr' id='par_1_103' title="bbox 2024 4444 3599 4516">
     <span class='ocr_line' id='line_1_103' title="bbox 2024 4444 3599 4516; baseline -0.004 -10"><span class='ocrx_word' id='word_1_791' title='bbox 2024 4449 2171 4506; x_wconf 83' lang='lat' dir='ltr'><strong>servi</strong></span> <span class='ocrx_word' id='word_1_792' title='bbox 2202 4449 2355 4505; x_wconf 84' lang='lat' dir='ltr'><strong>vices</strong></span> <span class='ocrx_word' id='word_1_793' title='bbox 2384 4448 2570 4513; x_wconf 86' lang='lat' dir='ltr'><strong>obire,</strong></span> <span class='ocrx_word' id='word_1_794' title='bbox 2618 4456 2676 4504; x_wconf 90' lang='lat' dir='ltr'><strong>et</strong></span> <span class='ocrx_word' id='word_1_795' title='bbox 2722 4446 3094 4503; x_wconf 84' lang='lat' dir='ltr'><strong>ministerium</strong></span> <span class='ocrx_word' id='word_1_796' title='bbox 3141 4444 3333 4500; x_wconf 79' lang='lat' dir='ltr'><strong>famuli</strong></span> <span class='ocrx_word' id='word_1_797' title='bbox 3368 4445 3599 4516; x_wconf 86' lang='lat' dir='ltr'><strong>implere</strong></span> 
     </span>
    </p>
   </div>
   <div class='ocr_carea' id='block_1_104' title="bbox 2026 4535 3597 4609">
    <p class='ocr_par' dir='ltr' id='par_1_104' title="bbox 2026 4535 3597 4609">
     <span class='ocr_line' id='line_1_104' title="bbox 2026 4535 3597 4609; baseline -0.003 -13"><span class='ocrx_word' id='word_1_798' title='bbox 2026 4557 2134 4596; x_wconf 91' lang='lat' dir='ltr'><strong>non</strong></span> <span class='ocrx_word' id='word_1_799' title='bbox 2163 4548 2466 4605; x_wconf 86' lang='lat' dir='ltr'><strong>vereretur,</strong></span> <span class='ocrx_word' id='word_1_800' title='bbox 2491 4539 2725 4594; x_wconf 88' lang='lat' dir='ltr'><strong>fratrum</strong></span> <span class='ocrx_word' id='word_1_801' title='bbox 2756 4540 2921 4609; x_wconf 87' lang='lat' dir='ltr'><strong>pedes</strong></span> <span class='ocrx_word' id='word_1_802' title='bbox 2944 4536 3238 4603; x_wconf 81' lang='lat' dir='ltr'><strong>abluendo,</strong></span> <span class='ocrx_word' id='word_1_803' title='bbox 3268 4541 3325 4591; x_wconf 87' lang='lat' dir='ltr'><strong>et</strong></span> <span class='ocrx_word' id='word_1_804' title='bbox 3346 4535 3512 4591; x_wconf 89' lang='lat' dir='ltr'><strong>linteo</strong></span> <span class='ocrx_word' id='word_1_805' title='bbox 3537 4550 3597 4591; x_wconf 79' lang='lat' dir='ltr'><strong>sc</strong></span> 
     </span>
    </p>
   </div>
   <div class='ocr_carea' id='block_1_105' title="bbox 2022 4626 3597 4705">
    <p class='ocr_par' dir='ltr' id='par_1_105' title="bbox 2022 4626 3597 4705">
     <span class='ocr_line' id='line_1_105' title="bbox 2022 4626 3597 4705; baseline -0.006 -16"><span class='ocrx_word' id='word_1_806' title='bbox 2022 4633 2091 4689; x_wconf 86' lang='lat' dir='ltr'><strong>ad</strong></span> <span class='ocrx_word' id='word_1_807' title='bbox 2120 4648 2260 4705; x_wconf 88' lang='lat' dir='ltr'><strong>opus</strong></span> <span class='ocrx_word' id='word_1_808' title='bbox 2293 4631 2699 4703; x_wconf 65' lang='lat' dir='ltr'><strong>praecingendo.</strong></span> <span class='ocrx_word' id='word_1_809' title='bbox 2765 4627 3073 4685; x_wconf 82' lang='lat' dir='ltr'><strong>Considera</strong></span> <span class='ocrx_word' id='word_1_810' title='bbox 3115 4628 3260 4684; x_wconf 84' lang='lat' dir='ltr'><strong>enim</strong></span> <span class='ocrx_word' id='word_1_811' title='bbox 3297 4636 3357 4681; x_wconf 92' lang='lat' dir='ltr'><strong>ut</strong></span> <span class='ocrx_word' id='word_1_812' title='bbox 3395 4626 3597 4682; x_wconf 80' lang='lat' dir='ltr'><strong>servile</strong></span> 
     </span>
    </p>
   </div>
   <div class='ocr_carea' id='block_1_106' title="bbox 2022 4716 3593 4789">
    <p class='ocr_par' dir='ltr' id='par_1_106' title="bbox 2022 4716 3593 4789">
     <span class='ocr_line' id='line_1_106' title="bbox 2022 4716 3593 4789; baseline -0.006 -9"><span class='ocrx_word' id='word_1_813' title='bbox 2022 4726 2091 4781; x_wconf 87' lang='lat' dir='ltr'><strong>sit</strong></span> <span class='ocrx_word' id='word_1_814' title='bbox 2120 4724 2253 4780; x_wconf 84' lang='lat' dir='ltr'><strong>illud</strong></span> <span class='ocrx_word' id='word_1_815' title='bbox 2284 4723 2676 4789; x_wconf 86' lang='lat' dir='ltr'><strong>ministerium,</strong></span> <span class='ocrx_word' id='word_1_816' title='bbox 2706 4722 2754 4778; x_wconf 84' lang='lat' dir='ltr'><strong>si</strong></span> <span class='ocrx_word' id='word_1_817' title='bbox 2785 4719 3243 4777; x_wconf 86' lang='lat' dir='ltr'><strong>consuetudinem</strong></span> <span class='ocrx_word' id='word_1_818' title='bbox 3274 4716 3466 4772; x_wconf 87' lang='lat' dir='ltr'><strong>mundi</strong></span> <span class='ocrx_word' id='word_1_819' title='bbox 3492 4716 3593 4771; x_wconf 81' lang='lat' dir='ltr'><strong>hu-</strong></span> 
     </span>
    </p>
   </div>
   <div class='ocr_carea' id='block_1_107' title="bbox 2016 4808 3602 4889">
    <p class='ocr_par' dir='ltr' id='par_1_107' title="bbox 2016 4808 3602 4889">
     <span class='ocr_line' id='line_1_107' title="bbox 2016 4808 3602 4889; baseline -0.006 -16"><span class='ocrx_word' id='word_1_820' title='bbox 2016 4817 2108 4889; x_wconf 78' lang='lat' dir='ltr'><strong>jus</strong></span> <span class='ocrx_word' id='word_1_821' title='bbox 2133 4859 2149 4884; x_wconf 92' lang='lat'><strong>,</strong></span> <span class='ocrx_word' id='word_1_822' title='bbox 2194 4825 2251 4872; x_wconf 87' lang='lat' dir='ltr'><strong>et</strong></span> <span class='ocrx_word' id='word_1_823' title='bbox 2291 4816 2479 4873; x_wconf 83' lang='lat' dir='ltr'><strong>saeculi</strong></span> <span class='ocrx_word' id='word_1_824' title='bbox 2534 4830 2715 4872; x_wconf 87' lang='lat' dir='ltr'><strong>mores</strong></span> <span class='ocrx_word' id='word_1_825' title='bbox 2762 4813 3023 4884; x_wconf 85' lang='lat' dir='ltr'><strong>aspicias.</strong></span> <span class='ocrx_word' id='word_1_826' title='bbox 3064 4808 3384 4878; x_wconf 78' lang='lat' dir='ltr'><strong>Exemplum</strong></span> <span class='ocrx_word' id='word_1_827' title='bbox 3424 4808 3602 4880; x_wconf 77' lang='lat' dir='ltr'><strong>igitur</strong></span> 
     </span>
    </p>
   </div>
   <div class='ocr_carea' id='block_1_108' title="bbox 2018 4899 3597 4966">
    <p class='ocr_par' dir='ltr' id='par_1_108' title="bbox 2018 4899 3597 4966">
     <span class='ocr_line' id='line_1_108' title="bbox 2018 4899 3597 4966; baseline -0.006 0"><span class='ocrx_word' id='word_1_828' title='bbox 2018 4910 2250 4966; x_wconf 86' lang='lat' dir='ltr'><strong>modesti</strong></span> <span class='ocrx_word' id='word_1_829' title='bbox 2274 4924 2339 4964; x_wconf 89' lang='lat' dir='ltr'><strong>ac</strong></span> <span class='ocrx_word' id='word_1_830' title='bbox 2370 4908 2594 4964; x_wconf 88' lang='lat' dir='ltr'><strong>demissi</strong></span> <span class='ocrx_word' id='word_1_831' title='bbox 2628 4906 2796 4961; x_wconf 88' lang='lat' dir='ltr'><strong>animi</strong></span> <span class='ocrx_word' id='word_1_832' title='bbox 2828 4904 3088 4959; x_wconf 88' lang='lat' dir='ltr'><strong>omnibus</strong></span> <span class='ocrx_word' id='word_1_833' title='bbox 3115 4899 3456 4965; x_wconf 84' lang='lat' dir='ltr'><strong>hominibus,</strong></span> <span class='ocrx_word' id='word_1_834' title='bbox 3482 4915 3597 4956; x_wconf 81' lang='lat' dir='ltr'><strong>non</strong></span> 
     </span>
    </p>
   </div>
   <div class='ocr_carea' id='block_1_109' title="bbox 2021 4991 3594 5068">
    <p class='ocr_par' dir='ltr' id='par_1_109' title="bbox 2021 4991 3594 5068">
     <span class='ocr_line' id='line_1_109' title="bbox 2021 4991 3594 5068; baseline -0.005 -12"><span class='ocrx_word' id='word_1_835' title='bbox 2021 5008 2234 5056; x_wconf 90' lang='lat' dir='ltr'><strong>tantum</strong></span> <span class='ocrx_word' id='word_1_836' title='bbox 2274 5001 2391 5057; x_wconf 89' lang='lat' dir='ltr'><strong>suis</strong></span> <span class='ocrx_word' id='word_1_837' title='bbox 2411 4997 2721 5068; x_wconf 86' lang='lat' dir='ltr'><strong>discipulis,</strong></span> <span class='ocrx_word' id='word_1_838' title='bbox 2758 4994 3005 5065; x_wconf 86' lang='lat' dir='ltr'><strong>seipsum</strong></span> <span class='ocrx_word' id='word_1_839' title='bbox 3042 4992 3293 5063; x_wconf 67' lang='lat' dir='ltr'><strong>praebuit.</strong></span> <span class='ocrx_word' id='word_1_840' title='bbox 3323 4991 3594 5049; x_wconf 79' lang='lat' dir='ltr'><strong>Proinde-</strong></span> 
     </span>
    </p>
   </div>
   <div class='ocr_carea' id='block_1_110' title="bbox 2020 5083 3595 5162">
    <p class='ocr_par' dir='ltr' id='par_1_110' title="bbox 2020 5083 3595 5162">
     <span class='ocr_line' id='line_1_110' title="bbox 2020 5083 3595 5162; baseline -0.004 -15"><span class='ocrx_word' id='word_1_841' title='bbox 2020 5107 2131 5162; x_wconf 87' lang='lat' dir='ltr'><strong>que</strong></span> <span class='ocrx_word' id='word_1_842' title='bbox 2153 5091 2377 5146; x_wconf 87' lang='lat' dir='ltr'><strong>divinus</strong></span> <span class='ocrx_word' id='word_1_843' title='bbox 2415 5090 2616 5145; x_wconf 63' lang='lat' dir='ltr'><strong>Paulus</strong></span> <span class='ocrx_word' id='word_1_844' title='bbox 2645 5101 2772 5142; x_wconf 90' lang='lat' dir='ltr'><strong>cum</strong></span> <span class='ocrx_word' id='word_1_845' title='bbox 2812 5099 2937 5141; x_wconf 80' lang='lat' dir='ltr'><strong>eum</strong></span> <span class='ocrx_word' id='word_1_846' title='bbox 2970 5083 3292 5139; x_wconf 85' lang='lat' dir='ltr'><strong>imitandum</strong></span> <span class='ocrx_word' id='word_1_847' title='bbox 3325 5084 3595 5155; x_wconf 80' lang='lat' dir='ltr'><strong>sumpsis-</strong></span> 
     </span>
    </p>
   </div>
   <div class='ocr_carea' id='block_1_111' title="bbox 2021 5174 3596 5249">
    <p class='ocr_par' dir='ltr' id='par_1_111' title="bbox 2021 5174 3596 5249">
     <span class='ocr_line' id='line_1_111' title="bbox 2021 5174 3596 5249; baseline -0.005 -10"><span class='ocrx_word' id='word_1_848' title='bbox 2021 5191 2128 5249; x_wconf 88' lang='lat' dir='ltr'><strong>set,</strong></span> <span class='ocrx_word' id='word_1_849' title='bbox 2159 5182 2410 5239; x_wconf 78' lang='lat' dir='ltr'><strong>bortatur</strong></span> <span class='ocrx_word' id='word_1_850' title='bbox 2440 5180 2509 5235; x_wconf 85' lang='lat' dir='ltr'><strong>ad</strong></span> <span class='ocrx_word' id='word_1_851' title='bbox 2540 5178 2688 5235; x_wconf 89' lang='lat' dir='ltr'><strong>istud</strong></span> <span class='ocrx_word' id='word_1_852' title='bbox 2723 5177 2953 5233; x_wconf 89' lang='lat' dir='ltr'><strong>dicens:</strong></span> <span class='ocrx_word' id='word_1_853' title='bbox 2995 5194 3014 5227; x_wconf 82' lang='grc' dir='ltr'><strong>ι</strong></span> <span class='ocrx_word' id='word_1_854' title='bbox 3053 5174 3167 5231; x_wconf 81' lang='lat' dir='ltr'><strong>Hoc</strong></span> <span class='ocrx_word' id='word_1_855' title='bbox 3219 5176 3596 5245; x_wconf 86' lang='lat' dir='ltr'><strong>unusquisque</strong></span> 
     </span>
    </p>
   </div>
   <div class='ocr_carea' id='block_1_112' title="bbox 2022 5266 3597 5342">
    <p class='ocr_par' dir='ltr' id='par_1_112' title="bbox 2022 5266 3597 5342">
     <span class='ocr_line' id='line_1_112' title="bbox 2022 5266 3597 5342; baseline -0.006 -10"><span class='ocrx_word' id='word_1_856' title='bbox 2022 5277 2225 5332; x_wconf 88' lang='lat' dir='ltr'><strong>sentite</strong></span> <span class='ocrx_word' id='word_1_857' title='bbox 2270 5276 2326 5330; x_wconf 91' lang='lat' dir='ltr'><strong>in</strong></span> <span class='ocrx_word' id='word_1_858' title='bbox 2361 5272 2515 5329; x_wconf 88' lang='lat' dir='ltr'><strong>vobis</strong></span> <span class='ocrx_word' id='word_1_859' title='bbox 2540 5312 2556 5337; x_wconf 86' lang='lat'><strong>,</strong></span> <span class='ocrx_word' id='word_1_860' title='bbox 2591 5270 2739 5342; x_wconf 90' lang='lat' dir='ltr'><strong>quod</strong></span> <span class='ocrx_word' id='word_1_861' title='bbox 2781 5277 2838 5325; x_wconf 91' lang='lat' dir='ltr'><strong>et</strong></span> <span class='ocrx_word' id='word_1_862' title='bbox 2876 5269 2934 5324; x_wconf 91' lang='lat' dir='ltr'><strong>in</strong></span> <span class='ocrx_word' id='word_1_863' title='bbox 2965 5268 3192 5324; x_wconf 76' lang='lat' dir='ltr'><strong>Christo</strong></span> <span class='ocrx_word' id='word_1_864' title='bbox 3220 5266 3457 5336; x_wconf 77' lang='lat' dir='ltr'><strong>Jesu&quot;,</strong></span> <span class='ocrx_word' id='word_1_865' title='bbox 3492 5288 3510 5319; x_wconf 81' lang='grc'>›</span> <span class='ocrx_word' id='word_1_866' title='bbox 3541 5274 3597 5322; x_wconf 86' lang='lat' dir='ltr'><strong>et</strong></span> 
     </span>
    </p>
   </div>
   <div class='ocr_carea' id='block_1_113' title="bbox 2023 5358 3592 5430">
    <p class='ocr_par' dir='ltr' id='par_1_113' title="bbox 2023 5358 3592 5430">
     <span class='ocr_line' id='line_1_113' title="bbox 2023 5358 3592 5430; baseline -0.007 -9"><span class='ocrx_word' id='word_1_867' title='bbox 2023 5382 2258 5422; x_wconf 88' lang='lat' dir='ltr'><strong>rursus.</strong></span> <span class='ocrx_word' id='word_1_868' title='bbox 2324 5384 2342 5415; x_wconf 87' lang='grc' dir='ltr'><strong>ι</strong></span> <span class='ocrx_word' id='word_1_869' title='bbox 2377 5363 2434 5417; x_wconf 84' lang='grc' dir='ltr'><em>1η</em></span> <span class='ocrx_word' id='word_1_870' title='bbox 2483 5360 2796 5417; x_wconf 88' lang='lat' dir='ltr'><strong>humilitate</strong></span> <span class='ocrx_word' id='word_1_871' title='bbox 2834 5359 3152 5430; x_wconf 82' lang='lat' dir='ltr'><strong>superiores</strong></span> <span class='ocrx_word' id='word_1_872' title='bbox 3202 5358 3306 5414; x_wconf 90' lang='lat' dir='ltr'><strong>sibi</strong></span> <span class='ocrx_word' id='word_1_873' title='bbox 3359 5358 3592 5414; x_wconf 87' lang='lat' dir='ltr'><strong>invicem</strong></span> 
     </span>
    </p>
   </div>
   <div class='ocr_carea' id='block_1_114' title="bbox 2026 5447 3594 5508">
    <p class='ocr_par' dir='ltr' id='par_1_114' title="bbox 2026 5447 3594 5508">
     <span class='ocr_line' id='line_1_114' title="bbox 2026 5447 3594 5508; baseline -0.006 0"><span class='ocrx_word' id='word_1_874' title='bbox 2026 5454 2362 5508; x_wconf 84' lang='lat' dir='ltr'><strong>arbitrantes</strong></span> <span class='ocrx_word' id='word_1_875' title='bbox 2391 5451 2458 5504; x_wconf 73' lang='lat'><strong>&quot;.</strong></span> <span class='ocrx_word' id='word_1_876' title='bbox 2496 5470 2512 5501; x_wconf 80' lang='grc' dir='ltr'><strong>ι</strong></span> <span class='ocrx_word' id='word_1_877' title='bbox 2564 5448 2669 5506; x_wconf 84' lang='lat' dir='ltr'><strong>Lex</strong></span> <span class='ocrx_word' id='word_1_878' title='bbox 2702 5450 2849 5506; x_wconf 92' lang='lat' dir='ltr'><strong>enim</strong></span> <span class='ocrx_word' id='word_1_879' title='bbox 2877 5447 3167 5505; x_wconf 85' lang='lat' dir='ltr'><strong>cbaritatis</strong></span> <span class='ocrx_word' id='word_1_880' title='bbox 3193 5455 3249 5503; x_wconf 90' lang='lat' dir='ltr'><strong>ct</strong></span> <span class='ocrx_word' id='word_1_881' title='bbox 3280 5447 3594 5502; x_wconf 78' lang='lat' dir='ltr'><strong>concordiae</strong></span> 
     </span>
    </p>
   </div>
   <div class='ocr_carea' id='block_1_115' title="bbox 2026 5536 3592 5614">
    <p class='ocr_par' dir='ltr' id='par_1_115' title="bbox 2026 5536 3592 5614">
     <span class='ocr_line' id='line_1_115' title="bbox 2026 5536 3592 5614; baseline -0.007 -13"><span class='ocrx_word' id='word_1_882' title='bbox 2026 5543 2222 5602; x_wconf 89' lang='lat' dir='ltr'><strong>humili</strong></span> <span class='ocrx_word' id='word_1_883' title='bbox 2254 5551 2472 5599; x_wconf 89' lang='lat' dir='ltr'><strong>constat</strong></span> <span class='ocrx_word' id='word_1_884' title='bbox 2506 5541 2725 5614; x_wconf 88' lang='lat' dir='ltr'><strong>spiritu.</strong></span> <span class='ocrx_word' id='word_1_885' title='bbox 2756 5536 2957 5597; x_wconf 80' lang='lat' dir='ltr'><strong>Verum</strong></span> <span class='ocrx_word' id='word_1_886' title='bbox 3002 5547 3060 5597; x_wconf 89' lang='lat' dir='ltr'><strong>ut</strong></span> <span class='ocrx_word' id='word_1_887' title='bbox 3103 5539 3229 5607; x_wconf 81' lang='lat' dir='ltr'><strong>ejus</strong></span> <span class='ocrx_word' id='word_1_888' title='bbox 3263 5540 3338 5594; x_wconf 81' lang='lat' dir='ltr'><strong>rei</strong></span> <span class='ocrx_word' id='word_1_889' title='bbox 3374 5536 3592 5607; x_wconf 76' lang='lat' dir='ltr'><strong>opinio-</strong></span> 
     </span>
    </p>
   </div>
   <div class='ocr_carea' id='block_1_116' title="bbox 2024 5628 3594 5706">
    <p class='ocr_par' dir='ltr' id='par_1_116' title="bbox 2024 5628 3594 5706">
     <span class='ocr_line' id='line_1_116' title="bbox 2024 5628 3594 5706; baseline -0.008 -13"><span class='ocrx_word' id='word_1_890' title='bbox 2024 5651 2148 5693; x_wconf 87' lang='lat' dir='ltr'><strong>nem</strong></span> <span class='ocrx_word' id='word_1_891' title='bbox 2188 5635 2481 5702; x_wconf 87' lang='lat' dir='ltr'><strong>attolleret,</strong></span> <span class='ocrx_word' id='word_1_892' title='bbox 2522 5648 2702 5706; x_wconf 87' lang='lat' dir='ltr'><strong>neque</strong></span> <span class='ocrx_word' id='word_1_893' title='bbox 2732 5634 2957 5706; x_wconf 84' lang='lat' dir='ltr'><strong>vulgare</strong></span> <span class='ocrx_word' id='word_1_894' title='bbox 2982 5630 3264 5704; x_wconf 86' lang='lat' dir='ltr'><strong>quidpiam</strong></span> <span class='ocrx_word' id='word_1_895' title='bbox 3302 5642 3332 5678; x_wconf 76' lang='grc' dir='ltr'><strong>ιι</strong></span> <span class='ocrx_word' id='word_1_896' title='bbox 3375 5628 3594 5683; x_wconf 84' lang='lat' dir='ltr'><strong>Christo</strong></span> 
     </span>
    </p>
   </div>
   <div class='ocr_carea' id='block_1_117' title="bbox 1951 5838 2255 5897">
    <p class='ocr_par' dir='ltr' id='par_1_117' title="bbox 1951 5838 2255 5897">
     <span class='ocr_line' id='line_1_117' title="bbox 1951 5838 2255 5897; baseline -0.016 0"><span class='ocrx_word' id='word_1_897' title='bbox 1951 5842 1997 5875; x_wconf 73' lang='grc' dir='ltr'><em>’δ</em></span> <span class='ocrx_word' id='word_1_898' title='bbox 2030 5839 2168 5897; x_wconf 78' lang='lat' dir='ltr'><strong>ibid.</strong></span> <span class='ocrx_word' id='word_1_899' title='bbox 2201 5838 2255 5893; x_wconf 78' lang='lat'><strong>5.</strong></span> 
     </span>
    </p>
   </div>
  </div>
