4144 6474
598 434 704 494 H3

1585 431 1639 486 S.
1679 427 1953 483 CYRILIJ
1995 428 2465 488 ALEXANDle
2498 431 2819 490 ARCHIEP.

3745 434 3853 492 116

586 556 792 607 factum
827 563 951 606 esse
980 554 1323 618 putaremus,
1357 546 1673 601 necessario
1708 562 1905 600 rursus
1940 544 2163 600 divinus

2264 547 2373 619 γὰρ
2428 546 2651 617 ἀγάπης
2686 548 2780 600 καὶ
2832 546 3134 618 ὁμοψυχίας
3186 548 3242 601 ἐν
3297 548 3604 619 φρονήματι
3636 549 3856 619 γίνεται

584 638 922 710 evangelista
952 636 1183 709 gloriam
1211 647 1265 692 et
1294 643 1617 708 potestatem
1644 634 1767 705 ejus
1793 645 1849 691 et
1870 636 2161 707 imperium

2264 639 2526 710 ταπεινῷ.
2556 642 2674 694 ἰνα
2715 640 2772 693 δὲ
2822 640 2920 710 τὴν
2950 639 3044 693 τοῦ
3097 640 3421 710 πράγματος
3472 640 3739 711 ὑπόληψιν
3771 644 3857 706 εἰς

584 730 643 787 ἱιι
680 743 871 786 omnes
898 729 1050 799 prius
1076 728 1339 794 miratur,
1371 728 1457 783 bis
1484 727 1670 784 verbis
1701 746 1715 783 :
1758 746 1777 780 ι
1808 725 2003 785 Sciens
2034 728 2163 798 quia

2266 730 2398 800 ὕψος
2427 730 2597 803 ἐξάρῃ
2631 732 2796 802 μέγα,
2832 732 2927 784 καὶ
2950 734 3079 802 μήτι
3122 732 3229 784 τῶν
3263 730 3533 802 τυχόντων
3563 732 3855 805 δεδρᾶσθαι

584 819 769 878 omnia
803 820 954 876 dedit
993 820 1046 876 ei
1090 818 1254 875 Pater
1284 820 1340 875 in
1378 836 1594 876 manus.
1627 838 1647 873 ι
1687 818 1953 887 Quamvis
1982 822 2159 884 enim,

584 912 804 985 inquit,
850 926 960 967 non
1006 912 1285 984 ignoraret
1324 912 1577 967 omnium
1623 926 1804 967 rerum
1850 911 2057 969 habere
2105 926 2163 966 se

586 1011 935 1073 potestatem,
960 1011 1014 1058 et
1036 1019 1095 1061 se
1124 1020 1152 1058 a
1176 1004 1283 1059 Deo
1305 1005 1533 1069 exiisse,
1560 1004 1664 1059 hoc
1686 1015 1791 1067 est,
1809 1019 1878 1058 ex
1908 1003 2165 1059 substan-

585 1096 660 1149 tia
690 1096 935 1166 genitum
960 1110 1085 1151 esse
1115 1096 1206 1151 Dei
1239 1109 1303 1150 ac
1337 1093 1539 1160 Patris,
1567 1102 1622 1149 et
1648 1092 1714 1148 ad
1739 1093 1909 1147 Deum
1943 1093 2160 1156 vadere,

586 1188 688 1242 hoc
713 1194 799 1242 est
828 1202 1021 1242 rursus
1046 1187 1103 1242 in
1125 1187 1298 1242 cmlos
1322 1187 1547 1250 reverti,
1580 1200 1974 1241 consessurum
2006 1185 2165 1239 nimio

590 1295 709 1332 rum
733 1293 856 1333 cum
882 1294 983 1334 suo
1012 1279 1293 1343 Genitore,
1322 1286 1534 1333 tantam
1566 1288 1750 1333 tamen
1776 1277 2162 1333 demissionem

587 1386 698 1441 prae
744 1385 803 1425 se
853 1371 1017 1436 tulit,
1065 1380 1125 1425 ut
1169 1372 1341 1427 linteo
1385 1371 1720 1442 praecinctus
1764 1369 2160 1438 discipulorum

588 1461 751 1530 pedes
778 1461 1035 1517 abluerit.
1060 1461 1196 1519 Cum
1227 1465 1391 1533 igitur
1422 1463 1551 1518 hinc
1587 1462 1907 1533 praeclarum
1939 1460 2163 1531 pietatis

589 1555 897 1629 exemplum
944 1566 998 1610 et
1038 1554 1355 1611 dilectionis
1407 1564 1607 1610 mutua:
1639 1555 1928 1625 imaginem
1958 1552 2160 1607 habea-

588 1662 715 1702 mus
735 1688 749 1711 ,
784 1648 1028 1704 modeste
1060 1647 1129 1705 de
1153 1648 1315 1703 nobis
1341 1648 1647 1704 sentiamus
1668 1687 1682 1711 ,
1716 1645 2028 1701 eharissimi
2052 1682 2066 1705 ,
2108 1650 2163 1699 et

592 1741 894 1810 majoribus
923 1742 1305 1814 praerogativis
1344 1742 1539 1797 fratres
1578 1740 1832 1812 praeditos
1864 1746 2119 1808 putemus
2146 1778 2161 1803 ,

588 1834 841 1902 quamvis
892 1833 1026 1890 boni
1072 1835 1269 1889 simus.
1310 1832 1424 1890 Hoc
1469 1835 1614 1889 enim
1664 1842 1721 1886 ut
1768 1831 2071 1885 sentiamus
2110 1835 2165 1883 et

589 1922 822 1980 velimus
854 1940 1111 1997 magnum
1141 1925 1293 1981 istud
1321 1925 1631 1994 exemplum
1663 1937 1762 1977 nos
1796 1921 1986 1992 adigit.

2265 823 2576 895 νομίσωμεν
2608 823 2758 894 παρὰ
2784 821 3044 894 Χριστοῦ,
3063 823 3227 876 πάλιν
3256 823 3571 893 ἀναγκαίως
3603 826 3631 877 6
3654 824 3855 879 θεσπέ-

2266 936 2381 982 σιος
2411 919 2803 990 εὐαγγελιστὴς
2868 917 3414 991 προκαταπλήττεται
3474 918 3572 990 τὴν
3626 920 3853 972 ἐνοῦσαν

2265 1009 2415 1081 αὑτῴ
2442 1010 2601 1074 δόξαν
2656 1028 2715 1062 τε
2773 1011 2868 1064 καὶ
2903 1012 3173 1075 ἐξουσίαν,
3238 1012 3333 1066 καὶ
3364 1012 3426 1064 τὸ
3458 1012 3601 1066 κατά
3633 1012 3852 1066 πάντων

2265 1101 2484 1172 κράτος,
2498 1093 2647 1153 δι’ὧν
2660 1118 2844 1171 φησιν,
2857 1120 2873 1151 ι
2887 1100 3075 1168 Εἰδὼς,
3089 1104 3168 1155 δτι
3181 1102 3358 1154 πάντα
3375 1102 3690 1173 παρέδωκεν
3701 1102 3850 1173 αὑτῷ

2264 1192 2292 1244 6
2342 1192 2533 1263 Πατήρ
2584 1194 2665 1255 εἰς
2694 1193 2794 1256 τὰς
2832 1197 3041 1265 χεῖρας.
3074 1213 3091 1244 ι
3126 1193 3323 1247 Καίτοι
3352 1192 3481 1263 γὰρ,
3524 1192 3713 1263 φησὶν,
3746 1194 3849 1246 οὐκ

2262 1280 2572 1351 ἠγνοηκὼς,
2632 1282 2713 1334 ὅτι
2771 1283 2990 1335 πάντων
3046 1280 3157 1351 ἔχοι
3188 1282 3285 1351 τὴν
3338 1281 3607 1347 ἐξουσίαν,
3648 1283 3738 1334 καὶ
3768 1284 3850 1335 ὃτι

2264 1370 2373 1423 ἀπὸ
2413 1370 2550 1425 Θεοῦ
2581 1372 2827 1442 ἐξῆλθεν,
2875 1373 3019 1426 τοῦτ’
3060 1372 3231 1436 ἐστιν,
3256 1375 3320 1427 ἐκ
3352 1374 3451 1444 τῆς
3483 1372 3672 1437 οὐσίας
3692 1376 3848 1441 ἐγεν-

2263 1462 2403 1533 νήθη
2435 1463 2528 1516 τοῦ
2567 1464 2703 1517 Θεοῦ
2755 1466 2851 1518 καὶ
2905 1465 3139 1535 Πατρὸς,
3172 1464 3266 1518 καὶ
3300 1465 3436 1535 πρὸς
3464 1464 3596 1517 Θεὸν
3626 1464 3847 1533 ὑπάγει,

2263 1555 2409 1609 τοῦτ’
2442 1556 2580 1623 ἔστι,
2640 1558 2802 1610 πάλιν
2844 1557 3057 1627 ἀνίησιν
3085 1560 3167 1621 είς
3193 1558 3475 1628 οὐρανοὺς,
3514 1556 3847 1627 συνεδρεύων

2263 1644 2505 1715 δηλονότι
2557 1645 2635 1716 τῷ
2689 1646 2803 1717 ἰδίῳ
2853 1646 3164 1717 Γεννήτορο,
3207 1644 3475 1715 τοσαύτην
3517 1645 3723 1714 ὑπέστη
3748 1644 3849 1717 τὴν

2264 1737 2617 1801 ταπείνωσιν,
2681 1738 2757 1801 ὡς
2809 1738 3001 1808 λεντίῳ
3049 1740 3147 1809 μὲν
3187 1736 3579 1804 διαζώσασθαι,
3639 1738 3745 1791 τῶν
3790 1739 3849 1791 δὲ

2269 1829 2524 1899 μαθητῶν
2571 1831 2850 1895 ἀπονίζειν
2910 1834 3038 1896 τοὺς
3100 1832 3290 1896 πόδας.
3352 1833 3606 1903 Ἔχοντες
3666 1832 3848 1884 τοίνυν

2197 1917 2239 1972 Β
2270 1920 2516 1975 ἐντεῦθεν
2570 1923 2792 1995 ἄριστον
2832 1925 2935 1996 τῆς
2985 1925 3274 1987 εὐλαϐείας
3314 1924 3702 1995 ὑπογραμμὸν,
3750 1923 3847 1976 καὶ

584 2019 685 2089 τῆς
720 2020 795 2084 εἰς
856 2020 1119 2090 ἀλλήλους
1172 2020 1397 2091 ἀγάπης
1459 2019 1935 2090 περιφανεστάτην
1987 2015 2191 2077 εἰκόνα,
2234 2015 2430 2086 μέτρια
2467 2018 2566 2089 μὲν
2632 2020 2941 2090 φρονῶμεν,
2986 2018 3282 2089 ἀγαπητοὶ,
3327 2015 3591 2088 ἡγώμεθα
3631 2015 3688 2068 δὲ
3722 2016 3848 2079 τοὺς

586 2112 846 2181 ἀδελφοὺς
871 2113 938 2168 τὰ
974 2112 1145 2184 μείζω
1184 2112 1484 2185 κεκτῆσθαι
1522 2112 1629 2165 τῶν
1658 2112 1715 2164 ἐν
1746 2112 1878 2181 ἡμῖν
1914 2106 2424 2177 πλεονεκτημάτων,
2472 2112 2575 2165 κᾶν
2621 2112 2957 2183 ὑπάρχωμεν
3003 2112 3222 2182 ἀγαθοί.
3290 2111 3462 2166 Τοῦτο
3527 2109 3638 2180 γὰρ
3704 2110 3849 2180 ἡμᾶς

585 2207 617 2257 ὀ
645 2205 817 2274 μέγας
846 2200 998 2268 οὗτος
1022 2205 1387 2276 ὑπογραμμὸς
1436 2203 1724 2259 ἀναπείθει
1750 2204 1966 2274 φρονεῖν
1988 2218 2048 2253 τε
2069 2200 2163 2253 καὶ
2203 2198 2508 2271 βούλεσθαι.

656 2297 811 2360 χιιι,
855 2297 968 2354 6-8.
1018 2298 1171 2354 Venit
1206 2315 1328 2369 ergo
1369 2298 1438 2352 ad
1484 2297 1756 2352 Simonem
1804 2295 2062 2357 Petrum,
2104 2302 2154 2345 et

585 2388 716 2444 dicit
756 2391 803 2445 ei
859 2390 1050 2446 Petrus
1097 2406 1117 2444 :
1176 2390 1417 2454 Domine,
1478 2399 1533 2444 tu
1586 2389 1714 2444 mihi
1767 2387 1914 2441 lavas
1957 2385 2159 2457 pedes?

587 2479 871 2551 Respondit
892 2481 1082 2549 Iesus,
1120 2492 1170 2537 et
1199 2484 1335 2536 dixit
1365 2483 1526 2554 722
1558 2483 1607 2537 ei
1632 2499 1652 2538 :
1687 2480 1840 2546 Quod
1874 2497 1964 2551 ego
1994 2478 2159 2547 facio,

589 2579 646 2625 tu
668 2572 837 2627 nescis
878 2572 1053 2639 modo,
1093 2574 1222 2628 scies
1252 2582 1429 2628 autent
1449 2583 1651 2641 postea.
1679 2572 1822 2626 Dicit
1846 2571 1894 2625 ei
1924 2570 2116 2624 Petrus
2143 2584 2161 2623 :

588 2661 714 2719 Non
752 2662 953 2719 lambis
992 2664 1123 2718 mihi
1161 2665 1314 2735 pedes
1364 2665 1419 2718 in
1466 2673 1741 2719 wternum.
1796 2663 2081 2733 Respondit
2118 2661 2167 2717 ei

584 2757 764 2815 Iesus.

657 2849 1064 2905 Ferventiorem
1099 2850 1323 2918 ubique,
1355 2856 1413 2902 ut
1442 2848 1607 2903 verbo
1632 2847 1838 2908 dicam,
1862 2846 2007 2901 Petri
2045 2845 2165 2899 ani-

2326 2298 2592 2366 Ἔρχεται
2611 2294 2725 2355 οὖν
2742 2316 2829 2366 εις
2855 2315 3089 2369 ...ιμωνα
3108 2300 3352 2367 Πέτρον,
3378 2299 3474 2352 καὶ
3497 2299 3658 2369 λέγει
3690 2298 3849 2365 αὺτῷ

2256 2392 2494 2460 Πέτρος·
2527 2393 2726 2461 Κύριε,
2755 2394 2837 2447 σύ
2863 2409 2982 2463 μου
3014 2393 3244 2458 νίπτεις
3276 2392 3420 2458 τοὺς
3453 2393 3683 2459 πόδας;
3723 2394 3851 2446 Ἁπ-
3900 2424 3907 2430 ~

2256 2486 2460 2552 εκρίθη
2502 2483 2751 2552 Ἰησοῦς,
2800 2485 2898 2539 καί
2948 2482 3120 2540 εἶπεν
3173 2484 3362 2551 αὐτῷ·
3400 2488 3461 2538 "0
3508 2485 3623 2555 ἐγὼ
3679 2485 3847 2549 ποιῶ,

2261 2576 2342 2629 σὺ
2379 2578 2492 2630 οὐκ
2526 2572 2694 2643 οἶδας
2726 2576 2878 2645 ἄρτι,
2916 2576 3119 2647 γνώσῃ
3154 2575 3222 2630 δὲ
3251 2575 3401 2646 μετὰ
3443 2576 3652 2630 ταῦτα.
3681 2576 3851 2645 Λέγει

2262 2667 2421 2733 αὐτῷ
2458 2668 2680 2737 Πέτρος
2702 2686 2716 2701 ·
2748 2671 2831 2723 Οὺ
2867 2668 2948 2738 μὴ
2981 2670 3171 2737 νίψῃς
3206 2668 3351 2735 τοὺς
3389 2668 3581 2735 πόδας
3618 2685 3738 2738 μου
3761 2669 3853 2735 εἰς

2262 2757 2371 2812 τὸν
2400 2758 2605 2813 αἰῶνα.
2642 2760 2949 2829 Ἀπεκρίθη
2985 2759 3146 2825 αὺτῷ
3178 2762 3211 2815 ὀ
3244 2760 3503 2827 Ἰησοῦς.

2332 2850 2675 2923 Θερμότερόν
2707 2868 2824 2915 πως
2864 2853 2952 2905 ἀεὶ
3001 2851 3097 2905 τοῦ
3134 2851 3341 2921 Πέτρου
3390 2851 3451 2904 τὸ
3489 2850 3713 2921 κίνημα,
3754 2850 3853 2904 καὶ

586 2957 740 3000 mum
779 2951 832 2997 et
865 2941 932 2996 ad
966 2941 1220 3012 pietatem
1256 2940 1431 3011 magis
1463 2954 1527 2993 ac
1560 2939 1734 3010 magis
1764 2937 2161 2992 inﬂammatum

2265 2941 2398 2996 πολὺ
2426 2944 2750 3013 γοργότερον
2777 2945 2857 3007 εἰς
2895 2942 3200 3006 εὐλάϐειαν,
3239 2942 3513 3015 θεωρήσαι
3559 2960 3644 3006 τις
3686 2941 3751 2995 ἂν
3792 2944 3853 2994 ὲν

585 3034 774 3089 videre
810 3033 957 3088 licet.
981 3032 1189 3089 Idcirco
1223 3047 1427 3087 morem
1454 3040 1508 3086 et
1529 3031 1982 3085 consuetudinem
2004 3043 2159 3084 suam

2262 3033 2422 3097 ὅλοις,
2452 3034 2527 3097 ὼς
2555 3034 2686 3098 ἔπος
2715 3037 2910 3100 εἰπεῖν,
2950 3035 3065 3098 τοῖς
3104 3035 3518 3105 συγγράμμασι.
3560 3032 3850 3103 Τοιγάρτοι

588 3137 851 3190 secutus,
897 3123 1245 3196 disciplinam
1288 3124 1433 3180 banc
1476 3139 1706 3179 summa:
1752 3122 2080 3175 humilitatis
2108 3129 2163 3175 et

2262 3128 2357 3179 καὶ
2384 3126 2477 3181 νῦν
2530 3126 2640 3181 ἔθει
2688 3126 2765 3198 τῷ
2818 3127 2935 3198 ίδίῳ
2988 3126 3465 3196 κατακολουθήσας
3514 3126 3607 3178 καὶ
3641 3125 3850 3195 τρόπῳ.

589 3217 878 3275 charitatis
909 3232 1071 3288 quam
1107 3223 1389 3279 servaret,
1434 3215 1661 3286 abjicit,
1712 3225 1893 3269 mente
1942 3211 2160 3282 quidem

2265 3218 2326 3271 τὸ
2364 3219 2705 3289 σεσωσμένον
2742 3220 2806 3291 δὴ
2843 3218 3001 3274 τοῦτο
3031 3219 3134 3290 τῆς
3167 3220 3246 3283 είς
3291 3219 3457 3289 ἄκρον
3487 3217 3728 3287 ἡκούσης
3755 3234 3855 3270 ταο

588 3320 849 3381 reputans
879 3311 1108 3380 quinam
1138 3319 1286 3364 esset
1321 3308 1438 3378 ipse
1462 3318 1681 3370 natura,
1708 3313 1763 3361 et
1788 3306 1915 3374 quis
1946 3305 2036 3359 ille
2069 3305 2160 3374 qui

2269 3279 2698 3383 πεινοφροσύνης
2718 3279 2806 3366 τε.
2830 3313 2924 3366 καὶ
2966 3279 3188 3380 ἀγάπης
3226 3279 3564 3379 παρωθεῖται
3600 3279 3849 3379 μάθημα,

589 3401 787 3473 pelvim
841 3401 1143 3468 afferebat,
1189 3416 1254 3457 ac
1300 3400 1490 3455 famuli
1532 3414 1731 3452 munus
1778 3396 2007 3466 implere
2055 3412 2161 3449 non

2264 3404 2349 3467 τίς
2386 3404 2484 3474 μὲν
2542 3403 2704 3469 αὐτὸς
2749 3406 2833 3475 εἴη
2879 3404 3020 3459 κατά
3081 3403 3242 3474 φύσιν
3291 3403 3519 3466 ἐννοῶν,
3578 3403 3661 3466 τίς
3701 3402 3745 3455 δ’
3780 3398 3849 3456 αὖ

589 3496 947 3553 detrectabat.
986 3495 1098 3551 Nec
1128 3495 1276 3551 enim
1313 3492 1667 3548 mediocriter
1700 3504 1825 3545 eum
1869 3488 2052 3543 turbat
2079 3504 2163 3543 res

2267 3495 2429 3549 πάλιν
2472 3498 2501 3549 ό
2538 3496 2628 3549 τὸν
2670 3497 2908 3568 νιπτῆρα
2955 3495 3351 3567 παρακομίζων
3413 3493 3584 3565 αὐτῷ,
3629 3496 3721 3547 καὶ
3752 3494 3851 3565 τὴν

590 3588 983 3661 propemodum
1046 3584 1419 3650 incredibilis,
1465 3584 1591 3638 licet
1635 3582 1931 3636 multorum
1987 3580 2162 3635 oculis

590 3682 1021 3752 conspiceretur.
1052 3677 1189 3745 Quis
1220 3678 1365 3733 enim
1390 3692 1499 3731 non
1538 3673 1920 3730 exhorruisset
1940 3672 2165 3730 discens

589 3788 715 3829 eum
765 3773 858 3844 qui
888 3787 996 3827 una
1043 3787 1167 3826 cum
1223 3770 1385 3826 Patre
1437 3768 1707 3823 Dominus
1747 3778 1834 3823 est
1887 3766 2162 3831 universi,

592 3867 730 3921 adeo
760 3863 1131 3921 miserabilem
1165 3878 1297 3933 erga
1331 3876 1463 3918 suos
1492 3860 1797 3929 discipulos
1833 3860 2161 3915 servitutem

591 3973 702 4029 prae
720 3972 781 4013 se
805 3958 1022 4021 tulisse,
1057 3965 1116 4011 ut
1142 3955 1287 4026 quod
1317 3955 1460 4009 inter
1483 3966 1674 4009 servos
1706 3961 2044 4021 postremum
2084 3949 2167 4003 lo-

590 4064 717 4105 cum
732 4057 901 4112 tenet,
923 4049 1027 4104 hoc
1064 4045 1431 4103 libentissime
1450 4043 1629 4100 facere
1650 4042 1904 4105 voluerit,
1920 4041 2162 4111 seipsum

590 4141 648 4197 in
694 4140 1005 4211 exemplum
1035 4147 1090 4196 et
1127 4147 1317 4210 typum
1360 4137 1592 4207 spiritus
1632 4134 1863 4191 humilis
1897 4132 2167 4188 tradens?

592 4232 782 4289 Metuit
808 4248 940 4305 ergo
972 4231 1275 4301 discipulus
1305 4237 1469 4285 tantae
1504 4228 1583 4284 rei
1616 4227 1864 4300 pondus,
1911 4232 1965 4282 et
1997 4226 2166 4281 usita-

592 4331 704 4379 tam
740 4339 805 4381 ac
865 4323 1193 4379 familiarem
1254 4320 1362 4376 sibi
1418 4318 1782 4375 reverentiam
1814 4324 2162 4387 praetexens,

593 4426 848 4472 recusat:
875 4414 1075 4484 quippe
1099 4427 1223 4467 cum
1256 4411 1499 4467 nondum
1519 4410 1598 4466 rei
1631 4424 1854 4465 causam
1888 4410 2164 4479 cognitam

593 4507 811 4570 habeat,
847 4504 1137 4559 Dominum
1167 4503 1373 4574 aliquid
1405 4511 1607 4558 temere
1637 4518 1799 4573 agere
1829 4510 2021 4573 putat,
2065 4517 2164 4556 nec

2264 3587 2476 3641 οἰκέτου
2507 3588 2694 3658 χρείαν
2734 3586 3087 3659 ἀποπληροῦν
3138 3588 3198 3640 οὐ
3241 3587 3696 3660 παραιτούμενος.
3749 3585 3851 3638 Θο-

2266 3678 2424 3749 ρυϐεῖ
2450 3679 2558 3751 γὰρ
2589 3678 2648 3731 οὐ
2701 3678 2936 3749 μετρίως
2983 3679 3145 3732 αὐτὸν
3192 3676 3571 3749 ἀπαράδεκτόν
3614 3693 3731 3739 πως
3772 3678 3853 3739 εἰς

2266 3772 2448 3823 πίστιν
2493 3770 2737 3839 ὑπάρχον
2783 3770 2843 3822 τὸ
2881 3772 3135 3840 πρᾶγμα,
3173 3769 3267 3823 καὶ
3317 3771 3367 3822 εἰ
3419 3767 3636 3831 πολλοῖς
3679 3767 3851 3840 ὁρῷτο

2264 3864 2424 3933 τυχὸν
2464 3861 2782 3931 ὀφθαλμοῖς.
2814 3861 2907 3926 Τίς
2937 3861 3046 3934 γὰρ
3079 3863 3144 3916 ἂν
3181 3862 3283 3915 οὐκ
3322 3861 3507 3932 ἔφριξε
3544 3860 3750 3931 μαθὼν,
3776 3859 3852 3923 t'o;

2265 3956 2294 4007 6
2323 3955 2430 4008 τῶν
2462 3956 2600 4009 ὃλων
2637 3955 2777 4026 μετὰ
2822 3955 3035 4027 Πατρὸς
3069 3954 3329 4027 ὑπάρχων
3378 3954 3602 4026 Κύριος,
3638 3956 3850 4019 οἰκτρο-

2265 4044 2433 4115 τάτην
2465 4044 2607 4097 οὑτω
2646 4043 2746 4113 τὴν
2806 4042 3047 4096 δουλείαν
3087 4042 3225 4113 πρὸς
3256 4041 3382 4104 τοὺς
3433 4039 3631 4094 ἑαυτοῦ
3679 4040 3850 4109 μαθη-

2264 4138 2363 4200 τὰς
2396 4137 2725 4204 ἐπεδείξατο,
2770 4137 2846 4199 ὡς
2875 4136 2967 4190 καὶ
3019 4136 3156 4206 ὅπερ
3199 4131 3339 4188 εἶναι
3373 4134 3523 4187 δοκεῖ
3554 4133 3707 4206 παρά
3738 4134 3850 4194 τοῖς

2264 4230 2504 4293 οἰκέταις
2529 4229 2627 4299 τὴν
2656 4229 2893 4300 ἐσχάτην
2938 4228 3129 4298 ἐπέχον
3170 4227 3342 4293 τάξιν,
3390 4224 3551 4278 τοῦτο
3577 4226 3671 4278 καὶ
3708 4223 3852 4294 μάλα

2267 4320 2563 4391 προθύμως
2595 4321 2845 4390 ἐθελῆσαι
2877 4320 3009 4391 δρᾷν
3041 4317 3222 4381 αὑτὸν,
3259 4320 3339 4381 είς
3366 4314 3731 4387 ὑπογραμμὸν
3760 4315 3853 4367 καὶ

2265 4412 2435 4466 τύπον
2468 4413 2689 4483 μετρίου
2738 4413 3118 4482 φρονήματος;
3156 4411 3303 4463 Δέδιε
3355 4409 3642 4481 τοιγαροῦν
3691 4411 3719 4462 ό
3764 4407 3855 4461 θε-

2269 4503 2491 4566 σπέσιος
2544 4502 2789 4573 μαθητὴς
2829 4502 2890 4555 τὸ
2935 4504 3000 4555 ἐκ
3044 4501 3139 4555 τοῦ
3187 4502 3510 4572 πράγματος
3540 4501 3723 4571 ἄχθος,
3759 4498 3852 4553 καὶ

594 4599 745 4655 aliud
776 4600 829 4654 in
860 4598 1048 4652 animo
1075 4596 1294 4663 habere,
1327 4610 1491 4666 quam
1527 4604 1587 4649 ut
1620 4596 1869 4666 corporis
1897 4594 2163 4649 duntaxat

2270 4596 2368 4665 τῆς
2399 4593 2661 4665 συνήθους
2693 4594 2787 4648 καὶ
2815 4593 3184 4665 τετριμμένης
3216 4592 3503 4656 εὐλαϐείας
3537 4590 3685 4661 αὑτῷ
3719 4607 3853 4661 καρ-

591 4694 831 4763 quietem
872 4690 955 4745 eis
983 4688 1307 4744 conciliaret
1345 4704 1361 4744 :
1408 4687 1609 4756 pedum
1635 4686 1778 4743 enim
1815 4688 2028 4742 ablutio
2061 4687 2165 4740 ali-

593 4785 918 4857 quantulum
948 4782 1160 4837 relaxat
1196 4790 1251 4836 et
1278 4780 1505 4836 resolvit
1542 4780 1945 4835 distensionem
1986 4794 2052 4833 ex
2084 4779 2168 4832 in-

593 4891 755 4932 cessu
797 4881 996 4929 ortam.
1037 4873 1277 4942 Ideoque
1321 4874 1594 4928 ferventer
1636 4871 1931 4926 admodum
1974 4868 2166 4940 prohi-

596 4972 790 5036 bebat,
832 4968 1025 5023 dicens
1056 4986 1072 5023 :
1123 4985 1143 5019 ι
1176 4964 1434 5031 Domine,
1462 4973 1519 5021 tu
1552 4965 1684 5019 mihi
1717 4965 1868 5019 lavas
1903 4960 2109 5033 pedes?
2142 4980 2159 5012 ι

597 5059 823 5114 Deceret
863 5057 1033 5120 enim,
1087 5057 1300 5128 inquit,
1344 5058 1565 5113 deceret
1606 5072 1708 5112 nos
1742 5067 1940 5111 natura
1973 5068 2165 5109 servos

596 5152 647 5207 id
680 5151 888 5213 facere,
926 5163 1035 5203 non
1077 5154 1128 5202 te
1158 5148 1537 5203 universorum
1576 5146 1891 5201 Dominum.
1926 5143 2034 5198 Sed
2066 5158 2164 5197 ex-

595 5244 952 5316 plicationem
993 5240 1071 5296 rei
1117 5239 1369 5295 Christus
1406 5238 1629 5309 quidem
1662 5237 1841 5293 differt
1881 5237 1934 5291 in
1961 5251 2166 5306 oppor-

596 5345 789 5388 tunum
820 5342 1055 5402 tempus,
1089 5331 1333 5400 adeoque
1358 5346 1466 5385 non
1494 5329 1615 5385 sine
1639 5328 1961 5399 gravissima
1997 5342 2164 5382 causa

597 5425 801 5481 factum
826 5424 879 5479 id
910 5425 979 5480 ah
1015 5439 1081 5479 eo
1114 5424 1353 5494 posthaec
1385 5421 1630 5491 agnitum
1670 5420 1738 5474 iri
1766 5421 1874 5484 ait,
1914 5435 2039 5474 cum
2077 5420 2164 5474 ni-

597 5519 793 5572 mirum
830 5532 946 5572 eam
985 5532 1098 5571 rem
1135 5516 1354 5585 planius
1383 5520 1641 5580 exponet.
1678 5511 1847 5566 Porro
1890 5527 1999 5567 non
2045 5527 2161 5568 me-

595 5606 840 5663 diocrem
872 5607 1164 5663 utilitatem
1190 5604 1393 5661 isthinc
1418 5604 1583 5658 etiam
1615 5617 1718 5659 nos
1744 5618 1851 5658 una
1885 5618 2009 5660 cum
2037 5604 2163 5661 aliis

2270 4685 2370 4739 πὸν
2411 4688 2644 4739 ποιεῖται
2691 4686 2788 4756 τὴν
2820 4686 3181 4759 παραίτησιν,
3231 4685 3409 4748 συνεὶς
3456 4684 3513 4737 δὲ
3553 4682 3709 4737 οὔπω
3754 4683 3854 4751 τὴν

2263 4776 2440 4831 αἰτίαν
2471 4776 2564 4831 τοῦ
2598 4777 2939 4848 πράγματος,
2984 4777 3153 4831 οἴεταί
3200 4794 3252 4830 τι
3301 4777 3432 4848 δρᾷν
3466 4774 3586 4845 εἰκῆ
3616 4774 3707 4827 τὸν
3739 4773 3857 4827 Κύ-

2265 4886 2397 4938 ριον,
2443 4870 2538 4924 καὶ
2571 4869 2732 4941 ψιλήν
2769 4870 2951 4932 αὐτοῖς
2989 4868 3084 4923 τοῦ
3134 4868 3381 4938 σώματος
3431 4868 3716 4937 ἐπινοῆσαι
3746 4867 3849 4934 τήν

2261 4962 2564 5016 ἀνάπαυσιν
2583 4979 2597 4993 ·
2632 4962 2694 5015 τὸ
2721 4962 2830 5032 γὰρ
2872 4960 3223 5024 άπονίζεσθαι
3254 4960 3381 5022 τοὺς
3414 4958 3579 5021 πόδας
3605 4956 3851 5011 συντελεῖ

2264 5072 2383 5118 πως
2430 5056 2512 5118 είς
2564 5053 2741 5117 τοῦτο,
2792 5052 2889 5106 καὶ
2942 5053 3178 5123 μετρίως
3223 5051 3471 5121 ἀποχαλᾷ
3506 5049 3603 5119 τὴν
3636 5051 3702 5102 ἐκ
3748 5048 3845 5100 τοῦ

2266 5143 2591 5214 βαδίσματος
2617 5143 2772 5197 τάσιν
2808 5144 2905 5213 (1).
2942 5142 3039 5195 Διά
3065 5140 3222 5195 τοῦτο
3254 5140 3347 5194 καὶ
3380 5138 3585 5209 σφόδρα
3624 5138 3847 5209 θερμῶς

2263 5235 2497 5306 ἐνείργει
2544 5233 2752 5300 λέγων·
2794 5251 2813 5283 ι
2849 5232 3041 5304 Κύριε,
3071 5230 3134 5285 σύ
3193 5248 3293 5301 μου
3345 5229 3552 5293 νίπτεις
3584 5229 3711 5290 τοὺς
3750 5228 3847 5280 πό-

2263 5327 2357 5389 δας
2383 5342 2397 5391 ;
2437 5346 2457 5379 ι
2488 5325 2636 5379 Ἔδει
2665 5325 2793 5396 γὰρ,
2822 5325 2948 5389 ἔδει,
2980 5325 3135 5395 φησὶ,
3166 5325 3292 5388 τοὺς
3340 5322 3481 5377 κατὰ
3520 5320 3679 5390 φύσιν
3707 5318 3849 5372 οἰκέ-

2262 5434 2361 5480 τας
2390 5416 2547 5469 τοῦτο
2574 5416 2834 5485 πράττειν
2861 5416 3026 5486 ἡμᾶς,
3058 5414 3178 5485 οὐχὶ
3223 5413 3283 5467 σὲ
3321 5413 3411 5466 τὸν
3440 5412 3695 5467 ἁπάντων
3727 5412 3845 5464 Κύ-
3873 5472 3876 5475 λ

2271 5528 2402 5583 ριον.
2449 5510 2588 5564 Ἀλλ’
2617 5509 2963 5582 ὑπερτίθεται
3001 5506 3098 5576 μὲν
3139 5506 3232 5559 τοῦ
3272 5505 3595 5575 πράγματος
3631 5502 3730 5573 τὴν
3759 5500 3846 5564 ἐξ-

2268 5605 2466 5675 ήγησιν
2502 5607 2580 5670 είς
2618 5603 2811 5677 καιρὸν
2835 5605 2864 5656 6
2899 5599 3153 5672 Χριστὸς,
3197 5599 3279 5652 ὅτι
3316 5614 3379 5666 γε
3409 5597 3518 5669 μὴν
3549 5594 3842 5663 ἀξιολογωο

664 5808 741 5873 (l)
779 5804 998 5859 [iditum
1024 5812 1141 5861 erat
1170 5802 1376 5868 στάσιν,
1403 5810 1456 5857 et
1486 5801 1772 5873 interpres,
1820 5801 2017 5857 Pedum
2054 5802 2193 5857 enim
2231 5802 2428 5860 ablatio
2474 5808 2523 5861 in
2561 5807 2655 5860 hoc
2689 5801 2955 5869 conducit,
2983 5811 3031 5858 et
3060 5801 3212 5857 lassis
3241 5800 3306 5855 de
3339 5800 3424 5854 uia
3479 5796 3702 5868 quietem
3746 5808 3840 5847 ur-

599 5880 774 5932 cessit.
806 5876 960 5932 Ent‘r.
