4144 6482
345 381 444 438 ΗἸ

1402 377 1472 437 IN
1510 378 1798 439 JOANNIS
1835 376 2292 436 EVANGELIUM
2334 378 2463 436 LIB.
2502 375 2594 435 IX.

3503 372 3603 432 H8

335 503 501 573 τέραν
538 499 651 571 ιχοι
694 500 791 572 τὴν
833 500 1033 566 αἰτίαν,
1066 500 1129 555 τὸ
1160 502 1291 571 παρ’
1329 500 1496 554 αὑτοῦ
1526 499 1747 570 γεγονὸς
1797 515 1921 552 σνν-

2043 505 2391 569 )θι·‹;οιιιυι·οε.
2427 496 2523 551 ait.
2574 491 2709 549 Vide
2741 490 2888 548 enim
2917 506 3027 562 quo
3054 496 3213 562 pacto
3253 497 3497 557 tempore
3534 486 3604 541 ad

337 592 490 659 ήσειν
520 589 651 660 φησί
700 589 845 660 μετά
880 588 1076 654 ταῦτα,
1122 592 1253 647 όταν
1297 591 1537 663 δηλονότι
1577 588 1920 661 πλατυτέραν

342 680 469 753 περὶ
495 678 662 736 αὐτοῦ
693 684 926 737 ποιεῖται
970 683 1068 755 τὴν
1107 682 1388 755 ἐξήγησιν.
1430 684 1638 754 Ὀνήσει
1691 681 1748 735 δὲ
1801 681 1921 735 λίαν

340 771 435 824 καὶ
466 770 626 826 τοῦτο
673 772 836 826 πάλιν
872 775 1021 845 ἡμᾶς
1045 774 1188 845 μετὰ
1231 775 1338 828 τῶν
1382 773 1554 828 ἄλλων
1587 773 1647 825 ού
1680 770 1917 843 μικρῶς.

335 859 448 913 θέα
481 860 591 931 γὰρ
616 862 763 927 ὅπως
818 864 1012 936 καιροῦ
1064 865 1350 929 καλοῦντος
1402 867 1481 927 εἰς
1531 863 1711 935 ἔργον,
1747 862 1921 933 ὑπερ-

338 952 537 1008 τίθεται
572 954 661 1009 τδν
685 955 864 1025 λόγον,
901 958 1094 1030 καιροῦ
1132 942 1181 1011 ’δ’
1209 953 1275 1012 αὗ
1307 958 1468 1012 πάλιν
1500 956 1810 1022 ἐπείγοντος
1841 954 1921 1018 εοίς

335 1043 495 1114 λόγον
540 1047 829 1103 ἀναδύεται
861 1049 922 1103 τὸ
967 1049 1117 1121 δρᾷν.
1149 1049 1329 1104 Πάντα
1377 1048 1482 1118 γὰρ
1526 1049 1737 1117 καιροῖς
1786 1045 1920 1098 ἁπο-

2017 606 2159 662 opus
2183 601 2421 647 vocante
2450 602 2762 646 sermonem
2789 584 3031 651 diﬂ‘erat,
3060 591 3115 639 et
3141 597 3337 638 rursus
3363 588 3607 649 tempore

2019 682 2083 737 ad
2119 696 2432 738 sermonem
2467 681 2757 743 incitante,
2780 677 2847 733 ab
2876 674 3092 748 agendo
3116 672 3370 729 desistat.
3396 668 3604 725 Cuncta

2019 773 2166 828 enim
2214 771 2562 842 temporibus
2589 768 2851 845 congruis
2884 765 3182 821 tribuebat.
3233 761 3395 817 Petro
3442 758 3609 828 igitur

2018 872 2285 920 renuente
2308 870 2367 919 et
2393 871 2583 934 aperte
2611 870 2843 935 negante
2871 858 3035 931 pedes
3056 855 3161 912 sibi
3185 854 3253 909 ab
3272 867 3338 908 eo
3361 850 3605 905 ablutum

2020 956 2091 1011 iri
2139 956 2195 1010 in
2239 962 2544 1018 aeternum,
2585 953 2846 1009 damnum
2892 952 3019 1006 hinc
3068 952 3314 1004 futurum
3350 942 3605 998 Servatur

2026 1046 2265 1117 explicat
2288 1094 2301 1111 ,
2337 1045 2527 1101 dicens
2555 1063 2570 1099 :

336 1138 518 1210 νέμων
581 1144 696 1207 τοῖς
739 1144 943 1197 ἐοικόσι
987 1145 1081 1199 καὶ
1122 1143 1417 1216 πρέπουσιν
1459 1138 1545 1215 ἦν.
1586 1139 1962 1203 Ἀνανεύοντος
1996 1141 2174 1194 τοίνυν
2196 1139 2290 1193 τοῦ
2340 1140 2570 1211 Πέτρου,
2635 1136 2727 1192 καί
2768 1137 3178 1208 ἀποφάσκοντος
3221 1124 3606 1203 εναργωςοοίδκ

340 1233 406 1286 ἂν
437 1233 604 1289 αὐτοῦ
632 1234 782 1306 νίψαι
815 1238 944 1301 τοὺς
974 1236 1139 1302 πόδας
1174 1238 1253 1302 εἰς
1289 1236 1379 1290 τὸν
1440 1234 1635 1300 αἰῶνα,
1683 1232 1783 1304 τὴν
1821 1229 2090 1301 ἐσομένην
2138 1232 2342 1295 ζηαίαν
2392 1228 2642 1286 ἐντεῦθεν
2687 1229 2923 1299 φανερὰν
2979 1228 3007 1280 ὁ
3058 1226 3248 1297 Σωτὴο
3316 1219 3603 1287 καθίστησι

336 1325 541 1382 λέγων’·

435 1345 541 1382 ων·

402 1344 561 1474 {Eds-
591 1420 679 1489 μὴ
717 1422 875 1490 νίψω
904 1437 997 1488 σε,
1027 1422 1137 1476 οὐκ
1184 1420 1345 1491 ἔχεις
1377 1418 1562 1491 μέρος
1592 1419 1721 1489 μετ’
1756 1415 1930 1487 ἐμοῦ.

414 1595 578 1649 Ὅσον
617 1597 717 1667 μὲν
747 1590 839 1651 οῦν
881 1591 1014 1669 ἧκεν
1055 1598 1137 1661 εἰς
1173 1597 1265 1651 τὸν
1296 1598 1516 1670 ἐμφανῆ
1556 1572 1652 1653 καὶ
1705 1598 1929 1669 πρόχει-

340 1705 438 1757 ρον
493 1686 587 1741 τοῦ
650 1688 1013 1760 προκειμένου
1068 1690 1290 1755 σκοπὸν,
1324 1691 1384 1743 Εἰ
1440 1691 1516 1761 μὴ
1575 1689 1919 1755 καταδέξαιο,

342 1779 497 1849 φησὶ,
522 1779 583 1832 τὸ
608 1776 754 1842 ξένον
785 1777 943 1833 τοῦτο
971 1777 1065 1834 καὶ
1102 1779 1271 1852 ἄηθες
1296 1780 1398 1851 τῆς
1424 1781 1891 1853 ταπεινοφροσύνῃ

342 1869 595 1940 μάθημα,
619 1868 808 1941 μερίδα
835 1872 928 1925 καὶ
963 1870 1165 1943 κλῆρον
1197 1872 1297 1926 οὐκ
1318 1872 1385 1926 ἂν
1416 1871 1597 1944 εὕροις
1625 1874 1740 1944 μετ’
1764 1873 1921 1943 ἐμοῦ.

350 1960 570 2065 Ἐπειδὴ
593 1960 658 2065 ’δὲ
688 1961 958 2065 πολλάκις
986 1963 1247 2065 {lC-69:0;
1278 1966 1434 2036 ἡμῶν
1472 1965 1679 2036 Ἰησοῦς
1718 1968 1747 2020 ό
1791 1966 1926 2037 Χρι-
1957 2009 1999 2065 Β

339 2052 483 2118 στος,
520 2054 616 2107 καὶ
642 2052 850 2125 μικράς
889 2053 998 2106 τῶν
1031 2054 1210 2123 λόγων
1246 2055 1428 2109 λαϐὼν
1466 2056 1743 2127 ἀφορμὰς,
1776 2074 1924 2125 γενι·

339 2145 443 2215 κὴν
481 2147 714 2199 ποιεῖται
743 2145 844 2215 τὴν
883 2145 1163 2218 ἐξήγησιν,
1210 2148 1305 2202 καὶ
1347 2149 1426 2212 εἰς
1462 2148 1662 2213 πλάτος
1688 2148 1922 2214 ἐξέλκων

340 2241 408 2296 τὰ
443 2242 528 2312 ἐφ’
563 2242 683 2307 ἐνὸς
730 2242 1076 2315 πράγματος,
1123 2244 1289 2315 ήγουν
1334 2244 1414 2308 εἴς
1457 2263 1510 2298 τι
1560 2243 1725 2316 μέρος
1779 2244 1923 2309 ἰδίως

342 2334 645 2407 εἰρημένα,
695 2335 954 2389 πλουσίαν
1008 2337 1119 2398 τοῖς
1171 2334 1466 2406 ὁρωμένοις
1528 2335 1772 2405 εἰσφέρει
1826 2334 1925 2405 τὴν

341 2428 553 2498 ὄνησιν,
584 2427 879 2499 οἰησόμεθά
910 2443 1027 2490 πως
1080 2428 1183 2481 κάν
1208 2426 1384 2497 τούτῳ
1426 2426 1603 2496 λέγειν
1640 2427 1822 2491 αὐτὸν,
1848 2425 1927 2490 ὡς

345 2520 396 2572 εἰ
422 2520 498 2589 μή
530 2536 615 2583 τις
657 2516 977 2587 ἀπονίψαιτο
1017 2516 1107 2571 διά
1151 2517 1243 2588 τῆς
1282 2517 1443 2571 αὑτοῦ
1470 2518 1689 2589 χάριτος
1722 2516 1813 2569 τὸν
1864 2517 1930 2569 ἐκ

343 2610 445 2680 τῆς
476 2608 750 2680 ἁμαρτίας
786 2609 881 2661 καὶ
910 2606 1005 2660 τοῦ
1042 2606 1381 2677 πλημμελεῖν
1423 2606 1718 2677 μολυσμὸν,
1762 2606 1930 2677 ἀμέτ-

343 2718 469 2772 οχος
501 2700 653 2754 ἔσται
686 2701 782 2770 τῆς
820 2701 949 2771 παρ’
985 2699 1149 2753 αὑτοῦ
1178 2699 1340 2770 ζωῆς,
1366 2698 1584 2771 καὶτῆς
1621 2698 1728 2752 τῶν
1767 2699 1931 2769 ούρα-

348 2793 455 2847 νῶν
494 2792 766 2863 βασιλείας
796 2790 1058 2860 ἄγευστος
1091 2791 1374 2861 ἀπομενεῖ.
1417 2791 1492 2844 Οὐ
1519 2789 1627 2863 γὰρ
1650 2792 1762 2854 τοῖς
1796 2792 1933 2844 ἀκα-

347 2886 567 2960 θάρτοις
590 2887 670 2948 εἰς
696 2885 794 2949 τὰς
834 2884 949 2939 ἀνω
994 2883 1162 2954 μονὰς
1192 2884 1415 2937 εἰσιέναι
1446 2883 1627 2954 θέμις,
1658 2883 1795 2937 ἀλλὰ
1821 2886 1935 2948 τοῖς

343 2979 440 3034 διὰ
459 2980 555 3051 τῆς
582 2980 664 3042 εἰς
696 2978 932 3052 Χριστὸν
961 2976 1182 3047 ἀγάπης
1214 2976 1454 3047 καθαρὸν
1496 2976 1678 3046 έχουσι
1716 2975 1778 3030 τὸ
1811 2993 1936 3030 συν-

348 3074 510 3140 ειδὸς,
548 3075 645 3129 καί⁵
672 3072 1024 3145 ἡγιασμένοις
1072 3072 1130 3125 ἐν
1178 3069 1455 3141 Πνεύματι
1506 3069 1594 3124 διὰ
1635 3068 1729 3123 τοῦ
1778 3069 1937 3137 ἁγίου

352 3166 749 3238 βαπτίσματος.

426 3258 596 3328 Λέγει
640 3255 799 3322 αὐτῷ
839 3254 1038 3325 Σίμων
1090 3255 1340 3322 Πέτρος·
1384 3253 1593 3323 Κύριε,
1651 3252 1738 3322 μὴ
1794 3252 1939 3319 τοὺς

2100 1412 2258 1483 723
2293 1409 2432 1477 XIII,
2463 1410 2516 1465 8.
2548 1407 2607 1465 Si
2633 1426 2734 1462 non
2762 1411 2937 1462 lavero
2973 1413 3044 1467 te,
3100 1420 3213 1479 non,
3246 1402 3457 1456 habebis
3479 1418 3603 1471 par-

2031 1516 2133 1558 tem
2158 1520 2362 1559 mecum

2048 1650 2051 1653 γ
2099 1595 2255 1662 Quod
2292 1594 2360 1649 ad
2396 1593 2506 1649 loci
2544 1592 2712 1663 hujus
2736 1588 3091 1645 manifestum
3126 1595 3182 1643 et
3204 1585 3425 1640 obvium
3479 1598 3603 1640 sco-

2028 1702 2159 1758 pum
2191 1687 2412 1750 attinet,
2450 1684 2565 1740 Nisi
2592 1683 2912 1740 inusitatam
2942 1681 3086 1735 hanc
3109 1688 3162 1734 et
3190 1677 3470 1733 insolitam
3502 1676 3605 1729 hu—

2026 1778 2314 1832 militatem
2350 1776 2637 1839 didiceris,
2666 1773 2865 1843 inquit,
2902 1778 3113 1842 partem
3151 1778 3204 1823 et
3241 1776 3445 1823 sortem
3495 1780 3604 1843 non

2026 1867 2287 1923 invenies
2314 1882 2552 1922 mecum.
2589 1864 2699 1920 Sed
2735 1878 2861 1919 cum
2896 1876 3039 1932 saepe
3098 1858 3363 1914 Dominus
3420 1840 3608 1911 noster

2025 1958 2190 2017 Jesus
2230 1958 2490 2015 Christus
2528 1956 2771 2025 sumptis
2801 1953 3017 2009 levibus
3080 1951 3246 2005 etiam
3314 1946 3604 2003 verborum

2027 2052 2423 2109 occasionibus
2476 2050 2789 2122 generalem
2854 2045 3255 2118 expositionem
3306 2041 3495 2103 faciat,
3554 2048 3608 2093 ct

2026 2159 2149 2216 quae
2182 2143 2251 2198 de
2288 2132 2396 2198 una
2446 2159 2505 2198 re
2566 2150 2661 2196 aut
2730 2149 2884 2212 parte
2931 2153 3037 2193 una
3076 2134 3430 2207 peCuliariter
3460 2131 3607 2186 dicta

2026 2243 2158 2293 sunt
2188 2236 2357 2291 latius
2386 2234 2713 2296 extendens,
2748 2230 3089 2288 abundantia
3136 2228 3255 2281 utili
3289 2225 3607 2294 locupletet,

2027 2328 2209 2399 ipsum
2242 2328 2407 2384 etiam
2440 2326 2530 2382 hic
2560 2326 2747 2381 dicere
2774 2321 3093 2394 putabimus
3126 2317 3295 2389 quod.
3328 2315 3437 2371 nisi
3482 2312 3608 2384 quis

2029 2434 2127 2490 per
2147 2419 2268 2489 ejus
2302 2419 2534 2490 gratiam
2563 2416 2759 2487 sordes
2797 2429 2861 2469 ex
2900 2419 3127 2484 peccato
3150 2414 3470 2465 contractas
3515 2404 3611 2459 ab—

2029 2512 2216 2576 luet-it,
2259 2512 2539 2582 particeps
2596 2508 2819 2563 futurus
2863 2521 2971 2560 non
3013 2509 3087 2561 sit
3120 2503 3246 2556 vita:
3279 2514 3401 2570 qua:
3438 2496 3508 2551 ab
3544 2511 3612 2550 eo

2032 2609 2239 2667 manat,
2282 2609 2337 2655 et
2371 2600 2523 2673 regni
2559 2600 2825 2655 etelorum
2877 2611 3073 2666 expers
3131 2605 3447 2647 mansurus.
3500 2585 3613 2642 Nec

2031 2697 2180 2752 enim
2212 2695 2295 2750 fas
2334 2705 2421 2750 est
2462 2693 2696 2763 impuris
2741 2693 2801 2747 in
2836 2703 3110 2760 supernas
3165 2684 3481 2740 mansiones
3528 2681 3614 2736 in-

2032 2786 2210 2860 gredi,
2237 2787 2335 2843 sed
2367 2786 2462 2856 qui
2496 2800 2592 2856 per
2620 2782 2980 2839 dilectionem
3009 2779 3064 2833 in
3101 2777 3379 2833 Christum
3422 2788 3611 2844 puram

2036 2878 2244 2934 habent
2274 2875 2703 2940 conscientiam,
2732 2880 2787 2928 et
2818 2868 3151 2927 sanctiﬁcati
3179 2865 3384 2922 suntin
3405 2862 3612 2935 Spiritu

2033 2986 2133 3043 per
2159 2977 2419 3027 sanctum
2462 2966 2759 3038 baptisma.

2119 3236 2260 3303 XII,
2293 3236 2346 3291 9.
2369 3233 2509 3289 Dicit
2536 3233 2584 3288 ei
2610 3231 2796 3287 Simon
2830 3229 3021 3285 Petrus
3048 3242 3073 3285 ξ
3094 3225 3338 3287 Domine,
3366 3237 3469 3276 non
3498 3228 3617 3274 tan-

567 3368 688 3420 μου
712 3314 923 3419 μόνον,
955 3347 1117 3403 ἀλλὰ
1158 3314 1256 3401 κᾶι
1282 3314 1391 3412 τὰς
1428 3314 1778 3415 χεῖραςίκαὶ
1825 3314 1941 3413 τὴὲλ

2043 3340 2153 3391 tum
2180 3330 2333 3401 pedes
2364 3344 2525 3395 meos,
2556 3323 2648 3383 sed
2677 3332 2727 3379 et
2757 3337 2946 3377 manus
2976 3330 3025 3375 et
3044 3314 3239 3388 caput.

354 3440 651 3514 κεφαλήν.

439 3533 498 3588 '0
529 3532 795 3603 τοσαύτην
832 3534 963 3603 ἡμῖν
996 3530 1200 3601 ἀρτίως
1233 3528 1504 3596 ἐπιδείξας
1530 3529 1628 3599 τὴν
1668 3526 1939 3592 ἔνστασιν,

357 3626 453 3681 καὶ
504 3623 823 3696 ἀπαυδήσας
862 3621 1104 3694 ἐναργῶς
1143 3622 1257 3674 τοῖν
1301 3620 1481 3674 ποδοῖν
1522 3619 1623 3691 τὴν
1663 3618 1940 3688 ἀπόνιψιν,

353 3718 458 3788 οὐχ
512 3718 660 3779 ὅπως
710 3714 909 3775 αὐτοὺς
964 3711 1299 3783 παρατίθησι
1383 3710 1597 3780 μόνους,
1653 3709 1788 3764 ἀλλά
1848 3710 1945 3763 καὶ

362 3808 549 3878 χεῖρας
590 3806 682 3859 καὶ
728 3804 990 3875 κεφαλήν.
1032 3804 1094 3856 Εἰ
1139 3801 1248 3874 γὰρ
1298 3802 1567 3873 μέλλοιμι,
1607 3802 1762 3872 φησί,
1803 3802 1944 3856 ἀποο

363 3897 644 3953 πεσεῖσθαι
692 3897 780 3951 διὰ
830 3894 1020 3949 τούτου
1070 3896 1171 3965 τῆς
1210 3893 1345 3966 πρὸς
1391 3894 1450 3946 σὲ
1502 3893 1806 3960 κοινωνίας,
1852 3895 1950 3947 καὶ

365 3990 582 4062 μακράν
612 4006 712 4043 που
753 3988 965 4042 κεῖσθαι
1010 3987 1118 4042 τῶν
1153 3989 1211 4039 ἐν
1253 3986 1465 4040 ἐλπίσιν
1508 3986 1757 4053 ἀγαθῶν,
1783 3987 1831 4043 εί
1870 3987 1944 4056 μή

364 4100 447 4136 σοι
491 4081 585 4135 καὶ
625 4079 785 4135 τοῦτο
815 4064 969 4151 δρᾷν
992 4079 1228 4133 ἐθέλοντι
1265 4079 1357 4131 καὶ
1402 4077 1747 4149 προελομένῳ
1775 4094 1948 4133 κατα-

361 4172 637 4243 νεύσαιμι,
663 4172 756 4225 καὶ
792 4169 1119 4240 ἀπονίψαιμι
1139 4169 1268 4231 τοὺς
1301 4168 1486 4234 πόδας,
1524 4168 1827 4239 παραθήσω
1852 4167 1948 4222 καὶ

362 4265 433 4320 τὰ
460 4263 643 4329 λοιπὰ,
695 4262 791 4334 τὴν
838 4262 978 4315 οὔτω
1025 4259 1464 4331 φρικωδεστάτην
1497 4259 1702 4330 ζημίαν
1747 4276 1947 4330 παραι-

364 4356 644 4429 τούμενος.
681 4354 980 4418 Εὐλαϐείας
1004 4349 1095 4407 οὖν
1118 4348 1187 4424 ἦν
1223 4352 1331 4423 ἄρα
1363 4351 1573 4423 καρπὸς
1606 4353 1639 4422 ἡ
1669 4352 1726 4405 ἐν
1755 4353 1950 4422 ἀρχαῖς

373 4449 728 4522 παραίτησις,
772 4447 867 4501 καὶ
905 4445 965 4500 τὸ
1009 4444 1271 4515 δυσαχθὲς
1302 4443 1533 4507 δεδιότος
1558 4442 1652 4496 τοῦ
1694 4441 1951 4513 πράγμα-

368 4558 480 4606 τος,
510 4540 630 4611 οὐχὶ
656 4539 720 4610 δὴ
746 4539 961 4601 πάντως
1000 4536 1452 4607 ἀντιπράττοντος
1475 4536 1584 4598 τοῖς
1603 4536 1951 4596 Δεσποτικοῖς

367 4631 757 4702 ἐπιτάγμασιν.
804 4628 1029 4683 Ἐννοῶν
1070 4645 1129 4682 τε
1160 4627 1289 4698 γὰρ,
1330 4626 1406 4689 ὼς
1445 4625 1601 4697 ἔφην,
1633 4626 1731 4696 τήν
1769 4642 1828 4677 τε
1856 4622 1951 4677 τοῦ

2111 3513 2218 3581 Qui
2258 3514 2421 3567 modo
2457 3500 2745 3577 tantopere
2777 3503 2999 3567 restitit,
3033 3510 3089 3558 et
3124 3500 3290 3573 pedes
3316 3497 3417 3553 sibi
3450 3493 3623 3550 lavari

2044 3614 2235 3677 aperte
2276 3603 2493 3669 renuit,
2528 3616 2639 3655 non
2681 3584 2892 3653 tantum
2928 3610 3023 3651 cus
3058 3594 3203 3647 ultro
3262 3591 3489 3661 profert,
3528 3584 3623 3642 sed

2045 3704 2098 3752 et
2129 3709 2328 3763 manus
2360 3700 2415 3747 et
2448 3697 2638 3761 caput.
2669 3687 2807 3742 Nam
2834 3687 2880 3743 si
2918 3681 2947 3739 a
2975 3693 3071 3739 tuo
3101 3681 3385 3739 consortio
3418 3678 3625 3734 idcirco

2048 3789 2424 3845 removendus
2465 3798 2612 3850 sum,
2657 3780 2856 3851 inquit,
2896 3787 2950 3834 et
3006 3794 3036 3833 a
3068 3777 3230 3832 bonis
3263 3790 3384 3845 qua:
3445 3775 3623 3843 posita

2048 3890 2180 3939 sunt
2221 3881 2275 3937 in
2315 3894 2413 3949 spe
2450 3873 2855 3936 excludendos,
2895 3871 3002 3927 nisi
3036 3870 3132 3924 tibi
3173 3869 3279 3923 hoc
3338 3881 3501 3938 agere
3533 3880 3628 3919 vo-

2050 3974 2181 4030 lenti
2216 3970 2595 4040 statuentique
2627 3980 2900 4033 annuero,
2923 3972 2977 4020 et
3004 3962 3170 4035 pedes
3190 3961 3437 4023 abluero,
3466 3956 3625 4013 exhi-

2048 4068 2191 4125 bebo
2225 4067 2391 4123 etiam
2424 4064 2661 4133 reliqua,
2698 4060 2895 4116 nolens
2942 4056 3193 4113 terribile
3232 4055 3336 4109 hoc
3363 4052 3627 4108 damnum

2051 4160 2357 4214 incurrere.
2414 4151 2747 4209 Reverentia
2808 4149 2976 4219 igitur
3021 4162 3087 4201 ac
3152 4151 3304 4200 metu
3356 4140 3629 4213 principio

2051 4248 2367 4312 recusabat,
2404 4245 2731 4318 gravitatem
2785 4240 2864 4297 rei
2900 4240 3322 4311 pertimescens,
3376 4251 3487 4291 nou
3522 4235 3633 4290 uti-

2051 4356 2160 4412 que
2186 4338 2332 4410 quod
2366 4335 2583 4391 Domini
2629 4332 2908 4389 mandatis
2944 4332 3250 4387 resisteret.
3291 4327 3429 4387 Cum
3485 4325 3630 4381 enim

2055 4434 2199 4505 apud
2242 4448 2302 4488 se
2331 4434 2634 4500 reputaret,
2683 4425 2893 4496 inquit,
2936 4422 3245 4479 Servatoris
3286 4420 3634 4490 dignitatem,

2054 4528 2106 4576 et
2145 4527 2357 4574 naturae
2382 4532 2499 4572 sua:
2526 4516 2851 4576 utilitatem,
2885 4512 3158 4584 principio
3190 4510 3410 4580 quidem
3467 4522 3634 4577 nega—

2054 4612 2188 4667 bat:
2240 4610 2334 4667 sed
2369 4624 2495 4664 cum
2538 4606 2800 4663 damnum
2833 4606 3125 4660 imminere
3152 4600 3435 4656 didicisset
3465 4599 3517 4653 ni
3557 4598 3636 4650 fa-

652 4720 832 4788 ἀξίαν,
862 4720 957 4773 καὶ
992 4717 1092 4787 τῆς
1134 4686 1332 4770 ἑαυτοῦ
1367 4686 1595 4782 φύσέυῑξ
1625 4686 1697 4764 τὸ·
1732 4728 1942 4783 σμικρός

2057 4710 2232 4767 ceret,
2258 4701 2471 4756 Domini
2503 4698 2799 4755 confestim
2829 4696 3170 4764 obtemperat
3202 4689 3470 4745 voluntati
3527 4686 3636 4743 Hie

374 4814 604 4885 πρεπές,
633 4815 852 4884 ἠρνεῖτο
881 4811 981 4883 μὲν
1005 4811 1063 4863 ἐν
1092 4810 1316 4879 ἀρχαῖς·
1349 4802 1535 4876 μαθὼν
1562 4802 1619 4855 δὲ
1642 4801 1702 4855 τδ
1738 4800 1954 4872 βλάϐος,

374 4906 537 4971 εὐθὺς
580 4904 901 4977 μετατρέχει
942 4901 1079 4971 πρὸς
1132 4902 1193 4953 τὸ
1256 4895 1540 4968 βούλεσθαι
1591 4892 1651 4947 τὸ
1696 4893 1773 4964 τῷ
1822 4910 1958 4965 κρα-

374 4999 557 5054 τοῦντι
608 4996 820 5053 δοκοῦν.
880 4994 1161 5063 Ἐπιτήρει
1218 4990 1276 5044 δὲ
1324 4988 1504 5051 πάλιν,
1542 4985 1635 5039 καί
1681 4984 1836 5054 δέχου
1897 4984 1960 5037 τὸ

375 5089 764 5162 πεπραγμένον
795 5089 873 5151 εἰς
901 5083 1166 5156 ὠφελείας
1199 5077 1582 5151 ὑπογραμμόν.
1625 5074 1814 5129 Καίτοι
1852 5072 1960 5145 γὰρ

353 5180 642 5253 νείρηκώς·
686 5198 705 5232 ι
743 5180 818 5233 Οὐ
873 5178 949 5248 μὴ
996 5175 1157 5249 νίψῃς
1205 5191 1305 5244 μου
1351 5172 1477 5233 τοὺς
1526 5168 1695 5230 πόδας
1744 5166 1825 5228 εἰς
1870 5164 1962 5218 τὸν

376 5273 589 5338 αἰῶνα,
649 5291 667 5323 ι
714 5270 1034 5343 μεθίσταται
1087 5263 1424 5336 παραχρῆμα
1477 5260 1569 5314 τοῦ
1621 5258 1757 5330 πρὸς
1807 5254 1966 5311 τοῦτο

379 5367 668 5437 βλέποντος
717 5364 832 5429 νοῦ,
883 5363 983 5415 οὐκ
1028 5362 1203 5416 ἐκεῖνο
1261 5355 1493 5428 μάλιστα
1552 5354 1831 5422 ἐννοήσας,
1881 5347 1960 5402 ὅτ’

377 5458 645 5529 προσήκοι
669 5458 781 5520 τοῖς
816 5454 967 5517 ἰδίοις
1004 5452 1167 5505 αὐτὸν
1210 5446 1517 5520 ἐμμένοντα
1563 5444 1739 5512 λόγοις
1790 5438 1964 5510 ἀληθῆ

379 5548 668 5618 φαίνεσθαι
704 5548 832 5618 παρ’
860 5547 1013 5617 ἡμῖν,
1058 5542 1172 5596 ἀλλ’
1211 5542 1291 5594 ὅτι
1337 5538 1557 5610 μείζονα
1587 5534 1682 5589 καὶ
1714 5534 1966 5604 χαλεπω-

379 5641 547 5711 τέραν
573 5640 795 5712 εὑρήσει
824 5636 1052 5709 ζημίαν,
1095 5633 1193 5705 τὴν
1232 5634 1297 5687 ἐκ
1319 5628 1413 5684 τοῦ
1448 5629 1684 5701 τηρῆσαι
1712 5626 1772 5681 τὸ
1809 5627 1961 5696 εἰρη-

387 5732 569 5803 μένον.
598 5726 1061 5802 ῐίαραφυλακτέον
1089 5723 1374 5795 τοιγαροῦν
1399 5721 1460 5774 τὸ
1491 5717 1740 5791 προαλῶς
1770 5734 1823 5769 τι
1870 5716 1964 5770 καὶ

384 5822 691 5897 προχείρως
743 5823 938 5889 εἰπεῖν,
983 5820 1119 5892 μήτε
1150 5818 1246 5891 μὲν
1291 5814 1504 5886 ἀγρίοις
1544 5810 1846 5881 ἐπειγέσθω
1882 5826 1964 5874 τις

2058 4793 2437 4850 animadverte
2471 4804 2687 4852 rursus,
2716 4798 2767 4844 et
2806 4787 3015 4842 factum
3053 4785 3232 4855 ipsum
3287 4781 3343 4836 in
3384 4780 3640 4851 praescri-

2058 4896 2209 4959 ptum
2228 4894 2281 4940 et
2304 4884 2545 4955 regulam
2571 4882 2759 4939 utilem
2789 4894 2943 4948 cape.
2959 4874 3221 4943 Quamvis
3247 4873 3391 4929 enim
3412 4871 3636 4937 dixeris,

2066 4998 2084 5030 ι
2130 4977 2250 5032 Non
2288 4975 2497 5031 lavabis
2526 4974 2659 5028 mihi
2688 4971 2857 5042 pedes
2882 4970 2935 5023 in
2962 4974 3255 5029 aeternum,
3288 4985 3305 5017 ι
3346 4965 3637 5022 consilium

2061 5078 2244 5124 tamen
2283 5082 2347 5122 ac
2384 5075 2618 5120 mentem
2645 5062 2833 5119 statim
2869 5066 3082 5126 mutat,
3113 5074 3223 5115 non
3245 5058 3359 5127 jam
3391 5057 3640 5128 cogitans

2062 5161 2278 5217 ﬁrmum
2311 5168 2365 5214 et
2394 5163 2739 5212 constantem
2784 5152 2842 5207 in
2885 5151 3049 5207 dictis
3081 5149 3353 5209 manendo
3393 5165 3640 5204 veracem

2061 5251 2234 5308 videri
2269 5256 2541 5320 oportere,
2573 5246 2671 5302 sed
2707 5246 2974 5313 majorem
3013 5244 3435 5314 gravioremque
3460 5241 3642 5313 jactu-

2061 5359 2180 5399 ram
2216 5341 2323 5398 sibi
2363 5338 2654 5394 imminere
2684 5335 2854 5409 724,
2880 5336 2926 5391 si
2968 5334 3132 5391 dictis
3168 5335 3401 5390 steterit.
3426 5332 3642 5388 Caven-

2063 5434 2193 5490 dum
2236 5433 2421 5502 itaque
2466 5447 2536 5487 ne
2568 5432 2697 5501 quid
2749 5444 3093 5500 praepropere
3134 5442 3198 5483 ac
3238 5435 3444 5483 temere
3493 5425 3643 5479 dica-

2069 5543 2234 5584 mus:
2266 5541 2443 5596 neque
2473 5540 2603 5580 vero
2634 5526 2761 5594 quis
2789 5522 3005 5578 acerbis
3038 5520 3267 5576 vocibus
3302 5520 3564 5579 incessat,
3594 5516 3643 5571 si

2070 5619 2200 5691 quid
2233 5634 2298 5675 ex
2332 5618 2556 5674 levitate
2585 5627 2640 5673 et
2699 5614 3169 5672 inconsiderantia
3224 5612 3487 5682 reiectum
3510 5626 3522 5641 ι
3546 5608 3646 5662 sit-

2071 5714 2165 5769 scd
2200 5714 2245 5769 si
2281 5711 2410 5782 quid
2452 5711 2617 5767 alicui
2657 5707 2949 5771 exciderit,
2982 5721 3047 5761 ac
3110 5720 3235 5759 mox
3296 5717 3392 5773 per
3430 5700 3647 5754 inLCia-

2072 5804 2279 5864 tionem
2334 5805 2539 5860 bonum
2569 5799 2795 5871 aliquod
2848 5814 2911 5856 ac
2970 5797 3102 5853 utile
3157 5802 3214 5850 et
3271 5792 3648 5849 necessarium
