  <div class='ocr_page' id='page_1' title='image "/cluster/home/n/w/nwhite01/storage/ocr_20150623/74/hvd.32044019207919/067.png"; bbox 0 0 4144 6486; ppageno 0'>
   <div class='ocr_carea' id='block_1_1' title="bbox 618 391 716 449">
    <p class='ocr_par' dir='ltr' id='par_1_1' title="bbox 618 391 716 449">
     <span class='ocr_line' id='line_1_1' title="bbox 618 391 716 449; baseline 0.041 -4"><span class='ocrx_word' id='word_1_1' title='bbox 618 391 716 449; x_wconf 74' lang='grc' dir='ltr'><strong><em>Ηο</em></strong></span> 
     </span>
    </p>
   </div>
   <div class='ocr_carea' id='block_1_2' title="bbox 611 501 2170 574">
    <p class='ocr_par' dir='ltr' id='par_1_2' title="bbox 611 501 2170 574">
     <span class='ocr_line' id='line_1_2' title="bbox 611 501 2170 574; baseline 0.001 -17"><span class='ocrx_word' id='word_1_2' title='bbox 611 512 897 574; x_wconf 77' lang='lat' dir='ltr'><strong>appareat,</strong></span> <span class='ocrx_word' id='word_1_3' title='bbox 931 519 996 560; x_wconf 74' lang='lat' dir='ltr'><strong>ex</strong></span> <span class='ocrx_word' id='word_1_4' title='bbox 1061 503 1166 558; x_wconf 83' lang='lat' dir='ltr'><strong>hoc</strong></span> <span class='ocrx_word' id='word_1_5' title='bbox 1222 501 1345 557; x_wconf 90' lang='lat' dir='ltr'><strong>loco</strong></span> <span class='ocrx_word' id='word_1_6' title='bbox 1398 502 1655 557; x_wconf 83' lang='lat' dir='ltr'><strong>observet</strong></span> <span class='ocrx_word' id='word_1_7' title='bbox 1700 503 1860 573; x_wconf 84' lang='lat' dir='ltr'><strong>longe</strong></span> <span class='ocrx_word' id='word_1_8' title='bbox 1916 511 2170 573; x_wconf 65' lang='lat' dir='ltr'><strong>prastart</strong></span> 
     </span>
    </p>
   </div>
   <div class='ocr_carea' id='block_1_3' title="bbox 2272 501 2688 574">
    <p class='ocr_par' dir='ltr' id='par_1_3' title="bbox 2284 504 2688 567">
     <span class='ocr_line' id='line_1_3' title="bbox 2284 504 2688 567; baseline -0.002 -10"><span class='ocrx_word' id='word_1_9' title='bbox 2284 504 2501 567; x_wconf 79' lang='grc' dir='ltr'><strong>τόνοις..</strong></span> <span class='ocrx_word' id='word_1_10' title='bbox 2539 543 2552 556; x_wconf 94' lang='grc'><strong>.</strong></span> <span class='ocrx_word' id='word_1_11' title='bbox 2583 543 2597 558; x_wconf 93' lang='grc'><strong>.</strong></span> <span class='ocrx_word' id='word_1_12' title='bbox 2629 542 2642 556; x_wconf 92' lang='grc'><strong>.</strong></span> <span class='ocrx_word' id='word_1_13' title='bbox 2675 543 2688 556; x_wconf 96' lang='grc'><strong>.</strong></span> 
     </span>
    </p>
   </div>
   <div class='ocr_carea' id='block_1_4' title="bbox 611 593 2185 666">
    <p class='ocr_par' dir='ltr' id='par_1_4' title="bbox 611 593 2185 666">
     <span class='ocr_line' id='line_1_4' title="bbox 611 593 2185 666; baseline -0.001 -16"><span class='ocrx_word' id='word_1_14' title='bbox 611 598 760 666; x_wconf 83' lang='lat' dir='ltr'><strong>quod</strong></span> <span class='ocrx_word' id='word_1_15' title='bbox 797 598 923 652; x_wconf 86' lang='lat' dir='ltr'><strong>usui</strong></span> <span class='ocrx_word' id='word_1_16' title='bbox 977 597 1050 652; x_wconf 90' lang='lat' dir='ltr'><strong>sit</strong></span> <span class='ocrx_word' id='word_1_17' title='bbox 1115 594 1296 651; x_wconf 80' lang='lat' dir='ltr'><strong>iacere</strong></span> <span class='ocrx_word' id='word_1_18' title='bbox 1355 593 1566 660; x_wconf 88' lang='lat' dir='ltr'><strong>conari,</strong></span> <span class='ocrx_word' id='word_1_19' title='bbox 1621 610 1792 665; x_wconf 88' lang='lat' dir='ltr'><strong>quam</strong></span> <span class='ocrx_word' id='word_1_20' title='bbox 1853 595 2029 665; x_wconf 85' lang='lat' dir='ltr'><strong>loqui,</strong></span> <span class='ocrx_word' id='word_1_21' title='bbox 2089 602 2185 648; x_wconf 89' lang='lat' dir='ltr'><strong>aut</strong></span> 
     </span>
    </p>
   </div>
   <div class='ocr_carea' id='block_1_5' title="bbox 611 687 2179 757">
    <p class='ocr_par' dir='ltr' id='par_1_5' title="bbox 611 687 2179 757">
     <span class='ocr_line' id='line_1_5' title="bbox 611 687 2179 757; baseline -0.001 -15"><span class='ocrx_word' id='word_1_22' title='bbox 611 689 818 743; x_wconf 71' lang='lat' dir='ltr'><strong>frustra</strong></span> <span class='ocrx_word' id='word_1_23' title='bbox 857 687 1224 753; x_wconf 84' lang='lat' dir='ltr'><strong>contendere,</strong></span> <span class='ocrx_word' id='word_1_24' title='bbox 1259 687 1414 757; x_wconf 90' lang='lat' dir='ltr'><strong>quasi</strong></span> <span class='ocrx_word' id='word_1_25' title='bbox 1449 702 1574 741; x_wconf 88' lang='lat' dir='ltr'><strong>cum</strong></span> <span class='ocrx_word' id='word_1_26' title='bbox 1629 687 1845 742; x_wconf 76' lang='lat' dir='ltr'><strong>ratione</strong></span> <span class='ocrx_word' id='word_1_27' title='bbox 1897 687 2179 756; x_wconf 83' lang='lat' dir='ltr'><strong>loquatur.</strong></span> 
     </span>
    </p>
   </div>
   <div class='ocr_carea' id='block_1_6' title="bbox 609 776 2180 850">
    <p class='ocr_par' dir='ltr' id='par_1_6' title="bbox 609 776 2180 850">
     <span class='ocr_line' id='line_1_6' title="bbox 609 776 2180 850; baseline -0.003 -16"><span class='ocrx_word' id='word_1_28' title='bbox 609 779 782 834; x_wconf 79' lang='lat' dir='ltr'><strong>Nemo</strong></span> <span class='ocrx_word' id='word_1_29' title='bbox 817 778 1020 850; x_wconf 90' lang='lat' dir='ltr'><strong>quippe</strong></span> <span class='ocrx_word' id='word_1_30' title='bbox 1054 795 1160 833; x_wconf 89' lang='lat' dir='ltr'><strong>non</strong></span> <span class='ocrx_word' id='word_1_31' title='bbox 1192 779 1558 849; x_wconf 71' lang='lat' dir='ltr'><strong>praestabilius</strong></span> <span class='ocrx_word' id='word_1_32' title='bbox 1582 818 1595 842; x_wconf 85' lang='lat'><strong>,</strong></span> <span class='ocrx_word' id='word_1_33' title='bbox 1629 779 1847 848; x_wconf 88' lang='lat' dir='ltr'><strong>opinor,</strong></span> <span class='ocrx_word' id='word_1_34' title='bbox 1900 776 2180 840; x_wconf 78' lang='lat' dir='ltr'><strong>fatebitur,</strong></span> 
     </span>
    </p>
   </div>
   <div class='ocr_carea' id='block_1_7' title="bbox 609 869 2181 940">
    <p class='ocr_par' dir='ltr' id='par_1_7' title="bbox 609 869 2181 940">
     <span class='ocr_line' id='line_1_7' title="bbox 609 869 2181 940; baseline 0 -18"><span class='ocrx_word' id='word_1_35' title='bbox 609 870 903 925; x_wconf 75' lang='lat' dir='ltr'><strong>verborum</strong></span> <span class='ocrx_word' id='word_1_36' title='bbox 931 886 1096 940; x_wconf 89' lang='lat' dir='ltr'><strong>quam</strong></span> <span class='ocrx_word' id='word_1_37' title='bbox 1122 886 1306 925; x_wconf 91' lang='lat' dir='ltr'><strong>rerum</strong></span> <span class='ocrx_word' id='word_1_38' title='bbox 1341 869 1792 926; x_wconf 80' lang='lat' dir='ltr'><strong>necessariarum</strong></span> <span class='ocrx_word' id='word_1_39' title='bbox 1831 869 1975 924; x_wconf 82' lang='lat' dir='ltr'><strong>ferre</strong></span> <span class='ocrx_word' id='word_1_40' title='bbox 2003 869 2181 932; x_wconf 86' lang='lat' dir='ltr'><strong>iactu-</strong></span> 
     </span>
    </p>
   </div>
   <div class='ocr_carea' id='block_1_8' title="bbox 613 958 2178 1031">
    <p class='ocr_par' dir='ltr' id='par_1_8' title="bbox 613 958 2178 1031">
     <span class='ocr_line' id='line_1_8' title="bbox 613 958 2178 1031; baseline 0 -20"><span class='ocrx_word' id='word_1_41' title='bbox 613 973 751 1013; x_wconf 93' lang='lat' dir='ltr'><strong>ram.</strong></span> <span class='ocrx_word' id='word_1_42' title='bbox 786 958 893 1014; x_wconf 86' lang='lat' dir='ltr'><strong>Sed</strong></span> <span class='ocrx_word' id='word_1_43' title='bbox 930 961 1176 1028; x_wconf 89' lang='lat' dir='ltr'><strong>procula</strong></span> <span class='ocrx_word' id='word_1_44' title='bbox 1208 961 1394 1031; x_wconf 89' lang='lat' dir='ltr'><strong>lingua</strong></span> <span class='ocrx_word' id='word_1_45' title='bbox 1421 969 1613 1016; x_wconf 87' lang='lat' dir='ltr'><strong>nostra</strong></span> <span class='ocrx_word' id='word_1_46' title='bbox 1648 960 2025 1030; x_wconf 85' lang='lat' dir='ltr'><strong>juramentum</strong></span> <span class='ocrx_word' id='word_1_47' title='bbox 2083 958 2178 1022; x_wconf 88' lang='lat' dir='ltr'><strong>sit,</strong></span> 
     </span>
    </p>
   </div>
   <div class='ocr_carea' id='block_1_9' title="bbox 607 1049 2182 1121">
    <p class='ocr_par' dir='ltr' id='par_1_9' title="bbox 607 1049 2182 1121">
     <span class='ocr_line' id='line_1_9' title="bbox 607 1049 2182 1121; baseline 0.002 -19"><span class='ocrx_word' id='word_1_48' title='bbox 607 1049 677 1103; x_wconf 91' lang='lat' dir='ltr'><strong>ob</strong></span> <span class='ocrx_word' id='word_1_49' title='bbox 719 1051 931 1104; x_wconf 83' lang='lat' dir='ltr'><strong>subitas</strong></span> <span class='ocrx_word' id='word_1_50' title='bbox 957 1063 1006 1105; x_wconf 84' lang='lat' dir='ltr'><strong>et</strong></span> <span class='ocrx_word' id='word_1_51' title='bbox 1042 1052 1460 1106; x_wconf 67' lang='lat' dir='ltr'><strong>inconsideratae</strong></span> <span class='ocrx_word' id='word_1_52' title='bbox 1499 1053 1701 1107; x_wconf 89' lang='lat' dir='ltr'><strong>mentis</strong></span> <span class='ocrx_word' id='word_1_53' title='bbox 1736 1067 1923 1116; x_wconf 80' lang='lat' dir='ltr'><strong>voces,</strong></span> <span class='ocrx_word' id='word_1_54' title='bbox 1967 1059 2016 1106; x_wconf 89' lang='lat' dir='ltr'><strong>et</strong></span> <span class='ocrx_word' id='word_1_55' title='bbox 2060 1067 2182 1121; x_wconf 79' lang='lat' dir='ltr'><strong>qua:</strong></span> 
     </span>
    </p>
   </div>
   <div class='ocr_carea' id='block_1_10' title="bbox 608 1142 2176 1199">
    <p class='ocr_par' dir='ltr' id='par_1_10' title="bbox 608 1142 2176 1199">
     <span class='ocr_line' id='line_1_10' title="bbox 608 1142 2176 1199; baseline 0.002 -6"><span class='ocrx_word' id='word_1_56' title='bbox 608 1142 756 1195; x_wconf 67' lang='lat' dir='ltr'><strong>velut</strong></span> <span class='ocrx_word' id='word_1_57' title='bbox 788 1155 850 1196; x_wconf 81' lang='lat' dir='ltr'><strong>ex</strong></span> <span class='ocrx_word' id='word_1_58' title='bbox 889 1143 1216 1198; x_wconf 84' lang='lat' dir='ltr'><strong>necessitate</strong></span> <span class='ocrx_word' id='word_1_59' title='bbox 1241 1143 1518 1198; x_wconf 83' lang='lat' dir='ltr'><strong>interdum</strong></span> <span class='ocrx_word' id='word_1_60' title='bbox 1545 1143 1800 1198; x_wconf 88' lang='lat' dir='ltr'><strong>accidunt</strong></span> <span class='ocrx_word' id='word_1_61' title='bbox 1823 1143 2176 1199; x_wconf 83' lang='lat' dir='ltr'><strong>mutationes.</strong></span> 
     </span>
    </p>
   </div>
   <div class='ocr_carea' id='block_1_11' title="bbox 609 1231 2177 1305">
    <p class='ocr_par' dir='ltr' id='par_1_11' title="bbox 609 1231 2177 1305">
     <span class='ocr_line' id='line_1_11' title="bbox 609 1231 2177 1305; baseline 0.003 -21"><span class='ocrx_word' id='word_1_62' title='bbox 609 1231 860 1303; x_wconf 79' lang='lat' dir='ltr'><strong>Magnum</strong></span> <span class='ocrx_word' id='word_1_63' title='bbox 893 1234 1038 1288; x_wconf 89' lang='lat' dir='ltr'><strong>enim</strong></span> <span class='ocrx_word' id='word_1_64' title='bbox 1074 1244 1159 1290; x_wconf 88' lang='lat' dir='ltr'><strong>est</strong></span> <span class='ocrx_word' id='word_1_65' title='bbox 1188 1249 1368 1305; x_wconf 76' lang='lat' dir='ltr'><strong>Opera:</strong></span> <span class='ocrx_word' id='word_1_66' title='bbox 1397 1235 1633 1305; x_wconf 89' lang='lat' dir='ltr'><strong>pretium</strong></span> <span class='ocrx_word' id='word_1_67' title='bbox 1667 1236 1910 1305; x_wconf 81' lang='lat' dir='ltr'><strong>linguam</strong></span> <span class='ocrx_word' id='word_1_68' title='bbox 1943 1237 2177 1291; x_wconf 86' lang='lat' dir='ltr'><strong>circum-</strong></span> 
     </span>
    </p>
   </div>
   <div class='ocr_carea' id='block_1_12' title="bbox 609 1326 2179 1397">
    <p class='ocr_par' dir='ltr' id='par_1_12' title="bbox 609 1326 2179 1397">
     <span class='ocr_line' id='line_1_12' title="bbox 609 1326 2179 1397; baseline 0.003 -19"><span class='ocrx_word' id='word_1_69' title='bbox 609 1334 852 1393; x_wconf 80' lang='lat' dir='ltr'><strong>spectant</strong></span> <span class='ocrx_word' id='word_1_70' title='bbox 879 1326 1101 1388; x_wconf 86' lang='lat' dir='ltr'><strong>habere,</strong></span> <span class='ocrx_word' id='word_1_71' title='bbox 1129 1342 1231 1381; x_wconf 88' lang='lat' dir='ltr'><strong>nec</strong></span> <span class='ocrx_word' id='word_1_72' title='bbox 1266 1328 1320 1381; x_wconf 92' lang='lat' dir='ltr'><strong>in</strong></span> <span class='ocrx_word' id='word_1_73' title='bbox 1356 1343 1418 1381; x_wconf 90' lang='lat' dir='ltr'><strong>ea</strong></span> <span class='ocrx_word' id='word_1_74' title='bbox 1460 1343 1581 1397; x_wconf 66' lang='lat' dir='ltr'><strong>quae</strong></span> <span class='ocrx_word' id='word_1_75' title='bbox 1623 1328 1810 1383; x_wconf 90' lang='lat' dir='ltr'><strong>minus</strong></span> <span class='ocrx_word' id='word_1_76' title='bbox 1842 1329 2179 1382; x_wconf 80' lang='lat' dir='ltr'><strong>conveniunt</strong></span> 
     </span>
    </p>
   </div>
   <div class='ocr_carea' id='block_1_13' title="bbox 609 1417 2177 1488">
    <p class='ocr_par' dir='ltr' id='par_1_13' title="bbox 609 1417 2177 1488">
     <span class='ocr_line' id='line_1_13' title="bbox 609 1417 2177 1488; baseline 0.004 -19"><span class='ocrx_word' id='word_1_77' title='bbox 609 1417 1004 1486; x_wconf 79' lang='lat' dir='ltr'><strong>prolabentem.</strong></span> <span class='ocrx_word' id='word_1_78' title='bbox 1047 1417 1153 1473; x_wconf 88' lang='lat' dir='ltr'><strong>Sed</strong></span> <span class='ocrx_word' id='word_1_79' title='bbox 1189 1419 1321 1488; x_wconf 88' lang='lat' dir='ltr'><strong>quia</strong></span> <span class='ocrx_word' id='word_1_80' title='bbox 1359 1433 1468 1473; x_wconf 88' lang='lat' dir='ltr'><strong>rem</strong></span> <span class='ocrx_word' id='word_1_81' title='bbox 1506 1419 1734 1473; x_wconf 89' lang='lat' dir='ltr'><strong>arduam</strong></span> <span class='ocrx_word' id='word_1_82' title='bbox 1801 1434 1925 1474; x_wconf 90' lang='lat' dir='ltr'><strong>esse</strong></span> <span class='ocrx_word' id='word_1_83' title='bbox 1951 1434 2177 1488; x_wconf 83' lang='lat' dir='ltr'><strong>prorsus</strong></span> 
     </span>
    </p>
   </div>
   <div class='ocr_carea' id='block_1_14' title="bbox 607 1507 2172 1579">
    <p class='ocr_par' dir='ltr' id='par_1_14' title="bbox 607 1507 2172 1579">
     <span class='ocr_line' id='line_1_14' title="bbox 607 1507 2172 1579; baseline 0.003 -19"><span class='ocrx_word' id='word_1_84' title='bbox 607 1507 723 1577; x_wconf 89' lang='lat' dir='ltr'><strong>ipse</strong></span> <span class='ocrx_word' id='word_1_85' title='bbox 775 1525 994 1579; x_wconf 88' lang='lat' dir='ltr'><strong>quoque</strong></span> <span class='ocrx_word' id='word_1_86' title='bbox 1060 1510 1225 1565; x_wconf 89' lang='lat' dir='ltr'><strong>nobis</strong></span> <span class='ocrx_word' id='word_1_87' title='bbox 1257 1509 1479 1566; x_wconf 80' lang='lat' dir='ltr'><strong>divinus</strong></span> <span class='ocrx_word' id='word_1_88' title='bbox 1533 1525 1717 1566; x_wconf 89' lang='lat' dir='ltr'><strong>sermo</strong></span> <span class='ocrx_word' id='word_1_89' title='bbox 1781 1511 2172 1566; x_wconf 86' lang='lat' dir='ltr'><strong>demonstrat:</strong></span> 
     </span>
    </p>
   </div>
   <div class='ocr_carea' id='block_1_15' title="bbox 609 1597 2168 1672">
    <p class='ocr_par' dir='ltr' id='par_1_15' title="bbox 609 1597 2168 1672">
     <span class='ocr_line' id='line_1_15' title="bbox 609 1597 2168 1672; baseline 0.003 -23"><span class='ocrx_word' id='word_1_90' title='bbox 609 1617 628 1647; x_wconf 70' lang='grc' dir='ltr'><em>ς</em></span> <span class='ocrx_word' id='word_1_91' title='bbox 664 1597 930 1669; x_wconf 78' lang='lat' dir='ltr'><strong>Linguam</strong></span> <span class='ocrx_word' id='word_1_92' title='bbox 957 1599 1102 1653; x_wconf 92' lang='lat' dir='ltr'><strong>enim</strong></span> <span class='ocrx_word' id='word_1_93' title='bbox 1131 1601 1316 1656; x_wconf 86' lang='lat' dir='ltr'><strong>nullus</strong></span> <span class='ocrx_word' id='word_1_94' title='bbox 1352 1601 1636 1656; x_wconf 86' lang='lat' dir='ltr'><strong>hominum</strong></span> <span class='ocrx_word' id='word_1_95' title='bbox 1666 1601 1891 1656; x_wconf 88' lang='lat' dir='ltr'><strong>domare</strong></span> <span class='ocrx_word' id='word_1_96' title='bbox 1915 1610 2117 1672; x_wconf 90' lang='lat' dir='ltr'><strong>potest,</strong></span> <span class='ocrx_word' id='word_1_97' title='bbox 2149 1620 2168 1654; x_wconf 75' lang='grc' dir='ltr'><strong>ι</strong></span> 
     </span>
    </p>
   </div>
   <div class='ocr_carea' id='block_1_16' title="bbox 606 1691 2172 1763">
    <p class='ocr_par' dir='ltr' id='par_1_16' title="bbox 606 1691 2172 1763">
     <span class='ocr_line' id='line_1_16' title="bbox 606 1691 2172 1763; baseline 0.004 -21"><span class='ocrx_word' id='word_1_98' title='bbox 606 1699 664 1743; x_wconf 82' lang='grc' dir='ltr'><strong>ιιι</strong></span> <span class='ocrx_word' id='word_1_99' title='bbox 699 1691 962 1761; x_wconf 89' lang='lat' dir='ltr'><strong>scriptum</strong></span> <span class='ocrx_word' id='word_1_100' title='bbox 1012 1701 1096 1747; x_wconf 90' lang='lat' dir='ltr'><strong>est</strong></span> <span class='ocrx_word' id='word_1_101' title='bbox 1117 1693 1190 1757; x_wconf 87' lang='grc'><strong>⁷⁸,</strong></span> <span class='ocrx_word' id='word_1_102' title='bbox 1229 1709 1538 1748; x_wconf 86' lang='lat' dir='ltr'><strong>sermonem</strong></span> <span class='ocrx_word' id='word_1_103' title='bbox 1603 1693 1740 1748; x_wconf 84' lang='lat' dir='ltr'><strong>citra</strong></span> <span class='ocrx_word' id='word_1_104' title='bbox 1790 1693 2172 1763; x_wconf 86' lang='lat' dir='ltr'><strong>juramentum</strong></span> 
     </span>
    </p>
   </div>
   <div class='ocr_carea' id='block_1_17' title="bbox 604 1783 2172 1855">
    <p class='ocr_par' dir='ltr' id='par_1_17' title="bbox 604 1783 2172 1855">
     <span class='ocr_line' id='line_1_17' title="bbox 604 1783 2172 1855; baseline 0.003 -19"><span class='ocrx_word' id='word_1_105' title='bbox 604 1783 772 1838; x_wconf 92' lang='lat' dir='ltr'><strong>ullum</strong></span> <span class='ocrx_word' id='word_1_106' title='bbox 804 1783 1172 1854; x_wconf 77' lang='lat' dir='ltr'><strong>proferamus.</strong></span> <span class='ocrx_word' id='word_1_107' title='bbox 1207 1785 1363 1841; x_wconf 81' lang='lat' dir='ltr'><strong>Tunc</strong></span> <span class='ocrx_word' id='word_1_108' title='bbox 1393 1788 1538 1842; x_wconf 91' lang='lat' dir='ltr'><strong>enim</strong></span> <span class='ocrx_word' id='word_1_109' title='bbox 1568 1787 1613 1841; x_wconf 93' lang='lat' dir='ltr'><strong>si</strong></span> <span class='ocrx_word' id='word_1_110' title='bbox 1645 1785 1775 1855; x_wconf 90' lang='lat' dir='ltr'><strong>quid</strong></span> <span class='ocrx_word' id='word_1_111' title='bbox 1812 1785 2172 1855; x_wconf 70' lang='lat' dir='ltr'><strong>prwtergredi</strong></span> 
     </span>
    </p>
   </div>
   <div class='ocr_carea' id='block_1_18' title="bbox 1607 386 2844 446">
    <p class='ocr_par' dir='ltr' id='par_1_18' title="bbox 1607 386 2844 446">
     <span class='ocr_line' id='line_1_18' title="bbox 1607 386 2844 446; baseline 0.003 -4"><span class='ocrx_word' id='word_1_112' title='bbox 1607 387 1667 443; x_wconf 85' lang='lat' dir='ltr'><strong>S.</strong></span> <span class='ocrx_word' id='word_1_113' title='bbox 1707 386 1983 442; x_wconf 78' lang='lat' dir='ltr'><strong>CYRILLI</strong></span> <span class='ocrx_word' id='word_1_114' title='bbox 2024 386 2494 444; x_wconf 71' lang='lat' dir='ltr'><strong>ALEXANDRINI</strong></span> <span class='ocrx_word' id='word_1_115' title='bbox 2525 387 2844 446; x_wconf 75' lang='lat' dir='ltr'><strong>ARCHIEP.</strong></span> 
     </span>
    </p>
   </div>
   <div class='ocr_carea' id='block_1_19' title="bbox 3764 383 3888 438">
    <p class='ocr_par' dir='ltr' id='par_1_19' title="bbox 3764 383 3888 438">
     <span class='ocr_line' id='line_1_19' title="bbox 3764 383 3888 438; baseline 0 0"><span class='ocrx_word' id='word_1_116' title='bbox 3764 383 3888 438; x_wconf 72' lang='grc'><strong>120</strong></span> 
     </span>
    </p>
   </div>
   <div class='ocr_carea' id='block_1_20' title="bbox 2727 495 3884 573">
    <p class='ocr_par' dir='ltr' id='par_1_20' title="bbox 2727 495 3884 573">
     <span class='ocr_line' id='line_1_20' title="bbox 2727 495 3884 573; baseline -0.007 -18"><span class='ocrx_word' id='word_1_117' title='bbox 2727 543 2741 555; x_wconf 93' lang='grc'><strong>.</strong></span> <span class='ocrx_word' id='word_1_118' title='bbox 2775 502 2834 555; x_wconf 74' lang='grc' dir='ltr'>τὸ</span> <span class='ocrx_word' id='word_1_119' title='bbox 2868 503 2930 554; x_wconf 72' lang='grc' dir='ltr'><strong>ἐκ</strong></span> <span class='ocrx_word' id='word_1_120' title='bbox 2954 500 3284 573; x_wconf 73' lang='grc' dir='ltr'><strong>προπετείας</strong></span> <span class='ocrx_word' id='word_1_121' title='bbox 3309 497 3654 553; x_wconf 72' lang='grc' dir='ltr'>ἀποπτυσθέν</span> <span class='ocrx_word' id='word_1_122' title='bbox 3674 536 3689 560; x_wconf 92' lang='grc'><strong>,</strong></span> <span class='ocrx_word' id='word_1_123' title='bbox 3727 495 3884 549; x_wconf 65' lang='grc' dir='ltr'>ἀλλὰ</span> 
     </span>
    </p>
   </div>
   <div class='ocr_carea' id='block_1_21' title="bbox 2285 586 3884 665">
    <p class='ocr_par' dir='ltr' id='par_1_21' title="bbox 2285 586 3884 665">
     <span class='ocr_line' id='line_1_21' title="bbox 2285 586 3884 665; baseline -0.004 -16"><span class='ocrx_word' id='word_1_124' title='bbox 2285 596 2387 650; x_wconf 77' lang='grc' dir='ltr'><strong>κάν</strong></span> <span class='ocrx_word' id='word_1_125' title='bbox 2431 613 2484 649; x_wconf 88' lang='grc' dir='ltr'><strong>τι</strong></span> <span class='ocrx_word' id='word_1_126' title='bbox 2532 594 2784 664; x_wconf 72' lang='grc' dir='ltr'>λέγεόθαι</span> <span class='ocrx_word' id='word_1_127' title='bbox 2832 593 3011 665; x_wconf 72' lang='grc' dir='ltr'>συμϐῇ</span> <span class='ocrx_word' id='word_1_128' title='bbox 3061 591 3211 663; x_wconf 88' lang='grc' dir='ltr'>παρά</span> <span class='ocrx_word' id='word_1_129' title='bbox 3264 609 3448 654; x_wconf 84' lang='grc' dir='ltr'>τινων,</span> <span class='ocrx_word' id='word_1_130' title='bbox 3489 586 3610 644; x_wconf 75' lang='grc' dir='ltr'>εἷτά</span> <span class='ocrx_word' id='word_1_131' title='bbox 3653 605 3708 643; x_wconf 81' lang='grc' dir='ltr'><strong>τι</strong></span> <span class='ocrx_word' id='word_1_132' title='bbox 3756 589 3884 642; x_wconf 80' lang='grc' dir='ltr'><strong>τῶν</strong></span> 
     </span>
    </p>
   </div>
   <div class='ocr_carea' id='block_1_22' title="bbox 2284 683 3884 756">
    <p class='ocr_par' dir='ltr' id='par_1_22' title="bbox 2284 683 3884 756">
     <span class='ocr_line' id='line_1_22' title="bbox 2284 683 3884 756; baseline -0.001 -18"><span class='ocrx_word' id='word_1_133' title='bbox 2284 685 2506 754; x_wconf 79' lang='grc' dir='ltr'><strong>ἀγαθῶν</strong></span> <span class='ocrx_word' id='word_1_134' title='bbox 2569 687 2665 740; x_wconf 60' lang='grc' dir='ltr'><strong>καῖ⁵</strong></span> <span class='ocrx_word' id='word_1_135' title='bbox 2729 687 3168 756; x_wconf 76' lang='grc' dir='ltr'><strong>ἀναγκαιοτέρων</strong></span> <span class='ocrx_word' id='word_1_136' title='bbox 3224 685 3550 756; x_wconf 76' lang='grc' dir='ltr'><strong>ἀφανίζηται</strong></span> <span class='ocrx_word' id='word_1_137' title='bbox 3624 683 3712 738; x_wconf 80' lang='grc' dir='ltr'><strong>διά</strong></span> <span class='ocrx_word' id='word_1_138' title='bbox 3769 684 3884 752; x_wconf 77' lang='grc' dir='ltr'>τῆς</span> 
     </span>
    </p>
   </div>
   <div class='ocr_carea' id='block_1_23' title="bbox 2284 777 3882 850">
    <p class='ocr_par' dir='ltr' id='par_1_23' title="bbox 2284 777 3882 850">
     <span class='ocr_line' id='line_1_23' title="bbox 2284 777 3882 850; baseline -0.002 -19"><span class='ocrx_word' id='word_1_139' title='bbox 2284 779 2606 843; x_wconf 83' lang='grc' dir='ltr'>ἐνστάσειυς,</span> <span class='ocrx_word' id='word_1_140' title='bbox 2661 779 2967 848; x_wconf 66' lang='grc' dir='ltr'>ἐπαθρείτω</span> <span class='ocrx_word' id='word_1_141' title='bbox 3014 779 3101 834; x_wconf 76' lang='grc' dir='ltr'><strong>διὰ</strong></span> <span class='ocrx_word' id='word_1_142' title='bbox 3153 779 3264 833; x_wconf 86' lang='grc' dir='ltr'><strong>τῶν</strong></span> <span class='ocrx_word' id='word_1_143' title='bbox 3307 778 3722 850; x_wconf 86' lang='grc' dir='ltr'>προκειμένων,</span> <span class='ocrx_word' id='word_1_144' title='bbox 3788 777 3882 829; x_wconf 81' lang='grc' dir='ltr'>ὅτι</span> 
     </span>
    </p>
   </div>
   <div class='ocr_carea' id='block_1_24' title="bbox 2284 869 3884 942">
    <p class='ocr_par' dir='ltr' id='par_1_24' title="bbox 2284 869 3884 942">
     <span class='ocr_line' id='line_1_24' title="bbox 2284 869 3884 942; baseline 0.001 -20"><span class='ocrx_word' id='word_1_145' title='bbox 2284 869 2418 923; x_wconf 84' lang='grc' dir='ltr'><strong>πολὺ</strong></span> <span class='ocrx_word' id='word_1_146' title='bbox 2443 870 2563 924; x_wconf 89' lang='grc' dir='ltr'>λίαν</span> <span class='ocrx_word' id='word_1_147' title='bbox 2594 873 2650 924; x_wconf 75' lang='grc' dir='ltr'>ἐν</span> <span class='ocrx_word' id='word_1_148' title='bbox 2678 871 2923 942; x_wconf 70' lang='grc' dir='ltr'>ἀμείνοσι</span> <span class='ocrx_word' id='word_1_149' title='bbox 2960 872 3020 925; x_wconf 75' lang='grc' dir='ltr'>τὸ</span> <span class='ocrx_word' id='word_1_150' title='bbox 3049 871 3124 942; x_wconf 82' lang='grc' dir='ltr'>μὴ</span> <span class='ocrx_word' id='word_1_151' title='bbox 3168 871 3345 939; x_wconf 88' lang='grc' dir='ltr'>λέγειν</span> <span class='ocrx_word' id='word_1_152' title='bbox 3381 870 3567 934; x_wconf 81' lang='grc' dir='ltr'>ἁπλῶς</span> <span class='ocrx_word' id='word_1_153' title='bbox 3622 869 3716 923; x_wconf 75' lang='grc' dir='ltr'>καὶ</span> <span class='ocrx_word' id='word_1_154' title='bbox 3749 869 3884 923; x_wconf 82' lang='grc' dir='ltr'>δια-</span> 
     </span>
    </p>
   </div>
   <div class='ocr_carea' id='block_1_25' title="bbox 2283 960 3882 1035">
    <p class='ocr_par' dir='ltr' id='par_1_25' title="bbox 2283 960 3882 1035">
     <span class='ocr_line' id='line_1_25' title="bbox 2283 960 3882 1035; baseline -0.001 -22"><span class='ocrx_word' id='word_1_155' title='bbox 2283 961 2547 1014; x_wconf 87' lang='grc' dir='ltr'>τείνεσθαι</span> <span class='ocrx_word' id='word_1_156' title='bbox 2581 963 2776 1034; x_wconf 91' lang='grc' dir='ltr'>μάτην,</span> <span class='ocrx_word' id='word_1_157' title='bbox 2809 965 2889 1017; x_wconf 86' lang='grc' dir='ltr'>ὃτι</span> <span class='ocrx_word' id='word_1_158' title='bbox 2914 964 3160 1028; x_wconf 79' lang='grc' dir='ltr'>δεδωκὼς</span> <span class='ocrx_word' id='word_1_159' title='bbox 3196 965 3278 1035; x_wconf 79' lang='grc' dir='ltr'>εἴη</span> <span class='ocrx_word' id='word_1_160' title='bbox 3306 964 3480 1032; x_wconf 89' lang='grc' dir='ltr'>λόγον,</span> <span class='ocrx_word' id='word_1_161' title='bbox 3510 963 3769 1034; x_wconf 88' lang='grc' dir='ltr'>πράττειν</span> <span class='ocrx_word' id='word_1_162' title='bbox 3816 960 3882 1012; x_wconf 74' lang='grc' dir='ltr'>δὲ</span> 
     </span>
    </p>
   </div>
   <div class='ocr_carea' id='block_1_26' title="bbox 2286 1049 3880 1127">
    <p class='ocr_par' dir='ltr' id='par_1_26' title="bbox 2286 1049 3880 1127">
     <span class='ocr_line' id='line_1_26' title="bbox 2286 1049 3880 1127; baseline -0.002 -20"><span class='ocrx_word' id='word_1_163' title='bbox 2286 1054 2486 1124; x_wconf 80' lang='grc' dir='ltr'>μᾶλλον</span> <span class='ocrx_word' id='word_1_164' title='bbox 2533 1056 2847 1125; x_wconf 86' lang='grc' dir='ltr'>ἐπείγεσθαι</span> <span class='ocrx_word' id='word_1_165' title='bbox 2885 1056 2946 1109; x_wconf 76' lang='grc' dir='ltr'>τὸ</span> <span class='ocrx_word' id='word_1_166' title='bbox 2974 1055 3267 1118; x_wconf 86' lang='grc' dir='ltr'>λυσιτελές.</span> <span class='ocrx_word' id='word_1_167' title='bbox 3324 1057 3583 1127; x_wconf 83' lang='grc' dir='ltr'>Κρείττον</span> <span class='ocrx_word' id='word_1_168' title='bbox 3625 1055 3754 1123; x_wconf 79' lang='grc' dir='ltr'>γὰρ,</span> <span class='ocrx_word' id='word_1_169' title='bbox 3787 1049 3880 1105; x_wconf 77' lang='grc' dir='ltr'><strong>οἷ-</strong></span> 
     </span>
    </p>
   </div>
   <div class='ocr_carea' id='block_1_27' title="bbox 2286 1145 3879 1216">
    <p class='ocr_par' dir='ltr' id='par_1_27' title="bbox 2286 1145 3879 1216">
     <span class='ocr_line' id='line_1_27' title="bbox 2286 1145 3879 1216; baseline -0.001 -19"><span class='ocrx_word' id='word_1_170' title='bbox 2286 1162 2402 1215; x_wconf 88' lang='grc' dir='ltr'>μαι,</span> <span class='ocrx_word' id='word_1_171' title='bbox 2435 1148 2542 1210; x_wconf 70' lang='grc' dir='ltr'>πᾶς</span> <span class='ocrx_word' id='word_1_172' title='bbox 2581 1163 2666 1209; x_wconf 70' lang='grc' dir='ltr'><strong>τις⁹</strong></span> <span class='ocrx_word' id='word_1_173' title='bbox 2710 1147 2844 1216; x_wconf 90' lang='grc' dir='ltr'>ἐρεῖ,</span> <span class='ocrx_word' id='word_1_174' title='bbox 2897 1146 2955 1199; x_wconf 88' lang='grc' dir='ltr'><strong>ἐν</strong></span> <span class='ocrx_word' id='word_1_175' title='bbox 3004 1146 3183 1215; x_wconf 82' lang='grc' dir='ltr'>λόγοις</span> <span class='ocrx_word' id='word_1_176' title='bbox 3232 1147 3376 1215; x_wconf 74' lang='grc' dir='ltr'>ἡμᾶς</span> <span class='ocrx_word' id='word_1_177' title='bbox 3411 1145 3698 1215; x_wconf 79' lang='grc' dir='ltr'>ὑπομεῖναι</span> <span class='ocrx_word' id='word_1_178' title='bbox 3726 1160 3879 1214; x_wconf 80' lang='grc' dir='ltr'>γρα-</span> 
     </span>
    </p>
   </div>
   <div class='ocr_carea' id='block_1_28' title="bbox 2280 1237 3875 1310">
    <p class='ocr_par' dir='ltr' id='par_1_28' title="bbox 2280 1237 3875 1310">
     <span class='ocr_line' id='line_1_28' title="bbox 2280 1237 3875 1310; baseline -0.004 -13"><span class='ocrx_word' id='word_1_179' title='bbox 2280 1238 2470 1310; x_wconf 53' lang='grc' dir='ltr'>φθιψῆ</span> <span class='ocrx_word' id='word_1_180' title='bbox 2522 1240 2868 1310; x_wconf 80' lang='grc' dir='ltr'>πραγμάτων</span> <span class='ocrx_word' id='word_1_181' title='bbox 2919 1239 3232 1308; x_wconf 84' lang='grc' dir='ltr'>ἀναγκαίων</span> <span class='ocrx_word' id='word_1_182' title='bbox 3278 1237 3479 1307; x_wconf 74' lang='grc' dir='ltr'>ζημίαν</span> <span class='ocrx_word' id='word_1_183' title='bbox 3514 1237 3875 1306; x_wconf 76' lang='grc' dir='ltr'>ὑφίστασθαι.</span> 
     </span>
    </p>
   </div>
   <div class='ocr_carea' id='block_1_29' title="bbox 2293 1327 3880 1403">
    <p class='ocr_par' dir='ltr' id='par_1_29' title="bbox 2293 1327 3880 1403">
     <span class='ocr_line' id='line_1_29' title="bbox 2293 1327 3880 1403; baseline -0.001 -20"><span class='ocrx_word' id='word_1_184' title='bbox 2293 1331 2538 1384; x_wconf 82' lang='grc' dir='ltr'>Ἀπέστω</span> <span class='ocrx_word' id='word_1_185' title='bbox 2570 1330 2624 1384; x_wconf 80' lang='grc' dir='ltr'>δὲ</span> <span class='ocrx_word' id='word_1_186' title='bbox 2653 1331 2898 1401; x_wconf 75' lang='grc' dir='ltr'>γλώττης</span> <span class='ocrx_word' id='word_1_187' title='bbox 2935 1332 3032 1402; x_wconf 81' lang='grc' dir='ltr'>τῆς</span> <span class='ocrx_word' id='word_1_188' title='bbox 3065 1331 3339 1403; x_wconf 80' lang='grc' dir='ltr'>ἡμετέρας</span> <span class='ocrx_word' id='word_1_189' title='bbox 3371 1331 3430 1383; x_wconf 80' lang='grc' dir='ltr'>τὸ</span> <span class='ocrx_word' id='word_1_190' title='bbox 3471 1327 3699 1400; x_wconf 79' lang='grc' dir='ltr'>ὀμνύναι</span> <span class='ocrx_word' id='word_1_191' title='bbox 3731 1347 3880 1382; x_wconf 81' lang='grc' dir='ltr'>παν-</span> 
     </span>
    </p>
   </div>
   <div class='ocr_carea' id='block_1_30' title="bbox 2279 1417 3873 1492">
    <p class='ocr_par' dir='ltr' id='par_1_30' title="bbox 2279 1417 3873 1492">
     <span class='ocr_line' id='line_1_30' title="bbox 2279 1417 3873 1492; baseline -0.003 -18"><span class='ocrx_word' id='word_1_192' title='bbox 2279 1420 2468 1484; x_wconf 82' lang='grc' dir='ltr'>τελῶς,</span> <span class='ocrx_word' id='word_1_193' title='bbox 2502 1421 2588 1474; x_wconf 76' lang='grc' dir='ltr'><strong>διὰ</strong></span> <span class='ocrx_word' id='word_1_194' title='bbox 2635 1421 2732 1485; x_wconf 77' lang='grc' dir='ltr'><strong>τὰς</strong></span> <span class='ocrx_word' id='word_1_195' title='bbox 2784 1420 3106 1492; x_wconf 80' lang='grc' dir='ltr'>προχείρους</span> <span class='ocrx_word' id='word_1_196' title='bbox 3149 1437 3206 1473; x_wconf 91' lang='grc' dir='ltr'><strong>τε</strong></span> <span class='ocrx_word' id='word_1_197' title='bbox 3259 1419 3352 1472; x_wconf 74' lang='grc' dir='ltr'>καὶ</span> <span class='ocrx_word' id='word_1_198' title='bbox 3385 1417 3443 1485; x_wconf 77' lang='grc' dir='ltr'><strong>ἐξ</strong></span> <span class='ocrx_word' id='word_1_199' title='bbox 3485 1418 3706 1491; x_wconf 81' lang='grc' dir='ltr'>ἀκρίτου</span> <span class='ocrx_word' id='word_1_200' title='bbox 3743 1417 3873 1470; x_wconf 83' lang='grc' dir='ltr'>δια-</span> 
     </span>
    </p>
   </div>
   <div class='ocr_carea' id='block_1_31' title="bbox 2279 1505 3872 1580">
    <p class='ocr_par' dir='ltr' id='par_1_31' title="bbox 2279 1505 3872 1580">
     <span class='ocr_line' id='line_1_31' title="bbox 2279 1505 3872 1580; baseline -0.004 -16"><span class='ocrx_word' id='word_1_201' title='bbox 2279 1513 2424 1576; x_wconf 87' lang='grc' dir='ltr'>νοίας</span> <span class='ocrx_word' id='word_1_202' title='bbox 2459 1513 2662 1580; x_wconf 73' lang='grc' dir='ltr'>φωνὰς.</span> <span class='ocrx_word' id='word_1_203' title='bbox 2710 1512 2804 1564; x_wconf 75' lang='grc' dir='ltr'>καὶ</span> <span class='ocrx_word' id='word_1_204' title='bbox 2853 1512 2950 1574; x_wconf 79' lang='grc' dir='ltr'><strong>τὰς</strong></span> <span class='ocrx_word' id='word_1_205' title='bbox 3000 1510 3109 1563; x_wconf 77' lang='grc' dir='ltr'>ἐσθ’</span> <span class='ocrx_word' id='word_1_206' title='bbox 3145 1510 3232 1562; x_wconf 83' lang='grc' dir='ltr'>ὅτε</span> <span class='ocrx_word' id='word_1_207' title='bbox 3267 1508 3669 1578; x_wconf 76' lang='grc' dir='ltr'>συμὸαινούσας</span> <span class='ocrx_word' id='word_1_208' title='bbox 3695 1507 3772 1570; x_wconf 84' lang='grc' dir='ltr'>ὡς</span> <span class='ocrx_word' id='word_1_209' title='bbox 3806 1505 3872 1570; x_wconf 78' lang='grc' dir='ltr'>ἐξ</span> 
     </span>
    </p>
   </div>
   <div class='ocr_carea' id='block_1_32' title="bbox 2277 1598 3872 1674">
    <p class='ocr_par' dir='ltr' id='par_1_32' title="bbox 2277 1598 3872 1674">
     <span class='ocr_line' id='line_1_32' title="bbox 2277 1598 3872 1674; baseline -0.004 -17"><span class='ocrx_word' id='word_1_210' title='bbox 2277 1604 2523 1672; x_wconf 76' lang='grc' dir='ltr'>ἀνάγκης</span> <span class='ocrx_word' id='word_1_211' title='bbox 2551 1603 2871 1674; x_wconf 76' lang='grc' dir='ltr'>μεταϐολάς.</span> <span class='ocrx_word' id='word_1_212' title='bbox 2907 1601 3091 1666; x_wconf 75' lang='grc' dir='ltr'>’Ἄξιον</span> <span class='ocrx_word' id='word_1_213' title='bbox 3119 1601 3216 1672; x_wconf 81' lang='grc' dir='ltr'>μὲν</span> <span class='ocrx_word' id='word_1_214' title='bbox 3241 1601 3348 1671; x_wconf 80' lang='grc' dir='ltr'><strong>γὰρ</strong></span> <span class='ocrx_word' id='word_1_215' title='bbox 3377 1599 3472 1653; x_wconf 77' lang='grc' dir='ltr'>καὶ</span> <span class='ocrx_word' id='word_1_216' title='bbox 3501 1598 3872 1668; x_wconf 74' lang='grc' dir='ltr'>ἀξιοζήλωτον</span> 
     </span>
    </p>
   </div>
   <div class='ocr_carea' id='block_1_33' title="bbox 2276 1692 3872 1767">
    <p class='ocr_par' dir='ltr' id='par_1_33' title="bbox 2276 1692 3872 1767">
     <span class='ocr_line' id='line_1_33' title="bbox 2276 1692 3872 1767; baseline -0.005 -18"><span class='ocrx_word' id='word_1_217' title='bbox 2276 1697 2441 1758; x_wconf 77' lang='grc' dir='ltr'>ὅντως</span> <span class='ocrx_word' id='word_1_218' title='bbox 2469 1697 2584 1767; x_wconf 82' lang='grc' dir='ltr'>ἐρεῖ</span> <span class='ocrx_word' id='word_1_219' title='bbox 2610 1712 2694 1758; x_wconf 90' lang='grc' dir='ltr'><strong>τις</strong></span> <span class='ocrx_word' id='word_1_220' title='bbox 2725 1695 2786 1746; x_wconf 81' lang='grc' dir='ltr'>τὸ</span> <span class='ocrx_word' id='word_1_221' title='bbox 2816 1693 3059 1762; x_wconf 84' lang='grc' dir='ltr'>γλῶτταν</span> <span class='ocrx_word' id='word_1_222' title='bbox 3090 1693 3232 1763; x_wconf 76' lang='grc' dir='ltr'>ἔχειν</span> <span class='ocrx_word' id='word_1_223' title='bbox 3262 1692 3621 1762; x_wconf 75' lang='grc' dir='ltr'>ἐπιστήμονα,</span> <span class='ocrx_word' id='word_1_224' title='bbox 3657 1692 3751 1743; x_wconf 77' lang='grc' dir='ltr'>καὶ</span> <span class='ocrx_word' id='word_1_225' title='bbox 3783 1693 3872 1755; x_wconf 83' lang='grc' dir='ltr'><strong>είς</strong></span> 
     </span>
    </p>
   </div>
   <div class='ocr_carea' id='block_1_34' title="bbox 2276 1782 3872 1859">
    <p class='ocr_par' dir='ltr' id='par_1_34' title="bbox 2276 1782 3872 1859">
     <span class='ocr_line' id='line_1_34' title="bbox 2276 1782 3872 1859; baseline -0.004 -17"><span class='ocrx_word' id='word_1_226' title='bbox 2276 1788 2311 1842; x_wconf 84' lang='grc' dir='ltr'><strong>δι</strong></span> <span class='ocrx_word' id='word_1_227' title='bbox 2339 1787 2412 1859; x_wconf 83' lang='grc' dir='ltr'>μὴ</span> <span class='ocrx_word' id='word_1_228' title='bbox 2441 1789 2715 1859; x_wconf 76' lang='grc' dir='ltr'>προσῆκεν</span> <span class='ocrx_word' id='word_1_229' title='bbox 2750 1787 2997 1854; x_wconf 80' lang='grc' dir='ltr'>ὀλιγάκις</span> <span class='ocrx_word' id='word_1_230' title='bbox 3039 1785 3516 1838; x_wconf 88' lang='grc' dir='ltr'>διολισθαίνουσαν.</span> <span class='ocrx_word' id='word_1_231' title='bbox 3555 1782 3776 1852; x_wconf 78' lang='grc' dir='ltr'>Ἐπειδὴ</span> <span class='ocrx_word' id='word_1_232' title='bbox 3808 1782 3872 1835; x_wconf 63' lang='grc' dir='ltr'><strong>δέ</strong></span> 
     </span>
    </p>
   </div>
   <div class='ocr_carea' id='block_1_35' title="bbox 604 1863 2170 1949">
    <p class='ocr_par' dir='ltr' id='par_1_35' title="bbox 604 1877 2170 1948">
     <span class='ocr_line' id='line_1_35' title="bbox 604 1877 2170 1948; baseline 0.001 -20"><span class='ocrx_word' id='word_1_233' title='bbox 604 1883 821 1944; x_wconf 90' lang='lat' dir='ltr'><strong>tempus</strong></span> <span class='ocrx_word' id='word_1_234' title='bbox 851 1877 1166 1948; x_wconf 84' lang='lat' dir='ltr'><strong>contigerit,</strong></span> <span class='ocrx_word' id='word_1_235' title='bbox 1209 1879 1390 1932; x_wconf 91' lang='lat' dir='ltr'><strong>minor</strong></span> <span class='ocrx_word' id='word_1_236' title='bbox 1423 1879 1527 1933; x_wconf 93' lang='lat' dir='ltr'><strong>erit</strong></span> <span class='ocrx_word' id='word_1_237' title='bbox 1551 1879 1734 1948; x_wconf 87' lang='lat' dir='ltr'><strong>culpa,</strong></span> <span class='ocrx_word' id='word_1_238' title='bbox 1766 1886 1819 1932; x_wconf 90' lang='lat' dir='ltr'><strong>et</strong></span> <span class='ocrx_word' id='word_1_239' title='bbox 1852 1879 2036 1932; x_wconf 86' lang='lat' dir='ltr'><strong>minus</strong></span> <span class='ocrx_word' id='word_1_240' title='bbox 2070 1877 2170 1931; x_wconf 85' lang='lat' dir='ltr'><strong>erit</strong></span> 
     </span>
    </p>
   </div>
   <div class='ocr_carea' id='block_1_36' title="bbox 2272 1863 3870 1949">
    <p class='ocr_par' dir='ltr' id='par_1_36' title="bbox 2279 1873 3870 1949">
     <span class='ocr_line' id='line_1_36' title="bbox 2279 1873 3870 1949; baseline -0.003 -19"><span class='ocrx_word' id='word_1_241' title='bbox 2279 1879 2336 1930; x_wconf 83' lang='grc' dir='ltr'>τὸ</span> <span class='ocrx_word' id='word_1_242' title='bbox 2364 1881 2595 1949; x_wconf 81' lang='grc' dir='ltr'>πρᾶγμα</span> <span class='ocrx_word' id='word_1_243' title='bbox 2624 1875 3129 1945; x_wconf 77' lang='grc' dir='ltr'>δυσκαταγώνιστον</span> <span class='ocrx_word' id='word_1_244' title='bbox 3188 1878 3282 1929; x_wconf 76' lang='grc' dir='ltr'>καὶ</span> <span class='ocrx_word' id='word_1_245' title='bbox 3316 1875 3476 1938; x_wconf 79' lang='grc' dir='ltr'>αὑτὸς</span> <span class='ocrx_word' id='word_1_246' title='bbox 3508 1875 3638 1945; x_wconf 82' lang='grc' dir='ltr'>ἡμῖν</span> <span class='ocrx_word' id='word_1_247' title='bbox 3664 1876 3691 1928; x_wconf 85' lang='grc' dir='ltr'><strong>ὑ</strong></span> <span class='ocrx_word' id='word_1_248' title='bbox 3718 1873 3870 1937; x_wconf 84' lang='grc' dir='ltr'>θεῖος</span> 
     </span>
    </p>
   </div>
   <div class='ocr_carea' id='block_1_37' title="bbox 606 1965 2178 2036">
    <p class='ocr_par' dir='ltr' id='par_1_37' title="bbox 606 1965 2178 2036">
     <span class='ocr_line' id='line_1_37' title="bbox 606 1965 2178 2036; baseline 0.003 -18"><span class='ocrx_word' id='word_1_249' title='bbox 606 1966 659 2018; x_wconf 77' lang='lat' dir='ltr'><strong>in</strong></span> <span class='ocrx_word' id='word_1_250' title='bbox 703 1965 856 2036; x_wconf 89' lang='lat' dir='ltr'><strong>lapsu</strong></span> <span class='ocrx_word' id='word_1_251' title='bbox 882 1967 1350 2036; x_wconf 81' lang='lat' dir='ltr'><strong>reprehensionis,</strong></span> <span class='ocrx_word' id='word_1_252' title='bbox 1385 1967 1481 2022; x_wconf 89' lang='lat' dir='ltr'><strong>sed</strong></span> <span class='ocrx_word' id='word_1_253' title='bbox 1519 1967 1699 2032; x_wconf 80' lang='lat' dir='ltr'><strong>facile,</strong></span> <span class='ocrx_word' id='word_1_254' title='bbox 1734 1975 1794 2022; x_wconf 92' lang='lat' dir='ltr'><strong>ut</strong></span> <span class='ocrx_word' id='word_1_255' title='bbox 1827 1982 1974 2030; x_wconf 90' lang='lat' dir='ltr'><strong>reor,</strong></span> <span class='ocrx_word' id='word_1_256' title='bbox 2008 1982 2035 2018; x_wconf 90' lang='lat' dir='ltr'><strong>a</strong></span> <span class='ocrx_word' id='word_1_257' title='bbox 2071 1965 2178 2022; x_wconf 90' lang='lat' dir='ltr'><strong>Deo</strong></span> 
     </span>
    </p>
   </div>
   <div class='ocr_carea' id='block_1_38' title="bbox 2274 1964 3871 2038">
    <p class='ocr_par' dir='ltr' id='par_1_38' title="bbox 2274 1964 3871 2038">
     <span class='ocr_line' id='line_1_38' title="bbox 2274 1964 3871 2038; baseline -0.003 -18"><span class='ocrx_word' id='word_1_258' title='bbox 2274 1966 2559 2038; x_wconf 77' lang='grc' dir='ltr'>παρέδειξε</span> <span class='ocrx_word' id='word_1_259' title='bbox 2599 1967 2782 2036; x_wconf 77' lang='grc' dir='ltr'>λόγος’</span> <span class='ocrx_word' id='word_1_260' title='bbox 2819 1988 2834 2018; x_wconf 81' lang='grc' dir='ltr'><strong>ι</strong></span> <span class='ocrx_word' id='word_1_261' title='bbox 2873 1967 2983 2038; x_wconf 80' lang='grc' dir='ltr'><strong>Τὴν</strong></span> <span class='ocrx_word' id='word_1_262' title='bbox 3017 1966 3122 2037; x_wconf 86' lang='grc' dir='ltr'><strong>γάρ</strong></span> <span class='ocrx_word' id='word_1_263' title='bbox 3162 1965 3405 2034; x_wconf 82' lang='grc' dir='ltr'>γλῶτταν</span> <span class='ocrx_word' id='word_1_264' title='bbox 3436 1965 3610 2028; x_wconf 72' lang='grc' dir='ltr'>οὐδεὶς</span> <span class='ocrx_word' id='word_1_265' title='bbox 3637 1964 3871 2018; x_wconf 76' lang='grc' dir='ltr'>δύναται</span> 
     </span>
    </p>
   </div>
   <div class='ocr_carea' id='block_1_39' title="bbox 604 2057 2170 2131">
    <p class='ocr_par' dir='ltr' id='par_1_39' title="bbox 604 2057 2170 2129">
     <span class='ocr_line' id='line_1_39' title="bbox 604 2057 2170 2129; baseline 0.002 -20"><span class='ocrx_word' id='word_1_266' title='bbox 604 2057 816 2112; x_wconf 75' lang='lat' dir='ltr'><strong>veniam</strong></span> <span class='ocrx_word' id='word_1_267' title='bbox 858 2073 1285 2128; x_wconf 80' lang='lat' dir='ltr'><strong>consequemur,</strong></span> <span class='ocrx_word' id='word_1_268' title='bbox 1322 2059 1393 2113; x_wconf 91' lang='lat' dir='ltr'><strong>ob</strong></span> <span class='ocrx_word' id='word_1_269' title='bbox 1447 2060 1722 2113; x_wconf 87' lang='lat' dir='ltr'><strong>levitatem</strong></span> <span class='ocrx_word' id='word_1_270' title='bbox 1777 2073 1900 2129; x_wconf 69' lang='lat' dir='ltr'><strong>quae</strong></span> <span class='ocrx_word' id='word_1_271' title='bbox 1957 2064 2170 2112; x_wconf 81' lang='lat' dir='ltr'><strong>nostras</strong></span> 
     </span>
    </p>
   </div>
   <div class='ocr_carea' id='block_1_40' title="bbox 2272 2057 3867 2131">
    <p class='ocr_par' dir='ltr' id='par_1_40' title="bbox 2274 2057 3867 2131">
     <span class='ocr_line' id='line_1_40' title="bbox 2274 2057 3867 2131; baseline -0.003 -18"><span class='ocrx_word' id='word_1_272' title='bbox 2274 2059 2574 2131; x_wconf 84' lang='grc' dir='ltr'>ἀνθρώπων</span> <span class='ocrx_word' id='word_1_273' title='bbox 2631 2061 2892 2131; x_wconf 79' lang='grc' dir='ltr'>δαμάσαι,</span> <span class='ocrx_word' id='word_1_274' title='bbox 2931 2081 2948 2112; x_wconf 72' lang='grc' dir='ltr'><strong>ι</strong></span> <span class='ocrx_word' id='word_1_275' title='bbox 2989 2060 3130 2113; x_wconf 85' lang='grc' dir='ltr'><strong>κατά</strong></span> <span class='ocrx_word' id='word_1_276' title='bbox 3190 2061 3250 2112; x_wconf 84' lang='grc' dir='ltr'>τὸ</span> <span class='ocrx_word' id='word_1_277' title='bbox 3307 2057 3625 2130; x_wconf 76' lang='grc' dir='ltr'>εἰρημένον·</span> <span class='ocrx_word' id='word_1_278' title='bbox 3679 2058 3867 2127; x_wconf 83' lang='grc' dir='ltr'>ὅρκων</span> 
     </span>
    </p>
   </div>
   <div class='ocr_carea' id='block_1_41' title="bbox 602 2139 2170 2223">
    <p class='ocr_par' dir='ltr' id='par_1_41' title="bbox 602 2147 2170 2218">
     <span class='ocr_line' id='line_1_41' title="bbox 602 2147 2170 2218; baseline 0 -16"><span class='ocrx_word' id='word_1_279' title='bbox 602 2148 960 2218; x_wconf 74' lang='lat' dir='ltr'><strong>cogitationes</strong></span> <span class='ocrx_word' id='word_1_280' title='bbox 992 2149 1109 2205; x_wconf 77' lang='lat' dir='ltr'><strong>fere</strong></span> <span class='ocrx_word' id='word_1_281' title='bbox 1157 2150 1475 2205; x_wconf 87' lang='lat' dir='ltr'><strong>comitatur.</strong></span> <span class='ocrx_word' id='word_1_282' title='bbox 1520 2167 1538 2202; x_wconf 74' lang='grc' dir='ltr'><strong>ι</strong></span> <span class='ocrx_word' id='word_1_283' title='bbox 1585 2148 1798 2204; x_wconf 85' lang='lat' dir='ltr'><strong>Delicta</strong></span> <span class='ocrx_word' id='word_1_284' title='bbox 1838 2148 1985 2202; x_wconf 91' lang='lat' dir='ltr'><strong>enim</strong></span> <span class='ocrx_word' id='word_1_285' title='bbox 2052 2147 2170 2217; x_wconf 82' lang='lat' dir='ltr'><strong>quis</strong></span> 
     </span>
    </p>
   </div>
   <div class='ocr_carea' id='block_1_42' title="bbox 2272 2139 3866 2223">
    <p class='ocr_par' dir='ltr' id='par_1_42' title="bbox 2273 2139 3866 2223">
     <span class='ocr_line' id='line_1_42' title="bbox 2273 2139 3866 2223; baseline -0.003 -18"><span class='ocrx_word' id='word_1_286' title='bbox 2273 2153 2564 2223; x_wconf 76' lang='grc' dir='ltr'>ἐλευθέραν</span> <span class='ocrx_word' id='word_1_287' title='bbox 2594 2152 2692 2222; x_wconf 81' lang='grc' dir='ltr'>τὴν</span> <span class='ocrx_word' id='word_1_288' title='bbox 2716 2152 2826 2204; x_wconf 81' lang='grc' dir='ltr'>τῶν</span> <span class='ocrx_word' id='word_1_289' title='bbox 2857 2152 3031 2219; x_wconf 88' lang='grc' dir='ltr'>λόγων</span> <span class='ocrx_word' id='word_1_290' title='bbox 3076 2149 3357 2221; x_wconf 85' lang='grc' dir='ltr'>ποιώμεθα</span> <span class='ocrx_word' id='word_1_291' title='bbox 3388 2147 3690 2221; x_wconf 72' lang='grc' dir='ltr'>προφορὰν.</span> <span class='ocrx_word' id='word_1_292' title='bbox 3722 2139 3866 2201; x_wconf 84' lang='grc' dir='ltr'>Τότέ</span> 
     </span>
    </p>
   </div>
   <div class='ocr_carea' id='block_1_43' title="bbox 605 2239 2170 2313">
    <p class='ocr_par' dir='ltr' id='par_1_43' title="bbox 605 2239 2170 2311">
     <span class='ocr_line' id='line_1_43' title="bbox 605 2239 2170 2311; baseline 0 -17"><span class='ocrx_word' id='word_1_293' title='bbox 605 2241 895 2311; x_wconf 88' lang='lat' dir='ltr'><strong>intelliget,</strong></span> <span class='ocrx_word' id='word_1_294' title='bbox 937 2261 954 2293; x_wconf 73' lang='grc' dir='ltr'><strong>ι</strong></span> <span class='ocrx_word' id='word_1_295' title='bbox 991 2251 1050 2295; x_wconf 92' lang='lat' dir='ltr'><strong>ut</strong></span> <span class='ocrx_word' id='word_1_296' title='bbox 1091 2241 1359 2311; x_wconf 85' lang='lat' dir='ltr'><strong>scriptum</strong></span> <span class='ocrx_word' id='word_1_297' title='bbox 1391 2242 1560 2306; x_wconf 83' lang='lat' dir='ltr'><strong>est&quot;,</strong></span> <span class='ocrx_word' id='word_1_298' title='bbox 1596 2247 1692 2295; x_wconf 92' lang='lat' dir='ltr'><strong>aut</strong></span> <span class='ocrx_word' id='word_1_299' title='bbox 1751 2239 2026 2311; x_wconf 84' lang='lat' dir='ltr'><strong>quomodo</strong></span> <span class='ocrx_word' id='word_1_300' title='bbox 2065 2257 2170 2295; x_wconf 89' lang='lat' dir='ltr'><strong>non</strong></span> 
     </span>
    </p>
   </div>
   <div class='ocr_carea' id='block_1_44' title="bbox 2272 2239 3866 2313">
    <p class='ocr_par' dir='ltr' id='par_1_44' title="bbox 2272 2241 3866 2313">
     <span class='ocr_line' id='line_1_44' title="bbox 2272 2241 3866 2313; baseline -0.003 -18"><span class='ocrx_word' id='word_1_301' title='bbox 2272 2243 2378 2313; x_wconf 83' lang='grc' dir='ltr'><strong>γάρ</strong></span> <span class='ocrx_word' id='word_1_302' title='bbox 2428 2242 2482 2295; x_wconf 82' lang='grc' dir='ltr'>ετ</span> <span class='ocrx_word' id='word_1_303' title='bbox 2519 2258 2571 2294; x_wconf 89' lang='grc' dir='ltr'><strong>τι</strong></span> <span class='ocrx_word' id='word_1_304' title='bbox 2631 2241 2726 2294; x_wconf 71' lang='grc' dir='ltr'>καὶ</span> <span class='ocrx_word' id='word_1_305' title='bbox 2764 2241 3052 2313; x_wconf 79' lang='grc' dir='ltr'>παρελθεῖν</span> <span class='ocrx_word' id='word_1_306' title='bbox 3091 2241 3398 2309; x_wconf 75' lang='grc' dir='ltr'>ἀναγκάσαι</span> <span class='ocrx_word' id='word_1_307' title='bbox 3451 2241 3659 2310; x_wconf 80' lang='grc' dir='ltr'>καιρὸς,</span> <span class='ocrx_word' id='word_1_308' title='bbox 3704 2242 3866 2310; x_wconf 90' lang='grc' dir='ltr'>μεῖον</span> 
     </span>
    </p>
   </div>
   <div class='ocr_carea' id='block_1_45' title="bbox 600 2330 2170 2404">
    <p class='ocr_par' dir='ltr' id='par_1_45' title="bbox 600 2332 2168 2402">
     <span class='ocr_line' id='line_1_45' title="bbox 600 2332 2168 2402; baseline 0.002 -17"><span class='ocrx_word' id='word_1_309' title='bbox 600 2333 868 2387; x_wconf 87' lang='lat' dir='ltr'><strong>ceciderit</strong></span> <span class='ocrx_word' id='word_1_310' title='bbox 904 2343 1158 2389; x_wconf 88' lang='lat' dir='ltr'><strong>terrenus</strong></span> <span class='ocrx_word' id='word_1_311' title='bbox 1198 2335 1386 2398; x_wconf 89' lang='lat' dir='ltr'><strong>homo,</strong></span> <span class='ocrx_word' id='word_1_312' title='bbox 1418 2348 1542 2387; x_wconf 83' lang='lat' dir='ltr'><strong>eum</strong></span> <span class='ocrx_word' id='word_1_313' title='bbox 1592 2348 1773 2389; x_wconf 88' lang='lat' dir='ltr'><strong>sermo</strong></span> <span class='ocrx_word' id='word_1_314' title='bbox 1834 2333 1888 2387; x_wconf 92' lang='lat' dir='ltr'><strong>in</strong></span> <span class='ocrx_word' id='word_1_315' title='bbox 1943 2332 2168 2402; x_wconf 81' lang='lat' dir='ltr'><strong>quidvis</strong></span> 
     </span>
    </p>
   </div>
   <div class='ocr_carea' id='block_1_46' title="bbox 2272 2330 3864 2404">
    <p class='ocr_par' dir='ltr' id='par_1_46' title="bbox 2274 2330 3864 2404">
     <span class='ocr_line' id='line_1_46' title="bbox 2274 2330 3864 2404; baseline -0.003 -18"><span class='ocrx_word' id='word_1_316' title='bbox 2274 2333 2424 2388; x_wconf 80' lang='grc' dir='ltr'>ἔσται</span> <span class='ocrx_word' id='word_1_317' title='bbox 2455 2333 2516 2386; x_wconf 79' lang='grc' dir='ltr'>τὸ</span> <span class='ocrx_word' id='word_1_318' title='bbox 2545 2333 2925 2404; x_wconf 82' lang='grc' dir='ltr'>κατηγόρημα,</span> <span class='ocrx_word' id='word_1_319' title='bbox 2957 2333 3050 2385; x_wconf 78' lang='grc' dir='ltr'>καὶ</span> <span class='ocrx_word' id='word_1_320' title='bbox 3083 2331 3452 2404; x_wconf 82' lang='grc' dir='ltr'>μετριωτέραν</span> <span class='ocrx_word' id='word_1_321' title='bbox 3477 2331 3586 2396; x_wconf 77' lang='grc' dir='ltr'><strong>ἐξέι</strong></span> <span class='ocrx_word' id='word_1_322' title='bbox 3613 2330 3674 2383; x_wconf 86' lang='grc' dir='ltr'><strong>τδ</strong></span> <span class='ocrx_word' id='word_1_323' title='bbox 3707 2334 3864 2382; x_wconf 84' lang='grc' dir='ltr'>πταῖ-</span> 
     </span>
    </p>
   </div>
   <div class='ocr_carea' id='block_1_47' title="bbox 601 2420 2170 2496">
    <p class='ocr_par' dir='ltr' id='par_1_47' title="bbox 601 2421 2169 2496">
     <span class='ocr_line' id='line_1_47' title="bbox 601 2421 2169 2496; baseline 0.003 -22"><span class='ocrx_word' id='word_1_324' title='bbox 601 2421 760 2477; x_wconf 70' lang='lat' dir='ltr'><strong>facile</strong></span> <span class='ocrx_word' id='word_1_325' title='bbox 787 2426 1082 2494; x_wconf 82' lang='lat' dir='ltr'><strong>erumpat?</strong></span> <span class='ocrx_word' id='word_1_326' title='bbox 1109 2423 1318 2496; x_wconf 85' lang='lat' dir='ltr'><strong>Lingua</strong></span> <span class='ocrx_word' id='word_1_327' title='bbox 1375 2425 1522 2481; x_wconf 87' lang='lat' dir='ltr'><strong>enim</strong></span> <span class='ocrx_word' id='word_1_328' title='bbox 1556 2435 1747 2482; x_wconf 89' lang='lat' dir='ltr'><strong>nostra</strong></span> <span class='ocrx_word' id='word_1_329' title='bbox 1808 2425 1952 2479; x_wconf 92' lang='lat' dir='ltr'><strong>haud</strong></span> <span class='ocrx_word' id='word_1_330' title='bbox 2010 2423 2169 2478; x_wconf 83' lang='lat' dir='ltr'><strong>facile</strong></span> 
     </span>
    </p>
   </div>
   <div class='ocr_carea' id='block_1_48' title="bbox 2272 2420 3864 2496">
    <p class='ocr_par' dir='ltr' id='par_1_48' title="bbox 2275 2420 3864 2495">
     <span class='ocr_line' id='line_1_48' title="bbox 2275 2420 3864 2495; baseline 0.004 -26"><span class='ocrx_word' id='word_1_331' title='bbox 2275 2439 2388 2493; x_wconf 81' lang='grc' dir='ltr'><strong>σμα</strong></span> <span class='ocrx_word' id='word_1_332' title='bbox 2435 2424 2535 2493; x_wconf 70' lang='grc' dir='ltr'>τὴν</span> <span class='ocrx_word' id='word_1_333' title='bbox 2587 2425 2834 2495; x_wconf 81' lang='grc' dir='ltr'>γραφήν·</span> <span class='ocrx_word' id='word_1_334' title='bbox 2889 2423 3122 2486; x_wconf 80' lang='grc' dir='ltr'>εὐκόλως</span> <span class='ocrx_word' id='word_1_335' title='bbox 3158 2422 3203 2476; x_wconf 86' lang='grc' dir='ltr'>δ’</span> <span class='ocrx_word' id='word_1_336' title='bbox 3238 2421 3323 2486; x_wconf 79' lang='grc' dir='ltr'>ἂν,</span> <span class='ocrx_word' id='word_1_337' title='bbox 3377 2420 3548 2491; x_wconf 70' lang='grc' dir='ltr'>οἶμαι,</span> <span class='ocrx_word' id='word_1_338' title='bbox 3605 2421 3698 2474; x_wconf 71' lang='grc' dir='ltr'>καὶ</span> <span class='ocrx_word' id='word_1_339' title='bbox 3752 2420 3864 2491; x_wconf 81' lang='grc' dir='ltr'>τῆς</span> 
     </span>
    </p>
   </div>
   <div class='ocr_carea' id='block_1_49' title="bbox 600 2512 2170 2585">
    <p class='ocr_par' dir='ltr' id='par_1_49' title="bbox 600 2515 1084 2578">
     <span class='ocr_line' id='line_1_49' title="bbox 600 2515 1084 2578; baseline 0.014 -12"><span class='ocrx_word' id='word_1_340' title='bbox 600 2515 844 2571; x_wconf 76' lang='lat' dir='ltr'><strong>coerceri</strong></span> <span class='ocrx_word' id='word_1_341' title='bbox 881 2527 1084 2578; x_wconf 82' lang='lat' dir='ltr'><strong>potest.</strong></span> 
     </span>
    </p>
   </div>
   <div class='ocr_carea' id='block_1_50' title="bbox 2272 2512 3862 2585">
    <p class='ocr_par' dir='ltr' id='par_1_50' title="bbox 2272 2512 3862 2585">
     <span class='ocr_line' id='line_1_50' title="bbox 2272 2512 3862 2585; baseline -0.002 -19"><span class='ocrx_word' id='word_1_342' title='bbox 2272 2513 2425 2585; x_wconf 86' lang='grc' dir='ltr'><strong>παρά</strong></span> <span class='ocrx_word' id='word_1_343' title='bbox 2456 2512 2592 2567; x_wconf 87' lang='grc' dir='ltr'><strong>Θεοῦ</strong></span> <span class='ocrx_word' id='word_1_344' title='bbox 2626 2531 2709 2577; x_wconf 89' lang='grc' dir='ltr'><strong>τις</strong></span> <span class='ocrx_word' id='word_1_345' title='bbox 2739 2512 3065 2584; x_wconf 85' lang='grc' dir='ltr'>συγγνώμης</span> <span class='ocrx_word' id='word_1_346' title='bbox 3093 2513 3360 2578; x_wconf 80' lang='grc' dir='ltr'>τεύξεται,</span> <span class='ocrx_word' id='word_1_347' title='bbox 3388 2513 3474 2567; x_wconf 75' lang='grc' dir='ltr'><strong>διὰ</strong></span> <span class='ocrx_word' id='word_1_348' title='bbox 3502 2512 3599 2584; x_wconf 82' lang='grc' dir='ltr'><strong>τὴν</strong></span> <span class='ocrx_word' id='word_1_349' title='bbox 3623 2512 3707 2565; x_wconf 88' lang='grc' dir='ltr'><strong>ἀεί</strong></span> <span class='ocrx_word' id='word_1_350' title='bbox 3736 2527 3862 2574; x_wconf 81' lang='grc' dir='ltr'><strong>πως</strong></span> 
     </span>
    </p>
   </div>
   <div class='ocr_carea' id='block_1_51' title="bbox 599 2608 3856 2685">
    <p class='ocr_par' dir='ltr' id='par_1_51' title="bbox 599 2608 3856 2685">
     <span class='ocr_line' id='line_1_51' title="bbox 599 2608 3856 2685; baseline 0.002 -24"><span class='ocrx_word' id='word_1_351' title='bbox 599 2609 726 2677; x_wconf 69' lang='grc' dir='ltr'>ἡμῖν</span> <span class='ocrx_word' id='word_1_352' title='bbox 755 2612 1144 2684; x_wconf 82' lang='grc' dir='ltr'>παρεπομένην</span> <span class='ocrx_word' id='word_1_353' title='bbox 1172 2611 1279 2666; x_wconf 87' lang='grc' dir='ltr'><strong>τῶν</strong></span> <span class='ocrx_word' id='word_1_354' title='bbox 1305 2612 1578 2684; x_wconf 86' lang='grc' dir='ltr'>λογισμῶν</span> <span class='ocrx_word' id='word_1_355' title='bbox 1602 2612 1882 2685; x_wconf 63' lang='grc' dir='ltr'>ἐλαφρίαν.</span> <span class='ocrx_word' id='word_1_356' title='bbox 1920 2632 1938 2664; x_wconf 73' lang='grc' dir='ltr'><strong>ι</strong></span> <span class='ocrx_word' id='word_1_357' title='bbox 1980 2609 2414 2682; x_wconf 86' lang='grc' dir='ltr'>Παραπτώματα</span> <span class='ocrx_word' id='word_1_358' title='bbox 2447 2610 2555 2682; x_wconf 85' lang='grc' dir='ltr'><strong>γὰρ</strong></span> <span class='ocrx_word' id='word_1_359' title='bbox 2591 2610 2676 2674; x_wconf 90' lang='grc' dir='ltr'><strong>τίς</strong></span> <span class='ocrx_word' id='word_1_360' title='bbox 2746 2610 2996 2680; x_wconf 78' lang='grc' dir='ltr'>συνήσεις</span> <span class='ocrx_word' id='word_1_361' title='bbox 3035 2629 3052 2661; x_wconf 76' lang='grc' dir='ltr'><strong>ι</strong></span> <span class='ocrx_word' id='word_1_362' title='bbox 3115 2609 3255 2663; x_wconf 83' lang='grc' dir='ltr'>κατὰ</span> <span class='ocrx_word' id='word_1_363' title='bbox 3324 2610 3386 2662; x_wconf 78' lang='grc' dir='ltr'>τὸ</span> <span class='ocrx_word' id='word_1_364' title='bbox 3448 2608 3856 2680; x_wconf 78' lang='grc' dir='ltr'>γεγραμμένον.</span> 
     </span>
    </p>
   </div>
   <div class='ocr_carea' id='block_1_52' title="bbox 599 2701 3859 2776">
    <p class='ocr_par' dir='ltr' id='par_1_52' title="bbox 599 2701 3859 2776">
     <span class='ocr_line' id='line_1_52' title="bbox 599 2701 3859 2776; baseline 0 -24"><span class='ocrx_word' id='word_1_365' title='bbox 599 2701 640 2773; x_wconf 62' lang='grc' dir='ltr'><strong>ἦ</strong></span> <span class='ocrx_word' id='word_1_366' title='bbox 666 2702 781 2766; x_wconf 83' lang='grc' dir='ltr'>πῶς</span> <span class='ocrx_word' id='word_1_367' title='bbox 817 2703 916 2757; x_wconf 78' lang='grc' dir='ltr'><strong>οὑκ</strong></span> <span class='ocrx_word' id='word_1_368' title='bbox 955 2703 1021 2758; x_wconf 81' lang='grc' dir='ltr'>ἂν</span> <span class='ocrx_word' id='word_1_369' title='bbox 1065 2705 1358 2775; x_wconf 83' lang='grc' dir='ltr'>διαπταίσῃ</span> <span class='ocrx_word' id='word_1_370' title='bbox 1402 2707 1590 2776; x_wconf 79' lang='grc' dir='ltr'>γήϊνος</span> <span class='ocrx_word' id='word_1_371' title='bbox 1667 2705 1974 2776; x_wconf 77' lang='grc' dir='ltr'>ἄνθρωπος,</span> <span class='ocrx_word' id='word_1_372' title='bbox 2015 2703 2296 2774; x_wconf 84' lang='grc' dir='ltr'>λειοτάτην</span> <span class='ocrx_word' id='word_1_373' title='bbox 2344 2704 2558 2775; x_wconf 78' lang='grc' dir='ltr'>ἔχοντος</span> <span class='ocrx_word' id='word_1_374' title='bbox 2601 2703 2694 2758; x_wconf 77' lang='grc' dir='ltr'>τοῦ</span> <span class='ocrx_word' id='word_1_375' title='bbox 2746 2703 2905 2772; x_wconf 82' lang='grc' dir='ltr'>λόγου</span> <span class='ocrx_word' id='word_1_376' title='bbox 2952 2702 3051 2774; x_wconf 80' lang='grc' dir='ltr'>τὴν</span> <span class='ocrx_word' id='word_1_377' title='bbox 3099 2704 3180 2767; x_wconf 84' lang='grc' dir='ltr'><strong>είς</strong></span> <span class='ocrx_word' id='word_1_378' title='bbox 3257 2703 3435 2756; x_wconf 81' lang='grc' dir='ltr'>ὁτιοῦν</span> <span class='ocrx_word' id='word_1_379' title='bbox 3498 2703 3859 2774; x_wconf 76' lang='grc' dir='ltr'>ἀποδρομήνς</span> 
     </span>
    </p>
   </div>
   <div class='ocr_carea' id='block_1_53' title="bbox 598 2796 1850 2872">
    <p class='ocr_par' dir='ltr' id='par_1_53' title="bbox 598 2796 1850 2872">
     <span class='ocr_line' id='line_1_53' title="bbox 598 2796 1850 2872; baseline 0.003 -24"><span class='ocrx_word' id='word_1_380' title='bbox 598 2796 813 2852; x_wconf 85' lang='grc' dir='ltr'>Γλῶττα</span> <span class='ocrx_word' id='word_1_381' title='bbox 847 2799 952 2872; x_wconf 82' lang='grc' dir='ltr'><strong>γάρ</strong></span> <span class='ocrx_word' id='word_1_382' title='bbox 981 2800 1014 2869; x_wconf 81' lang='grc' dir='ltr'><strong>ἡ</strong></span> <span class='ocrx_word' id='word_1_383' title='bbox 1050 2800 1105 2854; x_wconf 80' lang='grc' dir='ltr'><strong>έν</strong></span> <span class='ocrx_word' id='word_1_384' title='bbox 1137 2801 1270 2870; x_wconf 74' lang='grc' dir='ltr'>ἡμῖν</span> <span class='ocrx_word' id='word_1_385' title='bbox 1298 2801 1359 2853; x_wconf 93' lang='grc' dir='ltr'><strong>οὑ</strong></span> <span class='ocrx_word' id='word_1_386' title='bbox 1395 2799 1513 2853; x_wconf 89' lang='grc' dir='ltr'>λίαν</span> <span class='ocrx_word' id='word_1_387' title='bbox 1539 2800 1850 2870; x_wconf 84' lang='grc' dir='ltr'>εὑκάτοχος.</span> 
     </span>
    </p>
   </div>
   <div class='ocr_carea' id='block_1_54' title="bbox 668 2885 2170 2958">
    <p class='ocr_par' dir='ltr' id='par_1_54' title="bbox 668 2888 2168 2958">
     <span class='ocr_line' id='line_1_54' title="bbox 668 2888 2168 2958; baseline 0 -16"><span class='ocrx_word' id='word_1_388' title='bbox 668 2888 809 2955; x_wconf 72' lang='grc' dir='ltr'>Χιιι,</span> <span class='ocrx_word' id='word_1_389' title='bbox 853 2890 937 2951; x_wconf 88' lang='lat' dir='ltr'><strong>l0,</strong></span> <span class='ocrx_word' id='word_1_390' title='bbox 972 2891 1056 2944; x_wconf 81' lang='lat' dir='ltr'><strong>ll.</strong></span> <span class='ocrx_word' id='word_1_391' title='bbox 1095 2888 1232 2943; x_wconf 88' lang='lat' dir='ltr'><strong>Dicit</strong></span> <span class='ocrx_word' id='word_1_392' title='bbox 1257 2891 1304 2944; x_wconf 90' lang='lat' dir='ltr'><strong>ei</strong></span> <span class='ocrx_word' id='word_1_393' title='bbox 1335 2889 1528 2945; x_wconf 74' lang='lat' dir='ltr'><strong>Iesus:</strong></span> <span class='ocrx_word' id='word_1_394' title='bbox 1562 2891 1668 2958; x_wconf 85' lang='lat' dir='ltr'><strong>Qui</strong></span> <span class='ocrx_word' id='word_1_395' title='bbox 1719 2893 1859 2944; x_wconf 82' lang='lat' dir='ltr'><strong>lotus</strong></span> <span class='ocrx_word' id='word_1_396' title='bbox 1912 2901 2014 2953; x_wconf 89' lang='lat' dir='ltr'><strong>est,</strong></span> <span class='ocrx_word' id='word_1_397' title='bbox 2068 2906 2168 2943; x_wconf 85' lang='lat' dir='ltr'><strong>non</strong></span> 
     </span>
    </p>
   </div>
   <div class='ocr_carea' id='block_1_55' title="bbox 2272 2885 3864 2958">
    <p class='ocr_par' dir='ltr' id='par_1_55' title="bbox 2345 2885 3864 2958">
     <span class='ocr_line' id='line_1_55' title="bbox 2345 2885 3864 2958; baseline 0.002 -17"><span class='ocrx_word' id='word_1_398' title='bbox 2345 2885 2512 2956; x_wconf 77' lang='grc' dir='ltr'>Λέγει</span> <span class='ocrx_word' id='word_1_399' title='bbox 2539 2885 2698 2950; x_wconf 81' lang='grc' dir='ltr'>αὐτῷ</span> <span class='ocrx_word' id='word_1_400' title='bbox 2728 2888 2761 2940; x_wconf 82' lang='grc' dir='ltr'><strong>ό</strong></span> <span class='ocrx_word' id='word_1_401' title='bbox 2794 2885 3023 2954; x_wconf 81' lang='grc' dir='ltr'>Ἰησοῦς</span> <span class='ocrx_word' id='word_1_402' title='bbox 3041 2904 3054 2917; x_wconf 93' lang='grc'><strong>·</strong></span> <span class='ocrx_word' id='word_1_403' title='bbox 3085 2887 3138 2938; x_wconf 92' lang='grc' dir='ltr'>Ὀ</span> <span class='ocrx_word' id='word_1_404' title='bbox 3159 2887 3528 2956; x_wconf 68' lang='grc' dir='ltr'>λελουμένος</span> <span class='ocrx_word' id='word_1_405' title='bbox 3555 2889 3626 2942; x_wconf 84' lang='grc' dir='ltr'>οὐ</span> <span class='ocrx_word' id='word_1_406' title='bbox 3645 2889 3864 2958; x_wconf 73' lang='grc' dir='ltr'>χρείαν</span> 
     </span>
    </p>
   </div>
   <div class='ocr_carea' id='block_1_56' title="bbox 599 2978 2170 3052">
    <p class='ocr_par' dir='ltr' id='par_1_56' title="bbox 599 2981 2164 3052">
     <span class='ocr_line' id='line_1_56' title="bbox 599 2981 2164 3052; baseline 0 -18"><span class='ocrx_word' id='word_1_407' title='bbox 599 2983 793 3052; x_wconf 77' lang='lat' dir='ltr'><strong>indiget</strong></span> <span class='ocrx_word' id='word_1_408' title='bbox 822 2983 928 3037; x_wconf 87' lang='lat' dir='ltr'><strong>nisi</strong></span> <span class='ocrx_word' id='word_1_409' title='bbox 958 2991 1015 3035; x_wconf 72' lang='lat' dir='ltr'><strong>ut</strong></span> <span class='ocrx_word' id='word_1_410' title='bbox 1045 2983 1198 3052; x_wconf 81' lang='lat' dir='ltr'><strong>pedes</strong></span> <span class='ocrx_word' id='word_1_411' title='bbox 1241 2983 1396 3048; x_wconf 85' lang='lat' dir='ltr'><strong>lavet,</strong></span> <span class='ocrx_word' id='word_1_412' title='bbox 1429 2984 1519 3038; x_wconf 88' lang='lat' dir='ltr'><strong>sed</strong></span> <span class='ocrx_word' id='word_1_413' title='bbox 1544 2993 1619 3038; x_wconf 88' lang='lat' dir='ltr'><strong>est</strong></span> <span class='ocrx_word' id='word_1_414' title='bbox 1644 2983 1869 3038; x_wconf 80' lang='lat' dir='ltr'><strong>mundus</strong></span> <span class='ocrx_word' id='word_1_415' title='bbox 1899 2993 2061 3037; x_wconf 87' lang='lat' dir='ltr'><strong>totus.</strong></span> <span class='ocrx_word' id='word_1_416' title='bbox 2097 2981 2164 3035; x_wconf 85' lang='lat' dir='ltr'><strong>Et</strong></span> 
     </span>
    </p>
   </div>
   <div class='ocr_carea' id='block_1_57' title="bbox 2272 2978 3862 3052">
    <p class='ocr_par' dir='ltr' id='par_1_57' title="bbox 2272 2978 3862 3051">
     <span class='ocr_line' id='line_1_57' title="bbox 2272 2978 3862 3051; baseline 0.001 -19"><span class='ocrx_word' id='word_1_417' title='bbox 2272 2979 2416 3049; x_wconf 77' lang='grc' dir='ltr'>ἔχει,</span> <span class='ocrx_word' id='word_1_418' title='bbox 2441 2978 2479 3046; x_wconf 82' lang='grc' dir='ltr'>ἢ</span> <span class='ocrx_word' id='word_1_419' title='bbox 2501 2978 2642 3044; x_wconf 84' lang='grc' dir='ltr'>τοὺς</span> <span class='ocrx_word' id='word_1_420' title='bbox 2668 2978 2858 3045; x_wconf 79' lang='grc' dir='ltr'>πόδας</span> <span class='ocrx_word' id='word_1_421' title='bbox 2890 2979 3202 3048; x_wconf 75' lang='grc' dir='ltr'>νίψασθαι,</span> <span class='ocrx_word' id='word_1_422' title='bbox 3243 2981 3381 3034; x_wconf 74' lang='grc' dir='ltr'>ἀλλ’</span> <span class='ocrx_word' id='word_1_423' title='bbox 3419 2981 3548 3036; x_wconf 79' lang='grc' dir='ltr'>ἔστι</span> <span class='ocrx_word' id='word_1_424' title='bbox 3598 2985 3862 3051; x_wconf 73' lang='grc' dir='ltr'>καθαρὸς</span> 
     </span>
    </p>
   </div>
   <div class='ocr_carea' id='block_1_58' title="bbox 599 3070 2170 3142">
    <p class='ocr_par' dir='ltr' id='par_1_58' title="bbox 599 3072 2168 3142">
     <span class='ocr_line' id='line_1_58' title="bbox 599 3072 2168 3142; baseline -0.001 -17"><span class='ocrx_word' id='word_1_425' title='bbox 599 3090 686 3125; x_wconf 73' lang='lat' dir='ltr'><strong>vos</strong></span> <span class='ocrx_word' id='word_1_426' title='bbox 715 3072 895 3125; x_wconf 86' lang='lat' dir='ltr'><strong>mundi</strong></span> <span class='ocrx_word' id='word_1_427' title='bbox 927 3073 1074 3137; x_wconf 75' lang='lat' dir='ltr'><strong>estis,</strong></span> <span class='ocrx_word' id='word_1_428' title='bbox 1116 3072 1206 3126; x_wconf 80' lang='lat' dir='ltr'><strong>sed</strong></span> <span class='ocrx_word' id='word_1_429' title='bbox 1243 3089 1347 3127; x_wconf 82' lang='lat' dir='ltr'><strong>non</strong></span> <span class='ocrx_word' id='word_1_430' title='bbox 1381 3090 1582 3128; x_wconf 84' lang='lat' dir='ltr'><strong>omnes.</strong></span> <span class='ocrx_word' id='word_1_431' title='bbox 1613 3073 1824 3128; x_wconf 80' lang='lat' dir='ltr'><strong>Sciebat</strong></span> <span class='ocrx_word' id='word_1_432' title='bbox 1850 3075 1991 3126; x_wconf 85' lang='lat' dir='ltr'><strong>enim</strong></span> <span class='ocrx_word' id='word_1_433' title='bbox 2021 3073 2168 3142; x_wconf 85' lang='lat' dir='ltr'><strong>quis-</strong></span> 
     </span>
    </p>
   </div>
   <div class='ocr_carea' id='block_1_59' title="bbox 2272 3070 3859 3142">
    <p class='ocr_par' dir='ltr' id='par_1_59' title="bbox 2272 3070 3859 3142">
     <span class='ocr_line' id='line_1_59' title="bbox 2272 3070 3859 3142; baseline 0.005 -20"><span class='ocrx_word' id='word_1_434' title='bbox 2272 3070 2434 3134; x_wconf 65' lang='grc' dir='ltr'>ὅλος.</span> <span class='ocrx_word' id='word_1_435' title='bbox 2472 3070 2579 3125; x_wconf 72' lang='grc' dir='ltr'><strong>Καὶ</strong></span> <span class='ocrx_word' id='word_1_436' title='bbox 2615 3071 2781 3139; x_wconf 79' lang='grc' dir='ltr'>ὑμεῖς</span> <span class='ocrx_word' id='word_1_437' title='bbox 2810 3071 3056 3138; x_wconf 60' lang='grc' dir='ltr'>καθαροί</span> <span class='ocrx_word' id='word_1_438' title='bbox 3088 3072 3249 3135; x_wconf 82' lang='grc' dir='ltr'>ἐστε,</span> <span class='ocrx_word' id='word_1_439' title='bbox 3280 3073 3418 3126; x_wconf 65' lang='grc' dir='ltr'>ἀλλ’</span> <span class='ocrx_word' id='word_1_440' title='bbox 3443 3074 3577 3142; x_wconf 76' lang='grc' dir='ltr'>οὐχί</span> <span class='ocrx_word' id='word_1_441' title='bbox 3603 3075 3859 3142; x_wconf 76' lang='grc' dir='ltr'>πάντες.</span> 
     </span>
    </p>
   </div>
   <div class='ocr_carea' id='block_1_60' title="bbox 600 3162 2166 3234">
    <p class='ocr_par' dir='ltr' id='par_1_60' title="bbox 600 3162 2166 3234">
     <span class='ocr_line' id='line_1_60' title="bbox 600 3162 2166 3234; baseline 0.001 -19"><span class='ocrx_word' id='word_1_442' title='bbox 600 3180 721 3218; x_wconf 74' lang='lat' dir='ltr'><strong>nam</strong></span> <span class='ocrx_word' id='word_1_443' title='bbox 756 3173 887 3219; x_wconf 80' lang='lat' dir='ltr'><strong>esset</strong></span> <span class='ocrx_word' id='word_1_444' title='bbox 917 3166 1008 3234; x_wconf 76' lang='lat' dir='ltr'><strong>qui</strong></span> <span class='ocrx_word' id='word_1_445' title='bbox 1048 3164 1276 3219; x_wconf 82' lang='lat' dir='ltr'><strong>traderet</strong></span> <span class='ocrx_word' id='word_1_446' title='bbox 1311 3181 1450 3219; x_wconf 84' lang='lat' dir='ltr'><strong>eum.</strong></span> <span class='ocrx_word' id='word_1_447' title='bbox 1482 3163 1773 3234; x_wconf 85' lang='lat' dir='ltr'><strong>Propterea</strong></span> <span class='ocrx_word' id='word_1_448' title='bbox 1803 3165 1938 3218; x_wconf 73' lang='lat' dir='ltr'><strong>dixit</strong></span> <span class='ocrx_word' id='word_1_449' title='bbox 1964 3181 1982 3218; x_wconf 90' lang='lat'><strong><em>:</em></strong></span> <span class='ocrx_word' id='word_1_450' title='bbox 2045 3162 2166 3217; x_wconf 83' lang='lat' dir='ltr'><strong>Non</strong></span> 
     </span>
    </p>
   </div>
   <div class='ocr_carea' id='block_1_61' title="bbox 597 3254 1181 3310">
    <p class='ocr_par' dir='ltr' id='par_1_61' title="bbox 597 3254 1181 3310">
     <span class='ocr_line' id='line_1_61' title="bbox 597 3254 1181 3310; baseline 0 0"><span class='ocrx_word' id='word_1_451' title='bbox 597 3256 725 3310; x_wconf 78' lang='lat' dir='ltr'><strong>estis</strong></span> <span class='ocrx_word' id='word_1_452' title='bbox 767 3254 951 3308; x_wconf 86' lang='lat' dir='ltr'><strong>mundi</strong></span> <span class='ocrx_word' id='word_1_453' title='bbox 981 3273 1181 3310; x_wconf 88' lang='lat' dir='ltr'><strong>omnes.</strong></span> 
     </span>
    </p>
   </div>
   <div class='ocr_carea' id='block_1_62' title="bbox 667 3346 2166 3419">
    <p class='ocr_par' dir='ltr' id='par_1_62' title="bbox 667 3346 2166 3419">
     <span class='ocr_line' id='line_1_62' title="bbox 667 3346 2166 3419; baseline 0.003 -19"><span class='ocrx_word' id='word_1_454' title='bbox 667 3349 711 3400; x_wconf 77' lang='grc' dir='ltr'><strong>Α</strong></span> <span class='ocrx_word' id='word_1_455' title='bbox 774 3363 832 3401; x_wconf 89' lang='lat' dir='ltr'><strong>re</strong></span> <span class='ocrx_word' id='word_1_456' title='bbox 891 3347 1171 3401; x_wconf 89' lang='lat' dir='ltr'><strong>communi</strong></span> <span class='ocrx_word' id='word_1_457' title='bbox 1207 3354 1262 3402; x_wconf 91' lang='lat' dir='ltr'><strong>et</strong></span> <span class='ocrx_word' id='word_1_458' title='bbox 1293 3347 1497 3402; x_wconf 83' lang='lat' dir='ltr'><strong>usitata</strong></span> <span class='ocrx_word' id='word_1_459' title='bbox 1535 3346 1680 3416; x_wconf 89' lang='lat' dir='ltr'><strong>apud</strong></span> <span class='ocrx_word' id='word_1_460' title='bbox 1715 3362 1816 3402; x_wconf 87' lang='lat' dir='ltr'><strong>nos</strong></span> <span class='ocrx_word' id='word_1_461' title='bbox 1850 3350 2166 3419; x_wconf 78' lang='lat' dir='ltr'><strong>exemplum</strong></span> 
     </span>
    </p>
   </div>
   <div class='ocr_carea' id='block_1_63' title="bbox 597 3437 2168 3509">
    <p class='ocr_par' dir='ltr' id='par_1_63' title="bbox 597 3437 2168 3509">
     <span class='ocr_line' id='line_1_63' title="bbox 597 3437 2168 3509; baseline 0.004 -20"><span class='ocrx_word' id='word_1_462' title='bbox 597 3438 762 3508; x_wconf 83' lang='lat' dir='ltr'><strong>capit,</strong></span> <span class='ocrx_word' id='word_1_463' title='bbox 818 3445 871 3492; x_wconf 89' lang='lat' dir='ltr'><strong>et</strong></span> <span class='ocrx_word' id='word_1_464' title='bbox 911 3437 1300 3506; x_wconf 87' lang='lat' dir='ltr'><strong>percommode</strong></span> <span class='ocrx_word' id='word_1_465' title='bbox 1351 3438 1838 3508; x_wconf 88' lang='lat' dir='ltr'><strong>reprehensionem</strong></span> <span class='ocrx_word' id='word_1_466' title='bbox 1897 3442 2168 3509; x_wconf 88' lang='lat' dir='ltr'><strong>proditori</strong></span> 
     </span>
    </p>
   </div>
   <div class='ocr_carea' id='block_1_64' title="bbox 598 3528 2166 3592">
    <p class='ocr_par' dir='ltr' id='par_1_64' title="bbox 598 3528 2166 3592">
     <span class='ocr_line' id='line_1_64' title="bbox 598 3528 2166 3592; baseline 0.001 -8"><span class='ocrx_word' id='word_1_467' title='bbox 598 3529 786 3591; x_wconf 81' lang='lat' dir='ltr'><strong>struit,</strong></span> <span class='ocrx_word' id='word_1_468' title='bbox 816 3528 1022 3584; x_wconf 89' lang='lat' dir='ltr'><strong>docens</strong></span> <span class='ocrx_word' id='word_1_469' title='bbox 1062 3529 1340 3583; x_wconf 90' lang='lat' dir='ltr'><strong>hominem</strong></span> <span class='ocrx_word' id='word_1_470' title='bbox 1374 3536 1622 3583; x_wconf 90' lang='lat' dir='ltr'><strong>mutasse</strong></span> <span class='ocrx_word' id='word_1_471' title='bbox 1651 3529 1966 3592; x_wconf 87' lang='lat' dir='ltr'><strong>consilium,</strong></span> <span class='ocrx_word' id='word_1_472' title='bbox 1999 3539 2052 3585; x_wconf 89' lang='lat' dir='ltr'><strong>et</strong></span> <span class='ocrx_word' id='word_1_473' title='bbox 2100 3532 2166 3586; x_wconf 90' lang='lat' dir='ltr'><strong>ad</strong></span> 
     </span>
    </p>
   </div>
   <div class='ocr_carea' id='block_1_65' title="bbox 598 3619 2166 3678">
    <p class='ocr_par' dir='ltr' id='par_1_65' title="bbox 598 3619 2166 3678">
     <span class='ocr_line' id='line_1_65' title="bbox 598 3619 2166 3678; baseline 0.001 -2"><span class='ocrx_word' id='word_1_474' title='bbox 598 3621 872 3676; x_wconf 84' lang='lat' dir='ltr'><strong>deteriora</strong></span> <span class='ocrx_word' id='word_1_475' title='bbox 951 3635 1305 3676; x_wconf 85' lang='lat' dir='ltr'><strong>conversum.</strong></span> <span class='ocrx_word' id='word_1_476' title='bbox 1384 3619 1628 3676; x_wconf 88' lang='lat' dir='ltr'><strong>Tametsi</strong></span> <span class='ocrx_word' id='word_1_477' title='bbox 1700 3622 1846 3676; x_wconf 90' lang='lat' dir='ltr'><strong>enim</strong></span> <span class='ocrx_word' id='word_1_478' title='bbox 1924 3623 2166 3678; x_wconf 88' lang='lat' dir='ltr'><strong>nondum</strong></span> 
     </span>
    </p>
   </div>
   <div class='ocr_carea' id='block_1_66' title="bbox 599 3712 2167 3783">
    <p class='ocr_par' dir='ltr' id='par_1_66' title="bbox 599 3712 2167 3783">
     <span class='ocr_line' id='line_1_66' title="bbox 599 3712 2167 3783; baseline 0.003 -18"><span class='ocrx_word' id='word_1_479' title='bbox 599 3723 786 3783; x_wconf 79' lang='lat' dir='ltr'><strong>aperte</strong></span> <span class='ocrx_word' id='word_1_480' title='bbox 823 3712 1155 3768; x_wconf 88' lang='lat' dir='ltr'><strong>temeritatis</strong></span> <span class='ocrx_word' id='word_1_481' title='bbox 1199 3713 1320 3783; x_wconf 83' lang='lat' dir='ltr'><strong>ejus</strong></span> <span class='ocrx_word' id='word_1_482' title='bbox 1348 3712 1584 3767; x_wconf 90' lang='lat' dir='ltr'><strong>crimina</strong></span> <span class='ocrx_word' id='word_1_483' title='bbox 1641 3713 1946 3783; x_wconf 86' lang='lat' dir='ltr'><strong>redarguit,</strong></span> <span class='ocrx_word' id='word_1_484' title='bbox 1986 3732 2167 3772; x_wconf 90' lang='lat' dir='ltr'><strong>acrem</strong></span> 
     </span>
    </p>
   </div>
   <div class='ocr_carea' id='block_1_67' title="bbox 597 3803 2169 3876">
    <p class='ocr_par' dir='ltr' id='par_1_67' title="bbox 597 3803 2169 3876">
     <span class='ocr_line' id='line_1_67' title="bbox 597 3803 2169 3876; baseline 0.002 -17"><span class='ocrx_word' id='word_1_485' title='bbox 597 3816 782 3860; x_wconf 88' lang='lat' dir='ltr'><strong>tamen</strong></span> <span class='ocrx_word' id='word_1_486' title='bbox 809 3805 1113 3875; x_wconf 85' lang='lat' dir='ltr'><strong>emphasim</strong></span> <span class='ocrx_word' id='word_1_487' title='bbox 1146 3805 1316 3860; x_wconf 88' lang='lat' dir='ltr'><strong>habet</strong></span> <span class='ocrx_word' id='word_1_488' title='bbox 1346 3807 1543 3858; x_wconf 87' lang='lat' dir='ltr'><strong>oratio.</strong></span> <span class='ocrx_word' id='word_1_489' title='bbox 1580 3803 1686 3859; x_wconf 85' lang='lat' dir='ltr'><strong>Per</strong></span> <span class='ocrx_word' id='word_1_490' title='bbox 1716 3820 1838 3876; x_wconf 62' lang='lat' dir='ltr'><strong>quae</strong></span> <span class='ocrx_word' id='word_1_491' title='bbox 1886 3808 2033 3862; x_wconf 91' lang='lat' dir='ltr'><strong>enim</strong></span> <span class='ocrx_word' id='word_1_492' title='bbox 2064 3824 2169 3862; x_wconf 73' lang='lat' dir='ltr'><strong>caa-</strong></span> 
     </span>
    </p>
   </div>
   <div class='ocr_carea' id='block_1_68' title="bbox 600 3896 2167 3968">
    <p class='ocr_par' dir='ltr' id='par_1_68' title="bbox 600 3896 2167 3968">
     <span class='ocr_line' id='line_1_68' title="bbox 600 3896 2167 3968; baseline 0.002 -18"><span class='ocrx_word' id='word_1_493' title='bbox 600 3897 728 3951; x_wconf 85' lang='lat' dir='ltr'><strong>teris</strong></span> <span class='ocrx_word' id='word_1_494' title='bbox 757 3896 1058 3967; x_wconf 82' lang='lat' dir='ltr'><strong>perlectam</strong></span> <span class='ocrx_word' id='word_1_495' title='bbox 1089 3896 1382 3966; x_wconf 87' lang='lat' dir='ltr'><strong>puritatem</strong></span> <span class='ocrx_word' id='word_1_496' title='bbox 1410 3896 1627 3960; x_wconf 90' lang='lat' dir='ltr'><strong>trihuit,</strong></span> <span class='ocrx_word' id='word_1_497' title='bbox 1664 3912 1762 3968; x_wconf 87' lang='lat' dir='ltr'><strong>per</strong></span> <span class='ocrx_word' id='word_1_498' title='bbox 1805 3897 1922 3953; x_wconf 67' lang='lat' dir='ltr'><strong>haec</strong></span> <span class='ocrx_word' id='word_1_499' title='bbox 1978 3899 2167 3954; x_wconf 90' lang='lat' dir='ltr'><strong>eadem</strong></span> 
     </span>
    </p>
   </div>
   <div class='ocr_carea' id='block_1_69' title="bbox 598 3987 2168 4062">
    <p class='ocr_par' dir='ltr' id='par_1_69' title="bbox 598 3987 2168 4062">
     <span class='ocr_line' id='line_1_69' title="bbox 598 3987 2168 4062; baseline 0.001 -18"><span class='ocrx_word' id='word_1_500' title='bbox 598 3997 920 4059; x_wconf 89' lang='lat' dir='ltr'><strong>suspectum</strong></span> <span class='ocrx_word' id='word_1_501' title='bbox 948 3987 1126 4042; x_wconf 88' lang='lat' dir='ltr'><strong>reddit</strong></span> <span class='ocrx_word' id='word_1_502' title='bbox 1148 4004 1273 4042; x_wconf 88' lang='lat' dir='ltr'><strong>eum</strong></span> <span class='ocrx_word' id='word_1_503' title='bbox 1303 3988 1400 4059; x_wconf 88' lang='lat' dir='ltr'><strong>qui</strong></span> <span class='ocrx_word' id='word_1_504' title='bbox 1431 3989 1561 4044; x_wconf 89' lang='lat' dir='ltr'><strong>talis</strong></span> <span class='ocrx_word' id='word_1_505' title='bbox 1596 4005 1706 4044; x_wconf 90' lang='lat' dir='ltr'><strong>non</strong></span> <span class='ocrx_word' id='word_1_506' title='bbox 1748 3991 1856 4055; x_wconf 92' lang='lat' dir='ltr'><strong>sit,</strong></span> <span class='ocrx_word' id='word_1_507' title='bbox 1883 3999 1937 4046; x_wconf 91' lang='lat' dir='ltr'><strong>et</strong></span> <span class='ocrx_word' id='word_1_508' title='bbox 1981 3992 2168 4062; x_wconf 81' lang='lat' dir='ltr'><strong>inqui-</strong></span> 
     </span>
    </p>
   </div>
   <div class='ocr_carea' id='block_1_70' title="bbox 599 4079 2168 4157">
    <p class='ocr_par' dir='ltr' id='par_1_70' title="bbox 599 4079 2168 4157">
     <span class='ocr_line' id='line_1_70' title="bbox 599 4079 2168 4157; baseline 0.005 -24"><span class='ocrx_word' id='word_1_509' title='bbox 599 4088 786 4134; x_wconf 90' lang='lat' dir='ltr'><strong>natum</strong></span> <span class='ocrx_word' id='word_1_510' title='bbox 820 4079 1079 4134; x_wconf 89' lang='lat' dir='ltr'><strong>ostendit.</strong></span> <span class='ocrx_word' id='word_1_511' title='bbox 1111 4079 1250 4136; x_wconf 88' lang='lat' dir='ltr'><strong>Aliis</strong></span> <span class='ocrx_word' id='word_1_512' title='bbox 1280 4080 1427 4135; x_wconf 92' lang='lat' dir='ltr'><strong>enim</strong></span> <span class='ocrx_word' id='word_1_513' title='bbox 1452 4082 1571 4152; x_wconf 84' lang='lat' dir='ltr'><strong>ejus</strong></span> <span class='ocrx_word' id='word_1_514' title='bbox 1599 4081 1888 4154; x_wconf 73' lang='lat' dir='ltr'><strong>discipulis</strong></span> <span class='ocrx_word' id='word_1_515' title='bbox 1926 4093 1980 4140; x_wconf 90' lang='lat' dir='ltr'><strong>et</strong></span> <span class='ocrx_word' id='word_1_516' title='bbox 2019 4086 2168 4157; x_wconf 88' lang='lat' dir='ltr'><strong>jugis</strong></span> 
     </span>
    </p>
   </div>
   <div class='ocr_carea' id='block_1_71' title="bbox 597 4169 2168 4242">
    <p class='ocr_par' dir='ltr' id='par_1_71' title="bbox 597 4169 2168 4242">
     <span class='ocr_line' id='line_1_71' title="bbox 597 4169 2168 4242; baseline 0.006 -21"><span class='ocrx_word' id='word_1_517' title='bbox 597 4169 760 4241; x_wconf 72' lang='lat'><strong>725</strong></span> <span class='ocrx_word' id='word_1_518' title='bbox 785 4169 1130 4224; x_wconf 88' lang='lat' dir='ltr'><strong>assiduitatis</strong></span> <span class='ocrx_word' id='word_1_519' title='bbox 1152 4171 1404 4242; x_wconf 91' lang='lat' dir='ltr'><strong>gloriam,</strong></span> <span class='ocrx_word' id='word_1_520' title='bbox 1431 4181 1486 4226; x_wconf 91' lang='lat' dir='ltr'><strong>et</strong></span> <span class='ocrx_word' id='word_1_521' title='bbox 1507 4175 1893 4230; x_wconf 84' lang='lat' dir='ltr'><strong>assectationis</strong></span> <span class='ocrx_word' id='word_1_522' title='bbox 1918 4175 2089 4238; x_wconf 88' lang='lat' dir='ltr'><strong>labor,</strong></span> <span class='ocrx_word' id='word_1_523' title='bbox 2114 4185 2168 4231; x_wconf 93' lang='lat' dir='ltr'><strong>et</strong></span> 
     </span>
    </p>
   </div>
   <div class='ocr_carea' id='block_1_72' title="bbox 598 4261 2166 4338">
    <p class='ocr_par' dir='ltr' id='par_1_72' title="bbox 598 4261 2166 4338">
     <span class='ocr_line' id='line_1_72' title="bbox 598 4261 2166 4338; baseline 0.004 -23"><span class='ocrx_word' id='word_1_524' title='bbox 598 4263 654 4315; x_wconf 89' lang='lat' dir='ltr'><strong>in</strong></span> <span class='ocrx_word' id='word_1_525' title='bbox 684 4261 789 4317; x_wconf 90' lang='lat' dir='ltr'><strong>lide</strong></span> <span class='ocrx_word' id='word_1_526' title='bbox 818 4262 1052 4316; x_wconf 84' lang='lat' dir='ltr'><strong>ﬁrmitas</strong></span> <span class='ocrx_word' id='word_1_527' title='bbox 1092 4271 1257 4334; x_wconf 79' lang='lat' dir='ltr'><strong>atque</strong></span> <span class='ocrx_word' id='word_1_528' title='bbox 1284 4264 1618 4329; x_wconf 90' lang='lat' dir='ltr'><strong>constantia,</strong></span> <span class='ocrx_word' id='word_1_529' title='bbox 1667 4275 1721 4321; x_wconf 91' lang='lat' dir='ltr'><strong>et</strong></span> <span class='ocrx_word' id='word_1_530' title='bbox 1761 4267 2002 4335; x_wconf 77' lang='lat' dir='ltr'><strong>perfecta</strong></span> <span class='ocrx_word' id='word_1_531' title='bbox 2037 4284 2166 4338; x_wconf 79' lang='lat' dir='ltr'><strong>erga</strong></span> 
     </span>
    </p>
   </div>
   <div class='ocr_carea' id='block_1_73' title="bbox 597 4351 2166 4426">
    <p class='ocr_par' dir='ltr' id='par_1_73' title="bbox 597 4351 2166 4426">
     <span class='ocr_line' id='line_1_73' title="bbox 597 4351 2166 4426; baseline 0.002 -19"><span class='ocrx_word' id='word_1_532' title='bbox 597 4351 878 4407; x_wconf 86' lang='lat' dir='ltr'><strong>Christum</strong></span> <span class='ocrx_word' id='word_1_533' title='bbox 919 4352 1160 4407; x_wconf 89' lang='lat' dir='ltr'><strong>charitas</strong></span> <span class='ocrx_word' id='word_1_534' title='bbox 1217 4354 1507 4423; x_wconf 83' lang='lat' dir='ltr'><strong>puritatem</strong></span> <span class='ocrx_word' id='word_1_535' title='bbox 1564 4356 1859 4411; x_wconf 88' lang='lat' dir='ltr'><strong>conciliat:</strong></span> <span class='ocrx_word' id='word_1_536' title='bbox 1897 4356 2166 4426; x_wconf 85' lang='lat' dir='ltr'><strong>proditori</strong></span> 
     </span>
    </p>
   </div>
   <div class='ocr_carea' id='block_1_74' title="bbox 2276 3160 3861 3230">
    <p class='ocr_par' dir='ltr' id='par_1_74' title="bbox 2276 3160 3861 3230">
     <span class='ocr_line' id='line_1_74' title="bbox 2276 3160 3861 3230; baseline 0.007 -19"><span class='ocrx_word' id='word_1_537' title='bbox 2276 3160 2442 3230; x_wconf 81' lang='grc' dir='ltr'>’ῌδει</span> <span class='ocrx_word' id='word_1_538' title='bbox 2471 3160 2579 3229; x_wconf 62' lang='grc' dir='ltr'><strong>γὰρ</strong></span> <span class='ocrx_word' id='word_1_539' title='bbox 2608 3163 2715 3212; x_wconf 80' lang='grc' dir='ltr'><strong>τὸν</strong></span> <span class='ocrx_word' id='word_1_540' title='bbox 2747 3161 3149 3228; x_wconf 80' lang='grc' dir='ltr'>παραδιδόντα</span> <span class='ocrx_word' id='word_1_541' title='bbox 3186 3164 3389 3219; x_wconf 80' lang='grc' dir='ltr'>αὐτόν.</span> <span class='ocrx_word' id='word_1_542' title='bbox 3431 3165 3533 3219; x_wconf 81' lang='grc' dir='ltr'>Διά</span> <span class='ocrx_word' id='word_1_543' title='bbox 3560 3165 3735 3221; x_wconf 85' lang='grc' dir='ltr'>τοῦτο</span> <span class='ocrx_word' id='word_1_544' title='bbox 3769 3164 3861 3222; x_wconf 76' lang='grc' dir='ltr'><strong>εἷ-</strong></span> 
     </span>
    </p>
   </div>
   <div class='ocr_carea' id='block_1_75' title="bbox 2271 3250 3479 3325">
    <p class='ocr_par' dir='ltr' id='par_1_75' title="bbox 2271 3250 3479 3325">
     <span class='ocr_line' id='line_1_75' title="bbox 2271 3250 3479 3325; baseline 0.004 -21"><span class='ocrx_word' id='word_1_545' title='bbox 2271 3268 2403 3312; x_wconf 80' lang='grc' dir='ltr'>πεν,</span> <span class='ocrx_word' id='word_1_546' title='bbox 2437 3251 2525 3304; x_wconf 81' lang='grc' dir='ltr'>ὅτι</span> <span class='ocrx_word' id='word_1_547' title='bbox 2558 3252 2704 3320; x_wconf 80' lang='grc' dir='ltr'><strong>Οὐχὶ</strong></span> <span class='ocrx_word' id='word_1_548' title='bbox 2741 3250 3009 3325; x_wconf 79' lang='grc' dir='ltr'>[πάντες]</span> <span class='ocrx_word' id='word_1_549' title='bbox 3039 3256 3284 3322; x_wconf 79' lang='grc' dir='ltr'>καθαροί</span> <span class='ocrx_word' id='word_1_550' title='bbox 3321 3256 3479 3309; x_wconf 86' lang='grc' dir='ltr'>ἐστε.</span> 
     </span>
    </p>
   </div>
   <div class='ocr_carea' id='block_1_76' title="bbox 2341 3343 3860 3420">
    <p class='ocr_par' dir='ltr' id='par_1_76' title="bbox 2341 3343 3860 3420">
     <span class='ocr_line' id='line_1_76' title="bbox 2341 3343 3860 3420; baseline 0.006 -26"><span class='ocrx_word' id='word_1_551' title='bbox 2341 3343 2564 3413; x_wconf 85' lang='grc' dir='ltr'>Δέχεται</span> <span class='ocrx_word' id='word_1_552' title='bbox 2618 3343 2719 3412; x_wconf 84' lang='grc' dir='ltr'>μὲν</span> <span class='ocrx_word' id='word_1_553' title='bbox 2765 3345 2830 3395; x_wconf 87' lang='grc' dir='ltr'><strong>ἐκ</strong></span> <span class='ocrx_word' id='word_1_554' title='bbox 2872 3344 2981 3396; x_wconf 84' lang='grc' dir='ltr'>τῶν</span> <span class='ocrx_word' id='word_1_555' title='bbox 3028 3346 3147 3398; x_wconf 83' lang='grc' dir='ltr'>καθ’</span> <span class='ocrx_word' id='word_1_556' title='bbox 3179 3347 3324 3416; x_wconf 78' lang='grc' dir='ltr'>ἡμᾶς</span> <span class='ocrx_word' id='word_1_557' title='bbox 3357 3347 3466 3400; x_wconf 82' lang='grc' dir='ltr'><strong>ἀπὸ</strong></span> <span class='ocrx_word' id='word_1_558' title='bbox 3497 3347 3678 3402; x_wconf 80' lang='grc' dir='ltr'>κοινοῦ</span> <span class='ocrx_word' id='word_1_559' title='bbox 3711 3350 3860 3420; x_wconf 79' lang='grc' dir='ltr'>πρά-</span> 
     </span>
    </p>
   </div>
   <div class='ocr_carea' id='block_1_77' title="bbox 2268 3433 3860 3509">
    <p class='ocr_par' dir='ltr' id='par_1_77' title="bbox 2268 3433 3860 3509">
     <span class='ocr_line' id='line_1_77' title="bbox 2268 3433 3860 3509; baseline 0.005 -24"><span class='ocrx_word' id='word_1_560' title='bbox 2268 3450 2477 3503; x_wconf 85' lang='grc' dir='ltr'>γματος</span> <span class='ocrx_word' id='word_1_561' title='bbox 2505 3435 2565 3486; x_wconf 79' lang='grc' dir='ltr'>τὸ</span> <span class='ocrx_word' id='word_1_562' title='bbox 2595 3433 2962 3504; x_wconf 85' lang='grc' dir='ltr'>παράδειγμα,</span> <span class='ocrx_word' id='word_1_563' title='bbox 2990 3435 3318 3506; x_wconf 77' lang='grc' dir='ltr'>εὑαφόρμως</span> <span class='ocrx_word' id='word_1_564' title='bbox 3345 3455 3403 3490; x_wconf 88' lang='grc' dir='ltr'><strong>τε</strong></span> <span class='ocrx_word' id='word_1_565' title='bbox 3428 3437 3746 3508; x_wconf 86' lang='grc' dir='ltr'>διαπράττει</span> <span class='ocrx_word' id='word_1_566' title='bbox 3772 3441 3860 3509; x_wconf 81' lang='grc' dir='ltr'><strong>τῷ</strong></span> 
     </span>
    </p>
   </div>
   <div class='ocr_carea' id='block_1_78' title="bbox 2270 3522 3855 3595">
    <p class='ocr_par' dir='ltr' id='par_1_78' title="bbox 2270 3522 3855 3595">
     <span class='ocr_line' id='line_1_78' title="bbox 2270 3522 3855 3595; baseline 0.005 -21"><span class='ocrx_word' id='word_1_567' title='bbox 2270 3522 2504 3595; x_wconf 83' lang='grc' dir='ltr'>προδότῃ</span> <span class='ocrx_word' id='word_1_568' title='bbox 2535 3523 2626 3576; x_wconf 82' lang='grc' dir='ltr'>τὸν</span> <span class='ocrx_word' id='word_1_569' title='bbox 2667 3523 2906 3595; x_wconf 73' lang='grc' dir='ltr'>ἔλεγχον,</span> <span class='ocrx_word' id='word_1_570' title='bbox 2945 3525 3438 3594; x_wconf 76' lang='grc' dir='ltr'>μεταϐουλεύεσθαι</span> <span class='ocrx_word' id='word_1_571' title='bbox 3470 3544 3529 3581; x_wconf 87' lang='grc' dir='ltr'><strong>τε</strong></span> <span class='ocrx_word' id='word_1_572' title='bbox 3559 3527 3855 3594; x_wconf 81' lang='grc' dir='ltr'>διδάσκων,</span> 
     </span>
    </p>
   </div>
   <div class='ocr_carea' id='block_1_79' title="bbox 2268 3616 3854 3691">
    <p class='ocr_par' dir='ltr' id='par_1_79' title="bbox 2268 3616 3854 3691">
     <span class='ocr_line' id='line_1_79' title="bbox 2268 3616 3854 3691; baseline 0.004 -23"><span class='ocrx_word' id='word_1_573' title='bbox 2268 3617 2362 3669; x_wconf 77' lang='grc' dir='ltr'>καὶ</span> <span class='ocrx_word' id='word_1_574' title='bbox 2391 3616 2771 3686; x_wconf 88' lang='grc' dir='ltr'>μετατίθεσθαι</span> <span class='ocrx_word' id='word_1_575' title='bbox 2801 3619 2880 3680; x_wconf 86' lang='grc' dir='ltr'><strong>εἰς</strong></span> <span class='ocrx_word' id='word_1_576' title='bbox 2913 3616 3024 3681; x_wconf 77' lang='grc' dir='ltr'>ἕξιν</span> <span class='ocrx_word' id='word_1_577' title='bbox 3057 3618 3155 3688; x_wconf 79' lang='grc' dir='ltr'>τὴν</span> <span class='ocrx_word' id='word_1_578' title='bbox 3190 3617 3398 3687; x_wconf 82' lang='grc' dir='ltr'>ἀμείνω</span> <span class='ocrx_word' id='word_1_579' title='bbox 3421 3619 3512 3672; x_wconf 79' lang='grc' dir='ltr'><strong>τὸν</strong></span> <span class='ocrx_word' id='word_1_580' title='bbox 3539 3619 3854 3691; x_wconf 85' lang='grc' dir='ltr'>ἄνθρωπον.</span> 
     </span>
    </p>
   </div>
   <div class='ocr_carea' id='block_1_80' title="bbox 2268 3706 3857 3780">
    <p class='ocr_par' dir='ltr' id='par_1_80' title="bbox 2268 3706 3857 3780">
     <span class='ocr_line' id='line_1_80' title="bbox 2268 3706 3857 3780; baseline 0.004 -22"><span class='ocrx_word' id='word_1_581' title='bbox 2268 3707 2331 3759; x_wconf 81' lang='lat' dir='ltr'><strong>Ei</strong></span> <span class='ocrx_word' id='word_1_582' title='bbox 2364 3707 2472 3778; x_wconf 85' lang='grc' dir='ltr'>γὰρ</span> <span class='ocrx_word' id='word_1_583' title='bbox 2506 3707 2597 3760; x_wconf 73' lang='grc' dir='ltr'>καὶ</span> <span class='ocrx_word' id='word_1_584' title='bbox 2625 3706 2777 3760; x_wconf 81' lang='grc' dir='ltr'>οὑπω</span> <span class='ocrx_word' id='word_1_585' title='bbox 2804 3707 3029 3777; x_wconf 84' lang='grc' dir='ltr'>γυμνῶς</span> <span class='ocrx_word' id='word_1_586' title='bbox 3062 3709 3160 3777; x_wconf 84' lang='grc' dir='ltr'>τῆς</span> <span class='ocrx_word' id='word_1_587' title='bbox 3190 3707 3414 3780; x_wconf 89' lang='grc' dir='ltr'>ἐνούσης</span> <span class='ocrx_word' id='word_1_588' title='bbox 3451 3709 3598 3780; x_wconf 83' lang='grc' dir='ltr'>αὑτῷ</span> <span class='ocrx_word' id='word_1_589' title='bbox 3623 3711 3857 3765; x_wconf 73' lang='grc' dir='ltr'>δυσϐουο</span> 
     </span>
    </p>
   </div>
   <div class='ocr_carea' id='block_1_81' title="bbox 2267 3795 3857 3874">
    <p class='ocr_par' dir='ltr' id='par_1_81' title="bbox 2267 3795 3857 3874">
     <span class='ocr_line' id='line_1_81' title="bbox 2267 3795 3857 3874; baseline 0.006 -26"><span class='ocrx_word' id='word_1_590' title='bbox 2267 3795 2387 3862; x_wconf 86' lang='grc' dir='ltr'>λίας</span> <span class='ocrx_word' id='word_1_591' title='bbox 2413 3798 2706 3868; x_wconf 86' lang='grc' dir='ltr'>ἀπελέγχει</span> <span class='ocrx_word' id='word_1_592' title='bbox 2742 3799 2810 3852; x_wconf 89' lang='grc' dir='ltr'><strong>τά</strong></span> <span class='ocrx_word' id='word_1_593' title='bbox 2859 3799 3201 3871; x_wconf 72' lang='grc' dir='ltr'>ἐγκλήματα,</span> <span class='ocrx_word' id='word_1_594' title='bbox 3241 3801 3354 3854; x_wconf 81' lang='grc' dir='ltr'>ἀλλ’</span> <span class='ocrx_word' id='word_1_595' title='bbox 3387 3797 3480 3855; x_wconf 81' lang='grc' dir='ltr'>οὖν</span> <span class='ocrx_word' id='word_1_596' title='bbox 3510 3819 3570 3870; x_wconf 89' lang='grc' dir='ltr'><strong>γε</strong></span> <span class='ocrx_word' id='word_1_597' title='bbox 3599 3802 3857 3874; x_wconf 86' lang='grc' dir='ltr'>δριμεῖαν</span> 
     </span>
    </p>
   </div>
   <div class='ocr_carea' id='block_1_82' title="bbox 2267 3886 3854 3966">
    <p class='ocr_par' dir='ltr' id='par_1_82' title="bbox 2267 3886 3854 3966">
     <span class='ocr_line' id='line_1_82' title="bbox 2267 3886 3854 3966; baseline 0.003 -22"><span class='ocrx_word' id='word_1_598' title='bbox 2267 3892 2295 3944; x_wconf 84' lang='grc' dir='ltr'><strong><em>ὸ</em></strong></span> <span class='ocrx_word' id='word_1_599' title='bbox 2325 3891 2482 3960; x_wconf 83' lang='grc' dir='ltr'>λόγος</span> <span class='ocrx_word' id='word_1_600' title='bbox 2512 3891 2624 3961; x_wconf 78' lang='grc' dir='ltr'>ἔχει</span> <span class='ocrx_word' id='word_1_601' title='bbox 2650 3890 2749 3962; x_wconf 81' lang='grc' dir='ltr'>τὴν</span> <span class='ocrx_word' id='word_1_602' title='bbox 2779 3891 3033 3962; x_wconf 74' lang='grc' dir='ltr'>ἔμφασιν.</span> <span class='ocrx_word' id='word_1_603' title='bbox 3061 3894 3138 3945; x_wconf 76' lang='grc' dir='ltr'><strong>Δι’</strong></span> <span class='ocrx_word' id='word_1_604' title='bbox 3167 3886 3242 3946; x_wconf 83' lang='grc' dir='ltr'><strong>ὧν</strong></span> <span class='ocrx_word' id='word_1_605' title='bbox 3270 3893 3376 3964; x_wconf 79' lang='grc' dir='ltr'><strong>γὰρ</strong></span> <span class='ocrx_word' id='word_1_606' title='bbox 3407 3897 3517 3958; x_wconf 89' lang='grc' dir='ltr'>τοῖς</span> <span class='ocrx_word' id='word_1_607' title='bbox 3542 3894 3720 3958; x_wconf 87' lang='grc' dir='ltr'>ἀλλοις</span> <span class='ocrx_word' id='word_1_608' title='bbox 3749 3895 3854 3966; x_wconf 74' lang='grc' dir='ltr'>τὴν</span> 
     </span>
    </p>
   </div>
   <div class='ocr_carea' id='block_1_83' title="bbox 2267 3983 3854 4057">
    <p class='ocr_par' dir='ltr' id='par_1_83' title="bbox 2267 3983 3854 4057">
     <span class='ocr_line' id='line_1_83' title="bbox 2267 3983 3854 4057; baseline 0.003 -21"><span class='ocrx_word' id='word_1_609' title='bbox 2267 3985 2348 4046; x_wconf 79' lang='grc' dir='ltr'><strong>εἰς</strong></span> <span class='ocrx_word' id='word_1_610' title='bbox 2377 3983 2666 4054; x_wconf 84' lang='grc' dir='ltr'>ὀλόκληρον</span> <span class='ocrx_word' id='word_1_611' title='bbox 2702 3983 3045 4054; x_wconf 86' lang='grc' dir='ltr'>καθαρότητα</span> <span class='ocrx_word' id='word_1_612' title='bbox 3077 3989 3362 4057; x_wconf 88' lang='grc' dir='ltr'>μαρτυρεῖ,</span> <span class='ocrx_word' id='word_1_613' title='bbox 3395 3985 3634 4041; x_wconf 74' lang='grc' dir='ltr'>ὕποπτον</span> <span class='ocrx_word' id='word_1_614' title='bbox 3661 3987 3854 4056; x_wconf 74' lang='grc' dir='ltr'>δηλονο</span> 
     </span>
    </p>
   </div>
   <div class='ocr_carea' id='block_1_84' title="bbox 2266 4073 3854 4147">
    <p class='ocr_par' dir='ltr' id='par_1_84' title="bbox 2266 4073 3854 4147">
     <span class='ocr_line' id='line_1_84' title="bbox 2266 4073 3854 4147; baseline 0.001 -19"><span class='ocrx_word' id='word_1_615' title='bbox 2266 4075 2349 4128; x_wconf 86' lang='grc' dir='ltr'><strong>ότι</strong></span> <span class='ocrx_word' id='word_1_616' title='bbox 2381 4075 2472 4128; x_wconf 73' lang='grc' dir='ltr'>τὸν</span> <span class='ocrx_word' id='word_1_617' title='bbox 2513 4074 2588 4145; x_wconf 76' lang='grc' dir='ltr'>μὴ</span> <span class='ocrx_word' id='word_1_618' title='bbox 2641 4073 2881 4128; x_wconf 78' lang='grc' dir='ltr'>τοιοῦτον</span> <span class='ocrx_word' id='word_1_619' title='bbox 2933 4075 3220 4146; x_wconf 80' lang='grc' dir='ltr'>καθίστησι</span> <span class='ocrx_word' id='word_1_620' title='bbox 3245 4116 3260 4140; x_wconf 94' lang='grc'><strong>,</strong></span> <span class='ocrx_word' id='word_1_621' title='bbox 3302 4077 3395 4129; x_wconf 78' lang='grc' dir='ltr'>καὶ</span> <span class='ocrx_word' id='word_1_622' title='bbox 3441 4077 3854 4147; x_wconf 83' lang='grc' dir='ltr'>μεμολυσμένον</span> 
     </span>
    </p>
   </div>
   <div class='ocr_carea' id='block_1_85' title="bbox 2267 4166 3850 4242">
    <p class='ocr_par' dir='ltr' id='par_1_85' title="bbox 2267 4166 3850 4242">
     <span class='ocr_line' id='line_1_85' title="bbox 2267 4166 3850 4242; baseline 0.002 -22"><span class='ocrx_word' id='word_1_623' title='bbox 2267 4166 2628 4220; x_wconf 83' lang='grc' dir='ltr'>ἀποδεικνύει.</span> <span class='ocrx_word' id='word_1_624' title='bbox 2663 4167 2786 4230; x_wconf 85' lang='grc' dir='ltr'>Τοῖς</span> <span class='ocrx_word' id='word_1_625' title='bbox 2819 4167 2917 4236; x_wconf 90' lang='grc' dir='ltr'><strong>μέν</strong></span> <span class='ocrx_word' id='word_1_626' title='bbox 2949 4170 3058 4238; x_wconf 78' lang='grc' dir='ltr'><strong>γάρ</strong></span> <span class='ocrx_word' id='word_1_627' title='bbox 3095 4170 3301 4240; x_wconf 87' lang='grc' dir='ltr'>ἐτέροις</span> <span class='ocrx_word' id='word_1_628' title='bbox 3339 4170 3503 4224; x_wconf 78' lang='grc' dir='ltr'>αὑτοῦ</span> <span class='ocrx_word' id='word_1_629' title='bbox 3557 4172 3850 4242; x_wconf 80' lang='grc' dir='ltr'>μαθηταῖς,</span> 
     </span>
    </p>
   </div>
   <div class='ocr_carea' id='block_1_86' title="bbox 2269 4257 3852 4333">
    <p class='ocr_par' dir='ltr' id='par_1_86' title="bbox 2269 4257 3852 4333">
     <span class='ocr_line' id='line_1_86' title="bbox 2269 4257 3852 4333; baseline 0.003 -22"><span class='ocrx_word' id='word_1_630' title='bbox 2269 4258 2358 4311; x_wconf 76' lang='grc' dir='ltr'>καὶ</span> <span class='ocrx_word' id='word_1_631' title='bbox 2391 4257 2451 4310; x_wconf 77' lang='grc' dir='ltr'><strong>τὺ</strong></span> <span class='ocrx_word' id='word_1_632' title='bbox 2479 4260 2578 4328; x_wconf 74' lang='grc' dir='ltr'>τῆς</span> <span class='ocrx_word' id='word_1_633' title='bbox 2603 4260 3014 4329; x_wconf 84' lang='grc' dir='ltr'>ἀπερισπάστου</span> <span class='ocrx_word' id='word_1_634' title='bbox 3051 4261 3404 4332; x_wconf 88' lang='grc' dir='ltr'>προσεδρείας</span> <span class='ocrx_word' id='word_1_635' title='bbox 3443 4262 3725 4333; x_wconf 89' lang='grc' dir='ltr'>καύχημα,</span> <span class='ocrx_word' id='word_1_636' title='bbox 3753 4264 3852 4316; x_wconf 68' lang='grc' dir='ltr'>καὶ</span> 
     </span>
    </p>
   </div>
   <div class='ocr_carea' id='block_1_87' title="bbox 2265 4349 3851 4424">
    <p class='ocr_par' dir='ltr' id='par_1_87' title="bbox 2265 4349 3851 4424">
     <span class='ocr_line' id='line_1_87' title="bbox 2265 4349 3851 4424; baseline 0.004 -23"><span class='ocrx_word' id='word_1_637' title='bbox 2265 4349 2357 4404; x_wconf 84' lang='grc' dir='ltr'>τὸν</span> <span class='ocrx_word' id='word_1_638' title='bbox 2385 4349 2484 4420; x_wconf 82' lang='grc' dir='ltr'>τῆς</span> <span class='ocrx_word' id='word_1_639' title='bbox 2519 4350 2926 4421; x_wconf 87' lang='grc' dir='ltr'>άκολουθήσεως</span> <span class='ocrx_word' id='word_1_640' title='bbox 2959 4352 3141 4419; x_wconf 88' lang='grc' dir='ltr'>πόνον,</span> <span class='ocrx_word' id='word_1_641' title='bbox 3188 4355 3280 4407; x_wconf 74' lang='grc' dir='ltr'><strong>καὶ</strong></span> <span class='ocrx_word' id='word_1_642' title='bbox 3311 4353 3372 4407; x_wconf 80' lang='grc' dir='ltr'>τὸ</span> <span class='ocrx_word' id='word_1_643' title='bbox 3408 4355 3623 4424; x_wconf 78' lang='grc' dir='ltr'>βέὸαιον</span> <span class='ocrx_word' id='word_1_644' title='bbox 3657 4359 3714 4408; x_wconf 86' lang='grc' dir='ltr'><strong>ἐν</strong></span> <span class='ocrx_word' id='word_1_645' title='bbox 3752 4356 3851 4407; x_wconf 80' lang='grc' dir='ltr'>πί-</span> 
     </span>
    </p>
   </div>
   <div class='ocr_carea' id='block_1_88' title="bbox 598 4441 2170 4518">
    <p class='ocr_par' dir='ltr' id='par_1_88' title="bbox 598 4442 2170 4512">
     <span class='ocr_line' id='line_1_88' title="bbox 598 4442 2170 4512; baseline 0.004 -17"><span class='ocrx_word' id='word_1_646' title='bbox 598 4458 730 4499; x_wconf 74' lang='lat' dir='ltr'><strong>vero</strong></span> <span class='ocrx_word' id='word_1_647' title='bbox 751 4451 804 4497; x_wconf 90' lang='lat' dir='ltr'><strong>et</strong></span> <span class='ocrx_word' id='word_1_648' title='bbox 823 4442 1225 4512; x_wconf 78' lang='lat' dir='ltr'><strong>inexplicabilis</strong></span> <span class='ocrx_word' id='word_1_649' title='bbox 1254 4446 1502 4500; x_wconf 77' lang='lat' dir='ltr'><strong>avaritia:</strong></span> <span class='ocrx_word' id='word_1_650' title='bbox 1517 4445 1747 4507; x_wconf 90' lang='lat' dir='ltr'><strong>crimen.</strong></span> <span class='ocrx_word' id='word_1_651' title='bbox 1773 4455 1827 4501; x_wconf 91' lang='lat' dir='ltr'><strong>et</strong></span> <span class='ocrx_word' id='word_1_652' title='bbox 1851 4446 2170 4502; x_wconf 83' lang='lat' dir='ltr'><strong>dilectionis</strong></span> 
     </span>
    </p>
   </div>
   <div class='ocr_carea' id='block_1_89' title="bbox 2272 4441 3851 4518">
    <p class='ocr_par' dir='ltr' id='par_1_89' title="bbox 2276 4441 3851 4518">
     <span class='ocr_line' id='line_1_89' title="bbox 2276 4441 3851 4518; baseline 0.005 -26"><span class='ocrx_word' id='word_1_653' title='bbox 2276 4457 2408 4502; x_wconf 85' lang='grc' dir='ltr'>στει,</span> <span class='ocrx_word' id='word_1_654' title='bbox 2439 4441 2531 4494; x_wconf 73' lang='grc' dir='ltr'><strong>καὶ</strong></span> <span class='ocrx_word' id='word_1_655' title='bbox 2569 4442 2628 4495; x_wconf 84' lang='grc' dir='ltr'><strong>τὸ</strong></span> <span class='ocrx_word' id='word_1_656' title='bbox 2667 4441 2871 4514; x_wconf 80' lang='grc' dir='ltr'>πλῆρες</span> <span class='ocrx_word' id='word_1_657' title='bbox 2892 4444 2949 4497; x_wconf 87' lang='grc' dir='ltr'><strong>ἐν</strong></span> <span class='ocrx_word' id='word_1_658' title='bbox 2979 4445 3167 4518; x_wconf 82' lang='grc' dir='ltr'>ἀγάπῃ</span> <span class='ocrx_word' id='word_1_659' title='bbox 3194 4447 3256 4516; x_wconf 86' lang='grc' dir='ltr'>τῇ</span> <span class='ocrx_word' id='word_1_660' title='bbox 3293 4446 3421 4516; x_wconf 76' lang='grc' dir='ltr'>περὶ</span> <span class='ocrx_word' id='word_1_661' title='bbox 3461 4447 3716 4517; x_wconf 84' lang='grc' dir='ltr'>Χριστὸν,</span> <span class='ocrx_word' id='word_1_662' title='bbox 3744 4446 3851 4518; x_wconf 73' lang='grc' dir='ltr'>τὴν</span> 
     </span>
    </p>
   </div>
   <div class='ocr_carea' id='block_1_90' title="bbox 597 4533 2169 4604">
    <p class='ocr_par' dir='ltr' id='par_1_90' title="bbox 597 4533 2169 4604">
     <span class='ocr_line' id='line_1_90' title="bbox 597 4533 2169 4604; baseline 0.002 -16"><span class='ocrx_word' id='word_1_663' title='bbox 597 4549 726 4604; x_wconf 85' lang='lat' dir='ltr'><strong>erga</strong></span> <span class='ocrx_word' id='word_1_664' title='bbox 755 4533 1046 4587; x_wconf 88' lang='lat' dir='ltr'><strong>Dominum</strong></span> <span class='ocrx_word' id='word_1_665' title='bbox 1069 4542 1320 4589; x_wconf 87' lang='lat' dir='ltr'><strong>nostrum</strong></span> <span class='ocrx_word' id='word_1_666' title='bbox 1351 4534 1538 4590; x_wconf 80' lang='lat' dir='ltr'><strong>Jesum</strong></span> <span class='ocrx_word' id='word_1_667' title='bbox 1566 4534 1846 4590; x_wconf 85' lang='lat' dir='ltr'><strong>Christum</strong></span> <span class='ocrx_word' id='word_1_668' title='bbox 1878 4535 2169 4591; x_wconf 76' lang='lat' dir='ltr'><strong>inﬁrmitas</strong></span> 
     </span>
    </p>
   </div>
   <div class='ocr_carea' id='block_1_91' title="bbox 597 4621 2170 4692">
    <p class='ocr_par' dir='ltr' id='par_1_91' title="bbox 597 4621 2170 4692">
     <span class='ocr_line' id='line_1_91' title="bbox 597 4621 2170 4692; baseline -0.004 -13"><span class='ocrx_word' id='word_1_669' title='bbox 597 4631 855 4679; x_wconf 63' lang='lat' dir='ltr'><strong>sternam</strong></span> <span class='ocrx_word' id='word_1_670' title='bbox 887 4621 1065 4677; x_wconf 89' lang='lat' dir='ltr'><strong>labem</strong></span> <span class='ocrx_word' id='word_1_671' title='bbox 1100 4623 1303 4686; x_wconf 88' lang='lat' dir='ltr'><strong>inurit,</strong></span> <span class='ocrx_word' id='word_1_672' title='bbox 1357 4632 1411 4677; x_wconf 89' lang='lat' dir='ltr'><strong>et</strong></span> <span class='ocrx_word' id='word_1_673' title='bbox 1439 4621 1892 4692; x_wconf 77' lang='lat' dir='ltr'><strong>incomparabilis</strong></span> <span class='ocrx_word' id='word_1_674' title='bbox 1947 4621 2170 4676; x_wconf 89' lang='lat' dir='ltr'><strong>temeri-</strong></span> 
     </span>
    </p>
   </div>
   <div class='ocr_carea' id='block_1_92' title="bbox 598 4711 2168 4784">
    <p class='ocr_par' dir='ltr' id='par_1_92' title="bbox 598 4711 2168 4784">
     <span class='ocr_line' id='line_1_92' title="bbox 598 4711 2168 4784; baseline -0.001 -18"><span class='ocrx_word' id='word_1_675' title='bbox 598 4713 730 4769; x_wconf 87' lang='lat' dir='ltr'><strong>tatis</strong></span> <span class='ocrx_word' id='word_1_676' title='bbox 791 4720 977 4767; x_wconf 89' lang='lat' dir='ltr'><strong>notam</strong></span> <span class='ocrx_word' id='word_1_677' title='bbox 1039 4712 1326 4784; x_wconf 91' lang='lat' dir='ltr'><strong>imprimit.</strong></span> <span class='ocrx_word' id='word_1_678' title='bbox 1378 4711 1517 4767; x_wconf 82' lang='lat' dir='ltr'><strong>Cum</strong></span> <span class='ocrx_word' id='word_1_679' title='bbox 1577 4727 1709 4783; x_wconf 87' lang='lat' dir='ltr'><strong>ergo</strong></span> <span class='ocrx_word' id='word_1_680' title='bbox 1767 4712 2023 4768; x_wconf 84' lang='lat' dir='ltr'><strong>Christus</strong></span> <span class='ocrx_word' id='word_1_681' title='bbox 2056 4712 2168 4775; x_wconf 90' lang='lat' dir='ltr'><strong>ait,</strong></span> 
     </span>
    </p>
   </div>
   <div class='ocr_carea' id='block_1_93' title="bbox 605 4800 2170 4870">
    <p class='ocr_par' dir='ltr' id='par_1_93' title="bbox 605 4800 2170 4870">
     <span class='ocr_line' id='line_1_93' title="bbox 605 4800 2170 4870; baseline -0.001 -17"><span class='ocrx_word' id='word_1_682' title='bbox 605 4820 626 4853; x_wconf 71' lang='grc' dir='ltr'><strong>ε</strong></span> <span class='ocrx_word' id='word_1_683' title='bbox 650 4803 757 4858; x_wconf 69' lang='lat' dir='ltr'><strong>Vos</strong></span> <span class='ocrx_word' id='word_1_684' title='bbox 779 4802 970 4857; x_wconf 90' lang='lat' dir='ltr'><strong>mundi</strong></span> <span class='ocrx_word' id='word_1_685' title='bbox 996 4803 1152 4864; x_wconf 83' lang='lat' dir='ltr'><strong>estis.</strong></span> <span class='ocrx_word' id='word_1_686' title='bbox 1187 4803 1282 4858; x_wconf 87' lang='lat' dir='ltr'><strong>sed</strong></span> <span class='ocrx_word' id='word_1_687' title='bbox 1310 4817 1419 4857; x_wconf 89' lang='lat' dir='ltr'><strong>non</strong></span> <span class='ocrx_word' id='word_1_688' title='bbox 1453 4815 1668 4865; x_wconf 91' lang='lat' dir='ltr'><strong>omnes,</strong></span> <span class='ocrx_word' id='word_1_689' title='bbox 1691 4818 1710 4852; x_wconf 78' lang='grc' dir='ltr'><strong>ι</strong></span> <span class='ocrx_word' id='word_1_690' title='bbox 1742 4801 2016 4854; x_wconf 85' lang='lat' dir='ltr'><strong>occultam</strong></span> <span class='ocrx_word' id='word_1_691' title='bbox 2047 4800 2170 4870; x_wconf 83' lang='lat' dir='ltr'><strong>qui-</strong></span> 
     </span>
    </p>
   </div>
   <div class='ocr_carea' id='block_1_94' title="bbox 599 4891 2167 4964">
    <p class='ocr_par' dir='ltr' id='par_1_94' title="bbox 599 4891 2167 4964">
     <span class='ocr_line' id='line_1_94' title="bbox 599 4891 2167 4964; baseline -0.001 -18"><span class='ocrx_word' id='word_1_692' title='bbox 599 4896 745 4957; x_wconf 87' lang='lat' dir='ltr'><strong>dem,</strong></span> <span class='ocrx_word' id='word_1_693' title='bbox 783 4904 1156 4949; x_wconf 77' lang='lat' dir='ltr'><strong>rerumtamen</strong></span> <span class='ocrx_word' id='word_1_694' title='bbox 1187 4891 1490 4964; x_wconf 88' lang='lat' dir='ltr'><strong>proditoris</strong></span> <span class='ocrx_word' id='word_1_695' title='bbox 1549 4891 1740 4944; x_wconf 90' lang='lat' dir='ltr'><strong>utilem</strong></span> <span class='ocrx_word' id='word_1_696' title='bbox 1778 4892 2167 4960; x_wconf 88' lang='lat' dir='ltr'><strong>reprehensio-</strong></span> 
     </span>
    </p>
   </div>
   <div class='ocr_carea' id='block_1_95' title="bbox 598 4981 2166 5052">
    <p class='ocr_par' dir='ltr' id='par_1_95' title="bbox 598 4981 2166 5052">
     <span class='ocr_line' id='line_1_95' title="bbox 598 4981 2166 5052; baseline -0.001 -14"><span class='ocrx_word' id='word_1_697' title='bbox 598 4999 722 5040; x_wconf 87' lang='lat' dir='ltr'><strong>nem</strong></span> <span class='ocrx_word' id='word_1_698' title='bbox 752 4987 1014 5042; x_wconf 89' lang='lat' dir='ltr'><strong>contiuet.</strong></span> <span class='ocrx_word' id='word_1_699' title='bbox 1039 4983 1281 5040; x_wconf 86' lang='lat' dir='ltr'><strong>Tametsi</strong></span> <span class='ocrx_word' id='word_1_700' title='bbox 1311 4984 1454 5039; x_wconf 89' lang='lat' dir='ltr'><strong>enim</strong></span> <span class='ocrx_word' id='word_1_701' title='bbox 1482 4997 1589 5037; x_wconf 86' lang='lat' dir='ltr'><strong>non</strong></span> <span class='ocrx_word' id='word_1_702' title='bbox 1614 4988 1800 5051; x_wconf 87' lang='lat' dir='ltr'><strong>aperte</strong></span> <span class='ocrx_word' id='word_1_703' title='bbox 1826 4981 2166 5052; x_wconf 87' lang='lat' dir='ltr'><strong>loqueretur,</strong></span> 
     </span>
    </p>
   </div>
   <div class='ocr_carea' id='block_1_96' title="bbox 599 5071 2166 5145">
    <p class='ocr_par' dir='ltr' id='par_1_96' title="bbox 599 5071 2166 5145">
     <span class='ocr_line' id='line_1_96' title="bbox 599 5071 2166 5145; baseline -0.001 -17"><span class='ocrx_word' id='word_1_704' title='bbox 599 5084 660 5128; x_wconf 89' lang='lat' dir='ltr'><strong>ut</strong></span> <span class='ocrx_word' id='word_1_705' title='bbox 694 5091 865 5145; x_wconf 89' lang='lat' dir='ltr'><strong>nuper</strong></span> <span class='ocrx_word' id='word_1_706' title='bbox 897 5077 1160 5138; x_wconf 80' lang='lat' dir='ltr'><strong>diximus,</strong></span> <span class='ocrx_word' id='word_1_707' title='bbox 1186 5081 1369 5128; x_wconf 88' lang='lat' dir='ltr'><strong>tamen</strong></span> <span class='ocrx_word' id='word_1_708' title='bbox 1403 5071 1744 5127; x_wconf 88' lang='lat' dir='ltr'><strong>conscientia</strong></span> <span class='ocrx_word' id='word_1_709' title='bbox 1796 5087 2166 5142; x_wconf 84' lang='lat' dir='ltr'><strong>unumquem-</strong></span> 
     </span>
    </p>
   </div>
   <div class='ocr_carea' id='block_1_97' title="bbox 597 5163 2168 5238">
    <p class='ocr_par' dir='ltr' id='par_1_97' title="bbox 597 5163 2168 5238">
     <span class='ocr_line' id='line_1_97' title="bbox 597 5163 2168 5238; baseline -0.001 -18"><span class='ocrx_word' id='word_1_710' title='bbox 597 5183 706 5235; x_wconf 89' lang='lat' dir='ltr'><strong>que</strong></span> <span class='ocrx_word' id='word_1_711' title='bbox 755 5176 1099 5238; x_wconf 85' lang='lat' dir='ltr'><strong>peccatorem</strong></span> <span class='ocrx_word' id='word_1_712' title='bbox 1159 5165 1459 5236; x_wconf 80' lang='lat' dir='ltr'><strong>pungebat,</strong></span> <span class='ocrx_word' id='word_1_713' title='bbox 1511 5171 1566 5218; x_wconf 92' lang='lat' dir='ltr'><strong>et</strong></span> <span class='ocrx_word' id='word_1_714' title='bbox 1624 5163 1917 5220; x_wconf 86' lang='lat' dir='ltr'><strong>verborum</strong></span> <span class='ocrx_word' id='word_1_715' title='bbox 1954 5165 2062 5218; x_wconf 81' lang='lat' dir='ltr'><strong>vim</strong></span> <span class='ocrx_word' id='word_1_716' title='bbox 2099 5163 2168 5219; x_wconf 89' lang='lat' dir='ltr'><strong>ad</strong></span> 
     </span>
    </p>
   </div>
   <div class='ocr_carea' id='block_1_98' title="bbox 599 5254 2166 5329">
    <p class='ocr_par' dir='ltr' id='par_1_98' title="bbox 599 5254 2166 5329">
     <span class='ocr_line' id='line_1_98' title="bbox 599 5254 2166 5329; baseline -0.003 -15"><span class='ocrx_word' id='word_1_717' title='bbox 599 5266 812 5314; x_wconf 87' lang='lat' dir='ltr'><strong>sontem</strong></span> <span class='ocrx_word' id='word_1_718' title='bbox 859 5260 1037 5329; x_wconf 89' lang='lat' dir='ltr'><strong>ipsum</strong></span> <span class='ocrx_word' id='word_1_719' title='bbox 1085 5257 1228 5310; x_wconf 79' lang='lat' dir='ltr'><strong>velut</strong></span> <span class='ocrx_word' id='word_1_720' title='bbox 1249 5271 1315 5310; x_wconf 82' lang='lat' dir='ltr'><strong>ex</strong></span> <span class='ocrx_word' id='word_1_721' title='bbox 1352 5255 1682 5310; x_wconf 87' lang='lat' dir='ltr'><strong>necessitate</strong></span> <span class='ocrx_word' id='word_1_722' title='bbox 1707 5254 1945 5324; x_wconf 87' lang='lat' dir='ltr'><strong>quadam</strong></span> <span class='ocrx_word' id='word_1_723' title='bbox 1981 5254 2166 5309; x_wconf 90' lang='lat' dir='ltr'><strong>trahe-</strong></span> 
     </span>
    </p>
   </div>
   <div class='ocr_carea' id='block_1_99' title="bbox 598 5346 2166 5418">
    <p class='ocr_par' dir='ltr' id='par_1_99' title="bbox 598 5346 2166 5418">
     <span class='ocr_line' id='line_1_99' title="bbox 598 5346 2166 5418; baseline 0.001 -17"><span class='ocrx_word' id='word_1_724' title='bbox 598 5350 710 5402; x_wconf 87' lang='lat' dir='ltr'><strong>hat.</strong></span> <span class='ocrx_word' id='word_1_725' title='bbox 746 5346 992 5403; x_wconf 83' lang='lat' dir='ltr'><strong>Observa</strong></span> <span class='ocrx_word' id='word_1_726' title='bbox 1027 5352 1211 5400; x_wconf 85' lang='lat' dir='ltr'><strong>autem</strong></span> <span class='ocrx_word' id='word_1_727' title='bbox 1251 5346 1339 5400; x_wconf 92' lang='lat' dir='ltr'><strong>hic</strong></span> <span class='ocrx_word' id='word_1_728' title='bbox 1371 5346 1672 5417; x_wconf 84' lang='lat' dir='ltr'><strong>singularis</strong></span> <span class='ocrx_word' id='word_1_729' title='bbox 1725 5346 2166 5418; x_wconf 88' lang='lat' dir='ltr'><strong>dispensationis</strong></span> 
     </span>
    </p>
   </div>
   <div class='ocr_carea' id='block_1_100' title="bbox 597 5437 2134 5510">
    <p class='ocr_par' dir='ltr' id='par_1_100' title="bbox 597 5437 2134 5510">
     <span class='ocr_line' id='line_1_100' title="bbox 597 5437 2134 5510; baseline 0 -16"><span class='ocrx_word' id='word_1_730' title='bbox 597 5450 651 5495; x_wconf 86' lang='lat' dir='ltr'><strong>et</strong></span> <span class='ocrx_word' id='word_1_731' title='bbox 689 5441 798 5494; x_wconf 85' lang='lat' dir='ltr'><strong>Deo</strong></span> <span class='ocrx_word' id='word_1_732' title='bbox 828 5439 1008 5508; x_wconf 76' lang='lat' dir='ltr'><strong>digna:</strong></span> <span class='ocrx_word' id='word_1_733' title='bbox 1042 5437 1318 5507; x_wconf 72' lang='lat' dir='ltr'><strong>patientia:</strong></span> <span class='ocrx_word' id='word_1_734' title='bbox 1355 5454 1516 5510; x_wconf 87' lang='lat' dir='ltr'><strong>opus.</strong></span> <span class='ocrx_word' id='word_1_735' title='bbox 1555 5438 1612 5492; x_wconf 80' lang='lat' dir='ltr'><strong>Si</strong></span> <span class='ocrx_word' id='word_1_736' title='bbox 1663 5439 1808 5493; x_wconf 91' lang='lat' dir='ltr'><strong>enim</strong></span> <span class='ocrx_word' id='word_1_737' title='bbox 1850 5447 2039 5510; x_wconf 91' lang='lat' dir='ltr'><strong>aperte</strong></span> <span class='ocrx_word' id='word_1_738' title='bbox 2082 5440 2134 5494; x_wconf 94' lang='lat' dir='ltr'><strong>di</strong></span> 
     </span>
    </p>
   </div>
   <div class='ocr_carea' id='block_1_101' title="bbox 601 5531 2164 5604">
    <p class='ocr_par' dir='ltr' id='par_1_101' title="bbox 601 5531 2164 5604">
     <span class='ocr_line' id='line_1_101' title="bbox 601 5531 2164 5604; baseline 0.001 -17"><span class='ocrx_word' id='word_1_739' title='bbox 601 5535 767 5590; x_wconf 75' lang='lat' dir='ltr'><strong>xisset</strong></span> <span class='ocrx_word' id='word_1_740' title='bbox 824 5534 948 5604; x_wconf 86' lang='lat' dir='ltr'><strong>quis</strong></span> <span class='ocrx_word' id='word_1_741' title='bbox 1009 5531 1332 5602; x_wconf 87' lang='lat' dir='ltr'><strong>proditurus</strong></span> <span class='ocrx_word' id='word_1_742' title='bbox 1391 5539 1560 5597; x_wconf 88' lang='lat' dir='ltr'><strong>esset,</strong></span> <span class='ocrx_word' id='word_1_743' title='bbox 1615 5531 1863 5589; x_wconf 80' lang='lat' dir='ltr'><strong>infensos</strong></span> <span class='ocrx_word' id='word_1_744' title='bbox 1923 5533 1972 5588; x_wconf 87' lang='lat' dir='ltr'><strong>ei</strong></span> <span class='ocrx_word' id='word_1_745' title='bbox 2021 5533 2164 5589; x_wconf 88' lang='lat' dir='ltr'><strong>alios</strong></span> 
     </span>
    </p>
   </div>
   <div class='ocr_carea' id='block_1_102' title="bbox 603 5624 2163 5696">
    <p class='ocr_par' dir='ltr' id='par_1_102' title="bbox 603 5624 2163 5696">
     <span class='ocr_line' id='line_1_102' title="bbox 603 5624 2163 5696; baseline 0.002 -18"><span class='ocrx_word' id='word_1_746' title='bbox 603 5625 851 5688; x_wconf 77' lang='lat' dir='ltr'><strong>iecisset,</strong></span> <span class='ocrx_word' id='word_1_747' title='bbox 889 5633 944 5678; x_wconf 89' lang='lat' dir='ltr'><strong>et</strong></span> <span class='ocrx_word' id='word_1_748' title='bbox 963 5633 1206 5678; x_wconf 79' lang='lat' dir='ltr'><strong>extrema</strong></span> <span class='ocrx_word' id='word_1_749' title='bbox 1231 5639 1465 5695; x_wconf 68' lang='lat' dir='ltr'><strong>quaeque</strong></span> <span class='ocrx_word' id='word_1_750' title='bbox 1496 5624 1680 5678; x_wconf 78' lang='lat' dir='ltr'><strong>forsan</strong></span> <span class='ocrx_word' id='word_1_751' title='bbox 1705 5625 1971 5688; x_wconf 76' lang='lat' dir='ltr'><strong>tulisset,</strong></span> <span class='ocrx_word' id='word_1_752' title='bbox 2000 5632 2163 5696; x_wconf 84' lang='lat' dir='ltr'><strong>atque</strong></span> 
     </span>
    </p>
   </div>
   <div class='ocr_carea' id='block_1_103' title="bbox 672 5803 1717 5876">
    <p class='ocr_par' dir='ltr' id='par_1_103' title="bbox 672 5803 1717 5876">
     <span class='ocr_line' id='line_1_103' title="bbox 672 5803 1717 5876; baseline 0.021 -41"><span class='ocrx_word' id='word_1_753' title='bbox 672 5807 718 5837; x_wconf 76' lang='grc' dir='ltr'><strong>τε</strong></span> <span class='ocrx_word' id='word_1_754' title='bbox 757 5803 874 5862; x_wconf 46' lang='grc' dir='ltr'><strong>επ.</strong></span> <span class='ocrx_word' id='word_1_755' title='bbox 912 5819 998 5871; x_wconf 69' lang='grc' dir='ltr'><strong>με,</strong></span> <span class='ocrx_word' id='word_1_756' title='bbox 1030 5804 1082 5860; x_wconf 86' lang='lat'><strong>8.</strong></span> <span class='ocrx_word' id='word_1_757' title='bbox 1160 5806 1204 5837; x_wconf 84' lang='lat'><strong>&quot;</strong></span> <span class='ocrx_word' id='word_1_758' title='bbox 1244 5806 1388 5862; x_wconf 79' lang='lat' dir='ltr'><strong>l‘sal.</strong></span> <span class='ocrx_word' id='word_1_759' title='bbox 1417 5820 1593 5876; x_wconf 74' lang='lat' dir='ltr'><strong>mu,</strong></span> <span class='ocrx_word' id='word_1_760' title='bbox 1631 5804 1717 5859; x_wconf 73' lang='lat' dir='ltr'><strong>l5.</strong></span> 
     </span>
    </p>
   </div>
   <div class='ocr_carea' id='block_1_104' title="bbox 2267 4531 3852 4608">
    <p class='ocr_par' dir='ltr' id='par_1_104' title="bbox 2267 4531 3852 4608">
     <span class='ocr_line' id='line_1_104' title="bbox 2267 4531 3852 4608; baseline 0.004 -25"><span class='ocrx_word' id='word_1_761' title='bbox 2267 4531 2610 4602; x_wconf 86' lang='grc' dir='ltr'>καθαρότητα</span> <span class='ocrx_word' id='word_1_762' title='bbox 2647 4532 2925 4605; x_wconf 81' lang='grc' dir='ltr'>προξενεῖ·</span> <span class='ocrx_word' id='word_1_763' title='bbox 2956 4535 3034 4606; x_wconf 84' lang='grc' dir='ltr'>τῷ</span> <span class='ocrx_word' id='word_1_764' title='bbox 3079 4551 3144 4604; x_wconf 89' lang='grc' dir='ltr'><strong>γε</strong></span> <span class='ocrx_word' id='word_1_765' title='bbox 3191 4536 3300 4606; x_wconf 83' lang='grc' dir='ltr'>μὴν</span> <span class='ocrx_word' id='word_1_766' title='bbox 3348 4537 3540 4608; x_wconf 83' lang='grc' dir='ltr'>ἑτέρῳ,</span> <span class='ocrx_word' id='word_1_767' title='bbox 3572 4538 3665 4590; x_wconf 70' lang='grc' dir='ltr'>καὶ</span> <span class='ocrx_word' id='word_1_768' title='bbox 3714 4537 3852 4590; x_wconf 77' lang='grc' dir='ltr'>αὑτὸ</span> 
     </span>
    </p>
   </div>
   <div class='ocr_carea' id='block_1_105' title="bbox 2264 4622 3851 4700">
    <p class='ocr_par' dir='ltr' id='par_1_105' title="bbox 2264 4622 3851 4700">
     <span class='ocr_line' id='line_1_105' title="bbox 2264 4622 3851 4700; baseline 0.004 -25"><span class='ocrx_word' id='word_1_769' title='bbox 2264 4622 2365 4692; x_wconf 81' lang='grc' dir='ltr'>τῆς</span> <span class='ocrx_word' id='word_1_770' title='bbox 2411 4622 2687 4695; x_wconf 83' lang='grc' dir='ltr'>ἀπλήστου</span> <span class='ocrx_word' id='word_1_771' title='bbox 2736 4625 3174 4697; x_wconf 78' lang='grc' dir='ltr'>φιλοχρηματίας</span> <span class='ocrx_word' id='word_1_772' title='bbox 3221 4627 3282 4680; x_wconf 84' lang='grc' dir='ltr'>τὸ</span> <span class='ocrx_word' id='word_1_773' title='bbox 3327 4627 3600 4700; x_wconf 75' lang='grc' dir='ltr'>ἔγκλημα,</span> <span class='ocrx_word' id='word_1_774' title='bbox 3650 4631 3743 4683; x_wconf 70' lang='grc' dir='ltr'>καὶ</span> <span class='ocrx_word' id='word_1_775' title='bbox 3783 4631 3851 4682; x_wconf 76' lang='grc' dir='ltr'><strong>τὸ</strong></span> 
     </span>
    </p>
   </div>
   <div class='ocr_carea' id='block_1_106' title="bbox 2265 4714 3850 4792">
    <p class='ocr_par' dir='ltr' id='par_1_106' title="bbox 2265 4714 3850 4792">
     <span class='ocr_line' id='line_1_106' title="bbox 2265 4714 3850 4792; baseline 0.003 -23"><span class='ocrx_word' id='word_1_776' title='bbox 2265 4714 2490 4778; x_wconf 79' lang='grc' dir='ltr'>ἀσθενὲς</span> <span class='ocrx_word' id='word_1_777' title='bbox 2515 4716 2595 4780; x_wconf 87' lang='grc' dir='ltr'><strong>είς</strong></span> <span class='ocrx_word' id='word_1_778' title='bbox 2619 4715 2858 4771; x_wconf 89' lang='grc' dir='ltr'>διάθεσιν</span> <span class='ocrx_word' id='word_1_779' title='bbox 2883 4719 2981 4790; x_wconf 78' lang='grc' dir='ltr'>τὴν</span> <span class='ocrx_word' id='word_1_780' title='bbox 3013 4720 3139 4790; x_wconf 82' lang='grc' dir='ltr'>περὶ</span> <span class='ocrx_word' id='word_1_781' title='bbox 3187 4721 3278 4773; x_wconf 83' lang='grc' dir='ltr'>τὸν</span> <span class='ocrx_word' id='word_1_782' title='bbox 3314 4719 3520 4792; x_wconf 79' lang='grc' dir='ltr'>Κύριον</span> <span class='ocrx_word' id='word_1_783' title='bbox 3547 4719 3706 4792; x_wconf 75' lang='grc' dir='ltr'>ἡμῶν</span> <span class='ocrx_word' id='word_1_784' title='bbox 3744 4720 3850 4792; x_wconf 69' lang='grc' dir='ltr'>Ἰησ-</span> 
     </span>
    </p>
   </div>
   <div class='ocr_carea' id='block_1_107' title="bbox 2267 4802 3845 4882">
    <p class='ocr_par' dir='ltr' id='par_1_107' title="bbox 2267 4802 3845 4882">
     <span class='ocr_line' id='line_1_107' title="bbox 2267 4802 3845 4882; baseline 0.004 -26"><span class='ocrx_word' id='word_1_785' title='bbox 2267 4802 2395 4858; x_wconf 83' lang='grc' dir='ltr'>σοῦν</span> <span class='ocrx_word' id='word_1_786' title='bbox 2426 4804 2516 4858; x_wconf 83' lang='grc' dir='ltr'>τὸν</span> <span class='ocrx_word' id='word_1_787' title='bbox 2545 4806 2776 4878; x_wconf 84' lang='grc' dir='ltr'>Χριστὸν</span> <span class='ocrx_word' id='word_1_788' title='bbox 2814 4807 2912 4880; x_wconf 79' lang='grc' dir='ltr'>τὴν</span> <span class='ocrx_word' id='word_1_789' title='bbox 2954 4808 3304 4863; x_wconf 86' lang='grc' dir='ltr'>ἀνέκλειπτον</span> <span class='ocrx_word' id='word_1_790' title='bbox 3332 4809 3524 4881; x_wconf 90' lang='grc' dir='ltr'>κηλῖδα</span> <span class='ocrx_word' id='word_1_791' title='bbox 3581 4811 3845 4882; x_wconf 89' lang='grc' dir='ltr'>προστρί-</span> 
     </span>
    </p>
   </div>
   <div class='ocr_carea' id='block_1_108' title="bbox 2268 4897 3848 4974">
    <p class='ocr_par' dir='ltr' id='par_1_108' title="bbox 2268 4897 3848 4974">
     <span class='ocr_line' id='line_1_108' title="bbox 2268 4897 3848 4974; baseline 0.004 -25"><span class='ocrx_word' id='word_1_792' title='bbox 2268 4897 2436 4959; x_wconf 77' lang='grc' dir='ltr'>ϐεται,</span> <span class='ocrx_word' id='word_1_793' title='bbox 2472 4899 2564 4952; x_wconf 78' lang='grc' dir='ltr'>καὶ</span> <span class='ocrx_word' id='word_1_794' title='bbox 2601 4899 2700 4969; x_wconf 85' lang='grc' dir='ltr'>τῆς</span> <span class='ocrx_word' id='word_1_795' title='bbox 2731 4899 3061 4972; x_wconf 85' lang='grc' dir='ltr'>άσυγκρίτου</span> <span class='ocrx_word' id='word_1_796' title='bbox 3089 4901 3406 4967; x_wconf 77' lang='grc' dir='ltr'>δυσϐουλίας</span> <span class='ocrx_word' id='word_1_797' title='bbox 3448 4904 3538 4956; x_wconf 77' lang='grc' dir='ltr'>τὸν</span> <span class='ocrx_word' id='word_1_798' title='bbox 3571 4904 3848 4974; x_wconf 75' lang='grc' dir='ltr'>μολυσμὸν</span> 
     </span>
    </p>
   </div>
   <div class='ocr_carea' id='block_1_109' title="bbox 2266 4987 3844 5066">
    <p class='ocr_par' dir='ltr' id='par_1_109' title="bbox 2266 4987 3844 5066">
     <span class='ocr_line' id='line_1_109' title="bbox 2266 4987 3844 5066; baseline 0.006 -28"><span class='ocrx_word' id='word_1_799' title='bbox 2266 4987 2500 5057; x_wconf 81' lang='grc' dir='ltr'>ἐμποιεῖ.</span> <span class='ocrx_word' id='word_1_800' title='bbox 2535 4989 2700 5042; x_wconf 84' lang='grc' dir='ltr'>Ὅταν</span> <span class='ocrx_word' id='word_1_801' title='bbox 2739 4991 2918 5045; x_wconf 87' lang='grc' dir='ltr'>τοίνυν</span> <span class='ocrx_word' id='word_1_802' title='bbox 2968 4990 3102 5066; x_wconf 87' lang='grc' dir='ltr'>λέγῃ</span> <span class='ocrx_word' id='word_1_803' title='bbox 3145 4994 3412 5066; x_wconf 78' lang='grc' dir='ltr'>Χριστόςο</span> <span class='ocrx_word' id='word_1_804' title='bbox 3443 5013 3462 5047; x_wconf 77' lang='grc' dir='ltr'><strong>ι</strong></span> <span class='ocrx_word' id='word_1_805' title='bbox 3499 4995 3637 5065; x_wconf 81' lang='grc' dir='ltr'>Ἤδη</span> <span class='ocrx_word' id='word_1_806' title='bbox 3685 4995 3844 5066; x_wconf 86' lang='grc' dir='ltr'>ὑμεῖς</span> 
     </span>
    </p>
   </div>
   <div class='ocr_carea' id='block_1_110' title="bbox 2266 5077 3842 5159">
    <p class='ocr_par' dir='ltr' id='par_1_110' title="bbox 2266 5077 3842 5159">
     <span class='ocr_line' id='line_1_110' title="bbox 2266 5077 3842 5159; baseline 0.007 -30"><span class='ocrx_word' id='word_1_807' title='bbox 2266 5077 2495 5150; x_wconf 83' lang='grc' dir='ltr'>καθαροί</span> <span class='ocrx_word' id='word_1_808' title='bbox 2523 5080 2667 5143; x_wconf 85' lang='grc' dir='ltr'>ἐστε,</span> <span class='ocrx_word' id='word_1_809' title='bbox 2699 5079 2814 5133; x_wconf 87' lang='grc' dir='ltr'>ἀλλ’</span> <span class='ocrx_word' id='word_1_810' title='bbox 2845 5081 2965 5153; x_wconf 78' lang='grc' dir='ltr'>οὑχὶ</span> <span class='ocrx_word' id='word_1_811' title='bbox 3011 5085 3227 5150; x_wconf 88' lang='grc' dir='ltr'>πάντως</span> <span class='ocrx_word' id='word_1_812' title='bbox 3257 5106 3274 5138; x_wconf 77' lang='grc' dir='ltr'><strong>ι</strong></span> <span class='ocrx_word' id='word_1_813' title='bbox 3315 5083 3428 5159; x_wconf 77' lang='grc' dir='ltr'>[γρ.</span> <span class='ocrx_word' id='word_1_814' title='bbox 3473 5085 3714 5158; x_wconf 54' lang='lat' dir='ltr'><strong>nenec],</strong></span> <span class='ocrx_word' id='word_1_815' title='bbox 3745 5103 3842 5140; x_wconf 81' lang='grc' dir='ltr'>κε-</span> 
     </span>
    </p>
   </div>
   <div class='ocr_carea' id='block_1_111' title="bbox 2265 5170 3846 5251">
    <p class='ocr_par' dir='ltr' id='par_1_111' title="bbox 2265 5170 3846 5251">
     <span class='ocr_line' id='line_1_111' title="bbox 2265 5170 3846 5251; baseline 0.006 -30"><span class='ocrx_word' id='word_1_816' title='bbox 2265 5170 2577 5242; x_wconf 89' lang='grc' dir='ltr'>κρυμμένον</span> <span class='ocrx_word' id='word_1_817' title='bbox 2631 5171 2730 5241; x_wconf 90' lang='grc' dir='ltr'><strong>μέν</strong></span> <span class='ocrx_word' id='word_1_818' title='bbox 2777 5175 2929 5240; x_wconf 85' lang='grc' dir='ltr'>ἐστι,</span> <span class='ocrx_word' id='word_1_819' title='bbox 2989 5175 3128 5248; x_wconf 79' lang='grc' dir='ltr'>πλὴν</span> <span class='ocrx_word' id='word_1_820' title='bbox 3185 5179 3439 5249; x_wconf 83' lang='grc' dir='ltr'>ἐπωφελῆ</span> <span class='ocrx_word' id='word_1_821' title='bbox 3481 5179 3558 5249; x_wconf 80' lang='grc' dir='ltr'>τῷ</span> <span class='ocrx_word' id='word_1_822' title='bbox 3607 5179 3846 5251; x_wconf 82' lang='grc' dir='ltr'>προδότῃ</span> 
     </span>
    </p>
   </div>
   <div class='ocr_carea' id='block_1_112' title="bbox 2266 5259 3887 5336">
    <p class='ocr_par' dir='ltr' id='par_1_112' title="bbox 2266 5259 3887 5336">
     <span class='ocr_line' id='line_1_112' title="bbox 2266 5259 3887 5336; baseline 0.011 -25"><span class='ocrx_word' id='word_1_823' title='bbox 2266 5261 2496 5312; x_wconf 83' lang='grc' dir='ltr'>ποιεῖται</span> <span class='ocrx_word' id='word_1_824' title='bbox 2535 5259 2627 5311; x_wconf 80' lang='grc' dir='ltr'>τὸν</span> <span class='ocrx_word' id='word_1_825' title='bbox 2674 5260 2912 5332; x_wconf 76' lang='grc' dir='ltr'>ἔλεγχον.</span> <span class='ocrx_word' id='word_1_826' title='bbox 2963 5263 3026 5316; x_wconf 84' lang='lat' dir='ltr'><strong>Ei</strong></span> <span class='ocrx_word' id='word_1_827' title='bbox 3070 5264 3178 5336; x_wconf 87' lang='grc' dir='ltr'><strong>γάρ</strong></span> <span class='ocrx_word' id='word_1_828' title='bbox 3216 5266 3309 5319; x_wconf 77' lang='grc' dir='ltr'>καὶ</span> <span class='ocrx_word' id='word_1_829' title='bbox 3360 5264 3436 5336; x_wconf 80' lang='grc' dir='ltr'>μὴ</span> <span class='ocrx_word' id='word_1_830' title='bbox 3483 5265 3587 5334; x_wconf 71' lang='grc' dir='ltr'>ἔφη</span> <span class='ocrx_word' id='word_1_831' title='bbox 3632 5264 3842 5333; x_wconf 70' lang='grc' dir='ltr'>σαφῶς.</span> <span class='ocrx_word' id='word_1_832' title='bbox 3883 5326 3887 5329; x_wconf 75' lang='grc'><strong>,</strong></span> 
     </span>
    </p>
   </div>
   <div class='ocr_carea' id='block_1_113' title="bbox 2264 5347 3843 5423">
    <p class='ocr_par' dir='ltr' id='par_1_113' title="bbox 2264 5347 3843 5423">
     <span class='ocr_line' id='line_1_113' title="bbox 2264 5347 3843 5423; baseline 0.002 -23"><span class='ocrx_word' id='word_1_833' title='bbox 2264 5347 2514 5417; x_wconf 85' lang='grc' dir='ltr'>καθάπερ</span> <span class='ocrx_word' id='word_1_834' title='bbox 2551 5347 2752 5418; x_wconf 85' lang='grc' dir='ltr'>ἀρτίως</span> <span class='ocrx_word' id='word_1_835' title='bbox 2784 5351 3086 5422; x_wconf 77' lang='grc' dir='ltr'>εἰρήκαμεν</span> <span class='ocrx_word' id='word_1_836' title='bbox 3109 5396 3124 5419; x_wconf 87' lang='grc'><strong>,</strong></span> <span class='ocrx_word' id='word_1_837' title='bbox 3163 5352 3278 5406; x_wconf 83' lang='grc' dir='ltr'>ἀλλ’</span> <span class='ocrx_word' id='word_1_838' title='bbox 3306 5347 3374 5423; x_wconf 83' lang='grc' dir='ltr'>ἦν</span> <span class='ocrx_word' id='word_1_839' title='bbox 3421 5353 3479 5405; x_wconf 88' lang='grc' dir='ltr'><strong>ἐν</strong></span> <span class='ocrx_word' id='word_1_840' title='bbox 3517 5350 3730 5421; x_wconf 80' lang='grc' dir='ltr'>ἑκάστῳ</span> <span class='ocrx_word' id='word_1_841' title='bbox 3760 5351 3843 5404; x_wconf 87' lang='grc' dir='ltr'>δι-</span> 
     </span>
    </p>
   </div>
   <div class='ocr_carea' id='block_1_114' title="bbox 2265 5436 3839 5516">
    <p class='ocr_par' dir='ltr' id='par_1_114' title="bbox 2265 5436 3839 5516">
     <span class='ocr_line' id='line_1_114' title="bbox 2265 5436 3839 5516; baseline 0.002 -24"><span class='ocrx_word' id='word_1_842' title='bbox 2265 5438 2432 5503; x_wconf 79' lang='grc' dir='ltr'>κάζον</span> <span class='ocrx_word' id='word_1_843' title='bbox 2458 5436 2520 5491; x_wconf 77' lang='grc' dir='ltr'><strong>τὸ</strong></span> <span class='ocrx_word' id='word_1_844' title='bbox 2562 5441 2819 5506; x_wconf 75' lang='grc' dir='ltr'>συνειδὸς,</span> <span class='ocrx_word' id='word_1_845' title='bbox 2851 5442 2946 5497; x_wconf 81' lang='grc' dir='ltr'>καὶ</span> <span class='ocrx_word' id='word_1_846' title='bbox 2977 5443 3291 5498; x_wconf 82' lang='grc' dir='ltr'>διακεντοῦν</span> <span class='ocrx_word' id='word_1_847' title='bbox 3339 5444 3430 5498; x_wconf 80' lang='grc' dir='ltr'>τὸν</span> <span class='ocrx_word' id='word_1_848' title='bbox 3461 5444 3839 5516; x_wconf 71' lang='grc' dir='ltr'>ἡμαρτηκότα,</span> 
     </span>
    </p>
   </div>
   <div class='ocr_carea' id='block_1_115' title="bbox 2270 5526 3840 5604">
    <p class='ocr_par' dir='ltr' id='par_1_115' title="bbox 2270 5526 3840 5604">
     <span class='ocr_line' id='line_1_115' title="bbox 2270 5526 3840 5604; baseline 0.004 -21"><span class='ocrx_word' id='word_1_849' title='bbox 2270 5528 2363 5583; x_wconf 67' lang='grc' dir='ltr'><strong>καὶ</strong></span> <span class='ocrx_word' id='word_1_850' title='bbox 2396 5526 2493 5599; x_wconf 78' lang='grc' dir='ltr'><strong>τὴν</strong></span> <span class='ocrx_word' id='word_1_851' title='bbox 2516 5528 2622 5580; x_wconf 84' lang='grc' dir='ltr'>τῶν</span> <span class='ocrx_word' id='word_1_852' title='bbox 2648 5530 2694 5582; x_wconf 85' lang='grc' dir='ltr'><strong>εί</strong></span> <span class='ocrx_word' id='word_1_853' title='bbox 2704 5547 2767 5601; x_wconf 91' lang='grc' dir='ltr'><strong>ρη</strong></span> <span class='ocrx_word' id='word_1_854' title='bbox 2777 5531 2953 5600; x_wconf 90' lang='grc' dir='ltr'>μένων</span> <span class='ocrx_word' id='word_1_855' title='bbox 2973 5531 3203 5604; x_wconf 85' lang='grc' dir='ltr'>δύναμιν</span> <span class='ocrx_word' id='word_1_856' title='bbox 3228 5531 3481 5602; x_wconf 90' lang='grc' dir='ltr'>καθάπερ</span> <span class='ocrx_word' id='word_1_857' title='bbox 3508 5531 3566 5598; x_wconf 78' lang='grc' dir='ltr'>ἐξ</span> <span class='ocrx_word' id='word_1_858' title='bbox 3593 5530 3840 5598; x_wconf 79' lang='grc' dir='ltr'>ἀνάγκης</span> 
     </span>
    </p>
   </div>
   <div class='ocr_carea' id='block_1_116' title="bbox 2274 5616 3842 5691">
    <p class='ocr_par' dir='ltr' id='par_1_116' title="bbox 2274 5616 3842 5691">
     <span class='ocr_line' id='line_1_116' title="bbox 2274 5616 3842 5691; baseline -0.001 -19"><span class='ocrx_word' id='word_1_859' title='bbox 2274 5616 2468 5672; x_wconf 78' lang='grc' dir='ltr'>καλοῦν</span> <span class='ocrx_word' id='word_1_860' title='bbox 2495 5617 2587 5672; x_wconf 72' lang='grc' dir='ltr'>ἐπὶ</span> <span class='ocrx_word' id='word_1_861' title='bbox 2613 5618 2704 5673; x_wconf 81' lang='grc' dir='ltr'>τὸν</span> <span class='ocrx_word' id='word_1_862' title='bbox 2725 5621 2993 5676; x_wconf 85' lang='grc' dir='ltr'>ὑπαίτιον.</span> <span class='ocrx_word' id='word_1_863' title='bbox 3037 5622 3234 5678; x_wconf 83' lang='grc' dir='ltr'>Ἐννόει</span> <span class='ocrx_word' id='word_1_864' title='bbox 3267 5622 3324 5675; x_wconf 85' lang='grc' dir='ltr'><strong>δέ</strong></span> <span class='ocrx_word' id='word_1_865' title='bbox 3349 5624 3496 5686; x_wconf 78' lang='grc' dir='ltr'>ὅπως</span> <span class='ocrx_word' id='word_1_866' title='bbox 3529 5619 3842 5691; x_wconf 74' lang='grc' dir='ltr'>οἰκονομίας</span> 
     </span>
    </p>
   </div>
  </div>
