4144 6526
227 431 339 500 III
1320 435 1388 491 IN
1423 434 1709 492 JOANNIS
1743 434 2190 494 EVANGELIUM
2230 440 2355 496 LIB.
2387 441 2476 498 IX.
3412 448 3518 505 ΗΞ

224 554 388 618 τινὸς
452 552 544 609 καὶ
591 550 924 624 θεοπρεποῦς
975 548 1326 613 ἀνεξικακίας
1356 549 1419 602 τὺ
1468 549 1703 620 πρᾶγμα
1733 565 1815 602 πε.

1940 556 2068 605 ante
2098 558 2315 620 tempus
2369 555 2638 608 multatus
2695 553 2914 618 fuisset,
2949 554 3274 626 insurgente
3306 557 3514 628 aliquo,

230 646 551 720 πλήρωται.
587 645 649 698 Εἰ
675 644 783 716 γὰρ
823 642 928 715 ἔφη
970 641 1180 711 σαφῶς,
1214 640 1297 705 τίς
1341 643 1370 694 ό
1415 639 1707 713 προδὼσων
1736 642 1804 694 αὑ

1936 652 1993 698 ει
2025 642 2241 700 Domini
2264 646 2603 715 proditorem
2627 646 2745 701 zelo
2770 646 2995 717 pietatis
3020 647 3089 704 de
3112 648 3293 705 medio
3325 649 3519 705 tollere

228 738 356 803 τὸν,
414 736 703 807 πολεμίους
754 733 822 789 ἂν
853 735 981 796 τοὺς
1034 731 1227 795 ἄλλους
1269 730 1420 802 αύτῷ
1455 730 1810 804 ἐξειργάσατο

1935 746 2194 791 conante.
2225 735 2480 793 Obscuro
2520 740 2707 810 itaque
2758 755 3011 796 sermone
3058 757 3215 805 usus,
3268 751 3324 797 et
3377 758 3517 797 con-

229 828 340 884 καὶ
366 828 507 898 τάχα
526 844 580 881 τι
605 826 716 881 τῶν
744 825 1061 897 ἀνηκέστων
1102 823 1299 893 συνέϐη
1326 823 1542 889 παθεῖν,
1570 824 1664 878 καί
1695 825 1815 895 πρό-

1937 827 2193 883 scientia:
2208 843 2391 883 acrem
2412 830 2903 900 reprehensionem
2933 832 3277 903 relinquens,
3295 832 3515 886 incom—

226 936 385 990 ωρον
412 918 478 973 ἂν
509 918 797 989 ὑπομεῖναι
840 916 1019 985 δίκην,
1056 914 1204 985 ζήλῳ
1240 913 1321 984 τῷ
1374 914 1512 985 πρὸς
1544 913 1815 968 εὐσέϐειαι

1933 921 2236 990 parabilem
2261 937 2376 976 sua:
2402 922 2682 992 patientia
2714 924 3154 995 magnitudinem
3190 922 3511 979 declaravit.

221 1011 663 1084 διατεθηγμένου
711 1009 877 1073 τινὸς,
909 1009 1005 1062 καὶ
1055 1006 1369 1079 προανελεῖν
1415 1006 1510 1060 τοῦ
1556 1005 1827 1060 Δεσπότου

223 1103 328 1157 τὸν
363 1102 629 1176 προδότην
683 1101 1152 1172 ἐπιχειρήσαντος.
1199 1097 1653 1169 ’Υπαινιξάμενος
1711 1098 1826 1151 τοί-

225 1210 352 1255 νυν,
382 1196 478 1248 καὶ
510 1194 589 1265 τῷ
618 1193 878 1247 συνειδότι
907 1192 1105 1262 δριμὺν
1141 1189 1231 1244 τὸν
1272 1189 1492 1260 ἔλεγχον
1517 1190 1700 1259 ἀφεὶς.
1731 1189 1825 1242 ἀν-

222 1283 566 1355 αμίλλλητον
592 1283 764 1348 ἔδειξε
795 1284 897 1353 τῆς
932 1281 1158 1351 ἐνούσης
1201 1280 1350 1352 αὐτῷ
1388 1279 1737 1345 ἀνεξικακίας
1766 1280 1829 1332 τὸ

225 1376 492 1449 μέγεθος.
525 1378 721 1432 Καίτοι
775 1376 884 1447 γὰρ
933 1374 1090 1437 εἰδὼς
1133 1375 1232 1427 οὐκ
1277 1373 1481 1442 ἀγαθὸν
1518 1372 1647 1426 ὄντα
1696 1372 1828 1444 περὶ

217 1470 402 1523 αὐτὸν
443 1470 566 1524 οὐδὲ
610 1470 928 1539 εὐγνώμονα
968 1466 1234 1539 μαθητὴν,
1280 1467 1394 1521 ἀλλ’
1429 1467 1689 1521 ὠδίνοντα
1725 1466 1825 1537 μὲν

218 1561 325 1615 τὸν
353 1562 420 1615 ὲκ
444 1562 544 1633 τῆς
587 1561 895 1631 διαϐολικῆς
924 1558 1147 1630 πικρίας
1198 1558 1295 1623 ἰὸν,
1328 1558 1825 1631 περισκεπτόμενον

219 1652 286 1707 δὲ
326 1653 453 1708 τίνα
473 1653 674 1725 τρόπον
701 1651 862 1707 αὑτὸν
889 1649 1137 1721 παραδῷ,
1162 1649 1457 1721 τετίμηκεν
1497 1652 1554 1703 ὲν
1587 1650 1686 1721 ἴσῳ
1711 1653 1826 1713 τοῖς

220 1745 436 1810 ἄλλοις,
461 1745 703 1809 ἀπονίζοι
732 1744 839 1816 [ῐσ.
873 1742 1146 1807 ἀπονίζων
1173 1743 1251 1798 vel
1282 1742 1553 1815 ἀπονίζει]
1575 1743 1630 1796 δὲ
1658 1741 1822 1797 αὐτοῦ

220 1840 328 1894 καὶ
357 1840 482 1903 τοὺς
514 1838 703 1903 πόδας,
734 1839 898 1912 μέχρι
931 1838 1134 1902 παντὸς
1166 1837 1235 1892 τὰ
1281 1839 1344 1892 ὲκ
1382 1837 1482 1907 τῆς
1520 1837 1655 1902 ἰδίας
1683 1839 1822 1907 ἀγά-

1932 1013 2199 1079 Quamvis
2226 1014 2376 1069 enim
2419 1030 2519 1069 nec
2554 1014 2704 1085 pium
2756 1032 2887 1086 erga
2926 1032 2986 1073 se
3033 1031 3133 1071 nec
3177 1024 3390 1087 gratum
3425 1014 3512 1069 di-

1931 1104 2206 1173 scipulum
2242 1104 2438 1168 sciret,
2464 1105 2559 1159 sed
2589 1119 2656 1159 ex
2692 1106 3002 1163 acerbitate,
3041 1105 3315 1160 diabolica
3348 1121 3512 1161 vene-

1930 1209 2062 1248 num
2098 1202 2283 1251 mente
2312 1205 2624 1266 parantem,
2666 1202 2721 1250 et
2758 1194 2905 1265 apud
2947 1211 3007 1251 se
3055 1198 3355 1266 agitantem
3401 1210 3514 1266 quo

1929 1295 2094 1357 pacto
2123 1302 2248 1343 ειιιιι
2288 1290 2549 1350 traderet,
2580 1299 2763 1344 tamen
2796 1305 2922 1344 eum
2964 1289 3194 1358 perinde
3241 1304 3307 1343 ac
3352 1289 3495 1345 alios

1930 1377 2248 1444 honoravit,
2284 1379 2518 1450 ejusque
2562 1379 2730 1450 pedes
2795 1380 2980 1443 lavat,
3048 1396 3171 1450 qua:
3226 1381 3515 1436 charitatis

1928 1478 2056 1527 sunt
2080 1486 2315 1526 servans
2356 1487 2453 1541 per
2496 1474 2707 1539 omnia,
2739 1481 2793 1527 et
2823 1473 3146 1543 priusquam
3182 1474 3251 1527 ad
3304 1475 3512 1529 exitum

1928 1560 2165 1614 crimina
2204 1558 2470 1630 perducta
2503 1561 2638 1624 sint,
2678 1561 2814 1615 iram
2860 1577 2969 1616 non
3021 1562 3287 1617 inferens.
3347 1563 3513 1617 Istam

1926 1652 2073 1708 enim
2104 1653 2530 1723 praerogativam
2568 1653 2849 1723 propriam
2883 1668 3005 1708 esse
3048 1662 3262 1708 natura:
3314 1653 3515 1709 divinae

1926 1745 2117 1800 videre
2142 1745 2295 1799 licet.
2329 1743 2441 1800 Nec
2471 1745 2617 1798 enim
2650 1744 2781 1815 quia
2803 1744 2954 1798 novit
2981 1743 3123 1799 Deus
3150 1759 3241 1800 res
3271 1743 3513 1810 futuras,

1928 1836 2139 1893 idcirco
2177 1845 2562 1907 praematuram
2619 1837 2961 1906 punitionem
2998 1835 3165 1891 infert
3214 1834 3511 1906 aliquibus,

218 1948 339 2002 πης
356 1930 561 2003 τηρῶν,
588 1931 683 1984 καί.
702 1932 834 2002 πρὶν
861 1933 941 1996 εἰς
968 1930 1119 1994 τέλος
1147 1929 1339 1984 ἐλάσαι
1369 1929 1438 1984 τά
1467 1930 1637 2001 ὲγκλή
1647 1948 1815 2000 ματα,

1923 1930 2020 1985 sed
2057 1930 2334 1999 patienter
2366 1929 2551 1985 ferens
2585 1929 2773 1998 potius
2803 1937 3015 1999 quanto
3052 1935 3303 2000 tempore
3343 1944 3511 2000 opor-

216 2020 327 2094 τὴν
360 2020 529 2094 ὀργὴν
570 2022 671 2076 οὐκ
723 2022 1011 2085 ἐπιτιθείς.
1040 2022 1201 2086 Ἴδοις
1232 2022 1340 2093 γὰρ
1390 2020 1457 2076 ἂν
1506 2022 1635 2076 ῐόιον
1674 2024 1822 2088 ὅπως

217 2113 473 2186 ὑπάρχον
521 2114 619 2169 καὶ
682 2113 842 2167 τοῦτο
887 2114 987 2186 τῆς
1043 2113 1179 2177 ἰδίας
1229 2113 1444 2183 φύσεως
1506 2114 1567 2168 τδ
1625 2113 1819 2168 πλεον-

215 2205 461 2277 έκτημα.
488 2208 562 2263 Ob
588 2208 695 2280 γὰρ
717 2208 907 2261 ὲπείπε
917 2226 948 2280 ρ
969 2204 1108 2262 οἰδεν
1138 2208 1166 2260 6
1195 2207 1324 2272 Θεὸς
1357 2209 1427 2262 τὰ
1454 2208 1707 2279 ἐσόμενα,
1732 2208 1821 2262 διά

213 2298 382 2352 τοῦτο
410 2299 657 2371 πρόωρον
688 2300 940 2372 ἐπιφέρει
973 2300 1084 2354 τισὶ
1127 2299 1226 2371 τὴν
1277 2298 1528 2353 κόλασινσ
1564 2298 1819 2365 ἀνεξικας

214 2392 403 2460 κήσας
430 2392 489 2446 δὲ
517 2392 737 2463 μᾶλλον,
765 2392 887 2445 ὅσον
930 2391 1037 2445 ἔδει
1080 2394 1292 2463 καιρὸν,
1334 2393 1461 2446 ὅταν
1504 2390 1820 2460 ὠφελουμέ-

216 2499 350 2546 νους
384 2482 471 2554 ἴδῃ
501 2482 687 2553 μηδὲν,
727 2482 1064 2553 ἐμμένοντας
1093 2482 1150 2535 δὲ
1183 2482 1383 2553 μᾶλλον
1408 2484 1522 2545 τοῖς
1553 2482 1819 2553 αἰρεθείσι

218 2576 437 2640 κακοῖς,
477 2574 695 2638 κολάζει
739 2575 946 2639 λοιπὸν,
995 2576 1095 2645 τῆς
1140 2574 1460 2637 δυσϐουλίας
1498 2575 1558 2627 τὸ
1588 2574 1819 2646 πρᾶγμα

215 2662 459 2727 δεικνὺς,
487 2665 580 2716 καὶ
607 2663 706 2717 οὐκ
739 2662 899 2735 ἔργον
924 2663 1091 2727 ὅντως
1140 2663 1240 2734 τῆς
1287 2664 1425 2727 ιδίας
1452 2663 1668 2734 βουλῆς,
1699 2664 1820 2734 ἤτοι

215 2752 514 2825 θελήσεως.
545 2754 654 2806 Καὶ
684 2752 817 2821 γοῦν
843 2753 929 2807 διὰ
956 2753 1113 2807 τοῦτό
1144 2770 1309 2824 φησιν
1348 2753 1639 2825 Ἰεζεχιήλ·
1683 2773 1702 2806 ι
1734 2754 1820 2808 Ζῶ

216 2844 332 2915 ὲγὼ
357 2845 506 2914 λέγει
536 2844 759 2917 Κύριος.
793 2846 876 2899 ὅτι
907 2844 968 2898 οὐ
999 2844 1137 2898 Θέλω
1164 2845 1256 2899 τὸν
1288 2845 1516 2900 θάνατον
1546 2845 1639 2901 τοῦ
1676 2847 1818 2900 ἀπο-

217 2939 565 3009 θνήσκοντος,
601 2928 677 3002 ὼς
715 2938 777 2992 τὸ
823 2938 1148 3009 ἐπιπρέψαι
1189 2939 1349 2993 αὑτὸν
1388 2938 1497 2992 ἀπὸ
1552 2940 1651 3010 τῆς
1694 2938 1816 2993 ὁδοῦ

218 3029 386 3085 αὐτοῦ
423 3030 524 3102 τῆς
567 3032 829 3103 πονηρᾶς,
866 3032 961 3085 καὶ
1008 3029 1107 3104 ζῇν
1146 3032 1331 3085 αὐτόν.
1375 3050 1392 3084 ι
1426 3030 1817 3104 Μακροθύμως

219 3121 509 3194 τοιγαροῦν
539 3123 631 3176 καί
664 3123 1002 3189 ἀνεξικάκως
1035 3124 1063 3177 6
1114 3123 1317 3195 1(ύριος
1343 3124 1505 3195 ἡμῶν
1547 3124 1757 3195 Ἰησοὺς
1786 3126 1815 3178 6

223 3212 455 3284 Χριστὸς
497 3213 898 3285 συναναμιγνὺς
940 3212 1020 3266 ἔτι
1057 3216 1170 3279 τοῖς
1213 3213 1393 3277 ἄλλοις
1426 3214 1590 3267 αὑτοῦ
1638 3213 1813 3285 μαθη-

1924 2021 2103 2084 tebat,
2136 2034 2264 2076 cum
2298 2020 2435 2075 nihil
2459 2020 2513 2075 id
2545 2020 2629 2076 eis
2652 2019 2921 2091 prodesse
2952 2020 3176 2083 viderit,
3204 2021 3300 2075 sed
3328 2022 3512 2092 potius

1923 2114 2088 2168 malis
2139 2113 2309 2168 semel
2368 2112 2646 2183 susceptis
2685 2113 2980 2179 inhaerere,
3045 2114 3203 2183 punit
3244 2113 3464 2168 demum
3494 2154 3511 2179 ,

1921 2207 2219 2263 ostendens
2271 2205 2339 2260 id
2381 2220 2572 2261 revera
2603 2220 2744 2276 opus
2792 2219 2916 2262 esse
2934 2204 3280 2262 inconsultae
3312 2220 3507 2260 eorum

1920 2300 2270 2365 temeritatis,
2306 2315 2416 2355 non
2448 2315 2562 2356 sua:
2594 2300 2912 2355 voluntatis.
2941 2299 3217 2365 Quocirca
3253 2300 3510 2356 Ezechiel

1921 2391 2032 2444 ait:
2074 2409 2093 2441 ι
2129 2389 2269 2444 Vivo
2299 2406 2423 2461 ego,
2457 2390 2592 2445 dicit
2625 2388 2913 2454 Dominus,
2950 2390 3080 2460 quia
3118 2390 3248 2445 nolo
3280 2398 3510 2445 mortem

1923 2480 2234 2545 morientis,
2274 2497 2440 2551 quam
2473 2481 2721 2536 converti
2763 2479 2947 2550 ipsum
2976 2496 3006 2535 a
3033 2480 3123 2536 via
3185 2496 3284 2535 sua
3342 2482 3507 2548 mala,

1920 2579 1977 2626 et
2005 2572 2194 2627 vivere
2228 2574 2439 2627 eum".
2488 2592 2506 2624 ι
2548 2572 2865 2628 Clementer
2900 2571 3069 2643 igitur
3125 2580 3181 2627 et
3236 2573 3512 2642 patienter

1921 2660 2191 2718 Dominus
2223 2670 2414 2718 noster
2442 2662 2607 2718 Jesus
2633 2663 2889 2719 Christus
2921 2678 3032 2718 una
3061 2678 3187 2718 cum
3228 2664 3354 2718 aliis
3388 2663 3511 2719 suis

1920 2756 2218 2827 discipulis
2275 2756 2457 2810 adhuc
2518 2764 2771 2811 numerat
2828 2754 3193 2825 proditorem,
3257 2756 3512 2825 quamvis

1918 2845 2175 2900 diabolus
2203 2844 2318 2913 jam
2353 2844 2653 2899 intraverit
2694 2843 2749 2898 in
2777 2858 2876 2898 cor
2900 2843 3047 2912 ejus,
3083 2851 3145 2898 ut
3169 2859 3294 2899 eum
3328 2842 3513 2899 trade-

1918 2946 2025 2995 ret.
2057 2935 2388 2992 Necessario
2413 2935 2559 2989 enim
2593 2936 2700 2990 hoc
2733 2936 2880 2991 inter
2903 2935 3011 2989 alia
3051 2936 3119 2991 ab
3171 2936 3511 3006 evangelista

1920 3029 2084 3101 726
2116 3026 2672 3099 significaturinitio,
2711 3042 2835 3081 cum
2872 3026 2969 3092 ait,
3011 3045 3032 3078 ι
3085 3035 3138 3081 et
3170 3028 3335 3099 pedes
3386 3028 3508 3097 ejus

1922 3121 2073 3181 lavit,
2114 3137 2133 3170 ι
2185 3116 2629 3172 inexcusabilem
2679 3115 2797 3185 ejus
2847 3116 3187 3187 impietatem
3248 3119 3505 3185 reddens,

1919 3219 1979 3265 ut
2010 3210 2191 3265 insitae
2228 3209 2279 3264 ei
2332 3209 2711 3281 improbitatis
2771 3207 2989 3263 fructus
3051 3207 3291 3263 defectio
3348 3209 3509 3265 vide-

222 3308 343 3370 ταῖς
363 3306 453 3359 τὸν
484 3308 768 3380 προδότην.
800 3310 978 3364 καίτοι
1003 3309 1097 3364 τοῦ
1133 3310 1380 3365 διαϐόλου
1411 3311 1513 3383 ἢδη
1546 3310 1807 3383 βεϐληκόο
1837 3301 1883 3362 C
1916 3311 2090 3358 retur.

220 3415 313 3463 τος
346 3396 457 3473 [γρ.
496 3400 810 3475 βεϐηκότος]
844 3404 925 3467 εἰς
963 3401 1062 3475 τὴν
1094 3403 1321 3476 καρδίαν
1361 3403 1550 3466 αὐτοῦ,
1586 3404 1674 3457 ἵνα
1707 3401 1869 3457 αὐτὸν
1895 3393 2142 3469 παραδῷ.
2180 3393 2524 3462 Ἀναγκαίως
2579 3392 2689 3464 γὰρ
2722 3390 2882 3445 τοῦτο
2949 3391 3087 3462 πρὸς
3151 3394 3265 3455 τοῖς
3324 3390 3508 3448 ἄλλοις

220 3492 663 3564 ἐπισημήνασθαι
711 3494 803 3551 τὸν
852 3495 1244 3568 εύαγγελιστὴν
1290 3498 1348 3551 ὲν
1382 3498 1598 3568 ἀρχαῖς,
1637 3517 1654 3549 ι
1693 3496 1805 3551 Καὶ
1844 3488 2009 3547 αὐτοῦ
2043 3488 2208 3550 πόδας
2244 3487 2445 3557 ἔνιψεν,
2483 3506 2501 3539 ι
2534 3485 2945 3559 ἀπροφάσιστον
2992 3484 3155 3538 αὑτοῦ
3215 3484 3315 3556 τὴν
3381 3485 3508 3539 δυσ.

222 3583 439 3639 σέϐειαν
491 3587 789 3655 ἀποτελῶν,
847 3589 935 3644 ἵνα
994 3590 1208 3661 καρπὸς
1239 3590 1340 3661 τῆς
1389 3592 1616 3662 ἐνούσης
1659 3587 1810 3659 αύτῷ
1848 3583 2168 3654 πονηρίαιςὴ
2200 3583 2499 3643 ἀπόστασις
2529 3580 2807 3649 φαίνηται-

292 3678 421 3732 Ὀτε
447 3677 562 3732 οὗν
591 3679 767 3748 Emit-8
801 3680 945 3748 τοὺς
975 3680 1169 3751 πόδας
1209 3681 1328 3737 τῶν
1356 3683 1664 3753 μαθητῶν,
1708 3684 1809 3737 καί

220 3770 397 3826 ἔλαϐε
440 3772 515 3825 τὰ
559 3770 758 3840 ἱμάτια
802 3771 1011 3834 αὑτοῦ.
1042 3767 1371 3829 ἀναπεσὼν
1406 3773 1616 3836 πάλιν,
1643 3772 1813 3829 εἶπεν

221 3860 426 3928 αὐτοῖς
447 3877 464 3893 ’
525 3862 861 3918 Γινώσκετε
928 3866 987 3929 τι
1046 3866 1348 3933 πεποίηκα
1402 3865 1582 3935 ὐμῖγ;
1627 3866 1813 3935 Ὑμεῖς

221 3954 467 4024 φωνεῖτέ
499 3972 598 4025 με,
646 3958 680 4011 ό
714 3957 930 4025 Κύριος
945 3957 1044 4013 καὶ
1078 3962 1112 4013 ό
1139 3957 1539 4024 Διδάσκαλος.
1572 3958 1671 4013 καὶ
1711 3978 1816 4014 κα-

223 4043 339 4111 λῶς
380 4044 622 4113 λέγετε·
666 4046 783 4117 εἰμί
833 4047 964 4117 γάρ.
1012 4051 1084 4103 Εἰ
1128 4044 1243 4105 οὖν
1270 4049 1385 4120 ἐγὼ
1423 4041 1606 4120 ἔνιψα
1646 4049 1814 4120 ὑμῶν

225 4134 360 4198 τοὺς
402 4134 593 4201 πόδας
650 4138 684 4190 ό
741 4138 956 4207 Κύριος
1008 4139 1108 4193 καὶ
1164 4141 1198 4194 ό
1246 4139 1655 4207 Διδάσκαλος,
1708 4142 1808 4196 καί

223 4227 387 4295 ὑμεῖς
438 4228 711 4298 ὀφείλετε
765 4229 1057 4299 ἀλλήλων
1106 4231 1342 4286 νίπτειν
1393 4232 1536 4300 τοὺς
1592 4232 1805 4300 πόδας.

231 4316 577 4389 Ὑπόδειγμα
607 4319 718 4390 γὰρ
745 4319 975 4375 δέδωκα
1000 4321 1164 4391 ὑμῖν,
1195 4323 1296 4377 ἵνα
1326 4322 1521 4392 καθὼς
1550 4324 1809 4394 ἐποίησα

224 4407 363 4478 ὑμῖν
392 4409 527 4479 ἐγὼ,
558 4411 657 4465 καὶ
690 4412 859 4481 ὑμεῖς
891 4412 1135 4469 ποιεῖτε.

303 4498 631 4570 Ἀναφανδὸν
660 4502 760 4574 ἠδη
806 4504 941 4575 φησί
973 4505 1072 4577 τὴν
1108 4505 1203 4560 τοῦ
1236 4508 1559 4581 πράγματος
1604 4511 1804 4576 αἰτίαν,

1986 3673 2124 3736 XIII,
2158 3674 2347 3728 1245.
2386 3672 2679 3743 Postquam
2710 3689 2834 3742 ergo
2869 3672 2996 3725 lavit
3027 3670 3182 3741 pedes
3211 3688 3416 3734 eorum,
3454 3679 3506 3726 et

1910 3769 2108 3833 accepit
2128 3766 2442 3820 vestimenta
2465 3780 2588 3825 sua,
2621 3779 2739 3817 cum
2763 3762 3091 3816 recubuisset
3125 3763 3341 3824 iterum,
3368 3763 3506 3816 dixit

1911 3854 2029 3907 eis:
2061 3851 2220 3907 Scitis
2251 3852 2377 3923 quid
2408 3851 2624 3921 fecerim
2658 3850 2802 3906 vobis
2824 3852 2850 3904 .7
2888 3850 2992 3905 Vos
3019 3852 3220 3905 vocatis
3250 3867 3352 3914 me,
3387 3850 3508 3905 Ma-

1913 3946 2081 4016 gister
2108 3954 2159 3999 et
2196 3942 2480 4010 Dominus,
2515 3952 2566 3998 et
2606 3942 2733 3998 bene
2765 3942 2945 3997 dicitis
2973 3958 2991 3996 .'
3036 3958 3155 3997 sum
3202 3944 3411 3999 etenim.
3445 3944 3507 3999 Si

1910 4052 2038 4107 ergo
2060 4035 2171 4090 lavi
2199 4036 2355 4107 pedes
2389 4044 2591 4091 vestros
2633 4035 2897 4090 Dominus
2932 4042 2982 4090 et
3014 4033 3296 4106 Magister,
3323 4045 3371 4090 et
3416 4053 3505 4091 vos

1910 4127 2106 4184 debetis
2146 4130 2283 4185 alter
2329 4129 2553 4184 alterius
2582 4129 2763 4185 lavare
2789 4127 2965 4200 pedes.
2997 4127 3316 4198 Exemplum
3362 4132 3503 4185 enim

1909 4221 2031 4276 dedi
2066 4222 2232 4285 vobis,
2259 4232 2318 4276 ut
2348 4222 2798 4295 quemadmodum
2845 4238 2940 4293 ego
2986 4222 3089 4293 feci
3120 4221 3287 4277 vobis.
3333 4222 3410 4276 ita
3452 4232 3503 4277 et

1910 4327 1999 4367 vos
2030 4314 2273 4384 faciatis.

1975 4498 2073 4555 Rei
2109 4510 2338 4552 causam
2399 4501 2589 4565 aperte
2636 4492 2753 4563 jam
2782 4492 3016 4563 profert,
3042 4499 3100 4547 et
3142 4491 3501 4564 incompara-

225 4589 439 4663 καὶτῆς
466 4592 800 4665 ἀσυγκρίτου
836 4599 1338 4672 ταπεινοφροσύνης
1373 4601 1434 4655 τὸ
1479 4603 1804 4674 ὑπόδειγμα,

1918 4591 2044 4647 bilis
2084 4584 2424 4643 humilitatis
2451 4585 2767 4655 exemplum
2816 4583 2885 4637 ad
2918 4594 3166 4639 nostram
3202 4584 3502 4639 utilitatem

222 4681 317 4753 τῆς
361 4683 441 4746 εἰς
486 4683 634 4754 ἡμᾶς
681 4685 868 4741 ἕνεκεν
914 4688 1182 4758 ὠφελείας
1231 4691 1562 4762 πεποιῆσθαι
1605 4710 1799 4763 φησιν’

223 4772 621 4846 ἀναπολόγητον
678 4777 736 4831 δὲ
796 4779 859 4833 τὸ
908 4781 974 4835 ὲκ
1035 4781 1136 4853 τῆς
1196 4783 1497 4855 ὑπεροψίας
1552 4785 1804 4858 ἔγκλημα

222 4864 406 4930 τιθεὶς.
437 4867 748 4936 ἀναγκαίως
793 4871 1038 4943 εἰσφέρει
1090 4872 1185 4927 τοῦ
1234 4876 1365 4929 ἰδίου
1411 4876 1706 4948 προσώπου
1745 4878 1806 4933 ab

224 4957 535 5026 περιφανές.
573 4960 663 5012 Ἑν
696 4959 804 5031 γὰρ
834 4959 896 5032 δὴ
953 4961 1021 5033 τῷ
1066 4963 1291 5037 τοιούτῳ
1315 4964 1589 5038 θεωρήσαι
1625 4986 1711 5033 τις
1738 4969 1803 5023 ἂν

224 5048 280 5101 τὸ
307 5050 403 5119 τῆς
430 5051 932 5125 ταπεινοφροσύνης
959 5054 1290 5129 ἀσύγκριτον
1316 5058 1565 5129 μέγεθος.
1601 5061 1674 5114 Τὸ
1705 5061 1804 5133 μὲν

223 5139 326 5211 γὰρ
353 5140 411 5207 ἐξ
441 5142 637 5195 ἑαυτοῦ
666 5144 1087 5215 χαμαιρῤιφὲςῆ
1116 5147 1210 5200 καὶ
1238 5148 1297 5203 ὲν
1313 5148 1391 5220 τῷ
1418 5150 1609 5220 μηδενί
1626 5168 1813 5220 τεταγ-

224 5229 399 5299 μένον,
450 5234 593 5287 κατά
657 5237 810 5289 ποῖον
858 5234 925 5289 ἂν
972 5240 1477 5311 κατασμικρυνθείη
1522 5241 1807 5313 τρόπον,ῆ

221 5320 337 5373 ὅποι
363 5323 605 5394 χωρήσει
633 5324 694 5377 τὸ
725 5326 878 5379 κάτω
916 5329 1188 5402 κείμενον;
1216 5328 1491 5403 θεωρῆσαι
1517 5330 1628 5402 γὰρ
1652 5330 1811 5385 τοῦτο

224 5411 312 5465 καὶ
342 5414 390 5465 εἰ
420 5415 495 5485 μή
517 5432 569 5468 τι
598 5416 659 5469 τὸ
686 5418 1074 5486 καταϐιϐάζειν
1102 5422 1307 5476 ἄνωθεν
1341 5425 1604 5494 πεφυκός.
1655 5424 1728 5478 Τὸ
1751 5425 1807 5479 δὲ

223 5504 279 5557 ἐν
304 5501 426 5573 ὕψει
471 5504 866 5579 θεωρούμενον,
903 5513 960 5564 ὲν
1010 5513 1251 5585 ταπεινῷ
1298 5515 1539 5583 γεγονὸς,
1587 5515 1800 5585 θαυμά-

223 5593 387 5659 ζεταν
423 5597 629 5669 κατέϐη
662 5599 770 5671 γὰρ
809 5603 885 5665 εἰς
928 5603 1067 5674 ὅπερ
1094 5603 1195 5657 οὐκ
1223 5600 1662 5677 ἦν.’Λναγκαίως
1696 5625 1805 5662 τοι·

224 5682 419 5753 γαροῦν
475 5685 569 5739 καί
601 5686 628 5738 6
661 5688 863 5760 Κύριος
896 5691 1052 5761 ήμῶν
1090 5695 1298 5766 Ἰησοῦς
1344 5699 1371 5751 ὁ
1415 5698 1647 5771 Χριστὸς
1692 5700 1803 5763 τοῖς

304 5863 343 5895 ⁷τ
388 5860 588 5921 Ezech.
622 5882 792 5935 svm,
829 5868 917 5925 52.
1725 5894 1767 5928 ο

701 5991 726 6021 ο

1910 4680 2256 4754 propositum
2284 4678 2386 4743 ait,
2422 4675 2804 4732 inexcusabile
2836 4689 2967 4729 vero
2990 4674 3262 4744 superbiae
3291 4674 3502 4729 crimen

1911 4788 2190 4835 asserens,
2217 4768 2540 4825 necessario
2563 4782 2678 4823 sua:
2706 4781 2957 4837 persona).
2978 4766 3287 4821 claritatem
3312 4764 3499 4820 infert.

1910 4864 1969 4921 In
2006 4866 2112 4920 hoc
2137 4865 2285 4920 enim
2325 4860 2662 4928 humilitatis
2694 4857 3151 4928 incomparabilis
3179 4856 3503 4927 magnitudo

1910 4956 2278 5029 conspicitur.
2319 4924 2472 5009 Ναί
2507 4951 2657 5024 quod
2718 4967 2787 5006 ex
2839 4924 3025 5020 seipso
3082 4924 3363 5004 terrenum
3417 4959 3503 5006 est

1909 5058 2079 5122 atque
2124 5050 2428 5120 abjectum,
2483 5044 2766 5117 quomodo
2819 5041 3100 5097 humiliari
3140 5049 3341 5112 potest,
3404 5054 3500 5099 aut

1908 5159 2151 5216 quonam
2187 5143 2468 5198 abiturum
2498 5150 2584 5196 est
2627 5137 2771 5208 quod
2803 5135 2948 5191 infra
2975 5136 3145 5207 jacet,
3181 5150 3285 5192 nec
3341 5136 3501 5193 aliter

1909 5254 1938 5290 a
1975 5245 2174 5292 natura
2209 5241 2591 5304 comparatum
2623 5238 2731 5297 est,
2774 5245 2940 5301 quam
2973 5237 3036 5285 ut
3066 5244 3306 5300 superne
3339 5229 3500 5286 deor-

1910 5342 2031 5381 sum
2091 5325 2324 5381 tendat?
2364 5322 2474 5380 Sed
2527 5322 2783 5393 quisquis
2855 5321 2911 5376 in
2964 5322 3077 5376 alto
3110 5328 3414 5391 spectatur,
3449 5322 3499 5377 si

1909 5417 2209 5487 depressus
2239 5413 2428 5478 fuerit,
2460 5412 2811 5469 admirationi
2841 5421 2966 5469 est:
2999 5412 3053 5467 in
3086 5412 3143 5467 id
3174 5416 3320 5468 enim
3349 5412 3495 5483 quod

1912 5525 2022 5564 non
2076 5516 2192 5564 erat
2254 5506 2566 5563 descendit.
2598 5504 2931 5564 Necessario
2982 5507 3166 5575 itaque
3228 5503 3495 5559 Dominus

1914 5609 2100 5658 noster
2155 5598 2318 5657 Jesus
2348 5599 2611 5657 Christus
2665 5600 2786 5656 suis
2850 5596 3163 5668 discipulis,
3224 5596 3333 5651 imo
3363 5610 3494 5649 vero

1914 5710 2009 5764 per
2040 5693 2162 5750 illos
2216 5692 2437 5750 cunctis
2500 5692 2831 5749 mortalibus
2884 5688 3113 5747 tradens
3163 5685 3491 5743 humilitatis
