4144 6524
655 377 761 441 128
1663 381 1720 435 S.
1748 378 2027 436 CYRILLI
2063 378 2531 436 ALEXANDRINI
2554 379 2873 438 ARCHIEP.

650 496 1066 559 documentum,
1096 507 1203 549 non
1229 494 1553 565 simpliciter
1584 496 1660 548 ait
1689 514 1701 548 :
1750 490 2227 560 Quemadmodum

2333 493 2526 547 ἑαυτοῦ
2582 493 2871 565 μαθηταῖς,
2920 492 3118 564 μᾶλλον
3163 495 3219 548 δέ
3261 496 3327 548 δι’
3361 495 3582 553 ἐκείνων
3631 504 3751 565 τοῖς

651 601 756 659 ego
784 586 889 642 lavi
921 585 1089 656 pedes
1127 594 1374 651 vestros,
1426 586 1507 641 sic
1534 594 1589 642 et
1619 602 1719 643 vos
1752 585 1933 642 facere
1969 587 2219 644 debetis:

3811 388 3933 445 ιω

3827 506 3949 559 άνὰ

2327 586 2503 637 πᾶσαν
2551 584 2651 654 τὴν
2695 582 2799 653 γῆν
2856 583 2916 636 τὸ
2970 584 3068 654 τῆς
3130 588 3627 661 ταπεινοφροσύνης
3683 594 3947 663 μαθημα

652 674 750 732 sed
802 674 985 745 potius
1027 674 1350 746 dignitatem
1396 691 1550 731 suam
1584 677 1735 747 prius
1767 678 2026 747 explicat,
2083 686 2138 735 et
2192 695 2224 734 a

2328 674 2517 739 διδοὺς,
2570 675 2665 744 οὑχ
2715 674 2900 738 ἀπλῶς
2958 692 3140 746 φησιν,
3197 678 3279 729 ὅτι
3327 678 3535 751 Ὠσπερ
3589 681 3700 749 ἐγὼ
3758 682 3945 757 ἔνιψα.

652 776 852 823 natura
896 767 1001 823 sibi
1055 768 1275 824 insitam
1313 768 1655 823 nobilitatem
1698 784 2043 840 proponens,
2104 772 2223 841 ipsa

2328 766 2477 836 ὑμῶν
2506 766 2632 829 τοὺς
2677 765 2863 832 πόδας,
2898 765 3039 819 οὕτω
3088 767 3179 819 καὶ
3224 768 3379 838 ὑμεῖς
3418 771 3661 838 ὀφείλετε
3703 778 3935 826 ποιεῖν·

650 875 715 916 re
766 860 950 917 itanis
1002 861 1191 932 gloria
1216 860 1459 935 cupidos
1492 860 1807 917 confundit.
1846 882 1865 913 ι
1904 862 2013 918 Vos
2050 864 2218 929 enim,

2328 857 2707 929 προεξηγεῖται
2747 857 2804 909 δὲ
2848 857 3044 927 μᾶλλον
3089 858 3149 911 τὸ
3202 858 3331 913 ἴδιον
3379 859 3613 931 ἀξίωμα,
3671 866 3774 917 καὶ
3830 868 3943 934 τήν

653 954 857 1025 inquit,
888 954 1100 1011 vocatis
1137 970 1224 1009 me
1293 952 1561 1009 Dominus
1609 963 1664 1009 et
1693 953 1970 1025 Magister.
1999 964 2056 1011 et
2086 956 2224 1011 bene

2328 949 2733 1019 ἐνυπάρχουσαν
2791 948 2939 1019 αὐτῷ
3004 951 3239 1021 φυσικὴν
3288 950 3537 1006 εὔκλειαν
3595 956 3942 1026 παρατιθεὶς

653 1044 860 1106 dicitis.
895 1062 1018 1101 sum
1074 1046 1297 1105 etenim.
1339 1064 1357 1099 ι
1393 1045 1638 1102 Observa
1686 1055 1868 1102 autem
1899 1062 2011 1117 quo
2065 1058 2224 1117 pacto

2328 1040 2563 1093 δυσωπεῖ
2590 1040 2667 1110 τῷ
2696 1040 2980 1111 πράγματι
3032 1043 3123 1095 τὸν
3163 1042 3455 1111 φιλόδοξον.
3489 1066 3507 1096 ι
3553 1045 3740 1115 ⁹Υμεῖς
3790 1048 3937 1117 γάρ,

654 1135 864 1190 interea
898 1135 1026 1189 dum
1056 1134 1323 1205 loquitur,
1351 1134 1701 1190 adilicationi
1733 1150 1953 1206 quoque
1988 1136 2222 1192 creden-

2328 1131 2508 1201 φησὶν,
2541 1131 2694 1185 αὑτοὶ
2723 1131 2936 1184 καλεῖτέ
2970 1149 3059 1203 με,
3103 1135 3131 1186 6
3158 1133 3360 1205 Κύριος
3388 1137 3481 1190 καὶ
3504 1139 3530 1189 6
3556 1137 3937 1201 Διδάσκαλος.

652 1225 788 1280 tium
817 1225 1119 1295 provideat,
1149 1236 1204 1282 et
1235 1226 1527 1295 impiorum
1565 1226 1945 1282 hareticorum
1977 1229 2222 1298 linguam

651 1315 965 1384 petulantia
1002 1317 1214 1385 plenam
1249 1332 1359 1371 non
1388 1317 1627 1387 ignoret.
1668 1316 1804 1372 Cum
1839 1319 1985 1373 enim
2023 1320 2092 1374 ad
2141 1320 2225 1376 di-

650 1405 899 1475 scipulos
936 1421 1068 1461 suos
1106 1406 1349 1462 dixerit:
1393 1427 1411 1459 ι
1450 1407 1562 1463 Vos
1593 1411 1802 1465 vocatis
1842 1426 1928 1465 me
1959 1410 2223 1469 Dominus

647 1505 705 1552 et
730 1496 1011 1569 Magister,
1038 1518 1057 1551 ›
1098 1514 1169 1554 ne
1209 1500 1335 1569 quis
1364 1501 1706 1557 existimaret
1748 1512 1947 1558 natura
2001 1505 2221 1574 quidem

651 1589 832 1657 ipsum
879 1604 989 1644 non
1029 1605 1155 1645 esse
1194 1590 1480 1646 Dominum
1531 1608 1709 1663 neque
1741 1593 2088 1666 Magistrum,
2126 1599 2220 1654 sed

2324 1224 2419 1276 καὶ
2465 1223 2646 1287 καλῶς
2687 1222 2896 1292 λέγετε,
2943 1226 3059 1295 είμὶ
3107 1226 3235 1297 γάρ.
3275 1246 3292 1277 ι
3334 1228 3615 1299 Ἐπιτήρει
3660 1229 3720 1282 δὲ
3768 1231 3938 1291 ὅπως

2324 1315 2419 1368 καὶ
2466 1317 2667 1385 μεταξὺ
2712 1315 2805 1368 τοῦ
2856 1316 3019 1383 λόγου
3070 1317 3169 1387 τῆς
3214 1318 3321 1370 τῶν
3374 1320 3739 1374 πιστευόντων
3783 1338 3935 1392 προ-

2324 1407 2543 1478 ενόησεν
2580 1409 2891 1480 οἰκοδομῆς,
2927 1411 3021 1463 καὶ
3071 1410 3166 1474 τὰς
3213 1410 3320 1463 τῶν
3353 1411 3583 1466 ἀνοσίων
3616 1414 3932 1485 αίρετικῶν

2322 1502 2424 1554 οὑκ
2462 1500 2701 1572 ἠγνόησε
2750 1502 3151 1572 γλωσσαλγίας.
3192 1504 3408 1575 Ἐπειδὴ
3468 1505 3577 1576 γὰρ
3620 1506 3727 1577 ἔφη
3780 1510 3931 1577 πρὸς

2321 1597 2446 1659 τοὺς
2483 1595 2675 1648 ἑαυτοῦ
2714 1594 2988 1666 μαθητάς
3037 1614 3055 1645 ι
3102 1595 3289 1664 Ὑμεῖς
3345 1596 3559 1649 καλεῖτέ
3595 1614 3684 1667 με,
3728 1599 3758 1649 6
3808 1598 3935 1650 Κύ-

650 1686 914 1748 tanquam
949 1679 1176 1735 honoris
1222 1681 1341 1735 loco
1374 1682 1577 1738 habere
1640 1684 1786 1741 hanc
1840 1700 1870 1739 a
1929 1686 2223 1758 discipulis

2328 1702 2439 1757 ριος
2466 1688 2561 1740 καὶ
2590 1691 2618 1741 6
2637 1687 2986 1751 Διδάσκαλος,
3014 1707 3032 1738 ι
3066 1688 3151 1740 ἵνα
3188 1688 3261 1757 μή
3285 1704 3369 1751 τις
3401 1687 3578 1759 οἴηται
3612 1689 3776 1757 φύσει
3821 1692 3933 1760 μὲν

652 1771 1101 1841 appellationem,
1134 1775 1450 1830 necessario
1501 1775 1734 1841 addidit,
1781 1777 2003 1835 illorum
2041 1783 2224 1853 suspi-

2328 1779 2485 1833 αὑτὸν
2510 1780 2609 1833 οὑκ
2643 1774 2783 1832 εἶναι
2810 1779 3013 1849 Κύριον
3038 1778 3161 1831 οὑδὲ
3188 1778 3523 1845 διδάσκαλον,
3548 1780 3691 1849 ἔχειν
3715 1797 3780 1849 γε
3813 1782 3933 1851 μὴν

653 1862 839 1919 ciones
866 1870 1140 1931 evertens,
1170 1884 1191 1917 ι
1231 1864 1296 1919 Ει
1332 1866 1471 1922 bene
1499 1867 1729 1924 dicitis:
1767 1885 1889 1925 sum
1930 1872 2153 1926 etenim.
2197 1893 2216 1925 ι

2328 1869 2397 1933 ὡς
2444 1873 2501 1923 ὲν
2540 1870 2694 1937 τάξει
2742 1841 2914 1940 τιμῆς
2962 1869 3111 1942 παρά
3156 1869 3267 1923 τῶν
3316 1841 3609 1941 ἐσομένων-
3638 1841 3791 1941 αὑτῷ
3813 1841 3930 1940 ἦν

649 1950 764 2008 Nec
800 1954 943 2008 enim
978 1955 1181 2010 nudum
1206 1956 1439 2014 honoris
1468 1973 1669 2015 nomen
1692 1960 1929 2032 adeptus
1954 1972 2037 2019 est
2064 1964 2218 2031 illud,

2328 1961 2680 2030 ἐπωνυμίαν,
2748 1960 3060 2029 ἀναγκαίως
3118 1959 3471 2032 προστέθεικε
3530 1961 3627 2024 τὰς
3686 1963 3930 2015 ἐκείνων

654 2044 933 2113 Dominus,
955 2047 1118 2105 sicuti
1141 2064 1267 2114 nos,
1291 2052 1384 2122 qui
1411 2052 1600 2108 famuli
1635 2071 1981 2112 remanemus
2004 2067 2221 2125 natura,

2328 2053 2560 2124 ἀναιρῶν
2584 2052 2853 2119 ὑπονοίας,
2892 2054 3046 2123 «Καὶ
3094 2052 3275 2116 καλῶς
3322 2052 3529 2120 λέγετε·
3573 2053 3688 2124 είμὶ
3720 2053 3858 2125 γάρ.
3902 2072 3922 2103 ι

649 2139 904 2207 quamvis
936 2156 1031 2211 per
1085 2142 1247 2214 727
1299 2146 1533 2217 gratiam
1587 2148 1772 2217 dignis
1826 2150 2144 2206 nominibus
2170 2160 2228 2207 et

2328 2146 2399 2197 Οὑ
2444 2146 2552 2215 γὰρ
2585 2144 2739 2213 ψιλὸν
2792 2144 2963 2214 ὄνομα
3020 2144 3280 2213 κέκτηται
3330 2144 3496 2214 τιμῆς
3546 2144 3628 2208 τὸ,
3673 2146 3924 2213 Κύριος,

651 2235 906 2283 naturam
959 2233 1352 2291 excedentibus
1402 2237 1699 2293 illustrati:
1744 2239 1839 2295 sed
1890 2250 1975 2296 est
2022 2251 2224 2298 natura

2328 2237 2575 2307 καθάπερ
2607 2236 2768 2306 ἡμεῖς
2819 2235 3029 2288 οἰκέται
3078 2235 3330 2306 μένοντες
3368 2233 3465 2305 τὴν
3500 2234 3683 2303 φύσιν,
3714 2235 3929 2306 λελαμο

652 2316 938 2387 Dominus,
970 2322 1245 2381 universis
1276 2326 1446 2383 rebus
1488 2328 1799 2400 imperans,
1836 2341 1896 2386 ut
1937 2332 2101 2397 Deus,
2155 2336 2221 2390 ad

650 2424 816 2479 quem
844 2411 1049 2467 dictum
1081 2424 1166 2470 est
1212 2416 1416 2473 alicubi
1474 2434 1607 2475 voce
1645 2420 1987 2481 Psalmista:
2029 2446 2046 2477 ι
2084 2427 2223 2493 Quia

649 2501 835 2555 omnia
864 2504 1117 2559 serviunt
1152 2506 1251 2562 tibi
1273 2508 1339 2563 ⁷⁸.
1378 2528 1397 2561 ι
1438 2507 1535 2566 Est
1566 2519 1749 2567 autem
1780 2524 1834 2570 et
1878 2525 2074 2571 natura
2109 2536 2222 2573 nta-

648 2592 860 2663 gister:
911 2598 1093 2655 omnis
1126 2600 1273 2655 enim
1310 2603 1589 2675 sapientia
1649 2616 1733 2663 est
1798 2624 1827 2662 a
1885 2609 2134 2679 Domino,
2170 2623 2224 2668 et

648 2686 827 2742 omnis
880 2687 1239 2761 intelligentia
1275 2709 1372 2763 per
1428 2697 1629 2767 ipsum.
1690 2698 2028 2771 Sapientiam
2076 2704 2222 2760 enim

647 2776 787 2832 indit
836 2780 1149 2849 spiritibus,
1202 2792 1262 2838 ut
1317 2787 1613 2856 sapientia,
1654 2800 1710 2846 et
1763 2796 1911 2848 omni
1959 2804 2225 2851 creatura

648 2870 926 2936 rationali,
962 2874 1175 2930 calesti
1202 2890 1267 2930 ac
1304 2884 1538 2935 terrena
1564 2884 1975 2939 convenientem
2011 2886 2224 2942 intelle-

649 2969 800 3017 ctum
838 2963 1049 3020 inserit.
1100 2965 1576 3048 Quemadmodum
1618 2975 1764 3030 enim
1802 2976 1921 3045 ipse
1978 2991 2101 3032 cum
2151 2978 2223 3033 sit

650 3054 955 3109 secundum
983 3066 1234 3112 naturam
1266 3060 1402 3124 vita,
1431 3064 1615 3118 omnia
1647 3066 1773 3121 vita
1808 3069 2036 3136 capacia
2082 3070 2221 3124 vivi-

2325 2328 2629 2401 πρυσμένοι
2660 2343 2723 2395 γε
2755 2326 2863 2398 μὴν
2892 2326 3035 2380 κατά
3053 2326 3212 2398 χάριν
3234 2329 3347 2389 τοῖς
3378 2326 3518 2397 ὑπὲρ
3551 2326 3711 2395 φύσιν
3733 2343 3793 2380 τε
3823 2327 3925 2380 καὶ

2323 2421 2493 2487 ἀξίοις
2527 2419 2814 2491 ὀνόμασιν·
2863 2418 2979 2472 ἀλλ’
3020 2418 3135 2471 ἔστι
3177 2420 3242 2489 τῇ
3292 2418 3453 2488 φύσει
3500 2417 3726 2488 Κύριος,
3781 2435 3925 2472 κατ·

2324 2513 2646 2580 εξουσιάζων
2676 2512 2785 2565 τῶν
2836 2510 2993 2575 ὅλων,
3019 2510 3094 2574 ὡς
3128 2509 3281 2575 Θεὸς,
3309 2510 3444 2580 πρὸς
3475 2510 3534 2565 ὃν
3564 2510 3785 2581 εἴρηταί
3816 2526 3924 2562 που

2322 2606 2410 2659 διά
2453 2606 2552 2677 τῆς
2579 2603 2673 2656 τοῦ
2711 2602 3007 2672 ψάλλοντος
3041 2600 3255 2671 φωνῆς·
3294 2621 3311 2651 ι
3346 2602 3471 2653 Ὅτι
3512 2601 3580 2654 τά
3620 2600 3929 2671 σύμπαντα.

2321 2696 2485 2750 δοῦλά
2515 2713 2627 2748 σου.
2663 2713 2681 2746 ι
2720 2693 2872 2746 Ἔστι
2901 2692 2957 2745 δὲ
2982 2694 3047 2763 τῇ
3079 2691 3237 2761 φύσει
3268 2692 3360 2745 καὶ
3386 2691 3742 2755 διδάσκαλοςο
3771 2694 3928 2744 πᾶσα

2323 2788 2432 2859 γάρ
2463 2786 2623 2855 σοφία
2653 2784 2806 2857 παρά
2831 2782 3061 2855 Κυρίου,
3085 2784 3178 2836 καὶ
3200 2785 3351 2837 πᾶσα
3384 2784 3599 2847 σύνεσις
3626 2783 3693 2836 δι’
3719 2784 3923 2837 αὑτοῦ.

2324 2880 2485 2947 Σοφοῖ
2527 2877 2637 2949 γὰρ
2664 2877 2739 2939 ὡς
2784 2874 2943 2944 σοφία
2978 2875 3047 2929 τὰ
3094 2875 3281 2945 νοητά,
3314 2874 3408 2928 καὶ
3454 2875 3604 2945 πάσῃ
3636 2874 3818 2926 κτίσει
3850 2878 3927 2945 τῇ

2323 2969 2536 3040 λογικῇ,
2569 2966 2877 3038 ἐπουρανίῳ
2903 2983 2964 3019 τε
3002 2968 3098 3019 καὶ
3126 2965 3350 3034 ὲπιγείῳ
3376 2964 3473 3036 τὴν
3503 2966 3641 3035 αὑτῇ
3670 2966 3923 3035 πρέπουσ

2326 3079 2425 3117 σαν
2476 3060 2751 3133 ὲνσπείρει
2803 3058 3043 3112 σύνεσιν.
3077 3059 3284 3129 Ὂνπερ
3335 3058 3443 3128 γάρ
3498 3058 3701 3126 τρόπον
3756 3057 3927 3119 αὐτὸς

652 3143 798 3210 ﬂeat,
834 3146 908 3200 ita
942 3162 1064 3202 cum
1102 3149 1175 3204 sit
1206 3151 1326 3222 ipse
1364 3154 1635 3223 sapientia
1695 3155 1909 3221 Patris,
1967 3160 2225 3215 omnibus

2328 3153 2585 3223 ὑπάρχων
2614 3154 2647 3221 ἡ
2687 3148 2829 3204 κατά
2854 3148 3014 3218 φύσιν
3064 3148 3198 3220 ζωὴ,
3247 3146 3507 3216 ζωογονεῖ
3547 3146 3615 3199 τά
3642 3147 3827 3201 πάντα
3856 3150 3928 3199 τά

650 3235 794 3291 indit
826 3238 1103 3309 sapientia
1128 3241 1294 3308 dona,
1330 3259 1551 3300 sensum
1577 3246 1835 3303 videlicet
1892 3257 1945 3303 et
1998 3265 2214 3307 omnem

2328 3244 2470 3312 ζωῆς
2493 3240 2739 3303 δεκτικὰ,
2769 3239 2943 3304 οὑτως
2990 3240 3221 3310 ἐπείπερ
3264 3239 3425 3302 αὑτός
3477 3239 3623 3291 ἑστιν
3668 3241 3702 3307 ἡ
3756 3240 3925 3307 σοφία

651 3332 1017 3401 cognitionem
1053 3334 1349 3391 bonorum.
1383 3338 1590 3392 Natura
1617 3340 1804 3408 itaque
1835 3343 2219 3399 universorum

2328 3337 2414 3391 τοῦ
2446 3336 2679 3407 Πατρδς,
2709 3336 2874 3388 πᾶσιν
2907 3335 3147 3405 ἐντίθησι
3181 3335 3250 3389 τά
3287 3334 3480 3403 σοφίας
3502 3334 3674 3405 δῶρα,
3710 3336 3926 3406 φρόνη-

650 3420 915 3480 Dominus
944 3433 1027 3480 est
1060 3442 1125 3483 ac
1182 3429 1445 3499 magister
1474 3429 1669 3486 Filius.
1705 3431 1842 3487 Cum
1903 3450 2003 3506 ego
2032 3436 2219 3505 igitur,

652 3514 849 3585 inquit,
901 3526 1084 3573 tantus
1117 3518 1173 3572 in
1213 3519 1408 3589 gloria,
1444 3520 1513 3575 ad
1570 3530 1777 3577 tantam
1819 3540 1905 3581 me
1936 3526 2222 3583 demittere

652 3606 1012 3665 humilitatem
1041 3626 1149 3665 non
1181 3611 1283 3667 sim
1345 3611 1691 3684 dedignatus,
1733 3624 1793 3670 ut
1828 3617 1993 3672 etiam
2055 3619 2221 3688 pedes

649 3704 865 3755 vestros
892 3700 1143 3767 laverim,
1166 3702 1444 3772 quomodo
1474 3720 1574 3761 vos
1596 3710 1870 3764 recusatis
1895 3710 2034 3765 alter
2062 3711 2220 3765 alteri

650 3786 705 3842 id
732 3786 954 3845 facere?
981 3789 1057 3845 Ex
1102 3791 1189 3847 bis
1224 3802 1407 3848 autem
1443 3794 1605 3851 docet
1660 3813 1767 3852 non
1800 3799 2001 3855 debere
2030 3817 2224 3871 quem-

650 3895 817 3950 quam
854 3890 1045 3937 contra
1079 3884 1312 3938 aliorum
1365 3887 1633 3943 honorem
1684 3890 1987 3947 insolenter
2016 3893 2221 3957 efferri,

653 3971 750 4027 sed
818 3972 1140 4030 existimare
1178 3992 1506 4033 conservum
1548 3981 1888 4049 superiorem
1951 3998 2108 4047 esse.
2170 3991 2227 4038 et

652 4062 850 4131 quavis
908 4064 962 4119 in
1022 4080 1079 4121 re
1131 4068 1583 4136 praeponendum.
1644 4067 1975 4125 Praelarum
2037 4072 2227 4143 utique

653 4154 1040 4211 documentum
1070 4175 1084 4212 :
1122 4159 1381 4215 modesta
1409 4161 1552 4217 enim
1584 4161 1751 4218 menti
1784 4172 1838 4217 et
1870 4178 1990 4232 qua
2024 4163 2227 4220 fastum

654 4257 970 4305 contemnat
1013 4250 1149 4305 nihil
1188 4259 1274 4307 est
1310 4253 1769 4322 comparandum,
1817 4263 1871 4309 et
1911 4256 2046 4311 nihil
2075 4272 2231 4326 aque

658 4339 854 4397 fratres
892 4352 944 4397 et
976 4343 1187 4399 amicos
1213 4343 1357 4398 inter
1386 4360 1445 4399 sc
1480 4346 1694 4411 dividit,
1747 4362 1810 4401 ac
1862 4348 2078 4405 misera
2114 4352 2231 4422 glo-

656 4431 813 4486 riola
846 4431 1122 4503 impotens
1174 4432 1365 4488 libido.
1417 4431 1644 4504 Semper
1672 4435 1818 4489 enim
1873 4438 2016 4506 quod
2050 4439 2230 4507 majus

2325 3447 2407 3483 σιν
2435 3428 2673 3498 δηλονότι
2726 3426 2819 3480 καὶ
2847 3427 3027 3480 πᾶσαν
3058 3425 3263 3495 είδησιν
3307 3424 3549 3493 ἀγαθῶν.
3593 3423 3759 3477 Φύσει
3814 3442 3927 3478 τοι-

2321 3521 2526 3591 γαροῦν
2550 3518 2660 3573 τῶν
2684 3518 2821 3571 ὅλων
2859 3516 3062 3588 Κύριός
3093 3516 3327 3570 ἐστικαὶ
3358 3516 3673 3577 διδάσκαλος
3700 3517 3728 3567 6
3760 3515 3920 3577 Υἱός.

2324 3616 2455 3669 Ὅτε
2511 3613 2691 3667 τοίνυν
2739 3613 2767 3664 6
2836 3610 3008 3682 μέγας
3073 3610 3131 3663 ἑν
3170 3608 3317 3680 δόξῃ,
3355 3609 3447 3661 καὶ
3500 3607 3751 3671 τοσοῦτος
3809 3608 3927 3676 ἐγὼ

2323 3708 2460 3779 πρὸς
2480 3707 2577 3776 τὴν
2596 3704 2739 3758 οὑτω
2786 3701 3137 3773 μικροπρεπῆ
3171 3698 3543 3755 καθικνεῖσθαι
3584 3700 3923 3752 ταπείνωσιν

2323 3800 2383 3852 οὑ
2427 3797 2766 3866 κατοκνήσας
2812 3794 3096 3863 φαίνομαι,
3142 3792 3219 3856 ὡς
3270 3791 3365 3846 καὶ
3409 3793 3535 3855 τοὺς
3569 3791 3724 3860 ὑμῶν
3771 3792 3919 3845 ἁπο-

2324 3886 2474 3956 νίψαι
2526 3885 2709 3950 πόδας,
2766 3884 2883 3948 πῶς
2939 3884 3005 3937 ἂν
3062 3882 3141 3935 ἔτι
3186 3884 3280 3936 καὶ
3321 3883 3496 3953 ὑμεῖς,
3532 3882 3686 3951 φησὶ,
3717 3900 3923 3952 παραι-

2324 3978 2503 4032 τεῖσθε
2538 3976 2785 4047 ἀλλήλοις
2829 3978 3040 4042 ποιεῖν;
3074 3975 3323 4028 Διδάσκει
3371 3974 3425 4028 δὲ
3462 3974 3554 4027 διά
3589 3974 3824 4034 τούτων,
3860 3976 3921 4026 τὸ

2331 4068 2406 4137 μὴ
2438 4067 2535 4137 τῆς
2577 4066 2777 4137 ἐτέρων
2816 4067 2981 4137 τιμῆς
3017 4063 3543 4127 καταλαζονεύεσθαι
3576 4063 3770 4132 φιλεῖν,
3802 4063 3921 4115 ἀλλ’

2329 4155 2662 4226 ὑπερφέρειν
2692 4155 2854 4208 αὑτοῦ
2884 4156 2974 4208 καὶ
2996 4154 3357 4226 προτετάχθαι
3399 4154 3541 4207 κατά
3595 4155 3703 4207 πᾶν
3738 4153 3923 4207 ὁτιοῦν

2328 4247 2531 4302 οἴεσθαι
2556 4247 2646 4301 τὸν
2673 4246 2977 4317 ὁμόδουλον.
3023 4246 3199 4299 Καλόν
3222 4262 3285 4314 γε
3324 4245 3525 4315 σφόδρα
3556 4244 3615 4297 τδ
3644 4244 3879 4315 μάθημα
3906 4261 3917 4273 ·

2332 4340 2673 4413 φρονήματος
2729 4338 2836 4409 γὰρ
2887 4338 3281 4407 άφιλοκομπεῖν
3349 4335 3600 4399 είωθότος
3675 4336 3778 4388 οὑκ
3830 4335 3923 4397 ἂν,

2331 4428 2504 4504 οἶμαι,
2535 4433 2619 4496 τἰς
2649 4430 2913 4495 ἐπιδείξαι
2959 4430 3019 4482 τὸ
3064 4429 3197 4493 ἴσον,
3237 4427 3390 4481 οὐδέν
3423 4445 3481 4480 τε
3508 4426 3651 4479 οὕτω
3683 4425 3919 4497 διίστησι

657 4528 742 4577 est
771 4522 1102 4592 appetimus,
1134 4529 1189 4577 et
1219 4523 1345 4576 vani
1398 4524 1522 4578 vita
1552 4523 1719 4594 hujus
1758 4525 1995 4583 honores
2048 4528 2227 4584 lubri-

2333 4526 2424 4578 καὶ
2448 4523 2707 4593 ἀδελφοὺς
2747 4522 2840 4575 καὶ
2881 4521 3091 4591 φίλους,
3123 4521 3253 4590 ὡςὴ
3284 4518 3392 4573 τῶν
3431 4518 3629 4573 ἀθλίων
3656 4517 3921 4590 δοξαρίων

657 4629 784 4669 cum
817 4622 1069 4670 nostrum
1112 4613 1360 4668 animum
1392 4616 1620 4685 adigunt
1654 4624 1713 4672 ut
1739 4617 2072 4675 clarioribus
2113 4636 2232 4675 ma-

658 4706 744 4778 gis
768 4721 833 4762 ac
862 4707 1035 4776 magis
1060 4706 1253 4761 inhiet.
1288 4708 1361 4763 Ut
1397 4708 1561 4777 igitur
1593 4716 1749 4765 tanto
1783 4712 1975 4767 morbo
2031 4713 2233 4769 libere-

660 4812 808 4863 mur,
868 4806 1078 4852 actam
1123 4798 1498 4853 detestandam
1547 4800 1827 4857 libidinem
1894 4804 2236 4860 excutiamus

660 4884 843 4956 (nihil
871 4885 1018 4940 enim
1047 4886 1195 4941 aliud
1226 4896 1310 4944 est
1338 4887 1429 4942 ille
1458 4886 1781 4945 ambitionis
1810 4891 2036 4946 morbus
2070 4907 2234 4964 quam

662 4977 1016 5047 prastigia),
1067 4979 1243 5049 ipsum
1296 4980 1684 5035 universorum
1742 4996 1922 5053 regem
1955 4982 2235 5038 Christum

663 5077 781 5124 toto
815 5070 998 5126 animo
1028 5075 1483 5142 complectamur,
1516 5075 1611 5145 qui
1661 5075 2060 5145 discipulorum
2104 5092 2238 5130 suo-

665 5174 787 5214 rum
818 5160 986 5229 pedes
1026 5162 1231 5218 idcirco
1269 5165 1422 5230 lavit,
1460 5176 1521 5221 ut
1560 5182 1663 5222 nos
1696 5167 1927 5222 invicem
1964 5168 2015 5222 id
2068 5166 2239 5221 facia-

666 5264 811 5305 mus.
848 5249 963 5306 Hoc
988 5254 1131 5307 enim
1156 5263 1315 5324 pacto
1341 5258 1520 5313 omnis
1548 5259 1821 5327 superbia
1840 5258 2036 5314 modus
2068 5259 2237 5313 inter-

665 5340 938 5409 cludetur,
972 5352 1025 5399 et
1055 5361 1219 5402 omne
1260 5363 1436 5417 genus
1487 5349 1779 5406 mundana
1803 5350 2118 5406 ambitionis
2152 5368 2240 5407 re.

668 5436 925 5506 pelletur.
977 5436 1115 5492 Nam
1168 5440 1216 5494 si
1268 5439 1360 5495 ille
1417 5448 1613 5494 natura
1660 5441 1929 5499 Dominus
1977 5450 2239 5514 tanquam

667 5542 862 5584 servus
887 5528 1067 5585 factus
1090 5539 1196 5596 est,
1226 5530 1503 5601 quomodo
1524 5548 1626 5588 nos
1648 5536 1794 5590 servi
1823 5535 2032 5607 aliquid
2063 5537 2243 5592 istius-

670 5618 821 5674 modi
850 5618 993 5675 ferre
1021 5622 1158 5676 citra
1190 5622 1535 5692 gravissima
1565 5639 1737 5696 pana
1788 5625 2094 5696 periculum
2152 5642 2241 5720 re-

670 5727 907 5768 nuamus
928 5714 949 5766 ζ’
2176 5714 2194 5720 ⁷
2242 5714 2245 5715 ⁷

747 5891 793 5925 ⁷⁸
831 5890 979 5949 Psal.
1016 5910 1220 5967 cxvm,
1259 5895 1346 5951 9i.

2330 4615 2571 4687 ἀκρατὴς
2614 4614 2900 4684 ἐπιθυμία.
2937 4613 3049 4667 Ἀεὶ
3096 4612 3205 4683 γάρ
3244 4629 3361 4675 πως
3409 4611 3469 4664 τὸ
3505 4612 3687 4682 μεῖζον
3728 4610 3919 4682 αἱρού-

2336 4708 2492 4780 μεθα,
2536 4709 2630 4761 καὶ
2669 4710 2780 4770 τοῖς
2822 4706 3226 4776 λαμπροτέροις
3272 4703 3541 4774 ὲπιπηδᾷν
3580 4706 3633 4757 αἱ
3681 4703 3924 4757 διάκενοι

2332 4799 2426 4853 τοῦ
2453 4800 2566 4869 βίου
2596 4800 2751 4868 τιμαὶ
2779 4797 2869 4850 τὸν
2900 4795 3173 4850 εὑόλισθον
3205 4794 3363 4864 ἡμῶν
3390 4794 3741 4847 ἀναπείθουσι
3771 4794 3920 4851 νοῦν.

2337 4894 2455 4945 Ἵνα
2494 4892 2672 4947 τοίνυν
2718 4891 2814 4959 τῆς
2854 4888 3110 4959 τοιαύτης
3158 4886 3551 4958 καταλήξωμεν
3590 4886 3768 4949 νόσου,
3823 4889 3925 4938 καὶ

2334 4986 2433 5056 τῆς
2458 4983 2601 5038 οὕτω
2629 4982 2887 5054 βδελυρᾶς
2914 4980 3364 5051 ἀποπαυσώμεθα
3397 4977 3690 5047 ἐπιθυμίας
3712 4978 3923 5048 (ἀπάτη

2334 5076 2464 5146 γάρ,
2491 5076 2583 5129 καὶ
2618 5074 2706 5127 ’ἐτε
2716 5092 2806 5145 ρον
2834 5073 2984 5125 οὑδὲν
3018 5072 3077 5125 τὸ
3107 5071 3378 5140 φιλόδοξον
3409 5067 3621 5137 πάθος),
3650 5067 3814 5121 αὑτὸν
3839 5072 3924 5132 εἰς

2334 5171 2532 5222 οἰκεῖον
2578 5166 2861 5237 δεχώμεθα
2900 5166 3022 5219 νοῦν
3076 5166 3166 5219 τὸν
3214 5167 3469 5219 ἁπάντων
3526 5160 3750 5231 βασιλέα
3788 5162 3927 5231 X9:-

2338 5259 2480 5320 στὸν,
2513 5257 2603 5310 διά
2642 5256 2799 5310 τοῦτο
2841 5256 3071 5325 νίψαντα
3118 5256 3223 5308 τῶν
3266 5253 3519 5326 μαθητῶν
3560 5254 3684 5315 τοὺς
3731 5251 3919 5313 πόδας,

2337 5351 2423 5403 ἵνα
2454 5351 2544 5403 καὶ
2572 5352 2729 5420 ἡμεῖς
2766 5348 2890 5411 τοὺς
2922 5348 3186 5417 ἀλλήλων.
3227 5348 3325 5400 Διά
3370 5346 3476 5416 γὰρ
3526 5343 3713 5397 τούτου
3758 5343 3921 5395 κολα-

2341 5441 2599 5513 σθήσεται
2632 5441 2729 5512 μὲν
2755 5441 2899 5503 ἄπας
2929 5439 3241 5504 ἀλαζονείας
3285 5438 3502 5508 τρόπος,
3526 5438 3668 5490 άπαν
3700 5434 3756 5488 δὲ
3785 5428 3922 5493 εἶδος

2340 5533 2609 5604 κοσμικῆς
2655 5530 2957 5601 φιλοδοξίας
2998 5527 3239 5582 ἐκποδὼν
3287 5530 3585 5597 οἰχήσεται.
3631 5525 3694 5577 Ei
3742 5524 3848 5593 γὰρ
3894 5524 3922 5573 6

2342 5626 2499 5695 φύσει
2544 5625 2745 5696 Κύριος
2812 5624 2887 5686 ὡς
2931 5621 3167 5689 οἰκέτης,
3212 5618 3329 5682 πῶς
3380 5619 3440 5670 τὸ
3478 5616 3663 5670 δοῦλον
3713 5614 3811 5667 οὑκ
3852 5612 3919 5664 ἂν

2341 5719 2515 5771 ἓλοιτό
2542 5736 2594 5771 τι
2627 5718 2819 5771 παθεῖν
2842 5717 2950 5769 τῶν
2975 5712 3123 5783 αὑτῷ
3155 5710 3640 5783 πρεπωδεστάτων,
3664 5708 3759 5760 καὶ
3799 5706 3917 5773 οὐχὶ

2350 5809 2532 5865 λοιπὸν
2559 5810 2653 5881 τὴν
2682 5807 2905 5861 ἀπασῶν
2934 5806 3167 5876 ἐσχάτην
3192 5803 3421 5875 ἀποτίσῃ
3446 5801 3598 5870 δίκην
3622 5816 3636 5862 ς
