4144 6490
214 441 319 499 ηδ

1304 436 1370 493 IN
1409 435 1695 494 IOANNIS
1732 430 2188 489 EVANGELIUM
2228 431 2356 487 LIB.
2398 429 2489 485 IX.

292 557 500 626 Ἀμὴν,
529 557 692 628 ἀμὴν
723 555 878 627 λέγω
904 555 1065 626 ὑμῖν,
1096 557 1207 609 οὐκ
1238 555 1369 610 ἔστι
1399 555 1617 620 δοῦλος
1650 552 1778 623 μεί-

1952 547 2091 612 χιιι,
2124 548 2212 612 16,
2254 548 2335 600 l7.
2378 548 2543 599 Amen
2579 558 2726 596 amen
2756 542 2876 595 dico
2906 542 3069 605 vobis,
3103 559 3203 596 non
3234 550 3309 596 est
3350 560 3460 598 ser-

208 649 322 711 ζων
360 649 467 705 τοῦ
508 649 719 717 κυρίου
749 648 956 714 αὐτοῦ,
999 648 1142 702 οὐδὲ
1189 648 1531 713 ἀπόστολος
1573 643 1781 716 μείζων

206 739 317 795 τοῦ
340 738 691 808 πέμψαντος
719 738 924 792 αὐτόν.
955 740 1019 791 Ei
1047 738 1233 792 ταῦτα
1264 737 1485 803 οἴδατε,
1503 732 1784 805 μακάριοί

205 830 367 893 ἐστε,
400 831 510 886 ἐὰν
540 829 747 898 ποιῆτε
771 828 946 884 αὑτά.

278 921 481 993 Νόμοις
516 921 639 993 [τον.
678 918 901 991 ὅρκοις]
945 919 1136 989 ὥσπερ
1181 916 1499 985 ἀναγκαίοις
1552 913 1784 986 ὀχυροῦν

205 1009 400 1064 ιπεται
427 1010 662 1081 Χριστὸς
703 1009 799 1063 τοῦ
839 1008 1237 1078 πεπραγμένου
1268 1007 1366 1077 τὴν
1395 1005 1645 1075 δύναμιν.
1688 1002 1783 1056 καὶ

207 1103 630 1175 σφαλερωτάτην
667 1103 949 1166 παντελῶς
992 1101 1283 1170 ἀποφαίνει
1317 1098 1415 1170 τὴν
1468 1097 1782 1169 παράϐασιν

201 1193 303 1262 τῆς
330 1192 708 1264 σωτηριὼδους
746 1193 985 1261 ἐντολῆς.
1028 1193 1101 1244 Τὸ
1137 1192 1244 1260 γὰρ
1301 1191 1447 1259 ὅρκῳ
1487 1186 1785 1259 βεδαιωθέν

202 1282 305 1335 οὐκ
327 1282 663 1352 ἀνέγκλητον
700 1280 814 1351 ἔχει
838 1282 939 1351 τὴν
980 1280 1357 1351 παραδρομὴν.
1400 1278 1783 1347 Κατηγόρημα

199 1374 416 1436 τοίνυν.
448 1376 650 1446 φησὶν,
698 1373 1107 1444 ἀπροφάσιστον
1150 1372 1263 1432 τοῖς
1298 1369 1541 1431 οἰκέταις
1566 1410 1579 1433 ,
1620 1370 1666 1419 εἰ
1706 1368 1781 1439 μὴ

198 1465 270 1519 τά
299 1466 391 1519 ῑσα
417 1469 637 1537 φρονεῖν
668 1464 901 1518 ἐθέλοιεν
933 1464 1042 1526 τοῖς
1074 1460 1226 1522 ἰδίοις
1248 1459 1553 1521 δεσπόταις.
1590 1457 1784 1510 Πλεον-

200 1558 325 1624 εξία
370 1559 483 1629 γάρ
526 1558 628 1630 ήδη
661 1558 756 1611 καὶ
785 1556 968 1625 ἕτερον
1005 1554 1177 1618 οὐδὲν,
1212 1553 1272 1606 τὸ
1310 1552 1404 1606 τοῦ
1440 1550 1684 1622 μείζονάς
1722 1567 1780 1603 τε

200 1650 298 1705 καλ⁵
344 1652 491 1723 ὑπὲρ
537 1650 691 1715 ἀξίαν
741 1650 903 1719 ἐρᾷνο
956 1646 1277 1709 ἀποστόλοις
1325 1663 1383 1698 τε
1434 1643 1639 1713 ὁμοίως
1685 1642 1786 1715 τὴν

199 1740 376 1811 αὐτὴν
410 1741 477 1794 ἂν
507 1739 731 1802 εἰκότως
774 1738 987 1791 ἐποίσαι
1018 1737 1236 1809 γραφὴν
1260 1778 1274 1801 ,
1313 1738 1372 1789 τὸ
1409 1737 1467 1793 ἐν
1507 1734 1786 1804 ἀμείνοσιν

198 1825 341 1884 εἶναι
374 1830 560 1901 ζητεῖν
584 1872 600 1897 ,
633 1829 664 1901 ἢ
705 1833 762 1884 ἐν
810 1825 893 1893 οἷς
930 1832 1078 1882 ἐστιν
1116 1831 1144 1882 ὀ
1188 1827 1515 1890 ἀποστείλας
1564 1825 1780 1888 αὐτούς.

1882 658 1972 695 vus
2000 640 2174 708 major
2204 639 2417 691 domino
2444 652 2561 702 suo,
2592 650 2753 704 neque
2782 632 3055 701 apostolus
3088 634 3260 700 major
3288 643 3368 687 est
3399 651 3459 687 eo

1879 734 1970 804 qui
1994 734 2138 787 misit
2172 731 2345 785 illum.
2386 729 2446 785 Si
2479 730 2588 784 luet:
2615 728 2789 791 scitis,
2827 726 2968 779 beati
3021 726 3192 791 eritis,
3239 726 3285 778 si
3321 725 3459 795 fece-

1882 826 2001 878 ritis
2023 842 2107 879 ea.

1952 914 2291 971 Juramentis
2334 914 2499 969 veluti
2542 912 2880 968 necessariis
2948 909 3079 964 facti
3134 908 3243 963 vim
3281 907 3461 962 firmat

1882 1008 2158 1073 Christus,
2213 1013 2267 1061 et
2321 1005 2833 1075 prmraricationem
2900 1003 3160 1058 salutaris
3202 999 3459 1070 pracepti

1882 1100 2207 1169 periculosa:
2262 1098 2482 1167 plenam
2563 1096 2694 1149 aleae
2760 1094 3024 1150 ostendit.
3091 1092 3248 1159 Quod
3313 1092 3461 1146 enim

1877 1190 2242 1262 jurejurando
2289 1190 2567 1243 firmatum
2627 1188 2794 1258 728
2848 1197 2954 1253 est,
2990 1203 3096 1241 non
3131 1187 3252 1239 sine
3299 1184 3463 1252 culpa

1886 1283 2343 1356 prietermittitur.
2373 1281 2597 1335 Crimen
2642 1280 2812 1348 igitur
2842 1278 3226 1332 inexcusabile
3281 1276 3464 1331 famu-

1885 1380 2060 1433 lorum
2097 1384 2203 1439 est,
2256 1374 2458 1443 inquit,
2491 1371 2843 1426 dominorum
2904 1370 3175 1423 voluntati
3230 1367 3463 1436 obsequi

1886 1472 2049 1525 nolle.
2092 1467 2454 1537 Prazsumptio
2490 1464 2699 1535 quippe
2741 1470 2846 1526 est,
2904 1461 3116 1529 majora
3151 1475 3315 1528 quam
3365 1474 3465 1528 par

1888 1564 1960 1619 sit
1992 1569 2250 1632 appetere
2278 1579 2290 1613 :
2330 1570 2385 1612 et
2416 1556 2654 1627 apostoli
2682 1555 2936 1611 similiter
2963 1550 3222 1621 culpandi
3254 1551 3386 1613 sint,
3418 1551 3465 1606 si

1888 1653 2009 1722 plus
2064 1650 2167 1704 sibi
2222 1656 2510 1703 assumant
2559 1660 2723 1716 quam
2778 1644 2829 1699 is
2885 1658 2915 1696 a
2968 1656 3078 1713 quo
3113 1641 3266 1695 missi
3311 1647 3463 1694 sunt.

1890 1742 2131 1797 Sufﬁciet
2159 1741 2305 1796 enim
2358 1740 2439 1794 eis
2473 1739 2541 1793 ad
2580 1736 2762 1791 omnis
2815 1734 3085 1788 claritatis
3127 1745 3464 1795 mensuram,

1888 1853 2011 1892 cum
2044 1852 2108 1891 eo
2150 1849 2180 1887 a
2212 1849 2321 1905 quo
2350 1832 2503 1886 missi
2566 1839 2713 1893 sunt,
2746 1828 2993 1897 ejusdem
3028 1840 3151 1879 esse
3212 1824 3466 1894 spiritus.

208 1922 463 1995 ’Δρκέσει
508 1923 619 1994 γὰρ
667 1922 871 1985 αὐτοῖς,
918 1924 995 1985 εἰς
1029 1920 1278 1985 εὐκλείας
1309 1919 1528 1991 ἀπάσης
1560 1919 1781 1989 μέτρον,

1891 1928 2004 1983 Hoc
2038 1935 2221 1981 autem
2260 1924 2399 1979 nihil
2441 1922 2591 1977 aliud
2636 1928 2756 1974 erat
2811 1934 2975 1989 quam
3034 1915 3238 1980 dicere,
3268 1913 3467 1968 Coram

195 2013 293 2068 τοῦ
346 2014 703 2085 πεπομφότος
748 2014 808 2067 τὸ
847 2014 1121 2085 φρόνημα.
1186 2013 1357 2065 Τοῦτο
1409 2012 1465 2065 δέ
1518 2008 1586 2082 ἦν
1630 2012 1783 2067 οὐδὲν

198 2106 389 2177 ἓτερον
434 2105 468 2175 ἢ
508 2108 687 2159 ἐκεῖνο
723 2105 940 2169 πάντως
974 2107 1149 2157 εἰπεῖν
1176 2145 1191 2170 ,
1241 2105 1323 2157 ὄτι
1371 2104 1783 2176 Γελασθήσεσθε

198 2198 424 2261 δικαίως
454 2197 550 2251 ἐπὶ⁸
589 2198 684 2251 τοῦ
727 2196 869 2250 θείου
903 2196 1148 2267 βήματος
1173 2237 1186 2259 ,
1235 2199 1283 2250 εἰ
1328 2196 1502 2250 ταῦτα
1529 2197 1662 2268 δρᾷν
1702 2200 1785 2260 εἰς

201 2289 467 2362 ἀλλήλους
512 2289 667 2342 αὐτοὶ
708 2288 1063 2358 παραιτεῖσθε
1112 2289 1177 2342 δι’
1225 2288 1560 2361 ὑπεροψίαν,
1605 2290 1785 2344 καίτοι

200 2380 266 2435 τὺ
314 2381 415 2451 τῆς
457 2380 702 2444 δουλείας
755 2380 923 2448 ὄνομα
971 2379 1228 2450 λαχόντες
1266 2380 1479 2443 κοινὸν,
1530 2380 1673 2452 ἅπερ
1707 2382 1788 2444 εἰς

206 2474 355 2544 ὑμᾶς
386 2470 527 2540 ἐγὼ,
572 2471 750 2524 καίτοι
803 2470 941 2524 κατὰ
998 2471 1159 2541 φύσιν
1196 2472 1459 2542 ὑπάρχων
1512 2472 1643 2535 Θεὸς
1695 2473 1790 2526 καὶ

205 2563 434 2634 Κύριος.
480 2562 716 2613 Ἀτοπον
753 2559 862 2630 γὰρ
896 2558 1146 2629 ἀληθῶςν
1201 2559 1401 2629 μᾶλλον
1444 2558 1501 2611 δὲ
1543 2559 1644 2629 ἤδη
1690 2560 1791 2629 τῆς

205 2652 470 2706 ἀνωτάτω
514 2651 711 2721 μανίας
747 2651 847 2703 οὐκ
892 2648 1194 2721 ἀμοιροῦν,
1250 2650 1468 2712 οἰκέτας
1511 2650 1670 2713 ὀντας
1730 2651 1789 2703 ἐν

206 2744 454 2798 ἐλάττοσι
495 2742 587 2795 τοῦ
619 2742 711 2796 καὶ
744 2742 1013 2796 Δεσπότου
1050 2742 1141 2795 καὶ
1189 2738 1611 2805 ἀποστείλαντος
1636 2783 1650 2808 ,
1692 2743 1789 2795 ἐπε

206 2834 467 2907 ερυθριᾷν
518 2833 733 2897 ἀτόπως
792 2834 859 2903 τῇ
917 2832 1055 2903 πρὸς
1106 2832 1369 2903 ἀλλήλους
1435 2832 1669 2903 δουλεία.
1723 2834 1786 2886 Εἰ

205 2927 380 2981 ταῦτα
414 2926 594 2979 τοίνυν
627 2924 741 2978 ἴστε
764 2966 779 2989 ,
820 2924 957 2995 φησὶ
985 2964 998 2987 ,
1032 2923 1178 2977 τοῦτ’
1210 2923 1358 2977 ἔστιν
1381 2965 1395 2989 ,
1428 2927 1476 2978 εἰ
1507 2928 1647 2978 νοεῖν
1690 2925 1785 2977 δύ-

205 3019 369 3074 νασθε
400 3017 616 3087 σαφῶς,
664 3019 691 3071 ὃ
730 3034 909 3088 φημι,
948 3035 967 3068 ι
1004 3016 1282 3086 Μακάριοί
1313 3019 1435 3070 ἐστε
1469 3018 1564 3071 ἐὰν
1594 3018 1785 3088 ποιῆτε

210 3108 370 3162 αὐτά.
406 3127 427 3161 ι
462 3110 535 3162 Οὔ
568 3106 675 3178 γὰρ
725 3107 787 3160 τὸ
821 3106 1021 3160 εἰδέναι
1074 3106 1173 3177 τὴν
1233 3105 1470 3178 ἀρετὴν,
1530 3107 1668 3160 ἀλλὰ
1722 3108 1779 3160 τὸ

212 3200 533 3273 ἐργάζεσθαι
568 3200 768 3272 μᾶλλον
800 3198 1125 3270 ἀξιέραστόν
1171 3216 1230 3252 τε
1277 3201 1371 3252 καὶ
1419 3200 1783 3271 ἀξιοζήλωτον

1890 2022 2077 2077 divino
2106 2017 2367 2074 tribunali
2398 2016 2596 2071 merito
2631 2010 2971 2071 ridebimini,
3003 2008 3046 2062 si
3088 2008 3201 2061 haec
3247 2006 3384 2059 alter
3412 2004 3466 2057 in

1890 2114 2121 2167 alterum
2145 2110 2336 2165 facere
2366 2122 2477 2178 pra:
2508 2104 2765 2175 superbia
2796 2101 3005 2162 nolitis,
3027 2099 3155 2152 licet
3179 2109 3471 2151 commune

1889 2202 2173 2258 servitutis
2223 2213 2419 2254 nomen
2482 2194 2689 2259 sortiti,
2738 2208 2861 2263 qua:
2910 2191 2963 2244 in
3004 2204 3101 2243 vos
3143 2201 3286 2255 ego,
3342 2185 3472 2237 licet

1892 2292 2195 2349 secundum
2252 2298 2508 2343 naturam
2546 2286 2823 2340 exsistens
2860 2280 3004 2335 Deus
3050 2294 3113 2333 ac
3179 2275 3466 2330 Dominus.

1891 2383 2205 2440 Absurdum
2250 2382 2399 2437 enim
2444 2387 2529 2434 est
2559 2376 2833 2449 profecto,
2884 2383 2937 2427 et
2986 2370 3214 2427 extremi
3265 2366 3471 2422 furoris

1894 2478 2134 2547 plenum,
2186 2488 2306 2537 vos,
2343 2486 2467 2525 cum
2528 2468 2676 2525 servi
2742 2467 2887 2529 sitis,
2929 2462 3162 2516 Domino
3198 2467 3251 2514 et
3283 2473 3348 2513 eo
3377 2456 3471 2527 qui

1896 2567 2048 2621 misit
2085 2566 2243 2632 longe
2298 2563 2567 2623 minores,
2605 2568 2851 2613 mutuam
2915 2563 3095 2608 tamen
3151 2552 3471 2607 servitutem

1894 2658 2244 2713 erubescere.
2278 2652 2336 2708 Si
2372 2654 2485 2707 haec
2513 2651 2671 2706 scitis
2706 2650 2894 2718 igitur,
2930 2643 3131 2713 inquit,
3198 2642 3305 2694 hoc
3361 2646 3470 2701 est,

1894 2751 1939 2807 si
1964 2750 2110 2805 clare
2142 2763 2307 2803 nosse
2332 2744 2569 2816 potestis
2596 2739 2744 2811 quod
2777 2738 2936 2799 dico,
2982 2754 2999 2785 ι
3042 2733 3192 2786 Beati
3241 2730 3381 2785 estis
3427 2732 3474 2784 si

1896 2840 2141 2898 feceritis
2168 2854 2253 2893 ea.
2291 2857 2309 2889 ι
2340 2835 2458 2889 Non
2510 2834 2657 2887 enim
2709 2830 2855 2883 scire
2884 2827 3170 2886 virtutem,
3230 2822 3323 2877 sed
3354 2837 3474 2877 eam

1894 2946 2153 2989 exercere
2182 2927 2478 2999 optandum
2511 2932 2595 2978 est
2640 2929 2805 2990 atque
2861 2916 3157 2971 laudabile.
3210 2914 3477 2969 Existimo

1890 3043 2022 3083 vero
2050 3031 2316 3098 praestare
2350 3016 2763 3089 quodammodo
2799 3028 2918 3069 eam
2961 3027 3029 3066 ne
3068 3010 3329 3063 didicisse
3362 3006 3479 3076 qui-

1892 3118 2036 3179 dem,
2071 3128 2235 3185 quam
2262 3126 2387 3165 cum
2415 3106 2698 3168 didiceris,
2732 3104 2955 3175 pigritia
2980 3110 3212 3154 utentem
3243 3098 3474 3167 illigare,

1893 3220 1945 3265 ct
1980 3223 2102 3278 qum
2154 3212 2306 3259 recta
2338 3211 2393 3257 et
2421 3201 2564 3255 bona
2594 3212 2716 3254 esse
2768 3196 2946 3256 noris,
2984 3192 3133 3246 nolle
3190 3190 3482 3258 perlicere,

213 3292 345 3363 φαίη
383 3310 464 3355 τις
490 3292 577 3346 ἄν.
610 3288 777 3362 Οἶμαι
805 3291 859 3345 δὲ
906 3292 989 3344 ὅτι
1015 3292 1156 3361 τάχα
1190 3308 1307 3353 πως
1346 3292 1441 3344 καὶ
1474 3293 1697 3362 ἄμεινον
1725 3293 1786 3346 τὸ

1891 3304 2046 3375 juxta
2076 3296 2387 3354 Servatoris
2415 3308 2650 3347 vocem:
2699 3310 2717 3341 ι
2766 3288 2871 3355 Qui
2920 3302 3029 3341 non
3072 3282 3330 3354 cognovit
3381 3295 3480 3334 vo-

215 3384 338 3457 μηδ’
361 3385 496 3447 ὅλως
538 3382 729 3453 μαθεῖν
757 3422 770 3446 ,
814 3384 846 3454 ἢ
899 3382 1172 3452 μαθόντας
1225 3383 1368 3454 ὄκνῳ
1414 3384 1646 3453 πεδῆσαι
1697 3384 1787 3438 τὸν

211 3476 375 3543 νοῦν,
411 3476 503 3529 καί
534 3475 675 3545 ἆπερ
708 3475 771 3531 ἄν
800 3492 885 3538 τις
922 3475 1125 3546 ἀριστά
1170 3492 1229 3529 τε
1280 3477 1376 3530 καί¹
1422 3477 1598 3548 ὀρθῶς
1645 3478 1788 3549 ἔχειν

210 3567 398 3637 εἰδείη,
444 3567 519 3637 μὴ
553 3566 836 3637 βούλεσθαι
875 3565 1198 3637 κατορθοῦν,
1236 3568 1379 3621 κατά
1404 3570 1503 3639 τὴν
1541 3571 1633 3623 τοῦ
1674 3573 1789 3625 Σω-

208 3659 377 3729 τῆρος
399 3660 580 3728 φωνήν
602 3676 617 3689 ο
657 3677 676 3710 ι
717 3657 773 3713 Ὀ
805 3660 880 3730 μὴ
918 3658 1074 3722 εἰδὼς
1098 3659 1159 3712 τὸ
1193 3658 1404 3730 θέλημα
1446 3661 1541 3714 τοῦ
1581 3664 1789 3734 Κυρίου

212 3748 419 3814 αὐτοῦ,
464 3750 558 3802 καὶ
605 3747 678 3821 μὴ
722 3750 995 3820 ποιήσας,
1046 3750 1346 3821 δαρήσεται
1394 3752 1609 3821 ὀλίγας⁶
1667 3756 1694 3807 ὀ
1734 3754 1791 3807 δὲ

213 3838 394 3903 εἰδὼς,
423 3840 516 3893 καὶ
548 3839 622 3911 μὴ
652 3841 905 3911 ποιήσας,
936 3841 1229 3913 δαρήσεται
1265 3842 1484 3906 πολλάς.
1524 3863 1541 3895 ι
1576 3842 1665 3914 Τῷ
1691 3844 1792 3915 μὲν

214 3931 327 4003 γὰρ
354 3930 643 4001 ἠγνοηκότι
684 3931 984 3995 παντελῶς,
1023 3934 1071 3986 εἰ
1102 3934 1197 3988 καὶ
1239 3935 1517 3989 εὐθύνοιτό
1550 3954 1667 3998 πως
1699 3936 1792 3988 ἐπὶ

212 4026 281 4095 τῇ
315 4022 563 4095 ῥᾳστώνῃ
588 4024 768 4094 τυχὸν,
795 4025 855 4078 τὸ
876 4024 1008 4093 γοῦν
1035 4026 1262 4097 μετρίαν
1289 4029 1511 4099 αἰτῆσαι
1540 4030 1790 4098 συγγνώ-

219 4131 326 4186 μην
345 4115 405 4167 οὐ
439 4114 557 4168 λίαν
578 4114 923 4186 ἀνάρμοστον
948 4132 960 4144 ·
992 4114 1069 4185 τῷ
1094 4134 1156 4186 γε
1189 4118 1294 4189 μὴν
1326 4119 1486 4173 εἰδότι
1508 4123 1568 4173 τὸ
1599 4122 1790 4192 χρῆμα

215 4207 411 4275 γένοιτ’
447 4206 511 4261 ἂν
540 4206 802 4275 δυσαχθές
824 4209 903 4270 εἰς
933 4210 1278 4280 κατάκρισιν,
1312 4213 1343 4281 ή
1385 4213 1606 4281 γνῶσις.
1645 4215 1792 4267 Κατ-

214 4299 483 4369 εφρόνησε
520 4298 631 4368 γὰρ
650 4339 665 4361 ,
710 4297 922 4361 οὐδενὸς
954 4299 1101 4370 αὐτῷ
1130 4300 1409 4364 λείποντος
1443 4305 1523 4367 είς
1549 4304 1609 4357 τὸ
1634 4304 1793 4357 δύνα-

218 4389 344 4442 σθαι
372 4389 505 4460 δρᾷν
526 4389 595 4441 τά
636 4387 784 4458 αὐτῷ
816 4389 1263 4462 πρεπωδέστερα.
1299 4393 1420 4465 Χρὴ
1454 4393 1632 4447 τοίνυν
1656 4396 1793 4449 είδὸο

215 4498 315 4545 τας
342 4480 705 4552 ἐργάζεσθαι·
752 4480 957 4535 τέλειον
1005 4482 1113 4553 γάρ
1150 4484 1272 4537 τότε
1310 4486 1411 4556 τῆς
1468 4488 1527 4539 ἐν
1568 4487 1792 4559 Χριστῷ

216 4573 490 4636 πολιτείας
533 4572 597 4627 τὸ
630 4572 891 4645 καύχημα
949 4576 1353 4646 περικείμενοι,
1408 4578 1790 4651 πληρεστάτην

1890 3397 2159 3451 luntatem
2191 3388 2402 3443 domini
2438 3385 2544 3449 sui,
2576 3392 2629 3439 et
2660 3398 2770 3437 non
2798 3381 2953 3443 fecit,
2997 3377 3281 3448 vapulabit
3336 3387 3478 3444 pan-

1889 3486 2013 3541 cis:
2049 3483 2145 3553 qui
2181 3489 2361 3534 autem
2396 3474 2657 3545 cognovit
2712 3480 2767 3528 et
2826 3484 2937 3525 non
2990 3470 3141 3529 fecit,
3195 3464 3480 3535 vapulabit

1891 3577 2082 3632 multis
2102 3576 2167 3627 ".
2212 3592 2229 3624 ι
2263 3571 2376 3625 Nec
2402 3570 2547 3623 enim
2579 3567 2810 3620 multum
2841 3564 3069 3618 dedecet
3101 3576 3225 3613 eum
3260 3557 3477 3612 veniam

1890 3665 2225 3720 mediocrem
2251 3668 2437 3729 petere
2471 3657 2565 3725 qui
2605 3668 2834 3724 prorsus
2882 3650 3167 3721 ignorarit,
3224 3649 3354 3701 licet
3409 3646 3483 3701 ob

1892 3753 2167 3826 pigritiam
2204 3750 2347 3804 forte
2379 3763 2509 3802 reus
2545 3746 2657 3800 sit:
2693 3751 2749 3797 at
2797 3743 2846 3797 ei
2910 3741 3004 3811 qui
3044 3741 3229 3793 sciens
3266 3738 3478 3802 fecerit,

1892 3846 2134 3919 cognitio
2160 3839 2609 3901 condemnationi
2634 3839 2759 3893 erit.
2780 3835 3126 3905 Contempsit
3153 3834 3322 3894 enim,
3354 3847 3481 3885 cum

1893 3940 1959 3994 ad
2012 3937 2249 3993 cilicium
2299 3932 2639 4005 implendum
2696 3929 2835 3984 nihil
2875 3928 2923 3983 ei
2975 3927 3211 3981 deesset.
3254 3922 3482 3993 Oportet

1893 4031 2060 4101 igitur
2086 4027 2263 4097 utqui
2302 4026 2487 4081 sciunt
2519 4028 2824 4095 operentur
2851 4039 2863 4075 :
2901 4027 3035 4073 tunc
3063 4017 3209 4073 enim
3238 4015 3482 4085 perfecta

1892 4126 2016 4179 vitae
2040 4124 2096 4177 in
2128 4121 2353 4177 Christo
2382 4123 2684 4172 transacta:
2716 4113 2892 4185 gloria
2926 4110 3193 4173 redimiti,
3228 4106 3485 4179 plenissi-

1893 4232 2038 4273 mam
2087 4212 2383 4285 aliquando
2428 4208 2855 4265 retributionem
2909 4204 3270 4274 recipiemus.
3329 4198 3486 4254 Unde

1895 4308 2154 4363 Servator
2189 4319 2314 4360 eum
2362 4302 2455 4373 qui
2512 4299 2709 4355 fecerit
2766 4305 2820 4351 et
2871 4295 3155 4357 docuerit,
3224 4305 3484 4362 magnum

1895 4400 2076 4454 aiebat
2131 4397 2257 4466 jure
2308 4395 2509 4449 merito
2567 4398 2827 4446 vocatum
2875 4389 2944 4441 iri
2998 4388 3050 4440 in
3104 4400 3274 4456 regno
3310 4382 3486 4437 cmlo—

1896 4506 2015 4545 rum
2042 4490 2109 4545 '°.
2146 4487 2288 4553 Quid
2327 4487 2472 4541 enim
2510 4484 2575 4539 ad
2610 4484 2872 4550 pietatem
2907 4480 2956 4534 ei
2998 4480 3315 4535 deest?aut
3349 4492 3485 4547 qun-

1897 4581 2059 4636 modo
2096 4596 2206 4635 non
2241 4577 2508 4633 divinitus
2543 4577 2793 4647 acceptis
2830 4572 3258 4644 perfectissimis
3325 4570 3487 4625 donis

215 4664 360 4718 κατὰ
394 4666 618 4736 καιροὺς
643 4665 1035 4737 ἀποληψόμεθα
1060 4666 1156 4737 τὴν
1187 4667 1480 4723 ἀντίδοσιν.
1518 4671 1628 4724 Καὶ
1656 4670 1786 4739 γοῦν

1894 4673 2182 4744 glorietur,
2214 4672 2307 4741 qui
2345 4687 2571 4742 operum
2623 4670 2893 4724 bonorum
2959 4665 3254 4737 splendore
3288 4678 3484 4716 cumu-

214 4758 245 4809 ὀ
272 4754 465 4826 Σωτὴρ
520 4756 613 4809 τὸν
663 4757 966 4826 ποιήσαντα
1024 4759 1119 4811 καί
1152 4757 1437 4823 διδάξαντα
1481 4759 1656 4831 μέγαν
1686 4761 1789 4833 ἔφη

215 4845 619 4917 κληθήσεσθαι.
677 4848 772 4902 καὶ
810 4848 955 4917 μάλα
995 4848 1222 4913 δικαίως
1250 4891 1265 4913 ,
1325 4853 1383 4904 ἐν
1430 4854 1498 4923 τῇ
1545 4851 1793 4926 βασιλείᾳ

211 4937 327 4989 τῶν
352 4938 614 5009 οὐρανῶν.
652 4939 717 4991 Τί
739 4939 848 5011 γὰρ
881 4940 1030 5012 αὐτῷ
1059 4943 1119 4995 τὸ
1151 4942 1335 4996 λεῖπον
1361 4944 1441 5007 εἰς
1466 4944 1749 4999 εὐσέϐειαν
1776 4964 1790 5013 ;

214 5022 263 5097 ᾧ
301 5029 346 5082 δ’
377 5029 443 5083 ἂν
487 5031 729 5100 φαίνοιτο
774 5033 977 5103 προσὸν
1022 5034 1081 5088 τὸ
1130 5036 1189 5102 ἐξ
1232 5035 1409 5105 ἔργων
1461 5036 1683 5105 ἀγαθῶν
1736 5040 1792 5091 ἐν

210 5121 495 5193 ὁλοκλήρῳ
526 5123 834 5193 καυχᾶσθαι
856 5124 934 5195 τῷ
960 5125 1165 5197 μέτρῳ,
1200 5127 1317 5191 πῶς
1350 5128 1449 5181 οὐκ
1493 5128 1558 5182 ἂν
1585 5129 1793 5196 γένοιτο

214 5212 372 5283 παρά
404 5213 536 5266 Θεοῦ
571 5214 631 5268 τὸ
667 5214 1031 5277 τελειοτάταις
1064 5216 1325 5288 ἐπαυχεῖν
1351 5218 1622 5290 δωρεαῖς;
1656 5219 1794 5273 Σύν-

212 5302 418 5374 δρομος
444 5299 536 5358 οῦν
573 5305 681 5376 ἀρα
729 5309 841 5369 τοῖς
871 5305 1053 5375 ἔργοις
1086 5308 1214 5361 ὅταν
1244 5312 1276 5380 ή
1318 5310 1518 5379 γνῶσις
1548 5311 1793 5383 γένηται,

212 5396 340 5451 τότε
371 5397 435 5466 δή
478 5398 693 5460 πάντως
741 5398 978 5467 ὀνίνησιν
1024 5400 1086 5453 οὐ
1135 5401 1383 5472 μικρῶς·
1429 5401 1797 5468 ἐλλελοιπότος

213 5488 274 5541 δὲ
304 5486 587 5559 ὁποτέρου,
618 5489 791 5559 χωλὸν
821 5490 885 5561 δή
929 5492 1146 5556 πάντως
1172 5492 1234 5546 τὸ
1267 5493 1455 5565 ἕτερον
1488 5494 1662 5549 ἔσται.
1699 5496 1787 5549 Γέ-
1812 5527 1820 5534 -

220 5594 463 5651 γραπται
510 5579 602 5643 δὲ,
657 5582 737 5634 ὃτι
785 5584 896 5635 Καὶ
945 5583 1196 5653 ήπίστις
1242 5587 1410 5659 χωρὶς
1458 5587 1566 5641 τῶν
1618 5587 1795 5659 ἔργων

214 5671 392 5743 νεκρά
437 5672 575 5727 ἐστι.
628 5672 818 5726 Καίτοι
857 5673 916 5727 τὸ
966 5675 1165 5730 εἰδέναι
1215 5677 1349 5731 Θεὸν
1405 5679 1493 5731 τὸν
1548 5680 1641 5733 ἕνα
1699 5684 1789 5737 καί

291 5852 335 5884 ”
376 5847 511 5905 Luc.
549 5866 658 5918 xu,
696 5850 783 5903 47.
865 5853 909 5883 ⁸ο
953 5851 1143 5909 Matth.
1184 5872 1243 5920 γ,
1282 5857 1368 5913 l9.

1890 4768 1997 4823 late
2047 4765 2293 4837 fulgeat?
2342 4764 2573 4831 Quando
2608 4762 2778 4832 igitur
2817 4760 3122 4831 cognitioni
3185 4755 3483 4823 conjuncta

1891 4868 2020 4915 sunt
2050 4874 2243 4929 opera,
2275 4867 2407 4912 tunc
2441 4872 2548 4909 non
2576 4870 2771 4925 parum
2816 4854 2944 4907 inde
2974 4848 3230 4904 utilitatis
3269 4847 3481 4911 oritur;

1891 4955 2161 5009 alterutro
2198 4965 2331 5006 vero
2355 4948 2670 5014 deficiente,
2697 4960 2956 5001 mancum
2989 4956 3220 5012 prorsus
3245 4940 3482 4993 alterum

1890 5045 2019 5100 erit.
2041 5043 2318 5113 Scriptum
2337 5052 2421 5097 est
2446 5048 2653 5104 autem,
2698 5038 2857 5091 fidem
2894 5035 3011 5088 sine
3030 5031 3293 5100 operibus
3331 5044 3484 5081 mor-

1893 5142 2043 5188 tuam
2062 5132 2473 5201 esse.Quamvis
2487 5130 2631 5185 enim
2654 5127 2796 5182 scire
2808 5125 2976 5179 Deum
3001 5137 3165 5176 unum
3186 5129 3239 5175 et
3258 5128 3479 5183 natura,

1894 5226 2059 5296 729
2112 5240 2347 5295 eumque
2386 5224 2599 5278 sincere
2656 5233 2721 5273 ac
2754 5234 2886 5272 vere
2929 5214 3180 5271 confiteri
3218 5212 3352 5267 fides
3385 5212 3483 5279 sit,

1895 5328 2077 5373 tamen
2116 5318 2265 5375 istud
2324 5331 2549 5387 quoque
2594 5320 2877 5368 mortuum
2937 5317 3044 5374 est,
3108 5305 3215 5361 nisi
3253 5318 3481 5375 operum

1899 5410 2163 5481 splendor
2219 5419 2608 5478 consequatur.
2667 5404 2856 5460 Nonne
2916 5418 3048 5470 ergo
3114 5400 3315 5454 inutile
3395 5404 3483 5453 est

1903 5519 2133 5576 prorsus
2181 5503 2325 5558 scire
2363 5501 2498 5572 quid
2555 5502 2627 5557 sit
2678 5500 2909 5565 bonum,
2954 5494 3063 5551 nisi
3107 5492 3238 5548 illud
3298 5491 3482 5546 colere

1909 5597 2087 5652 velis?
2114 5594 2263 5651 llanc
2295 5596 2477 5667 itaque
2505 5595 2575 5651 ob
2599 5608 2824 5650 causam
2857 5592 3047 5646 beatos
3082 5588 3200 5643 fore
3232 5585 3309 5640 ait
3347 5596 3480 5637 suos

1905 5688 2235 5760 discipulos,
2274 5690 2386 5746 sive
2418 5688 2715 5745 credentes
2743 5685 2797 5740 in
2846 5700 2995 5752 eum,
3035 5674 3081 5737 si
3142 5692 3251 5734 non
3311 5671 3478 5730 modo
