4144 6476
732 378 835 437 ητ
1732 387 1790 442 S.
1819 386 2093 445 CYRILLI
2117 389 2590 452 ALEXANDRINI
2628 398 2950 457 ARCHIEP.
3890 406 4012 462 HS

729 490 1098 562 cognitionem
1135 509 1324 551 eorum
1358 510 1479 567 quae
1526 496 1716 554 docuit
1766 501 2139 572 susceperint,
2198 518 2257 559 se

2360 546 2369 569 ι
2398 506 2583 575 φύσει,
2616 509 2711 564 καὶ
2740 511 3023 581 ὁμολογεῖν
3063 513 3266 579 ἀδόλως
3305 531 3364 569 τι
3400 517 3495 571 καὶ
3533 518 3775 590 ἀληθῶς,
3826 519 4008 573 τοῦτό

728 581 775 638 si
798 597 864 639 ea
888 599 1106 656 quoque
1135 586 1387 643 fecerim.

2393 599 2540 653 ἐστιν
2569 602 2602 671 ἠ
2630 602 2834 667 πίστις,
2868 604 3004 659 ἀλλὰ
3044 605 3137 659 καλ⁸
3163 606 3325 661 τοῦτο
3352 609 3574 679 νεκρὸν,
3715 581 4004 683 παρεπο-

729 672 896 744 μένης
922 675 1070 748 αύτῷ
1092 680 1193 750 τῆς
1224 677 1284 743 ἐξ
1311 678 1486 750 ἔργων
1518 682 1895 757 φαιδρότητος.
1920 686 2045 752 Πῶς
2068 684 2161 742 οὖν
2185 687 2286 742 ούκ
2325 689 2582 763 ἀνόνητον
2630 695 2905 759 παντελῶς
2952 697 3014 750 τὸ
3063 696 3263 752 εἰδέναι
3306 697 3404 769 μὲν
3432 672 3684 771 τύχδνπί
3741 672 3829 755 αὗ
3899 705 3999 772 εἰη

723 765 785 820 τδ
837 767 1077 836 ἀγαθὸν,
1133 768 1210 841 μὴ
1283 768 1389 841 μὴν
1457 771 1662 827 ἐθέλειν
1710 774 1830 840 ἔτι,
1884 777 1981 831 καὶ
2030 777 2368 851 ἐπιτηδεύειν
2404 782 2574 850 αὐτός
2646 786 2744 840 Διὰ
2810 785 3014 859 ταύτην
3060 765 3348 861 τοιγαρούν
3397 765 3727 861 τὴν-ἀἰτίαν
3789 765 3999 865 pusca;

722 856 875 927 ρίους
936 857 1152 913 ἔσεσθαί
1212 876 1346 931 φησι
1405 862 1531 927 τοὺς
1590 864 1783 918 ἑαυτοῦ
1847 867 2129 939 μαθητὰς,
2173 871 2292 940 ἦτοι
2326 870 2452 934 τοὺς
2482 874 2835 940 πιστεύοντας
2874 856 3196 941 είςναύτόν,
3223 856 3303 932 -ού
3370 856 3532 949 μόνον
3569 856 3807 946 ἑλόντας.
3876 885 3996 937 τῶν

724 948 850 1020 παρ’
882 948 1047 1003 αύτοῦ
1097 949 1445 1021 λαλουμένων
1493 952 1592 1024 τὴν
1638 955 1845 1025 είδησιν
1870 1000 1885 1025 ,
1925 958 2041 1012 ἀλλ’
2084 959 2134 1013 εί
2190 957 2286 1013 καὶ
2324 958 2497 1032 δρῷεν
2528 963 2688 1019 αὑτά.

792 1038 930 1106 XIII,
951 1041 1033 1095 IS.
1062 1038 1180 1095 Non
1203 1041 1267 1096 de
1284 1044 1525 1097 omnibus
1545 1047 1686 1101 vobis
1709 1047 1830 1102 dico
1866 1066 1885 1103 :
1919 1067 2012 1121 ego
2033 1053 2169 1105 enim
2186 1051 2259 1105 sci

2467 1056 2549 1109 Οὐ
2596 1057 2730 1126 περὶ
2780 1056 3023 1112 πάντων
3071 1056 3239 1127 ὑμῶν
3284 1058 3439 1129 λέγω
3462 1076 3476 1090 ·
3529 1060 3645 1131 ἐγὼ
3686 1062 3803 1131 γὰρ
3842 1061 3993 1118 οἶδα

718 1146 847 1201 quos
889 1132 1131 1201 elegerim
1155 1174 1170 1197 ,
1205 1134 1296 1188 sed
1335 1144 1393 1188 ut
1440 1136 1799 1206 adimpleatur
1842 1140 2149 1212 Scriptura,
2188 1143 2259 1210 Qa

2390 1142 2560 1209 τίνας
2586 1144 2979 1215 ἐξελεξάμην,
3018 1146 3156 1201 ἀλλ’
3194 1147 3295 1199 ἵνα
3338 1148 3377 1215 ἠ
3406 1148 3616 1217 Γραφὴ
3649 1152 3985 1221 πληρωθῇ,

719 1223 1005 1277 manducet
1047 1241 1250 1280 mecum
1291 1242 1503 1296 panem,
1547 1229 1732 1285 levavit
1768 1244 1957 1288 contra
1992 1251 2073 1290 me
2102 1236 2256 1291 calca

2400 1231 2461 1285 Ὀ
2499 1231 2734 1302 τρώγων
2762 1234 2888 1303 μετ’
2914 1234 3061 1304 ἐμοῦ
3088 1234 3194 1287 τὸν
3230 1234 3432 1303 ἄρτον,
3466 1236 3693 1307 ἐπῆρεν
3729 1241 3837 1293 ἐπ’
3871 1242 3987 1311 ἐμὲ

717 1328 871 1368 neum
899 1330 1078 1371 suum.

2387 1322 2501 1391 τὴν
2535 1324 2801 1392 πτέρναν
2827 1327 2974 1379 αὐτο
2984 1325 3035 1380 ῦ.

784 1402 904 1459 Non
955 1420 1149 1475 parum
1194 1408 1551 1467 obscuritatis
1595 1411 1711 1468 haec
1752 1414 1921 1471 verba
1968 1417 2259 1473 continent

2459 1414 2531 1467 Ού
2565 1415 2768 1486 μικρὰν
2803 1418 2831 1468 ὁ
2856 1416 3014 1482 λόγος
3048 1416 3160 1487 ἔχει
3190 1418 3288 1488 τὴν
3332 1419 3600 1489 ἀσάφειαν
3634 1423 3693 1476 ὲν
3721 1423 3977 1488 τούτοις.

712 1492 850 1549 Nam
886 1495 1076 1555 beatos
1124 1497 1242 1554 fore
1265 1500 1459 1557 dicens
1489 1517 1584 1559 eos
1626 1504 1722 1575 qui
1753 1506 1881 1560 boni
1911 1508 2259 1578 cognitione"

2387 1504 2706 1574 Μακαρίους
2739 1506 2848 1576 γὰρ
2880 1506 3098 1560 ἔσεσθαι
3131 1507 3303 1575 λέγων
3341 1510 3467 1574 τοὺς
3506 1513 3565 1565 έν
3605 1512 3813 1580 γνώσει
3871 1517 3978 1585 μὲν

712 1585 940 1654 habent,
970 1596 1026 1644 et
1072 1605 1237 1661 Opere
1287 1593 1421 1648 illud
1472 1593 1656 1651 facere
1706 1598 1956 1665 student,
1994 1601 2253 1672 subjunxi

2386 1593 2607 1664 ἔχοντας
2631 1595 2692 1649 τὸ
2724 1596 2948 1665 ἀγαθὸν,
2990 1598 3136 1669 ἔργῳ
3162 1598 3220 1652 δὲ
3246 1598 3407 1652 τοῦτο
3442 1601 3681 1672 πληροῦν
3715 1606 3975 1658 σπουδά-

711 1677 924 1742 statim,
964 1697 983 1730 ι
1023 1679 1144 1736 Non
1189 1682 1257 1738 de
1286 1685 1549 1743 omnibus
1581 1687 1728 1753 dico,
1770 1708 1789 1743 ι
1824 1692 2158 1760 proditorem
2192 1695 2259 1748 in-

2384 1684 2594 1752 ζοντας,
2623 1686 2904 1758 ἐπήγαγεν
2939 1689 3120 1754 εὐθὺς,
3165 1708 3184 1741 ι
3218 1690 3293 1745 Ού
3324 1692 3453 1763 περὶ
3488 1692 3701 1746 πάντων
3729 1694 3912 1763 λέγω,
3949 1718 3969 1748 ο

712 1783 910 1835 nuens,
949 1780 1009 1826 ut
1061 1788 1162 1845 ego
1219 1790 1345 1831 cum
1394 1779 1584 1835 multis
1642 1782 1899 1841 existimo
1932 1805 1946 1841 :
1979 1800 2083 1842 nec
2137 1788 2259 1842 enin

2383 1777 2473 1830 τὸν
2505 1777 2769 1850 προδότην
2798 1780 3199 1850 αἰνιττόμενος,
3240 1782 3383 1836 κατά
3418 1798 3484 1851 γε
3521 1782 3584 1836 τὸ
3626 1784 3854 1850 πολλοῖς
3909 1806 3968 1841 τε

710 1860 854 1917 inter
889 1863 1078 1920 felices
1110 1873 1207 1920 aut
1233 1866 1424 1924 beatos
1458 1886 1700 1941 unquam
1739 1876 2123 1932 numerabitur
2185 1895 2256 1948 qu

2382 1867 2475 1921 καὶ
2497 1868 2619 1939 ἐμοὶ
2637 1868 2829 1923 δοκοῦν
2852 1887 2866 1901 ο
2903 1871 2963 1924 ού
2988 1870 3097 1943 γὰρ
3118 1873 3175 1925 ὲν
3201 1876 3313 1937 τοῖς
3332 1873 3590 1945 ζηλωτοῖς
3614 1877 3643 1929 ό
3669 1876 3965 1949 θεομισὴς,

710 1960 863 2008 tanta
902 1955 1184 2026 impietate
1233 1967 1473 2014 mentem
1505 1963 1900 2022 obstrinxerit.
1926 1966 1990 2021 Et
2034 1969 2128 2024 illa
2158 1971 2259 2040 qui

2379 1957 2489 2011 οὐδ’
2513 1958 2579 2013 ἂν
2610 1959 2666 2011 ἐν
2707 1963 2818 2023 τοῖς
2846 1962 3136 2033 μακαρίοις
3156 1964 3523 2037 καταταχθείη
3561 1968 3691 2021 ποτὲ
3720 1972 3788 2039 τῇ
3823 1986 3962 2023 τοσ-

706 2044 833 2099 dem
863 2055 947 2100 est
990 2048 1156 2117 hujus
1200 2048 1308 2105 loci
1354 2051 1499 2121 apud
1551 2056 1756 2113 multos
1806 2058 1936 2114 trita
1983 2063 2276 2118 sententia.

706 2134 864 2189 Alter
890 2144 1070 2192 autem
1100 2147 1364 2209 pneterea
1412 2158 1611 2201 sensus
1647 2156 1731 2203 est
1778 2148 2112 2207 istiusmodi.
2140 2153 2277 2209 Cum

703 2228 852 2281 enim
892 2228 1148 2285 dicturus
1196 2238 1347 2289 esset
1379 2232 1659 2305 Christus,
1673 2238 1833 2307 juxta
1872 2243 2277 2301 sanctissimam

705 2318 1053 2390 Scripturam
1086 2341 1099 2378 :
1136 2343 1154 2377 ι
1195 2324 1303 2391 Qui
1355 2328 1552 2384 edebat
1590 2346 1772 2387 meum
1814 2348 2037 2404 panem,
2064 2338 2275 2409 magni-

708 2408 894 2467 ticavit
952 2429 1122 2495 super
1181 2433 1268 2473 me
1319 2421 1849 2491 supplantationem,
1886 2427 2024 2493 sive,
2072 2408 2277 2487 levavit

701 2512 897 2557 contra
934 2520 1020 2560 me
1052 2506 1372 2564 caleaneum
1402 2527 1563 2567 suum
1588 2513 1633 2545 “
1673 2533 1687 2570 :
1730 2534 1749 2568 ι
1786 2519 2113 2589 purgatione
2136 2536 2275 2592 qua-

700 2591 828 2647 dam
863 2594 1017 2664 prius
1058 2599 1253 2666 utitur,
1285 2610 1343 2655 et
1374 2604 1673 2670 genuinum
1711 2607 1941 2665 aliorum
1972 2591 2274 2684 discipulo—

699 2696 821 2737 rum
852 2694 1052 2741 costum
1088 2686 1305 2753 delinit,
1331 2692 1427 2745 uni
1476 2690 1747 2751 duntaxat
1778 2699 2032 2755 criminis
2083 2710 2270 2759 notam

698 2774 1032 2846 impingens.
1060 2777 1200 2844 Quia
1238 2781 1385 2836 enim
1419 2798 1618 2850 panem
1647 2786 1771 2855 ejus
1802 2804 1998 2846 omnes
2033 2794 2270 2848 mandu-

695 2866 920 2929 cabant,
954 2879 1353 2927 conveseeutes
1382 2874 1648 2929 nimirum
1698 2885 1753 2931 et
1789 2895 1897 2934 una
1929 2896 2269 2938 consumen-

698 2965 783 3013 tes
804 2974 927 3028 quze
960 2976 1059 3030 per
1094 2977 1217 3017 eum
1247 2966 1431 3021 oblata
1473 2977 1655 3034 erant,
1691 2970 1903 3028 ideirco
1940 2974 2092 3030 inani
2122 2985 2268 3034 metu

697 3051 908 3106 conteri
933 3052 1234 3109 liberorum
1261 3066 1497 3115 mentem
1532 3075 1640 3116 non
1674 3061 1829 3129 sinit,
1857 3071 1908 3119 et
1934 3068 2269 3137 suspicionis

2377 2049 2516 2121 αύτῃ
2577 2050 2867 2123 δυσσεϐείᾳ
2913 2053 3013 2124 τὴν
3057 2055 3313 2127 τοιαύτην
3366 2056 3550 2128 ἔνοχον
3599 2062 3962 2133 καταστήσας

2376 2138 2570 2212 ψυχήν.
2607 2143 2716 2196 Καὶ
2756 2143 2852 2213 μία
2900 2144 2999 2214 μὲν
3035 2144 3175 2216 αὕτη
3204 2147 3297 2201 τοῦ
3334 2152 3694 2222 προκειμένου
3739 2152 3959 2208 διάνοια

2375 2232 2712 2304 τετριμμένη
2754 2234 2904 2303 παρὰ
2933 2238 3045 2299 τοῖς
3071 2236 3334 2294 πλείοσιν.
3375 2239 3569 2311 Ἑτέρα
3593 2242 3649 2295 δὲ
3683 2240 3752 2296 αὖ
3783 2245 3957 2297 πάλιν

2375 2323 2513 2396 πρὸς
2540 2325 2732 2397 ταύτῃ.
2783 2328 2973 2382 Τοιάδε
3008 2330 3217 2401 μέλλων
3270 2332 3379 2405 γὰρ
3424 2334 3572 2405 ἐρεῖν
3615 2336 3645 2389 ὁ
3684 2337 3953 2407 Χριστὸς,

2374 2415 2453 2470 ὅτι
2502 2416 2643 2471 κατὰ
2670 2418 2769 2490 τὴν
2823 2420 3034 2475 τελείαν
3083 2439 3144 2476 τε
3195 2424 3291 2478 καὶ⁸
3338 2426 3638 2498 ἱερωτάτην
3686 2429 3942 2500 Γραφὴν,

2379 2528 2398 2561 ι
2444 2509 2503 2563 '0
2538 2509 2766 2581 τρώγων
2813 2529 2914 2583 μου
2969 2514 3058 2567 τὸν
3108 2515 3272 2587 ἄρτον
3318 2516 3649 2587 ἐμεγάλυνεν
3703 2521 3795 2573 ἐπ’
3844 2523 3952 2592 ἐμὲ

2374 2602 2724 2672 πτερνισμὺν,
2760 2604 2877 2666 ἦτοι
2912 2604 3118 2674 ἐπῆρεν
3161 2607 3248 2658 ἐπ’
3280 2607 3381 2676 ἐμὲ
3412 2610 3644 2680 πτέρναν
3678 2612 3873 2677 αὑτοῦ,
3926 2634 3946 2667 ο

2371 2692 2831 2762 προαπολογεῖται
2877 2695 3078 2766 τρόπον
3119 2697 3272 2765 τινὰ,
3308 2702 3402 2754 καὶ
3436 2701 3529 2755 τὸν
3572 2706 3798 2775 γνήσιον
3835 2706 3951 2759 τῶν

2370 2783 2573 2853 ἑτέρων
2610 2785 2871 2856 μαθητῶν
2896 2787 3189 2859 θεραπεύει
3216 2793 3397 2861 χορδν,
3432 2793 3513 2847 ἑνὶ
3548 2794 3643 2847 καὶ
3664 2795 3813 2865 μόνῳ
3846 2796 3951 2868 τὴν

2368 2871 2462 2926 τοῦ
2505 2878 2960 2946 κατηγορήματος
3003 2878 3232 2948 δύναμιν
3283 2882 3523 2947 ἀναθείς.
3568 2885 3790 2956 Ἐπειδὴ
3833 2888 3947 2959 γὰρ

2367 2963 2570 3028 πάντες
2625 2967 2811 3038 ἢσθιον
2875 2969 2966 3022 τὸν
3021 2969 3185 3040 ἄρτον
3254 2972 3458 3037 αὑτοῦ,
3520 2976 3948 3048 συνεστιῶμενοι

2365 3055 2608 3125 δηλονότι
2661 3059 2757 3112 καὶ
2786 3060 3237 3126 συνδαπανῶντες
3268 3063 3337 3117 τὰ
3371 3065 3440 3117 δι’
3477 3066 3642 3119 αὐτοῦ
3672 3084 3947 3138 συγκομι-

696 3139 1061 3196 acrimoniam
1097 3148 1501 3215 quamprimum
1548 3150 1780 3215 inhibet,
1829 3155 2066 3213 dicens:
2096 3178 2114 3209 ‹
2146 3158 2259 3216 Non

2368 3145 2591 3217 ζόμενα,
2632 3150 2718 3203 διὰ
2759 3150 2919 3204 τοῦτο
2960 3154 3248 3225 χρησίμως
3293 3157 3522 3221 είκαίοις
3558 3160 3946 3228 συντρίσεσθαι

695 3229 768 3287 de
794 3233 1051 3289 omnibus
1094 3235 1253 3290 vobis
1294 3237 1420 3293 dico
1453 3257 1468 3295 :
1504 3255 1603 3311 ego
1635 3244 1753 3299 seio
1799 3260 1940 3314 quos
1969 3248 2263 3321 elegerim,

695 3323 791 3379 sed
814 3333 872 3378 ut
895 3325 1268 3396 adimpleatur
1291 3328 1602 3400 Scriptura,
1626 3353 1645 3385 ι
1680 3335 1860 3406 inquit
1888 3356 1902 3393 :
1937 3357 1957 3391 ι
1982 3340 2086 3407 Qui
2108 3358 2265 3398 man-

689 3414 859 3471 ducat
896 3432 1075 3472 meum
1110 3434 1330 3488 panem,
1357 3422 1556 3478 levavit
1589 3435 1785 3482 contra
1819 3444 1906 3485 me
1940 3432 2262 3491 caleaneum

690 3520 876 3568 suum,
908 3506 1023 3561 sive
1073 3508 1442 3577 magniﬁcavit
1492 3515 2016 3584 supplantationem,
2054 3542 2072 3576 ι
2107 3523 2262 3595 juxta

688 3597 997 3655 Psalmistze
1026 3616 1237 3657 vocem.
1268 3603 1480 3669 Quibus
1510 3606 1692 3664 verbis
1737 3609 2054 3669 istiusmodi
2096 3617 2262 3686 quid-

689 3687 814 3745 dam
864 3691 1179 3761 signiﬁcare
1221 3697 1708 3768 autumozduplici
1753 3702 1939 3772 itaque
1991 3721 2158 3761 sensu
2204 3708 2259 3763 in

686 3779 776 3838 his
828 3784 1111 3851 exposito,
1166 3786 1445 3842 meliorem
1512 3802 1578 3844 ac
1639 3791 1912 3847 veriorem
1979 3797 2260 3854 studiosus

687 3873 974 3942 exploret;
1004 3885 1381 3932 verumtamen
1418 3879 1474 3934 in
1525 3879 1633 3936 hoc
1678 3883 1880 3940 dictum
1928 3887 2077 3943 aliud
2125 3889 2258 3944 alie-

686 3977 902 4026 ramus.
939 3965 1006 4020 ad
1076 3967 1484 4026 conﬁrmandos
1552 3972 1951 4043 simpliciorum
2023 3980 2257 4037 animos.

691 4052 911 4110 Duobus
950 4054 1095 4111 enim
1125 4057 1304 4115 modis
1337 4060 1425 4114 hic
1451 4061 1705 4120 dubitare
1735 4075 1916 4135 potest
1948 4069 2171 4140 aliquis.
2194 4071 2259 4125 Et

683 4143 927 4209 primum
966 4146 1184 4214 quidem
1236 4147 1396 4204 nobis
1427 4151 1673 4220 objiciet,
1712 4155 1944 4211 dicens:
1980 4156 2036 4212 Si
2070 4160 2254 4215 omnia

681 4234 831 4289 scire
857 4235 1143 4292 Christum
1176 4240 1478 4307 credimus,
1509 4258 1608 4297 cur
1641 4244 1804 4317 730
1841 4245 2038 4303 Judam
2068 4251 2253 4321 elegit.

680 4332 739 4381 et
784 4341 884 4383 cur
922 4328 1045 4384 aliis
1097 4329 1399 4385 immiscuit
1442 4332 1751 4404 discipulis,
1777 4353 1901 4391 cum
1939 4355 2051 4395 non
2099 4342 2256 4412 igno-

681 4425 832 4472 raret
883 4418 1218 4487 proditorem
1256 4421 1394 4485 fore,
1430 4430 1485 4479 et
1530 4426 1772 4480 avaritia:
1816 4428 2026 4499 laqueis
2073 4433 2254 4503 impli-

2365 3237 2615 3307 δείμασιν
2635 3241 2733 3294 ούκ
2763 3243 2827 3313 ἐᾷ
2855 3242 2961 3297 τῶν
2987 3244 3289 3318 ἐλευθέρων
3324 3248 3415 3301 τὸν
3454 3249 3598 3313 νοῦν,
3626 3253 3721 3305 καὶ
3746 3253 3810 3306 τὸ
3838 3254 3945 3324 τῆς

2366 3326 2603 3396 ὑποψίας
2653 3328 2817 3399 δριμὺ
2881 3334 3283 3402 προανακόπτει
3327 3334 3501 3405 λέγων
3539 3353 3553 3367 °
3614 3356 3633 3390 ι
3676 3340 3751 3393 Ού
3812 3346 3946 3413 περὶ

2363 3416 2582 3471 πάντων
2621 3418 2774 3489 ὑμῶν
2822 3418 3002 3489 λέγω·
3052 3422 3164 3492 ἐγὼ
3213 3420 3331 3478 οἶδα
3376 3427 3532 3491 τίνας
3575 3427 3941 3504 ἐξελεξάμην,

2362 3507 2479 3561 ἀλλ’
2514 3508 2622 3574 ἵνα,
2654 3513 2841 3581 φησιν,
2872 3514 2906 3584 η
2938 3513 3128 3585 Γραφὴ
3158 3514 3447 3588 πληρωθῇ’
3497 3519 3556 3571 '0
3597 3520 3793 3574 ἐσθίων
3835 3542 3940 3592 μου

2361 3598 2452 3651 τὸν
2476 3597 2660 3669 ἄρτον,
2696 3601 2901 3672 ἐπῆρεν
2939 3604 3026 3656 ἐπ’
3061 3605 3161 3674 ἐμὲ
3198 3606 3298 3677 τὴν
3326 3608 3564 3679 πτέρναν
3592 3612 3780 3675 αὐτοῦ,
3814 3617 3938 3685 ἦτοι

2361 3689 2663 3758 ὲμεγάλυνε
2711 3694 3078 3764 πτερνισμὸν,
3118 3713 3138 3746 ι
3173 3697 3317 3751 κατὰ
3359 3700 3457 3769 τὴν
3494 3700 3588 3754 τοῦ
3634 3703 3937 3773 ψάλλοντος

2361 3782 2565 3851 φωνήν.
2616 3777 2785 3852 Οἶμαί
2832 3801 2884 3837 τι
2932 3784 3174 3840 τοιοῦτον
3225 3789 3563 3858 ύποδηλοῦν·
3615 3795 3933 3869 ἐκδοθείσης

2360 3873 2492 3943 ἡμῖν
2529 3876 2818 3946 τοιγαροῦν
2853 3877 2912 3928 έν
2952 3876 3162 3942 τούτοις
3191 3878 3429 3951 θεωρίας
3464 3884 3680 3955 διπλῆς,
3708 3887 3934 3958 δοκιμα-

2360 3969 2498 4035 ζέτω
2526 3971 2625 4042 τὴν
2655 3971 2865 4041 ἀμείνω
2908 3974 3002 4027 και
3029 3973 3246 4043 ἀληθῶς
3276 3975 3505 4046 ἔχουσαν
3548 3982 3577 4033 ό
3600 3981 3930 4054 φιλομαθὴς.

2359 4060 2497 4133 πλὴν
2522 4064 2602 4125 είς
2630 4062 2690 4115 τὺ
2738 4062 2901 4134 ῥητὸν
2951 4063 3032 4119 ἔτι
3061 4063 3332 4136 λέγωμεν,
3368 4068 3460 4122 τὸν
3487 4070 3596 4124 τῶν
3631 4073 3932 4129 ἁπλουστέ·

2361 4170 2469 4224 ρων
2500 4156 2925 4227 ἀσφαλιζόμενοι
2963 4157 3109 4215 νοῦν.
3159 4160 3561 4235 Ἐπαπορήσειε
3605 4168 3713 4238 γὰρ
3749 4170 3813 4223 ἄν
3846 4189 3933 4236 τις

2356 4248 2412 4299 ὲν
2434 4246 2644 4311 τούτοις
2677 4250 2819 4302 κατὰ
2856 4248 2951 4303 δύο
2977 4251 3225 4322 τρόπους.
3257 4255 3368 4307 Καὶ
3396 4256 3614 4326 πρῶτον
3645 4259 3744 4330 μὲν
3784 4263 3921 4332 ἡμῖν

2355 4336 2655 4407 ὑπαντήσει
2682 4338 2874 4407 λέγων·
2903 4341 2964 4393 El
2991 4342 3166 4396 πάντα
3193 4344 3391 4399 εἰδέναι
3421 4348 3656 4418 Χριστὸν
3675 4355 3931 4407 πιστεύο-

2357 4445 2478 4498 μεν,
2524 4428 2577 4481 τί
2617 4430 2710 4495 τὸν
2753 4430 2950 4486 Ἰούδαν
2986 4433 3288 4501 ἐξελέξατο,
3359 4441 3454 4493 καὶ
3492 4441 3546 4493 τί
3578 4446 3690 4507 τοῖς
3717 4444 3929 4516 ἑτέροις

680 4503 855 4561 citum
891 4506 999 4562 iri?
1021 4508 1099 4563 Ad
1139 4510 1251 4566 haec
1280 4511 1413 4568 dicit
1446 4531 1461 4569 :
1496 4512 1554 4569 Si
1602 4516 1922 4573 calcaneum
1970 4537 2127 4577 suum
2160 4525 2247 4579 id-

2360 4520 2573 4589 ἀνέμιξε
2618 4521 2920 4591 μαθηταῖς,
2962 4525 3061 4578 οὐκ
3090 4527 3396 4598 ἀγνοήσας,
3439 4531 3522 4584 ὅτι
3564 4503 3929 4605 καὶνπροδοὺς

681 4593 838 4650 circo
864 4596 1068 4652 levavit
1102 4599 1368 4658 adversus
1399 4601 1705 4673 Christum,
1736 4608 1881 4663 sicut
1916 4611 1993 4664 ait
2027 4612 2163 4683 ipse,
2193 4624 2252 4669 ut

681 4684 1077 4757 adimpleretur
1118 4688 1429 4763 Scriptura,
1460 4710 1805 4767 nequaquam
1838 4700 1894 4755 in
1933 4703 2095 4773 culpa
2125 4721 2249 4761 esse

681 4777 802 4847 ipse
834 4779 1176 4847 censebitur,
1204 4782 1299 4839 sed
1339 4788 1643 4845 necessitas
1682 4790 1777 4845 illa
1819 4807 1940 4863 quae
1969 4803 2030 4850 ut
2071 4797 2251 4852 adim-

679 4865 854 4937 pleret
889 4867 1236 4940 Scripturam
1266 4888 1389 4929 eum
1422 4876 1699 4947 adigebat.
1748 4878 1924 4939 Nobis
1955 4896 2134 4942 autem
2181 4888 2249 4943 ad

682 4954 899 5026 singula
936 4972 1126 5014 eorum
1173 4977 1297 5031 qua:
1326 4963 1541 5034 objecta
1600 4976 1729 5023 sunt
1775 4971 1978 5028 acriter
2017 4990 2249 5046 respon-

676 5044 916 5103 dendum
982 5056 1104 5114 est,
1143 5059 1196 5106 et
1247 5057 1667 5114 convenientem
1726 5062 2027 5135 unicuique
2094 5044 2246 5122 solu-

673 5135 880 5193 tionem
943 5139 1150 5209 quibus
1202 5148 1508 5214 poterimus
1578 5152 1891 5209 rationibus
1953 5155 2245 5215 subtexere

674 5234 913 5298 oportet,
940 5229 1009 5285 ad
1036 5231 1459 5293 aediﬁcationem
1499 5247 1555 5295 et
1580 5243 2019 5301 consolationem
2053 5262 2242 5304 eorum

674 5316 772 5387 qui
799 5318 1167 5393 intelligendis
1200 5341 1374 5383 sacrae
1408 5328 1709 5402 Scriptura:
1757 5335 1898 5392 locis
1931 5352 1997 5391 ex
2039 5340 2242 5410 seipsis

677 5424 788 5500 non
818 5420 951 5467 sunt
979 5413 1180 5473 idonei.
1211 5419 1293 5474 Ac
1317 5422 1552 5490 primum
1578 5426 1796 5495 quidem
1825 5426 2066 5486 dicimus
2090 5431 2237 5500 quod

674 5500 725 5555 si
755 5498 823 5557 de
847 5503 1082 5576 singulis
1110 5524 1235 5579 qua:
1263 5525 1293 5565 a
1325 5510 1435 5566 Deo
1458 5511 1604 5569 facta
1633 5527 1763 5571 sunt
1790 5498 2240 5578 istiusmodi—ser-

671 5595 929 5653 monibus
959 5597 1037 5655 uti
1068 5601 1620 5677 velimus,nunquam
1648 5624 1750 5665 nos
1782 5610 1942 5668 linem
1993 5613 2239 5670 facturos

746 5770 791 5803 “
827 5768 971 5826 Ρεξιι.
1009 5789 1063 5828 ιι
1144 5776 1227 5829 ιο.

2350 4608 2642 4676 ἁλώσεται,
2684 4614 2778 4666 καὶ
2809 4615 2920 4667 τῶν
2950 4615 3050 4684 τῆς
3080 4618 3453 4691 φιλοκερδείας
3501 4624 3633 4677 εἴσω
3674 4630 3927 4681 πεσεῖται

2356 4700 2600 4772 βρόχων;
2644 4703 2793 4773 Ἐρεῐ
2818 4704 2875 4757 δὲ
2905 4705 3042 4776 πρὸς
3070 4706 3281 4772 τούτοις
3301 4728 3315 4741 ο
3347 4712 3409 4765 Et
3434 4712 3492 4766 δὲ
3525 4712 3614 4766 διὰ
3639 4714 3799 4768 τοῦτο
3823 4718 3929 4789 τὴν

2354 4792 2591 4863 πτέρναν
2630 4794 2801 4865 ἐπῆρε
2834 4795 2976 4849 κατὰ
3018 4797 3255 4868 Χριστοῦ
3280 4839 3295 4865 ,
3331 4802 3474 4857 καθά
3519 4821 3686 4875 φησιν
3736 4807 3927 4870 αὐτὸς,

2353 4883 2440 4937 ἵνα
2473 4884 2797 4957 πληρωθῇὴ
2846 4887 3078 4958 Γραφὴ,
3134 4890 3233 4944 ούκ
3284 4893 3446 4956 αύτὸς
3495 4893 3562 4947 ἂν
3610 4900 3787 4951 νοοῖτο
3824 4899 3923 4953 τοῦ

2346 4976 2632 5046 γεγονότος
2688 4977 2971 5043 ὑπαίτιος,
3021 4980 3134 5034 ἀλλ’
3176 4984 3209 5052 ή
3258 4984 3643 5052 ἀναγκάζουσα
3691 4988 3924 5059 δύναμις

2347 5068 2685 5139 πληροῦσθαι
2726 5069 2824 5141 τὴν
2850 5070 3095 5144 Γραφήν.
3130 5076 3222 5127 Δεῖ
3246 5074 3303 5128 δὲ
3348 5077 3496 5146 ἡμᾶς
3534 5079 3670 5150 πρὸς
3712 5080 3923 5137 ἕκαστα

2346 5159 2453 5212 τῶν
2486 5160 2793 5233 εἰρημένων
2827 5161 3243 5219 ἁντανίστασθαι
3269 5169 3503 5237 γοργῶς.
3549 5171 3642 5224 καὶ
3667 5171 3767 5243 τὴν
3798 5174 3923 5227 ἑκα-

2344 5248 2488 5319 τέρῳ
2527 5250 2844 5320 πρέπουσαν
2882 5253 3182 5321 ἀπολογίαν
3224 5258 3336 5319 τοῖς
3381 5258 3521 5311 κατὰ
3554 5258 3785 5331 δύναμιν
3828 5262 3918 5325 EE-

2348 5343 2548 5411 υφᾶναι
2578 5341 2879 5412 λογισμοῖς,
2920 5344 3056 5415 πρὸς
3090 5346 3381 5418 οἰκοδομὴν
3427 5348 3523 5402 καὶ
3569 5352 3917 5422 παράκλησιν

2347 5432 2453 5485 τῶν
2499 5432 2597 5485 οὐκ
2631 5434 3018 5505 ὲπαρκούντων
3051 5437 3260 5489 οἴκοθεν
3301 5439 3485 5506 σφίσιν
3511 5441 3692 5506 αὐτοῖς
3732 5446 3813 5508 είς
3854 5444 3915 5498 τδ

2350 5523 2609 5577 δύνασθαι
2650 5528 2789 5579 νοεῖν
2828 5527 2897 5581 τὰ
2934 5529 2992 5582 ὲν
3035 5530 3100 5596 τῇ
3130 5528 3252 5598 θείᾳ
3294 5531 3505 5604 Γραφῇ.
3556 5535 3665 5588 Καὶ
3696 5537 3911 5606 πρῶτον

2354 5615 2451 5687 μὲν
2476 5618 2648 5672 ἐκεῖνό
2679 5634 2879 5686 φαμεν,
2915 5620 2989 5683 ὡς
3033 5621 3080 5672 εί
3112 5618 3403 5693 μέλλοιμεν
3432 5625 3518 5694 ἐφ’
3552 5627 3770 5697 ἑκάστῳ
3805 5629 3909 5683 τῶν
