4144 6484
200 383 304 440 129

1255 374 1321 431 ιλ
1362 374 1647 433 ,ιοΑΝΝιε
1683 373 2137 433 EVANGELIUM
2178 375 2311 435 LIB.
2339 378 2433 434 IX.

3358 364 3459 442 ιω

196 497 504 569 γεγονότων
544 496 697 568 παρὰ
737 493 873 549 Θεοῦ
906 494 1021 557 τοῖς
1054 492 1323 557 τοιούτοις
1362 491 1767 565 ᾀποκεχρῆσθαι

1882 490 2203 560 increpandi
2257 492 2634 564 carpendique
2684 494 2923 565 opificis,
2973 494 3298 553 immensam
3337 500 3458 571 ejus

196 594 415 663 λόγοις,
485 588 859 659 καταλέξομεν
941 584 1197 657 οὐδαμῶς
1272 586 1634 657 ἐπιτιμῶντες
1701 583 1779 655 τῷ

199 688 434 756 ποιητῇ,
480 680 970 754 διαλοιδορούμενοί
1001 696 1061 734 τε
1094 679 1175 751 τῷ
1217 679 1356 751 πρὸς
1405 680 1466 732 τὸ
1512 674 1653 732 εἶναι
1707 678 1779 731 τά

196 779 297 833 οὐκ
330 780 458 832 ὅντα
507 776 762 831 καλοῦντι
808 774 963 846 Θεῷ,
1021 775 1117 828 καὶ
1165 774 1264 845 τὴν
1317 774 1555 844 ἄμετρον
1610 768 1776 826 αὐτοῦ

194 869 611 942 φιλανθρωπίαν
643 869 996 938 διασύροντες
1044 866 1295 938 ἀμαθῶς.
1347 865 1412 918 Τί
1460 864 1609 935 γὰρ,
1654 864 1777 918 εἰπέ

199 980 312 1033 μοι,
358 963 456 1016 καὶ
486 961 719 1033 ἐτέρους
745 958 1037 1013 διακωλύει
1071 959 1235 1030 τυχὸν
1264 956 1557 1026 ἐγκαλέσαι
1587 955 1775 1024 λέγονο

192 1072 294 1119 τας
314 1072 328 1085 ·
369 1055 436 1108 Τί
476 1056 567 1108 τὸν
598 1053 774 1107 Σαοὺλ
805 1052 1069 1119 ἐπελέξω,
1102 1053 1198 1105 καὶ
1229 1052 1309 1114 είς
1336 1047 1560 1120 βασιλέα
1591 1048 1777 1120 κεχρι-

195 1162 301 1210 κας
329 1146 426 1199 ἐπὶ
476 1146 569 1200 τὸν
629 1146 888 1217 Ἰσραὴλ,
936 1143 1091 1206 είδὼς
1130 1144 1211 1196 ὅτι
1262 1142 1477 1204 πάντως
1520 1140 1775 1211 ἀθετήσει

192 1235 295 1305 τήν
327 1236 523 1306 χάριν;
551 1235 667 1289 Καὶ
690 1236 744 1288 τί
772 1234 932 1287 τοῦτο
945 1234 1123 1301 λέγω;
1158 1231 1513 1303 Ἀναὸήσεται
1536 1232 1645 1302 γὰρ
1674 1231 1775 1301 τῆς

192 1327 433 1397 αίτίαςή
462 1328 738 1399 πρόφασις
779 1327 872 1380 ἐπὶ
916 1328 1006 1379 τὸν
1053 1324 1146 1377 τοῦ
1182 1324 1374 1393 γένους
1431 1322 1770 1394 καθηγητὴν,

192 1420 339 1473 τοῦτ’
378 1419 529 1474 ἐστιν
574 1420 769 1491 Ἀδάμ.
823 1420 972 1489 Ἐρεῖ
1012 1417 1068 1470 δέ
1114 1434 1198 1480 τις
1248 1415 1412 1486 τυχὸν
1440 1416 1548 1469 τῶν
1589 1418 1773 1468 ἐκεῖνα

193 1510 643 1581 διεσκεμμένων·
692 1509 758 1562 Τί
804 1509 895 1561 τὸν
942 1506 1159 1577 πρῶτον
1207 1504 1495 1576 ἄνθρωπον
1530 1503 1773 1567 ἔπλασας

193 1601 306 1655 ἀπὸ
344 1604 449 1672 γῆς
500 1604 529 1654 ὁ
564 1600 632 1655 τὰ
680 1600 853 1654 πάντα
893 1596 1082 1663 είδώςς
1132 1598 1206 1650 Οὐ
1261 1595 1372 1667 γὰρ
1417 1595 1635 1664 ἠγνόεις
1690 1596 1772 1648 ὅτι

194 1694 444 1744 πεσεῖται
508 1690 606 1761 τήν
660 1689 906 1743 δοθεῖσαν
954 1688 1106 1758 αύτῷ
1161 1688 1478 1759 παρελάσας
1528 1688 1769 1759 ἐντολήν.

191 1781 351 1834 Κατά
378 1781 469 1833 τὸν
497 1781 659 1834 αὐτὸν
696 1779 885 1834 τοῦτον
917 1780 1075 1849 λόγον
1101 1781 1197 1834 καὶ
1235 1779 1327 1833 ἐπὶ
1361 1782 1474 1843 τοῖς
1511 1780 1771 1850 ἀνωτέρω

1884 584 2279 654 benignitatem
2352 588 2522 642 stulte
2595 587 2989 643 convellentes.
3059 589 3200 656 Quid
3269 593 3456 657 enim,

1884 688 2092 742 quaeso,
2139 674 2457 743 prohibebit
2494 676 2662 731 etiam
2713 676 2854 732 alios
2893 676 3151 734 incusare
3194 678 3364 735 Deum
3395 695 3460 735 ac

1883 767 2112 821 dicere:
2145 767 2258 820 Cur
2290 765 2508 823 Saulem
2540 770 2775 842 elegisti,
2818 779 2874 826 et
2925 770 2981 825 in
3016 787 3195 842 regem
3252 772 3457 829 unxisti

1884 873 2050 927 super
2100 855 2302 925 Israel,
2346 875 2509 930 quem
2576 863 2808 931 gratiam
2865 862 3096 917 omnino
3147 872 3459 931 Spreturum

1883 951 2138 1006 sciebas?
2161 951 2227 1006 Et
2252 953 2385 1023 quid
2416 953 2521 1008 hoc
2546 954 2667 1008 aio?
2692 954 2827 1010 Nam
2861 957 3027 1027 hujus
3053 957 3460 1015 criminationis

1882 1057 2048 1099 causa
2078 1044 2146 1099 ad
2179 1045 2358 1115 ipsum
2390 1046 2932 1116 generis.,auctorem
2967 1050 3248 1113 ascendet,
3278 1050 3329 1104 id
3374 1060 3460 1105 est

1880 1136 2078 1190 Adam.
2116 1137 2274 1203 Quod
2324 1136 2471 1192 dicet
2508 1135 2696 1191 forsan
2754 1140 2956 1210 aliquis
3000 1156 3190 1196 eorum
3230 1142 3326 1211 qui
3378 1141 3457 1195 ita

1882 1228 2128 1281 sentiunt
2149 1246 2162 1282 :
2182 1227 2297 1282 Cur
2323 1228 2563 1297 primum
2594 1228 2873 1285 hominem
2905 1231 3154 1286 formasti
3188 1230 3256 1286 de
3286 1239 3456 1297 terra,

1881 1320 1973 1390 qui
2026 1320 2213 1373 omnia
2258 1319 2445 1373 nosti?
2485 1317 2598 1373 Nec
2646 1320 2791 1374 enim
2858 1320 3155 1390 ignorabas
3194 1336 3456 1377 casurum

1880 1412 2060 1474 illum,
2110 1418 2295 1481 spreto
2354 1411 2500 1482 quod
2560 1419 2853 1481 acceperat
2917 1411 3199 1468 mandato.
3251 1412 3454 1469 Eodem

1880 1503 2043 1558 modo
2083 1510 2140 1557 et
2173 1518 2240 1557 ex
2274 1504 2492 1573 superis
2536 1518 2601 1558 ac
2634 1503 2958 1559 caelestibus
2994 1518 3184 1558 ansam
3236 1519 3457 1576 quoque

1880 1594 2146 1665 carpendi
2196 1594 2447 1665 arripiet,
2480 1595 2727 1648 clamans
2757 1612 2769 1647 :
2802 1593 2915 1648 Cur
2965 1595 3283 1665 angelorum
3323 1611 3451 1650 con-

1878 1686 2070 1743 didisti
2119 1695 2397 1752 naturam,
2429 1701 2554 1740 cum
2592 1701 2700 1740 non
2734 1688 3040 1757 ignorares,
3070 1695 3130 1741 ut
3163 1686 3328 1750 Deus,
3365 1689 3454 1742 fu-

1876 1787 2060 1833 turam
2117 1780 2428 1850 aliquorum
2480 1776 3010 1834 defectionem?Nec
3058 1778 3204 1833 enim
3260 1794 3455 1834 serva-

185 1872 282 1925 καὶ
306 1872 550 1941 μείζοσιν
583 1872 663 1925 ἔτι
693 1875 994 1945 κατηγορεῖ
1021 1872 1160 1943 βοῶν
1184 1888 1197 1902 ⁸
1226 1873 1380 1928 Διατί
1400 1872 1498 1944 τὴν
1519 1874 1767 1942 ἀγγέλων

1873 1877 2072 1924 verunt
2102 1884 2299 1925 omnes
2333 1886 2498 1925 suum
2537 1870 2931 1939 principatum.
2953 1863 3098 1936 Quid
3135 1886 3300 1939 porro
3326 1870 3455 1926 hinc

183 1963 665 2035 δεδημιούργηκας
695 1965 878 2033 φύσιν,
913 1965 1015 2019 οὑκ
1047 1966 1343 2037 ἀγνοήσας,
1372 1967 1449 2030 ὡς
1478 1966 1631 2031 Θεὸς,
1669 1966 1771 2038 τὴν

182 2054 454 2124 ὶσομένην
483 2054 649 2109 τινῶν
700 2056 957 2110 ἀπόνοιαν
1006 2058 1087 2121 είς
1145 2059 1492 2125 ἀπόστασιν;
1534 2059 1772 2129 Τετηρήο

181 2162 316 2199 κασι
352 2146 462 2218 γὰρ
511 2149 572 2201 ού
636 2150 839 2214 πάντες
894 2149 994 2222 τὴν
1041 2151 1246 2204 οἰκείαν
1292 2150 1486 2223 ἀρχήν.
1541 2148 1676 2205 Εἶτα
1717 2150 1771 2205 τί

180 2238 245 2289 τὸ
302 2236 589 2305 ἐντεῦθενς
662 2242 726 2294 Ἢ
798 2242 892 2296 τοῦ
954 2243 1094 2296 Θεοῦ
1162 2244 1473 2313 πρόγνωσις
1532 2244 1634 2299 οὐκ
1702 2244 1769 2298 ἂν

179 2327 354 2380 αὑτὸν
438 2328 864 2403 συγκεχώρηκεν
926 2333 1159 2404 ὀφθῆναι
1237 2334 1605 2405 δημιουργὸν,
1654 2335 1768 2388 ἀλλ’

178 2419 294 2471 οὐδ’
324 2419 389 2473 ἂν
417 2422 451 2491 ή
480 2420 675 2493 λογικὴ
717 2424 896 2489 κτίσις
928 2425 1211 2497 παρῆλθεν
1250 2426 1386 2489 ὅλως
1410 2427 1491 2489 εἰς
1531 2426 1767 2493 γένεσιν,

181 2510 272 2561 ἵνα
303 2510 473 2581 μόνης
516 2512 617 2581 τῆς
659 2513 854 2582 ἀλόγου
913 2516 1010 2569 καὶ
1050 2515 1378 2587 ἀναισθήτου
1424 2515 1641 2587 φύσεως
1675 2514 1768 2586 βαι

178 2598 371 2669 σιλεύῃ
408 2600 540 2664 Θεὸς
562 2642 577 2663 ,
622 2603 760 2675 μηδὲ
805 2604 887 2656 ὅτι
926 2604 1059 2668 Θεὸς
1090 2604 1231 2659 κατὰ
1266 2604 1429 2673 φύσιν
1465 2606 1583 2659 ἐστὶ
1607 2621 1773 2673 γινωο

180 2692 472 2761 σχόμενος.
532 2695 744 2765 Χρῆναι
798 2695 855 2749 δὲ
921 2690 1076 2766 οἶμαι
1132 2694 1367 2767 μάλιστα
1420 2697 1484 2767 δὴ
1551 2698 1770 2751 πάντων

178 2787 361 2838 ἐκεῖνο
410 2784 903 2857 διασκεπτομένους
936 2788 1101 2857 ὁρᾷν,
1143 2788 1226 2840 ὃτι
1257 2789 1371 2850 τοῖς
1395 2786 1633 2854 λογικοῖς
1656 2785 1767 2839 τῶν

180 2877 502 2945 κτισμάτων
562 2877 699 2941 ίδίας
759 2878 1136 2949 προαιρέσεως
1174 2878 1436 2947 ἀπένειμε
1474 2877 1575 2942 τάς
1606 2880 1766 2949 ήνίας

178 2969 208 3019 ό
237 2967 459 3021 πάντων
490 2970 865 3040 Δημιουργδς,
918 2970 1008 3023 καὶ
1054 2969 1496 3034 αύτοκελεύστοις
1553 2970 1765 3041 ἀφῆκεν

184 3055 319 3112 εἶναι
360 3062 592 3130 ῥοπαῖς,
638 3062 723 3130 ἐφ’
755 3063 892 3132 ὅπερ
940 3061 1007 3115 ἂν
1060 3062 1295 3125 ἕκαστος
1325 3061 1567 3131 βούλοιτο
1598 3062 1764 3131 τυχὸν

184 3150 327 3220 εχειν
354 3152 553 3222 ἄριστα
576 3151 878 3222 δοκιμάσας
903 3153 994 3206 τὸν
1023 3153 1245 3224 τρόπον.
1279 3154 1343 3205 0i
1377 3152 1476 3223 μέν
1509 3148 1603 3207 οὖν
1646 3155 1761 3216 τοῖς

1876 1963 2173 2034 sequitur?
2196 1963 2335 2018 Illud
2370 1962 2655 2030 videlicet,
2684 1974 2743 2017 ut
2796 1964 3244 2034 prazcognitionis
3285 1979 3453 2020 causa

1875 2061 1970 2106 aut
2000 2053 2136 2107 nihil
2181 2054 2409 2107 omnino
2448 2067 2641 2107 creare
2686 2053 2964 2114 debuerit.
2995 2060 3092 2107 ant
3127 2060 3276 2108 certe
3301 2067 3454 2108 crea-

1873 2155 2053 2204 turam
2095 2149 2303 2203 nullam
2356 2149 2594 2203 rationis
2638 2157 2948 2219 compotem
2987 2151 3214 2202 omnino
3249 2145 3453 2216 produ~

1873 2255 2022 2304 cere,
2071 2249 2133 2295 ut
2184 2242 2493 2296 irrationali
2527 2251 2741 2296 tantum
2779 2250 2834 2296 et
2880 2256 3078 2297 sensus
3108 2239 3317 2309 experti
3348 2253 3453 2294 na-

1873 2342 2011 2389 turze
2046 2334 2188 2390 Deus
2239 2335 2497 2405 imperet,
2535 2349 2636 2390 nec
2682 2335 2801 2405 ipse
2828 2334 3066 2390 omnino
3094 2340 3312 2388 natura
3348 2346 3451 2387 sua

1874 2424 2019 2480 Deus
2048 2434 2439 2496 cognoscatur.
2466 2425 2603 2480 Illud
2633 2434 2814 2480 autem
2842 2426 3080 2481 maxime
3103 2426 3454 2480 consideran-

1874 2515 2001 2570 dum
2028 2516 2098 2571 iis
2129 2516 2402 2579 arbitror,
2432 2516 2675 2571 universi
2706 2516 2957 2585 opificem
2986 2515 3452 2571 intellectualibus

1872 2604 2151 2659 creaturis
2182 2604 2489 2660 voluntatis
2532 2619 2647 2658 sua:
2698 2604 2946 2658 habenas
2997 2605 3367 2668 commisisse,
3395 2612 3453 2659 et

1873 2704 2186 2766 spontaneo
2224 2703 2377 2752 motu
2410 2711 2479 2751 eo
2509 2695 2640 2751 ferri
2677 2694 3025 2766 permisisse,
3057 2711 3168 2765 quo
3214 2696 3452 2767 quisque

1871 2784 2021 2838 velit.
2066 2785 2170 2850 Qui
2214 2800 2349 2856 ergo
2392 2784 2718 2841 melioribus
2766 2795 2918 2840 recte
2950 2799 3008 2839 se
3045 2785 3450 2855 applicuerunt,

1869 2877 2098 2946 gloriam
2140 2891 2296 2931 suam
2348 2883 2597 2940 servant,
2652 2883 2709 2931 et
2755 2876 3029 2930 bonorum
3076 2876 3184 2930 sibi
3216 2890 3450 2932 conces-

1868 2982 2054 3021 sornm
2087 2966 2387 3037 participes
2412 2973 2735 3031 manent,et
2769 2965 3032 3020 felicitate
3062 2982 3170 3037 qua
3197 2968 3453 3024 excidere

1866 3070 2171 3129 nequeant,
2193 3059 2592 3129 perfruuntur;
2613 3059 2705 3128 qui
2731 3073 2861 3113 vero
2894 3058 3135 3129 prOpriis
3160 3056 3451 3115 affectibus

1866 3157 2326 3221 corrumpuntur,
2360 3151 2732 3219 cupiditatum
2780 3160 2920 3205 aestu
2952 3166 3063 3221 quo
3122 3149 3279 3207 nefas
3330 3164 3451 3208 erat

187 3219 431 3311 ἀμείνοσι
453 3219 908 3313 προσνενευκότες
929 3219 1127 3314 δρθῶς,
1153 3242 1250 3313 τήν
1274 3219 1410 3295 ἰδίαν
1433 3240 1759 3305 διασώζουσι

1871 3219 2119 3301 abducti.
2152 3241 2310 3311 731
2340 3241 2539 3312 dignas
2592 3242 2897 3298 sceleribus
2941 3219 3065 3299 suis
3113 3258 3307 3313 ptenas
3345 3242 3449 3299 da-

185 3330 372 3397 δοξαν,
416 3333 510 3385 κα)⁸
561 3334 621 3386 ἐν
676 3333 889 3403 μεθέξει
946 3334 1169 3405 μένουσι
1209 3333 1320 3386 τῶν
1380 3333 1759 3405 ἀπονεμηθέν-

184 3422 503 3487 τωνιαύτοῖς
537 3423 791 3492 ἀγαθῶν,
830 3424 1225 3495 ἀμετάπτωτόν
1262 3441 1322 3478 τε
1360 3426 1461 3496 τὴν
1493 3425 1762 3496 εὐθυμίαν

184 3511 569 3582 εὑρίσκουσιν·
631 3516 684 3567 oi
749 3514 807 3567 δὲ
870 3517 977 3578 τοῖς
1049 3514 1201 3578 ἰδίοις
1272 3514 1762 3586 καταφθειρόμενοι

184 3602 502 3674 λογισμοῖς,
550 3607 645 3659 καὶ
692 3606 776 3675 ἐφ’
807 3606 845 3660 ἃ
894 3606 970 3678 μὴ
1023 3606 1181 3677 θέμις
1221 3606 1545 3670 ἀκαθὲκτοις
1574 3605 1763 3677 ὥσπερ

185 3691 453 3763 ῥεύμασιν
478 3693 783 3764 ἐπιθυμιῶν
803 3696 1262 3767 κατασυρόμενοι,
1288 3698 1389 3765 τήν
1416 3696 1600 3759 αὐτοῖς
1630 3696 1754 3765 πρέ-

188 3802 393 3839 πουσαν
428 3786 756 3856 ὑπομένουσι
795 3788 971 3859 δίκην,
1002 3787 1097 3841 καὶ
1143 3788 1242 3858 τήν
1281 3788 1375 3843 ἐπὶ
1418 3789 1537 3850 ταῖς
1572 3787 1766 3857 ἀχαρι-

185 3878 361 3940 στίαις
394 3878 619 3941 εἰκότως
648 3880 1013 3951 ὑπομένοντες
1038 3879 1280 3950 γραφὴν,
1320 3879 1420 3950 τὴν
1449 3878 1632 3949 ἀπηνῆ
1673 3880 1766 3933 καὶ

181 3968 495 4040 ἀπέραντον
519 3969 917 4040 ύποστήσονται
957 3969 1199 4025 κόλασιν.
1238 3969 1361 4022 Ἐπὶ
1401 3969 1611 4032 τούτοις
1655 3971 1764 4033 τοῖς

182 4061 431 4131 ὁρισμοῖς
461 4060 761 4131 γενομένην
786 4061 1039 4133 εὑρήσεις
1060 4060 1160 4131 τὴν
1187 4061 1294 4114 τῶν
1314 4060 1563 4129 ἀγγέλων
1582 4059 1764 4130 φύσιν.

182 4150 244 4201 0i
270 4150 369 4220 μὲν
392 4151 510 4224 γάρ
534 4151 963 4222 διατηρήσαντες
988 4151 1087 4223 τὴν
1110 4153 1317 4207 οίκείαν
1338 4152 1535 4223 ἀρχὴν,
1560 4152 1766 4207 ἀναπό-

184 4239 374 4312 ϐλητον
405 4242 594 4313 εχουσι
619 4243 718 4313 τὴν
757 4243 843 4313 ἐφ’
865 4243 1037 4298 ἅπασι
1069 4248 1181 4309 τοῖς
1213 4246 1441 4314 ἀγαθοῖς
1474 4246 1683 4317 ίδρυσίν
1708 4263 1766 4300 τε

184 4334 276 4385 καὶ
305 4334 515 4388 στάσιν·
563 4336 612 4388 oi
656 4334 714 4389 δὲ
764 4338 877 4400 τοῖς
934 4338 1028 4389 ἐπὶ⁵
1077 4337 1146 4391 τὰ
1194 4337 1365 4408 χείρω
1394 4337 1627 4408 νεύμασι
1670 4338 1768 4407 τῆς

183 4424 411 4493 ἀρχαίας
473 4427 693 4499 ἐκείνης
745 4428 995 4492 εὐκλείας
1045 4428 1500 4500 διολισθήσαντες,
1558 4430 1767 4498 σειραῖς

183 4510 343 4580 ζόφου
390 4517 893 4588 τεταρταρωμένοι,
927 4517 1069 4571 κατά
1116 4518 1178 4570 τὸ
1231 4518 1634 4588 γεγραμμένον,
1687 4520 1767 4580 είς

1863 3330 2023 3397 bunt,
2063 3340 2118 3385 et
2167 3331 2242 3385 ob
2297 3332 2501 3401 ingrati
2552 3332 2724 3387 animi
2769 3348 2967 3388 noxam
3023 3334 3152 3403 jure
3204 3332 3448 3389 damnati

1863 3436 2026 3492 grave
2068 3429 2123 3476 et
2157 3429 2426 3477 aeternum
2481 3424 2817 3494 supplicium
2865 3424 3040 3479 luent.
3067 3423 3163 3478 liis
3196 3426 3453 3482 terminis

1864 3512 2191 3583 angelorum
2231 3523 2485 3568 naturam
2520 3515 2768 3570 invenies
2807 3516 3101 3571 contineri.
3144 3515 3249 3583 Qui
3297 3519 3445 3572 enim

1865 3612 2161 3660 servarunt
2198 3621 2359 3659 suum
2393 3606 2789 3676 principatum,
2816 3608 3207 3663 inconcussam
3248 3608 3453 3664 habent

1867 3692 1922 3746 in
1954 3692 2213 3747 omnibus
2251 3693 2412 3747 bonis
2473 3694 2784 3749 firmitatem
2826 3704 2992 3765 atque
3039 3698 3447 3764 constantiam;

1865 3783 1963 3854 qui
1992 3799 2124 3839 vero
2162 3785 2215 3837 in
2247 3784 2525 3839 deteriora
2564 3787 2819 3841 conversi
2859 3787 2949 3840 illa
2988 3789 3211 3858 antiqua
3245 3789 3450 3843 nobili-

1868 3885 1979 3933 tate
2018 3876 2365 3942 exciderunt,
2406 3878 2734 3935 rudentibus
2786 3878 2989 3935 inferni
3028 3879 3283 3941 detracti.
3306 3880 3451 3937 sicut

1866 3968 2137 4038 scriptum
2180 3978 2287 4035 est,
2327 3970 2382 4023 in
2433 3970 2705 4039 judicium
2759 3987 2973 4043 magna:
3020 3973 3126 4029 diei
3184 3976 3449 4030 reservati

1868 4068 1997 4115 sunt
2027 4060 2096 4115 η’.
2134 4057 2227 4115 Sic
2271 4060 2453 4116 factus
2482 4072 2568 4118 est
2599 4062 2761 4117 initio
2806 4065 3017 4133 primus
3048 4065 3139 4122 ille
3171 4065 3355 4133 homo,
3394 4066 3451 4123 id

1867 4161 1952 4207 est
1980 4152 2181 4206 Adam.
2207 4154 2342 4207 Erat
2362 4155 2512 4209 enim
2538 4157 2594 4210 in
2626 4156 2906 4226 paradiso,
2924 4164 2977 4211 ct
3005 4158 3059 4211 in
3090 4158 3323 4214 summis
3353 4158 3448 4214 de-

1869 4242 2035 4307 liciis,
2069 4243 2417 4313 spiritalibus
2461 4246 2748 4311 nimirum,
2791 4254 2845 4301 et
2874 4248 3046 4319 gloria
3072 4252 3216 4321 apud
3248 4251 3444 4310 Deum.

1868 4336 1936 4390 Et
1986 4337 2386 4403 permansisset
2431 4338 2657 4407 quidem
2697 4338 2751 4394 in
2794 4341 3044 4410 pristinis
3085 4345 3197 4401 illis
3238 4356 3449 4403 natura!

1869 4424 2050 4489 bonis,
2078 4426 2183 4481 nisi
2209 4441 2515 4484 conversus
2537 4437 2684 4483 esset
2712 4431 2762 4482 in
2784 4429 3148 4489 defectionem
3175 4444 3231 4490 et
3254 4438 3448 4494 inobe—

1870 4516 2158 4584 dicntiam,
2198 4517 2386 4571 datum
2446 4518 2550 4573 sibi
2588 4518 2827 4591 desuper
2858 4524 3174 4579 mandatum
3224 4531 3447 4586 stultis-

184 4602 359 4670 κρίσιν
386 4606 635 4676 μεγάλης
666 4607 879 4677 ἡμέρας
914 4607 1267 4676 τετήρηνται.
1300 4606 1487 4669 Οὕτως
1541 4604 1767 4675 πεποίη-

1872 4608 2011 4663 sime
2043 4617 2491 4679 praetergressus.
2545 4610 2639 4665 Sic
2684 4613 2841 4668 unxit
2878 4613 3099 4671 Saulem
3142 4619 3196 4673 in
3235 4635 3443 4691 regem.

186 4705 272 4741 ται
300 4694 443 4746 κατά
468 4693 574 4765 τὴν
601 4695 777 4767 ἀρχὴν
804 4698 833 4748 ὁ
860 4695 1075 4765 πρῶτος
1110 4694 1422 4765 ἄνθρωπος,
1451 4693 1599 4747 τοῦτ’
1622 4694 1769 4747 ἐστιν

186 4780 213 4830 ὁ
238 4780 425 4853 Ἀδάμ.
455 4781 572 4839 Ἦν
625 4788 724 4857 μὲν
778 4787 888 4858 γὰρ
937 4789 996 4841 ἐν
1054 4788 1391 4859 παραδείσῳ,
1427 4788 1520 4841 καὶ
1561 4790 1620 4841 ἐν
1651 4791 1769 4852 ταῖς

186 4870 442 4928 ἀνωτάτω
472 4880 734 4947 τρυφαῖς,
791 4881 1189 4949 πνευματικαῖς
1218 4877 1481 4949 δηλονότι,
1515 4879 1609 4932 καὶ
1639 4878 1766 4950 δόξῃ

187 4961 249 5029 τῇ
278 4965 427 5035 παρά
460 4966 604 5039 Θεῷ.
641 4968 752 5022 Καὶ
777 4968 1046 5039 διέμεινεν
1080 4968 1145 5022 ἂν
1167 4971 1226 5023 ἐν
1250 4971 1365 5031 τοῖς
1392 4966 1643 5039 ἀρχαίοις
1666 4965 1767 5037 τῆς

189 5050 394 5118 φύσεως
419 5057 672 5127 ἀγαθοῖς,
702 5060 751 5112 εί
774 5058 849 5130 μὴ
878 5059 1152 5131 τέτραπτο
1176 5059 1313 5131 πρὸς
1340 5059 1643 5113 ἀπόστασιν
1669 5058 1767 5111 καὶ

189 5146 483 5219 παρακοήν,
535 5148 869 5203 ἀϐουλότατα
920 5149 1207 5220 παρελθὼν
1262 5150 1361 5220 τὴν
1401 5150 1766 5222 διορισθεῖσαν

189 5228 400 5305 ἐντολὴν
430 5238 663 5293 ἀνωθεν.
702 5240 862 5294 Οὕτω
891 5241 1118 5312 κιχρικε
1156 5241 1250 5295 τὸν
1278 5241 1452 5295 Σαοὺλ
1494 5243 1576 5305 εἰς
1607 5240 1761 5312 βασι-

188 5316 298 5376 λέα.
322 5319 430 5380 Ἦν
457 5329 560 5398 μιν
582 5332 692 5402 γάρ
717 5333 777 5385 ἐν
803 5333 1000 5405 ἀρχαῖς
1024 5333 1086 5386 ού
1107 5332 1308 5403 φαῦλος
1337 5333 1496 5405 ἀνὴρ,
1529 5334 1762 5405 ὀφθέντα

188 5424 248 5475 γε
279 5414 384 5485 μὴν
409 5422 594 5476 οὐκέτι
644 5424 886 5478 τοιοῦτον
923 5424 1149 5497 μεθίστη
1194 5427 1293 5497 τῆς
1320 5426 1478 5499 δόξης
1520 5428 1617 5482 καὶ
1658 5428 1757 5498 τῆς

192 5499 450 5571 βασιλίδος
470 5515 655 5586 τιμῆς.
697 5516 883 5580 οὔτως
934 5516 1224 5584 ἐπελέξατο
1273 5519 1364 5573 τὸν
1398 5519 1620 5586 Ἰούδαν,
1660 5520 1757 5573 καὶ

189 5594 294 5657 τοῖς
349 5599 523 5668 ἁγίοις
570 5607 728 5661 αὑτὸν
777 5606 1000 5679 ἀνέμιξε
1060 5608 1353 5682 μαθηταῖς,
1420 5610 1750 5683 ἐπιτηδείως

259 5768 301 5800 ⁸’
340 5773 492 5834 Iuda:
524 5782 577 5837 6.

1869 4697 1999 4752 Erat
2036 4700 2185 4754 enim
2221 4701 2304 4754 vir
2346 4700 2493 4756 haud
2548 4704 2728 4759 malus
2780 4705 2959 4771 initio,
2994 4708 3089 4762 sed
3118 4723 3242 4762 cum
3280 4713 3449 4768 talem

1869 4804 1928 4845 se
1958 4805 2067 4844 non
2100 4790 2341 4861 amplius
2375 4793 2729 4863 prtebuisset,
2757 4796 2930 4865 gloria
2959 4808 3012 4851 et
3038 4800 3191 4868 regni
3236 4799 3452 4860 honore

1866 4882 2097 4936 excidit.
2129 4881 2220 4937 Sic
2248 4881 2448 4937 Iudam
2482 4884 2671 4955 elegit,
2692 4896 2745 4941 et
2770 4890 2978 4942 sanctis
3001 4889 3295 4959 discipulis
3321 4908 3447 4950 eum

1868 4974 2183 5044 adscripsit.
2222 4990 2348 5031 cum
2392 4974 2650 5032 idoneum
2697 4993 2756 5033 se
2808 4979 3082 5051 principio
3112 4991 3443 5042 sectatorem

1866 5078 1930 5133 ac
1973 5062 2308 5134 discipulum
2339 5074 2652 5135 praestaret.
2697 5064 2805 5121 Sed
2850 5078 3140 5141 postquam
3178 5076 3445 5143 paulatim

1863 5170 1895 5209 a
1928 5153 2135 5210 Satana
2186 5164 2437 5213 tentatus
2480 5166 2538 5213 et
2593 5158 2732 5213 lucri
2766 5161 2955 5215 studio
3003 5163 3253 5224 irretitus
3316 5168 3447 5224 huic

1862 5245 1999 5302 vitio
2030 5248 2348 5311 succubuit,
2381 5247 2586 5303 factum
2625 5251 2697 5305 ob
2743 5250 2800 5306 id
2838 5252 3173 5323 proditorem
3221 5257 3445 5315 demum

1862 5339 2085 5408 repulit.
2111 5339 2264 5395 Nihil
2290 5355 2426 5412 ergo
2456 5340 2523 5395 ad
2549 5356 2674 5397 eum
2706 5344 2801 5415 qui
2838 5345 3027 5417 elegit.
3056 5346 3231 5404 Penes
3286 5349 3444 5405 illum

1864 5427 2070 5499 quippe
2091 5437 2211 5483 erat
2243 5444 2355 5484 non
2387 5430 2613 5496 cadere,
2640 5432 2685 5489 si
2718 5433 2946 5488 meliora
2977 5435 3238 5491 nimirum
3282 5454 3442 5492 com-

1866 5519 2028 5591 plecti
2075 5520 2362 5586 voluisset,
2406 5531 2684 5593 totamque
2739 5541 2898 5581 suam
2950 5536 3184 5582 mentem
3228 5528 3297 5582 ad
3348 5544 3441 5581 se-

1866 5608 2147 5680 quendum
2180 5611 2398 5668 sincere
2437 5612 2721 5669 Christum
2757 5617 3163 5673 transtulisset.
3190 5616 3272 5671 Ad
3304 5616 3444 5671 alte-
