4144 6494
731 350 829 406 131

1718 348 1789 407 8.Δ
1809 347 2092 405 (ςῑιιιιω
2128 347 2602 407 ALEXANDRINI
2627 352 2949 414 ARCIIIEP.

3899 355 4009 417 {$1

728 482 750 521 ι
766 482 852 521 um
872 480 1039 537 porro
1064 465 1211 537 quod
1233 467 1574 539 propositum
1606 475 1748 533 erat,
1765 467 2033 524 dicimus.
2056 468 2292 536 Nemini,

2402 473 2592 543 ἔχοντα
2616 475 2857 547 δηλονότι
2889 477 3026 549 πρὸς
3053 477 3410 550 ἀκολούθησιν
3430 480 3487 533 ὲν
3515 479 3736 551 ἀρχαῖς.
3765 479 4005 551 Ἐπειδὴ

730 556 1036 611 secundum
1066 558 1434 627 quorumdam
1480 558 1708 613 stultum
1741 568 2145 625 conmeantum,
2181 561 2302 616 exi-

729 650 1065 705 stimandum
1110 659 1195 706 est
1256 650 1460 706 idcirco
1519 667 1642 721 qua:
1687 665 1718 705 a
1751 652 1968 706 sanctis
2015 652 2301 723 prophetis

728 742 877 796 dicta
913 753 1041 798 sunt
1093 742 1161 796 ad
1190 743 1396 797 exitum
1448 742 1704 812 perduci,
1736 751 1798 796 ut
1852 742 2159 813 Scriptura:
2199 745 2302 798 im-

730 833 1004 902 pleantur.
1051 831 1182 887 Nam
1215 834 1263 889 si
1315 834 1390 886 ita
1419 850 1478 889 se
1509 849 1600 889 res
1640 834 1859 898 habeat,
1898 834 2036 887 nihil
2077 836 2302 890 omnino

726 925 929 979 vetabit
980 924 1276 994 quominus
1313 929 1635 980 necessario
1680 923 1990 994 Scripturis
2021 924 2231 980 addicti
2269 941 2301 980 a

729 1024 957 1086 peccato
1003 1026 1360 1081 excusentur,
1390 1017 1502 1071 imo
1556 1031 1689 1072 vero
1738 1018 2057 1073 nullatenus
2107 1032 2301 1084 pecca-

727 1107 927 1161 verint.
990 1107 1046 1162 Si
1096 1106 1246 1161 enim
1306 1122 1401 1161 eas
1460 1106 1675 1176 impleri
1732 1107 2042 1176 oportebat,
2091 1107 2301 1176 inquiet

725 1199 947 1269 aliquis,
981 1206 1036 1252 et
1081 1213 1177 1268 per
1224 1198 1327 1252 bos
1370 1198 1607 1266 impletae
1641 1206 1793 1263 sunt,
1845 1198 1926 1251 illi
1964 1198 2156 1268 utique
2205 1213 2301 1267 per

723 1306 862 1360 quos
902 1291 1141 1360 impletas
1178 1298 1309 1345 sunt
1354 1290 1504 1344 omni
1542 1289 1702 1358 culpa
1745 1290 2043 1344 vacabunt.
2076 1290 2299 1359 Alioqui

721 1381 910 1435 divina
942 1383 1058 1450 ipsa
1095 1379 1382 1449 Scriptura
1433 1381 1645 1449 peccati
1692 1380 1941 1434 ministra
1972 1380 2142 1433 videri
2173 1395 2300 1449 pos-

719 1475 816 1539 sit,
848 1473 1018 1527 veluti
1060 1473 1109 1526 vi
1143 1470 1380 1541 quadam
1412 1486 1478 1524 ac
1524 1471 1858 1526 necessitate
1886 1471 2186 1526 nonnullos
2230 1470 2299 1523 ad

719 1564 814 1617 illa
860 1563 1186 1633 pertraxerit
1221 1578 1344 1633 qua:
1373 1563 1579 1633 scripta
1608 1572 1785 1627 erant,
1814 1571 1873 1616 ut
1912 1562 2055 1633 quod
2096 1563 2297 1632 praedi-

718 1666 869 1711 ctum
906 1664 991 1712 est
1023 1658 1151 1711 olim
1191 1658 1398 1711 exitum
1426 1657 1643 1711 tandem
1693 1657 2005 1712 sortiretur.
2045 1654 2205 1720 Quod
2249 1655 2298 1709 si

720 1749 895 1811 dicas,
927 1747 1149 1812 summi,
1172 1748 1389 1817 opinor,
1424 1746 1570 1800 istud
1602 1754 1683 1801 est
1717 1744 1915 1816 piaculi
1944 1760 2137 1816 genus.
2164 1743 2298 1809 Quis

2401 566 2459 619 δὲ
2486 565 2628 620 κατὰ
2652 567 2827 638 βραχὺ
2856 568 3132 639 πειράζων
3171 571 3200 623 ὁ
3227 570 3470 634 Σατανᾶς
3496 573 3618 634 ταῖς
3647 571 4005 642 αἰσχροκερ-

2401 659 2543 724 δίαις
2570 661 3070 733 προσεχειρώσατο,
3098 662 3390 733 νικηθέντα
3420 663 3498 735 τῷ
3529 662 3693 717 πάθει
3720 664 3827 718 καὶ
3864 680 4005 733 προ-

2400 752 2559 823 δότην
2588 753 2657 806 ὂι’
2682 754 2817 807 αὐτὸ
2846 755 3111 823 γεγονότα.
3148 754 3331 809 λοιπὸν
3354 754 3659 810 ἀπεώσατο.
3696 755 3882 809 Οὐδὲν
3906 751 4003 808 οὖν

2400 844 2509 914 ἄραι
2537 845 2671 917 πρὸς
2703 845 2793 899 τὸν
2827 842 3348 916 ὲπιλεξάμενον.Ἦν
3367 846 3475 918 γὰρ
3504 849 3562 900 έν
3592 845 3793 917 ἐκείνῳ
3816 845 3888 899 τὸ
3908 846 4002 899 δύ-

2400 937 2596 990 νασθαι
2629 937 2703 1009 μὴ
2728 939 3027 1002 διαπεσεῖν,
3060 938 3301 1012 ἑλομένῳ
3323 938 3565 1009 δηλονότι
3595 938 3663 992 τά
3696 938 4000 1009 πρεπωδὲ-

2402 1045 2590 1098 στερα,
2617 1028 2747 1099 ὅλην
2778 1045 2837 1081 τε
2870 1028 2967 1099 τήν
2998 1028 3132 1081 ίδίαν
3165 1028 3504 1100 μετατιθέντι
3536 1028 3780 1083 διάνοιαν
3815 1026 3909 1090 εἰς
3938 1025 4001 1076 τὸ

2400 1110 2597 1191 χρῆναι
2616 1119 2855 1190 γνησίως
2876 1119 3239 1191 ἀκολουθῆσαι
3283 1118 3525 1190 Χριστῷ.
3560 1120 3655 1184 Ei;
3680 1118 3742 1172 δέ
3768 1133 3845 1187 γε
3884 1116 3996 1169 τῶν

2401 1211 2777 1282 προκειμένων
2822 1211 2886 1264 τὸ
2934 1211 3119 1283 ἕτερον
3161 1212 3336 1265 ἐκεῖνό
3370 1229 3568 1282 φαμεν.
3615 1212 3711 1281 Μή
3751 1212 3877 1281 γάρ
3910 1227 3997 1273 τις

2398 1304 2611 1367 οἰέσθω,
2632 1302 2774 1355 κατὰ
2796 1303 2893 1372 τήν
2921 1319 3084 1355 τινων
3115 1303 3390 1368 ἀϐουλίαν,
3423 1303 3512 1357 διὰ
3539 1303 3696 1357 τοῦτο
3727 1302 3992 1370 διεξάγε-

2401 1391 2525 1446 σθαι
2554 1394 2690 1463 πρὸς
2724 1393 2897 1461 πέρας
2944 1393 3013 1445 τὰ
3042 1392 3179 1464 ἔργα
3230 1393 3300 1447 τά
3340 1394 3860 1464 κεχρησμῳδημένα
3904 1392 3995 1446 διὰ

2397 1484 2505 1538 τῶν
2533 1486 2704 1553 ἀγίων
2734 1484 3050 1555 προφητῶν,
3081 1486 3166 1538 ἵνα
3196 1485 3533 1556 πληρωθεῖεν
3569 1487 3623 1539 αἱ
3652 1485 3906 1557 Γραφαί.
3929 1486 3990 1539 Ei

2398 1576 2507 1647 γὰρ
2540 1576 2697 1630 τοῦτὸ
2726 1578 2872 1630 ἑστιν
2894 1576 3113 1647 ἀληθὲς,
3156 1576 3307 1630 οὐδὲν
3339 1577 3474 1640 ὅλως
3503 1575 3839 1631 διακωλύσει
3863 1580 3991 1641 τοὺς

2397 1674 2508 1735 τοῖς
2558 1670 2963 1742 γεγραμμένοις
3007 1670 3319 1738 ἀναγκαίως
3372 1669 3857 1741 ὑπηρετήσαντας,
3891 1668 3989 1720 οὐκ

2400 1765 2807 1835 ἀπροφάσιστον
2853 1763 2996 1833 ἔχειν
3024 1763 3121 1833 τήν
3160 1762 3453 1834 ἁμαρτίαν,
3491 1762 3689 1831 μᾶλλον
3726 1760 3788 1813 δὲ
3817 1760 3985 1813 οὐδα-

720 1840 866 1893 enim
893 1840 1030 1893 adeo
1060 1837 1293 1894 rationis
1345 1846 1399 1892 et
1433 1837 1634 1892 mentis
1667 1837 1825 1906 inops
1876 1836 2006 1899 erit,
2031 1845 2091 1888 ut
2124 1833 2292 1889 sancti

2404 1833 2522 1927 μῶς
2562 1854 3109 1926 πεπλημμεληκέναι.
3162 1852 3224 1905 Ei
3270 1852 3377 1924 γὰρ
3432 1851 3539 1904 ἔδει
3588 1850 3984 1920 πληρωθῆναι,

722 1941 880 2013 732
908 1941 1146 2012 Spiritus
1171 1956 1476 1997 sermonem
1502 1940 1782 1995 existimet
1807 1940 2065 2009 cuiquam
2091 1940 2299 2008 peccati

718 2035 891 2089 fuisse
937 2034 1252 2103 pararium?
1280 2032 1623 2102 Quapropter
1662 2045 2007 2100 nequaquam
2044 2030 2117 2083 ob
2139 2030 2298 2084 istam

714 2138 937 2178 causam
966 2124 1245 2178 credimus
1269 2123 1410 2176 facta
1434 2137 1559 2177 esse
1589 2122 1658 2175 ab
1683 2121 1960 2189 aliquibus
1983 2135 2170 2189 Opera,
2242 2126 2300 2173 ut

716 2216 1152 2284 adimplerentur
1185 2214 1483 2283 Scriptura:
1523 2230 1537 2266 :
1570 2211 1664 2266 sed
1692 2212 1955 2279 Spiritum
1992 2224 2177 2263 rerum
2219 2208 2299 2263 lu-

717 2319 964 2361 turarum
991 2308 1280 2377 praescium
1298 2321 1392 2361 eas
1410 2304 1748 2375 praedixisse,
1769 2311 1827 2357 ut
1843 2317 1966 2357 cum
1987 2302 2296 2368 evenerint,

717 2403 916 2470 pignus
940 2401 1061 2454 lidei
1086 2399 1492 2469 praedictionem
1513 2398 1782 2452 habentes
1802 2397 1951 2451 illam
1973 2396 2040 2450 de
2055 2410 2164 2465 quo
2181 2396 2296 2451 haec

2399 1950 2586 2021 φησὶν,
2615 1950 2731 2021 ἐρεῖ
2776 1965 2879 2012 τις,
2909 1946 3210 2020 ἐπληροῦτο
3252 1947 3309 1999 δὲ
3350 1945 3438 1998 διὰ
3462 1945 3687 2010 τούτων,
3715 1946 3769 1997 οἱ
3794 1943 3869 1996 δι’
3912 1937 3985 1997 ὧν

2395 2042 2505 2113 ἄρα
2526 2040 2935 2112 πεπλήρωνται,
2964 2040 3145 2111 πάσης
3175 2040 3240 2093 ἂν
3266 2033 3374 2093 εἷεν
3408 2038 3638 2108 εὐθύνης
3672 2036 3983 2107 ἐλεύθεροι.

2400 2130 2611 2194 ’Ἄλλως
2636 2147 2697 2183 τε
2728 2130 2831 2183 καὶ
2848 2129 3093 2193 διάκονος
3121 2130 3397 2201 ἁμαρτίας
3431 2131 3463 2199 ή
3497 2127 3617 2181 θεία
3658 2126 3723 2197 δὴ
3755 2125 3984 2188 πάντως

2396 2221 2755 2292 κατεφαίνετο
2783 2222 2995 2292 Γραφὴ,
3048 2220 3288 2275 καλοῦσα
3338 2220 3588 2289 καθάπερ
3638 2219 3702 2271 ὲκ
3734 2217 3866 2287 βίας
3904 2219 3983 2279 είς
4078 2210 4079 2219 “

2394 2316 2577 2369 ἐκεῖνά
2600 2332 2774 2380 τινας,
2802 2314 2838 2368 ὃ.
2865 2314 3103 2368 έλαλεῖτο
3133 2313 3199 2367 δι’
3223 2313 3411 2382 αὐτῆς,
3442 2312 3530 2365 ἵνα
3559 2309 3654 2363 καὶ
3685 2311 3769 2371 είς
3800 2307 3984 2377 πέρας
4074 2336 4079 2369 ε

2392 2407 2513 2477 ἥκοι
2552 2406 2611 2460 τὸ
2647 2406 2817 2460 πάλαι
2845 2405 3254 2477 πεφωνημένον.
3304 2403 3440 2456 Ἀλλ’
3482 2397 3637 2472 οἶμαι
3672 2400 3848 2464 πολὺς
3890 2398 3982 2452 ἐπὶ
4082 2402 4083 2413 ‘

718 2492 923 2559 scripta
955 2498 1111 2556 sunt,
1132 2503 1286 2545 certo
1312 2490 1533 2544 demum
1560 2498 1615 2544 et
1650 2488 1963 2542 indubitato
1990 2501 2292 2557 cognosca-

2392 2498 2562 2568 τούτῳ
2592 2499 2693 2567 τῆς
2720 2498 3033 2569 δυσφημίας
3058 2500 3087 2549 ὁ
3115 2497 3291 2565 λόγος.
3318 2496 3412 2556 Τίς
3452 2495 3561 2566 γὰρ
3586 2495 3672 2565 εἴη
3708 2492 3811 2546 τοῦ
3842 2492 3981 2546 καθ·

719 2598 865 2637 tuus.
912 2583 1017 2637 Sed
1053 2597 1179 2637 cum
1231 2582 1285 2635 in
1322 2582 1497 2636 altero
1543 2581 1689 2635 libro
1719 2580 1787 2634 de
1841 2580 1926 2633 his
1974 2579 2096 2635 fuse
2136 2580 2292 2636 nobis

2393 2589 2619 2660 ήκοντος
2648 2588 2911 2656 λογισμοῦ
2949 2587 3199 2641 τοσοῦτον
3232 2586 3615 2657 ἐστερημένος,
3652 2583 3727 2647 ὡς
3758 2583 3853 2637 τὸν
3884 2581 3980 2635 τοῦ
4070 2574 4083 2660 ᾗ

713 2673 1060 2742 disputatum
1084 2673 1181 2739 sit,
1206 2675 1393 2727 eadem
1419 2685 1588 2741 porro
1611 2676 1860 2740 repetere
1884 2670 2292 2738 quodammodo

2399 2680 2555 2748 ἁγίου
2583 2680 2895 2749 Πνεύματος
2945 2680 3155 2732 οἴεσθαι
3200 2678 3355 2745 λόγον
3379 2677 3649 2749 ἁμαρτίας
3683 2676 3801 2728 τισὶ
3833 2674 3979 2744 γίνε⁹

711 2765 1051 2835 ευνετίιυυω
1080 2778 1205 2819 e553
1234 2763 1468 2818 Viden"-
2398 2773 2523 2826 σθαι
2566 2772 2863 2844 πρόξενονς
2908 2771 3117 2824 Οὐκοῦν
3162 2770 3223 2823 οῦ
3257 2770 3344 2823 διὰ
3389 2770 3594 2829 ταύτην
3640 2766 3979 2834 πιστεύομεν

710 2873 808 2945 τὴν
843 2872 1021 2926 αἰτίαν
1048 2870 1335 2941 δεδρᾶσθαι
1360 2870 1429 2922 τὰ
1462 2869 1599 2939 ἔργα
1638 2867 1790 2938 παρά
1815 2883 1997 2931 τινων,
2036 2868 2123 2921 ἵνα
2158 2868 2494 2940 πληρωθεῖεν
2529 2869 2587 2920 αἱ
2628 2868 2667 2919 Γ
2672 2866 2859 2936 ροιφαί⁹
2894 2866 2976 2919 ὅτι
3015 2864 3073 2917 δὲ
3123 2864 3340 2925 πάντως
3394 2862 3547 2916 ἔσται
3581 2860 3651 2914 τά
3692 2857 3975 2929 συμϐησόο

714 2983 853 3035 μενα
901 2965 1145 3037 προειδὸς
1177 2964 1239 3017 τὸ
1270 2962 1493 3032 Πνεῦμα
1520 2961 1833 3031 λελάληκεν,
1870 2960 1937 3013 ἵν’
1970 2962 2099 3015 ὅταν
2128 2961 2373 3030 γίνεσθαι
2411 2962 2615 3033 συμϐῇ,
2673 2962 2906 3024 πίστεως
2944 2960 3197 3031 ἐνέχυρον
3254 2957 3510 3019 λαϐόντες
3567 2955 3665 3028 τὴν
3722 2954 3975 3025 πρόρρη-

718 3076 824 3121 σιν,
859 3059 958 3129 τὴν
985 3058 1069 3127 ἐφ’
1114 3050 1158 3126 ᾧ
1196 3055 1507 3129 γέγραπται
1560 3052 1750 3117 ταῦτα,
1803 3052 1988 3107 λοιπὸν
2031 3055 2310 3127 ἀραρότως
2360 3054 2735 3127 γινώσκωμεν.
2796 3052 2996 3108 Πολλοῦ
3050 3053 3106 3106 δὲ
3151 3054 3282 3124 ήμῖν
3328 3049 3611 3119 γεγονότος
3662 3045 3755 3099 τοῦ
3816 3046 3975 3113 λόγου

712 3153 841 3225 περὶ
872 3153 979 3205 τῶν
1008 3150 1262 3204 τοιούτων
1300 3152 1355 3202 ὲν
1391 3148 1562 3217 έτέρῳ
1593 3145 1803 3216 βιϐλίῳ,
1853 3144 1914 3198 τδ
1948 3149 2178 3216 μακροῖς
2227 3148 2307 3201 ἔτι
2344 3150 2474 3218 περὶ
2519 3148 2699 3201 αὐτῶν
2749 3147 3085 3217 ἐνδιατρίψαι
3134 3144 3456 3215 διηγήμασι,
3508 3140 3763 3211 περιττὸν
3830 3136 3971 3192 εἷναί

713 3264 831 3308 πως
858 3246 1023 3298 δοκεῖ.

780 3335 1043 3401 Χ111,19.
1102 3332 1307 3386 Amodo
1342 3331 1460 3385 dico
1510 3333 1651 3387 vobis
1698 3332 2009 3402 priusquam
2055 3330 2175 3399 ﬁat,
2227 3337 2285 3382 ιιι
2313 3338 2356 3396 c

708 3445 827 3482 cum
856 3428 1055 3496 factum
1085 3424 1267 3493 fuerit,
1291 3422 1520 3476 credatis
1552 3423 1678 3493 quia
1710 3439 1801 3493 ego
1831 3437 1971 3476 sum.

780 3518 1108 3575 Necessario
1139 3515 1370 3586 exposui
1440 3530 1563 3585 quae
1616 3530 1740 3569 mox
1776 3517 1961 3569 lutura
2002 3522 2156 3581 sunt,
2195 3514 2285 3568 in-

707 3612 851 3683 quit,
886 3618 939 3665 et
974 3618 1099 3664 ante
1133 3616 1349 3678 tempus
1381 3623 1395 3660 :
1424 3606 1667 3676 proderit
1709 3607 1856 3661 enim
1906 3606 2282 3669 auditoribus,

706 3722 810 3762 nec
846 3719 1035 3776 parum
1073 3701 1344 3758 conducet
1386 3700 1463 3753 rei
1493 3699 1671 3768 ipsius
1702 3713 1931 3768 secpum
1961 3712 2279 3769 agnoscere.

705 3798 933 3852 Frustra
974 3793 1121 3849 enim
1157 3790 1434 3848 sermonis
1463 3804 1622 3844 usum
1672 3789 2094 3844 narrationibus
2124 3790 2283 3843 insu-

705 3905 853 3946 mere
889 3904 998 3942 non
1022 3887 1207 3942 soleo:
1240 3884 1447 3954 quibus
1473 3890 1657 3936 autem
1700 3895 1807 3935 non
1829 3895 2024 3950 parum
2066 3879 2279 3932 utilita-

705 3986 775 4039 tis
794 3981 1200 4038 inessevidetur
1223 3978 1269 4033 si
1287 3976 1355 4031 ad
1376 3983 1613 4031 vestram
1644 3972 1893 4028 notitiam
1929 3972 2278 4035 devenerint,

706 4075 824 4128 haec
853 4088 955 4145 ego
990 4070 1187 4126 vestris
1227 4068 1455 4125 auribus
1488 4063 1822 4121 infundenda
1855 4064 2114 4119 arbitror.
2150 4061 2281 4116 Dico

707 4167 874 4237 igitur
904 4162 1123 4226 amodo,
1152 4161 1351 4232 inquit,
1386 4158 1567 4224 vobis,
1601 4172 1724 4227 qua:
1758 4171 1858 4226 pro
1892 4155 2103 4209 foribus
2150 4154 2279 4224 qui-

707 4259 829 4313 dem
866 4258 977 4327 jam
1010 4264 1157 4319 sunt;
1187 4253 1282 4309 sed
1314 4251 1583 4307 factorum
1618 4249 1863 4304 nondum
1903 4248 2278 4315 cognitionem

704 4350 862 4404 vobis
902 4346 1091 4413 affero,
1124 4353 1203 4411 ut,
1258 4360 1383 4399 cum
1437 4359 1503 4398 ea
1555 4341 1674 4397 ﬁeri
1736 4338 2059 4407 contigerit,
2094 4352 2276 4392 rerum

704 4442 908 4495 exitum
942 4439 1078 4493 meis
1116 4434 1572 4512 praadictionihus
1602 4438 1879 4501 aptantes,
1907 4430 2063 4482 illum
2097 4430 2276 4498 ipsum

703 4546 792 4585 me
841 4544 964 4585 esse
998 4528 1260 4592 credatis,
1292 4528 1360 4582 de
1410 4541 1520 4596 quo
1577 4523 1704 4578 talia
1757 4519 2049 4591 Scriptura
2088 4520 2276 4575 divina

701 4620 1039 4693 praedixerit.
1106 4617 1281 4673 Simul
1345 4631 1481 4687 ergo
1544 4612 1810 4666 Dominus
1868 4618 2058 4665 noster
2112 4608 2276 4665 Jesus

2472 3326 2704 3393 Ἀπὰρτι
2742 3325 2895 3394 λέγω
2926 3324 3070 3394 ὑμῖν
3111 3323 3225 3392 πρὸ
3258 3322 3366 3377 τοῦ
3394 3324 3694 3392 γενέσθαι,
3731 3322 3841 3376 ἵνα
3882 3340 3976 3376 περ

2390 3420 2707 3485 στεύσητε,
2747 3417 2894 3470 ὅταν
2935 3416 3200 3485 γένηται,
3235 3416 3325 3469 ὅτι
3349 3415 3463 3483 ἐγώ
3482 3416 3621 3482 ειμι.

2472 3506 2931 3577 Ἀναγκαιοτάτην
2960 3507 3286 3575 πεποίημαι,
3320 3504 3473 3572 φησι,
3513 3503 3623 3555 τῶν
3655 3502 3782 3555 ὅσον
3816 3501 3971 3555 οὐδέ-

2388 3621 2475 3657 πω
2541 3600 2951 3673 παρεσομένων,
3001 3598 3093 3651 καὶ
3147 3596 3254 3667 πρὸ
3306 3594 3495 3667 καιροῦ
3535 3594 3632 3665 τὴν
3681 3593 3969 3664 ἐξήγησιν·

2385 3695 2614 3766 ῂσθήσει
2635 3696 2652 3712 ⁹
2672 3692 2783 3763 γάρ
2813 3692 2940 3753 τοὺς
2968 3690 3374 3760 ἀκροωμένους,
3397 3687 3492 3740 καὶ
3518 3686 3579 3739 οὐ
3600 3685 3801 3756 μικρὸν
3833 3686 3971 3739 οἴσει

2383 3787 2447 3839 τὸ
2475 3786 2687 3857 κέρδος,
2732 3786 2781 3838 εἰ
2808 3782 2900 3836 τὸν
2931 3784 2998 3835 ἐκ
3024 3780 3119 3834 τοῦ
3150 3780 3474 3853 πράγματος
3502 3776 3697 3831 εἰδεῖεν
3736 3775 3965 3829 σκοπόν.

2383 3876 2624 3938 Είκαίως
2677 3876 2775 3945 μὲν
2821 3874 2930 3945 γάρ
2975 3872 3073 3943 τὴν
3130 3870 3225 3925 τοῦ
3271 3870 3433 3938 λόγου
3478 3867 3670 3941 χρείαν
3712 3867 3966 3937 δαπανᾲν

2382 3969 2739 4039 διηγήμασιν,
2770 3964 3036 4035 ἀσύνηθες
3061 3980 3121 4018 τε
3148 3961 3244 4018 καὶ
3268 3962 3330 4016 οὐ
3362 3961 3515 4032 φίλον
3547 3958 3691 4030 ἐμοί’
3720 3953 3805 4022 οἷς
3828 3959 3880 4012 δ’
3902 3958 3965 4011 ἂν

2385 4062 2645 4131 φαίνηται
2684 4058 2886 4131 προσὸν
2940 4056 3003 4109 τὸ
3049 4054 3322 4117 λυσιτελὲς
3367 4054 3431 4106 οὐ
3483 4052 3675 4124 μικρὸν
3729 4052 3780 4104 εἰ
3824 4050 3963 4114 πρὸς

2382 4154 2584 4221 γνῶσιν
2614 4150 2711 4222 [αι.
2744 4152 2797 4205 εί
2844 4150 2924 4213 είς
2958 4143 3290 4219 πρόγνωσιν]
3317 4145 3387 4199 τοι
3412 4143 3510 4215 τήν
3539 4142 3821 4215 ήμετέραν
3849 4140 3961 4215 [πρ.

2382 4242 2698 4317 ὑμετέρα·ι],
2733 4242 2903 4296 ταῦτα
2936 4240 3047 4293 δεῖν
3089 4235 3457 4308 ὑπολαμϐάνω
3495 4238 3615 4298 ταῖς
3657 4234 3964 4307 ἡμετέραις

2384 4337 2495 4409 [τσ.
2561 4331 2879 4408 ὑμετέραις]
2930 4333 3144 4404 ἐνηχεῖν
3193 4331 3404 4393 ἀκοαῖς.
3451 4327 3613 4397 Λέγω
3671 4325 3961 4400 τοιγαροῦν

2380 4431 2607 4501 ἀπάρτι,
2649 4430 2836 4499 φησὶν,
2877 4429 3008 4498 ὑμῖν
3029 4425 3098 4479 τὰ
3120 4425 3213 4478 ἐπὶ
3231 4424 3422 4494 θύραις
3454 4422 3554 4493 μὲν
3585 4420 3707 4491 ήδη,
3747 4420 3963 4473 τετελε-

2382 4525 2595 4595 σμένων
2622 4522 2680 4577 δὲ
2710 4522 2862 4576 οῦπω
2892 4521 2993 4592 τὴν
3023 4518 3225 4587 γνῶσιν
3255 4516 3528 4586 ὲντίθημι.
3551 4512 3618 4566 ἵν’
3642 4514 3774 4565 ὅταν
3802 4511 3959 4579 γενέ-

2381 4618 2506 4671 σθαι
2543 4615 2749 4686 συμϐῇ,
2777 4612 3239 4683 συναρμόττοντες
3263 4611 3377 4671 τοῖς
3400 4605 3528 4675 παρ’
3552 4602 3688 4675 ἐμοῦ
3715 4619 3963 4673 προηγο-

698 4715 957 4771 Christus
1011 4720 1064 4767 et
1111 4712 1451 4782 proditorem
1508 4703 1714 4761 sensim
1755 4703 2033 4772 castigare
2082 4716 2275 4772 aggre-

2391 4710 2665 4780 ρευμένοις
2712 4705 2818 4760 τῶν
2850 4704 3194 4775 πραγμάτων
3222 4699 3284 4785 τὸ
3338 4698 3510 4761 τέλος,
3552 4698 3763 4749 ἐκεῖνον
3794 4693 3963 4747 αὐτὸν

699 4901 954 4964 ad‘crens,
987 4906 1041 4951 et
1075 4892 1405 4967 proditionis
1439 4889 1647 4944 exitum
1682 4888 1737 4941 in
1774 4886 1990 4957 signum
2027 4884 2146 4939 fore
2171 4885 2269 4949 ait,

698 5004 750 5047 et
779 4991 1150 5046 clarissimum
1191 4990 1576 5055 argumentum
1608 4980 1789 5050 ipsum
1821 4992 1943 5032 esse
1962 4975 2267 5031 Christum.

699 4811 871 4869 ditur,
925 4805 1358 4874 increpationem
1409 4796 1511 4851 sub
1574 4793 1903 4866 quibusdam
1974 4793 2272 4847 involucris

2391 4771 2513 4851 ιῖναί
2544 4814 2609 4867 με
2645 4771 3158 4865 πιστεύσητε,νπερὶ
3183 4784 3244 4844 οῦ
3271 4788 3341 4841 τὰ
3369 4785 3590 4841 τοιαῦτα
3621 4783 3961 4874 κεχρησμῴο

2376 4890 2539 4961 δηκεν
2591 4890 2624 4958 ή
2672 4886 2791 4939 θεία
2818 4884 3029 4955 Γραφή.
3048 4883 3137 4936 Ἑν
3160 4880 3342 4951 ταυτῷ
3375 4875 3659 4947 τοιγαροῦν
3690 4877 3719 4927 ὁ
3750 4872 3961 4944 Κύριος

2376 4982 2532 5054 ήμῶν
2564 4978 2769 5051 Ἰησοῦς
2806 4979 2834 5030 ὁ
2864 4976 3096 5048 Χριστὸς
3160 4974 3257 5028 καὶ
3287 4973 3379 5025 τὸν
3417 4968 3682 5042 προδότην
3719 4966 3960 5035 ἐπανορ-

699 5086 772 5142 Ut
801 5086 943 5141 cnim
976 5084 1090 5154 jam
1124 5088 1283 5134 antea
1316 5076 1578 5141 diximus,
1606 5074 1699 5146 qui
1726 5087 1789 5128 ea
1819 5086 1939 5139 qua:
1961 5085 2060 5141 per
2084 5085 2271 5128 sacras

2391 5073 2502 5126 ὶοῦν
2549 5068 2946 5141 εὐπεριστόλως
2975 5067 3257 5137 ἐπιχειρεῖ,
3286 5058 3671 5132 κεκρυμμένον
3724 5055 3821 5108 ἐπὶ
3874 5070 3957 5154 μι-

699 5177 936 5232 Litteras
976 5146 1262 5247 'praedicta
1324 5175 1453 5225 sunt
1510 5182 1635 5223 cum
1700 5164 2004 5236 proditoris
2063 5162 2269 5217 scelere

2391 5167 2536 5235 ιραῖς
2582 5161 2871 5229 ἀσαφείαις
2906 5158 3252 5229 προκομίζων
3294 5156 3387 5209 τὸν
3431 5152 3672 5247 ἔλεγξον,
3710 5148 3811 5200 καὶ
3856 5146 3958 5247 vi}?

696 5266 1125 5339 comparaverit,
1156 5260 1689 5321 manifestissimam,
1724 5268 1783 5311 ut
1829 5269 1978 5318 reor,
2007 5260 2063 5309 et
2110 5252 2267 5306 facil-

2391 5234 2474 5323 τῆς
2498 5251 2785 5323 προδοσίας
2806 5249 3031 5302 ἑκϐασιν
3058 5249 3139 5309 είς
3170 5246 3396 5316 σημεῖον
3424 5237 3644 5339 ἔσεσθαί
3674 5244 3831 5307 φησι,
3857 5234 3957 5339 καὶ

696 5362 878 5414 limam
907 5360 1027 5427 ejus
1065 5353 1612 5422 comprehensionem
1642 5357 1990 5419 assequetur.

2391 5348 2449 5407 ίῐς
2502 5346 2843 5413 σαφεστάτην
2884 5338 3157 5405 ἀπόδειξιν
3202 5337 3299 5391 τοῦ
3328 5334 3491 5388 αὑτὸν
3519 5327 3659 5385 εἶναι
3692 5326 3953 5400 Χριστόν.

706 5457 792 5517 Ὠς
815 5423 1056 5524 γὰργήδη
1090 5449 1390 5519 φθάσαντες
1413 5444 1659 5513 εἴπομεν,
1692 5446 1720 5497 ὁ
1750 5443 1819 5495 τὰ
1849 5441 1935 5494 διὰ
1964 5437 2073 5492 τῶν
2101 5436 2262 5509 ιερῶν
2300 5437 2647 5508 Γραμμάτων
2671 5433 3166 5509 προκεκηρυγμένα
3195 5432 3307 5493 τοῖς
3325 5426 3419 5481 τοῦ
3477 5423 3956 5524 προδότου“σιέμ-

694 5508 874 5602 δαᾷιέν
896 5508 1283 5613 ,τολμήμασιψ
1348 5508 1815 5609 εὐσυνοίπτοτάτην
1856 5536 1946 5598 ἂν,
1992 5508 2168 5603 οἶμαι,
2210 5531 2305 5584 καὶ
2341 5531 2719 5603 ἀταλαίπωρον
2765 5529 2956 5600 κομιδῇ
2995 5526 3092 5597 τὴν
3116 5524 3203 5578 ἐπ’
3229 5522 3379 5593 αὐτῷ
3402 5516 3711 5588 κατάληψιν
3744 5508 3950 5583 ἀληθῆ.

695 5641 789 5693 καὶ
822 5637 965 5692 μάλα
1000 5635 1191 5708 ῥᾳδίως
1220 5634 1392 5687 ἕλοιτο
1421 5631 1504 5686 ἄν.
