4144 6490
207 372 309 433 ίῦδ

1159 331 1164 336 ’
1260 367 1327 422 ια
1364 365 1651 422 JOAMilS
1677 364 2119 422 EVANGELIUM
2158 366 2286 422 LIB.
2314 366 2400 422 ix.

3358 368 3462 425 156

289 489 499 559 Ἀμὴν,
540 487 702 556 ἀμὴν
749 484 903 554 λέγω
933 482 1098 552 ὑμῖν,
1131 484 1163 534 ὀ
1194 482 1517 550 λαμϐάνων
1542 482 1617 534 ἄν
1655 497 1785 535 τινα

1958 478 2095 542 XIII,
2133 479 2221 534 ΞΟ.
2257 481 2444 547 Amen,
2481 496 2633 535 amen
2680 480 2798 535 dico
2848 480 3011 544 vobis,
3042 477 3131 550 qui
3174 484 3363 553 accipit
3414 486 3463 537 si

206 581 442 651 πέμψω,
469 578 575 647 ἐμὲ
592 574 882 645 ,λαμϐάνει
900 592 913 605 ’
962 576 995 626 ὁ
1023 574 1092 627 δὲ’
1117 574 1223 643 ἐμὲ
1246 575 1591 643 λαμϐάνων,
1634 577 1780 641 λαμ-

201 672 384 735 ,ϐιίνει
419 670 525 723 τὸν
544 666 993 722 ἀποστείλαντά
1007 683 1106 734 με.

282 759 687 830 Προαποδείξας
724 756 1010 828 χρησίμως
1040 757 1233 809 ἑαυτὸν
1263 756 1388 809 ὄντα
1415 755 1666 828 Χριστὸν,
1690 756 1785 808 καὶ

206 845 368 905 δι’ὧν
404 850 628 921 ἔμελλεν
680 851 707 901 ὁ
754 848 1021 920 προδότης
1055 850 1483 919 ὲμπαροινήσειν
1528 850 1585 900 ὲν
1612 846 1783 917 αὐτῷ,

207 942 479 1014 χρήσιμόν
502 961 553 996 τι
581 942 741 996 πάλιν
768 943 975 994 ἐπινοεῖ
1003 940 1141 1009 πρὸς
1176 939 1489 1010 ἀνατροπὴν
1512 939 1609 1008 τῆς
1643 938 1785 992 ὲκεί-

208 1051 301 1086 νου
334 1034 714 1099 κακοϐουλίας,
740 1034 833 1086 καὶ
854 1032 1225 1103 ἀμυδρότερός
1257 1048 1371 1095 πως
1399 1030 1546 1099 αύτῷ
1574 1031 1786 1102 πρόεισι

207 1126 303 1178 καὶ
337 1125 431 1178 νῦν
473 1128 501 1179 ό
536 1125 713 1193 λόγος.
754 1122 1132 1193 Συγκρύπτειν
1174 1122 1280 1193 γάρ
1314 1121 1391 1174 ἔτι
1432 1124 1688 1193 πειρᾶται
1728 1123 1786 1175 τὸ

206 1210 486 1284 τόλμημα,
524 1214 621 1266 καὶ
644 1212 947 1281 ἀναφανδὸν
980 1211 1132 1265 οῦπω
1157 1213 1288 1281 φησι
1313 1211 1395 1274 τίς
1428 1213 1457 1264 ό
1495 1211 1787 1283 προδώσων

208 1304 390 1359 αὐτόν.
436 1305 757 1375 ’Δπελέγχει
812 1302 1119 1375 τοιγαροῦν,
1168 1304 1259 1355 καὶ
1316 1302 1459 1373 μάλα
1506 1302 1787 1374 χρησίμως

210 1400 352 1467 μετά
384 1397 590 1468 σαφοῦς
630 1396 1086 1467 παραδείγματος,
1130 1391 1204 1456 ὡς
1247 1393 1460 1462 ἀνάγκη
1492 1396 1658 1458 πᾶσα,
1699 1395 1791 1447 καὶ

210 1490 289 1553 είς
323 1491 384 1543 τὸ
410 1489 506 1543 τοῦ
556 1488 689 1543 Θεοῦ
736 1487 831 1540 καὶ⁸
866 1485 1077 1555 Πατρὸς
1105 1485 1323 1537 ἀναθεῖν
1349 1485 1667 1555 πρόσωπον,
1692 1485 1791 1555 τῆς

209 1585 291 1645 είς
319 1581 483 1634 αὑτὸν
523 1580 811 1650 γινομένης
849 1576 1067 1644 ἀγάπης
1091 1592 1147 1626 τε
1181 1576 1272 1627 καὶ
1298 1576 1461 1644 τιμῆς
1504 1576 1564 1628 τὸ
1600 1576 1787 1643 πέρας.

210 1673 323 1726 Καὶ
368 1672 489 1741 οὐχὶ
525 1672 697 1741 δήπου
760 1667 914 1721 τοῦτο
943 1666 1147 1737 κυρίως
1190 1665 1341 1736 αύτῷ
1365 1667 1631 1720 δεικνύειν
1669 1685 1793 1721 σκο-

210 1764 335 1829 πὸς,
366 1765 503 1832 τάχα
536 1763 590 1815 δὲ
628 1760 828 1831 μᾶλλον
861 1760 920 1811 τὸ
953 1759 1212 1821 ἐναντίως
1248 1758 1371 1827 ἔχον
1398 1759 1539 1812 κατὰ
1582 1758 1678 1829 τὴν
1705 1758 1789 1812 δό-

207 1854 323 1917 ξαν.
381 1854 563 1922 ’Δφεὶς
608 1853 737 1922 γὰρ,
785 1850 860 1913 ὡς
909 1850 1076 1915 ἔοικε,
1104 1851 1165 1904 τὸ
1213 1851 1378 1920 φάναι
1434 1851 1785 1921 γυμνότερον,
1820 1847 1860 1900 Β

199 1946 337 2015 ὅπερ
360 1946 595 2017 εἴρηκεν,
618 1946 676 1997 ὲν
701 1942 930 2014 ἑτέροις,
972 1942 1117 1995 τοῦτ’
1158 1942 1324 2005 ἔστιν,
1365 1962 1384 1994 ‹
1432 1942 1487 1995 Ὀ
1514 1942 1587 2013 μὴ
1618 1942 1790 2011 τιμῶν

197 2036 290 2089 τὸν
315 2036 463 2099 Υίὸν,
497 2036 621 2089 οὐδὲ
662 2035 752 2088 τὸν
788 2036 1005 2106 Πατέρα
1040 2038 1197 2105 τιμᾷ·
1225 2056 1242 2085 ι
1267 2035 1552 2104 κεχώρηκε
1591 2024 1791 2104 μᾶλλον

200 2130 297 2183 ἰπὶ
325 2129 387 2183 τὸ
410 2128 809 2200 εὐφημότερον,
845 2130 1160 2199 ἐπιτρέπων
1195 2132 1303 2190 τοῖς
1333 2127 1706 2197 ἀκροωμένοις
1731 2127 1791 2180 τὸ

202 2225 343 2275 νοεῖν
372 2225 436 2277 ὲκ
467 2221 660 2276 τούτου
718 2222 781 2274 τὸ
812 2222 1077 2283 ἐναντίον,
1132 2222 1253 2274 ἐπεί
1310 2238 1388 2275 τοι
1435 2221 1529 2273 κα)⁵
1563 2218 1790 2290 ἀπειλῆς

206 2313 429 2383 μᾶλλον,
452 2314 486 2383 ἦ
514 2312 828 2384 προτροπῆς
878 2307 946 2382 ἦν
970 2313 998 2365 ὁ
1032 2313 1241 2383 καιρὸς,
1291 2311 1382 2364 ἐπὶ
1411 2311 1602 2384 Θύραις
1639 2311 1791 2374 ὄντος

204 2404 302 2457 τοῦ
330 2403 702 2475 τολμήματος,
730 2404 823 2457 καὶ
856 2404 956 2475 ήδη
988 2404 1370 2475 μελετωμὲνης
1398 2405 1497 2475 τῆς
1529 2405 1613 2457 ἐπ’
1644 2402 1791 2473 αὐτῷ

208 2491 517 2564 παροινίας·
552 2492 806 2562 βεϐλήκει
850 2492 959 2562 γάρ
990 2492 1091 2563 ἥδη
1123 2492 1222 2563 τὴν
1255 2492 1445 2562 σκέψιν
1490 2495 1519 2545 ὁ
1547 2493 1791 2555 Σατανᾶς

206 2586 286 2647 εἰς
318 2583 417 2653 τὴν
445 2582 540 2636 τοῦ
568 2584 827 2656 προδότου
854 2584 1102 2654 καρδίαν.
1131 2584 1341 2655 ’Ὠσπερ
1370 2584 1569 2644 τοίνυν,
1604 2584 1789 2655 φησὶν,

206 2673 309 2743 ἐμὲ
343 2672 408 2740 δὴ
438 2674 659 2736 πάντως
686 2672 849 2727 αὑτὸν
880 2675 971 2727 κα)⁵
994 2675 1092 2744 οὐχ
1120 2673 1304 2745 ἕτερον
1338 2675 1653 2741 ύποδέξαιτό
1684 2694 1789 2741 τις,

204 2768 297 2821 τὸν
334 2770 463 2838 παρ’
502 2767 639 2838 ἐμοῦ
688 2768 1099 2839 ἀπεσταλμένον
1149 2771 1197 2821 εί
1234 2769 1406 2822 λάϐοι·
1436 2769 1607 2833 οὕτως
1646 2769 1674 2821 ό
1700 2770 1791 2822 τὸν

206 2858 358 2930 παρά
389 2858 521 2911 Θεοῦ
554 2860 648 2911 καὶ
686 2859 900 2930 Πατρὸς
934 2859 1309 2914 ἀποσταλέντα
1339 2861 1650 2931 δεξάμενος,
1696 2862 1791 2915 αὺ-

203 2952 296 3004 τὸν
325 2951 391 3004 ἃν
424 2952 650 3015 εἰκότως
687 2952 896 3021 δέχοιτο
930 2952 1021 3005 τὸν
1048 2953 1292 3024 Πατέρα·
1329 2954 1444 3007 ἀλλ’
1488 2955 1545 3006 ὲν
1583 2954 1791 3018 τούτοις

207 3041 310 3111 μὲν
346 3041 512 3095 αὑτοῦ
549 3044 661 3106 τοῖς
698 3045 904 3114 ῥήμασι
935 3043 995 3096 τὸ
1025 3044 1113 3097 διά
1142 3045 1245 3115 τῆς
1290 3045 1561 3115 εὐφημίας
1599 3045 1791 3116 δηλού-

209 3149 369 3203 μενον
398 3134 601 3187 κατίδοι
627 3152 711 3197 τις
736 3136 820 3189 ἄν.
852 3134 1175 3199 Μετατιθεὶς
1212 3135 1267 3188 δὲ
1290 3136 1350 3189 τὸ
1376 3136 1618 3190 ἐναντίον
1653 3137 1788 3207 πρὸς

205 3224 305 3295 τὴν
328 3224 584 3295 θεωρίαν,
636 3226 733 3297 τὴν
767 3225 861 3279 τοῦ
896 3227 1157 3299 προδότου
1189 3227 1508 3280 δυσσέϐειαν
1553 3229 1653 3280 οὐκ
1708 3230 1788 3291 είς

209 3316 369 3386 μόνον
412 3316 602 3385 δψεται
652 3316 1031 3372 διαϐαίνουσαν
1064 3319 1152 3371 τὸν
1201 3319 1349 3385 Υίὸν,
1395 3320 1532 3373 ἀλλά
1581 3321 1674 3373 καὶ
1710 3321 1790 3383 είς

207 3408 370 3461 αὐτὸν
398 3408 488 3461 τὸν
520 3408 755 3479 Πατέρα.
787 3409 1000 3479 Τρόπος
1038 3410 1327 3481 τοιγαροῦν
1360 3412 1592 3482 ἀπειλῆς
1630 3412 1689 3465 τὸ
1716 3413 1791 3465 εί-

210 3498 444 3569 ρημένον
482 3499 649 3562 ἐστὶν,
686 3500 1078 3570 εὐφημοτέροις
1123 3500 1179 3553 δὲ
1212 3502 1421 3571 ῥήμασι
1466 3518 1792 3573 προκεκομι-

208 3587 425 3656 σμένος,
462 3588 732 3659 παριστὰς
782 3605 841 3640 τε
898 3588 1088 3658 ὥσπερ
1137 3588 1225 3642 διά
1259 3588 1367 3641 τῶν
1401 3590 1702 3660 ἀριστερῶν
1730 3590 1792 3643 τὸ

204 3675 555 3747 δηλούμενον.
588 3676 801 3746 Ὄνπερ
850 3676 960 3747 γάρ
994 3678 1199 3748 τρόπον
1254 3676 1346 3729 τὸν
1385 3678 1792 3748 ἀπεσταλμένον

207 3766 362 3836 παρά
395 3764 529 3818 Θεοῦ
563 3766 782 3837 δέξηταί
816 3785 898 3830 τις
938 3766 1060 3820 καθ’
1104 3768 1270 3837 ἡμᾶς,
1303 3769 1416 3831 τοῖς
1464 3771 1593 3839 παρ’
1627 3769 1791 3822 αὐτοῦ

210 3856 539 3920 συναινέσεις
598 3857 798 3925 λόγοις,
832 3860 927 3911 καὶ
969 3858 1058 3911 διὰ
1105 3858 1198 3911 τοῦ
1246 3859 1484 3930 τηρῆσαι
1515 3861 1576 3912 τὸ
1611 3860 1795 3914 Θεσπι-

212 3948 364 4011 «etv,
392 3949 625 4021 τιμήσας
649 3949 738 4001 τὸν
772 3951 1197 4019 κηρυττόμενον·
1235 3952 1355 4003 κατ’
1390 3950 1573 4014 αὐτὸν,
1613 3947 1788 4020 οἶμαι,

206 4042 301 4096 τὸν
330 4043 487 4110 λόγον
530 4043 847 4109 ὑποδέξαιτό
881 4062 965 4107 τις
994 4044 1061 4097 ἂν
1094 4045 1185 4097 τὸν
1213 4045 1441 4115 Κύριον,
1473 4046 1567 4099 καὶ
1605 4046 1672 4098 δι’
1698 4048 1793 4100 αὺ-

208 4133 305 4188 τοῦ
351 4136 440 4187 τὸν
474 4136 714 4206 Πατέρα,
768 4135 1040 4188 πιστεύων
1088 4139 1169 4199 είς
1212 4136 1359 4190 Υἱόν.
1414 4137 1791 4209 Συνειστρέχει

209 4225 322 4295 γὰρ
367 4224 446 4296 τῷ
472 4226 775 4295 γεννήματι
805 4225 899 4277 τοῦ
946 4226 1194 4288 τέκοντος
1240 4228 1272 4295 ἡ
1315 4226 1566 4298 δήλωσις.
1604 4227 1793 4299 ’θ’γάρ

210 4316 351 4378 ὅλως
403 4316 533 4369 Υίὸν
590 4312 727 4369 εἶναι
777 4317 1073 4378 πιστεύσας
1121 4316 1303 4381 αὐτὸν,
1353 4316 1677 4388 ὁμολογήσει
1728 4317 1792 4389 δὴ

211 4408 431 4471 πάντως
469 4407 561 4461 τὸν
591 4408 855 4478 φύσαντα.
885 4408 1114 4480 Φρικτὸν
1141 4405 1234 4461 οῦν
1259 4409 1366 4479 ἀρα
1404 4408 1498 4461 τοῦ
1530 4409 1790 4479 προδότου

210 4498 275 4551 τὸ
305 4502 500 4570 κρῖμα,
532 4498 626 4552 καὶ
676 4502 754 4562 εἰς
794 4499 955 4552 αὑτὸν
986 4499 1366 4569 ἐξυϐρίσαντος
1396 4500 1488 4553 τὸν
1513 4499 1643 4553 Θεὸν
1696 4501 1789 4553 καὶ

209 4590 437 4661 Πατέρα
466 4590 553 4643 διά
590 4591 686 4662 τῆς
721 4593 799 4653 είς
834 4592 926 4642 τὸν
957 4590 1083 4643 Υίὸν
1110 4589 1443 4651 δυσσεϐείας.
1482 4592 1551 4642 Ἢ
1584 4589 1694 4661 [ἵσ.
1717 4589 1791 4662 εί]

210 4680 325 4751 γὰρ
377 4680 441 4733 ἂν
478 4681 811 4753 παρεδέξατο
859 4682 952 4735 καὶ
1001 4681 1280 4751 τετίμηκε,
1324 4683 1544 4752 γνήσιον
1574 4681 1794 4746 ὑποθεὶς

211 4773 292 4833 ὡς
315 4772 507 4843 Κυρίῳ
535 4773 594 4825 τὸ
619 4774 955 4845 φρόνημα,εί
982 4774 1339 4844 ἁνενδοιάστῳ
1374 4776 1439 4844 τῇ
1461 4774 1636 4827 πίστει
1663 4774 1794 4827 Θεὸν

212 4865 486 4936 ὑπάρχειν
519 4866 583 4917 ὲκ
611 4864 747 4917 Θεοῦ
781 4864 1203 4935 καθωμολόγησε
1243 4865 1331 4918 τὸν
1365 4865 1495 4918 Υἱὸν
1516 4906 1530 4929 ,
1556 4866 1796 4937 αἰσχρῶν

211 4971 277 5007 τε
308 4954 614 5024 λημμάτων
646 4956 931 5027 κρείττονα
952 4957 1050 5027 τὴν
1076 4959 1155 5020 είς
1194 4956 1354 5009 αὐτὸν
1386 4957 1604 5027 ἀγάπην
1631 4958 1658 5009 ό
1688 4956 1793 5010 δεί-

212 5044 369 5105 λαιος
390 5044 708 5114 ἐποιήσατο,
737 5045 851 5098 ἀλλ’
874 5046 982 5098 οὐδ’
1015 5047 1097 5111 ἂν,
1124 5043 1294 5116 οἶμαι,
1321 5046 1583 5117 προδότης
1609 5045 1792 5110 ἁλοὺς,

213 5137 445 5206 ἄμεινον
476 5138 655 5209 ἐαυτῷ
688 5137 747 5190 τό
779 5139 1025 5209 μηδόλως
1056 5140 1315 5207 γενέσθαι
1346 5141 1786 5212 παρεσκεύασεν.

298 5227 490 5281 Ταῦτα
525 5227 710 5281 εἰπὼν
742 5232 774 5282 ό
822 5230 1057 5297 Ἰησοῦς
1095 5232 1388 5302 ἐταράχθη
1422 5233 1501 5299 τῷ
1539 5233 1801 5302 πνεύμα-

212 5336 293 5384 τι,
336 5316 437 5371 καί
468 5317 860 5386 ἐμαρτύρησε,
895 5321 993 5373 καί
1035 5321 1224 5376 εἷπεν-ο
1265 5323 1461 5391 Ἀμὴν,
1506 5322 1670 5394 ἀμὴν
1700 5322 1800 5376 λέ-

212 5428 301 5483 τω
326 5408 489 5479 ὑμῖν,
518 5409 605 5462 ὅτι
625 5405 711 5475 εἷς
736 5411 805 5476 ἐξ
832 5411 999 5481 ὑμῶν
1024 5413 1362 5481 παραδώσει
1389 5432 1481 5485 με.

290 5502 405 5555 Καὶ
430 5500 537 5555 τίνι
572 5502 679 5555 τῶν
699 5502 867 5556 ὄντων
898 5504 998 5558 οὐκ
1038 5504 1102 5559 ἂν
1139 5506 1347 5574 γένοιτο
1379 5506 1546 5574 σαφὲς
1573 5507 1648 5571 ὡς
1674 5505 1796 5559 οὔτε

210 5594 480 5658 διανοίας,
510 5593 633 5647 οὔτε
676 5595 781 5666 μὴν
817 5596 976 5665 λόγου
1012 5598 1046 5667 ὴ
1086 5596 1329 5669 ἡμετέρα
1365 5599 1522 5668 φύσις
1554 5600 1796 5670 εὐπορεῖ,

292 5769 338 5801 ⁸³
379 5768 536 5824 Joan.
577 5786 629 5834 ν,
661 5769 754 5825 23.

1884 588 2035 642 quem
2096 573 2313 637 misero,
2345 588 2426 627 me
2477 572 2667 639 accipit
2705 585 2724 624 :
2758 571 2847 641 qui
2900 580 3075 625 autem
3132 588 3213 626 me
3245 574 3461 641 accipit,

1883 678 2002 716 eum
2032 664 2222 733 accipit
2256 664 2345 733 qui
2382 680 2462 718 me
2493 665 2658 718 misit.

1957 753 2260 823 Postquam
2302 755 2511 810 utiliter
2550 755 2994 825 pra-monstravit
3049 756 3290 825 seipsum
3339 770 3467 812 esse

1886 846 2195 912 Christum,
2240 847 2405 899 etiam
2460 849 2630 902 exiis
2665 864 2762 917 per
2803 864 2924 918 qua!
2979 848 3227 918 proditor
3258 848 3467 904 debac-

1886 939 2153 992 chaturus
2182 946 2331 993 esset
2361 938 2414 991 in
2443 953 2590 1003 eum,
2612 940 2816 1009 aliquid
2847 940 2979 994 utile
3013 955 3211 995 rursus
3239 942 3463 1011 excogi-

1887 1040 1968 1085 tat
1997 1032 2064 1085 ad
2094 1033 2444 1085 evertendam
2485 1032 2605 1099 ejus
2650 1032 3070 1102 malignitatem,
3118 1032 3280 1102 idque
3315 1046 3463 1086 nunc

1889 1140 2085 1177 rursus
2115 1124 2408 1178 occultius.
2442 1122 2651 1193 Tegere
2686 1123 2831 1177 enim
2868 1122 3048 1176 adhuc.
3068 1123 3463 1177 conaturillud

1892 1216 2131 1279 facinus,
2167 1216 2401 1269 necdum
2437 1225 2626 1285 aperte
2654 1216 2790 1268 dicit
2816 1217 2942 1284 quis
2973 1216 3131 1286 733
3163 1233 3287 1270 eum
3316 1226 3466 1273 essm

1890 1310 2220 1363 traditurus.
2257 1307 2514 1363 Ostendit
2563 1306 2750 1374 igitur,
2811 1304 2975 1374 idque
3027 1306 3182 1359 valde
3251 1306 3467 1360 utiliter

1893 1417 2017 1467 cum
2053 1401 2200 1455 clara
2256 1399 2598 1460 inductione,
2652 1396 3028 1451 necessarium
3070 1412 3194 1451 esse
3234 1412 3469 1467 prorsus

1891 1492 2210 1548 dilectionis
2262 1503 2316 1547 et
2377 1490 2605 1545 honoris
2653 1490 2707 1544 in
2748 1504 2871 1544 eum
2923 1488 3157 1543 exhibiti
3190 1490 3350 1543 linem
3395 1489 3464 1542 ad

1892 1584 1989 1639 Dei
2028 1601 2093 1640 ac
2122 1584 2305 1639 Patris
2354 1598 2643 1653 perSnnam
2688 1581 2900 1637 referri.
2929 1579 3116 1650 Neque
3148 1596 3278 1635 vero
3325 1582 3375 1634 id
3413 1582 3463 1635 ei

1892 1679 2115 1749 preprie
2166 1692 2370 1747 scopus
2418 1683 2506 1731 est
2555 1674 2871 1738 ostendere,
2915 1676 3009 1729 sed
3047 1674 3228 1743 potius
3277 1672 3465 1727 forsan

1893 1770 2258 1824 contrarium.
2287 1768 2489 1822 Nolens
2523 1766 2692 1831 enim,
2714 1776 2769 1820 ut
2802 1766 3040 1829 videtur,
3066 1773 3255 1836 aperte
3284 1765 3469 1819 dicere

1892 1862 2038 1931 quod
2093 1860 2222 1916 alibi
2270 1860 2429 1923 dixit,
2479 1875 2723 1929 nempe:
2762 1876 2781 1909 σ
2814 1858 2920 1924 Qui
2977 1873 3086 1912 non
3135 1856 3468 1912 honoriﬁeat

1894 1952 2113 2017 Filium,
2140 1967 2316 2021 neque
2347 1950 2565 2006 Patrem
2602 1950 2937 2004 honoriﬁcat
2959 1950 3036 2017 ⁸⁸,
3069 1969 3087 2002 ι
3132 1950 3199 2004 ad
3231 1949 3283 2004 id
3319 1949 3466 2018 quod

1892 2043 2082 2096 mitius
2128 2049 2249 2096 erat
2308 2056 2368 2095 se
2423 2042 2678 2106 contulit,
2711 2041 2839 2095 hinc
2888 2041 3243 2111 cogitandum
3292 2041 3469 2095 relin-

1891 2149 2068 2204 quens
2110 2133 2459 2189 auditoribus
2488 2134 2857 2196 contrarium,
2883 2133 3333 2203 quandoquidem
3363 2131 3469 2186 mi-

1890 2225 2057 2280 nandi
2103 2226 2286 2294 potius
2316 2240 2482 2294 quam
2523 2224 2857 2279 adhortandi
2894 2233 3113 2295 tempus
3154 2231 3297 2288 erat,
3330 2223 3471 2293 ipsis

1890 2331 2059 2387 prope
2088 2316 2201 2385 jam
2233 2314 2447 2371 foribus
2496 2316 2737 2370 instante
2774 2316 3001 2380 scelere,
3038 2324 3091 2369 et
3126 2314 3313 2369 animo
3351 2314 3469 2385 agi-

1890 2419 2003 2464 tata
2057 2410 2170 2480 jam
2222 2408 2279 2464 in
2314 2424 2438 2465 eum
2492 2410 2715 2463 immani
2766 2406 3137 2462 crudelitate:
3178 2406 3468 2461 consilium

1890 2501 2036 2555 enim
2054 2502 2164 2569 jam
2190 2497 2428 2553 Satanas
2450 2498 2507 2551 in
2533 2492 2835 2567 proditoris
2854 2512 2950 2550 cor
2968 2494 3469 2563 injecerat.Quem-

1891 2591 2189 2645 admodum
2230 2590 2417 2659 igitur,
2458 2589 2657 2658 inquit,
2692 2602 2778 2640 me
2834 2587 3013 2656 ipsum
3051 2585 3243 2655 utique
3280 2599 3469 2640 susce—
3534 2638 3537 2641 λ

1889 2685 2032 2755 perit
2066 2692 2121 2738 et
2164 2699 2272 2737 non
2327 2684 2520 2747 alium,
2555 2680 2649 2751 qui
2690 2694 2720 2733 a
2760 2694 2847 2734 me
2882 2679 3111 2734 missum
3167 2676 3466 2747 exceperit,

1891 2777 1973 2833 sic
2021 2777 2115 2847 qui
2164 2793 2193 2830 a
2232 2776 2396 2829 Patre
2451 2772 2681 2828 missum
2743 2770 3071 2840 susceperit,
3108 2769 3286 2839 ipsum
3341 2768 3472 2837 jure

1889 2867 2108 2922 Patrem
2146 2866 2455 2936 susceperit
2485 2883 2497 2919 :
2528 2876 2586 2917 at
2613 2864 2666 2917 in
2705 2863 2791 2918 his
2819 2862 2945 2931 ejus
2972 2861 3160 2915 verbis
3188 2859 3329 2914 nihil
3357 2858 3468 2913 nisi

1891 2960 2175 3016 dexterum
2228 2956 2531 3026 significari
2564 2954 2804 3009 videbis.
2847 2953 2944 3007 Sin
2994 2960 3176 3006 autem
3230 2952 3284 3004 in
3334 2964 3471 3004 con-

1892 3052 2119 3107 trarium
2161 3050 2283 3119 ejus
2309 3048 2443 3102 dicti
2474 3047 2917 3102 observationem
2943 3042 3311 3105 transtuleris,
3336 3056 3468 3111 pro-

1892 3141 2090 3196 ditnris
2133 3140 2473 3208 impietatem
2524 3152 2632 3189 non
2674 3135 2852 3190 solum
2900 3131 3119 3189 extendi
3164 3129 3380 3186 videbis
3411 3130 3470 3185 in

1896 3226 2118 3288 Filium,
2168 3224 2261 3279 sed
2310 3232 2362 3278 et
2413 3225 2468 3278 in
2524 3225 2699 3293 ipsum
2751 3221 2989 3276 Patrem.
3036 3219 3279 3275 Minandi
3335 3235 3472 3288 ergo

1893 3335 2067 3391 genus
2088 3328 2173 3373 est
2204 3319 2412 3371 dictuut
2444 3318 2602 3381 illud,
2649 3315 2743 3371 sed
2778 3315 3093 3370 mitioribus
3122 3313 3305 3369 verbis
3336 3327 3468 3382 pro.

1893 3411 2104 3472 latum,
2167 3419 2222 3464 et
2277 3410 2499 3477 oblique
2568 3405 3032 3477 signiﬁcationem
3105 3405 3466 3475 detorquens.

1893 3501 2362 3568 Quemadmodum
2410 3500 2557 3555 enim
2593 3500 2824 3553 missum
2859 3512 2888 3550 a
2930 3496 3043 3551 Deo
3070 3504 3322 3551 nostrum
3364 3495 3470 3549 ali-

1892 3596 2017 3664 quis
2058 3593 2311 3660 suscipit,
2363 3596 2455 3660 qu't
2506 3589 2855 3644 sermonibus
2902 3589 3024 3658 ejus
3069 3587 3371 3653 consentit,
3412 3598 3467 3641 et

1894 3694 2162 3756 pra'cepta
2196 3684 2315 3750 ejus
2361 3680 2636 3736 servando
2694 3679 2929 3732 honorat
2962 3694 3085 3733 eum
3128 3695 3291 3743 quem
3324 3676 3470 3731 Deus

1894 3775 2247 3833 commendat
2276 3792 2287 3827 :
2317 3772 2535 3831 eodem,
2567 3769 2788 3839 opinor,
2822 3767 2987 3821 modo
3021 3768 3331 3836 susceperit
3360 3764 3470 3817 Do-

1893 3870 2102 3923 minum
2150 3875 2203 3921 et
2255 3880 2354 3934 per
2409 3863 2586 3932 ipsum
2630 3860 2872 3922 Patrem,
2936 3858 3252 3929 quicunque
3292 3854 3471 3911 credit

1896 3962 1949 4015 in
1990 3958 2212 4012 Filium.
2242 3955 2376 4010 Nam
2414 3954 2511 4023 qui
2540 3952 2739 4008 Filium
2762 3950 2923 4016 dicit,
2944 3951 3134 4019 utique
3171 3958 3227 4004 et
3250 3948 3470 4002 Patrem

1894 4050 2191 4122 signiﬁcat.
2226 4049 2330 4115 Qui
2370 4049 2518 4102 enim
2554 4044 2751 4100 Filium
2778 4060 2902 4100 esse
2932 4044 3111 4114 ipsum
3143 4042 3465 4100 crediderit.

1893 4145 2121 4201 omnino
2180 4151 2234 4197 et
2289 4139 2506 4195 Patrem
2564 4136 2943 4193 confitebitur.
2989 4133 3335 4189 Horrendum
3385 4142 3472 4187 est

1893 4239 2065 4310 igitur
2101 4234 2402 4307 proditoris
2442 4230 2735 4301 judicium,
2766 4229 2859 4298 qui
2900 4242 2998 4298 per
3029 4226 3364 4297 impietatem
3411 4225 3469 4281 in

1892 4330 2091 4386 Filium
2138 4329 2192 4383 in
2225 4328 2406 4397 ipsum
2444 4339 2665 4394 quoque
2695 4321 2865 4376 Deum
2905 4334 2969 4374 ac
3002 4318 3218 4374 Patrem
3249 4324 3335 4373 est
3370 4316 3473 4370 im—

1892 4424 2040 4495 pius.
2067 4421 2201 4476 Nam
2239 4420 2285 4476 si
2318 4418 2658 4487 suscepisset
2706 4422 2761 4468 et
2809 4412 3165 4471 honorasset,
3194 4411 3470 4465 sinceram

1822 4534 1865 4588 ι)
1895 4518 1943 4574 ei
1978 4525 2238 4584 tanquam
2280 4509 2514 4564 Domino
2564 4516 2808 4561 mentem
2861 4503 3191 4569 subiiciens,
3223 4502 3268 4555 si
3308 4500 3471 4553 indu-

1893 4608 2067 4663 bitata
2125 4603 2228 4657 (ide
2265 4601 2438 4655 Deum
2483 4598 2549 4653 de
2598 4596 2706 4651 Deo
2754 4593 3040 4649 confessus
3070 4600 3216 4648 esset
3246 4591 3470 4652 Filium,

1892 4714 1994 4754 nec
2029 4695 2172 4765 turpi
2221 4691 2455 4763 QUtBSllli
2491 4701 2731 4742 amorem
2768 4699 2900 4754 erga
2944 4700 3071 4737 eum
3121 4683 3291 4737 miser
3321 4688 3471 4749 post-

1895 4790 2196 4861 posuisset,
2218 4795 2588 4854 nequaquam,
2607 4778 2824 4848 opinor,
2842 4775 3171 4845 proditionis
3185 4773 3475 4861 convictus

1894 4858 2306 4941 commisisset,
2347 4884 2412 4927 ut
2462 4886 2531 4925 ue
2580 4877 2770 4923 natum
2825 4865 3046 4935 quidem
3098 4877 3222 4916 esse
3274 4858 3474 4913 melius

1894 4970 2057 5028 foret.

1966 5230 2222 5294 Χ111,21.
2268 5227 2402 5282 Cum
2448 5226 2557 5279 ha‘c
2608 5222 2830 5276 dixisset
2881 5218 3061 5281 Iesus,
3109 5215 3350 5269 turbatus
3392 5222 3472 5267 est

1897 5324 2110 5393 spiritu,
2134 5330 2181 5377 et
2204 5327 2530 5390 protestatus
2557 5323 2655 5377 est,
2678 5323 2727 5367 et
2749 5312 2884 5365 dixit
2911 5327 2927 5365 :
2960 5310 3147 5373 Amen,
3173 5322 3325 5361 amen
3349 5304 3469 5359 dico

1898 5412 2040 5467 vobis
2067 5412 2193 5478 quia
2232 5424 2367 5462 unus
2398 5420 2463 5460 ex
2494 5405 2636 5460 vobis
2672 5402 2843 5456 tradet
2874 5416 2974 5454 me.

1969 5500 2132 5573 734
2171 5499 2271 5552 Cui
2327 5497 2682 5569 perspicuum
2727 5509 2837 5548 non
2884 5498 2989 5553 est,
3036 5504 3215 5558 neque
3260 5486 3471 5555 cogita-

1896 5596 2101 5659 tiones,
2130 5606 2309 5662 neque
2332 5591 2499 5646 verba
2530 5596 2741 5643 natura:
2772 5593 2974 5640 nostrae
3007 5588 3321 5673 suppetere,
3347 5575 3472 5645 qui-
