4144 6516
635 371 744 430 ηε
1636 356 1676 410 8
1723 351 2007 410 CYNLLI
2058 346 2536 407 ALEXANDRINI
2557 348 2877 407 ARCIIIEP.
3851 351 3978 407 136

636 488 744 543 bus
791 490 914 539 tuto
965 487 1021 536 et
1072 477 1212 535 citra
1268 490 1432 532 casus
1489 472 1798 545 periculum
1838 484 1965 541 qua:
2017 476 2262 525 naturae.

2369 468 2401 520 t'
2433 460 2508 522 ὧν
2538 468 2604 524 ἃν
2634 468 2851 524 δύναιτο
2893 470 3076 540 τυχεῖν
3117 467 3466 541 ἀνεγκλήτως
3520 487 3578 523 τε
3627 468 3735 523 καὶ
3788 470 3976 524 ἀδια-

636 578 841 634 divinae
863 572 1088 649 propria
1113 581 1247 627 sunt
1272 569 1455 639 eloqui
1482 565 1696 637 possit?
1719 562 1934 618 Idcirco
1953 560 2077 632 ejus
2109 576 2229 617 ser-

2364 562 2562 627 ττώτως
2591 564 2769 617 είπεῖν
2803 563 2871 617 τά
2905 563 3006 633 τῆς
3039 561 3192 626 θείας
3219 579 3279 616 τε
3311 563 3408 616 καὶ
3428 561 3673 634 ἀρρήτου
3713 561 3976 631 φύσεως

639 670 903 725 monibus
936 664 1191 721 subsidio
1221 676 1363 732 opus
1392 669 1497 727 est,
1543 658 1611 713 ad
1656 656 1990 712 mediocrem
2031 669 2225 710 eorum

638 778 766 834 quae
820 768 1059 817 mentem
1111 763 1380 826 superam
1436 749 1893 822 explicationem.
1939 744 2230 813 Quomodo

2364 745 2472 816 ιρὸς
2501 744 2731 815 μετρίαν
2758 744 3020 815 ἐξήγησιν
3048 743 3158 797 τῶν
3197 744 3339 816 ὑπὲρ
3393 742 3539 797 νοῦν.
3573 742 3700 806 Πῶς
3737 742 3874 811 γὰρ
3900 741 3974 795 ἄν

2334 652 2441 707 ίδια
2464 672 2477 719 ;
2502 653 2601 707 Διὰ
2622 654 2782 708 τοῦτο
2807 656 2918 719 τοῖς
2953 654 3079 707 καθ’
3109 653 3310 724 ἑαυτὴν
3346 653 3706 724 ὑπηρετεῖται
3762 651 3975 721 λόγοις
4068 646 4069 705 ᾗ

640 857 791 913 enim
827 856 976 911 clare
1010 850 1219 923 aliquid
1262 851 1575 919 eloquetur,
1605 844 1756 915 quod
1802 843 1978 913 ipsam
2006 852 2233 911 quoque

640 949 1041 1020 cogitationem
1064 952 1316 1001 nostram
1350 939 1606 997 excedit?
1633 935 1868 1007 Oportet
1896 934 2065 1005 igitur
2104 949 2232 1000 nos,

642 1041 942 1098 verborum
992 1039 1365 1092 humanorum
1406 1029 1667 1086 crassitie
1698 1027 1849 1083 velut
1872 1025 2124 1096 exetnplo
2168 1036 2235 1080 ac

645 1144 776 1207 typo
809 1130 1233 1201 conceptionum
1287 1124 1493 1181 mentis
1529 1129 1815 1191 suscepta.
1846 1118 1915 1174 ad
1955 1120 2082 1174 illas
2116 1117 2237 1172 dei-

646 1228 777 1282 tatis
809 1223 1203 1296 proprietates,
1237 1215 1420 1289 quoad
1458 1216 1512 1269 in
1549 1213 1714 1269 nobis
1762 1219 1871 1274 est,
1908 1210 2234 1281 procedere.

644 1317 990 1374 Gravissime
1013 1314 1203 1382 itaque
1236 1309 1385 1365 Deus
1410 1314 1713 1379 peccantes
1739 1306 1945 1376 arguit,
1967 1318 2033 1358 ac
2064 1304 2236 1359 vehe-

646 1411 817 1465 menti
866 1407 997 1461 mali
1044 1405 1177 1460 odio
1231 1410 1489 1457 movetur
1532 1402 1585 1454 in
1657 1413 1754 1453 eos
1810 1411 1950 1466 quos
2000 1396 2071 1450 ab
2118 1395 2240 1465 ipso

647 1498 900 1556 damnari
951 1495 1285 1567 contigerit,
1326 1494 1459 1548 licet
1520 1491 1648 1563 plus
1686 1504 1855 1560 quam
1916 1486 2029 1543 dici
2075 1494 2243 1557 queat

650 1590 899 1645 clemens
948 1588 1021 1641 sit
1070 1601 1135 1640 ac
1176 1585 1426 1640 tolerans
1474 1584 1773 1638 malorum.
1809 1578 2042 1647 Quando
2073 1579 2244 1646 igitur

652 1682 838 1737 divina
864 1680 1156 1750 Scriptura
1194 1684 1406 1731 motum
1440 1675 1583 1744 ejus.
1620 1683 1680 1728 ut
1711 1674 1785 1726 ita
1825 1672 2029 1736 dicam,
2070 1672 2247 1743 signi-

658 1774 831 1829 ﬁcare
894 1772 1013 1825 vult
1071 1770 1344 1825 adversus
1405 1768 1623 1838 impios,
1670 1780 1870 1821 rursus
1932 1765 2143 1819 nostris
2191 1771 2247 1818 et

2333 854 2388 891 τι
2417 837 2513 891 καὶ
2538 838 2742 907 φράσαι
2770 837 2981 907 σαφῶς,
3004 837 3033 891 δ
3061 837 3156 890 καὶ
3177 837 3349 909 αὑτὴν
3379 839 3412 907 ή
3423 834 3538 907 μῶν
3569 834 3972 907 ὑπερανίσκει

2335 933 2435 1002 τὴν
2474 932 2718 996 έννοιανς
2751 932 2845 984 Δεῖ
2868 929 3159 1000 τοιγαροῦν
3188 931 3362 1000 ἡμᾶς,
3403 928 3658 999 καθάπερ
3683 926 3833 981 τινὰ
3863 926 3973 979 τύ-

2339 1043 2441 1081 πον
2471 1026 2581 1079 τῶν
2614 1026 2903 1096 νοημάτων
2939 1024 3040 1095 τὴν
3090 1022 3198 1077 τῶν
3248 1021 3606 1095 ἀνθρωπίνων
3666 1019 3971 1091 ῥημάτων

2340 1119 2630 1191 παχύτητα
2662 1118 3009 1189 δεχομένους,
3037 1117 3125 1171 ἐπ’
3154 1116 3293 1171 αὑτά
3329 1114 3629 1187 πειρᾶσθαι
3669 1111 3968 1184 βαδίζειν,

2339 1213 2486 1268 κατά
2517 1229 2582 1279 γε
2623 1213 2716 1266 τὸν
2744 1210 3093 1284 ἐγχωροῦντα
3133 1210 3358 1281 τρόπον,
3407 1209 3467 1262 τά
3522 1207 3623 1277 τῆς
3679 1205 3972 1277 θεότητος

2342 1303 2470 1358 ἴδια.
2510 1302 2692 1356 Δεινὸν
2744 1301 3038 1373 τοιγαροῦν
3095 1300 3175 1363 είς
3222 1299 3481 1370 ἐλέγχους
3519 1296 3581 1351 τδ
3610 1296 3806 1362 Θεῖον,
3862 1296 3968 1349 καὶ
4072 1304 4073 1373 ξ

2341 1396 2569 1468 ἀκράτῳ
2606 1394 2972 1466 μισοπονηρίᾳ
3020 1390 3363 1463 κινούμενον,
3410 1390 3535 1446 καθ’
3566 1384 3643 1444 ὧν
3679 1389 3751 1444 ἂν
3787 1389 3970 1444 τοῦτο

2342 1489 2599 1559 γενέσθαι
2633 1488 2836 1560 πρέποι
2863 1488 3030 1558 ψήφῳ
3082 1488 3150 1557 τῇ
3199 1485 3332 1556 παρ’
3354 1482 3545 1548 αὑτοῦ,
3570 1484 3619 1535 εί
3656 1482 3759 1536 καὶ
3810 1480 3967 1552 ὑπὲρ

2343 1582 2502 1650 λόγον
2532 1580 2865 1645 ἁνεξικακεῖ.
2899 1580 3073 1633 Ὅταν
3104 1573 3197 1631 οὖν
3224 1580 3257 1647 ἡ
3288 1576 3408 1629 θεία
3448 1574 3637 1646 Γραφὴ
3687 1590 3965 1645 καταση-

2350 1673 2516 1745 μῆναι
2550 1670 2807 1742 βούληται
2829 1670 2892 1724 τὸ
2923 1669 3063 1724 κατά
3086 1670 3196 1723 τῶν
3226 1669 3632 1724 δυσσεϐούντων
3655 1668 3844 1722 οἱονεὶ
3882 1668 3967 1721 xl-

2349 1781 2519 1834 νημα,
2544 1763 2705 1816 πάλιν
2728 1763 2792 1815 ἐκ
2824 1761 2935 1815 τῶν
2964 1760 3087 1814 καθ’
3111 1762 3259 1832 ἡμᾶς
3292 1760 3672 1831 λαμϐάνουσα,
3710 1760 3819 1813 καὶ
3845 1762 3966 1823 τοῖς

653 1865 916 1920 humanis
950 1872 1116 1919 utens
1153 1862 1465 1929 vocabulis,
1507 1860 1647 1915 iram
1681 1867 1738 1915 et
1772 1859 2019 1914 furorem
2053 1857 2244 1929 appel-

2364 1855 2713 1927 ὶνθρωπίνοις
2747 1853 3181 1926 ἀποχρησαμένη
3213 1852 3475 1923 ῥήμασιν,
3521 1851 3692 1924 ὀργὴν
3738 1852 3966 1924 όνομά·

655 1958 757 2020 lat,
794 1956 1052 2027 quamvis
1086 1955 1140 2009 in
1176 1955 1422 2009 divinam
1455 1951 1832 2008 substantiam
1870 1950 2023 2005 nulla
2051 1949 2247 2004 istius—

658 2047 811 2101 modi
846 2045 1187 2117 perturbatio
1238 2043 1422 2107 cadat,
1452 2041 1551 2099 sed
1612 2039 1998 2109 indignatione
2034 2046 2249 2093 tantum

657 2148 968 2205 moveatur,
1002 2153 1116 2208 quo
1155 2136 1319 2191 modo
1353 2135 1536 2198 novit,
1567 2142 1626 2188 et
1658 2148 1687 2186 a
1729 2139 1929 2187 natura
1963 2146 2066 2186 sua
2093 2145 2249 2186 com-

658 2238 851 2302 parata
888 2238 975 2285 est
1001 2248 1016 2285 :
1041 2244 1246 2284 arcana
1273 2228 1478 2298 quippe
1522 2233 1579 2280 et
1609 2224 1829 2280 occulta
1857 2232 1988 2280 sunt
2016 2238 2251 2293 prorsus

661 2337 786 2393 qua:
811 2320 879 2377 de
912 2320 1045 2385 Deo,
1071 2319 1169 2375 sed
1191 2335 1260 2373 ex
1284 2319 1498 2373 nostris
1523 2316 1795 2379 moribus,
1826 2323 1887 2369 ut
1920 2315 2082 2369 modo
2103 2314 2252 2369 dixi-

661 2430 815 2482 mus,
864 2412 1156 2483 Scriptura
1218 2412 1407 2466 divina
1468 2410 1613 2465 solet
1658 2409 1936 2479 explicare
1978 2424 2102 2479 qua:
2151 2423 2254 2465 nos

663 2503 964 2560 excedunt.
1005 2502 1311 2557 Turbatum
1368 2501 1539 2571 igitur
1574 2500 1777 2570 spiritu
1812 2499 2095 2557 Christum
2144 2500 2256 2555 hoc

663 2597 793 2652 loco
850 2597 1050 2652 beatus
1096 2594 1438 2665 evangelista
1491 2600 1760 2659 testatur,
1803 2602 2015 2648 motum
2054 2607 2257 2663 nempe

664 2689 800 2753 odii,
825 2704 936 2760 quo
959 2688 1192 2759 spiritus
1218 2685 1339 2755 ejus
1373 2683 1578 2739 malum
1611 2684 1999 2748 aversabatur,
2025 2691 2257 2753 pertur-

664 2783 947 2840 tationem
978 2795 1189 2837 vocans
1215 2796 1229 2834 :
1260 2793 1365 2834 nec
1394 2778 1545 2834 enim
1575 2776 1741 2832 aliter
1780 2775 1931 2831 istud
1957 2775 2113 2831 ell‘ari
2154 2790 2260 2845 po-

666 2882 833 2931 terat.
867 2873 1152 2929 Credibile
1200 2880 1387 2927 autem
1425 2879 1516 2926 est
1562 2869 1733 2925 etiam
1774 2882 2024 2933 carnem,
2052 2867 2260 2922 divini-

668 2967 803 3022 tatis
848 2966 1170 3020 motionem
1236 2964 1469 3018 minime
1535 2962 1943 3025 sustinentem,
2002 2959 2262 3014 nonnihil

671 3057 1058 3122 exhorruisse,
1110 3063 1165 3110 et
1219 3052 1659 3124 perturbationis
1711 3050 1956 3122 speciem
2012 3048 2260 3115 dedisse,

675 3161 844 3222 atque
908 3150 1005 3204 irae
1071 3150 1296 3218 signum
1372 3145 1724 3210 ostendisse,
1787 3140 2260 3215 quemadmodum

676 3259 874 3314 nempe
917 3251 975 3297 et
1015 3240 1084 3296 de
1115 3240 1328 3294 Lazaro
1377 3238 1648 3308 scriptum
1690 3244 1797 3299 est,
1831 3233 2020 3291 Jesum
2051 3249 2176 3290 cum
2207 3234 2262 3287 iu

678 3337 867 3407 seipse
890 3334 1280 3390 infreruuisset
1311 3332 1369 3386 in
1401 3336 1824 3385 monumentum
1854 3329 2165 3398 ingressum
2194 3326 2262 3381 “.

679 3429 837 3484 Sicut
875 3427 1024 3482 enim
1073 3426 1190 3480 illic
1234 3439 1429 3496 graves
1491 3425 1669 3478 minas
1719 3422 1987 3478 adversus
2032 3428 2267 3474 mortem

680 3518 962 3574 fremitum
1001 3514 1323 3586 appellavit,
1363 3514 1442 3567 ita
1468 3513 1557 3568 hic
1608 3519 1821 3566 motum
1852 3510 2121 3565 adversus
2161 3508 2267 3561 im-

680 3610 833 3680 pium
883 3605 1225 3678 proditorem
1292 3602 1632 3658 turbationis
1685 3600 1910 3655 nomine
1962 3597 2267 3653 denotavit.

682 3699 963 3754 Turbatus
997 3705 1081 3753 est
1113 3704 1297 3750 autem
1341 3697 1469 3763 jure
1504 3692 1726 3755 merito,
1764 3690 2091 3761 indignatus
2117 3687 2273 3743 Judte

681 3792 1126 3863 perversitatem.
1171 3785 1315 3853 Quid
1361 3786 1513 3841 enim
1562 3785 1718 3839 illius
1756 3784 2047 3855 impietate
2093 3783 2273 3850 majus

681 3884 791 3941 dici
833 3892 1037 3955 potest.
1068 3882 1167 3953 qui
1201 3896 1310 3934 una
1337 3893 1465 3934 cum
1497 3878 1621 3933 aliis
1654 3877 1947 3948 discipulis
1983 3874 2275 3931 immensis

685 3977 920 4032 affectus
949 3973 1279 4036 honoribus,
1302 3980 1357 4025 et
1386 3970 1534 4024 inter
1570 3970 1781 4024 electos
1814 3970 2124 4024 collocatus
2157 3969 2277 4022 exi-

687 4082 798 4137 gua
828 4065 1122 4137 pecuniola
1151 4062 1507 4117 dilectionem
1537 4076 1668 4130 erga
1701 4060 1991 4115 Christum
2026 4075 2275 4116 commu-

690 4159 848 4225 tavit,
876 4167 934 4212 et
964 4156 1058 4227 qui
1100 4154 1233 4209 dum
1278 4167 1477 4225 panem
1525 4154 1647 4223 ejus
1679 4152 2068 4218 manducaret,
2094 4152 2277 4206 calca-

691 4264 856 4306 neum
894 4249 951 4304 iu
996 4263 1123 4304 eum
1162 4246 1382 4311 levavit,
1410 4260 1520 4301 non
1559 4246 1851 4307 honorem,
1876 4260 1987 4298 non
2022 4245 2275 4313 gloriam,

692 4356 805 4398 non
837 4339 1153 4395 dilectionis
1180 4338 1373 4408 legem,
1407 4352 1520 4392 non
1551 4336 1799 4392 debitum
1859 4335 1909 4391 ei
1948 4344 2137 4405 utpote
2170 4334 2280 4389 Deo

693 4434 933 4499 cultum,
981 4446 1090 4485 nott
1123 4430 1345 4500 quidvis
1378 4429 1525 4484 aliud
1559 4427 1880 4498 hujusmodi
1914 4427 2056 4497 apud
2095 4442 2156 4483 se
2193 4443 2278 4481 re-

2348 1950 2431 2013 ζει
2454 1948 2548 2001 καὶ
2577 1947 2768 2018 θυμὸν,
2797 1946 2975 2000 καίτοι
3003 1946 3104 2017 τῆς
3137 1943 3288 2007 θείας
3314 1943 3504 2008 οὑσίας
3533 1944 3655 1998 καθ’
3685 1945 3967 2015 ὁμοιότηο

2347 2062 2419 2100 τα
2475 2044 2573 2115 τὴν
2632 2042 2792 2115 ἡμῶν
2841 2042 2951 2096 τῶν
3009 2039 3267 2094 τοιούτων
3322 2039 3511 2095 παθῶν
3560 2041 3966 2111 ὑπομενούσης

2350 2140 2522 2202 οὐδὲν,
2556 2137 2885 2208 κινουμένης
2915 2135 2973 2189 δέ
3001 2134 3162 2207 μόνον
3198 2135 3279 2198 είς
3310 2133 3707 2205 ἀγανάκτησιν,
3734 2132 3818 2198 ὡς
3849 2128 3963 2187 οἶδέ

2351 2249 2410 2285 τε
2461 2231 2556 2285 καὶ
2601 2229 2846 2297 πέφυκεν
2875 2227 3037 2297 αὑτίγ
3085 2226 3369 2291 παντελῶς
3410 2229 3522 2298 γάρ
3550 2226 3859 2299 ἀπόρρητα
3896 2226 3962 2279 τά
4064 2262 4067 2299 γ

2352 2322 2485 2395 περὶ
2530 2321 2701 2375 Θεοῦ·
2731 2320 2840 2374 ἀπὸ
2892 2321 2950 2374 δέ
2999 2320 3109 2374 τῶν
3158 2319 3444 2392 ἡμετέρων
3481 2318 3641 2383 ἐθῶν,
3683 2318 3962 2390 καθάπερ

2353 2415 2557 2487 ἀρτίως
2596 2414 2921 2485 εἰρήκαμεν,
2964 2413 3033 2466 τά
3061 2412 3199 2484 ὑπὲρ
3243 2413 3392 2484 ἡμᾶς
3415 2410 3801 2481 καταγράφειν
3835 2412 3962 2475 ἔθος

2354 2512 2419 2580 τῇ
2454 2506 2575 2578 θείᾳ
2599 2507 2813 2578 Γραφῇ.
2841 2505 3190 2576 Τεταράχθαι
3226 2503 3515 2575 τοιγαροῦν
3560 2504 3799 2559 κάνθάδε
3849 2521 3961 2572 φη-

2358 2601 2443 2654 σὶν
2476 2602 2505 2653 ό
2535 2598 2822 2663 θεσπέσιος
2855 2596 3249 2667 εὑαγγελιστὴς
3276 2598 3367 2651 τὸν
3400 2597 3639 2669 Χριστὸν
3668 2595 3753 2666 τῷ
3793 2597 3963 2649 πνεύ-

2363 2708 2513 2763 ματι,
2543 2690 2605 2744 τὸ
2646 2689 2941 2761 μισόκακον
2971 2687 3067 2741 τοῦ
3101 2686 3412 2758 πνεύματος
3450 2686 3661 2759 κίνημα
3701 2687 3964 2758 ταραχὴν

2358 2782 2651 2854 όνόμασας’
2713 2782 2773 2835 οὑ
2831 2780 2938 2854 γάρ
2986 2775 3076 2853 ἦν,
3129 2781 3204 2844 ὡς
3253 2779 3451 2845 ἔοικεν,
3506 2780 3711 2852 ἑτέρως
3751 2781 3961 2834 εἰπεῖν.

2361 2876 2523 2940 Εἰκὸς
2555 2876 2611 2929 δέ
2647 2875 2818 2946 δήπου
2874 2875 2968 2929 καὶ
3015 2874 3117 2945 τὴν
3156 2873 3257 2943 τῆς
3286 2872 3540 2944 θεότητος
3578 2873 3806 2943 κίνησιν
3860 2872 3967 2924 οὑκ

2363 2969 2693 3037 ἐνέγκουσαν
2734 2967 2833 3039 τὴν
2866 2966 3046 3037 σάρκα
3098 2965 3271 3037 βραχύ
3298 2983 3353 3019 τι
3381 2965 3475 3018 καὶ
3510 2964 3838 3036 ὑποφρίξαι,
3871 2967 3966 3018 καὶ

2364 3059 2596 3130 θορύϐου
2629 3058 2815 3129 σχῆμα
2841 3058 3055 3119 παθεῖν,
3078 3058 3174 3112 καὶ
3200 3060 3426 3129 σημεῖον
3456 3057 3629 3129 ὀργῆς
3659 3057 3964 3123 ἐπιδεῖξαι,

2290 3191 2334 3248 c
2366 3152 2620 3248 καθάπερ
2649 3148 2741 3205 οὖν
2768 3151 2961 3222 ἀμέλει
2986 3150 3089 3248 καὶ
3119 3149 3211 3203 ἐπὶ
3238 3149 3476 3248 Δαςάρῳ
3503 3148 3847 3248 γέγραπται,
3882 3150 3966 3201 ὅτι

2367 3241 2793 3314 ἐμϐριμώμενος
2842 3240 3022 3314 ἐαυτῷ
3083 3242 3112 3294 ό
3170 3238 3378 3311 Ἰησοῦς
3431 3241 3512 3303 είς
3571 3237 3633 3292 τὸ
3692 3241 3967 3309 μνημεῖον
4072 3237 4073 3295 1

2368 3332 2695 3398 ἐνεϐάδιζεν.
2729 3331 2939 3403 Ὅνπερ
2965 3331 3075 3403 γὰρ
3106 3332 3309 3404 τρόπον
3336 3333 3394 3385 ἐν
3420 3331 3649 3395 ἐκείνοις
3681 3332 3787 3403 τὴν
3821 3332 3965 3385 κατᾶ

2368 3421 2463 3476 τοῦ
2488 3422 2717 3475 θανάτου
2740 3422 2990 3494 δριμεῖαν
3021 3422 3247 3493 ἀπειλὴν
3277 3420 3614 3493 ἐμϐρίμησιν
3641 3422 3773 3493 ἔφη,
3822 3422 3967 3475 οὑτω

2370 3514 2601 3569 κάνθάδε
2662 3513 2724 3567 τὸ
2766 3514 2910 3567 κατά
2954 3514 3050 3567 τοῦ
3092 3514 3389 3580 δυσσεϐοῦς
3446 3514 3712 3588 προδότου
3751 3515 3967 3587 κίνημα

2371 3605 2451 3675 τῷ
2487 3606 2587 3676 τῆς
2614 3606 2865 3677 ταραχῆς
2901 3605 3129 3675 ὀνόματι
3176 3607 3602 3678 κατεσήμαινεν.
3649 3606 3966 3677 Ἐταράχθη

2372 3696 2430 3750 δὲ
2456 3696 2702 3761 εἰκότως,
2731 3697 2826 3749 ἐπὶ
2851 3698 2973 3761 ταῖς
3014 3696 3185 3750 Ἰούδα
3224 3696 3579 3769 δυστροπίαις
3611 3699 3965 3767 ἀγανακτῶν.

2374 3788 2439 3840 Τί
2479 3788 2588 3858 γάρ
2619 3789 2686 3842 ἂν
2713 3788 2924 3857 γένοιτο
2952 3789 3053 3859 τῆς
3076 3789 3289 3843 ἐκείνου
3311 3789 3627 3855 δυσσεϐείας
3659 3791 3723 3843 τὸ
3745 3792 3965 3845 ἐπέκει-

2375 3900 2462 3949 να,
2488 3885 2588 3937 ὅσα
2616 3900 2680 3951 γε
2701 3886 2814 3946 τοῖς
2846 3882 3029 3947 ἄλλοις
3059 3882 3117 3935 ἐν
3152 3884 3255 3953 ίσῳ
3287 3882 3559 3954 μαθηταῖς
3598 3885 3965 3954 τετιμημένος

2376 3992 2436 4029 τε
2462 3974 2776 4046 ὑπερφυῶς,
2804 3975 2899 4028 καὶ
2936 3975 2993 4027 ἐν
3035 3975 3147 4037 τοῖς
3186 3974 3504 4038 ἀπολέκτοις
3546 3979 3965 4047 κατατεταγμέ-

2378 4083 2488 4129 νος,
2553 4065 2719 4138 ὀλίγῳ
2774 4067 3023 4138 ἀργυρίῳ
3084 4067 3367 4132 παντελῶς
3434 4067 3533 4138 τὴν
3586 4069 3669 4132 είς
3732 4070 3967 4140 Χριστόν

2380 4158 2602 4226 ἀγάπην
2627 4157 2918 4226 ἠλλάξατο,
2952 4159 3048 4213 καὶ
3083 4159 3281 4213 ἐσθίων
3320 4158 3411 4213 τὸν
3445 4158 3609 4231 ἄρτον
3658 4158 3829 4213 αὑτοῦ
3873 4160 3966 4232 τὴν

2382 4250 2621 4321 πτέρναν
2655 4250 2881 4322 ἐπῆρεν,
2917 4252 2979 4306 οὑ
3000 4252 3188 4324 τιμὴν.
3224 4254 3288 4307 οὑ
3316 4251 3495 4319 δόξαν,
3522 4254 3583 4306 οὑ
3614 4252 3715 4319 τῆς
3743 4254 3966 4321 ἀγάπης

2380 4342 2472 4395 τὸν
2508 4342 2691 4412 νόμον,
2730 4342 2792 4396 οὑ
2825 4344 2887 4396 τὸ
2921 4343 3367 4415 χρεωστοὺμενον
3395 4345 3470 4409 ὡς
3505 4343 3625 4415 Θεῷ
3657 4344 3845 4409 σέϐας.
3874 4347 3966 4416 οὑχ

2382 4433 2569 4505 ἔτερόν
2610 4451 2663 4486 τι
2694 4433 2802 4487 τῶν
2836 4436 2917 4499 είς
2941 4434 3104 4488 αὐτόν
3146 4434 3453 4506 γενομένων
3481 4435 3963 4505 ὑπολογισάμενος,

695 4538 923 4598 putans,
962 4524 1058 4580 sed
1108 4523 1175 4578 ad
1221 4522 1540 4577 Iudaeorum
1585 4520 1966 4576 exsecrabiles
2018 4519 2262 4575 denario:

2387 4527 2466 4590 εἰς
2496 4525 2631 4596 μόνα
2659 4526 2715 4579 δέ
2746 4525 2961 4612 βλέπων
2996 4526 3065 4581 τὰ
3100 4527 3251 4597 παρὰ
3290 4525 3400 4580 τῶν
3437 4526 3708 4580 Ἰουδαίων
3746 4525 3966 4597 μυσαρὰ

697 4620 967 4673 duntaxat
1028 4614 1189 4686 735
1244 4616 1587 4685 respiciens.
1639 4621 1697 4668 et
1755 4613 1973 4682 exiguis
2037 4615 2262 4669 nummi:

2384 4616 2634 4689 δηνάρια,
2667 4616 2760 4670 καὶ
2791 4608 2987 4684 ὀλίγων
3029 4616 3307 4688 ἀργυρίων
3361 4615 3555 4687 κομιδῇ
3615 4616 3716 4685 τὴν
3772 4616 3965 4670 ἐαυτοῦ

699 4723 858 4766 suam
886 4707 1133 4764 vendens
1167 4707 1436 4769 animam,
1468 4707 1933 4773 innocentemque
1966 4720 2031 4759 ac
2067 4704 2283 4776 justum

698 4799 1022 4871 sanguinem
1062 4796 1473 4851 homicidarum
1541 4791 1803 4847 manibus
1854 4792 2099 4850 tradens.
2147 4793 2280 4849 Gra-

697 4891 923 4946 vissima
944 4891 1130 4960 itaque
1157 4903 1259 4943 cur
1288 4887 1547 4942 turbatus
1574 4884 1649 4941 sit
1684 4898 1854 4940 causa
1887 4894 1991 4941 est.
2021 4883 2289 4957 Sequitur

703 4992 887 5039 autem
915 4986 1058 5038 acris
1088 4982 1475 5053 reprehensio,
1515 4980 1585 5036 ad
1624 4979 1790 5036 unius
1829 4981 2051 5050 quidem
2080 4996 2112 5037 e
2142 4982 2285 5037 duo-

700 5076 881 5131 decim
913 5090 1206 5146 personam
1242 5072 1581 5143 singularem
1616 5071 1923 5143 pertinens,
1957 5072 2053 5128 sed
2102 5080 2286 5129 tamen

703 5168 829 5223 aliis
894 5178 1099 5222 metum
1172 5165 1557 5220 vehementem
1624 5164 1919 5234 injicicus,
1976 5174 2030 5220 et
2082 5166 2288 5236 cuique

703 5258 862 5330 quasi
903 5259 1230 5330 przecipiens
1248 5264 1309 5310 ut
1336 5272 1451 5311 sua:
1490 5257 1687 5312 animae
1712 5258 1994 5325 consulat,
2041 5272 2111 5314 ne
2148 5257 2288 5313 forte

705 5356 819 5422 pet"
861 5351 1131 5407 desidiam
1191 5355 1305 5402 tam
1371 5346 1587 5405 infestis
1654 5350 1873 5421 laqueis
1938 5351 2286 5416 involvatur,

703 5450 763 5497 et
801 5441 1125 5496 acerbitatis
1178 5437 1469 5493 diabolicae
1513 5440 1696 5509 praeda
1731 5440 1847 5497 ﬁat.
1901 5439 2067 5496 Utilis
2122 5442 2293 5514 igitur

702 5543 792 5589 est
837 5532 1332 5603 reprehensionum
1366 5531 1453 5587 vis
1491 5540 1547 5588 et
1580 5534 1746 5601 ratio,
1775 5549 1941 5605 quam
1994 5534 2154 5589 nihtli
2212 5534 2294 5589 fa-

706 5623 863 5680 ciens
910 5620 1215 5693 prodituis
1255 5624 1493 5691 animus,
1526 5625 1581 5681 in
1630 5626 1915 5684 proposito
1961 5642 2069 5682 suo
2115 5628 2288 5683 haere-

778 5799 829 5835 ⁸⁸
864 5798 1024 5857 Joan.
1061 5816 1145 5862 ιι.
1180 5800 1268 5855 '58.

2384 4708 2643 4778 πωλήσας
2669 4706 2869 4779 ψυχὴν,
2900 4708 2995 4761 καί⁵
3025 4707 3086 4761 τὸ
3119 4706 3297 4779 άθῷόν
3337 4724 3395 4761 τε
3439 4708 3535 4761 καὶ
3564 4705 3775 4762 δίκαιον
3804 4700 3964 4777 αἷμα,

2382 4802 2503 4863 ταῖς
2540 4799 2651 4853 τῶν
2695 4797 3104 4871 μιαιφονὼντων
3135 4800 3325 4871 χερσὶν
3353 4800 3820 4870 ἐγχειρισάμενος.
3862 4800 3965 4854 Eti-

2385 4890 2669 4963 λογωτάτη
2706 4890 2996 4963 τοιγαροῦν
3052 4891 3086 4962 ἡ
3142 4890 3236 4945 τοῦ
3283 4890 3616 4963 τεταράχθαι
3674 4891 3962 4963 πρόφασις.

2399 4982 2790 5037 Ἐπακολουθεῖ
2841 4982 2899 5036 δὲ
2949 4982 3147 5054 δριμὺς
3194 4984 3227 5036 ό
3266 4982 3507 5053 ἐλεγχος,
3554 4980 3700 5036 οὕτω
3753 4984 3852 5052 μὲν
3889 4986 3966 5047 είς

2385 5075 2677 5147 πρόσωπον
2715 5074 2900 5138 ίδικῶς
2937 5074 2999 5128 τὸ
3041 5074 3159 5138 ἐνὸς
3188 5075 3297 5128 τῶν
3325 5072 3555 5137 δώδεκα,
3590 5074 3875 5147 περιιστάς
3904 5092 3963 5145 γε

2390 5168 2497 5239 μὴν
2525 5168 2606 5230 είς
2635 5165 2829 5236 μόνους
2878 5166 3075 5230 αὐτοὺς
3105 5166 3166 5219 τὸ
3200 5165 3344 5219 οὕτω
3377 5165 3814 5237 φρικωδέστατον
3836 5185 3964 5221 κατε

2387 5258 2669 5331 ηγόρημα,
2695 5258 2792 5312 xa‘t
2820 5257 3107 5329 μονονουχὶ
3145 5258 3591 5329 παρεγγυόμενος
3614 5257 3725 5311 τῶν
3758 5258 3963 5331 ἀκροω-

2393 5350 2572 5421 μένων
2598 5350 2812 5421 ἐκάστῳ
2840 5349 2937 5420 τὴν
2967 5349 3101 5403 ίδίαν
3130 5350 3363 5421 φυλάξαι
3391 5349 3592 5420 ψυχὴν,
3624 5350 3699 5420 μὴ
3727 5350 3829 5421 ἄρα
3851 5368 3961 5414 πως

2390 5444 2456 5496 ἐκ
2482 5442 2759 5517 ῥᾳθυμίας
2790 5446 2903 5508 τοῖς
2922 5442 3065 5497 οὕτω
3090 5444 3277 5508 δεινοῖς
3308 5443 3585 5512 ἁλώσηται
3617 5443 3849 5515 βρόχοις,
3875 5446 3963 5497 καὶ

2391 5536 2491 5607 τῆς
2543 5534 2637 5589 τοῦ
2695 5534 2943 5589 διαϐόλου
2991 5535 3215 5605 πικρίας
3266 5534 3439 5604 γλυκὺ
3479 5538 3694 5606 γένοιτο
3730 5536 3960 5607 θήραμα.

2402 5626 2722 5698 Ἐπωφελὴς
2751 5623 2842 5681 οὖν
2874 5627 2981 5699 ἄρα
3003 5627 3113 5679 τῶν
3147 5626 3383 5699 ἐλέγχων
3412 5629 3443 5697 ἡ
3485 5626 3733 5698 δύναμις,
3756 5627 3819 5698 ἢν
3841 5628 3962 5707 αρ’
