4144 6488
259 370 365 429 I37

247 667 279 719 6
305 667 538 736 Χριστὸς
557 666 638 733 τὸ,
673 686 693 720 ι
724 666 819 732 Εἷς
849 670 909 736 ἐξ
930 670 1085 740 ὐμῶν
1116 671 1429 744 παραδώσει
1458 689 1550 743 με,
1589 691 1607 724 ι
1642 672 1826 742 φησίν.

243 852 560 919 κατηγορεῖ,
585 850 618 922 ἢ
640 852 739 923 τῆς
758 851 854 905 τοῦ
880 852 1126 907 διαϐόλου
1151 854 1347 919 κακίας
1376 855 1612 908 δεικνύει
1643 856 1706 909 τὸ
1732 856 1829 926 μέ-

1324 376 1390 430 IN
1420 376 1716 433 JOANNIS
1739 377 2189 436 EVANGELIUM
2230 380 2357 435 LIB.
2396 380 2486 436 LX.

250 484 405 539 οὐδὲν
459 486 825 557 ποιησάμενος
880 486 974 541 τοῦ
1024 490 1317 560 προδόντος
1366 494 1394 545 6
1437 491 1579 557 νοῦς,
1623 492 1730 546 τῶν
1759 494 1795 545 οἱ

1897 519 1910 555 κ
1941 493 2053 547 hat.
2078 492 2270 563 Magna
2306 496 2492 564 itaque
2520 509 2644 549 cum
2680 496 2930 566 emphasi
2959 499 3223 556 Christus
3259 521 3272 557 :
3312 522 3329 555 ι
3366 503 3516 563 Unus

251 576 415 630 κείων
445 577 621 647 εἴχετο
648 578 1103 650 σπυδασμάτων.
1135 581 1625 652 Ἐμφαντικὼτατα
1652 583 1795 637 τοίνυ

1934 600 2001 638 ex
2032 585 2192 640 vobis
2221 600 2307 641 me
2337 586 2536 651 tradet,
2577 607 2595 639 ι
2629 587 2725 643 ait.
2756 578 2854 645 Vel
2891 592 3038 645 enim
3077 593 3382 663 proditoris
3426 599 3513 653 in-

1931 682 2146 744 gratum
2182 676 2424 732 animum
2469 678 2556 734 his
2593 682 2782 736 verbis
2825 694 3075 749 accusat,
3099 687 3183 740 vel
3228 686 3516 745 diabolica:

250 756 322 811 Ἦ
353 757 460 829 γὰρ
487 757 589 828 τῆς
629 759 724 813 τοῦ
768 760 1079 830 τολμῶντος
1122 762 1446 835 ἀχαριστίας
1501 764 1590 817 διά
1636 763 1793 817 τοῦτο

1930 767 2195 838 nequitia:
2224 769 2664 840 magnitudinem
2705 775 2970 840 ostendit,
3006 792 3128 847 quae
3161 787 3372 834 tantum
3417 796 3515 851 po—

1928 858 2120 923 tuerit,
2177 865 2239 913 ut
2291 858 2454 914 etiam
2492 877 2660 917 unum
2718 880 2783 918 ex
2842 865 2978 935 ipsis
3029 869 3293 938 apostolis
3337 872 3513 926 corri-

243 934 423 1003 γεθος,
456 939 534 1001 ὡς
580 939 833 994 τοσοῦτον
885 940 1228 1012 δυνηθείσης,
1259 943 1335 1007 ὡς
1378 943 1473 999 καὶ¹
1518 944 1699 998 αὐτῶν
1728 946 1827 1001 ἕνα
1926 951 2127 1020 puerit.

240 1026 351 1080 τῶν
389 1029 705 1086 ἀποστόλων
739 1031 1011 1101 ἁρπάσαι.

317 1123 618 1179 Ἔόλεπον
636 1120 753 1182 οὖν
774 1128 862 1192 εις
884 1126 1200 1195 ἀλλήλους
1231 1132 1286 1184 οἱ
1308 1131 1591 1200 μαθηταὶ,
1619 1132 1824 1189 διαπο-

228 1213 517 1281 ρούμενοι
547 1216 683 1283 περὶ
720 1217 884 1283 τίνος
904 1219 1092 1289 λέγει.

313 1305 619 1377 ’Ἐκπληξίς
646 1325 706 1361 τε
735 1309 870 1379 ὁμοῦ
913 1311 1008 1364 καὶ
1031 1311 1152 1376 δέος
1176 1314 1449 1386 είστρέχει
1476 1316 1606 1380 τοὺς
1646 1316 1821 1388 μαθη-

236 1392 356 1457 τάς,
386 1397 483 1449 καὶ
509 1397 761 1470 ἀλλήλοις
804 1400 1052 1471 ἐνορῶσι,
1091 1403 1314 1460 διπλοῦν
1353 1407 1419 1459 ὲκ
1456 1406 1566 1461 τῶν
1595 1408 1823 1480 εἰρημέ-

1998 1120 2113 1176 ΧΙΙΙ
2139 1163 2156 1191 ,
2194 1123 2287 1177 22.
2327 1125 2668 1195 Aspiciebant
2716 1147 2838 1201 ergo
2875 1134 2945 1187 ad
2970 1135 3189 1190 invicem
3229 1137 3501 1209 discipuli,

1922 1211 2228 1269 luesitantes
2258 1215 2324 1271 de
2354 1234 2457 1285 quo
2483 1218 2699 1274 diceret.

1994 1302 2201 1374 Stupor
2229 1308 2394 1362 simul
2430 1322 2493 1363 ac
2518 1309 2683 1364 timor
2709 1311 2920 1369 invadit
2944 1314 3153 1372 Christi
3179 1319 3502 1391 discipulos,

1920 1400 1975 1448 et
2001 1393 2289 1451 intuentur
2319 1397 2411 1452 alii
2438 1399 2493 1453 in
2525 1399 2689 1464 alios,
2721 1402 2997 1473 duplicem
3028 1421 3094 1461 ex
3124 1408 3289 1467 dictis
3314 1413 3506 1467 concl-

236 1500 346 1539 νων
375 1486 657 1553 ὠδίνοντες
693 1490 943 1562 θόρυϐον.
972 1493 1245 1559 Ἕκαστος
1276 1497 1376 1568 μὲν
1408 1495 1540 1569 γὰρ,
1576 1499 1716 1552 κατά
1759 1500 1795 1552 τέ

1918 1488 2137 1559 pientes
2173 1501 2401 1549 metum.
2432 1491 2825 1567 Unusquisque
2851 1497 3030 1566 enim,
3065 1506 3123 1553 ut
3152 1516 3253 1570 par
3276 1511 3361 1559 est
3382 1546 3398 1571 ,
3432 1504 3503 1560 de

232 1576 406 1642 είκὸς,
432 1579 533 1649 τῆς
559 1582 697 1646 ίδίας
724 1584 1072 1657 ὑπερτρέχων
1101 1587 1299 1660 ψυχῆς,
1328 1589 1428 1644 οὐκ
1455 1590 1516 1644 ὲν
1533 1590 1698 1662 ὀλίγῳ
1726 1591 1817 1661 γέ-

1917 1592 2019 1633 sua
2051 1580 2237 1635 anima
2265 1583 2562 1651 sollicitus,
2597 1601 2707 1641 non
2741 1602 2908 1657 parvo
2937 1598 3057 1645 erat
3100 1590 3156 1645 in
3187 1600 3359 1658 metu,
3402 1596 3501 1650 sed

232 1683 359 1735 γονε
382 1668 617 1741 δείματι,
648 1673 783 1727 ἀλλά
804 1678 898 1730 καὶ
929 1679 1029 1749 τῆς
1047 1680 1126 1743 εἰς
1152 1680 1215 1733 τὸ
1241 1680 1419 1735 κοινὸν
1443 1681 1655 1753 ὁρώσης
1680 1683 1795 1739 ὑπο⁴

1915 1678 1971 1724 et
1998 1685 2124 1726 cum
2158 1671 2229 1728 de
2259 1676 2476 1731 caeteris
2509 1678 2564 1731 in
2595 1693 2889 1737 commune
2917 1682 3267 1753 cogitarent,
3295 1685 3365 1740 de
3391 1686 3500 1740 alia

232 1757 447 1830 λήψεως
474 1764 653 1836 χάριν,
680 1767 783 1822 οὐκ
808 1770 1068 1826 ἐλάττονα
1091 1774 1191 1845 τῆς
1223 1774 1420 1846 ἑτέρας
1443 1776 1544 1847 τὴν
1574 1777 1795 1845 ἀγωνίας

1914 1775 2023 1817 non
2054 1763 2241 1819 minus
2273 1768 2422 1821 anxii
2451 1780 2629 1824 erant.
2655 1770 2902 1828 Credunt
2928 1774 3134 1846 quippe
3162 1791 3353 1832 verum
3392 1778 3486 1833 uti.

229 1852 492 1937 ἐδέχοντο.
534 1856 655 1913 Ὅτι
713 1862 812 1931 μὲν
868 1864 978 1937 γὰρ
1034 1844 1233 1938 ἀληθὲς
1283 1844 1436 1921 ἔσται
1495 1844 1714 1933 πάντως
1753 1871 1795 1923 τὶ

1914 1865 2024 1920 que
2059 1851 2178 1911 fore
2206 1856 2352 1925 quod
2379 1858 2592 1915 dictum
2622 1870 2730 1918 est.
2767 1844 2963 1920 Sciunt
2991 1844 3140 1921 enim
3183 1866 3497 1925 Servatoris

226 1930 517 2014 εἰρημένον
552 1952 921 2010 πιστεύουσιν.
957 1956 1137 2010 Ἴσασι
1162 1958 1294 2030 γὰρ,
1316 1959 1391 2021 ὡς
1413 1960 1514 2015 οὐκ
1539 1961 1606 2015 ἂν
1624 1961 1815 2016 διαπέ-

224 2044 309 2121 σοι
360 2033 520 2098 κενὸς
565 2036 663 2090 τοῦ
711 2040 964 2114 Σωτῆρος
1019 2046 1049 2097 6
1086 2045 1265 2114 λόγος,
1296 2048 1358 2101 τό
1399 2048 1461 2101 τέ
1492 2064 1557 2116 γε
1592 2049 1699 2121 μὴν
1732 2051 1811 2114 εἰς

221 2120 383 2177 τοῦτο
424 2124 748 2193 δυσσεϐείας
799 2133 1267 2207 κατωλισθηκὲναι
1317 2138 1425 2192 τῶν
1457 2139 1517 2194 ὲν
1543 2140 1811 2213 μαθηταῖς

219 2213 703 2289 ἀπηριθμημένων
757 2225 902 2288 τινὰ,
965 2226 1137 2280 δεινὸν
1206 2228 1303 2282 καὶ
1357 2230 1629 2302 ἀφόρητον
1667 2228 1810 2287 εῖναι

219 2301 583 2376 λογιζόμενοι,
632 2311 695 2365 τὸ
756 2314 856 2383 μὲν
917 2316 1048 2371 ἴδιον
1109 2318 1342 2373 ἑκάστου
1395 2301 1635 2388 συνειδὸς
1675 2325 1808 2379 ἀνα-

221 2395 510 2466 κρίνουσι,
570 2402 667 2454 κοιλ⁵
723 2405 1079 2477 περιαθροῦσι
1135 2409 1327 2475 δεινῶς
1381 2414 1474 2467 ἐπὶ
1530 2417 1652 2469 τίνα
1711 2417 1809 2487 τῆς

218 2487 499 2552 ἀπωλείας
526 2492 554 2543 6
584 2491 786 2564 κλῆρος
805 2500 1077 2565 πεσεῖται,
1112 2502 1205 2555 καὶ
1230 2503 1413 2570 πόθεν,
1443 2505 1477 2577 ἢ
1505 2506 1623 2571 πῶς
1653 2509 1807 2580 ἰσχύ-

218 2592 305 2631 σει
333 2580 584 2635 τοσοῦτον
614 2585 644 2636 6
673 2584 936 2655 Σατανᾶς,
963 2589 1038 2653 ὡς
1073 2592 1168 2645 καὶ
1195 2593 1375 2648 αὐτῶν
1402 2596 1666 2668 ἐκκλέψαι
1699 2600 1808 2655 τῶν

211 2669 458 2738 γνησίων
488 2672 630 2726 τινά.

284 2756 407 2813 Ἤν
438 2760 508 2814 δὲ
530 2763 923 2833 ἀνακείμενος
950 2764 1039 2834 εἶς
1065 2770 1135 2824 ἐκ
1168 2771 1287 2825 τῶν
1298 2775 1583 2843 μαθητῶν
1617 2778 1805 2833 αὐτοῦ

208 2847 284 2901 ἐν
333 2848 413 2915 τῷ
447 2853 657 2920 κόλπῳ
706 2855 815 2909 τοῦ
855 2856 1082 2926 Ἰησοῦ,
1126 2860 1201 2915 ὃν
1235 2864 1438 2932 ἠγάπα
1474 2869 1508 2921 ὀ
1542 2867 1799 2935 Ἰησοῦς.

208 2940 387 2995 Νσύει
412 2937 527 2997 οὖν
560 2946 750 3011 τούτῳ
777 2948 992 3017 Σίμων
1021 2950 1246 3023 Πέτρος
1291 2956 1589 3012 πυθέσθαι
1613 2960 1705 3025 τίς
1725 2960 1803 3014 ἂν

208 3032 306 3099 ειη
349 3033 483 3102 περὶ
528 3029 602 3089 οὗ
628 3036 813 3106 λέγει.
859 3041 1200 3099 Ἐπιπεσὼν
1240 3046 1309 3100 δὲ
1333 3048 1567 3117 ἐκεῖνος
1595 3051 1695 3106 ἐπὶ
1731 3053 1799 3107 τὸ

212 3120 439 3191 στῆθος
460 3125 571 3180 τοῦ
605 3127 830 3196 Ἰησοῦ,
848 3131 1013 3203 ,λέγει
1040 3135 1222 3203 αὐτῷ’
1248 3139 1443 3208 Κύριε,
1468 3142 1562 3209 τίς
1588 3144 1797 3209 sarcir;

227 3211 637 3283 Ἀποκρίνεται
682 3214 799 3274 οὖν
832 3223 866 3276 d
907 3223 1169 3292 ἰησοῦςσ
1218 3227 1476 3297 Ἐκεῖνός
1522 3230 1718 3301 ἐστιν,
1747 3227 1796 3301 ᾧ

210 3304 329 3376 ἐγὼ
348 3306 559 3376 ,βάψας
584 3311 652 3364 τὸ
681 3314 919 3382 ψωμίον
944 3315 1117 3371 δώσω

282 3399 679 3474 Θαυμάσαιμεν
733 3405 800 3460 ἂν
847 3408 1073 3475 εἰκότως
1114 3412 1209 3466 καὶ
1240 3415 1299 3468 ὲν
1325 3414 1502 3487 τούτῳ
1527 3417 1595 3490 δὴ
1630 3419 1795 3476 πάλιν

202 3490 319 3545 τῶν
350 3491 523 3561 ἁγίων
555 3494 810 3568 μαθητῶν
842 3498 903 3553 τὸ
928 3502 1127 3573 γοργὸν
1160 3505 1242 3568 εἰς
1278 3504 1575 3575 φιλοθεῖαν,
1604 3509 1702 3562 καὶ
1732 3509 1795 3564 τὸ

202 3583 332 3639 λίαν
354 3586 582 3657 ἀκριϐὲς
620 3590 701 3653 είς
726 3590 1035 3648 εὐλάϐειαν.
1075 3595 1152 3649 Οὐ
1192 3596 1302 3669 γάρ
1334 3596 1550 3667 ἔχοντες
1585 3599 1645 3667 ἐξ
1664 3600 1790 3655 ἐαυ-

202 3674 317 3729 τῶν
377 3678 577 3733 εἰδέναι
641 3681 895 3737 ὐπαίτιόν
956 3702 1116 3750 τινα,
1171 3687 1288 3741 ἀλλ’
1354 3689 1477 3744 οὐδὲ
1538 3694 1662 3757 ταῖς
1729 3694 1794 3748 ὲκ

208 3768 532 3840 στοχασμῶν
568 3772 805 3839 ἀπάταις
844 3776 1334 3849 ὲπιθαρσήσαντες,
1378 3780 1793 3851 φιλοπευστοῦσι

206 3859 411 3925 πάλιν,
476 3864 570 3917 καὶ
642 3865 937 3935 μανθάνειν
997 3870 1314 3941 ἐπείγονται
1393 3873 1464 3927 δι’
1522 3875 1641 3940 ἐνὸς
1695 3876 1790 3930 τοῦ

204 3952 559 4024 προῦχοντος,
610 3958 819 4030 Πέτρος
868 3960 926 4015 δὲ
979 3955 1136 4027 οὗτος
1184 3959 1274 4035 ἦν,
1324 3965 1385 4030 ὃς
1422 3969 1791 4040 προσεκόμισε

205 4042 309 4115 μὲν
342 4045 593 4116 οὐδαμῶς
639 4048 708 4103 δι’
732 4051 928 4105 ἑαυτοῦ
974 4052 1074 4125 τὴν
1110 4055 1338 4122 πεῦσιν,
1362 4056 1442 4129 τῷ
1470 4059 1527 4113 δὲ
1563 4060 1792 4131 πλησίον

201 4136 298 4188 καὶ
357 4137 704 4211 ἀγαπωμένῳ
757 4141 847 4195 διὰ
892 4142 954 4197 τὸ
996 4145 1097 4217 τῆς
1147 4147 1371 4216 ἁγνείας
1411 4148 1789 4225 λαμπρότερον

201 4224 264 4277 τὸ
305 4225 570 4299 διερωτᾷν
603 4229 843 4300 ἐφίησιν.
890 4233 1148 4307 Ἰωάννης
1190 4236 1250 4292 δὲ
1302 4232 1456 4303 οὗτος
1495 4235 1566 4313 ἧν
1612 4243 1641 4295 6
1692 4224 1788 4297 τοῦ

200 4315 565 4403 προκειμένου
604 4315 812 4387 βιϐλίου
862 4326 1232 4394 συγγραφεὺς,
1261 4327 1338 4393 ὃς,
1381 4330 1615 4402 ἐπείπερ
1645 4334 1787 4403 ἠγα-

198 4402 411 4474 πῆσθαί
446 4422 613 4479 φησιν
639 4409 853 4477 ἑαυτὸν,
881 4412 945 4466 τὸ
969 4416 1168 4471 οίκεῖον
1213 4419 1557 4491 κατέκρυψεν
1592 4402 1783 4495 ὄνομα,

1914 1958 2227 2003 sermonem
2276 1948 2497 2005 irritum
2527 1968 2653 2009 esse
2693 1969 2804 2009 non
2836 1972 3030 2026 posse,
3073 1960 3169 2015 sed
3203 1974 3271 2014 eo
3301 1960 3498 2031 impie-

1913 2037 2048 2095 tatis
2079 2037 2354 2098 decidisse
2393 2059 2730 2116 quemquam
2775 2064 2807 2104 ο
2854 2050 3392 2123 ιΙίεοὶρυιιεγετονε
3441 2064 3501 2109 et

1912 2125 2321 2186 intolerandum
2362 2148 2488 2190 esse
2530 2142 2827 2205 putantes,
2869 2154 3027 2193 suam
3068 2141 3311 2212 quisque
3356 2158 3495 2200 con-

1911 2217 2196 2276 scientiam
2229 2225 2567 2293 examinant,
2594 2236 2651 2283 et
2677 2229 2731 2283 in
2761 2245 2923 2299 quem
2949 2231 3104 2286 exitii
3142 2247 3266 2288 sors
3294 2248 3496 2290 casura

1911 2306 1984 2361 sit
2014 2322 2206 2369 exacte
2228 2315 2530 2382 rimantur,
2570 2326 2627 2373 et
2657 2320 2806 2375 unde
2836 2328 2933 2375 aut
2964 2323 3247 2392 quomodo
3277 2331 3493 2380 tantum

1911 2406 2202 2473 potestatis
2229 2406 2523 2465 habiturus
2561 2410 2634 2465 sit
2677 2409 2944 2478 Satanas,
2994 2421 3054 2468 ut
3088 2430 3427 2486 quemquam
3461 2433 3494 2471 e

1911 2494 2167 2561 genuinis
2195 2494 2486 2552 discioulis
2519 2498 2782 2568 abripiat.

1979 2759 2097 2815 XIII
2120 2800 2135 2825 ,
2175 2763 2363 2819 25-26.
2412 2764 2549 2819 Erat
2580 2784 2703 2837 ergo
2728 2770 3033 2825 recumbens
3063 2788 3197 2826 unus
3227 2788 3292 2826 ea:
3321 2774 3490 2829 disci-

1903 2853 2045 2920 pulis
2065 2853 2181 2921 ejus
2211 2856 2267 2908 in
2294 2856 2415 2929 sinu
2439 2855 2591 2922 Jesu,
2621 2876 2772 2928 quem
2802 2860 3053 2932 diligebat
3079 2861 3257 2919 Iesus.
3302 2864 3489 2921 Innuit

1902 2960 2025 3014 ergo
2049 2945 2171 2998 huic
2193 2944 2380 3002 Simon
2403 2948 2621 3017 Petrus,
2648 2960 2699 3005 et
2725 2952 2867 3006 dixit
2897 2955 2947 3008 ei
2977 2971 2996 3011 :
3034 2955 3167 3022 Quis
3195 2966 3273 3011 est
3301 2958 3398 3014 iste
3421 2962 3487 3014 de

1902 3052 2005 3106 quo
2041 3036 2219 3094 dicit?
2258 3037 2449 3110 Itaque
2476 3057 2596 3095 cum
2626 3044 2951 3100 recubuisset
2983 3048 3074 3101 ille
3104 3064 3265 3116 supra
3304 3060 3485 3119 pectus

1899 3126 2029 3182 Jesu
2053 3170 2069 3197 ,
2099 3129 2231 3184 dicit
2264 3130 2312 3184 ei
2332 3147 2350 3184 .'
2382 3130 2633 3195 Domine,
2673 3136 2791 3204 quis
2820 3140 2946 3193 est?
2975 3137 3259 3206 Respondit
3283 3141 3442 3198 Iesus
3463 3160 3483 3198 :

1900 3218 2005 3273 Ille
2027 3229 2103 3273 est
2141 3220 2224 3274 cui
2259 3236 2352 3290 ego
2387 3221 2670 3276 intinctam
2700 3239 2889 3292 partem
2924 3243 3230 3296 porrexero.

1966 3394 2069 3452 Hic
2094 3413 2294 3455 rursus
2313 3399 2482 3454 etiam
2509 3411 2829 3457 sanctorum
2855 3404 3261 3477 discipulorum
3288 3409 3481 3465 arden-

1900 3494 2004 3540 tem
2037 3500 2166 3557 erga
2199 3486 2371 3543 Deum
2406 3503 2649 3546 amorem
2676 3500 2731 3547 et
2757 3493 2923 3566 736
2948 3496 3227 3552 sincerum
3258 3498 3480 3568 pietatis

1896 3590 1962 3630 ac
1985 3577 2526 3649 religionisstudium
2542 3584 2734 3638 mirari
2754 3584 2881 3655 jure
2921 3596 3159 3657 oportet.
3190 3589 3324 3646 Nam
3352 3609 3478 3650 cum

1896 3681 1963 3721 ex
2000 3669 2200 3739 seipsis
2245 3686 2359 3725 non
2392 3681 2624 3742 possent
2658 3674 2836 3729 ullum
2868 3686 3088 3734 sontem
3142 3696 3475 3753 agnoscere,

1895 3762 1991 3816 sed
2023 3775 2200 3832 neque
2229 3762 2524 3821 fallacibus
2555 3766 2894 3836 conjecturis
2926 3772 3121 3826 conlisi
3140 3811 3156 3837 ,
3185 3775 3479 3832 sciscitan-

1894 3858 1985 3904 tur
2018 3850 2200 3907 denuo
2229 3866 2294 3907 ac
2325 3851 2540 3911 discere
2566 3857 2821 3912 nituntur
2849 3875 2946 3929 per
2972 3876 3143 3917 unum
3173 3864 3327 3920 illum
3360 3870 3475 3938 pri-

1893 3944 2129 3999 marium
2154 3985 2169 4009 ,
2212 3944 2436 4001 Petrum
2473 3948 2753 4015 videlicet,
2781 3954 2875 4021 qui
2912 3969 3258 4026 nequaquam
3288 3975 3384 4029 per
3415 3977 3477 4017 se

1891 4034 2276 4107 interrogavit,
2314 4037 2410 4093 sed
2439 4039 2492 4094 ei
2524 4041 2619 4111 qui
2650 4042 2934 4111 proximus
2974 4055 3092 4100 erat
3124 4063 3189 4103 ac
3215 4049 3473 4121 dilectus,

1890 4136 2123 4198 propter
2156 4130 2438 4187 castitatis
2472 4132 2826 4201 splendorem
2847 4174 2862 4200 ,
2896 4139 3259 4207 quaerendum
3301 4146 3472 4202 relin-

1891 4219 2033 4290 quit.
2064 4218 2310 4277 Joannes
2342 4232 2527 4276 autem
2574 4224 2622 4279 is
2657 4236 2809 4291 erat,
2843 4228 2970 4283 libri
2999 4229 3166 4301 hujus
3200 4236 3471 4307 scriptor,

1888 4311 1985 4379 qui
2023 4311 2286 4381 quoniam
2324 4327 2385 4367 se
2414 4311 2678 4368 dilectum
2709 4314 2882 4373 fuisse
2917 4320 3028 4384 ait,
3068 4321 3279 4380 idcirco
3308 4341 3469 4382 suum

1890 4416 2088 4456 nomen
2128 4403 2390 4468 reticuit,
2426 4419 2497 4459 ne
2543 4405 2805 4476 cuiquam
2851 4409 3004 4465 inani
3051 4412 3224 4482 gloria
3267 4415 3471 4473 ductus

200 4500 331 4569 σιγῇ
397 4501 705 4571 παραδοὺς,
762 4503 850 4557 ἴνα
914 4507 989 4578 μή
1050 4526 1129 4581 τῳ
1184 4511 1332 4578 δόξαι
1398 4492 1779 4586 φιλοκομπεῖν.

1897 4492 2190 4548 videretur.
2217 4494 2553 4553 Ambitionis
2583 4499 2790 4570 quippe
2816 4515 3015 4571 expers
3038 4515 3123 4560 est
3148 4517 3469 4565 sanctorum

210 4587 524 4662 Ἐλεύθερος
553 4592 662 4665 γὰρ
687 4594 991 4663 φιλοδοξίας
1012 4599 1120 4655 τῶν
1142 4601 1312 4671 ἁγίων
1335 4606 1365 4659 6
1387 4604 1532 4669 νοῦς.
1568 4608 1781 4679 Ἦρέμα

195 4681 380 4735 τοίνυν
418 4682 496 4754 τῷ
542 4684 849 4759 διδασκάλῳ
889 4692 1377 4765 προσκεκλιμένος,
1419 4697 1781 4771 διαψιθυρίζει

195 4772 394 4845 λάθρα,
427 4776 523 4828 καὶ
565 4776 858 4846 μανθάνειν
889 4780 1035 4848 ἀξιοῖ
1071 4784 1300 4855 τὸν-τῆς
1332 4786 1606 4851 ἀπωλείας
1642 4788 1780 4843 υίόν·

195 4863 314 4915 ἀλλ’
343 4865 440 4935 οὐχ
471 4864 660 4938 ἕτερόν
703 4885 757 4923 τι
804 4875 1030 4942 σημεῖον
1086 4874 1236 4946 αὑτῷ
1280 4874 1493 4931 δίδωσιν
1531 4878 1560 4930 6
1589 4878 1782 4950 Σωτὴρ

194 4952 291 5009 τοῦ
326 4956 684 5027 πράγματος,
714 4959 749 5032 ἢ
776 4961 840 5015 τὸ
875 4961 963 5017 διὰ
1002 4965 1103 5034 τῆς
1142 4965 1237 5019 τοῦ
1267 4967 1554 5038 Προφήτου
1598 4970 1783 5040 φωνῆς

195 5047 291 5100 καὶ
320 5047 487 5103 πάλαι
511 5054 1050 5124 προκεκηρυγμένον·
1075 5075 1093 5107 ι
1117 5058 1175 5110 Ὀ
1208 5058 1404 5113 ὲσθίων
1429 5061 1628 5130 ἄρτους
1657 5078 1780 5130 μου,

194 5135 531 5205 ἐμεγάλυνεν
560 5139 647 5192 ἐπ’
677 5140 778 5210 ἐμὲ
806 5145 1155 5214 πτερνισμόν.
1195 5166 1214 5199 ι
1247 5146 1435 5217 Βάψας
1466 5148 1576 5220 γὰρ
1605 5149 1781 5203 ἐπιδί-

190 5221 327 5274 δωσι
365 5222 426 5276 τὺ
453 5223 691 5297 ψωμίον,
718 5228 935 5295 δεικνὺς
965 5232 1053 5295 διὰ
1086 5234 1275 5289 τούτου
1305 5237 1395 5290 τὸν
1416 5236 1668 5293 ἐσθίοντα
1688 5238 1782 5294 τὸν

192 5313 361 5385 ἄρτον
424 5317 609 5375 αὐτοῦ.
664 5320 777 5374 Καὶ
836 5322 928 5377 τὸν
975 5325 1075 5395 μὲν
1125 5326 1233 5380 τῶν
1286 5329 1459 5398 ἁγίων
1519 5330 1779 5403 μαθητῶν

191 5406 441 5480 ἐξίστησι
469 5410 655 5479 φόϐον,
678 5412 801 5483 άγει
846 5415 906 5468 δέ
958 5435 1075 5482 πως
1115 5419 1315 5486 αὐτοὺς
1356 5423 1437 5486 είς
1466 5424 1773 5495 ἀνάμνησιν

189 5500 534 5569 προφητείας
584 5503 780 5576 ἐτέρας
829 5505 1252 5582 διαγορευούσης
1303 5512 1420 5567 ὡδί·
1456 5533 1474 5565 ι
1513 5516 1585 5568 Σὺ
1614 5515 1694 5583 δὲ,
1729 5512 1775 5569 ὧ

183 5589 469 5661 ἄνθρωπε,
498 5593 718 5667 ίσόψυχε
748 5599 975 5671 ἡγεμών
1005 5619 1129 5673 μου,
1171 5604 1266 5659 καὶ
1305 5607 1516 5674 γνωστέ
1558 5624 1684 5681 μου.
1716 5608 1774 5665 ὃς

262 5772 308 5804 ³³
348 5771 493 5828 Psal.
523 5788 590 5827 xl.
614 5817 628 5839 ,
662 5774 751 5830 I0.

518 5863 788 5925 PATROL.
833 5865 948 5925 Gn.
990 5865 1240 5927 LXXIV.

1888 4585 2133 4641 animus.
2170 4584 2390 4641 Sensim
2426 4602 2561 4659 ergo
2591 4589 2899 4647 inclinatus
2943 4593 3014 4647 ad
3057 4606 3253 4665 pectus
3288 4603 3471 4671 magi-

1888 4679 1988 4734 stri
2029 4679 2173 4733 clam
2206 4680 2406 4750 quaerit
2448 4681 2577 4751 quis
2607 4682 2678 4738 sit
2706 4683 2998 4742 erditionis
3029 4686 3125 4743 ille
3162 4688 3340 4757 ﬁlius;
3371 4693 3468 4747 sed

1888 4785 1998 4824 non
2031 4770 2181 4826 aliud
2208 4772 2305 4826 dat
2339 4773 2388 4826 ei
2424 4771 2687 4830 Servator
2717 4776 2798 4831 rei
2828 4777 3081 4847 signum,
3128 4795 3293 4848 quam
3319 4784 3466 4851 quod

1890 4883 1985 4937 per
2017 4866 2303 4938 Propheta:
2335 4884 2527 4923 vocem
2559 4870 2692 4924 olim
2727 4870 3055 4940 praedictum
3095 4880 3183 4927 est
3226 4890 3240 4927 :
3303 4892 3321 4925 ι
3356 4874 3463 4941 Qui

1888 4959 2085 5015 edebat
2107 4974 2278 5030 panes
2301 4975 2476 5025 meos,
2501 4959 2872 5032 magniﬁcavit
2896 4975 3068 5030 super
3090 4977 3177 5018 me
3198 4967 3467 5036 supplan-

1883 5052 2149 5108 tationem
2174 5053 2241 5109 ⁸⁸.
2278 5073 2296 5106 ι
2346 5052 2643 5108 Intinctam
2678 5053 2884 5124 quippe
2922 5053 3229 5110 buccellam
3270 5058 3461 5125 tradit,

1882 5162 1981 5217 per
2025 5146 2129 5202 hoc
2176 5162 2302 5203 eum
2347 5148 2649 5202 ostendens
2697 5145 2795 5216 qui
2847 5144 3214 5204 manducaret
3261 5164 3461 5221 panem

1880 5237 2023 5308 ejus.
2056 5238 2121 5295 Et
2155 5247 2477 5294 sanctorum
2516 5237 2741 5308 quidem
2777 5236 3182 5309 discipulorum
3215 5239 3461 5296 formidi-

1882 5345 2009 5384 nem
2040 5338 2283 5386 removet
2304 5370 2320 5393 ,
2356 5330 2453 5386 sed
2486 5331 2569 5385 eis
2604 5330 2663 5384 in
2697 5330 3023 5386 memoriam
3060 5330 3288 5387 adducit
3316 5332 3463 5388 alte-

1882 5438 1999 5477 ram
2032 5423 2412 5493 prophetiam,
2447 5439 2571 5494 qua:
2606 5425 2684 5479 ait
2717 5443 2731 5478 :
2769 5444 2789 5476 ι
2827 5423 2913 5479 Τιι
2948 5441 3080 5482 vero
3117 5427 3287 5482 homo
3317 5439 3461 5481 una-

1882 5513 2048 5568 nimis
2074 5512 2185 5567 dux
2230 5529 2417 5580 meus,
2452 5523 2507 5571 et
2538 5524 2705 5573 notus
2732 5532 2891 5573 meus
2921 5517 3017 5589 qui
3050 5517 3214 5575 simul
3242 5528 3459 5572 mecum

1882 5607 2074 5665 dulces
2103 5606 2359 5678 capiebas
2386 5609 2540 5666 cibos
2577 5629 2590 5666 :
2636 5611 2691 5665 in
2716 5606 2882 5668 domo
2915 5609 3010 5666 Dei
3046 5608 3458 5666 atnbulavimus

3018 5875 3056 5937 5

3414 388 3518 449 158

3544 4450 3553 4489 ἦ
