4144 6478
622 336 726 393 159

1589 331 1648 387 S.
1690 330 1965 389 CYRILLI
2006 330 2486 390 ALEXANDRINI
2524 332 2845 390 AIICHIEP.

3789 329 3911 386 NO

619 466 749 508 cum
782 464 1059 508 consensu
1086 451 1154 506 ⁸⁸.
1190 468 1209 503 ι
1251 449 1549 507 Unanimis
1579 451 1724 505 enim
1747 488 1763 514 ,
1806 465 1871 506 ac
1903 460 2106 519 notus,
2145 460 2201 506 et

2338 457 2396 507 πὶ
2423 454 2482 507 τὸ
2506 454 2639 508 αὐτὸ
2675 448 2983 522 ἐγλύκανδας
3005 469 3094 522 μοι
3124 451 3417 523 εδέσματα·
3450 451 3507 504 ἐν
3536 448 3615 520 τῷ
3631 449 3772 520 οἴκῳ
3801 450 3909 501 τοῦ

619 558 825 599 mensae
855 557 1093 598 consors
1114 582 1130 607 ,
1180 552 1237 598 et
1274 557 1617 613 quaecunque
1647 542 1947 612 genuinum
1981 542 2200 598 elﬁcere

619 642 889 704 possent,
931 634 1033 688 fuit
1062 634 1195 686 olim
1238 630 1518 688 Servalori
1558 631 1723 686 etiam
1757 632 1877 701 ipse
1902 632 2198 702 proditor,

622 736 815 797 utpote
860 742 970 780 una
1015 741 1143 780 cum
1190 725 1322 779 aliis
1356 724 1568 779 sanctis
1615 724 1907 794 discipulis
1959 726 2197 791 electus,

620 820 717 889 qui
745 819 1001 874 eumdem
1037 832 1162 872 cum
1211 816 1508 871 Serratore
1541 831 1774 886 scopum
1813 817 2116 883 habentes,
2149 826 2205 873 et

622 919 794 967 totam
816 922 921 964 una
945 924 1070 963 cum
1105 908 1224 977 ipso
1244 906 1491 961 Iudaeam
1513 907 1955 972 circumeuntes,
1990 909 2203 963 strenui

621 1003 1021 1060 miraculorum
1051 998 1299 1054 ministri
1335 1007 1497 1053 erant
1521 1039 1535 1063 ,
1565 999 1862 1069 omniaque
1898 1000 2081 1055 facere
2116 1016 2206 1054 ar-

621 1097 826 1152 debant
866 1107 987 1164 qum
1033 1089 1102 1143 ad
1148 1090 1418 1145 honorem
1464 1098 1521 1144 et
1558 1089 1793 1159 gloriam
1837 1088 1959 1159 ejus
1991 1099 2207 1160 specta-

621 1188 784 1252 bant;
818 1186 912 1240 sed
940 1191 1104 1237 notus
1130 1183 1225 1236 ille
1249 1191 1304 1237 et
1330 1181 1611 1236 unanimis
1634 1182 1782 1251 turpi
1807 1190 2019 1252 quaestu
2039 1181 2209 1236 hono-

2308 544 2444 597 Θεοῦ
2481 544 2863 616 ἐπορεύθημεν
2905 545 2962 596 ὲν
3013 544 3255 615 ὁμονοίᾳ.
3292 563 3316 596 ο
3351 543 3626 614 Ἰσόψυχος
3658 543 3761 612 μὲν
3791 541 3916 612 γὰρ

2304 636 2544 703 γνωστός
2581 654 2640 688 τε
2679 636 2778 689 καὶ
2808 635 3204 708 ὁμοτράπεζος,
3249 635 3344 688 καὶ
3381 635 3435 687 τί
3469 634 3578 706 γὰρ
3624 636 3749 704 ούχί.
3789 633 3915 686 τῶν

2304 727 2603 781 τελούντων
2639 729 2725 790 είς
2758 729 3108 799 γνησιότητα,
3164 727 3358 795 γέγονέ
3414 744 3545 779 ποτε
3578 726 3657 796 τῷ
3680 726 3913 796 Σωτῆρι

2306 818 2396 871 καί
2436 818 2599 882 αὐτὸς
2643 819 2671 870 6
2718 817 3001 889 προδότης,
3040 818 3137 871 ἇτε
3165 817 3229 889 δὴ
3262 818 3375 880 τοῖς
3409 815 3616 887 ἑτέροις
3640 818 3911 884 ἐγκατει-

2305 911 2569 981 λεγμένος
2602 911 2781 980 ἁγίοις
2818 912 3109 982 μαθηταῖς.
3154 911 3205 964 οἳ
3234 910 3328 964 τὸν
3364 909 3528 963 αὐτὸν
3562 909 3784 979 ἔχοντες
3823 908 3912 978 τῷ

2307 1004 2525 1076 Σωτῆρι
2559 1005 2779 1069 σκοπὸν,
2810 1005 2903 1058 καὶ
2927 1004 3025 1075 τὴν
3049 1003 3158 1057 τῶν
3196 1002 3467 1056 Ἰουδαίων
3496 999 3910 1071 συμπεριθέον-

2308 1116 2399 1163 τες
2430 1097 2635 1170 χώραν,
2671 1097 2943 1169 ὑπηρέται
2962 1097 3152 1169 γοργοὶ
3176 1094 3285 1149 τῶν
3308 1092 3605 1164 θαυμάτων
3632 1092 3910 1161 ἐγίνοντο,

2310 1190 2404 1243 καὶ
2432 1191 2612 1244 πάντα
2647 1188 2910 1261 πράττειν
2941 1188 3237 1260 ἠπείγοντο
3265 1185 3333 1240 τὰ
3361 1187 3441 1248 εἰς
3467 1184 3633 1257 τιμὴν
3697 1182 3797 1237 καὶ
3822 1183 3915 1237 δό-

620 1275 796 1330 rantis
824 1275 1059 1346 gratiam
1093 1272 1351 1326 mutavit.
1392 1268 1638 1325 Observa
1668 1286 1832 1339 porro
1868 1269 2052 1325 denuo
2093 1285 2205 1340 quo

2328 1280 2411 1346 Ξαν
2445 1280 2632 1336 αὐτοῦ’
2668 1281 2783 1335 ἀλλ’
2806 1282 2835 1335 ό
2884 1279 3146 1349 γνωστὸς,
3198 1278 3293 1333 καὶ
3342 1277 3620 1348 ίσόψυχος,
3656 1277 3913 1348 αἰσχρῶν

620 1378 782 1437 pacto
810 1382 911 1421 nos
948 1374 1101 1420 recte
1129 1364 1334 1419 excitet
1366 1362 1817 1433 sapientissimus
1843 1363 2205 1433 evangelista,

2328 1374 2616 1445 ιημμάτων
2636 1372 2904 1443 ἠλλάξατο
2930 1372 3028 1443 τὴν
3052 1370 3147 1424 τοῦ
3167 1370 3500 1442 τιμήσαντος
3532 1369 3691 1442 χάριν
3753 1368 3915 1422 Ἐπι-

624 1470 681 1514 ut
713 1460 773 1514 in
803 1460 914 1514 vita
946 1473 1113 1529 quam
1146 1456 1388 1511 maxime
1420 1470 1522 1512 nos
1552 1456 1941 1519 observemus,
1972 1462 2028 1511 et
2055 1455 2213 1526 inge—

2328 1468 2469 1539 τήρει
2520 1466 2578 1519 δὲ
2632 1466 2817 1529 πάλιν,
2867 1467 3017 1528 ὅπως
3062 1466 3211 1535 ἡμᾶς
3264 1462 3575 1534 παραθήγει
3640 1462 3828 1525 καλῶς
3884 1462 3923 1514 6

622 1555 701 1609 nii
734 1554 911 1607 aciem
938 1566 1299 1606 exerceamus
1335 1549 1402 1605 ad
1437 1549 1940 1620 contemplationes
1983 1547 2211 1604 divinas

2328 1560 2626 1629 τοφὼτατος
2648 1556 3040 1628 εὐαγγελιστὴς
3074 1560 3153 1620 εἰς
3180 1556 3242 1609 τὸ
3275 1556 3425 1627 βιοῦν
3451 1554 3654 1609 ἐθέλειν
3687 1556 3771 1607 δτι
3803 1572 3916 1624 μα-

626 1646 789 1701 facile
823 1642 1235 1714 asscquendas,
1282 1651 1335 1698 et
1366 1643 1680 1697 divinarum
1715 1657 1900 1697 rerum
1936 1642 2211 1713 cognitio-

2328 1658 2472 1705 λιστα
2508 1650 2872 1719 λογικώτατα,
2920 1649 3015 1703 καὶ
3058 1649 3156 1720 τῆς
3212 1648 3451 1711 διανοίας
3502 1648 3765 1701 ἐπασκεῖν
3810 1647 3918 1716 τὴν

627 1754 754 1793 nem
802 1735 982 1808 quoad
1024 1736 1154 1789 licet
1201 1733 1638 1804 exprimendam.
1691 1734 1935 1788 Summis
1984 1734 2209 1804 quidem

2328 1739 2550 1811 ἱξύτητα
2602 1741 2739 1812 πρὸς
2786 1739 2847 1793 τό
2895 1738 3156 1792 δύνασθαι
3206 1739 3302 1793 καί¹
3351 1738 3473 1792 λίαν
3505 1737 3749 1801 εὐπετῶς
3802 1737 3919 1790 τῶν

628 1830 934 1885 honoribus
972 1836 1229 1880 ornatum
1273 1842 1331 1880 se
1368 1842 1495 1881 esse
1534 1834 1588 1879 et
1620 1840 1651 1877 a
1688 1824 1986 1880 Servatore
2018 1836 2214 1880 nostro

2328 1808 2479 1884 θείων
2508 1808 2885 1884 καθικνεῖσθαι
2918 1828 3315 1900 θεωρημάτων,
3358 1830 3455 1884 καὶ
3509 1829 3606 1900 τῆς
3648 1827 3920 1887 θεοπτίας

627 1921 849 1977 Christo
880 1920 1143 1973 dilectum
1186 1919 1302 1983 ait,
1349 1924 1408 1971 ut
1447 1925 1508 1972 et
1556 1917 1612 1970 in
1658 1916 1777 1987 ipso
1823 1915 2037 1969 Domini
2087 1918 2216 1972 sinu

629 2012 1015 2075 recumberet,
1064 2010 1213 2079 quod
1256 2010 1311 2063 in
1359 2008 1562 2064 summi
1604 2008 1807 2062 amoris
1851 2007 2021 2061 trahit
2054 2022 2218 2079 argu-

631 2111 896 2159 mentum.
940 2101 1186 2155 Proximi
1228 2100 1417 2169 itaque
1452 2097 1584 2160 Deo,
1614 2106 1667 2151 et
1711 2096 1907 2167 primis
1944 2096 2218 2167 quodam-

630 2194 796 2252 modo
811 2192 954 2264 apud
974 2208 1098 2247 eum
1126 2192 1261 2246 locis
1290 2191 1526 2244 maxime
1550 2189 1799 2242 omnium
1830 2188 2102 2243 sedebant
2124 2189 2219 2261 qui

630 2300 829 2358 purum
860 2298 954 2338 cor
981 2283 1202 2346 habent,
1232 2282 1434 2351 quibus
1457 2287 1512 2333 et
1532 2280 1793 2334 eximium
1816 2278 2076 2333 Servator
2095 2280 2107 2333 i
2116 2296 2213 2350 pse

634 2382 918 2454 praemium
934 2378 1153 2443 tribuit,
1170 2396 1187 2427 ι
1205 2377 1421 2431 beatos»
1448 2373 1570 2428 fore
1583 2373 1771 2429 dicens
1790 2374 2002 2445 737,:
2016 2374 2222 2430 mundo

634 2472 1085 2543 corde,quoniam
1106 2469 1208 2540 ipsi
1229 2468 1395 2522 Deum
1411 2466 1678 2522 videbunt
1696 2466 1763 2520 ³⁷.
1785 2486 1803 2517 ι
1827 2467 1981 2532 Quod
1998 2467 2220 2537 quidem

633 2584 827 2627 verum
864 2582 993 2624 esse
1012 2606 1027 2631 ,
1056 2566 1231 2637 ipsius
1258 2559 1653 2633 sapientissimi
1680 2559 2029 2633 evangelista:
2059 2561 2222 2616 testi-

632 2661 823 2716 monio
843 2656 1313 2715 conﬁrmabimus.
1348 2651 1498 2706 Vidit
1527 2652 1673 2706 enim
1710 2651 1941 2722 gloriam
1973 2650 2220 2713 Christi,

631 2755 791 2825 juxta
846 2751 1024 2821 ipsius
1075 2761 1287 2802 vocem.
1345 2762 1363 2795 ι
1430 2741 1556 2797 Vidi
1598 2741 1748 2797 enim
1797 2741 2027 2812 gloriam
2079 2740 2222 2823 ejus,

637 2846 851 2918 inquit,
909 2843 1173 2916 glorianu
1204 2838 1363 2909 quasi
1398 2836 1678 2906 Unigeuiti
1712 2850 1742 2887 a
1765 2833 1930 2889 Patre
1955 2874 1970 2899 ,
2002 2834 2225 2904 plenum

639 2938 830 3014 gratiae
854 2944 913 2993 et
936 2935 1195 2990 veritatis
1217 2932 1282 2985 ⁸⁸.
1318 2950 1335 2983 ι
1369 2930 1583 2999 Quippe
1612 2928 1899 2997 corporeis
1926 2927 2105 2981 oculis
2129 2941 2227 2981 ne-

642 3046 730 3085 mo
752 3034 1008 3097 spectare
1041 3031 1219 3093 potest
1251 3028 1507 3073 naturam
1540 3018 1816 3071 universa:
1839 3026 2107 3072 creaturae
2142 3018 2228 3071 in-

640 3118 1098 3189 ροιιειιὶριιυίιριη.
1124 3113 1234 3168 Nec
1256 3111 1402 3167 enim
1428 3110 1723 3181 quisquam
1750 3107 1969 3163 Patrem
1991 3109 2147 3173 vidit,
2170 3119 2230 3166 ut

644 3215 902 3270 Servator
920 3211 1085 3274 ait“,
1107 3208 1216 3262 nisi
1238 3206 1283 3260 is
1301 3205 1395 3276 qui
1412 3214 1497 3260 est
1516 3219 1545 3257 a
1562 3202 1694 3264 Deo,
1720 3202 1773 3256 id
1797 3209 1883 3257 est
1901 3201 2076 3257 Filius
2098 3221 2112 3269 ;
2138 3204 2228 3264 hic

643 3308 780 3362 vidit
809 3306 1049 3360 Patrem.
1074 3299 1464 3355 Verumtamen
1496 3296 1565 3350 iis
1588 3295 1684 3365 qui
1718 3292 1997 3347 mundana
2033 3294 2158 3351 labe
2184 3306 2240 3354 et

644 3402 911 3458 inanibus
938 3399 1065 3452 vita:
1088 3394 1267 3464 hujus
1288 3392 1438 3447 curis
1460 3404 1657 3461 puram
1679 3398 1733 3444 et
1749 3403 1979 3444 vacuam
1999 3398 2237 3446 mentem

644 3493 851 3549 habent
873 3530 885 3554 ,
923 3504 1019 3560 per
1053 3485 1312 3542 subtilem
1352 3483 1543 3553 utique
1570 3488 1790 3551 captum
1828 3495 2047 3535 omnem
2075 3496 2239 3537 exce-

642 3584 861 3639 dentem
887 3574 1407 3646 contemplationem
1431 3586 1585 3628 suam
1621 3572 1853 3642 gloriam
1874 3570 2131 3627 Christus
2152 3588 2239 3627 re-

642 3676 807 3736 velat,
823 3669 1120 3727 ostendens
1137 3664 1395 3721 et‘Patris
1419 3665 1473 3719 in
1495 3679 1559 3719 ea
1584 3663 1835 3734 gloriam.
1855 3662 2064 3718 Idcirco
2086 3665 2230 3718 enim

645 3766 820 3822 aiebat
852 3782 866 3818 :
919 3782 938 3815 ‹
963 3761 1074 3828 Qui
1106 3757 1243 3813 vidit
1282 3772 1365 3811 me
1387 3797 1401 3820 ,
1442 3755 1579 3809 vidit
1618 3764 1672 3808 et
1702 3752 2007 3809 Patrem".
2040 3772 2058 3805 ›

2320 1920 2644 1992 ἐξακριϐοῦν
2704 1922 2827 1975 ὅσον
2887 1920 2966 1975 Eva
3022 1921 3149 1984 τοὺς
3187 1920 3385 1990 λόγους
3433 1919 3769 1990 ἐπείγεσθαι.
3836 1919 3923 1970 Τὰ

2318 2012 2596 2085 διαπρεπῆ
2625 2012 2974 2083 τετιμῆσθαι,
3015 2012 3109 2065 καὶ
3142 2011 3461 2083 ὴγαπῆσθαί
3505 2030 3669 2083 φησιν
3714 2010 3923 2064 ἑαυτὸν

2322 2103 2475 2176 παρὰ
2525 2102 2622 2157 τοῦ
2679 2103 2933 2175 Σωτῆρος
2985 2102 3143 2173 ἡμῶν
3196 2101 3455 2171 Χριστοῦ,
3507 2102 3583 2165 ὼς
3634 2101 3731 2154 καὶ
3782 2101 3925 2153 ἀνα-

2321 2195 2536 2249 κεῖσθαι
2565 2194 2813 2266 πλησίον,
2844 2193 2938 2247 καὶ
2969 2191 3119 2263 αὐτῷ
3150 2191 3228 2263 τῷ
3255 2192 3442 2264 κόλπῳ
3467 2192 3544 2263 τῷ
3571 2190 3923 2262 Δεσποτικῷ,

2322 2288 2523 2357 δεῖγμα
2577 2287 2675 2357 τῆς
2727 2288 2807 2349 εἰς
2859 2285 3021 2340 αὐτὸν
3081 2284 3394 2355 ὑπερφυοῦς
3458 2286 3793 2355 ἀγαπήσεως
3857 2286 3929 2336 τὸ

2324 2382 2557 2452 πρᾶγμα
2582 2378 2928 2447 ποιούμενος.
2972 2376 3206 2447 Πλησίον
3246 2373 3338 2431 οῦν
3386 2377 3494 2447 ἄρα
3528 2376 3684 2439 Θεοῦ,
3733 2377 3833 2429 καὶ
3864 2378 3931 2429 ἐν

2325 2470 2564 2543 πρώτοις
2622 2470 2811 2541 ὥσπερ
2870 2469 3087 2523 ἔσονται
3152 2470 3343 2534 τόποις
3413 2472 3527 2533 τοῖς
3584 2471 3717 2540 παρ’
3767 2470 3930 2539 αὐτῷ

2330 2569 2565 2639 μάλιστα
2588 2564 2652 2635 δὴ
2680 2564 2895 2618 πάντων
2929 2563 2977 2615 οἱ
3004 2562 3105 2634 τὴν
3139 2562 3372 2633 καρδίαν
3398 2560 3612 2630 ἔχοντες
3645 2558 3926 2629 καθαρὰν,

2326 2655 2407 2724 οίς
2436 2660 2527 2713 καί
2558 2657 2835 2729 ἐξαίρετον
2856 2654 3122 2726 ἀπονέμει
3144 2654 3315 2725 γέρας
3339 2653 3435 2707 καὶ
3462 2651 3621 2715 αὐτὸς
3651 2652 3680 2704 ό
3700 2650 3928 2721 Σωτὴρ,

2332 2749 2638 2821 μακαρίους
2668 2746 2887 2800 ἔσεσθαι
2931 2746 3107 2815 λέγων
3137 2745 3262 2808 τοὺς
3294 2742 3569 2815 καθαροὺς
3595 2744 3661 2812 τῇ
3695 2741 3930 2811 καρδίᾳ,

2330 2843 2410 2895 ὅτι
2436 2840 2596 2894 αὐτοὶ
2627 2839 2715 2891 τὸν
2742 2838 2873 2891 Θεὸν
2903 2837 3156 2907 ὄψονται.
3191 2836 3301 2890 Kal
3327 2835 3663 2907 παροίσομεν
3694 2835 3772 2896 εἰς
3797 2834 3936 2886 ἀπό-

2330 2930 2493 2998 δειξιν
2522 2931 2616 2984 τοῦ
2644 2930 2861 3001 ἀληθῶς
2895 2929 3148 3001 εἰρῆσθαι
3178 2929 3269 2981 τὸν
3296 2928 3475 2996 λόγον,
3507 2926 3670 2980 αὑτὸν
3703 2925 3771 2996 δὴ
3803 2943 3933 2978 του-

2331 3025 2449 3077 τον¹ι
2491 3022 2584 3075 τὸν
2618 3020 2927 3091 σοφώτατον
2962 3021 3375 3091 εὑαγγελιστήν.
3403 3018 3668 3072 Τεθέαται
3696 3017 3807 3088 γὰρ
3830 3018 3941 3088 τὴν

2256 3142 2299 3201 C
2331 3117 2488 3183 δόξαν
2508 3114 2765 3185 Χριστοῦ,
2783 3113 2924 3167 κατά
2938 3112 3036 3184 τὴν
3063 3113 3229 3168 αὑτοῦ
3252 3113 3454 3184 φωνήν.
3482 3111 3797 3182 «Τεθέαμαι
3820 3111 3943 3180 γὰρ

2335 3209 2434 3280 τὴν
2461 3207 2618 3275 δόξαν
2647 3205 2836 3268 αὐτοῦ,
2887 3205 3044 3277 φησὶ,
3088 3205 3248 3270 δόξαν
3282 3206 3358 3269 ὡς
3397 3202 3738 3272 Μονογενοῦς
3775 3205 3942 3274 παρὰ

2338 3299 2573 3372 Πατρός,
2620 3297 2833 3369 πλήρης
2862 3296 3085 3369 χάριτος
3116 3297 3214 3351 καὶ
3241 3297 3519 3367 ἀληθείας.
3559 3316 3579 3349 ι
3608 3297 3682 3349 Οὐ
3706 3295 3821 3367 γὰρ
3858 3296 3943 3366 δὴ

2336 3392 2448 3453 τοῖς
2479 3386 2575 3442 τοῦ
2622 3386 2874 3458 σώματος
2903 3386 3203 3457 ὀφθαλμοῖς
3254 3386 3563 3459 ὲπαθρήσαι
3612 3403 3700 3450 τις
3732 3386 3802 3438 ἂν
3830 3385 3938 3455 τὴν

2336 3481 2431 3552 ὅλῃ
2477 3479 2652 3534 κτίσει
2681 3478 2964 3542 παντελῶς
2988 3478 3216 3534 ἀθέατον
3246 3479 3429 3545 φύσιν.
3464 3480 3538 3532 υύ
3570 3478 3680 3550 γὰρ
3713 3478 3945 3548 ἑώρακέ

2336 3591 2420 3636 τις
2448 3574 2539 3627 τὸν
2560 3573 2801 3643 Πατέρα,
2831 3571 2977 3625 κατὰ
3001 3571 3099 3643 τὴν
3123 3570 3216 3624 τοῦ
3252 3572 3503 3642 Σωτῆρος
3532 3570 3737 3641 φωνὴν,
3770 3570 3822 3622 εἰ
3857 3569 3940 3642 μὴ

2337 3664 2365 3716 6
2390 3662 2465 3715 ὢν
2493 3662 2643 3733 παρὰ
2673 3660 2764 3715 τοῦ
2790 3661 2949 3728 Θεοῦ,
2972 3661 3114 3715 τοῦτ’
3142 3661 3290 3715 ἔστιν
3311 3663 3339 3714 6
3362 3660 3508 3729 Υἱὸς,
3536 3654 3693 3723 οὗτος
3715 3658 3941 3730 ἑώρακε

2336 3754 2429 3807 τὸν
2458 3753 2700 3824 Πατέρα.
2738 3753 2864 3817 Τοῖς
2906 3770 2971 3821 γε
3017 3752 3124 3823 μὴν
3148 3752 3361 3824 κηλῖδος
3389 3751 3491 3822 τῆς
3522 3752 3795 3823 κοσμικῆς
3839 3751 3941 3803 καὶ

646 3859 927 3935 φροντίδος
958 3854 1177 3916 εἰκαίας
1204 3853 1301 3921 τῆς
1328 3852 1386 3902 ὲν
1414 3848 1550 3918 τῷδε
1582 3846 1661 3916 τῷ
1691 3846 1791 3917 βίῳ
1825 3848 1989 3919 φημὶ,
2018 3845 2109 3900 τὸν
2152 3844 2277 3901 νοῦν
2316 3846 2529 3917 ἔχουσιν
2574 3845 3013 3918 ἀπηλλαγμένον,
3043 3846 3366 3917 διάσλεπτῆς
3394 3845 3503 3920 ἄρα
3532 3846 3629 3899 καὶ
3661 3846 3802 3916 τάχα
3835 3846 3943 3916 τῆς

648 3959 790 4027 ὑπὲρ
853 3952 978 4007 νοῦν
1041 3947 1276 4018 θεωρίας
1323 3944 1422 4016 τὴν
1466 3943 1675 3997 οἰκείαν
1723 3944 1881 4007 δόξαν
1932 3943 2306 3997 ἀποκαλύπτει
2348 3942 2604 4013 Χριστὸς,
2657 3942 2870 4005 δεικνὺς
2899 3942 2958 3996 ὲν
2987 3941 3124 4013 αὐτῇ
3151 3940 3246 3995 καὶ
3275 3941 3375 4011 τὴν
3402 3940 3496 3994 τοῦ
3537 3940 3773 4011 Πατρός.
3834 3941 3937 3995 Διὰ

648 4053 758 4123 γὰρ
783 4047 944 4100 τοῦτο
979 4043 1237 4112 ἔφασκεν,
1296 4057 1314 4090 ι
1353 4038 1410 4091 '0
1440 4035 1702 4108 ἑωρακὼς
1729 4037 1851 4106 ἐμὲ,
1899 4034 2110 4107 ἑώρακε
2142 4037 2232 4091 τὸν
2270 4037 2509 4109 Πατέρα.
2541 4054 2559 4088 ι

722 4142 874 4207 XIII,
918 4137 1023 4204 26,
1063 4134 1156 4189 27.
1201 4132 1269 4186 Ει
1315 4148 1435 4185 cum
1487 4129 1790 4184 intinxisset
1832 4145 2055 4197 panem,
2095 4129 2242 4185 dedit

651 4236 811 4292 ludar
850 4228 1085 4287 Simonis
1124 4223 1428 4284 Iscariottc,
1467 4229 1657 4291 etpost
1690 4219 1977 4274 buccellam
2008 4220 2241 4274 introivit

655 4333 707 4383 in
736 4342 852 4383 eum
881 4322 1140 4378 Satanas.

727 4413 1246 4474 Manifestissimum
1278 4408 1395 4464 suis
1425 4406 1719 4477 discipulis
1759 4404 2022 4460 Serrator
2055 4404 2241 4475 prodi-

657 4516 796 4570 toris
829 4512 1047 4580 signum
1082 4503 1255 4559 dedit.
1298 4500 1591 4555 Intinctam
1624 4499 1773 4554 enim
1808 4498 2030 4553 oITu’lam
2071 4496 2241 4552 tradi-

656 4609 782 4670 dit,
825 4618 922 4675 per
980 4601 1083 4653 hoc
1129 4594 1436 4650 ostendens
1496 4607 1621 4647 eum
1667 4591 1760 4662 qui
1806 4590 2003 4646 edebat
2045 4605 2238 4661 panem

656 4713 839 4762 suum,
870 4702 924 4749 et
957 4692 1049 4763 qui
1075 4691 1361 4745 levaturus
1388 4694 1507 4742 erat
1535 4685 1857 4740 caloaneum
1889 4681 2242 4738 suum.'Pr:e-

659 4801 806 4845 terea
842 4782 1149 4856 impietatis
1181 4781 1235 4834 in
1267 4779 1548 4834 Christum
1578 4784 1633 4832 et
1661 4776 2008 4830 crudelitatis
2042 4773 2241 4828 ducem

656 4878 1014 4945 omniumque
1039 4872 1308 4927 malorum
1332 4869 1598 4924 artilicem
1627 4866 1904 4935 irrupisse
1928 4865 2003 4919 ait
2026 4863 2245 4932 sapien-

657 4973 910 5027 tissimus
953 4964 1289 5037 evangelista
1333 4962 1387 5016 in
1439 4976 1536 5016 cor
1578 4958 1916 5030 proditoris,
1956 4963 2242 5023 totumque

658 5066 717 5119 in
744 5077 867 5119 eum
900 5061 1213 5132 ingressum
1241 5054 1524 5117 Satanam,
1552 5064 1848 5122 postquam
1876 5047 2098 5103 od‘ulam
2129 5053 2243 5099 tra-

658 5151 910 5207 didisset.
962 5148 1148 5218 Nequc
1199 5161 1331 5200 vero
1380 5144 1674 5214 quisquam
1727 5154 1923 5193 rursus
1966 5136 2244 5192 existi-met

660 5238 882 5293 oﬂ‘ulam
936 5238 1099 5293 istam
1142 5234 1401 5289 diabolici
1441 5233 1733 5302 ingressus
1778 5228 1953 5284 fuisse
1989 5240 2240 5282 causam.

659 5332 771 5386 Nec
795 5331 942 5385 enim
977 5344 1043 5384 eo
1077 5325 1325 5397 stuporis
1349 5324 1637 5380 veniemus
1671 5337 1935 5393 unquam,
1970 5327 2063 5374 aut
2092 5335 2244 5375 men-

661 5432 713 5478 te
766 5422 841 5476 ita
895 5420 1147 5477 destituti
1196 5419 1453 5480 erimus,
1521 5424 1579 5468 ut
1629 5416 1903 5484 eulogiam
1960 5412 2245 5483 ingressus

659 5530 884 5572 causam
929 5513 1113 5569 datam
1167 5510 1341 5565 fuisse
1400 5508 1540 5563 Malo
1582 5508 1971 5577 suspicemur,
2021 5505 2152 5575 quin
2192 5505 2242 5558 id

659 5608 846 5680 potius
884 5620 1015 5662 vere
1050 5603 1301 5658 dicemus
1365 5599 1537 5671 quod,
1580 5615 1706 5655 cum
1738 5615 1929 5655 omnes
1959 5598 2163 5653 amoris
2192 5608 2245 5652 et

2410 4129 2623 4199 Βάψας
2648 4125 2763 4186 οὖν
2787 4128 2853 4182 τὸ
2880 4142 3139 4197 νωμιον,
3166 4125 3416 4180 δίδωσιν
3448 4123 3643 4191 Ἰούδᾳ
3667 4127 3942 4192 Σ.μωνος

2351 4223 2702 4292 Ἰσκαριώτῃ
2727 4262 2742 4286 ,
2782 4220 2883 4275 καί
2911 4221 3064 4290 μετὰ
3110 4219 3175 4272 τὸ
3220 4218 3456 4287 ψωμίον
3498 4214 3789 4285 εἰσῆλθεν·
3851 4217 3941 4281 εἰς

2336 4314 2570 4367 ἐκεῖνον
2600 4316 2633 4366 ό
2663 4308 2957 4377 Σατανᾶς.

2421 4405 2848 4475 Ἐναργέστατον
2895 4402 2995 4473 μὲν
3037 4404 3151 4465 τοῖς
3196 4398 3392 4454 ἑαυτοῦ
3440 4399 3714 4471 μαθηταῖς
3744 4399 3808 4453 τὸ
3843 4399 3939 4453 τοῦ

2346 4495 2689 4566 προδιδόντος
2746 4494 2973 4564 σημεῖον
3022 4491 3222 4559 ἔδειξεν
3269 4492 3298 4544 6
3338 4491 3551 4561 Σωτήρ.
3602 4490 3792 4559 Βὰψας
3828 4491 3942 4560 γὰρ

2343 4587 2642 4641 ἐπιδέδωκε
2668 4587 2731 4639 τὸ
2762 4585 3001 4656 ψωμίον,
3051 4584 3143 4638 τὸν
3173 4582 3423 4637 ἐσθίοντα
3450 4582 3544 4635 τὺν
3570 4580 3737 4652 ἄρτον
3770 4583 3943 4638 αὐτοῦ

2343 4677 2431 4731 διὰ
2465 4677 2660 4732 τούτου
2687 4676 2953 4739 καθιστὰς
2982 4675 3221 4746 ἐμφανῆ,
3264 4674 3357 4727 καὶ
3388 4673 3481 4726 τδν
3514 4674 3765 4741 ἐπαίρειν
3802 4674 3944 4742 μέλ-

2341 4768 2505 4823 λοντα
2528 4770 2627 4839 τὴν
2658 4768 2892 4840 πτέρναν
2913 4767 3099 4821 αὑτοῦ.
3131 4767 3235 4819 Τόν
3256 4782 3319 4834 γε
3346 4765 3452 4836 μὴν
3470 4765 3569 4834 τῆς
3594 4767 3675 4828 εἰς
3699 4766 3946 4835 Χριστὸν

2341 4860 2660 4924 δυσσεόείας
2678 4861 2771 4913 καὶ
2791 4858 3104 4931 μιαιφονίας
3123 4859 3223 4927 ήγε
3232 4856 3393 4927 μόνα,
3411 4857 3507 4909 καὶ
3534 4855 3829 4926 πρύτανιν,
3840 4856 3942 4909 καὶ

2341 4952 2451 5005 τῶν
2462 4951 2596 5005 ὅλων
2612 4949 2798 5004 κακῶν
2812 4947 3258 5019 κατασκευαστὴν
3273 4945 3736 5017 είσπεπηδηκέναι
3769 4948 3943 5016 φησὶν

2340 5046 2369 5098 6
2394 5042 2704 5113 σοφώτατος
2733 5041 3125 5113 εὐαγγελιστὴς
3153 5042 3233 5105 εἰς
3260 5039 3359 5111 τὴν
3387 5037 3483 5092 τοῦ
3507 5037 3770 5109 προδότου
3802 5054 3945 5107 καρο

2343 5138 2485 5201 δίαν,
2536 5137 2632 5189 καὶ
2663 5136 2784 5190 ὅλον
2829 5138 2887 5189 ἐν
2934 5134 3081 5205 αὐτῷ
3109 5132 3365 5202 γενέσθαι
3396 5131 3487 5186 τὸν
3517 5130 3763 5183 Σατανᾶν
3796 5128 3945 5198 μετὰ

2344 5232 2444 5300 τὴν
2475 5229 2716 5282 ἐπίδοσιν
2745 5226 2839 5281 τοῦ
2874 5227 3113 5298 ψωμίου.
3145 5226 3257 5279 Καὶ
3305 5226 3379 5296 μή
3408 5242 3491 5287 τις
3517 5222 3713 5277 οἰέσθω
3743 5221 3936 5285 πάλιν,

2346 5321 2439 5374 τοῦ
2469 5320 2713 5392 δεδέχθαι
2740 5320 2831 5372 τὸν
2858 5319 3101 5372 Σατανᾶν
3130 5316 3190 5369 τὸ
3213 5316 3426 5386 ψωμίον
3456 5313 3575 5382 γενέ
3586 5311 3707 5363 σθαι
3735 5309 3937 5380 παραί-

2346 5431 2461 5467 τιον
2490 5415 2568 5484 τῷ
2615 5413 2869 5485 προδότῃ.
2924 5411 2998 5464 Οὐ
3032 5409 3141 5479 γὰρ
3183 5410 3262 5471 εἰς
3292 5405 3547 5461 τοσοῦτον
3591 5402 3940 5479 ἀποπληξίας

2347 5506 2550 5576 ἥξομεν
2600 5506 2817 5577 μέτρον,
2873 5502 2987 5556 ἀλλ’
3022 5501 3145 5554 οὐδὲ
3189 5500 3289 5569 τῆς
3336 5494 3688 5568 καθηκούσης
3735 5493 3939 5565 ἔρημοι

2349 5597 2632 5666 γεγονότες
2685 5596 2923 5667 φρενὸς,
2970 5592 3177 5646 εἰσόδου
3230 5589 3508 5657 πρόφασιν
3561 5582 3806 5638 δεδόσθαι
3854 5581 3940 5653 τῷ

735 5790 782 5823 ⁸⁸
829 5786 975 5845 Psal.
1011 5801 1120 5853 LIV,
1158 5783 1241 5839 I5.
1320 5783 1367 5816 "
1410 5779 1598 5836 Matth.
1641 5796 1699 5844 ν,
1749 5778 1810 5832 8.
1858 5780 1901 5809 ⁸⁸
1941 5777 2099 5832 Joan.
2142 5791 2193 5842 I,

2403 5776 2446 5808 ⁸⁸
2486 5772 2643 5829 Joan.
2682 5787 2770 5838 vi,
2799 5770 2889 5826 46.
2968 5771 3012 5804 ⁹⁰
3052 5769 3211 5827 Joan.
3255 5782 3367 5836 xw,
3401 5768 3454 5822 9.
