4144 6480
271 372 369 431 Ml

268 581 506 654 ἐροῦμεν
557 586 657 639 οὐκ
702 586 807 652 ἔξω
851 589 952 660 τῆς
995 591 1256 663 ἀληθείας
1299 598 1390 651 τὸν
1420 600 1507 653 ἐπ’
1543 604 1694 676 αὐτῷ
1722 608 1856 660 καθ-

273 675 517 739 ιστάντες
552 676 706 746 λόγον
729 696 742 710 ·
781 681 998 754 Ἐπειδὴ
1028 685 1137 756 γὰρ
1164 688 1381 760 ἁπάσης
1407 692 1629 766 ἀγάπης
1653 675 1733 761 εἰς
1758 701 1855 753 αὑ-

265 768 359 822 τὸν
389 769 801 842 τετελεσμένης,
850 776 944 829 καὶ
988 776 1207 843 οὐδενὸς
1256 782 1317 835 τὸ
1364 785 1625 855 παράπαν
1679 790 1852 843 ἐλλεί-

262 856 463 926 ψαντος
514 859 621 913 τῶν
648 862 947 918 τελούντων
975 868 1058 930 εἰς
1089 870 1255 942 τιμὴν
1288 873 1379 925 καὶ
1418 874 1658 931 διάθεσιν
1679 921 1691 944 ,
1741 881 1851 934 τῶν

260 948 444 1003 αὐτῶν
477 953 654 1023 εῖχετο
684 957 1139 1029 σπουδασμάτων,
1192 964 1251 1015 ού
1298 966 1419 1028 ταῖς
1467 972 1847 1037 μεταγνώσεσι

258 1040 319 1093 τὸ
350 1042 535 1107 κακῶς
579 1044 739 1110 δόξαν
768 1049 1257 1123 ἐπανορθούμενος)
1288 1054 1348 1107 ού
1395 1057 1717 1126 μεθίσταται
1747 1063 1847 1135 τὴν

259 1134 487 1205 καρδίαν
530 1137 597 1189 ἐκ
626 1138 728 1208 τῆς
778 1140 1020 1213 ἀθέσμου
1068 1145 1285 1217 βουλῆς,
1326 1148 1391 1200 ού
1425 1134 1847 1227 δακρυρῤοήσάς

254 1224 394 1289 ὅλως
420 1227 507 1295 ἐφ’
532 1222 613 1292 οἷς
636 1230 729 1283 καὶ
758 1232 916 1302 μόνον
944 1235 1318 1307 ἐνθυμηθῆναι
1347 1222 1704 1314 τετόλμηκεν,
1728 1222 1843 1302 lux

252 1316 339 1370 ἔτι
364 1319 624 1390 χειρόνως
654 1321 889 1393 διψήσας
919 1328 1015 1398 τῆς
1044 1328 1363 1393 δυσσεϐείας
1404 1333 1467 1387 τὸ
1510 1336 1705 1406 πέρας.
1753 1340 1840 1395 διὰ

252 1409 620 1482 τολμημάτων
668 1416 931 1487 ἡττῆσθαι
964 1420 1173 1487 κακῶν,
1214 1424 1433 1494 εἰσῆλθε
1460 1425 1646 1481 λοιπὸν
1676 1430 1705 1482 ὁ
1738 1433 1840 1484 Σα-

251 1504 441 1568 τανᾶς,
486 1506 740 1579 καθάπερ
790 1510 911 1563 τινὰ
962 1513 1140 1583 πύλην
1189 1515 1289 1585 τῆς
1336 1517 1431 1571 τοῦ
1480 1520 1839 1589 φυλάττοντος

251 1594 469 1668 ἐρήμην
494 1597 706 1668 νήψεως
755 1600 1224 1659 ἀναπετασθεῖσαν
1263 1609 1428 1662 αὐτοῦ
1467 1612 1567 1682 τὴν
1611 1616 1836 1685 καρδίαν

248 1684 448 1756 εὑρὼν,
490 1689 582 1742 καὶ
607 1688 887 1761 άθύρωτον
924 1692 1054 1747 ὄντα
1084 1695 1372 1769 θεωρήσας
1399 1700 1491 1753 τὸν
1519 1702 1663 1769 νοῦν,
1688 1684 1836 1776 θερ-

250 1778 349 1849 μόν
381 1796 441 1831 τε
471 1781 570 1852 ήδη
603 1783 739 1853 πρὸς
770 1784 830 1837 τὸ
883 1784 1168 1855 βούλεσθαι
1197 1791 1351 1863 δρᾶν,
1384 1795 1530 1867 άπερ
1577 1795 1643 1851 ἂν
1673 1797 1831 1872 ἐθέλῃ

247 1868 344 1923 καὶ
375 1870 758 1944 διασκέψηται.
803 1876 1178 1949 Τετριμμένον
1227 1882 1285 1936 δὲ
1329 1883 1518 1957 ὥσπερ
1551 1887 1708 1942 τοῦτο

247 1961 495 2034 Πονηρῷ,
540 1965 629 2019 διὰ
677 1967 857 2040 πάσης
901 1970 1090 2043 ὥσπερ
1139 1974 1310 2037 ἰόντες
1339 1980 1440 2049 τῆς
1474 1981 1832 2037 θεοπνεύστου

243 2052 469 2126 Γραφῆς
496 2057 826 2130 εὑρήσομεν.
863 2062 1118 2133 Πρόσεισι
1150 2068 1250 2136 μὲν
1278 2069 1387 2142 γὰρ
1417 2071 1474 2124 ἐν
1504 2074 1701 2144 ἀρχαῖς
1734 2076 1832 2145 τὴν

241 2144 351 2198 τῶν
385 2148 693 2221 σεϐομένων
739 2151 831 2205 τὸν
881 2154 1012 2210 Θεὸν
1054 2157 1365 2229 δοκιμάζων
1416 2165 1640 2237 καρδίαν
1670 2209 1685 2233 ,
1736 2144 1832 2221 καὶ

242 2240 516 2310 πονηροὺς
560 2242 619 2295 ὲν
674 2244 912 2315 πρώτοις
972 2252 1333 2322 κατασπείρει
1372 2253 1687 2326 λογισμοὺς,
1738 2264 1831 2314 καὶ

239 2331 363 2392 ταῖς
412 2332 492 2393 εἰς
536 2332 596 2385 τὸ
641 2334 846 2402 φαῦλον
896 2337 1110 2407 ἡδοναῖς
1164 2344 1301 2415 πρὸς
1352 2347 1459 2398 πᾶν
1500 2340 1640 2412 εἶδος
1682 2352 1830 2421 ἡμᾶς

240 2419 478 2490 ἐρεθίζει
510 2426 868 2496 πταισμάτων
896 2445 909 2458 ·
966 2432 1201 2500 μάλιστα
1249 2435 1308 2489 δὲ
1338 2438 1473 2509 πρὸς
1509 2440 1683 2493 ἐκεῖνο
1705 2419 1712 2421 ⁷
1733 2438 1826 2495 πί-

239 2530 367 2566 πτει
395 2513 585 2586 βαρὺς,
616 2518 750 2588 πρὸς
781 2521 915 2594 ὅπερ
944 2522 1010 2576 ἂν
1045 2524 1216 2599 βλέπῃ
1252 2530 1693 2600 προπεπονθότας
1726 2536 1825 2608 ἤδη

238 2605 334 2659 καὶ
382 2610 859 2680 προηττωμένους.
923 2616 1273 2690 Συνεργάτην
1319 2621 1426 2694 γὰρ
1468 2623 1657 2694 ὥσπερ
1706 2605 1829 2692 ταῖς

234 2696 432 2751 ἑαυτοῦ
462 2700 819 2771 δυστροπίαις
850 2706 939 2759 ἀει
983 2726 1100 2771 πως
1148 2711 1363 2781 δέχεται
1395 2715 1496 2781 τὴν
1546 2717 1825 2789 ἡμετέραν

232 2787 544 2857 ἀσθένειαν,
596 2794 692 2846 καὶ⁸
719 2794 781 2847 τὸ
810 2798 1187 2868 προαδικῆσαν
1233 2803 1407 2867 πάθος
1434 2807 1527 2859 τὸν
1555 2787 1823 2880 ἡμέτερον

231 2877 377 2933 νοῦν.
427 2877 557 2936 Οἷον
600 2883 733 2954 φέρε
778 2889 952 2941 εἰπεῖν
979 2907 991 2921 ·
1049 2893 1383 2965 Παρενοχλεῖ
1427 2877 1639 2972 μὲν
1683 2877 1819 2958 δεῖνι

232 2976 416 3047 τυχὸν,
463 2979 557 3031 καὶ
595 2978 803 3052 θερμὴν
834 2983 1029 3051 ἐπάγει
1056 2986 1154 3058 τὴν
1181 2989 1432 3061 αἴσθησιν
1458 2993 1519 3046 τὸ
1548 2996 1647 3066 τῆς
1687 3014 1819 3070 σαρ-

232 3069 394 3139 κικῆς
437 3071 632 3143 ἡδονῆς
678 3073 1081 3147 βδελυρώτατον
1125 3081 1333 3153 κίνημα
1362 3098 1375 3112 °
1432 3086 1604 3158 ἑτέρῳ
1650 3089 1706 3143 δὲ
1755 3069 1816 3144 τὸ

234 3163 444 3234 γερδῶν
495 3166 759 3236 ἡττᾶσθαι
808 3171 1031 3237 κακῶν,
1090 3175 1185 3227 καὶ
1233 3176 1462 3231 ἀνοσίων
1516 3183 1815 3251 χρημάτων

236 3255 503 3325 πορισμὸν
528 3256 747 3328 ἄριστον
774 3256 913 3314 εἶναι
935 3262 1081 3316 δοκεῖ
1109 3282 1249 3333 πως,
1287 3268 1381 3321 καὶ
1409 3268 1567 3323 τοῦτο
1594 3274 1820 3345 τετίμη-

231 3364 343 3402 ται.
381 3349 549 3403 Ὅταν
576 3349 671 3404 οὖν
697 3355 897 3426 προσίῃ
930 3357 1258 3427 μαχόμενος,
1288 3361 1552 3416 σύνοπλον
1586 3368 1819 3419 ποιεῖται

228 3440 293 3494 τὸ
325 3444 717 3515 προκρατῆσαν
767 3446 824 3498 ὲν
860 3449 1012 3518 ἡμῖν,
1046 3449 1139 3503 καὶ
1166 3453 1592 3525 προπολεμῆσαν
1622 3457 1815 3523 πάθος,

227 3531 325 3586 καὶ
348 3532 414 3585 δι’
444 3534 654 3587 ἐκείνου
682 3536 898 3600 πάντως
929 3540 1059 3609 ημῖν
1088 3541 1182 3594 τὸν
1208 3543 1308 3611 τῆς
1336 3544 1610 3608 ἀπωλείας
1637 3564 1818 3618 μηχα-

224 3626 383 3679 νᾶται
428 3626 651 3697 τρόπον.
687 3629 900 3701 ’Ὠσπερ
945 3631 1055 3703 γάρ
1085 3633 1138 3686 εἴ
1164 3651 1247 3697 τις
1278 3634 1385 3687 τῶν
1428 3637 1626 3706 ἄριστα
1659 3639 1818 3691 πολε-

229 3719 465 3787 μαρχεῖν
490 3718 781 3783 εἰωθότων,
836 3722 991 3774 πόλιν
1022 3724 1143 3777 τινὰ
1173 3724 1359 3796 κύκλῳ
1393 3727 1688 3799 περισχὼν,
1723 3730 1818 3784 καὶ

223 3801 315 3854 διὰ
363 3804 544 3873 πάσης
594 3808 842 3877 μηχανῆς
892 3810 1158 3864 εἰσελθεῖν
1208 3813 1302 3865 ἐπὶ
1352 3813 1420 3866 τὰ
1468 3816 1562 3868 τοῦ
1605 3818 1817 3889 τείχους

223 3890 570 3962 ⁴ήσθενηκότα
602 3896 764 3967 μέρη,
811 3900 1279 3971 προσκομίζεσθαι
1312 3903 1520 3958 κελεύει
1552 3904 1649 3970 τάς
1696 3907 1814 3961 ἑλε-

221 3978 432 4043 πόλεις,
468 3982 743 4054 εὐκαίρως
765 3986 1016 4057 αἱρήσειν
1045 3987 1296 4041 ἑντεῦθεν
1326 3990 1481 4054 εἰδώς
1507 4010 1521 4023 ο
1554 3994 1697 4048 κατὰ
1722 3996 1814 4049 τὸν

220 4064 410 4134 αὐτὸν,
444 4062 621 4139 οἶμαι,
649 4072 847 4141 τρόπον
885 4074 916 4125 ό
950 4074 1214 4141 Σατανᾶς,
1245 4076 1334 4129 ὅτε
1381 4077 1481 4150 τὴν
1524 4080 1811 4153 ἀνθρώπου

217 4150 399 4224 ψυχὴν
448 4157 875 4229 ἐκπολιορκῆσαι
914 4160 1198 4231 βούλεται,
1244 4165 1382 4236 πρὸς
1432 4167 1493 4220 τὸ
1545 4150 1813 4241 ἀτονῆσαν

221 4241 391 4312 μέρος
421 4246 479 4297 ὲν
512 4246 651 4318 αὐτῇ
698 4246 887 4320 χωρεῖ,
940 4253 1338 4323 καταστρέψειν
1373 4255 1545 4320 οὕτως
1572 4258 1810 4325 εὐκόλως

215 4329 487 4400 οἰόμενος,
521 4333 649 4387 ὅταν
685 4336 767 4417 ίδῃ
819 4337 1053 4406 μάλιστα
1106 4340 1375 4411 μηδεμίαν
1419 4343 1810 4417 ὲπιδεχομένην

214 4418 320 4487 τὴν
344 4417 550 4489 ὄνησιν,
580 4420 647 4475 δι’
673 4415 749 4475 ὧν
777 4418 846 4495 ἦν
875 4425 1024 4489 εἰκὸς
1058 4426 1358 4483 ἀδικεῖσθαι
1386 4431 1449 4482 τὸ
1481 4415 1671 4499 πάθος,
1698 4415 1809 4489 οἷον

215 4506 536 4579 εἰσηγήσεις
583 4510 817 4579 ἀγαθάς,
861 4515 989 4616 τοὺς
1020 4514 1105 4567 ἐπ’
1144 4516 1365 4616 ἀνδρείᾳ
1400 4520 1801 4616 παροξυσμοὺς,
1834 4561 1879 4616 D

212 4593 320 4657 τάς
343 4596 422 4657 είς
454 4596 738 4651 εὐσέϐειαν
769 4600 1126 4671 ὑπομνήσεις,
1170 4604 1262 4656 καὶ
1285 4605 1383 4675 τὴν
1417 4608 1683 4678 μυστικὴν
1712 4612 1805 4662 εὑ-

212 4680 429 4749 λογίαν.
455 4684 739 4757 Καταργεῖ
772 4687 882 4758 γὰρ
914 4688 1149 4758 μάλιστα
1173 4690 1236 4761 δὴ
1262 4691 1420 4745 τοῦτο
1444 4693 1538 4747 τοῦ
1559 4692 1807 4751 διαϐόλου

209 4767 312 4821 τὸν
361 4769 716 4841 ἀνδροκτόνον
766 4773 843 4826 ίόν
891 4774 989 4845 (l).
1051 4777 1261 4831 Οὐκοῦν
1323 4781 1351 4832 ὁ
1402 4781 1667 4853 προδότης
1710 4786 1811 4838 οὐκ

211 4853 477 4926 ἐλέγχους
503 4857 826 4932 ὲδυσωπήθη
846 4863 975 4926 τοὺς
998 4862 1079 4916 ἔτι
1099 4864 1399 4935 λεληθότως
1430 4868 1524 4921 καὶ
1552 4870 1609 4920 ἐν
1639 4888 1811 4943 παρα-

212 4942 404 5015 ϐύστῳ
438 4947 1003 5019 προκεκομισμένους,
1036 4950 1150 5004 ἀλλ’
1184 4951 1303 5006 οὐδὲ
1328 4952 1428 5024 τὴν
1461 4954 1674 5025 ἄμαχον
1710 4942 1811 5027 τῆς

211 5030 440 5102 ἀγάπης
475 5034 649 5104 ἰσχὺν,
701 5035 762 5088 οὐ
796 5037 984 5107 τιμὴν,
1037 5038 1133 5091 καὶ
1177 5039 1355 5103 δόξαν,
1393 5038 1487 5093 καὶ
1521 5042 1702 5114 χάριν,
1747 5046 1809 5098 οὐ

210 5118 317 5189 τὴν
346 5120 600 5190 εὐλογίαν
629 5123 728 5194 τὴν
762 5124 916 5195 παρὰ
944 5125 1183 5196 Χριστοῦ
1209 5144 1222 5156 ·
1282 5128 1707 5199 ἀπερισκέπτως
1752 5133 1811 5185 δὲ

211 5207 407 5279 ὥσπερ
437 5211 532 5262 καὶ
565 5211 956 5282 άπερικλάστῳ
983 5214 1119 5283 τόνῳ
1152 5212 1290 5284 πρὸς
1318 5217 1493 5270 ἐκεῖνο
1521 5219 1616 5270 καὶ
1649 5220 1809 5289 μόνον

210 5294 380 5367 ὁρῶν,
431 5300 510 5361 εἰς
556 5299 695 5371 ὅπερ
748 5301 850 5371 ήδη
896 5304 1232 5373 προήττητο,
1287 5305 1387 5374 τῆς
1434 5305 1810 5377 φιλοκερδείας

212 5384 433 5456 νόσημά
459 5405 624 5458 φημι,
670 5389 856 5443 λοιπὸν
884 5392 1194 5464 ὁλοκλήρως
1219 5393 1334 5462 ’ήλω
1363 5411 1423 5446 τε
1452 5395 1545 5448 καὶ
1574 5396 1796 5449 πέπτω-

212 5488 333 5525 κεν.
381 5475 455 5527 Οὐ
486 5476 594 5547 γὰρ
623 5476 704 5529 ἔτι
756 5477 1059 5548 σύμϐουλον
1088 5478 1201 5550 ἔχει
1232 5480 1322 5533 τὸν
1368 5482 1631 5548 Σατανᾶν,
1681 5485 1797 5538 ἀλλ’

210 5558 344 5630 ut);
369 5561 469 5633 ήδη
506 5564 608 5634 τῆς
635 5565 867 5636 καρδίας
902 5566 1168 5638 δεσπότην
1201 5565 1297 5621 καὶ
1341 5569 1798 5640 κατεξουσιαστὴν

211 5651 452 5703 ποιεῖται
492 5651 590 5722 τῆς
635 5653 824 5707 ἑαυτοῦ
868 5654 1126 5719 διανοίας,
1163 5656 1254 5708 τὸν
1278 5656 1335 5710 ἐν
1368 5657 1561 5727 ἀρχαῖς
1584 5657 1800 5729 ψιθυρί-

1338 388 1408 444 IN
1443 389 1731 449 JOANNIS
1754 394 2205 461 EVANGELIUM
2245 408 2371 467 LIB.
2408 411 2497 468 IX.

269 481 499 563 ΙΙονηρῷ
524 492 623 563 τὴν
648 493 899 565 εὐλογίαν
928 498 1324 573 ὖπονοήσομεν,
1356 507 1533 563 ἐκεῖνο
1557 510 1613 564 δὲ
1650 514 1821 582 μᾶλλο

1924 564 1927 576 ,
1957 518 2273 581 dilectionis
2308 533 2521 588 numeri
2557 549 2617 589 cr

3436 442 3537 503 I42

2621 551 2688 606 3a
2722 554 2844 596 cum
2887 544 3098 617 impleti
3144 551 3417 625 fuissent,
3453 566 3539 619 ni-

1960 609 2145 683 bilquc
2172 617 2399 678 honoris
2428 632 2482 679 et
2510 626 2739 687 affectus
2767 648 2894 707 erga
2924 654 3050 696 eum
3080 645 3334 703 relictum
3367 668 3536 719 esset.

1955 704 2088 773 quia
2119 715 2301 765 tamen
2330 712 2385 767 in
2416 718 2606 774 eodem
2640 704 2919 785 studiovac
2944 737 3227 804 preposito
3256 745 3535 812 manebat,

1954 795 2093 847 mala
2127 801 2361 856 consilia
2402 811 2746 875 paenitudine
2780 833 2886 872 non
2926 826 3249 889 emendatis,
3280 848 3381 888 nec
3419 840 3539 891 ani-

1954 897 2103 938 mum
2140 889 2209 944 ab
2249 890 2438 963 iniqua
2479 903 2764 961 molitione
2808 924 3078 982 avocans,
3120 934 3220 974 nec
3260 919 3535 996 lacrymas

1955 972 2045 996 ll-..
2063 976 2086 996 Δ
2105 994 2112 996 .
2131 994 2153 996 _
2177 995 2182 996 ν
2265 981 2277 996 l
2584 992 2594 996 ‘

1954 972 2194 1034 fundens
2224 981 2297 1036 ob
2322 999 2385 1039 ea
2422 1004 2546 1058 quae
2582 992 2635 1046 in
2683 998 2865 1054 animo
2898 1019 3125 1063 versare
3167 1026 3339 1071 ausus
3378 972 3493 1073 erat
3518 1059 3532 1081 ,

1951 1067 2045 1120 sed
2103 1074 2357 1138 patrandi
2403 1079 2630 1137 sceleris
2670 1089 2910 1153 graviori
2941 1096 3030 1150 siti
3070 1106 3333 1167 testuans,
3378 1109 3531 1176 quia,

1948 1156 2194 1229 inquam,
2214 1163 2441 1223 nefariis
2472 1174 2700 1231 ausibus
2723 1184 3039 1251 succubuit,
3070 1191 3274 1248 idcirco
3298 1156 3531 1255 Satanas

1948 1249 2002 1303 in
2034 1268 2158 1307 eum
2194 1257 2416 1313 tandem
2450 1261 2734 1334 ingressus
2768 1279 2873 1337 est,
2907 1290 3004 1331 cor
3035 1281 3156 1349 ejus
3185 1302 3281 1340 ceu
3300 1289 3528 1356 januam

1946 1352 2196 1413 apertam
2228 1352 2492 1423 omnique
2525 1361 2774 1415 custodia
2802 1364 3124 1426 destitutam
3163 1352 3327 1450 736
3370 1400 3528 1455 repe-

1947 1441 2127 1505 riens,
2170 1453 2223 1497 et
2268 1447 2511 1504 animum
2556 1465 2711 1523 porta
2758 1475 2989 1519 vacuum
3024 1474 3337 1544 aspiciens,
3373 1484 3426 1535 ct
3460 1485 3527 1537 ad

1942 1532 2213 1600 agendum
2241 1538 2387 1606 quod
2413 1543 2567 1598 vellet
2594 1560 2658 1601 ac
2682 1558 2952 1609 statueret
2981 1532 3185 1630 oppido
3212 1532 3522 1630 strenuum.

1942 1619 2099 1686 Quod
2141 1628 2365 1695 quidem
2407 1635 2597 1688 tritum
2643 1653 2707 1692 ac
2746 1640 3022 1702 familiare
3056 1619 3189 1709 .csse
3224 1656 3405 1724 Malo,
3468 1666 3522 1717 in

1940 1712 2246 1784 Scripturis
2303 1720 2503 1779 divinis
2558 1730 2764 1794 passim
2818 1741 3244 1806 compericmus.
3297 1750 3523 1809 Accedit

1940 1803 2088 1857 enim
2116 1808 2358 1875 primum
2388 1820 2607 1873 tentans
2642 1822 2810 1877 corda
2842 1828 3119 1887 cultorum
3150 1835 3244 1891 Dei
3271 1879 3284 1901 ,
3323 1850 3376 1894 et
3404 1860 3520 1897 ma-

1939 1895 2021 1951 las
2066 1898 2343 1970 imprimis
2387 1908 2756 1977 cogitationes
2791 1917 3019 1986 inserit,
3063 1934 3229 1996 atque
3272 1895 3519 1989 libidini-

1938 1986 2043 2043 bus
2070 1988 2340 2062 improbis
2377 1997 2446 2051 ad
2483 2015 2645 2058 omne
2680 2020 2855 2074 genus
2886 2016 3100 2080 peccati
3133 2035 3234 2076 nos
3268 2022 3517 2095 impellit.

1937 2084 2032 2139 sed
2069 2102 2135 2141 eo
2165 2091 2407 2147 maxime
2444 2095 2682 2154 infestus
2720 2104 2870 2167 ruit,
2912 2124 3018 2177 qua
3060 2123 3216 2182 parte
3256 2135 3358 2175 nos
3394 2136 3521 2180 ante

1937 2180 2219 2238 sauciatos
2247 2198 2313 2238 ac
2345 2185 2668 2247 debilitatos
2703 2195 2922 2252 viderit.
2951 2180 3338 2266 Infirmitatem
3365 2219 3519 2289 quip-

1934 2283 2001 2337 pe
2050 2280 2335 2342 nostram,
2373 2287 2428 2333 et
2470 2282 2725 2340 affectum
2757 2293 2847 2346 cui
2887 2295 3108 2353 animus
3143 2312 3276 2358 ante
3318 2280 3519 2365 succu-

1934 2362 2137 2429 btterit,
2161 2373 2543 2435 perversitatis
2563 2392 2676 2433 sua?
2709 2382 3035 2451 adiutricem
3064 2395 3233 2463 capit.
3267 2396 3513 2471 Exempli

1933 2457 2145 2523 gratia:
2174 2460 2405 2526 Quidam
2429 2472 2669 2525 carnalis
2689 2478 2992 2547 voluptatis
3019 2457 3337 2545 detestabili
3359 2457 3511 2548 mdtu

1931 2556 2129 2602 aestuat
2165 2568 2177 2603 ε
2217 2553 2354 2608 alter
2391 2561 2571 2628 turpis
2616 2563 2754 2619 lucri
2801 2577 2857 2623 et
2904 2572 3197 2643 impiarum
3252 2587 3515 2651 pecunia-

1931 2654 2052 2692 rum
2098 2643 2462 2712 cupiditatem
2519 2653 2575 2707 in
2624 2659 2804 2723 pretio
2850 2660 3033 2719 habet.
3085 2643 3410 2745 Cum-ergo
3444 2681 3511 2733 ad

1928 2745 2167 2834 pugttam
2201 2744 2545 2810 accesserit,
2599 2752 3071 2816 perturbationem
3108 2762 3256 2818 illam
3292 2744 3414 2837 quae
3454 2772 3512 2828 in

1925 2821 2093 2878 nobis
2122 2830 2408 2894 praevaluit
2438 2848 2503 2889 ac
2532 2837 2682 2903 vicit,
2710 2842 2777 2897 ad
2804 2860 2909 2901 nos
2939 2821 3342 2923 expugnandos
3369 2864 3513 2917 arri-

1923 2913 2032 2982 pit,
2070 2924 2125 2971 et
2155 2933 2256 2988 per
2282 2936 2404 2978 eam
2437 2927 2627 2999 utiqt'te
2659 2934 2824 2989 nobis
2853 2913 3024 2993 exitii
3045 2913 3266 3001 tnbdum
3296 2953 3512 3009 machi-

1922 3013 2106 3063 natur.
2138 3007 2613 3075 Quemadmodum
2645 3025 2791 3080 enim
2813 3033 3066 3102 egregius
3091 3037 3201 3092 dux
3233 3049 3289 3096 et
3332 3044 3511 3117 impe-

1920 3106 2071 3152 rator
2101 3103 2406 3175 exercitus,
2425 3123 2550 3163 cum
2582 3113 2773 3170 urbem
2800 3119 3038 3190 aliquam
3071 3128 3363 3191 obsidione
3386 3103 3511 3193 cin-

1845 3209 1889 3267 α
1921 3187 2021 3254 xit,
2049 3190 2418 3255 debilioribus
2450 3204 2593 3257 muri
2631 3187 3200 3277 partibus—machinas
3234 3224 3506 3292 admovet.

1922 3279 2128 3349 quibus
2162 3282 2477 3356 ingressum
2512 3293 2569 3347 in
2598 3297 2789 3354 urbem
2836 3308 3060 3372 parari,
3106 3325 3339 3384 eamque
3384 3324 3507 3391 capi

1922 3374 2211 3431 commode
2242 3392 2409 3449 posse
2436 3385 2614 3450 novit,
2644 3390 2861 3458 eodem,
2898 3398 3118 3467 opinor,
3159 3374 3323 3462 modo
3352 3374 3509 3465 Sata-

1921 3476 2061 3529 nas,
2116 3481 2243 3520 cum
2288 3484 2605 3542 expugnare
2648 3481 2766 3534 vult
2818 3483 3058 3545 hominis
3108 3495 3347 3552 animam
3375 3540 3390 3564 ,
3436 3504 3507 3557 ad

1920 3554 2249 3613 debiliorem
2284 3560 2407 3629 ejus
2433 3575 2644 3633 partem
2681 3585 2741 3625 se
2768 3577 3014 3641 confert,
3056 3596 3287 3650 sperans
3316 3604 3375 3644 se
3404 3592 3505 3645 hac

1920 3648 2134 3703 ratione
2162 3650 2325 3705 facile
2354 3668 2475 3709 eam
2515 3672 2841 3717 eversurum
2869 3703 2884 3728 ,
2918 3648 3158 3727 tnaxime
3194 3692 3319 3730 cum
3352 3683 3503 3735 vidc-

1920 3737 1994 3791 rit
2040 3738 2167 3793 inde
2203 3742 2410 3797 nullam
2463 3745 2759 3805 utilitatem
2796 3767 3032 3825 capere,
3085 3762 3231 3819 unde
3275 3782 3374 3837 par
3420 3787 3505 3825 est

1918 3830 2393 3899 perturbationem
2427 3838 2693 3906 reprimi,
2728 3844 3040 3915 cujusmodi
3086 3865 3215 3910 sunt
3255 3830 3503 3917 admoni-

1918 3925 2098 3982 tiones
2120 3925 2299 3991 bonae,
2328 3929 2395 3984 ad
2430 3930 2833 4006 fortitudinem,
2858 3952 2911 3996 et
2943 3944 3009 3998 ad
3039 3948 3317 4018 pietatem,
3351 3966 3403 4009 et
3434 3962 3501 4011 ad

1916 4015 2207 4085 mysticam
2231 4016 2502 4087 eulogiam
2533 4022 2976 4085 exhortationes.
3012 4015 3126 4090 lloc
3154 4015 3313 4094 enim:
3334 4047 3500 4098 maxi-

1914 4120 2000 4158 me
2028 4103 2232 4160 diaboli
2260 4106 2508 4175 jaculum
2540 4112 2677 4168 illttd
2714 4115 3045 4177 homicidam
3069 4130 3300 4197 repellit.
3329 4134 3501 4202 Igitur

1914 4197 2168 4267 proditor
2217 4214 2323 4253 non
2382 4204 2918 4277 reprehensionum,
2975 4229 3098 4283 qua:
3152 4197 3499 4282 subobscure

1911 4288 2091 4342 adhuc
2125 4288 2366 4357 fiebant,
2405 4294 2617 4362 pudore
2652 4305 2835 4356 tactus
2869 4312 2988 4369 est,
3020 4307 3115 4362 sed
3148 4325 3325 4381 neque
3354 4316 3496 4372 dile-

1910 4380 2115 4437 ctionis
2136 4382 2266 4446 vim,
2299 4398 2407 4438 non
2441 4384 2728 4455 honorem,
2755 4392 3009 4462 gloriam,
3037 4409 3203 4471 atque
3234 4380 3490 4475 gratiam,

1911 4488 2020 4527 non
2052 4474 2325 4545 eulogiam
2361 4478 2539 4546 fquam
2587 4494 2618 4533 a
2655 4480 2881 4539 Christo
2918 4492 3132 4561 accepit
3182 4499 3487 4587 re’veritus,

1909 4579 2096 4619 verum
2139 4571 2344 4620 temere
2390 4575 2447 4623 et
2485 4574 2890 4630 contumaciter
2926 4579 2979 4633 in
3027 4597 3095 4637 eo
3140 4571 3353 4644 haerens
3397 4592 3489 4646 cui

1905 4666 2035 4712 ante
2065 4656 2434 4713 succubuerat
2461 4661 2709 4717 avaritiae
2736 4666 3187 4731 morbo,tandem
3218 4683 3363 4732 totus
3397 4695 3493 4733 ca-

1906 4754 2034 4816 ptus
2067 4754 2153 4801 est
2190 4762 2254 4801 ac
2302 4749 2521 4802 cecidit.
2575 4749 2688 4805 Nec
2731 4754 2878 4807 enim
2922 4759 3163 4827 amplius
3201 4778 3487 4821 suasorem

1907 4836 2069 4891 habet
2094 4835 2375 4898 Satanam.
2408 4838 2504 4894 sed
2524 4839 2641 4908 jam
2668 4842 2841 4897 totius
2871 4846 3058 4901 cordis
3082 4851 3167 4903 sui
3201 4852 3485 4913 dominum

1908 4942 1972 4982 ac
2005 4928 2205 4983 mentis
2232 4944 2345 4984 suae
2373 4938 2643 4986 rectorem
2674 4932 2807 4987 facit
2829 4950 2958 4989 eum
2988 4941 3081 5007 qui
3108 4943 3347 5011 primum
3377 4949 3490 5005 fue-

1908 5029 1995 5074 rat
2040 5022 2444 5077 insusurrator.
2490 5023 2777 5093 Ingressus
2814 5028 2960 5081 enim
3002 5039 3088 5087 est
3136 5036 3189 5088 in
3231 5052 3353 5091 eum
3384 5082 3397 5101 ,
3434 5055 3492 5097 ut

1907 5122 1991 5167 est
2017 5114 2071 5167 in
2105 5115 2421 5185 Evangelio.
2451 5115 2720 5170 Cavenda;
2752 5118 2937 5188 itaque
2972 5131 3025 5177 et
3055 5128 3202 5181 omni
3244 5146 3350 5199 Ope
3402 5151 3489 5188 νο-

1906 5205 2191 5260 movendae
2235 5213 2364 5261 sunt
2400 5208 2738 5276 cupiditates
2780 5212 2942 5282 739
2980 5217 3189 5284 animi,
3224 5224 3365 5278 unde
3397 5240 3487 5280 se-

1906 5306 2100 5350 cutura
2148 5296 2481 5353 detrimenta
2536 5302 2792 5359 novimus
2837 5322 2851 5358 :
2915 5308 3009 5361 sed
3065 5317 3118 5363 et
3166 5315 3486 5371 meminisse

1905 5396 2121 5457 oportet
2145 5389 2381 5445 dicentis
2426 5409 2439 5445 :
2498 5390 2554 5445 Si
2603 5394 2830 5463 spiritus
2864 5405 3193 5467 potestatem
3228 5404 3485 5462 habentis

1907 5480 2218 5536 ascenderit
2248 5497 2416 5551 super
2450 5491 2524 5548 te,
2566 5486 2744 5541 locum
2792 5498 2945 5545 tttttm
2988 5508 3058 5548 ne
3087 5493 3369 5551 dimiseris
3408 5499 3481 5560 ei,

1907 5575 2037 5644 quia
2064 5576 2278 5630 sanatio
2304 5591 2523 5632 cessare
2552 5579 2713 5635 faciet
2741 5592 2964 5651 peccata
2998 5602 3215 5657 magna.
3246 5587 3485 5643 Necesse

1908 5671 1992 5718 cst
2053 5663 2198 5718 enim
2265 5667 2316 5720 vi
2375 5668 2767 5739 cogitationum
2827 5673 2881 5728 in
2952 5676 3160 5733 nostris
3218 5675 3482 5735 cordibus

286 5833 368 5904 (ll
406 5833 507 5890 Ed.
544 5834 710 5905 Attb.,
750 5837 842 5893 τοῦ
872 5839 1119 5895 διαϐόλου
1152 5843 1240 5897 τὸν
1284 5845 1632 5914 ἀνδροκτόνον
1660 5846 1797 5913 υἱόν,

1924 5848 2037 5902 ‘boli
2067 5849 2236 5916 ﬁlium
2266 5850 2417 5906 illuni
2449 5852 2789 5908 homicidam.
2821 5850 2979 5909 Eutr.
