4144 6494
636 388 738 445 143
1635 386 1689 437 S.
1714 382 1995 438 σνιιιιιι
2026 379 2507 437 ‘ALE‘XA'NURINI
2546 382 2851 440 ARCHIEP
3808 387 3918 440 Ηύ

633 505 921 564 corrobari
980 504 1316 562 dominantis
1360 504 1644 577 spiritum.
1692 503 1828 560 Nam
1880 505 2009 561 licet
2063 508 2269 575 pote-A

2281 544 2291 565 ι
2318 506 2499 570 ζοντα.
2524 508 2754 578 Εἰσῆλθε
2769 508 2965 578 γάρείς
2982 507 3163 572 αὐτὸν,
3181 509 3327 563 κατά
3338 510 3436 581 τὴν
3456 508 3550 563 τοῦ
3570 510 3917 579 Εὑαγγελίου

633 600 799 655 statis
846 606 1048 656 nostrae
1107 614 1217 655 non
1267 598 1337 653 sit
1374 596 1586 660 facere,
1629 612 1697 651 ne
1728 598 1880 654 tales
1934 600 2164 668 spiritus
2196 640 2213 666 ,

2320 599 2524 670 φωνήν.
2555 599 2859 653 Φυλακτέον
2883 595 2975 653 οὖν
3006 603 3134 671 ἀρα,
3167 601 3260 654 καὶ
3293 600 3457 653 παντὶ
3491 599 3667 653 σθένει
3704 618 3920 671 παραι-

636 690 686 743 id
729 698 813 745 est
842 689 1207 760 cogitationes
1235 689 1288 743 iu
1320 696 1555 743 mentem
1592 698 1839 743 nostram
1872 689 2214 755 ascendant,

2317 690 2506 761 τητέον
2535 691 2634 755 τὰς
2663 694 2727 745 ὲκ
2758 691 2865 746 τῶν
2900 692 3287 764 προσπαθειῶν
3321 693 3526 762 ζημίας
3550 708 3565 723 ο
3615 692 3823 764 χρῆναι
3857 694 3918 745 ἃ

635 795 930 846 possumus
958 788 1140 835 tamen
1171 779 1313 849 quod
1349 779 1661 834 ascenderit
1686 779 1910 850 ejicere,
1942 795 2043 836 nec
2066 796 2217 837 com-

2316 781 2427 836 δεῖν
2471 782 2878 853 διαμεμνῆσθαι
2904 782 2998 837 τοῦ
3033 782 3284 852 λέγοντος
3311 800 3325 814 ο
3384 783 3511 837 Ἐὰν
3547 782 3769 853 πνεῦμα
3818 782 3922 834 τοῦ

636 870 854 925 mittere
901 878 957 924 ut
999 886 1228 942 magnas
1270 881 1494 941 prepter
1534 870 1925 941 negligentiam
1964 881 2213 928 nostram

2319 872 2724 938 ὲξουσιάζοντος
2752 874 2925 945 ἀναϐῇ
2958 875 3051 929 ἐπὶ
3086 879 3167 940 σὲ,
3196 876 3359 928 τόπον
3396 892 3493 929 σου
3526 874 3601 946 μὴ
3628 877 3804 945 ἀφῇς,
3836 876 3922 928 ὅτι

637 962 690 1016 ἱιι
722 970 903 1018 mente
933 974 1121 1019 nostra
1156 971 1280 1034 agat
1305 962 1525 1017 radices
1557 980 1570 1017 ι
1609 962 1707 1017 sed
1737 963 1904 1017 veluti
1936 964 2214 1033 quoddam

2321 966 2456 1036 ἴαμα
2488 964 2829 1020 καταπαύσει
2876 967 3153 1039 ἁμαρτίας
3200 967 3464 1038 μεγάλας.
3528 967 3774 1035 Ἀνάγκη
3818 965 3922 1033 μὲν

633 1054 1023 1110 amaritudinis
1072 1056 1289 1109 initium
1352 1054 1648 1110 confestim
1716 1055 2048 1112 exscindere
2081 1098 2096 1123 ,
2150 1071 2215 1111 ac

2320 1058 2429 1129 γὰρ
2472 1058 2857 1122 ἀνακτίζεσθαί
2900 1076 3031 1122 πως
3083 1061 3140 1111 ἐν
3185 1059 3415 1129 δυνάμει
3463 1059 3742 1128 λογισμῶν
3794 1058 3923 1118 ταῖς

635 1155 873 1203 mentem
899 1148 1151 1203 molestia
1173 1162 1401 1202 vacuam
1424 1147 1685 1203 reddere:
1720 1148 1926 1219 alioqui
1951 1148 2214 1205 dubitan-

2319 1153 2617 1224 ἡμετέραις
2643 1152 2895 1222 καρδίαις
2924 1152 2985 1204 τὸ
3009 1150 3101 1205 τοῦ
3137 1150 3539 1216 ὲξουσιάξοντος
3566 1149 3818 1219 πνεῦμα.
3855 1148 3922 1200 Ei

631 1241 759 1293 dum
788 1254 895 1295 non
922 1249 1005 1294 est
1044 1240 1177 1310 quin
1211 1241 1477 1309 paulatim
1510 1239 1753 1296 Satanas
1777 1240 1963 1297 vincat
1992 1240 2214 1296 blandi-

2328 1244 2438 1315 γὰρ
2468 1246 2530 1297 ὲν
2559 1246 2693 1314 ἡμῖν
2735 1244 2796 1296 τὸ
2829 1243 3087 1298 δύνασθαι
3115 1242 3458 1307 διακωλύειν,
3489 1242 3647 1296 τοῦτό
3675 1258 3740 1309 γε
3770 1240 3922 1307 πλὴν

633 1329 746 1392 tiis,
765 1330 1101 1400 nobisquetd
1129 1332 1506 1401 eveniatquod
1528 1333 1602 1385 ait
1628 1331 1920 1388 Psalmista
1950 1353 1962 1388 :
1993 1353 2011 1386 ι
2038 1333 2221 1389 Prius-

2326 1339 2384 1391 ὲν
2416 1339 2550 1408 ἡμῖν
2568 1340 2607 1397 ⁸,
2625 1337 2686 1388 τὸ
2707 1336 2955 1399 κολάζειν
2986 1336 3330 1407 παραχρῆμα
3354 1336 3414 1389 τὸ
3439 1334 3681 1395 ἀνελθὸν,
3706 1332 3813 1386 καὶ
3846 1333 3924 1402 μὴ

630 1436 796 1489 quam
865 1422 1189 1478 humiliarer
1233 1438 1337 1494 ego
1377 1424 1583 1495 deliqui
1620 1428 1688 1481 οι.
1730 1446 1749 1479 ι
1817 1427 1957 1481 Ante
2010 1430 2217 1497 peccati

2322 1429 2636 1501 ἐπιτρέπειν
2687 1426 2969 1498 ῥιζοῦσθαι
3015 1430 3135 1490 ταῖς
3180 1429 3244 1480 εκ
3295 1427 3568 1499 ῥᾳθυμίας
3616 1425 3921 1490 ὲνὸόσεειινὋ

630 1512 778 1565 enim
829 1515 1369 1570 consummationem
1412 1516 1780 1588 delinquimus
1819 1520 2217 1589 cogitationum

2322 1523 2436 1577 ἀλλ’
2483 1520 2672 1591 ὥσπερ
2717 1519 2840 1573 τινὰ
2892 1518 3118 1589 πικρίας
3168 1518 3341 1589 ἀρχὴν
3386 1517 3717 1588 ἀποτέμνειν
3760 1518 3923 1569 ἐπεί-

632 1604 999 1670 conscientia,
1054 1606 1189 1661 illud
1245 1606 1618 1675 honorantes,
1693 1625 1757 1665 ac
1820 1612 2215 1681 suscipientes,

2323 1616 2539 1683 γεσθαι,
2583 1615 2679 1667 καὶ
2710 1613 3152 1684 ἀπαρενόχλητον
3181 1613 3318 1665 ίέναι
3347 1610 3569 1680 θελῆσαι
3622 1610 3721 1662 τὸν
3743 1607 3919 1661 »οὖν

633 1707 688 1753 et
750 1713 850 1768 per
904 1698 1012 1754 hoc
1054 1699 1337 1769 ingressus
1390 1702 1573 1756 locum
1622 1702 1841 1757 Satanae
1880 1703 2215 1761 tribuentes.

2321 1708 2491 1779 ἤγουν
2526 1705 2726 1758 εἰδέναι
2762 1704 2970 1774 σαφῶς,
3001 1705 3082 1757 ὅτι
3111 1703 3327 1773 νικήσει
3350 1700 3501 1754 κατὰ
3539 1700 3719 1771 βραχὺ
3750 1699 3925 1752 κολα·

634 1787 809 1860 Cujus
853 1790 933 1846 rei
980 1791 1154 1863 ﬁgura
1210 1792 1374 1850 nobis
1427 1802 1482 1849 et
1529 1794 1712 1866 imago
1754 1796 1859 1851 erit
1913 1797 2217 1867 proditoris

2324 1796 2500 1851 κεύων
2532 1796 2561 1848 ὁ
2596 1796 2859 1858 Σατανᾶς,
2896 1793 2990 1847 καὶ¹
3022 1792 3291 1863 πάθοιμεν
3329 1792 3400 1846 ἂν
3426 1790 3692 1855 τοιοῦτον,
3726 1792 3927 1843 ὁποῖον

635 1894 827 1937 casus.
2244 1910 2290 1969 Β
2317 1891 2346 1943 ὁ
2382 1888 2615 1943 Ψάλλων
2662 1885 2829 1958 φησί’
2887 1904 2907 1937 ι
2936 1885 3053 1955 Πρὸ
3097 1884 3193 1939 τοῦ
3247 1902 3315 1956 με
3352 1883 3769 1953 ταπεινωθῆναι
3807 1880 3929 1948 ἐγὼ

635 1972 1053 2045 ἐπλημμέλησα.
1083 1992 1103 2027 ι
1156 1975 1271 2047 Πρὸ
1312 1975 1418 2047 γὰρ
1471 1976 1567 2030 τοῦ
1629 1978 1821 2032 παθεῖν
1866 1979 2089 2045 τελείως
2134 1982 2232 2053 τὴν
2283 1980 2593 2055 ἁμαρτίαν,
2654 1975 3192 2048 προπλημμελοῦμεν
3230 1977 3391 2046 ἡμεῖς
3431 1977 3499 2045 τῇ
3545 1974 3767 2027 συνέσει
3808 1973 3925 2024 τῶν

634 2065 929 2137 λογισμῶν,
966 2067 1231 2139 τιμῶντες
1269 2069 1461 2141 αὐτὴν,
1502 2071 1598 2124 καὶ
1652 2072 2092 2144 καταδεχόμενοι,
2124 2078 2221 2130 καὶ
2254 2078 2420 2131 τόπον
2446 2071 2652 2126 εἰσόδου
2672 2070 2906 2135 διδόντες
2936 2069 3028 2124 διὰ
3056 2069 3247 2123 τούτου
3278 2068 3357 2140 τῷ
3414 2068 3647 2137 Σατανᾷ.
3720 2067 3927 2127 Ἔσται

637 2163 693 2216 δὲ
724 2164 893 2226 τύπος
923 2162 1017 2215 καὶ
1043 2161 1209 2217 εἰκὼν
1243 2164 1337 2217 τοῦ
1374 2166 1703 2236 πράγματος
1742 2167 1835 2222 τοῦ
1866 2169 2128 2240 προδότου
2160 2172 2221 2225 τὸ
2258 2173 2449 2235 πάθος.

706 2297 845 2362 ΧΙΙΙ,
874 2300 966 2362 9.7,
992 2299 1084 2353 28.
1136 2299 1206 2353 Et
1245 2299 1383 2354 dixit
1422 2304 1470 2355 ei
1504 2301 1663 2358 Iesus
1697 2321 1714 2357 :
1747 2303 1902 2370 Quod
1932 2308 2092 2376 facis,
2134 2309 2221 2376 [ac

2397 2309 2569 2379 Λέγει
2593 2308 2755 2374 αὐτῷ
2784 2310 2817 2361 δ
2854 2303 3128 2374 Ἰησοῦς’
3179 2304 3250 2355 '0
3271 2300 3480 2368 ποιεῖς,
3522 2302 3797 2369 ποίησον
3825 2304 3932 2358 τά-

637 2391 819 2448 citius.
866 2391 977 2446 Hoc
1027 2400 1204 2446 autem
1252 2410 1403 2448 nemo
1450 2396 1602 2449 scivit
1658 2396 2103 2453 discumbentium
2151 2400 2221 2453 ad

2324 2418 2480 2470 χιον.
2541 2399 2720 2454 Τοῦτο
2769 2398 2838 2451 δὲ
2885 2396 3085 2460 οὐδεὶς
3136 2394 3289 2464 ἔγνω
3342 2391 3463 2446 τῶν
3504 2394 3934 2466 ἀνακειμένων

636 2485 763 2556 quid
792 2484 966 2539 ὀὶίοενὶ
972 2495 989 2539 ι
1026 2487 1085 2545 ei.

2324 2493 2475 2562 πρὸς
2508 2493 2564 2544 τί
2606 2487 2777 2545 εἶπεν
2804 2488 2983 2553 αὐτῷ.

708 2621 977 2679 Dissonus
1020 2622 1179 2687 forte,
1218 2637 1319 2679 nec
1354 2623 1589 2677 multum
1615 2634 2028 2682 consentaneus
2067 2633 2220 2681 ante-

2409 2626 2641 2698 Ἀπᾷδον
2682 2626 2781 2697 μὲν
2824 2627 2975 2692 ἴσως,
3016 2627 3109 2680 καὶ
3137 2627 3198 2680 ού
3226 2627 3449 2698 σφόδρα
3480 2625 3785 2697 συμϐαῖνον
3812 2628 3936 2689 τοῖς

637 2713 801 2771 dictis
854 2715 1030 2770 videri
1078 2716 1257 2787 possit
1291 2723 1476 2771 textus
1518 2716 1857 2786 propositus.
1895 2718 2007 2772 Cur
2045 2719 2218 2784 enim,

2325 2721 2425 2790 ἤδη
2453 2718 2876 2790 προειρημένοις
2920 2716 3120 2783 δόξειεν
3144 2718 3212 2771 ἀν
3240 2714 3379 2771 εἶναί
3402 2736 3481 2790 τῳ
3507 2718 3673 2789 τυχὸν
3700 2718 3767 2772 τὸ
3795 2735 3934 2789 προ-

637 2806 786 2862 dicet
833 2807 1056 2877 aliquis,
1118 2825 1299 2880 neque
1356 2810 1411 2865 id
1468 2811 1568 2866 abs
1629 2827 1714 2875 re,
1767 2827 1893 2866 cum
1943 2815 2086 2867 clam
2136 2830 2222 2867 ar-

2319 2809 2589 2878 κείμενον.
2614 2806 2877 2860 ’Ἃνθότου
2912 2807 3021 2879 γάρ
3055 2809 3141 2878 δὴ,
3173 2808 3397 2877 φήσειεν
3417 2809 3504 2871 ἀν,
3544 2809 3643 2861 καὶ
3678 2809 3788 2861 οῦκ
3819 2810 3939 2861 ἀπὺ

639 2904 850 2966 gueret,
885 2912 987 2952 nec
1037 2898 1185 2953 clare
1238 2898 1510 2955 Dominus
1572 2902 1641 2955 ab
1700 2903 1868 2971 impia
1905 2904 2055 2961 caede
2096 2920 2197 2974 pro

2322 2898 2551 2962 σκοποῦ,
2598 2899 2890 2969 διελέγχων
2937 2900 3358 2971 κεκρυμμένως,
3401 2901 3498 2953 καὶ
3534 2900 3638 2953 ούκ
3672 2899 3938 2970 ἐναργῶς

641 2985 877 3040 ditorem
910 2996 1208 3051 averteret,
1240 3003 1389 3043 nunc
1413 2989 1481 3043 ad
1517 3005 1639 3043 eam
1689 2991 1955 3060 instigare
1987 2992 2223 3060 videtur,

2322 2990 2650 3060 ἀποτρέπων
2695 2992 2723 3043 ὁ
2768 2990 2973 3061 Κύριος
3008 2991 3105 3059 τῆς
3149 2990 3229 3052 είς
3257 2990 3421 3043 αὐτὸν
3469 2988 3795 3058 μιαιφονίας
3835 2989 3935 3041 τὸν

640 3086 695 3130 et
729 3076 938 3131 hortari
975 3088 1032 3131 ut
1070 3079 1402 3135 detestabile
1450 3087 1673 3148 tamque
1728 3081 1956 3152 impium
2010 3084 2226 3140 facinus

2324 3081 2631 3152 προδιδόναι
2656 3081 3048 3146 σπουδάζοντα,
3080 3081 3176 3134 νῦν
3210 3082 3347 3152 πρὸς
3376 3082 3550 3151 αὐτὴν
3578 3080 3938 3151 παραθήγων

642 3177 867 3223 strenue
895 3169 1287 3239 aggrediatur?
1311 3170 1383 3224 At
1412 3170 1545 3240 quid
1586 3186 1817 3228 necesse
1851 3178 1991 3237 erat,
2022 3173 2221 3243 inquit,
2249 3220 2278 3277 ε

2324 3174 2540 3241 ὁρᾶται,
2570 3172 2838 3244 ἀμελλητὶ
2874 3172 2931 3226 δὲ
2972 3171 3208 3243 βαδίζειν
3241 3172 3379 3243 πρὸς
3409 3173 3473 3225 τὺ
3506 3171 3652 3227 οῦτω
3680 3173 3940 3243 μυσαρὸν

643 3257 919 3311 hominem
962 3274 1060 3327 per
1081 3273 1140 3313 se
1164 3259 1303 3314 satis
1344 3260 1634 3314 incitatum
1666 3274 1735 3314 eo
1770 3260 2075 3332 impellere,
2097 3277 2221 3316 cum
2250 3257 2279 3277 ‘

2325 3285 2385 3320 τε
2417 3268 2512 3321 καὶ
2555 3268 2767 3321 ἀνόσιον
2816 3266 3188 3321 διακελεύεται
3221 3268 3585 3337 σπούδασμα;
3644 3268 3847 3322 Καίτοι
3880 3268 3942 3319 τί

643 3356 937 3418 praestaret
981 3350 1460 3408 admonitionibus
1509 3351 1563 3405 in
1603 3351 1800 3408 melius
1840 3368 2125 3419 revocare,
2173 3363 2225 3409 et

2329 3358 2530 3429 μᾶλλον
2562 3359 2653 3412 τὸν
2675 3358 2887 3412 οἴκοθεν
2915 3359 3026 3413 ἔδει
3065 3360 3332 3413 νοσοῦντα
3358 3358 3731 3429 παροτρῦναι,
3768 3361 3938 3429 φησὶ,

644 3456 675 3495 a
725 3442 1010 3512 pr0posito
1060 3442 1240 3512 ipsum
1297 3443 1539 3497 consilio
1587 3443 1869 3499 avertere?
1899 3442 1965 3496 Et
2000 3444 2222 3512 quidem

2324 3449 2463 3521 πρὸς
2492 3449 2673 3513 τοῦτο,
2728 3450 2823 3504 καὶ
2874 3449 3214 3520 τεθηγμένον
3267 3449 3328 3514 ἐξ
3380 3449 3601 3513 ἑαυτοῦ,
3656 3451 3758 3504 καὶ.
3807 3451 3940 3519 οὐχὶ

643 3534 749 3588 erit
799 3534 895 3604 qui
928 3535 1227 3591 absurdum
1272 3550 1398 3591 esse
1437 3534 1681 3591 fateatur
1721 3533 1873 3606 quod
1923 3535 2013 3592 bic
2048 3536 2224 3590 incla-

2328 3538 2524 3608 μᾶλλον
2565 3538 2942 3611 ἀνασειράξειν
2978 3542 3099 3602 ταῖς
3120 3539 3430 3601 νουθεσίαις
3460 3538 3558 3592 ἐπὶ
3581 3539 3644 3591 τὸ
3678 3540 3938 3609 ἄμεινον,

646 3637 760 3682 mat
792 3627 1046 3683 Christus
1074 3647 1087 3682 :
1117 3637 1501 3689 verumtamen
1554 3629 1600 3682 si
1650 3627 1919 3699 propositi
1953 3628 2059 3682 lori
2096 3643 2225 3683 sen-

2325 3629 2421 3682 καὶ
2457 3628 2558 3699 τῆς
2597 3628 2954 3702 προτεθείσης
3000 3630 3161 3684 αὐτὸν
3204 3629 3475 3700 ἀνακόψαι
3528 3630 3769 3701 βουλῆςς
3820 3634 3940 3685 Καὶ

643 3736 764 3777 sum
794 3721 1013 3777 acutius
1049 3720 1373 3791 inspexerit,
1397 3720 1534 3774 nihil
1562 3718 1805 3776 absurde
1828 3720 2041 3775 dictum
2073 3734 2223 3776 com-

2322 3721 2441 3791 δοίη
2490 3721 2587 3791 μὲν
2629 3722 2694 3777 ἄν
2727 3739 2812 3786 τις
2848 3723 3054 3794 σφόδρα
3102 3722 3197 3776 τοῦ
3246 3723 3556 3793 πρέποντος
3596 3722 3940 3795 διαμαρτεῖν

642 3814 836 3884 periet,
870 3814 963 3870 sed
1013 3829 1196 3871 acrem
1250 3814 1435 3885 potius
1481 3816 1712 3869 subesse
1769 3827 2022 3879 sensum,
2058 3828 2223 3883 quem

2324 3811 2587 3882 λογισμοῦ
2617 3812 2715 3884 τὴν
2751 3814 2843 3867 ἐπὶ
2869 3813 3045 3885 τούτῳ
3078 3814 3378 3886 καταϐοήν·
3407 3814 3836 3887 ὀξυωπέστερόν
3870 3833 3936 3885 γε

641 3922 743 3978 ego
785 3922 885 3977 pro
914 3907 1060 3962 virili
1107 3906 1301 3977 paucis
1351 3906 1599 3963 conabor
1638 3904 1944 3975 explicare.
1974 3904 2226 3960 Pruden-

2328 3906 2439 3973 μὴν
2481 3905 2595 3967 τοῖς
2624 3905 2683 3957 ὲν
2723 3904 2802 3975 τῷ
2828 3904 3175 3975 προκειμένῳ
3203 3905 3525 3978 θεωρήματι
3553 3905 3780 3978 ὲνείρας
3816 3905 3935 3980 [γρ.

642 3998 865 4054 tissime
900 3998 1084 4069 itaque
1135 3997 1359 4068 sapiens
1408 3996 1745 4066 evangelista
1788 3998 2045 4068 superius
2084 3997 2224 4053 dixit

2325 3993 2627 4067 ἐνερείσας]
2687 3994 2779 4048 τὸν
2830 3995 2978 4060 νοῦν,
3032 3996 3252 4059 ἀτόπως
3293 3996 3393 4066 μὲν
3429 3996 3588 4051 οὐδὲν
3629 3999 3939 4069 εἰρημένω

644 4092 823 4161 ipsum
845 4090 1102 4144 Satanam
1132 4091 1185 4144 in
1211 4104 1307 4145 cor
1340 4089 1636 4159 proditoris
1659 4090 1814 4160 prius
1840 4089 2111 4158 irrupisse
2145 4096 2228 4142 at-

2326 4085 2571 4156 εύρήσει,
2619 4085 2875 4157 δριμεῖαν
2923 4086 2983 4139 δὲ
3022 4087 3221 4157 μᾶλλον
3264 4086 3449 4151 αὐτοῖς
3501 4090 3940 4159 ἐνυπάρχουσαν

645 4197 753 4253 que
776 4181 1055 4246 introisse,
1088 4190 1148 4236 ut
1178 4181 1458 4236 videretur
1485 4180 1708 4236 tandem
1737 4178 2004 4234 Dominus
2037 4188 2227 4235 noster

2329 4179 2566 4243 σύνεσιν,
2584 4177 2651 4249 ἢν
2670 4178 2786 4241 καὶ,
2813 4177 2962 4240 ὅπως
2980 4177 3045 4231 ἂν
3064 4176 3329 4249 δύνωμαι,
3355 4177 3445 4230 διὰ
3470 4177 3732 4248 βραχέων
3754 4181 3940 4231 εἰπεῖν

644 4272 807 4329 Jesus
833 4272 1088 4329 Christus
1107 4273 1210 4344 ipsi
1235 4273 1417 4344 potius
1439 4286 1605 4343 qnam
1622 4271 1671 4327 ei
1691 4270 1783 4341 qui
1808 4286 1999 4340 reapse
2016 4285 2081 4325 ac
2096 4285 2228 4326 vere

2328 4268 2685 4340 πειράσομαι.
2723 4267 3213 4339 Προνοητικώτατα
3258 4269 3437 4321 τοίνυν
3476 4272 3535 4322 ὲν
3564 4271 3682 4332 τοῖς
3725 4268 3938 4339 προλαο

647 4367 717 4419 ab
746 4365 868 4435 ipso
890 4380 984 4434 per
1006 4364 1169 4436 7m
1192 4364 1579 4435 negligentiam
1607 4364 1787 4419 victus
1816 4361 1996 4418 fuerat
2018 4362 2224 4425 dicere,

2328 4360 2516 4414 ϐοῦσιν
2535 4362 2562 4413 ὁ
2581 4360 2743 4428 σοφὸς
2765 4359 3153 4431 εὐαγγελιστὴς
3174 4360 3516 4432 προεισπηδῆ
3525 4378 3615 4414 σαι
3636 4360 3739 4414 καὶ
3758 4362 3940 4415 εἰσελ-

651 4476 670 4509 ι
706 4455 864 4524 Quod
890 4456 1048 4522 lacis,
1072 4454 1159 4510 fac
1184 4455 1317 4510 cito.
1350 4473 1369 4507 ι
1398 4453 1552 4508 Idem
1575 4453 1724 4509 enim
1756 4461 1841 4509 est
1869 4468 1933 4508 ac
1972 4453 2019 4509 si
2040 4460 2228 4524 aperte

2329 4454 2446 4507 θεῖν
2493 4453 2573 4515 είς
2613 4452 2711 4524 τὴν
2757 4451 2853 4505 τοῦ
2906 4451 3168 4523 προδότου
3201 4452 3429 4523 καρδίαν
3472 4453 3642 4506 αὑτὸν
3675 4452 3788 4524 ἔφη
3845 4454 3936 4506 τὸν

644 4551 855 4605 diceret
880 4546 1100 4604 :‘l‘uum
1134 4561 1294 4617 opus,
1341 4545 1491 4616 quod
1526 4560 1697 4599 unum
1737 4545 1887 4603 nosti
1928 4552 1983 4600 et
2041 4543 2224 4599 facere
2257 4567 2280 4622 ι

2328 4543 2593 4606 Σατανᾶν,
2630 4543 2717 4596 ἵνα
2747 4540 3004 4613 φαίνηται
3029 4541 3213 4596 λοιπὸν
3237 4544 3266 4596 ὁ
3289 4541 3494 4613 Κύριος
3516 4541 3684 4613 ἡμῶν
3722 4543 3940 4614 Ἰησοῦς

644 4642 814 4705 soles,
848 4655 882 4695 ο
935 4640 1160 4702 Satana,
1189 4638 1274 4693 fac
1308 4639 1444 4693 cito.
1473 4636 1740 4693 Occidisti
1778 4637 2098 4708 prophetas,
2133 4635 2223 4691 Ju-

2330 4637 2359 4689 ὁ
2397 4634 2633 4704 Χριστὸς
2669 4632 2819 4703 αὐτῷ
2863 4632 3086 4704 μᾶλλον,
3114 4634 3259 4704 ἢπερ
3288 4633 3456 4696 ὅντως
3478 4651 3539 4687 τε
3580 4633 3680 4687 καὶ
3708 4634 3940 4705 ἀληθῶς

643 4731 776 4786 dacis
807 4730 1014 4801 quippe
1040 4729 1108 4784 ad
1144 4728 1481 4797 impietatem
1510 4728 1710 4783 ducem
1744 4735 1795 4783 te
1825 4727 2134 4797 prazbuisti,
2168 4736 2223 4781 ct

2332 4725 2414 4796 τῷ
2449 4726 2578 4795 παρ’
2601 4726 2763 4779 αὑτοῦ
2793 4726 2859 4780 δι’
2900 4725 3235 4797 ἀπροσεξίας
3270 4728 3679 4798 κεκρατημένῳ
3712 4728 3938 4796 λέγειν·

644 4821 969 4891 lapidandos
992 4821 1200 4875 curasti
1225 4820 1318 4888 qui
1359 4819 1660 4874 salutarem
1697 4816 1886 4872 lsraeli
1911 4816 2221 4870 doctrinam

2340 4836 2358 4870 ι
2376 4818 2443 4870 Ὃ
2460 4820 2651 4880 ποιεῖς,
2674 4818 2899 4887 ποίησον
2914 4817 3118 4887 τάχιον.
3147 4836 3165 4866 ι
3196 4818 3421 4887 Ὅμοιον
3443 4818 3577 4888 γάρ,
3600 4816 3681 4880 ὡς
3705 4820 3759 4871 εί
3782 4818 3941 4887 λέγοι

645 4910 999 4975 nuntiabant,
1032 4909 1242 4964 nemini
1290 4923 1483 4963 eorum
1524 4907 1619 4979 qui
1663 4921 1695 4960 a
1731 4905 1844 4961 Deo
1892 4907 2047 4961 missi
2093 4915 2223 4961 sunt

2337 4906 2525 4976 σαφῶς
2550 4924 2563 4938 ·
2591 4908 2663 4960 Τὸ
2690 4907 2781 4960 σὺν
2807 4906 2968 4978 ἔργον
3000 4907 3138 4979 ὅπερ
3167 4902 3322 4959 οἶσθα
3352 4906 3533 4975 μόνον,
3562 4908 3660 4960 καὶ
3685 4908 3832 4979 δρᾷν
3853 4910 3942 4961 ἀεί

644 5001 1187 5071 βορετοίειίιοωηε
1247 5000 1597 5056 crudelitatis
1648 5006 1701 5054 et
1765 4998 1972 5053 furoris
2046 5012 2221 5068 genus

2336 5017 2421 5053 σοι
2466 4998 2639 5067 φίλον,
2669 4997 2714 5051 ὦ
2750 5000 2984 5063 Σατανᾶ,
3029 5000 3254 5070 ποίησον
3298 5000 3505 5069 τάχιον.
3559 5000 3941 5067 Ἀπέκτεινας

646 5092 795 5145 ultra
853 5090 1080 5147 modum
1131 5090 1455 5146 exercuisti.
1489 5088 1665 5146 Venio
1718 5088 1887 5159 igitur
1932 5097 2057 5157 post
2102 5088 2226 5142 illos

2325 5092 2454 5152 τοὺς
2484 5090 2770 5160 προφήτας
2800 5090 3178 5159 (ἐστρατήγεις
3220 5090 3325 5162 γὰρ
3368 5092 3444 5153 είς
3488 5090 3759 5144 ἀσέϐειαν
3801 5092 3942 5156 Ἰου-

647 5197 770 5253 ego,
815 5183 1134 5238 errantibus
1170 5182 1405 5238 daturus
1443 5189 1503 5238 ut
1560 5195 1673 5237 non
1724 5178 1963 5248 amplius
2015 5191 2223 5244 errent,

2324 5178 2543 5249 δαίοις),
2576 5182 2669 5234 καὶ
2693 5181 2811 5234 τότε
2841 5178 3271 5250 καταλευσθῆναι
3321 5181 3765 5251 παρασκευάσας
3806 5184 3940 5246 τοὺς

650 5275 705 5328 in
750 5273 995 5329 tenebris
1035 5273 1301 5344 degentes
1344 5272 1402 5326 in
1442 5272 1564 5327 luce
1595 5270 1786 5327 divina
1823 5269 2223 5333 collocaturus,

2325 5270 2419 5323 τὸν
2447 5270 2708 5340 σωτήριον
2748 5268 2843 5323 τοῦ
2897 5268 3113 5339 Ἰσραὴλ
3157 5269 3566 5341 πρεσϐεύοντας
3599 5270 3791 5339 λόγον,
3846 5274 3939 5327 ού-

651 5365 705 5419 in
734 5373 856 5420 tuos
884 5365 1115 5435 laqueos
1155 5364 1339 5434 lapsos
1378 5377 1443 5416 ac
1475 5373 1583 5416 tuae
1613 5360 1960 5416 crudelitatis
1986 5362 2222 5431 praedam

2326 5359 2474 5422 δενὸς
2495 5360 2695 5428 ἐφείσω
2722 5359 2829 5413 τῶν
2857 5359 3285 5430 ἀπεσταλμένων
3319 5361 3473 5432 παρὰ
3505 5362 3647 5416 Θεοῦ
3674 5379 3689 5393 ⁸
3744 5366 3939 5419 πᾶσαν

650 5453 829 5512 factos
876 5454 988 5511 tuis
1047 5455 1288 5510 vinculis
1348 5451 1726 5522 expediturus.
1772 5449 1946 5504 Venio
2009 5454 2223 5520 peccati

2331 5450 2415 5510 εἰς
2456 5447 2652 5510 αὐτοὺς
2682 5446 2948 5510 ἀπεδείξω
2987 5447 3085 5516 τὴν
3128 5448 3271 5518 ὑπὲρ
3302 5447 3460 5517 λόγον
3508 5448 3785 5518 ὠμότητα
3838 5453 3940 5505 καὶ

648 5555 875 5617 propter
906 5553 960 5601 te
988 5544 1277 5617 regnantis
1301 5556 1600 5598 eversurus
1627 5540 1995 5611 tyrannidem,
2023 5553 2077 5597 et
2102 5543 2228 5611 quis

2335 5537 2534 5608 μανίας
2581 5540 2905 5611 ὑπερϐολήν.
2950 5540 3109 5595 Ἥκω
3151 5538 3442 5611 τοιγαροῦν
3504 5541 3624 5610 μετ’
3677 5540 3937 5606 ἐκείνους

646 5640 719 5694 sit
767 5646 965 5693 natura
999 5636 1148 5694 Deus
1183 5634 1333 5689 omni
1394 5633 1605 5689 homini
1660 5631 2061 5701 patefacturus.
2110 5632 2214 5687 Sed

2330 5627 2463 5696 ἐγὼ,
2496 5632 2606 5694 τοῖς
2644 5632 2740 5701 μὲν
2773 5632 2851 5686 ἔτι
2878 5632 3251 5702 πλανωμένοις
3282 5632 3341 5685 τὸ
3378 5632 3583 5703 μηκέτι
3609 5632 3940 5703 πλανᾶσθαι

718 5814 761 5846 ⁹¹
802 5811 948 5866 Psat.
985 5825 1196 5873 cxvm,
1238 5808 1327 5863 67.
