4144 6480
254 402 359 461 M5

1286 403 1349 458 IN
1393 402 1678 459 JOANNlS
1704 399 2156 459 EVANGELIUM
2200 404 2461 461 ΙδΙΒΣ-ιλ.

3411 414 3545 473 ηδ’

254 520 455 584 διδοὺς,
490 522 601 583 τοῖς
630 520 688 573 ἐν
718 522 899 576 σκότει
930 520 1212 593 κατορθῶν
1234 523 1296 577 rb
1322 524 1379 576 ἐν
1405 523 1545 591 φωτὶ
1579 520 1830 591 γενέσθαι

1950 523 2183 591 ipprime
2215 525 2341 579 novi
2376 525 2663 580 elleratum
2702 533 2855 579 tuum
2894 528 3166 583 animum;
3201 528 3356 596 Quod
3388 548 3520 603 ergo

253 610 333 682 τῷ
356 609 510 682 θείῳ,
540 612 652 675 τοῖς
681 612 761 675 είς
782 611 882 683 τὴν
913 612 1013 683 σὴν
1040 614 1245 681 παγίδα
1284 612 1706 684 κατολισθήσασι
1744 613 1839 665 καὶ

254 701 479 773 θήραμα
504 699 604 770 τῆς
630 700 728 771 σῆς
752 701 1063 773 γενομένοις
1082 701 1386 773 ὠμότητος,
1413 703 1474 756 τὸ
1500 702 1606 769 ἔξω
1630 702 1839 775 βρόχων

254 791 507 859 γενέσθαι
537 790 903 864 δωρούμενος.
938 794 1096 848 Ἥκω
1134 794 1233 864 τῆς
1263 794 1351 848 διὰ
1379 793 1440 847 σὲ
1469 792 1837 865 τυραννούσης

255 884 532 954 ἁμαρτίας
562 885 883 940 καταλύσων
904 885 964 940 τὸ
984 886 1203 958 κράτος,
1238 888 1332 940 καὶ
1363 886 1443 950 τίς
1468 887 1498 939 ό
1528 885 1688 957 φύσει
1706 886 1839 951 Θεὸς

252 975 543 1042 ἐπιδείξων
576 976 849 1050 ἀνθρώπῳ
878 978 1059 1032 παντί.
1098 978 1235 1031 Ἀλλ’
1267 974 1385 1033 οἶδα
1409 978 1595 1033 λοιπὸν
1632 980 1697 1033 οὐ
1739 997 1837 1050 με·

254 1064 422 1135 τρίως
452 1066 554 1137 τὴν
585 1068 685 1138 σὴν
718 1068 1010 1123 ἀτίθασσον
1050 1068 1241 1138 φρένα.
1273 1066 1453 1139 Ὅπερ
1480 1064 1575 1122 οὖν
1603 1068 1723 1132 ἔθος
1757 1086 1837 1123 σοι

254 1154 483 1227 τολμᾷν,
539 1159 633 1211 ἐπὶ
691 1162 805 1225 τοῖς
848 1160 918 1214 τά
953 1159 1179 1212 τοιαῦτα
1229 1157 1529 1229 κατορθοῦν
1568 1158 1836 1224 ἐθέλουσι,

256 1248 463 1320 πρᾶττε
494 1250 591 1303 καὶ
633 1250 747 1307 νῦν.
812 1252 1078 1317 ’Δνιάσεις
1106 1252 1214 1323 γὰρ
1244 1250 1498 1323 οὐδαμῶς
1525 1252 1838 1307 ἐπιπίπτων

254 1340 401 1406 ὀξὺς,
433 1342 528 1396 καὶ
564 1343 771 1414 σφόδρα
797 1344 994 1414 δριμὺς
1035 1342 1375 1413 ἐγκείμενος,
1413 1345 1539 1399 ὅσον
1580 1347 1649 1399 ἂν
1683 1344 1838 1400 ἔσται

254 1433 318 1487 rb
346 1433 518 1497 πάθος
558 1434 627 1487 δι’
656 1435 789 1505 ἐμοῦ
816 1435 1039 1505 βαδίσαν
1078 1438 1134 1490 ὲν
1173 1436 1338 1507 ἀρχῇ.
1387 1437 1499 1491 Καὶ
1537 1438 1698 1492 ταυτὶ
1738 1436 1839 1508 μὲν

255 1526 431 1593 ἔγωγε
462 1524 557 1578 τοῦ
588 1526 835 1596 Σωτῆρος
862 1526 928 1580 τὰ
953 1527 1195 1596 ῥήματα,
1218 1528 1320 1597 τὴν
1348 1526 1445 1581 τοῦ
1475 1532 1838 1601 προκειμένου

251 1614 488 1683 δύναμιν
524 1616 934 1670 ὑπαινίττεσθαί
967 1634 1085 1681 πως
1123 1618 1494 1690 ὑπολαμϐάνω
1518 1636 1531 1651 ο
1576 1622 1840 1692 ἐπιταχύ-

251 1706 443 1761 νεσθαι
470 1707 529 1761 δὲ
552 1708 640 1762 διά
675 1708 836 1761 τοῦτο
872 1710 1200 1781 προστάττει
1229 1711 1300 1765 τὰ.
1326 1711 1676 1784 τολμήματα,
1707 1714 1838 1785 φέρε

249 1800 318 1868 δὴ
350 1798 514 1852 πάλιν
547 1799 1022 1870 διασκεπτώμεθα.
1072 1802 1268 1856 Καίτοι
1312 1804 1594 1859 πάνδεινον
1643 1804 1743 1878 μὲν
1779 1807 1841 1861 τὸ

1940 610 2146 666 audere
2181 614 2350 675 soles,
2390 613 2481 667 fac
2509 614 2836 668 etiamnum.
2866 613 3222 686 Nequaquam
3255 620 3401 673 enim
3434 638 3519 677 me

1940 698 2127 763 laedes,
2165 703 2385 758 tametsi
2454 703 2693 759 infestus
2760 721 2918 769 ruas.
2983 706 3162 761 donec
3233 710 3516 765 advenerit

1939 794 2143 863 passio.
2185 794 2367 865 Atque
2403 796 2502 851 his-
2532 812 2639 868 εισι)
2670 798 2855 853 verbis
2903 797 3217 855 Servatoris
3248 801 3371 855 loci"
3392 815 3515 872 pro-

1939 885 2103 955 positi
2138 900 2363 941 sensum
2400 889 2810 959 quodammodo
2834 890 3099 946 subinnui
3137 893 3336 962 opinor
3373 911 3386 947 :
3424 895 3517 948 sed

1939 991 2040 1031 cur
2069 977 2284 1033 facinus
2315 979 2637 1034 accelerari'
2669 980 2884 1051 jubeat,
2924 998 3024 1053 age
3055 985 3235 1038 denuo
3266 986 3521 1041 conside-

1937 1082 2141 1123 remus.
2162 1066 2507 1125 Gravissima
2538 1070 2845 1141 quippeest
2871 1072 3193 1129 Judaaorum
3229 1074 3520 1145 impiorum

1940 1160 2194 1225 audacia,
2240 1161 2558 1217 incredibili
2613 1164 2802 1220 furore
2851 1166 3067 1223 incum
3106 1168 3301 1223 saevire
3348 1168 3523 1222 medi-

1939 1254 2193 1307 tantium.
2221 1252 2417 1325 Flagra
2441 1255 2616 1321 enim,
2641 1269 2696 1312 et
2726 1258 3147 1315 maledictorum
3184 1260 3344 1314 turba
3381 1260 3520 1312 into-

1941 1345 2208 1408 lerabilis.
2251 1347 2447 1418 plagae,
2480 1357 2665 1418 sputa,
2707 1350 2774 1405 ad
2818 1357 3129 1406 extremum
3188 1352 3523 1409 miserabilis

1940 1452 2092 1492 mors
2126 1438 2183 1493 in
2216 1440 2389 1511 ligno,
2436 1441 2600 1506 clavi,
2633 1457 2794 1509 crux,
2845 1451 3085 1508 acetum,
3121 1452 3169 1498 et
3224 1445 3317 1509 fel,
3348 1453 3402 1499 et
3456 1459 3520 1499 ex

1939 1528 2096 1581 hasta
2137 1528 2340 1584 vulnus
2374 1545 2499 1585 eum
2554 1532 2868 1586 manebant.
2902 1531 3041 1598 Quid
3091 1548 3221 1601 ergo
3273 1531 3521 1594 festinat.

1939 1619 2143 1689 inquit,
2162 1634 2226 1675 ac
2249 1620 2371 1676 sine
2400 1636 2553 1676 mora
2584 1623 2705 1676 vult
2736 1638 2765 1676 a
2787 1622 3010 1677 diabolo
3042 1623 3222 1692 peragi
3245 1622 3524 1691 passionis

1941 1710 2210 1767 nefarium
2268 1710 2524 1767 facinus?
2580 1712 2818 1767 Ministri
2856 1712 3003 1765 enim
3062 1718 3116 1765 et
3170 1718 3523 1764 exsecutores

1942 1804 2213 1859 malorum
2240 1804 2435 1859 horum
2464 1804 2617 1860 fuere
2643 1803 2837 1860 Judmi.
2859 1803 2963 1875 Ipsi
2991 1812 3171 1858 tamen
3199 1811 3255 1855 ut
3278 1803 3521 1856 omnium

251 1891 363 1945 τῶν
392 1891 623 1945 ἀνοσίων
657 1868 972 1964 εὑρίσκεται
1002 1892 1223 1965 θράσος,
1254 1897 1609 1967 ὲμπαροινεϊν
1643 1868 1841 1953 ’ἀκαθ-

1950 1892 2070 1947 duci
2098 1901 2152 1948 et
2197 1894 2251 1948 in
2282 1894 2483 1950 caedem
2524 1894 2732 1949 Christi
2760 1894 3178 1963 conjuratorum
3208 1900 3373 1961 atque
3411 1889 3525 1960 pri-

252 1981 433 2045 ἑηκτως
465 1981 736 2053 ἑλομένων
759 1982 930 2051 αὐτῷ.
950 1984 1263 2056 Προσδοκᾷν
1294 1986 1403 2057 γὰρ
1427 1982 1501 2058 ἦν
1514 1988 1838 2061 αἰκίσματα,

254 2074 353 2126 καὶ
379 2072 679 2145 δυσφήμων
725 2075 881 2145 δχλον
928 2078 989 2130 οὐ
1036 2078 1293 2149 φορητὸν,
1331 2080 1547 2150 πληγὰς
1615 2084 1711 2137 καὶ
1740 2085 1841 2155 ἑμ-

254 2163 572 2235 πτύσματα,
602 2167 699 2220 καὶ
725 2167 788 2221 rb
830 2168 1133 2223 τελευταῖον
1178 2170 1407 2225 ἐλεεινὸν
1437 2172 1528 2227 τὸν
1566 2174 1661 2227 ἐπὶ
1698 2174 1842 2247 ξύλῳ

255 2256 508 2321 θάνατον,
543 2258 727 2327 ἥλους,
773 2260 870 2313 καὶ
917 2260 1169 2332 σταυρὸν,
1209 2261 1350 2327 ὅξος,
1404 2264 1499 2317 καὶ
1530 2264 1714 2337 χολὴν,
1748 2267 1842 2320 καὶ

253 2347 328 2401 τὰ
370 2350 435 2401 ὲκ
486 2349 685 2419 λόγχης
726 2350 1037 2421 τραύματα.
1094 2351 1159 2405 Τί
1190 2354 1478 2425 τοιγαροῦν
1502 2356 1840 2421 ἐπισπεύδει,

258 2438 416 2509 φησὶ,
448 2438 542 2493 καὶ
568 2440 837 2511 ἀμελλητὶ
862 2440 1094 2511 δρᾶσθαι
1143 2442 1392 2512 βούλεται
1604 2446 1699 2500 τοῦ
1729 2447 1845 2501 δια-

256 2529 418 2584 ϐόλου
448 2529 517 2585 τά
541 2534 635 2585 ἐπὶ
668 2532 744 2603 τῷ
773 2533 938 2587 πάθει
966 2534 1293 2605 τολμήματα
1320 2555 1335 2603 ;
1368 2538 1479 2591 Kal.
1507 2538 1619 2610 γὰρ
1643 2540 1846 2612 ὑπηρέ-

252 2636 349 2673 ται
392 2621 680 2688 γεγόνασιν
741 2622 984 2677 Ἰουδαῖοι
1033 2626 1128 2677 καὶ
1165 2627 1431 2698 ὑπουργοὶ
1480 2628 1589 2683 τῶν
1633 2630 1840 2686 κακῶν.

267 2708 412 2761 Ἀλλ’
441 2712 635 2780 ἐκείνῳ
682 2712 743 2765 rb
777 2715 886 2766 πᾶν
920 2715 1255 2786 ἐπιθήσομεν
1284 2720 1676 2790 στρατηγοῦντι
1706 2722 1844 2792 πρὸς

256 2800 593 2870 μιαιφονίαν,
616 2803 709 2854 καὶ
732 2803 997 2873 ἀπαρχῶν
1019 2804 1302 2876 ἐξάρχοντι
1324 2806 1432 2859 τῶν
1456 2808 1662 2863 κακῶν.
1703 2808 1842 2862 Ἀλλ’

252 2890 304 2942 εί
354 2890 449 2943 καὶ
495 2890 699 2962 σφόδρα
746 2892 897 2946 δεινά
937 2893 1005 2946 τὰ
1057 2896 1138 2958 εἰς
1185 2897 1417 2966 Χριστὸν
1470 2897 1579 2951 τῶν
1611 2899 1843 2952 ἀνοσίων

266 2980 541 3037 Ἰουδαίων
584 2984 929 3055 τολμήματα,
978 2988 1073 3039 καῖ
1116 2986 1385 3057 ἀφόρητος
1434 2988 1544 3041 τῶν
1593 3005 1840 3062 σταυρω-

254 3075 468 3130 σάντων
498 3077 539 3147 η’
562 3076 740 3147 ὕϐρις,
781 3077 896 3130 ἀλλ’
925 3078 1041 3148 ᾔδει
1075 3076 1177 3131 τοῦ
1206 3079 1415 3142 πάθους
1436 3080 1498 3132 rb
1525 3080 1719 3150 πέρας,
1746 3082 1842 3135 καὶ

1945 1984 2223 2040 mitiarum
2284 1987 2555 2041 malorum
2614 1987 2850 2057 principi
2914 1994 3093 2040 totum
3155 1983 3521 2039 ascribemus.

1941 2075 2131 2147 atqui,
2161 2076 2291 2132 licet
2318 2077 2683 2133 acerbissima
2712 2091 2941 2147 quaeque
2962 2072 3137 2128 Judmi
3170 2073 3224 2127 in
3244 2070 3526 2125 Christum

1944 2170 2417 2237 machinarentur,
2436 2180 2491 2226 et
2508 2168 2875 2225 intolerabilis
2908 2173 3059 2221 esset
3080 2161 3523 2233 cruciﬁgentium

1944 2257 2121 2323 furor,
2150 2258 2429 2330 passionis
2461 2266 2647 2313 tamen
2676 2257 2911 2323 exitum,
2933 2263 2989 2310 et
3030 2254 3162 2325 quid
3202 2253 3333 2308 hinc
3358 2266 3525 2306 even-

1943 2358 2128 2403 turum
2159 2358 2306 2405 esset
2337 2355 2592 2406 noverat.
2628 2347 2897 2404 Eversum
2938 2347 3005 2402 iri
3036 2359 3235 2414 nempe
3276 2341 3527 2397 funditus

1944 2454 2042 2509 per
2072 2440 2439 2496 venerandam
2466 2455 2690 2497 crucem
2734 2438 2941 2494 diaboli
2986 2435 3357 2510 tyrannidem,
3380 2448 3528 2488 mor-

1946 2539 2057 2586 tem
2102 2531 2445 2587 destructum
2487 2532 2578 2596 iri,
2603 2539 2661 2587 et
2692 2530 3066 2600 corruptionis
3103 2525 3396 2581 delendum
3427 2524 3528 2577 im-
3574 2578 3580 2583 ,

1945 2622 2183 2693 perium,
2212 2631 2266 2677 et
2295 2630 2479 2678 vetere
2509 2624 2602 2677 illo
2632 2622 2931 2677 maledicto
2972 2617 3321 2675 liberandum
3354 2629 3530 2686 genus

1947 2713 2289 2777 humanum,
2349 2712 2597 2783 adeoque
2654 2712 2997 2784 benignitate
3048 2720 3100 2764 ct
3159 2707 3335 2778 gratia
3402 2702 3527 2759 Ser-

1944 2806 2154 2860 vatoris
2209 2805 2383 2861 nostri
2437 2803 2641 2858 Christi
2672 2811 3024 2859 cessaturum
3062 2800 3249 2855 illud.:
3302 2818 3319 2849 ι
3355 2798 3527 2853 Tcrra

1943 2911 2024 2961 es,
2081 2907 2133 2951 et
2192 2898 2248 2951 in
2297 2907 2498 2951 terram
2573 2895 2868 2951 reverteris
2900 2894 2981 2958 ⁹¹;
3025 2913 3042 2943 ι
3103 2891 3261 2962 741
3310 2903 3527 2942 omnem

1945 2988 2297 3057 iniquitatem
2334 2988 2706 3057 oppilaturam
2735 3002 2799 3040 os
2832 3000 3015 3048 suum,
3048 2984 3205 3051 juvta
3245 2981 3532 3049 Propheta:

1944 3092 2134 3133 vocem
2184 3079 2262 3139 ",
2325 3095 2426 3134 nec
2492 3079 2730 3149 amplius
2786 3078 2890 3133 sibi
2958 3074 3233 3130 obnoxios
3299 3087 3531 3126 accusa-

250 3165 304 3219 τί
332 3166 398 3218 rb
436 3166 683 3221 ἐντεῦθεν
728 3168 1161 3238 ἀποϐησόμενον.
1196 3169 1427 3239 Ἔμελλε
1478 3170 1588 3241 γὰρ
1617 3171 1705 3225 διὰ
1744 3172 1839 3225 τοῦ

1950 3178 2160 3231 turam,
2194 3181 2246 3225 ct
2288 3170 2554 3227 delendas
2595 3172 2759 3239 plane
2793 3177 3065 3240 quotquot
3125 3167 3179 3220 in
3235 3165 3367 3218 orbe
3424 3172 3533 3218 ter-

251 3260 439 3331 τιμίου
473 3260 709 3333 σταυροῦ
737 3262 1022 3314 πεσεῖσθαι
1063 3263 1162 3332 μὲν
1189 3262 1269 3326 εἰς
1292 3262 1354 3316 rb
1392 3263 1655 3328 παντελὲς
1687 3266 1718 3335 ἡ
1749 3266 1842 3318 τοῦ

253 3350 504 3404 διαϐόλου
548 3353 824 3421 τυραννὶς.
865 3350 1257 3422 καταργείσθαι
1292 3352 1350 3405 δὲ
1376 3351 1626 3417 θάνατος,
1661 3355 1756 3407 καί⁸
1786 3353 1846 3406 rb

256 3444 355 3514 τῆς
386 3442 599 3514 φθορᾶς
636 3442 995 3513 ἀφανίζεσθαι
1043 3444 1265 3514 κράτος,
1298 3443 1630 3499 ἀπολύεσθαί
1658 3463 1716 3498 τε
1750 3447 1848 3516 τῆς

257 3537 493 3610 ἀρχαίας
524 3536 739 3606 ἐκείνης
762 3537 902 3607 ἀρᾶς
926 3536 987 3589 rb
1019 3534 1357 3608 ἀνθρώπινον
1384 3537 1559 3604 γένος,
1588 3537 1850 3607 ἀργήσειν

260 3631 632 3703 προσεδοκᾶτο
687 3629 874 3682 λοιπὸν
910 3629 974 3683 ὲκ
1020 3628 1433 3699 φιλανθρωπίας
1486 3629 1580 3681 καὶ
1628 3630 1850 3698 χάριτος

263 3723 358 3778 τοῦ
392 3721 648 3793 Σωτῆρος
678 3720 838 3792 ήμῶν
860 3719 1099 3791 Χριστοῦ
1126 3722 1186 3773 τό
1209 3737 1223 3751 ο
1257 3739 1275 3771 ι
1307 3720 1381 3791 Γῆ
1412 3715 1482 3783 εἳ,
1508 3721 1602 3774 καὶ
1634 3723 1714 3785 είς
1748 3722 1851 3791 γῆν

266 3812 565 3886 ἀπελεύσῃ.
594 3831 613 3865 ι
652 3811 917 3884 Ἐμελλεν
948 3811 1151 3882 ἀνομία
1197 3813 1379 3876 πᾶσα,
1438 3812 1579 3867 κατά
1612 3812 1710 3884 τὴν
1756 3813 1850 3867 τοῦ

268 3904 555 3975 Προφήτου
588 3902 789 3974 φωνὴν,
817 3900 1119 3971 ὲμφράξειν
1146 3900 1321 3973 στόμα
1351 3901 1539 3972 αὐτῆς,
1582 3904 1677 3957 καὶ
1719 3921 1849 3957 κατ-

264 3998 491 4067 ηγορεῖν
508 3995 606 4067 μὲν
634 3994 818 4048 οὐκέτι
843 3993 952 4048 τῶν
978 3995 1070 4047 ὑπ’
1099 3994 1271 4065 αὐτὴν
1299 3995 1620 4063 γεγονότων,
1652 3996 1851 4064 ἀφανί-

264 4086 454 4152 ζεσθαι
489 4086 548 4140 δὲ
580 4084 863 4148 παντελῶς
890 4083 1112 4153 ἔμελλον
1151 4084 1201 4137 οἱ
1231 4083 1376 4138 κατά
1414 4085 1594 4138 πᾶσαν
1637 4084 1738 4157 τὴν
1774 4088 1852 4139 οίο

264 4177 541 4251 κουμὲνην
571 4178 662 4232 τὸν
704 4177 919 4248 ἀληθῶς
947 4176 1107 4245 φύσει
1154 4177 1250 4230 καὶ
1298 4176 1469 4246 μόνον
1500 4176 1607 4230 οὐκ
1649 4177 1852 4242 εἰδότες

261 4272 420 4338 Θεὸν,
473 4271 532 4324 οἶ
559 4273 627 4341 τῇ
657 4271 735 4332 είς
766 4268 1001 4339 Χριστὸν
1047 4265 1421 4320 δεδικαίωνται
1470 4268 1671 4332 πίστει,
1707 4269 1853 4322 ἀνοι-

264 4364 566 4437 χθήσεσθαι
625 4362 811 4416 λοιπδν
863 4363 896 4432 ἡ
954 4359 1049 4415 τοῦ
1106 4359 1436 4433 παραδείσου
1488 4360 1854 4431 προσεδοκᾶτο

264 4459 428 4529 πύλη.
470 4457 708 4527 Ἔμελλε
753 4458 865 4519 τοῖς
896 4455 1156 4509 ἀνωτάτω
1180 4453 1250 4507 τὰ
1281 4454 1436 4507 κάτω
1462 4454 1847 4522 συνάπτεσθαι,

1951 3276 2137 3316 rarum
2196 3262 2367 3317 Deum
2419 3278 2637 3328 verum,
2664 3261 2997 3324 naturalem,
3034 3271 3088 3313 et
3141 3257 3366 3311 unicum
3422 3269 3530 3309 non

1951 3362 2173 3419 norant,
2206 3361 2483 3424 quotquot
2517 3368 2648 3407 vero
2686 3353 2793 3407 fide
2824 3352 2877 3405 iu
2913 3351 3195 3405 Christum
3242 3346 3531 3417 jnstiﬁcati

1950 3452 2104 3511 sunt,
2134 3445 2203 3501 iis
2252 3445 2495 3515 paradisi
2550 3444 2778 3515 januam
2836 3442 3209 3511 operiendam.
3247 3438 3533 3509 Supremis

1951 3536 2214 3592 inferiora
2237 3537 2354 3592 haec
2385 3535 2800 3608 coniungenda,
2832 3543 2886 3591 et
2916 3543 3168 3606 apertum
3208 3532 3428 3604 quidem
3466 3533 3531 3585 iri

1952 3629 2180 3696 caelum,
2209 3628 2366 3697 juxta
2402 3627 2717 3685 Servatoris
2747 3643 2967 3691 vocem,
2998 3636 3315 3682 sanctorum
3341 3636 3531 3701 autem

1952 3720 2272 3791 angelorum
2308 3718 2535 3775 ordines
2578 3733 2913 3775 ascensuros
2941 3733 3005 3773 ac
3033 3719 3407 3773 descensuros
3448 3732 3535 3769 su-

1953 3829 2049 3885 pra
2072 3812 2269 3868 Filium
2296 3812 2539 3867 hominis
2571 3813 2641 3868 ".
2671 3811 2809 3869 Cum
2842 3820 2924 3866 tot
2956 3812 3130 3883 igitur
3161 3811 3302 3865 bona
3336 3823 3532 3878 exspe-

1953 3914 2261 3971 ctarentur,
2297 3922 2363 3961 ac
2405 3915 2513 3961 tam
2545 3905 2696 3960 clara
2750 3921 2877 3975 spes
2917 3904 3078 3959 nobis
3114 3920 3207 3973 per
3236 3902 3534 3957 salutarem

1954 4013 2178 4053 crucem
2232 4013 2431 4053 rursus
2462 3996 2819 4062 excitaretur,
2853 3995 3133 4066 quomodo
3167 4008 3394 4049 necesse
3426 4009 3534 4047 non

1954 4098 2071 4147 erat
2101 4098 2162 4144 nt
2188 4091 2281 4162 qui
2316 4099 2565 4146 nostram
2598 4089 2834 4144 salutem
2866 4096 3153 4158 tantopere
3187 4084 3538 4156 optabat,at-

1952 4200 2060 4256 que
2082 4199 2204 4239 eam
2223 4184 2294 4239 ob
2316 4198 2429 4239 rem
2460 4182 2643 4238 factus
2668 4189 2787 4237 erat
2811 4181 2980 4236 homo
3004 4179 3164 4236 sicuti
3188 4194 3310 4246 nos,
3332 4178 3540 4248 absque

1954 4283 2205 4347 peccato,
2238 4274 2648 4344 optatissimum
2699 4273 2805 4327 hoc
2839 4282 3054 4342 tempus
3096 4269 3285 4325 videre
3343 4284 3539 4340 porcus

1956 4370 2149 4441 peret?
2186 4368 2291 4435 Qui
2335 4383 2468 4422 vero
2525 4382 2757 4422 necesse
2810 4382 2919 4420 non
2972 4372 3093 4421 erat
3146 4372 3206 4418 ut
3260 4363 3355 4433 qui
3412 4362 3540 4416 mali

1960 4458 2099 4513 nihil
2130 4466 2385 4521 noverat,
2427 4456 2717 4511 diabolica:
2765 4456 3028 4527 nequitiae
3059 4454 3374 4509 molitiones
3408 4468 3540 4507 cou-

264 4554 356 4606 καὶ
381 4550 704 4620 ἀνοίγεσθαι
746 4550 841 4620 μὲν
878 4547 1163 4619 οὐρανοὺς,
1192 4546 1331 4599 κατὰ
1358 4546 1459 4616 τὴν
1480 4545 1575 4598 τοῦ
1607 4546 1849 4617 Σωτῆρος

1962 4559 2252 4614 temneret,
2275 4558 2328 4604 et
2353 4550 2418 4604 ad
2447 4559 2557 4603 tam
2593 4549 2757 4603 clarae
2782 4547 3102 4604 festivitatis
3132 4546 3539 4617 Optatissimum

265 4647 452 4715 φωνήν
475 4663 491 4677 ο
538 4644 609 4697 τὰ
636 4643 692 4696 δὲ
718 4643 827 4695 τῶν
862 4641 1035 4709 ἀγίων
1064 4639 1313 4709 ἀγγέλων
1339 4638 1597 4707 τάγματα
1630 4638 1856 4692 ἀναϐαί-

265 4754 392 4801 νειν,
444 4738 549 4790 καὶ
588 4736 938 4790 καταϐαίνειν
977 4738 1067 4790 ἐπὶ
1098 4737 1192 4790 τὸν
1233 4738 1363 4790 Υίδν
1405 4737 1497 4789 τοῦ
1543 4736 1852 4810 ἀνθρώπου.

266 4824 397 4880 Εἶτα
444 4826 743 4891 τοσούτων,
795 4826 918 4880 είπέ
968 4844 1077 4897 μοι,
1115 4826 1583 4897 προσδοκωμένων
1614 4828 1854 4896 ἀγαθῶν,

264 4920 357 4973 καὶ
386 4920 661 4991 λαμπρᾶς
691 4918 861 4983 οὕτως
896 4919 1109 4983 ἐλπίδος
1154 4919 1585 4990 ἀνατικτομὲνης
1614 4922 1749 4991 ἡμῖν
1773 4921 1860 4974 διὰ

267 5010 359 5064 τοῦ
386 5010 663 5083 σωτηρίου
692 5010 927 5082 σταυροῦ
953 5028 965 5039 ’
1000 5010 1116 5075 πῶς
1149 5011 1248 5063 οὐκ
1275 5010 1381 5063 ἔδει
1410 5010 1501 5063 τὸν
1534 5011 1633 5082 τὴν
1662 5013 1860 5082 ἡμετέ-

277 5121 373 5173 ραν
414 5105 724 5176 διψήσαντα
777 5104 1073 5176 σωτηρίαν,
1123 5104 1213 5159 διά
1260 5121 1317 5157 τε
1352 5104 1513 5159 τοῦτο
1556 5105 1678 5159 καθ’
1714 5108 1859 5177 ἡμᾶς

275 5196 533 5264 γεγονότα
559 5196 730 5267 χωρὶς
754 5195 1052 5267 ἁμαρτίας,
1082 5195 1171 5248 τὸν
1192 5193 1337 5248 οὕτω
1364 5193 1688 5265 τριπόθητον
1714 5196 1863 5248 ἐπεί-

276 5290 465 5356 γεσθαι
513 5290 735 5359 βλέπειν
784 5289 884 5358 ἤδη
939 5287 1180 5359 παρόντα
1226 5286 1449 5356 καιρόν;
1504 5286 1629 5351 Πῶς
1665 5287 1720 5340 δὲ
1763 5289 1863 5343 οῦκ

279 5378 445 5449 ἐχρῆν
494 5380 589 5434 τὸν
638 5378 791 5432 οὐδὲν
852 5378 1030 5432 εἰδότα
1088 5378 1259 5432 κακὸν
1306 5381 1717 5450 καταφρονῆσαι
1765 5380 1864 5449 μὲν

278 5470 387 5522 τῶν
418 5471 482 5524 ὲκ
514 5470 829 5541 διαϐολικῆς
862 5470 1199 5541 κακουργίας
1238 5470 1675 5539 ἐσκευασμένων,
1712 5471 1863 5523 ἐπεί-

281 5562 474 5629 γεσθαι
525 5563 583 5615 δὲ
620 5563 821 5633 μᾶλλον
864 5562 1037 5615 ἐλθεῖν
1082 5564 1163 5625 είς
1202 5562 1293 5615 τὸν
1321 5561 1643 5633 τριπόθητον
1674 5564 1865 5634 καιρὸν

283 5656 376 5726 τῆς
404 5655 549 5709 οὕτω
577 5656 837 5729 λαμπρᾶς
865 5657 1055 5727 ἑορτῆς
1080 5672 1093 5719 ;
1136 5657 1249 5709 Οὐκ
1290 5655 1448 5709 εἰδότι
1477 5656 1764 5729 τοιγαροῦν
1790 5658 1867 5726 τῷ

1961 4658 2179 4716 tempus
2231 4646 2589 4716 preperaret?
2637 4641 2916 4713 lgnoranti
2974 4654 3108 4710 ergo
3164 4639 3383 4692 Satanae
3439 4635 3541 4689 sibi

1962 4739 2167 4795 bellum
2237 4738 2441 4808 parari,
2498 4736 2879 4803 nescientiqne
2950 4746 3182 4801 prorsus
3235 4730 3543 4800 patibulum

1962 4830 2144 4887 erucis
2168 4829 2431 4886 struendo
2460 4828 2591 4883 dare
2617 4827 2859 4896 seipsnm
2900 4823 3257 4893 prmeipitem,
3284 4820 3546 4878 Servator

1960 4924 2141 4978 aiebat
2181 4946 2193 4977 ι
2236 4939 2255 4972 ι
2291 4920 2447 4986 Quod
2503 4919 2661 4983 facis,
2702 4918 2786 4971 fac
2836 4916 3024 4970 citius.
3067 4932 3084 4964 ι
3134 4913 3547 4969 lnterminantis

1963 5015 2108 5070 enim
2164 5012 2349 5083 potius
2388 5027 2551 5081 quam
2606 5006 2952 5062 adhortantis
2997 5013 3082 5061 est
3126 5005 3321 5061 oratio.
3349 5005 3547 5073 Quem-

1965 5104 2284 5170 admodum,
2326 5104 2471 5159 enim
2528 5102 2573 5155 si
2643 5100 2766 5169 quis
2820 5098 3038 5168 juvenis
3087 5098 3284 5170 insigni
3352 5098 3549 5153 robore

1964 5198 2228 5268 praeditus
2277 5198 2580 5251 irruentem
2626 5206 2825 5263 magno
2878 5192 3084 5263 impetu
3139 5192 3433 5262 quemdam
3471 5192 3551 5246 vi-

1966 5290 2135 5353 derit.
2175 5299 2231 5346 et
2276 5298 2436 5343 acuta
2483 5286 2663 5342 securi
2705 5286 2914 5341 dextra:
2943 5293 3153 5356 aptata,
3186 5300 3395 5355 gnarus
3430 5299 3459 5337 a
3492 5298 3551 5339 se

1969 5383 2316 5438 interfectum
2336 5381 2401 5435 iri
2419 5377 2822 5443 adversarium,
2842 5377 3135 5445 exclamet,
3162 5395 3180 5427 ι
3214 5374 3369 5440 Quod
3390 5373 3547 5436 facis,

1969 5471 2056 5526 fac
2085 5472 2290 5537 icilius,
2331 5490 2349 5523 ι
2389 5470 2672 5540 experiere
2710 5470 2856 5525 enim
2898 5469 3105 5523 dextrae
3154 5482 3292 5523 mea:
3341 5467 3547 5526 robur,

1972 5580 2133 5621 nemo
2167 5574 2315 5621 certe
2344 5565 2545 5620 dixerit
2577 5580 2765 5620 vocem
2798 5564 2937 5618 hanc
2968 5578 3092 5617 esse
3123 5560 3259 5615 mori
3287 5556 3548 5617 volentis.

1974 5658 2066 5714 scd
2100 5658 2441 5715 nraeseientis
2498 5658 2677 5714 notius
2718 5657 2785 5712 dc
2818 5654 3142 5711 adversario
3165 5648 3451 5707 victoriam
3492 5662 3551 5703 se

356 5842 399 5872 "
439 5841 577 5895 Gen.
621 5856 717 5897 ιιι.
756 5840 838 5896 l9.
921 5841 963 5871 ⁸³
1006 5839 1153 5895 l’sal.
1190 5858 1304 5905 ut,
1344 5842 1425 5896 42.
1506 5844 1546 5871 ³⁸
1588 5838 1743 5894 ίοςιιι.
1787 5856 1835 5904 ι,
1874 5838 1960 5895 5!.-
