4144 6478
699 400 797 455 147

1698 397 1754 452 S.
1791 397 2076 454 CYIilLLl
2115 401 2269 455 ALE}

2377 401 2592 458 iDR-INI
2622 399 2946 457 ABGHIEP.
3878 401 3966 458 IIS

696 518 1108 584 reportaturum
1143 531 1156 567 :
1191 513 1267 568 ita
1303 513 1571 569 Dominus
1603 521 1792 569 noster
1821 513 1982 572 Jesus
2013 517 2269 572 Christus

2377 517 2614 588 Σατανᾷ,
2668 517 2751 570 ὅτι
2779 518 2878 587 τῆς
2922 513 3120 569 ἑαυτοῦ
3160 512 3671 584 καταστρατεύεται
3716 513 3959 585 κεφαλῆς,

695 601 1033 657 contendere
1067 617 1234 658 cursu
1265 602 1672 673 quodammodo
1716 602 1875 672 jubet
1909 603 2170 660 Satanam
2204 605 2272 660 ad

695 694 973 751 nefarium
1028 711 1190 751 suum
1247 694 1484 750 facinus.
1516 693 1637 748 iam
1670 695 1818 750 enim
1867 697 2070 752 elliciet
2108 707 2171 753 ut
2195 699 2274 753 vi-

697 785 895 843 deatur
939 788 996 843 in
1051 803 1300 858 praeceps
1341 787 1506 842 datus
1563 787 1850 844 hominum
1907 789 2177 862 perditor,
2221 800 2276 847 et

696 879 852 936 orbis
879 889 1148 934 terrarum
1178 879 1394 950 tyranni
1424 879 1575 936 illius
1605 893 1670 934 ac
1691 879 1923 938 victoris
1949 882 2275 954 impotentia

697 971 986 1038 liberetur,
1017 987 1180 1042 quem
1224 970 1416 1027 fraude
1458 987 1561 1028 sua
1585 973 1888 1042 oppressit,
1910 984 1970 1030 ut
1998 984 2054 1030 et
2080 991 2112 1030 a
2144 991 2275 1032 vera

697 1064 752 1118 in
788 1063 960 1119 Deum
1017 1063 1123 1119 fide
1161 1073 1436 1120 avocaret.
1469 1065 1732 1136 Ignorant
1788 1081 1956 1137 porro
2014 1068 2273 1138 discipuli

696 1156 801 1208 vim
833 1156 1126 1217 sermonis.
1155 1171 1268 1212 non
1301 1157 1422 1214 sine
1451 1159 1654 1224 divina,
1688 1165 1746 1213 ut
1770 1160 2012 1229 videtur,
2048 1163 2273 1217 ordina-

695 1249 842 1301 tione
891 1247 1114 1302 Christo
1170 1247 1316 1303 hanc
1365 1248 1480 1305 illis
1533 1264 1644 1304 non
1710 1251 2177 1307 revelanteznam
2222 1262 2278 1308 et

694 1337 820 1392 alibi
856 1347 1291 1408 pmmonstrare
1325 1339 1545 1397 videtur
1577 1357 1637 1398 se
1662 1344 1930 1398 traditum
1960 1345 2033 1399 iri
2067 1345 2126 1400 in
2160 1360 2277 1400 ma-

694 1445 798 1484 nus
835 1440 1214 1500 peccatorum,
1233 1440 1289 1488 et
1313 1433 1746 1504 cruciﬁgendum
1784 1449 1868 1499 se,
1902 1441 2070 1504 atque
2097 1434 2278 1491 inter-

695 1520 1016 1585 liciendum,
1047 1523 1247 1595 dieque
1286 1525 1450 1580 tertia
1490 1532 1934 1581 resurrecturum
1963 1527 2046 1594 '5;
2083 1541 2277 1581 verum

696 1615 1026 1684 praecipiens
1057 1617 1167 1672 illis
1217 1618 1296 1672 uti
1352 1619 1558 1674 nemini
1593 1634 1822 1689 prorsus
1860 1618 1977 1674 haec
2007 1617 2273 1675 dicerent.

696 1707 858 1778 742
892 1707 1204 1781 Principem
1235 1711 1439 1782 quippe
1463 1710 1648 1766 seaculi
1698 1709 1864 1780 hujus
1911 1710 2090 1766 celare
2119 1724 2274 1765 suam

697 1811 951 1856 naturam
991 1804 1095 1858 sibi
1149 1813 1533 1875 proposuerat,
1560 1811 1620 1858 ut
1654 1811 1710 1859 et
1739 1803 1960 1860 veniens
1989 1802 2272 1874 crucifigeo

2376 609 2708 681 ἀγνοήσαντί
2755 625 2818 662 τε
2866 607 3170 672 παντελῶς,
3204 608 3286 661 δτι
3318 605 3463 661 κατά
3490 603 3755 677 κρημνοῦ
3779 606 3959 675 τρέχει,

2376 703 2470 757 τὸν
2508 703 2603 756 ἐπὶ
2636 701 2730 755 τοῦ
2776 700 3012 770 σταυροῦ
3049 699 3316 774 διαπήξας
3359 699 3630 764 θάνατον,
3690 699 3960 767 ἔφασκενό

2379 794 2570 865 Σωτήρ
2597 810 2612 826 ο
2655 811 2674 845 ι
2701 795 2768 846 Ὃ
2796 795 2993 858 ποιεῖς,
3035 793 3262 864 ποίησον
3289 791 3499 862 τάχιον.
3530 809 3548 842 ι
3596 789 3960 854 Ἀπειλοῦντος

2377 887 2489 958 γὰρ
2519 885 2779 957 μᾶλλονῆ
2828 884 3230 956 προτρέποντος
3271 886 3300 938 ό
3349 883 3509 952 λόγος
3552 881 3738 936 ἐστίν.
3775 881 3958 953 Ὠσπερ

2378 977 2488 1049 γὰρ
2529 977 2746 1042 νεανίας
2792 978 2900 1048 πρὸ
2937 977 3099 1050 ἥϐης,
3150 975 3249 1031 καὶ
3283 976 3469 1039 καλὸς,
3509 975 3612 1029 καὶ
3659 973 3958 1045 σφριγῶσαν

2379 1071 2518 1142 ἔχων
2563 1071 2622 1122 ἐν
2665 1068 2744 1139 τῷ
2796 1069 3010 1139 σώματι
3052 1067 3304 1140 δύναμιν,
3350 1066 3495 1137 δρῶν
3540 1065 3648 1136 μὲν
3681 1065 3772 1132 ἐφ’
3805 1064 3955 1135 ἐαυτῷ

2376 1161 2634 1233 δρομαῖον
2665 1159 2812 1214 ἰόντα
2833 1158 2974 1222 τινὰ,
3001 1158 3114 1225 ὀξεῖ
3138 1158 3196 1212 δὲ
3229 1157 3459 1212 πελέκει
3475 1157 3576 1226 τὴν
3605 1153 3796 1221 δεξιὰν
3825 1154 3956 1223 ἐναρ-

2381 1253 2574 1323 μόσας,
2626 1251 2719 1306 καὶ
2797 1248 2955 1314 εἰδὼς
3013 1250 3097 1304 ὅτι
3155 1250 3465 1320 τεθνήξεται
3513 1248 3749 1310 πάντως
3793 1245 3952 1314 ἐλθὼν,

2379 1343 2782 1414 ἀναφθέγγοιτο
2823 1342 3006 1413 τυχὸν,
3063 1345 3130 1396 Ὂ
3160 1345 3361 1406 ποιεῖς,
3403 1342 3546 1398 ποίει
3573 1340 3776 1411 τάχιον
3801 1355 3816 1370 ·
3859 1338 3954 1408 ὄψει

2377 1436 2490 1508 γάρ
2516 1436 2618 1506 τῆς
2669 1435 2811 1506 ἐμῆς
2842 1435 3025 1500 δεξιᾶς
3050 1435 3150 1507 τὴν
3185 1434 3420 1506 δύναμιν
3443 1450 3458 1466 ο
3507 1435 3608 1488 καὶ
3644 1433 3712 1486 οὐ
3761 1431 3824 1502 δή
3873 1448 3950 1484 που

2377 1528 2637 1582 τεθνᾶναι
2667 1528 3060 1592 σπουδάζοντος
3103 1527 3219 1598 ἐρεῖ
3245 1543 3330 1590 τις
3354 1525 3417 1579 τδ
3447 1525 3626 1597 ῥῆμα,
3669 1523 3952 1595 προειδότος

2379 1621 2437 1674 δὲ
2472 1619 2674 1691 μᾶλλον
2720 1621 2803 1674 ὅτι
2850 1621 3086 1691 νικήσει,
3136 1618 3232 1673 καί
3280 1619 3569 1690 περιέσται
3627 1615 3730 1671 τοῦ
3779 1615 3951 1669 κακοῦν

2379 1711 2656 1775 ἐθέλοντος
2706 1711 2908 1766 αὐτόν·
2954 1711 3126 1776 οὕτως
3179 1712 3211 1764 ό
3249 1710 3454 1783 Κύριος
3507 1709 3677 1782 ήμῶν
3716 1708 3950 1779 Ἰησοῦςό

2379 1804 2646 1876 Χριστὸς,
2699 1801 2942 1874 ὀξυτέρῳ
2982 1802 3187 1874 τρόπον
3231 1802 3356 1857 τινὰ
3407 1801 3724 1874 κεχρῆσθαι
3770 1799 3949 1854 κελεύει

696 1905 870 1958 retur,
921 1905 973 1951 ct
1030 1897 1084 1951 in
1131 1913 1350 1953 crucem
1412 1904 1570 1952 actus
1609 1904 1843 1952 mortem
1889 1902 2184 1960 everteret,
2223 1904 2269 1949 et

2377 1893 2564 1965 δρόμῳ
2605 1892 2700 1946 τὸν
2750 1893 2998 1946 Σατανᾶν
3042 1893 3126 1956 εἰς
3176 1891 3248 1946 τὰ
3295 1893 3382 1945 ἐπ’
3427 1891 3579 1962 αὐτῷ
3630 1890 3946 1962 τολμήματα.

693 1987 1048 2044 credentibus
1102 1989 1157 2043 in
1213 2005 1338 2044 eum
1391 1990 1626 2045 salutem
1686 1989 1996 2059 perliceret.
2026 1986 2269 2042 Occulta.

2377 1986 2552 2053 Δείξει
2598 1985 2708 2056 γὰρ
2751 1984 2854 2056 ήδη
2914 1985 3152 2038 πεσόντα
3201 1983 3468 2053 γελᾶσθαι
3523 1983 3622 2036 τὸν
3679 1980 3944 2052 ἀλιτήριον,

693 2077 864 2147 igitur
894 2079 1162 2150 singulari
1193 2097 1256 2136 ac
1294 2080 1486 2137 divino
1515 2080 1751 2136 consilio
1782 2081 2052 2150 pleraque
2088 2092 2269 2134 eoruir

2377 2078 2669 2150 ἐλευθέραν
2700 2094 2763 2131 τε
2797 2077 2899 2148 τὴν
2923 2074 3250 2147 οἰκουμόνην
3283 2075 3410 2129 ἰδεῖν
3437 2074 3532 2129 τοῦ
3561 2073 3745 2128 πάλαι
3774 2071 3944 2143 κρατή-

692 2185 813 2236 qua:
841 2170 1123 2227 dicuntur.
1153 2171 1375 2228 Sciebat
1429 2173 1602 2237 enim,
1637 2180 1694 2226 ut
1728 2171 1895 2238 Deus,
1933 2186 2268 2243 quaecunqut

2377 2187 2570 2235 σαντος
2593 2171 2658 2224 ἐκ
2688 2168 3004 2234 πλεονεξίας
3032 2167 3128 2222 καὶ
3149 2167 3518 2237 νενικηκότος,
3543 2167 3626 2229 ὡς
3647 2165 3710 2230 ἐξ
3739 2165 3942 2232 ἀπάτης.

693 2261 1093 2320 conducerent.

2377 2261 2447 2327 ὡς
2472 2262 2568 2316 καὶ
2609 2264 2710 2330 τῆς
2755 2261 2834 2325 εἰς
2867 2259 3001 2314 Θεὸν
3033 2258 3344 2329 ἀποστῆσαι
3375 2257 3640 2323 πίστεως.
3685 2252 3938 2325 Ἀγνοοῦσε

691 2367 757 2418 γε
803 2353 910 2423 μὴν
943 2356 992 2408 οἰ
1067 2357 1307 2429 μαθηταὶ
1377 2359 1473 2413 τοῦ
1521 2359 1680 2429 λόγου
1725 2358 1826 2430 τὴν
1902 2358 2152 2430 δύναμιν,
2198 2355 2592 2428 οἰκονομικῶς,
2640 2355 2718 2419 ὡς
2766 2354 2936 2419 εἰκὸς,
2983 2354 3090 2408 aint
3134 2351 3588 2423 ἀποκαλύψαντος
3649 2351 3829 2414 αὐτοῖς
3871 2344 3942 2399 τοῦ

691 2444 950 2514 Χριστοῦ,
986 2449 1108 2502 ἐπεὶ
1141 2451 1234 2504 καὶ
1267 2452 1326 2504 ἐν
1360 2451 1570 2521 ἑτέροις
1601 2453 1850 2522 φαίνεται
1898 2450 2271 2523 προδιδάσκων
2311 2449 2430 2520 μὲν,
2464 2449 2547 2502 ὅτι
2593 2446 3035 2519 παραδοθήσεται
3080 2446 3160 2510 εἰς
3225 2447 3412 2518 χεῖρας
3446 2444 3814 2518 ἁμαρτωλῶν,
3867 2440 3941 2493 καί

691 2537 773 2588 δτι
803 2541 1272 2615 σταυρωθήσεται,
1295 2543 1387 2597 καὶ
1408 2544 1902 2615 ἀποκτανθήσεται,
1924 2545 2018 2597 καί
2043 2543 2404 2614 ἀναστήσεται
2435 2541 2500 2610 τῇ
2528 2538 2714 2610 ἡμέρᾳ
2739 2540 2804 2609 τῇ
2867 2538 3026 2609 τρίτῃ
3053 2554 3068 2568 ο
3137 2527 3609 2608 παρεγγυώμενοε
3645 2537 3706 2589 δὲ
3773 2530 3930 2604 μηδειά

691 2632 752 2683 τὸ
789 2635 1049 2704 παράπαν
1077 2636 1302 2690 τοιαῦτα
1334 2638 1532 2691 λαλεῖν,
1571 2637 1779 2702 Σκοπὸς
1816 2636 1924 2708 γὰρ
1949 2631 2018 2707 ἦν
2089 2633 2236 2704 αὐτῷ
2301 2631 2484 2685 λαθεῖν
2522 2631 2612 2684 τὸν
2658 2629 2896 2700 ἄρχοντα
2947 2627 3043 2681 τοῦ
3090 2627 3287 2690 αἰῶνος
3330 2627 3524 2680 τούτου
3549 2669 3565 2693 ,
3621 2627 3710 2690 τίς
3756 2620 3938 2692 άληθῶς

691 2722 832 2794 κατᾲ
877 2712 1048 2794 ’φύσιν
1097 2727 1266 2792 ἐστὶν,
1317 2727 1404 2780 ἵνα
1454 2726 1551 2780 καὶ
1600 2725 1770 2779 ἐλθὼν
1825 2725 2136 2796 σταυρωθῇ,
2182 2721 2278 2775 καὶ
2315 2718 2654 2789 σταυρωθεὶς
2716 2718 2881 2789 ἀνέλῃ
2925 2718 3018 2771 τὸν
3063 2717 3314 2781 θάνατον,
3363 2717 3460 2770 καὶ
3498 2720 3618 2781 τοῖς
3663 2718 3746 2779 εἰς
3807 2713 3938 2766 αὐτὸν

690 2817 1004 2884 πιστεύουσι
1057 2817 1382 2890 κατορθώσῃ
1427 2819 1524 2889 τὴν
1574 2818 1868 2888 σωτηρίαν.
1899 2815 2295 2888 Κατακρύπτει
2334 2810 2622 2883 τοιγαροῦν
2684 2812 3041 2884 οἰκονομικῶς
3079 2811 3147 2864 τὰ
3193 2809 3421 2864 πλεῖστα
3467 2811 3580 2865 τῶν
3641 2811 3934 2881 λεγομένων.

693 2915 877 2966 Πάντα
913 2913 1021 2981 γὰρ
1055 2907 1212 2974 οἶδεν,
1241 2911 1317 2972 ὡς
1351 2896 1502 2971 Θεὸς,
1532 2910 1602 2962 τὰ
1630 2910 2002 2980 συμφέροντα.

761 3003 904 3067 XIII,
931 3003 1024 3059 29.
1053 3002 1281 3067 Quidam
1304 3003 1441 3056 enim
1479 3002 1760 3070 putabant,
1789 3005 1914 3071 quia
1947 3004 2148 3057 (oculos
2183 3002 2252 3054 Im

2454 2997 2618 3063 Τινὲς
2649 2996 2716 3050 δὲ
2747 2996 3024 3060 ἐδόκουν,
3058 2996 3190 3051 ἐπεὶ
3224 2998 3292 3053 τὸ
3327 2998 3776 3066 γλωσσόκομον
3803 2990 3934 3062 εἶχεν

691 3095 866 3154 ὺιιύαι,
907 3091 1046 3163 quod
1095 3091 1319 3145 dixisset
1366 3092 1412 3145 ei
1449 3082 1608 3145 Jesus
1640 3108 1658 3145 :
1697 3090 1825 3145 Eme
1873 3107 1936 3146 ea
1975 3107 2094 3163 qua:
2142 3107 2269 3160 opus

2381 3091 2413 3142 ὀ
2459 3087 2708 3154 Ἰούδας,
2731 3088 2818 3141 ὅτι
2847 3084 3017 3141 εἶπεν
3039 3087 3202 3153 αὑτῷ
3231 3091 3264 3142 d
3305 3085 3548 3155 Ἰησοῦς
3572 3103 3585 3116 ·
3643 3086 3936 3153 Ἀγόρασον

691 3198 812 3241 sunt
846 3186 996 3241 nobis
1049 3187 1118 3240 ad
1163 3185 1301 3239 diem
1340 3184 1533 3254 festum
1570 3201 1588 3238 :
1616 3193 1709 3239 aut
1746 3189 1920 3256 egenis
1967 3195 2023 3249 ut
2065 3184 2269 3253 aliquid

2377 3173 2466 3232 ὧν
2488 3179 2698 3248 χρείαν
2726 3178 2950 3247 ἔχομεν
2993 3181 3082 3246 εἰς
3131 3178 3248 3234 τὴν
3277 3178 3499 3248 ἑορτὴν
3518 3221 3532 3246 ,
3570 3180 3610 3250 ἢ
3652 3181 3776 3248 τοῖς
3801 3195 3928 3233 πτωρ

689 3279 866 3331 duret.

2381 3271 2515 3342 χοῒς
2546 3272 2648 3326 ἵνα
2675 3288 2731 3326 τι
2760 3271 2864 3337 δῷ.

759 3369 896 3422 Cum
929 3384 1038 3424 non
1073 3369 1444 3440 intelligerent
1477 3368 1738 3439 discipuli
1770 3369 1902 3439 quid
1932 3368 2038 3435 sibi
2070 3367 2269 3423 vellent

2381 3334 2418 3342 ﬂ
2449 3334 2524 3417 Ού
2566 3334 2842 3429 συνιέντες
2873 3366 2924 3418 οἱ
2970 3364 3212 3437 μαθηταί
3257 3364 3353 3419 τοῦ
3387 3334 3691 3440 λόγουτήν
3718 3366 3929 3436 δύναμιν,

693 3459 857 3513 verba
903 3457 1241 3525 Servatoris,
1267 3459 1334 3514 ad
1373 3459 1672 3514 familiares
1705 3467 1760 3514 et
1789 3459 2040 3530 vulgaltas
2087 3458 2269 3528 suspi-

691 3553 881 3618 ciones
930 3560 1217 3608 vertuntur
1250 3553 1420 3619 illico,
1449 3561 1504 3608 et
1544 3569 1667 3624 quae
1704 3551 1965 3607 Servator
2005 3551 2273 3620 imperare

691 3645 926 3710 solebat,
957 3645 1074 3701 haec
1120 3661 1316 3714 rursus
1347 3662 1470 3702 eum
1510 3645 1755 3700 indicare
1787 3643 2133 3700 existimant.
2176 3639 2272 3696 Die

689 3750 926 3806 namque
970 3734 1112 3792 festo
1148 3735 1469 3791 imminente
1504 3733 1860 3790 crediderunt
1889 3731 1938 3786 ei
1979 3729 2075 3800 qui
2120 3743 2271 3782 mar-

689 3827 908 3898 supium
960 3828 1202 3885 habebat
1254 3828 1571 3892 mandatum
1617 3833 1678 3879 ut
1733 3822 1988 3880 nonnihil
2036 3828 2268 3884 emeret,

689 3921 836 3988 quod
864 3921 931 3974 ad
965 3919 1162 3976 festum
1190 3928 1338 3976 esset
1369 3919 1629 3975 idoneum
1664 3932 1681 3969 :
1709 3925 1804 3970 aut
1837 3924 2006 3980 certe,
2039 3913 2186 3983 quod
2219 3912 2268 3966 ei

690 4025 900 4080 n'iagme
947 4010 1218 4081 imprimis
1247 4024 1394 4067 curae
1429 4015 1568 4072 erat,
1613 4007 1941 4076 imperatum
1986 4013 2042 4058 ut
2081 4003 2271 4074 egenis

689 4117 756 4155 ex
794 4100 992 4156 oblatis
1032 4095 1196 4156 rebus
1241 4115 1341 4170 pro
1386 4114 1575 4154 earum
1609 4094 2060 4152 subministraret
2107 4093 2272 4149 modo

689 4193 1026 4248 necessaria.
1059 4194 1244 4247 Bonus
1272 4191 1416 4247 enim
1447 4205 1511 4244 ac
1542 4187 1862 4244 misericors
1896 4187 2184 4250 Dominus,
2215 4197 2271 4240 ιιι

689 4285 963 4354 scriptum
994 4295 1077 4340 est
1113 4285 1179 4338 ".
1208 4283 1544 4338 Praeclarum
1582 4294 1713 4335 vero
1741 4279 1900 4334 nobis
1933 4279 2099 4334 etiam
2132 4278 2270 4348 ipsis

686 4379 1000 4448 exemplum
1042 4376 1172 4430 hinc
1227 4374 1571 4445 proponitur.
1611 4370 1880 4442 Oportere
1932 4370 2135 4441 quippe
2183 4385 2272 4424 ar-

687 4469 864 4522 bitror
901 4475 962 4521 ut
991 4467 1085 4536 qui
1133 4481 1270 4536 pure
1315 4473 1370 4522 et
1412 4465 1567 4536 juxta
1610 4464 1706 4521 Dei
1755 4465 2016 4536 placitum
2066 4467 2268 4521 festum

687 4559 831 4623 diem
851 4575 1012 4629 agere
1043 4561 1254 4621 volunt,
1277 4573 1384 4613 non
1414 4559 1592 4614 solum
1626 4558 1830 4613 lzetitiaa
1860 4575 1975 4614 sua:
1996 4560 2268 4614 rationem

690 4651 947 4716 habeant,
988 4666 1164 4720 neque
1197 4649 1518 4720 provideant
1546 4649 1826 4720 quomodo.
1859 4649 1963 4705 soli
2000 4648 2104 4720 ipsi
2143 4665 2267 4704 cum

2374 3456 2468 3509 ἐπὶ
2498 3455 2598 3520 τὰς
2645 3456 2900 3528 συνήθεις
2944 3457 3205 3521 ὑπονοίας
3245 3457 3642 3530 εὐπετέστερον
3687 3457 3928 3530 τρέχουσι,

2374 3549 2470 3602 καὶ
2506 3548 2652 3620 ἅπερ
2704 3544 2775 3620 ἦν
2813 3547 2934 3612 ἐθος
2969 3547 3048 3618 τῷ
3099 3549 3313 3620 Σωτῆρι
3343 3553 3743 3620 προστάττειν,
3788 3546 3927 3601 ταῦτα

2374 3639 2539 3694 πάλιν
2575 3641 2738 3694 αύτδν
2767 3639 2972 3695 οἴονται
3002 3640 3218 3709 δηλοῦν.
3273 3643 3472 3711 Ἐγγὺς
3497 3644 3610 3715 γάρ
3653 3643 3814 3712 οὔσης
3849 3639 3926 3708 τῆς

2375 3731 2590 3801 ἑορτῆς,
2635 3731 3050 3801 προσεδόκησάν
3093 3731 3276 3784 τιτῶν
3309 3733 3389 3795 εἰς
3428 3733 3604 3805 αὐτὴν
3647 3728 3925 3800 ἐπιτηδείων

2376 3821 2707 3894 ἐκπρίασθαι
2751 3823 2995 3890 κελεύειν
3039 3825 3189 3898 αὐτῷ
3217 3824 3296 3896 τῷ
3330 3825 3722 3898 γλωσσόκομον
3762 3823 3924 3892 ἔχοντι.

2375 3914 2544 3984 ἦγουν
2595 3915 2831 3986 μάλιστα
2881 3916 2945 3970 τὸ
2983 3917 3132 3987 αὐτῷ
3184 3918 3663 3991 περισπούδαστον
3711 3913 3922 3980 ἐξανύσαι

2376 4007 2755 4078 προστάττειν,
2790 4008 2936 4062 τοῦτ’
2959 4007 3096 4072 ἐστι,
3121 4008 3191 4062 τὰ
3215 4012 3330 4073 τοῖς
3354 4009 3635 4080 δεομένοις
3661 4005 3922 4078 ἐπαρκέσαι

2374 4097 2670 4168 δυνάμενα,
2700 4099 2843 4153 κατά
2875 4117 2939 4168 γε
2963 4099 3023 4152 τὸ
3049 4099 3160 4152 τῶν
3189 4099 3718 4171 προσκομιζομένων
3739 4099 3918 4170 μέτρον.

2373 4191 2625 4262 Χρηστὸς
2669 4193 2778 4263 γὰρ
2817 4191 2912 4244 καὶ
2963 4191 3211 4262 ἐλεήμων
3237 4194 3266 4244 ό
3297 4191 3502 4264 Κύριος
3527 4232 3541 4254 ,
3589 4192 3729 4246 κατά
3768 4188 3820 4242 τὸ
3847 4200 3919 4252 γε-

2372 4283 2712 4354 γραμμένον.
2765 4284 3022 4353 Ἀριστος
3048 4283 3105 4336 δέ
3145 4283 3354 4356 σφόδρα
3404 4285 3502 4338 καί
3541 4285 3678 4354 ήμῖν
3714 4275 3920 4337 αὐτοῖςὀ

2372 4374 2465 4428 τοῦ
2523 4375 2851 4447 πράγματος
2899 4373 3260 4446 εὑρεθήσεται
3331 4375 3521 4440 τύπος.
3582 4377 3788 4448 Χρῆναι
3833 4368 3916 4437 γάρ

2372 4462 2527 4537 οἶμαι
2565 4467 2694 4531 τοὺς
2739 4465 3020 4538 ἑορτάζειν
3069 4466 3389 4531 ἐθέλοντας,
3449 4467 3714 4540 καθαρῶς
3753 4479 3807 4516 τε
3845 4459 3918 4511 καί

2374 4558 2716 4629 ἀρεσκόντως
2748 4558 2888 4630 Θεῷ.
2923 4559 3044 4629 οὐχὶ
3075 4558 3244 4629 μόνης
3268 4563 3368 4631 τῆς
3408 4560 3558 4629 σφῶν
3590 4558 3765 4615 αὐτῶν
3795 4549 3916 4604 εὐθν-

2379 4649 2506 4719 μίας
2544 4649 2814 4704 ποιεῖσθαι
2855 4649 3034 4719 λόγον,
3062 4649 3185 4704 ούδέ
3213 4652 3361 4715 ὅπως
3393 4651 3461 4706 ἂν
3490 4653 3648 4707 αύτοί
3682 4650 3770 4704 καί
3795 4644 3913 4714 μόνοι

687 4738 968 4791 hilaritate
999 4753 1124 4791 eum
1157 4748 1441 4810 peragant,
1469 4739 1567 4794 sed
1605 4739 1672 4793 ad
1704 4753 1894 4793 curam
1922 4753 2079 4795 suam
2108 4739 2269 4794 mise-

2377 4741 2662 4796 διατελοῖεν
2698 4741 2900 4814 ἰλαρῶς
2933 4743 3203 4812 προνοεῖν,
3254 4744 3684 4798 συναναπλὲκειν
3717 4740 3768 4793 δὲ
3805 4730 3908 4805 μᾶλο

687 4831 986 4885 ricordiam
1012 4833 1065 4886 in
1092 4847 1296 4903 egenos
1322 4833 1648 4905 adjungant.
1672 4831 1826 4886 Tunc
1854 4833 1998 4888 enim
2031 4833 2267 4886 aliorum

688 4937 817 4994 erga
852 4923 990 4979 alios
1022 4924 1336 4980 dilectionis
1381 4925 1556 4996 legem
1589 4924 1902 4993 implentes,
1943 4923 2145 4979 festum
2181 4939 2269 4978 re-

689 5032 816 5071 vera
869 5017 1114 5086 spiritale
1171 5018 1455 5091 Servatori
1503 5018 1732 5073 Christo
1780 5032 2126 5088 peragamus.
2181 5015 2270 5069 Ial-

686 5109 840 5163 νει-ρο
875 5121 928 5164 et
963 5111 1048 5165 lex
1084 5111 1214 5164 olim
1260 5110 1466 5166 Iudaeis
1515 5111 1715 5165 tradita
1755 5109 1823 5165 de
1857 5125 2057 5164 manna
2111 5111 2268 5164 colli-

684 5201 885 5269 gendo,
929 5217 1038 5256 non
1075 5202 1254 5258 solum
1297 5203 1402 5258 sibi
1455 5204 1715 5274 colligere
1760 5202 2030 5273 permittit
2062 5202 2132 5256 iis
2174 5203 2266 5272 qui

686 5299 867 5348 facere
901 5293 1049 5349 istud
1092 5295 1355 5365 possint:
1395 5293 1786 5368 Unusquisque
1831 5295 2003 5360 enim,
2053 5295 2264 5366 inquit,

681 5395 736 5442 ct
767 5388 1260 5443 contubernalibus
1294 5387 1496 5444 vestris
1535 5388 1774 5458 colligite
1803 5388 1870 5445 ".
1899 5387 2035 5442 Nam
2073 5389 2119 5444 si
2161 5389 2265 5442 ali-

682 5479 809 5551 quis
845 5481 1326 5536 contuhernalium
1360 5479 1579 5547 viribus
1609 5479 1906 5543 caruisset,
1929 5479 2136 5550 quibus
2172 5494 2262 5532 ro-

686 5573 789 5625 bur
841 5573 1115 5644 integrum
1178 5580 1319 5640 erat,
1361 5571 1471 5626 vim
1525 5585 1680 5638 suam
1736 5571 1788 5627 ci
1854 5572 2262 5642 quodammodo

685 5664 1123 5729 commodantcs,
1162 5679 1269 5719 una
1315 5679 1575 5720 mensura
1615 5679 1713 5718 sua
1752 5663 1917 5718 ctiam
1956 5663 2104 5733 quod
2136 5662 2261 5716 aliis

680 5755 950 5810 sittlicerct
993 5757 1440 5826 comportabant,
1489 5763 1571 5820 ut,
1608 5755 1764 5825 juxta
1799 5753 2142 5823 Scripturam
2176 5756 2243 5815 9",

754 5849 798 5882 "
841 5849 1030 5916 Matth.
1068 5867 1212 5922 xvu,
1245 5852 1350 5924 2|,
1383 5851 1495 5922 9.2;
1533 5850 1666 5907 Luc.
1704 5863 1852 5915 xxiv,
1893 5849 1941 5906 7.

2022 5851 2066 5881 θε
2108 5847 2221 5903 ιυυι
2289 5865 2360 5920 ιι,
2399 5850 2482 5905 £5.
2562 5851 2604 5883 ⁵⁷
2648 5850 2819 5906 Exod.
2857 5867 2984 5905 xvi.
3022 5851 3088 5903 lt:

2369 4832 2458 4886 λον
2494 4835 2561 4904 τῇ
2588 4832 3044 4906 οἰκείᾳ,φροντίδι
3068 4873 3082 4899 ,
3119 4835 3218 4888 καὶ
3259 4835 3362 4907 τὴν
3396 4836 3488 4888 ἐπὶ
3534 4839 3650 4900 τοῖς
3678 4826 3911 4900 δεομένοις

2367 4923 2553 4994 φειδώ.
2587 4925 2723 4978 Τότε
2755 4923 2886 4996 γὰρ,
2912 4924 3037 4978 τότε
3062 4926 3153 4980 τὸν
3193 4927 3296 4996 τῆς
3326 4927 3409 4991 εἰς
3439 4927 3701 4999 ἀλλήλους
3725 4917 3907 4987 ἀγάπης

2367 5017 2820 5090 ἁποπληροῦντες
2853 5017 3090 5088 θεσμὸν,
3125 5020 3321 5091 ἑορτὴν
3359 5020 3529 5085 ὄντως
3572 5005 3909 5086 πνευματικὴν

2366 5108 2756 5180 ἐπιτελέσομεν
2795 5108 2874 5179 τῷ
2905 5109 3118 5181 Σωτῆρι
3162 5110 3406 5183 Χριστῷ.
3455 5112 3740 5182 Τοιγάρτοι
3780 5098 3856 5154 καὶ

2371 5202 2542 5256 πάλαι
2573 5204 2689 5266 τοῖς
2729 5201 3004 5266 Ἰουδαίοις
3035 5182 3440 5268 διακελευσθείς
3473 5203 3637 5273 νόμος
3668 5201 3722 5252 ὲν
3754 5195 3812 5262 τῇ
3834 5182 3905 5240 τειῦ

2373 5295 2550 5366 μάννα
2585 5295 2912 5366 συγκομιδῇ,
2933 5295 2994 5348 ού
3024 5295 3207 5366 μόνοις
3236 5296 3424 5360 αὐτοῖς
3453 5295 3640 5366 ἐφίησι
3671 5285 3904 5348 συλλέγειν

2367 5386 2495 5449 τοὺς
2548 5385 2709 5440 τοῦτο
2761 5386 3022 5458 πράττειν
3092 5387 3376 5459 ἰσχύοντας
3403 5404 3418 5420 ·
3481 5388 3745 5443 Ἕκαστος
3800 5372 3901 5462 γὰο.

2369 5479 2536 5548 φησιν
2573 5478 2808 5542 καὶτοῖς
2848 5484 3140 5547 συσκήνοις
3188 5480 3344 5550 ὑμῶν
3387 5478 3696 5543 cumam.
3734 5470 3788 5524 Ei
3816 5473 3902 5529 γαρ

2365 5587 2449 5632 τις
2500 5571 2731 5641 ήτόνησε
2772 5571 2881 5625 τῶν
2927 5574 3250 5644 ὁμοσκήνων
3299 5573 3525 5639 αὐτοῖς,
3568 5573 3616 5624 οἱ
3669 5566 3737 5638 μὴ
3775 5553 3902 5611 τοῦτ’)

2371 5665 2718 5729 πεπονθότες,
2744 5666 3038 5736 κιχρῶντες
3061 5666 3250 5739 ὥσπερ
3279 5665 3430 5738 αὐτῷ
3452 5667 3549 5738 τὴν
3595 5663 3723 5720 ἰδίαν
3752 5649 3894 5720 ῐηίῦνο

2362 5756 2715 5827 συνεκόμιζον
2755 5756 2834 5828 τῷ
2867 5759 3055 5830 οἰκείῳ
3083 5760 3266 5831 μέτρῳ
3287 5801 3300 5824 ,
3333 5759 3428 5813 καὶ
3479 5759 3541 5813 τὸ
3578 5758 3688 5818 τοῖς
3718 5746 3890 5816 ἑτέροις

3187 5853 3234 5886 ⁸⁸
3271 5851 3384 5906 ibid
3450 5853 3536 5908 18.
