4144 6494
244 422 352 481 N9

1274 424 1340 481 IN
1363 423 1652 483 JOANNIS
1671 416 2142 477 EVANGELIUM
2170 417 2300 472 LIB.
2339 415 2430 472 IX;

3389 417 3494 476 150

244 537 474 610 ἀρκοῦν,
503 538 614 602 ἵνα,
646 537 791 593 κατὰ
817 539 879 593 τὸ
914 541 1302 612 γεγραμμένον
1321 582 1336 608 ,
1379 543 1414 595 ὁ
1437 543 1536 613 μὲν
1565 540 1624 596 τὸ
1663 537 1821 603 πολὺ,

1948 535 2019 605 [ui
2057 534 2313 598 multum,
2340 535 2528 588 einen
2561 541 2916 602 superesset;
2953 530 3048 602 qui
3078 540 3256 587 autem
3296 532 3499 598 minus,

249 630 330 699 μὴ
365 629 673 702 πλεονάσῃ,
709 631 736 682 ὁ
760 629 817 683 δὲ
852 630 915 683 τὸ
947 630 1187 693 ἔλαττον,
1229 632 1304 702 μὴ
1339 631 1636 701 ὲλαττωθῇ.
1667 627 1826 682 υῦτω

1948 643 2032 682 ιοιι
2067 625 2303 681 deesset.
2345 625 2444 679 Sic
2482 626 2629 679 enim
2677 626 2785 679 Ime
2812 623 2982 679 veluti
3017 623 3257 693 quodam
3293 630 3494 692 tempe.

248 721 358 788 γὰρ
399 715 487 790 ἦν,
514 719 876 791 ἀνακράσεως
928 719 1118 791 ὥσπερ
1167 721 1315 785 τινὸς
1356 719 1696 791 γενομένης,
1733 717 1826 770 τὸν

1948 724 2178 772 amento
2217 718 2552 787 aequalitatis
2583 717 2726 771 ratio
2767 717 2993 771 cunctis.
3012 715 3226 770 servari
3262 722 3500 784 poterat.

247 811 347 881 τῆς
401 811 644 882 ἰσότητος
698 813 870 867 ἅπασι
928 811 1194 878 σώζεσθαι
1237 814 1413 884 λόγον.
1466 813 1668 867 Ἀδικεί
1712 829 1826 865 τοι-

1948 811 2184 866 )rdinem
2234 810 2409 879 igitur.
2438 818 2495 864 et
2523 809 2814 864 formulam
2849 808 3060 864 sanctis
3107 807 3266 862 festis
3299 821 3505 862 conve-

247 900 451 971 γαροῦν
507 902 600 956 τὸν
647 907 768 970 ταῖς
811 905 998 974 ἁγίαις
1038 907 1254 979 ἑορταῖς
1299 905 1580 977 πρέποντα
1632 903 1828 968 τύπον,

245 997 276 1046 ὁ
315 993 394 1066 μὴ
441 998 508 1068 τῇ
561 997 744 1069 οἰκείᾳ.
794 999 1037 1068 φροντίδι
1083 998 1182 1071 τὴν
1240 998 1348 1054 τῶν
1394 997 1668 1069 δεομένων
1704 1013 1827 1050 συν-

248 1086 574 1156 αναμιγνύς.
635 1089 738 1160 Είη
791 1089 901 1161 γάρ
961 1089 1027 1143 ἂν
1080 1090 1252 1154 ὅντως
1315 1089 1486 1161 ἑορτὴ,
1539 1087 1727 1142 τελείαν
1765 1087 1837 1140 τὸ

250 1176 508 1250 σύναμμα
519 1221 532 1235 .

318 1271 534 1327 Λαϐὼν
561 1271 635 1327 δὲ
665 1273 733 1328 τὸ
766 1276 1022 1345 ψωμίον,
1061 1275 1243 1342 εὐθὺς
1263 1272 1531 1344 ἐξῆλθεν
1571 1272 1826 1338 ἐκεῖνος.

249 1356 371 1418 Ἦν
395 1361 466 1416 δὲ
494 1364 632 1429 νὺξ,
660 1364 760 1420 ὅτε
793 1366 1070 1434 ἐξῆλθεν.

323 1456 593 1525 Δρομαῖος
624 1454 843 1509 ἄπεισιν
871 1457 962 1510 ἐπὶ
995 1455 1055 1509 τὸ
1081 1454 1159 1526 τῷ
1185 1456 1417 1526 διαδόλῳ
1457 1454 1670 1520 δοκοῦν,
1737 1453 1833 1508 καὶ

252 1544 510 1615 καθάπερ
549 1547 781 1620 οἰστρῶν
823 1549 916 1601 καὶ
950 1547 1303 1618 δεδονημένος
1344 1549 1445 1618 τῆς
1497 1547 1596 1618 μὲν
1650 1545 1834 1610 ἑστίας

249 1635 535 1700 ἐξάλλεται
569 1654 582 1669 ο
616 1641 860 1711 κρεῖττον
888 1639 944 1692 δὲ
976 1639 1113 1702 ὅλως
1141 1639 1291 1694 οὐδὲν
1315 1639 1414 1710 τῆς
1459 1638 1834 1708 φιλοκερδείας

255 1729 382 1798 ὁρᾷ,
401 1729 496 1782 καὶ
513 1728 575 1782 τό
591 1746 655 1798 γε
685 1729 1011 1802 παράδοξον,
1033 1729 1183 1783 οὐδὲν
1209 1731 1274 1783 ὲκ
1297 1728 1396 1800 τῆς
1423 1727 1670 1798 εὐλογίας
1687 1727 1833 1796 ὠφέ-

251 1818 408 1890 λιμον
436 1820 854 1893 εὑρήσομεν,διά
873 1821 974 1893 τὴν
996 1821 1223 1876 ἐνοῦσαν
1244 1821 1396 1893 αὐτῷ
1424 1820 1666 1893 δηλονότι
1704 1820 1834 1872 δυσ-

251 1911 520 1966 κάθεκτον
567 1914 650 1977 εἰς
686 1913 746 1966 τὸ
777 1913 1212 1985 χρηματίζεσθαι
1261 1913 1458 1985 ῥοπήν.
1511 1913 1832 1983 Προκεκρα-

1927 902 2166 957 nientem
2210 900 2402 965 violat,
2452 901 2547 967 qui
2599 917 2713 956 sua:
2771 915 2918 957 curae
2956 915 3259 972 pauperum
3314 915 3503 955 curam

1933 1008 2044 1049 non
2075 991 2361 1047 admiscet.
2387 993 2484 1045 Illa
2517 993 2720 1063 quippe
2751 992 3074 1064 conjunctio
3113 991 3359 1062 perfecta
3383 1007 3510 1048 vere

1935 1092 2018 1142 est
2052 1083 2346 1140 festivitas.

1998 1262 2137 1328 XIII,
2173 1262 2264 1318 50.
2303 1262 2436 1317 Cum
2465 1277 2598 1332 ergo
2619 1262 2908 1328 accepisset
2939 1263 3030 1318 ille
3061 1263 3374 1332 buccellam,
3419 1276 3514 1316 ca:-

1928 1354 2018 1408 t'vil
2050 1354 2317 1407 continuo.
2339 1352 2472 1405 Erat
2511 1361 2690 1406 autent
2721 1368 2846 1416 nox,
2880 1354 3091 1422 quando
3121 1355 3300 1409 exivit.

2002 1446 2163 1519 743
2197 1445 2428 1501 Diabolo
2460 1445 2647 1500 statim
2676 1445 3024 1515 obsequitur,
3057 1452 3111 1500 et
3138 1455 3313 1502 (nstro
3344 1444 3515 1500 veluti

1932 1540 2170 1610 quodam
2227 1553 2291 1593 ac
2335 1537 2579 1592 stimulis
2616 1537 2882 1590 incitatus
2917 1535 3081 1591 domo
3110 1537 3316 1602 exsilit,
3351 1536 3518 1590 nilnil-

1941 1648 2048 1702 que
2097 1630 2206 1686 sibi
2258 1629 2554 1700 persuadet
2611 1629 2746 1683 lucri
2800 1627 2986 1682 studio
3039 1626 3428 1698 przestabilius,
3464 1633 3520 1679 et

1939 1723 2090 1794 quod
2151 1721 2373 1783 mirere,
2415 1721 2552 1775 nihil
2600 1720 2858 1776 utilitatis
2907 1736 3032 1774 eum
3073 1736 3139 1775 ex
3169 1718 3386 1790 eulogia
3426 1733 3521 1772 ce-

1940 1817 2090 1888 pisse
2114 1815 2543 1885 comperiemus,
2565 1829 2675 1884 prae
2697 1813 2959 1870 effrenato
2983 1814 3242 1868 nimirum
3276 1812 3522 1882 pecunia:

1940 1908 2149 1964 studio.
2176 1906 2394 1977 Quippe
2428 1921 2552 1961 cum
2597 1905 2789 1960 morbo
2825 1905 2917 1960 illo
2948 1905 3102 1976 prius
3139 1913 3434 1970 teneretur,
3468 1910 3522 1958 et

250 2001 489 2072 τημένος
537 2003 643 2075 γάρ
699 1980 1018 2076 τῷψπάθει,
1089 2004 1185 2057 καὶ
1218 1980 1518 2076 ὁλόκληρον
1543 1980 1839 2073 ἑαυτῷττὺν

1948 1999 2156 2072 peccati
2217 2007 2427 2070 patrem
2467 1999 2522 2053 in
2570 2000 2756 2070 seipse
2815 2005 2986 2052 totum
3030 1997 3383 2068 exprimeret.
3411 2011 3522 2066 quo

253 2094 474 2164 ἁπάσης
492 2094 722 2166 ἀνομίας
756 2096 958 2151 ὠδίνων
988 2095 1220 2166 πατέρα,
1248 2097 1369 2150 οὐδὲ
1396 2097 1520 2151 ὅποι
1551 2093 1683 2149 ποτὲ
1713 2095 1840 2166 τρέ-

252 2204 340 2258 χει
372 2188 558 2250 λοιπὸν
586 2189 615 2242 ὁ
651 2187 883 2253 δείλαιος
915 2189 1324 2248 διασκέπτεται.
1381 2188 1572 2242 Νύκτα
1610 2187 1719 2258 γάρ
1745 2181 1842 2241 οὗν

253 2279 444 2350 ὥσπερ
472 2279 614 2343 τινὰ,
638 2279 736 2334 καὶ
764 2278 980 2349 ζοφώδη
1013 2279 1382 2350 διαλογισμῶν
1415 2279 1648 2333 ἀνοσίων
1676 2279 1843 2349 ὲσμδν

257 2371 318 2422 ὲν
368 2369 608 2440 στέρνοις
637 2369 796 2437 ἑλὼν,
826 2371 906 2434 είς
943 2370 1069 2442 ᾅδου
1109 2371 1360 2442 πυθμένα
1407 2369 1500 2424 καὶ
1535 2371 1614 2433 εἰς
1646 2369 1845 2423 πεταυ-

261 2476 358 2530 ρον
380 2461 640 2531 καταντᾷ,
677 2460 772 2515 καὶ
795 2461 938 2515 κατά
976 2460 1068 2515 τὸν
1096 2461 1155 2515 ὲν
1186 2461 1512 2532 Παροιμίαις
1542 2460 1722 2530 λόγον,
1767 2461 1844 2525 ὼς

259 2551 461 2622 ἔλαφος
485 2551 801 2606 έπισπεύδει
835 2553 1135 2624 πεπληγὼς
1161 2556 1240 2617 εἰς
1277 2553 1338 2607 τὸ
1385 2548 1540 2625 ἧπαρ
1590 2551 1849 2622 τοξεύμα-

254 2661 336 2708 τι,
363 2643 395 2715 ἢ
421 2643 497 2706 ὡς
515 2642 661 2697 κύων
685 2644 778 2696 ἐπὶ
827 2644 1086 2715 δεσμοὺς,
1129 2646 1230 2698 οὐκ
1259 2644 1416 2709 εἰδὼς
1447 2645 1529 2698 ὅτι
1578 2644 1713 2714 περὶ.
1745 2643 1848 2714 ψυ-

258 2733 363 2809 χῆς
394 2733 600 2804 τρέχει.
631 2732 740 2786 Καί
768 2750 860 2803 μοι
899 2735 974 2804 μὴ
1033 2735 1212 2806 μάτην
1253 2735 1428 2788 εἰπεῖν
1476 2737 1504 2788 ὁ
1565 2733 1847 2796 θεσπέσιος

256 2821 667 2893 εὐαγγελιστὴς,
705 2823 789 2875 ὅτι
845 2841 864 2874 ι
900 2822 1096 2877 Λαϐὼν
1138 2823 1198 2876 τὸ
1232 2822 1449 2893 ψωμίον
1490 2822 1712 2894 ἐξῆλθεν
1758 2822 1847 2884 εῤ-

256 2911 377 2976 οῦς.
415 2931 432 2964 ι
469 2912 651 2975 Δεινὸς
677 2913 787 2983 γὰρ
814 2913 842 2966 ὁ
877 2913 1121 2978 Σατανᾶς
1149 2915 1231 2977 είς
1254 2913 1334 2979 τὸ,
1359 2917 1474 2978 τοῖς
1503 2914 1651 2980 ἅπαξ
1685 2912 1846 2966 ἀλοῦ-

256 3022 314 3058 σι
343 3005 440 3058 xa‘t
461 3005 553 3058 ὑπ’
590 3005 752 3059 αὑτὸν
775 3005 1026 3075 γεγονόσι
1061 3005 1424 3078 προστάττειν
1450 3006 1613 3071 εὐθὺς
1658 3005 1846 3072 ἐξανύ-

255 3115 340 3154 ειν
366 3097 434 3150 τά
467 3095 697 3167 πονηρὲ,
719 3097 813 3150 καὶ
833 3097 1148 3169 μελλήσεως
1171 3098 1390 3168 ἀπάσης
1422 3098 1546 3170 δίχα
1566 3098 1628 3151 τὸ
1656 3097 1846 3152 δοκοῦν

257 3185 408 3256 αὐτῷ
458 3185 913 3257 κατεργάζεσθαι,
959 3189 1052 3241 καὶ
1097 3188 1194 3258 οὐχ
1242 3190 1466 3252 ἑκόντας
1513 3191 1845 3258 ἀναγκάσαι.

258 3272 443 3334 Δέδιεν
472 3274 622 3338 ἴσως,
655 3277 947 3346 πικρόνους
973 3293 1032 3328 τε
1059 3276 1322 3350 ὑπάρχων
1347 3278 1454 3342 ἀεὶ,
1491 3279 1589 3337 καὶ
1647 3280 1846 3352 δριμὺς

259 3367 340 3427 εἰς
361 3366 716 3437 κακουργίαν,
752 3366 826 3437 μὴ
848 3367 955 3438 ἄρα
992 3385 1075 3432 τις
1103 3369 1161 3422 ὲν
1193 3372 1314 3433 ταῖς
1344 3369 1671 3440 ὑπερθέσεσι
1705 3389 1846 3442 παρ-

261 3456 630 3527 εισδραμοῦσα
667 3457 1008 3528 μετάγνωσις
1052 3459 1600 3532 μεταδουλεύσασθαί-
1636 3480 1691 3516 τι
1737 3463 1846 3517 τῶν

259 3546 483 3616 ἀγαθῶν
521 3549 918 3622 παρασκευάσῃ
968 3549 1059 3603 τὸν
1107 3549 1428 3623 ἄνθρωπον,
1457 3552 1848 3625 καὶίκαθάπερ

262 3637 390 3691 τινὰ
439 3637 611 3715 μέθην
657 3639 958 3694 ἀποθέσθαι
990 3639 1086 3693 τοῦ
1136 3640 1380 3711 νοῦςτὴν
1429 3642 1510 3706 είς
1572 3643 1849 3714 ἁμαρτίαν

265 3729 480 3802 ἡδονὴν,
511 3730 614 3796 ἔξω
647 3747 710 3784 τε
747 3731 978 3801 παγίδος
1023 3731 1228 3807 ἐλκύσῃ
1249 3733 1361 3804 τῆς,
1389 3735 1524 3805 παρ’,
1550 3735 1716 3788 αὑτοῦ
1757 3735 1849 3789 τὸν

268 3820 373 3892 ἤδη
422 3821 876 3894 κατειλημμένον.
928 3824 1026 3878 Διά
1081 3825 1287 3897 ταύτην
1335 3822 1632 3900 οἶμαιτὴν
1669 3829 1850 3885 αἰτίαν

269 3913 580 3968 ἐπικεῖσθαι
613 3915 703 3968 τὸν
741 3916 1020 3988 ἀλιτήριον
1061 3919 1174 3981 τοῖς
1219 3919 1310 3972 ὑπ’
1351 3919 1512 3973 αὑτὸν
1544 3923 1846 3990 γεγονόσιν,

266 4005 350 4067 εἰς
375 4005 436 4057 τὸ
465 4004 596 4077 δρᾷν
621 4006 940 4076 ἐπείγεσθαι
969 4010 1066 4065 καὶ
1107 4009 1254 4082 μάλα
1278 4011 1497 4084 γοργῶς
1519 4012 1580 4066 τὸ
1612 4014 1850 4086 ἀρέσκον

265 4095 437 4167 αὐτῷ.
467 4097 580 4150 Καὶ
606 4097 737 4165 γοῦν
770 4099 861 4154 τὸν
917 4100 1122 4156 Ἰούδαν
1153 4103 1296 4174 μετά
1325 4104 1388 4158 τὸ
1427 4103 1644 4176 ψωμίον
1685 4106 1850 4171 εὐθὺς

264 4187 569 4257 ἀναγκάζει
612 4188 835 4257 λοιπὸν,
877 4189 953 4254 ὼς
997 4190 1102 4244 ὑπὸ
1160 4195 1319 4264 χεῖρα
1364 4192 1546 4248 λαϐὼν
1574 4233 1589 4258 ,
1626 4194 1726 4253 ἐπὶ,
1751 4194 1850 4264 τὴν

262 4279 441 4344 οὕτως
496 4281 713 4336 ἀνόσιον
764 4283 902 4338 ίέναι
953 4283 1194 4356 πρᾶξιν,
1229 4285 1455 4352 δεδιὼς,
1492 4287 1636 4348 κατά
1676 4304 1740 4357 γε
1789 4288 1853 4342 τὸ

265 4374 437 4438 εἰκὸς,
459 4373 597 4445 ὁμοῦ
635 4377 702 4446 τῇ
736 4374 1080 4446 μεταγνώσει
1118 4377 1214 4433 καὶ¹
1248 4377 1348 4448 τὴν
1369 4381 1441 4438 ,ὲκ
1463 4379 1564 4451 τῆς
1598 4379 1853 4449 εὐλογίας

261 4463 495 4537 δύναμιν
514 4506 528 4531 ,
575 4467 650 4539 μὴ
697 4467 808 4540 ἄρα
837 4485 956 4533 πως
996 4470 1059 4526 ὲν.
1085 4472 1152 4542 τῇ
1181 4469 1277 4524 τοῦ
1308 4470 1598 4542 ἀνθρώπου
1633 4473 1848 4546 καρδίᾳ,

265 4558 448 4628 φωτὸς
502 4560 871 4631 ἀναλάμψασα
910 4561 1120 4634 δίκην,
1152 4563 1544 4637 ἀγαθουργεξν,
1577 4565 1852 4639 ἀναπείσῃ

1869 3319 1916 3378 C

1942 2098 2330 2162 praecepsvruat
2353 2103 2423 2143 ne
2447 2087 2560 2156 jam
2588 2087 2808 2158 quidem
2837 2087 3005 2142 miser
3028 2084 3521 2156 dispicit.Noctem

1944 2183 2147 2256 quippe
2177 2181 2345 2237 veluti
2381 2179 2677 2252 quamdam
2709 2189 2763 2235 et
2790 2180 3090 2250 impiarum
3126 2180 3521 2251 cogitationum

1945 2277 2054 2330 vim
2087 2283 2202 2330 toto
2238 2281 2456 2346 pectore
2499 2273 2809 2344 suscipiens
2853 2272 2906 2326 in
2948 2270 3285 2342 profundunt
3323 2271 3526 2326 inferni

1946 2365 2080 2431 ruit,
2109 2374 2183 2430 et,
2224 2373 2281 2420 ut
2305 2364 2357 2418 in
2383 2363 2698 2420 Proverbiis
2727 2364 2996 2433 scriptum
3024 2371 3113 2419 est
3135 2365 3204 2430 ”,
3230 2364 3389 2435 quasi
3414 2378 3527 2418 ecr-

1946 2471 2051 2512 vus
2079 2463 2360 2526 properat,
2388 2457 2589 2527 sagitta
2613 2454 2936 2510 vulneratus
2964 2454 3018 2510 in
3046 2455 3258 2526 jecore,
3291 2462 3387 2508 aut
3407 2461 3529 2508 tau-

1946 2561 2116 2617 quam
2151 2546 2312 2603 eanis
2353 2547 2420 2602 ad
2453 2547 2693 2612 vincula,
2734 2547 2994 2604 nesciens
3030 2547 3160 2618 quia
3200 2561 3301 2618 pro
3346 2547 3529 2602 anima

1947 2637 2144 2694 currit.
2191 2636 2380 2708 Neque
2439 2652 2567 2692 vero
2627 2637 2830 2693 frustra
2883 2639 3020 2693 mihi
3068 2638 3280 2694 dixisse
3311 2637 3529 2693 videtur

1947 2729 2308 2802 evangelista,
2332 2749 2350 2782 ι
2387 2729 2524 2786 Cum
2543 2731 2848 2800 accepisset
2869 2731 3196 2798 buccellam,
3211 2732 3379 2787 exivit
3400 2747 3531 2786 con-

1949 2822 2122 2878 tinuo.
2163 2842 2182 2875 ι
2235 2821 2387 2878 Solet
2417 2824 2564 2878 enim
2611 2823 2843 2878 Satanas
2889 2839 2988 2879 eos
3037 2839 3180 2894 quos
3235 2825 3405 2880 semel
3439 2839 3532 2879 ce-

1948 2915 2116 2985 perit,
2145 2915 2365 2986 sibique
2403 2915 2678 2971 obnoxios
2733 2915 2947 2980 fecerit,
2976 2917 3164 2970 acrius
3213 2931 3432 2987 urgere,
3473 2925 3532 2970 ut

1948 3005 2221 3059 continuo
2259 3005 2400 3058 mala
2432 3015 2714 3075 peragant,
2751 3015 2805 3060 et
2835 3013 2894 3058 ut
2927 3005 3048 3060 sine
3082 3017 3236 3059 mora
3263 3005 3532 3075 imperata

1950 3095 2157 3150 faciant
2209 3111 2410 3166 cogere
2436 3095 2518 3149 vel
2567 3095 2841 3153 nolentes.
2870 3094 3050 3150 Timet
3081 3110 3274 3165 nempe
3322 3095 3532 3159 forsan,

1951 3199 2057 3256 qua
2113 3186 2308 3246 estad
2349 3183 2678 3241 maleﬁcium
2728 3185 3102 3256 peragendum
3156 3186 3360 3240 mentis
3391 3186 3536 3240 acri-

1949 3275 2156 3340 monia,
2195 3291 2265 3330 ne
2291 3274 2428 3329 dum.
2451 3282 2769 3338 cunctatur,
2793 3276 3072 3330 subeunte
3091 3275 3440 3345 pwnitentia,
3469 3279 3534 3330 ad

1948 3367 2230 3422 meliorem
2289 3365 2504 3437 frugem
2543 3366 2708 3422 ltomo
2757 3383 2818 3423 se
2853 3367 3104 3438 recipiat,
3129 3375 3183 3424 et
3235 3383 3305 3424 ex
3352 3368 3540 3422 animo

1948 3459 2284 3528 voluptatem
2316 3474 2438 3528 quae
2479 3458 2546 3513 ad
2589 3469 2878 3529 peccatum
2929 3458 3165 3531 impellit
3193 3476 3294 3516 ceu
3338 3476 3539 3530 crapu-

1949 3548 2056 3602 lam
2091 3548 2352 3619 deponat,
2378 3558 2434 3605 et
2459 3565 2526 3605 ex
2559 3550 2682 3620 ejus
2717 3551 2930 3622 laqueis
2971 3568 3094 3609 sese
3123 3553 3346 3608 tandem
3371 3569 3538 3624 expc-

1949 3639 2084 3696 diat.
2143 3638 2297 3694 llauc
2340 3641 2410 3696 ob
2453 3657 2681 3698 causam
2733 3643 2942 3698 instare
2999 3645 3337 3715 perditorem
3379 3645 3539 3700 illum

1951 3731 2068 3783 suis
2102 3729 2344 3786 subditis
2377 3730 2599 3802 opinor,
2647 3748 2858 3804 eosque
2905 3734 2973 3789 ad
3030 3750 3173 3806 Opus
3222 3737 3407 3792 aerius
3446 3753 3541 3791 ur-

1951 3838 2077 3892 gere
2101 3823 2244 3893 quod
2288 3823 2398 3880 sibi,
2443 3825 2734 3896 placuerit.
2781 3825 2846 3880 Et
2877 3827 3100 3897 quidem
3131 3827 3332 3884 Judam
3377 3831 3542 3886 simul

1952 3931 2017 3970 ac
2057 3916 2650 3988 oll‘ulantsumpsisset
2705 3919 2854 3989 cogit
2894 3920 3067 3985 illico,
3110 3929 3170 3976 ut
3195 3921 3291 3994 qui
3336 3921 3452 3992 jam
3484 3923 3542 3976 in

1953 4007 2220 4064 ditionem
2251 4024 2408 4064 suam
2440 4012 2759 4075 transisset,
2785 4011 2854 4066 ad
2905 4021 3017 4066 tam
3058 4011 3288 4083 impium
3324 4013 3542 4069 facinus

1953 4117 2014 4159 se
2053 4103 2478 4172 quamprimum.
2525 4103 2838 4175 accingere,
2887 4105 3124 4173 veritus,
3171 4114 3230 4161 ut
3275 4107 3544 4165 credibile

1952 4203 2059 4261 est,
2093 4194 2260 4250 simul
2293 4210 2420 4250 cum
2451 4197 2780 4266 [uenitentia
2805 4196 2913 4251 vim
2945 4212 3166 4269 quoque
3193 4199 3447 4270 eulogiae,
3475 4216 3544 4255 ne

1956 4289 2144 4358 utique
2178 4287 2232 4343 in
2263 4289 2714 4347 .illiusliominis
2750 4290 2920 4345 corde
2966 4291 3108 4346 lucis
3165 4293 3340 4346 instar
3384 4291 3543 4346 afful-

1953 4394 2091 4451 gens
2137 4395 2264 4434 eum
2317 4379 2386 4434 ad
2447 4381 2587 4436 bene
2657 4382 2856 4452 agendi
2917 4380 3166 4435 studium
3234 4391 3542 4442 revocaret,

1954 4473 2448 4544 eique.»saniorem
2509 4481 2748 4528 mentem
2815 4474 3055 4537 inderet,
3091 4473 3186 4543 qui
3242 4473 3540 4528 consilium

1953 4565 2066 4636 jam
2089 4574 2315 4637 ceperat
2341 4565 2611 4624 prodendi
2639 4565 2976 4621 Servatoris.
2997 4565 3310 4620 Damonem
3340 4566 3544 4636 quippe

265 4649 591 4720 προελέσθαι
651 4652 852 4723 μᾶλλον
903 4654 1117 4722 αὐτὸν,
1161 4655 1330 4726 ἧγουν
1382 4655 1444 4711 τὸ
1484 4657 1744 4729 φρόνημα
1793 4659 1846 4713 τὲ

1960 4656 2014 4712 id
2049 4665 2240 4713 contra
2295 4673 2399 4714 nos
2450 4655 2633 4713 facere
2673 4657 2896 4711 solitum
2936 4672 3001 4712 ex
3048 4657 3116 4711 iis
3153 4672 3274 4727 qua:
3315 4656 3545 4726 figurate

261 4743 490 4814 γνήσιον
523 4743 738 4817 ἐντέκῃ,
773 4745 852 4817 τῷ
877 4747 974 4800 καὶ
1001 4747 1296 4819 προδοῦναι
1323 4748 1512 4804 λοιπὸν
1544 4750 1850 4806 ἀναπεπει-

265 4836 474 4907 σμένῳ.
507 4837 628 4891 Ὅτι
657 4837 769 4911 γὰρ
803 4838 925 4904 ἔθος
953 4839 1115 4894 τοῦτο
1139 4841 1398 4913 πράττειν
1420 4842 1508 4895 ἀεὶ
1538 4842 1662 4896 καθ’
1697 4843 1857 4916 ήμῶν

261 4929 346 4998 τῷ
376 4927 612 4998 δαίμονι,
645 4931 739 4984 καὶ
776 4930 866 4986 διὰ
895 4931 1004 4986 τῶν
1045 4933 1104 4987 έν
1129 4933 1290 5005 τύπῳ
1321 4934 1624 5004 γεγονότων
1651 4937 1857 5005 γνωσό-

233 5093 237 5100 ’
274 5021 435 5101 ιςθα.
473 5022 800 5092 Ἐποιήσατο
819 5023 920 5094 μὲν
945 5024 1054 5096 γὰρ
1085 5026 1192 5079 ὑπὸ
1214 5029 1372 5100 χεῖρα
1395 5028 1522 5093 τοὺς
1565 5026 1856 5093 Ἰουδαίους

226 5120 242 5178 3
325 5111 525 5182 Φαραὼ
564 5115 684 5166 κατ’
728 5114 1008 5184 Αἴγυπτον
1059 5116 1220 5181 ὄντας
1272 5117 1386 5182 ἔτι,
1445 5118 1604 5190 πηλῷ
1658 5118 1714 5173 δὲ
1759 5121 1856 5174 καὶ

265 5202 544 5274 πλινθεία,
577 5205 671 5258 καὶ
712 5209 833 5270 ταῖς
868 5207 978 5260 τῶν
1005 5207 1182 5278 ἔργων
1215 5211 1482 5278 ἀνάγκαις
1513 5213 1855 5284 ὲγκατατρύ-

262 5296 458 5366 χεσθαι
487 5299 700 5370 πικρῶς
721 5299 985 5365 ἐπιτάξας
1014 5302 1231 5369 αὐτοὺς,
1263 5303 1454 5357 οὐδένα
1482 5322 1542 5358 τε
1570 5307 1692 5369 ταῖς
1718 5306 1856 5378 πρὸς

259 5388 407 5441 Θεὸν
441 5389 699 5454 ἱκετείαις
749 5391 921 5445 ἐδίδου
969 5393 1182 5464 καιρόν.
1228 5396 1338 5448 Καὶ
1382 5394 1514 5464 γοῦν
1561 5398 1698 5468 πρὸς
1729 5398 1856 5460 τοὺς

263 5480 382 5534 τῶν
413 5480 590 5552 ἔργων
617 5484 938 5550 ἐπιστάτας,
968 5504 986 5536 ι
1023 5485 1370 5556 Βαρυνὲσθω,
1410 5489 1566 5559 φησὶ,
1587 5489 1672 5551 ¹τὸι
1716 5489 1858 5560 ἔργα

265 5573 382 5628 τῶν
413 5572 716 5643 ἀνθρώπιον
753 5575 978 5641 τούτων,
1007 5578 1100 5630 καὶ
1134 5578 1208 5648 μὴ
1233 5581 1658 5650 μεριμνάτωσαν
1678 5581 1857 5650 λόγοις

264 5666 472 5727 κενοῖς,
509 5683 526 5714 ›
557 5664 747 5732 λόγους
784 5669 971 5732 κενοὺς
999 5667 1281 5740 ὀνομάζων
1320 5673 1418 5743 τὴν
1449 5675 1525 5737 είς
1556 5673 1848 5745 ἐλευθέραν

347 5845 394 5877 ⁵³⁵⁸
434 5845 596 5904 Prov.
637 5864 743 5916 vn,
775 5849 861 5904 25.
945 5851 956 5881 '
1002 5849 1172 5905 Exod.
1213 5867 1274 5920 νι
1295 5853 1344 5908 9.

1956 4761 2111 4823 gesta
2145 4761 2274 4807 sunt
2313 4768 2700 4825 agnoscemus.
2754 4752 3028 4809 Submisit
3058 4752 3262 4824 quippe
3293 4751 3398 4807 sibi
3447 4750 3544 4806 Ju-

1955 4846 2104 4902 daeos
2134 4845 2350 4900 Pharao
2399 4845 2452 4900 in
2491 4845 2729 4918 .‘Egypto
2775 4845 3061 4915 degentes,
3100 4859 3310 4914 eosque
3339 4844 3457 4897 luto
3488 4853 3544 4898 et

1957 4938 2243 4999 lateribus,
2268 4937 2502 5008 aliisque
2537 4937 2878 4993 necessariis
2909 4937 3170 5003 operibus
3199 4945 3310 4990 tam
3345 4937 3541 4992 acerbe

1957 5030 2140 5085 vexari
2177 5030 2370 5099 jussit,
2399 5039 2459 5085 ut
2492 5029 2702 5084 nullum
2737 5027 2938 5084 orandi
2972 5027 3066 5084 Dei
3105 5036 3321 5100 tempus
3345 5030 3425 5086 eis
3454 5045 3540 5085 re-

1955 5121 2250 5192 linqueret.
2295 5122 2377 5176 Ad
2426 5137 2654 5193 operum
2703 5123 2906 5192 quippe
2959 5121 3252 5192 prazfectos
3291 5140 3302 5176 :
3338 5140 3357 5174 ι
3400 5121 3539 5178 Gra-

1953 5223 2172 5280 veutur,
2221 5217 2434 5286 inquit,
2483 5231 2649 5286 opera
2705 5216 2991 5271 hominum
3046 5215 3313 5280 istorum,
3360 5231 3540 5286 neque

1951 5317 2150 5362 vacent
2189 5310 2346 5364 vanis
2380 5308 2733 5365 sermonibus
2762 5309 2816 5376 ¹;
2859 5328 2877 5360 ι
2918 5323 3090 5364 vanos
3119 5323 3404 5363 sermones
3443 5323 3538 5378 ap-

1955 5396 2164 5464 pellans
2208 5397 2478 5453 libertatis
2522 5398 2792 5460 studium,
2845 5399 3337 5468 vehementemque
3394 5398 3539 5450 illius

1953 5489 2346 5557 recuperandae
2402 5491 2680 5555 ardorem,
2716 5489 2878 5564 744
2927 5490 3214 5546 servitutis
3283 5490 3539 5557 deplora-

1954 5581 2181 5647 tionem,
2225 5600 2293 5639 ac
2342 5585 2630 5640 meliorum
2669 5586 3028 5640 desiderium.
3074 5583 3193 5640 Non
3250 5582 3538 5654 ignorabat

1959 5676 2131 5740 enim,
2164 5679 2206 5734 si
2243 5679 2552 5737 istiusmodi
2576 5677 3094 5736 rcbnsmeditandis
3115 5684 3536 5746 occupatentur,
