4144 6474
656 392 752 452 151
1613 390 1672 443 S.
1697 387 1973 445 CYRILLI
2015 390 2489 449 ALEXANDBINI
2526 391 2853 448 ARCHIEP.
3850 394 3972 450 £33

652 525 764 566 non
794 522 986 579 parum
1020 507 1101 563 eis
1134 507 1262 562 inde
1302 506 1558 563 utilitatis
1591 507 1932 564 adfuturum.
1966 510 2009 564 A
2048 510 2238 582 ﬁguris

2342 510 2453 577 ἕξιν
2478 511 2818 585 ἀναδρομὴν,
2848 510 2941 564 καὶ
2978 510 3070 564 τὸν
3095 512 3189 564 ἐπί
3218 514 3283 582 τῇ
3322 511 3537 585 δουλείᾳ
3571 512 3813 585 θρῆνον,
3862 514 3973 565 καὶ

657 602 826 673 igitur
876 600 945 655 ad
995 600 1250 655 veritatis
1288 599 1623 670 agnitionem
1676 599 1868 667 delati,
1899 603 2239 673 reperiemus

2342 603 2433 675 τὴν
2472 606 2565 658 ἐπὶ
2593 604 2703 657 τῶν
2736 602 3043 657 καλλίστων
3076 606 3409 674 προσευχήν.
3457 605 3574 658 Οὐκ
3606 605 3813 675 ἠγνόει
3842 604 3971 674 γὰρ

656 694 918 751 Satanam
972 695 1153 765 ipsum
1207 693 1432 749 assidue
1482 708 1680 765 urgere
1732 710 1830 750 eos
1877 711 2021 765 quos
2072 697 2239 753 semel

2342 695 2420 749 5ιά
2466 695 2569 765 τῆς
2613 696 2673 749 ἑν
2727 694 2943 758 τούτοις
2987 694 3187 765 σχολῆς
3233 696 3293 748 οὐ
3344 695 3549 766 μικρὰν
3594 696 3968 767 εὑρήσοντας

652 785 797 840 intra
844 799 941 839 sua
978 784 1119 839 retia
1162 783 1453 850 clauserit,
1481 791 1536 841 et
1585 783 1645 840 in
1696 784 2025 856 obsequium
2067 801 2228 841 suum

2342 786 2549 858 δνησιν.
2594 786 2728 840 Ἀπὸ
2765 786 2830 857 δὴ
2863 786 2973 839 τῶν
3000 786 3191 839 τύπων
3216 786 3311 839 ἐπὶ
3344 786 3443 857 τὴν
3481 786 3593 840 τῶν
3628 786 3965 858 ἀληθεστέ-

653 877 878 945 penitus
913 875 1204 932 adduxerit

2352 896 2461 950 ρων
2501 878 2876 950 θεωρημάτων
2927 878 3097 942 ίόντες
3146 879 3483 946 ἐπίγνωσιν,
3531 878 3958 947 κατεπείγοντα

653 969 856 1040 σφόδρα
902 970 995 1022 τὸν
1044 969 1290 1023 Σατανᾶν
1335 970 1676 1041 εὑρήσομεν,
1725 971 1864 1041 πρὸς
1912 971 1977 1023 τὸ
2022 972 2220 1042 χρῆναι
2259 971 2525 1043 πράττειν
2563 972 2631 1025 τὰ
2668 973 2884 1044 πονηρά
2930 973 3057 1036 τοὺς
3130 972 3263 1025 εἴσω
3327 973 3597 1037 πεσόντας
3640 972 3757 1026 τῶν
3806 976 3957 1044 παρ’

649 1060 816 1115 αὑτοῦ
868 1060 1101 1115 δικτύων
1126 1101 1140 1125 ,
1184 1063 1278 1114 καὶ
1304 1062 1620 1133 ὁλοκλήρως
1650 1062 1751 1132 ἤδη
1793 1065 2242 1136 κεκρατημένους
2279 1066 2360 1129 είς
2390 1065 2699 1136 ὑπουργίαν
2720 1066 2830 1119 τῶν
2866 1067 3210 1137 ἀρεσκόντων
3244 1066 3415 1137 αὐτῷ.

727 1152 870 1221 XIII,
906 1153 998 1217 51,
1032 1153 1121 1206 32.
1154 1152 1285 1209 Cum
1308 1170 1433 1223 ergo
1463 1155 1677 1216 exisset,
1699 1155 1837 1207 dixit
1862 1153 2022 1210 Jesus
2042 1171 2061 1209 :
2081 1154 2241 1210 Nunc

647 1244 988 1313 clariﬁeatus
1016 1251 1096 1296 est
1138 1239 1317 1297 Filius
1346 1242 1596 1307 hominis,
1633 1252 1681 1296 et
1721 1242 1861 1298 Deus
1905 1244 2243 1314 clariﬁcatus

644 1344 721 1389 est
746 1336 798 1387 in
821 1350 903 1389 eo.
928 1334 990 1388 Si
1014 1331 1157 1387 Deus
1180 1332 1511 1401 clari/icatus
1547 1344 1625 1388 est
1659 1335 1711 1387 in
1750 1351 1832 1400 eo,
1868 1344 1919 1389 et
1954 1335 2097 1390 Deus
2128 1336 2243 1390 cla-

560 1490 565 1493 ,
646 1425 881 1495 riﬁcabit
930 1439 1052 1478 eum
1104 1424 1160 1477 in
1191 1424 1564 1487 semetioso,et
1621 1429 1869 1480 continuo
1912 1426 2225 1495 clariﬁcabit

558 1528 567 1566 ἓ
643 1531 792 1570 eum.

554 1586 565 1597 ”
719 1606 846 1661 Exit
890 1604 1113 1677 quidem
1177 1605 1429 1676 proditor
1470 1605 1677 1662 diaboli
1727 1610 1939 1663 artibus
2000 1610 2235 1667 obsecu-

649 1705 815 1753 turus
853 1715 867 1755 :
902 1697 1160 1753 Christus
1228 1713 1363 1753 vero
1423 1714 1735 1755 sermonem
1795 1703 2055 1768 inchoat,
2110 1703 2238 1758 hinc

650 1790 883 1859 ﬁgurate
933 1790 1344 1861 quodammodo
1393 1791 1633 1848 innuens
1682 1808 1792 1847 non
1822 1809 1944 1849 esse
1975 1794 2234 1849 omnibus

652 1884 859 1955 passim
909 1884 1219 1954 evulganda
1273 1900 1397 1955 qua:
1443 1886 1579 1940 solis
1626 1884 1899 1941 debentur
1952 1886 2230 1956 ingenuis.

2416 1157 2559 1211 ’Ὅτε
2588 1153 2703 1213 οὖν
2740 1157 2994 1227 ἐξῆλθε,
3039 1158 3201 1226 ⁸ιέγει
3240 1160 3274 1213 ὁ
3317 1157 3595 1226 Ἰησοῦς·
3631 1156 3685 1211 Ν
3692 1159 3771 1213 ὗν
3804 1159 3955 1214 ἐδο-

2343 1249 2542 1316 ξάσθη
2584 1253 2617 1303 ό
2676 1250 2811 1315 Υἱὸς
2851 1249 2960 1303 τοῦ
3006 1248 3356 1317 ἀνθρώπου,
3406 1250 3506 1302 καὶ
3544 1252 3579 1303 ό
3613 1248 3762 1314 Θεὸς
3800 1248 3950 1303 ἐδο-

2343 1341 2543 1409 ξάσθη
2579 1341 2650 1395 ἐν
2691 1340 2873 1405 αὐτῷ.
2911 1342 2985 1394 El
3021 1343 3054 1394 ὀ
3088 1340 3233 1406 Θεὸς
3286 1338 3592 1408 ἐδοξάσθη
3638 1341 3711 1393 ἐν
3747 1338 3945 1404 αὐτῷ.

2344 1434 2441 1488 καί
2475 1434 2660 1499 αὐτὸς
2700 1431 2951 1497 δοξάσει
2999 1432 3189 1487 αὐτὸν
3224 1431 3295 1485 ἐν
3325 1431 3549 1499 ἐαυτῷ,
3594 1432 3694 1485 καί
3750 1434 3952 1497 εὐθὺς

2343 1522 2594 1587 δοξάσει
2624 1524 2836 1577 αὐτόν.

2417 1616 2625 1681 Ἐξεισι
2670 1614 2769 1685 μὲν
2805 1616 2835 1668 ό
2872 1612 3139 1686 προδότης
3166 1614 3278 1676 τοῖς
3315 1610 3411 1664 τοῦ
3451 1611 3697 1666 διαϐόλου
3732 1631 3950 1684 στρατ-

2340 1709 2623 1781 ηγήμασιν
2653 1706 3038 1777 ὑπηρετήσωψ
3086 1704 3313 1775 ἄρχεται
3360 1702 3419 1756 δὲ
3459 1701 3554 1755 τοῦ
3593 1703 3757 1771 λόγου
3802 1706 3949 1775 Χρι-

2342 1802 2487 1867 στὸς,
2515 1801 2616 1854 οὐκ
2657 1800 2740 1863 εἰς
2766 1798 2867 1862 τὰς
2891 1798 3113 1851 πάντων
3139 1797 3308 1859 ἀκοὰς
3331 1795 3402 1849 τὰ
3443 1795 3629 1866 μόνοις
3649 1795 3948 1867 πρέποντα

2339 1897 2451 1958 τοῖς
2483 1893 2729 1964 γνησίοις
2769 1890 3051 1945 λαλεῖσθαι
3090 1891 3200 1942 δεῖν
3221 1930 3235 1950 ,
3280 1888 3356 1951 ὡς
3388 1888 3445 1940 ὲν
3474 1887 3631 1958 τύπῳ
3655 1926 3670 1951 ,
3721 1888 3821 1941 καὶ
3850 1888 3949 1942 διὰ

647 1974 762 2032 Nec
791 1975 939 2032 enim
963 1976 1120 2032 decet
1146 1984 1403 2032 sanctum
1437 1976 1560 2031 dari
1590 1978 1845 2042 canibus,
1874 1978 2035 2046 juxta
2062 1978 2236 2048 ipsius

2342 1960 2533 2040 τούτου
2560 1960 2850 2040 διδάσκων.
2886 1984 2962 2036 Οὐ
2991 1982 3102 2052 γὰρ
3132 1982 3335 2035 διδόναι
3364 1980 3633 2051 προσήκει
3669 1979 3732 2033 τὸ
3774 1979 3946 2047 ἅγιον

647 2082 839 2124 vocem
869 2070 915 2133 ’,
945 2068 1043 2123 sed
1092 2083 1273 2139 neque
1327 2070 1658 2139 margaritas
1711 2071 2025 2141 proculcari
2073 2087 2234 2126 suum

650 2160 910 2229 pedibus.
952 2160 1110 2227 Quod
1146 2162 1318 2231 igitur
1345 2163 1511 2217 etiam
1546 2163 1702 2232 prius
1744 2163 1933 2232 specie
1960 2163 2239 2233 parabolae

649 2254 819 2319 dixit,
852 2254 959 2310 hoc
990 2255 1193 2311 docere
1222 2268 1456 2310 conatur
1489 2264 1741 2327 tempore
1770 2256 1836 2310 ad
1868 2272 2007 2327 opus
2034 2265 2089 2312 et
2117 2256 2238 2311 cla-

650 2350 856 2404 riorem
883 2346 1417 2406 demonstrationem
1443 2356 1696 2406 vocante.
1719 2348 1851 2405 Post
1875 2348 2237 2406 defectionem

649 2439 824 2511 igitur
856 2454 922 2495 ac
970 2439 1277 2497 discessum
1323 2440 1645 2511 proditoris,
1691 2441 2067 2497 communicat
2115 2449 2239 2497 tan-

651 2529 779 2587 dem
814 2538 876 2586 ut
919 2546 1169 2602 congruo
1209 2532 1472 2588 nimirum
1508 2542 1759 2604 tempore
1788 2534 2042 2603 genuinis
2068 2532 2241 2589 disci-

649 2622 798 2692 pulis
844 2626 1131 2696 mysteria,
1162 2631 1219 2680 et
1259 2624 1375 2681 ait:
1408 2644 1427 2677 ι
1458 2624 1615 2680 Nune
1654 2626 1993 2681 clariﬁcatus
2027 2632 2112 2681 est
2152 2622 2243 2680 Fi-

647 2716 760 2773 lius
792 2715 1060 2782 hominis,
1103 2734 1123 2769 ι
1167 2726 1224 2770 et
1252 2731 1351 2787 per
1381 2716 1487 2772 hoc
1517 2716 1740 2787 quidem
1774 2717 2075 2771 salutarem
2115 2730 2243 2785 pas-

651 2809 867 2863 sionem
904 2807 1183 2877 signiﬁeat
1210 2807 1349 2877 ipsis
1380 2808 1489 2877 jam
1522 2808 1739 2864 foribus
1778 2808 2160 2862 imminentem
2187 2813 2245 2861 et

653 2898 818 2969 paulo
857 2907 983 2969 post
1029 2898 1298 2954 futuram.
1330 2898 1707 2954 Clariﬁcatum
1732 2914 1867 2954 vero
1906 2896 2107 2953 Filium
2146 2897 2243 2951 ho-

652 2991 827 3047 minis
870 2990 971 3055 ait,
1013 3006 1128 3046 non
1168 2990 1447 3045 diversum
1474 3005 1504 3043 a
1536 3006 1597 3045 se
1634 2991 1806 3044 alium
1842 2988 2137 3059 quemdam
2168 2988 2245 3043 si-

649 3081 949 3152 gniﬁcans,
972 3098 1081 3138 non
1103 3082 1350 3146 divisim,
1370 3090 1431 3136 ut
1453 3082 1630 3136 visum
1659 3088 1742 3136 est
1768 3082 2075 3144 nonnullis,
2103 3097 2246 3136 unus

648 3175 797 3229 enim
848 3173 1026 3232 Filius
1086 3173 1367 3238 Christus,
1421 3180 1477 3228 et
1532 3182 1660 3227 ante
1706 3186 1954 3237 carnem,
2004 3179 2060 3228 et
2119 3187 2243 3227 cum

2339 2081 2454 2142 τοῖς
2481 2079 2627 2140 κυσὶ,
2659 2076 2803 2131 κατά
2840 2075 2940 2146 τὴν
2968 2073 3135 2128 αὐτοῦ
3161 2073 3365 2144 φωνὴν,
3396 2071 3510 2126 ἀλλ’
3529 2071 3653 2124 οὐδὲ
3677 2073 3797 2135 τοῖς
3819 2071 3942 2125 ὑῶν

2342 2166 2724 2239 ὲνυϐρίζεσθαι
2758 2166 2885 2219 ποσὶ
2912 2166 3042 2228 τοὺς
3080 2165 3427 2235 μαργαρίτας
3467 2164 3586 2233 ὲᾷν.
3621 2162 3806 2232 Ὅπερ
3838 2159 3943 2215 οὖν

2341 2260 2445 2332 ἔφη
2483 2259 2579 2312 καὶ⁵
2624 2259 2927 2330 πρότερον,
2978 2257 3053 2321 ὡς
3099 2258 3157 2309 ὲν
3187 2256 3315 2309 εἴδει
3359 2255 3719 2326 παραϐολῆς,
3774 2252 3943 2307 τοῦτο

2342 2353 2603 2425 πειρᾶται
2642 2351 2919 2406 διδάσκειν
2964 2349 3161 2421 καιροῦ
3205 2348 3501 2412 καλοῦντος
3529 2349 3611 2412 είς
3642 2347 3809 2419 ἔργον
3839 2348 3942 2400 καὶ

2345 2441 2690 2513 σαφεστέραν
2742 2440 3025 2506 ἐπίδειξιν.
3078 2441 3237 2495 Μετά
3280 2440 3463 2493 τοίνυν
3510 2438 3603 2492 τοῦ
3658 2438 3933 2508 προδότου

2344 2533 2443 2603 τὴν
2472 2532 2777 2592 ἀπόστασιν
2815 2533 2911 2587 καὶ
2939 2533 3040 2603 τῆς
3079 2532 3269 2595 ἑστίας
3309 2532 3410 2601 τὴν
3433 2530 3774 2604 ἀποδρομὴν,
3801 2532 3942 2585 ἀνα-

2343 2625 2624 2679 κοινοῦται
2661 2624 2879 2688 λοιπδν,
2914 2623 2992 2687 ὡς
3038 2623 3098 2677 ἑν
3128 2622 3307 2695 καιρῷ
3353 2622 3433 2694 τῷ
3471 2622 3771 2694 πρέποντι,
3819 2625 3944 2683 τοῖς

2342 2717 2591 2788 γνησίοις
2636 2715 2747 2769 τῶν
2805 2713 3069 2785 μαθητῶν
3121 2714 3190 2766 τὰ
3232 2714 3548 2783 μυστήρια,
3596 2712 3692 2765 καί
3749 2728 3892 2782 φησι
3920 2729 3936 2742 ·

2352 2828 2370 2861 ι
2402 2807 2516 2863 Νῦν
2537 2805 2798 2878 ἐδοξάσθη
2814 2810 2842 2861 ό
2862 2806 2993 2871 Υἱὸς
3017 2805 3112 2859 τοῦ
3137 2804 3426 2877 ἀνθρώπου
3450 2822 3464 2836 ·
3500 2824 3517 2856 ι
3548 2805 3644 2858 καὶ
3677 2806 3947 2874 σημαίνει

2350 2901 2450 2972 μὲν
2470 2900 2560 2954 διὰ
2579 2899 2771 2953 τούτου
2796 2899 2857 2952 τὸ
2889 2898 3157 2969 σωτήριον
3192 2898 3383 2963 πάθος,
3417 2898 3495 2961 ὡς
3519 2896 3580 2951 ὃν
3611 2897 3705 2950 ἐπὶ
3742 2896 3945 2965 θύραις

2346 3010 2408 3047 τε
2461 2995 2557 3047 καὶ
2602 2991 2702 3063 ῆδη
2737 2991 3118 3063 παρεσόμενον
3166 2989 3306 3061 μετά
3353 2989 3547 3061 βραχύ.
3600 2988 3946 3054 Δεδοξάσθαε

2347 3102 2411 3155 γε
2448 3084 2555 3155 μὴν
2598 3083 2692 3137 τὸν
2732 3082 2864 3137 Υίδν
2900 3082 2997 3136 τοῦ
3048 3082 3339 3154 ἀνθρώπου
3372 3081 3573 3152 φησὶν,
3602 3081 3701 3150 οὐχ
3744 3080 3944 3148 ἕτερόν

2349 3191 2469 3227 τινα
2508 3173 2685 3241 λέγων
2733 3174 2866 3242 παρ’
2911 3173 3126 3237 ἑαυτὸν,
3174 3172 3233 3224 οὐ
3268 3170 3639 3244 διῃρημένως,
3671 3170 3939 3239 καθάπερ

651 3282 843 3335 carne,
880 3275 935 3325 et
985 3267 1311 3339 priusquam
1368 3268 1535 3321 homo
1595 3264 1749 3319 ﬁeret
1798 3264 1962 3320 sicuti
2022 3280 2149 3331 nos,
2192 3280 2239 3323 et

2356 3264 2504 3329 ἔδοξέ
2529 3280 2699 3317 τισιν·
2732 3259 2813 3327 εἷς
2852 3263 2961 3333 γὰρ
2994 3262 3120 3326 Υἱὸς
3147 3263 3175 3315 ό
3209 3263 3443 3334 Χριστὸς
3468 3305 3482 3326 ,
3513 3262 3608 3315 καὶ
3652 3260 3760 3333 πρὸ
3804 3277 3945 3331 σαρ-

648 3367 948 3431 postquam
979 3359 1162 3415 factus
1199 3368 1286 3415 est
1329 3358 1517 3413 homo.
1547 3355 1837 3421 Quomodo
1868 3372 2001 3411 vero
2035 3356 2236 3411 clariﬁ-

2356 3356 2469 3420 κὸς,
2508 3357 2598 3409 καὶ
2629 3354 2766 3425 μετά
2808 3354 3031 3425 σαρκὸς,
3082 3352 3177 3406 καὶ
3226 3352 3355 3421 πρὶν
3392 3351 3677 3422 ἄνθρωπος
3706 3351 3944 3421 γένηται

651 3462 840 3508 catum
894 3467 956 3508 se
995 3466 1125 3507 esse
1158 3449 1411 3511 aﬁirmet,
1442 3448 1806 3520 quaerendum
1856 3455 1964 3504 est.
1999 3448 2239 3504 Dixerinl

2349 3446 2472 3500 καθ’
2502 3447 2669 3515 ἡμᾶς,
2703 3444 2800 3497 καὶ
2826 3445 2915 3497 ὅτε
2948 3443 3171 3511 γέγονεν
3215 3442 3525 3513 ἄνθρωπος.
3575 3440 3651 3496 Τδ
3681 3440 3739 3493 δὲ
3781 3441 3940 3502 ὅπως

649 3542 797 3599 enim
834 3541 1025 3600 forsan
1050 3542 1232 3613 aliqui
1259 3561 1273 3598 :
1304 3540 1496 3597 Nonne
1522 3551 1575 3597 et
1600 3542 1756 3611 prius
1792 3539 2133 3595 clariﬁcatus
2160 3548 2247 3595 est

648 3648 778 3689 cum
810 3630 1078 3689 miracula
1107 3630 1491 3689 faceret?Nam
1515 3646 1626 3686 uno
1644 3631 1813 3687 verbo
1837 3631 2055 3702 placato
2078 3630 2241 3695 mari,

648 3734 705 3781 et
726 3724 1040 3781 vehementi
1060 3732 1353 3781 ventorum
1395 3725 1600 3794 impetu
1628 3725 2245 3796 compresso,adoratus

646 3828 731 3872 est
765 3818 986 3888 quidem
1012 3818 1084 3874 ab
1112 3818 1181 3872 iis
1217 3817 1311 3887 qui
1340 3818 1396 3871 in
1424 3817 1645 3887 navigio
1672 3826 1806 3872 tunc
1831 3827 2008 3883 erant,
2043 3817 2247 3873 audiit-

648 3925 758 3977 qne
778 3929 789 3962 :
809 3928 828 3960 ι
854 3908 1185 3963 VereFilius
1204 3908 1298 3963 Dei
1321 3925 1382 3964 es
1401 3910 1441 3963 ³.
1470 3928 1491 3960 ι
1515 3909 1812 3974 Praeterea,
1829 3924 1953 3963 cum
1972 3908 2242 3964 Lazarum

650 4000 719 4053 ad
769 3999 940 4052 vitam
978 3999 1183 4054 reverti
1223 3998 1511 4069 jussisset,
1549 3999 1689 4055 adeo
1747 3999 1965 4055 celebre
1997 3998 2102 4054 fuit
2140 4000 2244 4053 mi-

651 4089 929 4150 raculum,
977 4098 1037 4143 ut
1089 4099 1144 4144 et
1199 4091 1348 4145 circa
1386 4090 1511 4146 festi
1546 4099 1764 4160 tempus
1800 4090 2240 4163 Hierosolymam

651 4178 973 4234 ascendenti
1025 4195 1219 4236 omnes
1285 4181 1335 4236 ei
1393 4196 1503 4235 una
1560 4198 1685 4237 cum
1750 4182 1937 4251 pueris
1976 4196 2241 4238 occurre-

652 4270 786 4335 rint,
806 4280 859 4326 et
892 4269 1091 4326 faustis
1115 4272 1397 4328 ominibus
1425 4288 1551 4328 eum
1583 4274 1858 4343 persecuti
1887 4274 2023 4339 sint,
2045 4273 2239 4330 dicen-

649 4371 736 4417 tes
769 4379 782 4415 :
824 4384 842 4415 ι
882 4362 1212 4419 Benedictus
1260 4367 1356 4435 qui
1384 4366 1535 4421 venit
1560 4366 1614 4420 in
1645 4366 1871 4421 nomine
1899 4364 2175 4420 Domini‘.
2215 4384 2235 4418 ι

651 4453 813 4525 745
840 4453 945 4509 Sed
990 4462 1045 4510 et
1095 4453 1287 4511 fractis
1318 4457 1565 4526 quinque
1609 4458 1847 4528 panibus
1895 4472 1961 4511 ac
2015 4457 2235 4515 duobus

651 4546 940 4616 pisciculis
978 4546 1294 4602 universam
1330 4547 1743 4603 multitudinem
1794 4563 1987 4603 eorum
2035 4548 2131 4619 qui
2167 4550 2235 4604 ad

2346 3536 2663 3603 δεδοξάσθαι
2687 3535 3105 3607 δι’ίσχυρίζεται,
3137 3534 3417 3604 ζητητέον.
3457 3534 3619 3586 Φαῖεν
3659 3534 3768 3602 γὰρ
3802 3533 3943 3595 ἴσως

2344 3630 2521 3695 τινές·
2553 3631 2624 3683 Ἦ
2655 3629 2764 3699 γὰρ
2794 3629 2936 3697 elixi,
2970 3627 3065 3681 καὶ
3102 3627 3369 3698 πρότερον
3408 3624 3785 3696 τερατοποιῶν
3813 3625 3934 3676 E60-

2346 3723 2570 3790 ξάζετο;
2628 3721 2825 3775 Καίτοι
2895 3718 3175 3773 θάλασσαν
3230 3718 3331 3788 μὲν
3390 3716 3786 3788 ἀγριαίνουσαν
3856 3717 3938 3768 ἐνὶ

2342 3817 2674 3886 δυσωπήσας
2697 3813 2861 3883 λόγῳ,
2897 3812 2991 3865 καὶ
3025 3811 3348 3880 βιαιοτάτων
3372 3810 3700 3879 πνευμάτων
3734 3809 3938 3863 ἀνακό-

2342 3906 2452 3976 ψας
2490 3905 2702 3979 φοράν,
2764 3900 3145 3973 προσεκυνήοη
3204 3902 3304 3971 μὲν
3359 3900 3513 3969 παρά
3578 3899 3687 3951 τῶν
3748 3900 3806 3951 ὲν
3856 3895 3941 3967 τῷ

2346 4001 2517 4073 πλοίῳ
2561 4000 2706 4061 τότε,
2744 3999 2944 4068 ῆκουσε
2977 3996 3065 4061 δὲ,
3118 3996 3201 4048 ὅτι
3254 4012 3273 4046 ι
3327 3994 3571 4063 Ἀληθῶς
3612 3992 3749 4045 Θεοῦ
3803 3992 3937 4056 Υίδς

2342 4091 2413 4150 εἴ.
2459 4113 2477 4147 ι
2515 4094 2626 4147 Καὶ
2679 4092 2786 4163 μὴν
2838 4090 2934 4144 καὶ
2997 4087 3090 4141 τὸν
3134 4088 3194 4140 ὲν
3259 4088 3325 4157 τῇ
3379 4084 3623 4154 Βηθανίᾳ
3672 4083 3933 4155 Λάζαρον

2344 4184 2780 4257 παλινδρομῆσαι
2846 4178 3161 4252 προστάξας
3228 4179 3308 4241 είς
3379 4176 3567 4242 ζωὴν,
3641 4174 3933 4244 διαϐόητον

2341 4280 2469 4352 ἔσχε
2519 4278 2582 4331 τὸ
2614 4276 2835 4347 θαῦμα,
2886 4274 2963 4339 ὡς
3010 4272 3103 4326 καὶ
3129 4270 3473 4325 ἀναϐαίνοντι
3521 4267 3665 4322 κατά
3703 4268 3796 4321 τὸν
3828 4269 3933 4337 τῆς

2340 4371 2535 4442 ἑορτῆς
2612 4367 2805 4439 καιρὸν
2888 4367 2969 4429 είς
3066 4363 3420 4433 Ἱεροσόλυμα
3500 4360 3933 4433 προῦπαντῆσαι

2342 4465 2669 4533 σύμπαντας
2719 4456 2855 4529 όμοῦ
2915 4457 3030 4519 τοῖς
3106 4456 3356 4525 νηπίοις,
3437 4451 3533 4506 καὶ
3594 4451 3931 4520 ἀξιάγαστον

2340 4551 2492 4622 αὑτῴ
2537 4550 2637 4621 τὴν
2691 4546 2969 4618 εὐφημίαν
3021 4544 3353 4598 ἀναπλέκειν
3415 4542 3715 4611 λέγοντας·
3773 4560 3793 4594 σ
3826 4542 3933 4597 Εὐ-

651 4654 712 4694 se
746 4638 1133 4694 conﬂuxerant
1171 4640 1393 4695 satiavit
1429 4642 1642 4711 absque
1680 4642 1866 4709 pueris
1907 4650 1961 4694 et
1988 4642 2234 4696 mulieri-

2342 4643 2637 4714 λογημένος
2663 4642 2692 4693 ό
2726 4639 3018 4711 ἐρχόμενος
3048 4637 3105 4689 ὲν
3142 4635 3368 4706 ὀνόματι
3429 4635 3655 4707 Κυρίου.
3696 4654 3715 4687 ι
3770 4634 3934 4690 Ἀλλά

649 4731 773 4794 bus,
807 4730 873 4784 ad
903 4732 1151 4801 quinque
1178 4734 1425 4787 virorum
1460 4733 1653 4787 millia.
1684 4732 1819 4786 Tam
1856 4732 2075 4787 illustre
2104 4746 2236 4785 vero

650 4824 982 4878 miraculum
1023 4824 1170 4879 istud
1220 4827 1504 4881 nonnullis
1559 4827 1738 4881 visum
1786 4834 1895 4889 est,
1934 4832 1994 4877 ut
2051 4838 2116 4878 ea
2180 4839 2241 4878 re

654 4914 949 4984 plurimum
987 4918 1202 4972 attoniti
1235 4935 1415 4991 regem
1438 4936 1563 4975 eum
1592 4935 1781 4974 creare
1806 4918 2050 4973 vellent“
2078 4931 2096 4970 :
2132 4917 2237 4971 hoc

650 5007 798 5060 enim
833 5008 1170 5078 evangelista
1194 5011 1355 5067 nobis
1387 5019 1626 5066 testatus
1655 5019 1762 5065 est.
1826 5008 2051 5065 Diiﬁcile
2105 5024 2243 5065 vero

655 5115 763 5153 non
796 5109 883 5153 est
920 5099 1257 5171 ejusccmodi
1294 5105 1543 5174 exempla
1578 5116 1911 5171 congerere,
1946 5100 2119 5155 nihilo
2171 5102 2238 5157 iis

652 5207 778 5261 quae
834 5192 1129 5250 retulimus
1187 5194 1474 5252 inferiora.
1518 5195 1808 5262 Quomodo
1867 5194 2034 5265 igitur
2093 5210 2240 5249 nunc

656 5284 1017 5341 elariﬁcatum
1054 5303 1114 5343 se
1139 5287 1295 5355 dicit,
1338 5288 1433 5360 qui
1470 5296 1524 5343 et
1557 5288 1689 5343 olim
1733 5286 2075 5343 clariﬁcatus
2109 5289 2241 5344 est?

654 5376 999 5436 Clarilicatus
1028 5382 1176 5436 enim
1230 5392 1314 5437 est
1338 5382 1501 5437 etiam
1535 5397 1604 5435 ex
1651 5380 1799 5444 aliis,
1838 5388 1895 5436 et
1927 5380 2112 5435 divina
2139 5396 2239 5452 po-

654 5479 850 5528 testate
881 5474 1147 5541 prarditus
1171 5474 1519 5529 credebatur.
1574 5471 1781 5528 Tamen
1829 5473 2243 5528 consummatio

652 5562 842 5632 gloria:
872 5564 926 5618 in
960 5564 1219 5635 passione
1259 5565 1364 5621 sita
1395 5576 1534 5631 erat,
1564 5578 1729 5635 quam
1765 5579 1866 5636 pro
1897 5564 2088 5620 mundi
2122 5566 2232 5618 vita

658 5654 940 5718 sustinuit,
970 5663 1024 5709 et
1055 5655 1109 5710 in
1140 5670 1205 5711 eo
1234 5655 1378 5726 quod
1415 5672 1511 5726 per
1539 5656 1781 5726 seipsnm
1806 5655 2230 5712 resurrectionis

734 5842 751 5870 ’
791 5838 982 5895 Matth.
1019 5856 1090 5896 vn
1115 5880 1129 5907 ,
1166 5837 1217 5892 6.
1302 5837 1317 5863 ³
1360 5836 1549 5893 Matth.
1589 5856 1702 5909 xw,
1734 5839 1819 5894 35.

1902 5840 1918 5869 "
1958 5837 2153 5894 Matth.
2190 5854 2277 5893 xu
2304 5882 2321 5909 ,
2350 5839 2401 5895 9.

2335 4737 2429 4791 καὶ
2479 4734 2642 4787 πέντε
2706 4729 3006 4791 διακλάσας
3066 4726 3267 4798 ἄρτους
3338 4726 3469 4778 ποτὲ
3493 4767 3507 4790 ,
3570 4726 3663 4778 καὶ
3724 4724 3932 4795 ὀψάρια

2334 4829 2446 4893 δύο,
2479 4824 2806 4898 κορεσθῆναι
2873 4820 3251 4891 παρεσκεύασε
3292 4818 3392 4887 τῆν
3450 4818 3561 4871 τῶν
3623 4820 3711 4871 ἐπ’
3765 4819 3931 4872 αὑτὸν

2336 4916 2852 4990 συνδεδραμηκότων
2902 4913 3147 4985 πληθὺν,
3177 4913 3298 4983 δίχα
3348 4913 3557 4984 νηπίων
3605 4913 3701 4965 καὶ
3731 4929 3930 4980 γυναι-

2336 5011 2468 5072 κῶν,
2497 5012 2580 5073 εἰς
2608 5010 2767 5062 πέντε
2790 5005 3168 5059 συντείνουσαν
3193 5004 3439 5075 χιλιάδας
3460 5003 3686 5075 ἀνδρῶν.
3725 5004 3929 5059 Ἐδόκει

2335 5103 2392 5156 δὲ
2428 5101 2602 5163 οὕτως
2640 5096 2860 5161 εὐκλεὲς
2898 5096 2960 5149 τὸ
3005 5096 3541 5166 τερατουργούμενον
3586 5089 3728 5146 εἷναί
3762 5111 3925 5157 τισιν,

2336 5194 2409 5255 ὡς
2437 5193 2533 5264 τὴν
2564 5190 2663 5245 τοῦ
2690 5191 3018 5262 πράγματος
3049 5186 3609 5255 καταπεπληγμένους
3632 5187 3924 5259 ὑπεροχὴν,

2338 5286 2522 5355 ζητεῖν
2552 5284 2714 5339 αὐτὸν
2752 5281 3025 5348 ἀναδεῖξαι
3079 5283 3173 5334 καὶ
3203 5280 3427 5349 βασιλέα
3449 5294 3463 5310 ⁸
3503 5278 3661 5332 τοῦτο
3692 5279 3803 5350 γὰρ
3828 5281 3928 5333 αἱ»-

2338 5378 2427 5441 τὸς
2456 5379 2588 5448 ἡμῖν
2628 5377 2657 5429 ὁ
2682 5372 3073 5444 εὐαγγελιστὴς
3120 5371 3543 5443 διεμαρτύρατο,
3585 5370 3839 5425 Χαλεπδν
3870 5372 3925 5423 δὲ

2339 5470 2510 5531 οὐδὲν,
2538 5469 2631 5523 καὶ
2658 5468 2725 5521 δι’
2754 5467 2958 5537 ἐτέρων
2994 5466 3134 5519 ὅσων
3178 5465 3273 5517 καὶ
3310 5464 3516 5532 σφόδρα
3552 5463 3763 5518 πλατὺν
3793 5464 3925 5517 ίέναι

2342 5566 2432 5616 τὸν
2459 5564 2634 5631 λόγον,
2652 5561 2760 5614 τῶν
2788 5559 2993 5631 ἀρτίως
3019 5560 3152 5629 ἡμῖν
3169 5558 3373 5629 ἀπηριθ
3382 5575 3454 5627 μη
3464 5558 3639 5628 μένων
3668 5557 3925 5627 πραγμά-

2339 5674 2445 5708 των
2486 5657 2606 5708 κατ“
2654 5652 2808 5706 οὐδὲν
2839 5650 3159 5722 ἡττωμένην
3198 5650 3297 5723 τὴν
3321 5648 3479 5714 δόξαν
3511 5650 3766 5720 ἑχόντων.
3804 5647 3925 5717 Πῶς

2482 5841 2499 5869 ³
2550 5837 2701 5893 ιοίιιι.
2737 5850 2789 5891 τι
2817 5872 2832 5900 ,
2870 5834 2956 5889 15.
