4144 6550
250 421 374 479 I53
1237 422 1302 476 IN
1349 420 1635 479 JOANNIS
1687 419 2137 478 EVANGELIUM
2185 421 2314 477 LIB.
2356 422 2445 480 IX.
3440 422 3546 483 15‘

249 535 362 595 οὖν
409 541 520 614 ἀρα
579 539 761 596 Λοιπὸν
790 542 819 595 ό
847 538 943 595 καὶ
996 538 1165 593 πάλαι
1223 538 1638 612 δεδοξασμένος,
1670 537 1867 593 ἑαυτὸν

1896 542 1938 600 Α
1967 539 2214 593 omnium
2254 539 2478 593 modum
2512 538 2818 593 innovavit.
2854 536 2987 593 Nam
3037 538 3083 595 si
3132 538 3395 595 rationem
3428 557 3532 612 my-

251 633 389 686 νυνὶ
423 631 732 698 δεδοξάσθαι
763 632 897 704 φησί
925 648 941 699 ;
972 630 1301 698 Δεδόξασται
1331 631 1442 703 7&9
1498 632 1594 685 καὶ
1641 630 1709 683 δι’
1745 631 1863 684 ἐτέ-

1966 631 2121 686 sterii
2158 631 2342 697 istius,
2377 630 2555 701 quoad
2594 631 2740 694 licet,
2786 638 2934 685 recte
2995 628 3391 700 expendamus,
3435 647 3546 687 non

257 736 405 790 ρων,
456 720 553 774 καὶ
581 719 921 793 θεοπρεποῦς
951 721 1203 786 ἐξουσίας
1245 721 1513 792 ὑπόληψιν
1538 720 1679 792 ἔχων
1704 720 1861 790 ἐφαί-

1956 721 2068 776 sibi
2108 720 2211 790 ipsi
2232 735 2419 790 neque
2448 720 2671 790 proprie
2705 727 2933 790 propter
2974 718 3219 791 seipsum
3264 728 3539 775 mortuum

254 827 408 864 νετο.
424 810 498 865 Τό
522 828 585 880 γε
617 812 725 883 μήν
763 812 868 884 τῆς
894 813 1058 885 δόξης
1092 814 1321 881 τέλειον,
1346 814 1440 868 καὶ
1467 812 1567 884 τῆς
1604 812 1857 879 εὐκλείας

1961 807 2295 871 videbimus,
2327 807 2419 862 sed
2450 823 2551 877 pro
2583 808 2843 864 universa
2876 808 3238 873 humanitate,
3283 818 3340 865 et
3374 811 3541 866 susti-

251 900 321 951 τὸ
354 900 563 971 πλῆρες
582 902 640 955 ὲν
668 903 864 975 ἐκείνῳ
897 904 1116 970 πάντως
1153 900 1224 977 ἦν
1261 908 1319 958 ὲν
1349 905 1427 976 τῷ
1465 904 1657 959 παθεῖν
1688 904 1856 959 αὐτὸν

1952 898 2151 954 nuisse
2185 913 2251 953 ac
2282 898 2482 955 fecisse
2516 900 2833 967 passionem
2869 899 3067 971 ipsam,
3098 908 3153 957 et
3192 908 3317 971 post
3368 902 3544 967 illam,

247 990 408 1060 ὑπὲρ
439 992 539 1062 τῆς
559 992 654 1047 τοῦ
674 993 880 1066 κόσμου
910 995 1078 1067 ζωῆς,
1106 996 1201 1049 καὶ
1237 996 1303 1049 δι’
1327 995 1521 1049 ἑαυτοῦ
1552 998 1653 1067 τῆς
1677 995 1855 1050 ἁπάν-

1960 990 2444 1046 resurrectionem.
2477 989 2726 1047 Mortuus
2761 991 2906 1046 enim
2943 999 3029 1047 est
3076 992 3382 1047 secundum
3413 1008 3536 1047 car-

241 1096 369 1133 των
420 1082 771 1149 ἀναστάσεως
821 1089 1217 1158 καινοτομῆσαι
1240 1086 1334 1141 τὸν
1369 1086 1590 1157 τρόπον.
1618 1086 1852 1141 Βασανί-

1959 1096 2106 1148 nem,
2138 1081 2308 1136 vitam
2366 1096 2522 1137 suam
2566 1097 2673 1152 pro
2733 1084 2845 1138 vita
2883 1084 3131 1139 omnium
3195 1084 3441 1150 tradens,
3485 1099 3543 1140 cr

239 1173 447 1237 ξοντες
473 1174 583 1246 γὰρ
602 1217 616 1241 ,
645 1174 723 1239 ὡς
752 1175 855 1242 ενι,
884 1176 1064 1241 καλῶς
1086 1177 1180 1232 τοῦ
1213 1178 1335 1233 κατ’
1362 1177 1522 1232 αὐτὸν
1553 1176 1853 1248 μυστηρίου

1955 1173 2161 1228 veteris
2191 1171 2465 1228 maledicti
2500 1172 2555 1227 in
2585 1173 2774 1244 seipso
2807 1176 2913 1228 vim
2950 1175 3257 1247 adimplens
3311 1177 3405 1233 ille
3436 1194 3547 1249 pro

232 1261 349 1316 τὸν
378 1261 557 1332 λόγον,
593 1265 691 1337 οὐχ
721 1267 901 1339 ἑαυτῷ
945 1268 1129 1340 τυχὸν,
1165 1269 1286 1322 οὐδὲ
1323 1269 1530 1341 κυρίως
1556 1268 1623 1323 δι’
1660 1270 1853 1322 ἑαυτὸν

1948 1264 2212 1319 omnibus
2240 1264 2599 1321 aestimandus
2627 1266 2667 1320 ⁸.
2699 1266 2985 1322 Excitatus
3015 1275 3198 1323 autem
3226 1276 3310 1324 est
3341 1284 3545 1325 rursus

227 1351 531 1409 τεθνεῶτα
554 1358 925 1429 κατοψόμεθα,
952 1360 1067 1414 ἀλλ’
1091 1362 1230 1433 ὑπὲρ
1254 1363 1478 1432 ἀπάσης
1518 1362 1619 1432 τῆς
1646 1361 1852 1432 ἀνθρω-

1952 1369 2018 1407 ex
2052 1354 2286 1409 mortuis
2317 1353 2370 1406 in
2406 1353 2574 1408 vitam
2625 1353 3102 1422 ineorruptibilem
3133 1365 3187 1412 et
3232 1366 3495 1414 aeternam
3516 1402 3543 1425 ,.

224 1442 511 1514 πότητος,
550 1448 739 1504 παθεῖν
763 1468 823 1505 τε
850 1453 942 1505 καὶ
966 1452 1185 1523 δρᾶσαι,
1208 1453 1271 1506 τό
1288 1470 1348 1507 τε
1377 1452 1548 1517 πάθος
1573 1452 1725 1517 αὐτὸ,
1756 1455 1849 1507 καὶ

1952 1451 2122 1499 totam
2155 1444 2210 1498 in
2240 1443 2426 1515 seipso
2448 1445 2729 1501 suscitans
2785 1454 3059 1501 naturam.
3095 1466 3113 1497 ι
3155 1445 3334 1504 Semel
3384 1452 3542 1506 enim

224 1535 374 1601 μετ’
416 1537 593 1591 ἐκεῖνο
622 1539 720 1610 τὴν
768 1542 1087 1597 ἀνάστασιν.
1140 1542 1388 1614 Τέθνηκε
1432 1543 1532 1615 μὲν
1564 1544 1671 1615 7&9
1705 1544 1849 1598 κατά

1950 1546 2226 1601 mortuus,
2250 1546 2309 1592 ut
2339 1537 2609 1608 scriptum
2650 1548 2759 1605 est,
2787 1536 2899 1609 jam
2928 1553 3035 1592 non
3069 1539 3305 1594 moritur
3334 1583 3347 1595 .
3384 1558 3532 1597 mors

220 1626 349 1696 τὴν
382 1630 563 1703 σάρκα
591 1632 691 1703 τῆς
724 1634 980 1690 ἁπάντων
1025 1636 1173 1708 ζωῆς
1207 1637 1539 1709 ἀντίρροπον
1569 1637 1668 1707 τὴν
1707 1636 1847 1691 ἰδίαν

1950 1630 2026 1685 illi
2056 1646 2162 1684 non
2203 1631 2347 1685 ultra
2403 1629 2803 1685 dominabitur.
2853 1628 3019 1696 Quod
3073 1631 3221 1686 enim
3280 1641 3540 1690 mortuus-

222 1719 612 1788 ἀποδεικνὺς,
645 1725 741 1779 καὶ
796 1727 896 1797 τῆς
950 1728 1183 1798 ἀρχαίας
1238 1729 1457 1801 ἐκείνης
1506 1729 1843 1800 ἀποπληρῶν

1947 1730 2033 1778 est
2062 1728 2311 1792 peccato,
2355 1727 2607 1776 mortuus
2636 1732 2718 1776 est
2748 1721 2917 1777 semel
2946 1737 2961 1787 ;
2995 1720 3142 1791 quod
3167 1732 3349 1777 autem
3373 1722 3537 1790 vivit,

220 1807 391 1877 ἀρᾶς
445 1810 504 1863 ὲν
549 1811 729 1881 ἑαυτῷ
791 1814 892 1885 τήν
952 1817 1183 1887 δύναμιν
1219 1819 1248 1871 ό
1300 1817 1519 1871 πάντων
1568 1818 1840 1884 ἀντάξιος.

1946 1814 2081 1867 vivit
2115 1813 2284 1869 Deo'.
2328 1832 2347 1864 ι
2390 1812 2631 1883 ldipsum
2669 1823 2722 1868 et
2772 1813 2841 1868 de
2896 1812 3061 1870 nobis
3117 1828 3338 1885 quoque
3394 1813 3527 1884 ipsis

239 1896 589 1970 Ἐγήγερται
633 1903 691 1955 δὲ
734 1903 895 1958 πάλιν
932 1906 998 1959 ὲκ
1025 1904 1237 1977 νεκρῶν
1285 1907 1366 1971 είς
1412 1905 1689 1977 ἀκήρατόν
1721 1923 1843 1958 τινα

1890 1888 1916 1942 Β
1948 1920 2137 1960 verum
2162 1906 2274 1961 erit
2302 1914 2524 1977 propter
2552 1903 2862 1962 Christum.
2900 1902 3012 1960 Nec
3061 1908 3207 1960 enim
3263 1905 3407 1960 ultra
3442 1922 3526 1961 re-

226 1990 341 2043 οιαὶ
374 1990 756 2065 ἀκατάληκτον
798 1996 1111 2069 ζωὴν,ὅλην
1144 1998 1202 2052 ἐν
1230 1996 1409 2069 ἐαυτῷ
1439 1997 1714 2061 διανιστάς
1744 1998 1843 2068 τὴν

1947 2012 2240 2068 surgemus
2266 1995 2321 2052 in
2355 2006 2610 2063 mortem,
2643 1995 2739 2052 sed
2794 1995 2849 2050 in
2882 1995 3048 2050 vitam
3080 2002 3367 2062 aeternam,
3400 1997 3526 2053 licet

225 2074 430 2144 φύσιν.
464 2097 485 2132 ι
515 2081 697 2149 Ἀπαξ
726 2084 834 2155 7&9
854 2085 1161 2155 ἀποθανὼν,
1181 2088 1322 2143 κατά
1344 2088 1407 2143 τὺ
1433 2074 1839 2161 γεγραμμένον,

1945 2103 2141 2159 magna
2176 2086 2361 2142 futura
2396 2089 2710 2143 sitdemum
2747 2086 3075 2154 diﬂercntia,
3121 2086 3271 2158 quod
3302 2087 3370 2142 ad
3404 2089 3526 2161 glo-

221 2169 430 2223 δύκέτι
465 2172 801 2245 ἀποθνήσκει
839 2193 854 2207 ⁸
883 2178 1108 2244 θάνατος
1142 2181 1310 2234 αὑτοῦ
1350 2181 1536 2235 οὐκέτι
1571 2182 1837 2253 κυριεύει.

1943 2181 2079 2235 riam
2112 2181 2396 2247 nimirum,
2425 2190 2479 2236 et
2511 2180 2748 2236 debitam
2782 2180 3055 2250 cujusque
3086 2181 3336 2236 moribus
3361 2181 3523 2237 retri-

227 2263 311 2315 Ὃ
347 2264 457 2335 γάρ
484 2264 749 2331 ἀπέθανε,
780 2272 847 2339 τῇ
879 2271 1127 2343 ἁμαρτίᾳ
1158 2272 1434 2327 ἀπέθανεν
1461 2273 1702 2342 ἐφάπαξ,
1733 2274 1761 2326 ὃ
1782 2273 1840 2327 δὲ

1942 2271 2248 2327 hutionem.
2296 2270 2500 2327 Factus
2560 2271 2730 2343 igitur
2780 2270 3047 2326 ubediens
3098 2268 3209 2325 Deo
3257 2286 3325 2326 ac
3373 2269 3522 2328 Patri

217 2352 336 2424 ζῇ,
367 2354 431 2426 ζῇ
465 2356 544 2426 τῷ
565 2357 705 2429 Θεῷ.
739 2379 758 2412 ι
791 2360 960 2415 Τοῦτο
1004 2363 1098 2416 καὶ⁵
1131 2365 1215 2433 ἐφ’
1246 2366 1380 2435 ήμίν
1416 2366 1599 2431 αὐτοῖς
1640 2366 1839 2436 ἀληθὲς

1940 2377 2117 2432 usque
2169 2360 2237 2417 ad
2273 2371 2540 2426 mortem,
2576 2368 2810 2415 mortem
2863 2368 3047 2415 autem
3105 2362 3315 2427 crucis,
3363 2361 3522 2432 juxta

223 2444 403 2501 ἔσται
430 2447 519 2502 διὰ
549 2450 805 2519 Χριστόν.
849 2453 1292 2527 Ἐγερθησόμεθα
1318 2457 1427 2528 γὰρ
1449 2457 1530 2510 ἔτι
1563 2460 1643 2521 είς
1669 2458 1837 2513 θάνα-

1938 2449 2095 2505 Pauli
2120 2464 2311 2505 vocem
2329 2449 2374 2513 ⁸,
2402 2451 2850 2530 superexaltatus
2880 2457 2968 2507 est
2997 2466 3218 2519 rursus,
3245 2452 3524 2524 accipiens

219 2550 337 2589 τον
360 2536 512 2606 οὐχὶ,
548 2537 665 2592 ἀλλ’
691 2541 770 2605 είς
802 2541 949 2614 ζωήν
990 2543 1089 2613 τὴν
1127 2546 1455 2617 ἀπέραντον,
1504 2550 1552 2602 εί
1581 2551 1675 2604 καὶ
1701 2549 1836 2604 πολὺ

1939 2559 2140 2599 nomen
2184 2540 2332 2613 quod
2380 2550 2465 2598 est
2502 2557 2666 2613 super
2714 2557 2879 2596 omne
2934 2557 3135 2598 nomen
3158 2545 3204 2602 ’.
3238 2544 3341 2610 Qui
3372 2544 3520 2602 enim

222 2626 390 2695 μετά
417 2627 576 2682 τοῦτο
604 2630 715 2684 τῶν
742 2633 1119 2708 ἀνισταμένων
1152 2641 1185 2709 ἡ
1217 2638 1473 2711 διαφορά,
1514 2641 1657 2695 κατά
1680 2659 1743 2709 γε
1776 2642 1838 2699 τὸ

1938 2635 2123 2692 nudus
2157 2639 2325 2690 homo
2380 2648 2504 2690 esse
2534 2633 2857 2704 putabatur,
2891 2648 3057 2704 supra
3092 2635 3320 2691 modum
3352 2636 3521 2704 glori-

217 2718 290 2772 ὲν
341 2718 495 2791 δόξῃ,
521 2724 694 2795 φημὶ,
722 2726 817 2779 καὶ
864 2728 964 2797 τήν
1007 2732 1116 2794 τοῖς
1148 2730 1380 2785 ἑκάστου
1407 2732 1632 2804 τρόποις
1660 2751 1835 2805 χρεω-

1937 2725 2138 2781 licatus
2168 2723 2294 2789 fuit,
2326 2738 2457 2779 vere
2493 2720 2639 2778 Deus
2665 2730 2721 2777 et
2780 2720 2957 2777 Filius
2989 2738 3179 2778 revera
3248 2723 3342 2779 Dei
3392 2740 3520 2795 pro—

223 2809 550 2882 στουμένην
596 2814 885 2870 ἀντίδοσιν.
938 2818 1234 2890 Γενόμενος
1272 2822 1453 2877 τοίνυν
1484 2823 1725 2895 ὑπήκοος
1753 2826 1833 2897 τῷ

1934 2818 2109 2882 ditus,
2138 2831 2246 2873 nec
2267 2816 2333 2871 ad
2358 2830 2554 2871 novam
2586 2815 2879 2886 quamdam
2915 2815 3237 2886 dignitatem
3268 2826 3517 2882 vocatus,

220 2898 361 2970 Θεῷ
392 2900 489 2954 καί
518 2902 693 2975 Πατρὶ
726 2906 889 2977 μέχρι
917 2906 1173 2976 θανάτου,
1198 2910 1434 2967 θανάτου
1460 2914 1516 2969 δὲ
1566 2917 1827 2988 σταυροῦ,

1930 2910 2027 2981 qui
2060 2917 2260 2964 natura
2291 2909 2437 2964 Deus
2466 2916 2606 2975 erat,
2664 2907 2760 2963 sed
2814 2907 2881 2960 ad
2938 2908 2987 2960 id
3036 2909 3182 2978 quod
3220 2916 3340 2963 erat
3391 2917 3518 2964 ante

222 2990 384 3045 κατά
422 2992 519 3064 τὴν
544 2994 640 3048 τοῦ
669 2996 883 3052 Παύλου
916 3000 1122 3074 φωνὴν,
1158 3004 1489 3077 ὑπερυψώθη
1532 3008 1695 3063 πάλιν
1729 3010 1828 3063 λαο

1930 3016 2181 3065 carnem,
2210 3001 2375 3056 etiam
2439 3015 2566 3054 cum
2618 3001 2735 3070 ipsa
2791 3018 2958 3056 rarne
3015 3001 3258 3067 rediens,
3310 3000 3519 3055 idcirco

224 3083 350 3138 εὼν
375 3085 438 3139 τὸ
461 3087 632 3159 ὄνομα
667 3088 729 3143 τὺ
776 3089 918 3163 ὑπὲρ
947 3094 1056 3147 πᾶν
1081 3094 1273 3166 ὄνομα.
1320 3096 1379 3149 '0
1408 3100 1517 3170 7&9
1550 3101 1826 3169 νομισθεὶς

1928 3091 2304 3149 clarissimum
2330 3105 2456 3145 esse
2479 3090 2665 3161 ipsum
2693 3091 3034 3160 putabimus,
3061 3090 3278 3146 tametsi
3299 3106 3517 3163 semper

226 3175 524 3287 ivbpgrro;
556 3175 698 3287 εἶναι
720 3181 905 3287 ιὲιλόςῖ
923 3186 1328 3287 ὑπερεδοξάσθη
1345 3189 1485 3253 λίαν,
1501 3191 1633 3255 Θεὸς
1655 3192 1825 3257 ὅντως
1851 3234 1862 3283 ε

1882 3231 1894 3250 ,
1926 3182 2115 3255 gloriae
2160 3180 2427 3237 Dominus
2473 3180 2765 3237 exstiterit.
2800 3180 2961 3237 Nulla
3000 3182 3146 3237 enim
3207 3197 3349 3237 nova
3395 3199 3518 3254 quae

1882 3263 2336 3287 ._
2460 3271 2472 3284 .
2581 3272 2761 3287 η...
3027 3273 3060 3287 .,
3202 3272 3365 3287 --Α
3501 3275 3513 3287 .

228 3268 329 3321 καὶ
362 3268 489 3333 Υἱὸς
508 3269 603 3325 τοῦ
624 3271 758 3326 Θεοῦ
780 3274 918 3328 κατά
949 3275 1209 3345 ἀλήθειαν
1236 3279 1704 3352 ἀναδεδειγμένος,
1723 3283 1825 3338 οὐκ
1853 3268 1864 3284 ’

1878 3268 1894 3286 ⁸
1928 3274 2026 3332 Dei
2064 3274 2136 3331 sit
2166 3273 2409 3345 dignitas
2459 3271 2517 3328 in
2579 3272 2806 3328 Christo
2861 3273 3167 3342 reperitur,
3202 3272 3366 3346 746
3420 3275 3514 3330 sed

225 3360 312 3422 είς
339 3358 530 3414 καινὸν
576 3361 793 3434 ἀξίωμα
845 3368 1182 3439 κεκλημένος
1218 3369 1279 3423 τὸ
1309 3366 1447 3425 εἶναι
1475 3372 1635 3443 φύσει
1668 3373 1820 3441 Θεὸς,

1928 3367 2138 3423 habens
2204 3364 2392 3420 omnia
2452 3365 2814 3429 naturaliter,
2849 3373 2910 3419 ut
2946 3363 3117 3433 Deus,
3175 3366 3339 3421 etiam
3388 3374 3514 3422 ante

223 3448 345 3504 ἀλλ’
368 3451 455 3514 εἰς
482 3451 621 3524 ὅπερ
667 3450 737 3523 ἦν
782 3455 880 3509 καὶ
917 3457 1025 3527 πρὸ
1055 3458 1257 3530 σαρκὸς
1291 3461 1370 3523 είς
1399 3461 1561 3516 τοῦτο
1585 3462 1651 3535 δὴ
1686 3464 1824 3518 πάν-

1925 3473 2049 3514 eam
2081 3472 2251 3529 quam
2279 3456 2521 3511 dicimus
2559 3456 2943 3511 inanitionem.
2995 3455 3101 3511 Sed
3150 3464 3206 3512 et
3233 3467 3510 3526 assumpta

219 3558 335 3604 τως
364 3541 466 3596 καὶ
523 3543 641 3613 μετ’
686 3545 857 3618 αὐτῆς
907 3548 1239 3620 ἀναδραμὼν
1278 3551 1377 3623 τῆς
1422 3553 1646 3625 σαρκὸς,
1681 3555 1824 3609 κατὰ

1924 3548 2068 3604 servi
2128 3548 2305 3603 forma
2331 3548 2400 3613 η,
2458 3546 2910 3617 quandoquidem
2979 3549 3221 3620 seipsum
3282 3549 3351 3603 ad
3422 3550 3512 3604 illa

218 3632 385 3686 τοῦτο
438 3633 754 3699 δεδοξάσθαι
784 3638 1081 3711 νομιοῦμεν
1113 3642 1300 3705 αὑτὸν,
1320 3644 1501 3698 καίτοι
1530 3645 1632 3717 τῆς
1662 3644 1821 3718 δόξης

1924 3656 2123 3697 rursus
2151 3640 2372 3703 extulit,
2408 3640 2573 3695 etiam
2607 3655 2732 3697 cum
2769 3640 2936 3695 homo
2970 3641 3162 3699 factus
3210 3651 3317 3709 est,
3349 3643 3513 3698 clari-

216 3724 355 3780 ὄντα
377 3726 469 3781 διὰ
492 3728 691 3793 παντὸς
720 3730 948 3801 Κύριον.
963 3734 1163 3788 Καινδν
1189 3734 1298 3806 γὰρ
1325 3735 1478 3791 ούδὲν
1509 3738 1570 3791 ὲν
1597 3739 1822 3810 Χριστῷ

1925 3731 2121 3788 ﬁcatus
2154 3731 2506 3800 intelligitur,
2537 3740 2593 3786 et
2641 3732 2947 3801 sumpsisse
2980 3732 3202 3789 dicitur.
3246 3733 3366 3791 Una
3406 3736 3512 3790 ita-

220 3813 333 3867 τῶν
365 3813 686 3888 θεοπρεπῶν
701 3818 1025 3890 ἀξιωμάτων
1046 3823 1379 3895 εὑρίσκεται,
1400 3824 1537 3897 ἔχων
1557 3825 1613 3880 δὲ
1644 3827 1821 3883 πάντα

1921 3840 2030 3896 que
2062 3839 2188 3879 cum
2220 3822 2444 3880 Christo
2470 3822 2780 3879 clariﬁcato
2812 3823 3151 3881 clarilicatus
3178 3833 3263 3880 est
3286 3828 3510 3881 omnino

219 3904 588 3973 φυσικῶς,ὼς
614 3910 769 3977 Θεὸς,
797 3912 892 3967 καὶ
925 3913 1031 3985 πρὸ
1053 3915 1152 3986 τῆς
1181 3915 1482 3988 λεγομένης
1512 3917 1818 3986 κενώσεως.

1920 3914 2068 3972 Deus
2094 3929 2159 3971 ac
2189 3914 2392 3970 l’ater:
2426 3913 2770 3972 elarilicatus
2802 3929 2936 3971 vero
2989 3923 3075 3970 est
3109 3915 3163 3970 in
3195 3914 3360 3983 Filio,
3397 3933 3505 3971 non

233 3996 397 4051 Ἀλλά
443 3999 538 4053 καὶ
587 4000 687 4071 τῆς
735 4002 1035 4076 ληφθείσης
1062 4004 1159 4059 τοῦ
1177 4006 1365 4060 δούλου
1398 4010 1635 4080 μορφῆς.
1664 4010 1818 4064 ἐπει-

1918 4016 2142 4073 accepta
2192 4007 2303 4062 ulla
2355 4006 2547 4077 gloriaa
2604 4008 2926 4063 accessione
2960 4024 2990 4062 a
3026 4025 3129 4064 suo
3158 4009 3443 4079 genimine
3475 4026 3490 4064 :

216 4087 395 4161 δήπερ
445 4091 641 4146 ἑαυτὸν
668 4093 992 4150 ἀνεόίόασεν
1039 4098 1120 4161 είς
1151 4099 1335 4154 ἐκεῖνα
1364 4100 1528 4155 πάλιν
1549 4141 1565 4168 ,
1603 4102 1698 4156 καὶ
1726 4102 1816 4156 ὅτε

1918 4101 2101 4156 divina
2141 4101 2345 4171 quippe
2376 4107 2431 4154 et
2460 4097 2756 4155 ineﬂ‘abilis
2795 4108 2994 4154 natura
3030 4117 3093 4157 ea
3132 4118 3362 4171 prorsus
3396 4117 3504 4156 non

220 4182 446 4251 γέγονεν
466 4184 777 4256 ἄνθρωπος,
810 4187 1130 4257 δεδοξάσθαι
1158 4195 1385 4259 νοεῖται,
1414 4195 1510 4248 καὶ
1531 4194 1816 4267 εἰληφέναι

1917 4192 2175 4265 indiget;
2216 4191 2312 4248 sed
2349 4191 2479 4264 quia
2528 4192 2769 4246 innotuit
2804 4193 2965 4262 cujus
3020 4191 3146 4247 Filii
3191 4195 3265 4249 sit
3320 4192 3504 4250 Pater.

218 4274 461 4344 λέγεται.
521 4276 909 4352 Δεδοξασμένῳ
957 4283 1247 4355 τοιγαροῦν
1293 4284 1374 4356 τῷ
1422 4287 1645 4359 Χριστῷ
1681 4305 1806 4342 συν-

1917 4283 2398 4352 Quemadmodum
2424 4284 2572 4340 enim
2600 4284 2777 4356 gloria
2803 4294 2888 4341 est
2914 4283 3075 4351 Filio,
3107 4287 3271 4341 talem
3303 4285 3506 4341 habere

220 4366 539 4434 δεδόξασται
569 4369 791 4436 πάντως
830 4373 926 4426 καὶ
955 4376 983 4428 ό
1006 4374 1140 4438 Θεὸς
1171 4378 1265 4431 καὶ
1294 4378 1513 4450 Πατήρ·
1548 4378 1809 4451 ἐδοξάσθη

1915 4380 2225 4434 secundum
2260 4384 2517 4432 naturam
2541 4377 2869 4449 genitorem,
2896 4376 3089 4433 eodem
3116 4378 3279 4432 modo
3303 4393 3507 4433 censeo

216 4456 274 4512 δὲ
314 4459 377 4545 εν
411 4459 549 4532 Υίῷ,
581 4462 644 4516 οὐ
684 4462 845 4533 δόξης
881 4465 1005 4520 τινὰ
1048 4468 1371 4540 προσθήκην
1425 4469 1607 4527 λαϐὼν
1656 4472 1812 4545 παρά

1913 4471 2079 4528 etiam
2133 4469 2190 4525 in
2250 4467 2437 4524 Patris
2479 4468 2709 4540 gloriam
2749 4467 2969 4535 cedere,
3019 4467 3167 4539 quod
3213 4468 3381 4524 talem
3434 4484 3503 4524 ex

217 4548 311 4602 τοῦ
340 4544 473 4606 ίδίου
501 4554 863 4626 γεννιίιμκιιτος⁹
903 4558 1157 4632 ἀνενδεὴς
1184 4561 1295 4633 γὰρ
1331 4562 1574 4617 τοιούτου
1605 4544 1806 4630 παντὸς
1837 4580 1853 4636 ι

1866 4563 2099 4634 »εείρεο
2124 4559 2328 4616 habeat
2366 4557 2588 4615 Filium.
2638 4558 2934 4630 Propterea
2966 4560 3143 4615 dicit:
3187 4579 3205 4612 ι
3248 4559 3307 4615 Si
3358 4558 3502 4615 Deus

223 4641 388 4711 ήθεία
410 4660 473 4697 τε
528 4644 621 4698 καὶ
652 4646 890 4720 ἄρῤητος
916 4649 1076 4719 φύσις
1107 4668 1123 4685 ·
1148 4652 1264 4707 ἀλλ’
1287 4653 1517 4726 ἐπείπερ
1556 4655 1805 4727 ἐγνώσθη

1901 4652 2237 4711 clariﬁcatus
2274 4659 2359 4706 est
2388 4650 2444 4707 in
2475 4667 2562 4717 eo,
2608 4663 2665 4708 et
2698 4652 2845 4710 Deus
2894 4652 3226 4708 clariﬁcabit
3261 4666 3390 4708 eum
3444 4652 3499 4706 in

218 4732 360 4797 τίνος
381 4736 501 4790 ἐστὶ
534 4738 743 4811 Πατήρ.
777 4740 984 4813 Ὀνπερ
1016 4742 1125 4815 7&9
1154 4743 1356 4813 τρόπον
1388 4744 1515 4812 δόξα
1549 4747 1646 4801 καὶ
1677 4746 1806 4804 καύ-

1903 4748 2222 4816 semetipso.
2263 4765 2282 4798 ι
2333 4744 2512 4801 Simul
2568 4748 2717 4803 enim
2790 4748 3127 4804 clariﬁcatus
3188 4754 3275 4801 est
3336 4744 3500 4801 Pater

219 4840 368 4894 χημα
412 4829 475 4882 τὸ
518 4829 758 4885 τοιοῦτον
799 4830 944 4902 ἔχειν
985 4834 1129 4889 κατά
1172 4835 1335 4906 φύσιν
1368 4837 1689 4909 γεννήτορά,
1711 4840 1804 4892 τὸν

1903 4847 2131 4912 propter
2164 4838 2394 4901 Filium,
2433 4847 2489 4895 et
2526 4839 2713 4893 statim
2745 4836 2945 4893 Filium
2989 4838 3236 4893 vicissim
3289 4837 3498 4892 clariﬁ-

221 4916 375 4972 αὑτὸν
406 4916 570 4990 οἶμαι
634 4923 835 4994 τρόπον
867 4926 961 4979 καὶ
996 4925 1145 4996 αὐτῷ
1182 4927 1261 4998 τῷ
1320 4930 1497 5000 Πατρὶ
1527 4928 1655 4994 δόξα
1708 4931 1805 4985 καὶ

1903 4931 2197 4989 cavitzad
2248 4940 2554 5001 utrumque
2601 4915 2791 5001 gloria;
2840 4946 3042 4985 nomen
3096 4929 3358 5001 pertinet.
3397 4927 3498 4983 Ve-

223 5006 475 5080 καύχημα
514 5010 577 5065 τὸ
607 5012 849 5069 τοιοῦτον
877 5015 1022 5086 ἔχειν
1050 5017 1111 5081 ἐξ
1149 5018 1344 5073 ἑαυτοῦ
1372 5020 1465 5075 τὸν
1488 5022 1620 5077 ἴδιον
1652 5023 1802 5080 Υίόν.

1905 5030 2217 5079 rumtamen
2246 5030 2307 5077 ut
2337 5032 2392 5078 et
2425 5021 2492 5077 ad
2519 5037 2623 5078 nos
2659 5037 2835 5091 usque
2861 5022 3135 5077 sermonis
3170 5021 3280 5075 vim
3313 5020 3489 5092 depri-

222 5096 315 5148 Διά
340 5098 496 5153 τοῦτό
532 5117 731 5171 φησιν·
760 5122 781 5155 ι
806 5104 868 5157 Ei
898 5107 926 5158 ό
955 5105 1088 5170 Θεὸς
1127 5107 1388 5181 ἐδοξάσθη
1429 5110 1489 5163 ὲν
1514 5110 1683 5183 αὐτῷ,
1708 5113 1805 5166 καὶ

1902 5130 2144 5179 mamus,
2175 5114 2433 5170 utilitatis
2486 5113 2837 5169 occasionem
2901 5111 3256 5168 auditoribus
3298 5120 3491 5185 partu-

223 5186 402 5276 όΘεὸς
433 5189 649 5255 δοξάσει
698 5194 883 5251 αὐτόν.
910 5215 929 5249 ι
972 5198 1127 5269 Ἅμα
1165 5199 1275 5271 γὰρ
1319 5201 1580 5275 ἐδοξάσθη
1613 5204 1805 5276 Πατὴρ

1900 5205 2127 5269 rientes,
2156 5204 2289 5259 illud
2318 5203 2406 5259 his
2429 5203 2720 5257 addemus.
2753 5199 2811 5257 Si
2841 5201 3214 5259 clarilicamus
3244 5203 3298 5257 in
3331 5202 3492 5258 nobis

223 5274 305 5367 διὰ
345 5278 433 5332 τὸν
472 5281 623 5349 Υίὸν,
668 5287 762 5339 καὶ
807 5287 1162 5353 ἀντεδόξασεν
1209 5290 1372 5357 εὐθὺς
1403 5293 1495 5347 τὸν
1519 5274 1799 5349 risv-e1?

1898 5295 2035 5367 ipsis
2070 5295 2262 5361 Deum,
2286 5294 2621 5365 sperandum
2650 5302 2735 5351 est
2783 5310 2886 5351 nos
2919 5294 3284 5350 clariﬁcatum
3318 5294 3386 5349 iri
3419 5294 3492 5350 ab

226 5364 381 5459 ἄμφω
421 5373 528 5444 γὰρ
572 5375 639 5429 δι’
667 5379 871 5448 ἀμφοῖν
909 5381 971 5436 τὸ
1006 5384 1105 5455 τῆς
1158 5384 1320 5455 δόξης
1366 5385 1538 5457 ὄνομα
1591 5387 1793 5458 τρέχει.

1900 5364 1987 5444 eo.
2023 5405 2042 5439 ι
2084 5386 2221 5443 Vivo
2254 5364 2401 5444 enim
2432 5402 2555 5459 ego,
2586 5387 2727 5443 dixit
2770 5385 3058 5455 Dominus,
3111 5386 3243 5458 quia
3275 5387 3491 5458 gloriﬁ-

228 5458 358 5532 Π).ὴν
388 5464 471 5519 ἵνα
500 5469 594 5523 καὶ
632 5472 691 5526 ὲν
725 5475 838 5539 τοῖς
871 5476 993 5531 καθ’
1017 5480 1167 5550 ἡμᾶς
1192 5478 1290 5550 τὴν
1316 5483 1411 5534 τοῦ
1445 5480 1606 5550 λόγου
1630 5498 1797 5536 κατα-

1902 5487 2096 5536 cantes
2127 5494 2214 5536 me
2232 5458 2577 5551 gloriﬁcabo,
2604 5489 2659 5536 et
2711 5496 2821 5536 non
2854 5487 3191 5552 spernentur
3218 5479 3282 5534 “.
3314 5498 3333 5532 ι
3370 5477 3491 5533 Cla-

229 5552 527 5630 6.6άσωμεν
554 5562 804 5638 δύναμιν,
834 5568 1102 5639 ὠφελείας
1146 5575 1259 5637 τοίς
1293 5572 1668 5646 ἀκροωμένοις
1716 5574 1795 5627 τί·

1900 5572 2147 5627 rilicatur
2192 5581 2374 5628 autem
2414 5587 2514 5643 per
2554 5588 2656 5629 nos
2715 5581 2772 5630 et
2808 5572 2864 5629 in
2922 5572 3086 5629 nobis
3152 5571 3318 5637 Deus,
3357 5584 3484 5624 eum

231 5655 432 5712 κτοντες
459 5650 734 5728 ἀφορμὴν,
765 5660 943 5713 ἐκεῖνο
970 5662 1181 5728 τούτοις
1209 5664 1522 5735 ἐποίσομεν.
1547 5666 1608 5718 Εἰ
1636 5663 1789 5731 δοξάο

1901 5667 2146 5739 depulsis
2175 5666 2434 5725 sordibus
2492 5668 2699 5738 peccati
2730 5684 2827 5739 per
2884 5682 3048 5724 omne
3078 5680 3223 5736 opus
3273 5664 3483 5720 bonum

298 5821 318 5851 '
353 5826 522 5884 Galat.
555 5848 645 5889 ιιι.
682 5834 765 5893 l3.
842 5838 862 5870 ⁷
888 5835 1047 5895 Rom.
1084 5856 1159 5907 ri,
1190 5842 1253 5908 9,
1295 5843 1375 5898 l0.
1515 5842 1751 5918 Philipp.
1790 5862 1867 5917 ιι,
1904 5846 1957 5904 8.
2035 5848 2055 5881 ⁹
2100 5848 2226 5905 ibid.
2269 5850 2323 5907 θ.
2404 5849 2446 5881 ⁸⁸
2488 5847 2624 5904 ibid.
2660 5846 2712 5904 6.
2753 5846 2792 5877 “
2835 5843 2855 5900 l
2890 5843 3022 5916 Reg.
3063 5859 3136 5911 ιι,
3170 5843 3249 5898 2.,
