4144 6480
716 379 828 437 155

1680 390 1737 444 S.
1774 390 2057 447 CYRILLI
2095 390 2577 447 ALEXANDR'INI
2615 392 2941 451 ARCIIIEP.

3906 405 4013 461 156

705 501 958 550 nostram
988 493 1157 551 vitam
1196 496 1561 555 illustramus.
1589 496 1840 558 Vivimus
1869 505 2017 559 enim
2054 506 2159 562 hoc
2188 520 2274 576 pa-

2393 507 2560 579 ζομεν
2584 510 2642 562 ὲν
2664 510 2877 572 ἑαυτοῖς
2918 509 3008 562 τὸν
3041 511 3193 577 Θεὸν,
3231 514 3695 591 προσδοκήσωμεν
3724 520 3819 574 ὅτι
3847 520 3986 588 δοξα

704 590 800 640 cto
831 587 885 640 in
918 587 1151 657 gloriam
1181 588 1324 658 ejus.

2400 599 2725 671 σθησόμεθαι
2744 600 2876 671 παρ’
2902 601 3089 656 αὑτοῦ.
3130 620 3163 654 ιη,
3190 604 3275 656 Ζῶ
3299 606 3409 677 γὰρ
3442 607 3736 679 ἐγὼ,λέγει
3764 611 4008 683 Κύριος,

702 675 789 729 δτι
830 679 955 743 τοὺς
1004 679 1327 746 δοξάζοντάς
1369 699 1434 753 με
1506 682 1748 750 δοξάσω,
1785 686 1881 742 καὶ
1945 688 2046 744 οὑκ
2118 691 2663 763 ὲξουδενωθήσονται.
2709 711 2728 745 ι
2785 693 3081 760 Δοξάζὲται
3140 697 3201 751 δὲ
3247 698 3314 751 δι’
3375 675 3535 770 ήμῶν
3561 675 3566 676 ί
3592 675 3690 756 καὶ
3748 704 3817 757 ἑν
3871 675 4011 776 ἰἡμῖν

700 771 734 824 6
765 768 936 836 Θεὸς,
1008 773 1136 827 ὅταν
1191 775 1282 828 τὸν
1330 775 1393 829 ἐκ
1445 775 1550 846 τῆς
1599 778 1875 851 ἁμαρτίας
1930 786 2324 857 παρωσάμενοι
2401 784 2593 857 ῥύπον,
2638 786 2729 841 διά
2776 789 2958 860 πάσης
3008 768 3517 863 ἀγαθοεργίαςντδν
3574 798 3777 851 οἰκεῖον
3834 768 3988 854 κατα

703 862 1084 934 φαιδρύνωμεν
1136 864 1268 935 βίον.
1297 867 1487 938 Ζῶμεν
1529 869 1637 944 γὰρ
1680 870 1855 937 οὕτως
1895 876 1977 938 είς
2002 874 2162 943 δόξαν
2190 876 2378 934 αὑτοῦ.

776 949 917 1015 XIII,
947 953 1035 1007 33.
1067 952 1278 1021 Filioli,
1312 956 1486 1011 adhuc
1523 962 1789 1017 modicum
1837 964 2102 1021 vobiscum
2136 985 2277 1027 sum.

777 1042 1069 1100 Infantium
1098 1052 1155 1101 et
1183 1061 1376 1104 recens
1398 1049 1677 1107 editorum
1706 1055 1831 1110 Ioco
1856 1063 1911 1112 et
1939 1058 2134 1116 ordine
2169 1060 2279 1116 col-

703 1133 848 1187 Iocat
868 1134 1193 1205 discipulos,
1219 1138 1353 1194 licet
1374 1140 1443 1195 ad
1474 1150 1685 1198 tantam
1709 1146 1935 1206 virtutis
1961 1165 2281 1208 mensuram

699 1232 943 1290 evectos,
979 1235 1244 1299 tantaque
1298 1232 1595 1301 prudentia
1645 1237 1909 1306 praeditos
1978 1251 2187 1312 quanta
2223 1242 2279 1299 in

700 1316 889 1386 paucis
927 1316 1263 1387 inveniatur,
1329 1323 1456 1379 hinc
1515 1329 1863 1396 apertissime
1915 1330 2124 1391 docens
2155 1350 2280 1392 eum

696 1408 794 1478 qui
822 1408 983 1464 valde
1011 1410 1178 1465 etiam
1211 1413 1494 1483 perfectus
1516 1417 1662 1474 inter
1684 1421 1941 1480 homines
1970 1434 2285 1495 censeatur,

697 1498 967 1557 infantem
994 1517 1120 1558 esse
1154 1513 1207 1559 et
1237 1507 1430 1564 rudem
1456 1511 1601 1581 apud
1628 1511 1822 1569 Deum.
1853 1515 1995 1583 Quid
2028 1519 2174 1574 enim
2200 1528 2285 1576 est

695 1595 993 1663 prudentia
1021 1596 1283 1664 hominis.
1315 1600 1363 1657 si
1398 1617 1526 1657 cum
1560 1606 1807 1664 universi
1836 1608 2035 1679 opiﬁce
2061 1611 2286 1683 sapien-

698 1683 776 1738 tia
817 1691 1213 1757 comparetur?
1241 1689 1454 1750 Idcirco
1486 1694 1780 1755 Psalmista
1816 1700 1886 1757 ad
1918 1701 2090 1760 Deum
2131 1705 2284 1762 dice-

695 1771 826 1829 bat:
864 1795 883 1827 ‹
920 1776 992 1833 Ut
1036 1779 1349 1848 jumentum
1404 1784 1585 1842 factus
1610 1804 1733 1844 sum
1765 1791 1916 1861 apud
1941 1800 1996 1849 te
2021 1794 2089 1848 ¹².
2123 1813 2143 1847 ι
2177 1793 2282 1851 Ne-

2459 971 2687 1039 Τεκνία,
2717 972 2806 1027 ἔτι
2825 974 3044 1044 μικρὸν
3067 979 3293 1046 χρόνον
3320 982 3450 1050 μεθ’
3480 979 3649 1051 ὑμῶν
3675 985 3831 1053 ειμι.

2465 1062 2554 1117 Ἐν
2588 1068 2656 1137 τῇ
2688 1064 2798 1120 τῶν
2840 1069 3070 1124 τεκνίων
3110 1070 3284 1137 τάξει,
3311 1075 3404 1129 καὶ
3428 1074 3487 1128 ὲν
3518 1078 3634 1141 τοῖς
3675 1079 4006 1150 ἀρτιτόκοις

2384 1154 2611 1226 βρέφεσι
2632 1160 2960 1215 κατατάττει
2988 1163 3118 1227 τοὺς
3144 1164 3413 1236 μαθητὰς,
3426 1167 3603 1222 καίτοι
3625 1171 3769 1242 πρὸς
3798 1174 4005 1227 τοσοῦ⁴

2381 1264 2473 1301 τον
2533 1249 2736 1321 ἀρετῆς
2806 1252 3269 1326 ἀναπηδήσαντας
3328 1257 3571 1329 μέτρον,
3608 1261 3706 1314 καὶ
3771 1261 4005 1317 σύνεσιν

2380 1338 2607 1411 ἔχοντας
2634 1343 2735 1414 τὴν
2767 1343 2968 1414 ὀλίγοις
2996 1347 3463 1421 κατωρθωμένην,
3491 1351 3708 1416 δεικνὺς
3738 1354 3835 1408 διὰ
3874 1356 4004 1409 τού-

2379 1448 2473 1485 του
2492 1472 2507 1497 ,
2538 1432 2636 1487 καὶ
2688 1434 2834 1505 μάλα
2876 1437 3086 1507 σαφῶς,
3130 1439 3214 1492 ὅτι
3243 1439 3339 1493 καὶ
3370 1441 3399 1494 6
3448 1442 3655 1513 σφόδρα
3686 1444 3918 1509 τέλειος
3946 1448 4001 1499 ὲν

2378 1522 2692 1594 ἀνθρώποις
2726 1525 3112 1595 ὑποπτευθεὶς,
3152 1530 3344 1601 νήπιός
3374 1532 3492 1585 ἐστι
3541 1535 3693 1605 παρά
3737 1535 3821 1606 τῷ
3851 1536 3998 1607 Θεῷ,

2379 1613 2476 1667 καὶ
2524 1614 2733 1687 βραχὺς
2777 1616 2876 1681 τὰς
2915 1619 3141 1690 φρένας.
3189 1621 3255 1673 Τί
3288 1621 3465 1694 γὰρὴ
3515 1624 3814 1697 ἀνθρώπου
3867 1628 3998 1681 σύν-

2378 1722 2497 1769 εσις
2522 1746 2537 1771 ,
2566 1705 2643 1770 ὡς
2685 1707 2828 1778 πρὸς
2876 1708 2974 1780 τὴν
3000 1710 3109 1764 τῶν
3164 1712 3303 1765 ὅλων
3346 1715 3582 1784 τεχνῖτιν
3623 1717 3868 1784 σοφίαν;
3902 1719 3997 1771 Διά

2379 1796 2549 1851 τοῦτό
2582 1815 2670 1863 τις
2716 1799 2937 1869 ψάλλων
2982 1800 3148 1870 ἔλεγε·
3199 1803 3338 1875 πρὸς
3391 1804 3525 1859 Θεόν
3568 1823 3581 1838 ⁸
3624 1826 3643 1859 ι
3684 1806 3995 1879 Κτηνὼδης

696 1880 805 1934 que
850 1882 980 1923 vero
1041 1884 1191 1926 sana:
1219 1876 1420 1933 mentis
1484 1879 1630 1936 ullus
1664 1881 1872 1938 dixerit
1921 1885 2274 1943 Psalmistam

2379 1888 2679 1961 ἐγεννήθην
2713 1868 2869 1963 παρά
2891 1893 2994 1948 σοί;
3033 1913 3052 1946 ι
3087 1868 3203 1949 -Καὶ
3229 1868 3357 1967 οὑχὶν
3384 1897 3605 1961 πάντως
3634 1899 3763 1970 ἐρεῖ
3786 1868 3909 1965 τις,

690 1957 1000 2026 ijentum
1027 1963 1150 2020 ideo
1185 1968 1370 2023 vocari
1397 1972 1546 2040 quod
1580 1972 1694 2030 Deo
1722 1976 2021 2034 adhaaserit
2075 1998 2088 2033 :
2126 1988 2277 2037 esset

691 2049 838 2104 enim
873 2054 1060 2123 gravis
1092 2052 1198 2115 ista
1229 2058 1285 2114 in
1320 2070 1580 2119 naturam
1627 2066 1873 2123 divinam
1918 2071 2273 2140 contumelia,

692 2155 1057 2216 magnamque
1088 2147 1142 2202 in
1179 2165 1241 2206 se
1272 2154 1563 2211 continere
1604 2158 2009 2217 absurditatem
2054 2161 2274 2220 videre-

693 2242 807 2288 tur.
836 2235 973 2291 Nam
1011 2241 1103 2309 qui
1159 2242 1369 2299 homini
1425 2247 1662 2318 sapienti
1720 2251 1987 2319 adhaeret,
2021 2262 2077 2309 et
2128 2257 2274 2326 apud

694 2340 821 2380 eum
856 2327 1035 2385 Iactus
1065 2340 1151 2387 est
1174 2333 1193 2404 (
1217 2337 1457 2405 aptanda
1486 2340 1631 2395 enim
1661 2352 1765 2407 est,
1800 2354 1858 2399 ut
1894 2360 2040 2411 reor,
2076 2348 2274 2417 psalmi

693 2415 888 2485 dictio,
920 2431 1147 2495 propter
1194 2442 1354 2483 usum
1379 2433 1421 2498 ),
1455 2446 1803 2505 nequaquam
1856 2445 1915 2491 ut
1963 2415 2271 2508 jum—entum

698 2507 894 2576 fuerit,
925 2514 1022 2568 sed
1072 2529 1238 2585 sagax
1266 2518 1473 2589 potius,
1504 2530 1558 2577 ct
1600 2526 1870 2603 prudens,
1906 2507 1983 2584 ac
2005 2530 2273 2601 singulari

692 2604 923 2658 solertia
961 2608 1245 2675 praeditus.
1274 2610 1509 2677 Quodsi
1540 2616 1666 2686 quis
1697 2633 1804 2674 non
1841 2620 2046 2691 injuria
2080 2637 2270 2678 verum

688 2693 852 2766 747
890 2695 946 2751 id
976 2713 1099 2755 esse
1140 2700 1381 2769 dixerit,
1443 2709 1724 2775 quomodo
1780 2728 1893 2767 non
1956 2711 2133 2769 futilis
2166 2715 2273 2769 erit

688 2786 945 2857 quisquis
974 2791 1257 2847 existimet
1298 2794 1576 2853 hominem
1622 2803 1926 2873 sapientem
1968 2804 2271 2860 belluinum

687 2885 745 2932 et
775 2877 1028 2934 insanum
1061 2881 1198 2950 fore,
1226 2884 1356 2941 licet
1389 2887 1493 2958 ipsi
1517 2890 1614 2946 Dei
1639 2894 1929 2967 sapientia:
1956 2895 2273 2953 adlltereat?

690 2966 834 3034 Quid
874 2986 1006 3042 ergo
1031 2980 1145 3039 est,
1172 2975 1374 3045 inquit,
1408 2981 1557 3049 quod
1608 2984 1771 3037 etiam
1828 2966 1972 3041 inter
2021 2987 2271 3045 homines

688 3060 1158 3130 sapientissimus,
1206 3064 1253 3119 si
1283 3081 1407 3121 cum
1453 3068 1547 3125 Dei
1576 3072 1848 3142 sapientia
1898 3087 2270 3146 comparetur,

689 3158 752 3203 ut
794 3150 1105 3219 jumentum
1152 3159 1466 3215 censendus
1507 3162 1605 3225 sit,
1661 3170 1715 3217 et
1749 3163 1895 3220 inter
1923 3165 2151 3223 insanos
2186 3185 2273 3226 re—

688 3244 1019 3314 putandus?
1077 3248 1559 3316 Quemadmodum
1612 3256 1760 3310 enim
1833 3257 2121 3313 minimum
2180 3260 2267 3316 in-

689 3344 774 3390 ter
819 3344 970 3393 astra
1017 3354 1371 3413 nequaquam
1429 3360 1557 3400 cum
1610 3347 1747 3403 solis
1802 3347 1975 3405 radiis
2006 3350 2266 3417 certabit,

691 3442 872 3499 neque
900 3446 1067 3501 grave
1104 3447 1301 3489 saxum
1336 3450 1461 3490 cum
1517 3446 1705 3493 monte
1757 3438 2004 3494 omnium
2067 3440 2275 3496 altissi-

691 3536 805 3589 mo,
842 3522 923 3578 sic
967 3523 1255 3580 hominum
1308 3528 1605 3599 prudentia
1658 3547 1941 3602 nunquam
2002 3549 2129 3588 cum
2178 3535 2271 3591 Dei

689 3615 962 3686 sapientia
1011 3616 1219 3686 poterit
1254 3621 1588 3691 comparari,
1628 3622 1740 3678 imo
1777 3639 1911 3679 vero
1963 3624 2101 3681 nihil
2166 3626 2273 3682 crit

691 3722 919 3778 prorsus
968 3708 1037 3763 ad
1094 3708 1247 3765 illam
1303 3722 1646 3784 comparata.
1710 3712 1903 3770 Infans
1952 3716 2121 3787 igitur
2187 3726 2272 3775 est

687 3800 855 3855 etiam
887 3802 1184 3873 perfectus.
1216 3803 1432 3860 Modico
1463 3821 1597 3862 vero
1625 3814 1873 3879 tempore
1924 3825 2049 3863 cum
2105 3809 2273 3866 disci-

688 3892 836 3962 pulis
871 3893 988 3951 suis
1019 3894 1137 3951 Iore
1163 3911 1225 3952 se
1252 3897 1514 3955 Christus
1543 3898 1747 3965 aiebat,
1772 3915 1882 3955 non
1914 3901 2077 3971 quasi
2109 3902 2272 3972 plane

690 3997 1036 4051 recessurus,
1070 4002 1253 4058 neque
1285 3989 1511 4044 omnino
1566 3990 1892 4047 alienandus
1931 4012 1945 4047 :
1980 3994 2270 4049 nobiscum

688 4075 839 4129 enim
872 4084 956 4132 est
992 4079 1251 4135 omnibus
1283 4079 1499 4149 diebus,
1517 4083 1682 4137 etiam
1711 4099 1883 4154 usque
1916 4084 1983 4139 ad
2013 4101 2273 4141 consum-

689 4167 983 4223 mationem
1014 4171 1223 4237 saeculi,
1248 4171 1414 4243 juxta
1458 4189 1648 4230 vocem
1688 4174 1865 4246 ipsius
1888 4176 1930 4207 ⁸³
1962 4196 1974 4232 :
2015 4176 2112 4232 scd
2141 4178 2269 4248 quia

688 4259 745 4314 in
776 4274 945 4316 carne
997 4278 1107 4318 non
1147 4265 1375 4321 sitcum
1431 4267 1500 4323 iis
1558 4266 1803 4336 futurus,
1866 4271 2013 4327 sicut
2064 4274 2180 4328 heri
2217 4286 2270 4328 et

688 4352 1118 4423 nudiustertius,
1172 4358 1413 4415 inStabat
1470 4376 1601 4416 vero
1670 4362 1905 4431 foribus,
1966 4368 2075 4419 imo
2125 4368 2270 4421 intra

687 4453 877 4514 portas
914 4456 1032 4502 erat
1064 4456 1281 4519 tempus
1337 4453 1677 4510 reversionis
1707 4455 1775 4510 ad
1808 4455 2022 4513 Patrem
2061 4475 2127 4515 ex
2164 4460 2270 4515 hoc

2378 1995 2442 2048 γε
2475 1978 2599 2034 νοῦν
2624 1980 2760 2052 ἔχοι,
2803 1982 2891 2037 δνιά
2926 1984 3021 2038 τοῦ
3071 1985 3428 2057 κεκώλῆσθαι
3457 1987 3536 2058 τῷ
3563 1988 3703 2059 Θεῷ,
3729 1992 3993 2060 κτηνώδη

2376 2070 2630 2140 λέγεσθαι
2670 2073 2763 2128 τὸν
2803 2073 3078 2144 ψάλλοντα
3119 2093 3135 2107 ³
3168 2076 3255 2147 εἴη
3306 2078 3414 2148 γὰρ
3460 2078 3528 2133 ἂν
3577 2079 3743 2134 τοῦτο
3788 2083 3993 2153 πικρὸν

2376 2163 2474 2235 τῆς
2506 2164 2657 2229 θείας
2692 2166 2908 2235 φύσεως
2955 2167 3321 2240 κατηγόρημα
3343 2208 3357 2232 ,
3386 2169 3480 2223 καὶ
3516 2171 3721 2243 πολλὴν
3754 2172 3823 2226 ἂν
3869 2173 3992 2245 ἕχον

2376 2251 2552 2323 ὁρῷτο
2586 2254 2691 2327 τὴν
2721 2255 2973 2310 ἀτοπίαν.
3013 2256 3208 2327 Ὀνμὲν
3237 2256 3662 2329 γὰράνθρώπῳ
3701 2259 3991 2331 κολλώμε·

2375 2360 2464 2407 νος
2494 2345 2662 2416 σοφῷ,
2692 2348 2786 2400 καὶ
2824 2347 2955 2419 παρ’
2992 2347 3141 2419 αὐτῷ
3186 2349 3474 2420 γινόμενος
3507 2351 3611 2420 (δεῖ
3647 2352 3782 2421 γάρ,
3806 2350 3986 2423 οἶμαι,

2373 2436 2478 2505 τὴν
2492 2437 2640 2504 λέξιν
2668 2439 2763 2493 τοῦ
2784 2439 3002 2510 ψαλμοῦ
3041 2441 3491 2513 συναρμόσασθαι
3512 2442 3603 2496 διὰ
3624 2443 3722 2515 τὴιν
3742 2444 3985 2514 χρείαν),

2376 2531 2662 2601 κτηνώδης
2702 2532 2803 2585 οὑκ
2841 2532 2908 2585 ἂν
2959 2532 3170 2601 γένοιτό
3205 2549 3361 2600 ποτε,
3398 2533 3654 2605 ἀγχίνους
3679 2535 3737 2589 δὲ
3780 2535 3988 2605 μᾶλλσι

2374 2620 2473 2673 καὶ
2522 2621 2769 2685 συνετὸς.
2817 2622 2911 2675 καὶ
2946 2621 3145 2694 δριμὺς
3182 2624 3262 2686 είς
3306 2622 3592 2694 φρόνησιν.
3623 2624 3686 2678 Ei
3713 2623 3783 2695 δὴ
3827 2624 3989 2678 τοῦτο

2376 2713 2510 2784 φαίη
2535 2730 2621 2776 τις
2651 2713 2741 2778 ἂν,
2764 2715 2861 2767 καὶ
2882 2714 3031 2785 μάλα
3059 2714 3287 2779 δικαίως
3319 2715 3590 2787 ὑπάρχειν
3612 2716 3841 2787 ἀληθὲς,
3865 2719 3988 2781 sub;

2373 2802 2474 2854 οὑκ
2509 2800 2575 2855 ἂν
2606 2802 2774 2856 οἴοιτο
2798 2802 2982 2876 ληρῶν
3006 2844 3021 2868 ,
3052 2803 3145 2857 τὸν
3194 2797 3306 2873 ᾧγε
3338 2805 3571 2875 πάρεστι
3611 2808 3861 2875 φρονεῖν,
3903 2806 3989 2859 ὅτι

2374 2894 2653 2965 κτηνιίῶης
2678 2894 2850 2962 ἔσται,
2870 2896 2961 2950 καὶ
2977 2896 3162 2960 ἄνους,
3190 2898 3219 2951 6
3246 2899 3379 2968 παρ’
3407 2896 3543 2969 αὑτῇ
3577 2897 3880 2967 γενόμενος
3919 2900 3981 2971 τί

2377 2987 2537 3057 σοφίᾳ
2573 2986 2669 3041 τοῦ
2716 2985 2888 3054 Θεοῦ;
2924 2987 2990 3041 Τί
3036 2978 3129 3042 οὑν
3154 2988 3294 3061 ἄρα,
3324 2988 3509 3059 φησὶν,
3542 2989 3626 3042 ὃτι
3666 2990 3765 3043 καὶ
3797 2990 3832 3042 6
3862 2988 3986 3042 λίαν

2376 3080 2543 3149 σοφὸς
2582 3081 2641 3134 ὲν
2691 3078 3021 3151 ἀνθρώποις,
3058 3081 3106 3133 εἰ
3136 3082 3203 3152 τῇ
3236 3078 3332 3133 τοῦ
3377 3077 3514 3133 Θεοῦ
3554 3078 3718 3150 σοφίᾳ
3748 3081 3988 3149 συγκρί-

2376 3186 2539 3234 νοιτο,
2580 3169 2863 3241 κτηνώδης
2911 3188 2972 3224 τε
3020 3170 3097 3224 ὢν
3152 3170 3450 3242 ὀφθήσεται
3473 3210 3489 3235 ,
3519 3171 3614 3225 καὶ
3642 3172 3703 3224 ὲν
3733 3173 3860 3235 τοῖς
3887 3174 3988 3225 οὐκ

2375 3261 2559 3331 ἔχουσι
2618 3260 2742 3316 νοῦν
2791 3262 3226 3334 λογισθήσεται;
3271 3263 3480 3335 Ὅνπερ
3535 3263 3645 3333 γὰρ
3707 3264 3925 3334 τρόπον
3958 3266 3985 3316 6

2378 3352 2706 3423 μικρότατος
2742 3353 2851 3407 τῶν
2882 3354 3125 3423 ἀστέρων
3158 3354 3269 3407 οὑκ
3300 3353 3368 3407 ἂν
3399 3356 3521 3417 ταῖς
3550 3353 3703 3423 ἡλίου
3740 3354 3985 3423 φιλονει-

2374 3443 2498 3512 κοίη
2522 3442 2725 3513 βολαῖς,
2760 3445 2876 3499 ἀλλ’
2905 3445 3028 3499 οὑδὲ
3064 3444 3210 3509 λίθος
3241 3447 3270 3499 6
3297 3444 3466 3517 βαρὺς
3498 3444 3615 3516 ὄρει
3637 3446 3720 3517 τῷ
3752 3449 3985 3501 πάντων

2374 3535 2695 3606 ὑπερφερεῖ,
2726 3536 2900 3600 οὕτως
2932 3536 3239 3607 ἀνθρώπων
3272 3538 3489 3601 σύνεσις
3541 3538 3645 3590 οὑκ
3658 3537 3729 3591 ἂν
3756 3538 3985 3593 δύναιτό

2375 3646 2507 3682 ποτε
2554 3631 2620 3700 τῇ
2673 3629 2768 3683 τοῦ
2816 3629 2952 3682 Θεοῦ
3014 3630 3177 3701 σοφίᾳ
3235 3630 3647 3702 συγκρίνεσθαι,
3683 3632 3899 3702 μᾶλλον
3927 3635 3981 3687 δὲ

2374 3721 2526 3776 οὐδὲν
2567 3721 2704 3785 ὅλως
2754 3721 2907 3775 ἔσται
2950 3721 3090 3792 πρὸς
3146 3722 3364 3793 ἐκείνην
3413 3722 3717 3787 παντελῶς.
3747 3725 3981 3778 Τεκνίον

2373 3813 2482 3884 ἀρα
2526 3812 2619 3866 καὶ
2656 3814 2685 3866 6
2727 3812 2951 3876 τέλειος.
2995 3813 3209 3883 Μικρόν
3250 3830 3314 3881 γε
3356 3814 3465 3884 μὴν
3502 3814 3583 3868 ἔτι
3614 3816 3815 3886 χρόνον
3855 3834 3981 3870 συν-

2373 3903 2592 3957 έσεσθαι
2625 3905 2738 3966 τοῖς
2777 3902 2973 3957 ἑαυτοῦ
3004 3902 3276 3974 μαθηταῖς
3323 3902 3428 3974 ἔφη
3462 3905 3723 3977 Χριστὸς,
3759 3907 3869 3977 οὑχ
3907 3908 3981 3971 ὡς

2373 3994 2696 4067 ἀφεστήξων
2732 3994 3034 4061 παντελῶς,
3069 3996 3191 4050 οὐδὲ
3232 3998 3311 4059 εἰς
3341 3998 3489 4050 ἅπαν
3530 3996 3625 4050 καί⁵
3656 3997 3979 4070 ὁλοκλήρως

2373 4088 2852 4160 ἀλλοτριούμενοςο
2886 4089 3005 4161 μεθ’
3024 4090 3182 4161 ἡμῶν
3212 4091 3319 4161 γάρ
3346 4093 3462 4145 ἐστι
3493 4092 3676 4155 πάσας
3697 4092 3803 4156 τὰς
3838 4096 3974 4165 me.

2373 4198 2496 4253 ρας.
2526 4181 2621 4235 καὶ
2644 4182 2749 4246 ἕως
2805 4181 2907 4251 τῆς
2937 4181 3250 4246 συντελείας
3276 4181 3369 4237 τοῦ
3422 4182 3620 4247 αἰῶνος
3646 4222 3662 4248 ,
3694 4185 3845 4238 κατὰ
3880 4187 3977 4254 τήν

2372 4273 2539 4327 αὑτοῦ
2599 4275 2822 4346 φωνήν
2857 4273 2973 4328 ἀλλ’
3006 4274 3088 4327 ὅτι
3145 4277 3284 4345 μετά
3342 4274 3546 4348 σαρκὸς
3593 4275 3657 4328 οὑ
3694 4277 3975 4341 συνέσται,

2372 4366 2626 4437 καθάπερ
2678 4367 2868 4438 ἐχθὲς,
2928 4367 3025 4421 καὶ
3080 4366 3308 4439 τρίτηνο
3355 4362 3423 4438 ἧν
3476 4366 3536 4422 δὲ
3587 4368 3681 4420 ἐπὶ
3736 4366 3973 4439 θύραις,

2376 4460 2575 4530 μᾶλλον
2605 4461 2662 4515 δὲ
2690 4461 2829 4514 εἵσω
2857 4459 3039 4531 θυρῶν
3067 4462 3096 4513 6
3134 4460 3326 4532 καιρὸς
3367 4459 3469 4530 τῆς
3529 4459 3787 4514 ἐντεῦθεν
3835 4462 3977 4514 ἀπο-

687 4534 916 4599 mundo,
952 4546 1006 4593 et
1034 4539 1243 4596 reditus
1265 4541 1320 4595 in
1344 4543 1567 4599 cmlum.
1598 4544 1878 4616 Quotquot
1907 4555 2087 4603 autem
2118 4556 2270 4604 recte

2375 4551 2574 4624 δημίας
2621 4553 2749 4624 πρὸς
2796 4554 2887 4607 τὸν
2941 4551 3181 4625 Πατέρα,
3220 4553 3314 4606 καὶ⁵
3354 4552 3455 4623 τῆς
3508 4551 3697 4605 ἀνόδου
3748 4553 3856 4623 τῆς
3896 4553 3977 4615 είς

686 4628 954 4696 sentiunt,
991 4646 1054 4686 ac
1090 4633 1300 4688 Iirmam
1338 4634 1499 4691 Iidem
1539 4637 1764 4701 habent,
1798 4639 1852 4693 in
1892 4641 2136 4695 animum
2167 4640 2272 4696 sibi

685 4720 949 4778 inducere
980 4723 1182 4781 debent
1219 4727 1390 4798 quod,
1447 4729 1576 4786 licet
1623 4730 1770 4785 absit
1806 4746 1836 4785 a
1884 4732 2046 4788 nobis
2077 4748 2269 4798 carne,

685 4809 754 4864 ad
784 4810 953 4867 Deum
992 4831 1189 4888 nempe
1219 4834 1281 4873 ac
1312 4819 1531 4876 Patrem
1578 4837 1855 4889 reversus,
1893 4834 2271 4881 verumtamen

685 4902 870 4958 divina
920 4908 970 4961 vi
1022 4923 1087 4963 ac
1146 4920 1421 4980 potestate
1457 4915 1640 4969 omnia
1678 4916 1972 4985 gubernat,
2018 4923 2073 4971 et
2112 4916 2271 4974 adest

685 4994 1042 5067 diligentibus
1101 5017 1179 5057 se.
1242 5003 1454 5060 Idcirco
1506 5006 1654 5061 enim
1709 5007 1933 5063 aiebat:
1975 5027 1993 5061 ι
2056 5009 2263 5074 Amen,

684 5103 844 5143 amen
872 5089 996 5147 dico
1025 5095 1200 5160 vobis,
1243 5098 1334 5151 ubi
1367 5097 1473 5153 duo
1508 5100 1588 5154 vel
1629 5108 1739 5154 tres
1762 5108 1894 5155 sunt
1929 5104 2262 5174 congregati

686 5179 743 5235 in
799 5184 1025 5241 nomine
1074 5202 1237 5245 meo.
1290 5188 1367 5243 ibi
1419 5205 1539 5244 sum
1602 5190 1656 5245 in
1699 5190 1881 5247 medio
1917 5193 2198 5248 eorum“.
2242 5213 2261 5246 ι

687 5271 1159 5339 Quemadmodum
1200 5278 1346 5333 enim
1404 5293 1528 5333 cum
1592 5280 1736 5336 inter
1779 5281 2034 5339 homines
2084 5284 2269 5342 adhuc

687 5378 1138 5435 conversaretur,
1172 5380 1227 5426 et
1280 5370 1333 5425 in
1368 5380 1513 5425 terra
1566 5389 1691 5428 cum
1746 5390 1914 5430 carne.
1947 5377 2267 5446 exsisteret,

691 5458 953 5531 implebat
1008 5462 1231 5533 quidem
1266 5464 1457 5528 caelos,
1493 5473 1545 5519 et
1594 5482 1718 5520 cum
1777 5468 1986 5525 sanctis
2055 5472 2270 5541 angelis

690 5551 1043 5614 versabatur,
1075 5566 1178 5607 nec
1212 5568 1449 5624 superna
1486 5554 1603 5610 loca
1656 5556 2042 5629 relinquebat:
2083 5560 2158 5615 ita
2212 5570 2268 5616 et

690 5656 839 5698 nunc
890 5643 946 5699 in
986 5643 1145 5701 cmlis
1182 5661 1309 5701 cum
1370 5662 1466 5703 sua
1499 5664 1667 5705 carne
1725 5651 2000 5728 exsistcns
2062 5662 2263 5709 terram

2368 4644 2617 4717 οὐρανόν.
2656 4646 2971 4699 Διακεῖσθαι
3022 4646 3080 4699 δὲ
3124 4646 3239 4699 δεῖν
3281 4646 3578 4712 ἀναγκαῖον
3610 4640 3754 4699 εἷναί
3802 4662 3973 4717 φημι,

2371 4738 2498 4801 τοὺς
2536 4737 2592 4792 of
2619 4754 2685 4807 γε
2724 4743 3014 4809 φρονοῦσιν
3062 4738 3274 4810 ὀρθῶς.
3307 4737 3402 4791 καὶ
3454 4737 3753 4809 ἱδρυμένην
3783 4738 3975 4809 ἔχουσι

2367 4828 2469 4903 τὴν
2516 4829 2721 4895 πίστιν,
2753 4829 2828 4893 ὡς
2856 4832 2905 4884 εἰ
2952 4829 3049 4883 καὶ
3080 4830 3308 4883 ἄπεστιν
3333 4827 3490 4898 ἡμῶν
3518 4829 3584 4899 τῇ
3625 4828 3795 4899 σαρκὶ
3818 4869 3835 4891 ,
3878 4829 3975 4898 τὴν

2372 4921 2509 4994 πρὸς
2568 4921 2703 4976 Θεὸν
2766 4922 2865 4975 καὶ
2922 4922 3143 4994 Πατέρα
3206 4920 3558 4991 στειλάμενος
3614 4920 3970 4989 ἀποδημίαν,

2369 5010 2485 5064 ἀλλ’
2519 5004 2613 5064 οῦν
2661 5011 2729 5081 τῇ
2769 5009 2892 5081 θείᾳ
2930 5009 3159 5079 δυνάμει
3208 5008 3463 5081 περιέπει
3516 5008 3586 5062 τά
3632 5007 3970 5077 σύμπαντα,

2375 5102 2467 5157 καὶ
2507 5102 2855 5173 συμπάρεστι
2883 5106 2996 5167 τοῖς
3036 5102 3328 5170 ἀγαπῶσιν
3376 5101 3561 5155 αὐτόν.
3609 5101 3709 5153 Διά
3742 5102 3857 5171 γάρ
3892 5120 3972 5156 τοι

2368 5191 2527 5246 τοῦτο
2571 5193 2668 5246 καὶ
2710 5191 2949 5262 ἔφασκεν
2978 5209 2991 5224 ⁸
3035 5212 3054 5244 ι
3121 5191 3326 5263 Ἀμὴν,
3383 5191 3531 5262 ἀμὴν
3556 5230 3570 5254 ,
3602 5189 3751 5259 λέγω
3802 5191 3970 5259 ὑμῖν,

2371 5284 2506 5339 ὅπου
2539 5284 2635 5339 ὲάν
2662 5284 3018 5356 συναχθέντες
3048 5281 3150 5338 ὦσι
3191 5284 3284 5338 δύο
3316 5285 3350 5355 ἢ
3394 5286 3545 5355 τρεῖς
3594 5284 3675 5346 εἰς
3718 5283 3785 5336 τὸ
3837 5284 3971 5353 ἐμὸν

2372 5376 2575 5447 ὄνομα,
2610 5379 2726 5431 ἐκεῖ
2765 5380 2879 5448 εἰμι
2933 5379 2990 5429 ὲν
3027 5378 3177 5449 μέσῳ
3206 5376 3407 5430 αὑτῶν.
3440 5395 3458 5428 ι
3491 5377 3705 5447 Ὥσπερ
3728 5376 3839 5446 γὰρ
3875 5377 3973 5428 ἀν-ν

2372 5468 2613 5540 θρώποις
2662 5469 2743 5522 ἔτι
2782 5469 3258 5541 συνδιαιτώμενος,
3293 5470 3387 5523 καὶ
3421 5469 3515 5522 ἐπὶ
3562 5470 3666 5539 γῆς
3701 5470 3968 5539 ὑπάρχων

2377 5562 2515 5632 μετά
2550 5564 2753 5633 σαρκὸς
2774 5605 2786 5628 ,
2821 5564 3061 5636 ἐπλήρου
3097 5565 3194 5635 μὲν
3223 5563 3488 5634 οὐρανοὺς
3508 5603 3521 5627 ,
3556 5562 3723 5632 συνῆν
3752 5561 3813 5613 δὲ
3844 5560 3967 5613 τότε

2376 5658 2490 5721 τοῖς
2534 5656 2709 5725 ἁγίοις
2761 5656 3030 5727 ἀγγέλοις,
3062 5657 3164 5712 οὑκ
3221 5656 3544 5712 ἀπελείπετό
3586 5673 3642 5709 τε
3693 5652 3807 5708 τῶν
3854 5652 3968 5708 ἄνω

768 5817 814 5851 ⁸³
847 5814 996 5877 Psal.
1032 5835 1174 5878 Lxxu
1201 5862 1217 5891 ,
1248 5823 1339 5880 25.
1421 5827 1460 5859 ¹³
1499 5824 1694 5882 Matth.
1730 5843 1936 5896 xxvut,
1973 5831 2064 5887 20.
2135 5832 2173 5867 ιλ
2215 5831 2405 5889 Matth.
2445 5849 2611 5901 xvm,
2644 5834 2731 5893 21).
