4144 6476
188 401 292 458 157

1218 399 1283 455 IN
1336 398 1621 457 JOANNIS
1655 395 2108 453 EVANGELIUM
2149 398 2279 455 LIB.
2314 399 2400 455 I-‘X.

3346 398 3451 456 I58

182 515 379 588 χώρων
395 532 407 546 ο
436 513 577 567 οῦτω
602 514 692 567 καὶ
716 512 813 568 νῦν
832 514 1094 585 ὑπάρχων
1122 513 1181 567 ὲν
1205 513 1455 585 οὐρανοῖς
1496 514 1635 586 μετὰ
1661 513 1760 583 τῆς

1867 513 2085 583 quidem
2120 514 2333 584 implet,
2357 520 2430 569 'et
2466 527 2593 569 cum
2625 513 2742 570 suis
2778 518 3167 568 conversatur.
3200 510 3448 567 Observa

187 607 324 669 ἰδίας
348 606 569 677 σαρκὸς,
585 605 785 677 πληροῖ
808 606 907 676 μὲν
930 604 1029 677 τὴν
1046 604 1172 675 γῆν,
1191 604 1405 659 σύνεστι
1422 606 1477 659 δὲ
1499 610 1609 670 τοῖς
1641 607 1770 659 ἑαυ-

181 698 279 752 τοῦ
306 698 621 769 γνωρίμοις.
642 698 919 769 Ἐπιτὴρει
955 698 1013 751 δὲ
1032 698 1202 764 ὅπως,
1222 698 1398 753 καίτοι
1429 700 1573 753 κατά
1608 700 1774 771 μόνην

182 788 285 860 τὴν
322 788 500 859 σάρκα
537 787 865 859 χωρίζεσθαι
906 789 1221 859 προσδοκῶν
1245 790 1482 860 (σύνεστι
1504 790 1613 862 γὰρ
1641 792 1774 861 ἡμῖν

182 883 248 948 τῇ
270 880 492 949 δυνάμει
523 883 621 951 τῆς
653 879 906 952 θεότητος
936 880 1025 934 διὰ
1051 881 1292 951 παντὸς),
1315 882 1396 935 ἔτι
1428 883 1627 955 μικρὸν
1644 883 1772 955 χρό-

178 985 273 1021 νον
307 968 429 1037 μεθ’
456 970 611 1039 ἡμῶν
645 970 866 1025 ἔσεσθαί
902 990 1053 1041 φησι,
1083 974 1303 1039 τελείως
1338 992 1399 1027 τε
1424 976 1515 1028 καὶ
1551 975 1775 1047 ὁλοκλή-

182 1074 292 1127 ρως
321 1058 513 1111 ἑαυτὸν
533 1060 641 1112 ἀπὸ
665 1060 757 1114 τοῦ
784 1062 985 1132 μέρους
1016 1064 1319 1133 σημαίνων,
1348 1065 1435 1119 ἵνα
1469 1068 1542 1137 μή
1574 1084 1660 1129 τις
1690 1068 1773 1130 είς

177 1148 313 1201 υίῶν
337 1149 504 1203 δυάδα
529 1150 840 1221 διατέμνειν
856 1157 1108 1226 ἐπιχειρῇ
1139 1156 1229 1211 τὸν
1257 1156 1354 1210 ἕνα
1380 1157 1634 1228 Χριστὸν,
1653 1151 1771 1211 ἀλλ’

107 1260 121 1321 ι
173 1237 251 1300 ὼς
284 1238 347 1291 ἐν
385 1257 438 1292 τι
478 1245 596 1312 νοῇ,
636 1244 725 1297 καὶ
749 1243 991 1315 δέχοιτο,
1017 1246 1228 1300 καὶτὸν
1279 1249 1343 1301 ἐκ
1371 1247 1510 1301 Θεοῦ
1560 1249 1773 1319 Πατρύς

173 1332 510 1402 γεννηθέντα
542 1335 710 1405 Λόγον
735 1379 750 1403 ,
786 1340 881 1391 καὶ
925 1339 1016 1393 τὸν
1060 1340 1126 1394 ἐκ
1160 1343 1261 1412 τῆς
1287 1341 1451 1410 ἁγίας
1493 1343 1769 1414 Παρθένου

174 1419 459 1489 ληφθέντα
496 1423 642 1487 ναὸν,
677 1427 774 1497 οὐχ
806 1428 886 1481 ὅτι
925 1428 1025 1498 τῆς
1056 1429 1226 1499 αὐτῆς
1246 1430 1434 1495 οὐσίας
1462 1432 1621 1493 εἰσὶν,
1654 1431 1769 1486 ἀλλ’

171 1510 257 1563 ὅτι
284 1512 432 1582 μετά
460 1516 558 1586 τὴν
582 1517 820 1588 ἄρρητον
848 1519 1067 1583 ἕνωσιν,
1094 1521 1122 1573 ό
1141 1521 1237 1574 τοῦ
1274 1522 1589 1577 διακόπτειν
1610 1524 1771 1596 λόγος

170 1602 272 1656 οὐκ
298 1604 535 1677 εὐσεϐής
568 1623 581 1637 ·
616 1603 698 1672 εἷς
722 1609 830 1682 γάρ
861 1610 919 1677 ἐξ
941 1612 1144 1682 ἀμφοῖν
1175 1615 1203 1666 ὁ
1232 1614 1486 1685 Χριστός.

240 1695 556 1763 Ζητήσετέ
579 1717 677 1768 με,
704 1700 803 1754 καὶ
832 1703 1026 1769 καθὼς
1052 1701 1228 1758 εἶπεν
1263 1706 1389 1771 τοῖς
1429 1706 1765 1775 Ἰουδαίοις,

171 1786 331 1840 ὅπου
383 1787 497 1857 ἐγὼ
528 1790 767 1861 ὑπάγω,
794 1793 969 1862 ὑμεῖς
1005 1797 1078 1850 οὐ
1106 1796 1375 1852 δύνασθε
1412 1798 1635 1867 ἐλθεῖν,
1668 1800 1767 1853 καὶ

169 1878 319 1946 ὑμῖν
345 1879 477 1947 ἄρτι
515 1882 690 1950 λέγω.

242 1971 361 2024 Οὐκ
397 1970 633 2044 ἀζήμιον
662 1976 945 2041 παντελῶς
970 1978 1190 2035 ἔσεσθαι
1215 1985 1326 2047 τοῖς
1366 1983 1560 2037 ἑαυτοῦ
1593 1984 1769 2056 μαθη-

165 2064 293 2126 ταῖς
314 2063 415 2129 τὴν
438 2064 747 2136 ἀποδημίαν
770 2069 925 2140 φησὶ,
940 2070 1039 2142 τὴν
1056 2072 1249 2126 ἑαυτοῦ
1278 2073 1768 2149 δη).ονότι.Πρῶτον

171 2154 383 2223 μὲν,ὅτι
410 2156 557 2230 λύπῃ
582 2161 648 2230 τῇ
678 2160 772 2213 ἐπὶ
793 2161 972 2233 τούτῳ
997 2168 1494 2237 κατατακίλσονται,
1518 2169 1613 2223 καὶ
1640 2169 1769 2223 δύσ-

167 2262 351 2300 οιστον
399 2249 578 2313 ἕξουσι
611 2252 709 2321 τῆς
734 2252 981 2307 ἐντεῦθεν
1008 2257 1232 2327 πικρίας
1253 2257 1314 2310 τὸ
1336 2258 1769 2329 βάρος.Συνεῖναι

167 2336 284 2407 γὰρ
318 2338 385 2410 δὴ
434 2340 532 2393 καὶ⁵
581 2341 745 2395 πάλιν
785 2342 935 2414 αὐτῷ
978 2343 1228 2416 διψήσειν
1255 2386 1270 2411 ,
1307 2348 1408 2401 οὐκ
1442 2350 1768 2420 ἀμφίϐολον,

169 2429 270 2481 καὶ
293 2430 703 2487 συνδιαιτᾶσθαι
723 2434 813 2488 διὰ
839 2436 1019 2491 πάντα
1050 2436 1256 2491 ἐθέλειν
1279 2440 1498 2504 αὐτοὺς,
1517 2440 1768 2512 καθάπερ

168 2519 373 2588 ἀμέλει
403 2522 495 2575 καὶ
520 2524 547 2575 ὁ
572 2522 858 2591 θεσπέσιος
894 2527 1128 2593 Παῦλος,
1167 2530 1259 2583 καὶ
1290 2531 1460 2602 αὐτῆς
1489 2532 1767 2603 προτιθεὶς

168 2611 274 2680 τῆς
312 2613 501 2667 ἐνθάδε
526 2615 674 2687 ζωῆς
700 2618 761 2671 τὸ
789 2622 1030 2675 συνεῖναι
1068 2622 1309 2693 Χριστῷ,
1350 2626 1598 2694 κρεῖττον
1630 2624 1766 2693 ἔφα-

171 2719 304 2755 σκεν
334 2698 477 2758 εἶναι
509 2705 569 2759 τὸ
590 2708 877 2776 ἀναλῦσαι,
904 2712 998 2764 καὶ
1018 2712 1117 2765 σὺν
1143 2714 1366 2785 Χριστῷ
1396 2712 1553 2770 εἶναι.
1584 2717 1769 2771 Ταῦτα

172 2810 539 2867 συνεωρακως
567 2800 595 2851 ό
620 2800 873 2870 Χριστὸς,
913 2802 1009 2861 καὶ
1036 2802 1135 2865 τὰς
1162 2804 1272 2857 τῶν
1298 2806 1638 2874 ἀγαπώντων
1671 2810 1771 2862 αὐ-

172 2887 262 2941 τὸν
288 2888 392 2942 οὐκ
414 2889 688 2960 ἀγνοήσας
715 2892 960 2963 καρδίας,
993 2894 1055 2947 οὐ
1079 2894 1202 2965 δίχα
1221 2895 1398 2967 λύπης
1420 2897 1766 2964 ἔσεσθαιτοῖς

179 2978 449 3050 μαθηταις
497 2980 599 3052 ἔφη
647 2982 746 3053 τὴν
789 2982 985 3038 ἑαυτοῦ
1018 2984 1203 3039 ἄνοδον
1241 3003 1255 3018 ·
1286 2987 1403 3041 ἀλλ’
1446 2984 1515 3060 ἦν
1548 3008 1631 3052 τις
1673 2993 1766 3044 ἐπὶ

176 3070 347 3141 τούτῳ
376 3071 473 3123 καὶ
517 3072 678 3144 ἑτέρα
716 3073 990 3144 πρόφασις
1027 3076 1249 3148 ἀληθὴς,
1299 3077 1481 3149 ζητεῖν
1518 3082 1766 3149 ἀναγκά-

182 3158 344 3221 ζουσα
401 3161 466 3214 τὸ
520 3165 756 3217 συνεῖναι
811 3165 1033 3236 Χριστῷ
1078 3166 1205 3231 τούς
1252 3168 1439 3237 ἁγίους
1490 3170 1758 3240 μαθητάς.
1790 3194 1833 3252 C

194 3254 505 3325 Ὀμιλήσειν
549 3256 649 3326 μὲν
681 3257 790 3328 γὰρ
824 3259 947 3311 ὅσον
980 3257 1192 3312 οὐδέπω
1230 3260 1495 3325 κινδύνοις
1540 3261 1766 3333 ἔμελλον

180 3348 240 3400 οὐ
265 3351 502 3420 μικροῖς,
526 3348 621 3403 καὶ
659 3351 775 3413 ταῖς
830 3349 1101 3403 Ἰουδαίων
1127 3351 1455 3416 ἀκαθέκτοις
1484 3355 1767 3420 ἀπονοίαις

183 3440 716 3509 κατασφενδονᾶσθαι
747 3440 979 3513 συχνῶς,
1010 3440 1146 3496 ἀλλὰ
1175 3443 1270 3496 καὶ
1314 3447 1434 3507 ταῖς
1472 3444 1531 3509 ἐξ
1564 3445 1767 3517 ἐτέρων

178 3531 338 3586 τινῶν
361 3531 787 3604 περιπεσεῖσθαι
835 3534 1077 3602 μανίαις,
1109 3532 1239 3603 ὃλην
1286 3533 1633 3604 περιθέοντες
1668 3535 1768 3606 τὴν

177 3625 522 3696 οἰκουμένην,
555 3624 782 3688 καὶτοῖς
813 3623 893 3678 ἔτι
922 3626 1299 3697 πλανωμένοις
1330 3626 1421 3680 τὸν
1451 3625 1546 3680 τοῦ
1582 3628 1767 3698 Σωτῆ-

183 3733 273 3785 ρος
320 3715 778 3787 διακηρύττοντες
810 3716 970 3785 λόγον
990 3758 1005 3783 ,
1032 3717 1109 3782 ὡς
1147 3718 1541 3790 δεσμωτηρίων
1581 3721 1771 3789 πειρᾶ-

180 3806 323 3872 σθαι,
357 3806 569 3878 ὕϐρεώς
593 3825 651 3861 τε
674 3809 767 3862 καὶ
787 3809 973 3871 αἰκίας
1001 3808 1101 3862 οὐκ
1134 3810 1406 3881 ἀμοιρεῖν,
1440 3811 1532 3864 καὶ
1562 3811 1768 3881 ἐτέρων

177 3900 329 3953 οὐδὲν
360 3896 525 3973 ἦττον
555 3900 942 3971 στρεϐλώσεων
992 3902 1072 3964 είς
1103 3904 1301 3972 πεῖραν
1354 3902 1529 3955 ἐλθεῖν
1548 3917 1561 3932 ⁸
1588 3905 1767 3958 καίτοι

177 3989 286 4044 τῶν
314 3990 575 4044 τοιούτων
606 3991 820 4054 οὐδενὸς
850 3992 1251 4063 πεπειραμένοι
1290 3994 1557 4064 πρότερον
1586 3996 1644 4047 ὲν
1686 3996 1765 4066 τῷ

178 4082 415 4133 συνεῖναι
470 4079 713 4151 Χριστῷ.
747 4081 1046 4151 Ζητήσετε,
1090 4081 1249 4152 φησὶ,
1286 4083 1467 4137 τοίνυν
1512 4084 1634 4138 τότε
1665 4085 1765 4157 τὴν

176 4171 310 4241 ἐμὴν
343 4172 584 4242 μάλιστα
634 4172 921 4226 συνουσίαν
946 4212 960 4237 ,
986 4173 1116 4227 ὅταν
1146 4174 1292 4245 ὑμᾶς
1334 4172 1404 4227 τὰ
1445 4176 1765 4247 πολύτροποι

174 4264 278 4318 τῶν
312 4265 642 4336 πειρασμῶν
683 4266 989 4338 ἐκταράττῃ
1022 4265 1260 4337 κύματα.
1292 4267 1464 4322 Τοῦτο
1494 4268 1551 4322 δὲ
1576 4265 1673 4340 ἦν,
1700 4270 1762 4323 οὐ

177 4354 307 4423 πρὸς
350 4354 559 4408 δειλίαν
592 4354 818 4422 ἄγοντος
837 4395 851 4417 ,
883 4354 916 4425 ἢ
948 4356 1473 4427 προσκατακλῶντος
1497 4358 1575 4429 τῷ
1610 4360 1763 4430 φόϐῳ

173 4450 297 4510 τοὺς
346 4448 600 4519 μαθητάς
620 4464 633 4475 ·
676 4448 1059 4517 ἐπαλείφοντος
1086 4449 1141 4503 δὲ
1180 4449 1379 4520 μᾶλλον
1404 4452 1483 4513 είς
1515 4451 1763 4516 εὐτονίας

1878 619 2065 675 porro,
2125 612 2184 660 ut
2235 605 2542 661 secundum
2596 618 2822 661 carnem
2879 604 3154 657 duntaxat
3200 602 3453 660 abiturus

1878 695 2075 766 (adest
2128 696 2276 751 enim
2330 697 2493 752 nobis
2542 710 2761 768 semper
2804 694 3029 750 ’virtute
3072 693 3384 749 divinitatis
3407 693 3451 764 ),

1875 786 2056 843 adhuc
2084 787 2363 843 modicum
2392 796 2607 859 tempus
2637 788 2930 843 nobiseum
2984 786 3102 842 fore
3165 802 3224 841 se
3279 786 3451 852 dicat,

1876 881 2118 950 perfecte
2148 880 2500 951 semetipsum
2528 896 2593 935 ac
2626 882 2865 936 totaliter
2896 895 2925 934 a
2948 888 3109 949 parte
3135 878 3450 944 nominans,

1875 988 1943 1027 ne
1973 972 2099 1043 quis
2157 972 2211 1026 in
2242 972 2382 1027 duos
2440 972 2582 1028 ﬁlios
2633 973 2913 1029 Christum
2968 971 3196 1033 dividat,
3260 969 3357 1027 sed
3394 978 3453 1023 ut

1874 1079 2044 1119 unum
2077 1068 2302 1118 omnino
2330 1078 2453 1119 esse
2485 1063 2677 1119 credat
2711 1072 2765 1119 et
2802 1063 3040 1119 fateatur
3095 1061 3233 1117 illud
3301 1061 3449 1132 quod

1872 1171 1935 1211 ex
1964 1155 2128 1210 l’atre
2159 1162 2348 1209 natum
2378 1162 2465 1210 est
2507 1153 2768 1220 Verbum,
2831 1162 2886 1211 et
2924 1155 3072 1226 quod
3105 1169 3172 1210 ex
3226 1151 3453 1225 Virgine

1872 1254 2213 1315 assumptum
2242 1254 2327 1303 est
2377 1246 2640 1315 templum
2668 1262 2680 1299 :
2723 1262 2834 1301 non
2863 1247 2993 1317 quia
3025 1246 3273 1317 ejusdem
3320 1246 3454 1302 sub-

1872 1339 2089 1395 stantia:
2150 1339 2240 1405 sit,
2280 1339 2377 1395 sed
2412 1338 2544 1408 quia
2586 1347 2710 1409 post
2772 1338 3109 1393 inell‘abilem
3166 1338 3449 1401 unionem,

1872 1431 2052 1501 ipsum
2076 1431 2319 1487 dividere
2344 1431 2621 1500 piaculum
2649 1431 2722 1488 sit
2748 1449 2762 1486 :
2792 1446 2937 1487 unus
2966 1431 3117 1487 enim
3157 1445 3224 1486 ex
3257 1431 3451 1486 ambo-

1870 1524 1974 1580 bus
2012 1523 2271 1581 Christus
2309 1532 2418 1580 est.

1938 1702 2077 1768 XIII,
2106 1705 2196 1759 55.
2226 1703 2490 1768 Quantis
2518 1720 2620 1766 me,
2658 1711 2729 1768 et,
2767 1704 2906 1756 sicut
2933 1701 3051 1756 dixi
3074 1700 3310 1764 Iudaeis,
3345 1716 3449 1770 quo

1869 1794 2035 1867 748
2073 1812 2165 1863 ego
2204 1796 2359 1861 vado,
2395 1811 2484 1851 vos
2531 1813 2635 1849 non
2688 1795 2908 1863 potestis
2955 1794 3130 1848 venire
3156 1834 3172 1858 ,
3213 1801 3264 1847 et
3303 1791 3451 1846 vobis

1869 1887 1987 1941 dico
2021 1885 2199 1940 modo.

1938 1977 2257 2034 Discessum
2287 1978 2433 2034 haud
2471 1978 2704 2049 jactura:
2747 1992 2977 2049 prorsus
3007 1983 3286 2048 expertem
3334 1974 3453 2029 fore

1869 2069 2159 2142 discipulis
2206 2071 2325 2126 suis
2377 2071 2453 2124 ait
2500 2088 2512 2124 :
2557 2071 2794 2139 primum
2853 2067 3098 2138 quidem,
3151 2066 3280 2136 quia
3327 2064 3451 2134 ejus

1868 2161 2062 2218 dolore
2119 2162 2544 2225 contabescent,
2579 2170 2634 2216 ct
2681 2159 3103 2216 acerbissimum
3143 2157 3270 2213 inde
3317 2171 3452 2211 mos-

1868 2268 2050 2309 rmem
2099 2253 2434 2324 concipient.
2472 2252 2584 2308 Nec
2626 2251 2776 2307 enim
2844 2251 3073 2306 dubium
3108 2257 3195 2304 est
3233 2248 3451 2319 gravis-

1868 2345 2010 2401 εἰειιο
2060 2344 2182 2416 ejus
2230 2345 2509 2403 desiderio
2567 2344 2850 2400 detentum
2893 2343 2993 2407 iri,
3047 2351 3101 2396 et
3152 2355 3451 2395 conversa-

1868 2439 2073 2492 tionem
2113 2437 2235 2507 ejus
2282 2437 2674 2507 requisituros,
2732 2432 3201 2506 quemadmodum
3258 2446 3452 2501 nempe

1870 2528 2090 2583 divinus
2119 2528 2208 2584 ille
2242 2527 2447 2584 Paulus
2472 2526 2576 2598 ipsi
2606 2526 2775 2583 etiam
2799 2526 3054 2597 corporis
3085 2525 3212 2578 vita:
3239 2521 3450 2578 versari

1870 2635 1995 2674 cum
2043 2618 2265 2674 Christo
2315 2635 2661 2689 praponens,
2699 2618 2897 2673 melius
2947 2617 3055 2673 sibi
3092 2616 3274 2669 aiebat
3327 2629 3453 2669 esse

1869 2710 2116 2776 dissolvi,
2146 2718 2201 2765 et
2224 2726 2347 2766 esse
2384 2726 2510 2765 cum
2537 2709 2759 2765 Christo
2784 2709 2848 2764 “.
2886 2707 3011 2762 llaec
3036 2706 3295 2761 Christus
3325 2720 3449 2759 eum

1869 2802 2209 2873 praevideret,
2232 2818 2335 2857 nec
2356 2803 2525 2858 corda
2544 2802 2890 2873 diligentium
2916 2816 2975 2856 se
3010 2799 3312 2869 ignoraret,
3338 2811 3451 2851 non

1866 2900 2147 2964 expertem
2184 2894 2442 2949 maeroris
2481 2892 2772 2963 discipulis
2807 2892 2925 2946 fore
2956 2891 3098 2945 dixit
3128 2905 3293 2946 suum
3328 2889 3449 2944 dis-

1866 2998 2104 3039 cessum.
2153 2983 2260 3038 Secl
2292 2992 2347 3039 et
2382 2984 2490 3037 alia
2521 2993 2783 3053 praeterea
2821 2997 2951 3037 vera
2978 2996 3147 3037 causa
3176 2988 3295 3038 erat
3328 2996 3450 3051 qua:

1866 3084 2093 3131 sanctos
2122 3074 2429 3143 discipulos
2453 3074 2711 3145 adigebat
2737 3082 2798 3128 ut
2822 3089 2947 3128 cum
2980 3074 3205 3129 Christo
3232 3076 3442 3130 versari

1866 3173 2149 3236 cuperent.
2183 3164 2395 3237 Quippe
2425 3180 2552 3221 mox
2591 3166 2780 3237 gravia
2834 3166 3078 3236 pericula
3132 3168 3448 3237 perpessuri

1866 3269 2044 3325 erant,
2081 3274 2211 3313 cum
2246 3264 2301 3313 et
2327 3256 2609 3315 eﬂrenatis
2633 3257 2951 3314 Iudaeorum
2981 3273 3126 3329 saepe
3160 3259 3325 3328 objiei
3364 3258 3451 3312 [υς

1868 3350 2113 3416 roribus,
2150 3359 2265 3406 tum
2296 3351 2533 3406 aliorum
2564 3350 2931 3421 quorumdam
2981 3351 3323 3422 intemperiei
3357 3367 3454 3422 pa-

1868 3449 1982 3497 tere
2005 3441 2295 3505 debebant,
2333 3448 2506 3494 totum
2542 3440 2733 3495 orbem
2758 3448 3034 3496 terrarum
3075 3441 3365 3507 obeuntes,
3397 3448 3451 3496 et

1866 3534 2184 3589 errantibus
2218 3534 2399 3590 adhuc
2450 3534 2762 3589 Servatoris
2792 3533 3102 3589 doctrinam
3150 3534 3452 3605 przedican-

1867 3633 1971 3689 tcs,
2010 3624 2145 3679 adeo
2205 3633 2260 3678 ut
2318 3640 2418 3679 nec
2456 3640 2712 3679 carceres
2762 3624 3041 3688 deessent,
3106 3640 3209 3680 nec
3258 3624 3448 3697 ﬂagra,

1870 3734 1972 3773 nee
2001 3718 2327 3788 injuriarum
2361 3732 2424 3771 ac
2482 3724 2888 3771 tormentorum
2919 3732 3092 3786 genus
3128 3718 3300 3770 ullum
3362 3718 3449 3770 in-

1866 3821 2154 3882 expertum
2212 3810 2498 3875 haberent,
2562 3823 2800 3879 quorum
2839 3808 3049 3861 nullum
3102 3808 3259 3879 prius
3318 3808 3448 3863 dum

1866 3908 2223 3957 versarentur
2290 3915 2417 3956 cum
2470 3900 2701 3954 Christo
2737 3900 3107 3969 pertulerunt.
3157 3899 3448 3966 Qumretis,

1867 3994 2063 4064 inquit,
2096 4000 2229 4047 tunc
2265 4007 2439 4047 meam
2491 3992 2731 4047 maxime
2786 3992 3152 4062 praesentiam,
3198 4007 3323 4047 cum
3351 4007 3451 4047 vos

1868 4086 2237 4141 tentationum
2265 4084 2402 4139 varii
2458 4082 2659 4139 [Iuretus
2698 4083 3067 4139 turbaverint.
3101 4082 3214 4138 Hoc
3266 4093 3447 4139 autem

1864 4187 1950 4235 est
1991 4193 2099 4233 non
2132 4176 2447 4232 indueentis
2473 4176 2541 4229 ad
2575 4174 2957 4241 formidinem,
3019 4186 3117 4230 aut
3147 4176 3450 4246 discipulos

1867 4270 2063 4325 timore
2096 4268 2423 4340 frangentis,
2465 4268 2561 4324 sed
2626 4268 2695 4323 ad
2732 4268 2902 4323 robur
2959 4276 3015 4324 et
3072 4269 3446 4324 constantiam

1866 4360 2053 4431 potius
2088 4359 2370 4428 ungentis,
2406 4366 2460 4413 et
2484 4357 2551 4411 ad
2583 4373 2777 4412 eorum
2808 4373 2931 4429 qure
2956 4365 3221 4413 eventura
3257 4357 3449 4412 crede-

1866 4454 2066 4509 bantur
2096 4453 2441 4507 tolerantiam
2472 4452 2849 4508 instituentisJ
2892 4451 3005 4507 Nec
3032 4451 3178 4506 enim
3222 4464 3447 4520 compe-

174 4540 455 4609 ἀνάληψιν,
514 4539 607 4592 καὶ
638 4540 799 4593 οἱονεὶ
843 4540 980 4611 πρὸς
1036 4540 1135 4613 τὴν
1182 4542 1292 4594 τῶν
1324 4542 1543 4597 ἔσεσθαι
1596 4561 1765 4613 προσ-

1871 4546 2078 4602 riemus
2102 4544 2295 4599 inutile
2325 4560 2470 4611 esse,
2502 4543 2613 4598 imo
2641 4559 2775 4601 vero
2803 4558 3062 4614 magnam
3086 4543 3141 4599 in
3195 4558 3255 4597 se
3294 4541 3448 4595 utili-

173 4631 500 4699 δοκωμένων
523 4632 804 4704 ὑπομονὴν
836 4632 1371 4703 προευτρεπισθῖψαι
1397 4635 1761 4699 διδάσκοντος.

176 4722 245 4774 Οὐ
275 4724 381 4792 γὰρ
421 4724 737 4794 εὑρήσομεν
763 4724 991 4797 ἀκερδὲς
1010 4764 1025 4787 ,
1050 4726 1250 4795 μᾶλλον
1273 4725 1329 4778 δὲ
1362 4726 1562 4798 πολλὴν
1590 4728 1657 4781 ἄν
1683 4746 1765 4792 τις

178 4813 270 4865 ἴδοι
301 4815 399 4884 τὴν
426 4816 617 4885 ὄνησιν
638 4815 761 4884 ἔχον
785 4816 846 4868 τὸ
876 4817 932 4870 ἑν
956 4817 1205 4887 Ψαλμοῖς
1225 4817 1505 4888 ᾀδόμενον,
1534 4838 1552 4869 ι
1590 4819 1766 4873 Ἤτοι-

182 4903 408 4973 μάςθην,
440 4908 536 4959 καὶ
572 4906 672 4957 οὐκ
706 4905 1034 4976 ἐταράχθην.
1068 4927 1087 4957 ι
1126 4907 1199 4959 Τὸ
1234 4908 1333 4977 μὲν
1359 4907 1468 4979 γὰρ
1500 4909 1640 4971 ὅλως
1663 4910 1764 4961 οὐκ

180 4996 423 5051 ἐλπισθὲν
452 4999 563 5050 τῶν
600 4998 806 5051 ἀδικεῖν
836 4999 1107 5052 εἰωθότων
1162 5000 1334 5054 δεινὸν
1367 5004 1444 5064 εἰς
1476 5001 1760 5074 θορύϐους,

179 5088 267 5139 καὶ
298 5089 562 5161 ἀδόκητόν
603 5107 721 5153 πως
748 5090 860 5160 ἔχει
887 5090 987 5162 τὴν
1010 5091 1197 5160 ἔφοδον
1223 5108 1237 5122 ·
1265 5093 1325 5145 τὸ
1346 5093 1403 5146 δὲ
1428 5096 1547 5158 ταῖς
1589 5111 1762 5166 προσ-

176 5178 397 5245 δοκίαις,
425 5181 523 5235 καὶ
561 5181 625 5234 τὸ
664 5182 742 5252 τῷ
774 5182 1154 5254 προεγνῶσθαί
1180 5201 1289 5237 τισι
1332 5185 1761 5257 προδαπανῆσαν

177 5271 273 5341 ἤδη
314 5274 407 5327 τοῦ
436 5274 607 5343 φόϐου
642 5275 704 5327 τὸ
753 5275 937 5339 πλέον,
964 5277 1066 5329 οὐκ
1104 5279 1342 5349 ἄκρατον
1373 5278 1487 5349 ἔχει
1507 5278 1607 5351 τὴν
1637 5280 1760 5334 καθ’

176 5354 247 5411 ὧν
271 5362 335 5415 ἂν
360 5365 503 5418 ἐπίοι
556 5364 809 5435 δύναμιν,
832 5365 1317 5438 προμελετησάσης
1350 5368 1482 5421 αὐτὸ
1513 5370 1612 5440 τῆς
1640 5370 1757 5423 δια-

179 5453 339 5515 νοίας,
374 5457 467 5508 καί
514 5455 590 5520 ὡς
630 5457 732 5528 ἤδη
776 5459 950 5527 παρόν
994 5458 1292 5530 δεξαμένης
1324 5458 1602 5523 πολλάκις,
1633 5461 1755 5516 ὅσον
1789 5515 1801 5527 ,

179 5545 254 5607 εἰς
303 5546 511 5611 ἐννοίας
551 5547 799 5619 δύναμιν.
834 5550 1044 5620 Ὥσπερ
1090 5550 1199 5620 γὰρ
1251 5550 1303 5601 εἴ
1344 5567 1427 5614 τις
1466 5552 1759 5624 αἱμοϐόρος

182 5634 272 5688 καὶ
319 5637 509 5708 ἄγριος
551 5639 684 5711 θὴρ,
712 5640 778 5692 ἐκ
811 5640 985 5710 μέσον,
1025 5640 1223 5703 ἀναδὺς
1254 5641 1535 5711 εὐδένδρου
1567 5662 1625 5698 τε
1664 5650 1754 5702 καὶ

247 5819 287 5850 ⁸⁸
317 5818 553 5895 Philipp.
587 5840 624 5891 ι,
662 5824 753 5879 ‘33.
821 5825 883 5856 ¹⁵⁹
927 5822 1070 5881 Psal.
1112 5829 1417 5893 cmu,00.

1863 4643 2030 4691 tatem
2052 4634 2255 4689 habere
2278 4633 2428 4704 quod
2474 4634 2527 4688 in
2556 4632 2795 4689 Psalmis
2855 4633 3113 4687 canitur:
3150 4650 3168 4681 ι
3209 4628 3446 4684 Paratus

1862 4743 2007 4791 sum,
2041 4735 2096 4783 et
2124 4742 2233 4781 non
2265 4743 2386 4783 sum
2415 4726 2673 4782 turbatus
2693 4727 2785 4779 η’.
2815 4744 2832 4777 ι
2872 4724 3072 4778 Malum
3097 4722 3447 4790 eniminspe-

1861 4827 2040 4873 ratum
2073 4817 2261 4871 turbat
2310 4830 2412 4871 nos
2452 4814 2850 4877 vehementius,
2893 4823 2948 4868 et
2994 4813 3188 4883 pungit
3221 4812 3442 4875 aerius;

1861 4909 2008 4980 quod
2044 4918 2225 4963 autem
2275 4907 2571 4977 prrevisum
2606 4914 2662 4960 et
2703 4912 3085 4973 exspectatum
3136 4909 3243 4966 est,
3283 4901 3443 4973 quasi

1863 5017 2059 5071 magna
2085 5002 2197 5069 jam
2225 5009 2377 5070 parte
2406 5008 2584 5053 metus
2613 5004 2969 5065 consumpta,
2995 4995 3255 5049 lentiores
3281 4994 3444 5050 habet

1863 5093 2120 5162 impetus,
2182 5091 2481 5161 anticipata
2516 5087 2781 5142 nimirum
2816 5088 2965 5141 illius
2993 5086 3354 5157 cogitatione,
3386 5096 3441 5140 et

1860 5184 2031 5239 animi
2059 5183 2263 5238 virtute
2288 5191 2417 5238 ante
2442 5191 2718 5250 suscepta.
2744 5178 2814 5235 Ut
2842 5181 2990 5237 enim
3017 5187 3175 5235 atrox
3204 5180 3384 5235 bellua
3410 5196 3441 5234 e

1859 5275 2048 5331 densis
2075 5275 2321 5331 latibulis
2351 5289 2416 5329 ac
2444 5274 2635 5329 lustris
2658 5273 2948 5344 itmpinato
2974 5288 3295 5343 erumpens,
3329 5288 3437 5326 non

1862 5368 2027 5424 modo
2057 5367 2216 5422 valde
2242 5383 2370 5421 eum
2397 5366 2583 5421 turbat
2624 5368 2679 5422 in
2712 5384 2874 5438 quem
2931 5366 3210 5429 insilierit,
3248 5365 3345 5420 sed
3385 5374 3441 5417 et

1861 5460 2190 5530 imparatum
2255 5458 2523 5513 dilaniat:
2606 5460 2826 5515 eminus
2917 5475 3052 5514 vero
3139 5464 3437 5526 conspecta

1868 5552 2034 5625 749
2060 5558 2223 5622 atque
2277 5550 2495 5623 cognita
2553 5560 2825 5606 armatum
2873 5560 2968 5605 aut
3014 5552 3196 5604 minus
3248 5547 3435 5600 forsan

1865 5645 2045 5711 lmdet,
2070 5652 2163 5699 aut
2195 5643 2353 5701 irrito
2376 5652 2578 5711 conatu
2598 5646 2822 5702 recedet
2848 5662 2862 5701 :
2890 5645 2970 5701 sic
3000 5643 3185 5703 etiam,
3212 5637 3430 5709 opinor,
