4144 6526
672 394 783 456 459
1633 402 1688 458 S.
1709 401 1989 458 CYRILLI
2029 400 2500 458 ALEXANDRINI
2526 400 2824 459 ARCIllEP
3880 401 3933 453 ’1
3950 402 4023 453 60

672 526 743 567 ex
768 508 1185 575 tentationibus,
1209 508 1489 582 insperata
1520 508 1900 568 vehementius
1924 526 1990 566 ac
2016 510 2263 567 ferocius

2390 513 2584 578 ἱασείας
2630 513 2728 584 τῆς
2754 512 2993 582 λόχμης,
3018 507 3307 580 ἐφάλλοιτό
3326 524 3435 562 τινι
3461 507 3573 563 τῶν
3594 508 3700 579 οὑχ
3725 506 4027 579 ὁρώντων

672 600 884 659 invadit
938 616 1104 673 quam
1132 611 1372 672 sperata.
1409 600 1805 659 Percommode
1857 604 2047 675 itaque
2077 601 2263 658 Domi-

2390 603 2550 667 ιὺτδν,
2588 603 2893 675 σπαράττει
2924 600 3041 675 [ῃο.
3069 599 3355 672 ταράττει]
3392 600 3493 671 μὲν
3522 598 3645 653 λίαν
3684 600 3764 654 οὔ
3830 617 4023 670 προσε-

675 711 785 753 nus
815 704 1007 752 noster
1033 692 1197 751 Jesus
1244 692 1504 750 Christus
1534 693 1622 751 his
1679 695 1885 760 verbis,
1935 713 1954 748 ι
1990 694 2262 762 ρυωτειίε

2390 693 2608 747 ρκῶντα
2642 693 2742 765 τὴν
2772 692 2980 762 ἔφοδον,
3008 692 3225 762 ἀναιρεῖ
3250 689 3307 743 δὲ
3354 688 3490 759 πρὸς
3526 689 3715 759 μάχην
3771 689 3901 742 οὐκ
3938 692 4022 742 es.

677 802 788 853 me,
825 805 844 840 ι
877 802 999 859 quae
1019 786 1305 856 discipulis
1328 796 1594 842 eventu-ra
1631 796 1823 845 essent
1874 802 1942 843 ex
2004 802 2108 843 suo
2140 786 2259 844 dis-

2390 784 2731 857 τρεπισθέντα
2776 782 2988 839 λαϐώνν
3036 784 3065 836 ό
3097 782 3155 837 δὲ
3204 782 3490 855 πόρρωθεν
3514 782 3732 851 ὀφθεὶς,
3785 782 3910 833 καὶ
3944 782 4021 834 δτι

677 894 866 944 cessu,
897 886 954 936 et
999 878 1267 934 tumultus
1298 878 1588 935 subinnuit
1630 879 1700 935 ab
1730 877 2071 935 adversariis
2110 878 2264 935 exci-

2390 878 2640 950 ταρέσται
2706 876 3107 947 διεγνωσμένος
3132 918 3148 941 ,
3178 874 3512 945 ὡπλισμένῳ
3567 871 3918 944 συμδαλὼν
3946 914 3961 937 ,
3994 874 4020 940 ἢ

678 972 919 1036 tandos,
975 970 1043 1026 ad
1102 970 1365 1025 virtutem
1432 978 1489 1027 et
1539 972 1714 1027 robur
1769 971 2098 1043 capiendum
2163 971 2266 1026 hac

2390 966 2592 1021 ἱλαττον
2623 967 2874 1037 ἀδικήσει
2925 966 3084 1037 τυχὸν
3109 1006 3124 1032 ,
3156 965 3190 1037 ἢ
3239 965 3335 1018 καὶ
3373 964 3540 1036 μηδὲν
3571 962 3834 1033 ίσχύσας
3861 963 4023 1032 οἰή-

676 1066 1039 1137 prmdictione
1068 1064 1193 1120 illos
1229 1064 1511 1120 excitans.
1544 1064 1641 1121 llis
1672 1079 1842 1134 porro
1874 1064 2084 1119 utiliter
2134 1064 2267 1120 sub—

2390 1076 2553 1112 ςεται·
2587 1059 2678 1112 τὸν
2716 1059 2881 1114 αὑτὸν
2902 1099 2917 1123 ,
2943 1055 3103 1130 οἶμαι
3129 1097 3145 1122 ,
3171 1057 3373 1127 τρόπον
3405 1055 3501 1110 καὶ
3520 1056 3614 1109 ἐπὶ
3639 1054 3762 1107 τῶν
3801 1070 4024 1124 πειρα-

675 1156 857 1227 jnngit
895 1152 1023 1224 quid
1064 1153 1393 1224 impraesens
1423 1168 1521 1209 eos
1575 1154 1733 1224 sequi
1763 1154 2078 1223 prohibeat.
2110 1154 2266 1221 Quod

2390 1152 2548 1224 πμῶν,
2580 1153 2610 1205 ό
2654 1152 2905 1224 μηδόλως
2955 1150 3177 1205 ἔσεσθαι
3225 1148 3623 1221 προσδοκηθεὶς
3654 1146 3763 1199 τοῦ
3832 1163 4022 1218 προσ-

678 1248 823 1303 enim
848 1247 962 1301 dixi
986 1244 1217 1314 Iudaeis,
1244 1247 1451 1317 inquit,
1476 1247 1583 1302 hoc
1619 1257 1676 1303 et
1715 1246 1785 1301 ad
1815 1262 1915 1303 vos
1946 1247 2111 1302 modo
2144 1249 2265 1302 aio:

2390 1244 2692 1316 ἰοκηθέντος
2729 1245 2829 1316 ήδη
2883 1244 3217 1316 θερμότερόν
3258 1259 3320 1295 τε
3347 1244 3445 1296 καὶ
3479 1240 3855 1312 ἀγριώτερον
3881 1241 4027 1308 ἡμῖν

686 1358 709 1391 ο
743 1338 862 1405 Quo
902 1339 1065 1405 vado,
1098 1354 1195 1395 vos
1229 1355 1339 1394 non
1381 1339 1615 1408 potestis
1650 1339 1858 1395 venire.
1901 1356 1919 1391 ι
1975 1336 2087 1394 Nec
2121 1339 2267 1394 enim

2390 1338 2689 1411 τροσσαλεί.
2752 1338 3057 1410 Χρησίμως
3108 1334 3403 1406 τοιγαροῦν
3451 1335 3481 1387 ὁ
3543 1332 3761 1402 Κύριος
3848 1330 4023 1400 ἡμῶν

680 1440 898 1502 tempus
952 1430 1140 1485 adhuc
1188 1437 1314 1486 erat
1350 1439 1581 1485 sanctos
1640 1429 1967 1500 discipulos,
2025 1429 2270 1485 nondum

2390 1429 2591 1503 Ἰησοῦς
2618 1429 2650 1483 ό
2680 1430 2936 1500 Χριστὸς,
2962 1428 3055 1482 διὰ
3099 1427 3196 1481 τοῦ
3238 1427 3429 1497 φάναι,
3466 1443 3485 1477 ι
3526 1422 3829 1495 Ζητήσετέ
3866 1439 3966 1491 με,
3998 1441 4012 1469 ι

682 1523 996 1577 ministerio
1020 1537 1132 1577 suo
1155 1531 1573 1586 consummato,
1608 1521 1677 1577 ad
1723 1537 1999 1594 supernas
2032 1522 2273 1578 transire

2390 1520 2440 1575 r&
2479 1523 2544 1575 ὲκ
2573 1519 2669 1574 τοῦ
2712 1519 2909 1590 μηκέτι
2946 1520 3186 1573 συνεῖναι
3214 1519 3324 1581 τοῖς
3347 1515 3544 1569 ἑαυτοῦ
3565 1513 4006 1584 συμΰηςόμενι

682 1613 1006 1669 mansiones
1033 1629 1053 1667 :'
1082 1627 1147 1668 ea
1172 1611 1378 1683 quippe
1409 1612 1665 1683 migratio
1699 1612 1756 1667 in
1786 1626 2089 1683 congruum
2133 1619 2273 1666 tem-

2390 1614 2674 1683 μαθηταῖς,
2723 1612 2818 1666 καὶ
2852 1609 3121 1680 θορύϐους
3170 1608 3568 1671 ὑπαινίττεται,
3613 1607 3751 1670 τοὺς
3784 1605 3871 1657 ἐκ
3904 1604 4011 1655 τῶν

683 1718 789 1773 pus
820 1703 1167 1758 servabatur.
1199 1701 1819 1759 Observandumtamen
1852 1711 1939 1759 est
1961 1718 2117 1771 eum,
2141 1718 2269 1758 cum

2390 1703 2819 1776 πολεμησόντων,
2854 1702 3055 1766 αὐτοὺς
3105 1698 3523 1771 προετοιμάζων
3570 1699 3661 1752 διὰ
3708 1696 3822 1751 τοῦ
3876 1711 4008 1766 προ-

686 1794 926 1866 idipsum
979 1794 1338 1865 signiﬁcaret,
1386 1794 1599 1853 Iudaeis
1639 1795 1879 1863 dixisse,
1937 1813 1962 1848 ο
1997 1795 2274 1863 Quaretis

2390 1799 2566 1852 ειπεῖν
2604 1798 2693 1860 εις
2743 1796 2998 1867 ἀνδρείας
3030 1792 3318 1863 ἀνάληψιν.
3367 1790 3643 1860 Ἑπιλέγει
3677 1790 3745 1843 δὲ
3776 1789 4007 1851 τούτοις

688 1901 795 1950 me,
828 1895 882 1941 et
908 1903 1015 1941 non
1047 1887 1346 1943 invenietis
1375 1903 1499 1944 me:
1542 1908 1563 1940 ι
1595 1888 1887 1959 discipulis
1923 1900 2108 1945 autem
2140 1891 2282 1947 suis.

2390 1888 2679 1960 χρησίμως
2710 1889 2803 1942 καὶ
2840 1888 2893 1941 τί
2928 1885 3087 1957 παρὰ.
3125 1885 3290 1948 πόδας
3321 1882 3565 1937 κείσεται
3592 1881 3819 1936 κωλύον
3870 1882 4004 1934 ἁκο-

694 1996 714 2027 ο
750 1974 1023 2042 ρυεειειίε
1053 1994 1160 2044 me,
1201 1999 1221 2031 ι
1254 1981 1432 2034 solum
1465 1980 1673 2045 dicere,
1708 1996 1813 2035 nec
1861 1980 1994 2036 illud
2042 1981 2266 2047 addere,

686 2067 804 2123 Non
846 2068 1158 2127 invenietis.
1198 2070 1374 2138 Quam
1411 2072 1484 2126 ob
1536 2071 1697 2127 rem?
1757 2072 1974 2144 Quippe
2038 2075 2092 2127 in
2145 2073 2270 2128 illos

681 2160 810 2228 jure
841 2161 1078 2229 quadrat
1118 2163 1270 2232 quod
1320 2178 1429 2217 non
1460 2163 1748 2219 inveniant
1787 2180 1936 2230 eum,
1968 2165 2039 2219 ob
2074 2166 2265 2220 innua-

688 2269 825 2309 nem~
856 2254 1111 2310 videlicet
1160 2254 1627 2320 incredulitatem,
1662 2265 1716 2309 et
1755 2254 2092 2325 impietatem
2143 2270 2272 2325 erga

689 2346 871 2415 ipsum
926 2346 1350 2403 incredibilem:
1388 2347 1648 2419 genuinis
1684 2357 1864 2403 autem
1918 2362 1983 2401 ac
2036 2348 2274 2404 sinceris

688 2437 812 2507 ejus
845 2439 1151 2496 cultoribus
1182 2440 1580 2497 convenienter
1612 2440 1719 2497 dici
1771 2456 1885 2496 non
1916 2449 2123 2512 potest,
2153 2440 2274 2497 Non

690 2529 985 2587 invenietis
1018 2546 1125 2587 me.
1159 2532 1334 2589 Adest
1364 2533 1513 2589 enim
1547 2533 1626 2586 ris
1655 2546 1982 2603 semperque
2014 2532 2214 2591 aderit.

2376 1980 2597 2035 λουθεῖν
2614 1982 2695 2044 εἰς
2726 1980 2788 2032 τὸ
2820 1979 2997 2049 παρὸν
3031 1976 3255 2041 αὐτούς.
3291 1978 3470 2047 Ὅπερ
3504 1975 3611 2046 7&9
3646 1974 3858 2041 ελεγον
3896 1975 4003 2034 τοῖς

2390 2073 2700 2136 Ἰουδαίοις,
2730 2070 2888 2143 φησὶ,
2918 2069 3076 2124 τοῦτο
3127 2070 3225 2123 καὶ
3276 2068 3416 2141 πρὸς
3447 2068 3593 2139 ὑμᾶς
3639 2066 3776 2137 ἄρτι
3827 2064 4000 2133 τρημέ.

2386 2186 2405 2219 ι
2448 2167 2623 2219 Ὅπου
2655 2164 2768 2233 ἐγὼ
2806 2164 3002 2231 ὑπάγω
3024 2203 3039 2228 ,
3068 2163 3227 2233 ὑμεῖς
3246 2162 3309 2215 οὑ
3345 2159 3575 2214 δύνασθε
3628 2158 3840 2212 ἐλθεῖν.
3875 2177 3897 2208 ι
3932 2158 4000 2209 Οὐ

2379 2259 2489 2330 γάρ
2534 2275 2623 2312 πω
2653 2260 2834 2328 παρῆν
2863 2257 2892 2309 ό
2930 2256 3122 2328 καιρὸς
3160 2254 3254 2309 τοῦ
3290 2256 3426 2325 πρὸς
3453 2254 3556 2317 τὰς
3584 2253 3700 2307 ἀνω
3732 2249 4001 2321 γενέσθαι

2383 2350 2552 2423 μονὰς
2581 2350 2707 2415 τοὺς
2734 2350 2925 2418 ἁγίους
2958 2348 3296 2412 ἀποστόλους
3342 2349 3497 2403 οῠπω
3529 2341 4001 2413 λελειτουργηκό-

2372 2460 2473 2508 τας
2492 2460 2506 2474 ’
2528 2444 2777 2515 ἐτηρεῖτο
2796 2441 2905 2510 γὰρ
2927 2442 3168 2511 μάλιστα
3194 2441 3256 2496 τὸ
3282 2442 3377 2495 καὶ
3397 2440 3478 2505 είς
3503 2437 3663 2493 τοῦτο
3688 2432 4002 2506 παρελθεῖν

2373 2535 2573 2598 αὑτοὺς
2616 2531 2797 2604 καιρῷ
2848 2531 2927 2603 τῷ
2956 2531 3281 2601 καθήκοντι.
3316 2528 3717 2603 Ἐπιτηρητέον
3777 2542 3847 2595 γε
3896 2524 4000 2594 μὴν

689 2622 868 2675 ἐκεῖνο
902 2621 1090 2690 πάλιν,
1121 2624 1203 2678 ὅτι
1233 2626 1347 2688 τοῖς
1377 2624 1479 2697 μὲν
1514 2625 1788 2690 Ἰουδαίοις
1826 2625 2146 2697 προσλαλῶν
2185 2628 2280 2682 καὶ
2318 2628 2451 2683 αὑτὸ
2516 2624 2762 2697 δήτοῦτο
2789 2625 3072 2697 σημαίνων
3092 2625 3295 2691 ἔφασκε
3316 2638 3336 2656 ⁸
3362 2644 3382 2676 ε
3420 2620 3694 2694 Ζητήσετέ
3736 2636 3839 2691 με.
3910 2623 3999 2672 καὶ

685 2711 786 2782 οὐχ
811 2710 1076 2783 εὑρήσετέ
1101 2730 1203 2783 με·
1253 2732 1271 2765 ι
1302 2715 1416 2779 τοῖς
1439 2731 1502 2783 γε
1541 2715 1647 2786 μὴν
1685 2714 1879 2771 ἑαυτοῦ
1910 2715 2201 2787 μαθηταῖς,
2242 2718 2327 2783 τὸ,
2372 2736 2390 2769 ι
2418 2716 2695 2787 Ζητήσετέ
2732 2732 2823 2786 με,
2851 2735 2869 2767 ι
2910 2715 3073 2786 μόνον
3102 2717 3287 2785 φησὶν,
3318 2714 3609 2783 ἀποσιωπᾷ
3647 2713 3705 2765 δὲ
3751 2710 4000 2783 πρεπόνο

686 2818 795 2867 τως
819 2803 900 2868 τὸ,
932 2820 951 2855 ι
975 2803 1088 2875 Οὑχ
1115 2804 1399 2877 εὑρήσετε.
1424 2823 1442 2855 ι
1480 2806 1589 2858 Καὶ
1618 2805 1709 2859 διὰ
1736 2805 1898 2860 ποίαν
1936 2806 2116 2860 αἰτίαν
2147 2824 2163 2873 ;
2193 2806 2454 2879 Ἀρμόσει
2481 2806 2584 2878 μὲν
2626 2806 2736 2877 7&9
2780 2806 3013 2869 ἐκείνοις
3051 2805 3111 2859 τὸ
3149 2804 3224 2876 μὴ
3256 2805 3532 2876 εὑρίσκειν
3568 2804 3761 2869 αὑτὸν,
3806 2803 3906 2857 διά
3942 2820 3995 2855 τε

687 2897 787 2969 τὴν
819 2898 1059 2970 ἄμετρον
1085 2898 1365 2962 ἀπιστίαν,
1400 2899 1495 2951 καὶ
1528 2899 1626 2968 τῆς
1655 2898 1737 2961 είς
1768 2898 1930 2952 αὑτὸν
1998 2900 2321 2965 δυσσεϐείας
2389 2902 2489 2973 τὴν
2529 2900 2868 2973 ὑπερϐολήν
2904 2902 3017 2964 τοῖς
3043 2900 3101 2954 δὲ
3130 2901 3354 2971 γνήσιον
3405 2901 3486 2963 είς
3513 2899 3678 2952 αὑτὸν
3705 2899 3906 2968 ἔχουσι
3941 2902 4005 2952 τὸ

690 2988 968 3062 φρόνημα,
1008 2990 1102 3044 καὶ
1146 2990 1529 3060 ἀκαπήλευτον
1574 2988 1896 3045 ἀποσώσασι
1928 2991 2027 3063 τὴν
2064 2993 2369 3063 ἀγάπησιν,
2406 2995 2594 3050 οὑκέτι
2639 2994 2957 3067 πρεπόντως
3002 2992 3071 3048 ἂν
3118 2992 3329 3063 λέγοιτο
3366 2994 3470 3058 τὸ,
3514 3008 3539 3043 ι
3569 2991 3684 3061 Οὐχ
3720 2992 4003 3062 εὑρήσετὲ

694 3098 784 3153 με.
834 3099 854 3134 ι
891 3079 1067 3151 Συνῆν
1090 3081 1200 3151 γὰρ
1227 3081 1431 3146 αὐτοῖς,
1465 3082 1560 3134 καὶ
1590 3081 1848 3136 συνέσται
1876 3082 1966 3137 διὰ
1992 3086 2221 3149 παντός.

765 3170 905 3233 XIII,
934 3171 1023 3225 54.
1057 3168 1379 3224 Mandatum
1402 3186 1593 3225 novum
1622 3168 1691 3225 do
1746 3171 1909 3235 vobis,
1950 3182 2007 3227 ut
2032 3174 2277 3245 diligatis
2307 3182 2350 3240 C

695 3265 951 3329 invicem,
1009 3264 1148 3316 sicut
1180 3260 1349 3316 dilexi
1406 3278 1520 3326 vos,
1577 3270 1635 3314 ut
1698 3272 1748 3316 et
1801 3279 1889 3317 vos
1927 3263 2168 3335 diligatis
2200 3267 2278 3320 in-

695 3358 879 3412 vicem.

769 3446 941 3502 Recte
969 3460 1034 3501 ac
1066 3458 1197 3501 vere
1229 3441 1457 3499 divinus
1486 3442 1694 3501 Paulus
1756 3445 1957 3502 scribit
1986 3464 2001 3502 :
2045 3466 2064 3499 ι
2097 3447 2281 3516 Quare

696 3540 743 3596 si
767 3542 894 3611 quis
922 3539 975 3595 in
1004 3538 1226 3594 Christo
1258 3545 1365 3599 est,
1421 3551 1561 3592 nova
1591 3545 1849 3593 creatura
1898 3545 1985 3594 est
2018 3557 2033 3594 :
2076 3548 2265 3596 vetera

696 3632 1058 3695 transierunt,
1075 3646 1205 3687 ecce
1221 3628 1366 3684 facta
1389 3637 1518 3685 sunt
1533 3629 1719 3684 omnia
1745 3644 1887 3685 nova
1910 3630 2009 3687 ".i
2030 3631 2281 3688 Renovat

694 3727 843 3782 enim
889 3739 993 3781 nos
1045 3739 1110 3779 ac
1164 3722 1382 3794 reﬁngit
1414 3722 1829 3793 quodammodo
1875 3723 1943 3780 ad
1984 3725 2279 3781 novitatem

694 3820 839 3885 vitae,
870 3817 967 3874 sed
1000 3817 1205 3872 inviam
1238 3831 1339 3871 nec
1370 3816 1556 3870 tritam
1589 3815 1717 3871 aliis
1752 3822 2028 3887 quotquot
2065 3818 2121 3873 in
2163 3818 2283 3889 lege

692 3909 882 3965 vivere
937 3914 1160 3971 amant,
1213 3916 1270 3962 et
1318 3904 1582 3962 Mosaicis
1636 3908 1930 3979 praeceptis
1984 3908 2280 3965 inhaerere.

695 3998 845 4056 Nihil
874 3999 1078 4070 quippe
1105 3999 1192 4054 lex
1222 3997 1463 4067 perlicit,
1494 4005 1559 4051 ut
1614 3997 1886 4068 scriptum
1916 4006 2003 4055 est
2028 3999 2070 4030 "
2102 4015 2118 4065 ;
2172 3999 2287 4069 ple-

698 4092 990 4149 nissimam
1036 4096 1219 4145 autem
1262 4089 1484 4161 pietatis
1515 4089 1572 4144 in
1623 4089 1797 4147 Deum
1858 4104 2179 4147 mensuram
2228 4091 2285 4145 in

700 4182 1017 4240 Senatoris
1047 4182 1222 4239 nostri
1251 4180 1524 4238 mandatis
1548 4182 1738 4240 videre
1760 4193 1867 4241 est.
1888 4182 2108 4240 Idcirco
2136 4181 2287 4238 enim

698 4284 757 4331 et
783 4275 903 4345 ipse
935 4273 1005 4329 ad
1041 4288 1142 4329 nos
1170 4272 1373 4329 alicubi
1398 4275 1481 4329 sic
1511 4273 1619 4331 ait:
1661 4293 1680 4326 ι
1713 4276 1910 4339 Amen,
1955 4291 2116 4328 amen
2162 4273 2289 4326 dico

700 4365 881 4429 vobis.
908 4366 1015 4423 nisi
1046 4364 1411 4422 abundaverit
1458 4366 1676 4435 iustitia
1721 4375 1903 4422 vestra
1938 4367 2062 4437 plus
2125 4382 2287 4436 quam

702 4459 1029 4516 Scribarum
1087 4468 1139 4515 et
1166 4458 1601 4526 Pharisaeorum,
1634 4476 1746 4515 non
1800 4460 2086 4516 intrabitis
2116 4458 2170 4514 in
2205 4473 2291 4514 re-

2465 3174 2762 3243 Ἐντολὴν
2817 3172 3049 3241 καινὴν
3086 3171 3298 3238 δίδωμι
3346 3170 3521 3240 ὑμῖν,
3560 3170 3668 3223 ἵνα
3716 3170 4003 3238 ἀγαπᾶτε

2380 3266 2717 3333 ἀλλήλους,
2766 3265 2961 3330 καθὼς
3006 3263 3123 3335 ἐγὼ
3168 3264 3458 3333 ἠγάπησα
3507 3261 3686 3333 ὑμᾶς,
3728 3263 3841 3315 ἵνα
3897 3266 3991 3317 καὶ

2381 3358 2554 3429 ὑμεῖς
2583 3356 2853 3428 ἀγαπᾶτε
2879 3354 3214 3423 ἀλλήλους.

2424 3474 2427 3481 -
2450 3450 2650 3514 Καλῶς
2675 3465 2733 3503 τε
2757 3450 2854 3504 και
2881 3448 3104 3521 ἀληθῶς
3131 3450 3160 3503 ὁ
3181 3448 3471 3512 θεσπέσιος
3502 3447 3707 3519 γράφει
3723 3448 3985 3513 Παῦλος·

2388 3543 2581 3596 (Ὥστε
2597 3541 2734 3606 εἴτις
2749 3544 2808 3595 ὲν
2829 3539 3075 3613 Χριστῷ,
3095 3540 3259 3610 καινὴ
3287 3540 3467 3605 κτίσις
3488 3558 3503 3572 ο
3522 3540 3592 3594 τὰ
3610 3541 3829 3612 ἀρχαῖα
3854 3561 3993 3609 παρ-

2382 3634 2569 3704 ῆλθεν,
2591 3633 2700 3687 ίδοὺ
2730 3633 2922 3702 γέγονε
2946 3632 3021 3687 τὰ
3034 3632 3212 3687 πάντα
3237 3634 3459 3687 καινά.»
3482 3632 3857 3697 Ἀνακαινίζει
3885 3637 3991 3705 γὰρ

2382 3728 2553 3797 ἡμᾶς,
2582 3726 2677 3780 καὶ
2702 3725 3032 3779 ἀναπλάττει
3078 3725 3283 3797 τρόπον
3334 3725 3455 3779 τινὰ
3496 3724 3637 3796 πρὸς
3684 3725 3989 3797 καινότητα

2385 3815 2555 3886 ζωῆς,
2603 3814 2803 3886 ἀστιϐῆ
2848 3814 2907 3869 δὲ
2962 3814 3059 3869 κα)⁵
3114 3816 3228 3878 τοῖς
3274 3814 3457 3878 ἄλλοις
3504 3815 3566 3867 οὑ
3612 3816 3987 3886 τετριμμένην

2386 3908 2532 3970 ὅσοις
2560 3907 2622 3961 τὸ
2668 3908 2727 3961 ὲν
2774 3906 2926 3978 νόμῳ
2966 3907 3350 3961 πολιτεύεσθαι
3380 3907 3569 3976 φίλον,
3603 3907 3699 3961 καὶ
3733 3911 3862 3972 ταῖς
3903 3909 3985 3962 διὰ

2386 3997 2631 4060 Μωσέως
2689 3997 3078 4068 προσεδρεύειν
3131 3998 3395 4062 ἐντολαῖς.
3433 3998 3645 4051 Τελειοί
3682 4000 3784 4067 μὲν
3822 4000 3935 4069 γὰρ
3958 4003 3983 4052 ὁ

2387 4089 2552 4160 νόμος
2583 4089 2759 4156 οὐδὲν,
2795 4090 2937 4144 κατά
2966 4090 3028 4145 τὸ
3060 4090 3449 4163 γεγραμμένον
3470 4108 3485 4123 ·
3516 4090 3897 4162 πληρέστατον
3930 4093 3981 4144 ἂ

2388 4178 2489 4250 τῆς
2519 4180 2601 4243 είς
2631 4178 2765 4233 Θεὸν
2811 4180 3092 4245 εὐσεϐείας
3113 4181 3175 4235 τὸ
3202 4182 3400 4253 μέτρον
3428 4182 3487 4234 ἐν
3510 4183 3626 4245 τοῖς
3671 4180 3770 4234 τοῦ
3796 4182 3978 4250 Σωτῆ-

2394 4289 2484 4343 ρος
2514 4273 2548 4343 ἠ
2559 4270 2675 4342 μῶν
2703 4271 2913 4326 κατίδοι
2950 4290 3034 4336 τις
3070 4273 3136 4327 ἂν
3164 4272 3519 4343 διατάγμασι.
3553 4271 3654 4326 Διά
3687 4272 3797 4343 γὰρ
3827 4273 3983 4326 τοῦτο

2392 4364 2486 4418 καὶ
2523 4363 2687 4428 αὑτός
2733 4381 2838 4417 που
2888 4363 3025 4434 πρὸς
3053 4365 3201 4434 ἡμᾶς
3249 4357 3353 4417 ὦδὲ
3405 4366 3479 4435 πή
3509 4381 3709 4435 φησιν·
3743 4384 3762 4416 ι
3788 4365 3976 4436 Ἀμὴν,

2392 4452 2541 4524 ἀμὴν
2584 4452 2728 4521 λέγω
2760 4452 2911 4522 ὑμῖν,
2957 4451 3053 4506 ὲάν
3094 4452 3171 4525 μὴ
3222 4453 3559 4524 περισσεύσῃ
3592 4456 3625 4525 ἠ
3666 4453 3975 4524 δικαιοσύνη

700 4568 868 4624 gnum
897 4552 1060 4623 75o
1085 4553 1352 4608 caelorum
1377 4553 1442 4608 ⁸⁸.
1479 4573 1499 4605 ι
1538 4553 1659 4608 Νοη
1692 4552 1837 4608 enim
1874 4549 2081 4607 ludatis
2110 4566 2290 4604 mores

2394 4544 2549 4616 ὑμῶν
2576 4545 2758 4599 πλεῖον
2783 4544 2894 4598 τῶν
2922 4543 3302 4617 Γραμματέων
3328 4545 3422 4597 καὶ
3449 4547 3782 4617 Φαρισαίων,
3815 4547 3878 4599 οὑ
3907 4551 3975 4616 μὴ

703 4660 769 4700 ac
795 4646 938 4701 ritus
966 4662 1101 4702 suos
1128 4646 1460 4713 invidemus,
1504 4647 1617 4701 imo
1648 4645 1754 4701 nisi
1812 4644 2017 4715 oppido
2063 4644 2291 4715 legalem

696 4737 975 4808 justitiam
1030 4739 1410 4812 praetergressi
1463 4738 1779 4800 fuerimus,
1835 4750 2119 4807 nunquam
2175 4751 2293 4790 mea

702 4831 981 4886 sententia
1012 4830 1065 4885 in
1102 4847 1334 4903 regnum
1366 4829 1635 4885 caelorum
1669 4828 2070 4900 ingrediemur.
2106 4826 2294 4898 Neque

701 4929 886 4978 tamen
926 4938 1123 4977 vanam
1155 4937 1394 4994 prorsus
1425 4936 1490 4977 ac
1518 4921 1769 4976 inutilem
1799 4935 1925 4976 esse
1950 4920 2125 4991 legem
2174 4918 2293 4975 Mo-

707 5013 916 5068 saicam
969 5015 1315 5072 statuimus:
1354 5014 1578 5070 tametsi
1636 5013 1786 5067 enim
1858 5013 2064 5067 bonum
2131 5012 2292 5068 nobis

708 5103 918 5158 invexit
976 5105 1159 5159 minus
1229 5119 1365 5159 sane
1437 5102 1727 5174 perfecte,
1778 5112 2159 5157 verumtamen
2224 5101 2293 5156 ad

705 5197 1039 5268 evangelicae
1101 5197 1544 5253 conversationis
1601 5195 1957 5267 disciplinam
2027 5196 2292 5265 magistra

708 5288 873 5344 nobis
920 5288 1156 5351 exstitit,
1210 5295 1265 5342 et
1300 5303 1399 5355 per
1426 5289 1720 5361 aenigmata
1773 5304 1839 5343 ac
1890 5288 2098 5358 ﬁguras
2150 5303 2293 5344 verae

707 5378 929 5449 pietatis
962 5379 1232 5434 inducens
1286 5379 1608 5451 imaginem,
1639 5381 1847 5436 nostris
1882 5379 2293 5450 quodammodo

710 5469 991 5526 mentibus
1036 5470 1309 5526 doctrinas
1337 5469 1668 5527 Christianae
1700 5471 1951 5527 umbram
2000 5469 2297 5541 impressit.

710 5560 985 5627 Quocirca
1021 5568 1075 5616 et
1104 5563 1225 5633 ipse
1252 5562 1469 5618 aiebat:
1522 5579 1541 5615 ‹
1579 5563 1714 5619 Dico
1746 5564 1894 5620 enim
1949 5565 2129 5628 vobis.
2166 5564 2294 5634 quin

714 5650 900 5706 omnis
929 5651 1111 5706 scriba
1147 5652 1347 5709 doctus
1374 5653 1429 5709 in
1460 5669 1630 5726 regno
1659 5655 1931 5712 crelorum
1962 5655 2165 5711 similis
2206 5665 2292 5709 est

2394 4637 2675 4707 εἰσέλθητε
2715 4640 2797 4703 είς
2824 4638 2926 4710 τὴν
2960 4637 3241 4709 βασιλείαν
3271 4636 3379 4691 τῶν
3408 4638 3678 4709 οὐρανῶν.
3718 4658 3735 4690 i
3766 4641 3836 4691 Οὑ
3872 4640 3975 4709 γὰρ

2394 4734 2507 4794 τοίς
2548 4729 2816 4785 Ἰουδαίων
2861 4730 3222 4802 ἀμιλλώμεθα
3263 4730 3522 4802 τρόποις,
3552 4730 3668 4783 ἀλλ’
3702 4732 3749 4782 εί
3786 4732 3859 4801 μὴ
3887 4732 3975 4784 καὶ

2396 4826 2599 4895 σφόδρα
2648 4825 3109 4897 παραδράμοιμεν
3145 4825 3245 4893 τὴν
3301 4826 3360 4879 ὲν
3393 4825 3546 4894 νόμῳ
3593 4823 3975 4893 δικαιοσύνην,

2394 4918 2495 4970 οὑκ
2524 4916 2590 4971 ἂν
2620 4911 2775 4982 οἶμαί
2807 4932 2937 4969 ποτε
2976 4915 3112 4987 πρὸς
3145 4917 3243 4986 τὴν
3276 4918 3385 4968 τῶν
3410 4913 3658 4983 οὐρανῶν
3683 4914 3975 4966 εἰσελάσειν

2393 5007 2540 5076 ἡμᾶς
2572 5004 2871 5075 βασιλείαν.
2916 5007 3026 5058 Καὶ
3060 5006 3158 5074 οὑχ
3209 5006 3285 5067 ὡς
3317 5005 3590 5077 ἄχρηστον
3647 5005 3972 5074 παντελώςῆ

2391 5099 2651 5170 ἀνόνητον
2696 5099 2788 5151 τὸν
2830 5098 2917 5151 διὰ
2957 5099 3202 5161 Μωσέως
3236 5095 3378 5151 εἶναι
3416 5096 3764 5168 διοριζόμεθα
3789 5098 3968 5167 νόμον·

2392 5192 2742 5262 εἰσκεκόμικε
2770 5190 2878 5262 7&9
2902 5193 3058 5261 ἡμῖν,
3086 5192 3133 5243 εί
3173 5192 3269 5243 καὶ
3300 5190 3373 5260 μὴ
3410 5188 3657 5253 τελείως,
3684 5188 3747 5242 τὸ
3763 5190 3970 5256 ἀγαθὸν.

2391 5282 2505 5337 ἀλλ’
2536 5279 2629 5337 οὖν
2653 5300 2716 5351 γε
2748 5282 3098 5352 παιδαγωγὸς
3128 5283 3220 5335 ἐπὶ
3250 5282 3348 5353 τὴν
3371 5284 3468 5353 τῆς
3500 5281 3860 5350 εὑαγγελικῆς
3891 5299 3972 5333 πο.

2400 5376 2605 5440 λιτείας
2647 5377 2964 5448 εὑρίσκεται
3017 5376 3274 5447 μάθησιν,
3308 5378 3401 5430 καὶ
3438 5376 3505 5431 δι’
3535 5376 3864 5445 αἰνιγμάτων
3887 5376 3971 5425 καὶ

2408 5468 2596 5524 τύπων
2622 5471 2807 5524 εἰκόνα
2841 5474 2939 5542 τῆς
2970 5470 3204 5542 ἀληθοῦς
3251 5470 3538 5534 εὐσεϐείας
3574 5468 3857 5539 εἰσφέρων,
3888 5469 3967 5519 ἐν·

2404 5561 2638 5633 εχάραξέ
2686 5581 2804 5627 πως
2853 5567 2973 5629 ταῖς
3001 5564 3300 5635 ἡμετέραις
3325 5563 3587 5627 διανοίαις
3613 5561 3712 5631 τῆς
3737 5559 3822 5614 διὰ
3844 5560 3967 5629 Χρι-

2402 5653 2529 5707 στοῦ
2579 5655 2917 5721 παιδεύσεως
2960 5654 3059 5726 τὴν
3101 5656 3279 5710 σκιάν.
3326 5656 3425 5709 Διά
3462 5655 3573 5727 γάρ
3604 5651 3859 5709 τοιτοῢτο
3883 5654 3968 5705 καί

789 5827 831 5859 ⁸⁸
868 5826 909 5885 ΙΙ
945 5830 1073 5886 Cor.
1108 5848 1161 5891 ν.
1205 5831 1289 5889 17.
1373 5835 1412 5866 ⁸⁷
1455 5832 1618 5891 Hebr.
1660 5850 1765 5902 vn,
1808 5834 1873 5891 l9
1980 5834 2023 5867 “
2066 5833 2255 5893 Matth.
2298 5851 2347 5899 v,
2386 5835 2475 5889 20.
