4144 6476
160 374 259 432 161

1217 360 1283 416 IN
1320 355 1608 415 JOANMS
1641 350 2089 410 EVANGELIUM
2132 354 2257 408 LIB.
2292 352 2379 408 IX.

3329 352 3436 408 {6‘3

156 488 402 561 ιφασκεν
429 482 588 547 αὐτός
610 497 624 513 ο
666 498 684 533 t
718 479 876 549 Λέγω
899 477 1009 549 γὰρ
1043 480 1193 549 ὑμῖν,
1227 478 1310 530 ὅτι
1339 477 1449 539 πᾶς
1478 474 1745 546 Γραμμα-

1875 467 2063 524 nomini
2094 468 2273 534 diviti,
2297 470 2393 540 qui
2425 467 2637 540 profert
2683 465 2751 522 de
2775 466 3042 522 thesauro
3071 480 3179 522 suo
3206 481 3343 522 nova
3381 477 3441 524 et

160 586 293 649 τεὺς
343 577 701 655 μαθητευθεὶς
736 578 803 648 τῇ
840 574 1093 647 βασιλείᾳ
1140 573 1248 628 τῶν
1272 569 1542 644 οὐρανῶν,
1567 567 1751 639 ὅμοιός

169 678 314 729 ἐστιν
342 670 621 743 ἀνθρώπῳ
654 667 917 738 πλουσίῳ,
956 667 1108 729 ὅστις
1153 663 1408 718 ὲκῦἀλλει
1444 663 1511 715 ὲκ
1537 658 1630 713 τοῦ
1656 658 1755 729 θη-

172 764 369 837 σαυροῦ
397 762 564 817 αὐτοῦ
602 762 766 815 καινά
795 761 888 814 καὶ
929 758 1157 813 παλαιά.
1200 777 1220 810 ι
1253 757 1488 820 Πλοῦτος
1519 756 1617 827 μὲν
1645 754 1755 824 γάρ

170 859 338 918 ὅντως
382 853 754 925 πνευματικός
794 869 854 905 τε
884 853 980 921 καὶ
1011 852 1134 906 λίαν
1172 851 1229 904 ὲν
1260 852 1375 913 τοῖς
1403 847 1492 901 διὰ
1511 848 1755 911 Μωσέως

167 945 451 1017 τετρίφθαι
482 946 685 1014 λόγοις,
718 946 814 998 καὶ
846 944 944 1015 τὴν
972 944 1033 1009 ἐξ
1079 942 1263 997 αὐτῶν
1298 942 1566 1011 ὠφέλειαν
1591 940 1756 1009 τεθηο

168 1038 542 1109 σαυρισμένην
582 1037 724 1108 ἔχειν
780 1037 989 1109 διανοίᾳ
1013 1036 1104 1089 τὸν
1129 1034 1440 1107 ἄνθρωπον,
1466 1034 1758 1105 προσειλη-

166 1132 306 1200 φότα
340 1149 403 1199 γε
442 1131 548 1202 μὴν
606 1130 703 1184 καὶ
742 1130 804 1182 τὸ
856 1129 958 1199 τῆς
1018 1128 1381 1198 εύαγγελικῆς
1423 1126 1758 1188 παιδεύσεως

166 1221 362 1285 κάλλος
390 1262 405 1286 ,
441 1220 833 1294 ἐναϐρύνεσθαι
882 1219 1119 1286 διπλῶς,
1148 1222 1214 1290 τῇ
1259 1235 1317 1273 τε
1355 1218 1465 1273 τῶν
1514 1217 1759 1290 ἀρχαίων

165 1313 260 1365 καὶ
296 1312 409 1368 τῶν
452 1313 589 1365 νέων
638 1312 901 1382 ὲνειδήσει
931 1312 1131 1382 νόμων.
1168 1311 1394 1374 Δεικνὺς
1414 1309 1703 1383 τοιγαροῦν
1731 1310 1760 1362 6

165 1402 375 1475 Κύριος
417 1405 577 1476 ἡμῶν
638 1404 843 1475 Ἰησοῦς
887 1406 915 1457 6
958 1402 1232 1474 Χριστὸς,
1260 1404 1343 1455 ὅτι
1385 1404 1485 1473 τῆς
1525 1400 1760 1472 ἀρχαίας

164 1499 412 1570 ἀμείνων
439 1499 661 1569 ἐντολῆς
686 1501 719 1570 ἡ
752 1499 880 1567 παρ’
903 1496 1095 1560 αὐτοῦ,
1135 1497 1230 1550 καὶ
1257 1496 1339 1549 ὃτι
1362 1498 1477 1559 τοῖς
1511 1496 1570 1548 ὲν
1611 1495 1761 1567 νόμῳ

168 1591 614 1663 πολιτευομένοις
639 1590 861 1662 ἀτριὸές
902 1607 1019 1652 πως
1060 1585 1128 1659 ἦν
1158 1588 1235 1641 ἔτι
1265 1587 1328 1641 τὸ
1368 1589 1636 1660 σωτήριον
1664 1590 1764 1659 κήο

168 1702 364 1756 ρυγμα
387 1726 401 1750 ,
431 1683 641 1756 μέλλων
682 1682 996 1737 ἀναϐαίνειν
1051 1684 1132 1747 είς
1182 1682 1481 1752 οὐρανοὺς,
1513 1680 1762 1753 θεμέλιόν

166 1793 289 1831 τινα
316 1775 512 1848 ὥσπερ
535 1776 629 1830 καὶ
650 1774 889 1846 κρηπῖδα
912 1775 1113 1838 παντὸς
1138 1773 1345 1844 ἀγαθοῦ
1372 1773 1465 1828 τὸν
1490 1773 1592 1843 τῆς
1623 1774 1762 1842 ἀγάο

168 1884 279 1937 πης
307 1867 821 1940 προκαταὸἀλλεται
849 1866 1034 1937 νόμον,
1057 1867 1280 1937 ἀγάπης
1298 1867 1377 1933 δὲ,
1403 1867 1464 1921 ού
1486 1866 1587 1938 τῆς
1619 1865 1762 1920 κατά

166 1960 354 2031 νόμον,
372 1959 508 2014 ἀλλά
534 1960 634 2031 τῆς
667 1958 808 2030 ὑπὲρ
832 1960 1015 2032 νόμον.
1046 1959 1147 2014 Διά
1170 1958 1330 2013 τοῦτό
1352 1976 1518 2030 φησιν
1544 1977 1559 1992 ο
1582 1977 1603 2012 ι
1647 1961 1764 2013 'Ev-

168 2050 330 2125 τολὴν
360 2042 557 2122 καινὴν
594 2051 786 2123 δίδωμι
819 2053 970 2124 ὑμῖν,
1005 2054 1089 2107 ἵνα
1121 2054 1373 2122 ἀγαπᾶτε
1420 2052 1705 2126 ἀλλήλους.
1738 2072 1759 2105 ι

170 2140 307 2202 Εἶτα
340 2144 480 2210 πῶς,
512 2146 635 2199 εἰπέ
661 2162 773 2217 μοι,
802 2148 1027 2217 φήσειεν
1053 2148 1118 2202 ἀν
1145 2164 1229 2211 τις
1249 2146 1434 2218 τυχὸν,
1462 2141 1602 2202 εἶναι
1629 2145 1765 2200 ταύη

167 2248 271 2301 την
319 2231 420 2303 τήν
458 2233 678 2305 ἐντολὴν
712 2234 906 2305 καινὴν
939 2236 1159 2305 εἴρηκεν
1198 2235 1229 2287 6
1265 2235 1353 2291 διά
1382 2236 1627 2301 Μωσέως
1652 2240 1765 2301 τοῖς

164 2324 551 2396 ἀρχαιοτέροις
589 2322 758 2379 είπὼν
785 2342 798 2355 ·
845 2344 864 2376 ι
908 2327 1241 2397 Ἀγαπήσεις
1264 2326 1472 2397 Κύριον
1511 2328 1601 2381 τὸν
1634 2327 1766 2381 Θεόν

168 2433 287 2480 σου,
337 2414 403 2480 ἐξ
430 2415 558 2486 ὅλης
597 2416 697 2486 τῆς
726 2416 955 2486 καρδίας
989 2433 1108 2484 σου,
1152 2418 1247 2472 καὶ
1269 2417 1331 2483 ἐξ
1379 2419 1507 2490 ὅλης
1539 2420 1638 2488 τῆς
1653 2420 1768 2472 δια-

169 2508 326 2571 νοίας
378 2524 471 2561 σου
495 2548 511 2573 ,
542 2509 638 2563 καὶ
669 2511 759 2563 τὸν
786 2510 1013 2581 πλησίον
1054 2526 1169 2571 σου,
1217 2510 1293 2573 ὡς
1324 2510 1517 2563 ἑαυτόν
1544 2527 1559 2574 ;
1598 2529 1617 2562 ι
1638 2510 1769 2563 Ἰδοὺ

172 2598 307 2665 γὰρ,
342 2598 451 2661 ἰδοὺ
480 2598 756 2669 προτάξας
782 2598 892 2653 τῶν
925 2598 1104 2654 ἀλλων
1139 2600 1234 2653 καὶ
1267 2598 1661 2671 προτεθεικὼς,
1694 2599 1771 2662 ὼς

174 2687 343 2750 εἰκὸς,
364 2686 462 2757 τὴν
486 2691 564 2750 είς
583 2687 716 2740 θεὸν
731 2688 1015 2758 ἀγάπησιν
1031 2730 1046 2752 ,
1065 2691 1529 2761 παρεισκεκόμικε
1554 2690 1770 2758 γείτονα

176 2778 274 2846 τὴν
303 2776 386 2838 είς
413 2775 700 2846 ἀλλήλους,
730 2777 823 2828 καὶ⁸
843 2774 1150 2845 παρέζευξε
1176 2792 1290 2839 πως
1310 2779 1378 2847 τῇ
1406 2778 1487 2840 είς
1509 2777 1641 2830 Θεὸν
1669 2775 1769 2848 τὴν

180 2871 257 2931 εἰς
286 2869 434 2939 ἡμᾶς
465 2869 685 2931 αὐτοὺς,
721 2869 797 2931 ὡς
836 2868 936 2921 ούκ
971 2868 1036 2921 ἂν
1081 2868 1287 2940 ἑτέρως
1313 2868 1547 2940 ἐχούσης
1570 2869 1767 2938 ὀρθῶς,

181 2956 299 3010 οὐδὲ
325 2958 423 3027 τῆς
469 2958 549 3020 είς
582 2956 715 3009 Θεὸν
757 2956 980 3028 ἀγάπης
1005 2996 1019 3022 ,
1051 2958 1101 3010 εί
1158 2958 1232 3029 μὴ
1269 2957 1568 3037 παρέποιτο
1595 2957 1768 3030 ταύτῃ

186 3048 277 3102 καὶ
305 3050 337 3119 ἡ
388 3046 468 3119 τῷ
518 3048 690 3110 πέλας
725 3049 1170 3121 χρεωστουμένη.
1205 3050 1413 3114 Πάντες
1443 3051 1551 3121 γάρ
1600 3051 1770 3121 ἐσμεν

1857 569 2042 615 vetera
2060 561 2159 613 ¹⁹.›
2181 559 2439 631 ingentes
2465 560 2665 631 quippe
2696 558 2901 614 divitiae
2926 565 3056 614 sunt
3074 573 3138 613 ac
3160 560 3443 629 spiritales

1855 668 1980 707 eum
2014 652 2069 707 in
2100 653 2324 723 scriptis
2357 652 2616 709 Mosaicis
2641 651 2888 722 apprime
2910 660 3189 707 versatum
3212 665 3359 716 esse,
3383 659 3439 705 et

1855 746 2221 817 quodcunque
2238 746 2494 802 utilitatis
2510 761 2573 802 ex
2595 746 2663 801 iis
2693 746 2911 816 capitur
2937 744 3098 814 quasi
3118 745 3438 798 thesaurum

1855 839 1911 893 in
1936 837 2122 892 animo
2155 835 2503 892 reconditum
2534 836 2755 901 habere,
2791 846 2905 888 tum
2936 833 3270 904 evangelica:
3320 831 3426 885 do-

1857 931 2049 986 ctrinae
2110 928 2527 1000 pulchritudine
2581 928 2768 981 animo
2810 933 3094 995 suscepta,
3148 923 3449 993 dupliciter.

1859 1024 2251 1087 inclarescere,
2293 1029 2540 1077 veterum
2575 1034 2779 1089 nempe
2802 1033 2866 1074 ac
2929 1032 3201 1071 novarum
3261 1015 3451 1085 legum.

1860 1115 2202 1188 cognitione.
2233 1112 2547 1168 Ostendens
2575 1112 2764 1181 itaque
2789 1108 3054 1164 Dominus
3076 1115 3265 1162 noster
3284 1104 3450 1161 Jesus

1860 1209 2118 1265 Christus
2150 1206 2471 1267 mandatum
2520 1218 2684 1258 suum
2737 1201 2908 1256 veteri
2945 1209 3229 1270 praestare,
3283 1207 3336 1253 et
3388 1197 3445 1252 in

1864 1302 1983 1372 lege
2030 1300 2345 1357 viventibus
2403 1302 2700 1355 salutarem
2762 1294 3210 1365 praedicationem
3265 1292 3449 1346 adhuc

1863 1396 2212 1451 inaccessam
2248 1403 2303 1450 et
2335 1392 2539 1447 inviam
2586 1404 2731 1455 esse,
2767 1403 3108 1444 ascensurus
3140 1388 3193 1440 in
3223 1386 3445 1450 cadum,

1866 1488 2284 1542 fundamentum
2325 1483 2495 1538 veluti
2539 1479 2817 1550 quoddam
2849 1478 3033 1533 omnis
3066 1475 3220 1537 boni,
3261 1473 3449 1529 chari-

1865 1580 1993 1635 tatis
2022 1579 2199 1648 legem
2224 1576 2529 1649 praemittit,
2549 1571 2858 1639 charitatis,
2880 1571 3131 1642 inquam,
3160 1584 3268 1624 non
3300 1569 3450 1639 lega-

1865 1671 1955 1736 lis,
1989 1671 2085 1727 sed
2111 1684 2237 1740 quae
2259 1683 2427 1740 supra
2459 1671 2631 1738 legem
2678 1666 2771 1722 sit.
2810 1664 3025 1719 Idcirco
3057 1663 3171 1717 ait:
3209 1679 3228 1713 ι
3290 1659 3449 1714 Man-

1868 1765 2056 1820 datum
2104 1778 2308 1819 novum
2346 1762 2419 1817 do
2443 1760 2622 1825 vobis,
2658 1765 2718 1813 ut
2750 1757 2995 1829 diligatis
3030 1755 3287 1809 invicem.
3325 1772 3344 1807 ι
3380 1754 3451 1806 At

1865 1857 2165 1929 quomodo,
2199 1869 2407 1927 quaeso,
2436 1853 2582 1907 dicet
2616 1849 2807 1906 forsan
2849 1848 3075 1919 aliquis,
3107 1847 3211 1902 hoc
3245 1859 3449 1900 novum

1868 1947 2196 2004 mandatum
2239 1960 2364 2001 esse
2418 1943 2579 2009 dixit,
2630 1941 2725 2012 qui
2772 1954 2872 2011 per
2926 1937 3115 1995 Mosen
3173 1935 3451 1993 veteribus

1865 2039 2169 2113 praecepit:
2211 2056 2229 2089 ι
2266 2036 2476 2108 Diliges
2505 2034 2803 2090 Dominum
2835 2030 3011 2087 Deum
3045 2037 3202 2085 tuum
3238 2045 3303 2085 ex
3336 2035 3453 2083 toto

1864 2133 2033 2189 corde
2086 2140 2203 2194 tuo,
2237 2139 2293 2185 et
2340 2143 2407 2185 ex
2446 2135 2561 2182 tota
2617 2132 2802 2182 mente
2854 2130 2986 2187 tua,
3022 2129 3080 2179 et
3134 2121 3453 2191 proximum

1867 2233 2045 2292 tuum,
2080 2224 2226 2281 sicut
2252 2221 2490 2294 teipsum
2511 2220 2557 2252 ὀ
2581 2219 2604 2272 ?
2634 2238 2654 2271 ι
2681 2216 2823 2271 Ecce
2848 2215 2997 2271 enim
3026 2213 3302 2267 charitate
3324 2224 3455 2282 erga

1868 2318 2037 2375 Deum
2057 2320 2240 2390 primo
2256 2317 2379 2371 loco
2400 2314 2604 2387 posita,
2633 2318 2880 2366 mutuam
2904 2309 3288 2375 aliorumerga
3311 2304 3451 2360 alios

1869 2412 2222 2467 dilectionem
2246 2407 2566 2470 subintulit,
2589 2406 2933 2472 alteramque
2952 2398 3108 2454 alteri
3141 2395 3453 2466 conjunxit,

1868 2501 2029 2572 quasi
2063 2501 2199 2556 alias
2223 2510 2375 2555 recte
2405 2513 2465 2555 se
2520 2496 2724 2551 habere
2773 2498 3015 2564 nequeat
3040 2490 3267 2544 dilectio
3325 2501 3458 2558 erga

1874 2593 2064 2659 Deum,
2107 2591 2215 2647 nisi
2246 2591 2387 2646 hanc
2435 2589 2875 2658 subsequeretur
2920 2598 2985 2639 ea
3027 2597 3151 2652 qua:
3206 2578 3461 2650 proximo

1871 2684 2124 2740 debetur.
2156 2682 2362 2738 Omnes
2396 2682 2543 2736 enim
2567 2678 2804 2733 invicem
2837 2674 3042 2729 fratres
3064 2688 3277 2727 sumus.
3305 2669 3471 2726 Unde.

1871 2774 2313 2845 sapientissimus
2338 2771 2605 2833 Joannes,
2639 2768 2736 2838 qui
2772 2776 2827 2821 et
2861 2766 2916 2820 id
2948 2765 3158 2834 optime
3184 2768 3367 2826 norat,
3405 2767 3463 2817 et

1870 2875 2104 2920 caeteros
2153 2864 2465 2926 edocebat,
2524 2879 2546 2912 ι
2592 2860 2696 2926 Qui
2736 2858 2939 2927 diligit,
2994 2854 3196 2924 inquit,
3232 2854 3460 2908 fratrem

1872 2972 2057 3019 suum,
2088 2962 2143 3009 et
2175 2953 2346 3009 Deum
2379 2951 2561 3022 diligit
2582 2952 2653 3002 “.
2692 2968 2710 3000 ι
2743 2945 3033 3010 Quomodo
3056 2946 3224 3013 igitur
3258 2957 3462 2997 novum

1871 3055 1954 3103 est
1976 3045 2110 3101 illud
2128 3044 2451 3099 mandatum
2472 3054 2568 3110 per
2580 3038 2888 3100 Christum,
2901 3034 3049 3105 quod
3072 3042 3165 3089 est
3180 3033 3462 3089 veteribus

190 3138 426 3207 ἀλλήλων
481 3139 722 3207 ἀδελφοί.
759 3141 870 3194 Καὶ
904 3139 1034 3208 γοῦν
1085 3142 1113 3193 6
1145 3138 1459 3210 σοφώτατος
1493 3139 1767 3209 Ἰωάννης,

1875 3137 2090 3207 legibus
2112 3131 2519 3189 constitutum?
2538 3128 2645 3185 Sea
2669 3128 2816 3193 vide,
2838 3141 3046 3196 quaeso,
3061 3140 3170 3196 qua
3209 3124 3469 3180 cautione

194 3229 449 3285 κάλλιστά
469 3247 526 3285 τε
557 3228 735 3295 εἰδὼς,
748 3229 842 3282 καὶ
858 3228 1127 3282 διδάσκων
1146 3228 1419 3298 ὲτέρους,‹
1441 3227 1499 3282 Ὀ
1516 3227 1769 3297 ἀγαπῶν,

197 3324 357 3391 φησὶ,
385 3323 475 3375 τὸν
510 3322 737 3391 ἀδελφὸν
771 3319 961 3383 αὐτοῦ,
993 3321 1083 3373 τὸν
1105 3319 1237 3372 Θεὸν
1258 3320 1503 3390 ἀγαπᾷ.»
1523 3320 1649 3383 ne;
1679 3315 1773 3374 οὖν

194 3416 372 3487 ἐντολὴ
394 3416 557 3487 καινὴ
584 3416 672 3469 διά
705 3413 963 3485 Χριστοῦ,
979 3413 1160 3467 καίτοι
1180 3414 1293 3476 τοῖς
1315 3412 1563 3477 παλαιοῖς
1588 3413 1776 3483 νόμοις

193 3506 619 3577 διηγορευμένη;
649 3503 790 3559 Ἀλλ’
810 3505 912 3576 δρα
942 3520 1033 3576 μοι
1085 3501 1185 3574 τὴν
1213 3501 1515 3572 ἀσφάλειαν
1537 3543 1559 3567 ,ρ
1610 3502 1775 3574 βλέπε

192 3598 287 3670 τὴν
309 3600 629 3671 ὲπαγωγήν.
655 3597 729 3653 Oti
759 3596 870 3669 γάρ
887 3595 1128 3667 ἠρκέσθη
1160 3594 1238 3667 τῷ
1263 3597 1464 3650 εἰπεῖν’
1484 3614 1505 3649 ι
1528 3595 1777 3666 Ἐντολὴν

194 3695 381 3767 καινήν
434 3694 633 3767 δίδωμι
664 3694 816 3765 ὑμῖν,
863 3693 950 3747 ἵνα
994 3692 1246 3761 ἀγαπᾶτε
1272 3689 1557 3762 ἀλλήλους,
1584 3710 1602 3741 ι
1640 3686 1779 3743 ἀλλὰ

192 3786 284 3843 τοῦ
313 3788 471 3857 λόγου
505 3786 604 3859 τὴν
650 3785 951 3855 καινότητα
994 3783 1246 3846 δεικνὺς,
1289 3782 1385 3836 καὶ
1412 3780 1513 3851 τῆς
1546 3779 1780 3851 ἀρχαίας

194 3881 407 3951 ἐκείνης
432 3881 790 3952 ἀγαπήσεως,
821 3878 923 3949 τῆς
953 3877 1033 3941 είς
1067 3874 1331 3947 ἀλλήλους
1358 3875 1531 3946 φημί,
1562 3874 1697 3928 πολύ
1722 3890 1780 3928 τι

194 3972 254 4026 τὸ
281 3972 461 4045 μεῖζον
499 3972 732 4044 ἔχουσαν
760 3971 862 4043 τὴν
897 3968 1116 4035 ἑαυτοῦ,
1146 3968 1538 4041 προστέθεικεν
1578 3966 1740 4032 εὐθύς
1762 3984 1778 4001 ο

203 4082 221 4117 ι
248 4064 442 4129 Καθὼς
476 4063 592 4134 ἐγὼ
618 4064 886 4135 ἠγάπησα
916 4062 1082 4134 ὑμᾶς,
1108 4060 1197 4115 ἵνα
1223 4060 1316 4115 καὶ
1344 4061 1504 4131 ὑμεῖς
1527 4060 1783 4130 ἀγαπᾶτε

196 4158 477 4231 ἀλλήλους.
518 4178 537 4208 ι
594 4155 946 4230 Ἐρευνητέον
976 4153 1268 4226 τοιγαροῦν
1304 4152 1446 4224 ὑπὲρ
1476 4153 1573 4207 τοῦ
1606 4152 1783 4209 συνιές

197 4269 279 4306 ναι
312 4251 508 4319 σαφῶς
541 4248 652 4303 τῶν
698 4247 1009 4320 εἰρημένων
1045 4245 1143 4317 τὴν
1189 4244 1445 4314 δύναμιν,
1490 4243 1610 4308 πῶς
1638 4244 1781 4315 ἠγά-

198 4362 365 4416 πησεν
416 4346 571 4417 ἡμᾶς
616 4344 645 4397 6
688 4340 948 4414 Χριστός.
1004 4339 1141 4393 Τότε
1172 4339 1303 4411 γὰρ,
1346 4339 1489 4403 τότε,
1526 4336 1621 4392 καὶ
1662 4336 1784 4392 λίαν

199 4437 430 4502 εὐκόλως
456 4434 952 4507 ἰπαριθμήσαιμεν
998 4432 1065 4487 ἀν
1106 4432 1167 4486 τὸ
1213 4431 1399 4486 καινὸν
1433 4431 1528 4485 καὶ¹
1576 4430 1786 4502 παρηλ-

1879 3245 2014 3285 usus
2029 3228 2251 3292 sit,vide
2264 3224 2398 3297 quid
2410 3223 2693 3293 subjiciat.
2709 3219 2829 3275 Non
2844 3227 3144 3274 contentus
3157 3227 3243 3272 est
3256 3216 3459 3272 dicere:

1882 3338 1903 3371 ι
1927 3318 2240 3374 Mandatum
2261 3330 2463 3371 novum
2481 3314 2552 3369 do
2568 3312 2750 3376 vobis,
2786 3317 2848 3365 ut
2865 3309 3111 3380 diligatis
3137 3307 3370 3362 invicem
3391 3321 3407 3372 ;
3438 3322 3463 3357 ι

1880 3412 1975 3468 sed
2014 3411 2310 3466 novitatem
2341 3407 2501 3479 751
2528 3404 2807 3463 sermonis
2833 3400 3169 3465 ostendens,
3198 3412 3473 3468 suamque

1879 3502 2227 3559 dilectionem
2289 3498 2499 3570 aliquid
2534 3498 2717 3568 majus
2773 3511 2839 3551 ac
2881 3493 3203 3565 prteclarius
3258 3491 3467 3546 habere

1880 3612 2044 3668 quam
2075 3603 2236 3650 vetus
2282 3594 2377 3648 illa
2432 3592 2486 3646 in
2541 3590 2825 3663 proximos
2870 3588 3128 3647 dilectio,
3180 3583 3468 3654 subiunxit

1880 3688 2096 3744 statim:
2125 3704 2144 3738 ι
2173 3685 2328 3739 Sicut
2348 3698 2450 3753 ego
2466 3681 2635 3736 dilexi
2652 3696 2770 3744 vos,
2791 3689 2848 3733 ut
2866 3687 2922 3733 et
2946 3693 3044 3733 vos
3067 3676 3307 3746 diligatis
3327 3676 3468 3729 invi-

1881 3796 2025 3836 cem.
2065 3799 2085 3831 ι
2120 3775 2542 3847 investigandas
2578 3772 2766 3841 itaque
2796 3771 2996 3825 horum
3019 3767 3315 3824 verborum
3340 3780 3468 3820 sen-

1882 3891 2000 3939 sus,
2041 3870 2511 3944 quterendumque
2534 3866 2814 3938 quomodo
2838 3877 2942 3917 nos
2970 3861 3230 3916 Christus
3255 3858 3469 3915 dilexe-

1882 3967 1975 4022 rit.
2008 3962 2166 4019 Tunc
2194 3962 2366 4025 enim,
2401 3967 2537 4014 tunc
2563 3957 2697 4028 quid
2733 3953 3003 4010 novitatis
3029 3967 3094 4007 ac
3126 3950 3469 4008 discriminis

1882 4060 1958 4116 sit
1987 4059 2042 4113 in
2069 4072 2137 4113 eo
2159 4054 2311 4127 quod
2342 4067 2492 4108 nunc
2515 4051 2682 4106 datur
2720 4048 2980 4103 mandato
3010 4046 3172 4100 facile
3212 4057 3468 4099 recense-

1882 4151 2089 4208 bimus.
2138 4147 2314 4219 lgitur
2370 4164 2390 4199 ι
2424 4146 2483 4201 ἱιι
2515 4143 2693 4199 forma
2734 4140 2831 4196 Dci
2862 4155 2991 4194 cum
3027 4145 3198 4205 esset,
3233 4151 3343 4192 non
3381 4151 3471 4189 ra-

1884 4244 2069 4314 pinam
2116 4239 2422 4294 arbitratus
2464 4245 2549 4291 est
2587 4247 2713 4289 esse
2778 4246 2838 4287 se
2884 4229 3150 4299 aequalem
3190 4225 3327 4290 Deo,
3374 4224 3470 4281 sed

1885 4332 2241 4404 semetipsum
2265 4327 2593 4389 exinanivit,
2621 4324 2855 4379 fortnam
2884 4320 3031 4377 servi
3064 4318 3370 4388 accipiens,
3414 4316 3471 4370 in

1888 4426 2306 4485 similitudinem
2340 4421 2626 4478 hominum
2655 4417 2857 4482 factus,
2890 4423 2947 4471 et
2984 4412 3174 4468 habitu
3215 4412 3472 4465 inventus

198 4528 463 4599 λαγμένον
530 4528 631 4599 τῆς
664 4526 783 4582 νυνὶ
833 4524 1085 4596 δοθείσης
1118 4523 1357 4594 ἐντολῆς.
1393 4522 1604 4577 Οὐκοῦν
1660 4541 1679 4575 ι
1723 4524 1773 4576 ὲν

1896 4531 1957 4578 ιιι
2000 4521 2191 4576 homo.
2224 4512 2546 4570 liumiliavit
2581 4509 2942 4580 semetipsum
2976 4506 3160 4561 factus
3206 4502 3474 4559 obediens

206 4626 380 4692 μορφῇ
415 4620 554 4676 Θεοῦ
594 4620 893 4691 ὑπάρχων,
953 4618 1052 4688 οὐχ
1098 4614 1397 4687 ἁρπαγμὸν
1439 4615 1687 4686 ἡγήσατο
1725 4612 1788 4668 τὸ

208 4704 341 4763 εἶναι
386 4711 476 4763 ἴσα
510 4708 635 4779 Θεῷ
659 4748 673 4771 ,
708 4708 822 4762 ἀλλ’
857 4705 1050 4762 ἑαυτὸν
1079 4705 1314 4758 ὲκένωσε
1348 4703 1536 4758 δούλου
1570 4704 1794 4776 μορφὴν

207 4797 402 4868 λαϐὼν,
435 4803 494 4854 ὲν
514 4798 826 4872 ὁμοιώματι
854 4796 1162 4868 ἀνθρώπων
1190 4794 1508 4865 γενόμενος,
1543 4796 1639 4849 καὶ
1658 4796 1792 4866 σχήιι

213 4908 337 4962 ματι
380 4893 632 4967 εὑρεθεὶς
679 4893 756 4957 ὼς
810 4890 1135 4962 ἄνθρωπος,
1187 4888 1553 4944 ἐταπείνωσεν
1598 4887 1797 4941 ἑαυτὸν.

211 4985 495 5056 γενόμενος
520 4985 764 5056 ὑπήκοος
795 4983 957 5055 μέχρι
984 4981 1242 5045 θανάτου,
1276 4979 1511 5035 θανάτου
1541 4979 1598 5033 δὲ
1628 4997 1794 5034 σταυ-

218 5074 324 5146 poi}.
358 5095 377 5128 ι
442 5077 606 5131 Ἀλλά
655 5078 751 5130 καὶ
802 5074 1057 5137 πλούσιος
1108 5072 1185 5126 ὣν
1239 5071 1591 5142 ὲπτώχευσε,
1652 5072 1796 5127 καθά

218 5168 375 5222 πάλιν
396 5172 425 5224 6
452 5168 668 5233 Παῦλος
689 5170 819 5240 ήμῖν
846 5166 1276 5238 διεμαρτύρατο.
1326 5163 1490 5237 Ὁρᾷς
1517 5165 1578 5219 τὸ
1607 5166 1795 5221 καινὸν

222 5259 311 5330 τῆς
347 5263 426 5325 είς
468 5262 617 5333 ήμᾶς
649 5261 1021 5331 ἀγαπήσεως;
1070 5258 1131 5311 '0
1164 5257 1265 5329 μὲν
1300 5256 1410 5329 γὰρ
1451 5256 1616 5328 νόμος
1658 5259 1797 5327 ἀγα-

218 5353 382 5422 πῆσαι
419 5354 531 5407 δεῖν
577 5354 670 5407 τὸν
708 5353 938 5421 ἀδελφὺν
968 5351 1255 5405 ἐκέλευσεν
1293 5350 1367 5413 ὼς
1412 5351 1604 5403 ἑαυτόν
1630 5366 1642 5379 ·
1676 5354 1705 5404 6
1734 5351 1793 5404 δὲ

219 5443 414 5515 Κύριος
444 5446 602 5516 ήμῶν
646 5443 852 5514 Ἰησοῦς
882 5442 1116 5514 Χριστὸς
1135 5440 1427 5513 ἠγάπησεν
1459 5443 1608 5514 ἡμᾶς
1651 5446 1793 5516 ὑπὲρ

221 5533 438 5589 ἑαυτόν·
481 5539 541 5592 ού
571 5536 682 5609 γάρ
726 5536 791 5590 ἂν
835 5537 893 5589 ὲν
937 5537 1120 5606 μορφῇ
1161 5532 1257 5588 καὶ
1288 5533 1497 5604 ἰσότητι
1528 5536 1624 5590 τοῦ
1652 5536 1790 5592 Θεοῦ

224 5627 314 5680 καὶ
356 5629 569 5700 Πατρὸς
601 5628 863 5699 ὑπάρχων
914 5625 1055 5698 πρὸς
1112 5628 1210 5696 τὴν
1256 5626 1533 5697 ήμετέραν
1580 5629 1787 5704 κατέϐη

1888 4628 2065 4683 usque
2092 4609 2160 4665 atl
2190 4615 2451 4671 mortem,
2480 4611 2712 4659 mortem
2739 4611 2927 4655 autem
2954 4597 3147 4653 crucis
3182 4597 3251 4647 “v.
3286 4614 3305 4646 ι
3330 4591 3473 4659 Quin

1887 4708 2044 4762 dives
2093 4718 2218 4758 cum
2259 4707 2430 4763 esset,
2465 4711 2675 4767 pauper
2705 4694 2887 4748 factus
2928 4697 3034 4753 est,
3080 4686 3243 4742 sicuti
3278 4699 3475 4738 rursus

1888 4799 2051 4856 nobis
2108 4794 2315 4850 Paulus
2375 4798 2609 4846 testatus
2682 4794 2766 4841 est
2817 4784 2882 4836 ⁸³.
2937 4778 3110 4833 Vides
3159 4774 3475 4831 dilectionis

1889 4902 2019 4960 erga
2046 4900 2151 4945 nos
2184 4881 2529 4939 novitatem?
2566 4877 2676 4932 Lex
2727 4874 2875 4929 enim
2933 4868 3196 4941 praecepit
3242 4864 3476 4935 diligere

1891 4981 2141 5044 fratrem,
2193 4976 2341 5031 sicut
2388 4972 2630 5042 seipsum
2672 4984 2687 5033 ;
2736 4962 3006 5019 Dominus
3053 4967 3236 5013 autem
3288 4963 3477 5011 noster

1889 5074 2053 5129 Jesus
2106 5069 2365 5125 Christus
2412 5061 2607 5119 dilexit
2662 5072 2765 5113 nos
2812 5055 2937 5125 plus
2976 5067 3149 5123 quam.
3187 5050 3473 5120 seipsum:

1892 5180 1997 5220 nec
2027 5163 2173 5217 enim
2207 5160 2261 5214 in
2298 5157 2476 5212 forma
2511 5163 2564 5209 et
2596 5148 2911 5221 aequalitate
2942 5144 3038 5201 Dei
3072 5158 3138 5199 ac
3169 5141 3350 5197 Patris
3377 5156 3479 5197 ex-

1894 5256 2120 5319 sistens,
2151 5251 2219 5306 ad
2262 5257 2514 5305 nostram
2543 5242 2914 5300 humilitatem
2945 5233 3346 5297 descendisset,
3381 5247 3480 5288 ne-

1899 5368 2009 5425 que
2032 5359 2143 5406 tam
2186 5346 2440 5402 acerbam
2476 5339 2730 5411 corporis
2761 5342 2997 5392 mortem
3031 5344 3133 5401 pro
3159 5329 3321 5384 nobis
3353 5341 3480 5397 per-

1901 5424 2148 5507 tulisset,
2178 5454 2287 5494 non
2339 5435 2603 5506 colaphos
2648 5430 2933 5491 Judaicos,
2985 5439 3103 5481 non
3143 5432 3352 5477 sannas
3420 5424 3481 5471 et

1901 5532 2286 5596 contumelias,
2318 5543 2428 5584 uno
2461 5528 2632 5583 verbo
2675 5532 2875 5580 caetera
2911 5518 3119 5579 omnia,
3151 5521 3211 5569 ut
3252 5526 3323 5567 ne
3361 5509 3479 5564 sin-

1902 5632 2028 5706 gula
2061 5641 2184 5699 quae
2213 5637 2413 5697 passus
2442 5629 2529 5678 est
2556 5615 2900 5676 numerando
2945 5613 3003 5668 in
3043 5606 3319 5665 inﬁnitum
3362 5615 3480 5657 ser-

294 5738 527 5819 “hfatth
586 5756 705 5809 xm,
735 5742 824 5798 52.
910 5744 956 5776 ’°
998 5742 1155 5799 Deut.
1190 5760 1264 5813 vr,
1304 5744 1366 5810 5;
1404 5742 1593 5802 Matth.
1630 5764 1768 5819 χιιι,

1877 5791 1891 5806 .
1985 5750 2024 5780 ¹¹
2070 5744 2228 5801 Joan.
2262 5757 2342 5807 tv,
2377 5738 2470 5794 9i.
2549 5738 2597 5769 “
2637 5735 2877 5806 Philipp.
2908 5747 2971 5797 ιι,
3003 5726 3124 5783 6—8.
3208 5717 3321 5774 "ll
3347 5716 3477 5777 Cor.

231 5822 321 5863 vni
342 5852 355 5877 ,
385 5812 439 5867 9.
