4144 6504
669 346 780 405 165

1632 348 1690 405 s.
1717 347 1999 408 CYRILLI
2033 347 2514 406 ALEXANDRINI
2544 325 2863 409 meumr.

3856 355 3974 415 181

665 442 887 520 monem
926 459 1300 533 proferamus,
1337 462 1663 534 pertulisset
1699 481 1712 518 :
1760 462 1856 518 sed
1889 477 2066 533 neque
2094 462 2246 518 dives

2352 480 2719 529 ταπείνωσιν,
2767 463 2877 516 οὐδ’
2923 463 2991 518 ἂν
3045 464 3252 537 ὑπέστη
3310 466 3507 538 πικρὸν
3559 468 3743 531 οῦτως
3814 468 3976 539 ὑπὲρ

666 564 794 612 cum
834 565 983 611 esset
1030 569 1238 625 pauper
1274 555 1405 611 fieri
1443 555 1738 619 voluisset,
1788 556 1898 610 nisi
1936 570 2038 610 nos
2071 554 2249 625 magis

667 647 955 703 dilexisset
991 661 1159 717 quam
1205 647 1471 718 seipsum.
1514 646 1809 702 lnauditus
1838 648 2024 718 itaque
2055 661 2119 700 ac
2150 662 2251 700 no-

666 754 772 795 vus
805 745 890 793 est
918 737 1084 806 hujus
1123 738 1440 792 dilectionis
1476 736 1695 793 modus.
1746 737 1829 791 Ita
1873 748 1929 792 et
1975 752 2080 794 nos
2107 737 2251 791 allici

662 829 842 898 jubet,
877 828 1013 883 nihil
1059 830 1212 898 prius
1259 828 1486 882 omnino
1534 827 1833 883 dilectione
1864 843 1997 899 erga
2050 826 2250 884 fratres

666 921 956 987 habentes,
981 936 1088 976 non
1111 921 1363 991 gloriam,
1389 935 1499 976 non
1532 921 1776 987 divitias,
1803 922 1897 977 sed
1917 936 2017 977 nec
2047 921 2247 991 ipsam,

666 1014 713 1069 si
738 1028 825 1068 res
846 1015 926 1068 ita
955 1012 1115 1078 ferat,
1150 1013 1406 1083 corporis
1448 1022 1686 1069 mortem
1726 1022 1985 1084 oppetere
2016 1014 2245 1079 veritos,

667 1117 727 1160 ut
767 1106 1002 1178 proximi
1040 1106 1319 1160 lucremur
1352 1106 1589 1161 salutem
1636 1123 1650 1160 :
1701 1107 1850 1176 quod
1894 1110 2060 1162 etiam
2105 1105 2250 1161 fece-

662 1209 796 1253 runt
863 1198 1006 1255 beati
1055 1195 1369 1253 Servatoris
1404 1197 1587 1253 nostri
1631 1197 1909 1270 discipuli,
1945 1211 1999 1256 et
2028 1200 2122 1270 qui
2151 1214 2249 1254 eo-

661 1303 781 1341 rum
814 1288 1046 1358 vestigia
1074 1298 1207 1343 sunt
1234 1290 1437 1355 secuti,
1469 1291 1562 1361 qui
1590 1290 1827 1345 aliorum
1859 1293 2090 1348 salutem
2121 1294 2250 1348 vita:

660 1394 774 1436 suae
803 1380 1193 1451 praetulerunt,
1239 1382 1563 1452 nullumque
1616 1383 1860 1439 laborem
1893 1393 2247 1449 recusarunt,

660 1469 910 1540 adeoque
947 1478 1191 1525 extrema
1226 1471 1414 1526 subire
1441 1473 1584 1526 mala
1631 1488 1740 1528 non
1773 1473 2051 1545 dedignati
2094 1485 2247 1543 sunt,

663 1570 723 1615 ut
751 1563 1101 1633 pereuntium
1126 1563 1340 1619 animas
1366 1572 1673 1619 servarent.
1712 1564 1867 1621 Unde
1895 1566 2102 1623 Paulus
2133 1582 2250 1622 mo-

663 1654 758 1719 do,
818 1674 837 1705 ι
876 1652 1139 1720 Quotidie
1190 1656 1435 1723 morior,
1471 1675 1489 1708 ι
1544 1656 1728 1726 inquit
1768 1657 1850 1724 “;
1883 1659 2047 1713 modo
2077 1674 2244 1714 vero:

666 1759 687 1793 ι
729 1742 864 1808 Quis
898 1743 1234 1811 infirmatur,
1266 1753 1321 1800 et
1342 1761 1443 1817 ego
1466 1762 1575 1802 non
1608 1747 1897 1803 inlirmor?
1920 1749 2056 1815 Quis
2086 1765 2248 1805 scan-

2352 555 2510 627 ἡμῶν
2542 555 2634 609 τὸν
2684 556 2783 627 τῆς
2843 557 3045 628 σαρκὸς
3098 559 3361 623 θάνατον,
3416 561 3526 614 οὐδ’
3557 560 3625 615 ἂν
3676 562 3975 631 ⁴ὴνέσχετο

2354 648 2716 718 ῥαπισμάτων
2754 648 3083 715 Ἰουδαῖκῶν,
3111 651 3396 722 αἰσχύνης,
3423 653 3519 705 καὶ
3548 653 3836 721 γέλωτος,
3869 658 3969 706 καὶ

2350 739 2460 792 τῶν
2492 738 2669 792 ἄλλων
2704 739 2979 802 ἁπάντων,
3015 740 3101 794 ῖνα
3146 742 3221 817 μὴ
3260 743 3467 795 ἕκαστα
3504 743 3616 796 τῶν
3660 747 3745 809 είς
3786 745 3971 797 αὑτὸν

2350 832 2657 900 γεγονότων
2727 828 3231 902 ἐξαριθμούμενοι,
3278 832 3418 904 πρὸς
3477 834 3808 904 ἀπέραντον
3872 836 3972 887 τὸν

2350 921 2508 991 λόγον
2536 922 2872 993 ἐπιτείνωμεν
2896 937 2911 953 ’
2946 924 3060 977 ἀλλ’
3084 923 3192 976 οὐδ’
3232 925 3645 996 ᾶννέπτώχευσε
3683 927 3971 989 πλούσιος

2350 1012 2447 1081 ὣν,
2486 1014 2536 1067 εί
2571 1013 2653 1085 μὴ
2681 1014 2815 1067 πολὺ
2843 1014 2964 1067 λίαν
3008 1015 3299 1085 ἠγάπησεν
3346 1019 3494 1087 ἡμᾶς
3537 1019 3681 1089 ὑπὲρ
3725 1019 3969 1070 ἐαυτὸν.

2348 1102 2509 1158 Ξένον
2540 1102 2631 1158 οὖν
2680 1105 2792 1177 ἀρα
2833 1109 2933 1177 τῆς
2977 1106 3199 1176 ἀγάπης
3260 1108 3320 1161 τὸ
3369 1109 3587 1179 μέτρον.
3622 1108 3803 1163 Οὕτω
3868 1110 3974 1161 καὶ

2349 1197 2498 1268 ἡμᾶς
2537 1196 2848 1251 διακεῖσθαι
2883 1199 3133 1267 κελεύει,
3182 1200 3333 1253 οὐδὲν
3362 1202 3499 1265 ὅλως
3530 1204 3629 1274 τῆς
3675 1204 3765 1265 είς
3796 1202 3976 1255 ἀδελ-

2350 1290 2485 1359 φοὺς
2532 1290 2885 1361 προτιθέντας
2934 1293 3189 1364 ἀγάπης,
3239 1294 3301 1347 ού
3347 1294 3536 1360 δόξαν,
3583 1296 3644 1347 οὐ
3679 1292 3967 1357 πλοῦτον,

2350 1381 2466 1436 ἀλλ’
2495 1382 2620 1436 οὐδὲ
2652 1383 2950 1447 ὀκνοῦντας
2989 1386 3084 1438 καὶ
3131 1388 3210 1448 εἰς
3242 1384 3426 1450 αὑτὸν,
3458 1386 3505 1438 εί
3539 1386 3671 1450 δέοι,
3716 1386 3823 1438 τὸν
3860 1386 3969 1455 τῆς

2350 1473 2555 1546 σαρκὸς
2585 1475 2895 1545 καταϐῆναι
2927 1476 3190 1542 θάνατον,
3230 1477 3319 1530 ἵνα
3348 1477 3447 1547 τὴν
3481 1476 3573 1529 τοῦ
3622 1476 3806 1538 πέλας
3850 1492 3966 1526 σω-

2347 1566 2545 1637 τηρίαν
2591 1567 3091 1637 ἀποκερδάνωμεν’
3141 1568 3170 1619 ὃ
3224 1567 3288 1638 δὴ
3340 1568 3436 1620 καὶ
3473 1568 3846 1639 πεπράχασιν
3912 1567 3963 1617 οἱ

2352 1659 2615 1730 μακάριοι
2647 1659 2741 1712 τοῦ
2774 1659 3029 1731 Σωτῆρος
3074 1659 3230 1730 ἡμῶν
3279 1660 3545 1730 μαθηταὶ,
3578 1660 3673 1713 καὶ
3731 1662 3785 1713 οἱ
3840 1662 3963 1720 τοῖς

2350 1752 2576 1807 ἐκείνων
2603 1752 2804 1824 ἴχνεσιν
2829 1751 3318 1822 ἀκολουθήσαντες,
3354 1753 3577 1823 ἄμεινον
3600 1751 3702 1820 τῆς
3725 1750 3959 1811 οἰκείας

4084 1644 4085 1695 1

4083 1756 4085 1797 ‹

4084 1824 4086 1886 l

662 1835 956 1909 dalizatur,
986 1846 1043 1892 et
1084 1853 1187 1909 ego
1229 1854 1340 1894 non
1384 1854 1517 1894 uror
1542 1841 1630 1894 '5?
1665 1860 1684 1891 ι
1727 1840 1879 1897 lianc
1907 1842 2073 1914 igitur
2113 1843 2244 1898 dile-

2350 1844 2498 1915 ζωῆς
2531 1844 2593 1899 τὸ
2638 1845 2858 1917 ἐτέρους
2895 1845 3163 1910 σώζεσθαι
3202 1845 3585 1916 λογισάμενοι,
3617 1843 3717 1898 καὶ
3762 1842 3957 1895 πάντα

662 1928 905 1984 ctiOnem
943 1931 1098 2000 legali
1147 1933 1322 1987 multo
1359 1933 1624 2003 majorem
1663 1934 2083 2004 perfectissimae
2122 1951 2246 2007 erga

2351 1938 2452 2009 μὲν
2475 1937 2805 2001 ἀνατλάντες
2835 1937 3016 2002 πόνον,
3051 1940 3108 1990 ἐν
3135 1937 3191 1990 δὲ
3220 1939 3331 2000 τοῖς
3363 1936 3613 2006 ἐσχάτοις
3646 1933 3955 2003 γεγονότες

662 2017 835 2076 Deum
866 2022 1086 2092 pietatis
1125 2024 1367 2079 radicem
1412 2027 1593 2082 colere
1629 2042 1733 2083 nos
1773 2027 2035 2083 Servator
2061 2028 2246 2099 jussit,

2349 2034 2540 2095 κακοῖς
2564 2071 2580 2097 ,
2640 2032 2725 2084 ἵνα
2782 2032 2885 2095 τὰς
2942 2031 3050 2084 τῶν
3118 2031 3508 2103 ἀπολλυμένων
3563 2026 3955 2101 περισώσειαν

663 2111 898 2182 ideoque
938 2128 1066 2168 cum
1122 2116 1295 2170 sciret
1344 2130 1453 2170 non
1496 2116 1663 2172 aliter
1717 2133 1819 2173 nos
1874 2118 2054 2174 claros
2102 2120 2246 2190 apud

2349 2123 2542 2194 ψυχάς.
2574 2122 2685 2175 Καὶ
2705 2121 2837 2191 γοῦν
2859 2124 2887 2175 ὁ
2908 2122 3119 2187 Παῦλος
3141 2140 3295 2191 φησι,
3322 2122 3452 2176 ποτέ
3480 2122 3600 2193 μὲν,
3627 2121 3712 2172 ὅτι
3752 2138 3772 2169 ι
3806 2117 3954 2170 Καθ’

662 2203 834 2259 Deum
860 2205 998 2272 fore,
1027 2214 1083 2262 et
1119 2207 1433 2263 dilectionis
1461 2209 1529 2263 ab
1554 2210 1675 2279 ipso
1705 2209 1762 2264 in
1803 2225 1905 2266 nos
1935 2220 2246 2283 propagata:

2349 2214 2560 2287 ἡμέραν
2585 2214 2935 2287 ἀποθνήσκω,
2976 2234 2995 2267 ι
3031 2216 3157 2269 ποτέ
3196 2216 3250 2268 δὲ
3278 2215 3464 2278 πάλιν,
3501 2233 3518 2264 ι
3557 2214 3659 2277 Τίς
3695 2210 3954 2271 ἀσθενεῖ,

663 2298 946 2365 sequendo
983 2299 1451 2367 pulchritudinem
1502 2314 1701 2373 magna
1732 2308 1787 2358 et
1819 2303 2064 2375 perfecta
2097 2304 2243 2360 bona

2349 2308 2446 2362 καὶ
2484 2309 2584 2361 οὐκ
2615 2307 2858 2373 ἀσθενῶς
2912 2307 3009 2371 Τίς
3037 2308 3485 2371 σκανδαλίζεται.
3534 2306 3629 2358 καὶ
3678 2304 3788 2357 οὐκ
3836 2301 3957 2369 ἐγὼ

660 2398 1087 2445 consecuturos.

2354 2399 2666 2471 πνροῦμαις
2722 2418 2740 2450 ι
2793 2400 2977 2465 Ῥίζαν
3022 2395 3115 2455 οῦν
3165 2400 3275 2471 ἄρα
3314 2400 3413 2469 τῆς
3455 2398 3816 2467 τελειοτάτης
3871 2397 3956 2457 εἰς

659 2479 795 2532 Θεὸν
848 2481 1132 2535 εὐσέϐειαν
1217 2482 1344 2555 [γρ.
1396 2484 1713 2559 εὐσεϐείας]
1771 2489 1872 2559 τὴν
1926 2488 2068 2561 ύπέρ
2116 2490 2279 2561 νόμον
2352 2494 2635 2565 ἀγάπησιν
2679 2490 3020 2561 ἐπιτηδεύειν
3054 2493 3203 2562 ἡμᾶς
3244 2494 3272 2545 ὁ
3314 2489 3505 2561 Σωτὴρ
3532 2488 3953 2544 διεκελεύσατο.

657 2570 954 2645 ταύτῃτοι,
1008 2575 1103 2627 καὶ
1126 2575 1225 2646 οὐχ
1254 2576 1457 2647 ἑτέρως
1485 2578 1641 2641 εἰδὼς
1666 2579 2072 2651 δοκιμωτάτους
2118 2582 2338 2638 ἔσεσθαι
2370 2586 2521 2655 παρὰ
2568 2585 2647 2657 τῷ
2694 2584 2850 2655 Θεῷ,
2920 2584 3014 2638 καὶ
3073 2584 3177 2654 τῆς
3244 2585 3373 2655 παρ’
3416 2581 3585 2637 αὐτοῦ
3664 2598 3957 2651 πεφυτευ·

659 2664 830 2737 μένης
856 2666 938 2729 είς
966 2665 1113 2735 ἡμᾶς
1138 2666 1471 2739 ἀγαπήσεως
1501 2670 1919 2741 ίχνηλατοῦντας
1966 2673 2027 2726 τὸ
2074 2674 2268 2739 κάλλος
2308 2677 2368 2729 ἐν
2407 2678 2667 2747 μεγάλοις
2698 2676 2917 2731 ἔσεσθαι
2954 2679 3047 2730 καὶ
3083 2677 3309 2740 τελείοις
3337 2676 3585 2745 ἀγαθοῖς.

729 2758 892 2829 752
933 2757 1083 2825 ΧΙΙΙ,
1143 2759 1234 2814 35.
1272 2758 1339 2815 In
1385 2762 1482 2817 hoc
1536 2776 1848 2835 cognoscent
1901 2783 2078 2822 omnes
2121 2768 2246 2837 quia

2431 2771 2529 2823 Ἐν
2557 2771 2749 2836 τούτῳ
2773 2770 3111 2841 γνώσονται
3144 2769 3370 2836 πάντες
3401 2768 3491 2822 ὅτι
3520 2768 3651 2837 ἐμοὶ
3675 2769 3957 2838 μαθηταί

655 2852 911 2920 discipuli
944 2852 1045 2907 mei
1067 2853 1200 2907 estis
1222 2892 1238 2919 ,
1275 2855 1324 2908 si
1351 2855 1693 2912 dilectionem
1727 2858 2025 2913 habueritis
2058 2861 2128 2914 ad
2166 2861 2246 2913 iu-

2349 2861 2507 2927 ἐστε,
2549 2861 2658 2915 ἐὰν
2683 2861 2953 2932 ἀγαπᾶτε
2988 2860 3329 2930 ἀλλήλους.

656 2960 844 2998 vicem.

730 3036 983 3108 Signum,
1018 3036 1218 3106 inquit,
1250 3039 1624 3095 certissimum
1665 3050 1722 3096 et
1750 3042 2117 3097 indubitatum
2146 3043 2246 3098 erit

2422 3043 2752 3117 Γνῶρισμα,
2797 3041 2962 3116 φησὶν
2988 3082 3003 3109 ,
3051 3044 3264 3115 ἄμαχόν
3316 3054 3375 3097 τε
3417 3046 3512 3098 καὶ
3555 3043 3951 3114 ἀναμφίλογον

656 3142 761 3183 vos
788 3142 941 3182 meos
962 3141 1088 3182 esse
1128 3127 1464 3199 discipulos,
1498 3131 1570 3194 si,
1613 3140 1881 3202 quantum
1923 3142 2119 3186 natura
2155 3148 2246 3187 ve-

2352 3138 2471 3198 ταῖς
2494 3137 2703 3188 ἑαυτῶν
2724 3136 3055 3207 ἐπιγράψετε
3086 3136 3351 3206 κεφαλαῖς
3385 3134 3447 3188 τὸ
3475 3135 3952 3206 μεμαθητεῦσθαι

660 3225 774 3274 stra
827 3226 883 3273 et
935 3218 1300 3276 humanitatis
1347 3222 1596 3277 conditio
1626 3239 1831 3294 capere
1872 3232 2083 3294 potest,
2117 3239 2246 3279 mem

2355 3228 2482 3296 παρ’
2520 3227 2678 3295 ἐμοὶ,
2726 3229 2775 3279 εἰ
2812 3227 2934 3280 κατ’
2978 3227 3123 3296 ἴχνος
3149 3227 3248 3295 τῆς
3278 3228 3418 3298 ἐμῆς
3450 3226 3739 3295 ἐπείγεσθε
3783 3227 3951 3278 πολι-

658 3311 785 3366 vita:
811 3311 1045 3382 vestigia
1092 3313 1424 3381 sequamini,
1459 3322 1519 3367 ut
1554 3315 1629 3368 ita
1658 3331 1688 3368 a
1723 3323 1929 3371 mutua:
1960 3316 2246 3371 charitatis

2353 3317 2522 3382 τείας,
2563 3319 2707 3371 κατά
2748 3335 2811 3386 γε
2853 3318 2914 3370 τὸ
2946 3317 3225 3389 ἐγχωροῦν
3253 3322 3318 3390 τῇ
3356 3319 3600 3391 ὑμετέρᾳ
3642 3318 3816 3388 φύσει
3854 3318 3953 3373 καὶ

659 3406 883 3462 vinculo
921 3422 1032 3461 non
1085 3406 1505 3478 disjungamini,
1544 3417 1599 3463 et
1648 3409 1877 3463 alterius
1915 3410 1969 3463 in
2012 3409 2246 3464 alterum

2350 3413 2465 3474 τοῖς
2510 3411 2612 3481 τῆς
2651 3410 3072 3481 ἀνθρωπότητος
3122 3411 3380 3481 μέτροις,
3433 3412 3509 3475 ὡς
3564 3412 3953 3466 ἀδιάσπαστον

660 3514 851 3553 amore
892 3513 958 3553 ac
997 3506 1202 3553 mutuae
1247 3499 1561 3555 dilectionis
1606 3499 2032 3571 incomparabili
2078 3503 2249 3573 gloria

662 3590 827 3646 simul
864 3598 1013 3645 recte
1055 3591 1457 3645 consociemini
1494 3610 1509 3645 :
1548 3590 1604 3644 id
1646 3591 1793 3646 enim
1835 3593 2085 3663 magistri
2129 3595 2247 3664 glo-

658 3685 797 3739 riam
839 3687 1099 3738 accurate
1133 3681 1295 3738 vobis
1325 3683 1617 3752 exprimet.
1654 3680 1761 3739 Sed
1808 3696 2020 3754 quaeret
2058 3686 2245 3741 forsan

656 3778 860 3848 aliquis
892 3776 1253 3846 quamobrem
1282 3774 1526 3831 charitas
1566 3775 1785 3846 signum
1819 3777 1891 3832 sit
1930 3777 1996 3831 ad
2034 3777 2247 3833 discer-

655 3870 899 3926 nendum
952 3867 1161 3924 Christi
1227 3867 1601 3937 discipulum,
1656 3876 1711 3922 et
1766 3868 1821 3922 in
1868 3883 1934 3922 eo
1976 3870 2243 3925 virtutum

658 3962 907 4017 omnium
940 3974 1114 4031 genus
1153 3958 1431 4013 elucescat
1472 3973 1582 4013 non
1616 3959 1800 4014 studio
1827 3969 2243 4031 comparatum,

660 4067 843 4123 neque
870 4052 1058 4107 labore
1102 4062 1157 4106 et
1187 4050 1530 4118 assiduitate,
1570 4051 1714 4107 sicut
1746 4052 1800 4106 in
1846 4052 2070 4108 homine
2093 4068 2249 4108 com-

658 4145 1027 4217 prehensum,
1076 4143 1172 4200 sed
1237 4144 1570 4199 naturaliter
1618 4145 1667 4199 ei
1729 4144 1978 4201 insitum.
2040 4145 2248 4201 Divinas

660 4240 874 4310 quippe
934 4246 1151 4292 naturae
1184 4237 1423 4292 maxime
1478 4238 1701 4309 propria
1733 4276 1748 4301 ,
1805 4238 1971 4309 eique
2026 4239 2249 4309 proprie

663 4344 730 4383 ac
787 4343 919 4383 vere
965 4326 1158 4382 insunt
1195 4342 1316 4397 quae
1352 4342 1575 4383 omnem
1606 4327 2040 4384 admirationem
2085 4330 2247 4399 longe

664 4428 957 4491 superant.
1016 4418 1317 4485 Praeclare,
1360 4421 1618 4490 inquam,
1678 4434 1712 4473 o
1778 4419 1966 4474 bone:
2025 4420 2247 4474 fructus

660 4517 807 4572 enim
876 4527 1151 4584 supremae
1213 4512 1543 4568 substantiae
1600 4518 1732 4567 sunt
1797 4526 1863 4566 ea
1928 4526 2053 4581 qua:
2109 4526 2239 4581 pro-

660 4610 781 4680 prie
811 4623 875 4663 ac
908 4621 1038 4661 vere
1061 4606 1111 4661 ei
1146 4611 1343 4659 natura
1376 4605 1587 4659 insunt.
1639 4603 1746 4659 Sed
1779 4604 1826 4659 si
1862 4619 1978 4658 rem
2011 4605 2243 4674 propius

658 4699 1010 4761 consideres,
1041 4696 1230 4753 videre
1262 4694 1390 4751 licet
1417 4695 1637 4751 virtutis
1670 4710 1843 4766 genus
1872 4709 2037 4750 omne
2067 4694 2252 4748 chari-

662 4794 760 4847 tati
813 4788 1161 4861 complenda:
1216 4792 1450 4854 servire,
1514 4795 1570 4844 et
1621 4788 2000 4857 quodcunque
2045 4786 2252 4841 bonum

660 4884 867 4953 agitur,
899 4882 968 4935 ad
999 4896 1121 4937 eam
1146 4887 1403 4951 spectare
1456 4892 1522 4933 ac
1555 4878 1805 4933 tendere.
1852 4875 2090 4947 Ideoque
2134 4877 2254 4932 exi-

660 4974 838 5027 mium
880 4972 1105 5043 quidem
1145 4984 1211 5025 ac
1256 4969 1500 5040 primum
1534 4968 1841 5024 secundum
1889 4968 2064 5038 legem
2098 4982 2255 5022 mau-

657 5066 848 5120 datum
875 5074 981 5131 est,
1001 5064 1237 5135 diligere
1269 5062 1565 5117 Dominum
1597 5059 1769 5116 Deum
1798 5075 1869 5115 ex
1896 5068 2010 5115 tota
2036 5060 2242 5127 anima,

653 5164 708 5211 et
734 5170 803 5212 ex
832 5163 951 5210 toto
979 5154 1171 5219 corde,
1210 5164 1265 5210 ct
1289 5170 1357 5208 ex
1389 5161 1505 5206 tota
1541 5160 1725 5207 mente
1753 5170 1767 5218 ;
1810 5149 2045 5208 alterum
2074 5154 2124 5208 ei
2153 5168 2246 5208 co-

651 5259 882 5321 gnatum
916 5265 981 5305 ac
1012 5251 1289 5316 vicinum,
1349 5248 1585 5315 diligere
1637 5249 1974 5317 proximum,
2024 5248 2079 5301 in
2134 5263 2243 5317 quo

652 5343 796 5415 legis
823 5344 1086 5399 consistit
1130 5342 1316 5396 omnis
1358 5336 1645 5407 perfectio.
1699 5338 1849 5394 Unde
1878 5338 2073 5394 beatus
2100 5338 2242 5393 Pau-

650 5435 740 5490 lus
770 5435 837 5489 ad
887 5450 1009 5489 eam
1047 5432 1285 5506 proximi
1336 5429 1690 5483 dilectionem
1728 5430 2043 5485 universum
2079 5444 2238 5483 man-

647 5523 837 5579 datum
887 5536 1186 5585 revocans,
1226 5518 1426 5575 scribit
1470 5536 1483 5571 :
1522 5536 1541 5570 ι
1600 5517 1809 5574 Etenim
1864 5520 1996 5573 illud
2042 5539 2054 5575 :
2117 5516 2238 5574 Non

646 5617 1060 5679 mtechaberis,
1106 5611 1226 5666 Non
1285 5609 1529 5676 occides,
1567 5609 1688 5665 Non
1742 5611 2036 5682 pejerabis,
2079 5621 2134 5666 et
2189 5612 2235 5668 si

716 5795 764 5827 ’δ
803 5795 820 5850 l
854 5794 982 5849 Cor.
1016 5809 1110 5859 xv,
1144 5794 1234 5847 3l.
1314 5794 1359 5823 "
1400 5792 1440 5846 ll
1471 5794 1598 5849 Cor.
1632 5809 1708 5859 ιι,
1755 5791 1845 5847 29.

2350 3501 2495 3570 ἔχειν
2522 3500 2623 3570 τῆς
2666 3502 2747 3564 εἰς
2777 3501 3042 3572 ἀλλήλους
3076 3502 3297 3571 ἀγάπης
3330 3503 3421 3555 τὸν
3467 3501 3775 3573 σύνδεσμον
3802 3543 3819 3565 ,
3852 3504 3953 3556 καὶ

2353 3594 2413 3645 ὲν
2446 3593 2700 3663 ἀλλήλοις
2735 3592 3113 3665 συνηρμόσθαι
3158 3593 3360 3657 καλῶς,
3406 3594 3550 3648 κατά
3600 3611 3663 3662 γε
3701 3594 3799 3648 τὸν
3848 3597 3952 3662 τῆς

2351 3685 2704 3757 φιλαλληλίας
2726 3685 2885 3754 λόγον
2909 3686 3003 3739 καὶ
3034 3686 3095 3739 τὸ
3128 3689 3192 3740 ἐκ
3220 3687 3319 3758 τῆς
3348 3687 3738 3757 φιλοστοργίας
3767 3687 3951 3755 ἀσύγ-

2312 3826 2315 3827 ν
2350 3793 2537 3846 κριτον
2608 3776 2906 3847 καύχημαο
2943 3778 3102 3830 τοῦτο
3148 3778 3254 3851 γάρ
3297 3780 3429 3849 ἡμῖν
3475 3777 3727 3848 ἀκριϐῶς
3765 3795 3950 3849 χαρα-

2349 3872 2566 3941 κτηριεῖ
2597 3870 2689 3923 τοῦ
2734 3871 3053 3925 διδασκάλου
3087 3872 3187 3942 τὴν
3228 3871 3408 3938 δόξαν.
3454 3871 3617 3938 Ἀλλ’,
3648 3867 3836 3941 οἶμαι,
3863 3874 3949 3933 τὶς

2348 3966 2465 4034 ἐρεῖ
2494 3964 2629 4035 πρὸς
2657 3962 2835 4031 τοῦτο,
2871 3964 2965 4017 καὶ
2993 3964 3246 4031 ἀφίξεται
3290 3963 3473 4033 τυχὸν,
3524 3964 3705 4016 ἐκεῖνο
3741 3962 3944 4034 διερω-

2348 4053 2490 4106 τῶν’
2519 4051 2664 4106 διατί
2708 4053 2809 4122 τῆς
2840 4052 2945 4106 ὑπὸ
2980 4052 3204 4123 Χριστῷ
3241 4050 3544 4123 μαθητείας
3577 4052 3610 4121 ἡ
3640 4052 3843 4121 ἀγάπη
3884 4053 3946 4104 τὸ

2348 4142 2658 4215 γνώρισμα,
2697 4143 2790 4196 καὶ
2834 4143 2895 4196 τὸ
2926 4143 3117 4196 πασῶν
3144 4138 3284 4206 εἶδος
3326 4141 3538 4215 ἀρετῶν
3568 4143 3629 4195 ἐν
3665 4143 3823 4213 αὐτῷ
3862 4144 3945 4197 δι·-

2349 4238 2621 4306 εφαίνετο,
2654 4235 2754 4288 οὐκ
2781 4234 2842 4300 ἐξ
2869 4236 3172 4298 ἐπιεικείας
3209 4236 3636 4306 πεπορισμένον,
3666 4236 3787 4289 ἀλλ’
3817 4236 3946 4291 οὐδὲ

2350 4327 2499 4397 πόνῳ
2527 4326 2621 4379 καὶ
2652 4327 2917 4397 προσοχῇ,
2953 4325 3205 4395 καθάπερ
3246 4328 3305 4379 ἐν
3329 4325 3608 4399 ἀνθρώπῳ
3640 4326 3943 4398 συνειλημ-

2352 4419 2535 4489 μένον,
2565 4418 2680 4472 ἀλλ’
2704 4418 2781 4480 ὼς
2816 4420 2883 4489 τῇ
2910 4416 3076 4471 αὑτοῦ
3119 4420 3508 4489 προσπεφυκὸς
3548 4418 3736 4487 φύσει.
3774 4418 3944 4481 Θείας

2350 4513 2459 4579 γὰρ
2508 4507 2745 4579 μάλιστα
2780 4506 2994 4575 φύσεως
3038 4506 3166 4569 ίδια,
3199 4508 3295 4561 καὶ
3327 4507 3465 4579 αὐτῇ
3510 4507 3790 4579 προσόντα
3837 4526 3940 4560 xu-

2355 4600 2483 4672 ρίως
2514 4619 2575 4654 τε
2602 4601 2695 4655 καὶ
2725 4600 2943 4671 ἀληθῶς
2981 4599 3053 4653 τὰ
3100 4600 3301 4664 παντὸς
3339 4602 3599 4654 ἐπέκεινα
3631 4600 3939 4671 θαύματος.

2352 4692 2463 4744 Καὶ
2499 4688 2607 4761 μὴν
2636 4690 2906 4761 ὀρθότατά
2933 4708 2997 4760 γε
3021 4730 3036 4753 ,
3072 4685 3117 4743 ὧ
3156 4691 3256 4742 τᾶν
3278 4728 3292 4754 ,
3333 4688 3569 4759 ἐροῦμεν
3609 4692 3812 4761 ἡμεῖς,
3847 4692 3943 4743 τὸν

2352 4784 2447 4835 ἐπὶ
2486 4783 2701 4847 τούτοις
2741 4783 2945 4835 ὲποίσω
2977 4782 3131 4851 λόγον
3158 4799 3172 4814 ο
3206 4781 3418 4853 καρπὸς
3460 4782 3571 4852 γάρ
3609 4781 3806 4845 ούσίας
3840 4785 3942 4853 τῆς

2350 4877 2645 4942 ἀνωτάτω,
2698 4877 2769 4931 τά
2823 4877 2969 4940 ἰδίως
3026 4894 3086 4930 τε
3132 4877 3227 4930 καὶ
3265 4876 3470 4946 κυρίως
3500 4875 3941 4946 προσπεφυκότα

2351 4970 2511 5042 αὐτῇ.
2556 4969 2694 5022 Ἀλλ’
2738 4970 2854 5023 ἐστι
2882 4988 2999 5033 πως
3022 4970 3388 5038 δοκιμάζοντα
3414 4966 3678 5030 κατιδεῖν,
3711 4969 3795 5021 ὃτι
3828 4971 3940 5021 πᾶν

2352 5057 2494 5126 εἶδος
2528 5060 2729 5133 ἀρετῆς
2760 5062 2860 5132 τῆς
2897 5062 3118 5131 ἀγάπης
3155 5060 3273 5114 ἐστὶ
3313 5060 3802 5131 συμπληρωτικὸν,
3843 5064 3942 5115 καὶ

2352 5156 2459 5209 πᾶν
2491 5155 2629 5225 ὅπερ
2659 5152 2725 5208 ἂν
2756 5153 2938 5223 δοκοίη
2961 5170 3043 5217 τις
3066 5149 3205 5205 εἶναι
3235 5151 3672 5223 κατορθούμενον
3705 5152 3938 5219 ἀγαθὸν,

2349 5249 2431 5309 είς
2470 5244 2640 5316 αὐτὴν
2690 5246 2792 5314 ὁρᾷ
2838 5263 2954 5308 πως
3003 5245 3096 5297 καί
3151 5245 3473 5315 τέτραπται.
3510 5245 3611 5296 Διά
3640 5260 3726 5296 τοι
3779 5243 3939 5296 τοῦτο

2351 5337 2667 5408 προῦχουσα
2700 5338 2797 5407 μὲν
2841 5336 3031 5407 ἐντολὴ
3077 5336 3172 5389 καὶ
3214 5334 3408 5406 πρώτη
3442 5336 3585 5387 κατὰ
3619 5336 3714 5389 τὸν
3745 5339 3934 5405 νόμον,

2349 5428 2412 5481 τὸ
2444 5429 2667 5498 ἀγαπᾷν
2699 5429 2846 5480 ἐστιν
2892 5426 3097 5499 Κύριον
3135 5428 3226 5480 τὸν
3287 5427 3420 5479 Θεὸν
3453 5426 3512 5493 ἐξ
3545 5427 3675 5497 ὅλης
3704 5426 3807 5496 τῆς
3830 5426 3952 5495 qius

2345 5522 2470 5592 χῆςν
2508 5522 2599 5573 καὶ
2629 5520 2689 5584 ἐξ
2716 5521 2844 5592 ὅλης
2876 5520 2977 5591 τῆς
3018 5520 3268 5591 καρδίας,
3316 5520 3412 5572 και
3442 5518 3500 5584 ἐξ
3529 5518 3656 5587 δλης
3698 5518 3790 5587 ,ἧς
3820 5519 3934 5571 δια-

2346 5613 2493 5677 νοίας
2514 5627 2525 5640 ⁸
2558 5612 2811 5683 δευτέρα,
2844 5613 2936 5665 καὶ
2966 5612 3192 5682 ἀδελφὴ,
3230 5612 3324 5664 καὶ
3352 5617 3549 5679 γείτων
3582 5610 3769 5679 ἐκείνη
3798 5613 3831 5679 ἠ
3853 5610 3931 5672 είς
