  <div class='ocr_page' id='page_1' title='image "/cluster/home/n/w/nwhite01/storage/ocr_20150623/74/hvd.32044019207919/090.png"; bbox 0 0 4144 6480; ppageno 0'>
   <div class='ocr_carea' id='block_1_1' title="bbox 180 338 294 395">
    <p class='ocr_par' dir='ltr' id='par_1_1' title="bbox 180 338 294 395">
     <span class='ocr_line' id='line_1_1' title="bbox 180 338 294 395; baseline -0.009 0"><span class='ocrx_word' id='word_1_1' title='bbox 180 338 294 395; x_wconf 78' lang='grc'><strong>165</strong></span> 
     </span>
    </p>
   </div>
   <div class='ocr_carea' id='block_1_2' title="bbox 1215 333 2431 396">
    <p class='ocr_par' dir='ltr' id='par_1_2' title="bbox 1215 333 2431 396">
     <span class='ocr_line' id='line_1_2' title="bbox 1215 333 2431 396; baseline -0.003 -1"><span class='ocrx_word' id='word_1_2' title='bbox 1215 340 1284 396; x_wconf 88' lang='lat' dir='ltr'><strong>IN</strong></span> <span class='ocrx_word' id='word_1_3' title='bbox 1321 336 1611 396; x_wconf 73' lang='lat' dir='ltr'><strong>JOANNIS</strong></span> <span class='ocrx_word' id='word_1_4' title='bbox 1662 333 2116 392; x_wconf 81' lang='lat' dir='ltr'><strong>EVANCELIUM</strong></span> <span class='ocrx_word' id='word_1_5' title='bbox 2167 335 2297 390; x_wconf 84' lang='lat' dir='ltr'><strong>LIB.</strong></span> <span class='ocrx_word' id='word_1_6' title='bbox 2339 334 2431 391; x_wconf 65' lang='lat' dir='ltr'><strong>lx.</strong></span> 
     </span>
    </p>
   </div>
   <div class='ocr_carea' id='block_1_3' title="bbox 3348 338 3451 395">
    <p class='ocr_par' dir='ltr' id='par_1_3' title="bbox 3348 338 3451 395">
     <span class='ocr_line' id='line_1_3' title="bbox 3348 338 3451 395; baseline 0 0"><span class='ocrx_word' id='word_1_7' title='bbox 3348 338 3451 395; x_wconf 73' lang='grc'><strong>166</strong></span> 
     </span>
    </p>
   </div>
   <div class='ocr_carea' id='block_1_4' title="bbox 174 448 1775 525">
    <p class='ocr_par' dir='ltr' id='par_1_4' title="bbox 174 448 1763 525">
     <span class='ocr_line' id='line_1_4' title="bbox 174 448 1763 525; baseline 0 -22"><span class='ocrx_word' id='word_1_8' title='bbox 174 451 268 504; x_wconf 78' lang='grc' dir='ltr'><strong>τὸν</strong></span> <span class='ocrx_word' id='word_1_9' title='bbox 324 448 553 522; x_wconf 77' lang='grc' dir='ltr'><strong>πλησίον</strong></span> <span class='ocrx_word' id='word_1_10' title='bbox 584 448 772 522; x_wconf 88' lang='grc' dir='ltr'>άγάπη</span> <span class='ocrx_word' id='word_1_11' title='bbox 808 449 1031 522; x_wconf 79' lang='grc' dir='ltr'>σύμπαν</span> <span class='ocrx_word' id='word_1_12' title='bbox 1089 452 1292 524; x_wconf 82' lang='grc' dir='ltr'>ἔχουσα</span> <span class='ocrx_word' id='word_1_13' title='bbox 1342 454 1437 509; x_wconf 85' lang='grc' dir='ltr'><strong>τοῦ</strong></span> <span class='ocrx_word' id='word_1_14' title='bbox 1489 454 1655 525; x_wconf 86' lang='grc' dir='ltr'>νόμου</span> <span class='ocrx_word' id='word_1_15' title='bbox 1704 449 1763 503; x_wconf 82' lang='grc' dir='ltr'>τὸ</span> 
     </span>
    </p>
   </div>
   <div class='ocr_carea' id='block_1_5' title="bbox 1879 448 3447 525">
    <p class='ocr_par' dir='ltr' id='par_1_5' title="bbox 1879 448 3447 523">
     <span class='ocr_line' id='line_1_5' title="bbox 1879 448 3447 523; baseline 0.003 -18"><span class='ocrx_word' id='word_1_16' title='bbox 1879 450 2014 521; x_wconf 65' lang='lat' dir='ltr'><strong>quod</strong></span> <span class='ocrx_word' id='word_1_17' title='bbox 2046 450 2194 507; x_wconf 86' lang='lat' dir='ltr'><strong>aliud</strong></span> <span class='ocrx_word' id='word_1_18' title='bbox 2216 459 2301 507; x_wconf 88' lang='lat' dir='ltr'><strong>est</strong></span> <span class='ocrx_word' id='word_1_19' title='bbox 2324 448 2665 518; x_wconf 89' lang='lat' dir='ltr'><strong>mandatum,</strong></span> <span class='ocrx_word' id='word_1_20' title='bbox 2697 450 2754 505; x_wconf 92' lang='lat' dir='ltr'><strong>in</strong></span> <span class='ocrx_word' id='word_1_21' title='bbox 2789 449 2898 506; x_wconf 89' lang='lat' dir='ltr'><strong>hoc</strong></span> <span class='ocrx_word' id='word_1_22' title='bbox 2924 451 3447 523; x_wconf 87' lang='lat' dir='ltr'><strong>comprehenditur:</strong></span> 
     </span>
    </p>
   </div>
   <div class='ocr_carea' id='block_1_6' title="bbox 175 542 1760 614">
    <p class='ocr_par' dir='ltr' id='par_1_6' title="bbox 175 542 1760 614">
     <span class='ocr_line' id='line_1_6' title="bbox 175 542 1760 614; baseline 0.003 -19"><span class='ocrx_word' id='word_1_23' title='bbox 175 542 479 614; x_wconf 84' lang='grc' dir='ltr'>πλήρωμα.</span> <span class='ocrx_word' id='word_1_24' title='bbox 536 544 645 597; x_wconf 81' lang='grc' dir='ltr'>Καὶ</span> <span class='ocrx_word' id='word_1_25' title='bbox 690 544 821 611; x_wconf 86' lang='grc' dir='ltr'>γοῦν</span> <span class='ocrx_word' id='word_1_26' title='bbox 851 545 879 597; x_wconf 99' lang='lat'><strong>6</strong></span> <span class='ocrx_word' id='word_1_27' title='bbox 921 544 1211 609; x_wconf 79' lang='grc' dir='ltr'><strong>θεσπέσιος</strong></span> <span class='ocrx_word' id='word_1_28' title='bbox 1248 546 1484 610; x_wconf 80' lang='grc' dir='ltr'><strong>Παῦλος,</strong></span> <span class='ocrx_word' id='word_1_29' title='bbox 1517 547 1597 608; x_wconf 83' lang='grc' dir='ltr'><strong>εἰς</strong></span> <span class='ocrx_word' id='word_1_30' title='bbox 1626 544 1760 599; x_wconf 84' lang='grc' dir='ltr'>ταύ-</span> 
     </span>
    </p>
   </div>
   <div class='ocr_carea' id='block_1_7' title="bbox 176 634 1757 709">
    <p class='ocr_par' dir='ltr' id='par_1_7' title="bbox 176 634 1757 709">
     <span class='ocr_line' id='line_1_7' title="bbox 176 634 1757 709; baseline 0.001 -21"><span class='ocrx_word' id='word_1_31' title='bbox 176 650 279 703; x_wconf 86' lang='grc' dir='ltr'><strong>την</strong></span> <span class='ocrx_word' id='word_1_32' title='bbox 312 634 885 706; x_wconf 79' lang='grc' dir='ltr'><strong>συγκεφαλαιούμενος</strong></span> <span class='ocrx_word' id='word_1_33' title='bbox 926 637 1147 690; x_wconf 78' lang='grc' dir='ltr'>ἃπασαν</span> <span class='ocrx_word' id='word_1_34' title='bbox 1176 637 1398 709; x_wconf 84' lang='grc' dir='ltr'>ἐντολὴν</span> <span class='ocrx_word' id='word_1_35' title='bbox 1433 637 1757 692; x_wconf 83' lang='grc' dir='ltr'>ἐπιστέλλει·</span> 
     </span>
    </p>
   </div>
   <div class='ocr_carea' id='block_1_8' title="bbox 187 723 1762 797">
    <p class='ocr_par' dir='ltr' id='par_1_8' title="bbox 187 723 1762 797">
     <span class='ocr_line' id='line_1_8' title="bbox 187 723 1762 797; baseline 0.004 -20"><span class='ocrx_word' id='word_1_36' title='bbox 187 746 207 777; x_wconf 77' lang='grc' dir='ltr'><strong>ι</strong></span> <span class='ocrx_word' id='word_1_37' title='bbox 242 723 318 777; x_wconf 83' lang='grc' dir='ltr'><strong>Τδ</strong></span> <span class='ocrx_word' id='word_1_38' title='bbox 349 725 458 796; x_wconf 84' lang='grc' dir='ltr'>γὰρ</span> <span class='ocrx_word' id='word_1_39' title='bbox 479 765 492 790; x_wconf 93' lang='grc'><strong>,</strong></span> <span class='ocrx_word' id='word_1_40' title='bbox 528 726 603 779; x_wconf 88' lang='grc' dir='ltr'>Ού</span> <span class='ocrx_word' id='word_1_41' title='bbox 634 726 946 797; x_wconf 72' lang='grc' dir='ltr'><strong>μοιχεύσεις</strong></span> <span class='ocrx_word' id='word_1_42' title='bbox 971 768 985 795; x_wconf 94' lang='grc'><strong>,</strong></span> <span class='ocrx_word' id='word_1_43' title='bbox 1018 729 1094 782; x_wconf 86' lang='grc' dir='ltr'><strong>Οὑ</strong></span> <span class='ocrx_word' id='word_1_44' title='bbox 1139 729 1421 797; x_wconf 75' lang='grc' dir='ltr'>φονεύσεις</span> <span class='ocrx_word' id='word_1_45' title='bbox 1444 770 1458 795; x_wconf 92' lang='grc'><strong>,</strong></span> <span class='ocrx_word' id='word_1_46' title='bbox 1494 730 1610 784; x_wconf 80' lang='grc' dir='ltr'><strong>Οὐκ</strong></span> <span class='ocrx_word' id='word_1_47' title='bbox 1639 732 1762 784; x_wconf 77' lang='grc' dir='ltr'>ἐπιο</span> 
     </span>
    </p>
   </div>
   <div class='ocr_carea' id='block_1_9' title="bbox 191 816 1764 895">
    <p class='ocr_par' dir='ltr' id='par_1_9' title="bbox 191 816 1764 895">
     <span class='ocr_line' id='line_1_9' title="bbox 191 816 1764 895; baseline 0.006 -27"><span class='ocrx_word' id='word_1_48' title='bbox 191 816 435 887; x_wconf 68' lang='grc' dir='ltr'>ιρκήσεις</span> <span class='ocrx_word' id='word_1_49' title='bbox 457 856 472 874; x_wconf 92' lang='grc'><strong>.</strong></span> <span class='ocrx_word' id='word_1_50' title='bbox 523 817 619 871; x_wconf 72' lang='grc' dir='ltr'><strong>καὶ</strong></span> <span class='ocrx_word' id='word_1_51' title='bbox 653 820 705 872; x_wconf 88' lang='grc' dir='ltr'><strong>εί</strong></span> <span class='ocrx_word' id='word_1_52' title='bbox 728 837 814 884; x_wconf 89' lang='grc' dir='ltr'><strong>τις</strong></span> <span class='ocrx_word' id='word_1_53' title='bbox 845 820 1009 893; x_wconf 87' lang='grc' dir='ltr'>ἐτέρα</span> <span class='ocrx_word' id='word_1_54' title='bbox 1040 822 1193 875; x_wconf 70' lang='grc' dir='ltr'>ἐστὶν</span> <span class='ocrx_word' id='word_1_55' title='bbox 1235 822 1456 895; x_wconf 78' lang='grc' dir='ltr'>ἐντολὴ,</span> <span class='ocrx_word' id='word_1_56' title='bbox 1499 823 1558 876; x_wconf 81' lang='grc' dir='ltr'><strong>ἐν</strong></span> <span class='ocrx_word' id='word_1_57' title='bbox 1589 823 1764 895; x_wconf 89' lang='grc' dir='ltr'>τούτῳ</span> 
     </span>
    </p>
   </div>
   <div class='ocr_carea' id='block_1_10' title="bbox 178 902 1763 986">
    <p class='ocr_par' dir='ltr' id='par_1_10' title="bbox 178 902 1763 986">
     <span class='ocr_line' id='line_1_10' title="bbox 178 902 1763 986; baseline 0.009 -32"><span class='ocrx_word' id='word_1_58' title='bbox 178 904 259 973; x_wconf 82' lang='grc' dir='ltr'>τῷ</span> <span class='ocrx_word' id='word_1_59' title='bbox 299 902 443 975; x_wconf 85' lang='grc' dir='ltr'>λόγῳ</span> <span class='ocrx_word' id='word_1_60' title='bbox 481 905 1013 977; x_wconf 73' lang='grc' dir='ltr'><strong>ἀνακεφαλαιοῦται,</strong></span> <span class='ocrx_word' id='word_1_61' title='bbox 1058 912 1116 964; x_wconf 93' lang='grc' dir='ltr'><strong>ἐν</strong></span> <span class='ocrx_word' id='word_1_62' title='bbox 1153 911 1254 983; x_wconf 84' lang='grc' dir='ltr'>τῷ,</span> <span class='ocrx_word' id='word_1_63' title='bbox 1295 913 1628 986; x_wconf 81' lang='grc' dir='ltr'>Ἀγαπήσεις</span> <span class='ocrx_word' id='word_1_64' title='bbox 1672 914 1763 968; x_wconf 74' lang='grc' dir='ltr'>τὸν</span> 
     </span>
    </p>
   </div>
   <div class='ocr_carea' id='block_1_11' title="bbox 178 994 1763 1077">
    <p class='ocr_par' dir='ltr' id='par_1_11' title="bbox 178 994 1763 1077">
     <span class='ocr_line' id='line_1_11' title="bbox 178 994 1763 1077; baseline 0.008 -32"><span class='ocrx_word' id='word_1_65' title='bbox 178 994 413 1066; x_wconf 78' lang='grc' dir='ltr'>πλησίον</span> <span class='ocrx_word' id='word_1_66' title='bbox 462 1013 596 1065; x_wconf 91' lang='grc' dir='ltr'>σου,</span> <span class='ocrx_word' id='word_1_67' title='bbox 643 997 721 1062; x_wconf 84' lang='grc' dir='ltr'>ὡς</span> <span class='ocrx_word' id='word_1_68' title='bbox 770 1001 987 1055; x_wconf 86' lang='grc' dir='ltr'>ἐαυτόν.</span> <span class='ocrx_word' id='word_1_69' title='bbox 1049 1002 1330 1074; x_wconf 79' lang='grc' dir='ltr'>Πλήρωμα</span> <span class='ocrx_word' id='word_1_70' title='bbox 1377 999 1471 1058; x_wconf 83' lang='grc' dir='ltr'><strong>οῦν</strong></span> <span class='ocrx_word' id='word_1_71' title='bbox 1527 1005 1694 1076; x_wconf 88' lang='grc' dir='ltr'>νόμου</span> <span class='ocrx_word' id='word_1_72' title='bbox 1729 1007 1763 1077; x_wconf 81' lang='grc' dir='ltr'>ἠ</span> 
     </span>
    </p>
   </div>
   <div class='ocr_carea' id='block_1_12' title="bbox 176 1082 1765 1164">
    <p class='ocr_par' dir='ltr' id='par_1_12' title="bbox 176 1082 1765 1164">
     <span class='ocr_line' id='line_1_12' title="bbox 176 1082 1765 1164; baseline 0.007 -27"><span class='ocrx_word' id='word_1_73' title='bbox 176 1082 393 1156; x_wconf 88' lang='grc' dir='ltr'>ἀγάπη.</span> <span class='ocrx_word' id='word_1_74' title='bbox 430 1105 449 1139; x_wconf 89' lang='lat'><strong>:</strong></span> <span class='ocrx_word' id='word_1_75' title='bbox 491 1087 613 1140; x_wconf 82' lang='grc' dir='ltr'>Ὅτι</span> <span class='ocrx_word' id='word_1_76' title='bbox 644 1088 703 1142; x_wconf 82' lang='grc' dir='ltr'><strong>δέ</strong></span> <span class='ocrx_word' id='word_1_77' title='bbox 732 1090 825 1143; x_wconf 80' lang='grc' dir='ltr'>καὶ</span> <span class='ocrx_word' id='word_1_78' title='bbox 852 1091 1070 1162; x_wconf 86' lang='grc' dir='ltr'>ἀπάσης</span> <span class='ocrx_word' id='word_1_79' title='bbox 1092 1092 1295 1164; x_wconf 80' lang='grc' dir='ltr'>ἀρετῆς</span> <span class='ocrx_word' id='word_1_80' title='bbox 1329 1093 1472 1149; x_wconf 80' lang='grc' dir='ltr'>ἰδέαν</span> <span class='ocrx_word' id='word_1_81' title='bbox 1497 1094 1629 1148; x_wconf 80' lang='grc' dir='ltr'>εἴσω</span> <span class='ocrx_word' id='word_1_82' title='bbox 1654 1094 1765 1148; x_wconf 91' lang='grc' dir='ltr'><strong>τῶν</strong></span> 
     </span>
    </p>
   </div>
   <div class='ocr_carea' id='block_1_13' title="bbox 177 1177 1767 1259">
    <p class='ocr_par' dir='ltr' id='par_1_13' title="bbox 177 1177 1767 1259">
     <span class='ocr_line' id='line_1_13' title="bbox 177 1177 1767 1259; baseline 0.01 -31"><span class='ocrx_word' id='word_1_83' title='bbox 177 1177 398 1231; x_wconf 78' lang='grc' dir='ltr'>οἰκείων</span> <span class='ocrx_word' id='word_1_84' title='bbox 449 1178 595 1251; x_wconf 82' lang='grc' dir='ltr'>ὅρων</span> <span class='ocrx_word' id='word_1_85' title='bbox 654 1181 973 1254; x_wconf 81' lang='grc' dir='ltr'>ἐποιήσατο,</span> <span class='ocrx_word' id='word_1_86' title='bbox 1014 1185 1230 1255; x_wconf 84' lang='grc' dir='ltr'>συνέχει</span> <span class='ocrx_word' id='word_1_87' title='bbox 1268 1186 1325 1239; x_wconf 78' lang='grc' dir='ltr'>δὲ</span> <span class='ocrx_word' id='word_1_88' title='bbox 1358 1185 1548 1259; x_wconf 84' lang='grc' dir='ltr'>ῶσπερ</span> <span class='ocrx_word' id='word_1_89' title='bbox 1595 1190 1767 1257; x_wconf 84' lang='grc' dir='ltr'>ἀγκά-</span> 
     </span>
    </p>
   </div>
   <div class='ocr_carea' id='block_1_14' title="bbox 176 1264 1767 1344">
    <p class='ocr_par' dir='ltr' id='par_1_14' title="bbox 176 1264 1767 1344">
     <span class='ocr_line' id='line_1_14' title="bbox 176 1264 1767 1344; baseline 0.008 -28"><span class='ocrx_word' id='word_1_90' title='bbox 176 1264 299 1329; x_wconf 83' lang='grc' dir='ltr'>λαις</span> <span class='ocrx_word' id='word_1_91' title='bbox 327 1266 523 1322; x_wconf 86' lang='grc' dir='ltr'>ἐλοῦσα</span> <span class='ocrx_word' id='word_1_92' title='bbox 550 1268 621 1322; x_wconf 89' lang='grc' dir='ltr'><strong>τά</strong></span> <span class='ocrx_word' id='word_1_93' title='bbox 648 1269 850 1338; x_wconf 85' lang='grc' dir='ltr'>ἀγαθὰ,</span> <span class='ocrx_word' id='word_1_94' title='bbox 888 1269 1097 1335; x_wconf 80' lang='grc' dir='ltr'>Παῦλος</span> <span class='ocrx_word' id='word_1_95' title='bbox 1136 1272 1300 1327; x_wconf 85' lang='grc' dir='ltr'>πάλιν</span> <span class='ocrx_word' id='word_1_96' title='bbox 1332 1273 1496 1337; x_wconf 79' lang='grc' dir='ltr'>αὐτὸς</span> <span class='ocrx_word' id='word_1_97' title='bbox 1522 1276 1550 1328; x_wconf 91' lang='lat'><strong>6</strong></span> <span class='ocrx_word' id='word_1_98' title='bbox 1590 1274 1767 1344; x_wconf 84' lang='grc' dir='ltr'>σοφώ·</span> 
     </span>
    </p>
   </div>
   <div class='ocr_carea' id='block_1_15' title="bbox 174 1360 1767 1438">
    <p class='ocr_par' dir='ltr' id='par_1_15' title="bbox 174 1360 1767 1438">
     <span class='ocr_line' id='line_1_15' title="bbox 174 1360 1767 1438; baseline 0.008 -29"><span class='ocrx_word' id='word_1_99' title='bbox 174 1372 341 1421; x_wconf 87' lang='grc' dir='ltr'>τατος</span> <span class='ocrx_word' id='word_1_100' title='bbox 395 1360 837 1433; x_wconf 73' lang='grc' dir='ltr'>ἐπιμαρτυρήσει</span> <span class='ocrx_word' id='word_1_101' title='bbox 898 1362 1039 1433; x_wconf 82' lang='grc' dir='ltr'>βοῶν</span> <span class='ocrx_word' id='word_1_102' title='bbox 1067 1380 1081 1393; x_wconf 82' lang='lat'><strong><em>°</em></strong></span> <span class='ocrx_word' id='word_1_103' title='bbox 1122 1382 1141 1415; x_wconf 77' lang='grc' dir='ltr'><strong>ι</strong></span> <span class='ocrx_word' id='word_1_104' title='bbox 1190 1364 1252 1417; x_wconf 85' lang='grc' dir='ltr'><strong>Ἦ</strong></span> <span class='ocrx_word' id='word_1_105' title='bbox 1287 1364 1476 1437; x_wconf 80' lang='grc' dir='ltr'>ἀγάπη</span> <span class='ocrx_word' id='word_1_106' title='bbox 1526 1368 1585 1420; x_wconf 76' lang='grc' dir='ltr'><strong>οὐ</strong></span> <span class='ocrx_word' id='word_1_107' title='bbox 1633 1385 1767 1438; x_wconf 82' lang='grc' dir='ltr'>περ·</span> 
     </span>
    </p>
   </div>
   <div class='ocr_carea' id='block_1_16' title="bbox 177 1445 1769 1528">
    <p class='ocr_par' dir='ltr' id='par_1_16' title="bbox 177 1445 1769 1528">
     <span class='ocr_line' id='line_1_16' title="bbox 177 1445 1769 1528; baseline 0.009 -32"><span class='ocrx_word' id='word_1_108' title='bbox 177 1445 499 1516; x_wconf 84' lang='grc' dir='ltr'>περεύεται,</span> <span class='ocrx_word' id='word_1_109' title='bbox 536 1448 599 1501; x_wconf 82' lang='grc' dir='ltr'><strong>ού</strong></span> <span class='ocrx_word' id='word_1_110' title='bbox 632 1448 956 1518; x_wconf 81' lang='grc' dir='ltr'>φυσιοῦται,</span> <span class='ocrx_word' id='word_1_111' title='bbox 994 1452 1095 1505; x_wconf 78' lang='grc' dir='ltr'><strong>οὐκ</strong></span> <span class='ocrx_word' id='word_1_112' title='bbox 1138 1453 1475 1525; x_wconf 81' lang='grc' dir='ltr'>ἀσχημονεῖ,</span> <span class='ocrx_word' id='word_1_113' title='bbox 1517 1457 1578 1510; x_wconf 84' lang='grc' dir='ltr'><strong>ού</strong></span> <span class='ocrx_word' id='word_1_114' title='bbox 1612 1455 1769 1528; x_wconf 79' lang='grc' dir='ltr'>ζητεῖ</span> 
     </span>
    </p>
   </div>
   <div class='ocr_carea' id='block_1_17' title="bbox 176 1538 1767 1623">
    <p class='ocr_par' dir='ltr' id='par_1_17' title="bbox 176 1538 1767 1623">
     <span class='ocr_line' id='line_1_17' title="bbox 176 1538 1767 1623; baseline 0.011 -34"><span class='ocrx_word' id='word_1_115' title='bbox 176 1539 247 1590; x_wconf 68' lang='grc' dir='ltr'><strong>τὰ</strong></span> <span class='ocrx_word' id='word_1_116' title='bbox 294 1538 534 1610; x_wconf 75' lang='grc' dir='ltr'>έαυτῆς,</span> <span class='ocrx_word' id='word_1_117' title='bbox 573 1559 591 1592; x_wconf 85' lang='lat'><strong>:</strong></span> <span class='ocrx_word' id='word_1_118' title='bbox 637 1542 733 1596; x_wconf 76' lang='grc' dir='ltr'><strong>καὶ</strong></span> <span class='ocrx_word' id='word_1_119' title='bbox 787 1542 856 1596; x_wconf 84' lang='grc' dir='ltr'>τὰ</span> <span class='ocrx_word' id='word_1_120' title='bbox 912 1544 1124 1609; x_wconf 81' lang='grc' dir='ltr'>τούτοις</span> <span class='ocrx_word' id='word_1_121' title='bbox 1155 1549 1518 1619; x_wconf 84' lang='grc' dir='ltr'>συνημμένα·</span> <span class='ocrx_word' id='word_1_122' title='bbox 1556 1552 1767 1623; x_wconf 79' lang='grc' dir='ltr'>μακρὸν</span> 
     </span>
    </p>
   </div>
   <div class='ocr_carea' id='block_1_18' title="bbox 177 1628 1767 1716">
    <p class='ocr_par' dir='ltr' id='par_1_18' title="bbox 177 1628 1767 1716">
     <span class='ocr_line' id='line_1_18' title="bbox 177 1628 1767 1716; baseline 0.012 -36"><span class='ocrx_word' id='word_1_123' title='bbox 177 1628 289 1700; x_wconf 81' lang='grc' dir='ltr'>γὰρ</span> <span class='ocrx_word' id='word_1_124' title='bbox 329 1631 504 1684; x_wconf 73' lang='grc' dir='ltr'>εἰπεῖν</span> <span class='ocrx_word' id='word_1_125' title='bbox 535 1634 637 1703; x_wconf 85' lang='grc' dir='ltr'><strong>τῆς</strong></span> <span class='ocrx_word' id='word_1_126' title='bbox 662 1634 889 1708; x_wconf 84' lang='grc' dir='ltr'>ἀγάπης</span> <span class='ocrx_word' id='word_1_127' title='bbox 917 1637 979 1691; x_wconf 77' lang='grc' dir='ltr'>τὸ</span> <span class='ocrx_word' id='word_1_128' title='bbox 1014 1639 1236 1711; x_wconf 81' lang='grc' dir='ltr'><strong>μέτρον.</strong></span> <span class='ocrx_word' id='word_1_129' title='bbox 1275 1641 1489 1706; x_wconf 82' lang='grc' dir='ltr'>Ἀλλως</span> <span class='ocrx_word' id='word_1_130' title='bbox 1525 1644 1586 1697; x_wconf 90' lang='grc' dir='ltr'><strong>τέ</strong></span> <span class='ocrx_word' id='word_1_131' title='bbox 1625 1662 1767 1716; x_wconf 91' lang='grc' dir='ltr'>φημι</span> 
     </span>
    </p>
   </div>
   <div class='ocr_carea' id='block_1_19' title="bbox 175 1721 1768 1809">
    <p class='ocr_par' dir='ltr' id='par_1_19' title="bbox 175 1721 1768 1809">
     <span class='ocr_line' id='line_1_19' title="bbox 175 1721 1768 1809; baseline 0.011 -36"><span class='ocrx_word' id='word_1_132' title='bbox 175 1721 242 1792; x_wconf 82' lang='grc' dir='ltr'><strong>δὴ</strong></span> <span class='ocrx_word' id='word_1_133' title='bbox 272 1722 514 1792; x_wconf 88' lang='grc' dir='ltr'>μάλιστα</span> <span class='ocrx_word' id='word_1_134' title='bbox 541 1726 778 1797; x_wconf 82' lang='grc' dir='ltr'>πρέπειν</span> <span class='ocrx_word' id='word_1_135' title='bbox 798 1746 857 1783; x_wconf 90' lang='grc' dir='ltr'><strong>τε</strong></span> <span class='ocrx_word' id='word_1_136' title='bbox 894 1731 989 1783; x_wconf 72' lang='grc' dir='ltr'><strong>καὶ</strong></span> <span class='ocrx_word' id='word_1_137' title='bbox 1018 1732 1352 1805; x_wconf 79' lang='grc' dir='ltr'>ἐνυπάρχειν</span> <span class='ocrx_word' id='word_1_138' title='bbox 1391 1739 1505 1799; x_wconf 86' lang='grc' dir='ltr'>τοῖς</span> <span class='ocrx_word' id='word_1_139' title='bbox 1544 1737 1768 1809; x_wconf 83' lang='grc' dir='ltr'>ἀγαπᾷν</span> 
     </span>
    </p>
   </div>
   <div class='ocr_carea' id='block_1_20' title="bbox 1870 543 3451 615">
    <p class='ocr_par' dir='ltr' id='par_1_20' title="bbox 1870 543 3451 615">
     <span class='ocr_line' id='line_1_20' title="bbox 1870 543 3451 615; baseline 0.003 -20"><span class='ocrx_word' id='word_1_140' title='bbox 1870 562 1889 595; x_wconf 79' lang='grc' dir='ltr'><strong>ι</strong></span> <span class='ocrx_word' id='word_1_141' title='bbox 1928 543 2133 615; x_wconf 83' lang='lat' dir='ltr'><strong>Diliges</strong></span> <span class='ocrx_word' id='word_1_142' title='bbox 2201 545 2517 614; x_wconf 87' lang='lat' dir='ltr'><strong>proximum</strong></span> <span class='ocrx_word' id='word_1_143' title='bbox 2575 551 2732 600; x_wconf 90' lang='lat' dir='ltr'><strong>tuum</strong></span> <span class='ocrx_word' id='word_1_144' title='bbox 2792 544 2938 601; x_wconf 91' lang='lat' dir='ltr'><strong>sicut</strong></span> <span class='ocrx_word' id='word_1_145' title='bbox 2975 545 3237 615; x_wconf 88' lang='lat' dir='ltr'><strong>teipsum.</strong></span> <span class='ocrx_word' id='word_1_146' title='bbox 3284 546 3451 601; x_wconf 88' lang='lat' dir='ltr'><strong>Con:-</strong></span> 
     </span>
    </p>
   </div>
   <div class='ocr_carea' id='block_1_21' title="bbox 1863 636 3453 710">
    <p class='ocr_par' dir='ltr' id='par_1_21' title="bbox 1863 636 3453 710">
     <span class='ocr_line' id='line_1_21' title="bbox 1863 636 3453 710; baseline 0.001 -20"><span class='ocrx_word' id='word_1_147' title='bbox 1863 637 2204 708; x_wconf 89' lang='lat' dir='ltr'><strong>plementum</strong></span> <span class='ocrx_word' id='word_1_148' title='bbox 2261 637 2451 707; x_wconf 88' lang='lat' dir='ltr'><strong>itaque</strong></span> <span class='ocrx_word' id='word_1_149' title='bbox 2482 637 2621 710; x_wconf 80' lang='lat' dir='ltr'><strong>legis</strong></span> <span class='ocrx_word' id='word_1_150' title='bbox 2664 644 2750 694; x_wconf 84' lang='lat' dir='ltr'><strong>est</strong></span> <span class='ocrx_word' id='word_1_151' title='bbox 2802 636 3050 694; x_wconf 87' lang='lat' dir='ltr'><strong>charitas</strong></span> <span class='ocrx_word' id='word_1_152' title='bbox 3104 639 3170 693; x_wconf 78' lang='lat'><strong>&quot;.</strong></span> <span class='ocrx_word' id='word_1_153' title='bbox 3219 658 3237 690; x_wconf 88' lang='lat'><strong>:</strong></span> <span class='ocrx_word' id='word_1_154' title='bbox 3295 637 3453 705; x_wconf 87' lang='lat' dir='ltr'><strong>Quod</strong></span> 
     </span>
    </p>
   </div>
   <div class='ocr_carea' id='block_1_22' title="bbox 1864 730 3492 802">
    <p class='ocr_par' dir='ltr' id='par_1_22' title="bbox 1864 730 3492 802">
     <span class='ocr_line' id='line_1_22' title="bbox 1864 730 3492 802; baseline -0.001 -17"><span class='ocrx_word' id='word_1_155' title='bbox 1864 739 2049 786; x_wconf 91' lang='lat' dir='ltr'><strong>autem</strong></span> <span class='ocrx_word' id='word_1_156' title='bbox 2081 746 2246 786; x_wconf 91' lang='lat' dir='ltr'><strong>omne</strong></span> <span class='ocrx_word' id='word_1_157' title='bbox 2279 730 2504 785; x_wconf 87' lang='lat' dir='ltr'><strong>virtutis</strong></span> <span class='ocrx_word' id='word_1_158' title='bbox 2531 746 2705 802; x_wconf 76' lang='lat' dir='ltr'><strong>genus</strong></span> <span class='ocrx_word' id='word_1_159' title='bbox 2737 730 2883 788; x_wconf 89' lang='lat' dir='ltr'><strong>intra</strong></span> <span class='ocrx_word' id='word_1_160' title='bbox 2912 746 2972 787; x_wconf 90' lang='lat' dir='ltr'><strong>se</strong></span> <span class='ocrx_word' id='word_1_161' title='bbox 2997 731 3454 802; x_wconf 78' lang='lat' dir='ltr'><strong>comprehendat,</strong></span> <span class='ocrx_word' id='word_1_162' title='bbox 3484 790 3492 800; x_wconf 53' lang='grc'><strong>,</strong></span> 
     </span>
    </p>
   </div>
   <div class='ocr_carea' id='block_1_23' title="bbox 1865 818 3458 893">
    <p class='ocr_par' dir='ltr' id='par_1_23' title="bbox 1865 818 3458 893">
     <span class='ocr_line' id='line_1_23' title="bbox 1865 818 3458 893; baseline 0 -17"><span class='ocrx_word' id='word_1_163' title='bbox 1865 820 2163 891; x_wconf 82' lang='lat' dir='ltr'><strong>omniaque</strong></span> <span class='ocrx_word' id='word_1_164' title='bbox 2220 818 2371 876; x_wconf 87' lang='lat' dir='ltr'><strong>bona</strong></span> <span class='ocrx_word' id='word_1_165' title='bbox 2440 821 2559 877; x_wconf 87' lang='lat' dir='ltr'><strong>suis</strong></span> <span class='ocrx_word' id='word_1_166' title='bbox 2616 820 3028 893; x_wconf 90' lang='lat' dir='ltr'><strong>quodammodo</strong></span> <span class='ocrx_word' id='word_1_167' title='bbox 3087 821 3458 892; x_wconf 77' lang='lat' dir='ltr'><strong>amplectatur</strong></span> 
     </span>
    </p>
   </div>
   <div class='ocr_carea' id='block_1_24' title="bbox 1876 911 3456 984">
    <p class='ocr_par' dir='ltr' id='par_1_24' title="bbox 1876 911 3456 984">
     <span class='ocr_line' id='line_1_24' title="bbox 1876 911 3456 984; baseline 0.001 -18"><span class='ocrx_word' id='word_1_168' title='bbox 1876 911 2267 974; x_wconf 87' lang='lat' dir='ltr'><strong>ulnis.Paulus</strong></span> <span class='ocrx_word' id='word_1_169' title='bbox 2297 913 2417 984; x_wconf 89' lang='lat' dir='ltr'><strong>ipse</strong></span> <span class='ocrx_word' id='word_1_170' title='bbox 2444 913 2892 984; x_wconf 82' lang='lat' dir='ltr'><strong>sapientissimus</strong></span> <span class='ocrx_word' id='word_1_171' title='bbox 2921 929 3117 969; x_wconf 85' lang='lat' dir='ltr'><strong>rursus</strong></span> <span class='ocrx_word' id='word_1_172' title='bbox 3142 914 3456 980; x_wconf 81' lang='lat' dir='ltr'><strong>testabitur,</strong></span> 
     </span>
    </p>
   </div>
   <div class='ocr_carea' id='block_1_25' title="bbox 1865 1004 3456 1077">
    <p class='ocr_par' dir='ltr' id='par_1_25' title="bbox 1865 1004 3456 1077">
     <span class='ocr_line' id='line_1_25' title="bbox 1865 1004 3456 1077; baseline -0.001 -16"><span class='ocrx_word' id='word_1_173' title='bbox 1865 1006 2163 1063; x_wconf 88' lang='lat' dir='ltr'><strong>clamans:</strong></span> <span class='ocrx_word' id='word_1_174' title='bbox 2207 1022 2225 1058; x_wconf 88' lang='lat' dir='ltr'><strong>t</strong></span> <span class='ocrx_word' id='word_1_175' title='bbox 2264 1004 2520 1062; x_wconf 84' lang='lat' dir='ltr'><strong>Charitas</strong></span> <span class='ocrx_word' id='word_1_176' title='bbox 2551 1021 2664 1061; x_wconf 91' lang='lat' dir='ltr'><strong>non</strong></span> <span class='ocrx_word' id='word_1_177' title='bbox 2708 1007 2821 1077; x_wconf 75' lang='lat' dir='ltr'><strong>agit</strong></span> <span class='ocrx_word' id='word_1_178' title='bbox 2854 1020 3167 1077; x_wconf 86' lang='lat' dir='ltr'><strong>perperam,</strong></span> <span class='ocrx_word' id='word_1_179' title='bbox 3212 1020 3326 1061; x_wconf 89' lang='lat' dir='ltr'><strong>non</strong></span> <span class='ocrx_word' id='word_1_180' title='bbox 3372 1006 3456 1060; x_wconf 50' lang='lat' dir='ltr'><strong>in.</strong></span> 
     </span>
    </p>
   </div>
   <div class='ocr_carea' id='block_1_26' title="bbox 1867 1095 3459 1170">
    <p class='ocr_par' dir='ltr' id='par_1_26' title="bbox 1867 1095 3459 1170">
     <span class='ocr_line' id='line_1_26' title="bbox 1867 1095 3459 1170; baseline -0.001 -18"><span class='ocrx_word' id='word_1_181' title='bbox 1867 1095 2053 1163; x_wconf 82' lang='lat' dir='ltr'><strong>ﬂatur,</strong></span> <span class='ocrx_word' id='word_1_182' title='bbox 2094 1112 2205 1153; x_wconf 91' lang='lat' dir='ltr'><strong>non</strong></span> <span class='ocrx_word' id='word_1_183' title='bbox 2245 1106 2337 1154; x_wconf 87' lang='lat' dir='ltr'><strong>est</strong></span> <span class='ocrx_word' id='word_1_184' title='bbox 2384 1097 2712 1165; x_wconf 84' lang='lat' dir='ltr'><strong>ambitiosa,</strong></span> <span class='ocrx_word' id='word_1_185' title='bbox 2761 1114 2871 1153; x_wconf 89' lang='lat' dir='ltr'><strong>non</strong></span> <span class='ocrx_word' id='word_1_186' title='bbox 2916 1100 3121 1169; x_wconf 68' lang='lat' dir='ltr'><strong>quaerit</strong></span> <span class='ocrx_word' id='word_1_187' title='bbox 3179 1114 3302 1170; x_wconf 75' lang='lat' dir='ltr'><strong>qua:</strong></span> <span class='ocrx_word' id='word_1_188' title='bbox 3359 1112 3459 1154; x_wconf 91' lang='lat' dir='ltr'><strong>sua</strong></span> 
     </span>
    </p>
   </div>
   <div class='ocr_carea' id='block_1_27' title="bbox 1868 1188 3462 1259">
    <p class='ocr_par' dir='ltr' id='par_1_27' title="bbox 1868 1188 3462 1259">
     <span class='ocr_line' id='line_1_27' title="bbox 1868 1188 3462 1259; baseline -0.002 -16"><span class='ocrx_word' id='word_1_189' title='bbox 1868 1195 2021 1253; x_wconf 84' lang='lat' dir='ltr'><strong>sunt,</strong></span> <span class='ocrx_word' id='word_1_190' title='bbox 2067 1206 2085 1239; x_wconf 82' lang='lat'><strong>:</strong></span> <span class='ocrx_word' id='word_1_191' title='bbox 2119 1196 2175 1244; x_wconf 87' lang='lat' dir='ltr'><strong>et</strong></span> <span class='ocrx_word' id='word_1_192' title='bbox 2207 1204 2333 1259; x_wconf 68' lang='lat' dir='ltr'><strong>quae</strong></span> <span class='ocrx_word' id='word_1_193' title='bbox 2365 1198 2679 1259; x_wconf 90' lang='lat' dir='ltr'><strong>sequuntur</strong></span> <span class='ocrx_word' id='word_1_194' title='bbox 2726 1189 2770 1220; x_wconf 88' lang='lat'><strong>&quot;’</strong></span> <span class='ocrx_word' id='word_1_195' title='bbox 2801 1206 2815 1242; x_wconf 92' lang='lat'><strong>:</strong></span> <span class='ocrx_word' id='word_1_196' title='bbox 2860 1188 3081 1259; x_wconf 76' lang='lat' dir='ltr'><strong>longum</strong></span> <span class='ocrx_word' id='word_1_197' title='bbox 3133 1192 3277 1245; x_wconf 90' lang='lat' dir='ltr'><strong>enim</strong></span> <span class='ocrx_word' id='word_1_198' title='bbox 3313 1196 3462 1244; x_wconf 85' lang='lat' dir='ltr'><strong>esset</strong></span> 
     </span>
    </p>
   </div>
   <div class='ocr_carea' id='block_1_28' title="bbox 1869 1278 3459 1351">
    <p class='ocr_par' dir='ltr' id='par_1_28' title="bbox 1869 1278 3459 1351">
     <span class='ocr_line' id='line_1_28' title="bbox 1869 1278 3459 1351; baseline 0.001 -18"><span class='ocrx_word' id='word_1_199' title='bbox 1869 1288 2078 1349; x_wconf 90' lang='lat' dir='ltr'><strong>quanta</strong></span> <span class='ocrx_word' id='word_1_200' title='bbox 2119 1280 2193 1336; x_wconf 90' lang='lat' dir='ltr'><strong>sit</strong></span> <span class='ocrx_word' id='word_1_201' title='bbox 2239 1280 2528 1335; x_wconf 90' lang='lat' dir='ltr'><strong>ebaritatis</strong></span> <span class='ocrx_word' id='word_1_202' title='bbox 2580 1294 2840 1335; x_wconf 86' lang='lat' dir='ltr'><strong>mensura</strong></span> <span class='ocrx_word' id='word_1_203' title='bbox 2893 1282 3148 1335; x_wconf 86' lang='lat' dir='ltr'><strong>oratione</strong></span> <span class='ocrx_word' id='word_1_204' title='bbox 3178 1278 3459 1351; x_wconf 81' lang='lat' dir='ltr'><strong>persequi.</strong></span> 
     </span>
    </p>
   </div>
   <div class='ocr_carea' id='block_1_29' title="bbox 1867 1365 3463 1440">
    <p class='ocr_par' dir='ltr' id='par_1_29' title="bbox 1867 1365 3463 1440">
     <span class='ocr_line' id='line_1_29' title="bbox 1867 1365 3463 1440; baseline -0.001 -16"><span class='ocrx_word' id='word_1_205' title='bbox 1867 1370 2141 1426; x_wconf 61' lang='lat' dir='ltr'><strong>Caeterum</strong></span> <span class='ocrx_word' id='word_1_206' title='bbox 2171 1372 2470 1428; x_wconf 88' lang='lat' dir='ltr'><strong>convenire</strong></span> <span class='ocrx_word' id='word_1_207' title='bbox 2498 1371 2744 1425; x_wconf 85' lang='lat' dir='ltr'><strong>maxime</strong></span> <span class='ocrx_word' id='word_1_208' title='bbox 2793 1370 2861 1425; x_wconf 91' lang='lat' dir='ltr'><strong>iis</strong></span> <span class='ocrx_word' id='word_1_209' title='bbox 2906 1369 3032 1425; x_wconf 86' lang='lat' dir='ltr'><strong>dico</strong></span> <span class='ocrx_word' id='word_1_210' title='bbox 3073 1370 3169 1440; x_wconf 90' lang='lat' dir='ltr'><strong>qui</strong></span> <span class='ocrx_word' id='word_1_211' title='bbox 3203 1365 3463 1424; x_wconf 86' lang='lat' dir='ltr'><strong>omnibus</strong></span> 
     </span>
    </p>
   </div>
   <div class='ocr_carea' id='block_1_30' title="bbox 1869 1456 3455 1530">
    <p class='ocr_par' dir='ltr' id='par_1_30' title="bbox 1869 1456 3455 1530">
     <span class='ocr_line' id='line_1_30' title="bbox 1869 1456 3455 1530; baseline -0.002 -17"><span class='ocrx_word' id='word_1_212' title='bbox 1869 1458 2075 1528; x_wconf 89' lang='lat' dir='ltr'><strong>ubique</strong></span> <span class='ocrx_word' id='word_1_213' title='bbox 2121 1468 2307 1530; x_wconf 83' lang='lat' dir='ltr'><strong>patere</strong></span> <span class='ocrx_word' id='word_1_214' title='bbox 2340 1460 2535 1514; x_wconf 84' lang='lat' dir='ltr'><strong>volunt</strong></span> <span class='ocrx_word' id='word_1_215' title='bbox 2583 1473 2643 1514; x_wconf 89' lang='lat' dir='ltr'><strong>se</strong></span> <span class='ocrx_word' id='word_1_216' title='bbox 2679 1457 2891 1513; x_wconf 85' lang='lat' dir='ltr'><strong>Christi</strong></span> <span class='ocrx_word' id='word_1_217' title='bbox 2945 1471 3071 1512; x_wconf 88' lang='lat' dir='ltr'><strong>esse</strong></span> <span class='ocrx_word' id='word_1_218' title='bbox 3123 1456 3455 1523; x_wconf 89' lang='lat' dir='ltr'><strong>discipulos,</strong></span> 
     </span>
    </p>
   </div>
   <div class='ocr_carea' id='block_1_31' title="bbox 1868 1546 3462 1621">
    <p class='ocr_par' dir='ltr' id='par_1_31' title="bbox 1868 1546 3462 1621">
     <span class='ocr_line' id='line_1_31' title="bbox 1868 1546 3462 1621; baseline -0.002 -17"><span class='ocrx_word' id='word_1_219' title='bbox 1868 1551 2159 1605; x_wconf 82' lang='lat' dir='ltr'><strong>ebaritatis</strong></span> <span class='ocrx_word' id='word_1_220' title='bbox 2202 1551 2363 1621; x_wconf 79' lang='lat'><strong>753</strong></span> <span class='ocrx_word' id='word_1_221' title='bbox 2400 1564 2606 1605; x_wconf 83' lang='lat' dir='ltr'><strong>corona</strong></span> <span class='ocrx_word' id='word_1_222' title='bbox 2666 1548 2917 1619; x_wconf 83' lang='lat' dir='ltr'><strong>gloriari,</strong></span> <span class='ocrx_word' id='word_1_223' title='bbox 2978 1562 3042 1603; x_wconf 88' lang='lat' dir='ltr'><strong>ac</strong></span> <span class='ocrx_word' id='word_1_224' title='bbox 3090 1547 3242 1601; x_wconf 78' lang='lat' dir='ltr'><strong>velut</strong></span> <span class='ocrx_word' id='word_1_225' title='bbox 3300 1546 3462 1602; x_wconf 86' lang='lat' dir='ltr'><strong>istius</strong></span> 
     </span>
    </p>
   </div>
   <div class='ocr_carea' id='block_1_32' title="bbox 1868 1638 3464 1715">
    <p class='ocr_par' dir='ltr' id='par_1_32' title="bbox 1868 1638 3464 1715">
     <span class='ocr_line' id='line_1_32' title="bbox 1868 1638 3464 1715; baseline -0.003 -17"><span class='ocrx_word' id='word_1_226' title='bbox 1868 1642 1949 1698; x_wconf 87' lang='lat' dir='ltr'><strong>rei</strong></span> <span class='ocrx_word' id='word_1_227' title='bbox 1979 1644 2325 1715; x_wconf 75' lang='lat' dir='ltr'><strong>signaculum</strong></span> <span class='ocrx_word' id='word_1_228' title='bbox 2372 1643 2649 1714; x_wconf 87' lang='lat' dir='ltr'><strong>quoddam</strong></span> <span class='ocrx_word' id='word_1_229' title='bbox 2706 1640 2966 1712; x_wconf 80' lang='lat' dir='ltr'><strong>praeferre</strong></span> <span class='ocrx_word' id='word_1_230' title='bbox 3020 1649 3268 1694; x_wconf 86' lang='lat' dir='ltr'><strong>mutuam</strong></span> <span class='ocrx_word' id='word_1_231' title='bbox 3324 1638 3464 1693; x_wconf 88' lang='lat' dir='ltr'><strong>dile-</strong></span> 
     </span>
    </p>
   </div>
   <div class='ocr_carea' id='block_1_33' title="bbox 1870 1728 3461 1804">
    <p class='ocr_par' dir='ltr' id='par_1_33' title="bbox 1870 1728 3461 1804">
     <span class='ocr_line' id='line_1_33' title="bbox 1870 1728 3461 1804; baseline -0.004 -15"><span class='ocrx_word' id='word_1_232' title='bbox 1870 1735 2147 1789; x_wconf 90' lang='lat' dir='ltr'><strong>ctionem:</strong></span> <span class='ocrx_word' id='word_1_233' title='bbox 2181 1748 2345 1804; x_wconf 89' lang='lat' dir='ltr'><strong>quam</strong></span> <span class='ocrx_word' id='word_1_234' title='bbox 2381 1735 2453 1789; x_wconf 90' lang='lat' dir='ltr'><strong>ob</strong></span> <span class='ocrx_word' id='word_1_235' title='bbox 2483 1749 2737 1796; x_wconf 83' lang='lat' dir='ltr'><strong>causam,</strong></span> <span class='ocrx_word' id='word_1_236' title='bbox 2780 1731 2978 1803; x_wconf 89' lang='lat' dir='ltr'><strong>paucis</strong></span> <span class='ocrx_word' id='word_1_237' title='bbox 3008 1730 3218 1801; x_wconf 85' lang='lat' dir='ltr'><strong>aperio.</strong></span> <span class='ocrx_word' id='word_1_238' title='bbox 3263 1728 3461 1784; x_wconf 81' lang='lat' dir='ltr'><strong>Nonne</strong></span> 
     </span>
    </p>
   </div>
   <div class='ocr_carea' id='block_1_34' title="bbox 178 1812 1775 1898">
    <p class='ocr_par' dir='ltr' id='par_1_34' title="bbox 178 1812 1769 1898">
     <span class='ocr_line' id='line_1_34' title="bbox 178 1812 1769 1898; baseline 0.014 -34"><span class='ocrx_word' id='word_1_239' title='bbox 178 1812 480 1884; x_wconf 76' lang='grc' dir='ltr'>ἑλομένοις,</span> <span class='ocrx_word' id='word_1_240' title='bbox 509 1818 594 1871; x_wconf 79' lang='grc' dir='ltr'>ὅτι</span> <span class='ocrx_word' id='word_1_241' title='bbox 620 1820 857 1891; x_wconf 86' lang='grc' dir='ltr'>Χριστοῦ</span> <span class='ocrx_word' id='word_1_242' title='bbox 890 1824 1150 1892; x_wconf 89' lang='grc' dir='ltr'>γεγόνασι</span> <span class='ocrx_word' id='word_1_243' title='bbox 1184 1827 1425 1898; x_wconf 80' lang='grc' dir='ltr'>μαθηταὶ</span> <span class='ocrx_word' id='word_1_244' title='bbox 1455 1833 1567 1895; x_wconf 87' lang='grc' dir='ltr'>τοῖς</span> <span class='ocrx_word' id='word_1_245' title='bbox 1589 1832 1769 1886; x_wconf 83' lang='grc' dir='ltr'>ἁπαν·</span> 
     </span>
    </p>
   </div>
   <div class='ocr_carea' id='block_1_35' title="bbox 1879 1812 3462 1898">
    <p class='ocr_par' dir='ltr' id='par_1_35' title="bbox 1879 1822 3462 1897">
     <span class='ocr_line' id='line_1_35' title="bbox 1879 1822 3462 1897; baseline -0.004 -16"><span class='ocrx_word' id='word_1_246' title='bbox 1879 1827 1922 1881; x_wconf 90' lang='lat' dir='ltr'><strong>si</strong></span> <span class='ocrx_word' id='word_1_247' title='bbox 1950 1827 2079 1897; x_wconf 84' lang='lat' dir='ltr'><strong>quis</strong></span> <span class='ocrx_word' id='word_1_248' title='bbox 2106 1837 2354 1882; x_wconf 88' lang='lat' dir='ltr'><strong>nostrum</strong></span> <span class='ocrx_word' id='word_1_249' title='bbox 2386 1832 2559 1881; x_wconf 89' lang='lat' dir='ltr'><strong>artem</strong></span> <span class='ocrx_word' id='word_1_250' title='bbox 2596 1824 2852 1880; x_wconf 67' lang='lat' dir='ltr'><strong>aerariam</strong></span> <span class='ocrx_word' id='word_1_251' title='bbox 2887 1822 3293 1879; x_wconf 88' lang='lat' dir='ltr'><strong>auttextoriam</strong></span> <span class='ocrx_word' id='word_1_252' title='bbox 3330 1836 3462 1892; x_wconf 82' lang='lat' dir='ltr'><strong>pro-</strong></span> 
     </span>
    </p>
   </div>
   <div class='ocr_carea' id='block_1_36' title="bbox 176 1906 1770 1996">
    <p class='ocr_par' dir='ltr' id='par_1_36' title="bbox 176 1906 1770 1996">
     <span class='ocr_line' id='line_1_36' title="bbox 176 1906 1770 1996; baseline 0.015 -40"><span class='ocrx_word' id='word_1_253' title='bbox 176 1906 380 1975; x_wconf 86' lang='grc' dir='ltr'>ταχόσε</span> <span class='ocrx_word' id='word_1_254' title='bbox 426 1909 830 1981; x_wconf 79' lang='grc' dir='ltr'>γνωρίζεσθαι,</span> <span class='ocrx_word' id='word_1_255' title='bbox 886 1914 947 1968; x_wconf 81' lang='grc' dir='ltr'><strong>τὸ</strong></span> <span class='ocrx_word' id='word_1_256' title='bbox 999 1917 1079 1988; x_wconf 81' lang='grc' dir='ltr'>τῷ</span> <span class='ocrx_word' id='word_1_257' title='bbox 1130 1920 1383 1993; x_wconf 82' lang='grc' dir='ltr'>στεφάνῳ</span> <span class='ocrx_word' id='word_1_258' title='bbox 1418 1922 1518 1992; x_wconf 79' lang='grc' dir='ltr'>τῆς</span> <span class='ocrx_word' id='word_1_259' title='bbox 1548 1924 1770 1996; x_wconf 87' lang='grc' dir='ltr'>ἀγάπης</span> 
     </span>
    </p>
   </div>
   <div class='ocr_carea' id='block_1_37' title="bbox 180 1997 1771 2089">
    <p class='ocr_par' dir='ltr' id='par_1_37' title="bbox 180 1997 1771 2089">
     <span class='ocr_line' id='line_1_37' title="bbox 180 1997 1771 2089; baseline 0.016 -40"><span class='ocrx_word' id='word_1_260' title='bbox 180 1997 667 2089; x_wconf 86' lang='grc' dir='ltr'>ἐπισεμνύνεσθαι,</span> <span class='ocrx_word' id='word_1_261' title='bbox 711 2006 808 2059; x_wconf 78' lang='grc' dir='ltr'>καὶ</span> <span class='ocrx_word' id='word_1_262' title='bbox 838 2008 1093 2081; x_wconf 87' lang='grc' dir='ltr'>καθάπερ</span> <span class='ocrx_word' id='word_1_263' title='bbox 1123 2030 1176 2066; x_wconf 89' lang='grc' dir='ltr'><strong>τι</strong></span> <span class='ocrx_word' id='word_1_264' title='bbox 1218 2015 1535 2089; x_wconf 83' lang='grc' dir='ltr'>σήμαντρον</span> <span class='ocrx_word' id='word_1_265' title='bbox 1574 2019 1771 2089; x_wconf 85' lang='grc' dir='ltr'>ἐπιφέ-</span> 
     </span>
    </p>
   </div>
   <div class='ocr_carea' id='block_1_38' title="bbox 180 2088 1770 2182">
    <p class='ocr_par' dir='ltr' id='par_1_38' title="bbox 180 2088 1770 2182">
     <span class='ocr_line' id='line_1_38' title="bbox 180 2088 1770 2182; baseline 0.015 -42"><span class='ocrx_word' id='word_1_266' title='bbox 180 2088 377 2182; x_wconf 83' lang='grc' dir='ltr'>ρεσθαι</span> <span class='ocrx_word' id='word_1_267' title='bbox 408 2090 502 2144; x_wconf 89' lang='grc' dir='ltr'><strong>τοῦ</strong></span> <span class='ocrx_word' id='word_1_268' title='bbox 540 2093 870 2165; x_wconf 85' lang='grc' dir='ltr'>πράγματος</span> <span class='ocrx_word' id='word_1_269' title='bbox 904 2099 1006 2171; x_wconf 77' lang='grc' dir='ltr'>τὴν</span> <span class='ocrx_word' id='word_1_270' title='bbox 1061 2088 1449 2175; x_wconf 64' lang='grc' dir='ltr'>φιλαλληλίανέ</span> <span class='ocrx_word' id='word_1_271' title='bbox 1484 2107 1577 2161; x_wconf 93' lang='grc' dir='ltr'><strong>τοῦ</strong></span> <span class='ocrx_word' id='word_1_272' title='bbox 1606 2109 1663 2162; x_wconf 88' lang='grc' dir='ltr'><strong>δέ</strong></span> <span class='ocrx_word' id='word_1_273' title='bbox 1692 2088 1770 2182; x_wconf 81' lang='grc' dir='ltr'>δὴ</span> 
     </span>
    </p>
   </div>
   <div class='ocr_carea' id='block_1_39' title="bbox 179 2178 1766 2272">
    <p class='ocr_par' dir='ltr' id='par_1_39' title="bbox 179 2178 1766 2272">
     <span class='ocr_line' id='line_1_39' title="bbox 179 2178 1766 2272; baseline 0.016 -41"><span class='ocrx_word' id='word_1_274' title='bbox 179 2178 367 2272; x_wconf 69' lang='grc' dir='ltr'>χάριν,</span> <span class='ocrx_word' id='word_1_275' title='bbox 404 2185 686 2239; x_wconf 77' lang='grc' dir='ltr'>καὶτοῦτο</span> <span class='ocrx_word' id='word_1_276' title='bbox 721 2190 868 2259; x_wconf 77' lang='grc' dir='ltr'>μημὶ</span> <span class='ocrx_word' id='word_1_277' title='bbox 897 2188 1020 2262; x_wconf 77' lang='grc' dir='ltr'>[γρ.</span> <span class='ocrx_word' id='word_1_278' title='bbox 1062 2194 1332 2268; x_wconf 86' lang='grc' dir='ltr'>μηνύσω]</span> <span class='ocrx_word' id='word_1_279' title='bbox 1371 2198 1457 2252; x_wconf 89' lang='grc' dir='ltr'><strong>διά</strong></span> <span class='ocrx_word' id='word_1_280' title='bbox 1495 2178 1766 2272; x_wconf 53' lang='grc' dir='ltr'>βραχέωνξ</span> 
     </span>
    </p>
   </div>
   <div class='ocr_carea' id='block_1_40' title="bbox 178 2267 1772 2363">
    <p class='ocr_par' dir='ltr' id='par_1_40' title="bbox 178 2267 1772 2363">
     <span class='ocr_line' id='line_1_40' title="bbox 178 2267 1772 2363; baseline 0.016 -40"><span class='ocrx_word' id='word_1_281' title='bbox 178 2267 251 2324; x_wconf 68' lang='grc' dir='ltr'><strong>’Ἀ</strong></span> <span class='ocrx_word' id='word_1_282' title='bbox 263 2290 335 2342; x_wconf 79' lang='lat' dir='ltr'><strong>pa</strong></span> <span class='ocrx_word' id='word_1_283' title='bbox 360 2274 471 2346; x_wconf 79' lang='grc' dir='ltr'><strong>γὰρ</strong></span> <span class='ocrx_word' id='word_1_284' title='bbox 500 2276 552 2329; x_wconf 81' lang='grc' dir='ltr'><strong>εἴ</strong></span> <span class='ocrx_word' id='word_1_285' title='bbox 577 2295 662 2341; x_wconf 85' lang='grc' dir='ltr'><strong>τις</strong></span> <span class='ocrx_word' id='word_1_286' title='bbox 688 2277 796 2332; x_wconf 88' lang='grc' dir='ltr'><strong>τῶν</strong></span> <span class='ocrx_word' id='word_1_287' title='bbox 820 2282 943 2334; x_wconf 84' lang='grc' dir='ltr'>καθ’</span> <span class='ocrx_word' id='word_1_288' title='bbox 967 2285 1116 2354; x_wconf 81' lang='grc' dir='ltr'>ἡμᾶς</span> <span class='ocrx_word' id='word_1_289' title='bbox 1141 2267 1575 2361; x_wconf 64' lang='grc' dir='ltr'>χαλκουργικην,</span> <span class='ocrx_word' id='word_1_290' title='bbox 1600 2267 1772 2363; x_wconf 52' lang='grc' dir='ltr'>ἤγουν</span> 
     </span>
    </p>
   </div>
   <div class='ocr_carea' id='block_1_41' title="bbox 176 2362 1776 2456">
    <p class='ocr_par' dir='ltr' id='par_1_41' title="bbox 176 2362 1776 2456">
     <span class='ocr_line' id='line_1_41' title="bbox 176 2362 1776 2456; baseline 0.018 -42"><span class='ocrx_word' id='word_1_291' title='bbox 176 2362 283 2456; x_wconf 77' lang='grc' dir='ltr'><strong>τὴν</strong></span> <span class='ocrx_word' id='word_1_292' title='bbox 315 2365 555 2433; x_wconf 82' lang='grc' dir='ltr'>ύφάντου</span> <span class='ocrx_word' id='word_1_293' title='bbox 598 2369 760 2444; x_wconf 76' lang='grc' dir='ltr'>μετίη</span> <span class='ocrx_word' id='word_1_294' title='bbox 786 2372 1017 2443; x_wconf 88' lang='grc' dir='ltr'>τέχνην,</span> <span class='ocrx_word' id='word_1_295' title='bbox 1056 2376 1157 2428; x_wconf 89' lang='grc' dir='ltr'><strong>ούκ</strong></span> <span class='ocrx_word' id='word_1_296' title='bbox 1195 2377 1262 2430; x_wconf 82' lang='grc' dir='ltr'>ἂν</span> <span class='ocrx_word' id='word_1_297' title='bbox 1289 2380 1497 2450; x_wconf 82' lang='grc' dir='ltr'>ὁρῷτο,</span> <span class='ocrx_word' id='word_1_298' title='bbox 1539 2385 1634 2439; x_wconf 76' lang='grc' dir='ltr'>καὶ</span> <span class='ocrx_word' id='word_1_299' title='bbox 1669 2386 1776 2456; x_wconf 86' lang='grc' dir='ltr'>μά-</span> 
     </span>
    </p>
   </div>
   <div class='ocr_carea' id='block_1_42' title="bbox 180 2453 1774 2545">
    <p class='ocr_par' dir='ltr' id='par_1_42' title="bbox 180 2453 1774 2545">
     <span class='ocr_line' id='line_1_42' title="bbox 180 2453 1774 2545; baseline 0.016 -39"><span class='ocrx_word' id='word_1_300' title='bbox 180 2453 349 2509; x_wconf 83' lang='grc' dir='ltr'>λιστα</span> <span class='ocrx_word' id='word_1_301' title='bbox 398 2457 619 2525; x_wconf 80' lang='grc' dir='ltr'>σαφῶς,</span> <span class='ocrx_word' id='word_1_302' title='bbox 674 2460 750 2522; x_wconf 77' lang='grc' dir='ltr'>ὡς</span> <span class='ocrx_word' id='word_1_303' title='bbox 801 2463 1147 2533; x_wconf 73' lang='grc' dir='ltr'>χαλκοτύπου</span> <span class='ocrx_word' id='word_1_304' title='bbox 1204 2471 1391 2535; x_wconf 82' lang='grc' dir='ltr'>τινὸς,</span> <span class='ocrx_word' id='word_1_305' title='bbox 1445 2475 1478 2545; x_wconf 83' lang='grc' dir='ltr'>ἢ</span> <span class='ocrx_word' id='word_1_306' title='bbox 1536 2453 1774 2545; x_wconf 79' lang='grc' dir='ltr'>ὑφάντου</span> 
     </span>
    </p>
   </div>
   <div class='ocr_carea' id='block_1_43' title="bbox 182 2545 1778 2639">
    <p class='ocr_par' dir='ltr' id='par_1_43' title="bbox 182 2545 1778 2639">
     <span class='ocr_line' id='line_1_43' title="bbox 182 2545 1778 2639; baseline 0.018 -42"><span class='ocrx_word' id='word_1_307' title='bbox 182 2545 385 2614; x_wconf 78' lang='grc' dir='ltr'>γέγονε</span> <span class='ocrx_word' id='word_1_308' title='bbox 422 2548 710 2621; x_wconf 82' lang='grc' dir='ltr'>μαθητής;</span> <span class='ocrx_word' id='word_1_309' title='bbox 740 2554 806 2607; x_wconf 88' lang='grc' dir='ltr'>Τί</span> <span class='ocrx_word' id='word_1_310' title='bbox 847 2554 906 2609; x_wconf 87' lang='grc' dir='ltr'>δὲ</span> <span class='ocrx_word' id='word_1_311' title='bbox 943 2558 971 2610; x_wconf 91' lang='lat'><strong>6</strong></span> <span class='ocrx_word' id='word_1_312' title='bbox 1012 2562 1333 2632; x_wconf 85' lang='grc' dir='ltr'>τεκτονικῆς</span> <span class='ocrx_word' id='word_1_313' title='bbox 1362 2566 1655 2639; x_wconf 79' lang='grc' dir='ltr'>ἐμπειρίας</span> <span class='ocrx_word' id='word_1_314' title='bbox 1677 2570 1778 2625; x_wconf 83' lang='grc' dir='ltr'><strong>οὐκ</strong></span> 
     </span>
    </p>
   </div>
   <div class='ocr_carea' id='block_1_44' title="bbox 185 2640 1778 2719">
    <p class='ocr_par' dir='ltr' id='par_1_44' title="bbox 185 2640 1778 2719">
     <span class='ocr_line' id='line_1_44' title="bbox 185 2640 1778 2719; baseline 0.016 -28"><span class='ocrx_word' id='word_1_315' title='bbox 185 2640 472 2712; x_wconf 85' lang='grc' dir='ltr'>ἀμοιρῶν;</span> <span class='ocrx_word' id='word_1_316' title='bbox 511 2646 627 2698; x_wconf 82' lang='grc' dir='ltr'>Οὐκ</span> <span class='ocrx_word' id='word_1_317' title='bbox 660 2641 768 2715; x_wconf 83' lang='grc' dir='ltr'>ἆρα</span> <span class='ocrx_word' id='word_1_318' title='bbox 804 2646 1051 2719; x_wconf 82' lang='grc' dir='ltr'>βοήσειεν</span> <span class='ocrx_word' id='word_1_319' title='bbox 1095 2650 1163 2706; x_wconf 83' lang='grc' dir='ltr'>ἂν</span> <span class='ocrx_word' id='word_1_320' title='bbox 1198 2654 1287 2709; x_wconf 85' lang='grc' dir='ltr'>διὰ</span> <span class='ocrx_word' id='word_1_321' title='bbox 1320 2656 1478 2711; x_wconf 90' lang='grc' dir='ltr'>τοῦτο</span> <span class='ocrx_word' id='word_1_322' title='bbox 1514 2660 1778 2717; x_wconf 88' lang='grc' dir='ltr'>δύνασθαι</span> 
     </span>
    </p>
   </div>
   <div class='ocr_carea' id='block_1_45' title="bbox 185 2730 1778 2823">
    <p class='ocr_par' dir='ltr' id='par_1_45' title="bbox 185 2730 1778 2823">
     <span class='ocr_line' id='line_1_45' title="bbox 185 2730 1778 2823; baseline 0.016 -42"><span class='ocrx_word' id='word_1_323' title='bbox 185 2730 494 2823; x_wconf 78' lang='grc' dir='ltr'>κατορθοῦν</span> <span class='ocrx_word' id='word_1_324' title='bbox 523 2734 590 2787; x_wconf 84' lang='grc' dir='ltr'>τὰ</span> <span class='ocrx_word' id='word_1_325' title='bbox 620 2735 677 2787; x_wconf 88' lang='grc' dir='ltr'><strong>ἐν</strong></span> <span class='ocrx_word' id='word_1_326' title='bbox 724 2740 789 2807; x_wconf 83' lang='grc' dir='ltr'><strong>τῇ</strong></span> <span class='ocrx_word' id='word_1_327' title='bbox 833 2738 999 2812; x_wconf 82' lang='grc' dir='ltr'>τέχνῃ</span> <span class='ocrx_word' id='word_1_328' title='bbox 1047 2742 1229 2807; x_wconf 89' lang='grc' dir='ltr'>καλῶς</span> <span class='ocrx_word' id='word_1_329' title='bbox 1250 2785 1265 2811; x_wconf 95' lang='grc'><strong>,</strong></span> <span class='ocrx_word' id='word_1_330' title='bbox 1298 2747 1380 2799; x_wconf 84' lang='grc' dir='ltr'>ὅτι</span> <span class='ocrx_word' id='word_1_331' title='bbox 1410 2747 1639 2805; x_wconf 80' lang='grc' dir='ltr'>τέκτονα</span> <span class='ocrx_word' id='word_1_332' title='bbox 1678 2753 1778 2823; x_wconf 85' lang='grc' dir='ltr'>τῆς</span> 
     </span>
    </p>
   </div>
   <div class='ocr_carea' id='block_1_46' title="bbox 192 2821 1776 2909">
    <p class='ocr_par' dir='ltr' id='par_1_46' title="bbox 192 2821 1776 2909">
     <span class='ocr_line' id='line_1_46' title="bbox 192 2821 1776 2909; baseline 0.016 -37"><span class='ocrx_word' id='word_1_333' title='bbox 192 2821 487 2893; x_wconf 86' lang='grc' dir='ltr'>ἐμπειρίας</span> <span class='ocrx_word' id='word_1_334' title='bbox 539 2824 661 2895; x_wconf 76' lang='grc' dir='ltr'>ἔσχε</span> <span class='ocrx_word' id='word_1_335' title='bbox 708 2827 799 2882; x_wconf 82' lang='grc' dir='ltr'><strong>τὸν</strong></span> <span class='ocrx_word' id='word_1_336' title='bbox 844 2831 1185 2901; x_wconf 76' lang='grc' dir='ltr'>ήγούμενονς</span> <span class='ocrx_word' id='word_1_337' title='bbox 1240 2837 1400 2891; x_wconf 84' lang='grc' dir='ltr'>Κατά</span> <span class='ocrx_word' id='word_1_338' title='bbox 1443 2839 1535 2893; x_wconf 84' lang='grc' dir='ltr'><strong>τὸν</strong></span> <span class='ocrx_word' id='word_1_339' title='bbox 1591 2821 1776 2909; x_wconf 82' lang='grc' dir='ltr'>αὐτὸν,</span> 
     </span>
    </p>
   </div>
   <div class='ocr_carea' id='block_1_47' title="bbox 192 2910 1778 3006">
    <p class='ocr_par' dir='ltr' id='par_1_47' title="bbox 192 2910 1778 3006">
     <span class='ocr_line' id='line_1_47' title="bbox 192 2910 1778 3006; baseline 0.015 -40"><span class='ocrx_word' id='word_1_340' title='bbox 192 2910 365 2985; x_wconf 80' lang='grc' dir='ltr'>οἶμαι.</span> <span class='ocrx_word' id='word_1_341' title='bbox 404 2914 563 2984; x_wconf 87' lang='grc' dir='ltr'>λόγον</span> <span class='ocrx_word' id='word_1_342' title='bbox 604 2919 653 2971; x_wconf 92' lang='grc' dir='ltr'>οἱ</span> <span class='ocrx_word' id='word_1_343' title='bbox 683 2923 783 2990; x_wconf 82' lang='grc' dir='ltr'>τῆς</span> <span class='ocrx_word' id='word_1_344' title='bbox 818 2920 1101 2991; x_wconf 82' lang='grc' dir='ltr'>θεοφιλοῦς</span> <span class='ocrx_word' id='word_1_345' title='bbox 1130 2928 1351 2997; x_wconf 85' lang='grc' dir='ltr'>ἀγάπης</span> <span class='ocrx_word' id='word_1_346' title='bbox 1388 2931 1778 3006; x_wconf 86' lang='grc' dir='ltr'>πληρουμένην</span> 
     </span>
    </p>
   </div>
   <div class='ocr_carea' id='block_1_48' title="bbox 196 3007 1774 3096">
    <p class='ocr_par' dir='ltr' id='par_1_48' title="bbox 196 3007 1774 3096">
     <span class='ocr_line' id='line_1_48' title="bbox 196 3007 1774 3096; baseline 0.015 -38"><span class='ocrx_word' id='word_1_347' title='bbox 196 3007 253 3059; x_wconf 90' lang='grc' dir='ltr'><strong>ἐν</strong></span> <span class='ocrx_word' id='word_1_348' title='bbox 285 3007 498 3072; x_wconf 78' lang='grc' dir='ltr'>ἑαυτοῖς</span> <span class='ocrx_word' id='word_1_349' title='bbox 536 3009 632 3081; x_wconf 86' lang='grc' dir='ltr'><strong>τὴν</strong></span> <span class='ocrx_word' id='word_1_350' title='bbox 656 3010 891 3083; x_wconf 89' lang='grc' dir='ltr'>δύναμιν</span> <span class='ocrx_word' id='word_1_351' title='bbox 918 3015 1155 3085; x_wconf 78' lang='grc' dir='ltr'>ἔχοντες.</span> <span class='ocrx_word' id='word_1_352' title='bbox 1190 3019 1400 3075; x_wconf 72' lang='grc' dir='ltr'>ἀκονιτὶ</span> <span class='ocrx_word' id='word_1_353' title='bbox 1426 3026 1774 3096; x_wconf 86' lang='grc' dir='ltr'>γνωριοῦσιν,</span> 
     </span>
    </p>
   </div>
   <div class='ocr_carea' id='block_1_49' title="bbox 1872 1915 3459 1988">
    <p class='ocr_par' dir='ltr' id='par_1_49' title="bbox 1872 1915 3459 1988">
     <span class='ocr_line' id='line_1_49' title="bbox 1872 1915 3459 1988; baseline -0.005 -13"><span class='ocrx_word' id='word_1_354' title='bbox 1872 1919 2119 1985; x_wconf 72' lang='lat' dir='ltr'><strong>ﬁtentur,</strong></span> <span class='ocrx_word' id='word_1_355' title='bbox 2154 1920 2238 1975; x_wconf 86' lang='lat' dir='ltr'><strong>vel</strong></span> <span class='ocrx_word' id='word_1_356' title='bbox 2272 1920 2401 1975; x_wconf 86' lang='lat' dir='ltr'><strong>hinc</strong></span> <span class='ocrx_word' id='word_1_357' title='bbox 2426 1920 2666 1975; x_wconf 80' lang='lat' dir='ltr'><strong>maxime</strong></span> <span class='ocrx_word' id='word_1_358' title='bbox 2695 1916 2961 1988; x_wconf 85' lang='lat' dir='ltr'><strong>prodatur</strong></span> <span class='ocrx_word' id='word_1_359' title='bbox 2988 1915 3131 1971; x_wconf 79' lang='lat' dir='ltr'><strong>fabri</strong></span> <span class='ocrx_word' id='word_1_360' title='bbox 3172 1915 3459 1983; x_wconf 89' lang='lat' dir='ltr'><strong>cujusdam</strong></span> 
     </span>
    </p>
   </div>
   <div class='ocr_carea' id='block_1_50' title="bbox 1871 2007 3465 2080">
    <p class='ocr_par' dir='ltr' id='par_1_50' title="bbox 1871 2007 3465 2080">
     <span class='ocr_line' id='line_1_50' title="bbox 1871 2007 3465 2080; baseline -0.004 -12"><span class='ocrx_word' id='word_1_361' title='bbox 1871 2012 2052 2068; x_wconf 53' lang='lat' dir='ltr'><strong>trarii</strong></span> <span class='ocrx_word' id='word_1_362' title='bbox 2100 2020 2200 2067; x_wconf 90' lang='lat' dir='ltr'><strong>aut</strong></span> <span class='ocrx_word' id='word_1_363' title='bbox 2234 2012 2470 2068; x_wconf 75' lang='lat' dir='ltr'><strong>textoris</strong></span> <span class='ocrx_word' id='word_1_364' title='bbox 2520 2011 2697 2066; x_wconf 80' lang='lat' dir='ltr'><strong>fuisse</strong></span> <span class='ocrx_word' id='word_1_365' title='bbox 2744 2008 3097 2080; x_wconf 80' lang='lat' dir='ltr'><strong>discipulus?</strong></span> <span class='ocrx_word' id='word_1_366' title='bbox 3136 2007 3281 2073; x_wconf 86' lang='lat' dir='ltr'><strong>Quid</strong></span> <span class='ocrx_word' id='word_1_367' title='bbox 3329 2020 3465 2061; x_wconf 84' lang='lat' dir='ltr'><strong>vero</strong></span> 
     </span>
    </p>
   </div>
   <div class='ocr_carea' id='block_1_51' title="bbox 1874 2100 3464 2174">
    <p class='ocr_par' dir='ltr' id='par_1_51' title="bbox 1874 2100 3464 2174">
     <span class='ocr_line' id='line_1_51' title="bbox 1874 2100 3464 2174; baseline -0.004 -15"><span class='ocrx_word' id='word_1_368' title='bbox 1874 2103 2090 2160; x_wconf 80' lang='lat' dir='ltr'><strong>fabrilis</strong></span> <span class='ocrx_word' id='word_1_369' title='bbox 2140 2104 2275 2160; x_wconf 88' lang='lat' dir='ltr'><strong>artis</strong></span> <span class='ocrx_word' id='word_1_370' title='bbox 2326 2104 2583 2174; x_wconf 89' lang='lat' dir='ltr'><strong>peritus?</strong></span> <span class='ocrx_word' id='word_1_371' title='bbox 2621 2101 2813 2157; x_wconf 88' lang='lat' dir='ltr'><strong>Nonne</strong></span> <span class='ocrx_word' id='word_1_372' title='bbox 2852 2100 2976 2156; x_wconf 89' lang='lat' dir='ltr'><strong>ideo</strong></span> <span class='ocrx_word' id='word_1_373' title='bbox 3026 2116 3086 2157; x_wconf 91' lang='lat' dir='ltr'><strong>se</strong></span> <span class='ocrx_word' id='word_1_374' title='bbox 3141 2109 3313 2155; x_wconf 90' lang='lat' dir='ltr'><strong>artem</strong></span> <span class='ocrx_word' id='word_1_375' title='bbox 3366 2114 3464 2170; x_wconf 80' lang='lat' dir='ltr'><strong>ap-</strong></span> 
     </span>
    </p>
   </div>
   <div class='ocr_carea' id='block_1_52' title="bbox 1874 2192 3467 2268">
    <p class='ocr_par' dir='ltr' id='par_1_52' title="bbox 1874 2192 3467 2268">
     <span class='ocr_line' id='line_1_52' title="bbox 1874 2192 3467 2268; baseline -0.007 -14"><span class='ocrx_word' id='word_1_376' title='bbox 1874 2200 2049 2268; x_wconf 89' lang='lat' dir='ltr'><strong>prime</strong></span> <span class='ocrx_word' id='word_1_377' title='bbox 2074 2199 2278 2254; x_wconf 89' lang='lat' dir='ltr'><strong>callere</strong></span> <span class='ocrx_word' id='word_1_378' title='bbox 2299 2197 2525 2261; x_wconf 73' lang='lat' dir='ltr'><strong>dixerit,</strong></span> <span class='ocrx_word' id='word_1_379' title='bbox 2552 2196 2685 2267; x_wconf 86' lang='lat' dir='ltr'><strong>quia</strong></span> <span class='ocrx_word' id='word_1_380' title='bbox 2717 2195 2877 2250; x_wconf 83' lang='lat' dir='ltr'><strong>fabro</strong></span> <span class='ocrx_word' id='word_1_381' title='bbox 2902 2210 3037 2249; x_wconf 89' lang='lat' dir='ltr'><strong>usus</strong></span> <span class='ocrx_word' id='word_1_382' title='bbox 3069 2193 3142 2248; x_wconf 87' lang='lat' dir='ltr'><strong>sit</strong></span> <span class='ocrx_word' id='word_1_383' title='bbox 3166 2192 3467 2261; x_wconf 82' lang='lat' dir='ltr'><strong>magistro?</strong></span> 
     </span>
    </p>
   </div>
   <div class='ocr_carea' id='block_1_53' title="bbox 1875 2286 3463 2362">
    <p class='ocr_par' dir='ltr' id='par_1_53' title="bbox 1875 2286 3463 2362">
     <span class='ocr_line' id='line_1_53' title="bbox 1875 2286 3463 2362; baseline -0.006 -17"><span class='ocrx_word' id='word_1_384' title='bbox 1875 2291 2106 2356; x_wconf 82' lang='lat' dir='ltr'><strong>Eodem,</strong></span> <span class='ocrx_word' id='word_1_385' title='bbox 2148 2292 2369 2362; x_wconf 86' lang='lat' dir='ltr'><strong>opinor,</strong></span> <span class='ocrx_word' id='word_1_386' title='bbox 2412 2290 2576 2347; x_wconf 89' lang='lat' dir='ltr'><strong>modo</strong></span> <span class='ocrx_word' id='word_1_387' title='bbox 2632 2290 2726 2360; x_wconf 88' lang='lat' dir='ltr'><strong>qui</strong></span> <span class='ocrx_word' id='word_1_388' title='bbox 2780 2288 3076 2343; x_wconf 82' lang='lat' dir='ltr'><strong>charitatis</strong></span> <span class='ocrx_word' id='word_1_389' title='bbox 3111 2302 3239 2358; x_wconf 77' lang='lat' dir='ltr'><strong>erga</strong></span> <span class='ocrx_word' id='word_1_390' title='bbox 3293 2286 3463 2341; x_wconf 83' lang='lat' dir='ltr'><strong>Deum</strong></span> 
     </span>
    </p>
   </div>
   <div class='ocr_carea' id='block_1_54' title="bbox 1877 2379 3467 2454">
    <p class='ocr_par' dir='ltr' id='par_1_54' title="bbox 1877 2379 3467 2454">
     <span class='ocr_line' id='line_1_54' title="bbox 1877 2379 3467 2454; baseline -0.005 -17"><span class='ocrx_word' id='word_1_391' title='bbox 1877 2384 2093 2454; x_wconf 89' lang='lat' dir='ltr'><strong>plenam</strong></span> <span class='ocrx_word' id='word_1_392' title='bbox 2147 2386 2202 2438; x_wconf 90' lang='lat' dir='ltr'><strong>iu</strong></span> <span class='ocrx_word' id='word_1_393' title='bbox 2252 2384 2452 2453; x_wconf 89' lang='lat' dir='ltr'><strong>scipsis</strong></span> <span class='ocrx_word' id='word_1_394' title='bbox 2484 2383 2593 2438; x_wconf 86' lang='lat' dir='ltr'><strong>vim</strong></span> <span class='ocrx_word' id='word_1_395' title='bbox 2645 2382 2877 2443; x_wconf 87' lang='lat' dir='ltr'><strong>habent,</strong></span> <span class='ocrx_word' id='word_1_396' title='bbox 2928 2380 3083 2434; x_wconf 90' lang='lat' dir='ltr'><strong>nullo</strong></span> <span class='ocrx_word' id='word_1_397' title='bbox 3118 2379 3337 2449; x_wconf 84' lang='lat' dir='ltr'><strong>negotio</strong></span> <span class='ocrx_word' id='word_1_398' title='bbox 3365 2393 3467 2431; x_wconf 79' lang='lat' dir='ltr'><strong>eo-</strong></span> 
     </span>
    </p>
   </div>
   <div class='ocr_carea' id='block_1_55' title="bbox 1879 2471 3473 2549">
    <p class='ocr_par' dir='ltr' id='par_1_55' title="bbox 1879 2471 3473 2549">
     <span class='ocr_line' id='line_1_55' title="bbox 1879 2471 3473 2549; baseline -0.005 -17"><span class='ocrx_word' id='word_1_399' title='bbox 1879 2479 2253 2549; x_wconf 78' lang='lat' dir='ltr'><strong>gnoscendum</strong></span> <span class='ocrx_word' id='word_1_400' title='bbox 2276 2476 2598 2547; x_wconf 84' lang='lat' dir='ltr'><strong>praebebunt</strong></span> <span class='ocrx_word' id='word_1_401' title='bbox 2622 2490 2680 2531; x_wconf 90' lang='lat' dir='ltr'><strong>se</strong></span> <span class='ocrx_word' id='word_1_402' title='bbox 2694 2474 2986 2530; x_wconf 88' lang='lat' dir='ltr'><strong>ebaritatis</strong></span> <span class='ocrx_word' id='word_1_403' title='bbox 3002 2473 3281 2528; x_wconf 79' lang='lat' dir='ltr'><strong>exstitisse</strong></span> <span class='ocrx_word' id='word_1_404' title='bbox 3300 2471 3473 2525; x_wconf 79' lang='lat' dir='ltr'><strong>disci-</strong></span> 
     </span>
    </p>
   </div>
   <div class='ocr_carea' id='block_1_56' title="bbox 1880 2562 3468 2641">
    <p class='ocr_par' dir='ltr' id='par_1_56' title="bbox 1880 2562 3468 2641">
     <span class='ocr_line' id='line_1_56' title="bbox 1880 2562 3468 2641; baseline -0.006 -16"><span class='ocrx_word' id='word_1_405' title='bbox 1880 2572 2064 2641; x_wconf 88' lang='lat' dir='ltr'><strong>pulos,</strong></span> <span class='ocrx_word' id='word_1_406' title='bbox 2096 2570 2213 2626; x_wconf 88' lang='lat' dir='ltr'><strong>sive</strong></span> <span class='ocrx_word' id='word_1_407' title='bbox 2248 2569 2481 2631; x_wconf 85' lang='lat' dir='ltr'><strong>Christi,</strong></span> <span class='ocrx_word' id='word_1_408' title='bbox 2515 2569 2608 2638; x_wconf 90' lang='lat' dir='ltr'><strong>qui</strong></span> <span class='ocrx_word' id='word_1_409' title='bbox 2641 2566 3103 2637; x_wconf 78' lang='lat' dir='ltr'><strong>perfectissimam</strong></span> <span class='ocrx_word' id='word_1_410' title='bbox 3151 2565 3205 2618; x_wconf 91' lang='lat' dir='ltr'><strong>in</strong></span> <span class='ocrx_word' id='word_1_411' title='bbox 3244 2578 3304 2618; x_wconf 90' lang='lat' dir='ltr'><strong>se</strong></span> <span class='ocrx_word' id='word_1_412' title='bbox 3332 2562 3468 2617; x_wconf 82' lang='lat' dir='ltr'><strong>cha-</strong></span> 
     </span>
    </p>
   </div>
   <div class='ocr_carea' id='block_1_57' title="bbox 1882 2656 3471 2717">
    <p class='ocr_par' dir='ltr' id='par_1_57' title="bbox 1882 2656 3471 2717">
     <span class='ocr_line' id='line_1_57' title="bbox 1882 2656 3471 2717; baseline -0.005 -2"><span class='ocrx_word' id='word_1_413' title='bbox 1882 2662 2099 2717; x_wconf 85' lang='lat' dir='ltr'><strong>ritatent</strong></span> <span class='ocrx_word' id='word_1_414' title='bbox 2140 2660 2405 2715; x_wconf 81' lang='lat' dir='ltr'><strong>continet.</strong></span> <span class='ocrx_word' id='word_1_415' title='bbox 2450 2660 2540 2713; x_wconf 88' lang='lat' dir='ltr'><strong>Sic</strong></span> <span class='ocrx_word' id='word_1_416' title='bbox 2574 2658 2720 2714; x_wconf 89' lang='lat' dir='ltr'><strong>enim</strong></span> <span class='ocrx_word' id='word_1_417' title='bbox 2754 2658 2947 2713; x_wconf 82' lang='lat' dir='ltr'><strong>dilexit</strong></span> <span class='ocrx_word' id='word_1_418' title='bbox 2980 2656 3269 2712; x_wconf 89' lang='lat' dir='ltr'><strong>mundum.</strong></span> <span class='ocrx_word' id='word_1_419' title='bbox 3313 2663 3373 2707; x_wconf 92' lang='lat' dir='ltr'><strong>ut</strong></span> <span class='ocrx_word' id='word_1_420' title='bbox 3415 2663 3471 2708; x_wconf 88' lang='lat' dir='ltr'><strong>et</strong></span> 
     </span>
    </p>
   </div>
   <div class='ocr_carea' id='block_1_58' title="bbox 1882 2745 3473 2823">
    <p class='ocr_par' dir='ltr' id='par_1_58' title="bbox 1882 2745 3473 2823">
     <span class='ocr_line' id='line_1_58' title="bbox 1882 2745 3473 2823; baseline -0.005 -15"><span class='ocrx_word' id='word_1_421' title='bbox 1882 2753 2058 2823; x_wconf 85' lang='lat' dir='ltr'><strong>ipsam</strong></span> <span class='ocrx_word' id='word_1_422' title='bbox 2104 2768 2204 2823; x_wconf 86' lang='lat' dir='ltr'><strong>pro</strong></span> <span class='ocrx_word' id='word_1_423' title='bbox 2238 2766 2306 2808; x_wconf 92' lang='lat' dir='ltr'><strong>eo</strong></span> <span class='ocrx_word' id='word_1_424' title='bbox 2353 2753 2594 2806; x_wconf 91' lang='lat' dir='ltr'><strong>animam</strong></span> <span class='ocrx_word' id='word_1_425' title='bbox 2654 2750 2903 2821; x_wconf 89' lang='lat' dir='ltr'><strong>posuerit</strong></span> <span class='ocrx_word' id='word_1_426' title='bbox 2936 2750 3015 2814; x_wconf 80' lang='lat'><strong>&quot;,</strong></span> <span class='ocrx_word' id='word_1_427' title='bbox 3047 2757 3101 2803; x_wconf 90' lang='lat' dir='ltr'><strong>et</strong></span> <span class='ocrx_word' id='word_1_428' title='bbox 3134 2746 3352 2802; x_wconf 73' lang='lat' dir='ltr'><strong>Jutlaici</strong></span> <span class='ocrx_word' id='word_1_429' title='bbox 3385 2745 3473 2800; x_wconf 79' lang='lat' dir='ltr'><strong>fu-</strong></span> 
     </span>
    </p>
   </div>
   <div class='ocr_carea' id='block_1_59' title="bbox 1882 2838 3470 2913">
    <p class='ocr_par' dir='ltr' id='par_1_59' title="bbox 1882 2838 3470 2913">
     <span class='ocr_line' id='line_1_59' title="bbox 1882 2838 3470 2913; baseline -0.004 -15"><span class='ocrx_word' id='word_1_430' title='bbox 1882 2846 2027 2900; x_wconf 84' lang='lat' dir='ltr'><strong>roris</strong></span> <span class='ocrx_word' id='word_1_431' title='bbox 2071 2845 2472 2899; x_wconf 84' lang='lat' dir='ltr'><strong>immanitatem</strong></span> <span class='ocrx_word' id='word_1_432' title='bbox 2523 2843 2830 2913; x_wconf 87' lang='lat' dir='ltr'><strong>pertulerit.</strong></span> <span class='ocrx_word' id='word_1_433' title='bbox 2882 2841 3041 2907; x_wconf 88' lang='lat' dir='ltr'><strong>Quod</strong></span> <span class='ocrx_word' id='word_1_434' title='bbox 3079 2842 3198 2912; x_wconf 86' lang='lat' dir='ltr'><strong>ipse</strong></span> <span class='ocrx_word' id='word_1_435' title='bbox 3242 2838 3470 2909; x_wconf 83' lang='lat' dir='ltr'><strong>quidem</strong></span> 
     </span>
    </p>
   </div>
   <div class='ocr_carea' id='block_1_60' title="bbox 1882 2931 3472 3005">
    <p class='ocr_par' dir='ltr' id='par_1_60' title="bbox 1882 2931 3472 3005">
     <span class='ocr_line' id='line_1_60' title="bbox 1882 2931 3472 3005; baseline -0.003 -15"><span class='ocrx_word' id='word_1_436' title='bbox 1882 2936 2180 2991; x_wconf 86' lang='lat' dir='ltr'><strong>testabitur</strong></span> <span class='ocrx_word' id='word_1_437' title='bbox 2208 2936 2275 2989; x_wconf 89' lang='lat' dir='ltr'><strong>ad</strong></span> <span class='ocrx_word' id='word_1_438' title='bbox 2313 2936 2619 3005; x_wconf 89' lang='lat' dir='ltr'><strong>discipulos</strong></span> <span class='ocrx_word' id='word_1_439' title='bbox 2648 2951 2805 2999; x_wconf 89' lang='lat' dir='ltr'><strong>suos,</strong></span> <span class='ocrx_word' id='word_1_440' title='bbox 2851 2933 3085 2989; x_wconf 91' lang='lat' dir='ltr'><strong>dicens:</strong></span> <span class='ocrx_word' id='word_1_441' title='bbox 3128 2951 3147 2983; x_wconf 77' lang='grc' dir='ltr'><strong>ι</strong></span> <span class='ocrx_word' id='word_1_442' title='bbox 3184 2931 3321 2997; x_wconf 89' lang='lat' dir='ltr'><strong>Quia</strong></span> <span class='ocrx_word' id='word_1_443' title='bbox 3350 2946 3472 2985; x_wconf 87' lang='lat' dir='ltr'><strong>ma-</strong></span> 
     </span>
    </p>
   </div>
   <div class='ocr_carea' id='block_1_61' title="bbox 1876 3023 3471 3101">
    <p class='ocr_par' dir='ltr' id='par_1_61' title="bbox 1876 3023 3471 3101">
     <span class='ocr_line' id='line_1_61' title="bbox 1876 3023 3471 3101; baseline -0.006 -16"><span class='ocrx_word' id='word_1_444' title='bbox 1876 3029 2056 3101; x_wconf 90' lang='lat' dir='ltr'><strong>jorem</strong></span> <span class='ocrx_word' id='word_1_445' title='bbox 2093 3029 2198 3083; x_wconf 90' lang='lat' dir='ltr'><strong>hac</strong></span> <span class='ocrx_word' id='word_1_446' title='bbox 2220 3028 2495 3081; x_wconf 89' lang='lat' dir='ltr'><strong>charitate</strong></span> <span class='ocrx_word' id='word_1_447' title='bbox 2535 3039 2698 3079; x_wconf 89' lang='lat' dir='ltr'><strong>nemo</strong></span> <span class='ocrx_word' id='word_1_448' title='bbox 2727 3023 2915 3087; x_wconf 88' lang='lat' dir='ltr'><strong>habet,</strong></span> <span class='ocrx_word' id='word_1_449' title='bbox 2947 3030 3006 3077; x_wconf 83' lang='grc' dir='ltr'><strong>ιιι</strong></span> <span class='ocrx_word' id='word_1_450' title='bbox 3041 3023 3283 3077; x_wconf 88' lang='lat' dir='ltr'><strong>animam</strong></span> <span class='ocrx_word' id='word_1_451' title='bbox 3315 3037 3471 3076; x_wconf 89' lang='lat' dir='ltr'><strong>suam</strong></span> 
     </span>
    </p>
   </div>
   <div class='ocr_carea' id='block_1_62' title="bbox 199 3097 1775 3209">
    <p class='ocr_par' dir='ltr' id='par_1_62' title="bbox 199 3097 1775 3209">
     <span class='ocr_line' id='line_1_62' title="bbox 199 3097 1775 3209; baseline 0.014 -60"><span class='ocrx_word' id='word_1_452' title='bbox 199 3098 279 3209; x_wconf 53' lang='lat' dir='ltr'><strong>Et:</strong></span> <span class='ocrx_word' id='word_1_453' title='bbox 304 3097 403 3169; x_wconf 77' lang='grc' dir='ltr'>τῆς</span> <span class='ocrx_word' id='word_1_454' title='bbox 435 3099 660 3173; x_wconf 81' lang='grc' dir='ltr'>ἀγάπης</span> <span class='ocrx_word' id='word_1_455' title='bbox 688 3104 947 3173; x_wconf 79' lang='grc' dir='ltr'>γεγόνασι</span> <span class='ocrx_word' id='word_1_456' title='bbox 985 3107 1249 3180; x_wconf 79' lang='grc' dir='ltr'>μαθηταὶ,</span> <span class='ocrx_word' id='word_1_457' title='bbox 1281 3112 1400 3182; x_wconf 73' lang='grc' dir='ltr'>ἦτοι</span> <span class='ocrx_word' id='word_1_458' title='bbox 1439 3114 1536 3168; x_wconf 87' lang='grc' dir='ltr'><strong>τοῦ</strong></span> <span class='ocrx_word' id='word_1_459' title='bbox 1562 3116 1660 3187; x_wconf 80' lang='grc' dir='ltr'>τὴν</span> <span class='ocrx_word' id='word_1_460' title='bbox 1697 3120 1775 3181; x_wconf 83' lang='grc' dir='ltr'>εἰς</span> 
     </span>
    </p>
   </div>
   <div class='ocr_carea' id='block_1_63' title="bbox 1879 3097 3474 3209">
    <p class='ocr_par' dir='ltr' id='par_1_63' title="bbox 1879 3097 3474 3188">
     <span class='ocr_line' id='line_1_63' title="bbox 1879 3097 3474 3188; baseline -0.003 -16"><span class='ocrx_word' id='word_1_461' title='bbox 1879 3097 2055 3188; x_wconf 80' lang='lat' dir='ltr'><strong>ponat</strong></span> <span class='ocrx_word' id='word_1_462' title='bbox 2083 3116 2210 3186; x_wconf 87' lang='lat' dir='ltr'><strong>quis</strong></span> <span class='ocrx_word' id='word_1_463' title='bbox 2250 3130 2353 3187; x_wconf 89' lang='lat' dir='ltr'><strong>pro</strong></span> <span class='ocrx_word' id='word_1_464' title='bbox 2379 3115 2576 3171; x_wconf 89' lang='lat' dir='ltr'><strong>amicis</strong></span> <span class='ocrx_word' id='word_1_465' title='bbox 2621 3116 2741 3171; x_wconf 90' lang='lat' dir='ltr'><strong>suis</strong></span> <span class='ocrx_word' id='word_1_466' title='bbox 2790 3115 2857 3169; x_wconf 81' lang='lat'><strong>”.</strong></span> <span class='ocrx_word' id='word_1_467' title='bbox 2901 3133 2922 3168; x_wconf 87' lang='lat'><strong>:</strong></span> <span class='ocrx_word' id='word_1_468' title='bbox 2967 3112 3108 3168; x_wconf 91' lang='lat' dir='ltr'><strong>Cum</strong></span> <span class='ocrx_word' id='word_1_469' title='bbox 3149 3113 3296 3168; x_wconf 90' lang='lat' dir='ltr'><strong>enim</strong></span> <span class='ocrx_word' id='word_1_470' title='bbox 3328 3112 3474 3168; x_wconf 85' lang='lat' dir='ltr'><strong>Deus</strong></span> 
     </span>
    </p>
   </div>
   <div class='ocr_carea' id='block_1_64' title="bbox 203 3187 1779 3281">
    <p class='ocr_par' dir='ltr' id='par_1_64' title="bbox 203 3187 1779 3281">
     <span class='ocr_line' id='line_1_64' title="bbox 203 3187 1779 3281; baseline 0.013 -40"><span class='ocrx_word' id='word_1_471' title='bbox 203 3187 373 3281; x_wconf 68' lang='grc' dir='ltr'>ἄκραν</span> <span class='ocrx_word' id='word_1_472' title='bbox 414 3193 651 3281; x_wconf 11' lang='grc' dir='ltr'>,ἀγάπην</span> <span class='ocrx_word' id='word_1_473' title='bbox 714 3194 930 3267; x_wconf 75' lang='grc' dir='ltr'>ἔχοντος</span> <span class='ocrx_word' id='word_1_474' title='bbox 1001 3200 1261 3270; x_wconf 80' lang='grc' dir='ltr'>Χριστοῦ.</span> <span class='ocrx_word' id='word_1_475' title='bbox 1325 3204 1605 3276; x_wconf 82' lang='grc' dir='ltr'>Ἠγάπησε</span> <span class='ocrx_word' id='word_1_476' title='bbox 1668 3207 1779 3281; x_wconf 91' lang='grc' dir='ltr'><strong>γάρ</strong></span> 
     </span>
    </p>
   </div>
   <div class='ocr_carea' id='block_1_65' title="bbox 205 3274 1780 3361">
    <p class='ocr_par' dir='ltr' id='par_1_65' title="bbox 205 3274 1780 3361">
     <span class='ocr_line' id='line_1_65' title="bbox 205 3274 1780 3361; baseline 0.014 -32"><span class='ocrx_word' id='word_1_477' title='bbox 205 3274 341 3331; x_wconf 77' lang='grc' dir='ltr'>οὕτω</span> <span class='ocrx_word' id='word_1_478' title='bbox 380 3279 469 3333; x_wconf 83' lang='grc' dir='ltr'><strong>τὸν</strong></span> <span class='ocrx_word' id='word_1_479' title='bbox 508 3282 733 3353; x_wconf 88' lang='grc' dir='ltr'>κόσμον,</span> <span class='ocrx_word' id='word_1_480' title='bbox 762 3285 839 3348; x_wconf 84' lang='grc' dir='ltr'>ὡς</span> <span class='ocrx_word' id='word_1_481' title='bbox 883 3289 977 3341; x_wconf 72' lang='grc' dir='ltr'><strong>καὶ</strong></span> <span class='ocrx_word' id='word_1_482' title='bbox 1021 3288 1192 3355; x_wconf 79' lang='grc' dir='ltr'>αὐτὴν</span> <span class='ocrx_word' id='word_1_483' title='bbox 1227 3291 1367 3361; x_wconf 80' lang='grc' dir='ltr'>ὑπὲρ</span> <span class='ocrx_word' id='word_1_484' title='bbox 1398 3274 1562 3347; x_wconf 84' lang='grc' dir='ltr'>αὐτοῦ</span> <span class='ocrx_word' id='word_1_485' title='bbox 1608 3274 1780 3351; x_wconf 53' lang='grc' dir='ltr'>καταί-</span> 
     </span>
    </p>
   </div>
   <div class='ocr_carea' id='block_1_66' title="bbox 204 3368 1779 3461">
    <p class='ocr_par' dir='ltr' id='par_1_66' title="bbox 204 3368 1779 3461">
     <span class='ocr_line' id='line_1_66' title="bbox 204 3368 1779 3461; baseline 0.015 -39"><span class='ocrx_word' id='word_1_486' title='bbox 204 3368 368 3424; x_wconf 83' lang='grc' dir='ltr'>θεῖναι</span> <span class='ocrx_word' id='word_1_487' title='bbox 398 3372 500 3444; x_wconf 81' lang='grc' dir='ltr'>τὴν</span> <span class='ocrx_word' id='word_1_488' title='bbox 530 3374 739 3447; x_wconf 75' lang='grc' dir='ltr'>ψυχὴν,</span> <span class='ocrx_word' id='word_1_489' title='bbox 776 3377 871 3430; x_wconf 75' lang='grc' dir='ltr'>καὶ</span> <span class='ocrx_word' id='word_1_490' title='bbox 915 3378 1025 3431; x_wconf 88' lang='grc' dir='ltr'><strong>τῶν</strong></span> <span class='ocrx_word' id='word_1_491' title='bbox 1060 3380 1371 3437; x_wconf 82' lang='grc' dir='ltr'>Ἰουδαϊκῶν</span> <span class='ocrx_word' id='word_1_492' title='bbox 1408 3386 1779 3461; x_wconf 87' lang='grc' dir='ltr'>τολμημάτων</span> 
     </span>
    </p>
   </div>
   <div class='ocr_carea' id='block_1_67' title="bbox 202 3463 1780 3551">
    <p class='ocr_par' dir='ltr' id='par_1_67' title="bbox 202 3463 1780 3551">
     <span class='ocr_line' id='line_1_67' title="bbox 202 3463 1780 3551; baseline 0.016 -37"><span class='ocrx_word' id='word_1_493' title='bbox 202 3463 488 3534; x_wconf 83' lang='grc' dir='ltr'>ὑπομεῖναι</span> <span class='ocrx_word' id='word_1_494' title='bbox 543 3468 643 3534; x_wconf 80' lang='grc' dir='ltr'><strong>τὴν</strong></span> <span class='ocrx_word' id='word_1_495' title='bbox 690 3469 1012 3541; x_wconf 87' lang='grc' dir='ltr'>ἀγριότητα.</span> <span class='ocrx_word' id='word_1_496' title='bbox 1047 3474 1158 3527; x_wconf 77' lang='grc' dir='ltr'><strong>Καὶ</strong></span> <span class='ocrx_word' id='word_1_497' title='bbox 1209 3480 1555 3551; x_wconf 82' lang='grc' dir='ltr'>μαρτυρήσει</span> <span class='ocrx_word' id='word_1_498' title='bbox 1605 3481 1780 3551; x_wconf 87' lang='grc' dir='ltr'>λέγων</span> 
     </span>
    </p>
   </div>
   <div class='ocr_carea' id='block_1_68' title="bbox 194 3556 1782 3639">
    <p class='ocr_par' dir='ltr' id='par_1_68' title="bbox 194 3556 1782 3639">
     <span class='ocr_line' id='line_1_68' title="bbox 194 3556 1782 3639; baseline 0.013 -31"><span class='ocrx_word' id='word_1_499' title='bbox 194 3556 353 3621; x_wconf 59' lang='grc' dir='ltr'>αὐτὸς</span> <span class='ocrx_word' id='word_1_500' title='bbox 399 3559 541 3630; x_wconf 86' lang='grc' dir='ltr'>πρὸς</span> <span class='ocrx_word' id='word_1_501' title='bbox 584 3561 712 3624; x_wconf 82' lang='grc' dir='ltr'>τοὺς</span> <span class='ocrx_word' id='word_1_502' title='bbox 755 3562 950 3616; x_wconf 83' lang='grc' dir='ltr'>ἐαυτοῦ</span> <span class='ocrx_word' id='word_1_503' title='bbox 1004 3565 1255 3639; x_wconf 84' lang='grc' dir='ltr'>μαθητὰς</span> <span class='ocrx_word' id='word_1_504' title='bbox 1281 3607 1298 3633; x_wconf 95' lang='grc'><strong>,</strong></span> <span class='ocrx_word' id='word_1_505' title='bbox 1350 3570 1430 3623; x_wconf 81' lang='grc' dir='ltr'>ὅτι</span> <span class='ocrx_word' id='word_1_506' title='bbox 1480 3590 1499 3624; x_wconf 77' lang='grc' dir='ltr'><strong>ι</strong></span> <span class='ocrx_word' id='word_1_507' title='bbox 1540 3574 1782 3638; x_wconf 80' lang='grc' dir='ltr'>Μείζονα</span> 
     </span>
    </p>
   </div>
   <div class='ocr_carea' id='block_1_69' title="bbox 197 3652 1781 3737">
    <p class='ocr_par' dir='ltr' id='par_1_69' title="bbox 197 3652 1781 3737">
     <span class='ocr_line' id='line_1_69' title="bbox 197 3652 1781 3737; baseline 0.01 -34"><span class='ocrx_word' id='word_1_508' title='bbox 197 3652 395 3721; x_wconf 80' lang='grc' dir='ltr'>ταύτης</span> <span class='ocrx_word' id='word_1_509' title='bbox 419 3652 527 3723; x_wconf 83' lang='grc' dir='ltr'><strong>τῆς</strong></span> <span class='ocrx_word' id='word_1_510' title='bbox 552 3653 778 3726; x_wconf 84' lang='grc' dir='ltr'>ἀγάπης</span> <span class='ocrx_word' id='word_1_511' title='bbox 806 3655 983 3720; x_wconf 68' lang='grc' dir='ltr'>οὐδεὶς</span> <span class='ocrx_word' id='word_1_512' title='bbox 1024 3658 1139 3729; x_wconf 77' lang='grc' dir='ltr'>ἔχει</span> <span class='ocrx_word' id='word_1_513' title='bbox 1160 3699 1175 3723; x_wconf 92' lang='grc'><strong>,</strong></span> <span class='ocrx_word' id='word_1_514' title='bbox 1222 3660 1310 3714; x_wconf 80' lang='grc' dir='ltr'>ἵνα</span> <span class='ocrx_word' id='word_1_515' title='bbox 1348 3679 1435 3725; x_wconf 92' lang='grc' dir='ltr'><strong>τις</strong></span> <span class='ocrx_word' id='word_1_516' title='bbox 1462 3663 1561 3735; x_wconf 84' lang='grc' dir='ltr'>τὴν</span> <span class='ocrx_word' id='word_1_517' title='bbox 1604 3665 1781 3737; x_wconf 80' lang='grc' dir='ltr'>ψυχὴν</span> 
     </span>
    </p>
   </div>
   <div class='ocr_carea' id='block_1_70' title="bbox 198 3743 1782 3832">
    <p class='ocr_par' dir='ltr' id='par_1_70' title="bbox 198 3743 1782 3832">
     <span class='ocr_line' id='line_1_70' title="bbox 198 3743 1782 3832; baseline 0.011 -36"><span class='ocrx_word' id='word_1_518' title='bbox 198 3743 358 3797; x_wconf 73' lang='grc' dir='ltr'>αὐτοῦ</span> <span class='ocrx_word' id='word_1_519' title='bbox 394 3746 463 3817; x_wconf 79' lang='grc' dir='ltr'>θῇ</span> <span class='ocrx_word' id='word_1_520' title='bbox 508 3745 651 3815; x_wconf 83' lang='grc' dir='ltr'>ὑπὲρ</span> <span class='ocrx_word' id='word_1_521' title='bbox 693 3747 800 3801; x_wconf 91' lang='grc' dir='ltr'><strong>τῶν</strong></span> <span class='ocrx_word' id='word_1_522' title='bbox 842 3749 1012 3818; x_wconf 79' lang='grc' dir='ltr'>φίλων</span> <span class='ocrx_word' id='word_1_523' title='bbox 1062 3752 1251 3810; x_wconf 87' lang='grc' dir='ltr'>αὑτοῦ.</span> <span class='ocrx_word' id='word_1_524' title='bbox 1289 3772 1307 3805; x_wconf 92' lang='lat'><strong>:</strong></span> <span class='ocrx_word' id='word_1_525' title='bbox 1360 3755 1581 3829; x_wconf 80' lang='grc' dir='ltr'>Ἐπειδὴ</span> <span class='ocrx_word' id='word_1_526' title='bbox 1612 3758 1723 3832; x_wconf 86' lang='grc' dir='ltr'><strong>γὰρ</strong></span> <span class='ocrx_word' id='word_1_527' title='bbox 1752 3760 1782 3813; x_wconf 92' lang='lat'><strong>6</strong></span> 
     </span>
    </p>
   </div>
   <div class='ocr_carea' id='block_1_71' title="bbox 197 3834 1783 3924">
    <p class='ocr_par' dir='ltr' id='par_1_71' title="bbox 197 3834 1783 3924">
     <span class='ocr_line' id='line_1_71' title="bbox 197 3834 1783 3924; baseline 0.011 -37"><span class='ocrx_word' id='word_1_528' title='bbox 197 3834 328 3899; x_wconf 82' lang='grc' dir='ltr'>Θεὸς</span> <span class='ocrx_word' id='word_1_529' title='bbox 352 3837 545 3907; x_wconf 88' lang='grc' dir='ltr'>ἀγάπη</span> <span class='ocrx_word' id='word_1_530' title='bbox 575 3838 713 3904; x_wconf 74' lang='grc' dir='ltr'>ἐστὶ,</span> <span class='ocrx_word' id='word_1_531' title='bbox 740 3839 883 3893; x_wconf 82' lang='grc' dir='ltr'>κατὰ</span> <span class='ocrx_word' id='word_1_532' title='bbox 908 3841 1008 3912; x_wconf 83' lang='grc' dir='ltr'>τὴν</span> <span class='ocrx_word' id='word_1_533' title='bbox 1050 3842 1299 3898; x_wconf 88' lang='grc' dir='ltr'>Ἰωάννου</span> <span class='ocrx_word' id='word_1_534' title='bbox 1322 3847 1529 3918; x_wconf 80' lang='grc' dir='ltr'>φωνὴν,</span> <span class='ocrx_word' id='word_1_535' title='bbox 1559 3851 1783 3924; x_wconf 84' lang='grc' dir='ltr'>ἀγάπης</span> 
     </span>
    </p>
   </div>
   <div class='ocr_carea' id='block_1_72' title="bbox 198 3924 1784 4007">
    <p class='ocr_par' dir='ltr' id='par_1_72' title="bbox 198 3924 1784 4007">
     <span class='ocr_line' id='line_1_72' title="bbox 198 3924 1784 4007; baseline 0.015 -30"><span class='ocrx_word' id='word_1_536' title='bbox 198 3924 273 3979; x_wconf 80' lang='grc' dir='ltr'><strong>ὢν</strong></span> <span class='ocrx_word' id='word_1_537' title='bbox 324 3928 491 3991; x_wconf 77' lang='grc' dir='ltr'>Υἱὸς,</span> <span class='ocrx_word' id='word_1_538' title='bbox 544 3928 691 3982; x_wconf 89' lang='grc' dir='ltr'>τοῦτ’</span> <span class='ocrx_word' id='word_1_539' title='bbox 753 3930 866 3985; x_wconf 77' lang='grc' dir='ltr'>ἔστι</span> <span class='ocrx_word' id='word_1_540' title='bbox 926 3932 1023 3986; x_wconf 88' lang='grc' dir='ltr'><strong>τοῦ</strong></span> <span class='ocrx_word' id='word_1_541' title='bbox 1066 3935 1209 3989; x_wconf 83' lang='grc' dir='ltr'>κατὰ</span> <span class='ocrx_word' id='word_1_542' title='bbox 1255 3937 1418 4006; x_wconf 84' lang='grc' dir='ltr'>φύσιν</span> <span class='ocrx_word' id='word_1_543' title='bbox 1465 3941 1635 4007; x_wconf 85' lang='grc' dir='ltr'>Θεοῦ,</span> <span class='ocrx_word' id='word_1_544' title='bbox 1688 3946 1784 4000; x_wconf 81' lang='grc' dir='ltr'><strong>καὶ</strong></span> 
     </span>
    </p>
   </div>
   <div class='ocr_carea' id='block_1_73' title="bbox 198 4019 1778 4105">
    <p class='ocr_par' dir='ltr' id='par_1_73' title="bbox 198 4019 1778 4105">
     <span class='ocr_line' id='line_1_73' title="bbox 198 4019 1778 4105; baseline 0.015 -35"><span class='ocrx_word' id='word_1_545' title='bbox 198 4019 378 4089; x_wconf 74' lang='grc' dir='ltr'>μόνου,</span> <span class='ocrx_word' id='word_1_546' title='bbox 402 4022 505 4073; x_wconf 69' lang='grc' dir='ltr'><strong>καὶ</strong></span> <span class='ocrx_word' id='word_1_547' title='bbox 527 4021 807 4092; x_wconf 83' lang='grc' dir='ltr'>ἀληθινοῦ,</span> <span class='ocrx_word' id='word_1_548' title='bbox 843 4025 1034 4097; x_wconf 87' lang='grc' dir='ltr'>ἀγάπη</span> <span class='ocrx_word' id='word_1_549' title='bbox 1066 4027 1161 4081; x_wconf 81' lang='grc' dir='ltr'>καὶ</span> <span class='ocrx_word' id='word_1_550' title='bbox 1182 4029 1346 4095; x_wconf 79' lang='grc' dir='ltr'>αὐτὸς</span> <span class='ocrx_word' id='word_1_551' title='bbox 1377 4033 1778 4105; x_wconf 86' lang='grc' dir='ltr'>ἀναπέφανται,</span> 
     </span>
    </p>
   </div>
   <div class='ocr_carea' id='block_1_74' title="bbox 195 4110 1781 4200">
    <p class='ocr_par' dir='ltr' id='par_1_74' title="bbox 195 4110 1781 4200">
     <span class='ocr_line' id='line_1_74' title="bbox 195 4110 1781 4200; baseline 0.015 -39"><span class='ocrx_word' id='word_1_552' title='bbox 195 4110 253 4200; x_wconf 78' lang='grc' dir='ltr'><strong>οὐ</strong></span> <span class='ocrx_word' id='word_1_553' title='bbox 303 4110 484 4181; x_wconf 82' lang='grc' dir='ltr'>λόγοις</span> <span class='ocrx_word' id='word_1_554' title='bbox 538 4111 915 4185; x_wconf 79' lang='grc' dir='ltr'>ἐξησκημένον</span> <span class='ocrx_word' id='word_1_555' title='bbox 964 4119 1059 4172; x_wconf 68' lang='grc' dir='ltr'><strong>καὶ</strong></span> <span class='ocrx_word' id='word_1_556' title='bbox 1108 4120 1197 4174; x_wconf 81' lang='grc' dir='ltr'>διὰ</span> <span class='ocrx_word' id='word_1_557' title='bbox 1247 4123 1512 4194; x_wconf 79' lang='grc' dir='ltr'>ῥημάτων</span> <span class='ocrx_word' id='word_1_558' title='bbox 1565 4129 1781 4200; x_wconf 83' lang='grc' dir='ltr'>κόμπου</span> 
     </span>
    </p>
   </div>
   <div class='ocr_carea' id='block_1_75' title="bbox 196 4198 1779 4285">
    <p class='ocr_par' dir='ltr' id='par_1_75' title="bbox 196 4198 1779 4285">
     <span class='ocr_line' id='line_1_75' title="bbox 196 4198 1779 4285; baseline 0.013 -33"><span class='ocrx_word' id='word_1_559' title='bbox 196 4198 697 4273; x_wconf 88' lang='grc' dir='ltr'>λελαμπρυσμένον</span> <span class='ocrx_word' id='word_1_560' title='bbox 724 4202 863 4275; x_wconf 81' lang='grc' dir='ltr'>ἔχων</span> <span class='ocrx_word' id='word_1_561' title='bbox 888 4206 949 4259; x_wconf 78' lang='grc' dir='ltr'>τὸ</span> <span class='ocrx_word' id='word_1_562' title='bbox 967 4207 1205 4279; x_wconf 76' lang='grc' dir='ltr'>ἀξίωμα,</span> <span class='ocrx_word' id='word_1_563' title='bbox 1234 4211 1348 4279; x_wconf 82' lang='grc' dir='ltr'>ἀλλ’</span> <span class='ocrx_word' id='word_1_564' title='bbox 1372 4213 1555 4285; x_wconf 78' lang='grc' dir='ltr'>ἔργοις</span> <span class='ocrx_word' id='word_1_565' title='bbox 1576 4198 1779 4283; x_wconf 78' lang='grc' dir='ltr'>αύτοῖς,</span> 
     </span>
    </p>
   </div>
   <div class='ocr_carea' id='block_1_76' title="bbox 195 4292 1784 4379">
    <p class='ocr_par' dir='ltr' id='par_1_76' title="bbox 195 4292 1784 4379">
     <span class='ocr_line' id='line_1_76' title="bbox 195 4292 1784 4379; baseline 0.013 -34"><span class='ocrx_word' id='word_1_566' title='bbox 195 4292 285 4345; x_wconf 77' lang='grc' dir='ltr'><strong>καὶ</strong></span> <span class='ocrx_word' id='word_1_567' title='bbox 315 4296 654 4366; x_wconf 85' lang='grc' dir='ltr'>πράγμασι,</span> <span class='ocrx_word' id='word_1_568' title='bbox 701 4298 917 4369; x_wconf 78' lang='grc' dir='ltr'>καρπον</span> <span class='ocrx_word' id='word_1_569' title='bbox 964 4298 1097 4356; x_wconf 74' lang='grc' dir='ltr'>ὄντα</span> <span class='ocrx_word' id='word_1_570' title='bbox 1141 4303 1239 4374; x_wconf 81' lang='grc' dir='ltr'>τῆς</span> <span class='ocrx_word' id='word_1_571' title='bbox 1268 4304 1364 4358; x_wconf 92' lang='grc' dir='ltr'><strong>τοῦ</strong></span> <span class='ocrx_word' id='word_1_572' title='bbox 1401 4309 1654 4379; x_wconf 74' lang='grc' dir='ltr'>τεκόντος</span> <span class='ocrx_word' id='word_1_573' title='bbox 1699 4311 1784 4363; x_wconf 82' lang='grc' dir='ltr'>ού-</span> 
     </span>
    </p>
   </div>
   <div class='ocr_carea' id='block_1_77' title="bbox 196 4384 1782 4472">
    <p class='ocr_par' dir='ltr' id='par_1_77' title="bbox 196 4384 1782 4472">
     <span class='ocr_line' id='line_1_77' title="bbox 196 4384 1782 4472; baseline 0.012 -35"><span class='ocrx_word' id='word_1_574' title='bbox 196 4384 312 4448; x_wconf 89' lang='grc' dir='ltr'>σίας</span> <span class='ocrx_word' id='word_1_575' title='bbox 364 4386 566 4441; x_wconf 75' lang='grc' dir='ltr'>ἑαυτὸν</span> <span class='ocrx_word' id='word_1_576' title='bbox 635 4388 931 4456; x_wconf 83' lang='grc' dir='ltr'>ἐπιδείξας.</span> <span class='ocrx_word' id='word_1_577' title='bbox 994 4393 1309 4464; x_wconf 86' lang='grc' dir='ltr'>Οίησόμεθα</span> <span class='ocrx_word' id='word_1_578' title='bbox 1364 4396 1473 4468; x_wconf 89' lang='grc' dir='ltr'><strong>γάρ</strong></span> <span class='ocrx_word' id='word_1_579' title='bbox 1528 4399 1782 4472; x_wconf 81' lang='grc' dir='ltr'>οὐδαμῶς</span> 
     </span>
    </p>
   </div>
   <div class='ocr_carea' id='block_1_78' title="bbox 1884 3204 3472 3279">
    <p class='ocr_par' dir='ltr' id='par_1_78' title="bbox 1884 3204 3472 3279">
     <span class='ocr_line' id='line_1_78' title="bbox 1884 3204 3472 3279; baseline -0.004 -13"><span class='ocrx_word' id='word_1_580' title='bbox 1884 3211 1959 3266; x_wconf 87' lang='lat' dir='ltr'><strong>sit</strong></span> <span class='ocrx_word' id='word_1_581' title='bbox 1989 3209 2256 3273; x_wconf 85' lang='lat' dir='ltr'><strong>charitas,</strong></span> <span class='ocrx_word' id='word_1_582' title='bbox 2301 3208 2460 3279; x_wconf 85' lang='lat' dir='ltr'><strong>juxta</strong></span> <span class='ocrx_word' id='word_1_583' title='bbox 2501 3206 2736 3264; x_wconf 81' lang='lat' dir='ltr'><strong>Joannis</strong></span> <span class='ocrx_word' id='word_1_584' title='bbox 2766 3221 2959 3263; x_wconf 89' lang='lat' dir='ltr'><strong>vocem</strong></span> <span class='ocrx_word' id='word_1_585' title='bbox 3006 3207 3086 3272; x_wconf 81' lang='grc' dir='ltr'><strong>³ο,</strong></span> <span class='ocrx_word' id='word_1_586' title='bbox 3131 3205 3335 3276; x_wconf 82' lang='lat' dir='ltr'><strong>quippe</strong></span> <span class='ocrx_word' id='word_1_587' title='bbox 3376 3204 3472 3275; x_wconf 86' lang='lat' dir='ltr'><strong>qui</strong></span> 
     </span>
    </p>
   </div>
   <div class='ocr_carea' id='block_1_79' title="bbox 1884 3296 3473 3366">
    <p class='ocr_par' dir='ltr' id='par_1_79' title="bbox 1884 3296 3473 3366">
     <span class='ocr_line' id='line_1_79' title="bbox 1884 3296 3473 3366; baseline -0.002 -9"><span class='ocrx_word' id='word_1_588' title='bbox 1884 3301 1957 3357; x_wconf 90' lang='lat' dir='ltr'><strong>sit</strong></span> <span class='ocrx_word' id='word_1_589' title='bbox 1986 3300 2294 3363; x_wconf 89' lang='lat' dir='ltr'><strong>ebaritatis,</strong></span> <span class='ocrx_word' id='word_1_590' title='bbox 2324 3300 2430 3355; x_wconf 86' lang='lat' dir='ltr'><strong>hoc</strong></span> <span class='ocrx_word' id='word_1_591' title='bbox 2454 3306 2561 3366; x_wconf 87' lang='lat' dir='ltr'><strong>est,</strong></span> <span class='ocrx_word' id='word_1_592' title='bbox 2597 3300 2869 3356; x_wconf 88' lang='lat' dir='ltr'><strong>naturalis</strong></span> <span class='ocrx_word' id='word_1_593' title='bbox 2895 3307 2949 3355; x_wconf 91' lang='lat' dir='ltr'><strong>et</strong></span> <span class='ocrx_word' id='word_1_594' title='bbox 2978 3298 3124 3353; x_wconf 90' lang='lat' dir='ltr'><strong>unici</strong></span> <span class='ocrx_word' id='word_1_595' title='bbox 3157 3313 3222 3352; x_wconf 91' lang='lat' dir='ltr'><strong>ac</strong></span> <span class='ocrx_word' id='word_1_596' title='bbox 3243 3298 3354 3353; x_wconf 88' lang='lat' dir='ltr'><strong>veri</strong></span> <span class='ocrx_word' id='word_1_597' title='bbox 3377 3296 3473 3354; x_wconf 87' lang='lat' dir='ltr'><strong>Dei</strong></span> 
     </span>
    </p>
   </div>
   <div class='ocr_carea' id='block_1_80' title="bbox 1883 3390 3474 3461">
    <p class='ocr_par' dir='ltr' id='par_1_80' title="bbox 1883 3390 3474 3461">
     <span class='ocr_line' id='line_1_80' title="bbox 1883 3390 3474 3461; baseline -0.003 -14"><span class='ocrx_word' id='word_1_598' title='bbox 1883 3391 2080 3457; x_wconf 86' lang='lat' dir='ltr'><strong>Filius,</strong></span> <span class='ocrx_word' id='word_1_599' title='bbox 2103 3392 2347 3448; x_wconf 87' lang='lat' dir='ltr'><strong>charitas</strong></span> <span class='ocrx_word' id='word_1_600' title='bbox 2367 3392 2533 3447; x_wconf 87' lang='lat' dir='ltr'><strong>etiam</strong></span> <span class='ocrx_word' id='word_1_601' title='bbox 2570 3390 2689 3461; x_wconf 85' lang='lat' dir='ltr'><strong>ipse</strong></span> <span class='ocrx_word' id='word_1_602' title='bbox 2724 3390 3021 3446; x_wconf 81' lang='lat' dir='ltr'><strong>manifesto</strong></span> <span class='ocrx_word' id='word_1_603' title='bbox 3047 3398 3151 3455; x_wconf 84' lang='lat' dir='ltr'><strong>est,</strong></span> <span class='ocrx_word' id='word_1_604' title='bbox 3183 3404 3291 3444; x_wconf 91' lang='lat' dir='ltr'><strong>non</strong></span> <span class='ocrx_word' id='word_1_605' title='bbox 3318 3404 3474 3459; x_wconf 88' lang='lat' dir='ltr'><strong>pom-</strong></span> 
     </span>
    </p>
   </div>
   <div class='ocr_carea' id='block_1_81' title="bbox 1882 3482 3473 3555">
    <p class='ocr_par' dir='ltr' id='par_1_81' title="bbox 1882 3482 3473 3555">
     <span class='ocr_line' id='line_1_81' title="bbox 1882 3482 3473 3555; baseline -0.001 -17"><span class='ocrx_word' id='word_1_606' title='bbox 1882 3499 1952 3555; x_wconf 87' lang='lat' dir='ltr'><strong>pa</strong></span> <span class='ocrx_word' id='word_1_607' title='bbox 1988 3484 2282 3539; x_wconf 91' lang='lat' dir='ltr'><strong>verborum</strong></span> <span class='ocrx_word' id='word_1_608' title='bbox 2324 3482 2685 3553; x_wconf 90' lang='lat' dir='ltr'><strong>conspicuam</strong></span> <span class='ocrx_word' id='word_1_609' title='bbox 2725 3482 2935 3538; x_wconf 86' lang='lat' dir='ltr'><strong>habens</strong></span> <span class='ocrx_word' id='word_1_610' title='bbox 2992 3483 3335 3552; x_wconf 72' lang='lat' dir='ltr'><strong>dignitatem,</strong></span> <span class='ocrx_word' id='word_1_611' title='bbox 3376 3484 3473 3538; x_wconf 82' lang='lat' dir='ltr'><strong>sed</strong></span> 
     </span>
    </p>
   </div>
   <div class='ocr_carea' id='block_1_82' title="bbox 1883 3572 3476 3647">
    <p class='ocr_par' dir='ltr' id='par_1_82' title="bbox 1883 3572 3476 3647">
     <span class='ocr_line' id='line_1_82' title="bbox 1883 3572 3476 3647; baseline 0 -18"><span class='ocrx_word' id='word_1_612' title='bbox 1883 3576 2144 3647; x_wconf 76' lang='lat' dir='ltr'><strong>operibus</strong></span> <span class='ocrx_word' id='word_1_613' title='bbox 2159 3575 2296 3646; x_wconf 89' lang='lat' dir='ltr'><strong>ipsis</strong></span> <span class='ocrx_word' id='word_1_614' title='bbox 2308 3589 2372 3630; x_wconf 90' lang='lat' dir='ltr'><strong>ac</strong></span> <span class='ocrx_word' id='word_1_615' title='bbox 2388 3575 2550 3632; x_wconf 88' lang='lat' dir='ltr'><strong>rebus</strong></span> <span class='ocrx_word' id='word_1_616' title='bbox 2564 3573 2807 3644; x_wconf 88' lang='lat' dir='ltr'><strong>seipsum</strong></span> <span class='ocrx_word' id='word_1_617' title='bbox 2824 3572 3064 3628; x_wconf 82' lang='lat' dir='ltr'><strong>fructum</strong></span> <span class='ocrx_word' id='word_1_618' title='bbox 3083 3589 3209 3630; x_wconf 88' lang='lat' dir='ltr'><strong>esse</strong></span> <span class='ocrx_word' id='word_1_619' title='bbox 3221 3574 3476 3631; x_wconf 86' lang='lat' dir='ltr'><strong>substan-</strong></span> 
     </span>
    </p>
   </div>
   <div class='ocr_carea' id='block_1_83' title="bbox 1885 3664 3472 3736">
    <p class='ocr_par' dir='ltr' id='par_1_83' title="bbox 1885 3664 3472 3736">
     <span class='ocr_line' id='line_1_83' title="bbox 1885 3664 3472 3736; baseline -0.001 -13"><span class='ocrx_word' id='word_1_620' title='bbox 1885 3668 1976 3723; x_wconf 67' lang='lat' dir='ltr'><strong>tiae</strong></span> <span class='ocrx_word' id='word_1_621' title='bbox 2003 3667 2186 3722; x_wconf 87' lang='lat' dir='ltr'><strong>Patris</strong></span> <span class='ocrx_word' id='word_1_622' title='bbox 2217 3666 2542 3722; x_wconf 88' lang='lat' dir='ltr'><strong>ostendens.</strong></span> <span class='ocrx_word' id='word_1_623' title='bbox 2562 3664 2923 3736; x_wconf 85' lang='lat' dir='ltr'><strong>Nequaquam</strong></span> <span class='ocrx_word' id='word_1_624' title='bbox 2949 3666 3095 3720; x_wconf 89' lang='lat' dir='ltr'><strong>enim</strong></span> <span class='ocrx_word' id='word_1_625' title='bbox 3123 3666 3472 3722; x_wconf 88' lang='lat' dir='ltr'><strong>censebimus</strong></span> 
     </span>
    </p>
   </div>
   <div class='ocr_carea' id='block_1_84' title="bbox 1887 3756 3470 3831">
    <p class='ocr_par' dir='ltr' id='par_1_84' title="bbox 1887 3756 3470 3831">
     <span class='ocr_line' id='line_1_84' title="bbox 1887 3756 3470 3831; baseline -0.004 -15"><span class='ocrx_word' id='word_1_626' title='bbox 1887 3772 2203 3831; x_wconf 89' lang='lat' dir='ltr'><strong>supremam</strong></span> <span class='ocrx_word' id='word_1_627' title='bbox 2256 3759 2407 3813; x_wconf 88' lang='lat' dir='ltr'><strong>illam</strong></span> <span class='ocrx_word' id='word_1_628' title='bbox 2471 3757 2717 3814; x_wconf 89' lang='lat' dir='ltr'><strong>omnium</strong></span> <span class='ocrx_word' id='word_1_629' title='bbox 2771 3756 3141 3813; x_wconf 88' lang='lat' dir='ltr'><strong>substantiam</strong></span> <span class='ocrx_word' id='word_1_630' title='bbox 3199 3756 3470 3812; x_wconf 87' lang='lat' dir='ltr'><strong>bonorqu</strong></span> 
     </span>
    </p>
   </div>
   <div class='ocr_carea' id='block_1_85' title="bbox 1886 3846 3476 3919">
    <p class='ocr_par' dir='ltr' id='par_1_85' title="bbox 1886 3846 3476 3919">
     <span class='ocr_line' id='line_1_85' title="bbox 1886 3846 3476 3919; baseline -0.004 -11"><span class='ocrx_word' id='word_1_631' title='bbox 1886 3865 2010 3908; x_wconf 86' lang='lat' dir='ltr'><strong>esse</strong></span> <span class='ocrx_word' id='word_1_632' title='bbox 2036 3863 2319 3919; x_wconf 88' lang='lat' dir='ltr'><strong>capacem,</strong></span> <span class='ocrx_word' id='word_1_633' title='bbox 2347 3846 2440 3903; x_wconf 88' lang='lat' dir='ltr'><strong>sed</strong></span> <span class='ocrx_word' id='word_1_634' title='bbox 2478 3862 2581 3902; x_wconf 90' lang='lat' dir='ltr'><strong>nec</strong></span> <span class='ocrx_word' id='word_1_635' title='bbox 2607 3847 2971 3902; x_wconf 85' lang='lat' dir='ltr'><strong>adventitium</strong></span> <span class='ocrx_word' id='word_1_636' title='bbox 2992 3846 3042 3901; x_wconf 94' lang='lat' dir='ltr'><strong>ei</strong></span> <span class='ocrx_word' id='word_1_637' title='bbox 3069 3860 3193 3901; x_wconf 88' lang='lat' dir='ltr'><strong>esse</strong></span> <span class='ocrx_word' id='word_1_638' title='bbox 3222 3846 3476 3901; x_wconf 87' lang='lat' dir='ltr'><strong>dicemus</strong></span> 
     </span>
    </p>
   </div>
   <div class='ocr_carea' id='block_1_86' title="bbox 1886 3934 3475 4007">
    <p class='ocr_par' dir='ltr' id='par_1_86' title="bbox 1886 3934 3475 4007">
     <span class='ocr_line' id='line_1_86' title="bbox 1886 3934 3475 4007; baseline -0.004 -12"><span class='ocrx_word' id='word_1_639' title='bbox 1886 3942 2138 3995; x_wconf 88' lang='lat' dir='ltr'><strong>omnium</strong></span> <span class='ocrx_word' id='word_1_640' title='bbox 2175 3937 2443 3992; x_wconf 89' lang='lat' dir='ltr'><strong>bonorum</strong></span> <span class='ocrx_word' id='word_1_641' title='bbox 2472 3951 2667 4007; x_wconf 71' lang='lat' dir='ltr'><strong>genus,</strong></span> <span class='ocrx_word' id='word_1_642' title='bbox 2704 3936 2850 3991; x_wconf 90' lang='lat' dir='ltr'><strong>sicut</strong></span> <span class='ocrx_word' id='word_1_643' title='bbox 2876 3934 2933 3990; x_wconf 92' lang='lat' dir='ltr'><strong>in</strong></span> <span class='ocrx_word' id='word_1_644' title='bbox 2957 3936 3141 3999; x_wconf 91' lang='lat' dir='ltr'><strong>nobis,</strong></span> <span class='ocrx_word' id='word_1_645' title='bbox 3176 3950 3277 3991; x_wconf 87' lang='lat' dir='ltr'><strong>nec</strong></span> <span class='ocrx_word' id='word_1_646' title='bbox 3309 3943 3369 3989; x_wconf 91' lang='lat' dir='ltr'><strong>ut</strong></span> <span class='ocrx_word' id='word_1_647' title='bbox 3388 3934 3475 3990; x_wconf 85' lang='lat' dir='ltr'><strong>di-</strong></span> 
     </span>
    </p>
   </div>
   <div class='ocr_carea' id='block_1_87' title="bbox 1883 4028 3471 4103">
    <p class='ocr_par' dir='ltr' id='par_1_87' title="bbox 1883 4028 3471 4103">
     <span class='ocr_line' id='line_1_87' title="bbox 1883 4028 3471 4103; baseline -0.005 -13"><span class='ocrx_word' id='word_1_648' title='bbox 1883 4047 2110 4090; x_wconf 87' lang='lat' dir='ltr'><strong>versum</strong></span> <span class='ocrx_word' id='word_1_649' title='bbox 2153 4030 2436 4103; x_wconf 91' lang='lat' dir='ltr'><strong>quidpiam</strong></span> <span class='ocrx_word' id='word_1_650' title='bbox 2488 4030 2543 4083; x_wconf 93' lang='lat' dir='ltr'><strong>in</strong></span> <span class='ocrx_word' id='word_1_651' title='bbox 2588 4029 2697 4083; x_wconf 91' lang='lat' dir='ltr'><strong>alio</strong></span> <span class='ocrx_word' id='word_1_652' title='bbox 2725 4028 2966 4093; x_wconf 88' lang='lat' dir='ltr'><strong>censeri,</strong></span> <span class='ocrx_word' id='word_1_653' title='bbox 3002 4030 3471 4100; x_wconf 89' lang='lat' dir='ltr'><strong>quemadmodum</strong></span> 
     </span>
    </p>
   </div>
   <div class='ocr_carea' id='block_1_88' title="bbox 1886 4117 3474 4191">
    <p class='ocr_par' dir='ltr' id='par_1_88' title="bbox 1886 4117 3474 4191">
     <span class='ocr_line' id='line_1_88' title="bbox 1886 4117 3474 4191; baseline -0.004 -12"><span class='ocrx_word' id='word_1_654' title='bbox 1886 4124 1944 4179; x_wconf 92' lang='lat' dir='ltr'><strong>in</strong></span> <span class='ocrx_word' id='word_1_655' title='bbox 1970 4121 2195 4178; x_wconf 87' lang='lat' dir='ltr'><strong>homine</strong></span> <span class='ocrx_word' id='word_1_656' title='bbox 2246 4120 2534 4176; x_wconf 89' lang='lat' dir='ltr'><strong>scientiam</strong></span> <span class='ocrx_word' id='word_1_657' title='bbox 2569 4118 2799 4174; x_wconf 78' lang='lat' dir='ltr'><strong>dixeris.</strong></span> <span class='ocrx_word' id='word_1_658' title='bbox 2849 4117 2962 4174; x_wconf 86' lang='lat' dir='ltr'><strong>Nec</strong></span> <span class='ocrx_word' id='word_1_659' title='bbox 2994 4121 3143 4175; x_wconf 89' lang='lat' dir='ltr'><strong>enim</strong></span> <span class='ocrx_word' id='word_1_660' title='bbox 3175 4119 3340 4175; x_wconf 86' lang='lat' dir='ltr'><strong>homo</strong></span> <span class='ocrx_word' id='word_1_661' title='bbox 3376 4136 3474 4191; x_wconf 86' lang='lat' dir='ltr'><strong>per</strong></span> 
     </span>
    </p>
   </div>
   <div class='ocr_carea' id='block_1_89' title="bbox 1889 4211 3471 4281">
    <p class='ocr_par' dir='ltr' id='par_1_89' title="bbox 1889 4211 3471 4281">
     <span class='ocr_line' id='line_1_89' title="bbox 1889 4211 3471 4281; baseline -0.002 -11"><span class='ocrx_word' id='word_1_662' title='bbox 1889 4231 1949 4271; x_wconf 84' lang='lat' dir='ltr'><strong>se</strong></span> <span class='ocrx_word' id='word_1_663' title='bbox 2001 4223 2086 4271; x_wconf 83' lang='lat' dir='ltr'><strong>est</strong></span> <span class='ocrx_word' id='word_1_664' title='bbox 2137 4212 2387 4277; x_wconf 90' lang='lat' dir='ltr'><strong>scientia,</strong></span> <span class='ocrx_word' id='word_1_665' title='bbox 2439 4212 2534 4268; x_wconf 91' lang='lat' dir='ltr'><strong>sed</strong></span> <span class='ocrx_word' id='word_1_666' title='bbox 2584 4211 2832 4267; x_wconf 75' lang='lat' dir='ltr'><strong>scientiae</strong></span> <span class='ocrx_word' id='word_1_667' title='bbox 2873 4211 3058 4280; x_wconf 83' lang='lat' dir='ltr'><strong>potius</strong></span> <span class='ocrx_word' id='word_1_668' title='bbox 3101 4226 3314 4281; x_wconf 89' lang='lat' dir='ltr'><strong>capax:</strong></span> <span class='ocrx_word' id='word_1_669' title='bbox 3374 4212 3471 4268; x_wconf 89' lang='lat' dir='ltr'><strong>sed</strong></span> 
     </span>
    </p>
   </div>
   <div class='ocr_carea' id='block_1_90' title="bbox 1886 4303 3473 4379">
    <p class='ocr_par' dir='ltr' id='par_1_90' title="bbox 1886 4303 3473 4379">
     <span class='ocr_line' id='line_1_90' title="bbox 1886 4303 3473 4379; baseline -0.002 -18"><span class='ocrx_word' id='word_1_670' title='bbox 1886 4307 2261 4379; x_wconf 77' lang='lat' dir='ltr'><strong>quodcunque</strong></span> <span class='ocrx_word' id='word_1_671' title='bbox 2292 4306 2498 4360; x_wconf 88' lang='lat' dir='ltr'><strong>bonum</strong></span> <span class='ocrx_word' id='word_1_672' title='bbox 2532 4310 2788 4359; x_wconf 89' lang='lat' dir='ltr'><strong>censetur</strong></span> <span class='ocrx_word' id='word_1_673' title='bbox 2836 4303 3017 4373; x_wconf 89' lang='lat' dir='ltr'><strong>ipsum</strong></span> <span class='ocrx_word' id='word_1_674' title='bbox 3065 4304 3287 4374; x_wconf 88' lang='lat' dir='ltr'><strong>proprie</strong></span> <span class='ocrx_word' id='word_1_675' title='bbox 3331 4304 3473 4359; x_wconf 90' lang='lat' dir='ltr'><strong>divi-</strong></span> 
     </span>
    </p>
   </div>
   <div class='ocr_carea' id='block_1_91' title="bbox 1886 4392 3470 4457">
    <p class='ocr_par' dir='ltr' id='par_1_91' title="bbox 1886 4392 3470 4457">
     <span class='ocr_line' id='line_1_91' title="bbox 1886 4392 3470 4457; baseline -0.001 -4"><span class='ocrx_word' id='word_1_676' title='bbox 1886 4412 2014 4453; x_wconf 89' lang='lat' dir='ltr'><strong>nam</strong></span> <span class='ocrx_word' id='word_1_677' title='bbox 2045 4404 2101 4452; x_wconf 90' lang='lat' dir='ltr'><strong>et</strong></span> <span class='ocrx_word' id='word_1_678' title='bbox 2131 4395 2457 4452; x_wconf 82' lang='lat' dir='ltr'><strong>ineil‘abilem</strong></span> <span class='ocrx_word' id='word_1_679' title='bbox 2506 4404 2760 4448; x_wconf 87' lang='lat' dir='ltr'><strong>naturam</strong></span> <span class='ocrx_word' id='word_1_680' title='bbox 2800 4408 2926 4449; x_wconf 87' lang='lat' dir='ltr'><strong>esse</strong></span> <span class='ocrx_word' id='word_1_681' title='bbox 2971 4392 3228 4457; x_wconf 77' lang='lat' dir='ltr'><strong>(licinius,</strong></span> <span class='ocrx_word' id='word_1_682' title='bbox 3264 4396 3470 4451; x_wconf 78' lang='lat' dir='ltr'><strong>fontem</strong></span> 
     </span>
    </p>
   </div>
   <div class='ocr_carea' id='block_1_92' title="bbox 193 4474 1775 4561">
    <p class='ocr_par' dir='ltr' id='par_1_92' title="bbox 193 4474 1775 4557">
     <span class='ocr_line' id='line_1_92' title="bbox 193 4474 1775 4557; baseline 0.013 -29"><span class='ocrx_word' id='word_1_683' title='bbox 193 4476 441 4550; x_wconf 80' lang='grc' dir='ltr'>δεκτικὴν</span> <span class='ocrx_word' id='word_1_684' title='bbox 493 4474 642 4533; x_wconf 81' lang='grc' dir='ltr'>εἶναι</span> <span class='ocrx_word' id='word_1_685' title='bbox 690 4480 800 4534; x_wconf 89' lang='grc' dir='ltr'><strong>τῶν</strong></span> <span class='ocrx_word' id='word_1_686' title='bbox 849 4482 1071 4550; x_wconf 85' lang='grc' dir='ltr'>ἀγαθῶν</span> <span class='ocrx_word' id='word_1_687' title='bbox 1123 4484 1223 4557; x_wconf 79' lang='grc' dir='ltr'>τὴν</span> <span class='ocrx_word' id='word_1_688' title='bbox 1272 4488 1535 4543; x_wconf 87' lang='grc' dir='ltr'>ἀνωτάτω</span> <span class='ocrx_word' id='word_1_689' title='bbox 1589 4493 1775 4548; x_wconf 65' lang='grc' dir='ltr'>πασῶν</span> 
     </span>
    </p>
   </div>
   <div class='ocr_carea' id='block_1_93' title="bbox 1879 4474 3439 4561">
    <p class='ocr_par' dir='ltr' id='par_1_93' title="bbox 1893 4485 3439 4561">
     <span class='ocr_line' id='line_1_93' title="bbox 1893 4485 3439 4561; baseline -0.003 -18"><span class='ocrx_word' id='word_1_690' title='bbox 1893 4491 2058 4547; x_wconf 78' lang='lat' dir='ltr'><strong>veluti</strong></span> <span class='ocrx_word' id='word_1_691' title='bbox 2090 4490 2382 4561; x_wconf 90' lang='lat' dir='ltr'><strong>quemdam</strong></span> <span class='ocrx_word' id='word_1_692' title='bbox 2421 4501 2583 4542; x_wconf 89' lang='lat' dir='ltr'><strong>omne</strong></span> <span class='ocrx_word' id='word_1_693' title='bbox 2612 4501 2787 4556; x_wconf 80' lang='lat' dir='ltr'><strong>genus</strong></span> <span class='ocrx_word' id='word_1_694' title='bbox 2824 4485 3045 4541; x_wconf 83' lang='lat' dir='ltr'><strong>virtutis</strong></span> <span class='ocrx_word' id='word_1_695' title='bbox 3078 4485 3133 4540; x_wconf 93' lang='lat' dir='ltr'><strong>in</strong></span> <span class='ocrx_word' id='word_1_696' title='bbox 3162 4488 3341 4556; x_wconf 87' lang='lat' dir='ltr'><strong>seipsa</strong></span> <span class='ocrx_word' id='word_1_697' title='bbox 3372 4486 3439 4539; x_wconf 76' lang='lat' dir='ltr'><strong>lla</strong></span> 
     </span>
    </p>
   </div>
   <div class='ocr_carea' id='block_1_94' title="bbox 192 4569 1784 4654">
    <p class='ocr_par' dir='ltr' id='par_1_94' title="bbox 192 4569 1784 4654">
     <span class='ocr_line' id='line_1_94' title="bbox 192 4569 1784 4654; baseline 0.01 -33"><span class='ocrx_word' id='word_1_698' title='bbox 192 4569 411 4638; x_wconf 82' lang='grc' dir='ltr'>οὐσίαν,</span> <span class='ocrx_word' id='word_1_699' title='bbox 455 4571 581 4625; x_wconf 73' lang='grc' dir='ltr'>ἀλλ’</span> <span class='ocrx_word' id='word_1_700' title='bbox 616 4572 737 4625; x_wconf 81' lang='grc' dir='ltr'>οὐδὲ</span> <span class='ocrx_word' id='word_1_701' title='bbox 781 4572 1080 4644; x_wconf 72' lang='grc' dir='ltr'>ἐπίκτητον</span> <span class='ocrx_word' id='word_1_702' title='bbox 1122 4575 1357 4648; x_wconf 82' lang='grc' dir='ltr'>ἐροῦμεν</span> <span class='ocrx_word' id='word_1_703' title='bbox 1403 4580 1461 4632; x_wconf 89' lang='grc' dir='ltr'><strong>ἐν</strong></span> <span class='ocrx_word' id='word_1_704' title='bbox 1510 4581 1649 4654; x_wconf 84' lang='grc' dir='ltr'>αὐτῇ</span> <span class='ocrx_word' id='word_1_705' title='bbox 1684 4583 1784 4654; x_wconf 84' lang='grc' dir='ltr'>τὴν</span> 
     </span>
    </p>
   </div>
   <div class='ocr_carea' id='block_1_95' title="bbox 197 4659 1784 4741">
    <p class='ocr_par' dir='ltr' id='par_1_95' title="bbox 197 4659 1784 4741">
     <span class='ocr_line' id='line_1_95' title="bbox 197 4659 1784 4741; baseline 0.01 -29"><span class='ocrx_word' id='word_1_706' title='bbox 197 4659 451 4715; x_wconf 84' lang='grc' dir='ltr'>ἁπάντων</span> <span class='ocrx_word' id='word_1_707' title='bbox 481 4661 601 4715; x_wconf 88' lang='grc' dir='ltr'><strong>τῶν</strong></span> <span class='ocrx_word' id='word_1_708' title='bbox 646 4662 869 4731; x_wconf 85' lang='grc' dir='ltr'>ἀγαθῶν</span> <span class='ocrx_word' id='word_1_709' title='bbox 912 4663 1076 4730; x_wconf 81' lang='grc' dir='ltr'>ίδέαν,</span> <span class='ocrx_word' id='word_1_710' title='bbox 1110 4666 1366 4739; x_wconf 88' lang='grc' dir='ltr'>καθάπερ</span> <span class='ocrx_word' id='word_1_711' title='bbox 1393 4671 1451 4725; x_wconf 89' lang='grc' dir='ltr'><strong>ἐν</strong></span> <span class='ocrx_word' id='word_1_712' title='bbox 1484 4672 1636 4741; x_wconf 80' lang='grc' dir='ltr'>ἡμῖν,</span> <span class='ocrx_word' id='word_1_713' title='bbox 1668 4673 1784 4728; x_wconf 85' lang='grc' dir='ltr'>ἀλλ’</span> 
     </span>
    </p>
   </div>
   <div class='ocr_carea' id='block_1_96' title="bbox 198 4750 1784 4836">
    <p class='ocr_par' dir='ltr' id='par_1_96' title="bbox 198 4750 1784 4836">
     <span class='ocr_line' id='line_1_96' title="bbox 198 4750 1784 4836; baseline 0.01 -34"><span class='ocrx_word' id='word_1_714' title='bbox 198 4750 312 4803; x_wconf 77' lang='grc' dir='ltr'>οὐδὲ</span> <span class='ocrx_word' id='word_1_715' title='bbox 338 4751 411 4815; x_wconf 83' lang='grc' dir='ltr'>ὣς</span> <span class='ocrx_word' id='word_1_716' title='bbox 444 4769 497 4805; x_wconf 81' lang='grc' dir='ltr'><strong>τι</strong></span> <span class='ocrx_word' id='word_1_717' title='bbox 529 4750 693 4822; x_wconf 82' lang='grc' dir='ltr'>τυχὸν</span> <span class='ocrx_word' id='word_1_718' title='bbox 731 4752 922 4824; x_wconf 77' lang='grc' dir='ltr'>ἕτερον</span> <span class='ocrx_word' id='word_1_719' title='bbox 952 4755 1009 4806; x_wconf 86' lang='grc' dir='ltr'><strong>ἐν</strong></span> <span class='ocrx_word' id='word_1_720' title='bbox 1034 4754 1206 4827; x_wconf 82' lang='grc' dir='ltr'>ἑτέρῳ</span> <span class='ocrx_word' id='word_1_721' title='bbox 1239 4758 1552 4829; x_wconf 88' lang='grc' dir='ltr'>νοούμενον,</span> <span class='ocrx_word' id='word_1_722' title='bbox 1593 4761 1784 4836; x_wconf 86' lang='grc' dir='ltr'>ὥσπερ</span> 
     </span>
    </p>
   </div>
   <div class='ocr_carea' id='block_1_97' title="bbox 198 4837 1779 4928">
    <p class='ocr_par' dir='ltr' id='par_1_97' title="bbox 198 4837 1779 4928">
     <span class='ocr_line' id='line_1_97' title="bbox 198 4837 1779 4928; baseline 0.012 -35"><span class='ocrx_word' id='word_1_723' title='bbox 198 4837 286 4896; x_wconf 80' lang='grc' dir='ltr'><strong>οὖν</strong></span> <span class='ocrx_word' id='word_1_724' title='bbox 319 4844 376 4897; x_wconf 88' lang='grc' dir='ltr'><strong>ἐν</strong></span> <span class='ocrx_word' id='word_1_725' title='bbox 406 4843 688 4916; x_wconf 85' lang='grc' dir='ltr'>ἀνθρώπῳ</span> <span class='ocrx_word' id='word_1_726' title='bbox 729 4844 863 4915; x_wconf 88' lang='grc' dir='ltr'>φαίη</span> <span class='ocrx_word' id='word_1_727' title='bbox 898 4863 981 4909; x_wconf 90' lang='grc' dir='ltr'><strong>τις</strong></span> <span class='ocrx_word' id='word_1_728' title='bbox 1012 4846 1079 4900; x_wconf 84' lang='grc' dir='ltr'><strong>ἂν</strong></span> <span class='ocrx_word' id='word_1_729' title='bbox 1122 4850 1219 4920; x_wconf 88' lang='grc' dir='ltr'>τήν</span> <span class='ocrx_word' id='word_1_730' title='bbox 1251 4867 1398 4915; x_wconf 87' lang='grc' dir='ltr'>τινος</span> <span class='ocrx_word' id='word_1_731' title='bbox 1447 4854 1779 4928; x_wconf 86' lang='grc' dir='ltr'>ἐπιστήμην.</span> 
     </span>
    </p>
   </div>
   <div class='ocr_carea' id='block_1_98' title="bbox 215 4935 1783 5020">
    <p class='ocr_par' dir='ltr' id='par_1_98' title="bbox 215 4935 1783 5020">
     <span class='ocr_line' id='line_1_98' title="bbox 215 4935 1783 5020; baseline 0.01 -33"><span class='ocrx_word' id='word_1_732' title='bbox 215 4935 269 4987; x_wconf 79' lang='lat' dir='ltr'><em>J6</em></span> <span class='ocrx_word' id='word_1_733' title='bbox 296 4935 403 5006; x_wconf 88' lang='grc' dir='ltr'><strong>γάρ</strong></span> <span class='ocrx_word' id='word_1_734' title='bbox 431 4936 722 5007; x_wconf 86' lang='grc' dir='ltr'>ἐπιστήμη</span> <span class='ocrx_word' id='word_1_735' title='bbox 758 4938 883 4992; x_wconf 84' lang='grc' dir='ltr'>καθ’</span> <span class='ocrx_word' id='word_1_736' title='bbox 911 4940 1104 4993; x_wconf 80' lang='grc' dir='ltr'>ἐαυτὸν</span> <span class='ocrx_word' id='word_1_737' title='bbox 1137 4943 1165 4994; x_wconf 88' lang='grc' dir='ltr'><strong>ὁ</strong></span> <span class='ocrx_word' id='word_1_738' title='bbox 1202 4940 1522 5015; x_wconf 79' lang='grc' dir='ltr'>ἄνθρωπος,</span> <span class='ocrx_word' id='word_1_739' title='bbox 1555 4947 1783 5020; x_wconf 85' lang='grc' dir='ltr'>ἐπιστή-</span> 
     </span>
    </p>
   </div>
   <div class='ocr_carea' id='block_1_99' title="bbox 203 5026 1785 5108">
    <p class='ocr_par' dir='ltr' id='par_1_99' title="bbox 203 5026 1785 5108">
     <span class='ocr_line' id='line_1_99' title="bbox 203 5026 1785 5108; baseline 0.012 -32"><span class='ocrx_word' id='word_1_740' title='bbox 203 5041 305 5094; x_wconf 83' lang='grc' dir='ltr'><strong>μης</strong></span> <span class='ocrx_word' id='word_1_741' title='bbox 329 5026 385 5080; x_wconf 84' lang='grc' dir='ltr'>δὲ</span> <span class='ocrx_word' id='word_1_742' title='bbox 417 5028 626 5098; x_wconf 86' lang='grc' dir='ltr'>μᾶλλον</span> <span class='ocrx_word' id='word_1_743' title='bbox 656 5027 903 5093; x_wconf 86' lang='grc' dir='ltr'>δεκτικός</span> <span class='ocrx_word' id='word_1_744' title='bbox 922 5048 936 5061; x_wconf 79' lang='grc'><em>’</em></span> <span class='ocrx_word' id='word_1_745' title='bbox 985 5031 1102 5085; x_wconf 84' lang='grc' dir='ltr'>ἀλλ’</span> <span class='ocrx_word' id='word_1_746' title='bbox 1151 5035 1286 5089; x_wconf 79' lang='grc' dir='ltr'>αὐτὸ</span> <span class='ocrx_word' id='word_1_747' title='bbox 1327 5035 1390 5089; x_wconf 79' lang='grc' dir='ltr'>τὸ</span> <span class='ocrx_word' id='word_1_748' title='bbox 1424 5039 1532 5092; x_wconf 82' lang='grc' dir='ltr'><strong>πᾶν</strong></span> <span class='ocrx_word' id='word_1_749' title='bbox 1558 5040 1785 5108; x_wconf 80' lang='grc' dir='ltr'>ἀγαθὸν,</span> 
     </span>
    </p>
   </div>
   <div class='ocr_carea' id='block_1_100' title="bbox 200 5112 1787 5199">
    <p class='ocr_par' dir='ltr' id='par_1_100' title="bbox 200 5112 1787 5199">
     <span class='ocr_line' id='line_1_100' title="bbox 200 5112 1787 5199; baseline 0.012 -32"><span class='ocrx_word' id='word_1_750' title='bbox 200 5112 330 5185; x_wconf 77' lang='grc' dir='ltr'>ὅπερ</span> <span class='ocrx_word' id='word_1_751' title='bbox 365 5116 433 5171; x_wconf 85' lang='grc' dir='ltr'><strong>ἂν</strong></span> <span class='ocrx_word' id='word_1_752' title='bbox 475 5113 622 5172; x_wconf 78' lang='grc' dir='ltr'>εἶναι</span> <span class='ocrx_word' id='word_1_753' title='bbox 649 5118 1001 5191; x_wconf 88' lang='grc' dir='ltr'>πιστεύηται,</span> <span class='ocrx_word' id='word_1_754' title='bbox 1025 5121 1183 5176; x_wconf 87' lang='grc' dir='ltr'>τοῦτο</span> <span class='ocrx_word' id='word_1_755' title='bbox 1211 5126 1418 5197; x_wconf 85' lang='grc' dir='ltr'>κυρίως</span> <span class='ocrx_word' id='word_1_756' title='bbox 1443 5128 1613 5199; x_wconf 81' lang='grc' dir='ltr'>αὐτὴν</span> <span class='ocrx_word' id='word_1_757' title='bbox 1646 5126 1787 5186; x_wconf 81' lang='grc' dir='ltr'>εἷναί</span> 
     </span>
    </p>
   </div>
   <div class='ocr_carea' id='block_1_101' title="bbox 201 5208 1782 5296">
    <p class='ocr_par' dir='ltr' id='par_1_101' title="bbox 201 5208 1782 5296">
     <span class='ocr_line' id='line_1_101' title="bbox 201 5208 1782 5296; baseline 0.014 -41"><span class='ocrx_word' id='word_1_758' title='bbox 201 5220 375 5296; x_wconf 83' lang='grc' dir='ltr'>φαμεν</span> <span class='ocrx_word' id='word_1_759' title='bbox 407 5208 508 5279; x_wconf 80' lang='grc' dir='ltr'>τὴν</span> <span class='ocrx_word' id='word_1_760' title='bbox 539 5208 695 5296; x_wconf 87' lang='grc' dir='ltr'>θείαν</span> <span class='ocrx_word' id='word_1_761' title='bbox 733 5211 830 5263; x_wconf 73' lang='grc' dir='ltr'>καὶ</span> <span class='ocrx_word' id='word_1_762' title='bbox 862 5211 1103 5281; x_wconf 82' lang='grc' dir='ltr'>άρῥητον</span> <span class='ocrx_word' id='word_1_763' title='bbox 1150 5213 1334 5283; x_wconf 89' lang='grc' dir='ltr'>φύσιν,</span> <span class='ocrx_word' id='word_1_764' title='bbox 1375 5219 1561 5292; x_wconf 84' lang='grc' dir='ltr'>πηγὴν</span> <span class='ocrx_word' id='word_1_765' title='bbox 1590 5221 1782 5296; x_wconf 84' lang='grc' dir='ltr'>ὥσπερ</span> 
     </span>
    </p>
   </div>
   <div class='ocr_carea' id='block_1_102' title="bbox 198 5294 1783 5382">
    <p class='ocr_par' dir='ltr' id='par_1_102' title="bbox 198 5294 1783 5382">
     <span class='ocr_line' id='line_1_102' title="bbox 198 5294 1783 5382; baseline 0.015 -37"><span class='ocrx_word' id='word_1_766' title='bbox 198 5294 317 5347; x_wconf 83' lang='grc' dir='ltr'>τινὰ</span> <span class='ocrx_word' id='word_1_767' title='bbox 356 5298 463 5351; x_wconf 80' lang='grc' dir='ltr'><strong>πᾶν</strong></span> <span class='ocrx_word' id='word_1_768' title='bbox 514 5295 658 5362; x_wconf 75' lang='grc' dir='ltr'>εἶδος</span> <span class='ocrx_word' id='word_1_769' title='bbox 702 5299 908 5371; x_wconf 83' lang='grc' dir='ltr'>ἀρετῆς</span> <span class='ocrx_word' id='word_1_770' title='bbox 952 5300 1183 5371; x_wconf 80' lang='grc' dir='ltr'>ἔχουσαν</span> <span class='ocrx_word' id='word_1_771' title='bbox 1222 5306 1281 5359; x_wconf 88' lang='grc' dir='ltr'><strong>ἐν</strong></span> <span class='ocrx_word' id='word_1_772' title='bbox 1319 5308 1524 5382; x_wconf 82' lang='grc' dir='ltr'>ἐαυτῇ,</span> <span class='ocrx_word' id='word_1_773' title='bbox 1582 5313 1676 5367; x_wconf 77' lang='grc' dir='ltr'><strong>καὶ</strong></span> <span class='ocrx_word' id='word_1_774' title='bbox 1722 5294 1783 5380; x_wconf 78' lang='grc' dir='ltr'>ἐξ</span> 
     </span>
    </p>
   </div>
   <div class='ocr_carea' id='block_1_103' title="bbox 202 5385 1782 5483">
    <p class='ocr_par' dir='ltr' id='par_1_103' title="bbox 202 5385 1782 5483">
     <span class='ocr_line' id='line_1_103' title="bbox 202 5385 1782 5483; baseline 0.017 -47"><span class='ocrx_word' id='word_1_775' title='bbox 202 5385 397 5483; x_wconf 71' lang='grc' dir='ltr'>ἐαυτῆς</span> <span class='ocrx_word' id='word_1_776' title='bbox 415 5390 859 5483; x_wconf 65' lang='grc' dir='ltr'>ἀναϐλύζουσαν.</span> <span class='ocrx_word' id='word_1_777' title='bbox 893 5395 1258 5466; x_wconf 83' lang='grc' dir='ltr'>Εὑλογώτατα</span> <span class='ocrx_word' id='word_1_778' title='bbox 1284 5401 1465 5457; x_wconf 91' lang='grc' dir='ltr'>τοίνυν</span> <span class='ocrx_word' id='word_1_779' title='bbox 1492 5406 1654 5471; x_wconf 85' lang='grc' dir='ltr'>αὐτός</span> <span class='ocrx_word' id='word_1_780' title='bbox 1675 5427 1782 5483; x_wconf 88' lang='grc' dir='ltr'><strong>περ</strong></span> 
     </span>
    </p>
   </div>
   <div class='ocr_carea' id='block_1_104' title="bbox 203 5473 1783 5575">
    <p class='ocr_par' dir='ltr' id='par_1_104' title="bbox 203 5473 1783 5575">
     <span class='ocr_line' id='line_1_104' title="bbox 203 5473 1783 5575; baseline 0.018 -47"><span class='ocrx_word' id='word_1_781' title='bbox 203 5473 351 5530; x_wconf 74' lang='grc' dir='ltr'>ἔσται</span> <span class='ocrx_word' id='word_1_782' title='bbox 378 5479 491 5575; x_wconf 64' lang='grc' dir='ltr'><strong>τῆςΔ</strong></span> <span class='ocrx_word' id='word_1_783' title='bbox 505 5482 731 5575; x_wconf 83' lang='grc' dir='ltr'>ἀγάπης</span> <span class='ocrx_word' id='word_1_784' title='bbox 753 5486 1243 5575; x_wconf 48' lang='grc' dir='ltr'>ὁ“καρπὸς,ἀγάπη</span> <span class='ocrx_word' id='word_1_785' title='bbox 1280 5494 1376 5549; x_wconf 75' lang='grc' dir='ltr'><strong>καὶ</strong></span> <span class='ocrx_word' id='word_1_786' title='bbox 1408 5497 1572 5563; x_wconf 82' lang='grc' dir='ltr'>αὐτὸς</span> <span class='ocrx_word' id='word_1_787' title='bbox 1605 5473 1783 5575; x_wconf 76' lang='grc' dir='ltr'>ὑπάρ-</span> 
     </span>
    </p>
   </div>
   <div class='ocr_carea' id='block_1_105' title="bbox 202 5568 1781 5668">
    <p class='ocr_par' dir='ltr' id='par_1_105' title="bbox 202 5568 1781 5668">
     <span class='ocr_line' id='line_1_105' title="bbox 202 5568 1781 5668; baseline 0.02 -48"><span class='ocrx_word' id='word_1_788' title='bbox 202 5582 329 5636; x_wconf 74' lang='grc' dir='ltr'>κων,</span> <span class='ocrx_word' id='word_1_789' title='bbox 363 5572 506 5625; x_wconf 85' lang='grc' dir='ltr'><strong>κατά</strong></span> <span class='ocrx_word' id='word_1_790' title='bbox 533 5573 627 5628; x_wconf 81' lang='grc' dir='ltr'>τὸν</span> <span class='ocrx_word' id='word_1_791' title='bbox 656 5574 716 5638; x_wconf 77' lang='grc' dir='ltr'>ἐξ</span> <span class='ocrx_word' id='word_1_792' title='bbox 742 5568 914 5650; x_wconf 77' lang='grc' dir='ltr'>οὗπέρ</span> <span class='ocrx_word' id='word_1_793' title='bbox 940 5581 1057 5634; x_wconf 91' lang='grc' dir='ltr'>ἐστι</span> <span class='ocrx_word' id='word_1_794' title='bbox 1097 5583 1309 5656; x_wconf 82' lang='grc' dir='ltr'>Πατρὸς</span> <span class='ocrx_word' id='word_1_795' title='bbox 1330 5586 1359 5639; x_wconf 87' lang='lat'><strong>6</strong></span> <span class='ocrx_word' id='word_1_796' title='bbox 1390 5588 1535 5658; x_wconf 82' lang='grc' dir='ltr'>Υἱὸς,</span> <span class='ocrx_word' id='word_1_797' title='bbox 1564 5593 1651 5649; x_wconf 77' lang='grc' dir='ltr'><strong>διὰ</strong></span> <span class='ocrx_word' id='word_1_798' title='bbox 1681 5568 1781 5668; x_wconf 48' lang='lat' dir='ltr'><strong>rip;</strong></span> 
     </span>
    </p>
   </div>
   <div class='ocr_carea' id='block_1_106' title="bbox 1890 4576 3475 4650">
    <p class='ocr_par' dir='ltr' id='par_1_106' title="bbox 1890 4576 3475 4650">
     <span class='ocr_line' id='line_1_106' title="bbox 1890 4576 3475 4650; baseline -0.005 -12"><span class='ocrx_word' id='word_1_799' title='bbox 1890 4584 2131 4647; x_wconf 83' lang='lat' dir='ltr'><strong>bentem,</strong></span> <span class='ocrx_word' id='word_1_800' title='bbox 2172 4588 2227 4637; x_wconf 93' lang='lat' dir='ltr'><strong>et</strong></span> <span class='ocrx_word' id='word_1_801' title='bbox 2259 4597 2326 4636; x_wconf 89' lang='lat' dir='ltr'><strong>ex</strong></span> <span class='ocrx_word' id='word_1_802' title='bbox 2361 4581 2542 4650; x_wconf 89' lang='lat' dir='ltr'><strong>seipsa</strong></span> <span class='ocrx_word' id='word_1_803' title='bbox 2574 4577 2971 4633; x_wconf 78' lang='lat' dir='ltr'><strong>effundentem.</strong></span> <span class='ocrx_word' id='word_1_804' title='bbox 3012 4576 3146 4633; x_wconf 76' lang='lat' dir='ltr'><strong>Jure</strong></span> <span class='ocrx_word' id='word_1_805' title='bbox 3176 4578 3360 4646; x_wconf 84' lang='lat' dir='ltr'><strong>itaque</strong></span> <span class='ocrx_word' id='word_1_806' title='bbox 3391 4578 3475 4646; x_wconf 82' lang='lat' dir='ltr'><strong>ip-</strong></span> 
     </span>
    </p>
   </div>
   <div class='ocr_carea' id='block_1_107' title="bbox 1887 4669 3473 4738">
    <p class='ocr_par' dir='ltr' id='par_1_107' title="bbox 1887 4669 3473 4738">
     <span class='ocr_line' id='line_1_107' title="bbox 1887 4669 3473 4738; baseline -0.006 -6"><span class='ocrx_word' id='word_1_807' title='bbox 1887 4683 2062 4732; x_wconf 83' lang='lat' dir='ltr'><strong>semet</strong></span> <span class='ocrx_word' id='word_1_808' title='bbox 2090 4674 2199 4731; x_wconf 89' lang='lat' dir='ltr'><strong>erit</strong></span> <span class='ocrx_word' id='word_1_809' title='bbox 2226 4673 2516 4729; x_wconf 88' lang='lat' dir='ltr'><strong>ebaritatis</strong></span> <span class='ocrx_word' id='word_1_810' title='bbox 2546 4671 2782 4734; x_wconf 80' lang='lat' dir='ltr'><strong>fruetus.</strong></span> <span class='ocrx_word' id='word_1_811' title='bbox 2824 4678 2879 4728; x_wconf 93' lang='lat' dir='ltr'><strong>et</strong></span> <span class='ocrx_word' id='word_1_812' title='bbox 2909 4686 3034 4725; x_wconf 87' lang='lat' dir='ltr'><strong>cum</strong></span> <span class='ocrx_word' id='word_1_813' title='bbox 3065 4671 3138 4725; x_wconf 92' lang='lat' dir='ltr'><strong>sit</strong></span> <span class='ocrx_word' id='word_1_814' title='bbox 3169 4669 3333 4725; x_wconf 86' lang='lat' dir='ltr'><strong>etiam</strong></span> <span class='ocrx_word' id='word_1_815' title='bbox 3356 4669 3473 4738; x_wconf 84' lang='lat' dir='ltr'><strong>ipse</strong></span> 
     </span>
    </p>
   </div>
   <div class='ocr_carea' id='block_1_108' title="bbox 1890 4759 3473 4833">
    <p class='ocr_par' dir='ltr' id='par_1_108' title="bbox 1890 4759 3473 4833">
     <span class='ocr_line' id='line_1_108' title="bbox 1890 4759 3473 4833; baseline -0.006 -12"><span class='ocrx_word' id='word_1_816' title='bbox 1890 4765 2160 4829; x_wconf 88' lang='lat' dir='ltr'><strong>charitas,</strong></span> <span class='ocrx_word' id='word_1_817' title='bbox 2191 4763 2356 4819; x_wconf 89' lang='lat' dir='ltr'><strong>sicuti</strong></span> <span class='ocrx_word' id='word_1_818' title='bbox 2386 4761 2552 4818; x_wconf 88' lang='lat' dir='ltr'><strong>Pater</strong></span> <span class='ocrx_word' id='word_1_819' title='bbox 2577 4778 2643 4819; x_wconf 90' lang='lat' dir='ltr'><strong>ex</strong></span> <span class='ocrx_word' id='word_1_820' title='bbox 2666 4777 2777 4833; x_wconf 89' lang='lat' dir='ltr'><strong>quo</strong></span> <span class='ocrx_word' id='word_1_821' title='bbox 2796 4770 2883 4818; x_wconf 91' lang='lat' dir='ltr'><strong>est</strong></span> <span class='ocrx_word' id='word_1_822' title='bbox 2910 4759 3110 4824; x_wconf 88' lang='lat' dir='ltr'><strong>Filius,</strong></span> <span class='ocrx_word' id='word_1_823' title='bbox 3142 4760 3349 4815; x_wconf 88' lang='lat' dir='ltr'><strong>nostris</strong></span> <span class='ocrx_word' id='word_1_824' title='bbox 3376 4774 3473 4830; x_wconf 89' lang='lat' dir='ltr'><strong>per</strong></span> 
     </span>
    </p>
   </div>
   <div class='ocr_carea' id='block_1_109' title="bbox 1888 4850 3473 4927">
    <p class='ocr_par' dir='ltr' id='par_1_109' title="bbox 1888 4850 3473 4927">
     <span class='ocr_line' id='line_1_109' title="bbox 1888 4850 3473 4927; baseline -0.006 -12"><span class='ocrx_word' id='word_1_825' title='bbox 1888 4860 2218 4915; x_wconf 87' lang='lat' dir='ltr'><strong>charitatem</strong></span> <span class='ocrx_word' id='word_1_826' title='bbox 2260 4857 2459 4912; x_wconf 90' lang='lat' dir='ltr'><strong>animis</strong></span> <span class='ocrx_word' id='word_1_827' title='bbox 2505 4855 2859 4927; x_wconf 77' lang='lat' dir='ltr'><strong>insignietur,</strong></span> <span class='ocrx_word' id='word_1_828' title='bbox 2906 4862 2961 4908; x_wconf 88' lang='lat' dir='ltr'><strong>et</strong></span> <span class='ocrx_word' id='word_1_829' title='bbox 3006 4862 3248 4907; x_wconf 88' lang='lat' dir='ltr'><strong>mutuam</strong></span> <span class='ocrx_word' id='word_1_830' title='bbox 3290 4850 3473 4907; x_wconf 88' lang='lat' dir='ltr'><strong>chari-</strong></span> 
     </span>
    </p>
   </div>
   <div class='ocr_carea' id='block_1_110' title="bbox 1888 4942 3473 5020">
    <p class='ocr_par' dir='ltr' id='par_1_110' title="bbox 1888 4942 3473 5020">
     <span class='ocr_line' id='line_1_110' title="bbox 1888 4942 3473 5020; baseline -0.007 -13"><span class='ocrx_word' id='word_1_831' title='bbox 1888 4960 2055 5008; x_wconf 85' lang='lat' dir='ltr'><strong>taten:</strong></span> <span class='ocrx_word' id='word_1_832' title='bbox 2092 4949 2377 5005; x_wconf 91' lang='lat' dir='ltr'><strong>mordicus</strong></span> <span class='ocrx_word' id='word_1_833' title='bbox 2403 4948 2684 5020; x_wconf 86' lang='lat' dir='ltr'><strong>amplecti,</strong></span> <span class='ocrx_word' id='word_1_834' title='bbox 2716 4944 3132 5015; x_wconf 75' lang='lat' dir='ltr'><strong>coniunctionis</strong></span> <span class='ocrx_word' id='word_1_835' title='bbox 3160 4950 3215 5000; x_wconf 85' lang='lat' dir='ltr'><strong>et</strong></span> <span class='ocrx_word' id='word_1_836' title='bbox 3238 4942 3473 4997; x_wconf 82' lang='lat' dir='ltr'><strong>familia-</strong></span> 
     </span>
    </p>
   </div>
   <div class='ocr_carea' id='block_1_111' title="bbox 1884 5035 3471 5113">
    <p class='ocr_par' dir='ltr' id='par_1_111' title="bbox 1884 5035 3471 5113">
     <span class='ocr_line' id='line_1_111' title="bbox 1884 5035 3471 5113; baseline -0.007 -13"><span class='ocrx_word' id='word_1_837' title='bbox 1884 5045 2067 5100; x_wconf 89' lang='lat' dir='ltr'><strong>ritatis</strong></span> <span class='ocrx_word' id='word_1_838' title='bbox 2094 5058 2220 5098; x_wconf 86' lang='lat' dir='ltr'><strong>eum</strong></span> <span class='ocrx_word' id='word_1_839' title='bbox 2251 5043 2374 5113; x_wconf 89' lang='lat' dir='ltr'><strong>ipso</strong></span> <span class='ocrx_word' id='word_1_840' title='bbox 2405 5051 2567 5097; x_wconf 87' lang='lat' dir='ltr'><strong>notas</strong></span> <span class='ocrx_word' id='word_1_841' title='bbox 2597 5039 2755 5095; x_wconf 91' lang='lat' dir='ltr'><strong>bonis</strong></span> <span class='ocrx_word' id='word_1_842' title='bbox 2789 5035 3080 5107; x_wconf 90' lang='lat' dir='ltr'><strong>imprimit.</strong></span> <span class='ocrx_word' id='word_1_843' title='bbox 3125 5035 3368 5106; x_wconf 84' lang='lat' dir='ltr'><strong>Alioqui,</strong></span> <span class='ocrx_word' id='word_1_844' title='bbox 3399 5037 3471 5097; x_wconf 88' lang='lat' dir='ltr'><strong>si,</strong></span> 
     </span>
    </p>
   </div>
   <div class='ocr_carea' id='block_1_112' title="bbox 1880 5128 3469 5208">
    <p class='ocr_par' dir='ltr' id='par_1_112' title="bbox 1880 5128 3469 5208">
     <span class='ocr_line' id='line_1_112' title="bbox 1880 5128 3469 5208; baseline -0.006 -15"><span class='ocrx_word' id='word_1_845' title='bbox 1880 5138 2038 5208; x_wconf 78' lang='lat' dir='ltr'><strong>juxta</strong></span> <span class='ocrx_word' id='word_1_846' title='bbox 2065 5136 2220 5191; x_wconf 90' lang='lat' dir='ltr'><strong>Pauli</strong></span> <span class='ocrx_word' id='word_1_847' title='bbox 2249 5149 2443 5191; x_wconf 89' lang='lat' dir='ltr'><strong>vocem</strong></span> <span class='ocrx_word' id='word_1_848' title='bbox 2478 5135 2521 5166; x_wconf 81' lang='grc'><strong>³³</strong></span> <span class='ocrx_word' id='word_1_849' title='bbox 2550 5173 2565 5198; x_wconf 93' lang='grc'><strong>,</strong></span> <span class='ocrx_word' id='word_1_850' title='bbox 2601 5147 2708 5203; x_wconf 89' lang='lat' dir='ltr'><strong>pax</strong></span> <span class='ocrx_word' id='word_1_851' title='bbox 2751 5138 2945 5187; x_wconf 89' lang='lat' dir='ltr'><strong>nostra</strong></span> <span class='ocrx_word' id='word_1_852' title='bbox 2978 5128 3231 5185; x_wconf 87' lang='lat' dir='ltr'><strong>Christus</strong></span> <span class='ocrx_word' id='word_1_853' title='bbox 3262 5139 3350 5185; x_wconf 83' lang='lat' dir='ltr'><strong>est</strong></span> <span class='ocrx_word' id='word_1_854' title='bbox 3390 5131 3469 5197; x_wconf 87' lang='lat' dir='ltr'><strong>(iu</strong></span> 
     </span>
    </p>
   </div>
   <div class='ocr_carea' id='block_1_113' title="bbox 1888 5221 3472 5299">
    <p class='ocr_par' dir='ltr' id='par_1_113' title="bbox 1888 5221 3472 5299">
     <span class='ocr_line' id='line_1_113' title="bbox 1888 5221 3472 5299; baseline -0.003 -17"><span class='ocrx_word' id='word_1_855' title='bbox 1888 5229 2010 5299; x_wconf 93' lang='lat' dir='ltr'><strong>ipso</strong></span> <span class='ocrx_word' id='word_1_856' title='bbox 2032 5229 2178 5285; x_wconf 85' lang='lat' dir='ltr'><strong>enim</strong></span> <span class='ocrx_word' id='word_1_857' title='bbox 2212 5227 2477 5283; x_wconf 79' lang='lat' dir='ltr'><strong>inferiora</strong></span> <span class='ocrx_word' id='word_1_858' title='bbox 2504 5223 2888 5295; x_wconf 89' lang='lat' dir='ltr'><strong>superioribus</strong></span> <span class='ocrx_word' id='word_1_859' title='bbox 2910 5221 3205 5292; x_wconf 88' lang='lat' dir='ltr'><strong>conjuncta</strong></span> <span class='ocrx_word' id='word_1_860' title='bbox 3234 5229 3386 5284; x_wconf 90' lang='lat' dir='ltr'><strong>sunt,</strong></span> <span class='ocrx_word' id='word_1_861' title='bbox 3416 5230 3472 5277; x_wconf 82' lang='lat' dir='ltr'><strong>et</strong></span> 
     </span>
    </p>
   </div>
   <div class='ocr_carea' id='block_1_114' title="bbox 1889 5312 3470 5392">
    <p class='ocr_par' dir='ltr' id='par_1_114' title="bbox 1889 5312 3470 5392">
     <span class='ocr_line' id='line_1_114' title="bbox 1889 5312 3470 5392; baseline -0.006 -15"><span class='ocrx_word' id='word_1_862' title='bbox 1889 5335 1988 5392; x_wconf 88' lang='lat' dir='ltr'><strong>per</strong></span> <span class='ocrx_word' id='word_1_863' title='bbox 2021 5320 2201 5391; x_wconf 89' lang='lat' dir='ltr'><strong>ipsum</strong></span> <span class='ocrx_word' id='word_1_864' title='bbox 2224 5317 2570 5374; x_wconf 89' lang='lat' dir='ltr'><strong>reconciliati</strong></span> <span class='ocrx_word' id='word_1_865' title='bbox 2605 5330 2798 5372; x_wconf 89' lang='lat' dir='ltr'><strong>sumus</strong></span> <span class='ocrx_word' id='word_1_866' title='bbox 2836 5313 2950 5370; x_wconf 90' lang='lat' dir='ltr'><strong>Deo</strong></span> <span class='ocrx_word' id='word_1_867' title='bbox 2978 5328 3043 5368; x_wconf 92' lang='lat' dir='ltr'><strong>ac</strong></span> <span class='ocrx_word' id='word_1_868' title='bbox 3069 5312 3241 5375; x_wconf 85' lang='lat' dir='ltr'><strong>Patri.</strong></span> <span class='ocrx_word' id='word_1_869' title='bbox 3276 5328 3470 5383; x_wconf 83' lang='lat' dir='ltr'><strong>quam-</strong></span> 
     </span>
    </p>
   </div>
   <div class='ocr_carea' id='block_1_115' title="bbox 1891 5406 3472 5476">
    <p class='ocr_par' dir='ltr' id='par_1_115' title="bbox 1891 5406 3472 5476">
     <span class='ocr_line' id='line_1_115' title="bbox 1891 5406 3472 5476; baseline -0.004 -9"><span class='ocrx_word' id='word_1_870' title='bbox 1891 5414 1975 5469; x_wconf 90' lang='lat' dir='ltr'><strong>vis</strong></span> <span class='ocrx_word' id='word_1_871' title='bbox 2008 5412 2170 5467; x_wconf 91' lang='lat' dir='ltr'><strong>initio</strong></span> <span class='ocrx_word' id='word_1_872' title='bbox 2197 5411 2430 5465; x_wconf 91' lang='lat' dir='ltr'><strong>multum</strong></span> <span class='ocrx_word' id='word_1_873' title='bbox 2455 5409 2662 5476; x_wconf 91' lang='lat' dir='ltr'><strong>dissiti,</strong></span> <span class='ocrx_word' id='word_1_874' title='bbox 2685 5407 3049 5465; x_wconf 87' lang='lat' dir='ltr'><strong>conversione</strong></span> <span class='ocrx_word' id='word_1_875' title='bbox 3082 5406 3151 5461; x_wconf 88' lang='lat' dir='ltr'><strong>ad</strong></span> <span class='ocrx_word' id='word_1_876' title='bbox 3185 5407 3391 5460; x_wconf 90' lang='lat' dir='ltr'><strong>malum</strong></span> <span class='ocrx_word' id='word_1_877' title='bbox 3415 5413 3472 5460; x_wconf 88' lang='lat' dir='ltr'><strong>et</strong></span> 
     </span>
    </p>
   </div>
   <div class='ocr_carea' id='block_1_116' title="bbox 1891 5497 3469 5575">
    <p class='ocr_par' dir='ltr' id='par_1_116' title="bbox 1891 5497 3469 5575">
     <span class='ocr_line' id='line_1_116' title="bbox 1891 5497 3469 5575; baseline -0.008 -16"><span class='ocrx_word' id='word_1_878' title='bbox 1891 5504 1944 5559; x_wconf 92' lang='lat' dir='ltr'><strong>in</strong></span> <span class='ocrx_word' id='word_1_879' title='bbox 1978 5502 2142 5575; x_wconf 65' lang='grc'><strong>754</strong></span> <span class='ocrx_word' id='word_1_880' title='bbox 2165 5502 2308 5559; x_wconf 91' lang='lat' dir='ltr'><strong>duos</strong></span> <span class='ocrx_word' id='word_1_881' title='bbox 2332 5502 2564 5573; x_wconf 91' lang='lat' dir='ltr'><strong>populos</strong></span> <span class='ocrx_word' id='word_1_882' title='bbox 2587 5502 2717 5556; x_wconf 90' lang='lat' dir='ltr'><strong>olim</strong></span> <span class='ocrx_word' id='word_1_883' title='bbox 2745 5499 2930 5562; x_wconf 88' lang='lat' dir='ltr'><strong>divisi,</strong></span> <span class='ocrx_word' id='word_1_884' title='bbox 2967 5509 3157 5570; x_wconf 78' lang='lat' dir='ltr'><strong>gentes</strong></span> <span class='ocrx_word' id='word_1_885' title='bbox 3185 5497 3469 5555; x_wconf 88' lang='lat' dir='ltr'><strong>nimirum.</strong></span> 
     </span>
    </p>
   </div>
   <div class='ocr_carea' id='block_1_117' title="bbox 1888 5586 3472 5663">
    <p class='ocr_par' dir='ltr' id='par_1_117' title="bbox 1888 5586 3472 5663">
     <span class='ocr_line' id='line_1_117' title="bbox 1888 5586 3472 5663; baseline -0.008 -11"><span class='ocrx_word' id='word_1_886' title='bbox 1888 5606 1943 5652; x_wconf 92' lang='lat' dir='ltr'><strong>et</strong></span> <span class='ocrx_word' id='word_1_887' title='bbox 1990 5596 2294 5663; x_wconf 90' lang='lat' dir='ltr'><strong>lsraelitas,</strong></span> <span class='ocrx_word' id='word_1_888' title='bbox 2346 5595 2399 5649; x_wconf 89' lang='lat' dir='ltr'><strong>in</strong></span> <span class='ocrx_word' id='word_1_889' title='bbox 2434 5610 2607 5650; x_wconf 90' lang='lat' dir='ltr'><strong>unum</strong></span> <span class='ocrx_word' id='word_1_890' title='bbox 2657 5609 2861 5649; x_wconf 90' lang='lat' dir='ltr'><strong>novum</strong></span> <span class='ocrx_word' id='word_1_891' title='bbox 2903 5592 3179 5647; x_wconf 87' lang='lat' dir='ltr'><strong>hominem</strong></span> <span class='ocrx_word' id='word_1_892' title='bbox 3213 5586 3472 5644; x_wconf 63' lang='lat' dir='ltr'><strong>aediﬁcati</strong></span> 
     </span>
    </p>
   </div>
   <div class='ocr_carea' id='block_1_118' title="bbox 270 5682 1775 5777">
    <p class='ocr_par' dir='ltr' id='par_1_118' title="bbox 270 5682 1774 5777">
     <span class='ocr_line' id='line_1_118' title="bbox 270 5682 1774 5777; baseline -0.028 2"><span class='ocrx_word' id='word_1_893' title='bbox 270 5682 889 5777; x_wconf 46' lang='grc' dir='ltr'><strong>ἳ-,Ῑξῗψῆξηῆκθεέοο</strong></span> <span class='ocrx_word' id='word_1_894' title='bbox 969 5694 1013 5726; x_wconf 73' lang='grc'><strong>’⁷</strong></span> <span class='ocrx_word' id='word_1_895' title='bbox 1054 5695 1227 5754; x_wconf 74' lang='grc' dir='ltr'><strong>ῙΟΟΓ.</strong></span> <span class='ocrx_word' id='word_1_896' title='bbox 1262 5714 1363 5755; x_wconf 85' lang='lat' dir='ltr'><strong>xm</strong></span> <span class='ocrx_word' id='word_1_897' title='bbox 1389 5740 1404 5767; x_wconf 93' lang='lat'><strong>,</strong></span> <span class='ocrx_word' id='word_1_898' title='bbox 1438 5704 1502 5773; x_wconf 73' lang='grc'>4,</span> <span class='ocrx_word' id='word_1_899' title='bbox 1538 5706 1591 5761; x_wconf 84' lang='lat'><strong>5.</strong></span> <span class='ocrx_word' id='word_1_900' title='bbox 1670 5710 1716 5741; x_wconf 69' lang='grc' dir='ltr'><strong>η</strong></span> <span class='ocrx_word' id='word_1_901' title='bbox 1756 5709 1774 5764; x_wconf 75' lang='grc' dir='ltr'>ι</span> 
     </span>
    </p>
   </div>
   <div class='ocr_carea' id='block_1_119' title="bbox 1879 5682 3469 5777">
    <p class='ocr_par' dir='ltr' id='par_1_119' title="bbox 1879 5698 3469 5777">
     <span class='ocr_line' id='line_1_119' title="bbox 1879 5698 3469 5777; baseline -0.004 -12"><span class='ocrx_word' id='word_1_902' title='bbox 1879 5725 1966 5765; x_wconf 91' lang='lat' dir='ltr'><strong>an.</strong></span> <span class='ocrx_word' id='word_1_903' title='bbox 2009 5725 2101 5777; x_wconf 68' lang='lat' dir='ltr'><strong>tv,</strong></span> <span class='ocrx_word' id='word_1_904' title='bbox 2133 5708 2221 5765; x_wconf 76' lang='grc'><strong>16.</strong></span> <span class='ocrx_word' id='word_1_905' title='bbox 2297 5710 2342 5743; x_wconf 71' lang='grc' dir='ltr'>υ</span> <span class='ocrx_word' id='word_1_906' title='bbox 2396 5706 2557 5764; x_wconf 87' lang='lat' dir='ltr'><strong>Joan.</strong></span> <span class='ocrx_word' id='word_1_907' title='bbox 2618 5722 2710 5774; x_wconf 89' lang='lat' dir='ltr'><strong>xv,</strong></span> <span class='ocrx_word' id='word_1_908' title='bbox 2755 5705 2842 5760; x_wconf 78' lang='grc'><strong>15.</strong></span> <span class='ocrx_word' id='word_1_909' title='bbox 2919 5704 2964 5738; x_wconf 77' lang='grc' dir='ltr'><strong>⁸ο</strong></span> <span class='ocrx_word' id='word_1_910' title='bbox 3015 5703 3034 5757; x_wconf 87' lang='grc'><strong>1</strong></span> <span class='ocrx_word' id='word_1_911' title='bbox 3081 5701 3339 5767; x_wconf 80' lang='lat' dir='ltr'><strong>Joan.tv,</strong></span> <span class='ocrx_word' id='word_1_912' title='bbox 3378 5698 3469 5759; x_wconf 81' lang='lat' dir='ltr'><strong>l6.</strong></span> 
     </span>
    </p>
   </div>
   <div class='ocr_carea' id='block_1_120' title="bbox 206 5748 833 5831">
    <p class='ocr_par' dir='ltr' id='par_1_120' title="bbox 206 5748 833 5831">
     <span class='ocr_line' id='line_1_120' title="bbox 206 5748 833 5831; baseline 0.016 -24"><span class='ocrx_word' id='word_1_913' title='bbox 206 5748 246 5784; x_wconf 81' lang='grc'><strong>⁸⁸</strong></span> <span class='ocrx_word' id='word_1_914' title='bbox 287 5751 485 5831; x_wconf 75' lang='lat' dir='ltr'><strong>Ephes.</strong></span> <span class='ocrx_word' id='word_1_915' title='bbox 537 5774 612 5827; x_wconf 86' lang='lat' dir='ltr'><strong>ll,</strong></span> <span class='ocrx_word' id='word_1_916' title='bbox 648 5748 833 5818; x_wconf 11' lang='lat' dir='ltr'><strong>lvi-l8.</strong></span> 
     </span>
    </p>
   </div>
  </div>
