4144 6482
671 340 772 397 167
1672 336 1732 392 S.
1768 332 2053 388 CYRILLI
2100 330 2569 387 ALEXANDRINI
2603 330 2923 388 ARCHIEP.
3861 326 3975 383 ’68

666 469 862 513 sumus
899 454 953 509 in
1000 454 1168 523 ipso:
1209 453 1389 508 soluta
1440 465 1526 508 est
1566 451 1715 507 enim
1765 455 2028 517 maceria,
2064 458 2120 507 et
2148 450 2247 504 de-

2351 448 2574 520 ἀγάπης
2616 450 2851 520 μάλιστα
2897 451 3016 512 ταῖς
3062 449 3361 519 ἡμετέραις
3410 447 3615 517 ψυχαῖς
3662 448 3974 515 ἐνσημαν-

666 552 877 599 structa
915 556 998 598 εει
1030 541 1335 596 inimicitia:
1367 540 1450 597 vis
1479 540 1752 611 dogmatis
1777 541 2132 613 evangelicis,
2169 539 2248 595 si—

2357 542 2602 614 θήσεται,
2646 542 2740 595 καὶ
2780 543 2877 611 τῆς
2920 539 3251 611 οἰκειότητος
3277 540 3376 611 τῆς
3410 541 3547 608 πρὸς
3589 538 3758 592 αὐτὸν
3788 539 3970 607 ὲγχα-
4026 600 4033 607 ﬁ

671 636 846 691 lentio
877 633 980 706 legi
1013 632 1319 703 imposito),
1353 632 1629 702 quomodo
1673 633 1941 705 cognosci
1978 632 2251 702 potuisset

663 741 761 781 eos
794 740 917 781 esse
944 725 1099 794 pacis
1129 724 1455 793 discipulos,
1493 722 1549 777 si
1575 737 1766 793 pacem
1809 730 2059 777 mutuam
2107 722 2253 777 inter

664 832 724 872 se
751 831 858 872 non
888 814 1189 870 haberent?
1213 812 1354 878 Quid
1389 814 1534 867 enim
1568 812 1739 876 aliud,
1762 827 1974 883 quaeso,
2000 819 2085 868 est
2113 812 2253 866 clta-

666 906 845 961 ritatis
881 904 1206 973 disjunctio,
1249 917 1411 970 quam
1447 903 1605 974 origo
1643 903 1795 969 belli,
1832 903 1985 974 pacis
2010 903 2248 968 eversio,

661 1008 717 1053 et
750 998 916 1052 animi
945 994 1275 1065 duplicitas?
1308 992 1785 1058 Quemadmodum
1816 995 1962 1049 enim
1993 994 2050 1049 in
2088 993 2252 1048 ﬁrmo

660 1087 952 1143 charitatis
987 1084 1206 1140 vinculo
1244 1084 1400 1154 pacis
1443 1083 1586 1138 bona
1626 1083 1789 1140 nobis
1819 1091 2249 1147 conservantur,

660 1182 762 1246 sic,
805 1180 1021 1251 opinor,
1073 1178 1204 1232 dum
1251 1176 1499 1231 charitas
1529 1177 1887 1244 rescinditur,
1923 1177 2054 1232 belli
2108 1177 2251 1231 mala

658 1273 916 1327 subeunt.
954 1269 1023 1324 Et
1060 1268 1195 1341 quid
1224 1276 1343 1323 tum
1377 1266 1540 1324 inde?
1573 1268 1814 1338 Iniuriae,
1838 1270 2251 1333 contentiones,

655 1363 1053 1427 aemulationes,
1079 1361 1201 1422 iraa.
1237 1360 1475 1422 furores,
1508 1361 1903 1425 detractiones,
1934 1361 2248 1425 maledicta,

652 1458 708 1504 et
772 1450 1033 1514 invidiae,
1088 1449 1273 1502 omnia
1326 1449 1567 1519 denique
1628 1450 1998 1520 improbitatis
2051 1465 2251 1521 genera

654 1543 878 1597 oriuntu
888 1557 932 1594 r.
959 1541 1096 1595 Cum
1120 1541 1308 1610 itaque
1324 1540 1502 1595 virtus
1518 1540 1700 1595 omnis
1718 1541 1772 1594 in
1789 1541 2055 1596 charitate
2070 1542 2252 1596 conti-

654 1643 857 1688 neatur
886 1633 1314 1704 impleaturque,
1350 1647 1511 1687 nemo
1549 1640 1800 1687 nostrum
1830 1633 1938 1688 cibi
1979 1634 2254 1690 abstinen-

655 1727 753 1790 tia,
778 1733 872 1778 aut
898 1724 1045 1794 quod
1081 1725 1233 1778 humi
1267 1725 1455 1789 cubet,
1479 1732 1575 1778 aut
1604 1724 1731 1780 aliis
1759 1724 2054 1781 laboriosis
2078 1726 2253 1797 pieta-

2350 633 2542 704 ράττει
2566 636 2676 695 τοῖς
2703 632 2927 700 ἀγαθοῖς
2952 633 3021 684 τὰ
3034 630 3415 702 γνωρίσματα,
3438 631 3499 684 τὸ
3521 631 3695 702 ἀπρὶξ
3723 629 3971 700 ἔχεσθαι

2353 726 2456 795 τῆς
2484 724 2861 795 φιλαλληλίας.
2898 722 3111 784 Ἀλλως
3135 738 3218 787 τε,
3254 723 3324 784 εἰ,
3357 722 3499 775 κατά
3534 722 3634 792 τὴν
3659 720 3761 774 τοῦ
3806 720 3968 775 [latio

2354 817 2448 874 λοῦ
2477 816 2684 887 φωνὴν,
2719 817 2748 867 ὁ
2772 814 3007 886 Χριστός
3028 816 3178 867 ὲστιν
3200 815 3232 884 ή
3266 814 3459 884 εἰρήνη
3482 813 3643 883 ἡμῶν
3681 813 3777 883 (ἐν
3802 812 3969 881 αὐτῷ

2354 908 2465 979 γὰρ
2500 907 2745 978 συνήφθη
2774 906 2844 959 τά
2872 906 3024 961 κάτω
3052 908 3165 967 τοῖς
3209 905 3345 969 ἀνω,
3382 908 3478 958 καὶ
3515 905 3583 957 δι’
3617 905 3793 959 αὐτοῦ
3827 921 3970 957 κατε

2354 1001 2671 1071 ηλλάγημεν
2709 997 2787 1069 τῷ
2829 997 2949 1068 Θεῷ
2988 997 3083 1050 καὶ
3137 997 3343 1068 Πατρὶ,
3391 996 3575 1048 καίτοι
3621 995 3846 1064 πολλὴν
3909 998 3968 1047 ὲν

2354 1092 2551 1161 ἀρχαῖς
2596 1087 3049 1158 ἐπιτηδεύσαντες
3079 1087 3177 1157 τὴν
3216 1087 3555 1151 ἀπόστασιν,
3597 1085 3688 1139 διά
3722 1088 3835 1156 τὴν
3884 1087 3970 1147 είς

2353 1184 2414 1237 τὸ
2439 1181 2642 1252 φαῦλον
2667 1180 3005 1251 ἀποδρομὴν,
3033 1180 3129 1232 καὶ
3159 1180 3238 1242 εἰς
3260 1177 3354 1231 δύο
3385 1178 3516 1231 ποτὲ
3543 1178 3969 1248 μεμερισμένοι

2352 1275 2538 1340 λαοὺς,
2580 1275 2662 1338 εἷς
2690 1291 2749 1327 τε
2778 1273 2847 1326 τά
2879 1272 3029 1341 ἔθνη,
3060 1272 3153 1325 καὶ
3174 1271 3266 1323 τὸν
3306 1270 3547 1340 Ἰσραὴλ,
3577 1272 3659 1334 είς
3679 1271 3785 1323 ἕνα
3829 1288 3962 1324 και⁸

2355 1368 2444 1423 νὸν
2492 1366 2779 1436 ἄνθρωπον
2810 1363 3139 1433 ὲκτίσθημεν
3177 1363 3234 1414 ὲν
3266 1360 3445 1430 αὐτῷ’
3484 1359 3707 1413 λέλυται
3738 1359 3865 1431 γὰρ
3906 1358 3970 1410 τὸ

2357 1462 2668 1533 μεσότοιχον
2728 1456 2822 1511 τοῦ
2894 1454 3185 1527 φραγμοῦ,
3265 1454 3360 1506 καὶ
3416 1453 3776 1524 κατήργηται
3862 1451 3967 1520 τῆς

2354 1551 2554 1624 ἔχθρας
2597 1552 2629 1620 ἡ
2662 1548 2912 1619 δύναμις,
2946 1545 3212 1617 δόγμασιν
3258 1543 3677 1612 εὐαγγελικοῖς,
3714 1558 3967 1597 κατασιο

2353 1641 2647 1711 γασθέντος
2676 1638 2771 1693 τοῦ
2805 1636 3032 1709 νόμου),
3077 1636 3197 1699 πῶς
3230 1633 3295 1687 ἂν
3330 1632 3684 1703 ἐγνώσθησαν
3729 1634 3819 1686 ὅτι
3861 1633 3966 1702 τῆς

2355 1737 2578 1807 εἰρήνης
2608 1733 2865 1803 γεγόνασι
2899 1729 3141 1803 μαθηταὶ
3181 1727 3278 1800 τὴν
3309 1729 3390 1791 είς
3418 1726 3683 1799 ἀλλήλους
3718 1727 3963 1798 εἰρήνην

660 1816 733 1870 tis
759 1816 1256 1872 exercitationibus
1292 1816 1562 1887 glorietur
1582 1855 1598 1881 ,
1626 1815 1733 1871 nisi
1771 1816 2097 1872 charilatem
2124 1832 2248 1887 erga

2358 1829 2458 1881 οὐκ
2491 1826 2731 1896 ἔχοντες
2762 1824 2831 1877 Τί
2858 1823 2967 1894 γὰρ
2998 1822 3187 1893 ἕτερον
3219 1821 3303 1891 εἴη
3334 1820 3496 1890 τυχὸν
3533 1822 3563 1872 ὁ
3586 1819 3689 1889 τῆς
3720 1820 3963 1889 ἀγάπης

655 1906 881 1963 fratrem
916 1919 1063 1964 recte
1092 1916 1333 1964 tueatur.
1384 1906 1553 1962 Extra
1585 1914 1748 1964 meta:
1781 1906 1987 1963 ﬂexum
2020 1909 2250 1980 perinde

654 2013 720 2056 ac
766 2000 1057 2070 imperitus
1088 2001 1279 2072 auriga
1312 1999 1490 2056 fertur
1541 2008 1596 2056 et
1631 2000 2021 2072 gubernatoris
2074 2002 2251 2057 instar

654 2090 898 2156 aberrat,
928 2092 1021 2163 qui
1051 2093 1210 2148 navis
1234 2091 1458 2162 quidem
1484 2090 1705 2147 clavum
1736 2101 1908 2157 tenet,
1930 2091 2030 2148 sed
2048 2107 2251 2164 propo-

654 2184 823 2238 situm
857 2184 1230 2256 navigationis
1265 2199 1495 2256 scopum
1520 2200 1635 2257 prae
1657 2185 1881 2241 inscitia
1901 2200 2015 2241 non
2040 2193 2245 2242 servat.

653 2272 927 2341 Quocirca
952 2286 1007 2331 et
1034 2275 1129 2347 qui
1161 2290 1333 2332 ausus
1362 2282 1451 2331 est
1478 2275 1664 2332 dicere
1689 2295 1702 2332 :
1744 2296 1762 2329 ι
1788 2277 1872 2332 An
1903 2277 2250 2349 experimen-

655 2372 773 2420 tum
801 2366 1049 2436 quaaritis
1081 2366 1201 2436 ejus
1234 2366 1329 2437 qui
1370 2366 1424 2420 in
1468 2381 1555 2421 me
1589 2367 1833 2437 loquitur
1863 2367 2070 2423 Christi
2110 2368 2190 2421 ιιι
2224 2387 2243 2419 ι

653 2454 901 2525 divinus,
940 2459 1188 2529 inquam,
1220 2459 1310 2514 ille
1332 2458 1565 2525 Paulus,
1591 2472 1701 2513 non
1745 2459 2075 2531 simpliciter
2100 2459 2247 2530 quod

654 2558 989 2619 sectaretur,
1031 2553 1128 2608 sed
1156 2552 1306 2623 quod
1336 2551 1392 2606 id
1440 2550 1695 2608 faciendo
1728 2562 1877 2609 recta
1919 2554 1987 2609 ad
2016 2569 2247 2626 scopum

652 2643 927 2708 tenderet,
956 2644 1309 2716 gioriabatur
1353 2646 1421 2701 ³³.
1471 2646 1713 2703 Labores
1750 2646 1957 2717 quippe
1996 2648 2249 2718 corporis

651 2734 955 2803 venditare,
999 2736 1132 2791 dum
1166 2738 1387 2794 interim
1422 2738 1720 2810 praecipuis
1750 2747 1805 2794 et
1840 2739 2020 2809 magis
2054 2754 2249 2795 neces-

651 2827 819 2882 sariis
847 2827 1085 2895 excidis,
1139 2828 1247 2884 hoc
1299 2844 1410 2884 non
1462 2837 1550 2886 est
1600 2830 1666 2887 ad
1718 2843 1948 2899 scopum
2001 2829 2247 2885 tendere.

657 2918 882 2974 Sciebat
915 2926 1100 2974 autem
1137 2920 1468 2976 charitatem
1493 2921 1796 2975 virtutibus
1826 2920 2089 2976 omnibus
2117 2920 2242 2976 vel-

654 3010 735 3063 uti
768 3008 1095 3064 coronidem
1145 3008 1443 3079 quamdam
1488 3008 1571 3064 sic
1605 3010 1947 3078 impositam,
1982 3018 2044 3063 ut
2086 3019 2142 3066 et
2183 3011 2252 3067 de

654 3115 723 3157 ea
756 3101 1023 3173 praclarc
1071 3100 1328 3155 diceret:
1372 3120 1391 3153 ι
1426 3100 1541 3156 Etsi
1595 3099 1943 3157 distribuere
1989 3100 2046 3156 in
2095 3103 2253 3157 cibos

653 3206 961 3264 pauperum
999 3205 1198 3247 omnes
1244 3190 1537 3246 facultates
1568 3206 1740 3255 meas,
1791 3198 1849 3247 et
1893 3192 1939 3247 si
1970 3192 2252 3249 tradidero

2350 1917 2722 1989 διασπασμὺς,
2760 1917 2793 1987 ἦ
2834 1914 3073 1985 πολέμου
3120 1912 3335 1981 γένεσις
3359 1952 3374 1977 ,
3416 1912 3511 1963 καὶ
3551 1912 3787 1981 εἰρήνης
3822 1912 3963 1963 ἀνα-

2351 2008 2561 2081 τροπὴ,
2605 2007 2700 2060 καὶ
2742 2005 2992 2075 διψυχίας
3026 2002 3245 2071 ἀπάσης
3292 2000 3543 2073 εῦρεσιςς
3577 2001 3804 2071 ’Ὠσπερ
3845 2000 3961 2070 γὰρ

2352 2100 2411 2152 ἐν
2439 2100 2675 2171 ἀρῤαγετ
2697 2098 2798 2166 τῆς
2818 2095 3040 2166 ἀγάπης
3069 2093 3353 2163 συνδέσμῳ
3377 2093 3448 2145 τὰ
3481 2094 3544 2144 ὲκ
3582 2092 3685 2161 τῆς
3715 2094 3961 2162 εἰρήνης

2351 2192 2485 2262 ἡμῖν
2516 2189 2698 2259 ἀγαθά
2739 2187 3067 2252 διασώζεται
3092 2201 3106 2215 ’
3138 2186 3231 2239 τὸν
3260 2185 3425 2239 αὑτὸν
3448 2224 3463 2247 ,
3508 2177 3666 2254 οἶμαι
3688 2225 3702 2246 ,
3738 2183 3961 2253 τρόπον

2352 2287 2410 2339 ὲν
2436 2287 2503 2355 τῇ
2532 2282 2634 2353 τῆς
2660 2280 2881 2350 ἀγάπης
2918 2279 3155 2348 διακοπῇ
3182 2277 3244 2330 τὸ
3280 2278 3343 2329 ὲκ
3374 2276 3471 2329 τοῦ
3497 2276 3743 2344 πολέμου
3779 2275 3959 2327 κακὸν

2352 2376 2763 2449 παρεισδύεται.
2818 2373 2930 2429 Καὶ
2970 2372 3024 2426 τί
3074 2372 3137 2424 τὸ
3194 2368 3485 2435 ὲντεῦθεν;
3536 2368 3811 2439 Ὕϐρεις,
3858 2368 3959 2420 καὶ

2352 2468 2711 2541 φιλονεικίαι,
2747 2467 2842 2520 καὶ
2886 2463 3073 2536 ζῆλοι,
3104 2463 3201 2516 καὶ
3242 2462 3404 2532 ὀργαὶ
3425 2502 3440 2527 ,
3484 2461 3581 2513 καὶ
3609 2459 3786 2531 θυμοὶ
3812 2498 3829 2521 ,
3859 2462 3959 2514 καὶ

2350 2560 2711 2633 ψιθυρισμοί,
2760 2560 2861 2612 καὶ
2902 2554 3260 2619 καταλαλιαί,
3307 2554 3403 2608 καὶ
3445 2551 3671 2625 φθόνοι,
3703 2556 3809 2607 καὶ
3847 2554 3962 2607 πᾶν

2351 2648 2493 2716 εἶδος
2536 2652 2872 2722 φαυλότητος
2916 2647 3295 2716 ἀναφαίνεται.
3349 2646 3600 2716 Ἀπάσης
3646 2644 3961 2713 τοιγαροῦν

2351 2743 2554 2814 ἀρετῆς
2580 2745 2638 2795 ἐν
2674 2741 2752 2813 τῷ
2792 2743 2892 2811 τῆς
2935 2740 3162 2809 ἀγάπης
3193 2738 3323 2791 εἴδει
3349 2754 3410 2790 τε
3444 2738 3540 2791 καὶ
3577 2738 3777 2808 τρόπῳ
3823 2751 3962 2803 συγ.

2353 2834 2829 2906 κεφαλαιουμένης
2874 2850 2933 2886 τε
2982 2835 3075 2886 καὶ
3120 2818 3537 2903 πληρουμένης,
3573 2832 3649 2899 μὴ
3688 2828 3842 2898 μέγα
3868 2844 3957 2890 τις

2354 2926 2622 2996 φρονείτω
2641 2926 2751 2979 τῶν
2791 2928 2849 2979 ὲν
2872 2927 3003 2995 ἡμῖν
3039 2924 3125 2977 ἐπ’
3163 2922 3421 2986 ἀσιτίαις,
3456 2921 3552 2974 καὶ
3589 2920 3956 2991 χαμευνίαις,

2353 3020 2525 3091 ήγουν
2568 3020 2653 3088 ἐφ’
2686 3020 2894 3088 ἑτέροις
2920 3018 3033 3071 τισὶ
3076 3018 3186 3071 τῶν
3222 3017 3283 3081 ἐξ
3316 3017 3605 3087 ἀσκήσεως
3648 3015 3871 3076 πόνοις,
3906 3014 3958 3065 εἰ

2358 3111 2434 3181 μὴ
2478 3112 2733 3174 διασώςοι
2764 3110 2947 3175 καλῶς
2980 3110 3080 3183 τὴν
3119 3112 3199 3174 είς
3229 3109 3321 3162 τὸν
3362 3108 3592 3177 ἀδελφὸν
3634 3108 3954 3177 ἀγάπησιν.

2357 3196 2505 3263 Ἐξω
2535 3199 2643 3270 γάρ
2671 3197 2764 3251 τοῦ
2790 3201 3117 3270 καμπτῆρος
3141 3201 3242 3269 τῆς
3267 3199 3471 3268 νύσσης
3514 3199 3766 3270 φέρεται,
3807 3198 3960 3251 κατά

653 3297 864 3353 corpus
919 3298 1125 3346 meum,
1170 3282 1245 3336 ita
1295 3291 1355 3337 ut
1404 3283 1652 3348 ardeam,
1701 3282 2030 3339 charitatem
2070 3295 2248 3341 autem

2351 3291 2480 3353 τοὺς
2496 3290 2602 3343 τῶν
2617 3290 2851 3360 ἡνιόχων
2865 3289 3043 3361 άμαθε
3053 3289 3143 3342 στέ
3152 3306 3299 3361 ρους,
3316 3287 3751 3360 ὑπο[π]λανᾶται
3776 3286 3843 3340 δὲ
3855 3302 3958 3339 κυ-

653 3389 763 3430 ιιοιι
797 3374 1055 3437 haheam,
1093 3374 1229 3429 nihil
1269 3375 1401 3429 mihi
1439 3375 1683 3446 prodest.
1736 3374 1795 3430 Si
1837 3375 2040 3448 linguis
2077 3378 2248 3434 homi-

2354 3382 2618 3455 σερνήτου
2650 3382 2808 3452 δίκην
2828 3421 2843 3447 ,
2871 3382 2931 3446 ὃς
2955 3380 3068 3452 ἔχει
3106 3382 3207 3451 μὲν
3238 3380 3340 3450 τῆς
3376 3379 3515 3444 νεὼς
3557 3380 3618 3433 τὸ
3655 3378 3955 3449 πηδάλιον,

655 3482 791 3521 num
839 3466 1037 3537 loquar
1065 3475 1122 3521 et
1165 3467 1511 3538 angelorum,
1564 3468 1893 3524 charitatem
1926 3478 2113 3526 autem
2144 3485 2248 3526 non

2354 3475 2446 3528 τόν
2482 3492 2545 3543 γε
2577 3474 2683 3545 μὴν
2716 3474 3052 3545 προτεθέντα
3091 3473 3171 3543 τῷ
3209 3471 3422 3543 διάπλῳ
3462 3470 3670 3525 σκοπὸν
3709 3469 3771 3536 ἐξ
3805 3471 3960 3540 ἀμα-

654 3559 912 3625 habeam,
962 3560 1145 3614 factus
1178 3576 1299 3615 sum
1335 3561 1484 3616 velut
1521 3577 1599 3617 aes
1625 3575 1856 3626 sonans,
1898 3570 1993 3620 aut
2025 3562 2248 3633 cymba-

2356 3566 2479 3630 θίας
2504 3567 2566 3620 ού
2597 3565 2912 3620 διεσώσατο.
2936 3565 3036 3619 Διά
3060 3565 3221 3622 τοῦτο
3247 3567 3342 3619 καὶ
3363 3565 3393 3617 ὁ
3428 3563 3714 3635 θαρσήσας
3743 3563 3956 3624 εἰπεῖν,

653 3652 765 3705 lum
804 3651 1047 3707 tinniens
1080 3650 1144 3704 “.
1187 3669 1205 3703 ι
1245 3650 1472 3723 Species
1512 3653 1699 3723 itaque
1728 3659 1785 3707 et
1823 3653 2007 3724 imago
2038 3653 2248 3710 Christi

2360 3679 2381 3713 ι
2415 3661 2481 3714 Εἰ
2503 3659 2734 3730 δοκιμὴν
2754 3658 2969 3729 ζητεῖτε
2991 3656 3085 3712 τοῦ
3109 3659 3165 3711 ὲν
3183 3658 3207 3709 ὲ
3215 3656 3308 3727 μοὶ⁵
3329 3655 3616 3717 λαλοῦντος
3630 3650 3885 3725 Χριστοῦ
3901 3668 3952 3717 ςο

652 3740 965 3800 Servatoris
1006 3743 1060 3798 in
1101 3744 1265 3800 nobis
1298 3753 1384 3800 est
1410 3745 1701 3801 charitatis
1732 3744 2009 3816 gloriatio.

2355 3749 2500 3820 φημὶ
2525 3747 2583 3801 δὲ
2621 3747 2685 3818 δὴ
2717 3747 2809 3801 τὸν
2842 3746 3125 3801 θεσπέσιον
3157 3745 3399 3812 Παῦλον,
3451 3744 3554 3798 οὐκ
3581 3743 3675 3796 ἐπὶ
3710 3741 3792 3812 τῷ
3824 3739 3957 3795 διώ·

648 3851 768 3889 κειν
829 3835 1052 3902 ἁπλῶς,
1096 3835 1213 3889 ἀλλ’
1243 3838 1302 3889 ὲν
1342 3836 1424 3907 τῷ
1474 3837 1619 3891 κατά
1670 3837 1874 3891 σκοπὸν
1918 3837 2080 3892 τοῦτο
2120 3838 2254 3912 δρᾷν
2303 3838 2648 3911 ἐσεμνύνετο.
2716 3838 2791 3890 Τὸ
2826 3837 2961 3909 γὰρ,
3003 3831 3190 3907 οἶμαι,
3256 3837 3589 3907 σωματικοῖς
3630 3833 3957 3904 ὲωυχῆσαι

650 3925 872 3991 πόνοις,
950 3926 1060 3979 τῶν
1106 3925 1661 3999 κεφαλαιωδεστέρων
1722 3928 1820 3982 καὶ
1861 3929 2307 4003 ἀναγκαιοτέρων
2347 3931 2571 4001 ἀγαθῶν
2607 3930 2965 3996 ἐκπίπτοντα,
2993 3929 3140 3983 τοῦτ’
3172 3929 3290 3983 ἔστι
3318 3929 3380 3981 τὸ
3433 3930 3509 4000 μὴ
3546 3927 3771 3981 διώκειν
3802 3927 3956 3981 κατὰ

652 4018 876 4072 σκοπόν.
921 4012 1043 4071 Οἵδε
1084 4017 1141 4070 δὲ
1186 4019 1329 4070 οὔτω
1380 4019 1479 4088 τὴν
1523 4019 1777 4090 ἀγάπην,
1826 4020 2079 4093 καθάπερ
2119 4024 2245 4077 τινᾶι
2282 4023 2560 4097 κορωνίδα
2632 4022 2840 4087 πάσαις
2883 4021 3192 4076 ἐπικεῖσθαι
3239 4023 3361 4084 ταῖς
3400 4022 3656 4095 ἀρεταῖς,
3708 4023 3789 4086 ὡς
3854 4027 3958 4080 καὶ

649 4109 917 4165 κάλλιστα
961 4108 1092 4180 περὶ
1126 4109 1294 4181 αὐτῆς
1332 4111 1793 4183 φιλονεικήσαντα
1821 4112 2003 4182 λέγειν
2025 4129 2038 4143 ⁸
2076 4131 2095 4165 ι
2134 4113 2251 4169 Κᾶν
2292 4115 2531 4186 ψωμίσω
2555 4115 2736 4171 πάντα
2762 4114 2833 4169 τὰ
2892 4113 3211 4184 ὑπάρχοντά
3252 4130 3354 4183 μου
3380 4153 3395 4177 ,
3435 4112 3540 4167 κᾶν
3584 4115 3823 4186 παραδῶ
3893 4119 3957 4170 τὸ

651 4202 815 4272 σῶμά
861 4215 965 4267 μου
1047 4197 1135 4251 ἵνα
1178 4200 1525 4272 καυθήσομαι
1551 4240 1567 4265 ,
1612 4202 1837 4274 ἀγάπην
1880 4202 1937 4255 δὲ
1994 4202 2068 4274 μὴ
2111 4201 2239 4273 ἔχω,
2319 4206 2477 4261 οὐδὲν
2535 4207 2880 4279 ὠφελοῦμαι.
2941 4206 3067 4259 Ἐὰν
3114 4207 3234 4267 ταῖς
3281 4202 3558 4273 γλώσσαις
3585 4203 3698 4259 τῶν
3729 4207 3954 4279 ἀνθρώ-

650 4313 770 4349 πων
815 4296 967 4349 λαλῶ
1009 4294 1106 4348 καὶ
1150 4292 1257 4346 τῶν
1308 4294 1589 4362 ἀγγέλων,
1638 4294 1865 4365 ἀγάπην
1906 4293 1964 4347 δὲ
2000 4296 2076 4366 μὴ
2111 4294 2241 4366 ἔχω,
2282 4298 2486 4369 γέγονα
2535 4299 2738 4371 χαλκὸς
2766 4300 2937 4371 ἠχῶν,
2968 4299 3002 4370 ἢ
3029 4296 3312 4368 κύμϐαλον
3370 4296 3664 4362 ἀλαλάζον.
3701 4318 3723 4351 ι
3756 4302 3951 4373 Πρόσ-

649 4406 803 4444 ωπον
841 4386 936 4445 οὖν
973 4392 1083 4464 ἀρα
1106 4432 1123 4457 ,
1172 4390 1268 4443 καὶ⁵
1308 4387 1475 4443 εἰκὼν
1526 4391 1585 4443 ἐν
1627 4390 1762 4460 ἡμῖν
1805 4390 1902 4442 τοῦ
1951 4389 2208 4462 Σωτῆρος
2245 4392 2505 4464 Χριστοῦ,
2544 4398 2643 4467 τῆς
2678 4395 2899 4465 ἀγάπης
2925 4393 2989 4447 τὸ
3011 4392 3293 4463 καύχημα.

721 4480 876 4547 XIII,
913 4482 1003 4540 '56.
1050 4482 1190 4536 Dicit
1218 4482 1269 4536 ei
1303 4480 1492 4537 Simon
1546 4478 1782 4535 Petrus:
1830 4480 2094 4545 Domine,
2145 4497 2247 4549 quo

2423 4485 2595 4556 Λέγει
2628 4484 2792 4551 αὐτῷ
2841 4484 3041 4555 Σίμων
3096 4484 3355 4553 Πέτρος·
3407 4485 3617 4553 Κύριε,
3654 4488 3780 4541 ποῦ
3826 4492 3953 4545 ῦπ-

651 4574 802 4628 vadis
824 4575 851 4629 ?

2351 4575 2550 4647 ἁγεις;

721 4666 1053 4722 Sciscitatur
1108 4681 1307 4723 rursus
1370 4664 1566 4722 Petrus
1626 4664 1881 4720 discendi
1931 4663 2144 4728 studio,
2192 4669 2248 4718 et

2420 4666 2775 4720 Φιλοπευστεί
2807 4665 2873 4737 δὴ
2913 4665 3074 4721 πάλιν
3123 4668 3187 4720 ὲκ
3231 4665 3593 4738 φιλομαθείας
3632 4668 3662 4720 ὁ
3707 4668 3950 4739 Πέτρος,

647 4760 922 4818 sermonis
956 4760 1066 4815 vim
1095 4768 1150 4815 et
1180 4760 1453 4814 rationem
1479 4757 1703 4813 curiose
1730 4755 1978 4827 indagat,
2004 4755 2249 4811 nondum

649 4852 984 4924 intelligens,
1022 4849 1186 4922 755
1213 4859 1273 4905 ut
1306 4850 1555 4913 videtur,
1602 4848 1735 4919 quid
1761 4848 1868 4903 sibi
1901 4847 2071 4903 vellet
2098 4847 2249 4917 quod

646 4947 855 5001 dictum
884 4953 993 5009 est,
1017 4942 1564 4998 vehementissimum
1590 4948 1775 4995 tamen
1800 4940 2071 5011 sequendi
2088 4938 2250 4992 Chri-

647 5038 714 5092 sti
754 5035 1094 5092 desiderium
1132 5051 1243 5107 prae
1278 5050 1339 5091 se
1386 5033 1600 5090 ferens.
1633 5032 1693 5087 ln
1722 5047 1834 5103 quo
1877 5032 2250 5087 admiratione

648 5130 812 5201 digna
864 5140 952 5185 est
982 5131 1126 5184 ratio
1162 5138 1216 5184 et
1259 5128 1398 5184 ordo
1449 5127 1878 5198 discipulorum.
1936 5123 2049 5180 Nec
2099 5125 2247 5180 enim

646 5222 792 5277 ullus
816 5221 1019 5279 dixerit
1046 5220 1292 5283 Petrum,
1319 5220 1415 5290 qui
1454 5219 1694 5290 primum
1736 5218 1880 5272 inter
1908 5224 2139 5272 exteros
2167 5217 2249 5271 lo-

643 5331 769 5370 cum
798 5315 1040 5379 tenebat,
1084 5313 1297 5367 ideirco
1331 5314 1678 5381 interrogare
1720 5310 1869 5382 quod
1900 5309 2117 5369 caeteris
2156 5309 2246 5364 in-

644 5408 1029 5480 telligentibus
1068 5408 1187 5478 ipse
1222 5405 1410 5460 forsan
1461 5407 1764 5477 ignoraret,
1800 5405 1896 5463 sed
1928 5407 1976 5461 ei
2008 5412 2066 5460 ut
2100 5419 2241 5476 prae-

641 5501 805 5571 cipuo
851 5514 917 5554 ac
971 5496 1307 5569 prmcellenti
1364 5497 1573 5568 primas
1634 5496 1896 5568 loquendi
1952 5512 2019 5552 ac
2068 5496 2241 5551 libere

644 5590 1028 5662 interrogandi
1080 5596 1269 5660 partes
1313 5588 1646 5645 concedunt.
1694 5588 1753 5645 In
1804 5605 1994 5645 aurem
2033 5589 2240 5660 quippe

724 5775 769 5807 "
803 5776 819 5829 I
866 5776 996 5830 Cor.
1032 5787 1149 5838 xm,
1180 5772 1234 5827 5.
1313 5771 1360 5802 ³³
1405 5769 1425 5824 l
1471 5768 1600 5827 Cor.
1652 5784 1764 5834 xiv,
1801 5769 1825 5822 ι
1860 5782 2018 5837 seqq.

2351 4756 2446 4811 καὶ
2502 4756 2928 4829 περιεργάξεται
2978 4755 3073 4809 τοῦ
3114 4757 3276 4825 λόγου
3323 4759 3421 4829 τὴν
3454 4758 3718 4829 δύναμιν,
3760 4763 3954 4823 συνεὶς

2354 4849 2455 4919 μὲν
2494 4846 2687 4914 οὔπω,
2743 4847 2887 4902 κατά
2933 4847 2996 4902 τὸ
3038 4848 3217 4913 είκδς,
3257 4848 3334 4912 ώς
3376 4849 3487 4919 ἔχει
3518 4850 3580 4903 τὸ
3620 4851 3948 4922 εἰρημένον,

2354 4939 2697 5011 θερμοτάτην
2731 4957 2793 5009 γε
2825 4940 2932 5011 μὴν
2970 4942 3052 5004 είς
3082 4940 3143 4992 τὸ
3180 4940 3290 4994 δεῖν
3319 4941 3550 4995 ἕπεσθαι
3592 4942 3674 5013 τῷ
3712 4943 3949 5014 Χριστῷ

2346 5032 2447 5103 τὴν
2490 5030 2799 5103 προθυμίαν
2843 5032 3135 5103 εἰσφέρων.
3182 5033 3293 5086 Καὶ
3337 5032 3696 5103 ἀξιάγαστοςγ
3726 5035 3832 5105 μὲν
3887 5038 3950 5089 ὲν

2345 5122 2520 5193 τούτῳ
2549 5124 2659 5175 τῶν
2726 5121 2984 5193 μαθητῶν
3014 5127 3047 5195 ή
3080 5124 3254 5188 τάξις.
3300 5125 3373 5177 Οὐ
3423 5125 3535 5197 γάρ
3577 5126 3756 5194 δήπου
3805 5131 3946 5200 φαίη

2343 5230 2429 5277 τις
2454 5213 2541 5275 ἂν,
2559 5214 2641 5267 ὅτι
2661 5213 2770 5267 τῶν
2796 5214 2999 5286 ἐτέρων
3034 5217 3322 5281 συνέντων,
3348 5217 3511 5287 τυχὸν
3545 5219 3707 5288 μόνος
3736 5220 3949 5291 ἠγνόη-

2347 5322 2440 5358 σεν
2464 5308 2494 5359 ὁ
2518 5308 2980 5377 προτεταγμένος,
3026 5308 3116 5361 διά
3150 5325 3208 5361 τε
3244 5307 3404 5361 τοῦτο
3428 5307 3697 5380 διερωτᾷν
3720 5326 3735 5341 ·
3771 5328 3950 5380 παρα-

2348 5397 2586 5468 χωροῦσι
2628 5397 2684 5450 δὲ
2736 5398 2936 5468 μᾶλλον
2982 5398 3057 5463 ώς
3101 5398 3395 5471 προύχοντι
3450 5401 3510 5452 τὸ
3559 5400 3947 5471 κατάρχεσθαι

2346 5492 2528 5561 λόγου,
2582 5493 2679 5545 καὶ
2722 5492 3036 5563 παρρησίας
3082 5491 3177 5562 τῆς
3227 5493 3285 5545 ὲν
3327 5491 3406 5561 τῷ
3449 5489 3951 5553 διαπυνθάνεσθαι,

2348 5583 2511 5654 φημί.
2547 5584 2620 5637 Τὸ
2649 5584 2757 5654 γὰρ
2786 5586 2867 5646 εἰς
2887 5583 3206 5638 διδασκάλου
3238 5583 3421 5637 λαλεῖν
3446 5584 3637 5647 ἀκοάς,
3676 5583 3803 5638 οὐδὲ
3827 5586 3944 5649 τοῖς

2124 5764 2217 5819 ³⁵1
2257 5764 2385 5820 Cor.
2447 5779 2564 5831 xm,
2604 5762 2718 5819 1-4.
