4144 6488
209 419 309 475 169

1254 421 1321 477 ΙΝ
1360 418 1650 477 JOANNIS
1681 416 2131 478 EVANGELIUM
2162 420 2289 475 LIB.
2323 418 2413 476 IX.

3374 425 3477 479 ΓΠ)

210 532 347 589 εἰναί
396 553 450 589 τι
483 535 760 602 δοκοῦσιν,
812 539 1116 595 ἀκίνδυνον.
1158 541 1484 612 Θαυμαστὸς
1532 541 1589 594 δὲ
1640 538 1793 594 οὐδὲν

1905 540 2154 610 magistri
2187 541 2362 610 loqui,
2398 554 2466 594 ne
2500 540 2567 595 iis
2599 538 2821 609 quidem
2871 538 2966 607 qui
3012 553 3071 593 se
3116 537 3331 609 aliquos
3381 558 3479 611 pu-

210 625 369 701 ἦττον
395 630 424 681 ὁ
450 629 674 700 Πέτρος,
708 630 810 685 οὐκ
838 631 978 686 αἰδοῖ
1009 632 1105 687 τοῦ
1138 633 1213 705 μὴ
1238 634 1415 687 δοκεῖν
1441 628 1582 688 εἶναι
1616 632 1793 704 νωθὴς

213 721 312 794 τὴν
337 720 543 790 εῖδησιν
574 719 685 774 τῶν
713 720 1092 792 ἀγνοηθέντων
1137 723 1489 796 ζητούμενος,
1518 725 1636 777 ἀλλ’
1664 724 1791 791 ὀξὺς

208 813 301 866 ἐπὶ
329 812 387 865 τὸ
419 813 619 882 χρῆναι
653 812 948 882 ωφοῦσθαι
973 814 1204 886 τρέχων,
1228 817 1325 870 καὶ
1345 818 1607 889 αἰσχύνης
1634 818 1793 872 ἀκαί-

211 919 304 973 ρου
341 902 629 973 κρείττονα
665 904 764 975 την
797 906 863 958 ἐκ
888 908 988 977 τῆς
1026 906 1387 979 φιλομαθείας
1412 909 1600 979 ὄνησιν
1636 925 1794 981 ποιη-

212 996 481 1065 σάμενος,
534 996 622 1049 ἵνα
662 996 835 1061 τύπος
880 1001 995 1062 τοῖς
1045 1000 1166 1071 μεθ’
1207 1001 1403 1055 ἑαυτὸν
1464 1002 1568 1056 κάν
1620 1000 1795 1071 τούτῳ

207 1088 450 1158 γένηται.
483 1092 606 1143 Δεῖν
649 1092 759 1163 γὰρ
791 1087 949 1162 οἶμαι
1006 1092 1082 1163 μὴ
1116 1094 1485 1165 παρατρέχειν
1534 1096 1630 1165 ἑᾷν
1667 1096 1795 1159 τοὺς

204 1180 319 1234 τῶν
350 1181 714 1236 διδασκόντων
746 1181 971 1251 λόγους,
1020 1184 1182 1254 εἴπερ
1227 1184 1294 1239 ἂν
1343 1182 1454 1239 εἷεν
1495 1187 1557 1239 οὐ
1585 1187 1795 1257 σφόδρα

208 1272 400 1339 σαφεῖς
422 1311 436 1334 ,
487 1272 574 1325 ἵνα
607 1272 753 1335 τινὲς
783 1269 923 1326 εἶναι
969 1272 1249 1343 δοκῶμεν,
1299 1274 1513 1346 ἀγχίνοι
1555 1293 1616 1329 τε
1649 1275 1791 1343 λίαν,

202 1362 299 1415 καὶ
330 1361 547 1433 δριμεῖς
581 1365 662 1425 εἰς
691 1362 910 1417 σύνεσιν
935 1382 949 1397 ο
986 1363 1446 1421 διαπυνθάνεσθαι
1474 1367 1530 1421 δὲ
1567 1369 1791 1439 μᾶλλον,

203 1454 299 1507 καὶ
332 1454 727 1508 ἁνασκαλεύειν
772 1455 1158 1527 ἐπιστημόνως
1198 1458 1262 1511 τὸ
1309 1458 1369 1511 ἐν
1426 1459 1570 1531 ἀρχῇ
1618 1476 1796 1530 παρα-

201 1542 399 1616 δεχθὲν
440 1547 523 1611 είς
575 1546 784 1617 ὄνησιν.
831 1546 974 1600 Πολὺ
1006 1548 1116 1618 γὰρ
1158 1548 1398 1618 ἀμείνων
1434 1552 1468 1621 ἡ
1507 1551 1603 1603 τοῦ
1655 1567 1796 1620 συμι

202 1638 469 1710 φέροντος
496 1640 700 1708 γνῶσις
736 1639 1126 1709 δοκησισοφίας
1150 1641 1335 1711 κενῆς,
1370 1644 1465 1696 καί
1494 1642 1591 1696 τοῦ
1620 1642 1796 1696 δοκεῖν

198 1730 595 1797 ὲξεπίστασθαί
619 1750 693 1798 τι,
719 1734 965 1804 κρεῖττον
997 1730 1064 1786 ἂν
1092 1731 1179 1803 εἴη
1206 1731 1303 1787 τοῦ
1343 1738 1455 1806 [γρ.
1484 1733 1567 1806 τὸ]
1602 1734 1796 1805 μαθεῖν

198 1825 439 1895 ἀληθῶς.

1898 639 2018 686 tan‘.
2058 640 2239 687 tutum
2277 633 2348 687 sit
2380 645 2443 687 ac
2474 645 2758 686 securum.
2790 629 2975 683 Nihilo
3008 644 3139 684 vero
3174 631 3357 685 minus
3387 634 3481 686 ad-

1894 723 2163 778 mirabilis
2193 730 2281 777 est
2311 721 2530 786 Petrus,
2569 724 2664 793 qui
2715 722 2851 776 nihil
2894 721 3110 776 veritus
3158 721 3479 791 opinionem

1895 817 2217 883 tarditatis,
2275 832 2399 887 quae
2440 816 2735 887 ignorabat
2801 815 2998 885 quaerit
3066 813 3330 880 edoceri,
3384 817 3481 870 sed

1895 924 2114 966 summo
2148 908 2336 965 studio
2369 923 2429 964 se
2461 923 2528 964 eo
2558 908 2799 973 confert,
2844 907 3233 976 intempestivo
3280 906 3480 976 pudori

1895 1003 2194 1058 utilitatem
2228 1001 2565 1057 eruditionis
2599 1000 2924 1072 praeferens,
2961 1007 3021 1053 ut
3068 999 3121 1053 in
3166 998 3270 1053 hoc
3313 1000 3482 1053 etiam

1894 1098 2018 1153 suis
2062 1096 2302 1166 posteris
2353 1094 2609 1163 exemplo
2661 1108 2726 1148 ac
2775 1094 3108 1148 documento
3160 1101 3329 1146 esset.
3371 1089 3483 1145 Nec

1895 1189 2041 1243 enim
2107 1186 2354 1241 arbitror
2411 1184 2793 1255 praetereunda
2833 1184 3001 1239 verba
3061 1183 3383 1238 docentium
3435 1181 3483 1235 si

1896 1280 2061 1349 paulo
2100 1277 2213 1333 sint
2254 1276 2603 1342 obscuriora,
2639 1282 2700 1329 ut
2734 1273 3021 1329 videamur
3049 1288 3175 1329 esse
3206 1272 3397 1342 aliqui,
3431 1279 3485 1325 et

1895 1371 2080 1441 sagaci
2122 1378 2287 1440 atque
2320 1376 2484 1423 acuto
2523 1366 2794 1437 imprimis
2845 1364 3069 1436 ingenio
3096 1364 3354 1433 praediti,
3390 1363 3484 1419 sed

1897 1463 2299 1519 seiseitandum
2336 1464 2542 1533 potius,
2588 1472 2643 1517 et
2670 1462 2834 1517 docte
2869 1459 3190 1532 agitandum
3240 1458 3388 1529 quod
3420 1458 3487 1511 ad

1898 1555 2192 1610 utilitatem
2228 1554 2391 1609 initio
2418 1553 2767 1623 propositum
2803 1552 2897 1608 sit.
2930 1551 3100 1606 Multo
3130 1551 3276 1606 enim
3308 1552 3489 1621 potior

1895 1653 1979 1702 est
2014 1647 2089 1701 rei
2117 1645 2271 1701 utilis
2308 1644 2551 1715 cognitio
2578 1661 2743 1714 quam
2774 1659 2915 1699 vana
2946 1642 3234 1712 sapientiae
3261 1656 3489 1710 persua-

1898 1740 2007 1803 sio,
2063 1746 2120 1794 et
2158 1754 2288 1794 vere
2339 1738 2550 1808 aliquid
2607 1737 2877 1793 didicisse
2930 1736 3128 1792 melius
3184 1749 3269 1791 εει
3323 1750 3487 1805 quam

1900 1832 2047 1887 scire
2078 1831 2282 1885 videri.

286 1917 603 1986 Ἀπεκρίθη
619 1917 782 1982 αὺτῷ
820 1923 853 1974 ὁ
885 1920 1131 1988 Ἰησοῦς
1153 1938 1168 1951 ’
1201 1921 1384 1975 Ὅπου
1422 1920 1536 1989 ἐγὼ
1558 1920 1792 1989 ὑπάγω,

1973 1920 2127 1987 XIII,
2164 1921 2256 1975 56.
2303 1920 2595 1990 Respondit
2633 1920 2840 1975 Iesus:
2884 1920 3001 1984 Quo
3040 1937 3131 1991 ego
3185 1921 3341 1985 vado,
3386 1936 3491 1973 non

198 2009 273 2061 οὐ
294 2006 559 2062 δύνασαί
577 2026 680 2077 μοι
706 2009 824 2063 νῦν
846 2010 1227 2076 ἀκολουθεῖν,
1257 2010 1704 2076 ἀκολουθήσεις
1727 2008 1797 2062 δὲ

195 2099 487 2167 ὕστερον.

273 2190 449 2255 Εἰδὼς
478 2193 561 2245 ὄτι
587 2191 813 2266 βαρεῖάν
841 2210 901 2247 τε
931 2194 1026 2248 καὶ
1049 2194 1292 2265 δυσαχθῆ
1319 2196 1433 2257 τοῖς
1466 2194 1662 2249 ἑαυτοῦ
1693 2212 1799 2266 μα-

194 2284 398 2355 θηταῖς
423 2284 638 2354 evomat
659 2286 760 2355 τὴν
785 2285 985 2357 λύπην,
1020 2287 1325 2355 ἀναφανδὸν
1353 2287 1527 2342 εἰπὼν
1560 2288 1636 2350 ὡς
1664 2289 1798 2341 ἀνα-

193 2376 436 2447 ϐήσεται
491 2379 592 2446 μὲν
626 2379 706 2439 είς
744 2379 1012 2451 οὐρανοὺς
1037 2417 1052 2442 ,
1097 2380 1341 2450 ἐρήμους
1369 2380 1426 2433 δὲ
1455 2379 1559 2449 τῆς
1601 2380 1796 2433 ἑαυτοῦ

194 2467 516 2538 παρουσίας
546 2468 697 2521 ἐάσει
724 2471 866 2523 κατά
892 2470 990 2541 τὴν
1017 2471 1145 2540 γῆν,
1164 2472 1215 2523 εἰ
1241 2473 1335 2524 καὶ
1358 2471 1612 2526 συνέσται
1636 2472 1800 2525 πάλιν

191 2558 280 2622 ὡς
316 2558 475 2623 Θεὸς,
512 2560 917 2630 εὐπεριστόλως
933 2563 1073 2633 πρὸς
1101 2563 1164 2616 τὸ
1193 2564 1368 2633 παρὸν
1392 2562 1702 2634 ἀποχρῆται
1723 2562 1801 2633 τῷ

189 2648 377 2717 λόγῳ,
412 2649 756 2703 διακλέπτων
782 2652 880 2721 ὴρέ
890 2670 967 2722 μα
986 2652 1083 2707 τοῦ
1111 2654 1203 2708 νοῦ
1231 2654 1332 2726 τὴν
1355 2655 1661 2725 ἀκρίϐειαν.
1690 2654 1803 2708 Καὶ

189 2739 337 2810 γοῦν
370 2740 471 2792 οὐκ
494 2740 703 2805 εἰδότας
731 2741 896 2811 ὁρῶν,
918 2745 977 2796 ἐν
1008 2744 1158 2813 αὐτῷ
1187 2745 1371 2815 μένειν
1396 2748 1481 2816 ἑᾷ.
1501 2746 1583 2800 Τὰ
1607 2746 1801 2818 γάρτοι

192 2832 401 2885 λυπεῖν
439 2831 701 2895 εἰωθότα,
759 2832 1082 2904 βαρυτέροις
1124 2836 1237 2889 ἔσθ’
1271 2838 1361 2890 ὅτε
1408 2836 1802 2902 κατασκιάζειν

192 2923 392 2992 λόγοις
436 2923 538 2977 οὐκ
589 2923 923 2996 ἀμελέτητον
962 2929 1076 2990 τοῖς
1108 2929 1311 2998 σοφοῖς.
1359 2929 1424 2981 Ei
1452 2929 1563 2999 γὰρ
1595 2928 1692 2983 καὶ
1719 2929 1801 2981 ὅτι

200 3017 453 3091 μάλιστα
472 3016 572 3087 τῆς
595 3016 693 3069 ἀνθ
704 3018 1020 3089 ρωπότητος
1041 3020 1300 3091 ἀπαρχὴν
1324 3021 1516 3075 ἑαυτὸν
1534 3019 1802 3090 ἀνακομί-

200 3111 316 3176 ζων
346 3108 428 3182 τῷ
452 3109 573 3181 Θεῷ
590 3113 685 3165 καὶ
713 3112 911 3185 Πατρὶ,
930 3112 1031 3184 τὴν
1052 3113 1132 3175 είς
1157 3112 1219 3165 τὸ
1241 3114 1375 3177 ἄνω,
1408 3113 1506 3166 καὶ
1534 3114 1614 3176 εἰς
1636 3112 1804 3184 ούρα-

203 3202 339 3265 νοὺς
376 3202 684 3273 ἀποδημίαν
718 3203 1031 3267 ἐστέλλετο,
1083 3204 1178 3257 καὶ
1222 3203 1365 3275 ὑπὲρ
1399 3204 1500 3275 τῆς
1547 3204 1803 3259 ἁπάντων

208 3292 551 3358 λυσιτελείας
604 3294 668 3349 τὸ
699 3294 977 3366 δρώμενον
1026 3290 1095 3366 ἦν
1128 3295 1455 3363 (ὲνεκαίνισε
1511 3296 1622 3367 γὰρ
1669 3298 1802 3367 ἡμῖν

209 3386 352 3452 ὂδὸν,
391 3386 460 3457 ἥν
486 3388 588 3441 οὐκ
606 3388 723 3460 ᾔδει
756 3389 1023 3460 πρότερον
1054 3390 1088 3460 ἡ
1117 3388 1411 3459 ἀνθρώπου
1442 3390 1806 3460 φύσις),ἁλλά

201 3496 269 3548 τε
301 3481 426 3543 τοῖς
458 3480 636 3548 ἁγίοις
674 3481 947 3552 μαθηταῖς
990 3481 1079 3535 ἀεὶ
1114 3484 1353 3536 συνεῖναι
1388 3482 1803 3549 σπουδάζουσιν,

196 3573 262 3626 οὐ
294 3572 541 3644 φορητὸν
564 3568 705 3627 εἶναι
732 3574 1038 3643 διεφαίνετο
1080 3574 1143 3628 τὸ
1178 3574 1510 3645 χωρίζεσθαι
1539 3575 1804 3646 Χριστοῦ,

196 3665 392 3721 καίτοι
431 3665 689 3729 συνόντος
725 3666 911 3729 αὐτοῖς
938 3666 1029 3720 διὰ
1050 3668 1252 3731 παντὸς
1273 3668 1341 3737 τῇ
1370 3665 1465 3721 τοῦ
1487 3666 1810 3737 Πνεύματος

191 3760 440 3831 δυνάμει
463 3776 525 3812 τε
548 3761 643 3814 καὶ
666 3761 980 3832 συνεργείᾳ.
1027 3760 1353 3830 Ἀγνοοῦντα
1373 3761 1552 3814 τοίνυν
1580 3759 1673 3813 τὸν
1700 3777 1809 3831 μα-

190 3852 409 3922 κάριον
453 3852 661 3922 Πέτρον
712 3852 824 3906 τῶν
862 3853 1173 3924 εἰρημένων
1204 3853 1307 3925 τὴν
1359 3852 1616 3924 δύναμιν,
1669 3850 1808 3923 ὁμοῦ

189 3947 316 4007 τοῖς
339 3943 534 4008 ἄλλοις
569 3944 868 4016 μαθηταῖς,
915 3946 973 3997 ὲν
1020 3945 1202 4016 ταυτῷ
1236 3945 1420 4016 μένειν
1452 3946 1538 4017 ἐᾷ,
1588 3946 1683 3999 καὶ
1711 3945 1810 3999 οὐκ

190 4038 368 4101 εὐθὺς
415 4037 680 4107 ἐφίστησι
717 4040 787 4108 τῇ
832 4037 941 4091 τῶν
967 4036 1277 4109 εἰρημένων
1310 4036 1587 4108 ἀκριϐείᾳ,
1614 4037 1811 4108 χρησί-

192 4140 348 4194 μως,
389 4122 563 4194 ἄχρις
617 4125 686 4178 ἂν
736 4126 922 4189 αὐτοῖς
970 4125 1063 4179 τὸν
1112 4126 1457 4181 ἀνακτᾶσθαι
1510 4126 1811 4197 δυνάμενον

185 4212 542 4283 διαπερανεῖ
566 4212 743 4282 λόγον.
777 4213 949 4268 Τοῦτο
983 4217 1080 4269 καὶ
1103 4216 1161 4269 ιν
1189 4218 1302 4279 τοῖς
1331 4216 1529 4287 ὲφεξῆς
1554 4216 1811 4271 ποιοῦντα

188 4305 599 4377 θεωρήσομεν.
618 4307 781 4375 Λέγει
800 4307 913 4378 γὰρ
929 4308 1066 4378 πρὸς
1086 4308 1306 4372 αὐτούς·
1326 4329 1345 4359 ι
1369 4309 1644 4380 Συμφέρει
1659 4310 1807 4380 ὑμῖν,

188 4398 286 4452 ἵνα
318 4397 445 4466 ἐγὼ
484 4398 732 4455 ἀπέλθω.
779 4398 907 4452 Ἐὰν
947 4399 1053 4471 γὰρ
1092 4399 1204 4469 ἐγὼ
1255 4399 1330 4472 μὴ
1362 4401 1608 4465 ἀπέλθω,
1638 4402 1668 4454 ὁ
1698 4403 1813 4454 Πα-

188 4489 492 4559 ρὰκλητος
515 4488 581 4542 οὐ
625 4489 701 4559 μὴ
736 4488 867 4562 ἔλθῃ
911 4489 1051 4561 πρὸς
1094 4490 1258 4559 ὑμᾶς.
1290 4511 1309 4542 ι
1336 4489 1532 4545 Φθάνει
1574 4508 1639 4559 γε
1682 4491 1809 4562 μὴν,

183 4582 269 4646 ὡς
301 4581 453 4643 Θεὸς
481 4620 499 4643 ,
547 4580 983 4649 ἐπαγγείλασθαι
1032 4581 1257 4635 θέλοντα
1297 4581 1388 4635 τὸν
1434 4581 1702 4652 μαθητὴν,
1728 4584 1811 4636 ὅτι

1897 2023 2042 2084 potes
2070 2029 2151 2068 me
2182 2012 2336 2066 modo
2366 2014 2513 2083 sequi
2534 2052 2549 2077 ,
2582 2013 2819 2083 sequeris
2858 2023 3034 2067 autem
3073 2021 3273 2081 postea.

1970 2194 2108 2250 Cum
2138 2193 2311 2249 sciret
2340 2193 2491 2264 gravi
2520 2201 2574 2247 et
2597 2192 2931 2249 intolerabili
2963 2207 3201 2247 maerore
3237 2192 3491 2249 affectum

1899 2291 1967 2345 iri
1992 2304 2125 2345 suos
2144 2288 2477 2360 discipulos,
2511 2289 2558 2343 si
2581 2297 2770 2357 aperte
2793 2287 3002 2343 diceret
3033 2302 3093 2343 se
3126 2303 3488 2343 ascensurum

1911 2380 1968 2434 in
2002 2382 2181 2435 cretes
2225 2388 2283 2434 et
2319 2395 2419 2435 sua
2469 2381 2764 2449 praesentia
2803 2395 2899 2434 eos
2934 2379 3306 2448 privaturum,
3362 2380 3492 2435 licet

1902 2489 2101 2529 rursus
2137 2483 2195 2526 ut
2218 2472 2365 2528 Deus
2389 2473 2686 2529 adfuturus
2715 2475 2884 2537 esset,
2920 2474 3236 2529 obscuriuri
3274 2475 3491 2543 imprae-

1905 2567 2211 2623 scutiarum
2246 2565 2425 2620 utitur
2473 2581 2753 2629 sermone,
2808 2577 3061 2620 exactam
3115 2567 3238 2636 ejus
3285 2565 3493 2621 intelli-

1904 2661 2144 2731 gentiam
2178 2659 2387 2714 sensim
2423 2658 2758 2729 subripiens.
2787 2658 2851 2712 Et
2880 2659 3103 2729 quidem
3129 2660 3493 2716 nesciosillos

1905 2753 2120 2818 videns,
2152 2752 2208 2806 in
2237 2751 2430 2806 eodem
2480 2756 2628 2806 statu
2680 2749 2806 2803 illos
2858 2750 3141 2819 relinquit.
3200 2750 3494 2820 Sapientes

1903 2845 2110 2915 quippe
2143 2839 2495 2914 gravioribus
2547 2839 2823 2895 interdum
2870 2841 3060 2895 verbis
3094 2840 3402 2895 obscurant
3429 2856 3493 2895 ea

1910 2952 2033 3009 qua:
2075 2949 2369 2991 mmrorem
2402 2932 2603 2989 aﬁerre
2650 2933 2851 2987 solent.
2891 2930 3007 2986 Etsi
3044 2932 3186 2985 enim
3224 2933 3495 3001 primitias

1908 3027 2272 3085 humanitatis
2297 3026 2543 3096 seipsum
2582 3024 2691 3079 Deo
2716 3039 2781 3079 ac
2814 3022 2962 3078 Patri
2991 3022 3246 3085 offerens,
3290 3024 3343 3077 in
3377 3038 3496 3078 cm-

1906 3126 1990 3179 los
2023 3120 2296 3184 ascendit,
2359 3118 2527 3189 idque
2585 3131 2686 3188 pro
2736 3117 2987 3171 omnium
3035 3115 3281 3171 utilitate
3332 3115 3497 3169 fiebat

1910 3214 2079 3286 (viam
2111 3212 2275 3267 nobis
2305 3211 2656 3276 instauravit,
2695 3216 2911 3264 naturae
2955 3206 3199 3263 hominis
3227 3209 3380 3277 prius
3418 3207 3499 3262 in-

1830 3326 1878 3387 c
1910 3302 2235 3376 cognitam),
2267 3310 2647 3356 verumtamen
2675 3297 2893 3354 sanctis
2921 3296 3216 3367 discipulis
3248 3296 3341 3367 qui
3370 3312 3499 3366 per-

1909 3406 2077 3469 petuo
2104 3410 2229 3450 cum
2264 3408 2331 3448 eo
2360 3390 2576 3447 versari
2623 3389 2896 3455 volebant,
2946 3388 3302 3443 intolerabile
3339 3389 3496 3443 vide-

1908 3489 2072 3545 batur
2101 3504 2131 3542 a
2166 3486 2398 3541 Christo
2429 3483 2669 3552 sejungi,
2715 3483 2842 3537 licet
2876 3481 2961 3536 eis
3009 3478 3254 3552 Spiritus
3295 3481 3499 3536 virtute

1908 3591 1962 3638 et
1997 3579 2239 3635 efficacia
2272 3590 2489 3646 semper
2522 3575 2765 3629 adesset.
2799 3573 3028 3627 Beatum
3059 3574 3244 3643 itaque
3272 3571 3495 3627 Petrum

1910 3675 2022 3727 vim
2063 3678 2117 3727 et
2140 3683 2363 3725 sensum
2391 3681 2585 3722 eorum
2610 3679 2735 3736 quae
2776 3664 3103 3720 dicebantur
3138 3678 3247 3718 non
3286 3664 3495 3718 intelli-

1910 3772 2127 3837 gentem
2159 3775 2267 3815 una
2308 3773 2433 3813 cum
2479 3757 2605 3811 aliis
2651 3754 2951 3826 discipulis
3003 3753 3058 3807 in
3103 3751 3297 3807 eodem
3346 3759 3495 3806 statu

1910 3854 2200 3926 relinquit,
2234 3866 2339 3907 nec
2387 3850 2575 3905 statim
2617 3857 2791 3903 totam
2845 3862 2961 3901 rem
2994 3847 3043 3901 ei
3089 3843 3255 3916 756
3296 3845 3494 3914 aperit,

1909 3948 2123 4004 utiliter
2153 3945 2207 4000 id
2240 3943 2489 4014 quidem,
2514 3941 2691 3996 donec
2725 3953 3035 3995 sermonem
3078 3938 3159 3993 eis
3206 3948 3316 4006 quo
3349 3934 3500 3990 refo-

1910 4034 2091 4090 cillari
2122 4034 2342 4103 possint
2376 4028 2669 4100 peregerit.
2714 4027 2871 4093 Quod
2905 4026 3129 4095 quidem
3177 4026 3231 4079 in
3265 4038 3500 4095 sequen-

1911 4122 2063 4177 tibus
2090 4121 2272 4175 l'aeere
2303 4120 2483 4189 ipsum
2516 4117 2845 4173 videbimus.
2875 4116 2966 4170 Ait
2999 4115 3206 4187 quippe
3237 4115 3304 4170 ad
3330 4116 3494 4171 illos:

1915 4233 1936 4267 ι
1972 4213 2205 4284 Expedit
2234 4212 2395 4267 vobis
2422 4220 2485 4266 ut
2514 4225 2616 4280 ego
2644 4209 2866 4263 vadam.
2914 4206 2971 4261 Si
3004 4210 3153 4262 enim
3198 4222 3307 4261 non
3344 4207 3497 4263 able.

1912 4323 1998 4375 ro,
2036 4306 2356 4361 Paracletus
2396 4319 2507 4359 non
2544 4302 2725 4357 veniet
2781 4300 2849 4355 ad
2895 4314 2993 4354 vos
3038 4300 3106 4354 ⁸⁸.
3159 4318 3178 4351 ι
3226 4299 3498 4355 Ρηενεηὶι

1910 4409 2118 4463 tamen,
2151 4406 2211 4453 ut
2248 4397 2413 4461 Deus,
2466 4395 2802 4464 discipulum
2853 4392 3190 4448 denuntiare
3219 4392 3496 4446 volentem

1912 4509 1973 4549 se
1995 4491 2229 4563 impigre
2251 4496 2604 4552 secuturum,
2638 4495 2692 4540 et
2724 4484 2876 4540 illico
2906 4484 3252 4550 adfuturum,
3280 4483 3497 4536 nemine

1912 4584 2250 4649 retardante,
2297 4590 2354 4636 et
2389 4583 2506 4635 ait:
2548 4600 2567 4632 ι
2597 4579 2718 4646 Quo
2756 4592 2858 4648 ego
2892 4576 3053 4641 vado,
3087 4589 3196 4630 non
3229 4582 3381 4644 potes
3410 4588 3498 4627 me

187 4675 290 4728 καὶ
311 4672 698 4742 ἀκολουθήσει
750 4673 1073 4744 προθύμως,
1114 4674 1211 4728 καὶ
1258 4675 1513 4729 συνέσται
1556 4675 1804 4746 γοργῶς,

1917 4676 2082 4731 modo
2120 4675 2297 4745 sequi,
2333 4671 2587 4742 sequeris
2619 4677 2801 4723 autem
2839 4676 3054 4739 postea.
3099 4685 3117 4717 ι
3166 4664 3300 4730 Quae
3328 4663 3496 4716 verba

183 4765 419 4828 οὐδενὸς
467 4763 631 4834 αὐτῷ
678 4764 777 4834 τὴν
830 4764 1137 4835 προθυμίαν
1192 4765 1682 4835 ἀνασειράζοντος,
1718 4766 1812 4820 καί

185 4874 365 4929 φησιν
384 4874 403 4889 ο
449 4877 473 4909 ‹
510 4857 695 4911 Ὅπου
729 4857 926 4926 ὑπάγω
947 4856 1076 4925 ἐγὼ,
1106 4858 1168 4910 οὐ
1191 4857 1418 4911 δύνασαί
1451 4876 1542 4928 μοι
1563 4857 1661 4913 νῦν
1680 4860 1811 4913 ἀκο-

185 4952 496 5024 λουθῆσαι.
533 4951 925 5022 ἀκολουθήσεις
969 4952 1027 5006 δὲ
1075 4952 1320 5020 ὕστερον.
1360 4972 1379 5005 ι
1417 4954 1528 5007 Καὶ
1565 4954 1749 5025 διττὴν
1786 4956 1814 5007 ὁ

184 5043 356 5113 λόγος
402 5042 606 5096 ὡδίνει
636 5042 737 5114 τὴν
769 5043 1009 5098 ἔννοιαν·
1056 5038 1133 5098 ὧν
1186 5047 1219 5114 ὴ
1254 5046 1354 5114 μὲν
1386 5044 1483 5113 μία
1527 5062 1815 5117 προχειρο-

182 5135 333 5209 τάτη
364 5135 471 5189 καὶ
502 5134 635 5187 λίαν
663 5134 940 5206 εύτριϐὴς,
979 5135 1329 5206 ἀφανεστέρα
1356 5136 1413 5188 δέ
1448 5153 1562 5200 πως
1586 5138 1620 5207 ὴ
1650 5137 1813 5206 ἑτέρα

185 5226 290 5279 καὶ
321 5226 389 5279 ὲν
420 5224 752 5294 αἰνίγμασι.
775 5225 979 5279 Φάσκει
1008 5225 1109 5293 μιν
1128 5223 1351 5294 γὰρ,ὼς
1370 5224 1471 5277 οὐκ
1494 5224 1561 5277 ἂν
1595 5224 1814 5279 δύναιτο

184 5319 290 5372 νῦν
324 5315 673 5373 ἀκολουθεῖν
706 5316 845 5388 πρὸς
879 5317 944 5370 τὸ
996 5317 1110 5371 ἀνω
1144 5316 1433 5386 βαδίζοντι,
1471 5318 1564 5369 καί⁵
1622 5317 1813 5369 παλιν-

183 5409 512 5483 δρομοῦντι
543 5407 686 5479 πρὸς
713 5408 946 5478 οὐρανόν
969 5424 982 5437 ⁸
1021 5407 1380 5479 ἀκολουθήσει
1415 5425 1479 5476 γε
1512 5409 1618 5479 μὴν
1676 5410 1815 5480 μετὰ

185 5503 401 5570 ταῦτα,
436 5500 975 5572 ἀποκαθισταμένης
1006 5501 1251 5570 δηλονότι
1291 5504 1403 5564 τοῖς
1450 5502 1626 5570 ἀγίοις
1662 5502 1813 5573 παρὰ

186 5595 455 5669 Χριστοῦ
493 5592 611 5663 τῆς
657 5596 717 5647 ὲν
747 5592 930 5647 ἐλπίσι
979 5594 1147 5664 τιμῆς
1174 5610 1235 5646 τε
1266 5595 1360 5647 καὶ
1387 5594 1567 5664 δόξης,
1619 5596 1709 5648 ὅτε
1737 5598 1817 5658 εἰς

186 5685 294 5759 τὴν
348 5688 476 5743 ἄνω
528 5685 864 5754 γενήσονται
921 5684 1098 5748 πόλιν,
1149 5684 1246 5737 καὶ
1288 5685 1815 5755 συμϐασιλεύσουσιν

300 5866 350 5898 ³⁸
391 5863 579 5921 Joan.
628 5875 739 5925 va,
770 5860 824 5913 7.
903 5858 948 5891 “
983 5858 1116 5913 Luc.
1143 5873 1295 5925 XXIV,
1326 5858 1415 5913 49.

549 5955 830 6015 ΡΑτιιοι..
878 5953 994 6013 Gn.
1043 5951 1300 6013 LXXIV.

1918 4767 2191 4836 duplicem
2249 4777 2475 4818 sensum
2512 4760 2761 4830 pariunt,
2814 4769 3052 4825 quorum
3102 4768 3247 4807 unus
3299 4752 3497 4806 obvius

1914 4868 1999 4913 est
2033 4872 2097 4912 ac
2138 4854 2452 4917 familiaris,
2493 4852 2631 4907 alter
2662 4849 2957 4904 obscurior
2985 4852 3040 4899 et
3071 4844 3379 4913 aenigmatis
3414 4843 3496 4895 in-

1916 4952 2163 5005 volutus.
2200 4947 2346 5002 Dicit
2377 4945 2524 5000 enim
2563 4940 2707 5012 quod
2756 4954 2865 4993 non
2901 4935 3082 5007 possit
3118 4935 3272 5004 sequi
3305 4946 3498 4989 ascen-

1917 5043 2135 5097 dentem
2169 5054 2234 5093 ae
2260 5042 2623 5092 revertentem
2656 5032 2708 5084 in
2732 5029 2960 5090 omium,
2985 5035 3280 5081 secuturus
3312 5033 3498 5079 tamen

1919 5135 1991 5190 sit
2051 5138 2267 5204 postea,
2326 5126 2575 5197 reposito
2621 5121 2884 5177 nimirum
2936 5116 3146 5174 sanctis
3194 5131 3224 5169 a
3277 5116 3500 5170 Christo

1922 5227 2129 5280 honore
2180 5225 2235 5277 in
2279 5235 2377 5289 spe
2426 5225 2481 5273 et
2540 5214 2753 5287 gloria,
2812 5210 3039 5281 quando
3096 5210 3151 5263 in
3201 5220 3499 5278 supernam

1925 5314 2271 5369 asciscentur
2312 5308 2614 5369 civitatem,
2663 5312 2717 5359 et
2754 5317 2864 5357 una
2900 5316 3024 5357 cum
3056 5314 3123 5354 eo
3164 5297 3495 5370 regnabant.

1923 5404 2028 5459 Sed
2061 5411 2115 5457 et
2157 5400 2303 5455 aliud
2352 5412 2517 5469 porro
2566 5394 2862 5465 significat,
2905 5391 3053 5463 quod
3082 5391 3250 5460 quale
3284 5389 3378 5455 sit,
3415 5387 3501 5441 di—

1920 5512 2064 5553 eam.
2101 5492 2356 5547 Nondum
2395 5488 2569 5543 induti
2592 5487 2794 5543 virtute
2822 5501 2888 5540 ex
2919 5486 3034 5539 alto
3068 5483 3147 5550 ³⁸,
3172 5498 3349 5552 neque
3370 5479 3500 5534 dum

1923 5596 2181 5658 suscepto
2217 5594 2411 5640 sancto
2460 5580 2673 5653 Spiritu
2724 5578 2820 5651 qui
2875 5578 3232 5633 confirmaret
3283 5588 3400 5634 eos,
3446 5578 3503 5623 et

1872 5740 1875 5741 ν
1924 5682 2165 5740 hominis
2201 5686 2453 5733 naturam
2487 5675 2555 5731 ad
2585 5669 2967 5731 fortitudinem
3002 5666 3357 5727 reformaret,
3387 5675 3499 5714 non

3017 5939 3053 5998 ὃ
