4096 6478
630 395 727 450 471

1629 392 1685 448 S.
1728 391 2006 449 CYRILLI
2049 392 2523 450 ALEXANDRINI
2560 391 2881 449 ARCHIEP.

3826 381 3940 481 ιτς.

633 514 886 577 poterant
917 516 1146 563 mortem
1178 518 1517 579 expugnare,
1554 522 1618 562 ac
1650 509 1922 567 adversus
1950 518 2062 564 tam
2090 510 2222 565 hor-

2328 510 2492 581 αὐτῷ.
2526 510 2794 581 Σημαίνει
2843 509 2899 561 δέ
2926 520 2982 561 τι
3024 508 3162 579 πρὸς
3204 508 3380 577 τούτῳ
3422 505 3515 560 κα)⁵
3554 505 3782 572 ἕτερον,
3836 505 3934 557 καὶ

634 595 797 650 ribile
836 598 1220 667 spectaculum
1271 612 1333 653 se
1381 598 1699 668 accingere.
1755 598 1892 654 Nam
1932 615 2061 656 cum
2111 600 2216 656 soli

631 687 857 743 Christo
913 698 1274 759 competeret,
1329 688 1495 760 eique
1549 691 1645 744 uni
1679 701 2023 747 reservatum
2073 700 2221 748 esset

634 780 835 834 mortis
868 781 1169 849 potentiam
1206 780 1582 854 confringere,
1624 783 1912 853 probabile
1942 800 2069 839 non
2101 794 2222 841 erat

628 876 777 933 alios
817 886 942 931 ante
979 879 1159 947 ipsum
1205 874 1259 931 id
1308 891 1474 948 agere
1523 894 1709 948 posse.
1756 880 2221 953 Mortemquippe

634 985 748 1025 non
794 979 1057 1035 metuere,
1085 966 1219 1039 quid
1247 969 1418 1037 aliud,
1447 986 1656 1041 quaeso,
1702 988 1828 1030 csse
1858 982 2067 1041 potest,
2108 974 2221 1030 nisi

634 1071 893 1125 mortem,
920 1062 1080 1131 .quasi
1133 1059 1267 1115 nihil
1294 1078 1514 1119 nocere
1545 1065 1707 1121 nobis
1733 1067 1937 1135 possit,
1969 1075 2222 1123 contem-

634 1154 806 1209 nere?
842 1152 1050 1208 Idcirco
1084 1167 1204 1208 meo
1249 1154 1465 1224 judicio
1517 1156 1619 1227 ipsi
1664 1173 1890 1229 quoque
1936 1161 2221 1230 prophetae

633 1246 1250 1316 mortemingruentem
1285 1246 1786 1315 exhorresccbant,
1811 1250 1972 1319 quasi
2007 1266 2221 1321 per-re-

625 1340 1036 1394 surrectionem
1080 1337 1285 1395 Christi
1338 1340 1585 1395 nondum
1640 1341 2006 1397 destructam.
2062 1343 2221 1409 Quod

630 1445 757 1485 cum
802 1442 959 1486 recte
1009 1438 1200 1486 nosset
1246 1430 1480 1499 Paulus,
1515 1432 1734 1488 (licebat
1772 1432 2014 1489 Verbum
2072 1434 2223 1505 quod

630 1537 696 1575 ex
723 1522 831 1575 Deo
867 1520 1033 1576 Patre
1060 1528 1116 1576 et
1157 1520 1212 1575 in
1247 1522 1360 1576 Deo
1390 1530 1498 1580 est.
1534 1522 1769 1577 Abrahae
1802 1538 1991 1579 semen
2023 1538 2222 1595 appre-

631 1613 915 1679 hendisse,
963 1623 1023 1668 ut
1058 1628 1175 1684 .per
1228 1621 1461 1668 mortem
1517 1624 1726 1671 sanctae
1763 1617 1950 1672 carnis
1988 1626 2223 1673 mortem

624 1706 986 1777 proﬂigaret,
1044 1720 1254 1778 eosque
1310 1708 1572 1763 liberaret
1639 1710 1962 1780 quicunque
2026 1710 2225 1767 timore

634 1801 832 1855 mortis
904 1800 983 1856 rei
1044 1814 1264 1871 semper
1318 1810 1479 1857 erant
1528 1801 1751 1857 vivendi
1812 1803 2097 1859 servitutis
2155 1804 2221 1857 "'.

2327 607 2499 668 ποῖον,
2525 604 2656 675 ἐρῶ.
2680 602 2847 657 υῦπω
2866 600 2963 673 τὴν
2986 600 3046 665 ἐξ
3076 599 3242 670 ὕψους
3272 599 3629 669 ἐνδυσάμενοι
3659 596 3930 665 δύναμιν,

2322 696 2445 749 οὐδὲ
2480 698 2542 749 rb
2570 695 2819 766 ὲνισχύον
2850 694 3070 758 αὐτοὺς,
3108 694 3201 747 καὶ
3228 693 3309 756 εἰς
3347 691 3603 763 ἀνδρείαν
3634 689 3933 743 ἀναπλάτ-

2322 804 2414 841 τον
2437 786 2536 859 τὴν
2570 786 2863 858 ἀνθρώπου
2895 785 3061 855 φύσιν
3099 783 3485 855 κομισάμενοι,
3512 781 3755 852 Πνεῦμά
3784 796 3934 850 φημι

2322 877 2387 949 δὴ
2406 878 2469 931 rb
2494 877 2670 946 ἅγιον,
2700 879 2799 948 οὐχ
2836 871 2938 931 οἷοί
2974 894 3035 930 τε
3072 871 3215 947 ἦσαν
3250 874 3493 929 ’θανάτου
3537 874 3939 943 καταγωνίζε-“

2326 971 2471 1038 σθαι,
2519 970 2616 1027 καὶ
2661 974 2776 1035 τοῖς
2822 971 2967 1024 οῦτω
3032 970 3387 1040 δυσαντήτοις
3428 955 3943 1022 ἀνταποδύσασθαι

2311 1062 2596 1133 δείμασιν.
2619 1058 2729 1116 Ἦν
2753 1062 2863 1134 γὰρ
2887 1062 2983 1118 καὶ
3009 1060 3185 1125 ἄλλως
3205 1060 3472 1115 ἀπίθανον
3500 1060 3651 1131 μόνῳ
3673 1061 3936 1132 πρέπον-

2320 1169 2416 1215 τος
2440 1152 2547 1206 ικαὶ
2579 1152 2955 1225 τετηρημένου
3000 1151 3080 1221 τῷ
3122 1151 3337 1222 Σωτῆρι
3379 1151 3602 1223 Χριστῷ
3660 1152 3763 1205 τοῦ
3803 1168 3935 1204 συν-

2325 1243 2547 1315 θραύειν
2592 1244 2852 1299 δύνασθαι
2898 1244 2993 1298 τοῦ
3038 1243 3273 1299 θανάτου
3325 1244 3387 1297 rb
3435 1244 3937 1315 κράτος,νέτέ’ρους

2324 1336 2433 1407 πρὸ
2462 1335 2629 1389 αὐτοῦ
2653 1336 2812 1390 τοῦτο
2837 1336 3087 1408 δρῶντας
3110 1336 3365 1408 ὁρᾶσθαι.
3394 1336 3468 1389 Τὸ
3502 1336 3611 1407 γὰρ
3655 1336 3738 1407 μὴ
3763 1353 3939 1389 κατα-

2324 1429 2699 1499 δειμαίνεσθαι
2725 1429 2974 1496 θάνατον,
3006 1429 3058 1482 τί
3099 1429 3165 1483 ἂν
3205 1429 3396 1499 ἓτερον
3424 1429 3509 1499 εἴη
3544 1430 3738 1499 τυχὸν,
3776 1429 3816 1500 ἤ
3841 1429 3938 1482 θα-

2325 1519 2488 1573 νάτου
2518 1524 2901 1591 καταφρονεῖν,
2925 1521 3002 1584 ὼς
3031 1519 3185 1574 οὐδὲν
3214 1521 3422 1574 ἀδικεῖν
3467 1519 3795 1591 ἰσχύοντος;
3836 1523 3938 1574 Διά

2324 1628 2407 1664 τοι
2434 1610 2613 1674 τοῦτο,
2645 1613 2786 1666 κατά
2836 1629 2901 1681 γε
2956 1612 3050 1665 τὸν
3100 1612 3374 1684 ἡμέτερον
3416 1612 3563 1674 νοῦν,
3616 1613 3720 1667 καὶ
3768 1614 3937 1667 αὐτοὶ

2322 1706 2690 1777 κατέφριττον
2745 1706 2795 1758 οἱ
2841 1706 3104 1778 μακάριοι
3150 1708 3432 1777 προφῆται
3472 1706 3785 1777 προσιόντα
3842 1706 3937 1759 τὸν

2329 1794 2582 1860 θάνατον,
2610 1795 2686 1860 ὡς
2706 1795 2860 1850 οῦπω
2879 1814 3131 1868 κατηργη
3141 1797 3302 1869 μένον
3328 1798 3417 1852 διὰ
3442 1797 3542 1868 τῆς
3562 1798 3937 1864 ἀναστάσεως

633 1889 819 1945 Prima
853 1893 1057 1962 quippe
1092 1894 1288 1946 mortis
1319 1892 1616 1948 dissolutio
1650 1892 1752 1947 fuit
1779 1895 1969 1963 passio
2012 1895 2222 1949 saluta-

2329 1885 2423 1939 τοῦ
2457 1887 2717 1958 Χριστοῦ.
2762 1888 2967 1957 Ὀρθῶς
2988 1889 3051 1942 δὲ
3084 1888 3242 1943 τοῦτο
3270 1890 3449 1953 συνεὶς
3508 1886 3653 1944 καὶὸ
3683 1891 3931 1955 Παῦλος,

634 1982 735 2046 ris,
771 1992 824 2038 ct
860 1983 1078 2039 initium
1126 1985 1337 2040 sanctis
1375 1992 1619 2040 strenua:
1654 1986 1920 2042 adversus
1950 2002 2072 2041 eam
2106 1987 2218 2042 vir-

632 2075 770 2129 tutis
805 2073 1144 2131 resurrectio
1182 2073 1395 2131 Christi
1431 2076 1555 2131 fnit.
1587 2076 1729 2132 Cum
1770 2078 1939 2149 igitur
1968 2094 2090 2150 quae
2123 2094 2221 2134 sua

633 2174 834 2221 natura
866 2167 977 2222 vita
1008 2174 1093 2224 est
1118 2176 1353 2223 mortem
1376 2169 1624 2223 nondum
1655 2178 2000 2235 evacuasset,
2039 2184 2223 2239 neque

624 2274 801 2329 porro
840 2258 991 2315 illius
1033 2258 1378 2313 formidinem
1424 2260 1630 2315 nostris
1665 2260 1866 2315 animis
1893 2260 2220 2315 incumben-

634 2355 747 2401 tem
803 2346 1152 2417 infregisset,
1210 2347 1549 2404 infirmiores
1602 2348 2012 2418 quodammodo
2067 2359 2225 2405 erant

638 2438 1180 2509 adversuspericula
1212 2438 1493 2511 discipuli.
1521 2440 1760 2511 Ideoque
1799 2442 1936 2496 scite
1961 2441 2225 2499 Dominus

639 2530 937 2600 aliquando
964 2531 1196 2586 Petrum
1238 2532 1292 2587 in
1324 2547 1550 2587 crucem
1580 2542 1764 2587 actum
1807 2532 1873 2586 iri
1900 2572 1914 2596 ,
1946 2542 1999 2587 et
2030 2533 2084 2588 in
2121 2534 2225 2590 hoc

638 2628 961 2674 secuturum
1008 2636 1088 2684 se,
1122 2621 1303 2674 innuit
1342 2620 1510 2676 simul
1540 2636 1604 2675 ac
1643 2621 1810 2687 dicit;
1852 2621 1999 2691 quod
2044 2633 2224 2677 autem

638 2722 785 2765 nunc
818 2710 882 2764 ad
901 2718 1126 2764 tantum
1155 2718 1436 2765 certamen
1462 2709 1749 2765 infractam
1788 2710 1949 2782 757
1986 2720 2222 2767 mentem

623 2820 749 2859 mnon
788 2802 1022 2868 habeat,
1070 2802 1335 2857 ostendit
1372 2803 1614 2859 dicens:
1664 2823 1682 2854 ι
1731 2802 1853 2869 Quo
1896 2820 1996 2875 ego
2049 2806 2223 2869 vado,

642 2905 940 2966 non'potes
988 2894 1152 2949 modo
1188 2895 1371 2965 sequi,
1416 2895 1668 2965 sequeris
1713 2906 1897 2952 autem
1934 2905 2155 2967 postea.
2200 2916 2218 2948 ι

632 2982 757 3044 Nisi
804 2986 949 3041 enim
992 2984 1141 3040 Petri
1191 2993 1426 3039 mortem
1487 2987 1541 3040 in
1600 2987 1686 3041 his
1739 2988 1924 3042 verbis
1973 2987 2226 3044 Christus

643 3077 805 3134 nobis
845 3076 1233 3142 subinnueret,
1262 3091 1427 3146 quam
1463 3078 1535 3131 oh
1562 3093 1785 3133 causam
1825 3079 1891 3131 ad
1930 3080 2094 3132 unius
2127 3078 2223 3134 Pe-

2335 1977 2439 2047 ἔφη
2472 1978 2565 2030 τὸν
2601 1979 2666 2031 ὲκ
2708 1977 2845 2030 Θεοῦ
2889 1979 3105 2050 Πατρὸς
3159 1980 3253 2033 καὶ
3281 1981 3339 2033 ὲν
3365 1980 3485 2052 Θεῷ
3535 1982 3668 2035 ὅντα
3726 1982 3931 2049 Λόγον,

2331 2070 2646 2141 σπέρματος
2680 2071 2929 2143 Ἀϐραὰμ
2960 2072 3374 2143 ἐπιδράξασθαι,
3394 2074 3480 2126 ἵνα
3500 2074 3588 2127 διὰ
3616 2074 3717 2127 τοῦ
3756 2074 3936 2129 θανά-

2327 2179 2421 2214 του
2452 2161 2553 2231 τῆς
2582 2162 2745 2230 ἁγίας
2773 2163 2978 2234 σαρκὸς
3028 2165 3352 2235 καταργήσῃ
3389 2164 3483 2219 τὸν
3511 2164 3757 2219 θάνατον
3779 2207 3793 2231 ,
3837 2168 3933 2219 καὶ

2326 2255 2612 2328 ἀπαλλάξῃ
2657 2256 2886 2320 τούτους
2911 2295 2926 2321 ,
2961 2257 3078 2310 ὅσοι
3125 2257 3276 2329 φόϐῳ
3316 2258 3549 2313 θανάτου
3578 2259 3671 2312 διὰ
3714 2258 3931 2323 παντὸς

2325 2343 2420 2397 τοῦ
2449 2344 2547 2417 ζῇν
2583 2344 2759 2416 ἔνοχοι
2794 2341 2936 2417 ἦσαν
2977 2345 3242 2410 δουλείας.
3285 2346 3483 2419 Πρώτη
3529 2348 3642 2420 γὰρ
3682 2348 3931 2403 θανάτου

2324 2432 2496 2500 λύσις,
2520 2435 2582 2489 τὸ
2604 2438 2875 2508 σωτήριον
2896 2437 3089 2501 πάθος,
3123 2438 3220 2493 καὶ
3265 2440 3410 2511 ἀρχὴ
3456 2443 3568 2505 τοῖς
3604 2442 3807 2510 ἁγίοις,
3826 2441 3933 2512 τῆς

2325 2529 2445 2580 κατ’
2479 2527 2647 2581 αὐτοῦ
2670 2528 2897 2597 γέγονεν
2920 2532 3234 2603 εὐτολμίας,
3266 2536 3300 2604 ἡ
3331 2534 3631 2599 ἀνάστασις
3658 2537 3762 2589 τοῦ
3790 2536 3836 2590 Χ
3846 2554 3932 2608 ρι-

2327 2619 2477 2674 στοῦ.
2519 2619 2688 2674 Οὔπω
2726 2622 2908 2676 τοίνυν
2953 2626 3391 2697 καταργησάσης
3426 2627 3517 2681 τὸν
3549 2627 3793 2683 θάνατον
3824 2630 3931 2698 τῆς

2327 2710 2469 2768 κατά
2494 2711 2658 2781 φύσιν
2684 2710 2851 2785 ζωῆς,
2879 2717 3015 2786 μήτε
3046 2718 3156 2787 μὴν
3181 2717 3597 2789 συνθραυσάσης
3620 2720 3715 2774 τὸν
3737 2721 3803 2786 ἐξ
3830 2723 3935 2776 αὖ-

2327 2803 2421 2858 rei}
2447 2806 2570 2870 ταῖς
2591 2806 2894 2878 ἡμετέραις
2922 2808 3128 2880 ψυχαῖς
3166 2809 3512 2879 ἐμπίπτοντα
3535 2812 3727 2879 φόϐον,
3756 2813 3933 2866 ἀσθε-

2328 2896 2578 2969 νέστεροί
2606 2916 2725 2965 πως
2762 2899 2843 2954 έτι
2888 2901 3027 2973 πρὸς
3070 2901 3349 2967 κινδύνους
3390 2898 3532 2975 ἦσαν
3564 2906 3612 2958 οἱ
3650 2906 3931 2977 μαθηταί.

2327 2986 2430 3039 Διὰ
2458 2989 2615 3042 τοῦτο
2653 2991 2953 3063 χαριέντως
2988 2994 3019 3045 ὁ
3065 2991 3291 3062 Κύριος,
3333 2994 3417 3047 ὅτι
3468 2995 3936 3067 σταυρωθήσεται

2330 3080 2473 3134 κατὰ
2501 3082 2729 3153 καιροὺς
2754 3085 2783 3135 ὁ
2814 3084 3019 3155 Πέτρος
3041 3124 3055 3149 ,
3091 3084 3281 3154 ἕψεταί
3302 3103 3361 3139 τε
3392 3088 3533 3141 κατὰ
3576 3086 3746 3141 τοῦτο
3778 3090 3937 3157 αὐτῷ

643 3170 715 3224 tri
752 3184 1041 3240 personam
1071 3184 1382 3225 sermonem
1420 3173 1715 3235 convertit,
1749 3188 1876 3225 cum
1925 3173 2049 3227 aliis
2094 3188 2223 3228 san-

2335 3172 2701 3236 συνεπινεύει,
2717 3176 2810 3227 καί
2841 3192 3026 3246 φησιν⁹
3056 3176 3211 3232 «Ὅτι
3227 3177 3283 3230 δὲ
3297 3178 3412 3231 νυνὶ
3431 3177 3565 3248 πρὸς
3576 3179 3775 3247 ἀγῶνα
3792 3182 3938 3244 τέως

641 3264 747 3319 ctis
794 3262 1085 3333 discipulis
1139 3263 1441 3333 promissio
1483 3262 1627 3317 facta
1664 3263 1737 3317 sit
1793 3273 2225 3319 conversaturos

640 3362 695 3408 et
722 3360 1011 3408 secuturos
1037 3368 1187 3416 eum,
1227 3354 1657 3408 resurrectionis
1690 3354 1948 3409 nimirum
1982 3363 2228 3426 tempore

644 3448 884 3516 reposita
918 3446 999 3501 eis
1033 3453 1238 3500 aeterna
1275 3446 1409 3510 vita,
1442 3457 1493 3501 et
1527 3448 1689 3501 bonis
1719 3463 1843 3517 qua:
1888 3449 2228 3518 sperantur?

643 3538 811 3607 Atqui
843 3536 1193 3594 manifestum
1227 3546 1313 3594 est
1330 3554 1467 3592 eum
1507 3548 1567 3592 ut
1606 3537 1770 3593 Petro
1794 3540 2136 3608 .praenuntiet
2174 3540 2228 3595 id

644 3630 790 3701 quod
826 3631 874 3685 ei
933 3631 1144 3687 ultimis
1200 3631 1547 3701 temporibus
1596 3639 1923 3686 eventurum
1970 3639 2138 3698 esset,
2176 3632 2229 3687 id

643 3724 989 3795 :cnigmatice
1016 3724 1394 3780 subindicare.
1438 3722 1501 3777 Et
1538 3723 1758 3794 quidem
1789 3725 1942 3780 alias
1990 3725 2228 3794 idipsum

643 3816 852 3871 clarius
905 3814 1195 3881 indicavit,
1252 3816 1492 3869 dicens:
1543 3834 1562 3867 ι
1620 3814 1757 3869 Cum
1809 3831 1964 3870 esses
2016 3814 2228 3884 junior,

644 3905 907 3976 cingebas
946 3914 1018 3968 te,
1065 3914 1113 3959 et
1164 3904 1496 3959 ambulabas
1531 3903 1625 3957 ubi
1658 3904 1882 3959 volebas
1914 3921 1928 3958 :
1968 3919 2093 3958 cum
2126 3919 2229 3959 au-

645 4004 755 4052 tem
790 3994 1066 4060 senueris,
1122 3994 1389 4049 extendes
1426 4010 1629 4049 manus
1684 4002 1831 4059 tuas,
1878 4004 1933 4051 et
1983 3996 2077 4049 alii
2113 3996 2231 4051 cin-

646 4098 777 4162 gent
802 4096 879 4152 te,
913 4094 969 4142 et
1001 4086 1203 4141 ducent
1244 4098 1295 4141 te
1341 4102 1455 4157 quo
1506 4096 1563 4141 tu
1620 4102 1729 4141 non
1760 4088 1862 4143 vis.
1902 4087 2015 4143 Hoc
2046 4096 2226 4144 autem

645 4178 808 4243 dixit,
842 4177 1045 4247 inquit,
1087 4176 1407 4246 significans
1444 4192 1553 4247 qua
1600 4185 1776 4233 morte
1818 4178 2229 4234 clariﬁcaturus

645 4280 791 4326 esset
822 4269 989 4324 Deum
1024 4268 1088 4321 ³⁸.
1140 4287 1159 4319 ι
1210 4268 1323 4322 Etsi
1366 4270 1512 4323 enim
1548 4268 1850 4324 iucundum
1890 4280 1975 4326 est
2018 4272 2229 4327 sanctis

648 4362 760 4431 pati
798 4376 895 4431 pro
935 4360 1185 4423 Christo,
1218 4361 1530 4427 periculum
1568 4370 1750 4417 tamen
1794 4378 1903 4417 non
1944 4364 2093 4418 ultro
2136 4380 2227 4417 ar-

647 4451 998 4515 cessendum,
1038 4449 1137 4506 sed
1177 4449 1466 4506 ferendum
1496 4452 1853 4511 nihilominus
1882 4470 2010 4510 cum
2040 4456 2108 4509 ab
2135 4455 2230 4509 ali-

2334 3262 2425 3316 τὸν
2453 3262 2703 3317 τοσοῦτον
2732 3266 2831 3318 οὐκ
2860 3266 3166 3338 ἄθραυστον
3194 3267 3307 3338 ἔχει
3336 3268 3430 3320 τὸν
3460 3267 3587 3321 νοῦν
3607 3309 3621 3333 ,
3664 3270 3940 3341 ῦποδηλοῖ

2330 3354 2504 3421 λέγων
2529 3371 2543 3383 ·
2578 3373 2597 3405 ι
2640 3356 2815 3409 Ὅπου
2872 3357 2983 3427 ἐγὼ
3041 3359 3239 3427 ὑπάγω
3264 3399 3277 3422 ,
3322 3359 3383 3412 οὐ
3427 3357 3661 3412 δύνασαί
3702 3376 3801 3430 μοι
3835 3360 3940 3414 νῦν

2330 3444 2719 3514 ἀκολουθῆσαι,
2757 3446 3149 3519 ἀκολουθήσεις
3182 3448 3241 3501 δὲ
3266 3448 3515 3518 ὕστερον.
3553 3467 3572 3499 ι
3602 3446 3667 3501 El
3699 3448 3817 3519 γὰρ
3855 3449 3935 3519 μὴ

2330 3536 2421 3591 τὸν
2448 3538 2543 3591 τοῦ
2569 3539 2777 3609 Πέτρου
2801 3539 3029 3594 θανάτου
3055 3540 3169 3612 [πρ.
3191 3538 3443 3612 θάνατον]
3471 3541 3534 3593 ὲν
3553 3538 3772 3602 τούτοις
3795 3542 3936 3611 ἡμῖν

2331 3628 2360 3680 ὁ
2391 3626 2626 3699 Χριστὸς
2662 3630 3013 3700 ὑπῃνίττετο,
3040 3630 3137 3683 τοῦ
3165 3630 3230 3702 δὴ
3254 3629 3437 3701 χάριν,
3465 3630 3646 3683 καίτοι
3678 3628 3935 3685 τῶνᾚλ·

2331 3716 2437 3769 λων
2470 3717 2641 3784 ἁγίων
2663 3717 2978 3771 ἀποστόλων
3018 3719 3251 3787 ἐχόντων
3294 3722 3354 3772 ὲν
3384 3718 3684 3788 ὑποσχέσει
3706 3718 3771 3771 rb
3797 3736 3931 3772 συν-

2332 3808 2553 3863 έσεσθαί
2577 3827 2636 3862 τε
2666 3811 2761 3863 καὶ
2806 3810 3116 3864 ἀκολουθεῖν
3146 3810 3295 3881 αὐτῷ
3333 3810 3475 3864 κατά
3507 3812 3600 3863 τὸν
3642 3812 3745 3880 τῆς
3790 3814 3933 3865 ἀνα-

2334 3900 2577 3963 στάσεως
2602 3900 2845 3971 δηλονότι
2873 3902 3064 3973 καιρὸν
3089 3942 3104 3965 ,
3160 3902 3686 3973 ἀποκαθισταμένης
3736 3904 3932 3966 αὐτοῖς

2330 3993 2429 4062 τῆς
2451 3993 2731 4064 ἀκηράτου
2762 3993 2928 4064 ζωῆς,
2946 3996 3039 4047 καὶ
3076 3994 3183 4050 τῶν
3229 3997 3287 4048 ὲν
3328 3995 3540 4048 ἐλπίσιν
3564 3994 3822 4063 ἀγαθῶν,
3848 3997 3931 4058 είς

2334 4086 2495 4155 μόνον
2520 4086 2582 4139 rb
2607 4085 2704 4138 τοῦ
2726 4086 2934 4156 Πέτρου
2969 4086 3282 4156 πρόσωπον,
3313 4088 3414 4158 τὴν
3443 4086 3537 4140 τοῦ
3563 4085 3728 4155 λόγου
3759 4103 3927 4157 περι-

2336 4175 2514 4246 ίστησι
2550 4175 2810 4247 δύναμιν;
2848 4176 2985 4229 Ἀλλ’
3027 4176 3141 4229 ἔστι
3175 4178 3440 4247 πρόδηλον
3470 4180 3575 4243 ὅτι,
3612 4177 3694 4249 τῷ
3727 4179 3931 4249 Πέτρῳ

2333 4268 2718 4339 προαγγέλλων
2738 4268 2801 4321 rb
2824 4269 2884 4321 ὲν
2904 4269 3153 4339 ὑστέροις
3174 4270 3324 4340 αὐτῷ
3346 4269 3771 4341 συμϐησόμενον
3792 4270 3929 4340 χρόα

2338 4376 2476 4422 νοις,
2504 4359 2921 4429 αἰνιγματωδῶς
2948 4360 3303 4429 ῦπεμφαίνει.
3324 4361 3435 4414 Καὶ
3458 4360 3589 4429 γοῦν
3614 4360 3683 4413 δι’
3712 4361 3932 4431 ἐτέρων

2335 4450 2668 4520 σαφέστερον
2712 4450 2843 4503 αὐτὸ
2872 4451 3175 4521 δεδήλωκεν
3198 4451 3372 4505 εἰπών
3397 4468 3411 4481 ·
3466 4471 3485 4503 ι
3528 4452 3660 4505 Ὅτε
3693 4446 3763 4522 ἦς
3792 4452 3933 4505 νεὼ-

646 4544 847 4613 quibus
880 4542 932 4596 vi
957 4556 1022 4597 ac
1061 4543 1394 4599 necessitate
1426 4543 1679 4600 infertur.
1721 4544 1933 4601 Idcirco
1972 4555 2027 4601 et
2066 4560 2224 4601 orare

2333 4558 2507 4611 τερος,
2542 4540 2807 4605 ἐζώννυες
2831 4544 3080 4609 σεαυτὸν,
3103 4545 3199 4598 καὶ
3222 4544 3576 4616 περιεπάτεις
3615 4544 3757 4597 ὃπου
3791 4543 3929 4614 ἠθε-

642 4636 820 4708 jubet,
851 4650 919 4690 ne
945 4634 998 4689 in
1039 4635 1402 4691 tentationem
1436 4636 1765 4693 incidamus.

2335 4634 2444 4696 λες·
2481 4634 2610 4687 ὅταν
2647 4634 2702 4686 δὲ
2733 4633 3003 4707 γηράσῃς,
3033 4636 3273 4700 ἐκτενεῖς
3318 4636 3417 4700 τὰς
3446 4636 3636 4708 χεῖράς
3669 4650 3789 4698 σου,
3829 4637 3930 4689 καὶ

647 4700 815 4783 ἀλλοιῗ
836 4725 1071 4792 ζὼσουσί
1114 4743 1194 4791 σε,
1238 4727 1334 4780 καὶ
1359 4728 1644 4782 ἁποίσουσί
1666 4746 1727 4781 σε
1756 4731 1890 4782 ὅπου
1930 4731 1992 4782 οὺ
2028 4700 2223 4792 θέλεις.
2263 4725 2434 4780 Τοῦτο
2462 4725 2518 4778 δὲ
2548 4720 2690 4791 εἷπε,
2717 4700 2871 4795 φη’ἁι,
2904 4700 3186 4797 σημαίνων
3245 4729 3385 4799 ποίῳ
3421 4700 3639 4799 θανάτῳ
3700 4727 3931 4791 δοξάσει

647 4816 738 4869 τὸν
765 4815 917 4871 Θεόν.
967 4835 987 4868 ι
1033 4816 1094 4868 Εἰ
1125 4815 1232 4886 γὰρ
1268 4817 1360 4869 καὶ
1384 4817 1531 4871 ἔστιν
1560 4819 1656 4890 ἡδὺ
1690 4822 1801 4883 τοῖς
1832 4820 2007 4887 ἁγίοις
2038 4819 2098 4872 rb
2128 4818 2359 4887 πάσχειν
2380 4816 2521 4887 ὑπὲρ
2546 4814 2811 4886 Χριστοῦ,
2866 4816 2978 4870 ἀλλ’
3008 4820 3035 4869 ὸ
3069 4818 3315 4883 κίνδυνος
3373 4820 3435 4872 οὑ
3501 4819 3728 4890 θελητδς
3798 4823 3927 4890 μὲν,

648 4908 884 4979 φορητὸς
912 4908 955 4961 δ’
979 4904 1071 4962 οὖν
1106 4909 1254 4977 ὅμως
1277 4909 1404 4963 ὃταν
1448 4910 1508 4975 ἐξ
1550 4912 1796 4983 ἀνάγκης
1835 4913 1997 4967 τινῶν
2033 4910 2383 4981 ἐπιφέρηται.
2410 4909 2510 4963 Διά
2559 4908 2717 4962 τοῦτο
2749 4909 2845 4962 καὶ
2910 4912 3240 4982 προστάττει
3319 4912 3763 4983 προσεύχεσθαι,
3838 4916 3929 4969 ἵνα

651 4999 727 5070 μὴ
750 4999 1078 5071 ἐμπέσωμεν
1110 5001 1190 5063 είς
1222 5001 1550 5071 πειρασμόν.

723 5088 864 5141 Dicit
904 5091 950 5142 ei
1004 5087 1234 5144 Petrus:
1265 5089 1508 5155 Domine,
1564 5108 1728 5162 quare
1758 5110 1862 5147 non
1914 5108 2130 5161 possum
2178 5101 2226 5145 te

647 5184 791 5252 sequi
819 5181 970 5236 modo
994 5182 1019 5234 ?
1041 5184 1278 5236 animam
1309 5200 1481 5237 meam
1508 5199 1603 5252 pro
1637 5194 1686 5236 te
1715 5197 1927 5251 ponam.

718 5356 858 5423 Quid
886 5356 1156 5427 prohibet,
1188 5358 1399 5427 inquit,
1428 5355 1729 5426 quominus
1761 5361 2023 5426 sequatur
2070 5356 2117 5411 is
2139 5358 2229 5413 cui

646 5464 748 5519 pro
778 5450 1039 5520 magistro
1088 5449 1230 5503 mori
1275 5448 1614 5517 propositum
1647 5457 1749 5511 est,
1801 5447 2007 5517 quique
2056 5464 2121 5503 ea
2172 5466 2230 5506 re

646 5544 883 5596 maxime
910 5542 1224 5613 gloriatur?
1273 5539 1445 5595 Omne
1486 5540 1630 5595 enim
1660 5541 1990 5611 periculum,
2022 5550 2076 5596 et
2129 5542 2231 5596 im-

645 5634 823 5686 manis
876 5632 1326 5702 persequentium
1378 5631 1651 5702 tyrannis,
1679 5647 1899 5687 carnem
1958 5632 2223 5691 duntaxat

714 5811 761 5841 ³⁷
797 5808 963 5863 llcbr.
1001 5825 1055 5876 ι,
1108 5807 1292 5863 15-18.
1372 5807 1415 5839 ³⁸
1444 5804 1603 5861 Joan.
1654 5824 1778 5875 ut,
1824 5809 1910 5867 l8.
1952 5811 2041 5867 19.

2398 5086 2570 5155 Λέγει
2608 5088 2768 5153 αὐτῷ
2796 5090 2829 5141 ό
2858 5088 3077 5157 Πέτρος
3100 5105 3115 5119 ’
3147 5090 3344 5157 Κύριε,
3374 5090 3532 5144 διατι
3560 5092 3633 5146 οὐ
3657 5091 3931 5164 δύναμαί

2328 5193 2429 5233 σοι
2462 5178 2579 5233 νῦν
2609 5179 3027 5249 ἀκολουθῆσαι
3047 5199 3067 5247 ;
3094 5182 3211 5251 τὴν
3228 5182 3441 5252 ψυχήν
3463 5201 3584 5253 μου
3611 5185 3774 5254 ὑπὲρ
3802 5187 3929 5240 σοῦ

2328 5270 2518 5325 θήσω.

2408 5287 2518 5324 σω.

2366 5287 2464 5413 ηΤί
2492 5362 2553 5414 τὸ
2584 5362 2814 5428 κωλῦον,
2840 5365 3027 5435 φησὶν,
3055 5366 3089 5434 ἢ
3122 5365 3175 5418 τί
3202 5366 3264 5418 τὸ
3295 5366 3541 5437 ἐξεῖργον
3572 5366 3920 5429 ἀκολουθεῖν,

2326 5450 2419 5504 τὸν
2446 5445 2489 5520 ᾧ
2527 5444 2887 5525 προτεθνᾶναι
2921 5455 3014 5509 τοῦ
3061 5456 3382 5510 διδασκάλου
3437 5458 3664 5522 σκοπὸς,
3720 5458 3817 5510 καὶ
3858 5459 3927 5509 ὲν.

2327 5545 2683 5616 καυχήματος
2715 5545 2865 5612 τάξει
2886 5547 3194 5616 λελόγισται
3225 5566 3239 5613 ;
3297 5547 3465 5611 Τέλος
3507 5548 3607 5617 μὲν
3650 5548 3762 5618 γὰρ
3796 5565 3917 5599 κιν-

2300 5634 2483 5720 δύνου
2508 5638 2728 5704 παντὸς,
2764 5641 2860 5695 καὶ
2881 5640 2941 5693 rb
2966 5640 3268 5712 ἀκρότατον
3300 5640 3489 5712 ὥσπερ
3522 5640 3623 5710 τῆς
3648 5640 3759 5694 τῶν
3788 5640 3920 5695 διω-
