4096 6510
304 446 404 501 1⁷5

1320 434 1385 489 ΙΝ
1421 431 1705 490 JOANNIS
1743 428 2194 487 EVANGELIUM
2233 428 2363 485 LIB.
2400 429 2490 483 IX.

3460 435 3557 490 I74

301 559 505 613 κόντων
535 551 829 609 ἀτιθάσσου
862 550 1195 615 πλεονεξίας,
1228 550 1389 623 μέχρι
1424 550 1591 623 μόνης
1618 550 1876 619 στήσεται

1985 545 2225 616 respicit,
2255 561 2404 602 mors
2444 546 2590 601 enim
2620 543 2887 600 adversus
2912 559 3031 599 eam
3059 563 3073 610 ;
3136 548 3229 618 qui
3264 563 3391 604 vero
3422 549 3563 605 mori

301 651 401 718 τῆς
429 645 627 718 σαρκός
649 663 662 677 ’
690 646 809 700 κατ’
841 644 1014 712 αὐτῆς
1047 644 1155 715 γὰρ
1185 647 1214 697 6
1254 643 1508 706 Θάνατος·
1563 645 1592 695 6
1639 642 1694 695 δὲ
1742 641 1879 711 πρὸς

304 742 456 795 τοῦτο
501 741 733 809 ἑτοίμως
771 737 910 810 ἔχων
936 736 1038 807 ήδη
1099 738 1194 789 καὶ
1247 735 1722 803 διεσκευασμένος,
1772 733 1880 786 ὑπὸ

304 835 441 896 τίνος
466 832 530 885 ἂν
558 828 936 895 διακωλύοιτο,
968 828 1153 899 φησὶν,
1177 827 1421 900 ἀπολέσῃ
1454 826 1510 879 δὲ
1534 826 1651 889 πῶς
1669 827 1729 879 τὸ
1758 825 1882 877 σύν-

299 939 452 977 τονον
480 923 738 993 φρόνημα
782 921 911 992 περὶ
934 920 996 977 τὸ
1027 920 1225 992 χρῆναι
1262 919 1483 981 πάντως
1528 915 1839 972 ἀκολουθεῖν
1865 932 1879 977 ;

299 1014 623 1086 Θερμοτάτη
657 1014 754 1085 μὲν
781 1012 889 1083 γὰρ
921 1014 955 1082 ὴ
989 1010 1269 1085 προθυμία
1306 1009 1400 1062 τοῦ
1432 1009 1665 1080 Πέτρου,
1698 1008 1793 1061 καὶ
1820 1006 1883 1059 τὸ

300 1106 396 1177 τῆς
425 1105 771 1174 ὑποσχέσεως
794 1103 994 1175 μέτρον
1034 1100 1390 1158 πλεονεκτοῦν
1409 1118 1423 1131 ο
1456 1100 1516 1154 οῦ
1560 1099 1761 1171 μικράν
1782 1100 1881 1168 τὴν

299 1197 527 1251 ἐνοῦσαν
553 1196 704 1267 αὐτῷ
734 1197 962 1266 δύναμιν
1009 1194 1287 1267 θεωρῆσαι
1329 1210 1412 1256 τις
1448 1193 1534 1256 ἂν,
1596 1192 1795 1262 μᾶλλον
1824 1191 1880 1244 δὲ

298 1290 391 1343 καὶ
417 1290 600 1343 αὑτῶν
626 1290 974 1361 πραγμάτων
1004 1286 1199 1358 ἤλεγξε
1225 1287 1285 1340 τὸ
1308 1286 1481 1349 τέλος.
1518 1284 1666 1354 Πλὴν
1705 1286 1882 1352 ἐκεῖνο

298 1381 658 1435 διασκεπτέον
681 1398 694 1413 ο
730 1379 824 1432 τοῦ
863 1379 974 1450 γὰρ
1024 1378 1274 1449 Σωτῆρος
1320 1376 1481 1447 ήμῶν
1515 1374 1752 1447 Χριστοῦ
1782 1373 1880 1444 τὴν

298 1472 379 1534 είς
407 1472 676 1543 οὐρανοὺς
709 1471 1066 1540 ἀναφοίτησιν
1094 1470 1206 1523 ἄνω
1235 1468 1763 1539 κατασημαίνοντος,
1786 1466 1881 1519 καὶ

296 1562 379 1614 ὅτι
416 1560 517 1630 μὲν
550 1559 645 1614 νῦν
676 1562 774 1631 οὐχ
800 1560 990 1629 ἕψεται
1035 1559 1287 1626 λέγοντος
1313 1597 1329 1627 ,
1386 1557 1774 1627 ἀκολουθήσειν
1819 1573 1882 1624 γε

299 1650 407 1722 μήν
436 1650 575 1721 μετά
610 1650 784 1703 ταῦτα
807 1690 821 1714 ,
867 1648 1253 1720 πληρωθείσης
1298 1646 1463 1705 αὑτοῦ
1501 1647 1744 1718 δηλονότι
1782 1647 1881 1716 τῆς

1983 636 2095 706 jam
2130 649 2355 706 paratus
2402 645 2505 702 est,
2539 652 2567 689 a
2604 652 2845 707 quonam
2901 637 3306 708 prohibebitur,
3366 643 3563 712 inquit,

1989 727 2264 797 quomodo
2306 726 2573 797 sequendi
2637 725 2936 781 vehemens
2991 725 3234 782 studium
3303 728 3568 799 abjiciet?

1989 818 2067 873 Ex
2112 817 2521 873 ferventissimo
2576 818 2849 889 siquidem
2910 816 3057 873 Petri
3113 819 3324 887 studio,
3387 830 3442 877 et
3499 838 3568 878 ex

1990 910 2331 965 abundantia
2366 911 2551 966 cordis
2595 920 2919 983 erumpente
2950 912 3336 982 promissione,
3387 917 3566 969 maxi-

1991 1018 2137 1056 mam
2202 1002 2253 1057 ei
2291 1002 2400 1056 vim
2469 1002 2693 1057 insitam
2751 1003 3207 1073 deprehenderis,
3267 1012 3322 1060 et
3382 1021 3567 1061 rerum

1991 1096 2234 1165 ipsarum
2273 1094 2435 1148 ﬁnem
2482 1096 2815 1164 conjeceris.
2869 1095 3259 1152 Verumtamen
3311 1098 3569 1153 conside-

1989 1189 2220 1242 randum
2264 1195 2348 1242 est
2394 1188 2540 1257 quod
2586 1203 2713 1242 cum
2771 1186 3035 1244 Servator
3095 1198 3282 1245 noster
3328 1190 3567 1245 reditum

1991 1294 2153 1334 suum
2216 1279 2283 1333 ad
2314 1280 2486 1336 cmlos
2553 1294 2721 1349 supra
2757 1279 3052 1350 signiﬁcet,
3112 1292 3165 1337 et
3220 1297 3569 1353 nequaquam

1989 1378 2306 1423 secuturum
2340 1385 2399 1425 se
2433 1370 2586 1422 illum
2641 1368 2807 1433 dicat,
2852 1379 3172 1425 secuturum
3202 1380 3386 1427 tamen
3416 1383 3570 1442 post-

1987 1477 2071 1524 ea,
2115 1462 2339 1531 impleta
2380 1462 2591 1517 scilicet
2642 1476 2740 1517 sua
2798 1463 3082 1527 missione,
3135 1470 3383 1535 tempore
3434 1482 3567 1521 con-

1989 1568 2128 1623 gruo
2159 1562 2382 1606 sanctos
2418 1552 2471 1605 in
2513 1566 2808 1619 supernam
2843 1552 3121 1606 civitatem
3157 1562 3406 1620 vocante,
3451 1556 3571 1624 ipse

1992 1642 2057 1695 ad
2090 1641 2336 1711 pericula
2373 1638 2664 1696 subeunda
2714 1649 2970 1711 paratum
3010 1658 3068 1697 se
3100 1657 3224 1697 csse
3254 1643 3566 1710 denuntiat,

297 1742 625 1811 ἀποστολῆς,
650 1740 843 1810 καιροῦ
869 1741 962 1794 τοῦ
997 1741 1302 1811 πρέποντος
1331 1740 1422 1795 ἐπὶ
1459 1742 1559 1809 τήν
1589 1740 1701 1793 ἀνω
1728 1739 1880 1793 πόλιν

1991 1732 2100 1786 alio
2127 1733 2278 1788 velut
2304 1732 2588 1803 abreptus,
2625 1747 2726 1787 nec
2755 1741 2961 1787 rectam
3018 1733 3187 1804 758
3232 1749 3420 1789 eorum
3448 1752 3571 1806 quae

294 1833 394 1896 τὰς
441 1833 549 1885 τῶν
585 1834 776 1911 ῥγίων
810 1832 1107 1894 καλοῦντος
1154 1831 1419 1900 κεφαλὰς,
1470 1830 1705 1900 ἑτοίμως
1736 1830 1881 1901 ἔχειν

296 1925 479 1988 αὐτὸς,
512 1924 607 1977 καὶ
644 1923 1086 1992 προκινδυνεύειν
1116 1921 1660 1993 ὲπαγγέλλεται,τὴν
1688 1921 1882 1993 ὲτέραν

296 2014 486 2085 ὥσπερ
511 2009 666 2085 οἶμον
695 2013 811 2079 ἰὼν,
846 2014 940 2068 καὶ
977 2014 1053 2084 μὴ
1099 2013 1218 2066 κατ’
1265 2012 1395 2066 εὐθὺ
1431 2013 1539 2067 τῶν
1574 2012 1882 2083 λεγομένων

296 2107 590 2176 ἐρχόμενος
627 2106 726 2176 τὴν
760 2105 1021 2160 διάνοιαν.
1056 2100 1228 2175 Οἶμαι
1258 2104 1313 2158 δὲ
1341 2105 1450 2160 δεῖν
1493 2106 1551 2159 ὲν
1594 2104 1775 2173 λόγοις
1805 2106 1882 2157 εἰ-

296 2200 442 2260 πεῖν,
478 2195 630 2250 οῦπω
661 2200 773 2261 τοῖς
815 2197 1128 2268 εἰρημένοις
1160 2196 1402 2267 ἀκριϐῶς
1447 2197 1749 2268 ἐπιστήσας
1791 2197 1882 2250 τὸν

296 2285 444 2348 νοῦν,
485 2286 657 2338 οἴεται
697 2286 839 2355 τάχα
864 2303 968 2339 που
1002 2286 1095 2338 τὸν
1124 2285 1350 2357 Κύριον,
1383 2286 1415 2356 ἢ
1446 2287 1584 2356 πρός
1604 2304 1755 2350 τινας
1773 2286 1883 2339 τῶν

295 2377 438 2430 κατὰ
469 2376 567 2446 τὴν
609 2376 870 2430 Ἰουδαίαν
907 2377 1252 2447 ἀγριωτέρας
1282 2376 1636 2446 διαϐήσεσθαι
1665 2377 1879 2448 κώμας,

296 2467 330 2536 ἢ
358 2468 453 2519 καὶ
480 2468 559 2530 εἰς
581 2465 927 2539 ὲτέρουςοῖχε
939 2468 1063 2520 σθαι
1089 2468 1272 2531 λαοὺς,
1298 2468 1347 2520 οἳ
1377 2467 1633 2523 τοσοῦτον
1654 2469 1713 2532 ἐξ
1729 2472 1882 2539 ἀκρι-

299 2557 427 2622 ϐοῦς
456 2559 627 2629 ἀκοῆς
665 2559 1142 2613 ἀποδιακείσονται
1178 2560 1314 2631 πρὸς
1340 2560 1410 2613 τὰ
1433 2561 1563 2631 παρ’
1594 2562 1759 2616 αὐτοῦ
1785 2565 1885 2633 ρη-

298 2648 563 2717 θήσεσθαι
583 2649 869 2718 μέλλοντα,
892 2650 967 2714 ὡς
993 2651 1166 2719 μικρά
1195 2652 1293 2721 μὲν
1316 2651 1510 2723 κομιδῇ
1536 2653 1673 2724 πρὸς
1689 2652 1756 2706 τά
1779 2653 1887 2707 τῶν

294 2739 471 2794 ἄλλων
516 2739 787 2793 Ἰουδαίων
813 2741 1173 2811 τολμήματαο
1201 2742 1334 2795 πολὺ
1361 2743 1418 2796 δὲ
1448 2743 1569 2797 λίαν
1598 2745 1888 2815 ἡμερωτά-

294 2847 395 2899 την
416 2831 516 2899 τὴν
560 2828 791 2882 ἐνοῦσαν
828 2833 942 2892 τοῖς
970 2830 1288 2901 Φαρισαίοις
1336 2831 1616 2896 ἀποδεῖξαι
1663 2832 1881 2902 μανίαν.

294 2922 478 2975 Διάτοι
513 2925 676 2975 τοῦτο
708 2921 1208 2992 κατακολουθήσειν
1227 2923 1686 2995 ἀπαραποδίστως
1710 2926 1884 2990 ἐπαγ-

297 3013 571 3082 γέλλεται,
600 3013 721 3083 οὐχὶ
747 3008 841 3066 οῦν
868 3011 1125 3067 τεθνάναι
1154 3013 1335 3083 μόνον,
1364 3013 1479 3068 ἀλλ’
1505 3016 1553 3065 εἰ
1578 3016 1676 3068 καὶ
1699 3013 1882 3068 τεθνά-

1987 1822 2317 1877 dicebantur
2350 1839 2576 1879 sensum
2603 1832 2920 1880 assecutus.
2947 1824 3107 1890 Quod
3141 1825 3363 1895 quidem
3420 1828 3573 1881 arbi-

1984 1921 2105 1969 tror
2151 1929 2276 1969 eum
2342 1915 2550 1979 dicere,
2621 1914 2767 1985 quod
2823 1931 2949 1969 cum
3003 1917 3247 1971 nondum
3312 1925 3573 1974 accurate

1983 2001 2206 2056 Domini
2261 2003 2612 2058 sermonibus
2670 2004 2914 2057 animum
2974 2006 3358 2076 applicuisset,
3444 2023 3570 2062 eum

1984 2094 2175 2151 forsan
2227 2096 2455 2167 putabat
2502 2096 2587 2151 vel
2634 2097 2702 2150 ad
2752 2096 3091 2153 clIeratiores
3152 2097 3357 2154 Iudaeae
3397 2115 3569 2171 pagos

1985 2187 2372 2250 transiturum,
2414 2187 2498 2242 vel
2552 2188 2619 2241 ad
2676 2188 2818 2244 alios
2876 2191 3110 2260 populos
3176 2192 3567 2262 migraturum,

1984 2280 2079 2349 qui
2131 2280 2251 2348 ejus
2287 2281 2642 2336 sermonibus
2703 2282 2785 2337 sic
2838 2283 3204 2353 exasperandi
3264 2291 3472 2349 essent,
3510 2294 3570 2338 ut

1984 2386 2176 2426 eorum
2254 2372 2514 2439 audacia,
2561 2382 2890 2428 caeterorum
2957 2375 3271 2430 .ludzeorum
3323 2375 3569 2430 audaciae

1986 2470 2302 2532 comparata
2337 2480 2505 2533 parva
2548 2480 2672 2521 esse
2717 2467 3019 2531 videretur,
3057 2476 3111 2523 et
3164 2468 3567 2524 Pharisaeorum

1988 2553 2145 2607 furor
2181 2555 2340 2624 longe
2373 2556 2702 2611 mitissimus
2733 2567 3038 2627 appareret.
3076 2558 3370 2629 Propterea
3410 2575 3571 2616 secu-

1989 2654 2172 2701 turum
2208 2662 2267 2702 se
2298 2648 2531 2703 omnino
2561 2650 2878 2719 pollicetur,
2926 2665 3037 2705 non
3080 2651 3244 2706 modo
3278 2653 3415 2707 mori
3458 2668 3566 2708 non

1988 2738 2328 2804 detrectans,
2358 2739 2453 2794 sed
2486 2741 2532 2795 si
2564 2740 2909 2797 moriendum
2946 2744 3038 2806 sit,
3070 2753 3294 2799 strenue
3339 2744 3392 2800 id
3427 2746 3569 2799 arri-

1989 2828 2161 2898 piens.
2202 2828 2393 2885 Simile
2418 2830 2701 2901 quidpiam
2735 2840 2788 2887 et
2834 2833 2889 2886 in
2952 2835 3336 2903 superioribus
3386 2836 3571 2891 videre

1987 2921 2133 2975 licet.
2186 2920 2445 2978 Christus
2499 2923 2630 2976 olim
2667 2921 2982 2979 Judacorum
3025 2927 3303 2983 vesaniam
3362 2934 3417 2983 et
3476 2929 3570 2983 ira:

1988 3013 2371 3085 impotentiam
2423 3030 2488 3068 ac
2523 3013 2724 3087 lingua:
2779 3016 3140 3085 petulantiam
3195 3016 3471 3082 devitans,
3513 3020 3567 3073 in

297 3122 387 3160 ναι
417 3105 607 3176 δεήσει
635 3107 708 3177 μὴ
743 3106 1049 3162 κατοκνῶν.
1088 3106 1241 3177 Ἔχει
1272 3105 1330 3159 δὲ
1368 3107 1545 3175 τούτῳ
1586 3105 1880 3177 παραπλη-

1985 3106 2207 3162 Galilaaa
2263 3108 2535 3179 degebat,
2586 3109 2774 3179 ibique
2830 3110 3007 3164 multa
3072 3112 3341 3167 miracula
3396 3114 3567 3168 edens

304 3200 452 3262 σίως,
482 3200 574 3252 καὶ
605 3201 662 3252 ὲν
694 3202 809 3263 τοῖς
840 3199 1117 3271 ἀνωτέρω,
1136 3201 1229 3254 καὶ
1246 3201 1369 3255 ὅποι
1388 3198 1549 3253 πάλιν
1578 3199 1707 3270 ἐρῶ.
1732 3200 1881 3271 Παρ-

304 3294 616 3363 αιτούμενος
663 3292 772 3364 γάρ
822 3310 951 3347 ποτε
985 3293 1085 3357 τάς
1130 3292 1237 3347 τῶν
1294 3293 1565 3347 Ἰουδαίων
1629 3292 1882 3363 ἀποπλη-

302 3385 439 3451 ξίας,
468 3385 561 3437 καὶ¹
581 3385 644 3438 τ’)
675 3386 915 3455 ἀκρατὲς
941 3384 1036 3438 τοῦ
1066 3384 1262 3451 θυμοῦ,
1293 3386 1385 3437 καὶ
1417 3383 1478 3436 τὸ
1499 3383 1599 3454 τῆς
1630 3381 1881 3455 γλώττης

298 3474 548 3544 ἐξήνιον,
594 3478 708 3538 τοῖς
757 3474 900 3529 κατά
953 3475 1053 3546 τὴν
1108 3474 1398 3527 Γαλιλαίαν
1448 3471 1879 3545 ὲπεχωρίαζενὸ

300 3567 556 3637 Χριστὸς,
588 3567 759 3621 πολλά
791 3584 849 3620 τε
879 3568 1010 3636 παρ’
1047 3566 1277 3628 ἐκείνοις
1307 3565 1687 3635 τερατουργῶν
1714 3563 1877 3616 ὲθαυ-

300 3657 525 3726 μάζετο.
567 3657 784 3728 Ἐπειδὴ
800 3656 856 3710 δὲ
879 3658 907 3708 6
942 3656 1040 3726 τῆς
1069 3656 1304 3728 Μαριὰμ
1329 3656 1424 3708 καὶ
1460 3657 1488 3708 ὁ
1520 3656 1618 3726 τῆς
1648 3652 1881 3725 Μάρθας

296 3748 561 3820 τέθνηκεν
590 3749 837 3818 ἀδελφὸς,
866 3750 1009 3819 φημι
1037 3748 1101 3820 δή
1122 3749 1211 3802 τὸν
1235 3746 1505 3816 Λάζαρον,
1549 3746 1689 3813 ἔγνω
1719 3745 1880 3799 πάλιν

297 3839 371 3902 ὡς
396 3839 550 3904 Θεὸς,
575 3837 693 3894 εἶτα
714 3841 860 3907 λέγει
889 3844 1000 3903 τοῖς
1026 3840 1295 3911 μαθηταῖς
1317 3856 1328 3868 ·
1355 3858 1373 3890 ι
1399 3838 1649 3909 Λάζαρος
1674 3840 1702 3890 6
1728 3837 1880 3906 φίλος

305 3934 459 4005 ήμῶν
488 3935 833 4005 κεκοίμηται,
869 3933 1005 3988 ἀλλά
1031 3932 1336 4004 πορεύομαι
1368 3932 1458 3985 ἵνα
1489 3930 1762 3995 ἐξυπνίσω
1781 3930 1879 3983 αὐ-

306 4026 410 4079 τόν.
456 4044 474 4076 ι
508 4028 651 4097 Πρὸς
672 4026 731 4079 δὲ
769 4026 929 4079 τοῦτό
964 4043 1128 4093 φασιν
1159 4025 1217 4092 ἐξ
1249 4025 1470 4095 ἀγάπης
1501 4024 1550 4076 oi
1603 4021 1875 4093 μαθηταί·

303 4138 321 4169 ι
357 4113 470 4171 Νῦν
506 4117 734 4189 ἐζήτουν
768 4136 827 4171 σε
885 4118 1128 4172 Ἰουδαῖοι
1172 4118 1426 4179 λιθάσαι,
1457 4117 1552 4170 καὶ
1585 4115 1746 4171 πάλιν
1775 4114 1879 4167 ὑπ-

302 4209 453 4278 άγεις
475 4211 630 4275 ἐκεῖ;
673 4230 691 4261 ι
753 4210 1145 4280 Ἀνισταμένου
1178 4209 1234 4262 δὲ
1255 4209 1348 4262 τοῦ
1379 4208 1617 4278 Χριστοῦ
1640 4249 1654 4271 ,
1697 4208 1791 4261 καὶ
1820 4206 1879 4259 τὸ

302 4302 490 4372 χρῆναι
523 4302 741 4366 πάντως
783 4302 875 4354 ἐπὶ
920 4302 1019 4372 τὴν
1057 4300 1167 4354 τῶν
1210 4301 1480 4354 Ἰουδαίων
1515 4301 1878 4369 ύπονοστῆσαι

302 4392 483 4463 χώραν
508 4392 960 4463 διακελευομένου
993 4410 1051 4466 τε
1079 4394 1173 4446 καὶ
1201 4393 1474 4461 λέγοντος,
1508 4392 1712 4463 Θωμᾶς
1739 4393 1767 4443 6
1792 4392 1879 4443 λε-

1984 3200 2335 3255 admirationi
2386 3202 2603 3258 cunctis
2659 3209 2797 3257 erat.
2844 3202 3062 3257 Mortuo
3121 3220 3251 3259 vero
3297 3204 3480 3259 Maria:
3513 3218 3569 3259 et

1986 3291 2210 3346 Martha:
2243 3291 2416 3348 fratre
2459 3293 2691 3356 Lazaro,
2726 3294 2780 3348 id
2809 3310 3006 3351 rursus
3031 3296 3255 3367 agnovit
3292 3305 3351 3350 ut
3400 3296 3564 3361 Dens,

1983 3383 2214 3453 suisque
2250 3382 2543 3454 discipulis
2572 3385 2712 3439 dixit
2742 3403 2755 3438 :
2796 3404 2814 3436 ι
2855 3384 3098 3441 Lazarus
3131 3388 3344 3441 amicus
3380 3398 3567 3442 noster

1982 3477 2224 3543 dormit,
2260 3478 2352 3533 sed
2407 3477 2548 3531 vado
2604 3486 2719 3533 uta
2754 3494 2951 3533 somno
3005 3481 3239 3535 excitem
3280 3496 3406 3536 eum
3434 3481 3499 3536 ”.
3543 3502 3560 3533 ι

1980 3570 2062 3623 Ad
2095 3569 2242 3640 quod
2273 3570 2530 3640 discipuli
2571 3586 2682 3640 pra:
2713 3571 2984 3639 singulari
3013 3587 3142 3642 erga
3176 3588 3301 3627 eum
3334 3574 3519 3628 studio
3550 3592 3561 3626 :

1987 3682 2007 3717 ι
2046 3663 2207 3718 modo
2239 3663 2557 3733 quwrebant
2603 3674 2657 3718 te
2704 3662 2877 3717 Judaei
2935 3664 3202 3735 lapidare,
3260 3673 3313 3720 et
3366 3666 3563 3720 iterum

1982 3754 2138 3810 vadis
2166 3754 2296 3809 illuc
2318 3754 2407 3807 "’1'
2443 3773 2461 3805 ι
2514 3753 2758 3808 Instante
2801 3769 2932 3808 vero
2967 3755 3209 3819 Christo,
3243 3764 3297 3811 et
3331 3755 3563 3811 redeun-

1980 3845 2110 3901 dum
2150 3860 2276 3900 esse
2299 3844 2353 3898 in
2382 3842 2625 3897 Judacam
2659 3844 2884 3897 omnino
2914 3842 3135 3899 dicente
3195 3860 3258 3899 ac
3308 3844 3561 3915 jubente,
3664 3846 3671 3857 '

1982 3938 2222 3992 Thomas
2262 3937 2355 4007 qui
2382 3936 2667 3992 dicebatur
2702 3936 2987 4007 Didymus,
3023 3937 3148 3991 aliis
3169 3938 3565 4008 condiscipulis

1982 4029 2157 4083 dixit:
2201 4046 2217 4078 ι
2262 4027 2464 4080 Eamus
2491 4034 2545 4080 et
2576 4042 2696 4091 nos,
2750 4037 2811 4081 nt
2841 4028 3147 4081 moriamur
3183 4042 3308 4082 cum
3342 4043 3408 4083 eo
3433 4030 3498 4082 δ’.
3540 4049 3558 4080 ι

1981 4121 2184 4177 Eodem
2220 4128 2475 4190 spectare
2520 4118 2666 4174 Petri
2703 4135 3014 4175 sermonem
3065 4120 3326 4174 arbitror.
3362 4119 3565 4176 Existi-

1982 4220 2094 4267 mat
2127 4213 2273 4267 enim
2300 4210 2511 4275 forsan,
2539 4210 2729 4280 etjam
2766 4211 2879 4265 dixi
2911 4219 3100 4275 antea,
3141 4209 3352 4273 Jcsum,
3383 4211 3565 4265 abitu-

1982 4322 2103 4360 rum
2130 4320 2274 4371 esse,
2319 4314 2376 4358 ut
2403 4304 2549 4373 apud
2602 4305 2742 4358 alios
2777 4302 3061 4374 prazdicet,
3096 4303 3237 4372 apud
3273 4319 3413 4373 quos
3461 4304 3565 4358 im-

1984 4398 2189 4452 mineat
2212 4398 2261 4451 ei
2295 4395 2639 4466 periculum:
2672 4393 2904 4464 ideoque
2953 4396 3069 4465 ipse
3101 4402 3249 4449 totus
3281 4394 3335 4447 in
3382 4393 3565 4447 chari-

305 4486 529 4555 γόμενος
590 4486 819 4557 Δίδυμος
876 4489 989 4549 τοῖς
1040 4486 1251 4557 ἑτέροις
1297 4485 1404 4556 ἔφη
1452 4484 1872 4555 συμμαθηταῖς.

1985 4498 2148 4544 tatem
2177 4487 2407 4553 elTusus,
2445 4497 2711 4541 constans
2746 4494 2801 4541 et
2854 4486 3147 4542 infractum
3191 4486 3259 4541 ad
3292 4488 3395 4541 hoc
3446 4494 3579 4541 stu-'

303 4596 321 4627 ι
346 4578 603 4648 ’Ἄγωμεν
635 4580 729 4631 καὶ
761 4580 943 4650 ἡμεῖς,
988 4579 1074 4632 ἵνα
1105 4579 1469 4647 ἀποθάνωμεν
1501 4579 1617 4648 μετ’
1640 4576 1826 4629 αὐτοῦ.
1853 4597 1871 4628 ι

306 4667 549 4721 Τοιοῦτον
587 4666 740 4740 οἶμαί
763 4688 814 4722 τι
843 4672 938 4732 καὶ
971 4670 1063 4722 τὸν
1088 4670 1196 4724 τῶν
1228 4670 1437 4740 Πέτρου
1475 4670 1735 4741 ῥημάτων
1754 4668 1879 4721 ὠδί-

294 4778 405 4814 νειν
427 4763 648 4816 σκοπόν.
679 4766 864 4817 Οἴεται
906 4762 1015 4833 γὰρ
1054 4763 1217 4826 ἴσως,
1251 4762 1503 4832 καθάπερ
1541 4761 1643 4833 ήδη
1692 4764 1875 4833 προεῖ-

1985 4581 2137 4635 dium
2168 4580 2465 4633 allaturum
2503 4593 2563 4634 se
2588 4577 2904 4648 pollicetur,
2938 4578 3078 4631 nihil
3100 4578 3212 4645 jam
3268 4592 3564 4645 superesse

1985 4671 2176 4726 dicens
2207 4687 2237 4723 a
2270 4684 2380 4739 quo
2410 4668 2689 4738 prohiberi
2726 4670 2898 4738 possit
2922 4669 3221 4738 quominus
3273 4674 3559 4735 sequatur,

1988 4777 2112 4818 cum
2143 4763 2192 4818 ei
2225 4777 2325 4832 pro
2356 4761 2621 4832 magistro
2645 4760 2782 4814 mori
2811 4759 3146 4829 propositum
3183 4758 3275 4814 sit.

297 4871 419 4919 πον,
462 4849 898 4924 ἀποδραμείσθαί
932 4871 1023 4906 ποι
1071 4852 1470 4925 διακηρύξοντα
1503 4854 1595 4905 τὸν
1642 4852 1869 4922 Ἰησοῦν,
1911 4854 2005 4906 καὶ
2028 4852 2358 4907 κινδυνεύειν
2398 4850 2560 4903 αὑτὸν
2634 4850 2764 4919 παρ’
2807 4847 3066 4909 ἐκείνοιςο
3109 4847 3194 4901 διά
3236 4845 3394 4900 τοῦτο
3465 4852 3561 4904 καὶ

295 4945 480 5009 αὐτὸς,
507 4944 739 5015 ἐπείπερ
774 4945 922 4997 ἐστὶν
950 4945 1011 5009 ἐξ
1035 4945 1255 5015 ἀγάπης
1294 4944 1627 5007 ἀκάθεκτος,
1664 4944 1876 5015 ἄμαχόν
1912 4963 2035 4999 τινα
2103 4946 2198 4998 καὶ
2258 4942 2760 5010 δυσανταγώνιστον
2790 4941 2888 5012 τὴν
2935 4940 3014 5002 είς
3055 4938 3214 4992 τοῦτο
3252 4939 3571 5013 προθυμίαν

294 5043 462 5093 οῖσειν
500 5038 929 5107 ἐπαγγέλλεται,
974 5039 1128 5093 οὐδὲν
1159 5038 1238 5092 ἔτι
1282 5037 1562 5102 παντελῶς
1592 5038 1975 5108 ὑπολελεῖφθαι
2003 5041 2174 5109 λέγων
2197 5040 2259 5092 τὸ
2315 5036 2636 5092 διακωλύειν
2671 5036 2874 5105 ἰσχύον,
2937 5033 3112 5088 καίτοι
3169 5034 3396 5091 ἔπεσθαι
3454 5037 3563 5091 δεῖν

296 5132 589 5206 ᾑρημένον,
620 5131 848 5203 ἐπείπερ
878 5131 1026 5202 αὐτῷ
1055 5132 1149 5187 καὶ
1188 5132 1546 5203 προτεθνάναι
1581 5132 1672 5185 τοῦ
1702 5131 2022 5187 διδασκάλου
2046 5134 2267 5195 σκοπός.

380 5223 685 5291 Ἀπεκρίθη
724 5222 885 5287 αὐτῷ
924 5226 957 5275 ό
1007 5222 1271 5289 Ἰησοῦς’
1337 5222 1460 5290 Τὴν
1499 5221 1712 5292 ψυχήν
1762 5240 1879 5276 σου

293 5315 450 5382 ὑπὲρ
487 5314 633 5383 ἐμοῦ
663 5314 909 5383 θήσεις;
956 5313 1154 5383 Ἀμὴν,
1182 5314 1345 5384 ἀμὴν
1370 5313 1529 5385 λέγω
1557 5332 1677 5381 σοι,
1704 5317 1775 5368 οὐ
1792 5314 1877 5384 μὴ

294 5406 563 5476 ἀλέκτωρ
602 5406 870 5477 φωνήσει
896 5449 909 5468 ,
941 5406 1052 5474 ἕως
1085 5404 1154 5462 οὗ
1188 5407 1517 5476 ἀπαρνήσῃ
1540 5423 1615 5477 με
1658 5407 1806 5476 τρίς.

369 5498 611 5562 Μείζονα
645 5500 766 5569 μὲν,
803 5499 835 5569 ἦ
876 5498 997 5552 καθ’
1030 5499 1221 5551 ἑαυτὸν
1258 5501 1286 5552 6
1311 5500 1514 5571 Πέτρος
1548 5498 1880 5567 ἐπαγγέλλεο

205 5658 219 5667 .
295 5608 412 5655 ται,
437 5590 541 5643 κᾶν
561 5590 890 5659 ἀξιάγαστον
917 5589 1017 5663 ἔχῃ
1049 5590 1147 5661 τὴν
1164 5592 1254 5643 ἐπὶ
1283 5590 1461 5660 τούτῳ
1494 5591 1758 5661 σπουδήν
1781 5588 1875 5641 τοῦ

296 5699 363 5750 γε
392 5682 497 5753 μὴν
528 5682 789 5753 ἐσομένου
820 5682 1083 5753 χειμῶνος
1107 5682 1168 5735 τὸ
1189 5683 1409 5753 ἀμειδὲς
1429 5722 1445 5748 ,
1476 5683 1570 5736 καὶ
1599 5682 1878 5736 δύσοιστον

374 5863 420 5895 ³⁹
459 5863 620 5923 Joan.
670 5881 761 5933 XI,
817 5866 902 5922 ll.
978 5869 1023 5903 ὀ
1055 5866 1189 5923 ibid.
1228 5872 1282 5922 8.
1359 5870 1403 5903 ⁴¹
1432 5871 1564 5927 ibid.
1600 5871 1679 5925 lli.

2052 5224 2189 5290 Xlll,
2225 5225 2314 5279 '58.
2341 5221 2630 5291 Respondit
2660 5222 2706 5275 ei
2737 5218 2937 5275 Iesus:
2985 5221 3234 5276 Animam
3278 5230 3425 5275 tuam
3464 5238 3559 5290 pro

1980 5334 2059 5371 me
2080 5318 2279 5384 pones?
2301 5317 2491 5377 Amen,
2525 5330 2677 5367 amen
2706 5314 2823 5367 dico
2854 5313 2966 5380 tibi,
2995 5330 3099 5367 non
3119 5312 3355 5367 cantabit
3379 5312 3559 5384 gallus

1978 5410 2141 5462 donec
2178 5419 2256 5463 ter
2285 5425 2364 5462 me
2396 5424 2569 5478 neges.

2052 5500 2257 5571 Majora
2287 5501 2509 5571 quidem
2544 5514 2709 5571 quam
2763 5497 2942 5569 possit
2992 5496 3189 5553 Petrus
3242 5496 3555 5567 pollicetur,

1980 5593 2237 5666 quamvis
2266 5594 2504 5649 mirifico
2532 5593 2701 5647 animi
2746 5590 2933 5647 studio
2991 5590 3295 5660 praeditus:
3352 5595 3556 5654 tempe-

1981 5688 2141 5744 statis
2178 5687 2540 5744 nihilominus
2568 5686 2945 5750 acerbitatem,
2979 5692 3031 5738 et
3067 5683 3174 5736 vim
3233 5678 3554 5735 tentationis
