4096 6484
583 385 703 445 ’175

1613 380 1674 433 S.
1693 375 1970 434 CYRILLI
1996 377 2464 438 ALEXANDRINI
2503 383 2826 442 ARCHIEP.

3753 387 3786 440 4
3799 386 3854 440 78

597 497 998 556 intolerabilem
1040 509 1104 549 ac
1140 491 1540 566 persecutionis
1566 491 1992 560 iiiagnitudinem
2011 491 2144 547 Chri
2165 522 2178 533 -

2294 497 2377 550 σοῦ
2403 501 2732 570 πειρασμοῦ,
2750 501 2858 556 καὶ
2883 501 2976 558 τοῦ
2992 499 3236 572 διωγμοῦ
3256 499 3316 553 τὸ
3355 495 3591 570 μέγεθος
3613 499 3864 570 ἐννοήσας

599 601 718 646 stus
753 588 901 660 apud
950 603 1009 642 se
1063 594 1349 656 reputans,
1405 593 1570 654 caput
1633 591 1846 639 tantum
1880 583 2044 656 759
2074 600 2182 639 non

600 691 810 747 movet,
844 689 1169 751 tantumque
1199 677 1458 732 allectum
1511 675 1694 730 oculis
1747 676 2057 746 explicans,
2088 676 2184 732 Ju-

601 776 774 829 daicae
805 773 1099 830 dementire
1127 769 1520 826 immanitatem
1566 769 1936 838 perspiciens,
1964 777 2019 825 et
2064 785 2185 840 quae

602 879 735 922 tunc
780 866 1047 937 temporis
1096 870 1358 920 eventura
1413 873 1573 916 erant
1639 863 2010 933 prospiciens,
2076 863 2186 918 tale

602 962 737 1030 quid
777 960 964 1014 forsan
996 957 1290 1012 inclamat:
1336 954 1592 1007 Animam
1645 970 1744 1025 pro
1801 970 1887 1010 me
1919 955 2098 1024 ponis,
2151 971 2184 1010 ο

604 1055 782 1114 ιἐιιο.
821 1062 876 1108 et
919 1048 1147 1122 periculi
1186 1057 1389 1105 metum
1441 1066 1545 1121 pro
1591 1048 1764 1102 nihilo
1814 1048 2007 1110 habes.
2040 1064 2104 1104 ac
2135 1055 2186 1104 te

604 1152 989 1215 superaturum
1021 1140 1154 1194 illud
1179 1141 1510 1196 existimas"?
1538 1141 1609 1193 At
1640 1139 1826 1195 nescis
1853 1141 2183 1210 gravitatem

605 1233 951 1294 tentationis,
985 1247 1088 1286 nec
1119 1231 1269 1285 enim
1303 1230 1596 1299 potestatis
1628 1230 1681 1282 in
1711 1228 1967 1300 patiendi
1988 1243 2188 1299 propo-

606 1328 732 1390 situ,
767 1325 860 1380 sed
893 1323 990 1376 tibi
1023 1322 1111 1377 vel
1143 1321 1352 1377 nolenti
1385 1321 1572 1374 animo
1621 1319 1855 1399 deficere
1882 1319 2184 1389 continget,

603 1426 658 1471 et
693 1415 917 1486 negabis
950 1429 1035 1467 uie
1083 1423 1185 1476 ter,
1223 1411 1584 1482 idque-nocte
1645 1424 1774 1464 una.
1832 1407 1948 1463 lloc
1997 1407 2186 1463 Jesum

603 1509 789 1563 dicere
815 1506 954 1561 velle
987 1503 1326 1559 credendum
1357 1510 1461 1558 est.
1495 1500 1602 1556 Sed
1635 1515 1815 1570 Opera:
1845 1501 2081 1571 pretium
2104 1508 2190 1554 est

607 1603 695 1656 hic
722 1614 943 1670 quoque
975 1612 1170 1652 rursus
1197 1595 1320 1666 ejus
1346 1609 1476 1665 erga
1507 1609 1608 1649 nos
1642 1594 1826 1647 mirari
1854 1592 2183 1647 bonitatem:

2284 590 2312 643 ὁ
2341 590 2597 662 Χριστὸς,
2627 593 2912 662 μονονουχὶ
2943 593 3222 647 κατασείει
3244 591 3344 663 τὴν
3369 593 3620 662 κεφαλὴν
3641 632 3657 655 ,
3679 593 3796 647 ὃλον
3815 595 3866 648 δέ

2285 675 2475 748 ὥσπερ
2510 679 2567 732 ἐν
2600 678 2899 750 ὀφθαλμοῖς
2920 681 3182 744 ἁπλώσας
3203 680 3266 734 τὸ
3294 682 3486 745 πάθος,
3511 683 3616 736 καὶ
3642 681 3866 752 τῆςΊου-

2285 767 2451 822 δαίων
2487 769 2674 834 ἀνοίας
2702 769 2986 842 θεωρήσας
3018 773 3118 843 τὴν
3141 771 3467 843 ὑπερϐολὴν,
3491 772 3865 843 διασιωπήσας

2276 859 2342 912 -δὲ
2365 859 2434 912 τὰ
2474 861 2709 932 ἐσόμενα
2737 863 2860 916 κατ’
2889 863 3066 917 ἐκεῖνο
3109 863 3334 934 καιροῦ,
3370 862 3513 934 τάχα
3544 874 3606 915 ’τι
3639 863 3864 918 τοιοῦτον

2286 951 2562 1021 ἀναφωνεῖ
2583 970 2596 983 ·
2631 953 2744 1024 Τὴν
2771 955 2969 1026 ψυχήν,
2993 949 3038 1008 ὧ
3079 955 3251 1026 Πέτρε
3271 995 3290 1032 ,__
3319 955 3458 1025 ὑπὲρ
3493 953 3640 1025 ἐμοῦ
3685 954 3861 1020 τίθεις,

2288 1043 2382 1095 καὶ
2413 1041 2476 1096 τὸ
2506 1039 2671 1114 μηδὲν
2700 1040 2841 1098 εἶναι
2871 1045 2977 1117 φὴς
3002 1045 3093 1099 τὸν
3119 1045 3213 1098 ἐπὶ
3242 1045 3447 1098 τούτων
3483 1044 3690 1112 φόϐονο
3715 1045 3793 1097 ὅτι
3815 1062 3863 1098 τε

2289 1133 2556 1204 κρείττων
2602 1134 2702 1208 ἔσῃ
2745 1135 2854 1190 τῶν
2889 1137 3165 1207 ἐσομένων
3216 1136 3664 1207 ύπολαμὸἀνεις;
3722 1137 3863 1190 Ἀλλὰ

2288 1225 2382 1278 τοῦ
2410 1227 2720 1298 πειρασμοῦ
2750 1227 2812 1281 τὸ
2837 1228 3001 1302 βάρος
3031 1229 3132 1282 οὐκ
3163 1229 3472 1282 ἐπίστασαι·
3510 1229 3577 1281 ού
3615 1227 3728 1300 γὰρ
3753 1230 3866 1298 ἀρα·

2293 1321 2463 1392 ρότως
2499 1322 2852 1392 προκείσεται
2881 1323 2941 1376 τὸ
2964 1321 3177 1386 παθεῖν,
3211 1324 3297 1376 σοὶ
3347 1322 3404 1375 δὲ
3437 1321 3498 1376 τὸ
3544 1323 3865 1393 μικροψυχῆ-

2293 1429 2382 1465 σαι
2403 1413 2549 1476 λίαν,
2583 1414 2678 1468 καὶ
2716 1415 2814 1484 οὐχ
2836 1415 3016 1468 ἑκοντὶ
3046 1414 3408 1485 συμϐήσεται,
3427 1411 3530 1467 καὶ
3566 1415 3778 1486 ἀρνήσῃ
3807 1433 3862 1485 με

2287 1505 2430 1574 τρὶς.
2462 1506 2555 1559 καὶ
2587 1507 2646 1559 ἐν
2670 1507 2824 1560 νυκτὶ
2849 1505 3006 1560 τοῦτο
3035 1506 3168 1560 αὐτὸ
3215 1507 3334 1577 μιᾷ.
3387 1507 3562 1559 Ταυτί
3604 1524 3722 1569 πως
3769 1506 3863 1558 οίε-

2293 1596 2415 1650 σθαι
2441 1597 2619 1667 λέγειν
2667 1597 3039 1668 ὑποτοπητέον
3084 1597 3176 1652 τὸν
3219 1598 3448 1667 ἰησοῶ.
3489 1597 3788 1668 Θαυμάσαι
3813 1615 3864 1666 γε

608 1709 732 1747 nam
762 1707 886 1744 cum
909 1689 1069 1759 prius
1092 1688 1327 1742 dixisset
1350 1685 1840 1741 vehementissimo
1860 1685 1979 1752 ejus
2002 1683 2188 1739 studio

2295 1689 2402 1760 μὴν
2432 1690 2536 1744 κάν
2558 1689 2732 1760 τούτῳ
2770 1689 2833 1760 δὴ
2886 1689 3051 1743 πάλιν
3089 1689 3187 1760 τὴν
3232 1687 3458 1742 ἐνοῦσαν
3489 1688 3648 1758 αὐτῷ
3697 1690 3864 1758 φιλαν-

608 1784 776 1840 animi
808 1783 921 1836 vim
957 1796 1067 1834 non
1093 1793 1512 1850 responsuram,
1549 1776 1646 1833 sed
1700 1776 2065 1837 defectorum,
2124 1789 2189 1830 ac

2294 1778 2540 1847 θρωπίαν
2573 1779 2758 1846 ἄξιον·
2796 1778 3144 1851 προειρηκὼς
3171 1779 3300 1852 γάρ,
3341 1781 3424 1834 ὅτι
3471 1781 3560 1851 τῷ
3603 1781 3743 1850 τόνῳ
3781 1781 3865 1850 τῆς

608 1886 759 1944 terga
786 1874 1069 1937 daturum,
1102 1869 1237 1924 adeo
1277 1880 1336 1923 ut
1367 1869 1434 1924 ad
1463 1869 1644 1923 solum
1698 1867 1933 1938 periculi
1979 1876 2185 1920 metum

2294 1872 2521 1942 ἐνούσης
2573 1871 2724 1941 αὐτῷ
2769 1871 3102 1943 προθυμίας,
3148 1874 3182 1942 ή
3213 1873 3313 1942 τῆς
3343 1872 3528 1942 ,ψυχῆς
3562 1873 3666 1942 οὐχ
3693 1873 3862 1941 ἕψεται

607 1983 668 2022 se
703 1972 1006 2036 negaturus
1040 1963 1147 2024 sit,
1200 1961 1342 2016 nihil
1391 1961 1780 2016 interminatus
1826 1969 1932 2014 est.
1977 1957 2190 2012 Idcirco

608 2074 708 2114 nec
741 2059 794 2113 in
825 2057 1069 2111 divinam
1097 2054 1232 2108 iram
1263 2051 1740 2115 incursurumait,
1767 2065 1948 2120 neque
1971 2063 2189 2120 poenam

607 2147 753 2219 quod
806 2145 1126 2200 humanitus
1162 2154 1484 2198 eventurum
1513 2141 1563 2196 id
1598 2143 1647 2196 ei
1708 2149 1877 2206 esset,
1934 2141 2188 2196 intentat.

613 2239 834 2294 Sciebat
862 2237 1008 2292 enim
1040 2235 1313 2290 inﬁrmam
1345 2233 1528 2287 adlmc
1579 2248 1702 2288 esse
1756 2242 2031 2297 naturam,
2089 2247 2193 2287 nec

609 2328 804 2384 mortis
839 2327 1016 2383 minas
1041 2325 1189 2382 ferre
1221 2340 1405 2395 posse.
1442 2321 1702 2379 Nondum
1735 2324 1880 2379 enim
1913 2339 2012 2394 per
2071 2323 2192 2393 ejus

611 2420 1078 2478 resurrectionem
1112 2419 1398 2489 abrogata,
1435 2427 1767 2471 cunctorum
1802 2424 2038 2471 mentem
2068 2430 2193 2486 pre-

609 2513 813 2578 mebat,
843 2513 1073 2581 soloque
1099 2518 1252 2565 metu
1287 2510 1374 2565 vel
1411 2507 1774 2564 fortissimum
1832 2521 2106 2577 quemque
2139 2515 2192 2562 et

607 2604 1040 2661 audacissimum
1075 2600 1328 2671 frangere
1367 2600 1511 2670 potis
1546 2608 1688 2654 erat.
1737 2596 1945 2652 Natura
1991 2597 2194 2668 quippe

610 2707 810 2769 prazter
841 2703 1099 2749 naturam
1161 2699 1394 2747 mortem
1440 2691 1683 2761 patiens,
1733 2691 1785 2744 ei
1840 2687 1986 2744 cedit
2021 2695 2080 2742 ut
2117 2689 2194 2742 vi-

611 2785 794 2848 ctrici,
825 2785 934 2839 imo
963 2797 1094 2837 vero
1123 2792 1255 2836 tunc
1294 2779 1550 2836 cedebat.
1579 2777 1687 2834 Sed
1720 2794 1750 2832 a
1771 2788 1963 2833 nostro
1995 2774 2196 2830 Serva-

611 2888 728 2932 tore
750 2873 1027 2946 perruptis
1058 2871 1208 2926 illius
1252 2870 1494 2924 vinculis
1527 2869 1716 2924 suavis
1748 2867 1890 2932 facta
1934 2873 2020 2922 est
2067 2865 2196 2920 dili-

611 2968 869 3040 gentibus
899 2963 1205 3028 Christum,
1230 2963 1364 3017 licet
1390 2960 1586 3016 acerbe
1617 2958 1840 3014 invadat
1869 2976 1881 3011 :
1909 2957 2031 3026 ejus
2051 2956 2194 3012 enim

613 3061 736 3114 loco
765 3066 970 3113 aeterna
1011 3055 1122 3110 vita
1159 3054 1456 3120 successit,
1480 3051 1856 3122 corruptionis
1887 3049 2196 3106 dissolvens

614 3152 932 3222 imperium.
972 3145 1145 3203 Nemo
1171 3153 1367 3200 autem
1413 3144 1501 3199 hic
1538 3160 1734 3200 rursus
1767 3143 2047 3200 existimet
2098 3140 2198 3196 Pc-

2292 1957 2543 2028 δύναμις,
2591 1957 2810 2012 όκλάσει
2841 1975 2905 2026 γε
2947 1958 3053 2029 μὴν
3078 1999 3092 2022 ,
3125 1957 3221 2010 καὶ⁵
3249 1957 3558 2010 ὑπενδώσει
3605 1956 3860 2018 τοσοῦτον,

2293 2048 2435 2103 ὥστε
2469 2052 2564 2103 καὶ
2598 2050 2734 2121 πρὸς
2771 2049 2930 2120 μόνον
2959 2051 3214 2104 ἀπειπεῖν
3241 2051 3335 2105 τὸν
3360 2051 3458 2103 τοῦ
3498 2051 3750 2105 κινδύνου
3782 2051 3862 2118 (96'-

2294 2139 2409 2206 δον,
2441 2139 2594 2193 οὐδὲν
2624 2140 2984 2210 ἐπηπείλησε,
3017 2141 3108 2194 διὰ
3135 2139 3295 2194 τοῦτο
3320 2139 3505 2211 τυχὸν,
3537 2141 3619 2203 ὡς
3642 2141 3747 2193 οὐδ’
3776 2139 3861 2192 ὑπὸ

2293 2228 2443 2282 Θείαν
2472 2228 2625 2282 ἔσται
2659 2229 2873 2301 κίνησιν
2912 2229 3083 2298 λέγει.
3114 2231 3225 2283 Καὶ
3261 2229 3350 2284 διὰ
3371 2230 3533 2283 ποίαν
3568 2229 3764 2284 αἰτίαν.
3797 2269 3808 2282 .
3846 2267 3857 2282 .

2297 2409 2520 2463 παθόντι
2549 2409 2608 2464 δέ
2631 2427 2682 2462 τι
2709 2410 2817 2463 τῶν
2842 2411 3229 2482 ἀνθρωπίνων,
3269 2413 3372 2466 ούκ
3405 2412 3750 2467 ἐπανατείνει
3779 2411 3858 2482 τήν

2295 2500 2537 2556 κόλασιν.
2582 2501 2737 2572 ’ῌδει
2783 2501 2892 2573 γὰρ
2927 2501 3262 2557 ἀσθενοῦσαν
3296 2502 3377 2557 ἐτι
3415 2503 3518 2574 τήν
3561 2502 3724 2572 φύσιν
3745 2543 3759 2568 ,
3783 2502 3860 2555 καὶ

2295 2595 2356 2647 ού
2391 2594 2697 2665 δυναμένην
2746 2595 2992 2663 ἐνεγκεῖν
3041 2593 3136 2647 τοῦ
3193 2594 3428 2649 θανάτου
3474 2597 3580 2668 τὴν
3629 2595 3856 2664 ἀπειλήν.

2297 2683 2462 2737 Οῦπω
2487 2683 2617 2754 γὰρ,
2641 2684 2795 2737 οῦπω
2830 2686 3247 2757 κατηργημένος
3286 2687 3374 2740 διὰ
3402 2689 3504 2758 τῆς
3537 2687 3860 2748 ἀναστάσεως

2297 2774 2461 2828 αὐτοῦ
2487 2817 2502 2840 ,
2550 2777 2652 2847 τῆς
2703 2776 2961 2831 ἀπάντων
3007 2775 3248 2842 διανοίας
3297 2779 3755 2850 κατεθρασύνετο,
3783 2778 3859 2832 καὶ

2299 2867 2481 2932 ἱκανὸς
2510 2863 2580 2939 ἦν
2614 2867 2715 2936 ἔτι,
2748 2869 2843 2922 καὶ
2877 2869 3023 2939 μόνῳ
3055 2869 3391 2941 συνθραῦσαι
3420 2871 3500 2942 τῷ
3529 2870 3859 2943 δειματι,καὶ

2297 2956 2387 3011 τὸν
2419 2958 2626 3030 σφόδρα
2650 2960 2918 3022 νεανικὸν,
2947 2959 3044 3014 καὶ
3072 2961 3246 3015 δεινὸν
3289 2963 3370 3027 εἰς
3407 2964 3724 3036 εὐτολμίαν.
3762 2962 3857 3016 Πα-

2299 3049 2465 3103 θοῦσα
2493 3048 2602 3121 γὰρ
2624 3050 2775 3121 παρά
2815 3050 2976 3120 φύσιν
3004 3054 3036 3123 ή
3067 3054 3228 3122 φύσις
3252 3054 3342 3109 τὸν
3371 3055 3627 3123 θάνατον,
3649 3057 3723 3118 ὡς
3740 3071 3858 3107 νενι-

2298 3143 2492 3213 κηκότι
2531 3147 2873 3216 παραχωρεῖ,
2899 3145 3099 3215 μᾶλλον
3118 3147 3177 3200 δέ
3206 3147 3521 3219 παρεχώρει
3552 3149 3692 3202 τότε.
3719 3145 3857 3217 Anap-

615 3251 762 3297 trum
787 3241 858 3296 ob
889 3239 1098 3295 Christi
1126 3237 1338 3292 dictum
1373 3251 1626 3305 negasse.
1683 3243 1849 3306 atque
1878 3236 2063 3291 animo
2097 3234 2191 3292 de-

2300 3235 2560 3305 ρἡαντος
2587 3239 2646 3292 δὲ
2699 3238 2793 3291 τοῦ
2833 3237 3088 3311 Σωτῆρος
3127 3240 3288 3311 ήμῶν
3332 3241 3400 3294 τά
3447 3241 3664 3297 ἐκείνου
3688 3237 3856 3309 δεσμὰ,

617 3333 848 3398 fecisse;
877 3346 977 3385 nec
1017 3329 1161 3385 enim
1192 3324 1578 3382 necessitatem
1611 3326 1778 3381 ullam
1810 3327 2062 3396 imponit,
2099 3334 2196 3382 aut

617 3426 686 3480 ad
720 3427 834 3481 lucc
866 3422 1219 3492 suscipienda
1251 3421 1300 3475 vi
1331 3420 1583 3491 impellit,
1618 3418 1716 3474 sed
1762 3420 1907 3490 quod
1959 3429 2019 3475 ut
2050 3419 2195 3477 Deus

617 3517 809 3589 procul
837 3515 1003 3570 dubio
1036 3511 1285 3568 futurum
1335 3512 1508 3574 novit,
1569 3509 1700 3565 illud
1748 3511 2021 3581 discipulo
2057 3528 2196 3584 pra:-

617 3611 768 3665 dicit.
799 3607 1072 3675 Quoniam
1103 3617 1286 3660 autem
1327 3621 1450 3676 qua:
1494 3604 1778 3661 veteribus
1817 3606 2192 3671 contigerunt,

615 3704 681 3758 ad
713 3711 1063 3776 posterorum
1103 3695 1531 3752 admonitionem
1584 3695 1797 3765 scripta
1849 3697 2064 3761 sunt“,
2099 3713 2197 3767 age

507 3832 528 3848 ο
616 3797 867 3854 nonnihil
898 3795 1153 3850 utilitatis
1180 3809 1246 3848 ex
1280 3792 1386 3846 hoc
1417 3792 1599 3861 capite
1636 3791 2048 3860 depromamus.
2074 3790 2194 3847 Non

615 3892 871 3948 existimo
901 3898 1113 3945 temere
1163 3883 1426 3956 quiddam
1457 3883 1658 3939 debere
1688 3897 1791 3937 nos
1822 3881 1932 3938 Deo
1965 3883 2198 3955 promit-

616 3993 765 4045 tere,
824 3996 926 4036 uec
972 3975 1118 4049 quod
1172 3976 1320 4030 vires
1370 3971 1646 4028 interdum
1703 3979 1923 4028 nostras
1981 3973 2197 4028 excedit

617 4071 936 4127 faciendum
970 4068 1239 4138 recipere.
1293 4063 1455 4135 quasi
1513 4077 1694 4118 rerum
1748 4071 1992 4133 potestas
2027 4078 2196 4134 penes

618 4181 720 4219 nos
755 4164 849 4225 sit.
897 4175 1021 4216 cum
1083 4173 1180 4229 spe
1229 4162 1418 4210 nostra
1469 4155 1790 4224 plerumque
1842 4155 2194 4210 frustremur.

615 4253 830 4323 Alioqui
860 4248 1118 4320 superbia
1155 4260 1348 4301 carere
1396 4258 1506 4298 non
1567 4243 1806 4298 arbitror
1857 4245 1930 4297 ita
1987 4243 2193 4311 dicere,

619 4346 732 4401 lloc
751 4343 1054 4416 perficiam,
1092 4348 1185 4393 aut
1210 4336 1367 4391 illud.
1393 4334 1448 4389 ln
1469 4335 1726 4391 omnibus
1754 4335 1898 4391 enim
1924 4351 2045 4406 quae
2072 4336 2197 4406 quis

616 4437 826 4510 agenda
853 4433 1018 4506 760
1060 4430 1164 4488 sibi
1198 4428 1564 4500 proposuerit.
1605 4426 1738 4483 illud
1785 4428 2021 4482 maxime
2060 4444 2196 4498 prae-

616 4523 945 4580 mittendum
989 4517 1135 4590 quod
1172 4517 1309 4570 dixit
1352 4515 1801 4587 sapientissimus
1848 4516 2189 4587 discipulus:

2299 3326 2501 3396 γλυκὺς
2549 3329 2935 3399 ἀναπέφανται
2971 3334 3084 3395 τοῖς
3118 3332 3376 3400 ἀγαπιῖισι
3414 3334 3679 3404 Χριστὸν,
3713 3334 3756 3385 εί
3782 3330 3857 3384 καὶ

2297 3420 2514 3493 προσίοι
2544 3423 2790 3494 πικρῶς·
2841 3424 3232 3495 ἀντεισϐέϐηκε
3279 3425 3446 3498 γάρή
3485 3426 3707 3488 αἰώνιος
3741 3422 3856 3492 ζωὴ.

2297 3514 2359 3568 τὸ
2383 3515 2484 3584 τῆς
2516 3516 2722 3590 φθορᾶς
2756 3517 3112 3589 παραλύουσα
3145 3518 3368 3590 κράτος.
3402 3520 3618 3574 υίέσθω
3637 3520 3690 3572 δὲ
3719 3516 3855 3570 πάλιν

2298 3607 2536 3662 ἐνταῦθα
2587 3610 2778 3681 μηδεὶς
2822 3611 3094 3681 ὴρνῆσθαί
3126 3629 3186 3665 τε
3225 3611 3321 3665 καὶ
3362 3613 3630 3685 ἀτονῆσαι
3660 3611 3744 3664 τὸν
3771 3608 3855 3662 Πέδ

2297 3715 2444 3768 τρον,
2471 3698 2558 3754 διὰ
2590 3701 2650 3754 τὸ
2681 3701 2834 3772 ῥῆμα
2857 3701 3132 3774 Χριστοῦ·
3187 3704 3251 3756 ού
3289 3702 3397 3776 γὰρ
3437 3705 3686 3775 ἀνάγκην
3709 3703 3855 3754 ἐπιτι-

2298 3786 2434 3850 θεὶς,
2461 3788 2575 3842 ἀλλ’
2589 3790 2712 3843 οὐδὲ
2739 3793 2802 3844 ἐκ
2825 3791 2947 3861 βίας
2967 3792 3141 3847 ἕλκων
3159 3797 3243 3859 είς
3265 3795 3326 3848 τὸ
3348 3793 3545 3849 παθεῖν
3563 3794 3632 3848 τὰ
3657 3787 3854 3846 τοιαῦτα

2297 3896 2464 3950 φησιν
2483 3895 2499 3912 ο
2539 3881 2653 3935 ἀλλ’
2681 3884 2818 3955 ὅπερ
2846 3881 3008 3949 οἶδεν,
3032 3886 3107 3950 ὡς
3135 3886 3289 3952 Θεὸς,
3323 3887 3545 3952 πάντως
3585 3887 3678 3940 καὶ
3699 3885 3851 3952 ἀναμ-

2298 3969 2538 4038 φιλόγως
2575 3973 2833 4044 ἐσόμενον
2865 3977 3123 4049 προλέγει
3160 3978 3236 4050 τῷ
3281 3979 3523 4051 μαθητῇ.
3575 3976 3779 4044 Ἐπειδὴ
3805 3972 3850 4026 δὲ

2294 4061 2364 4116 τὰ
2387 4065 2496 4125 τοῖς
2542 4064 2922 4138 ἀρχαιοτέροις
2963 4070 3372 4141 συμϐεὸηκότα,
3429 4071 3570 4141 πρὸς
3600 4065 3851 4123 νουθεσίαν

2296 4151 2404 4205 τῶν
2435 4155 2553 4224 μετ’
2585 4155 2785 4222 αὐτοὺς
2813 4159 3249 4230 ἀναγέγραπται,
3301 4161 3432 4232 φέρε
3460 4161 3525 4233 δή
3559 4177 3613 4214 τι
3635 4157 3850 4224 λέγωμεν

2296 4243 2406 4298 τῶν
2439 4247 2755 4314 ἀναγκαίων
2782 4251 2862 4313 εἰς
2889 4249 3077 4320 ὄνησιν
3116 4255 3181 4305 ἐκ
3206 4251 3300 4306 τοῦ
3332 4251 3632 4320 κεφαλαίου
3660 4259 3849 4310 κεκινη-

2301 4336 2472 4406 μένοι.
2505 4338 2580 4390 υύ
2611 4339 2719 4410 γάρ
2769 4336 2920 4412 οἶμαι
2955 4341 3066 4395 δεῖν
3092 4342 3529 4411 ἐπαγγέλλεσθαι
3568 4360 3621 4395 τι
3660 4331 3848 4408 προχείο

2301 4445 2409 4498 ρως
2441 4429 2518 4500 τῷ
2555 4429 2694 4502 Θεῷ,
2728 4433 2849 4486 ούδέ
2883 4425 3185 4503 κατορθοῦν
3226 4435 3604 4506 ὑπισχνεῖσθαι
3639 4433 3698 4487 τὸ
3731 4427 3848 4494 ὑπὲρ

2297 4519 2526 4591 δύναμιν
2547 4522 2658 4577 ἐσθ’
2691 4525 2779 4578 ὅτε
2800 4567 2815 4592 ,
2843 4525 2918 4589 ὡς
2944 4525 3466 4591 κατεξουσιάζοντας
3485 4529 3594 4582 τῶν
3621 4516 3848 4594 πραγμά’

616 4617 670 4672 Si
707 4614 972 4670 Dominus
994 4611 1261 4675 voluerit,
1293 4618 1387 4674 et,
1414 4610 1459 4664 si
1508 4607 1834 4664 vixerimus.
1874 4607 2191 4680 Promptum

2297 4627 2427 4676 των,
2449 4613 2541 4666 καὶ
2558 4613 2717 4667 τοῦτό
2739 4632 2880 4686 φημι
2906 4618 3043 4688 πρὸς
3065 4618 3134 4670 τὰ
3157 4619 3222 4671 ἐκ
3241 4619 3341 4697 τῇς
3365 4619 3664 4689 ἀποτυχίας
3679 4609 3846 4681 ἐγκλή·

611 4712 814 4778 quippe
841 4706 979 4761 bene
1006 4702 1200 4772 agendi
1233 4699 1474 4757 studium
1511 4699 1726 4768 piorum
1773 4698 1975 4755 animis
2005 4700 2188 4755 inesse

2301 4719 2448 4772 ματα
2477 4703 2712 4773 βλέπων.
2769 4706 2977 4770 Ἄλλως
3008 4724 3068 4760 τε
3097 4711 3191 4762 καὶ
3221 4709 3522 4780 ὑπεροψίας
3559 4710 3656 4763 οὐκ
3693 4701 3843 4770 ἀπηλ-

611 4801 812 4856 debere
841 4797 952 4861 aio,
987 4793 1319 4864 virtutisque
1355 4799 1474 4845 toto
1508 4790 1697 4844 animo
1724 4790 1967 4846 colenda:
1995 4791 2191 4846 volun-

2297 4793 2490 4864 λάχθαι
2509 4796 2712 4866 νομίζω
2730 4797 2791 4850 τὸ
2813 4798 3211 4872 προαλέστερον
3229 4802 3423 4865 εἰπεῖν,
3441 4802 3523 4854 ὅτι
3547 4793 3844 4868 κατορθώσω

613 4899 797 4954 tatem,
827 4890 972 4942 viam
1027 4893 1210 4940 autem
1271 4897 1463 4938 eorum
1513 4881 1853 4952 agendorum
1913 4897 1945 4937 a
2001 4883 2187 4939 divina

2294 4886 2416 4940 τόδε
2445 4905 2499 4940 τι
2527 4890 2711 4959 τυχὸν,
2745 4890 2778 4960 ἢ
2825 4891 3055 4946 τόδεντι.
3103 4894 3214 4946 Καὶ
3252 4893 3360 4964 γὰρ
3393 4895 3480 4963 ἐφ’
3518 4896 3746 4950 ἅπασιν,
3775 4877 3842 4942 οἷς

611 4983 863 5040 bonitate
886 4977 1200 5050 petendam.
1241 4991 1350 5031 non
1398 4983 1604 5029 temere
1637 4973 1800 5043 quasi
1852 4974 1998 5030 illam
2052 4976 2106 5031 in
2139 4989 2191 5032 te

2294 4978 2358 5032 ἄν
2413 4996 2497 5044 τις
2532 4979 2727 5050 δρᾶσαι
2782 4981 3061 5053 προέλοιτο
3110 4985 3204 5038 καὶ
3255 4983 3510 5055 βούληται
3550 4973 3839 5050 κατορθοῦνν

613 5073 816 5128 habeas
843 5069 1112 5141 polliceri.
1151 5065 1248 5121 Sic
1278 5065 1425 5121 enim
1445 5077 1632 5118 veram
1662 5063 1716 5117 in
1747 5065 2002 5122 omnibus
2030 5067 2190 5124 bonis

2294 5069 2465 5123 ἐκεῖνο
2494 5070 2727 5141 μάλιστα
2753 5072 2835 5126 δεῖ
2860 5075 3079 5142 φωνεῖν,
3101 5077 3239 5147 ὅπερ
3271 5076 3492 5146 εἴρηκεν
3511 5076 3541 5128 ό
3564 5069 3840 5140 σοτὼτατος

610 5165 1032 5236 promissionem
1088 5159 1198 5216 Deo
1257 5155 1626 5222 servabimus,
1669 5164 1724 5210 et
1753 5167 1911 5212 extra
1969 5161 2187 5231 culpam

2294 5159 2542 5232 μαθητής
2620 5162 2745 5214 Ἐὰν
2772 5163 2800 5215 ό
2827 5162 3030 5234 Κύριος
3053 5163 3206 5238 θέλῃ,
3233 5166 3327 5218 καὶ
3348 5165 3622 5236 ζήσωμεν.
3657 5153 3837 5230 Προθυ-

609 5258 800 5328 pedem
832 5255 1178 5316 habebimus,
1217 5255 1277 5303 ut
1325 5246 1642 5304 Gnecorum
1697 5247 1889 5303 tritum
1927 5259 2012 5306 est
2058 5267 2186 5320 pro-

2294 5253 2418 5324 μίαν
2451 5253 2554 5324 μὲν
2602 5254 2709 5325 γὰρ
2747 5255 2846 5326 τὴν
2895 5256 3243 5328 ἀγαθουργὸν
3275 5275 3418 5328 φημι
3457 5259 3568 5312 δεῖν
3617 5253 3728 5312 ταῖς
3745 5242 3836 5298 τῶν

605 5351 814 5406 verbio.
875 5345 1094 5416 Alioqui
1158 5341 1335 5399 satius
1399 5349 1485 5396 est
1550 5355 1663 5395 non
1737 5356 1937 5398 vovere
1990 5343 2187 5413 alicui,

2294 5345 2552 5415 φιλοθέων
2585 5348 2784 5402 ἐνεῖναι
2817 5347 3038 5418 ψυχαῖς,
3075 5349 3169 5403 καὶ
3212 5350 3272 5403 τὸ
3314 5350 3610 5421 κατορθοῦν
3655 5339 3834 5396 ἐθέλειν

604 5459 768 5516 quam
803 5455 1026 5502 vovere,
1055 5445 1110 5492 et
1145 5450 1253 5491 non
1287 5433 1520 5488 reddere
1543 5432 1613 5486 ".

2294 5438 2384 5509 τὴν
2415 5436 2616 5509 ἀρετὴν
2652 5437 2711 5504 ἐξ
2754 5439 2882 5510 ὅλης
2938 5439 3120 5512 ἰσχύος
3162 5442 3500 5511 ἐπείγεσθαι,
3555 5439 3650 5508 τὴν
3677 5433 3728 5486 δὲ
3757 5423 3833 5478 ἐπὶ
3896 5472 3899 5473 ν

609 5539 808 5599 τούτοις
839 5533 958 5587 ὁδὸν
981 5529 1068 5583 διὰ
1088 5528 1188 5600 τὴν
1226 5527 1432 5582 ἀνωθεν
1473 5529 1706 5594 ἐξαιτεῖν
1747 5535 2059 5606 εὐμένειαν,
2114 5540 2212 5609 οὐχ
2288 5538 2363 5602 ὡς
2405 5537 2600 5608 ἔχοντα
2651 5537 2905 5609 πρωλῶς
2959 5539 3415 5608 ἐπαγγέλλεσθαι.
3485 5533 3702 5607 Ἀψευδῆ
3743 5522 3835 5594 γὰρ
3899 5576 3914 5594 .

607 5634 740 5687 λῦτω
776 5627 854 5698 τῷ
885 5623 1007 5693 Θεῷ
1044 5623 1140 5692 τὴν
1174 5621 1259 5691 ἐφ’
1287 5623 1459 5678 ἅπασι
1498 5627 1608 5690 τοῖς
1649 5628 1892 5700 ἀρίστοις
1935 5635 2268 5704 ἐπαγγελίαν
2295 5635 2628 5706 τηρήσομεν,
2693 5633 2798 5698 ἐξω
2819 5652 2879 5688 τε
2907 5637 3044 5690 πόδα
3068 5635 3245 5700 αἰτίας
3300 5635 3513 5707 ἕξομεν,
3577 5627 3709 5684 κατὰ
3757 5617 3833 5673 τδν

608 5726 727 5796 παρ’
765 5721 992 5790 Ἕλλησι
1010 5717 1188 5786 λόγον.
1227 5717 1381 5772 Ἔστι
1423 5720 1482 5774 δὲ
1516 5722 1608 5775 καὶ
1641 5724 1844 5797 ἑτέρως
1882 5727 2084 5796 ἀγαθὸν
2118 5730 2177 5782 τὸ
2215 5731 2288 5800 μή
2315 5728 2579 5796 εὔξασθαί
2602 5745 2766 5793 τισιν,
2795 5727 2828 5798 ἢ
2855 5725 3138 5795 εὔξασθαι,
3175 5727 3269 5783 καὶ
3305 5728 3380 5799 μὴ
3409 5723 3710 5782 ἀποδοῦναι.

665 5847 710 5877 δ’
740 5841 758 5896 l
791 5839 919 5895 Cor.
952 5854 1008 5905 ιι,
1051 5835 1138 5892 il.
1215 5837 1260 5870 ⁸³
1302 5839 1482 5895 Eccle.
1527 5858 1580 5909 v,
1613 5843 1666 5910 ’5,
1699 5843 1754 5896 4.
