4096 6492
284 466 386 528 ίῖἹ

349 578 449 647 Μὴ
478 578 871 649 ταρασσέσθω
907 577 1076 646 ὑμῶν
1110 578 1149 645 ἡ
1182 577 1413 647 καρδία.

352 667 446 730 Et;
471 666 632 721 τοῦτο
671 666 1037 739 μικροψυχίας
1079 667 1506 738 κατοιχήσεσθαι
1534 669 1625 722 τὸν
1654 670 1867 740 Πέτρον

280 758 470 821 εἰπὼν,
504 758 581 823 ὡς
607 759 952 831 ἀρνήσασθαι
974 760 1117 830 τρὶς,
1160 761 1255 812 καὶ
1286 762 1344 813 ὲν
1375 761 1475 831 μιᾷ
1499 760 1658 815 τοῦτο
1683 761 1865 814 πείσε-

282 849 404 903 σθαι
442 851 619 913 νυκτὶ,
656 854 723 921 τῇ
764 850 859 907 τοῦ
901 852 1229 923 πράγματος
1268 852 1543 924 ὑπερϐολῇ
1582 854 1868 923 μονονουχὶ-

277 939 369 992 τδν
401 940 772 1010 ἀκμαιότατον
804 942 914 997 τῶν
938 943 1198 997 κινδύνων
1234 942 1481 1009 ὑπέδειξε
1515 943 1679 1013 φόϐον
1699 960 1713 974 ο
1742 942 1864 997 ὅθεν

278 1026 347 1102 ἦν
364 1032 430 1103 δή
463 1050 602 1098 που,
642 1036 739 1088 καὶ
771 1036 918 1107 μάλα
952 1037 1177 1100 εἰκότως
1204 1076 1219 1099 ,
1258 1037 1385 1099 τοὺς
1418 1035 1639 1107 ἑτέρους
1688 1054 1878 1108 παρα-μ

284 1125 473 1193 χρῆμα
499 1124 900 1194 διαλογίζεσθαι
938 1125 1209 1197 μαθητὰς,
1241 1126 1326 1189 τίς
1357 1126 1465 1197 ἄρα
1491 1126 1588 1179 καὶ
1617 1127 1803 1192 πόσος,
1830 1125 1864 1197 ἢ

283 1217 436 1270 ποῖον
460 1216 571 1280 ἕξει
598 1217 659 1271 τὸ
686 1219 916 1287 μέγεθος
935 1219 1044 1271 τῶν
1068 1218 1341 1289 ἐσομένων
1375 1220 1403 1271 ὁ
1436 1218 1599 1287 φόϐος
1622 1259 1636 1282 ,
1663 1218 1859 1273 δυσκα-

282 1304 601 1377 ταμάχητος
632 1308 689 1361 δὲ
712 1308 884 1372 οὑτως
908 1307 1271 1380 ἀπειρασμὸς
1294 1348 1309 1371 ,
1352 1308 1428 1371 ὡς
1452 1308 1595 1361 ἑλεῖν
1635 1308 1734 1378 μὲν
1774 1309 1865 1363 τὸν

281 1397 613 1469 προύχοντα.
639 1400 965 1455 καταϐαλεῖν
990 1400 1047 1453 δὲ
1083 1401 1181 1470 οὑχ
1211 1400 1378 1465 ἅπαξ,
1409 1400 1521 1454 ἀλλ’
1554 1402 1610 1452 έν
1641 1401 1723 1454 ένὶ
1767 1400 1867 1471 μὲν

282 1489 569 1554 πολλάκις.
611 1494 705 1546 καὶ
732 1495 792 1546 ἐν
822 1491 984 1563 ὀλίγῳ
1018 1492 1218 1563 καιρῷ.
1245 1493 1342 1556 Τίς
1384 1488 1479 1546 οὖν
1508 1492 1615 1564 ἄρα
1647 1494 1706 1546 ἐν
1736 1494 1875 1564 ημῖν-

278 1583 346 1637 τὺ
372 1586 429 1636 ὲν
462 1588 575 1648 τοῖς
603 1585 682 1637 ἔτι
723 1586 932 1656 χείροσι
980 1586 1235 1654 γενέσθαι
1267 1584 1646 1653 διαφεύξεται,
1682 1584 1715 1654 ἢ
1751 1584 1868 1647 πῶς

280 1672 497 1736 ἀνθέξει
520 1690 603 1737 τις
643 1674 864 1744 ἔτερος,
902 1674 998 1727 τοῦ
1038 1675 1245 1743 Πέτρου
1281 1675 1623 1744 κινουμένου,
1658 1675 1751 1727 καὶ
1787 1673 1868 1743 τῷ

282 1766 443 1838 βάρει
463 1766 572 1819 τῶν
588 1767 1038 1838 συμϐεϐηκότων,
1059 1767 1135 1830 ὼς
1152 1766 1211 1831 ἐξ
1227 1767 1495 1837 ἀνάγκης,
1516 1766 1863 1832 ὑπείκοντος;

280 1859 479 1929 Μάτην
511 1855 604 1911 03v
638 1858 768 1928 ἄρα,
811 1859 938 1921 τοὺς
980 1858 1079 1909 ἐπὶ
1112 1856 1191 1927 τῷ
1228 1857 1427 1927 χρῆναι
1449 1856 1867 1912 κατακολουθεῖν

1345 468 1412 523 ΙΝ
1438 467 2216 525 JOANNIS'EV‘ANGELIUM
2260 469 2389 526 LiB.
2433 470 2523 526 IX.

3449 470 3549 526 178

1887 582 1943 642 Α
2042 579 2178 646 XIV,
2206 581 2256 635 1.
2292 581 2417 636 Νοη
2448 582 2685 637 turbetur
2711 600 2801 637 cor
2826 592 3074 638 vestrum.

2040 671 2337 745 Postquam
2366 677 2506 732 dixit
2533 692 2598 732 eo
2626 676 2964 734 inﬁrmitatis
2998 693 3259 745 casurum
3302 676 3546 745 Petrum,

1971 774 2031 820 ut
2058 774 2142 821 ter
2169 776 2473 839 negaturus
2503 770 2595 831 sit,
2630 769 2797 840 idque
2830 785 2938 824 una
2968 770 3020 825 in
3050 779 3214 827 nocte
3244 771 3295 826 ei
3323 782 3550 826 eventu-

1973 874 2122 924 rum,
2160 860 2705 917 vehementissimum
2760 862 3137 933 periculorum
3190 873 3392 917 metum
3426 878 3552 931 pru-

1974 953 2267 1023 pemodum
2295 954 2559 1009 indicavit
2580 956 2654 1010 rei
2680 954 2997 1025 hyperbole,
3023 955 3169 1011 unde
3194 956 3321 1025 jure
3354 955 3553 1009 merito

1973 1043 2067 1097 alii
2096 1044 2282 1099 statim
2314 1044 2574 1115 discipuli
2596 1046 2739 1117 apud
2773 1063 2832 1103 se
2864 1048 3110 1118 cogitare
3142 1054 3407 1118 poterant
3432 1047 3555 1117 qui-

1975 1149 2100 1188 nam
2128 1142 2183 1190 οι
2216 1146 2460 1206 quantus
2486 1145 2635 1192 οδεθι
2681 1154 2868 1193 rerum
2903 1139 3218 1194 futurarum
3260 1147 3463 1203 metus,
3502 1147 3555 1193 Cl.

1974 1242 2140 1296 quam
2171 1228 2353 1297 gravis
2386 1236 2442 1283 et
2499 1231 2815 1300 expugnato
2864 1230 3101 1288 dillicilis
3141 1231 3395 1295 tentatio,
3434 1245 3556 1301 quae

1975 1321 2314 1389 praecipuum
2347 1328 2400 1375 et
2456 1320 2721 1375 eximium
2765 1322 2920 1377 illum
2981 1324 3244 1379 invasura
3297 1331 3465 1389 esset,
3502 1330 3556 1378 et

1974 1411 2255 1480 dejectura
2314 1427 2426 1466 non
2495 1414 2707 1476 semel,
2758 1413 2855 1469 sed
2896 1415 2963 1469 in.
3005 1431 3115 1469 uno
3169 1431 3333 1485 szepe,
3381 1431 3558 1485 eoque

1975 1504 2127 1559 brevi
2155 1510 2424 1572 tempore.
2456 1503 2591 1569 Quis
2614 1515 2863 1560 nostrum
2894 1506 3061 1576 igitur
3084 1508 3355 1562 deteriore
3378 1506 3556 1560 adhuc

1978 1598 2101 1651 loco
2130 1612 2237 1650 non
2269 1597 2397 1660 erit,
2438 1606 2533 1651 aut
2565 1599 2863 1667 quomodo.
2902 1599 3119 1653 resistet
3150 1599 3292 1654 alius
3326 1600 3472 1653 ullus
3510 1598 3554 1653 si

1976 1688 2178 1745 Petrus
2205 1689 2547 1753 concutitur,
2579 1697 2633 1744 et
2691 1705 2923 1745 casuum
2984 1690 3243 1761 gravitati
3290 1691 3437 1746 velut
3491 1707 3558 1746 ex

1977 1780 2310 1837 necessitate
2360 1781 2719 1838 succumbit?
2776 1781 3004 1837 Frustra
3041 1782 3206 1854 igitur
3271 1783 3328 1837 in
3370 1799 3438 1839 eo
3473 1798 3559 1838 se-

1975 1872 2199 1942 quendo
2228 1873 2452 1927 labores.
2475 1875 2841 1943 pertulimus,
2878 1875 3044 1929 etsin
3101 1889 3271 1930 vanos
3328 1875 3558 1929 sudores

282 1950 431 2019 αὑτῷ
482 1949 887 2020 διηντλήκαμεν
922 1948 1141 2011 πόνους,
1172 1948 1266 2001 καὶ
1290 1950 1369 2011 είς
1396 1947 1602 2018 ζημίαν
1629 1948 1871 2020 ἱδρώτων

1984 1963 2180 2017 abeunt
2206 1963 2376 2017 nostri
2409 1971 2668 2026 conatus,
2701 1964 2956 2034 quamvis
2991 1963 3135 2034 apud
3186 1964 3355 2019 Deum
3392 1967 3556 2018 vitam

280 2042 580 2113 ἐκτελευτᾷ
607 2042 669 2095 τὸ
699 2041 952 2112 ὲπιχείρη
963 2058 1059 2112 μα,
1080 2040 1260 2095 καίτοι
1285 2038 1430 2110 ζωῆς
1451 2041 1550 2110 τῆς
1578 2041 1731 2114 παρά
1752 2039 1870 2110 Θεῴ

283 2135 545 2207 πρόξενον
575 2130 715 2188 εἶναι
739 2134 953 2189 δοκοῦν.
981 2133 1171 2189 Ταῦτά
1196 2151 1279 2187 τοι
1325 2132 1446 2185 καθ’
1478 2134 1703 2197 ἑαυτοὺς
1732 2133 1874 2187 διεν-

284 2226 576 2297 θυμεῖσθαι
601 2228 729 2290 τοὺς
760 2226 1012 2297 μαθητὰς
1039 2227 1099 2279 τὸ
1126 2227 1356 2291 ἀπεικὸς
1383 2226 1537 2280 οὐδέν
1557 2244 1570 2257 ’
1598 2227 1786 2297 ἐπειδὴ
1817 2227 1874 2280 δὲ

285 2319 619 2390 κεκλιμένην
643 2320 828 2381 αὑτοῖς
860 2316 969 2388 τὴν.
990 2317 1232 2372 διάνοιαν
1252 2316 1592 2387 ἐπανορθοῦν
1632 2316 1737 2369 ἔδει
1767 2316 1873 2371 πά-

286 2412 393 2476 λιν,
416 2413 715 2480 ἀναγκαῖον
746 2409 937 2480 ὥσπερ
969 2412 1082 2472 τοῖς
1121 2408 1374 2462 ἐντεῦθεν
1408 2408 1780 2477 διαλογισμοῖς
1816 2424 1876 2461 τε

289 2505 387 2556 καὶ
425 2502 695 2573 δείμασιν,
738 2501 1068 2569 ἀντεπάγειν
1113 2500 1176 2553 τὸ
1241 2500 1557 2571 φάρμακον,
1604 2499 1767 2552 ὅπλον
1815 2515 1877 2550 τε

286 2595 565 2648 ποιεῖσθαι
590 2593 689 2664 τὴν
721 2592 1025 2665 ἀταραξίαν
1056 2592 1364 2655 ἐπιτάττει,
1391 2590 1565 2659 λέγων
1584 2606 1597 2618 °
1631 2608 1649 2640 ι
1669 2589 1762 2660 Μὴ
1784 2606 1878 2642 τα-

288 2687 581 2757 ρασσέσθω
612 2686 765 2757 ὑμῶν
796 2688 830 2757 ἡ
853 2686 1070 2758 καρδία.
1107 2704 1126 2738 ι
1167 2686 1313 2756 Ὅρα
1341 2701 1405 2752 γε
1439 2684 1569 2754 μὴν,
1606 2683 1755 2746 ὅπως
1789 2684 1881 2737 ἐπ-

285 2780 667 2850 εσκιασμένως
720 2780 905 2842 αὑτοῖς
955 2779 1055 2849 τῆς
1093 2778 1361 2848 ἐσομένης
1391 2778 1578 2839 αὑτοῖς
1614 2774 1881 2845 μικροψυ-

288 2872 412 2942 χίας
453 2871 796 2941 ὑπισχνεῖται
831 2868 930 2939 τὴν
958 2870 1175 2937 ἀφεσιν.
1239 2867 1744 2930 ’Λκατακαλύπτως
1780 2867 1880 2936 μὲν

288 2963 399 3034 γὰρ
437 2960 498 3014 οῦ
532 2979 717 3030 φησιν,
756 2962 838 3015 ὅτι
864 2960 1262 3029 Συγγνώσομαι
1293 2959 1389 3013 καὶ
1418 2958 1806 3029 ὴσθενηκόσιν,
1844 2958 1880 3028 ἣ

288 3058 371 3109 ὅτι
401 3054 704 3124 Συνέσομαι
724 3054 888 3106 πάλιν
921 3054 1074 3107 οὐδὲν
1103 3047 1267 3123 ἧττον
1289 3049 1694 3123 ἀρνησαμένοις
1723 3048 1755 3118 ἢ
1783 3065 1881 3103 πε-

296 3144 573 3214 φευγόσιν,
597 3144 684 3197 ἵνα
712 3144 787 3213 μὴ
808 3144 898 3197 τὸν
918 3145 983 3197 ἐκ
1000 3142 1094 3196 τοῦ
1117 3142 1382 3210 γελᾶσθαι
1401 3146 1417 3164 ⁶
1438 3139 1881 3210 φόϐονόλοτελῶς

300 3237 626 3307 ἀποστήσας,
684 3237 780 3289 καὶ
809 3235 906 3306 τὴν
957 3238 1021 3289 ἐκ
1068 3234 1167 3289 τοῦ
1218 3233 1587 3307 προσκρούειν
1623 3232 1881 3285 ὑπόνοιαν

1975 2052 2279 2108 conciliare
2310 2052 2624 2108 videantur.
2659 2056 2787 2108 Haec
2818 2053 2962 2123 apud
2985 2068 3044 2109 se
3072 2054 3379 2123 discipulos
3410 2056 3561 2124 cogi-

1977 2154 2094 2199 tare
2129 2160 2239 2198 non
2270 2146 2369 2199 abs
2397 2146 2725 2203 rerdixerim
2756 2165 2769 2200 :
2817 2146 2936 2201 sed
2966 2160 3093 2201 cum
3143 2146 3421 2201 labantem
3450 2147 3561 2199 aui-

1974 2253 2123 2291 mum
2163 2252 2356 2293 rursus
2390 2240 2603 2310 erigere
2644 2248 2795 2294 esset
2826 2239 2906 2295 eis
2939 2254 3119 2309 Opera:
3153 2239 3411 2309 pretium,
3465 2253 3559 2292 ne-

1975 2331 2277 2384 cessarium
2308 2331 2841 2401 quodammodo-his
2881 2330 3313 2400 cogitationibus
3348 2345 3411 2385 ac
3445 2338 3559 2385 ter-

1975 2421 2197 2476 roribus
2230 2420 2391 2476 oﬂert
2420 2424 2757 2493 remedium,
2778 2439 2987 2495 eosque
3037 2423 3340 2478 securitate
3393 2422 3561 2475 animi

1978 2511 2183 2564 armari
2214 2511 2369 2580 jubet
2391 2512 2614 2568 dicens:
2644 2531 2667 2564 ι
2696 2512 2814 2567 Νοιι
2842 2513 3097 2567 turbetur
3120 2526 3215 2567 cor
3238 2521 3505 2566 vestrum.
3539 2530 3556 2561 ι

1981 2601 2116 2655 Vide
2151 2616 2319 2670 porro
2360 2610 2418 2656 ut
2444 2603 2529 2658 eis
2554 2602 3251 2658 adumbrateinlirmitatis
3286 2603 3563 2657 remissio-

1982 2709 2104 2747 nem
2138 2694 2486 2762 polliceatur.
2530 2693 2641 2749 Nec
2671 2696 2814 2750 enim
2868 2703 3055 2765 aperte
3119 2696 3202 2749 ait
3238 2711 3297 2749 se
3346 2694 3560 2748 veniam

1982 2782 2240 2837 daturum
2291 2784 2456 2837 etiam
2512 2784 2785 2847 infirmis,
2836 2792 2930 2837 aut
2968 2782 3154 2838 denuo
3220 2791 3561 2836 versaturum

1982 2888 2107 2926 cum
2146 2874 2216 2928 iis
2249 2889 2278 2926 a
2310 2875 2515 2943 quibus
2549 2885 2782 2944 negatus
2814 2874 3000 2937 fuerit,
3028 2882 3122 2927 aut
3151 2874 3248 2943 qui
3298 2872 3559 2943 fugerint,

1982 2981 2052 3020 ne
2083 2974 2229 3020 metu
2269 2967 2524 3036 supplicii
2549 2968 2562 2986 ‘
2598 2966 2838 3029 sublato,
2864 2976 2919 3021 et
2943 2965 3269 3020 offensionis
3298 2964 3560 3034 Opinione

1983 3073 2215 3127 prorsus
2254 3057 2546 3113 amandata
2572 3059 2831 3128 perfacile
2854 3059 2936 3114 eis
2970 3066 3257 3129 peccatum
3282 3056 3561 3119 redderet,

1984 3157 2038 3202 et
2068 3148 2376 3217 negationis
2416 3148 2635 3217 culpam
2666 3163 2763 3219 pro
2796 3149 2968 3203 nihilo
3004 3149 3284 3204 aestimare
3323 3148 3561 3201 doceret.

1988 3238 2125 3293 Cum
2177 3246 2360 3293 autem
2425 3238 2646 3293 dicebat
2698 3240 2908 3293 turbari
2946 3255 3052 3293 non
3101 3248 3376 3308 oportere,
3423 3237 3567 3293 inter

298 3326 552 3390 ὁλοτελῶς
607 3325 863 3396 ἀφελὼν,
931 3325 1072 3383 λεῖον
1122 3326 1308 3388 αὑτοῖς
1370 3323 1763 3395 ἀπεργάσηται
1818 3321 1879 3375 τὸ

1986 3329 2165 3405 761,
2192 3345 2343 3398 spem
2382 3344 2445 3382 ac
2473 3336 2677 3383 metum
2713 3344 2810 3384 eos
2846 3328 3102 3398 ponebat,
3138 3338 3197 3382 ut
3228 3327 3462 3382 infirmis
3501 3327 3568 3381 iis

298 3420 679 3491 πλημμέλημα
702 3461 715 3484 ,
757 3421 852 3473 καὶ
882 3418 1014 3488 παρ’
1053 3419 1206 3473 οὐδὲν
1236 3416 1512 3472 ποιεῖσθαι
1557 3416 1744 3486 διδάξῃ
1779 3415 1878 3486 τὴν

295 3514 359 3565 ὲκ
380 3514 475 3584 τῆς
494 3512 774 3583 ἀρνήσεως
805 3511 1034 3581 μέμψιν.
1060 3512 1133 3564 Τὸ
1166 3511 1224 3564 δὲ
1255 3510 1319 3580 δὴ
1342 3508 1417 3581 μὴ
1443 3509 1644 3579 χρῆναι
1677 3508 1881 3577 ταρατ-

291 3605 484 3659 τεσθαι
513 3605 709 3673 λέγων,
744 3604 939 3676 μέσους
961 3603 1158 3667 αὐτοὺς
1191 3602 1408 3665 ἐλπίδος
1432 3601 1603 3655 ἐτίθει
1658 3603 1751 3654 καὶ
1773 3599 1881 3655 δεί-

298 3715 489 3768 ματος,
524 3698 589 3751 ἵν’
629 3697 960 3767 ἡσθενηκόσι
1016 3696 1115 3765 μὲν
1160 3695 1253 3749 καὶ
1295 3693 1563 3748 παθοῦσιν
1608 3693 1790 3755 αὑτοῖς
1824 3692 1884 3744 τὸ

294 3787 641 3860 ἀνθρώπινον
672 3791 705 3859 ἡ
737 3791 836 3859 τῆς
868 3788 1208 3858 ἡμερότητος
1255 3786 1411 3849 ἐλπὶς
1459 3784 1595 3855 πρὸς
1656 3783 1719 3840 τὸ
1751 3784 1883 3837 ἀνα-

300 3880 503 3951 σφῆλαι
521 3882 806 3951 συμμαχῇ,
824 3879 1070 3946 ὀλιγάκις
1086 3877 1140 3930 δὲ
1156 3876 1368 3930 πταίειν
1380 3878 1407 3928 ὁ
1418 3876 1510 3928 τοῦ
1526 3873 1885 3945 προσκρούειν

297 3975 496 4038 αὑτοὺς
525 3971 797 4043 ἐπιτρέπῃ
833 3970 1017 4040 φόϐος,
1041 3968 1273 4040 ἐπείπερ
1306 3968 1491 4030 αὐτοῖς
1519 3964 1681 4019 οὑπω
1714 3965 1886 4036 μετῆν

293 4071 356 4121 τὸ
380 4068 458 4141 μὴ
485 4067 746 4121 δύνασθαι
765 4062 1073 4118 διαπίπτειν
1104 4061 1262 4125 ὅλως,
1291 4059 1443 4114 οὔπω
1471 4062 1889 4130 κατημφιεσμέ-

296 4179 407 4223 νοις
442 4160 545 4230 τὴν
586 4158 794 4214 ἀνωθεν
845 4156 942 4209 καὶ
986 4157 1085 4227 τὴν
1138 4155 1197 4219 ἐξ
1230 4153 1397 4223 ὕψους
1447 4152 1701 4222 δύναμιν,
1739 4151 1887 4206 τοῦτ’

297 4252 434 4316 ἐστι,
468 4252 567 4323 τὴν
600 4251 689 4305 διὰ
721 4250 814 4304 τοῦ
850 4249 1171 4319 Πνεύματος
1191 4249 1373 4318 χάριν.
1427 4246 1736 4300 Ἐπιτὰττει
1774 4264 1888 4299 τοι-

298 4343 507 4416 γαροῦν
539 4344 614 4414 μὴ
642 4339 1032 4414 ταράττεσθαι,
1076 4338 1211 4409 ὁμοῦ
1243 4339 1351 4408 μὲν
1372 4337 1661 4399 διδάσκων,
1698 4338 1892 4409 ὅτιπερ

299 4439 573 4509 προσήκοι
626 4436 691 4507 δὴ
728 4434 946 4497 πάντως
1004 4432 1262 4503 ἀμείνους
1305 4424 1447 4482 εἶναι
1480 4428 1682 4492 δειλίας
1710 4470 1725 4494 ,
1764 4430 1893 4492 τοὺς

301 4528 671 4599 ἀγωνίζεσθαι
707 4526 1002 4598 μέλλοντας
1052 4526 1149 4578 καὶ
1172 4523 1297 4587 τοὺς
1325 4522 1464 4592 ὑπὲρ
1500 4522 1598 4593 τῆς
1624 4521 1703 4586 είς
1724 4522 1893 4592 ἄκρον

302 4623 557 4685 εὐκλείας
576 4619 925 4690 εἰσϐήσεσθαι
947 4617 1163 4679 πόνους.
1189 4615 1351 4683 Μέγα
1374 4614 1482 4685 γάρ
1503 4615 1583 4677 είς
1604 4613 1892 4684 εὐτολμίαν

1985 3433 2040 3476 et
2070 3422 2295 3475 humani
2357 3420 2617 3490 quiddam
2652 3421 2989 3490 patientibus
3023 3420 3288 3474 bonitatis
3336 3432 3464 3489 spes
3502 3418 3567 3471 nd

1985 3514 2370 3582 respirandum
2422 3513 2809 3581 opitularetur,
2862 3520 2921 3567 et
2974 3527 3101 3567 raro
3142 3510 3341 3566 cadere
3399 3508 3559 3564 offen-

1987 3603 2150 3657 dendi
2185 3616 2362 3658 melus
2389 3620 2489 3658 eos
2532 3604 2875 3667 admoneret,
2923 3602 3369 3673 quandoquidem
3404 3616 3570 3671 penes

1988 3712 2085 3751 eos
2135 3695 2383 3750 nondum
2438 3705 2557 3749 erat
2608 3703 2667 3748 ut
2730 3694 2929 3749 cadere
2991 3701 3387 3763 nonpossent,
3445 3708 3569 3746 cum

1990 3787 2233 3843 nondum
2264 3788 2465 3841 virtute
2495 3802 2737 3857 superna
2768 3794 2822 3839 et
2847 3802 2911 3841 ex
2947 3787 3058 3840 alto
3089 3785 3263 3839 induti
3299 3782 3569 3847 essent“,

1992 3883 2096 3937 hoc
2135 3890 2219 3937 est
2246 3881 2488 3951 Spiritus
2517 3880 2715 3950 gratia.
2751 3878 2915 3934 Jubet
2948 3880 3135 3948 itaque
3169 3886 3227 3933 ut
3286 3893 3397 3931 non
3455 3884 3572 3931 tur-

1991 3976 2210 4038 bentur,
2251 3988 2360 4028 non
2412 3972 2586 4028 modo
2614 3970 2837 4042 quidem
2889 3970 3096 4025 docens
3146 3978 3295 4024 metu
3349 3968 3575 4023 omnino

1992 4067 2303 4136 superiores
2338 4082 2462 4121 esse
2492 4065 2694 4120 debere
2724 4064 2821 4135 qui
2850 4063 3119 4118 certaturi
3150 4073 3304 4124 sunt,
3367 4069 3422 4115 et
3475 4059 3570 4129 qui

1994 4174 2094 4229 pro
2147 4172 2361 4213 summa
2384 4150 2567 4228 gloria
2625 4156 2843 4211 labores
2888 4165 3018 4212 sunt
3077 4154 3287 4209 inituri.
3322 4151 3573 4222 Magnum

1993 4252 2177 4321 itaque
2229 4250 2293 4303 ad
2350 4248 2520 4304 animi
2577 4248 2835 4301 virtutem
2890 4244 3202 4301 subsidium
3266 4250 3352 4298 est
3421 4256 3576 4296 mens

1996 4344 2403 4413 imperterrita:
2442 4358 2635 4399 verum
2675 4341 2843 4396 etiam
2890 4339 3191 4396 obscurius
3249 4351 3350 4391 nec
3379 4334 3573 4389 admo-

1996 4438 2125 4493 dum
2159 4445 2367 4507 aperte,
2395 4434 2742 4491 remissionis
2786 4443 2966 4488 tamen
3006 4446 3160 4501 spem
3197 4430 3575 4489 subinserens,

1997 4525 2129 4580 licet
2172 4540 2241 4578 ex
2294 4524 2614 4580 infirmitate
2666 4524 2909 4577 humana
2955 4522 3009 4576 in
3066 4520 3416 4575 timiditatem
3468 4516 3577 4571 labi

2000 4613 2316 4697 contigerit.
2353 4613 2586 4668 Animus
2650 4613 2798 4668 enim
2854 4624 3091 4681 superna
3127 4610 3304 4679 gratia
3335 4606 3576 4660 nondum

304 4716 521 4784 ἐφόδιον
548 4716 577 4766 ὁ
604 4712 879 4783 ἀτάραχος
904 4708 1028 4773 νοῦς
1058 4725 1070 4737 ·
1099 4707 1236 4779 ὁμοῦ
1265 4706 1324 4759 δὲ
1363 4702 1429 4759 αῦ
1464 4705 1624 4759 πάλιν
1650 4705 1879 4776 ἀμυδρό·

2003 4706 2283 4771 firmatus,
2312 4704 2539 4760 timidus
2572 4711 2679 4771 est,
2710 4719 2775 4758 ac
2805 4703 2968 4757 facile
2999 4702 3247 4762 concuti,
3283 4697 3582 4765 statimque

304 4824 488 4879 τερον,
526 4805 620 4858 καὶ
653 4804 713 4856 οὑ
742 4802 951 4873 σφόδρα
981 4798 1259 4867 διαφανῶς
1282 4838 1296 4862 ,
1340 4795 1690 4866 ὑποσπείρων
1719 4796 1762 4848 δ’
1800 4790 1894 4849 οῦν

304 4900 453 4970 ὅμως
513 4897 609 4967 τῆς
652 4894 903 4965 ἀφέσεως
936 4892 1033 4963 τὴν
1069 4890 1281 4956 ἐλπίδα,
1310 4889 1405 4941 καὶ
1451 4889 1499 4940 εί
1537 4886 1747 4955 γένοιτό
1780 4906 1894 4951 πως

307 4994 497 5055 αὑτοῖς
538 4992 598 5043 τὸ
642 4990 701 5054 ἐξ
739 4987 1093 5059 ἀνθρωπίνης
1147 4980 1515 5054 μικροψυχίας
1557 4979 1898 5033 κατολισθείν

309 5088 391 5149 εἰς
426 5084 653 5137 δειλίαν.
690 5081 835 5145 Νοῦς
879 5080 991 5150 γὰρ
1037 5077 1193 5131 οῦπω
1243 5078 1310 5145 τῇ
1350 5072 1560 5131 ἄνωθεν
1612 5071 1898 5142 ἱδρυμένος

312 5179 519 5249 χάριτι.
557 5174 729 5237 δειλός
758 5190 820 5226 τε
872 5173 966 5226 καὶ
989 5170 1416 5239 εύανάτρεπτος,
1458 5164 1551 5216 καὶ
1582 5164 1663 5225 εἰς
1685 5164 1746 5216 τὸ
1774 5163 1899 5216 κλο-

2005 4799 2219 4853 turbari
2289 4798 2448 4853 solet.
2486 4796 2834 4867 Proindeque
2873 4794 3083 4849 Paulus
3137 4789 3583 4860 sapientissimus

2011 4891 2150 4947 bene
2176 4907 2409 4961 precans
2438 4890 2725 4946 nonnullis
2749 4887 2944 4944 scribit
2971 4904 2984 4939 :
3039 4904 3071 4936 ι.
3099 4885 3171 4940 Et
3200 4897 3302 4954 pax
3350 4880 3582 4945 Christi,

1998 4999 2120 5053 quae
2174 4992 2471 5054 exsuperat
2521 4998 2741 5037 omnem
2792 4994 3043 5043 sensum,
3102 4976 3382 5036 custodiat
3414 4974 3584 5030 corda

2000 5080 2185 5129 vestra
2209 5075 2278 5129 “.
2330 5095 2349 5126 ι
2399 5074 2457 5130 ld
2485 5074 2633 5128 enim
2680 5082 2784 5137 est,
2834 5079 2895 5125 ut
2926 5086 3035 5126 non
3069 5069 3328 5124 turbetur
3369 5081 3467 5122 cor
3494 5082 3587 5120 ve-

2006 5175 2124 5222 ειτιι
2132 5184 2204 5223 Ill.

309 5248 518 5319 νεῖσθαι
549 5265 736 5335 ταχύς,
760 5261 859 5317 Διά
880 5279 963 5314 τοι
990 5259 1184 5323 τοῦτο,
1220 5255 1314 5308 καὶ
1348 5256 1377 5307 ὁ
1442 5252 1758 5323 σοφώτατος
1820 5253 2032 5317 Παῦλος
2096 5258 2461 5328 ἐπευχόμενός
2503 5275 2648 5311 τισιν
2697 5254 3000 5310 ἐπιστέλλει
3028 5276 3040 5288 ·
3104 5275 3122 5308 ι
3158 5256 3267 5310 Καὶ
3317 5254 3350 5322 ἡ
3398 5248 3587 5319 εἰρήνη

308 5360 405 5412 τοῦ
438 5356 682 5429 Χριστοῦ
708 5397 723 5419 ,
762 5357 796 5423 ἡ
830 5353 1177 5425 ὑπερέχουσα
1215 5350 1395 5403 πάντα
1423 5346 1547 5401 νοῦν
1598 5347 1898 5419 φρουρήσει
1934 5348 2034 5412 τὰς
2061 5351 2289 5422 καρδίας
2313 5350 2487 5420 ὑμῶν,
2525 5370 2543 5401 ι
2580 5350 2753 5407 Τοῦτο
2779 5353 2887 5425 γάρ
2909 5353 3025 5404 ἐστι
3058 5348 3117 5401 τδ
3178 5348 3252 5418 μὴ
3321 5343 3587 5423 “pd-:35-

314 5455 438 5508 σθαι
470 5453 572 5523 τὴν
602 5448 850 5519 καρδίαν.

386 5544 705 5598 Πιστεύετε
747 5543 833 5605 είς
861 5539 968 5592 τὸν
999 5537 1167 5599 Θεὸν,
1190 5533 1287 5587 καί
1317 5533 1405 5597 είς
1435 5531 1537 5600 ἐμὲ
1563 5537 1899 5589 πιστεύετε.

398 5636 662 5705 Ὁπλίτην
685 5633 979 5705 ἐργάζεται
1018 5629 1111 5682 τὸν
1137 5627 1261 5694 ἄρτι
1293 5621 1487 5686 δειλὸν,
1516 5626 1608 5677 καὶ
1631 5625 1719 5679 διὰ
1757 5646 1902 5699 πρα-

328 5730 547 5801 γμάτων
571 5728 634 5779 ὲκ
658 5726 823 5796 φόϐου
849 5722 1179 5796 τραυμάτων
1212 5712 1485 5769 ποιεῖσθαι
1518 5716 1727 5772 κελεύει
1752 5720 1812 5772 τὸ
1845 5723 1902 5775 ἐν

401 5908 444 5940 ’⁸⁸
477 5907 610 5961 Luc.
648 5918 801 5970 xxiv,
832 5900 921 5957 49.
1001 5900 1044 5931 ⁵⁵
1085 5898 1322 5970 Philipp.
1363 5917 1433 5969 Iv,
1484 5901 1532 5957 7.

2084 5530 2201 5584 XIV
2224 5571 2239 5597 ,
2286 5532 2337 5586 1.
2373 5530 2582 5586 Credite
2608 5532 2662 5584 iu
2690 5530 2851 5584 Deum
2872 5573 2885 5594 ,
2915 5538 2964 5585 et
2987 5532 3041 5582 in
3071 5545 3151 5581 me
3177 5526 3383 5580 credite.

2082 5624 2186 5692 Qui
2213 5625 2377 5680 modo
2404 5625 2631 5679 timidus
2655 5635 2776 5678 erat
2803 5637 2951 5677 nunc
2979 5621 3240 5674 audacem
3276 5616 3593 5671 bellatorem

2015 5717 2184 5782 facit,
2239 5725 2291 5770 ct
2339 5732 2434 5786 per
2473 5732 2670 5786 opera,
2719 5729 2784 5769 ex
2832 5712 3055 5767 timoris
3104 5706 3425 5764 vulneribus
3473 5721 3596 5762 erec
