4096 6480
528 409 653 466 179³
1568 418 1624 473 S.
1663 417 1938 474 C¥RILLI
1972 419 2449 480 ALEXANDRINI
2481 427 2801 485 ARCIIIEP.
3690 437 3808 497 180

532 536 682 585 ctum
709 537 764 585 et
796 530 990 588 fortem
1021 534 1265 588 animum
1290 534 1343 589 in
1372 534 1475 591 fide
1504 536 1617 590 fieri
1646 536 1822 605 jubet.
1848 535 1938 591 Sic
1961 537 2106 592 enim

2233 540 2395 594 τίστει
2436 545 2654 615 γοργόν.
2705 546 2999 617 Σωζόμεθα
3047 548 3156 620 γὰρ
3182 549 3375 613 οὕτως,
3422 552 3514 604 xui
3563 552 3662 621 οὐχ
3691 552 3832 604 ἑίτέ-

536 624 841 691 salvamur,
876 640 940 681 ac
976 641 1084 681 non
1124 628 1303 693 aliter,
1328 628 1486 698 juxta
1518 629 1652 684 illud
1689 631 1836 700 quod
1872 632 1926 684 in
1957 629 2112 685 Psala

2233 650 2352 697 9mg,
2388 636 2506 687 κατ’
2539 637 2715 689 ἐκεῖνο
2737 634 2799 707 δή
2849 654 2950 690 που
2979 636 3039 689 τὸ
3070 639 3127 689 ὲν
3172 636 3426 707 Ψαλμοῖς
3461 638 3830 708 μελῳδούμε-

534 721 641 777 mis
671 720 888 775 canitur
933 736 947 773 :
1003 739 1022 771 ι
1064 720 1330 776 Dominus
1384 721 1715 777 illuminatio
1746 737 1869 778 mea
1903 732 1960 778 et
1993 720 2113 775 Sal-

2233 741 2334 779 δον’
2382 744 2403 776 ι
2442 726 2648 798 Κύριος
2704 726 2983 797 φωτισμός
3016 744 3119 797 μου
3169 728 3264 780 καὶ
3310 728 3495 798 σωτήρ
3526 744 3651 797 μου,
3686 727 3831 779 τίνα.

534 822 697 867 vator
735 828 891 868 meus
938 832 951 867 :
1000 828 1163 883 quem
1221 814 1472 869 timebo?
1517 813 1787 871 Dominus
1832 821 2115 884 protector

2233 817 2634 890 ροᾶηθήσομαι;
2677 817 2882 889 Κύριος
2927 818 3342 890 ὑπερασπιστὴς
3372 819 3471 889 τῆς
3498 817 3647 888 ζωῆς
3677 836 3825 889 μου,

530 905 659 960 vitae
685 921 838 968 meae,
872 920 902 958 a
936 921 1045 975 quo
1074 906 1357 975 trepidabo
1387 906 1470 960 “?
1510 906 1936 977 Cunctipotente
1965 907 2113 963 enim

530 997 641 1053 Deo
669 1013 767 1068 pro
794 997 952 1052 nobis
979 1005 1254 1066 pugnante
1281 1005 1448 1068 atque
1474 1012 1572 1054 nos
1593 1008 1951 1070 protegente,
1986 1000 2110 1070 quis

527 1090 690 1145 nobis
734 1104 928 1144 nocere
972 1089 1192 1159 possit?
1230 1088 1368 1156 Quis
1398 1098 1609 1145 tantum
1638 1091 1856 1147 roboris
1884 1092 2114 1148 habitu-

530 1196 627 1234 rus
650 1187 734 1237 est
757 1197 996 1250 unquam
1025 1222 1039 1247 ,
1082 1188 1143 1235 ut
1185 1183 1399 1238 electos
1446 1184 1553 1238 sibi
1586 1184 1847 1253 subjiciat
1875 1226 1887 1245 .
1918 1193 1973 1239 et
2002 1201 2117 1241 suae

530 1272 907 1338 perversitatis
963 1271 1236 1328 obnoxios
1290 1270 1508 1326 faciat?
1558 1273 1667 1327 Aut
1710 1276 1836 1344 quis
1867 1277 2118 1345 captivos

530 1363 699 1418 faciat
731 1379 831 1419 eos
868 1364 962 1435 qui
999 1364 1188 1418 divina
1222 1364 1468 1435 undique
1508 1367 1705 1420 muniti
1753 1376 1884 1422 sunt
1933 1382 2117 1421 arma-

532 1455 695 1509 tura?
741 1453 903 1510 Fides
942 1455 1131 1526 itaque
1176 1466 1459 1510 armatura
1499 1464 1588 1512 est
1622 1458 1859 1513 infracta
1890 1469 1944 1515 et
1971 1460 2119 1522 lata,

2220 911 2327 963 ἀπὸ
2353 910 2496 973 τίνος
2515 911 2767 964 δειλιάσω
2788 927 2802 969 :
2829 930 2847 961 ι
2867 910 3355 981 ’Υπερμαχομένου
3380 909 3508 981 γὰρ,
3527 911 3623 962 xui
3648 910 3831 978 ὑπερ-

2219 1001 2547 1067 ασπίζοντας
2588 1000 2747 1072 ήμῶν
2786 1000 2880 1054 τοῦ
2914 1001 3091 1055 πάντα
3135 1000 3412 1071 ἰσχύοντος
3442 1000 3601 1064 Θεοῦ,
3625 1001 3705 1062 τίς
3749 1000 3828 1055 ἂν

2219 1094 2367 1164 ἡμᾶς
2392 1092 2608 1147 δύναιτο
2637 1090 2879 1157 κακοῦν;
2924 1090 3019 1154 Τίς
3051 1091 3107 1144 δὲ
3145 1091 3329 1162 ἰσχύος
3369 1093 3450 1155 εἰς
3485 1091 3645 1146 τοῦτο
3680 1092 3829 1162 δρα-

2225 1187 2406 1255 μεῖται
2450 1183 2635 1255 τυχὸν,
2701 1185 2776 1249 ὡς
2832 1184 2937 1240 ὑπὸ
2982 1186 3141 1254 χεῖρα
3198 1184 3421 1255 ποιῆσαι
3482 1186 3609 1250 τοὺς
3656 1186 3829 1239 ἐκλε-

2222 1277 2408 1340 κτοὺς,
2433 1277 2528 1330 xui
2557 1280 2668 1340 τοῖς
2693 1276 2794 1345 τῆς
2815 1276 3010 1330 ἑαυτοῦ
3026 1276 3357 1347 δυστροπίας
3384 1276 3667 1331 ὑποθεῖναι
3708 1296 3827 1331 κα-

2223 1372 2377 1436 κοῖς;
2424 1370 2495 1422 ’Ἡ
2531 1370 2616 1433 τίς
2648 1370 2714 1423 ἂν
2748 1370 2943 1434 ἕλοιτο,
2980 1371 3074 1424 καὶ
3108 1370 3478 1443 δορυκτήτους
3520 1374 3829 1443 ποιήσαιτο

2223 1465 2351 1527 τοὺς
2393 1464 2494 1533 τὴν
2528 1462 2680 1515 θείαν
2728 1462 2949 1533 ἔχοντας
3002 1463 3361 1534 παντευχίαν;
3404 1464 3604 1519 Ὅπλον
3643 1460 3739 1519 οὖν
3786 1468 3825 1536 ἡ

531 1564 654 1617 qua:
700 1549 972 1619 ignaviam
1023 1563 1088 1602 ac
1142 1556 1412 1604 terrorem
1455 1552 1703 1616 avertit,
1751 1560 1807 1608 et
1858 1556 2122 1625 nequitia

2233 1554 2433 1617 πίστις,
2466 1552 2710 1625 άρραγές
2734 1570 2793 1606 τε
2816 1552 2913 1606 xui
2940 1552 3137 1618 πλατὺ,
3166 1554 3257 1605 xui
3286 1553 3386 1622 τὴν
3417 1554 3482 1607 ὲκ
3499 1552 3594 1607 τοῦ
3617 1553 3828 1607 παθεῖν

530 1640 643 1694 tela
664 1639 823 1693 irrita
852 1648 904 1695 et
935 1639 1154 1693 inutilia
1187 1655 1418 1709 prorsus
1443 1640 1628 1698 efﬁcit.
1658 1642 1797 1697 Cum
1832 1659 1965 1716 ergo
1997 1644 2120 1702 fidei

2233 1647 2430 1701 πίεσθαι
2486 1664 2539 1700 τι
2588 1645 2749 1715 τυχὸν
2800 1645 3111 1717 ἀποτρέπον
3155 1645 3378 1712 δειλίαν,
3439 1647 3702 1716 άπρακτά
3753 1663 3828 1699 τε

532 1734 680 1787 ratio
706 1733 785 1786 ita
814 1747 874 1787 se
907 1732 1108 1787 habeat
1130 1771 1144 1795 ,
1177 1731 1580 1787 observandum
1605 1743 1693 1789 est
1713 1737 2122 1808 rursusjussos

2233 1737 2510 1801 παντελῶς
2548 1739 2641 1791 xui
2675 1737 2909 1808 ἀνόνητα
2930 1736 3207 1800 παντελῶς
3230 1740 3343 1801 τοῖς
3370 1738 3714 1809 πειράζουσι,
3743 1738 3829 1790 τὰ

535 1838 662 1878 esse
691 1822 998 1893 discipulos
1030 1838 1139 1877 non
1174 1823 1231 1877 in
1273 1823 1442 1879 Deum
1473 1834 1684 1881 tantum
1727 1830 1954 1885 credere
1976 1871 1992 1896 ,
2027 1832 2122 1887 sed

2233 1832 2326 1901 τῆς
2356 1830 2623 1902 πονηρίας
2650 1830 2831 1883 αὐτῶν
2858 1827 3153 1883 ἀποτελοῦν
3184 1829 3336 1899 βέλη.
3370 1830 3627 1900 Ἐχοντος
3648 1829 3706 1881 δὲ
3731 1828 3827 1881 οὗ⁴

537 1927 593 1973 et
624 1918 677 1971 in
709 1917 891 1987 ipsum
918 1915 1198 1971 Christum
1226 1957 1240 1982 ,
1284 1933 1391 1971 non
1427 1920 1573 1987 quod
1613 1920 1731 1990 ipse
1765 1923 1916 1977 aliud
1954 1926 2119 1994 quid-

538 2010 662 2063 dam
716 2009 796 2065 sic
840 2023 902 2063 ae
940 2008 1220 2065 diversum
1263 2025 1293 2063 a
1328 2009 1438 2066 Deo
1478 2015 1787 2069 secundum
1821 2026 2076 2074 naturam
2103 2059 2118 2084 ,

538 2100 822 2157 identitate
855 2101 1117 2155 nimirum
1153 2102 1480 2160 substantiae
1507 2123 1528 2173 ;
1557 2106 1653 2163 sed
1685 2109 1838 2179 quia,
1868 2111 1957 2167 his
1983 2112 2123 2168 dun-

537 2202 691 2248 taxat
718 2193 942 2250 credere
974 2195 1028 2249 in
1059 2193 1251 2259 Deum,
1290 2196 1411 2252 fidei
1440 2200 1773 2271 completam
1797 2218 1922 2260 esse
1951 2205 2120 2259 ratio-

538 2305 664 2344 nem
727 2290 1051 2345 existimare
1080 2331 1096 2356 ,
1145 2289 1390 2346 Iudaicae
1436 2292 1847 2361 quodammodo
1888 2296 2124 2352 levitatis

543 2382 825 2452 proprium
859 2382 1019 2455 762
1053 2393 1168 2447 est,
1198 2383 1301 2437 fide
1330 2399 1460 2438 vero
1488 2386 1541 2440 in
1569 2384 1739 2441 Deum
1768 2385 1890 2443 Filii
1925 2404 2121 2445 nomen

543 2472 868 2533 includere,
931 2471 1337 2541 praedicationis
1399 2475 1733 2545 evangelica:
1790 2488 2123 2547 prmceptum

543 2580 667 2621 esse
699 2564 933 2619 videtur.
962 2564 1248 2634 Quotquot
1275 2564 1422 2619 enim
1448 2573 1600 2621 recte
1634 2567 1919 2632 sentiunt,
1955 2569 2124 2625 Deum

544 2673 608 2712 ac
638 2655 854 2712 Patrem
896 2657 1121 2712 credere
1160 2665 1414 2728 oportet,
1466 2675 1645 2730 neque
1693 2661 2019 2732 simpliciter
2072 2664 2128 2719 in

543 2748 743 2803 Filium
771 2790 787 2814 ,
821 2748 916 2804 sed
961 2757 1017 2804 et
1069 2749 1223 2804 illum
1262 2750 1610 2806 incarnatum
1638 2793 1657 2817 ,
1699 2760 1754 2808 et
1784 2754 1839 2808 in
1874 2765 2127 2811 sanctum

547 2840 839 2911 Spiritum.
886 2839 1085 2896 Sancta
1135 2842 1280 2897 enim
1329 2852 1382 2896 et
1426 2843 1918 2901 consubstantialis
1942 2845 2133 2901 Trini-

546 2940 636 2986 tas
662 2974 679 2997 ,
713 2940 768 2986 et
795 2932 1083 2986 nominum
1109 2930 1438 2987 differentiis
1457 2972 1471 2998 ,
1517 2942 1571 2988 et
1600 2948 1962 3003 personarum
1996 2952 2131 3007 qua-

547 3023 808 3078 litatibus
856 3038 919 3077 ac
981 3022 1414 3093 proprietatibus
1472 3022 1840 3096 distinguitur
1886 3041 1899 3079 :
1970 3026 2133 3083 Pater

548 3113 695 3167 enim
735 3121 820 3168 est
865 3113 1060 3175 Pater,
1107 3128 1171 3167 ac
1227 3126 1335 3166 non
1382 3109 1558 3166 Filius
1586 3152 1601 3176 ,
1646 3122 1701 3167 et
1735 3111 1906 3169 Filius
1938 3131 2132 3169 rursus

2222 1942 2301 1977 τω
2327 1923 2419 1977 τοῦ
2443 1925 2542 1993 τῆς
2573 1921 2809 1985 πίστεως
2828 1922 3013 1990 λόγου,
3042 1920 3205 1975 πάλιν
3232 1924 3407 1975 ἐκεῖνο
3434 1922 3823 1975 διασκεπτέον·

2222 2015 2601 2071 διεκελεύσατο
2622 2014 2733 2085 γὰρ
2755 2013 3031 2068 πιστεύειν
3059 2015 3276 2078 αὐτοὺς,
3306 2014 3404 2067 οὐκ
3438 2014 3518 2075 εἰς
3535 2012 3695 2083 μόνον
3723 2013 3826 2065 τὸν

2223 2111 2379 2172 Θεὸν,
2423 2109 2560 2162 ἀλλὰ
2610 2109 2704 2161 xui
2741 2110 2822 2172 εἰς
2865 2108 3047 2172 αὑτὸν,
3100 2107 3198 2177 οὑχ
3238 2106 3313 2170 ὡς
3343 2107 3529 2177 ἕτερόν
3570 2124 3623 2160 τι
3660 2108 3826 2175 παρὰ

2223 2206 2315 2257 τὸν
2362 2203 2491 2256 ὄντα
2522 2201 2683 2271 φύσει
2725 2199 2858 2254 Θεὸν
2904 2200 3165 2270 ὑπάρχων
3213 2200 3395 2263 αὑτὸς,
3446 2201 3569 2253 ὅσον
3618 2200 3697 2259 εἰς
3731 2199 3826 2252 οὐ·

2227 2298 2348 2360 σίας
2390 2295 2695 2365 ταυτότητα
2733 2294 2876 2362 λέγω
2896 2333 2909 2356 ,
2942 2292 3056 2345 ἀλλ’
3084 2293 3165 2345 ὅτι
3195 2292 3255 2345 τὸ
3284 2292 3364 2354 εἰς
3407 2290 3540 2344 Θεὸν
3593 2291 3823 2344 πιστεῦ-

2228 2406 2339 2449 σαι.
2380 2387 2436 2440 ἕν
2472 2404 2527 2439 τε
2565 2384 2739 2456 τούτῳ
2775 2384 2921 2455 μόνῳ
2953 2382 3031 2452 τῷ
3067 2384 3289 2454 ῥήματι,
3320 2382 3412 2434 τὸν
3443 2384 3541 2451 τῆς
3581 2382 3824 2444 πίστεως

2226 2478 2431 2534 οἴεσθαι
2464 2479 2575 2532 δεῖν
2628 2476 3088 2548 ωμπεπερᾶσθαι
3134 2476 3313 2543 λόγον,
3366 2474 3662 2543 Ἰουδαῖκῆς
3696 2472 3821 2537 πῶς

2227 2573 2375 2625 ἐστιν
2409 2569 2662 2632 ὑπονοίας
2695 2569 2847 2633 ἴδιον,
2873 2568 2933 2621 τὸ
2958 2568 3015 2621 δὲ
3034 2570 3101 2640 τῇ
3127 2569 3208 2631 εἰς
3236 2568 3367 2621 Θεὸν
3388 2566 3567 2620 πίστει
3600 2583 3817 2620 συνεισ-

2228 2665 2458 2733 άγεσθαι
2492 2663 2553 2716 τὸ
2585 2662 2757 2733 ὄνομα
2787 2662 2882 2716 τοῦ
2923 2662 3078 2726 Υἱοῦ,
3120 2660 3494 2732 κηρυγμάτων
3529 2659 3818 2728 εὐαγγελι-

2229 2760 2342 2814 κῶν
2366 2758 2647 2830 ἐπίταγμα
2673 2759 2944 2825 φαίνεται.
2978 2758 3070 2809 Δεῖ
3087 2754 3197 2826 γὰρ
3218 2754 3499 2808 πιστεύειν
3534 2754 3658 2815 τοὺς
3678 2752 3735 2805 οἴ
3753 2770 3818 2819 γε

2232 2851 2519 2923 φρονοῦσιν
2583 2849 2793 2921 ὀρθῶς,
2851 2848 2928 2912 εἰς
2972 2864 3036 2916 γε
3084 2847 3218 2900 Θεὸν
3275 2846 3517 2915 Πατέρα,
3572 2845 3668 2898 xui
3716 2845 3823 2914 οὐχ

2233 2943 2419 3007 ἁπλῶς
2441 2943 2522 3007 εἰς
2556 2942 2704 3006 Υἰὸν,
2736 2941 2872 2995 ἀλλὰ
2910 2941 3004 2993 καὶ
3038 2938 3561 3010 ὲνανθρωπήσαντα,
3600 2938 3696 2991 xui
3737 2940 3827 3000 εἰς

2232 3037 2291 3089 τὸ
2319 3034 2539 3107 Πνεῦμα
2567 3033 2630 3087 τὸ
2656 3033 2832 3103 ἅγιον.
2867 3032 2933 3085 Ἦ
2983 3032 3081 3102 μὲν
3107 3030 3216 3102 γάρ
3250 3030 3383 3099 ἁγία
3419 3045 3479 3082 τε
3510 3030 3601 3081 xui
3619 3027 3830 3098 ὀμοού-

2238 3145 2350 3192 σιος
2383 3127 2573 3198 Τριὰς,
2606 3126 2701 3180 xui
2748 3126 2871 3189 ταῖς
2909 3124 3018 3177 τῶν
3051 3124 3331 3193 ὀνομάτων
3378 3122 3682 3191 διαφοραῖς,
3723 3119 3833 3173 καὶ

548 3215 632 3259 est
663 3203 860 3267 Filius,
897 3220 962 3258 ac
993 3219 1104 3259 non
1158 3201 1354 3266 Pater,
1391 3208 1446 3255 et
1478 3201 1723 3272 Spiritus
1771 3213 1856 3258 est
1891 3204 2129 3275 Spiritus

2237 3220 2345 3274 τῶν
2374 3220 2683 3291 προσώπων
2702 3217 2953 3289 ποιότησί
2975 3235 3033 3270 τε
3059 3216 3153 3270 xui
3178 3215 3401 3285 ἰδιότησι
3429 3212 3827 3267 διαστέλλεται.

550 3304 778 3350 sanctus
819 3294 1123 3350 divinitatis
1172 3294 1473 3364 proprius:
1516 3306 1571 3349 et
1611 3296 1671 3351 in
1708 3297 1956 3353 eamdem
1998 3300 2130 3355 θεὸς

551 3386 769 3442 stantia:
816 3385 1089 3441 rationem
1129 3386 1425 3449 coalescit,
1473 3401 1587 3441 non
1638 3394 1751 3443 tres
1795 3389 1989 3455 nobis,
2036 3389 2131 3445 sed

549 3490 720 3530 unum
771 3474 948 3531 Deum
1004 3476 1345 3545 exprimens.
1406 3475 1678 3535 Distincte
1732 3479 1922 3550 itaque
1974 3481 2131 3537 nobis

549 3567 824 3622 edendam
860 3581 983 3623 esse
1014 3566 1172 3622 fidem
1209 3568 1318 3635 aio,
1357 3584 1467 3625 non
1499 3570 1828 3641 simpliciter
1857 3572 2127 3628 dicendo:

551 3656 840 3713 Credimus
872 3658 925 3714 in
960 3657 1154 3726 Deum,
1192 3660 1288 3717 sed
1318 3663 1719 3719 confessionem
1750 3666 2130 3733 extendendo,

551 3756 606 3802 et
653 3750 852 3818 cuique
903 3766 1150 3820 persona:
1189 3753 1438 3810 eamdem
1484 3754 1671 3825 gloriae
1714 3757 1980 3814 rationem
2036 3761 2135 3814 tri-

551 3840 795 3896 buendo.
823 3839 1133 3899 Differentia
1163 3846 1368 3916 quippe
1401 3846 1523 3902 fidei
1553 3848 1704 3902 nulla
1729 3858 1815 3905 est
1842 3849 1897 3904 in
1931 3851 2130 3906 nobis:

555 3947 653 3986 nec
682 3934 830 3987 enim
860 3935 1036 4004 major
1059 3945 1143 3992 est
1181 3938 1235 3991 in
1268 3938 1430 3994 nobis
1465 3938 1598 3996 fides
1632 3956 1755 4010 quae
1786 3942 1843 3996 in
1880 3941 2096 3998 Patrem
2118 3985 2133 4009 ,

554 4026 737 4080 minor
771 4037 951 4082 autem
981 4045 1102 4097 quae
1136 4029 1189 4083 in
1216 4028 1439 4099 Filium,
1469 4041 1525 4087 ct
1550 4043 1799 4088 sanctum
1831 4033 2131 4106 Spiritum:

555 4115 650 4170 sed
720 4132 829 4171 una
896 4118 1201 4189 eademque
1245 4121 1615 4179 confessionis
1652 4110 1799 4179 ratio,
1833 4141 1899 4180 ac
1937 4128 2137 4184 modus

555 4222 649 4276 per
680 4207 786 4262 tria
821 4209 937 4263 hazc
976 4210 1198 4264 nomina
1242 4213 1530 4282 aequaliter
1556 4215 1874 4270 extenditur
1897 4259 1912 4284 ,
1965 4228 2023 4272 ut
2069 4220 2135 4274 ad

556 4299 822 4353 unitatem
858 4308 1070 4354 natura!
1102 4302 1265 4355 etiam
1299 4319 1395 4374 per
1423 4305 1536 4360 haec
1570 4308 1687 4376 ipsa
1715 4309 2031 4367 coalescere
2058 4313 2137 4366 vi-

554 4390 753 4444 deatur
787 4401 976 4445 sancta
1026 4390 1270 4449 Trinitas
1291 4437 1307 4456 ,
1342 4404 1397 4450 et
1424 4395 1699 4467 inculpata
1727 4415 1957 4469 prorsus
1985 4405 2137 4460 circa

556 4483 733 4553 ipsam
764 4483 1030 4554 effulgens
1055 4484 1253 4554 gloria,
1278 4494 1446 4558 atque
1478 4489 1533 4543 in
1557 4491 1758 4547 animis
1782 4497 1989 4552 nostris
2016 4513 2133 4554 cer-

2234 3313 2423 3385 Πατὴρ
2476 3313 2585 3382 γάρ
2620 3314 2769 3365 ὲστιν
2816 3313 2846 3365 ὀ
2875 3310 3065 3381 Πατὴρ
3107 3310 3202 3363 xui
3248 3309 3345 3378 οὑχ
3376 3307 3524 3371 Υἱὸς,
3568 3305 3662 3359 xui
3693 3305 3833 3367 Υἱὸς

2234 3406 2394 3461 πάλιν
2415 3409 2443 3459 ὁ
2470 3405 2593 3469 Υἰὸς
2634 3404 2728 3458 xui
2760 3404 2820 3457 οὑ
2872 3403 3084 3474 Πατὴρ,
3118 3403 3212 3456 xui
3244 3399 3471 3470 Πνεῦμα
3498 3398 3558 3451 τὸ
3596 3395 3832 3464 Πνεῦμα

2231 3499 2292 3550 τὸ
2329 3496 2482 3564 ἅγιον
2517 3495 2649 3548 ἰδιον
2688 3493 2789 3564 τῆς
2833 3492 3109 3563 θεότητος
3151 3490 3245 3545 xui
3281 3492 3362 3552 εἰς
3403 3488 3495 3541 τὸν
3529 3487 3693 3540 αὑτὸν
3723 3486 3832 3553 τῆς

2233 3588 2425 3651 οὐσίας
2467 3584 2963 3655 ἀνακεφαλαιοῦται
3011 3582 3273 3652 λόγον,ού
3306 3584 3454 3652 τρεῖς
3498 3581 3650 3650 ἡμῖν,
3705 3576 3830 3630 ἀλλ’

2232 3679 2328 3733 ἕνα
2346 3678 2479 3732 Θεὸν
2530 3677 2934 3749 ὲπιγράφουσα.
2972 3673 3122 3743 ῐΓΑὴν
3150 3670 3503 3733 εύδιαστόλως
3550 3669 3694 3739 φημὶ
3711 3668 3831 3720 δεῖν

2232 3773 2381 3843 ἡμᾶς
2426 3769 2695 3824 ποιεῖσθαι
2740 3767 2840 3839 τὴν
2896 3766 3100 3828 πίστιν,
3146 3765 3245 3833 οὑχ
3310 3762 3499 3825 ἁπλῶς
3540 3761 3824 3829 λέγοντας·

2235 3862 2571 3932 Πιστεύομεν
2610 3862 2691 3922 εἰς
2725 3858 2881 3922 Θεὸν,
2934 3856 3048 3911 ἀλλ’
3094 3854 3460 3922 ὲξαπλοῦντας
3492 3853 3589 3924 τὴν
3631 3852 3829 3923 ὁμολο-

2235 3955 2380 4023 γίαν,
2413 3954 2507 4008 καὶ
2530 3953 2746 4023 ἑκάστῳ
2770 3948 3049 4021 προσώπῳ
3076 3948 3167 4001 τὸν
3191 3947 3352 4001 αὑτὸν
3382 3947 3480 4017 τῆς
3499 3947 3659 4017 δόξης
3689 3948 3831 4004 ἀνα-

2234 4047 2482 4110 τιθέντας
2519 4046 2698 4113 λόγον.
2746 4040 2992 4112 Διαφορὰ
3029 4040 3137 4111 γὰρ
3175 4041 3412 4104 πίστεως
3455 4037 3679 4106 οὐδεμία
3723 4035 3828 4106 μὲν

2235 4139 2292 4190 ὲν
2323 4138 2476 4208 ἡμῖν,
2498 4135 2557 4188 οὑ
2590 4134 2699 4204 γὰρ
2744 4130 2947 4204 μείζων
2977 4131 3074 4201 μὲν
3105 4132 3162 4183 ὲν
3185 4131 3319 4200 ἡμῖν
3350 4130 3383 4197 ή
3410 4127 3593 4189 πίστις
3622 4126 3680 4177 ὲν
3713 4126 3828 4179 Πα-

2233 4231 2345 4300 τρί,
2377 4228 2615 4281 ἐλάττων
2639 4224 2696 4278 δὲ
2728 4226 2784 4277 ἐν
2813 4222 2947 4292 Υἰῷ,
2981 4222 3013 4291 ἢ
3046 4221 3140 4274 καὶ
3171 4222 3228 4274 ὲν
3260 4218 3337 4290 τῷ
3360 4218 3497 4289 ἁγίῳ
3521 4215 3823 4287 Πνεύματιο

2237 4319 2354 4373 ἀλλ’
2377 4315 2459 4381 εἷς
2496 4333 2555 4369 τε
2582 4316 2676 4369 xui
2719 4312 2881 4376 αὑτὸς
2908 4312 3007 4382 τῆς
3035 4308 3325 4381 ὁμολογίας
3352 4310 3475 4379 ὅρος
3491 4324 3549 4359 τε
3575 4307 3667 4359 xui
3702 4304 3828 4376 τρό-

2237 4428 2338 4475 πος
2361 4408 2452 4463 διὰ
2479 4406 2645 4480 τριῶν
2671 4403 2964 4475 ἐρχόμενος
2989 4399 3269 4471 ὀνομάτων
3293 4400 3349 4452 ἐν
3378 4397 3478 4468 ἴσῳ
3507 4396 3585 4466 τῷ
3618 4396 3824 4467 μέτρῳ,

2240 4506 2330 4557 ἵνα
2356 4501 2492 4572 πρὸς
2525 4499 2754 4568 ἑνότητα
2794 4496 3011 4565 φύσεως
3040 4496 3136 4548 xui
3164 4492 3253 4547 διὰ
3279 4491 3483 4545 τούτων
3517 4488 3671 4543 ἰοῦσα
3697 4487 3827 4557 φαί-

557 4582 723 4630 natur
758 4576 811 4629 in
848 4575 1064 4630 Patrem
1106 4585 1161 4631 et
1191 4576 1390 4633 Filium
1424 4580 1597 4647 fides,
1638 4585 1801 4639 etiam
1840 4596 2129 4658 postquam

2240 4613 2400 4668 νηται
2438 4594 2600 4647 πάλιν
2634 4593 2667 4660 ὴ
2727 4589 2859 4658 ἁγία
2896 4588 3090 4660 Τριάς,
3131 4584 3545 4655 ἁκατηγόρητός
3586 4600 3645 4635 τε
3693 4599 3829 4636 παν·

556 4666 743 4721 factus
767 4675 853 4722 est
891 4667 1059 4722 homo
1081 4707 1097 4731 ,
1149 4676 1204 4723 et
1254 4670 1309 4724 iu
1343 4679 1597 4728 sanctum
1636 4675 1920 4746 Spiritum.
1948 4679 2139 4752 Neque

559 4774 748 4823 sanus,
791 4759 1008 4828 opinor,
1047 4760 1320 4830 quispiam
1358 4779 1389 4817 a
1431 4763 1522 4820 Dei
1560 4767 1741 4823 Verbo
1777 4771 2042 4843 templum
2070 4788 2135 4829 ex

559 4850 783 4922 Virgine
812 4859 1158 4922 assumptum
1188 4857 1527 4924 separaverit
1549 4859 1697 4930 quod
1722 4862 1791 4916 ad
1817 4862 2138 4919 filiationem

558 4941 819 4995 nimirum
868 4940 1104 4996 attinet:
1164 4961 1183 4995 ι
1227 4944 1386 5002 Unus
1428 4950 1575 5003 enim
1626 4950 1894 5011 Dominus
1952 4963 2142 5011 noster

556 5032 716 5088 Iesus
742 5031 1030 5103 Christus,
1064 5056 1080 5089 ι
1112 5036 1272 5108 juxta
1296 5039 1451 5096 Pauli
1478 5057 1666 5098 vocem
1690 5045 1735 5077 "
1754 5085 1768 5098 .
1813 5046 2143 5119 Quicunque

558 5138 689 5178 vero
735 5124 791 5178 in
823 5124 964 5182 duos
996 5126 1137 5185 filios
1166 5146 1336 5187 unum
1372 5134 1526 5189 illum
1568 5150 1633 5189 ac
1680 5137 1860 5191 solum
1905 5138 2138 5206 dividit,

560 5214 721 5269 fidem
747 5215 936 5287 utique
958 5232 1156 5290 negare
1176 5237 1235 5277 se
1258 5238 1490 5293 prorsus
1513 5224 1804 5295 intelligat.
1829 5225 1895 5280 Et
1915 5228 2134 5297 quidem

558 5307 763 5391 Paulus
800 5310 1021 5369 divinus
1055 5314 1319 5384 praeclare
1349 5315 1418 5371 de
1444 5316 1530 5372 his
1564 5330 1874 5373 sermonem
1908 5326 2103 5377 texens
2124 5365 2142 5385 ,

560 5416 670 5457 non
707 5403 914 5460 nudum
956 5406 1026 5460 ad
1066 5406 1224 5462 fidem
1257 5408 1474 5463 induxit
1514 5407 1865 5479 Unigenitum
1893 5455 1907 5473 .
1949 5414 2042 5469 sed
2087 5424 2141 5470 et

560 5495 736 5550 nostri
766 5497 999 5553 similem
1020 5542 1034 5565 ,
1079 5499 1136 5555 id
1175 5507 1264 5555 est
1295 5500 1574 5555 hominem
1602 5539 1618 5566 ,
1663 5503 1757 5572 qui
1802 5512 1856 5558 et
1888 5514 2138 5563 mortuus

558 5597 612 5643 et
632 5589 904 5645 excitatus
931 5601 1015 5647 est
1048 5605 1078 5644 a
1110 5593 1391 5647 mortuis:
1442 5611 1460 5643 ι
1490 5591 1636 5658 Quid
1688 5595 1834 5650 enim
1855 5638 1870 5662 ,
1918 5598 2138 5670 inquit,

561 5682 695 5739 dicit
736 5681 1091 5783 tScriptura?
1128 5683 1305 5754 Prope
1349 5692 1402 5740 te
1438 5692 1521 5740 est
1550 5686 1775 5742 verbum
1806 5689 1860 5744 in
1898 5705 1995 5748 ore
2024 5704 2138 5761 tuo,

632 5866 680 5900 δ’
718 5865 858 5923 Psal.
901 5882 1052 5933 χιι-ι,
1091 5868 1174 5927 10.
1258 5868 1347 5923 '"l
1386 5868 1510 5925 Cor.
1552 5886 1676 5941 vm,
1716 5871 1769 5927 6.

2241 4687 2413 4751 τελῶς
2473 4688 2507 4757 ἡ
2564 4683 2696 4755 περὶ
2748 4680 2917 4752 αὐτὴν
2972 4678 3359 4749 διαλάμπουσα
3417 4674 3564 4741 δόξα,
3627 4674 3723 4737 xui
3772 4673 3829 4726 ἑν

2244 4782 2363 4842 ταῖς
2420 4775 2719 4848 ἡμετέραις
2770 4771 2945 4844 ὁρῷτο
2995 4770 3194 4840 ψυχαῖς
3240 4768 3320 4830 εἰς
3366 4763 3587 4834 Πατέρα
3628 4762 3723 4815 xui
3752 4763 3832 4823 εἰς

2247 4871 2373 4924 Υίὸν
2412 4871 2445 4941 ἡ
2484 4868 2692 4931 πίστις,
2744 4865 2835 4919 xui
2875 4865 2965 4917 ὅτε
3009 4861 3237 4931 γέγονεν
3276 4857 3579 4928 ἄνθρωπος,
3614 4852 3713 4907 xui
3753 4854 3833 4915 εἰς

2243 4963 2306 5017 τὸ
2339 4962 2564 5033 Πνεῦμα
2586 4960 2646 5014 τὸ
2669 4959 2844 5026 ἅγιον.
2880 4955 2989 5009 Καὶ
3011 4955 3111 5007 οὑκ
3148 4952 3234 5016 ἂν,
3259 4946 3433 5019 οἶμαι,
3468 4946 3697 5002 διέλοι-τό
3725 4961 3830 5008 τις,

2245 5056 2299 5109 εἴ
2338 5072 2401 5124 γε
2438 5050 2765 5124 σωφρονοίη,
2798 5049 2892 5102 τοῦ
2923 5046 3060 5102 Θεοῦ
3099 5046 3273 5114 Λόγου
3307 5044 3398 5098 τὸν
3440 5045 3504 5095 ὲκ
3549 5038 3832 5110 Παρθένου

2244 5147 2389 5210 ναὸν,
2443 5147 2566 5199 ὅσον
2618 5140 2754 5215 ἧκεν
2805 5143 2885 5204 εἰς
2912 5140 2971 5192 τὸ
3018 5139 3117 5209 τῆς
3152 5136 3397 5205 υἰότητος
3446 5131 3636 5204 χρῆμά
3665 5142 3830 5199 φημι·

2250 5258 2268 5289 ι
2307 5232 2401 5301 Εἷς
2426 5239 2535 5308 γάρ
2587 5234 2793 5306 Κύριος
2839 5230 3047 5302 Ἰησοῦς
3089 5228 3345 5300 Χριστὸς,
3384 5245 3402 5277 ι
3450 5223 3593 5278 κατά
3615 5223 3715 5291 τὴν
3737 5218 3831 5273 τοῦ

2241 5330 2458 5387 Παύλου
2492 5329 2698 5399 φωνήν.
2753 5325 2811 5380 Ὀ
2839 5325 2896 5378 δὲ
2924 5323 3227 5394 διατέμνων
3260 5321 3340 5384 εἰς
3370 5318 3503 5371 υἱῶν
3546 5315 3712 5369 δυάδα
3742 5312 3833 5365 τὸν

2245 5422 2342 5476 ἕνα
2371 5422 2464 5475 xui
2501 5420 2681 5491 μόνον,
2714 5418 2845 5471 ἵστω
2886 5415 2950 5487 δὴ
2975 5415 3193 5478 πάντως
3223 5411 3320 5482 τὴν
3350 5408 3532 5465 πίστιν
3561 5406 3832 5479 ἀρνούμε-

2248 5531 2358 5577 νος.
2399 5514 2511 5566 Καὶ
2540 5511 2670 5581 γοῦν
2705 5512 2734 5563 ὀ
2778 5509 3065 5573 θεσπέσιος
3091 5506 3302 5570 Παῦλος
3346 5505 3440 5558 τὸν
3476 5498 3833 5574 περὶτούτων

2248 5604 2448 5678 ἄριστά
2470 5622 2528 5658 τε
2558 5604 2653 5658 xui
2678 5601 2800 5656 λίαν
2828 5599 3005 5671 ὀρθῶς
3028 5598 3329 5668 ὲξυφαίνων
3353 5596 3531 5665 λόγον,
3549 5594 3610 5647 οὑ
3628 5589 3832 5663 γυμνὸν

2250 5698 2327 5762 εἰς
2360 5698 2543 5752 πίστιν
2592 5694 2943 5767 εἰσκεκόμικε
2984 5692 3073 5746 τὸν
3116 5692 3419 5761 Μονογενῆ,
3462 5685 3597 5743 ἀλλὰ
3641 5685 3735 5739 xui
3774 5682 3832 5737 ἐν
