4096 6492
262 404 361 459 181

1338 420 1405 475 ΙΝ
1439 420 1730 478 JOANNIS
1764 419 2217 480 EVANCELIUM
2264 424 2394 482 LIB.
2438 424 2530 480 IX.

3426 432 3444 484 l
3460 429 3529 483 2:2

251 522 515 615 τοῖςκαθ’
548 525 693 595 ἡμᾶς
714 529 994 595 γεγονότα,
1024 530 1166 585 τοῦτ’
1197 533 1365 602 ἐστιν,
1388 536 1674 609 ἄνθρωπον
1703 538 1837 593 ἀπο-

1953 540 2069 596 etin
2101 542 2268 597 corde
2293 548 2425 597 tuo:
2460 543 2565 598 hoc
2598 549 2685 599 est
2716 540 2944 597 verbum
2970 542 3130 607 ﬁdei,
3158 544 3302 614 quod
3335 548 3533 615 pradi-

253 612 486 670 θανόντα
523 633 580 669 τε
622 620 717 672 καὶ
772 621 1151 695 ἐγηγερμένον
1179 627 1255 680 ἐκ
1297 628 1528 699 νεκρῶν.
1573 648 1591 682 ι
1631 630 1695 684 Τί
1733 631 1843 701 γάρ

254 722 420 777 φησιν
438 724 453 773 ;
471 707 667 776 Ἐγγύς
694 728 787 764 σου
815 712 875 766 τὸ
898 712 1055 785 ῥῆμά
1081 717 1250 784 ἐστιν,
1280 719 1338 772 ἐν
1366 718 1443 791 τῷ
1464 720 1691 793 στόματί
1724 739 1839 786 σου,

250 800 343 855 καὶ
358 802 416 855 ἐν
439 804 505 872 τῇ
527 803 721 875 καρδίᾳ
744 821 859 872 σου,
905 806 1051 869 τοῦτ’
1067 808 1278 874 ἐστι,τὸ
1303 812 1452 883 ῥῆμα
1466 812 1565 885 τῆς
1585 812 1842 882 πίστεως,

246 891 276 944 ὃ
307 892 675 966 κηρύσσομεν.
707 898 853 951 Διότι
904 898 999 955 ἐὰν
1043 903 1207 975 εἴπῃς
1257 903 1318 959 ἐν
1346 905 1425 977 τῷ
1456 906 1689 977 στόματί
1721 925 1839 975 σου,

244 985 327 1037 ὅτι
350 986 555 1057 Κύριος
598 989 825 1059 Ἰησοῦς,
857 991 954 1046 καὶ
990 995 1288 1070 πιστεύσῃς
1318 998 1378 1051 ἐν
1401 1000 1466 1069 τῇ
1494 998 1695 1070 καρδίᾳ.
1723 1017 1841 1066 σου,

245 1076 328 1129 ὅτι
359 1080 387 1131 ό
416 1077 550 1142 Θεὸς
591 1080 779 1155 ἤγειρε
813 1084 974 1138 αὐτὸν
998 1086 1063 1140 ἐκ
1087 1087 1322 1158 νεκρῶν,
1356 1088 1597 1163 σωθήσῃ.
1630 1090 1845 1163 Καρδίᾳ

246 1166 355 1237 γὰρ
386 1168 704 1224 πιστεύεται
738 1174 819 1237 είς
847 1173 1217 1245 δικαιοσύνην,
1258 1176 1487 1249 στόματι
1552 1179 1611 1233 δέ
1650 1181 1843 1251 ὁμολο-

245 1260 427 1324 γεῖται
454 1261 533 1324 είς
572 1263 869 1335 σωτηρίαν.
913 1285 933 1319 ι
984 1268 1047 1321 Εἰ
1095 1267 1151 1321 δέ
1202 1270 1531 1340 πιστεύομεν
1570 1273 1652 1335 είς
1690 1272 1841 1337 Υίὸν,

245 1349 326 1413 ὡς
378 1352 773 1427 ἐγηγερμένον,
818 1358 903 1419 τίς
938 1359 967 1411 ό
1004 1358 1260 1425 τεθνεὼς,
1318 1361 1404 1414 ἵνα
1452 1364 1547 1417 καὶ
1598 1364 1840 1437 ἀναστῇ;

260 1440 403 1495 Ἀλλ’
433 1442 551 1498 ἐστι
586 1446 765 1517 δῆλον,
798 1450 881 1502 ὅτι
909 1450 1163 1505 τεθνάναι
1183 1454 1383 1506 νοεῖται
1410 1454 1553 1508 κατὰ
1585 1456 1683 1526 τὴν
1712 1457 1845 1527 σάρ-

247 1548 344 1588 κα.
365 1533 743 1608 Κατεκλείσθη
770 1539 881 1608 γὰρ
921 1542 1000 1603 είς
1032 1540 1261 1597 θάνατον
1295 1544 1354 1597 τὸ
1380 1545 1512 1599 ἴδιον
1541 1546 1706 1600 αὐτοῦ
1738 1547 1845 1600 σῶ-

247 1640 348 1693 μα,
391 1625 485 1679 καὶ
503 1626 703 1681 ἀνεϐίω
728 1630 911 1684 πάλιψ
948 1631 1111 1704 σῶμα
1134 1633 1244 1705 γὰρ
1271 1630 1340 1706 ἦν
1374 1637 1471 1707 τῆς
1504 1638 1649 1692 κατά
1680 1640 1844 1708 φύσιν

247 1716 415 1787 ζωῆς,
456 1717 589 1789 ὅλην
622 1720 719 1775 τοῦ
748 1722 806 1774 ἐν
849 1724 997 1795 αὐτῷ
1031 1728 1481 1799 κατοικήσαντος,
1529 1733 1621 1785 καὶ
1666 1733 1844 1805 ἀρρή-

246 1824 356 1870 τως
400 1809 682 1879 ἡνωμένον
730 1812 828 1883 τὴν
892 1814 1131 1887 ἰδιότητα
1192 1818 1425 1889 φοροῦνλ,
1477 1819 1623 1875 τοῦτ’
1672 1822 1840 1887 ἔστιν,

1946 651 2161 692 eamus.
2189 637 2327 702 Quia
2362 638 2407 693 si
2439 637 2756 694 conﬁtearis
2791 639 2843 691 in
2875 652 2969 693 ore
2999 647 3093 693 tuo
3121 636 3411 695 Dominum
3440 639 3533 695 Je-

1947 744 2100 793 sum,
2144 736 2205 783 et
2243 730 2295 783 in
2330 731 2499 786 corde
2541 737 2637 787 tuo
2667 730 2972 787 credideris
3026 731 3154 802 quia
3190 730 3337 789 Deus
3379 733 3531 789 illum

1945 821 2236 876 suscitavit
2270 836 2300 875 a
2336 824 2570 880 mortuis
2594 867 2608 891 ,
2646 825 2832 879 salvus
2855 824 2991 880 eris.
3019 824 3200 880 Corde
3228 827 3376 881 enim
3412 842 3534 882 ere-

1945 912 2100 968 ditur
2130 913 2196 968 ad
2221 912 2490 984 justitiam
2517 934 2532 971 :
2565 930 2660 971 ore
2684 926 2865 971 autem
2897 916 3177 973 conle$sio
3205 916 3263 972 ﬁt
3290 917 3357 974 ad
3382 919 3534 973 salu-

1946 1014 2056 1062 tem
2087 1006 2153 1060 ⁸⁸.
2193 1026 2211 1059 ι
2253 1006 2409 1074 Quod
2441 1010 2487 1065 si
2524 1009 2805 1066 credimus
2837 1009 2891 1064 in
2926 1009 3160 1076 Filium,
3196 1016 3257 1064 ut
3284 1010 3379 1080 qui
3412 1026 3533 1066 sur-

1946 1098 2112 1165 rexit,
2143 1101 2269 1170 quis
2303 1108 2389 1156 est
2419 1101 2513 1155 ille
2557 1109 2836 1164 mortuus,
2868 1110 2927 1155 ut
2967 1113 3020 1157 et
3051 1102 3398 1173 resurgeret?
3433 1103 3532 1156 At-

1946 1192 2043 1263 qui
2092 1192 2453 1249 mauil‘estum
2494 1202 2579 1248 est
2632 1193 2938 1249 secundum
2975 1208 3202 1248 carnem
3254 1201 3533 1250 mortuum

1947 1285 2185 1340 censeri.
2217 1284 2558 1340 Conelusum
2584 1285 2730 1340 enim
2766 1295 2852 1341 est
2892 1285 2946 1339 in
2982 1294 3215 1340 mortem
3250 1287 3533 1357 proprium

1946 1378 2069 1447 ejus
2097 1393 2303 1448 corpus
2328 1420 2343 1444 ,
2387 1387 2552 1449 atque
2586 1378 2786 1432 iterum
2817 1377 3017 1432 revixit
3051 1395 3064 1430 :
3098 1392 3307 1449 corpus
3332 1379 3535 1449 quippe

1947 1480 2067 1525 erat
2105 1472 2230 1526 vitae
2267 1471 2570 1526 secundum
2600 1482 2880 1533 naturam,
2908 1476 3076 1523 totam
3109 1469 3230 1539 ejus
3259 1470 3353 1540 qui
3382 1470 3438 1523 in
3468 1483 3535 1523 eo

1949 1562 2241 1629 habitavit,
2272 1574 2330 1619 et
2362 1561 2719 1618 incﬁ‘abiliter
2758 1561 2919 1632 763
2948 1568 3036 1615 est
3068 1561 3259 1615 unitus
3291 1560 3537 1630 proprie-

1948 1661 2115 1709 tatem
2163 1656 2454 1711 continens
2479 1692 2494 1718 ,
2546 1654 2652 1707 boc
2683 1663 2767 1709 est
2798 1651 2904 1706 vim
2932 1662 2986 1707 et
3016 1649 3317 1707 efﬁcaciam
3355 1650 3535 1705 viviﬁ-

1948 1762 2091 1801 eam.
2123 1745 2179 1801 Si
2213 1747 2341 1818 quis
2370 1761 2505 1817 ergo
2537 1745 2781 1811 dividat,
2816 1754 2869 1800 et
2900 1744 3132 1799 seorsim
3166 1759 3378 1813 ponens
3409 1758 3533 1798 car-

1948 1854 2073 1893 nem
2104 1878 2117 1903 ,
2171 1847 2225 1894 et
2262 1839 2358 1910 qui
2406 1837 2675 1893 habitavit
2725 1837 2782 1891 in
2828 1851 2891 1891 ea
2950 1836 3313 1906 corporaliter
3342 1874 3358 1899 ,
3397 1835 3536 1890 duos

248 1898 533 2007 ἐνέργειαν
581 1900 681 1973 τὴν
729 1902 1014 1966 ζωοποιόν.
1043 1907 1214 1961 Ὅταν
1260 1904 1354 1964 οὖν
1398 1928 1484 1975 τις
1522 1912 1693 1985 διέλῃ,
1747 1916 1841 1968 καὶ

1953 1928 2136 1983 dicere
2167 1928 2307 1983 lliios
2336 1926 2567 1991 audeat,
2599 1926 2743 1981 sciat
2771 1942 2830 1981 se
2864 1926 2919 1979 in
2948 1925 3123 1981 solam
3156 1940 3379 1980 carnem
3411 1940 3534 1981 cre-

250 1989 367 2053 θεὶς
414 1991 518 2045 ἀνά
554 1991 719 2063 μέρος
763 1998 859 2063 τήν
893 2013 954 2048 τε
1010 1998 1189 2068 σάρκα
1226 2001 1319 2053 καὶ
1354 2001 1449 2057 τὸν
1488 2004 1844 2074 ἐνοικήσαντα

1953 2021 2100 2076 dere.
2147 2021 2357 2075 Divitiae
2382 1989 2585 2091 quippe
2615 2018 2919 2088 Scriptura
2948 2019 3175 2073 credere
3204 2034 3306 2075 nos
3336 2018 3538 2074 docent

249 2087 580 2155 σωματικῶς
609 2088 666 2139 ἐν
691 2088 851 2160 αὐτῇ,
879 2089 973 2144 δύο
1004 2091 1248 2164 τολμήσῃ
1275 2093 1453 2164 λέγειν
1479 2098 1647 2163 υἱοὺς,
1676 2115 1841 2167 γινω-

250 2177 429 2230 σκέτω
449 2178 729 2233 πιστεύειν
746 2182 827 2244 είς
863 2181 1032 2252 μόνην
1062 2183 1164 2255 τὴν
1186 2185 1385 2256 σάρκα.
1420 2188 1708 2244 Πιστεύειν
1736 2191 1845 2263 γὰρ

247 2271 281 2337 ἡ
292 2270 400 2339 μᾶς
428 2271 483 2323 αἱ
524 2268 665 2325 θεῖαι
700 2272 1008 2328 διδάσκουσι
1042 2276 1258 2346 Γραφαὶ
1284 2279 1362 2341 είς
1386 2278 1475 2333 τὸν
1505 2281 1847 2352 σταυρωθέν-

247 2379 321 2415 τα
355 2380 411 2416 τε
437 2364 531 2417 καὶ
565 2364 923 2431 ἀποθανόντα,
971 2370 1065 2422 καί
1106 2371 1476 2442 ἐγηγερμένον
1515 2374 1577 2425 ἐκ
1613 2374 1843 2445 νεκρῶν,

251 2452 350 2522 οὐχ
374 2452 451 2516 ὡς
477 2452 665 2525 ἓτερον
688 2455 817 2509 δντα
845 2457 997 2527 παρά
1022 2457 1114 2510 τὸν
1149 2461 1206 2512 ἐν
1226 2460 1364 2530 αὐτῇ
1387 2460 1518 2514 Θεὸν
1534 2462 1727 2531 Λόγον,
1749 2466 1848 2535 οὐχ

251 2542 379 2595 ὅσον
410 2544 490 2607 είς
515 2543 703 2609 οὐσίας
722 2546 1028 2617 ταυτότητά
1058 2565 1223 2619 φημι·
1252 2550 1410 2621 σῶμα
1440 2551 1550 2623 γάρ
1576 2553 1637 2606 τὸ
1664 2554 1845 2625 σῶμα,

248 2634 347 2686 καὶ
375 2634 436 2686 ού
469 2636 663 2704 Λόγος,
714 2640 760 2690 εί
788 2639 884 2691 καὶ
913 2639 1075 2709 σῶμα
1104 2641 1198 2693 τοῦ
1244 2642 1439 2710 Λόγον,
1472 2644 1589 2699 ἀλλ’
1617 2647 1742 2699 ὅσον
1767 2648 1847 2711 είς

245 2723 313 2775 τὸ
336 2723 434 2791 τῆς
468 2724 705 2795 ἀληθοῦς
737 2728 983 2798 υίότητος
1016 2729 1228 2801 χρῆμα.
1256 2732 1321 2785 Εί
1351 2733 1407 2786 δέ
1446 2752 1524 2805 τῳ
1554 2735 1846 2807 δοκοίημεν

247 2816 351 2869 οὐκ
371 2817 571 2888 ἄριστα
595 2818 795 2887 λέγειν,
815 2821 1175 2877 ἐπιδεικνύτω
1206 2825 1495 2895 παρελθὼν
1519 2829 1611 2882 τὸν
1632 2832 1697 2885 ἐκ
1708 2832 1847 2885 Θεοῦ

248 2908 523 2963 τεθνεῶτα
565 2910 737 2981 Λόγον
766 2914 902 2968 καθὸ
931 2919 1134 2970 νοεῖται
1162 2917 1316 2983 Θεὸς,
1352 2920 1489 2992 ὅπερ
1536 2923 1687 2977 ἐστὶν
1716 2925 1843 2980 ἀδύ-

250 3016 431 3067 νατον,
464 3002 667 3073 μᾶλλον
693 3005 751 3058 δὲ
771 3005 865 3060 καὶ
897 3007 1055 3077 μόνον
1082 3009 1333 3080 ἐννοῆσαι
1367 3012 1646 3080 δυσσεϐἐς.

336 3092 438 3147 Ἐν
466 3093 541 3162 τῇ
574 3097 734 3164 οἰκίᾳ
791 3098 897 3153 τοῦ
934 3102 1161 3169 Πατρός
1201 3120 1342 3172 μου,
1396 3106 1578 3174 μοναί
1620 3110 1847 3165 πολλαί

257 3186 433 3239 εἰσιν
471 3190 525 3242 εί
557 3188 627 3243 δὲ
663 3189 772 3261 μὴ,
815 3188 989 3247 εἷπον
1049 3193 1126 3248 ἂν
1169 3196 1336 3265 ύμῖν-ο
1386 3197 1477 3252 ὅτι
1519 3202 1845 3272 πορεύομαι

258 3274 558 3347 ἑτοιμάσαι
589 3283 778 3336 τόπον
803 3284 967 3353 ὑμῖν.
993 3286 1104 3340 Καὶ
1125 3286 1235 3341 ἐὰν
1263 3290 1552 3360 πορευθῶ,
1577 3294 1679 3347 καὶ
1690 3295 1842 3348 ἐτοι⁶

251 3365 427 3435 μάσω
462 3373 649 3426 τόπον
682 3346 857 3444 ύμῖν,-
881 3376 1069 3433 πάλιν
1112 3346 1381 3450 ἔρχομαι,
1440 3346 1552 3437 καὶ,
1576 3346 1847 3453 «apd/2‘11-
1873 3346 1916 3401 Ο

255 3463 442 3531 ψομαι
469 3465 625 3534 ὑμᾶς
640 3468 767 3539 μετ’
797 3468 1080 3539 ἐμαυτοῦ,
1121 3473 1221 3527 ἵνα
1252 3472 1407 3529 ὅπου
1435 3476 1549 3545 εἰμί
1577 3477 1713 3549 ἐγὼ,
1747 3481 1846 3534 καὶ

254 3552 426 3619 ὑμεῖς
462 3554 587 3619 ἥτε.

289 3571 292 3587 ’
374 3572 388 3603 ι
575 3597 587 3608 .

289 3554 679 3693 μξλῖαῇξιῖιίως
697 3630 879 3695 αὐτοῖς
907 3632 967 3684 τὸ
991 3632 1065 3704 μὴ
1099 3634 1296 3705 χρῆναι
1325 3638 1687 3708 ταράττεσθαι
1712 3640 1846 3693 διει-

244 3712 399 3776 "mino,
438 3718 714 3774 πιστεύειν
742 3739 801 3775 τε
850 3723 1071 3794 μᾶλλον,
1127 3727 1221 3779 καὶ
1254 3728 1334 3791 εἷς
1387 3746 1446 3781 τε
1496 3730 1716 3801 Πατέρα
1755 3733 1847 3785 τὸν

253 3805 391 3858 θεὸν
442 3811 538 3862 καὶ
570 3812 762 3867 ἐαυτὸν
795 3816 1079 3883 ἐπιτάξας,
1113 3818 1205 3871 καὶ
1243 3819 1549 3890 ἀναφανδὸν
1579 3823 1678 3895 ἤδη
1714 3825 1848 3895 φησὶ

260 3900 733 3972 μικροψυχοῢντας
768 3909 1283 3980 παραμυθούμενος,
1320 3913 1397 3977 ὡς
1448 3914 1547 3968 οὐκ
1580 3915 1684 3979 ἔξω
1752 3934 1846 3986 με·

255 3987 410 4043 νοῦσι
451 3992 553 4062 τῆς
604 3995 758 4060 ὁσίας
816 3997 1009 4069 αὐλῆς,
1064 4001 1179 4053 ἀλλ’
1233 4004 1696 4073 ἐνοικισθήσονται
1748 4008 1847 4078 μὲν

254 4084 377 4146 ταῖς
408 4083 521 4138 ἀνω
562 4090 773 4156 μοναῖς,
804 4091 863 4143 ἐν
894 4091 953 4144 δὲ
977 4094 1043 4163 τῇ
1075 4095 1184 4147 τῶν
1214 4096 1575 4165 πρωτοτόκων
1624 4099 1849 4171 Ἐκκλη-

258 4173 357 4244 σία.
400 4175 493 4228 τὸν
549 4180 872 4251 μακραίωνα
922 4183 1172 4255 τρίψουσι
1203 4185 1336 4257 βίον,
1382 4189 1476 4243 καὶ
1516 4192 1576 4243 ἐν
1631 4192 1852 4247 ἀτελευ-

256 4266 439 4337 τήτοις
495 4268 711 4325 ἔσονται
752 4276 865 4337 τοῖς
911 4276 1167 4345 ἀγαθοῖς.
1199 4279 1408 4345 Πολλάς
1444 4298 1506 4353 γε
1550 4283 1656 4355 μὴν
1711 4280 1851 4339 εἷναί

257 4375 391 4429 φησι
423 4360 522 4425 τὰς
556 4365 725 4435 μονὰς
764 4368 822 4420 ἐν
853 4369 918 4440 τῇ
953 4369 1044 4422 τοῦ
1076 4370 1286 4443 Πατρὸς
1334 4374 1499 4446 οἰκίᾳ,
1539 4375 1855 4449 πολυχὼρη·

255 4450 348 4503 τόν
372 4468 495 4505 τινα
528 4453 795 4511 διδάσκων
825 4454 963 4513 εἶναι
993 4461 1085 4515 τὸν
1125 4461 1374 4533 οὐρανὸν,
1412 4466 1503 4519 καὶ
1532 4467 1853 4540 προσθήκης

256 4543 519 4616 οὐδεμιᾶς
546 4548 753 4603 δεῖσθαι
776 4552 1050 4616 παντελῶς
1072 4555 1171 4624 τὴν
1193 4556 1329 4628 παρ’
1351 4558 1518 4612 αὐτοῦ
1548 4562 1851 4633 γενομένην

258 4637 437 4691 κτίσιν
468 4642 546 4703 εἰς
572 4641 632 4696 τὸ
657 4641 919 4697 δύνασθαι
950 4643 1281 4713 λαϐεῖντοὺς
1306 4650 1636 4718 ἀγαπῶντας
1664 4656 1847 4709 αὐτόν.

259 4732 421 4798 Εἰκὸς
448 4735 529 4801 δὲ,
553 4736 638 4791 ὅτι
668 4738 765 4791 καὶ
792 4738 855 4792 τὸ
895 4740 1151 4813 διάφορον
1194 4742 1296 4813 τῆς
1321 4745 1507 4815 τιμῆς,
1536 4746 1613 4817 τῷ
1647 4747 1849 4813 πολλὰς

257 4824 399 4883 εἶναι
480 4830 660 4900 λέγειν
735 4831 834 4897 τὰς
897 4834 1087 4905 μονὰς,
1155 4837 1509 4908 ύποσημῆναι
1580 4840 1850 4909 βούλεται,

257 4923 489 4976 ἑκάστου
540 4923 635 4979 τοῦ
678 4923 869 4996 διαζῇν
937 4924 1265 4997 βουλομένου
1327 4930 1389 4982 ἐν
1444 4931 1637 5003 ἀρετῇ.
1690 4934 1854 4989 τόπον

256 5011 447 5084 ὥσπερ
492 5014 615 5069 τινά
659 5014 753 5068 τὸν
805 5016 935 5070 ἴδιον
973 5019 1412 5091 ἀποληψομένου,
1464 5023 1556 5076 καὶ
1594 5024 1692 5095 τὴν
1741 5028 1854 5091 τοῖς

258 5105 425 5159 αὐτοῦ
458 5106 777 5178 πρέπουσαν
826 5110 1213 5183 κατορθώμασι
1240 5113 1416 5179 δόξαν.
1456 5116 1519 5167 Εἰ
1551 5116 1626 5186 μὴ
1657 5116 1851 5172 πολλαὶ

257 5197 548 5269 τοιγαροῦν
594 5195 734 5270 ἦσαν
775 5201 833 5254 αἱ
866 5203 1018 5274 παρά
1054 5204 1130 5274 τῷ
1176 5204 1299 5276 Θεῷ
1327 5208 1419 5261 καὶ
1462 5208 1637 5279 Πατρὶ
1666 5209 1847 5278 μοναὶ,

256 5288 465 5361 ταύτης
498 5291 563 5345 ἂν
616 5294 803 5349 ἕνεκεν
829 5294 930 5366 τῆς
967 5296 1148 5360 αἰτίας
1181 5300 1667 5371 προαποδημήσειν
1717 5299 1844 5371 ἔφη,

256 5380 335 5445 ὡς
371 5381 614 5453 δηλονότι
666 5389 1060 5457 προετοιμάσαι
1090 5389 1159 5443 τὰ
1207 5390 1313 5444 τῶν
1367 5392 1537 5460 ἁγίων
1582 5393 1852 5463 ἐνδιαιτή⁴

261 5489 430 5543 ματα·
504 5476 703 5542 πολλὰς
768 5480 825 5534 δὲ
873 5480 1040 5546 οὔσας
1108 5482 1267 5549 εἰδὼς
1327 5486 1851 5556 προητοιμασμένας

257 5565 385 5636 ἤδη,
424 5568 519 5622 καὶ
546 5568 653 5622 τῶν
675 5571 1011 5640 ἀγαπώντων
1037 5575 1169 5629 Θεὸν
1201 5579 1601 5648 περιμενούσας
1626 5579 1725 5651 τὴν
1758 5578 1856 5648 ἀφ-

262 5658 391 5724 ιξιν,
435 5660 572 5731 Οὐχὶ
630 5663 836 5733 ταύτης
894 5665 1058 5721 ἕνεκα
1105 5668 1205 5739 τῆς
1239 5670 1419 5735 αίτίας
1451 5672 1847 5742 ἀποδημήσωνν

259 5749 450 5819 φησὶν,
502 5750 640 5805 ἀλλά
694 5754 793 5823 τῆς
852 5755 1038 5811 ἀνόδου
1088 5762 1185 5831 τῆς
1218 5761 1349 5832 πρὸς
1393 5762 1452 5816 τὸ
1505 5761 1638 5830 ἄνω,
1683 5761 1849 5833 μονὴν

336 5864 380 5895 ⁸⁸
420 5862 577 5921 Rom.
613 5883 665 5933 Χ,
700 5868 856 5925 840.

1950 2113 2005 2167 in
2065 2111 2417 2176 crucifixum,
2446 2119 2499 2167 et
2529 2119 2809 2165 mortuum
2833 2151 2848 2175 ,
2881 2118 2935 2165 et
2958 2109 3260 2163 excitatum
3289 2124 3354 2164 ex
3387 2124 3538 2164 mor—

1952 2205 2090 2263 tuis.
2117 2219 2229 2259 non
2260 2203 2423 2275 quasi
2464 2204 2608 2259 alius
2644 2203 2718 2259 sit
2753 2218 2783 2256 a
2820 2202 2932 2257 Deo
2963 2203 3143 2257 Verbo
3166 2203 3313 2273 quod
3352 2210 3438 2257 est
3482 2205 3537 2258 in

1949 2297 2104 2368 ipsa,
2155 2298 2300 2369 quod
2353 2297 2421 2351 ad
2482 2296 2812 2352 substantia:
2875 2295 3140 2350 nimirum
3194 2296 3535 2350 identitatem

1951 2398 2165 2461 spectat
2198 2409 2211 2446 :
2257 2405 2465 2461 corpus
2514 2392 2662 2445 enim
2704 2403 2912 2460 corpus
2943 2396 3061 2456 est,
3106 2405 3219 2443 non
3254 2387 3493 2443 Verbum
3520 2430 3535 2453 ,

1951 2483 2085 2538 licet
2112 2498 2315 2553 corpus
2345 2483 2417 2536 sit
2444 2481 2649 2546 Verbi,
2682 2481 2780 2537 sed
2807 2488 3075 2551 quantum
3114 2481 3182 2535 ad
3216 2480 3535 2534 ﬁliationem

1953 2583 2184 2644 spectat.
2234 2573 2394 2641 Quod
2434 2574 2581 2629 sicut
2624 2574 2807 2628 minus
2848 2580 2998 2628 recte
3035 2572 3180 2641 loqui
3214 2572 3534 2632 videamur,

1956 2665 2047 2720 Dei
2082 2664 2324 2721 Verbum
2366 2672 2645 2719 mortuum
2681 2680 2805 2720 esse
2843 2664 3189 2720 demonstret
3215 2705 3229 2723 .
3266 2670 3537 2732 quatenus

1953 2756 2280 2828 intelligitur
2314 2755 2496 2811 Deus:
2530 2755 2791 2828 quodest
2824 2756 3189 2826 impossibile.
3225 2756 3337 2810 imo
3373 2755 3535 2811 etiam

1950 2848 2194 2918 cogitatu
2228 2846 2481 2917 impium.

2020 3104 2162 3169 XIV,
2199 3106 2233 3160 2
2254 3149 2268 3173 ,
2310 3106 2364 3159 5.
2404 3105 2470 3159 1η
2495 3107 2653 3161 domo
2680 3106 2863 3161 Patris
2891 3108 2993 3161 mei
3026 3110 3326 3163 mansiones
3354 3108 3537 3163 multa:

1951 3208 2123 3263 sunt;
2152 3200 2199 3253 si
2234 3199 2547 3269 quominus,
2583 3200 2838 3255 dixissem
2888 3200 3032 3255 vobis
3065 3216 3082 3256 :
3115 3202 3240 3269 quia
3272 3201 3407 3255 vado
3441 3216 3538 3269 pa-

1950 3308 2072 3345 rare
2101 3293 2242 3346 vobis
2268 3290 2465 3345 locum.
2494 3290 2562 3345 Et
2603 3292 2650 3345 si
2679 3291 2878 3351 abiero,
2906 3301 2955 3345 et
2996 3306 3361 3360 pra'paravero
3395 3291 3537 3346 vobis

1951 3384 2127 3437 locum
2149 3425 2162 3448 ,
2188 3386 2381 3437 iterum
2409 3385 2557 3438 venio
2578 3423 2593 3445 .
2628 3394 2677 3438 ει
2710 3386 2972 3454 accipiam
3006 3402 3095 3439 vos
3134 3384 3204 3438 ad
3244 3386 3500 3453 meipsum
3522 3421 3537 3443 .

1950 3486 2007 3530 ut
2034 3479 2122 3532 ubi
2153 3493 2268 3531 sum
2291 3493 2417 3548 ego,
2454 3487 2504 3531 et
2538 3494 2625 3531 vos
2657 3478 2798 3531 sitis.

2024 3632 2324 3703 Postquam
2349 3634 2434 3689 eis
2459 3634 2722 3705 praecepit
2753 3648 2821 3688 ne
2849 3634 3206 3689 turbarentur
3226 3678 3239 3695 .
3280 3633 3375 3688 sed
3419 3650 3539 3689 cre-

1950 3724 2146 3779 derent
2171 3725 2353 3794 potius
2389 3725 2441 3779 iu
2474 3724 2690 3779 Patrem
2720 3723 2889 3780 Deum
2910 3766 2942 3789 ,,
2960 3732 3015 3779 et
3045 3725 3310 3795 seipsum,
3347 3734 3541 3796 aperte

1953 3817 2119 3873 modo
2146 3833 2244 3873 eos
2275 3817 2465 3872 animo
2495 3816 2814 3871 deﬁcientes
2849 3818 3192 3882 consolatur,
3218 3818 3414 3873 dicens
3446 3832 3540 3872 eos

1952 3910 2276 3980 neutiquam
2307 3917 2463 3963 extra
2492 3916 2743 3965 sanctam
2782 3910 2966 3964 aulam
3002 3924 3363 3965 remansuros
3386 3952 3401 3977 ,
3444 3910 3540 3964 sed

1952 4003 2007 4057 in
2043 4018 2317 4073 supernas
2353 4002 2674 4058 mansiones
2713 4002 3181 4070 introducendos,
3235 4012 3291 4059 et
3335 4002 3388 4057 in
3425 4002 3541 4073 pri-

1954 4093 2359 4165 mogenitorum
2391 4091 2637 4147 Ecclesia
2676 4108 2975 4161 perennem
3006 4092 3173 4148 vitam
3200 4101 3449 4157 acturos,
3477 4106 3542 4148 ac

1954 4188 2011 4240 in
2040 4186 2262 4241 azteruis
2290 4186 2450 4241 bouis
2486 4201 2805 4241 mansuros.
2848 4183 3023 4241 Porro
3058 4186 3539 4241 multasmansio-

1955 4293 2054 4333 nes
2084 4277 2139 4332 in
2171 4277 2335 4332 domo
2368 4276 2552 4332 Patris
2577 4292 2698 4333 esse
2726 4276 2887 4343 dicit,
2918 4277 3081 4348 longe
3108 4277 3542 4348 capacissimum

1956 4372 2155 4427 cmlum
2197 4387 2320 4427 esse
2358 4371 2564 4426 docens
2588 4412 2604 4437 ,
2656 4386 2757 4425 nec
2790 4371 3114 4427 accessione
3145 4386 3376 4442 prorsus
3431 4371 3542 4426 ulla

1956 4480 2099 4535 opus
2132 4478 2258 4519 esse
2290 4471 2561 4518 creatura:
2594 4462 2663 4517 ab
2695 4462 2821 4533 ipso
2858 4462 3099 4518 conditae
3134 4462 3200 4517 ad
3231 4462 3543 4533 suscipien-

1957 4557 2069 4612 dos.
2106 4556 2201 4627 qui
2243 4555 2483 4625 diligunt
2519 4553 2726 4625 ipsum.
2774 4554 2912 4609 Cum
2964 4560 3147 4609 autem
3202 4554 3283 4607 ait
3334 4554 3543 4608 multas

1960 4666 2081 4707 esse
2112 4648 2450 4714 mansiones,
2482 4646 2746 4704 credibile
2770 4654 2855 4703 est
2884 4647 3116 4701 innuere
3146 4646 3283 4700 velle
3316 4645 3543 4700 honoris

1956 4740 2341 4798 excellentiam
2384 4755 2498 4811 quo
2534 4738 2819 4794 ornandus
2856 4744 2941 4791 est
2962 4736 3218 4806 quisquis
3249 4736 3304 4789 in
3337 4736 3544 4790 virtute

1959 4835 2157 4904 degere
2204 4833 2438 4898 statuit,
2484 4831 2770 4902 proprium
2807 4828 3100 4899 quemdam
3151 4825 3321 4882 veluti
3360 4826 3541 4881 locum

1958 4932 2468 4998 congruentemque
2509 4923 2627 4978 suis
2678 4921 2838 4975 factis
2899 4919 3131 4990 gloriam
3190 4927 3541 4989 recepturus.

1958 5018 2075 5075 Nisi
2104 5020 2290 5074 multa:
2314 5016 2482 5087 igitur
2509 5021 2699 5071 essent
2730 5013 2835 5068 illa:
2864 5012 3008 5083 apud
3041 5010 3210 5067 Deum
3244 5021 3298 5067 et
3323 5010 3542 5067 Patrem

1960 5111 2298 5173 mansiones,
2329 5108 2474 5163 hanc
2504 5108 2576 5162 ob
2605 5120 2855 5169 causam,
2891 5104 3211 5175 inquiebat,
3266 5105 3420 5175 prior
3448 5107 3517 5159 ab

1960 5204 2097 5259 irem
2123 5202 2189 5256 ad
2224 5201 2471 5272 paranda
2503 5198 2767 5253 nimirum
2805 5197 3015 5254 sanctis
3044 5196 3359 5251 habitacula
3398 5214 3409 5250 :
3449 5194 3542 5251 sed

1961 5311 2085 5350 cum
2112 5294 2360 5349 noverim
2399 5292 2603 5347 multas
2629 5290 2744 5360 jam
2776 5306 2899 5347 esse
2924 5296 3279 5360 przeparatas,
3311 5303 3435 5357 quae
3461 5286 3544 5342 di-

1967 5385 2256 5457 ligentium
2291 5383 2463 5440 Deum
2512 5382 2805 5437 adventum
2854 5382 3262 5453 praestolamur,
3312 5377 3430 5435 Non
3471 5378 3541 5433 ob

1964 5477 2107 5532 hanc
2130 5491 2361 5532 causam
2391 5474 2673 5530 discedam
2697 5514 2713 5540 ,
2742 5473 2958 5544 inquit,
2992 5471 3087 5530 sed
3126 5480 3185 5526 ut
3229 5471 3439 5528 reditus
3486 5470 3539 5523 in

1963 5585 2259 5641 supernam
2310 5568 2454 5623 viam
2496 5566 2663 5623 veluti
2697 5565 2995 5637 quamdam
3045 5573 3100 5619 et
3148 5566 3326 5619 locum
3384 5564 3540 5619 vobis

1962 5670 2388 5735 praeparaturus,
2422 5668 2477 5717 et
2508 5658 2654 5731 quod
2692 5658 3041 5715 inaccessum
3070 5657 3200 5712 olim
3235 5663 3353 5710 erat
3386 5670 3541 5708 corn-

1964 5758 2309 5830 planaturus.
2368 5753 2581 5817 invium
2627 5751 2832 5832 quippe
2883 5766 3113 5823 prorsus
3154 5757 3275 5806 erat
3338 5749 3539 5808 etnlum
