4096 6480
574 366 677 422 183

1560 364 1617 419 S.
1658 362 1935 418 CYRILLI
1965 363 2447 420 ALEXANDRINI
2481 367 2806 425 ARCHIEP.

3735 375 3837 431 ιιι

569 485 910 551 hominibus,
936 481 1100 556 764
1130 498 1305 554 neque
1340 483 1493 553 prius
1528 498 1771 555 unquam
1788 498 1919 539 caro
1947 500 2142 554 purum

2251 483 2441 556 ὥσπερ
2478 486 2621 550 τινὰ,
2676 486 2772 540 καὶ
2803 487 2968 541 τόπον
3005 491 3449 560 προευτρεπίσων
3480 491 3628 562 ύμῖν,
3672 490 3839 544 καὶτὸ

566 579 722 634 illum
755 585 809 632 et
848 578 1261 633 sanctissimum
1306 577 1625 646 angelorum
1676 577 1855 631 locum
1885 577 2143 645 triverat,

568 671 667 727 sed
708 673 922 742 primus
945 685 1243 727 ascensum
1285 668 1351 723 ad
1394 667 1525 725 illud
1563 668 1821 724 Christus
1857 669 2018 724 nobis
2064 671 2148 723 in-

569 766 858 829 stauravit,
890 764 1222 832 modumque
1245 777 1311 817 eo
1344 760 1679 817 ascendendi
1711 762 1867 816 carni
1895 761 2143 829 tradidit,

567 858 845 929 primitias
880 857 1042 913 veluti
1072 855 1338 927 quasdam
1371 863 1753 920 mortuorum,
1799 862 1855 909 et
1902 855 1956 909 in
2001 864 2145 909 terra

561 950 866 1019 jacentium
888 950 1130 1021 seipsum
1160 947 1394 1003 oll‘erens
1425 948 1537 1003 Deo
1562 962 1627 1002 ac
1656 946 1829 1011 Patri,
1856 956 1910 1002 et
1933 948 2147 1017 primus

565 1044 730 1098 homo
775 1042 1158 1097 manifestatus
1209 1041 1277 1096 iis
1316 1044 1411 1110 qui
1457 1040 1513 1094 in
1560 1039 1703 1095 cmlo
1738 1048 1888 1094 sunt.
1934 1039 2148 1095 Idcirco

568 1143 866 1203 augustum
912 1144 966 1189 et
1011 1148 1266 1203 magnum
1311 1134 1446 1189 illud
1496 1133 1766 1190 adventus
1804 1150 1929 1190 cum
1976 1147 2146 1189 carne

497 1278 501 1287 ί
567 1228 891 1297 mysterium
940 1227 1261 1299 ignorantes
1298 1227 1554 1283 ccelestes
1594 1226 1807 1297 angeli,
1839 1224 2146 1281 ascenden-

567 1329 673 1373 tem
710 1319 1059 1374 mirabantur
1085 1319 1348 1386 attoniti,
1400 1328 1454 1375 et
1495 1335 1641 1376 novo
1682 1328 1846 1390 atque
1879 1320 2144 1375 inusitato

565 1413 883 1481 spectaculo
933 1412 1138 1467 turbati
1186 1420 1395 1467 tantum
1436 1428 1542 1467 non
1582 1413 1737 1468 aiunt
1776 1431 1788 1467 :
1827 1431 1844 1463 ι
1882 1412 2017 1479 Quis
2059 1420 2147 1468 est

550 1506 669 1561 .iste
695 1507 789 1575 qui
821 1506 972 1560 venit
1002 1507 1071 1562 de
1107 1506 1276 1561 Edom
1303 1507 1394 1559 5°?
1430 1526 1449 1559 ι
1495 1508 1601 1562 hoc
1624 1514 1709 1564 est
1743 1507 1810 1562 de
1840 1515 2007 1562 terra.
2036 1505 2143 1560 Sed

564 1597 814 1667 ignaram
860 1598 1205 1654 admirabilis
1258 1600 1351 1654 Dei
1398 1615 1464 1655 ae
1506 1599 1689 1654 Patris
1725 1599 2008 1669 sapientite
2047 1614 2145 1653 su-

563 1704 792 1758 pernam
832 1690 978 1744 illam
1014 1692 1423 1747 multitudinem
1461 1691 1705 1762 Spiritus
1744 1707 1853 1747 non
1894 1690 2140 1756 dimisit,

564 1780 818 1849 quinimo
843 1783 1009 1851 jussit
1038 1791 1095 1837 ut
1125 1784 1174 1837 ei
1209 1794 1468 1855 tanquam
1502 1785 1616 1855 regi
1655 1799 1720 1838 ac
1753 1784 1998 1841 universi
2037 1782 2143 1837 Do-

2251 581 2421 635 πὰλαι
2471 579 2739 636 δύσϐατον
2784 581 3107 651 ὲξομαλιῶν.
3171 583 3410 647 Ἀϐατος
3455 583 3565 654 γὰρ
3617 578 3687 654 ἦν
3743 584 3836 638 ἀν-

2250 672 2489 746 θρώποις
2544 674 2829 738 παντελῶς
2883 677 2913 729 6
2959 675 3210 747 οὐρανὸς,
3272 676 3367 729 καὶ¹
3426 677 3488 730 ού
3553 677 3839 747 πεπάτηκε

2249 768 2515 840 πρότερον
2564 766 2784 822 πώποτε
2833 768 2977 841 σὰρξ
2999 769 3060 823 τὸ
3088 768 3328 841 καθαρὸν
3370 771 3547 824 ἐκεῖνο
3570 769 3664 823 καὶ
3709 770 3844 823 πάν-

2249 875 2415 927 αγνον
2469 858 2580 913 τῶν
2638 858 2885 928 ἀγγέλων
2932 861 3150 932 χωρίον,
3197 859 3498 914 ἐνεκαίνισε
3531 860 3587 913 δὲ
3628 859 3849 932 πρῶτος

2248 950 2380 1021 ἡμῖν
2409 952 2506 1022 τὴν
2541 953 2619 1014 εἰς
2640 951 2804 1005 αὐτὸν
2823 952 3011 1006 ἄνοδον
3031 954 3060 1007 6
3084 951 3339 1024 Χριστὸς,
3356 953 3451 1005 καὶ
3479 952 3681 1024 τρόπον
3711 951 3841 1005 ἔδω-ν

2248 1059 2342 1096 κεν
2369 1043 2563 1097 ἀνόδου
2583 1043 2681 1114 τῆς
2704 1045 2787 1106 είς.
2812 1042 3041 1115 οὐρανὸν
3071 1046 3135 1116 τῇ
3167 1044 3627 1115 σαρκὶ,ἀπαρχὴν
3650 1043 3845 1112 ὥσπερ

2246 1133 2369 1187 τινὰ
2392 1134 2500 1187 τῶν
2528 1135 2969 1206 κεκοιμημένων,
2985 1136 3078 1190 καὶ
3100 1138 3157 1189 ὲν
3179 1136 3280 1207 γῆς
3305 1133 3518 1206 χώματι
3551 1135 3847 1206 κειμένων,

2249 1225 2442 1279 ἑαυτὸν
2486 1227 2831 1298 ἀνακομίσας
2886 1226 2965 1299 τῷ
3003 1227 3122 1299 Θεῷ
3170 1228 3266 1280 καὶ
3303 1227 3498 1298 Πατρὶ,
3556 1228 3649 1279 καὶ
3686 1228 3845 1297 πρῶ-

2247 1336 2338 1383 τος
2359 1318 2643 1391 ἄνθρωπος
2678 1320 2877 1390 ὀφθεὶς¹
2900 1323 3013 1388 τοῖς
3057 1323 3116 1375 ὲν
3144 1320 3380 1392 οὐρανῷ.
3412 1320 3705 1390 Τοιγάρτοι
3751 1321 3849 1373 καὶ

2246 1411 2308 1467 τὸ
2339 1413 2539 1466 σεπτὸν
2563 1414 2658 1467 καὶ
2690 1414 2832 1485 μέγα
2860 1414 2959 1485 τῆς
3002 1414 3299 1484 ἐπιδημίας
3327 1413 3430 1484 τῆς
3464 1412 3603 1484 μετά
3637 1412 3847 1482 σαρκὸς

2250 1506 2551 1577 μυστήριον
2584 1507 2684 1560 ούκ
2700 1507 2900 1571 εἰδότες
2929 1507 2979 1560 οἱ
3010 1508 3130 1561 κατ’
3159 1507 3388 1579 οὐρανὸν
3405 1507 3556 1571 ὄντες
3593 1504 3841 1573 ἄγγελοι,

2245 1596 2466 1650 ἀνιόντα
2516 1596 2982 1668 κατετεθήπεσαν,
3028 1598 3122 1651 ἐπὶ
3158 1596 3217 1652 δὲ
3259 1596 3337 1668 τῷ
3373 1596 3507 1666 ξένῳ
3551 1596 3645 1649 καὶ
3683 1594 3843 1666 ἀήθει

2250 1690 2535 1761 πράγματι
2595 1689 2878 1760 μονονουχὶ
2920 1687 3372 1758 τεθορυϐημένοι,
3440 1686 3595 1757 φασί’
3662 1704 3681 1737 ι
3748 1685 3845 1748 Τίς

2248 1776 2405 1848 οὗτος
2429 1783 2458 1834 6
2496 1781 2935 1853 παραγενόμενος
2982 1780 3042 1849 ἐξ
3093 1780 3299 1851 Ἐδώμς
3340 1800 3360 1831 ι
3392 1778 3539 1833 τοῦτ’
3576 1778 3744 1840 ἔστιν,
3782 1778 3851 1829 ἐκ

564 1875 715 1929 mino
747 1876 1003 1931 caelestes
1032 1883 1219 1947 portas
1241 1876 1541 1955 aperirent,
1574 1878 1929 1932 exclamans:
1968 1895 1986 1927 ι
2019 1874 2142 1930 Tol-

2250 1876 2373 1945 γῆς.
2414 1875 2556 1928 Ἀλλ’
2581 1876 2682 1953 οῦκ
2726 1874 3012 1930 ἀδίδακτον
3055 1871 3155 1943 τῆς
3183 1870 3277 1925 τοῦ
3319 1870 3455 1925 Θεοῦ
3503 1870 3599 1923 καὶ
3630 1868 3848 1937 [ἰατρὸς

564 1964 659 2019 lite
696 1976 903 2036 portas,
936 1967 1239 2037 principes,
1267 1980 1503 2029 vestras,
1534 1976 1589 2024 et
1618 1968 1933 2033 elevamini,
1972 1976 2143 2038 portae

561 2058 869 2122 aeternales,
918 2065 973 2112 et
1008 2058 1259 2113 introibit
1294 2059 1405 2116 Rex
1441 2059 1629 2131 gloria:
1667 2060 1737 2112 δι.
1777 2077 1796 2110 ι
1850 2058 2144 2113 lunovavit

562 2150 736 2212 igitur
774 2151 934 2205 nobis
968 2150 1238 2207 Dominus
1283 2159 1472 2207 noster
1501 2150 1665 2207 Jesus
1702 2151 1960 2207 Christus
1998 2152 2141 2206 viam

562 2248 841 2295 recentem
872 2256 937 2295 ac
966 2242 1167 2307 vivam,
1215 2250 1274 2295 ut
1300 2240 1506 2297 Paulus
1535 2241 1610 2295 ait
1634 2243 1703 2306 ",
1736 2256 1846 2297 non
1873 2241 1927 2296 in
1954 2252 2144 2297 sancta

563 2330 902 2397 manul'acta,
934 2333 1028 2387 sed
1055 2333 1108 2387 in
1133 2334 1334 2389 coelum
1359 2334 1537 2402 ipsum
1573 2333 1880 2404 ingressus,
1910 2344 1969 2388 ut
1997 2348 2145 2388 nunc

562 2437 749 2476 coram
794 2425 945 2477 vultu
997 2423 1093 2479 Dei
1144 2440 1244 2496 pro
1294 2424 1454 2479 nobis
1501 2434 1786 2495 appareat.
1838 2423 1949 2480 Nec
1995 2424 2144 2480 enim

563 2515 815 2571 ascendit
850 2514 1146 2582 Christus,
1184 2524 1243 2570 ut
1290 2516 1534 2585 seipsum
1577 2515 1897 2585 conspectui
1938 2513 2035 2569 Dei
2080 2529 2147 2569 ac

562 2604 742 2663 Patris
775 2606 1155 2664 manifestaret
1195 2632 1205 2663 ;
1251 2618 1368 2662 erat
1402 2607 1642 2677 quippe,
1673 2614 1728 2663 et
1775 2615 1892 2671 est,
1928 2606 2145 2677 eritque

561 2715 781 2771 semper
816 2702 868 2755 in
902 2699 1100 2765 Patre,
1139 2710 1194 2755 et
1234 2702 1288 2755 in
1328 2702 1508 2757 oculis
1548 2700 1635 2756 sui
1668 2699 1983 2771 genitoris:
2027 2698 2145 2769 ipse

561 2791 709 2846 enim
753 2800 838 2846 est
886 2808 995 2861 quo
1039 2808 1253 2862 semper
1290 2793 1527 2863 gaudet;
1571 2793 1666 2847 sed
1706 2791 1957 2848 ascendit
2002 2805 2150 2845 nunc

563 2885 719 2955 quasi
755 2884 924 2937 homo
968 2884 1192 2940 insolita
1240 2884 1480 2954 quadam
1529 2892 1584 2939 et
1629 2884 1899 2940 inusitata
1933 2883 2148 2937 ratione

562 2974 1016 3044 conspiciendum
1041 2991 1101 3030 se
1133 2976 1381 3045 praebens
1422 2975 1659 3031 Verbum
1694 2975 1841 3046 quod
1872 2975 2003 3029 olim
2045 2975 2151 3029 hu-

563 3069 828 3123 manitate
852 3084 1089 3123 vacuum
1126 3076 1267 3125 erat.
1302 3069 1473 3138 quue
1514 3080 1737 3139 propter
1766 3084 1869 3125 nos
1891 3108 1906 3133 ,
1957 3077 2012 3123 et
2048 3084 2149 3138 pro

2252 1967 2584 2036 ἀξιαγάστου
2625 1967 2839 2036 σοφίας,
2866 1966 2965 2035 τὴν
2993 1965 3106 2020 ἄνω
3130 1964 3339 2035 πληθὺν
3365 1963 3542 2033 ἀφῆκε
3574 1962 3636 2014 τὸ
3677 1960 3851 2015 [Ινεῦ-

2258 2079 2355 2131 μα,
2396 2059 2737 2115 διεκελεύετο
2756 2060 2814 2113 δὲ
2863 2057 3064 2129 μᾶλλον
3102 2057 3179 2122 ὡς
3210 2056 3422 2127 βασιλεῖ
3446 2054 3673 2109 καὶτῶν
3707 2053 3853 2107 ὅλων

2251 2152 2498 2227 Δεσπότῃ
2524 2151 2622 2215 τὰς
2646 2149 2933 2223 οὐρανίους
2955 2148 3267 2219 ἀνοιγνύναι
3303 2147 3475 2210 πύλας
3503 2146 3845 2216 ἀναφωνοῦν·

2258 2263 2281 2298 t
2347 2246 2551 2316 ’Δρατε
2603 2243 2797 2308 πύλας,
2852 2243 2901 2296 oi
2967 2242 3246 2312 ἄρχοντες,
3295 2239 3471 2310 ὑμῶν,
3514 2241 3609 2292 καὶ
3669 2237 3851 2307 ἐπάρ-

2251 2334 2405 2403 θητε,
2425 2333 2591 2388 πύλαι
2618 2332 2849 2394 αἱώνιοι,
2885 2332 2978 2385 καὶ
3001 2330 3371 2384 εἰσελεύσεται
3398 2332 3426 2383 6
3450 2328 3713 2391 Βασιλεὺς
3742 2327 3855 2397 τῆς

2248 2427 2429 2497 δόξης.
2473 2445 2492 2479 ι
2560 2425 2892 2480 Ἐνεκαίνισε
2956 2424 3135 2480 τοίνυν
3188 2424 3319 2495 ἡμῖν
3363 2422 3392 2474 6
3436 2421 3640 2494 Κύριος
3681 2420 3845 2492 ἡμῶν

2263 2516 2470 2585 Ἰησοῦς
2522 2514 2757 2587 Χριστὸς
2800 2513 2919 2568 ὁδὸν
2969 2513 3280 2585 πρόσφατον
3323 2513 3416 2566 καὶ
3461 2511 3664 2577 ζῶσαν,
3708 2510 3783 2573 ὡς
3814 2512 3856 2563 6

2252 2606 2462 2671 Παῦλός
2518 2623 2705 2677 φησιν,
2737 2605 2840 2659 οὐκ
2876 2606 2954 2669 είς
2987 2604 3340 2675 χειροποίητα
3381 2603 3510 2671 ἅγια
3562 2601 3847 2667 εἰσελθὼν,

2250 2699 2364 2753 ἀλλ’
2414 2700 2496 2762 είς
2546 2698 2709 2753 αὐτὸν
2748 2698 2839 2752 τὸν
2880 2696 3131 2770 οὐρανὸν,
3181 2696 3275 2750 νῦν
3326 2694 3725 2766 ἐμφανισθῆναι
3764 2695 3857 2766 τῷ

2247 2793 2528 2866 προσώπῳ
2547 2792 2641 2847 τοῦ
2696 2792 2835 2847 Θεοῦ
2869 2792 3011 2863 ὑπὲρ
3044 2791 3226 2862 ἡμῶν.
3257 2790 3333 2843 Ού
3369 2790 3478 2860 γὰρ
3504 2789 3693 2842 ἑαυτὸν
3740 2790 3847 2859 ὲμν

2249 2886 2488 2955 φανίσων
2536 2884 2615 2955 τῷ
2659 2884 2933 2957 προσώπῳ
2976 2883 3070 2937 τοῦ
3097 2880 3233 2937 Θεοῦ
3287 2880 3385 2935 καὶ
3414 2880 3624 2950 [ἰατρὸς
3647 2880 3847 2935 ἀναδέ-

2249 2976 2418 3048 σηκεν
2444 2978 2473 3030 6
2502 2975 2758 3047 Χριστός·
2812 2969 2879 3045 ἦν
2929 2972 3058 3043 γὰρ,
3113 2972 3209 3025 καὶ
3254 2971 3390 3036 ἐστι,
3433 2971 3527 3025 καὶ
3569 2969 3722 3023 ἔσται
3750 2969 3844 3023 διὰ

2248 3066 2470 3131 παντὸς,
2501 3069 2560 3121 ὲν
2592 3065 2789 3135 Πατρὶ,
2821 3065 2915 3118 καὶ
2944 3064 3003 3117 ἂν
3030 3062 3326 3134 ὀφθαλμοῖς
3358 3062 3450 3117 τοῦ
3485 3062 3613 3116 ίδίου
3642 3062 3845 3131 γεννή-

564 3160 750 3223 nobis,
781 3167 841 3213 ut
866 3168 919 3214 et
953 3161 1212 3213 inventus
1244 3168 1301 3213 ut
1342 3160 1506 3215 homo
1531 3159 1596 3190 "'
1620 3199 1635 3223 ,
1675 3168 1934 3230 tanquam
1966 3157 2142 3215 Filius

2247 3175 2423 3231 τορος·
2456 3157 2618 3223 αὐτὸς
2642 3155 2747 3225 γάρ
2778 3159 2947 3217 ἐστιν,
2970 3148 3014 3222 ᾧ
3031 3155 3359 3225 προσκαίρει
3388 3152 3476 3206 διὰ
3498 3151 3717 3216 παντός’
3744 3154 3845 3204 ἀν-

563 3254 618 3306 in
650 3252 891 3311 virtute.
939 3262 993 3308 et
1029 3252 1125 3321 qui
1159 3267 1283 3306 cum
1327 3266 1496 3307 carne
1537 3251 1710 3306 audiit
1752 3252 1805 3307 in
1856 3252 2096 3309 solidum
2128 3270 2141 3307 :

569 3363 586 3395 ι
630 3342 768 3398 Sede
798 3358 829 3396 a
863 3344 1075 3400 dextris
1112 3343 1247 3399 meis
1277 3344 1321 3374 ‘”
1345 3384 1359 3408 ,
1397 3364 1417 3396 ι
1464 3343 1747 3400 liliationis
1776 3345 2009 3414 gloriam
2044 3344 2144 3399 toti

563 3435 806 3487 humano
831 3435 1015 3504 generi
1060 3450 1155 3504 per
1195 3435 1439 3505 seipsum
1473 3436 1771 3505 adoptione
1795 3436 2146 3493 transmitte-

563 3534 666 3581 ret.
706 3524 861 3580 Unus
908 3527 1055 3581 enim
1108 3536 1193 3582 est
1234 3542 1297 3581 ex
1350 3528 1510 3583 uobis
1539 3567 1553 3592 ,
1594 3529 1649 3582 in
1682 3539 1947 3597 quantum
1980 3528 2145 3585 homo

562 3618 838 3687 apparuit,
870 3632 899 3670 a
920 3615 1129 3673 dextris
1157 3617 1248 3672 Dei
1281 3629 1335 3673 et
1361 3616 1565 3685 Patris,
1591 3618 1716 3674 licet
1738 3633 1903 3690 supra
1926 3634 2143 3674 onmem

562 3718 871 3765 creaturam
925 3712 1039 3773 sit,
1088 3720 1143 3766 et
1181 3712 1677 3769 consubstantialis
1718 3729 1821 3769 suo
1866 3713 2142 3784 genitori,

559 3813 832 3873 quatenus
874 3803 1080 3860 ell‘ulsit
1107 3820 1172 3860 ex
1213 3806 1370 3875 ipso.
1409 3805 1551 3861 Deus
1584 3807 1653 3861 de
1687 3806 1796 3862 Deo
1820 3847 1836 3872 ,
1872 3814 1927 3862 et
1956 3808 2141 3861 lumen

559 3893 627 3947 de
653 3900 780 3948 vero
803 3894 1027 3949 lumine.
1053 3895 1322 3965 Apparuit
1346 3896 1534 3965 itaque
1560 3902 1821 3965 tanquam
1853 3898 2020 3951 homo
2044 3911 2147 3967 pro

561 3986 719 4040 nobis
750 3984 939 4049 Patri,
967 3994 1028 4040 ut
1056 4001 1158 4041 nos
1189 3987 1285 4057 qui
1310 3988 1379 4041 ab
1405 3989 1524 4057 ejus
1546 3989 1703 4041 vultu
1738 3996 1963 4058 propter
1989 3996 2141 4043 vete-

560 4091 674 4130 rem
708 4078 1215 4145 praavaricationem
1253 4078 1459 4148 repulsi
1486 4078 1790 4143 fueramus,
1818 4094 2018 4135 rursus
2051 4094 2143 4133 co—

562 4182 676 4221 ram
728 4167 885 4223 Patre
922 4169 1181 4235 sisteret;
1221 4169 1409 4234 sedit,
1464 4178 1521 4223 ut
1560 4168 1766 4233 Filius,
1814 4179 1873 4223 ut
1916 4178 1970 4224 et
2005 4185 2142 4235 nos,

560 4262 821 4325 tanquam
847 4256 965 4320 lilii,
1006 4272 1105 4328 per
1138 4273 1264 4313 eum
1301 4274 1755 4329 nuncuparemur
1805 4274 1868 4315 ac
1897 4259 1987 4315 Dei
2022 4260 2138 4316 lilii.

556 4345 792 4415 Ideoque
824 4345 1028 4404 Paulus
1079 4349 1172 4419 qui
1203 4350 1490 4405 contendit
1517 4350 1719 4407 habere
1749 4367 1809 4407 se
1855 4352 2137 4408 Christum

558 4439 873 4508 loquentem
904 4440 961 4494 in
991 4440 1263 4511 seipso“,
1292 4444 1608 4500 communia
1645 4459 1773 4501 esse
1791 4453 2005 4501 naturae
2036 4446 2139 4501 hu-

2254 3246 2355 3322 έϐη
2382 3250 2440 3305 δὲ
2483 3248 2602 3313 νῦν,
2646 3248 2721 3313 ὡς
2755 3248 3041 3319 ἄνθρωπος
3095 3244 3380 3317 ἀσυνήθως
3429 3260 3487 3298 τε
3534 3242 3628 3297 καὶ
3674 3241 3847 3307 ξένιος

2250 3338 2672 3412 ἐμφανισθῆναι,
2724 3340 2753 3392 6
2806 3337 2977 3392 πάλαι
3012 3336 3219 3408 γυμνὸς
3266 3334 3685 3405 ἁνθρωπὸτητος
3733 3334 3845 3386 Λό-

2249 3452 2362 3505 γος.
2395 3435 2472 3488 Δι’
2495 3433 2644 3504 ἡμᾶς
2686 3432 2741 3486 δὲ
2771 3430 2947 3495 τοῦτο,
2980 3431 3075 3483 καὶ
3105 3429 3255 3500 ὑπὲρ
3276 3427 3459 3499 ἡμῶν,
3502 3428 3588 3481 ἵνα
3644 3426 3737 3480 καὶ
3763 3426 3847 3489 ὡς

2248 3524 2534 3596 ἅνθρωπος
2561 3522 2826 3594 εὑρεθεὶς,
2870 3520 2945 3583 ώς
2984 3520 3112 3582 Υίὸς
3146 3521 3204 3573 ὲν
3251 3517 3501 3588 δυνάμει,
3555 3516 3649 3571 καὶ
3700 3515 3846 3586 μετᾶ

2250 3616 2453 3687 σαρκὸς
2485 3614 2727 3676 ἀκούσας
2765 3612 3020 3680 καθόλου,
3056 3629 3077 3664 ι
3130 3609 3317 3665 Κάθου
3346 3611 3410 3664 ἐκ
3428 3607 3617 3674 δεξιιῖΝ
3656 3626 3779 3677 μου,
3815 3627 3836 3658 r

2246 3707 2346 3778 τῆς
2379 3704 2650 3767 υἱοθεσίας
2684 3704 2782 3774 τὴν
2803 3700 2983 3767 δόξαν,
3012 3702 3119 3771 ὅλῳ
3161 3701 3229 3755 δι’
3261 3700 3453 3754 ἑαυτοῦ
3488 3698 3851 3771 παραπέμψει

2245 3797 2325 3868 τῷ
2344 3797 2512 3866 γένει.
2551 3790 2644 3858 Εἷς
2684 3795 2789 3865 γάρ
2818 3796 2965 3847 ἐστιν
3000 3793 3177 3865 ἡμῶν,
3217 3792 3354 3847 καθὸ
3376 3792 3614 3860 πέφηνεν
3634 3789 3843 3860 ἄνθρως

2248 3910 2369 3955 mg,
2393 3894 2457 3946 ὲκ
2479 3890 2671 3955 δεξιῶν
2694 3890 2789 3947 τοῦ
2815 3889 2953 3945 Θεοῦ
2977 3891 3070 3945 καὶ
3104 3889 3336 3959 Πατρὸς,
3365 3890 3413 3942 εί
3436 3890 3528 3944 καὶ
3555 3888 3696 3958 ὑπὲρ
3727 3889 3838 3940 πᾶ-

2247 3985 2347 4039 σάν
2389 3986 2537 4037 ἐστιν
2581 3984 2681 4055 τὴν
2730 3982 2930 4049 κτίσιν,
2966 3983 3060 4037 καὶ
3102 3980 3390 4052 ὁμοούσιος
3440 3981 3518 4051 τῷ
3561 3981 3676 4051 ἰδίῳ
3714 3996 3841 4047 γεν-

2244 4080 2454 4149 νήτορι,
2513 4075 2651 4129 καθὸ
2709 4076 2957 4146 πέφηνεν
3020 4074 3080 4140 ἐξ
3136 4074 3302 4128 αὐτοῦ
3366 4074 3499 4137 Θεὸς
3549 4076 3617 4127 ὲκ
3672 4073 3835 4135 Θεοῦ,

2245 4170 2338 4225 καὶ
2365 4168 2481 4239 φῶς
2497 4170 2561 4222 ὲκ
2584 4167 2760 4238 φωτὸς
2781 4168 2922 4221 κατά
2943 4167 3224 4238 ἀλήθειαν.
3256 4167 3609 4236 Ἐνεφανίσθη
3630 4166 3837 4230 τοίνυν,

2243 4269 2319 4329 ὡς
2346 4264 2635 4335 ἄνθρωπος
2685 4262 2825 4333 ὑπὲρ
2849 4261 3006 4331 ἡμῶν
3033 4262 3113 4332 τῷ
3156 4263 3349 4332 "arpi,
3401 4261 3487 4314 ἵνα
3517 4262 3664 4331 ἡμᾶς
3706 4262 3836 4325 τοὺς

2242 4360 2307 4412 ὲκ
2349 4354 2645 4428 προσώπου
2732 4354 3012 4423 γεγονότας
3060 4354 3149 4407 διὰ
3205 4354 3306 4424 τὴν
3360 4352 3591 4423 ἀρχαίαν
3656 4355 3834 4423 παρά-

2242 4451 2438 4515 6ασιν,
2512 4452 2686 4520 στήσῃ
2743 4448 2906 4501 πάλιν
2960 4445 3037 4510 ώς
3096 4448 3153 4499 ὲν
3210 4444 3489 4516 προσώπῳ
3559 4444 3652 4498 τοῦ
3717 4446 3832 4498 Πα-

558 4545 733 4585 mante
764 4530 969 4587 docens
1000 4546 1065 4587 ea
1093 4549 1217 4604 quae
1248 4536 1580 4606 ergaipsum
1614 4536 1966 4606 peculiariter
1990 4537 2135 4594 facta

2246 4546 2385 4617 τρόςο
2416 4543 2729 4609 κεκάθικεν,
2753 4542 2831 4605 ὡς
2854 4540 3001 4603 Υἱὸς,
3054 4540 3141 4593 ἵνα
3165 4540 3260 4592 καὶ
3279 4541 3464 4611 ἡμεῖς,
3511 4539 3587 4601 ὡς
3617 4538 3724 4592 υἱοὶ
3762 4535 3835 4591 δι’

557 4631 687 4677 sunt
724 4624 837 4690 ait,
871 4624 1002 4695 quia
1033 4634 1087 4681 et
1140 4644 1158 4676 ι
1192 4630 1657 4684 conresuscitavit
1697 4644 1829 4694 nos,
1860 4638 1913 4685 et
1945 4645 2141 4685 conse-

556 4715 687 4770 dere
741 4714 871 4772 l'ecit
917 4718 973 4772 in
1024 4720 1351 4776 cmlestibus
1392 4720 1447 4775 in
1491 4721 1718 4778 Christo
1745 4727 1811 4777 ⁸⁸.
1848 4745 1866 4776 ι
1903 4725 2141 4798 Propria

556 4822 793 4878 namque
821 4817 906 4865 est
946 4810 1108 4882 765
1135 4811 1362 4867 Christo
1389 4852 1406 4878 ,
1453 4823 1515 4869 ut
1544 4816 1852 4872 secundum
1886 4827 2139 4875 naturam

557 4895 696 4950 Filio
721 4940 737 4963 ,
768 4914 1069 4955 consessus
1113 4900 1355 4973 dignitas
1402 4912 1459 4959 et
1500 4904 1711 4974 gloria,
1758 4922 1922 4978 quam
1958 4910 2007 4965 ei
2044 4911 2140 4964 uni

554 4998 924 5059 congruenter
949 5006 1013 5046 ac
1041 5006 1168 5050 vere
1199 4993 1545 5050 tribuendam
1572 5010 1696 5052 esse
1724 4998 1964 5055 dicimus
1991 5019 2004 5053 :
2037 5001 2132 5055 sed

553 5084 683 5152 quia
712 5084 1015 5140 considens
1045 5087 1224 5142 nostri
1255 5088 1457 5144 similis
1496 5097 1581 5146 est
1605 5132 1621 5158 ,
1656 5103 1933 5163 quatenus
1968 5110 2136 5166 appa-

555 5176 666 5229 ruit
696 5177 894 5243 homo,
924 5176 1180 5249 Deosque
1219 5179 1384 5235 simul
1422 5180 1491 5236 de
1531 5181 1644 5239 Deo
1672 5184 2026 5254 intelligitur,
2064 5188 2133 5242 ad

554 5287 656 5325 nos
695 5271 862 5325 etiam
908 5272 1315 5341 quodammodo
1367 5274 1655 5347 dignitatis
1705 5279 1854 5335 illius
1902 5282 2133 5350 gratiam

553 5364 899 5419 transmittit.
952 5363 1068 5419 Etsi
1130 5367 1278 5421 enim
1329 5382 1453 5423 cum
1513 5386 1579 5426 eo
1625 5370 1773 5428 Patri
1811 5376 2132 5431 consessuri

554 5470 662 5508 non
709 5454 885 5511 simus
952 5457 1271 5527 (quomodo
1326 5462 1476 5517 enim
1521 5478 1717 5521 servus
1771 5482 2013 5538 unquam
2061 5470 2130 5522 ad

550 5547 814 5617 aequalem
843 5564 967 5604 cum
998 5550 1222 5605 domino
1252 5551 1512 5611 honorem
1541 5558 2131 5631 ascendet?),veruni-

2240 4638 2405 4693 αὐτοῦ
2456 4636 2921 4708 χρηματίσωμεν,
2976 4632 3069 4684 καὶ
3138 4632 3305 4685 τέκνα
3374 4630 3533 4685 Θεοῦ.
3601 4630 3700 4684 Διά
3746 4646 3831 4683 τοι

2240 4731 2420 4795 τοῦτο,
2444 4729 2539 4783 καὶ¹
2572 4731 2600 4783 6
2647 4726 2880 4790 Παῦλος,
2931 4726 2962 4779 6
2993 4724 3085 4777 τὸν
3110 4724 3344 4795 Χριστὸν
3374 4723 3522 4793 ἔχειν
3567 4725 3623 4776 ὲν
3651 4722 3834 4791 ἐαυτῷ

2239 4824 2506 4881 λαλοῦντα
2545 4820 2968 4890 διατεινόμενος,
3010 4817 3166 4871 κοινὰ
3197 4820 3263 4889 τῇ
3310 4816 3472 4887 φύσει
3518 4820 3582 4887 τῇ
3618 4815 3833 4887 ἀνθρω-

2234 4918 2366 4989 πεία
2401 4917 2470 4971 τά
2508 4917 2587 4979 εἰς
2619 4913 2783 4967 αὑτὸν
2820 4909 3004 4974 ἱδικῶς
3039 4910 3304 4979 γεγονότα
3333 4908 3607 4963 διδάσκων
3636 4908 3827 4979 φησὶν,

2240 5012 2323 5065 ὅτι
2358 5010 2451 5065 καὶ
2485 5027 2503 5059 ι
2549 5008 2876 5077 Συνήγειρεν
2926 5004 3088 5074 ἡμᾶς,
3124 5003 3217 5056 καὶ
3260 4998 3616 5055 συνεκάθισεν
3636 5002 3693 5053 ὲν
3717 5002 3833 5062 τοῖς

2241 5098 2587 5172 ἐπουρανίοις
2637 5098 2693 5149 ὲν
2759 5092 3003 5167 Χριστῷ.
3046 5113 3064 5145 ι
3110 5094 3269 5148 Ἴδιον
3309 5094 3407 5163 μὲν
3444 5093 3553 5164 γὰρ
3592 5094 3667 5157 t'u;
3713 5091 3831 5162 Υίῷ

2240 5191 2385 5247 κατά
2409 5190 2570 5260 φύσιν
2604 5187 2840 5259 ὑπάρχει
2863 5186 3085 5258 Χριστῷ
3111 5185 3172 5239 τὸ
3197 5185 3297 5256 τῆς
3319 5186 3630 5256 συνεδρείας
3658 5186 3829 5253 ἀξίω-

2244 5302 2343 5356 μα,
2367 5283 2461 5337 καὶ
2480 5281 2578 5351 τὴν
2612 5279 2709 5334 τοῦ
2738 5278 3118 5350 ωγκαθῆσθαι
3156 5278 3335 5342 δόξαν,
3384 5276 3533 5348 αὐτῷ
3582 5296 3639 5332 τε
3693 5295 3830 5349 πρε-

2242 5374 2452 5435 πόντως
2487 5370 2581 5425 καὶ
2616 5369 2763 5440 μόνῳ
2796 5368 3012 5440 ἀληθῶς
3066 5368 3385 5422 ἀνακεῖσθαι
3436 5371 3681 5439 φήσομεν
3706 5386 3719 5398 ’
3766 5367 3829 5421 τὸ

2240 5461 2295 5519 δὲ
2316 5462 2451 5526 ὅλως
2482 5459 2603 5515 καθ’
2630 5460 2778 5531 ἡμᾶς
2812 5457 3079 5530 ὑπάρχειν
3113 5456 3207 5511 τὸν
3242 5456 3651 5529 συνεδρεύοντα,
3690 5457 3830 5513 καθὸ

2237 5557 2477 5629 πέφηνεν
2517 5552 2804 5623 ἄνθρωπος
2829 5550 2966 5622 μετὰ
3007 5549 3101 5605 τοῦ
3155 5549 3391 5605 νοεῖσθαι
3426 5550 3521 5605 καὶ
3565 5549 3697 5603 Θεὸν
3760 5551 3829 5603 ὲκ

553 5647 733 5696 tamen
787 5642 997 5697 sanctis
1048 5641 1339 5714 discipulis
1396 5661 1652 5705 sessuros
1703 5668 1868 5723 super
1912 5653 2127 5711 thronis

2246 5648 2391 5716 Θεοῦ,
2439 5644 2801 5717 παραπέμπει
2864 5660 2983 5707 πως
3033 5642 3131 5698 καὶ
3180 5644 3261 5707 είς
3296 5644 3444 5713 ἡμᾶς
3502 5642 3601 5710 τὴν
3638 5644 3703 5698 ὲκ
3730 5641 3825 5697 τοῦ

526 5740 529 5741 ⁷
621 5753 666 5784 ⁸⁸
708 5751 813 5837 l_sa.
840 5756 1076 5837 hirti“.
1156 5755 1199 5791 ’ί
1238 5753 1383 5837 Psal.
1423 5776 1557 5817 χχιιι
1586 5804 1599 5828 ,
1631 5763 1679 5817 7.
1762 5767 1804 5797 ⁵²
1840 5763 2003 5823 llebr.
2040 5782 2114 5832 ιιι,

2324 5768 2367 5799 ⁵⁸
2406 5766 2640 5837 Philipp.
2672 5781 2745 5829 ιι,
2786 5764 2836 5818 7.
2914 5758 2978 5793 ⁸³·
3023 5758 3164 5815 Psal.
3200 5774 3307 5825 cxx,
3342 5758 3393 5814 l.
3469 5758 3517 5791 “
3550 5757 3593 5811 ll
3624 5758 3751 5814 Cor.

550 5836 649 5890 nn
673 5862 689 5891 ,
714 5824 769 5878 5.
839 5825 885 5856 ⁸⁵
944 5823 1142 5896 Ephcs.
1174 5841 1235 5891 ll,
1267 5826 1318 5881 6.
