4096 6520
257 418 369 477 185

1438 412 1503 467 IN
1528 411 1816 469 JOANNIS
1852 414 2307 474 EVANGELIUM
2336 415 2467 472 LIB.
2496 417 2590 473 IX.

3435 425 3540 483 136

259 531 574 603 ἀξιώματος
601 532 782 602 χάριν.
809 531 871 584 Ei
898 530 1006 601 γὰρ
1028 528 1123 583 καῖ
1155 528 1229 601 μὴ
1257 528 1406 600 αῦτῷ
1431 530 1855 603 συνεδρεύσομεν

1961 533 2241 603 promisit.
2278 552 2297 584 ι
2334 534 2568 600 Quando
2624 534 2814 603 enim,
2875 536 3080 608 inquit,
3134 537 3310 596 Filius
3364 542 3542 599 bomi-

258 622 338 695 τῷ
369 624 547 697 Πατρὶ
579 622 721 692 (πῶς
742 622 853 694 γὰρ
875 620 937 675 τδ
960 621 1169 687 δοῦλον,
1202 624 1285 685 είς
1317 622 1417 694 τὴν
1464 623 1591 696 ῖσην
1640 624 1718 694 τῷ
1766 623 1851 676 δε-

261 717 439 787 σπότῃ
494 716 662 787 τιμὴν
722 715 860 770 ἀνίοι
928 714 1061 769 ποτε
1088 732 1103 781 ;
1132 714 1175 787 ),
1225 716 1354 769 ἀλλ’
1378 711 1473 770 οῦν
1500 734 1584 785 γε,
1624 717 1727 789 τὴν
1757 717 1849 771 ἐπὶ

260 810 469 880 θρόνων
503 807 717 863 κὰθισιν
759 810 871 871 τοῖς
919 807 1096 877 ἁγίοις
1139 808 1502 879 ἐπηγγείλατο
1559 808 1846 879 μαθηταῖς.

266 919 285 953 ι
310 901 484 955 Ὅταν
538 900 670 970 γὰρ,
740 900 929 971 φησὶν,
975 902 1004 954 6
1055 900 1184 964 Υἱὸς
1211 899 1303 955 τοῦ
1328 900 1619 973 ἀνθρώπου
1650 902 1851 975 καθίσῃ

260 990 358 1047 ἐπὶ
389 989 584 1062 θρόνου
614 991 778 1063 δόξης
807 991 999 1057 αὑτοῦ,
1018 993 1114 1047 καὶ
1142 993 1301 1063 ὑμεῖς
1330 994 1624 1048 καθίσεσθε
1651 994 1853 1048 ἐπὶδώ-

257 1083 397 1136 δεκα
416 1082 660 1154 θρόνους,
690 1082 971 1153 κρίνοντες
1009 1082 1108 1148 τὰς
1141 1082 1349 1137 δώδεκα
1397 1084 1572 1154 φυλὰς
1616 1085 1711 1139 τοῦ
1757 1085 1853 1138 ἰσ-

262 1173 426 1244 ραήλ.
471 1193 489 1225 ι
522 1172 733 1228 Οὐκοῦν
764 1174 1146 1246 ἀνοιχήσομαι,
1194 1175 1381 1243 φησὶν,
1420 1176 1482 1229 οὐ
1521 1175 1689 1247 μονάς
1724 1176 1852 1245 ὑμῖν

256 1266 572 1337 ἐτοιμάσων
604 1266 737 1335 (eisi
768 1266 878 1341 γὰρ
898 1268 1002 1338 ήδη
1032 1267 1272 1338 πολλαὶ).
1306 1268 1401 1322 καὶ
1428 1268 1492 1322 τὸ
1520 1271 1854 1325 ἐπικαινοτο-

258 1360 487 1430 μεῖσθαι
514 1362 583 1434 τῇ
615 1360 793 1413 κτίσει
820 1360 1095 1432 περιττὸν,
1129 1360 1579 1433 προευτρεπίσων
1604 1361 1661 1415 δὲ
1687 1361 1851 1414 τόπον

256 1454 393 1523 ὑμῖν
445 1452 541 1507 τοῦ
590 1447 733 1507 εἶναι
760 1451 1021 1506 δύνασθαι
1057 1453 1242 1507 λοιπὸν
1285 1454 1489 1524 ἀναμὶξ
1540 1455 1655 1518 τοῖς
1677 1454 1853 1522 ἁγίοις

252 1546 515 1616 ἀγγέλοις
547 1546 675 1609 τοὺς
704 1545 864 1609 ὄντας
912 1546 1005 1601 ἐπὶ
1030 1546 1128 1617 τῆς
1154 1546 1275 1616 γῆς.
1311 1545 1401 1599 διὰ
1427 1546 1525 1615 τὴν
1552 1545 1855 1617 μεσολαϐή-

255 1654 432 1693 σασαν
461 1638 740 1710 ἁμαρτίαν
763 1654 779 1671 ο
803 1638 865 1691 οὗ
889 1637 999 1708 γὰρ
1038 1637 1105 1691 ἀν
1133 1637 1335 1709 ἐμίχθη
1372 1641 1486 1702 τοῖς
1506 1637 1654 1691 οὕτω
1684 1638 1854 1710 βεϐή-

251 1730 368 1795 λοις
393 1733 427 1803 ή
454 1732 587 1799 ἁγία
615 1730 726 1783 τῶν
754 1731 869 1785 ἄνω
901 1729 1131 1801 πληθύς.
1166 1729 1540 1801 Κατορθὼσας
1572 1730 1629 1783 δέ
1671 1730 1849 1797 τοῦτο,

251 1822 351 1875 καὶ
386 1821 633 1891 συνάψας
669 1823 783 1884 τοῖς
826 1821 939 1875 ἄνω
967 1820 1037 1874 τὰ
1075 1821 1249 1883 κάτω,
1296 1822 1463 1876 τόπον
1501 1822 1559 1874 δὲ
1602 1821 1727 1885 δοὺς
1766 1823 1853 1875 ἀνι

1955 626 2041 681 nis
2077 627 2285 682 sederit
2315 627 2368 680 in
2400 627 2531 683 sede
2556 628 2866 699 maiestatis
2898 646 3032 695 sum,
3065 632 3327 689 sedebitis
3357 643 3410 689 et
3443 652 3541 693 vos

1955 734 2122 789 super
2178 719 2409 774 thronos
2473 721 2810 786 duodecim,
2863 723 3185 792 iudicantes
3245 726 3540 783 duodecim

1956 812 2136 867 tribus
2178 810 2347 868 Israel
2367 813 2436 867 ⁸⁸.
2467 832 2486 865 ι
2526 812 2697 884 Igitur
2733 814 3018 870 discedam
3041 856 3056 879 ,
3098 817 3299 888 inquit,
3326 835 3545 890 nequa-

1954 921 2119 977 quam
2170 905 2330 961 vobis
2383 906 2706 962 mansiones
2754 917 3100 977 paraturus:
3152 911 3339 966 multae
3393 912 3549 967 enim.

1954 1008 2085 1054 sunt
2106 1040 2121 1063 ,
2166 1005 2226 1053 et
2269 997 2477 1068 aliquid
2511 999 2637 1053 novi
2670 999 2834 1055 rebus
2870 1000 3071 1055 creatis
3101 1001 3303 1057 addere
3332 1011 3417 1058 est
3444 1018 3542 1058 su-

1953 1089 2257 1161 perﬂuum,
2305 1089 2400 1146 sed
2442 1099 2853 1160 praeparaturus
2890 1092 3046 1147 vobis
3080 1093 3300 1159 locum,
3346 1102 3403 1147 ut
3434 1109 3549 1148 una.

1956 1196 2081 1235 eum
2110 1181 2319 1237 sanctis
2357 1182 2572 1253 angelis
2600 1181 2824 1237 demum
2853 1198 2977 1239 esse
3004 1185 3253 1255 possitis,
3288 1187 3381 1256 qui
3416 1202 3543 1257 pro—

1954 1283 2073 1344 pter
2109 1282 2393 1344 peccatum
2421 1273 2567 1344 quod
2603 1288 2700 1328 vos
2728 1274 2801 1330 ab
2836 1275 2917 1331 eis
2948 1276 3190 1348 seiungit
3213 1320 3229 1344 ,
3262 1277 3445 1333 adhuc
3486 1279 3543 1333 in

1952 1372 2102 1419 terra
2145 1364 2342 1433 degitis
2393 1380 2409 1416 :
2464 1380 2565 1421 nec
2603 1366 2751 1421 enim
2793 1381 2917 1421 cum
2954 1376 3065 1421 tam
3097 1370 3329 1441 impuris
3352 1379 3545 1427 sancta

1955 1456 2203 1511 caelitum
2242 1456 2443 1512 cohors
2469 1457 2793 1513 misceatur.
2823 1457 2979 1524 Quod
3011 1475 3135 1514 cum
3176 1478 3459 1533 peregero,
3492 1470 3546 1517 et

1956 1534 2174 1619 superis
2200 1547 2463 1603 inferiora
2495 1550 2865 1620 conjunxcro,
2900 1553 3239 1623 modumque
3277 1570 3547 1614 ascensus

1955 1642 2009 1697 in
2039 1657 2337 1711 supernam
2370 1643 2653 1699 civitatem
2686 1644 2840 1699 vobis
2865 1644 3184 1711 tradidero,
3210 1647 3357 1701 circa
3390 1664 3548 1717 rege-

1954 1734 2265 1791 nerationis
2297 1747 2515 1806 tempus
2541 1736 2723 1791 denuo
2754 1747 3020 1800 revertar,
3048 1746 3103 1793 et
3139 1753 3419 1793 assumam
3447 1756 3555 1794 vos

1954 1842 2206 1890 mecum,
2254 1845 2273 1878 ι
2314 1835 2375 1881 ιιι
2420 1828 2513 1882 ubi
2556 1844 2679 1883 sum
2716 1842 2856 1898 ego,
2902 1838 2955 1883 et
2989 1844 3087 1884 vos
3128 1829 3273 1886 sitis.
3326 1849 3346 1884 ι
3384 1831 3547 1897 Quod

251 1914 379 1969 ὁδου
430 1915 533 1985 τῆς
559 1917 639 1979 είς
669 1915 769 1985 τὴν
821 1916 934 1970 ἄνω
979 1914 1137 1969 πόλιν
1167 1914 1319 1985 ὑμῖν,
1368 1913 1528 1969 πάλιν
1572 1913 1848 1985 ἐπανήξω,

1959 1933 2078 1973 cum
2128 1925 2319 1974 nosset
2358 1918 2566 1974 Paulus
2592 1958 2606 1981 ,
2642 1918 2698 1972 in
2732 1919 2851 1975 suis
2883 1918 3142 1990 Epistohs
3174 1920 3258 1976 sic
3303 1921 3497 1976 scribit
3530 1940 3545 1976 :

249 2008 397 2062 κατὰ
425 2008 518 2061 τὸν
544 2008 646 2078 τῆς
668 2007 1092 2075 παλιγγενεσίας
1125 2005 1336 2076 καιρὸν,
1383 2005 1478 2059 καὶ
1528 2005 1853 2076 παραλήψο-

1960 2030 1980 2063 ι
2012 2010 2127 2066 Hoc
2162 2013 2312 2067 enim
2348 2011 2505 2067 vobis
2536 2012 2777 2067 dicimus
2816 2012 2871 2065 in
2911 2013 3078 2067 verbo
3112 2011 3374 2079 Domini,
3417 2012 3557 2081 quia.

252 2117 355 2170 μαι
374 2101 539 2172 ζῦμᾶς
564 2099 680 2169 μεθ’
703 2098 924 2164 ἑαυτοῦ,
962 2117 980 2149 ι
1013 2098 1101 2154 ῖνα
1133 2098 1266 2151 ὅπου
1294 2098 1409 2169 είμὶ
1433 2096 1565 2166 ἐγὼ,
1591 2098 1852 2169 καὶύμεῖς

1959 2118 2054 2159 nos
2079 2144 2095 2168 ,
2130 2104 2226 2175 qui
2252 2104 2491 2160 vivimus
2518 2144 2533 2167 ,
2567 2104 2662 2175 qui
2684 2104 2899 2159 residui
2933 2119 3129 2159 sumus
3158 2104 3213 2158 in
3246 2103 3551 2157 adventum

247 2188 374 2264 ἦτε.
418 2211 437 2244 ι
477 2194 544 2244 Ὀ
580 2192 676 2245 καὶ
710 2192 893 2255 συνεὶς
928 2192 956 2244 6
985 2189 1201 2253 Παῦλος
1244 2192 1303 2243 ἐν
1327 2190 1557 2254 οἰκείαις
1599 2192 1849 2245 Ἐπιστοο

1959 2195 2207 2262 Domini,
2259 2212 2372 2251 non
2428 2197 2832 2268 prmi-eniemus
2884 2208 2981 2252 eos
3034 2196 3134 2266 qui
3174 2194 3546 2250 dormierunt.

247 2285 391 2350 λαῖς,
428 2283 572 2338 οὕτω
598 2283 732 2356 φησί
760 2301 774 2317 ·
809 2302 828 2334 ι
859 2282 1030 2337 Τοῦτο
1053 2284 1165 2355 γὰρ
1189 2284 1318 2354 ὑμῖν
1355 2282 1586 2354 λέγομεν
1610 2284 1668 2336 ἐν
1700 2284 1844 2355 λόγῳ

1959 2287 2216 2354 Quoniam
2241 2289 2360 2358 ipse
2384 2288 2653 2343 Dominus
2683 2290 2742 2344 in
2768 2289 2929 2359 jussu
2958 2298 3012 2344 et
3043 2289 3100 2343 in
3134 2302 3274 2343 voce
3311 2288 3551 2341 archan-

250 2376 482 2445 Κυρίου,
508 2376 589 2428 ὃτι
617 2377 777 2445 ἡμεῖς
800 2376 849 2428 oi
870 2372 1093 2440 ζῶντες,
1152 2376 1201 2428 oi
1262 2374 1708 2446 περιλειπόμενοι
1761 2377 1843 2439 είς

1959 2382 2091 2453 geli,
2120 2389 2173 2437 et
2208 2382 2263 2436 in
2301 2381 2430 2436 tuba
2465 2380 2560 2436 Dei
2593 2380 2889 2437 descendet
2933 2380 3003 2436 de
3035 2381 3177 2436 caelo
3206 2399 3218 2434 :
3256 2387 3309 2435 et
3347 2361 3550 2433 mortui

247 2467 349 2538 τὴν
375 2467 680 2539 παρουσίαν
696 2466 793 2520 τοῦ
818 2466 1043 2539 Κυρίου,
1071 2467 1132 2520 οὐ
1172 2467 1246 2538 μὴ
1274 2467 1554 2538 φθάσομεν
1587 2468 1714 2529 τοὺς
1727 2484 1845 2521 κοι-

1959 2472 2046 2542 qui
2082 2472 2134 2526 in
2161 2471 2389 2527 Christo
2424 2479 2555 2527 sunt
2592 2479 2890 2541 resurgent
2926 2471 3111 2541 primi.
3158 2469 3371 2526 Deinde
3410 2486 3549 2535 nos,

254 2559 549 2629 μηθέντας.
579 2561 701 2612 Ὅτι
724 2559 886 2623 αὐτὸς
907 2560 937 2611 6
966 2560 1172 2630 Κύριος
1197 2562 1256 2613 ἐν
1278 2558 1634 2629 κελεύσματι,
1655 2561 1713 2612 ἐν
1735 2577 1847 2629 φω-

1959 2562 2047 2633 ιιιιί
2101 2563 2386 2627 vivimus,
2436 2563 2530 2633 qui
2580 2562 2990 2630 relinquimur,
3048 2561 3217 2617 simul
3265 2560 3553 2631 rapiemur

249 2653 316 2723 νῇ
341 2651 710 2721 ἀρχαγγέλου,
754 2650 849 2704 καὶ⁴
880 2654 937 2705 ἐν
981 2651 1243 2720 σάλπιγγι
1287 2651 1425 2705 Θεοῦ
1471 2652 1845 2723 καταϐήσεται

1959 2668 2078 2709 cum
2120 2654 2231 2709 illis
2266 2654 2321 2709 in
2356 2652 2601 2711 nubibus
2627 2655 2849 2709 obviam
2875 2655 3101 2709 Christo
3125 2654 3179 2707 in
3210 2668 3360 2719 aera,
3386 2661 3442 2708 et
3469 2653 3553 2707 sic

247 2742 362 2796 ἀπὸ
383 2744 638 2815 οὐραναῦ,
661 2744 756 2797 καὶ
780 2744 830 2796 οί
856 2743 1041 2812 νεκροὶ
1071 2745 1130 2797 ἐν
1171 2742 1393 2813 Χριστῷ
1444 2744 1847 2813 ἀναστήσονται

1955 2760 2176 2815 semper
2206 2761 2333 2801 cum
2366 2746 2601 2802 Domino
2629 2746 2841 2802 erimus
2865 2746 2934 2800 ⁸⁷.
2973 2765 2991 2798 ι

248 2834 492 2906 πρῶτον.
531 2838 762 2891 Ἔπειτα
799 2838 961 2908 ἡμεῖς
1000 2838 1048 2890 οῖ
1090 2836 1313 2901 ζῶντες,
1355 2838 1404 2890 οί
1441 2837 1909 2909 περιλειπόμενοι,
1944 2839 2061 2911 ἅμα
2122 2840 2220 2894 σὺν
2280 2841 2466 2905 αὐτοῖς
2540 2840 2980 2912 ἁρπαγησόμεθα
3021 2841 3080 2895 ἐν
3129 2840 3403 2910 νεφέλαις,
3470 2837 3552 2893 εἰς

247 2930 559 3001 ἀπάντησιν
588 2930 684 2984 τοῦ
716 2932 924 3002 Κυρίου
961 2931 1042 2994 είς
1077 2930 1239 3002 ἀέρα,
1278 2930 1375 2984 καὶ
1423 2930 1569 2984 οὕτω
1617 2931 1849 2985 πάντοτε
1891 2930 1990 2985 σὺν
2020 2932 2209 3004 Κυρίῳ
2243 2933 2499 3005 ἐσόμεθα.
2544 2951 2563 2986 ι

326 3026 437 3081 Καὶ
467 3025 617 3081 ὅπου
656 3025 772 3095 ἐγὼ
797 3024 1009 3095 ὑπάγω
1041 3024 1263 3089 οἴδατε,
1288 3024 1390 3078 καὶ
1427 3023 1545 3094 τὴν
1578 3024 1725 3079 ὀδόν
1755 3026 1846 3079 οἵ-

250 3119 424 3176 δαῖε.

2026 3026 2146 3082 XIV
2210 3029 2265 3083 4.
2299 3028 2369 3082 Et
2395 3044 2497 3099 quo
2524 3045 2618 3100 ego
2643 3027 2777 3083 vado
2805 3068 2820 3093 ,
2856 3028 3031 3093 scitis,
3059 3037 3108 3082 et
3139 3029 3278 3083 viam
3306 3029 3477 3083 scitis.

327 3214 785 3286 Προαποδημήσω
838 3213 938 3283 μὲν
1006 3211 1183 3281 ἔγωγε
1206 3253 1221 3277 ,
1277 3212 1478 3284 φησὶν,
1551 3210 1855 3283 ἐτοιμάσων

2047 3209 2340 3268 Discedam
2368 3227 2471 3282 ego
2498 3210 2720 3282 quidem
2758 3224 3005 3281 primus,
3054 3211 3230 3281 nquit,
3262 3221 3318 3264 ut
3345 3225 3557 3281 praepa-

250 3309 387 3378 ὐμῖν
428 3307 529 3377 τῆς
581 3306 769 3360 ἀνόδου
811 3306 978 3359 τόπον
1024 3306 1124 3376 τῆς
1187 3308 1268 3370 είς
1321 3304 1605 3380 οὐρανούς·
1648 3303 1763 3359 ἀλλ’
1810 3306 1858 3358 εί

255 3398 539 3471 βούλεσθε,
581 3398 673 3452 καὶ
719 3397 874 3467 φίλον
920 3398 1050 3468 ὑμῖν
1079 3398 1226 3451 τὸέν
1269 3398 1510 3461 ἐκείναις
1554 3396 1858 3451 καταλῦσαι

253 3494 381 3556 ταῖς
413 3493 622 3561 μοναῖς,
656 3490 751 3543 καὶ
796 3490 924 3559 περὶ
975 3489 1172 3543 πολλοῦ
1208 3489 1509 3561 πεποίησθε
1550 3488 1601 3542 τὸ
1636 3491 1723 3553 εἰς
1758 3488 1858 3560 τὴν

255 3585 373 3639 ἄνω
412 3584 662 3653 γενέσθαι
699 3584 889 3646 πόλιν,
932 3584 1028 3637 καὶ
1067 3584 1181 3647 τοῖς
1218 3583 1396 3652 ἁγίοις
1440 3580 1858 3653 συναυλισθῆναι

256 3679 590 3749 πνεύμασιν,
647 3678 831 3733 οἴδατε
891 3678 989 3750 τὴν
1032 3678 1171 3742 ὁδὸν,
1219 3675 1368 3731 τοῦτ’
1415 3675 1584 3738 ἔστιν,
1615 3674 1736 3744 ἐμέ.
1777 3676 1857 3727 Δι’

259 3772 397 3842 ἐμοῦ
422 3774 528 3845 γὰρ
566 3772 806 3835 πάντως,
832 3772 927 3824 καὶ
957 3772 1020 3824 οῦ
1049 3770 1115 3824 δι’
1152 3770 1342 3835 ἐτέρου
1359 3768 1523 3833 τινὸς,
1556 3768 1654 3839 τὴν
1686 3765 1858 3830 οὕτως

260 3862 591 3932 ἀξιὰγαστον
627 3862 1050 3933 ἀποκερδανεῖτε
1076 3861 1256 3932 χάριν*
1286 3861 1346 3915 οὐ
1377 3862 1486 3931 γὰρ
1517 3859 1704 3931 ἔτερος
1728 3859 1857 3929 ὑμῖν

258 3954 463 4020 ἀνοίξει
502 3954 630 4017 τοὺς
672 3953 957 4025 οὐρανοὺς,
1005 3953 1127 4006 οὐδέ
1174 3952 1337 4022 βατὸν
1396 3950 1669 4017 ἀποδείξει
1720 3950 1854 4004 ποτέ

256 4047 321 4101 τὸ
354 4046 634 4110 παντελῶς
666 4045 885 4109 ἁστιόές
917 4061 977 4097 τε
1012 4044 1109 4097 καὶ
1149 4042 1317 4115 ἄηθες
1344 4045 1457 4105 τοῖς
1486 4044 1595 4096 ἀπὸ
1630 4044 1733 4112 τῆς
1754 4042 1858 4112 γῆς

257 4138 483 4211 χωρίον,
517 4141 564 4191 εί
609 4138 683 4211 μὴ
715 4137 876 4208 μόνος
920 4136 1053 4205 ἐγὼ,
1088 4136 1184 4189 καὶ
1210 4134 1415 4206 ἀληθὴς
1438 4135 1466 4188 6
1516 4134 1709 4203 Λόγος.
1756 4133 1858 4186 Διά

257 4233 371 4303 γάρ
410 4249 495 4285 τοι
529 4232 713 4290 τοῦτο.
744 4230 838 4284 καὶ
869 4229 897 4280 6
944 4230 1231 4301 προφήτης
1285 4227 1558 4301 Ἱερεμίας
1599 4228 1655 4279 ἐν
1686 4225 1859 4280 Πνεύ-

261 4340 422 4394 ματι,
448 4321 650 4392 ταύτην
679 4321 828 4392 ἡμᾶς
850 4320 948 4391 τὴν
973 4320 1091 4373 όδὸν
1108 4320 1189 4372 ὄτι
1239 4318 1475 4389 μάλιστα
1499 4315 1682 4389 ζητεῖν
1712 4333 1858 4387 παρ-

259 4413 570 4478 εκελεύετο,
601 4413 797 4481 λέγων’
843 4430 864 4463 ι
893 4411 1063 4481 Στῆτε
1091 4409 1183 4462 ἐπὶ
1204 4411 1322 4472 ταῖς
1347 4407 1506 4473 ὁδοῖς,
1531 4407 1627 4459 καὶ
1650 4405 1857 4477 ἐρωτή-

260 4524 396 4561 σατε
432 4506 651 4577 τρίϐους
687 4505 896 4576 Κυρίου
940 4502 1212 4567 αἰωνίους,
1235 4500 1330 4554 καὶ
1368 4501 1506 4553 ἴδετε
1536 4496 1664 4551 ποία
1711 4498 1858 4551 ἐστὶν

1958 3319 2074 3361 rem
2102 3303 2262 3358 vobis
2294 3303 2478 3358 locum
2510 3317 2781 3359 ascensus
2812 3302 2868 3357 in
2902 3304 3074 3358 cmlos
3102 3321 3116 3357 :
3152 3303 3247 3359 sed
3282 3305 3327 3358 si
3367 3304 3420 3358 in
3445 3304 3561 3359 illis

1957 3396 2349 3452 mansionibus
2385 3397 2593 3451 morari
2626 3411 2726 3451 vos
2754 3396 2938 3467 juvat,
2963 3404 3019 3451 et
3057 3396 3113 3451 iu
3149 3412 3444 3468 supernam
3478 3398 3557 3451 ci-

1958 3490 2183 3545 vitatem
2228 3488 2443 3560 ingredi
2475 3488 2699 3559 plurimi
2731 3488 2940 3546 ducitis
2962 3532 2976 3557 ,
3015 3505 3079 3544 ac
3104 3505 3215 3545 una
3256 3506 3384 3545 cum
3428 3505 3558 3544 san-

1959 3580 2070 3637 ctis
2105 3581 2398 3652 Spiritibus
2422 3579 2695 3637 diversari
2717 3623 2732 3651 ,
2765 3581 2909 3635 viam
2937 3622 2950 3644 ,
2994 3582 3044 3636 id
3085 3590 3170 3637 est
3196 3598 3316 3649 me,
3350 3582 3554 3638 nostis.

1958 3670 2063 3727 Per
2104 3688 2190 3727 me
2218 3672 2364 3726 enim
2394 3672 2587 3741 utique
2609 3712 2623 3734 ,
2658 3687 2723 3726 ac
2753 3686 2861 3726 non
2893 3687 2990 3743 per
3026 3672 3194 3726 alium
3234 3673 3409 3727 ullum
3444 3682 3554 3726 tam

1960 3764 2347 3819 admirabilem
2406 3766 2642 3836 gratiam
2699 3765 3181 3831 consequemini:
3245 3782 3348 3820 nec
3406 3765 3557 3819 enim

1960 3857 2101 3912 alius
2124 3857 2284 3912 vobis
2310 3858 2483 3913 ccelos
2509 3857 2741 3929 aperiet,
2766 3865 2861 3912 aut
2888 3857 3233 3913 inaccessum
3259 3865 3314 3913 et
3346 3858 3565 3911 invium.

1958 3950 2122 4020 plane
2155 3951 2399 4006 terrenis
2425 3950 2634 4017 locum,
2668 3965 2899 4006 accessu
2928 3948 3142 4006 facilem
3174 3950 3405 4014 reddet,
3448 3949 3555 4005 nisi

1961 4043 2126 4117 766
2165 4058 2265 4113 ego
2304 4043 2486 4098 solum
2521 4058 2585 4097 ac
2618 4058 2809 4097 verum
2847 4041 3091 4097 Verbum
3114 4086 3126 4108 ,
3155 4042 3390 4112 ideoque
3425 4058 3554 4113 pro-

1958 4138 2125 4208 pheta
2162 4136 2434 4192 Jeremias
2469 4135 2523 4189 in
2568 4133 2777 4206 Spiritu
2816 4136 2957 4191 banc
2991 4151 3094 4191 nos
3129 4136 3370 4191 maxime
3411 4136 3557 4190 viam

1958 4226 2456 4297 quaererejubebat
2482 4266 2497 4291 ,
2537 4226 2775 4281 dicens:
2838 4244 2856 4277 ι
2897 4226 3051 4282 State
3090 4242 3258 4297 super
3294 4228 3452 4293 vias,
3492 4236 3548 4281 et

1958 4319 2161 4381 videte,
2189 4326 2242 4373 et
2269 4319 2611 4389 interrogate
2648 4317 2879 4372 semitas
2911 4316 3127 4372 Domini
3161 4333 3285 4388 qua:
3320 4333 3348 4371 a
3381 4332 3558 4372 samo-

1962 4413 2013 4468 lo
2042 4431 2054 4468 :
2080 4420 2135 4467 et
2163 4410 2341 4468 videte
2370 4410 2555 4480 qualis
2582 4418 2668 4465 est
2691 4409 2780 4463 via
2810 4409 2976 4474 bona,
3000 4420 3055 4465 et
3077 4410 3356 4465 ambulate
3388 4411 3442 4464 in
3467 4425 3555 4475 ea,

1960 4512 2015 4560 et
2051 4502 2347 4558 invenietis
2400 4501 2838 4573 puriﬁcationem
2877 4501 3171 4556 animabus
3216 4505 3418 4557 vestris
3439 4502 3505 4555 ⁸⁸.
3533 4521 3552 4553 ›

259 4600 297 4671 ἡ
323 4599 443 4663 ὁδὸς
476 4600 508 4669 ἠ
535 4597 733 4669 ἀγαθὴ,
775 4598 872 4650 καὶ
902 4594 1148 4667 βαδίζετε
1188 4594 1246 4647 ἐν
1267 4593 1425 4665 αὐτῇ,
1459 4592 1554 4644 καὶ
1592 4591 1854 4662 εὑρήσετε

1966 4593 2075 4649 Viae
2100 4592 2372 4663 siquidem
2402 4606 2466 4646 ac
2490 4592 2702 4646 semita:
2724 4589 2966 4655 Domini,
2990 4589 3299 4647 secundum
3326 4591 3561 4662 prophe-

259 4690 535 4761 ἁγνισμὸν
562 4691 681 4752 ταῖς
712 4688 913 4759 ψυχαῖς
932 4687 1107 4758 ὑμῶν.
1152 4704 1171 4737 ι
1216 4684 1358 4739 ’0δοὶ
1384 4682 1484 4755 μὲν
1515 4681 1625 4752 γὰρ
1650 4681 1856 4753 Κυρίου

1960 4695 2094 4752 tam,
2125 4696 2254 4743 sunt
2281 4684 2563 4740 salutares
2587 4684 2987 4755 prophetarum
3021 4684 3144 4739 libri
3183 4703 3194 4738 :
3228 4684 3324 4739 sed
3358 4685 3403 4738 si
3434 4686 3559 4754 quis

261 4785 361 4839 καὶ
400 4783 601 4856 τρίὸοι,
649 4781 790 4835 κατὰ
830 4781 921 4833 τὸν
979 4780 1291 4851 προφήτην,
1340 4777 1408 4829 τὰ
1454 4778 1696 4847 σωτήρια
1748 4774 1855 4827 τῶν

1960 4780 2045 4836 eis
2074 4779 2320 4833 animum
2340 4776 2694 4848 applieuerit,
2713 4777 2857 4831 viam
2877 4774 3123 4830 inveniet
3139 4776 3368 4837 bonam,
3399 4774 3451 4829 id
3473 4782 3565 4829 est

261 4877 439 4945 ἁγίων
487 4874 782 4948 προφητῶν
824 4874 1254 4943 συγγράμματα·
1300 4869 1418 4923 ἀλλ’
1459 4869 1513 4923 εῖ
1544 4886 1633 4932 τις
1674 4866 1855 4931 αὐτοῖς

1962 4871 2246 4929 Christum
2268 4910 2283 4934 ,
2318 4886 2414 4941 per
2436 4886 2601 4940 quem
2649 4876 2706 4925 et
2750 4868 2993 4938 perfecta
3033 4867 3404 4923 sanctificatio
3433 4868 3559 4921 ani-

259 4969 357 5023 τδν
394 4966 520 5021 νοῦν
560 4968 898 5037 ἐπιστήσειε,
937 4966 1037 5036 τὴν
1068 4963 1188 5019 ὁδὸν
1231 4963 1454 5036 εὑρήσει
1499 4962 1599 5034 τὴν
1624 4960 1855 5032 ἀγαθὴν,

1967 4962 2162 5018 mabus
2189 4962 2396 5018 nostris
2422 4962 2657 5016 inditur.
2681 4959 3064 5017 Justiﬁcamur
3085 4960 3228 5015 enim
3252 4974 3348 5030 per
3371 4959 3561 5023 Iidem,

263 5062 412 5119 τοῦτ’
465 5061 583 5114 ἐστι
627 5059 880 5131 Χριστὸν,
929 5058 996 5113 δι’
1037 5051 1099 5113 οῦ
1142 5057 1237 5111 καὶ
1280 5059 1308 5111 6
1354 5056 1557 5119 τέλειος
1599 5054 1855 5126 ἁγνισμὸς

1969 5065 2025 5113 et
2054 5057 2254 5112 divinae
2281 5063 2572 5111 consortes
2596 5062 2810 5109 natura!
2841 5054 3126 5109 reddimur
3145 5056 3190 5086 ⁸⁹
3212 5096 3228 5122 ,
3266 5054 3561 5125 ριιιιίρῑβιιη

262 5157 391 5219 ταῖς
424 5154 723 5227 ἡμετέραις
764 5152 964 5225 ψυχαῖς
996 5149 1297 5220 ἐγγίνεται.
1347 5145 1717 5219 Δικαιούμεθα
1755 5146 1855 5217 γὰρ

1969 5152 2121 5207 tione
2158 5149 2338 5207 sancti
2374 5148 2642 5220 Spiritus.
2678 5146 2786 5203 Sed
2817 5158 2873 5203 et
2908 5148 3029 5219 ipse
3061 5163 3259 5218 magna
3290 5164 3423 5204 voce
3451 5150 3562 5202 cla-

266 5243 361 5297 διὰ
407 5243 507 5313 τῆς
550 5242 810 5309 πίστεως,
851 5242 945 5296 καὶ
980 5241 1130 5304 θείας
1171 5238 1608 5309 ἁναδεικνύμεθα
1649 5236 1866 5308 φύσεως

270 5338 521 5391 κοινωνοὶ
561 5339 626 5409 τῇ
682 5335 898 5407 μεθέξει
952 5334 1046 5390 τοῦ
1093 5334 1248 5403 ἁγίου
1302 5332 1640 5404 Πνεῦματος.
1707 5331 1869 5385 Ἀλλὰ

271 5430 368 5484 καὶ
406 5429 567 5494 αὐτὸς
622 5429 652 5483 6
711 5428 1227 5500 μεγαλοφωνότατος
1279 5426 1566 5498 προφήτης
1633 5425 1863 5489 Ἦσαῖας

270 5523 450 5589 οῦτως
484 5525 618 5597 ἡμῖν
637 5523 984 5594 τὸνΧριστδν
1009 5522 1354 5593 διεκήρυττε,
1386 5520 1579 5589 λέγων·
1612 5537 1631 5570 ι
1666 5517 1861 5574 Ἔσται

273 5617 393 5672 ἐκεῖ
446 5615 565 5680 όδδς
627 5615 864 5687 καθαρὰ,
914 5615 1008 5671 καὶ
1056 5614 1173 5679 ὁδὸς
1224 5612 1359 5683 ἁγία
1425 5611 1781 5683 κληθήσεται.
1840 5629 1857 5661 ι

286 5708 446 5765 Ἐκεῖ
464 5708 522 5762 δέ
537 5708 654 5763 ποῦ
675 5725 862 5779 φησιν,
883 5708 939 5761 ἐν
960 5708 1073 5770 τοῖς
1096 5706 1311 5777 χρόνοις
1333 5703 1576 5775 δηλονότι
1600 5704 1699 5773 τῆς
1729 5700 1865 5773 μετὰ

1972 5259 2130 5300 mans
2179 5243 2352 5299 Isaias
2400 5243 2668 5314 prepbeta
2720 5241 2826 5296 hoc
2872 5239 3037 5296 modo
3076 5241 3237 5295 nobis
3276 5240 3561 5296 Christum

1972 5336 2353 5409 przedicabat:
2417 5354 2434 5386 ι
2469 5333 2587 5389 Erit
2630 5333 2705 5388 ibi
2756 5334 2845 5389 via
2883 5334 3086 5387 munda
3112 5374 3127 5398 ,
3166 5343 3221 5389 et
3244 5334 3330 5387 via
3368 5341 3561 5388 sancta

1973 5430 2265 5486 vocabitur
2295 5429 2363 5483 °°.
2394 5446 2412 5479 ι
2469 5427 2554 5481 Ibi
2584 5441 2717 5482 vero
2742 5443 2843 5498 pro
2868 5426 3157 5500 aliquando
3188 5428 3388 5490 sumit,
3423 5434 3562 5481 tem-

1976 5521 2204 5593 poribus
2236 5519 2497 5576 nimirum
2529 5520 2935 5577 incarnationis
2959 5520 3262 5593 Unigeniti.
3288 5518 3387 5573 Via
3412 5519 3559 5573 enim

1976 5614 2137 5671 nobis
2168 5612 2316 5670 facta
2342 5621 2429 5668 est
2454 5628 2591 5685 pura
2619 5620 2674 5668 et
2705 5621 2895 5668 sancta
2915 5653 2931 5677 ,
2962 5629 3059 5683 per
3091 5629 3256 5685 quam
3280 5612 3370 5683 qui
3410 5611 3562 5665 incc-

1974 5706 2148 5769 dunt,
2190 5712 2509 5760 sanctorum
2552 5701 2893 5773 splendidam
2925 5703 3204 5758 civilatem
3237 5717 3300 5756 ac
3333 5700 3567 5759 liberant

348 5891 397 5924 "
428 5886 641 5964 _Matth.
692 5906 807 5957 xu,
850 5889 939 5947 9.8.
1018 5889 1060 5922 ⁵⁷
1104 5887 1353 5945 I'I‘bcss.
1404 5903 1479 5953 ιν,
1517 5885 1708 5941 ίιί-ιϋ.
1788 5881 1833 5914 ⁵⁸
1871 5880 2070 5939 .Icrem.
2102 5896 2178 5952 vI,
2232 5880 2319 5937 16.
2395 5882 2442 5914 ⁵³
2479 5878 2521 5936 Il
2558 5878 2704 5937 i‘ctr.
2749 5896 2797 5947 ι,
2834 5878 2886 5936 4.
2925 5881 2970 5913 σθ
3010 5882 3115 5939 Isa.
3166 5898 3331 5944 xxxv.
3364 5884 3417 5938 8.
