4096 6480
637 389 740 444 I87

1624 392 1684 448 S.
1725 391 2004 449 CYRILLI
2041 393 2512 451 ALEXANDRINI
2548 392 2868 450 ARCHIEP.

3787 392 3901 448 188

634 505 939 561 Jerusalem
986 506 1227 565 deﬁnitis
1264 508 1433 565 visuri
1482 518 1611 565 sunt
1662 510 2022 579 temporibus.
2060 509 2201 575 Quin

2321 512 2512 583 σαρκὸς
2547 510 2856 581 οἰκονομίας
2890 506 2983 562 τοῦ
3022 507 3378 576 Μονογενοῦς.
3422 507 3571 571 Ὁδὸς
3612 507 3723 578 γὰρ
3757 512 3902 579 ἡμῖν

635 602 691 649 et
724 595 840 665 ipse
868 611 1062 653 rursus
1093 596 1311 655 divinus
1333 599 1620 655 Psalmista
1649 608 1908 668 tanquam
1943 599 2008 653 ad
2037 597 2205 653 Deum

635 684 857 742 Patrem
910 688 1029 743 ait:
1075 706 1093 739 ι
1128 688 1321 759 Legem
1372 704 1510 759 pone
1533 690 1687 753 mihi,
1721 688 1975 754 Domine,
2021 689 2075 743 in
2120 690 2208 744 via

619 788 727 849 tua
752 779 816 830 ⁶¹.
844 798 862 830 ι
893 778 1058 850 Cupit
1107 781 1251 834 enim
1302 779 1509 835 Christi
1561 781 1775 852 legibus
1819 781 2065 844 erudiri,
2099 797 2208 836 non

636 870 898 940 ignorans
945 870 1012 925 ad
1059 886 1353 941 supernam
1406 873 1683 928 civitatem
1737 888 1796 929 se
1842 889 2207 930 ascensurum

635 962 682 1015 si
718 978 814 1032 per
842 964 1209 1033 evangelicam
1255 964 1560 1019 doctrinam
1594 973 1742 1021 recta
1786 981 1887 1035 per
1925 982 2088 1022 omne
2116 966 2211 1021 bo—

634 1068 767 1107 num
799 1051 1028 1107 feratur.
1067 1052 1294 1107 Difﬁcile
1350 1070 1459 1109 non
1502 1064 1588 1110 est
1627 1056 1734 1109 alia
1775 1071 1999 1126 quoque
2038 1056 2210 1111 multa

634 1158 704 1197 ex
746 1143 1025 1213 prophetis
1062 1144 1117 1198 in
1172 1144 1412 1199 medium
1456 1144 1653 1200 alTerre
1701 1146 2018 1201 testimonia
2050 1187 2065 1212 ,
2115 1160 2211 1215 per

635 1248 759 1303 qua:
780 1233 907 1288 licet
932 1248 1233 1305 agnoscere
1255 1237 1399 1290 viam
1424 1245 1675 1293 sanctam
1703 1236 1891 1291 Jesum
1918 1251 2042 1292 esse
2068 1251 2210 1290 nun-

635 1336 895 1395 cupatum
931 1345 944 1381 :
983 1326 1079 1382 sed
1106 1342 1216 1382 non
1249 1336 1333 1383 est
1358 1344 1583 1384 necesse
1610 1370 1623 1394 ,
1670 1336 1729 1383 ut
1760 1336 1913 1398 puto,
1945 1328 2015 1383 de
2049 1327 2211 1382 rebus

636 1417 773 1473 adeo
800 1420 1099 1488 perspicuis
1121 1421 1352 1474 multum
1378 1420 1653 1475 laborare.
1681 1420 1845 1475 Scitis
1875 1435 2008 1489 ergo
2041 1420 2208 1484 viam,

636 1524 733 1577 per
755 1524 921 1579 quam
951 1511 1305 1573 ascenderis,
1341 1512 1553 1582 inquit,
1597 1520 1650 1567 et
1686 1513 1793 1583 ipsi
1824 1512 1893 1565 ad
1932 1516 2212 1582 supe‘rnas

638 1601 978 1667 mansiones,
1008 1604 1145 1657 nihil
1177 1604 1324 1657 aliud
1358 1604 1609 1659 indicans
1636 1619 1798 1673 quam
1826 1605 2061 1672 plurima
2089 1618 2214 1658 esse

636 1708 809 1762 eaque
850 1695 1112 1763 praeclara
1150 1696 1292 1764 apud
1330 1695 1501 1749 Deum
1536 1710 1601 1749 ac
1636 1693 1854 1750 Patrem
1892 1694 2170 1748 dmnicilia
2196 1734 2211 1759 ,

636 1792 691 1838 et
732 1786 889 1855 prius
935 1788 1228 1841 ascendam
1282 1787 1497 1854 locum,
1538 1788 1683 1841 viam
1722 1786 1879 1841 vobis
1918 1794 2213 1857 paraturus

2310 602 2499 669 γέγονε
2546 599 2761 671 καθαρά
2797 600 2888 653 καὶ
2922 600 3070 669 ἁγία,
3122 600 3189 653 δι’
3226 594 3294 668 ἦς
3343 601 3392 652 οί
3437 598 3748 669 βαδίζοντες
3794 600 3901 669 τὴν

2310 693 2568 765 λαμπρὰν
2610 693 2718 745 τῶν
2761 694 2933 761 ἁγίων
2959 691 3274 746 καλλίπολιν
3312 692 3407 745 καὶ
3451 693 3549 762 τὴν
3594 691 3899 761 ἐλευθέραν

2322 784 2676 856 Ἰερουσαλὴμ
2696 786 2754 837 tv
2775 788 2887 847 τοῖς
2912 785 3238 855 ὡρισμένοις
3267 783 3487 853 ὐψονται
3517 784 3755 854 χρόνοις.
3783 784 3903 837 Καὶ

2311 878 2472 940 αὐτὸς
2523 877 2583 931 δὲ
2610 876 2770 930 πάλιν
2796 879 2824 931 ό
2864 875 3149 939 θεσπέσιος
3180 878 3311 946 ἡμῖν
3342 874 3614 945 Μελῳδὺς,
3638 875 3720 937 ὡς
3759 873 3903 945 πρὸς

2310 970 2443 1024 Θεὸν
2478 970 2699 1041 Πατέρα
2724 970 2876 1041 φησί’
2922 989 2940 1021 ι
2984 969 3365 1041 Νομοθέτησόν
3396 985 3483 1039 με,
3514 968 3713 1038 Κύριε,
3745 970 3804 1020 tv
3833 970 3901 1037 τῇ

2310 1061 2414 1132 ὁδῷ
2449 1080 2566 1115 σου.
2600 1082 2617 1114 ›
2662 1062 2954 1133 Ἐπιθυμεῖ
2973 1062 3080 1133 γὰρ
3122 1063 3234 1125 τοῖς
3262 1060 3352 1115 διὰ
3376 1059 3613 1131 Χριστοῦ
3642 1059 3904 1114 παιδεύε-

2313 1154 2438 1207 σθαι
2477 1155 2681 1225 νόμοις,
2706 1156 2806 1208 οὐκ
2840 1155 3113 1225 ἀγνόησας
3140 1171 3226 1218 τις
3256 1154 3340 1207 ὅτι
3370 1153 3465 1207 καὶ
3495 1153 3634 1224 πρὸς
3657 1152 3766 1223 τὴν
3786 1152 3904 1206 ἄνευ

2313 1246 2574 1315 βαδιεῖται
2622 1247 2796 1313 πόλιν,
2844 1246 2937 1309 διὰ,
2972 1246 3070 1317 τῆς
3129 1244 3491 1316 εὐαγγελικῆς
3526 1243 3901 1306 παιδεύσεως,

2314 1340 2434 1389 κατ’
2456 1336 2585 1391 εὐθύ
2618 1338 2815 1399 παντδς
2835 1336 3129 1408 ἐρχόμενος
3147 1332 3376 1404 ἀγαθοῦ.
3405 1335 3517 1388 Καὶ
3534 1336 3905 1405 παρενεγκεῖν

2317 1426 2415 1497 μὲν
2446 1426 2507 1478 οὐ
2539 1425 2793 1496 χαλεπὸν,
2824 1425 2917 1478 καὶ
2954 1424 3145 1497 ἑτέρας
3170 1423 3250 1477 ἔτι
3278 1423 3479 1487 πολλὰς
3509 1424 3572 1477 ὲκ
3601 1421 3904 1495 προφητῶν

2318 1517 2644 1589 μαρτυρίας,
2685 1517 2753 1570 δι’
2785 1509 2860 1570 ὧν
2886 1515 2952 1570 ἂν
2981 1515 3252 1585 εἰδείημεν
3281 1513 3397 1568 ὁδὸν
3426 1515 3526 1584 τὴν
3567 1515 3737 1582 ἁγίαν
3768 1513 3903 1566 ἀπο-

2314 1608 2648 1679 κεκλημένον
2694 1607 2785 1660 τὸν
2826 1605 3055 1679 Ἰησοῦν,
3090 1606 3204 1661 ἀλλ’
3237 1605 3410 1671 οὐδὲν,
3433 1602 3608 1675 οἶμαι,
3635 1605 3697 1657 τὸ
3736 1604 3905 1670 ἀναγ-

2317 1703 2469 1755 καῖον
2510 1703 2623 1763 τοῖς
2652 1698 2795 1753 οὕτω
2841 1700 3029 1770 σαφῶς
3062 1699 3418 1769 ὲγκειμένοις,
3459 1700 3539 1760 εἰς
3574 1697 3771 1767 δνησιν
3812 1697 3905 1747 ἐπ-

2318 1791 2680 1860 αγωνίζεσθαι
2705 1792 2930 1861 σφόδρα.
2952 1793 3097 1844 ’Ἱστε
3132 1790 3315 1843 τοίνυν
3342 1789 3443 1859 τὴν
3462 1788 3600 1853 ὁδὸν,
3634 1787 3703 1840 δι’
3738 1781 3810 1856 ἧς
3839 1786 3906 1838 ἂν

638 1892 750 1945 quo
794 1878 964 1932 libere
1007 1887 1061 1933 et
1096 1879 1369 1948 intrepide
1400 1880 1610 1934 versari
1652 1879 1702 1933 in
1743 1880 1859 1934 illis
1900 1879 2216 1949 regionibus

2322 1882 2473 1947 ίοιτε,
2512 1883 2685 1953 φησὶ,
2730 1883 2823 1937 καὶ
2877 1883 3033 1936 αὐτοὶ
3075 1882 3213 1952 πρὸς
3260 1881 3360 1944 τὰς
3402 1882 3514 1935 ἄνω
3563 1878 3740 1949 μονὰς
3780 1877 3904 1947 (ήδη

638 1967 888 2035 possitis.
924 1967 1087 2023 Scitis
1128 1984 1255 2023 vero
1280 2008 1294 2032 ,
1344 1969 1561 2039 inquit,
1617 1971 1892 2025 neminem
1924 1985 2019 2040 per
2049 1970 2215 2027 alium

636 2072 799 2125 quam
848 2074 943 2128 per
993 2076 1078 2114 me
1118 2077 1290 2119 unum
1322 2077 1385 2118 eo
1421 2063 1720 2117 ascendere
1749 2078 1992 2132 unquam
2029 2078 2213 2133 posse.

634 2150 837 2216 Quare,
882 2152 926 2207 si
970 2155 1095 2222 quis
1121 2154 1190 2208 ab
1230 2170 1421 2210 amore
1449 2154 1659 2211 Christi
1692 2153 2028 2211 deturbatus
2054 2197 2071 2222 ,
2119 2165 2217 2211 aut

636 2242 882 2313 profanis
932 2260 1131 2300 vocum
1190 2248 1536 2303 novitatibus
1577 2248 1654 2315 ⁸⁸,
1700 2256 1755 2303 et
1795 2249 2215 2320 peregrinorum

635 2337 1027 2394 vocabulorum
1083 2341 1493 2410 impnritatilms
1548 2342 1941 2413 sycophantias
1999 2342 2216 2411 paranti

636 2428 925 2486 adhaerens
946 2471 961 2494 ,
997 2431 1326 2489 ineﬂ‘abilem
1360 2444 1414 2489 et
1444 2435 2059 2505 incomprehensibilem
2096 2434 2216 2506 ejus

636 2528 889 2575 naturam
929 2523 1075 2578 inter
1107 2539 1298 2581 servos
1329 2527 1561 2583 collocet
1586 2568 1600 2593 ,
1652 2538 1747 2583 aut
1789 2530 2019 2584 liberum
2064 2538 2118 2585 et
2150 2546 2218 2585 ex

638 2614 799 2685 767
834 2612 1015 2670 Patris
1042 2617 1357 2674 substantia
1387 2620 1628 2688 genitum
1663 2619 1903 2676 Verbum
1940 2621 2219 2677 creaturis

637 2707 978 2771 adnumeret,
1016 2715 1110 2763 aut
1141 2710 1250 2765 alio
1288 2712 1492 2780 quovis
1524 2713 1690 2768 modo
1716 2714 1905 2778 violet,
1950 2715 2217 2786 intelligat

638 2816 699 2855 se
734 2801 875 2855 viam
916 2801 983 2855 ad
1019 2818 1259 2873 superna
1293 2805 1605 2861 tendentem
1646 2804 1953 2876 perdidisse
1977 2847 1993 2872 ,
2046 2815 2102 2862 et
2148 2807 2218 2863 ab

639 2892 755 2945 arvi
788 2893 958 2947 sulcis
988 2895 1314 2960 aberrasse,
1348 2906 1410 2952 ut
1449 2912 1478 2950 a
1510 2898 1750 2967 quodam
1784 2897 2053 2968 scriptum
2089 2906 2173 2955 est
2199 2940 2215 2966 ,

639 2988 695 3034 et
740 2995 929 3049 pmnas
976 2983 1030 3037 in
1076 2982 1270 3040 inferis
1310 2985 1641 3056 degentibus
1690 2987 1907 3041 debitas
1947 2987 2215 3043 luiturum

639 3086 784 3128 esse.
828 3074 1097 3139 Quocirca
1123 3078 1573 3148 sapientissimus
1606 3078 1813 3136 Paulus
1848 3098 1944 3139 eos
1982 3082 2076 3153 qui
2106 3096 2218 3151 pra:

640 3164 899 3218 vecordia
934 3167 1131 3221 nolunt
1161 3169 1216 3223 in
1246 3168 1467 3224 Christo
1499 3170 1719 3238 vivere,
1767 3173 1862 3227 sed
1898 3174 1965 3227 ad
2012 3174 2216 3244 legales

2319 1975 2475 2029 τοῦτο
2503 1975 2852 2047 παραδηλῶν,
2884 1976 2978 2029 καὶ
3010 1974 3197 2045 ἕτερον
3228 1972 3401 2037 οὐδὲν,
3424 1974 3458 2042 ἢ
3484 1972 3567 2025 ὅτι
3600 1968 3784 2024 πολλά
3810 1970 3907 2039 μὲν

2318 2067 2459 2134 λίαν,
2490 2068 2585 2123 καὶ
2620 2068 2872 2138 εὐπρεπῆ
2905 2068 2977 2121 τὰ
2996 2066 3148 2137 παρὰ
3184 2064 3308 2135 Θεῷ
3336 2064 3430 2117 καὶ
3456 2064 3633 2133 Πατρὶ
3667 2061 3906 2114 καταλύ-

2318 2159 2515 2230 ματα),
2531 2160 2627 2213 καὶ
2648 2160 2814 2213 τόπον
2837 2158 2970 2228 ὐμῖν
3002 2155 3316 2225 παρρησίας
3336 2153 3431 2207 τοῦ
3458 2154 3550 2207 καὶ
3572 2155 3631 2205 tv
3673 2151 3907 2211 ἐκείνοις

2317 2250 2569 2319 γενέσθαι
2620 2253 2731 2314 τοῖς
2781 2248 3001 2321 χωρίοις
3062 2245 3369 2316 ὲτοιμὰσων
3422 2242 3907 2315 προαναϐήσομαι.

2320 2342 2467 2411 Πλὴν
2520 2341 2655 2408 ῐστε,
2700 2341 2885 2413 φησὶν,
2918 2339 2994 2403 ὡς
3014 2339 3113 2391 οὐκ
3138 2337 3203 2391 ἄν
3242 2353 3323 2399 τις
3348 2335 3399 2388 δι
3449 2334 3641 2405 ἑτέρου
3671 2333 3827 2396 τινὸς
3855 2332 3915 2385 τὺ

2320 2438 2497 2489 ἐκεῖσε
2528 2432 2777 2503 γενέσθαι
2821 2432 2997 2495 λάϐοι,
3025 2430 3167 2501 πλὴν
3183 2429 3249 2482 δι’
3278 2428 3409 2499 ἐμοῦ
3446 2428 3541 2481 καὶ
3586 2426 3783 2497 μόνου.
3808 2425 3912 2478 Οὐ⁴

2319 2528 2449 2583 κοῦν
2487 2526 2645 2590 εἴτις
2668 2525 2890 2578 ὲκπέσοι
2922 2522 3017 2577 τοῦ
3043 2521 3361 2591 ἀγαπᾶσθαι
3390 2518 3541 2591 παρὰ
3576 2515 3852 2590 Χριστοῦ,
3881 2515 3915 2584 ἦ

2322 2620 2568 2691 βεὸήλοις
2594 2617 2974 2688 κενοφωνίαις,
3016 2618 3109 2669 καὶ
3138 2613 3443 2668 ἀλλοκότων
3473 2611 3739 2681 ῥημάτων
3776 2610 3914 2661 ἀκα-

2321 2712 2572 2783 θαρσίαις
2590 2709 2871 2780 προσέχων
2886 2709 3243 2777 συκοφαντεῖν
3264 2704 3524 2794 ἑλομένῳ,
3547 2701 3648 2794 τῂν
3668 2702 3917 2794 ἄρρητον

2319 2804 2485 2858 αὐτοῦ
2508 2804 2602 2856 καὶ
2634 2800 2993 2872 ἁπερινόητον
3037 2798 3198 2869 φύσιν
3225 2797 3300 2861 ὼς
3324 2797 3381 2850 tv
3410 2790 3611 2856 δούλοις
3642 2790 3914 2845 κατατάτο

2320 2914 2423 2963 τει,
2458 2897 2691 2957 καὶτοῖς
2741 2892 3057 2963 γενομένοις
3111 2887 3447 2961 καταριθμεῖ
3484 2885 3577 2939 τὸν
3618 2882 3914 2951 ὲλεύθερον

2319 2989 2415 3046 καὶ
2454 2990 2526 3042 ὲκ⁸
2562 2988 2663 3057 τῆς
2709 2984 2898 3049 οὐσίας
2940 2982 3035 3037 τοῦ
3072 2980 3287 3052 Πατρὸς
3319 2976 3649 3049 γεννηθέντα
3695 2974 3911 3042 Λόγον,

2319 3083 2489 3152 ἦγουν
2521 3078 2642 3133 καθ’
2665 3077 2854 3148 ἕτερόν
2889 3092 3012 3129 τινα
3038 3075 3302 3144 λυπήσειε
3333 3070 3554 3142 τρόπον,
3585 3065 3920 3135 γινωσκέτω

2324 3173 2519 3227 λοιπὸν.
2552 3171 2654 3241 τῆς
2690 3170 2829 3241 πρὸς
2854 3170 2916 3222 τὸ
2947 3169 3059 3223 ἄνω
3082 3166 3309 3238 πορείας
3340 3164 3440 3235 τὴν
3469 3160 3587 3215 ὁδὸν
3610 3158 3915 3220 ἀπολέσας,

641 3255 869 3312 umbras
910 3256 1171 3325 redeunt,
1233 3261 1443 3316 alienos
1476 3260 1653 3317 factos
1685 3278 1809 3317 esse
1852 3272 1907 3317 et
1945 3280 1975 3317 a
2014 3263 2216 3320 Christi

2324 3266 2418 3317 καὶ
2438 3260 2851 3333 πεπλανημένος
2876 3261 2972 3330 μὲν
2988 3258 3080 3313 τοῦ
3107 3258 3236 3311 ἰδίου
3249 3254 3515 3327 γεωργίου
3537 3253 3667 3315 τοὺς
3682 3251 3887 3315 ἄξονας
3901 3289 3916 3313 ,

642 3346 818 3416 gratia
849 3348 1123 3406 excidisse
1163 3352 1239 3406 ait
1285 3368 1351 3407 ex
1391 3369 1457 3407 eo
1514 3354 1659 3424 quod
1706 3356 1897 3410 volunt
1926 3356 2216 3425 justilicari

2326 3355 2470 3410 κατὰ
2492 3354 2553 3408 τὸ
2586 3352 2876 3425 εἰρημένον
2906 3350 3009 3405 ὐπό
3052 3367 3215 3414 τινος,
3242 3347 3453 3417 ὑφέξων
3485 3345 3542 3398 δὲ
3572 3343 3801 3405 πάντως
3823 3340 3919 3415 τὴν

641 3452 710 3491 ex
776 3438 893 3509 lege
927 3439 992 3495 ⁸³.
1034 3439 1508 3508 Quemadmodum
1549 3447 1695 3501 enim
1736 3447 1783 3501 is
1822 3448 1913 3517 qui
1949 3462 1977 3501 a
2010 3448 2139 3501 trita
2168 3456 2216 3501 et

2326 3448 2437 3509 τοῖς
2470 3446 2620 3499 κάτω
2652 3445 2869 3515 μένουσι
2891 3443 3205 3517 πρέπουσαν
3233 3440 3407 3510 δίκην.
3435 3438 3531 3495 Διά
3567 3436 3730 3490 τοῦτο
3764 3435 3865 3493 καὶ
3890 3438 3919 3485 ό

642 3539 793 3587 recta
816 3532 904 3587 via
932 3534 1175 3603 excidit,
1207 3539 1418 3593 erroris
1455 3539 1682 3593 omnino
1716 3538 1920 3593 damna
1952 3555 2216 3608 passurus

2330 3537 2640 3609 σοφῴτατος
2672 3536 2881 3599 Παῦλος
2905 3536 3032 3599 τοὺς
3068 3532 3483 3605 ἀρνησαμένους
3516 3532 3580 3588 ἐκ
3621 3525 3920 3598 φρενοϐλα-

642 3632 728 3678 est
773 3643 787 3678 :
841 3624 922 3679 sic
970 3626 1062 3696 qui
1096 3628 1381 3697 repudiata
1414 3628 1617 3684 Christi
1640 3629 1855 3699 justitia
1891 3630 2216 3701 evangelica:

2329 3629 2477 3693 ϐείας
2518 3629 2577 3683 τὸ
2616 3630 2674 3680 tv
2713 3627 2934 3700 Χριστῷ
2976 3624 3380 3687 πολιτεύεσθαι,
3416 3617 3918 3690 παλινδρομοῦντας

642 3718 1083 3774 conversationis
1124 3719 1436 3775 doctrinam
1473 3721 1608 3775 nihil
1638 3720 1889 3784 faciunt,
1925 3737 2216 3791 supernam

2332 3720 2390 3777 δὲ
2420 3719 2557 3791 πρὸς
2594 3719 2693 3783 τὰς
2723 3722 2788 3772 ὲκ
2817 3718 2982 3788 νόμου
3010 3716 3190 3780 σκιὰς,
3218 3710 3699 3785 ἀπηλλοτριῶσθαί
3749 3724 3917 3778 φησιν

641 3808 921 3865 civitatem
959 3826 1070 3866 non
1107 3811 1413 3877 videbunt,
1456 3828 1636 3882 neque
1674 3828 1842 3882 porro
1885 3813 2051 3868 etiam
2095 3830 2216 3868 cum

2330 3812 2437 3866 ἀπὸ
2486 3811 2724 3881 Χριστοῦ
2772 3811 2868 3863 καὶ
2909 3810 3009 3881 τῆς
3050 3809 3272 3880 χάριτος
3316 3807 3622 3871 μὲκπεσεῖν,
3676 3802 3766 3855 διὰ
3823 3799 3916 3853 τοῦ

641 3902 851 3957 sanctis
892 3903 1096 3959 vivent.
1134 3903 1236 3958 Via
1261 3906 1410 3959 enim
1440 3920 1562 3975 quae
1592 3905 1727 3960 illuc
1751 3905 1926 3971 ducit,
1964 3906 2216 3963 Christus

2328 3902 2667 3957 δικαιοῦσθαι
2692 3902 2869 3971 φιλεῖν
2891 3904 2955 3955 ἐκ
2979 3902 3385 3973 νόμου.”ονπερ
3408 3900 3517 3971 γὰρ
3536 3896 3743 3969 τρόπον
3768 3896 3799 3947 ὁ
3820 3892 3916 3962 τῆς

641 4009 787 4050 unus
823 4004 928 4050 est.
2326 3994 2701 4067 τετριμμένης
2752 4012 2812 4047 τε
2862 3994 2957 4049 καὶ
2996 3994 3207 4058 εὐθείας
3244 3992 3524 4047 ἐκπίπτων
3568 3988 3716 4051 ὁδοῦ,
3752 3986 3822 4040 τὰ
3853 3988 3914 4038 ὲκ

639 4088 735 4141 τοῦ
780 4090 1083 4144 πλανᾶσθαι
1134 4090 1349 4154 πάντως
1374 4091 1738 4162 ὐποστήσεται
1783 4091 1973 4161 βλάὁη·
2022 4089 2215 4157 οὕτως,
2255 4090 2429 4162 οἶμαι,
2454 4089 2553 4144 καὶ
2584 4089 2683 4159 οὐχ
2710 4089 2933 4159 ἑτέρως,
2972 4090 3021 4140 oi
3059 4088 3158 4160 τὴν
3218 4088 3277 4140 ὲν
3318 4084 3538 4158 Χριστῷ
3565 4078 3914 4147 δικαιοσύνην

642 4183 1068 4253 παρωσάμενοι,
1121 4184 1216 4240 καὶ
1273 4184 1371 4253 τῆς
1408 4184 1767 4254 εὐαγγελικῆς
1809 4184 2083 4247 πολιτείας
2124 4184 2223 4255 τὴν
2263 4186 2545 4239 παίδευσιν
2588 4187 2646 4238 tv
2712 4181 2789 4253 τῷ
2853 4181 3045 4253 μηδενὶ
3093 4179 3418 4243 τεθεικότες,
3454 4177 3553 4249 τὴν
3594 4176 3710 4233 ἂνω
3762 4172 3915 4226 πόλιν

641 4275 739 4327 οὐκ
810 4274 1051 4343 ὄψονται,
1090 4275 1205 4329 ἀλλ’
1248 4275 1369 4328 οὐδὲ
1406 4277 1516 4338 τοῖς
1555 4276 1731 4344 ἁγίοις
1772 4276 2254 4347 συνδιαιτήσονται.
2309 4277 2457 4341 Ὁδὸς
2496 4276 2604 4347 γὰρ
2644 4278 2678 4345 ἡ
2725 4274 2860 4347 πρὸς
2906 4272 3063 4327 τοῦτο
3130 4272 3453 4343 κομίζουσα,
3492 4269 3652 4341 μόνος
3700 4265 3851 4322 ἐστὶν
3886 4266 3916 4318 ὁ

642 4368 897 4437 Χριστός.

713 4460 854 4526 XIV,
890 4459 1013 4527 5,6.
1040 4460 1181 4514 Dicit
1203 4461 1250 4515 ei
1284 4460 1511 4515 Thomas
1538 4477 1557 4515 :
1585 4460 2103 4523 Domine,nescimus
2118 4479 2216 4533 quo

2390 4452 2560 4523 Λέγει
2592 4449 2751 4515 αὐτῷ
2780 4448 3004 4520 Θωμᾶς*
3044 4451 3165 4502 Οὐκ
3209 4448 3456 4516 οἴδαμεν
3479 4445 3599 4500 ποῦ
3640 4446 3907 4516 ὑπάγεις,

642 4549 813 4615 cadis,
857 4559 906 4601 ct
957 4549 1219 4620 quomodo
1256 4566 1539 4619 possumus
1596 4551 1735 4604 viam
1775 4553 1960 4608 scire?
2003 4552 2143 4605 Dicit
2180 4553 2228 4606 ei

641 4640 845 4696 Jesus:
884 4638 997 4713 Ego
1041 4658 1158 4696 sum
1194 4643 1314 4708 via,
1354 4652 1403 4696 et
1434 4644 1626 4699 veritas
1654 4684 1669 4709 ,
1713 4653 1763 4699 et
1797 4646 1943 4699 vita:
1988 4656 2037 4700 et
2078 4662 2226 4699 nemo

644 4735 781 4787 venit
814 4732 885 4787 ad
924 4732 1162 4799 Patrem,
1204 4734 1310 4787 nisi
1344 4750 1436 4803 per
1470 4751 1569 4790 me.

715 4914 997 4970 Christum
1043 4915 1162 4970 suis
1205 4914 1498 4989 discipulis
1540 4917 1786 4973 nondum
1829 4926 2014 4988 aperte
2042 4915 2226 4971 dicere

645 5009 915 5062 volentem
952 5008 1020 5063 ad
1056 5009 1225 5063 caelos
1258 5025 1317 5065 se
1362 5026 1756 5074 ascensurum,
1792 5018 1844 5064 et
1891 5009 1956 5062 ad
2002 5006 2222 5062 Patrem

648 5098 1015 5168 migraturum
1042 5141 1057 5166 ,
1095 5098 1190 5154 sed
1220 5100 1570 5172 aanigmatice
1604 5100 1783 5154 adhuc
1811 5109 1865 5155 et
1900 5100 2070 5153 multa
2098 5114 2223 5153 cum

648 5189 894 5259 emphasi
929 5206 1044 5245 rem
1074 5193 1480 5263 signiﬁcantem
1508 5191 1749 5247 Thomas
1780 5190 2086 5261 discipulus
2116 5190 2222 5245 sci-

649 5284 904 5348 scitatur,
932 5294 987 5338 et
1007 5290 1424 5353 argumentatur
1454 5280 1859 5352 quodammodo
1884 5289 2096 5335 tantum
2118 5296 2230 5335 non

648 5376 815 5430 etiam
856 5390 1058 5446 cogens
1104 5373 1340 5428 invitum
1395 5372 1579 5429 dicere
1615 5390 1857 5444 quonam
1890 5373 2110 5429 demmn
2159 5373 2232 5427 sit

648 5468 936 5531 abiturus,
971 5475 1026 5520 et
1063 5481 1175 5536 quo
1210 5465 1400 5519 tendat
1429 5465 1580 5521 illius
1624 5465 1910 5522 discessus
1950 5464 2076 5522 iter.
2121 5462 2231 5519 Nec

650 5560 795 5616 enim
832 5558 1061 5621 scimus,
1091 5558 1287 5627 inquit,
1320 5573 1432 5628 quo
1458 5557 1611 5613 vadis
1646 5577 1659 5613 :
1696 5565 1749 5613 et
1777 5557 2051 5629 quomodo
2086 5556 2229 5610 viam

654 5650 1026 5710 Scit/erimus?
1058 5648 1116 5705 Et
1152 5666 1278 5706 vero
1314 5650 1537 5705 nimiam
1570 5650 1948 5706 curiositatem
1978 5647 2229 5717 discipuli

764 5842 809 5875 ⁶¹
845 5840 988 5898 Psal.
1018 5855 1167 5907 χχιι,
1204 5839 1287 5894 ll.

2333 4544 2581 4609 καὶπῶς
2618 4542 2866 4611 οἴδαμεν
2910 4541 3025 4608 τὴν·
3079 4540 3263 4606 όδόν;
3302 4542 3470 4609 Λέγει
3524 4537 3686 4604 αὐτῷ
3726 4544 3761 4593 ό
3818 4542 3914 4608 ’1ης

2333 4636 2504 4702 σοῦς·
2540 4632 2681 4703 ἙΤώ
2707 4635 2823 4701 ειμι
2856 4634 2893 4701 ἡ
2918 4630 3080 4698 ὁδὸς,
3104 4630 3203 4685 καὶ
3232 4632 3271 4699 ἡ
3294 4630 3565 4698 ἀλήθεια,
3597 4630 3696 4683 καὶ
3716 4631 3753 4698 ἠ
3784 4628 3910 4694 (cur?

2334 4728 2535 4793 οὐδεὶς
2589 4727 2825 4795 ἔρχεται
2890 4724 3041 4791 πρὸς
3110 4723 3217 4777 τὸν
3278 4721 3545 4790 Πατέρα,
3597 4722 3653 4774 εἰ
3706 4719 3797 4790 μὴ
3845 4720 3912 4773 δι’

2334 4821 2502 4892 ἐμοῦ.

2397 4912 2566 4967 Οὔπω
2620 4909 2922 4983 διαρρήδην
2976 4910 3155 4961 εἰπεῖν
3206 4906 3525 4979 ἐθελήσαντι
3571 4905 3652 4976 τῷ
3700 4904 3913 4976 Χριστῷ

2324 5006 2437 5069 τοῖς
2470 5002 2663 5057 ἑαυτοῦ
2706 5000 2998 5073 μαθηταῖς,
3031 5000 3113 5053 ὅτι
3144 4998 3408 5070 βαδιεῖται
3450 4997 3587 5069 πρὸς
3634 4998 3737 5066 τὴν
3785 4998 3910 5058 ἄνω,

2324 5096 2419 5149 καὶ
2468 5094 2811 5164 ἁποδημήσει
2869 5092 3007 5162 πρὸς
3064 5092 3155 5145 τὸν
3200 5090 3467 5161 Πατέρα,
3502 5088 3913 5160 αἰνιγματωδῶς

2324 5202 2386 5255 γε
2432 5184 2537 5255 μὴν
2584 5184 2665 5237 ἔτι
2719 5184 2813 5236 καὶ
2858 5183 2947 5237 διὰ
2984 5182 3195 5239 πολλῶν
3243 5182 3537 5253 ἐμφάσεων
3578 5181 3638 5233 τὸ
3686 5184 3914 5253 πρᾶγμα

2342 5275 2683 5345 σημαίνοντι,
2741 5273 3108 5345 προσεκόμισε
3162 5273 3260 5344 τὴν
3313 5272 3504 5327 πεῦσιν
3558 5274 3586 5324 ὸ
3649 5272 3913 5343 μαθητής·

2340 5370 2541 5440 Θωμᾶς
2574 5368 2630 5421 δὲ
2645 5364 2713 5439 ἦν
2729 5362 2903 5430 οὗτος
2929 5368 3023 5419 καὶ
3063 5366 3453 5419 συναναπλέκει
3487 5365 3606 5418 τινὰ
3636 5365 3913 5435 λογισμὸν.

2344 5459 2628 5532 μονονουχὶ
2672 5458 2764 5511 καὶ
2804 5458 2902 5527 οὐχ
2944 5456 3137 5511 ἑκόντα
3174 5457 3351 5523 λέγειν
3379 5456 3793 5527 ἐκϐιαζόμενος,
3832 5458 3916 5511 καί
3960 5516 3963 5517 ν

2338 5554 2462 5607 ὅποι
2490 5552 2620 5605 ποτὲ
2658 5550 3004 5622 πορεύσεται,
3032 5552 3126 5605 καὶ
3153 5543 3214 5603 οῦ
3248 5550 3348 5619 τῆς
3383 5551 3691 5621 ἀποδημίας
3738 5553 3774 5623 ἡ
3809 5549 3917 5613 ὁδὸς

2342 5644 2693 5698 συντείνεται.
2742 5644 2817 5696 Οὐ
2854 5642 2962 5713 γὰρ
2995 5643 3171 5713 ἴσμεν,
3201 5641 3327 5712 ἔφη,
3364 5642 3466 5693 ποῦ
3503 5643 3759 5711 ὑπάγεις,
3810 5637 3915 5695 εἶτα

1366 5840 1406 5868 ⁸³
1433 5838 1449 5893 l
1479 5835 1621 5891 Tim.
1649 5851 1720 5901 vn,
1753 5835 1841 5890 νο.
1922 5835 1963 5865 ⁵³
1995 5833 2171 5887 Galat.
2207 5850 2255 5900 v,
2288 5851 2337 5889 ιι.
