4096 6518
130 444 262 502 180
1228 449 1294 505 ΙΝ
1322 449 1611 507 JOANNIS
1652 446 2113 509 EVANGELIUM‘
2139 452 2271 511 LIB.
2308 454 2407 512 I‘X.
3158 468 3161 472 '
3345 454 3450 509 190

142 562 279 628 πῶς
341 563 413 618 ἂν
463 563 741 636 εἰδείημεν
797 565 896 638 τὴν
946 566 1104 634 ὀδόν;
1162 570 1274 624 Καὶ
1326 570 1386 623 τὸ
1424 570 1522 642 μὲν
1570 568 1730 639 σφόδρ

1835 568 2134 628 ιϐὴτὶειιιε
2180 574 2439 630 amolitur
2482 593 2494 630 :
2550 591 2652 632 nec
2695 576 2842 631 enim
2881 576 3178 648 respondet
3223 577 3289 631 ad
3332 578 3455 648 ejus

132 658 471 730 περίεργον
491 656 593 712 τοῦ
618 658 867 729 μαθητοῦ
898 660 1233 732 παρελαύνει
1266 663 1522 734 Χριστός·
1560 664 1621 715 ού
1662 661 1730 731 γὰ

1872 662 2115 728 libitum,
2148 666 2242 721 sed
2276 667 2409 722 illud
2435 683 2550 723 suae
2595 669 2906 740 cognitioni
2926 683 3218 726 reservans
3241 709 3256 733 ,
3289 671 3454 741 quin-

131 748 533 816 ἀποκρίνεταί
563 765 618 804 τι
654 751 797 822 πρὸς
827 752 965 821 ὅπερ
994 754 1188 824 ἤθελεν
1221 755 1405 823 αὑτὸς,
1437 756 1553 809 ἀλλ’
1594 757 1730 809 ἐκεῖκ

1871 751 1982 807 imo
2025 756 2259 826 tempori
2309 758 2688 828 opportuniori
2726 758 2976 814 tribuens
3005 799 3021 826 ,
3067 759 3454 830 percommode

132 842 219 910 τῇ
265 840 384 911 ἰδίᾳ
421 840 620 910 γνώσει
658 843 924 914 τηρήσας,
957 846 1054 898 καὶ
1087 846 1266 918 καιρῷ
1310 847 1509 918 μᾶλλον
1549 848 1730 902 ἀναθεῖ

1867 847 2097 916 exponit
2114 847 2166 901 id
2186 848 2335 918 quod
2353 850 2421 904 ad
2446 848 2802 922 disciplinam
2821 860 2905 908 est
2922 852 3319 908 necessarium.
3341 851 3454 924 Ego

136 931 231 1003 τῷ
275 934 728 1007 πρεπωδεστέρῳ
766 935 1159 993 διεκκαλὺπτει
1199 940 1509 1012 χρησίμως,
1540 938 1730 1013 ὅπερῆ

1868 934 2059 1005 igitur,
2091 937 2291 1007 inquit,
2331 954 2453 993 sum
2486 940 2597 1003 via,
2629 955 2730 1012 ego
2760 942 2987 1007 veritas,
3020 957 3121 1013 ego
3148 942 3283 997 vita.
3319 940 3454 1009 Quae

136 1023 354 1088 αὑτοῖς
400 1025 706 1094 ἀναγκαῖον
753 1030 835 1093 είς
889 1028 1148 1101 μάθησιν.
1208 1032 1350 1101 Ἐγὼ
1398 1033 1579 1086 τοίνυν
1624 1034 1730 1103 εἰμῖ

1866 1025 2088 1096 quidem
2120 1041 2247 1083 vere
2280 1027 2350 1082 de
2389 1028 2571 1099 seipso
2610 1027 2899 1084 Dominum
2930 1030 3116 1085 dicere
3136 1070 3151 1094 ,
3186 1045 3369 1095 nemo,
3392 1037 3455 1084 ut

142 1112 357 1182 φησιν,
393 1114 430 1185 ή
470 1114 608 1180 ὁδὸς,
650 1117 763 1185 ὲγὼ
793 1119 826 1187 ἡ
863 1118 1113 1190 ἀλήθεια,
1151 1121 1262 1190 ἐγὼ
1292 1123 1328 1193 ἡ
1364 1121 1502 1193 ζωή.
1536 1124 1651 1177 Καὶ
1683 1125 1730 1177 61

1866 1132 2013 1182 reor,
2051 1132 2225 1173 sanus
2265 1118 2321 1173 in
2354 1119 2583 1174 dubium
2619 1136 2862 1191 unquam
2894 1122 3257 1177 revocaverit.
3299 1121 3453 1188 Quae

142 1201 265 1268 μὲν
298 1202 513 1274 ἀληθὴς
533 1207 662 1278 περὶ
689 1208 887 1262 ἑαυτοῦ
906 1211 1078 1264 ταῦτα
1101 1211 1273 1283 λέγων
1293 1215 1322 1267 ό
1340 1215 1564 1287 Κύριος,
1584 1217 1730 1271 οὑδεὶ

1865 1208 2101 1265 rendum
2151 1210 2514 1267 nihilominus
2554 1211 2803 1269 studiose
2853 1213 3131 1279 arbitror,
3169 1229 3337 1285 quam
3379 1213 3452 1269 ob

136 1294 226 1345 ἂν
256 1334 273 1358 ,
331 1288 512 1363 οἶμαι,
556 1299 664 1353 τῶν
719 1301 1128 1373 εὑφρονούντων
1184 1308 1435 1380 ἐνδοιάσῃ
1519 1309 1730 1364 πώποτε

1862 1318 2114 1367 causam,
2148 1318 2273 1358 cum
2306 1305 2423 1370 lux,
2462 1315 2517 1360 et
2552 1305 2867 1376 sapientia,
2903 1317 2959 1361 et
2986 1308 3453 1379 virtus,.aliisque

135 1383 315 1455 Πλὴν
364 1387 546 1442 έκεῖνο
578 1391 688 1444 δεῖν
739 1394 1109 1466 ὑπολαμσάνω
1148 1398 1381 1469 ζητῆσαι
1411 1402 1727 1472 φιλομαθῶς

1864 1394 2182 1450 istiusmodi
2230 1397 2557 1452 nominibus
2588 1398 2732 1468 apud
2773 1398 3092 1468 Scripturas
3121 1401 3337 1457 divinas
3376 1402 3451 1459 sit

134 1475 252 1527 τδῦ
285 1477 403 1549 γὰρ
426 1479 489 1550 δὴ
509 1482 692 1553 χάριν,
714 1487 891 1540 καίτοι
917 1490 1053 1557 φῶς,
1074 1491 1168 1543 καὶ
1187 1493 1371 1563 σοφία,
1399 1496 1492 1548 καὶ
1510 1495 1730 1566 δύναμις

1862 1495 2253 1558 nuncupatus,
2302 1489 2529 1545 eximiis
2576 1505 2725 1545 nunc
2781 1492 2950 1547 veluti
2998 1492 3329 1561 quibusdam
3382 1508 3451 1549 ac

136 1566 255 1620 καὶ
294 1570 511 1642 ἑτέροις
541 1574 597 1627 δὲ
628 1576 774 1642 ὅσοις
805 1580 1033 1650 ὀνόμασι
1064 1583 1217 1654 παρά
1244 1588 1364 1650 ταῖς
1384 1585 1730 1643 θεοπνεύστοι

1863 1578 2162 1649 praecipuis
2194 1587 2406 1644 utatur,
2447 1580 2694 1650 seipsum
2734 1582 2900 1647 viam,
2938 1590 2994 1637 et
3025 1584 3349 1647 veritatem,
3384 1600 3449 1640 ac

134 1659 563 1735 ὠνομασμένος
582 1667 847 1738 Γραφαῖς,
879 1672 1280 1746 ἑξειλεγμένοις
1296 1676 1447 1731 ὥσπε
1455 1698 1487 1751 ρ
1509 1680 1641 1745 τισὶ,
1666 1697 1730 1735 κα

1861 1674 2031 1730 vitam
2063 1673 2382 1729 nominans.
2414 1674 2576 1729 Altus
2603 1673 2780 1739 enim,
2810 1675 3151 1739 utarbitror,
3174 1690 3276 1729 nec
3306 1678 3449 1730 mul-

136 1752 298 1805 πολὺ
327 1753 453 1809 λίαν
482 1757 698 1827 ἔχουσιν
716 1760 845 1816 ὄντα
870 1763 1048 1833 λόγον,
1081 1767 1280 1838 χρῆται
1311 1770 1447 1841 πρὸς
1474 1772 1535 1824 τὸ
1562 1773 1730 1844 παρὸν

1862 1772 1979 1821 tum
2007 1767 2285 1838 explicati:
2322 1766 2507 1823 facilis
2534 1775 2622 1822 est
2647 1766 2920 1822 sermonis
2954 1767 3118 1823 istius
3156 1783 3356 1824 sensus
3394 1777 3449 1824 et

134 1846 276 1900 ὁδὸν
337 1848 562 1917 ἑαυτὸν,
615 1855 707 1907 καὶ
760 1854 1043 1927 ἀλήθειαν,
1089 1860 1182 1913 καὶ
1235 1859 1382 1932 ζωὴν
1417 1863 1712 1917 ἀποκαλῶν

1863 1857 2007 1910 ratio
2043 1875 2056 1910 :
2098 1857 2265 1927 768
2302 1857 2475 1911 nihilo
2505 1866 2686 1911 tamen
2715 1856 2900 1912 minus
2939 1856 3008 1911 ad
3048 1857 3200 1911 illum
3232 1866 3319 1913 est
3352 1874 3451 1929 ag-

138 1938 366 2025 Βαθεῖα.
399 1942 511 2015 γὰρ
553 1945 630 2009 ὡς
679 1940 917 2018 ἐγῷμαι,
955 1950 1049 2003 καὶ
1082 1951 1141 2003 οὑ
1177 1951 1298 2005 λίαν
1346 1954 1681 2019 εὑκάτοπτος
1723 1973 1730 2006 1

1866 1947 2245 2019 grediendum.
2274 1946 2461 2001 Dicam
2502 1949 2650 2002 enim
2678 1947 2826 2018 quod
2861 1949 2997 2003 mihi
3030 1949 3175 2003 venit
3211 1950 3266 2003 in
3294 1964 3448 2004 men-

134 2032 249 2087 τοῦ
302 2034 469 2105 λόγου
509 2037 760 2110 δύναμις·
791 2040 893 2094 οὑκ
926 2041 1187 2113 ὀκνητέον
1220 2044 1265 2097 δ’
1293 2041 1388 2099 οὖν
1423 2048 1574 2117 ὅμως
1618 2048 1730 2119 πρὸς

1859 2047 2004 2103 tem,
2061 2038 2353 2111 cogitanda
2396 2040 2656 2094 nimirum
2718 2040 2949 2095 meliora
3006 2038 3324 2112 relinquens
3380 2042 3449 2097 iis

134 2126 251 2197 τὴν
304 2128 646 2201 ἐγχείρησιν.
699 2133 838 2204 Ἐρῶ
867 2133 975 2205 γὰρ
1018 2135 1155 2208 ὅπερ
1186 2138 1266 2201 είς
1296 2138 1436 2210 ἐμὴν
1475 2141 1730 2195 ἀναδαίνε

1857 2132 2063 2202 quibus
2107 2132 2321 2187 acutior
2346 2132 2426 2188 vis
2468 2143 2555 2205 est
2580 2132 2805 2203 ingenii.
2839 2131 3044 2190 Tribus
3079 2133 3248 2205 igitur
3284 2134 3448 2191 rebus

134 2217 424 2285 διάνοιαν,
466 2223 639 2291 ἐφιεὶς
677 2224 922 2295 δηλονότι
962 2227 1031 2282 τά
1060 2228 1269 2299 ἀμείνω
1301 2233 1442 2284 νοεῖν
1473 2234 1587 2297 τοῖς
1617 2232 1730 2288 θεωι

1857 2226 1925 2280 ad
1957 2240 2227 2295 supernas
2260 2240 2325 2280 ac
2362 2224 2581 2280 divinas
2616 2225 2936 2281 mansiones
2968 2225 3266 2291 enitemur,
3297 2235 3352 2281 et
3387 2226 3447 2280 in

138 2313 273 2379 ρεῖν
331 2312 584 2369 εἰωθόσιν
632 2315 1061 2389 ὀξυωπέστερον.
1106 2322 1206 2375 Διά
1251 2323 1417 2393 τριῶν
1463 2325 1730 2396 τοιγαροῦε

1857 2318 2353 2390 primogenitorum
2384 2318 2870 2389 congregationem
2904 2317 3270 2375 ascendemus
3304 2337 3317 2372 :
3350 2334 3449 2390 per

138 2406 508 2475 πραγμάτων
562 2412 682 2472 ταῖς
710 2411 823 2464 ἄνω
861 2413 958 2465 καὶ
992 2412 1166 2478 θείαις
1194 2416 1595 2485 προσόαλοῦσιν
1636 2418 1730 2490 [γρ

1858 2412 2132 2465 actionem
2160 2411 2378 2468 scilicet
2402 2411 2623 2467 virtutis
2647 2413 2878 2476 variam,
2904 2426 3002 2482 per
3023 2411 3186 2467 ﬁdem
3214 2419 3444 2476 rectam,

140 2496 605 2571 προσόαλοῦμεν]
634 2501 847 2566 αὐλαῖς,
873 2504 968 2557 καὶ
994 2506 1074 2568 είς
1106 2506 1208 2577 τὴν
1239 2506 1349 2559 τῶν
1391 2509 1730 2582 πρωτοτόκωε

1858 2513 1913 2557 et
1947 2518 2099 2573 spem
2126 2504 2271 2558 vitae.
2304 2505 2377 2557 At
2407 2502 2534 2572 quis
2564 2501 2707 2557 alius
2743 2502 2906 2558 nobis
2937 2516 3129 2557 eorum
3162 2500 3445 2557 faciendo-

156 2588 502 2661 Ἐκκλησίαν
532 2592 943 2665 ἀναϐησόμεθα·
975 2595 1064 2649 διά
1092 2597 1346 2668 πράξεως
1373 2599 1436 2669 δή
1467 2617 1633 2671 φημι,
1652 2599 1730 2670 τῆς

1857 2612 1979 2651 rum
2007 2597 2255 2667 largitor,
2283 2611 2377 2651 seu
2405 2596 2682 2666 pararius,
2721 2596 2839 2651 sive
2858 2610 3027 2650 causa
3053 2595 3239 2662 fuerit,
3277 2610 3441 2666 quam

134 2681 297 2735 κατὰ
331 2684 590 2756 ποικίλην
626 2682 847 2757 ἀρετὴν,
879 2687 975 2740 καὶ
1000 2686 1240 2754 πίστεως
1262 2690 1360 2761 τῆς
1392 2692 1451 2745 ὲν
1476 2692 1728 2764 ὀρθότητι

1861 2688 2128 2744 Dominus
2153 2698 2341 2744 noster
2368 2688 2531 2745 Jesus
2562 2687 2868 2743 Christus?
2904 2686 3080 2743 Nemo
3111 2703 3267 2745 sane.
3299 2689 3444 2744 Cave

133 2772 243 2826 καὶ
281 2774 502 2839 ἐλπίδος
544 2775 645 2847 τῆς
676 2777 736 2830 έν
776 2775 914 2848 ζωῇ.
939 2773 1070 2851 Ἆρ’
1110 2774 1204 2834 οὖν
1242 2780 1433 2852 ἕτερος
1474 2783 1607 2852 ἡμῖν
1658 2783 1730 2838 τοί

1858 2779 1909 2833 id
1958 2779 2273 2834 existimes.
2328 2776 2450 2849 Ipse
2486 2778 2693 2848 quippe
2726 2778 2886 2834 nobis
2920 2779 3065 2849 leges
3099 2780 3286 2849 posuit
3320 2795 3445 2851 quae

128 2864 417 2920 δύνασθαι
449 2868 676 2923 τοιαῦτα
701 2869 837 2941 δρᾷν
865 2872 1154 2944 γενήσεται
1205 2876 1461 2945 χορηγὸς,
1497 2877 1530 2947 ἢ
1560 2877 1730 2949 πρόξεη

1858 2880 1990 2929 sunt
2023 2886 2190 2942 supra
2213 2872 2407 2939 legem,
2441 2872 2560 2942 ipse
2579 2872 2720 2925 viam
2752 2871 3105 2936 monstravit,
3130 2886 3293 2941 quam
3316 2886 3443 2940 pro-

130 2975 255 3022 νος,
316 2959 352 3029 ἦ
399 2961 568 3025 αἰτία,
612 2961 645 3032 ἢ
700 2962 976 3033 πρόφασις
1013 2964 1166 3036 παρά
1206 2965 1298 3020 τὸν
1342 2966 1550 3040 Κύριον
1592 2970 1730 3041 ὴμῶπ

1856 2964 1924 3020 be
1965 2963 2235 3018 actionem
2278 2953 2541 3026 virtutis,
2577 2970 2631 3017 et
2668 2961 2967 3016 incitatum
3007 2976 3072 3016 ac
3124 2971 3438 3032 promptum

145 3050 377 3122 Ἰησοῦν
402 3052 493 3106 τὸν
522 3054 790 3125 Χριστόν;
823 3057 896 3110 υὺ
928 3056 1026 3128 μὲν
1050 3053 1165 3113 οὖν.
1196 3059 1288 3131 Μὴ
1332 3052 1441 3132 γᾶρ
1473 3079 1555 3115 τοι
1589 3063 1730 3134 νομίι

1859 3055 1913 3108 in
1954 3053 2269 3108 actionibus
2304 3068 2425 3122 quae
2465 3060 2596 3108 sunt
2648 3052 2954 3109 secundum
2998 3052 3275 3108 Christum
3323 3065 3442 3107 stu-

132 3160 268 3212 σῃς.
304 3144 480 3207 Αὐτὸς
511 3150 619 3217 γὰρ
669 3149 801 3217 ἡμῖν
835 3148 1228 3221 νενομοτέθηκε
1272 3152 1340 3206 τὰ
1390 3154 1532 3226 ὑπὲρ
1563 3154 1726 3225 νόμον

1859 3145 2007 3201 dium
2050 3145 2361 3215 intelligere
2392 3158 2711 3215 possumus.
2743 3144 2915 3214 Igitur
2941 3143 3059 3215 ipse
3088 3153 3173 3199 est
3192 3143 3436 3209 veritas,

129 3235 312 3299 αὑτὸς
348 3236 597 3303 ὑπέδειξε
632 3237 732 3309 τὴν
760 3239 899 3306 ὁδὸν,
925 3242 992 3313 ἢν
1016 3241 1102 3307 ἂν,
1129 3237 1307 3313 οἶμαι,
1342 3246 1428 3309 τις
1449 3247 1632 3311 καλῶς
1665 3249 1730 3312 εἰς

1859 3240 1978 3311 ipse
2010 3238 2130 3304 via,
2171 3238 2277 3293 hoc
2308 3244 2428 3304 est,
2464 3252 2594 3292 vera
2631 3235 2753 3291 ﬁdei
2791 3237 2980 3308 regula
3007 3280 3021 3304 ,
3064 3246 3119 3292 et
3146 3236 3440 3307 inculpata

128 3326 243 3396 τὴν
292 3329 417 3379 κατ’
462 3325 744 3398 ἐνέργειαν
789 3329 993 3402 ἀρετὴν
1056 3332 1368 3398 ὲκδέξαιτο,
1425 3337 1520 3390 καὶ
1574 3338 1636 3392 τὸ
1685 3341 1730 3393 ὲκ

1849 3331 1917 3387 de
1951 3329 2066 3387 Deo
2101 3331 2398 3387 sententia:
2419 3344 2599 3385 canon
2649 3338 2704 3385 et
2747 3329 3008 3385 amussis.
3038 3328 3173 3383 Nam
3221 3329 3268 3386 si
3310 3346 3438 3385 vere

132 3418 391 3489 πράξεσι
417 3424 538 3484 ταῖς
569 3421 711 3475 κατὰ
737 3423 993 3493 Χριστὸν,
1028 3424 1343 3481 διαϐατικόν
1386 3446 1444 3482 τε
1477 3432 1569 3484 καὶ
1605 3433 1730 3502 πρό·

1850 3424 2128 3479 credimus
2171 3424 2228 3478 in
2276 3421 2515 3487 Filium,
2560 3421 2615 3476 id
2647 3429 2732 3477 est
2772 3422 2824 3476 in
2860 3437 2985 3476 eum
3027 3422 3120 3492 qui
3151 3437 3217 3477 ex
3249 3420 3340 3477 Dei
3372 3438 3436 3477 ac

134 3511 345 3580 θυμον.
381 3512 590 3567 Οὑκοῦν
633 3513 793 3577 αὐτός
832 3517 980 3569 ἐστιν
1022 3518 1055 3588 ἡ
1098 3517 1344 3590 ἀλήθεια,
1399 3521 1562 3586 αὑτός
1595 3525 1730 3579 ὲστικ

1846 3516 2026 3573 Patris
2076 3517 2298 3587 genitus
2348 3524 2433 3572 est
2476 3516 2809 3580 substantia,
2856 3530 2966 3569 non
3009 3516 3282 3586 spurium,
3322 3530 3434 3570 non

131 3605 169 3672 ἡ
204 3604 353 3667 ὁδὸς,
404 3603 547 3658 τοῦτ’
577 3604 749 3673 ἔστιν,
779 3609 809 3660 ὁ
841 3607 1051 3681 ἀληθὴς
1077 3612 1179 3683 τῆς
1204 3613 1442 3677 πίστεως
1470 3616 1615 3687 ὄρος,
1648 3617 1730 3670 καῖ

1845 3608 1988 3664 falso
2015 3610 2358 3664 nominatum
2380 3649 2396 3673 ,
2436 3609 2533 3665 sed
2569 3623 2749 3679 neque
2780 3615 3099 3662 creaturam
3130 3615 3224 3662 aut
3254 3607 3435 3663 factu-

133 3696 165 3746 ὁ
190 3695 301 3765 τῆς
333 3695 607 3761 ἀπλανοῦς
643 3700 773 3770 περὶ
805 3699 940 3754 Θεοῦ
987 3701 1292 3775 διαλήψεως
1338 3706 1519 3760 κανών
1550 3725 1609 3761 τε
1644 3709 1730 3762 καῖ

1844 3717 1958 3755 ram
2002 3716 2144 3757 vera:
2175 3700 2295 3756 ﬁdei
2336 3701 2508 3772 gloria
2558 3700 2903 3755 ornabimus.
2934 3697 3070 3754 Nam
3105 3700 3198 3769 qui
3229 3698 3431 3753 Filium

136 3785 388 3859 στάθμη.
441 3789 801 3855 Πιστεύοντες
841 3794 951 3866 γὰρ
999 3795 1081 3859 είς
1134 3796 1262 3850 Υἱὺν
1312 3796 1551 3869 ἀληθῶς.
1594 3800 1730 3854 τοῦτ¹

1842 3793 1897 3848 in
1926 3808 2057 3848 vero
2089 3791 2408 3863 signiﬁcatu
2454 3791 2666 3862 ceperit
2692 3831 2707 3854 ,
2743 3790 2946 3846 fatetur
2976 3791 3167 3861 utique
3202 3800 3257 3845 et
3302 3806 3430 3845 eum

135 3878 318 3943 ἔστιν,
349 3879 409 3944 ἐξ
447 3880 618 3951 αὐτῆς
664 3883 994 3953 γεννηθέντα
1020 3887 1121 3958 τῆς
1149 3887 1338 3952 οὐσίας
1359 3888 1454 3942 τοῦ
1480 3890 1615 3944 Θεοῦ
1644 3892 1730 3945 καὶ

1839 3902 1908 3942 ex
1933 3901 2043 3957 quo
2072 3893 2196 3950 est,
2233 3884 2569 3954 Patremque
2614 3882 2785 3939 Deum
2827 3884 3080 3953 agnoscit
3127 3891 3182 3939 et
3227 3882 3427 3938 credit.

135 3969 385 4040 Πατρὸς,
422 3972 482 4025 οὑ
523 3972 697 4038 νόθον,
720 3975 780 4028 οὑ
810 3975 1179 4049 ψευδώνυμον,
1212 3979 1327 4033 ἀλλ’
1359 3980 1479 4034 οὑδὲ
1514 3983 1734 4052 κτίσμα,

134 4060 169 4130 ἢ
203 4060 445 4132 ποίημα,
485 4063 547 4118 τὸ
579 4066 682 4136 τῆς
724 4066 959 4139 ἀληθοῦς
1008 4069 1246 4134 πίστεως
1305 4073 1736 4145 περικεισόμεθα

135 4154 431 4227 καύχημα.
474 4157 533 4212 Ὀ
563 4158 673 4231 γὰρ
706 4161 786 4224 εἰς
816 4159 943 4215 Υἱὺν
972 4163 1421 4235 παραδεξάμενος
1460 4166 1552 4219 τὸν
1585 4166 1733 4231 Υἰὸν,

135 4250 517 4322 διωμολόγηκε
560 4254 779 4315 πάντως
830 4256 926 4309 καὶ
980 4256 1073 4309 τὸν
1133 4256 1193 4321 ἐξ
1234 4253 1404 4330 οὗπερ
1453 4260 1592 4324 ἐστὶ,
1641 4260 1736 4314 καὶ

144 4342 375 4413 Πατέρα
404 4344 501 4397 τὸν
519 4345 653 4399 Θεὸν
686 4342 795 4401 οἶδέ
821 4365 881 4401 τε
931 4349 1024 4402 καὶ
1051 4349 1285 4418 δέξεται.
1317 4352 1487 4416 Αὐτὸς
1515 4370 1735 4424 τοιγαρ-

136 4433 236 4488 οῦν
269 4437 301 4505 ή
327 4435 558 4506 ἀλήθειά
582 4440 751 4504 ἐστιν,
778 4440 942 4505 αὑτός
964 4441 1115 4495 ἐστιν
1141 4445 1173 4513 ἡ
1202 4441 1316 4515 ζωή
1339 4460 1352 4474 ·
1390 4445 1452 4497 οὑ
1482 4445 1589 4516 γὰρ
1611 4447 1732 4499 ἓτε-

141 4545 237 4598 ρος
267 4531 401 4599 ημῖν
431 4531 872 4603 ἀποκαταστήσει
911 4533 1010 4603 τὴν
1046 4534 1106 4586 ἐν
1138 4534 1318 4588 ἐλπίσι
1348 4535 1515 4606 ζωὴν,
1546 4536 1645 4608 τὴν
1672 4539 1730 4590 ἐν

138 4619 423 4691 ἀφθαρσίᾳ
462 4621 727 4693 δηλονότι,
757 4624 852 4677 καὶ
877 4625 1265 4696 μακαριότητι,
1305 4628 1400 4680 καὶ
1429 4628 1686 4699 ἁγιασμῷ
1717 4645 1729 4658 ·

1839 3979 1960 4050 Ipse
1986 3980 2204 4049 itaque,
2240 3978 2448 4033 veritas
2481 3987 2601 4041 est,
2635 3978 2755 4048 ipse
2785 3984 2869 4031 est
2897 3976 3007 4030 vita
3038 3995 3050 4030 :
3087 3991 3250 4031 nemo
3280 3975 3427 4031 enim

1838 4075 2007 4130 vitam
2051 4088 2213 4144 quam
2271 4086 2559 4142 speramus
2599 4070 3015 4141 incorruptione
3064 4070 3326 4125 nimirum
3374 4081 3428 4125 et

1836 4165 2182 4221 beatitudine
2241 4177 2309 4218 ac
2362 4159 2801 4217 sanctiﬁcatione
2858 4167 3202 4215 constantem
3269 4160 3427 4217 nobis

1838 4266 2036 4329 praeter
2071 4272 2194 4312 eum
2235 4255 2493 4311 restituet
2526 4272 2540 4307 :
2586 4253 2707 4323 ipse
2732 4252 2881 4307 enim
2914 4268 3015 4307 nos
3045 4252 3320 4317 suscitat,
3370 4260 3426 4307 et

1836 4351 1929 4421 qui
1959 4349 2159 4405 mortui
2188 4361 2382 4403 sumus
2409 4354 2636 4417 propter
2661 4353 2822 4401 vetus
2852 4344 3236 4409 maledictum,
3267 4346 3336 4400 ad
3369 4344 3423 4399 id

1836 4440 1980 4512 quod
2014 4438 2171 4494 initio
2202 4451 2448 4501 eramus,
2472 4434 2657 4490 denuo
2686 4432 2994 4488 revocabit.
3017 4429 3214 4487 Omnia
3254 4432 3426 4502 igitur

1838 4532 2000 4588 nobis
2032 4530 2087 4584 in
2121 4529 2243 4599 ipso
2265 4566 2281 4590 ,
2311 4534 2365 4581 et
2395 4541 2494 4597 per
2524 4525 2709 4596 ipsum
2740 4524 3005 4594 praeclara
3033 4531 3198 4592 atque
3222 4522 3423 4577 eximia

1835 4633 1890 4682 et
1918 4624 2252 4682 exstiterunt
2275 4620 2413 4690 jam,
2449 4626 2505 4675 et
2537 4634 2705 4689 porro
2739 4617 3060 4673 exstabunt.
3097 4614 3203 4671 Sed
3226 4615 3424 4671 obser-

140 4713 308 4776 ἀὺτὺς
341 4714 452 4785 γὰρ
483 4716 630 4785 ἡμᾶς
662 4715 887 4786 ἐγείρει,
914 4718 1009 4771 καὶ
1036 4719 1265 4787 νεκροὺς
1291 4721 1604 4790 γεγονότας,
1642 4722 1730 4777 διὰ

1839 4734 1902 4774 va
1929 4758 1942 4782 ,
1977 4730 2166 4787 quaeso
2188 4755 2202 4779 ,
2243 4728 2409 4784 quam
2465 4719 2592 4783 apte
2633 4710 2698 4765 ad
2731 4709 3077 4780 propositum
3120 4707 3224 4762 ista
3258 4708 3428 4777 perti-

142 4807 242 4878 τὴν
269 4806 504 4879 ἀρχαίαν
551 4810 713 4880 ἀρὰν,
747 4810 1071 4882 ἀνακομίσει
1101 4813 1264 4867 πάλιν
1296 4814 1375 4878 είς
1420 4815 1558 4886 ὅπερ
1588 4811 1729 4888 ἦμεν

142 4900 198 4952 ὲν
222 4900 439 4971 ἀρχαῖς.
472 4900 725 4955 Ἀπαντα
743 4902 925 4956 τοίνυν
955 4905 1087 4974 ἡμῖν
1115 4905 1173 4957 ἐν
1199 4904 1370 4977 αὐτῷ,
1400 4907 1495 4961 καὶ
1533 4908 1600 4960 δι’
1632 4909 1731 4961 αὑ-

142 4993 240 5049 τοῦ
270 4995 338 5047 τὰ
368 4994 631 5049 κάλλιστά
662 5013 721 5048 τε
752 4997 845 5049 καὶ
887 4995 1143 5067 ἐξαίρετα
1175 4998 1386 5069 πέφηνέ
1414 5017 1473 5052 τε
1507 5001 1607 5074 ἤδη
1634 5003 1730 5056 καὶ

142 5091 454 5160 γενήσεται.
492 5091 733 5162 Καὶιόρα
761 5108 854 5163 μοι
880 5091 1065 5159 πάλιν,
1103 5093 1271 5165 ὅτιτῇ
1294 5094 1402 5148 τῶν
1427 5097 1728 5167 προκειμέ-

144 5200 252 5237 νων
299 5181 502 5254 θεωρίᾳ
546 5182 680 5236 πολὺ
730 5184 795 5256 δὴ
838 5184 1065 5255 πρέπων
1112 5187 1259 5240 ἐστὶν
1301 5189 1329 5241 ὁ
1364 5189 1733 5260 περὶτούτων

144 5276 324 5345 λόγος.
370 5274 762 5340 Ἑνδοιάζοντός
814 5294 872 5330 τε
909 5278 1015 5349 γὰρ
1063 5277 1143 5332 ἔτι
1187 5277 1283 5332 τοῦ
1316 5280 1583 5350 μαθητοῦ,
1639 5284 1730 5336 κα¹δ

148 5369 449 5437 φάσκοντος
469 5411 483 5435 ,
532 5390 550 5422 ι
585 5370 713 5434 Πῶς
740 5371 963 5440 οἴδαμεν
998 5371 1098 5443 τὴν
1129 5373 1278 5439 ὀδόν;
1312 5392 1329 5423 ι
1366 5374 1454 5428 διά
1486 5374 1733 5447 βραχέων

148 5460 366 5526 ἔδειξεν,
402 5462 476 5525 ὠς
505 5462 737 5533 ἐπείπερ
770 5463 961 5516 είδεῖεν
991 5463 1099 5517 τῶν
1138 5466 1219 5527 εἰς
1243 5465 1303 5518 τὸ
1345 5466 1457 5519 ἀνω
1483 5466 1730 5538 διακομί-

150 5552 262 5616 ζειν
304 5552 593 5607 ἐθελόντων
634 5552 856 5623 ἀγαθῶν
897 5554 1071 5608 αἴτιόν
1118 5573 1176 5609 τε
1208 5558 1302 5610 καὶ
1336 5558 1590 5630 χορηγὸν,
1634 5561 1729 5613 καὶ

150 5645 409 5718 πρύτανιν
444 5644 712 5719 ὑπάρχειν
754 5647 937 5714 αὑτὸν,
974 5647 1189 5713 οὐδενὸς
1216 5650 1401 5714 αὐτοῖς
1441 5651 1521 5705 ἔτι
1546 5653 1726 5724 δεήσει

154 5737 285 5809 πρὸς
310 5737 369 5790 τὺ
395 5736 593 5792 εἰδέναι
616 5739 715 5811 τὴν
750 5739 888 5795 ὁδόν.
928 5740 1149 5813 Ἐπειδὴ
1187 5742 1244 5791 δὲ
1271 5743 1447 5815 τούτῳ
1486 5746 1724 5817 συνῆπτε

154 5830 226 5889 τὸ.
263 5848 281 5879 ι
324 5828 509 5892 Οὐδεὶς
558 5829 779 5901 ἔρχεται
834 5832 971 5904 πρὸς
1022 5833 1114 5886 τὸν
1158 5834 1398 5906 Πατέρα,
1445 5838 1492 5889 εἰ
1541 5836 1615 5907 μὴ
1660 5837 1725 5891 δι’

155 5921 300 5992 ἐμοῦ,
338 5940 356 5973 ›
389 5923 518 5995 φέρε
546 5922 610 5994 δή
637 5941 691 5977 τι
738 5926 831 5981 καὶ
863 5926 1000 5996 πρὸς
1031 5926 1163 5982 αὑτὸ
1195 5927 1461 5999 λέγωμεν,
1492 5929 1600 5985 τῶν
1626 5932 1725 6004 (in-

216 6014 256 6048 "‘
275 6014 439 6073 Levit.
465 6031 578 6085 xu,
607 6016 660 6073 2.

1838 4816 2024 4866 neant.
2071 4805 2399 4876 Ambigente
2427 4803 2631 4873 quippe
2663 4802 2961 4856 etiamnum
2994 4800 3266 4868 discipulo
3300 4839 3314 4861 .
3357 4814 3424 4853 ac

1832 4905 2067 4964 dicente,
2104 4918 2123 4951 ‹
2164 4897 2458 4966 Quomodo
2490 4909 2789 4965 possumus
2822 4894 2968 4948 viam
3000 4893 3191 4947 scire?
3222 4912 3241 4944 ι
3287 4907 3424 4961 pau-

1832 4996 1915 5051 cis
1953 4990 2237 5057 ostendit,
2275 4988 2425 5060 quod
2451 4988 2499 5044 si
2524 4989 2734 5043 scirent
2758 4986 3028 5040 bonorum
3061 4999 3187 5054 qua:
3213 4985 3279 5038 ad
3310 4998 3424 5038 cm-

1834 5088 1917 5142 los
1970 5083 2279 5154 perducunt
2334 5087 2618 5132 auctorem
2668 5091 2727 5131 se
2781 5081 2836 5129 et
2894 5074 3208 5144 largitorem
3256 5080 3423 5141 atque

1835 5178 2247 5235 distributorem
2279 5186 2402 5227 esse
2427 5210 2443 5235 ,
2480 5168 2751 5238 nihiljam
2784 5168 2868 5223 eis
2901 5166 2970 5221 ad
3009 5166 3112 5220 via:
3147 5166 3419 5236 cognitio-

1838 5288 1959 5326 nem
1997 5270 2232 5325 deesset.
2272 5264 2414 5332 Quia
2458 5278 2590 5318 vero
2635 5261 2764 5317 huic
2813 5261 3141 5331 subjunxit,
3193 5279 3211 5311 ‹
3248 5257 3422 5314 Nemo

1837 5363 1987 5419 venit
2021 5360 2088 5416 ad
2122 5358 2342 5414 Patrem
2371 5396 2386 5420 ,
2439 5354 2547 5411 nisi
2601 5370 2697 5426 per
2744 5369 2870 5409 me:
2934 5371 2952 5403 ι
2999 5352 3230 5423 agedum
3265 5360 3319 5406 et
3350 5352 3415 5405 ad

1836 5458 1971 5513 illud
2013 5469 2203 5511 eorum
2251 5466 2375 5523 qua:
2423 5450 2530 5505 dici
2573 5449 2775 5505 debent
2802 5446 3061 5519 quiddam
3090 5445 3416 5510 aﬂ'eramus,

1833 5550 1991 5623 prius
2031 5545 2374 5617 inquirentes
2410 5540 2688 5614 quomodo
2719 5539 2786 5594 ad
2827 5538 3044 5593 Patrem
3077 5538 3198 5607 quis
3229 5537 3414 5591 vadat.

1835 5644 2059 5700 Duobus
2082 5642 2249 5712 igitur
2280 5636 2459 5692 modis
2486 5635 2552 5690 ad
2582 5650 2707 5690 eum
2730 5632 3083 5704 pervenimus
3114 5650 3126 5685 :
3160 5632 3413 5685 autenim

1826 5736 2012 5795 'sancti
2061 5732 2241 5790 eliecti
2290 5735 2563 5799 quantum
2609 5725 2715 5781 fert
2760 5735 2973 5781 natura:
3015 5727 3265 5780 humanae
3298 5738 3414 5779 me-

1833 5830 2103 5888 diocritas
2132 5866 2145 5891 ,
2193 5832 2455 5893 tanquam
2510 5826 2704 5875 saneto
2760 5818 2870 5875 Deo
2917 5819 3411 5890 conglutinamur:

1842 5950 1858 5982 ι
1886 5922 2074 5984 Sancti
2112 5918 2257 5977 enim
2293 5915 2470 5983 eritis,
2511 5912 2711 5984 inquit,
2746 5912 2874 5983 quia
2903 5926 3000 5983 ego
3023 5917 3247 5966 sanctus
3270 5909 3355 5975 “;
3388 5928 3408 5963 ι
