4096 6516
703 404 801 460 191

695 539 795 584 aut
838 530 906 585 ad
963 530 1145 589 Patris

691 622 933 691 platione
976 624 1141 696 769
1176 640 1395 685 constat
1422 632 1694 702 vadimus,
1728 656 1850 709 qua;
1880 646 2028 701 velut
2063 649 2117 702 in
2148 665 2278 721 spe-

689 714 820 768 culo
848 722 1009 770 estet
1036 716 1347 787 aenigmate,
1371 721 1517 776 sicut
1538 727 1811 798 scriptum
1840 742 1928 788 est
1947 737 2013 790 ⁸⁸.
2046 737 2153 794 Sed
2177 714 2278 797 nec

688 814 919 861 sanctus
942 808 1070 877 quis
1102 825 1342 880 unquam
1371 812 1542 871 fuerit
1567 858 1581 880 ,
1631 821 1740 877 nisi
1768 840 1893 880 eum
1930 844 2158 898 prorsus
2183 833 2278 890 de-

686 898 926 953 ducente
959 899 1181 957 Christo
1205 944 1218 967 ,
1260 919 1364 960 nec
1403 906 1507 976 ipsi
1542 909 1659 968 Deo
1690 930 1755 970 ac
1790 916 1936 974 Patri
1973 924 2277 995 conjunge-

682 997 795 1055 tur,
825 991 927 1045 nisi
962 992 1234 1049 mediante
1255 995 1483 1055 Christo
1515 1021 1529 1056 :
1562 1006 1843 1064 mediator
1866 1014 2011 1068 enim
2053 991 2137 1071 est
2180 991 2272 1075 Dei

682 1088 740 1132 et
773 1080 1057 1136 hominum
1082 1084 1127 1116 "
1161 1101 1258 1155 per
1287 1091 1535 1160 seipsum
1563 1140 1579 1161 ,
1630 1107 1683 1152 et
1714 1100 1767 1154 in
1805 1104 1989 1174 seipso
2022 1107 2275 1164 immani-

679 1181 850 1227 tatem
886 1173 999 1230 Deo
1027 1178 1393 1252 coniungens.
1424 1184 1493 1240 Ut
1521 1189 1667 1244 enim
1700 1173 1971 1251 editusiex
2014 1201 2273 1257 substan-

679 1263 757 1317 tia
789 1262 882 1319 Dei
918 1280 983 1321 ac
1009 1266 1215 1335 Patris,
1252 1284 1525 1342 quatenus
1557 1277 1798 1336 Verbum
1829 1296 1953 1349 est,
1985 1303 2050 1342 ac
2088 1292 2272 1360 splen-

678 1353 782 1410 dor
807 1398 822 1421 ,
855 1364 909 1412 et
959 1361 1248 1419 character
1284 1367 1351 1432 ‘7,
1389 1383 1558 1423 unum
1600 1380 1686 1429 est
1730 1390 1857 1430 cum
1910 1378 2072 1435 Patre
2125 1390 2271 1439 totus

678 1448 957 1505 exsistens
989 1453 1042 1507 in
1071 1456 1253 1525 seipso
1281 1502 1295 1524 ,
1336 1468 1391 1514 et
1422 1462 1599 1530 ipsum
1632 1465 1842 1523 habens
1882 1470 1936 1523 in
1966 1473 2151 1543 seipso
2174 1477 2218 1508 °'
2254 1496 2267 1530 :

672 1546 957 1607 quatenus
1018 1552 1201 1598 autem
1259 1546 1438 1604 factus
1486 1561 1572 1606 est
1626 1554 1792 1611 homo
1841 1561 2005 1615 sicuti
2069 1579 2173 1620 nos
2200 1566 2267 1633 ",

675 1646 869 1686 exsors
920 1640 1102 1690 tamen
1146 1641 1354 1707 peccati
1405 1642 1731 1703 hominibus
1766 1651 2131 1724 conjungitur
2157 1700 2171 1723 ,
2214 1666 2269 1712 et

676 1720 1092 1780 interliminium
1140 1729 1310 1784 veluti
1359 1733 1639 1801 quoddam
1691 1736 1894 1793 factum
1944 1720 2060 1810 est,
2090 1720 2267 1800 conti-

674 1828 814 1868 nens
848 1815 904 1869 in
938 1817 1122 1887 seipso
1152 1836 1275 1890 qua;
1315 1824 1381 1878 ad
1412 1827 1679 1882 unitatem
1717 1838 1771 1884 et
1802 1834 2100 1890 amicitiam
2129 1854 2261 1894 con-

1698 423 1737 477 S
1804 426 2076 486 CYRILLI
2114 433 2594 497 ALEXANDRINI
2627 446 2950 505 ARCHIEP.

1200 538 1571 607 cognitionem
1624 560 1749 614 quae
1787 547 1890 605 {ide
1930 563 1983 607 et
2028 567 2247 612 contem

2384 562 2644 634 θήσεσθαι
2695 569 3038 639 μελλόντων,
3093 573 3271 628 ἐκεῖνο
3318 580 3864 651 προερευνὴσαντες,
3938 588 3996 636 τὸ

3898 466 3997 519 itii

2385 658 2503 721 πῶς
2530 658 2596 712 ἄν
2626 677 2710 724 τις
2745 662 2815 715 τοι
2850 662 2987 733 πρὸς
3030 665 3121 718 τὸν
3152 666 3392 737 Πατέρα,
3449 671 3757 743 Ἐρχόμεθα
3803 677 3995 729 τοίνυν

2381 750 2527 803 κατὰ
2557 751 2651 805 δύο
2697 753 2953 825 τρόπους·
2981 756 3013 826 ἢ
3044 756 3151 829 γὰρ
3205 758 3350 827 ἆγιοι
3398 764 3682 830 γεγονότες
3717 769 3883 821 κατά
3932 788 3993 836 γε

2379 842 2439 895 τὸ
2463 844 2671 916 πρέπον
2698 850 2763 917 τῇ
2786 848 3166 922 ἁνθρωπότητι
3194 853 3415 926 μέτρον,
3441 857 3515 920 ὡς
3539 859 3679 929 ἁγίῳ
3703 862 3835 933 Θεῷ
3861 864 3990 916 κολ-

2378 932 2619 1003 λώμεθα-
2651 956 2669 987 ε
2714 936 2896 1006 Ἅγιοι
2920 940 3030 1011 γὰρ
3051 940 3261 999 ιοεσθε.
3293 947 3480 1016 φησιν,
3511 949 3594 1002 ὅτι
3616 951 3727 1019 ἐγὼ
3754 932 3949 1023 am;-
3967 976 3983 1006 ι

2376 1024 2544 1096 ἤγουν
2573 1029 2664 1082 ἐπὶ
2704 1028 2805 1100 τὴν
2835 1029 2929 1083 τοῦ
2957 1032 3169 1106 Πατρὸς
3202 1037 3408 1104 γνῶσιν
3438 1039 3537 1111 τὴν
3561 1042 3638 1107 ὡς
3690 1047 3751 1098 ιν
3796 1048 3989 1100 πίστει

2375 1118 2473 1170 καὶ
2512 1118 2717 1192 θεωρίᾳ
2744 1121 3054 1195 βαδίζομεν,
3089 1130 3155 1199 τῇ
3192 1128 3268 1192 ὡς
3293 1132 3351 1185 ὲν
3390 1132 3641 1206 ἐσόπτρῳ
3677 1139 3776 1191 καὶ
3809 1142 3993 1207 αἰνίγ-

2379 1226 2530 1279 ματι,
2570 1211 2713 1269 καθὰ
2738 1214 3068 1288 γέγραπται.
3124 1220 3267 1275 Ἀλλ’
3297 1225 3398 1277 οὐκ
3441 1227 3507 1282 ἄν
3553 1246 3637 1294 τις
3687 1231 3857 1300 ἅγιος
3902 1234 3988 1301 εἴη

2376 1302 2528 1364 ποτὲ,
2577 1305 2671 1357 καὶ
2707 1304 2796 1359 διὰ
2827 1308 3103 1377 πολιτείας
3134 1314 3255 1384 ἥξει
3302 1316 3405 1387 τῆς
3446 1322 3568 1373 κατ’
3614 1324 3853 1396 ἀρετὴν,
3912 1330 3986 1397 μὴ

2372 1392 2492 1462 οὐχὶ
2526 1394 2885 1463 ποδηγοῦντος
2908 1398 3072 1454 αὐτὸν
3101 1403 3181 1465 είς
3208 1403 3424 1461 ἅπαντα
3446 1410 3540 1463 τοῦ
3566 1392 3839 1483 Χριστοῦ,
3872 1392 3992 1467 σίοξᾷ

2373 1482 2442 1535 ἂν
2480 1484 2631 1555 αὐτῷ
2664 1488 2992 1543 συνάπτοιτο
3018 1492 3098 1563 τῷ
3152 1495 3272 1565 Θεῷ
3329 1499 3423 1551 καὶ
3474 1501 3676 1574 Ila-cpt,
3724 1506 3809 1575 μὴ
3857 1508 3984 1575 οὐχὶ

2373 1573 2594 1639 πάντως
2617 1578 2994 1646 μεσιτεύοντπ
3024 1583 3118 1636 τοῦ
3145 1585 3408 1656 Χριστοῦ·
3438 1592 3669 1663 μεσίτης
3704 1595 3826 1666 γάρ
3857 1598 3979 1649 ἐστι

2369 1668 2506 1722 Θεοῦ
2548 1672 2643 1725 καὶ
2681 1671 3007 1743 ἀνθρώπων,
3038 1676 3108 1729 δι’
3150 1678 3369 1746 ἑαυτοῦ,
3401 1682 3498 1735 καὶ
3538 1685 3597 1736 ὲν
3634 1684 3793 1755 αὐτῷ
3855 1703 3979 1741 συν·

2368 1761 2557 1816 άπτων
2592 1764 2690 1836 τὴν
2734 1766 3135 1840 ἀνθρωπότητα
3168 1771 3245 1842 τῷ
3274 1772 3415 1843 Θεῷ.
3479 1774 3567 1837 Ὠς
3595 1777 3692 1845 μὲν
3721 1777 3841 1850 γὰρ
3884 1782 3978 1832 ὲκο

2370 1856 2632 1924 πεφυκὼς
2660 1859 2761 1928 τῆς
2798 1861 2988 1924 οὐσίας
3019 1861 3113 1914 τοῦ
3146 1863 3281 1916 Θεοῦ
3316 1866 3413 1918 καὶ
3449 1868 3685 1939 Πατρδς,
3795 1870 3977 1939 Λόγος

673 1915 926 1959 currunt.
966 1908 1140 1963 Nemo
1175 1912 1341 1982 igitur
1390 1915 1455 1971 ad
1506 1918 1726 1975 Patrem
1760 1925 1976 1991 veniet,
2033 1928 2138 1983 huc
2180 1943 2250 1987 εει

673 1996 869 2032 ιιίυἰηαι
895 2014 1128 2032 annon-nn
1164 2004 1251 2032 η...
1283 2017 1497 2032 ......._..
1524 2012 1569 2032 η
1631 2014 1734 2032 ..ε-9
1766 2030 1788 2032 _-
1842 2031 1846 2032 ,
1957 2018 1967 2032 .
2105 2019 2160 2032 ι..
2220 2022 2231 2032 .

2544 1908 2551 1910 τ
2613 1908 2629 1920 τ
2674 1908 2757 1928 --μ
2805 1908 2985 1924 πηγῇς
3030 1908 3110 1914 -ν-
3152 1908 3280 1916 vv"
3318 1908 3413 1918 νη·-
3450 1908 3563 1919 mn
3613 1908 3685 1933 σν
3723 1908 3751 1942 ιε
3795 1908 3973 1939 μυί-ιν

2367 1908 2505 2009 ἐστὶ,
2542 1949 2635 2001 καὶ
2673 1950 3039 2022 ἀπαύγασμα,
3088 1954 3184 2006 καὶ
3229 1957 3539 2028 χαρακτὴρ,
3572 1908 3639 2012 ἓν
3664 1961 3789 2013 ἐστι
3835 1962 3973 2032 πρὸς

669 1996 869 2052 divina:
895 2014 1130 2057 consors
1162 2004 1254 2058 [let
1283 2017 1499 2063 natura:
1524 2012 1592 2077 ⁷⁰,
1631 2014 1736 2068 nisi
1765 2030 1865 2084 per
1890 2018 2067 2073 solum
2101 2019 2263 2075 Chri-

666 2096 837 2145 stum.
868 2090 986 2147 Nisi
1014 2096 1161 2149 enim
1201 2097 1380 2155 factus
1417 2102 1585 2157 homo
1615 2105 1975 2164 mediatorem
2016 2126 2077 2167 se
2116 2129 2255 2183 pra-

667 2179 904 2249 buisset,
940 2202 1221 2256 nunquam
1253 2207 1319 2246 eo
1354 2192 1637 2251 felicitatis
1692 2202 1936 2268 provecti
1969 2218 2257 2273 essemus,

667 2274 764 2330 sed
807 2285 861 2330 et
896 2278 943 2332 si
980 2280 1108 2347 quis
1157 2282 1225 2336 ad
1286 2282 1505 2340 Patrem
1532 2331 1547 2353 ,
1592 2304 1691 2358 per
1740 2295 2257 2364 contemplationem

666 2364 792 2420 ﬁdei
826 2368 1123 2439 videlicet,
1166 2384 1223 2428 et
1259 2376 1406 2443 piam
1448 2380 1820 2449 cognitionem
1862 2388 2114 2454 venerit,
2164 2405 2260 2458 per

665 2452 847 2520 ipsum
876 2456 1067 2513 itidem
1087 2462 1435 2520 Servatorem
1466 2478 1718 2525 nostrum
1746 2473 2026 2530 Christum
2052 2452 2257 2536 veniet.

664 2544 823 2611 Quod
852 2549 999 2603 enim
1035 2554 1199 2609 modo
1242 2556 1494 2613 dicebam
1525 2603 1540 2627 ,
1594 2571 1843 2632 repetam
1877 2568 2058 2624 denuo
2083 2612 2098 2635 ,
2129 2587 2256 2627 cum

660 2637 774 2690 alia
823 2654 933 2695 non
970 2643 1042 2698 sit
1082 2646 1511 2718 philosophandi
1544 2654 1708 2709 ratio.
1748 2655 1805 2710 Si
1835 2660 1962 2727 quis
1995 2662 2139 2717 enim
2169 2663 2258 2718 Fi-

659 2725 797 2779 lium
830 2735 890 2782 ut
915 2746 1040 2786 vere
1067 2731 1269 2789 Filium
1295 2739 1549 2808 suscipit,
1586 2742 1635 2798 is
1667 2744 1735 2799 ad
1766 2725 2132 2819 cognitionem
2158 2753 2253 2809 Dei

659 2832 725 2872 ac
751 2817 932 2877 Patris
960 2825 1237 2883 ascendit.
1271 2827 1384 2886 Nec
1409 2834 1557 2888 enim
1587 2817 1862 2894 exsistere
1896 2840 2065 2899 Filius
2088 2846 2249 2901 intel-

658 2906 883 2978 ligitur,
913 2914 1021 2969 nisi
1054 2918 1285 2974 omnino
1310 2922 1474 2977 simul
1510 2918 1859 3000 intelligatur
1887 2932 1935 2987 is
1970 2949 2000 2988 a
2030 2951 2140 3005 quo
2167 2946 2254 2994 est

658 3000 898 3068 genitus.
929 3001 1187 3074 Cognitio
1220 3009 1493 3078 siquidem
1524 3014 1653 3073 Filii
1685 3034 1811 3074 cum
1840 3020 2023 3081 Patris
2046 3000 2252 3097 vcogni-

656 3091 811 3147 tione
831 3097 1135 3161 concurrit,
1171 3098 1349 3160 Patris
1366 3120 1495 3161 vero
1516 3112 1758 3180 cognitio
1776 3129 1900 3169 cum
1938 3119 2251 3189 cognitione

657 3181 804 3241 Filii.
867 3187 1143 3253 Quocirca
1177 3209 1305 3251 vere
1361 3197 1610 3268 loquitur
1639 3202 1935 3277 Dominus,
1980 3228 2104 3267 cum
2130 3216 2205 3270 ait
2235 3237 2246 3271 :
2279 3235 2319 3289 α

661 3274 862 3332 «Νειηο
884 3281 1031 3335 venit
1049 3283 1116 3337 ad
1133 3283 1367 3353 Patrem,
1388 3290 1494 3346 nisi
1521 3309 1615 3363 per
1647 3312 1753 3361 me,
1770 3319 1791 3351 ι
1824 3301 1953 3371 quia
1982 3310 2252 3366 naturalis

654 3380 708 3423 et
735 3370 1117 3431 substantialis
1144 3377 1322 3451 imago
1347 3380 1441 3437 Dei
1460 3399 1524 3438 ac
1544 3384 1726 3443 Patris
1744 3401 1827 3447 est
1854 3392 2108 3466 Filius“,
2135 3416 2242 3457 non

651 3660 721 3699 eo
747 3650 1049 3705 secundum
1078 3653 1444 3713 substantiam
1472 3661 1817 3735 intelligatur
1854 3678 1908 3725 et
1941 3673 2033 3727 sit.

652 3753 785 3805 γων·
835 3757 853 3788 ι
894 3742 1084 3808 Οὐδεὶς
1127 3744 1345 3817 ἔρχεται
1386 3751 1523 3819 πρὸς
1572 3754 1664 3809 τὸν
1707 3758 1948 3830 Πατέρα,
2007 3767 2056 3817 εί
2099 3766 2175 3836 μὴ
2226 3769 2293 3822 δι’
2329 3742 2505 3845 ἐμοῦ,
2531 3799 2549 3830 ι

653 3825 747 3877 καὶ
792 3828 1008 3900 Πατρός
1063 3835 1210 3888 ἐστιν
1257 3838 1285 3889 ό
1338 3838 1497 3904 Υἱὸς,
1549 3843 1644 3897 καὶ
1699 3847 1758 3899 οὐ
1804 3825 2058 3923 καθάπερ
2099 3825 2254 3924 ’ἐδοξέ
2288 3825 2573 3933 ’ἐπ

648 3914 838 3988 ἔτερόν
874 3937 925 3973 τι
971 3923 1091 3978 κατ’
1159 3926 1346 3981 οὐσίαν
1388 3930 1671 4003 ὑπάρχων,
1725 3937 1820 3991 καὶ
1875 3942 2186 4014 νοούμενος.

724 4010 865 4067 XIV.
909 4016 959 4069 7.
1002 4016 1064 4072 Si
1112 4025 1496 4091 cognovissetis
1533 4046 1614 4083 me
1646 4074 1665 4095 ,
1696 4042 1747 4088 et
1797 4010 2018 4093 Patrem
2063 4058 2238 4098 meum

647 4103 829 4173 utique
861 4111 1257 4179 cognovissetis.

721 4196 1079 4257 Existimabit
1120 4204 1309 4263 forsan
1351 4210 1555 4282 aliquis
1599 4214 1779 4286 ipsum
1816 4232 2009 4277 contra
2045 4241 2106 4283 se
2142 4228 2234 4284 Fi-

647 4288 784 4342 lium
815 4290 1109 4349 disserere.
1156 4296 1265 4352 Sed
1306 4316 1415 4355 non
1456 4303 1533 4358 ita
1569 4321 1658 4362 res
1696 4318 1803 4367 est.
1827 4311 1938 4368 Nec
1966 4318 2111 4372 enim
2144 4338 2240 4376 va-

633 4756 765 4813 vat,
804 4749 933 4805 dum
969 4752 1083 4808 haec
1118 4757 1398 4825 prioribus
1434 4764 1705 4838 adjungit.
1747 4770 1885 4828 Nam
1918 4779 2049 4847 quia
2079 4749 2226 4836 Tho-

634 4852 755 4901 mas
817 4842 1219 4901 sciscitabatur
1280 4866 1522 4920 quonam
1575 4860 1834 4920 abiturus
1881 4842 2067 4936 esset,
2128 4886 2223 4929 aut

631 4933 914 5000 quomodo
953 4940 1233 5009 cognituri
1266 4954 1456 5001 essent
1492 4949 1635 5006 viam
1659 4996 1673 5020 ,
1717 4933 2223 5035 ignorantes'quo-

630 5036 761 5086 nam
820 5037 968 5083 esset
1016 5031 1306 5103 abiturus,
1361 5046 1683 5101 necessario
1730 5051 2019 5121 subjecit:
2058 5031 2223 5132 «iEgo

631 5128 755 5171 sum
798 5117 887 5172 via
910 5159 926 5183 ,
965 5128 1021 5177 et
1053 5126 1202 5193 vita,
1246 5139 1304 5185 et
1338 5135 1566 5192 veritas.
1601 5159 1621 5192 ι
1655 5140 1758 5198 Et:
1794 5117 2031 5206 {Nemo
2070 5117 2221 5209 venit

629 5203 701 5302 ad
737 5204 987 5277 Patrem,
1024 5215 1188 5288 770
1216 5222 1325 5277 nisi
1366 5240 1463 5296 per
1498 5244 1587 5285 me
1612 5248 1627 5298 ;
1656 5252 1673 5283 ι
1702 5234 1837 5291 hinc
1876 5243 2210 5312 ostendens,

627 5291 679 5350 si
712 5297 839 5364 quis
874 5302 1006 5356 velit
1044 5320 1211 5363 nosse
1236 5291 1384 5367 viani
1422 5331 1519 5385 per
1556 5291 1726 5391 quam
1776 5337 1867 5382 eat
1921 5331 1991 5386 ad
2039 5291 2209 5391 vitam

629 5390 894 5445 aeternam
915 5430 931 5454 ,
960 5391 1169 5452 Christi
1195 5390 1587 5472 cognitionem,
1619 5413 1669 5467 ei
1699 5419 2029 5488 cumprimis
2059 5390 2211 5482 cordi

629 5489 754 5533 esse
801 5480 1186 5587 debere-Sed
1232 5496 1364 5564 quia
1416 5506 1673 5560 nonnulli
1702 5480 1993 5571 Iudaicum
2030 5480 2216 5587 potius

628 5580 800 5637 quam
829 5578 1215 5648 evangelicum
1256 5601 1555 5657 sequentes
1603 5596 1921 5658 institutum
1953 5578 2056 5662 sibi
2092 5626 2216 5679 per-

631 5664 855 5718 suasuri
889 5677 1049 5727 erant
1073 5672 1325 5731 sulIicere
1352 5680 1420 5735 ad
1456 5692 1668 5740 rectam
1695 5688 1855 5747 ﬁdem
1887 5711 2057 5750 unum
2089 5664 2215 5754 imi-

701 5776 789 5851 ’ξι
822 5778 951 5837 Cor.
982 5801 1079 5839 xm
1106 5828 1120 5851 ,
1158 5791 1248 5845 12.
1328 5797 1372 5827 ⁶⁶

631 5876 675 5932 ι.
710 5846 760 5902 4.
839 5853 881 5887 ⁷¹
920 5852 963 5911 ιι
995 5846 1120 5915 ϐοΐ.
1157 5877 1230 5927 tv,
1258 5864 1309 5927 4.

2361 2036 2453 2090 τὸν
2483 2040 2726 2110 Πατέρα,
2759 2042 2882 2106 ὅλος
2921 2042 2997 2097 ὢν
3031 2046 3089 2097 ὲν
3118 2046 3318 2117 ἑαυτῷ,
3350 2048 3446 2101 καὶ
3501 2049 3638 2120 ἔχων
3688 2054 3867 2107 αὑτὸν
3916 2056 3974 2109 ὲν

2360 2129 2559 2201 ἐαυτῷ·
2666 2132 2722 2186 δὲ
2761 2133 2986 2201 γέγονεν
3014 2134 3303 2206 ἄνθρωπος
3348 2138 3472 2191 καθ’
3500 2142 3665 2211 ἡμᾶς,
3704 2143 3841 2213 δίχα
3874 2146 3972 2215 τῆς

2357 2221 2516 2290 ἡμῶν
2549 2224 2824 2295 ἁμαρτίας
2873 2228 3207 2283 συνάπτεται
3260 2234 3373 2295 τοίς
3419 2233 3512 2289 ἐπὶ
3572 2235 3673 2304 τῆς
3700 2237 3833 2307 γῆς,
3872 2239 3967 2290 καὶ

2363 2309 2611 2380 μεθόριον
2646 2312 2836 2385 ὥσπερ
2851 2332 2904 2368 τι
2935 2316 3147 2387 γέγονε,
3178 2320 3418 2391 συνέχων
3442 2323 3499 2376 ὲν
3527 2325 3703 2395 ἑαυτῷ
3729 2327 3804 2379 τὰ
3829 2328 3970 2399 πρὸς

2358 2400 2587 2472 ἑνότητα
2653 2405 2749 2458 καὶ
2796 2407 2982 2475 φιλίαν
3044 2411 3545 2485 συνδεδραμηκότα.
3614 2418 3813 2481 Οὐδεὶς
3873 2416 3969 2473 οὖν

2355 2490 2476 2560 ἥξει
2506 2494 2644 2565 πρὸς
2664 2495 2757 2550 τὸν
2790 2498 3029 2571 Πατέρα,
3057 2502 3202 2556 τοῦτ’
3227 2504 3367 2573 ἐστι,
3394 2506 3547 2571 Θείας
3567 2508 3967 2581 ἀναδειχθήσε-

2354 2601 2442 2638 ται
2477 2587 2694 2653 φύσεως
2740 2593 3012 2657 κοινωνὸς,
3044 2596 3094 2648 εί
3142 2598 3215 2668 μὴ
3266 2599 3355 2652 διὰ
3384 2601 3622 2672 Χριστοῦ
3662 2603 3860 2672 μόνου.
3906 2606 3968 2657 Εἰ

2358 2675 2432 2747 μὴ
2472 2675 2582 2747 γὰρ
2611 2679 2933 2749 ἐμεσίτευσε
2970 2687 3265 2758 γενόμενος
3296 2686 3602 2763 ἄνθρωπος,
3643 2695 3745 2749 οὐκ
3776 2695 3858 2749 ἂν
3885 2699 3965 2761 εἰς

2356 2766 2514 2821 τοῦτο
2551 2773 2958 2844 μακαριότητος
2989 2778 3204 2851 προῦϐη
3240 2782 3311 2836 τὰ
3342 2784 3465 2837 καθ’
3488 2787 3656 2855 ἡμᾶς,
3680 2787 3826 2841 ἁλλὰ
3872 2790 3965 2841 καὶ

2357 2856 2517 2922 εἴτις
2542 2859 2609 2914 ίοι
2639 2863 2775 2932 πρὸς
2800 2865 2891 2920 τὸν
2922 2868 3143 2941 Πατέρα
3166 2871 3255 2925 διὰ
3285 2872 3539 2945 θεωρίας,
3560 2877 3657 2947 τῆς
3685 2879 3745 2931 ὲν
3770 2879 3965 2932 πίστει

2357 2950 2523 3020 φημὶ,
2555 2953 2648 3006 καὶ
2670 2955 2873 3022 γνώσει
2910 2963 2975 3031 τῇ
3001 2963 3121 3015 κατ’
3147 2964 3455 3032 εὐσέϐειαν,
3485 2968 3552 3023 δι’
3583 2970 3749 3024 αὑτοῦ
3789 2971 3965 3024 πάλιν

2356 3041 2475 3112 ἥξει
2512 3043 2606 3099 τοῦ
2644 3046 2896 3120 Σωτῆρος
2943 3053 3103 3123 ἡμῶν
3131 3056 3396 3127 Χριστοῦ.
3431 3061 3609 3132 Ὅπερ
3663 3061 3777 3131 γὰρ
3820 3062 3964 3132 ἔφην

2354 3132 2577 3204 ἀρτίως,
2612 3138 2723 3209 ἐρῶ
2747 3140 2812 3213 δὴ
2842 3143 3022 3213 πάλιν,
3051 3146 3148 3218 οὐχ
3177 3148 3381 3218 ἑτέρως
3409 3150 3625 3222 ἔχοντος
3661 3153 3756 3206 τοῦ
3782 3153 3807 3204 >
3827 3155 3960 3223 ἐγου

2353 3222 2531 3297 οἷμον.
2570 3232 3014 3306 Προσδεξάμενος
3037 3240 3146 3312 γάρ
3171 3259 3254 3306 τις
3287 3242 3380 3297 τὸν
3409 3244 3537 3297 Υίὸν
3558 3246 3640 3309 εἰς
3673 3246 3803 3301 Υίὸν
3824 3249 3961 3319 ἀληο

2361 3319 2488 3384 θῶς,
2529 3323 2624 3375 ἐπὶ
2644 3325 2745 3395 τὴν
2784 3327 2879 3381 τοῦ
2909 3329 3045 3384 Θεοῦ
3072 3333 3167 3387 καὶ
3192 3336 3407 3407 Πατρὸς
3438 3338 3691 3407 ἀφίξεται
3720 3341 3953 3408 γνῶσιν,

2341 3613 2425 3666 χει
2473 3601 2584 3672 γὰρ
2622 3603 2736 3676 Υἱῷ
2786 3607 2885 3677 μὲν
2912 3611 2945 3679 ἡ
2979 3613 3110 3682 περὶ
3151 3614 3368 3686 Πατρὸς
3418 3618 3647 3686 γνῶσις,
3681 3622 3860 3692 Πατρὶ
3890 3622 3947 3675 δὲ

2340 3681 2410 3741 αὖ
2446 3689 2610 3745 πάλιν
2645 3694 2677 3762 ἡ
2705 3696 2838 3766 περι
2886 3681 3065 3754 rios;
3085 3681 3297 3757 Οὐκοῦν
3336 3681 3547 3777 ἀληθὴς
3570 3709 3599 3759 ὀ
3626 3681 3832 3779 Κύριος
3861 3710 3950 3762 λέ-

2591 3781 2676 3835 ὃτι
2704 3788 2911 3860 φυσικὴ
2971 3792 3065 3844 καὶ
3109 3792 3373 3865 οὐσιώδης
3437 3797 3601 3850 εἰκὼν
3668 3798 3763 3852 τοῦ
3799 3798 3939 3852 Θεοῦ

2574 3878 2761 3939 ακτοῖς
2810 3877 3088 3951 ἀξιώμασι
3133 3886 3494 3957 μεμόρφωται
3543 3890 3681 3960 πρὸς
3748 3886 3932 3944 αὑτὸν,

2405 4051 2476 4104 El
2496 4052 2809 4122 ἐγνώκειτέ
2825 4079 2922 4130 με,
2947 4062 3048 4117 καὶ
3064 4065 3172 4121 τὸν
3187 4068 3421 4137 Πατέρα
3444 4088 3566 4139 μου
3611 4073 3691 4127 ἂν
3717 4075 3933 4143 ᾔδειτε.

2410 4232 2580 4287 Αὑτὸν
2636 4236 2704 4308 δὴ
2737 4240 2860 4295 καθ’
2901 4242 3098 4298 ἑαυτοῦ
3135 4247 3267 4317 φαίη
3300 4266 3387 4312 τις
3418 4248 3486 4304 ἂν
3522 4250 3654 4316 ἴσως
3701 4256 3797 4310 καὶ
3821 4259 3935 4330 οἰη-

2339 4320 2458 4393 θείη
2488 4326 2648 4397 τυχὸν
2677 4329 3021 4400 διαλέγεσθαι
3073 4337 3163 4393 τὸν
3190 4338 3340 4393 Υἱόν.
3369 4341 3522 4410 Ἔχει
3547 4342 3603 4396 δὲ
3621 4345 3720 4416 οὐχ
3740 4320 3931 4412 οὕτως.

2343 4414 2420 4467 Θύ
2466 4418 2576 4489 γὰρ
2626 4420 2693 4475 ἄν
2744 4440 2796 4477 τι
2840 4424 2950 4478 τῶν
3004 4428 3225 4485 είκαίων
3274 4432 3575 4502 ἐφθέγξατο
3614 4414 3719 4492 καί
3748 4458 3935 4511 περιτ-

2339 4507 2469 4574 τῶν,
2502 4513 2552 4564 εί
2583 4515 2681 4567 καῖ’
2713 4516 2795 4569 ὅτι
2843 4519 3080 4586 μάλιστα
3116 4523 3206 4578 διὰ
3230 4524 3289 4577 τὸ
3327 4525 3402 4596 μὴ
3437 4530 3645 4601 σφόδρα
3670 4507 3931 4588 δύνασθαί

2198 4631 2225 4647 ς
2338 4618 2490 4666 τινας
2543 4607 2660 4670 τοῖς
2699 4607 3017 4681 λεγομένοις
3085 4614 3425 4684 ἀκολουθεῖν,
3494 4626 3927 4695 χρησιμωτάτην

2143 4690 2228 4760 iu-
2332 4689 2446 4745 ἔσθ’
2476 4693 2566 4747 ὅτε
2622 4700 2856 4753 ποιεῖται
2916 4699 3015 4771 τὴν
3069 4702 3433 4777 ὲπανάληψιν.
3476 4689 3626 4783 Πλὴν
3657 4689 3715 4768 ἐν
3743 4732 3809 4783 γε
3848 4689 3927 4785 τῷ

2332 4783 2561 4855 πάροντι
2591 4787 2725 4841 πολὺ
2756 4788 2821 4858 δὴ
2848 4790 2966 4843 λίαν
2982 4791 3221 4865 ὀνίνησιν
3249 4798 3418 4868 ἡμᾶς,
3440 4802 3602 4854 ταυτὶ
3626 4806 3742 4868 τοῖς

2329 4891 2446 4939 τοις
2470 4879 2873 4949 προσενεγκὼν.
2916 4884 3134 4956 Ἐπειδὴ
3184 4887 3292 4958 γὰρ
3325 4890 3717 4948 διεπυνθάνετο
3746 4898 3776 4950 ό
3805 4897 3924 4950 Θω-

2332 4969 2459 5037 μᾶς,
2502 4969 2612 5023 Ποῦ
2660 4972 2771 5043 γὰρ
2806 4972 3107 5050 ἀπελεύσῃ,
3177 4978 3374 5049 λέγων,
3432 4984 3465 5054 ἢ
3513 4986 3633 5051 πῶς
3666 4988 3734 5040 ἂν
3762 4991 3923 5059 ἡμεῖς

2328 5057 2605 5130 εἰδείημεν
2637 5061 2737 5133 τὴν
2770 5064 2910 5130 ὁδὸν,
2944 5066 3006 5118 τὸ
3024 5067 3146 5122 ὅποι
3175 5071 3307 5123 ποτὲ
3337 5071 3495 5146 βαδιῇ
3528 5077 3603 5148 μὴ
3634 5057 3925 5145 γινώσκονο

2326 5167 2439 5215 τες,
2470 5152 2789 5221 ἀναγκαίως
2841 5156 3083 5226 ἔφασκεν
3108 5176 3123 5190 °
3164 5180 3183 5213 ι
3225 5163 3367 5230 Ἐγώ
3421 5168 3538 5237 εἰμι
3578 5169 3611 5238 ἡ
3644 5169 3786 5233 ὁδὸς,
3829 5172 3923 5224 καὶ

2327 5240 2520 5314 ήξωὴ,
2574 5245 2670 5298 καὶ
2728 5248 2762 5317 ή
2809 5248 3058 5322 ἀλήθεια,
3092 5270 3109 5302 ι
3166 5254 3261 5307 καὶ
3300 5257 3381 5311 ὅτι
3421 5277 3439 5309 ι
3474 5260 3668 5324 Οὐδεὶς
3699 5261 3921 5333 ἔρχεται

2318 5334 2454 5405 πρὸς
2484 5336 2576 5390 τὸν
2608 5338 2849 5411 Πατέρα,
2868 5344 2918 5395 εί
2945 5343 3020 5414 μὴ
3052 5343 3117 5397 δι’
3139 5346 3297 5415 ἐμοῦ·
3324 5367 3341 5400 ι
3387 5348 3604 5414 δεικνὺς
3625 5352 3883 5408 ἐντεῦθεν
3906 5405 3919 5415 ,

2319 5426 2396 5491 ὡς
2429 5429 2587 5501 εἴπερ
2620 5448 2704 5495 τις
2729 5431 2974 5503 βούλοιτο
3000 5436 3099 5511 τὴν
3142 5440 3261 5493 ὁδὸν
3307 5441 3533 5506 εἰδέναι,
3566 5444 3633 5497 δι’
3662 5440 3731 5516 ἧς
3766 5447 3835 5500 ἂν
3864 5451 3917 5520 τῃ

2320 5519 2459 5590 πρὸς
2490 5520 2634 5593 ζωὴν
2660 5524 2758 5595 τὴν
2786 5525 3025 5595 αἰώνιον,
3076 5531 3445 5605 φιλονεικήσει
3485 5536 3551 5608 δὴ
3582 5537 3809 5604 πάντως
3842 5519 3919 5593 εἱν-
3998 5567 4000 5569 >

2322 5610 2470 5666 δέναι
2509 5616 2762 5686 Χριστόν.
2797 5620 3017 5694 Ἐπειδὴ
3042 5623 3098 5676 δὲ
3141 5619 3209 5695 ἦν
3242 5644 3394 5691 τινας
3421 5628 3572 5693 εἰκὸς
3616 5630 3917 5702 ἰουδαῖκήν

2323 5722 2445 5760 τινα
2478 5708 2700 5779 μᾶλλον,
2725 5712 2895 5782 ἤλγουν
2920 5716 3285 5789 εὐαγγελικὴν
3314 5720 3740 5793 ἐπιτηδεύοντας
3786 5725 3913 5777 παί-

1408 5798 1447 5853 Il
1481 5801 1619 5860 Tim.
1660 5822 1734 5874 ιι,
1776 5810 1825 5861 ες.
1885 5812 1927 5843 ⁸⁷
1969 5812 2223 5891 lichr._l,

2385 5824 2429 5855 "
2457 5824 2613 5881 Joan.
2659 5845 2767 5895 χιιι,
2810 5830 2895 5885 Μ.
2971 5834 3013 5863 ⁶⁹
3040 5833 3274 5906 Philipp.
3304 5852 3340 5889 ιι
3368 5878 3381 5902 ,
3415 5838 3465 5892 7.
3572 5838 3616 5869 ⁷ο
3672 5836 3725 5891 Π
3756 5838 3903 5893 Petr.
