4096 6482
118 347 244 400 £95
1222 342 1283 398 IN
1311 342 1599 400 JUANNIS
1624 340 1723 400 EV.

1826 336 2070 400 SELIUM
2108 344 2239 404 Llli.
2283 346 2375 405 IX.
3307 345 3411 404 194

105 463 334 526 δευσιν,
359 459 609 532 ἐξαρκεῖν
639 458 850 515 οἴεσθαι
878 461 1016 533 πρὸς
1042 460 1103 514 τὸ
1126 460 1402 515 πιστεύειν
1430 461 1606 532 ὀρθῶς
1628 462 1723 531 τὴν

1832 463 1978 518 versi
2029 463 2196 518 Deum
2245 464 2529 529 conﬁteri,
2567 476 2806 533 eumque
2848 476 3179 533 agnoscere,
3228 477 3409 532 neque

106 557 208 619 είς
245 555 341 608 ἕνα
369 554 481 606 τῶν
513 553 650 607 ὅλων
683 553 815 606 Θεὸν
860 553 1153 623 ὁμολογίαν
1174 571 1235 607 τε
1275 555 1369 607 καὶ
1402 554 1625 623 γνῶσιν,
1656 552 1723 624 μὴ

1831 568 2001 622 porro
2026 554 2093 609 de
2142 564 2336 610 sancta
2394 564 2448 610 et
2504 554 2977 611 consubstantiali
3011 553 3287 609 Trinitate
3311 555 3411 609 do-

110 648 245 718 μὴν
266 645 582 715 ἐπείγεσθαι
621 646 813 717 μαθεῖν
856 647 948 700 τὸν
982 647 1113 719 περὶ
1144 648 1244 718 τῆς
1275 648 1437 717 ἁγίας
1473 648 1568 701 καὶ
1599 648 1723 718 ὁμο-

1829 646 2064 700 ctrinam
2093 661 2221 701 esse
2248 648 2588 714 curandam,
2636 646 2959 702 necessario
2999 645 3412 715 quodammodo

108 742 318 795 ουσίου
378 740 613 810 Τριάδος
642 740 820 807 λόγον,
866 739 1185 807 ἀναγκαίως
1217 740 1499 795 ἀποκλείει
1526 740 1723 811 τρόπον

1828 736 2090 794 Christus
2117 739 2282 795 etiam
2319 739 2406 795 his
2440 740 2533 809 qui
2572 739 2655 795 sic
2695 740 2970 795 sentirent
3012 738 3106 794 Dei
3135 739 3409 810 cognitio-

111 834 257 885 τινα
299 831 534 901 Χριστὸς
587 832 680 885 καὶ
702 832 815 895 τοῖς
862 830 1008 885 οὕτω
1033 830 1317 897 δοξάζουσι
1335 833 1432 903 τὴν
1461 832 1591 904 περὶ
1627 832 1721 887 τοῦ

1834 847 1958 885 nem
1989 831 2351 895 intercludit,
2383 832 2493 886 nisi
2526 840 2581 887 et
2630 847 2691 887 se
2736 832 3025 901 suscipere
3066 831 3258 885 velint.
3304 828 3411 884 Per

110 924 269 977 Θεοῦ
307 924 531 992 γνῶσιν,
572 923 720 995 εἰμὴ
752 925 846 977 καὶ
892 925 1056 981 αὐτὰν
1101 925 1375 996 βούλοιντο
1424 926 1723 997 παραδέχε-

1828 921 2025 977 Filium
2050 923 2255 993 quippe
2286 922 2353 977 ad
2379 922 2549 978 Deum
2577 931 2632 979 et
2651 924 2870 979 Patrem
2895 932 2980 979 est
3010 922 3409 978 accedendum.

114 1014 284 1068 σθαι.
318 1016 419 1068 Διά
496 1015 603 1086 γὰρ
646 1015 776 1068 Υίοῦ
812 1018 1098 1087 προσιτέον
1138 1018 1217 1088 τῷ
1248 1018 1367 1089 Θεῷ
1394 1019 1490 1073 καὶ
1530 1018 1723 1090 Πατρί.

1827 1012 1949 1070 Filii
2001 1030 2243 1084 namque
2267 1015 2583 1085 cognitione
2619 1024 2675 1071 et
2719 1015 3188 1085 contemplatione
3238 1013 3408 1068 etiam

128 1109 452 1177 Ἀναλόγως
479 1110 587 1179 γὰρ
640 1112 706 1179 τῇ
760 1109 855 1162 τοῦ
896 1110 1237 1181 γεννήματος
1268 1110 1491 1182 θεωρίᾳ,
1516 1111 1612 1164 καὶ
1638 1112 1723 1163 ἐπ’

1826 1104 1891 1159 ad
1942 1105 2122 1175 ipsum
2175 1104 2393 1161 Patrem
2443 1106 2611 1161 simili
2670 1106 2887 1163 ratione
2938 1107 3247 1161 veniemus.
3295 1102 3411 1159 Nec

108 1200 294 1253 αὐτὸν
323 1199 527 1270 ἥξομεν
550 1202 641 1253 τὸν
668 1201 996 1271 Γεννήτορα.
1018 1202 1092 1254 Οὐ
1115 1202 1224 1272 γὰρ
1254 1202 1423 1266 ἔστιν,
1444 1204 1547 1257 οὐκ
1580 1203 1723 1258 ἔστιν

1826 1198 1974 1253 enim
2010 1198 2259 1268 profecto
2295 1198 2660 1253 dubitandum
2704 1206 2820 1262 est,
2856 1198 3175 1268 quicunque
3207 1195 3409 1249 Filium

110 1292 485 1361 ἀμφιϐαλεῖν,
537 1293 619 1345 ὅτι
673 1293 767 1345 τὸν
806 1294 931 1348 Υίόν
997 1312 1081 1357 τις
1112 1295 1412 1363 ὑφεστάναι
1446 1297 1720 1353 πιστεύων

107 1381 302 1445 οὕτως
332 1383 407 1446 ὼς
432 1383 583 1443 Υἱδν,
612 1381 705 1435 τὸν
761 1384 826 1436 ἐκ
867 1383 967 1453 τῆς
1015 1383 1201 1447 οὐσίας
1231 1384 1373 1453 φημὶ
1405 1384 1499 1437 τοῦ
1530 1388 1723 1457 γεννη-

112 1491 349 1537 σαντος,
385 1476 591 1528 εἴσεται
622 1475 685 1546 δὴ
736 1475 955 1539 πάντως
998 1476 1092 1528 καὶ
1126 1472 1216 1528 τὸν
1272 1476 1512 1546 Πατέρα.
1565 1478 1722 1531 Κατά

111 1565 223 1634 μὲν
273 1562 373 1619 οὖν
416 1565 515 1637 τὴν
562 1567 940 1636 ἁπλουστέραν
991 1568 1087 1619 καὶ
1121 1567 1457 1638 ἀπερίεργον
1496 1568 1720 1637 γνῶσιν,

108 1656 301 1721 οὕτως
333 1658 400 1711 ἄν
436 1675 518 1721 τις
546 1656 758 1728 οἰηθείη
790 1657 955 1728 τυχὸν
981 1657 1214 1729 λαλῆσαι
1234 1676 1246 1688 ⁸
1278 1662 1326 1712 εί
1350 1660 1406 1713 δέ
1441 1678 1516 1730 τῳ
1539 1660 1721 1730 δοκοίη

1836 1291 2149 1347 subsistere
2196 1291 2413 1358 credit,
2461 1302 2520 1345 ut
2566 1307 2697 1347 vere
2740 1290 2979 1355 Filium,
3025 1308 3090 1346 ex
3139 1289 3411 1362 genitoris

1827 1400 2025 1455 nempe
2054 1385 2366 1440 substantia
2389 1421 2404 1450 ,
2436 1384 2664 1440 omnino
2698 1384 3053 1453 cogniturum
3084 1391 3138 1437 et
3166 1386 3408 1438 Patrem.

1830 1475 1894 1530 Et
1923 1478 2038 1531 haec
2072 1476 2296 1546 quidem
2327 1476 2394 1532 de
2425 1476 2750 1545 simpliciori
2786 1491 2889 1531 nec
2916 1474 3189 1545 exquisita
3217 1477 3411 1546 cogni-

1826 1571 1975 1625 tione
2000 1570 2213 1625 dictum
2242 1584 2406 1641 putes
2435 1590 2447 1627 :
2480 1571 2627 1641 quod
2657 1571 2703 1625 si
2731 1572 2857 1642 quis
2891 1571 3155 1625 subtilem
3185 1585 3410 1625 sensum

1831 1660 2137 1729 inquirere,
2177 1669 2232 1715 et
2265 1676 2356 1716 res
2392 1661 2543 1730 ipsas
2579 1662 2821 1730 penitius
2850 1661 3095 1716 scrutari
3130 1660 3289 1725 velit,
3323 1659 3414 1714 Fi-

109 1750 213 1801 καὶ
235 1750 333 1803 διὰ
358 1750 572 1803 λεπτῶν
592 1750 853 1821 ἔρχεσθαι
883 1751 1191 1822 νοημάτων,
1215 1752 1289 1815 ὼς
1324 1754 1415 1806 καὶ
1444 1754 1530 1806 ἐπ’
1552 1753 1723 1825 αὐτὴν

1828 1751 1963 1806 lium
1994 1768 2123 1808 vero
2153 1752 2301 1823 loqui
2335 1768 2534 1809 rursus
2562 1753 2887 1823 comperiet.
2942 1752 3153 1806 Natura
3208 1753 3413 1823 quippe

110 1841 231 1893 τῶν
270 1844 619 1913 πραγμάτων
682 1844 875 1897 ἐλάσαι
932 1844 1032 1915 τὴν
1093 1843 1345 1913 βάσανον,
1393 1844 1725 1916 ἀληθεύοντα

117 1932 291 1985 πάλιν
358 1935 584 2003 εὑρήσει
643 1932 734 1985 τόν
785 1933 937 1988 Υίόν.
982 1932 1199 2003 Διανοίᾳ
1244 1934 1342 2001 μὲν
1384 1933 1491 2003 γὰρ
1537 1933 1723 2004 ἁπάσῃ

114 2025 412 2088 παντελῶς
465 2026 747 2097 ἀχώρητος
791 2028 819 2096 ἡ
867 2015 987 2079 θεία
1046 2026 1209 2094 φύσις
1239 2026 1378 2088 ἐστὶ,
1403 2028 1495 2079 κα)⁸
1522 2026 1574 2079 τί
1602 2027 1723 2081 κατ’

111 2118 317 2170 οὐσίαν
354 2120 382 2169 ό
406 2117 515 2170 τῶν
545 2117 684 2171 ὅλων
737 2119 774 2170 Γ
778 2117 1122 2188 ενεσιουργὸς
1176 2118 1380 2188 τολμᾷν
1401 2118 1537 2183 ὅλως
1570 2136 1727 2191 περι-
1757 2104 1763 2109 ’

112 2207 487 2274 εργάζεσθαι,
546 2208 976 2278 φρενοόλαὸείας
1017 2208 1239 2278 ἀπάσης
1270 2208 1545 2275 ἀπόδειξιν
1589 2208 1722 2279 ἔχει.

114 2298 274 2368 Πλὴν
324 2298 441 2350 ἔστι
482 2316 601 2361 πως
633 2300 783 2369 ἡμᾶς
834 2316 978 2362 τινα,
1023 2299 1098 2363 ὡς
1134 2301 1191 2351 ἐν
1226 2302 1404 2364 σκιαῖς
1464 2301 1557 2354 καὶ
1584 2302 1723 2353 αἰνί-

116 2409 366 2460 γμασιν,
392 2390 740 2462 ἐρανίζεσθαι
796 2393 1023 2459 γνῶσιν,
1074 2395 1382 2461 κάτοπτρον
1436 2393 1626 2465 ὥσπερ
1668 2412 1724 2447 τι

112 2483 535 2554 παρατιθέντας
580 2482 657 2551 τῷ
708 2482 790 2535 νοῒ
824 2482 932 2536 τῶν
964 2483 1193 2536 ἐνόντων
1231 2483 1722 2555 πλεονεκτημάτων

116 2577 183 2643 τῇ
208 2573 308 2627 τοῦ
346 2575 477 2627 Υῐοῦ
504 2574 664 2644 φύσει
714 2575 805 2628 τὸν
840 2575 1162 2643 κατάλογον.
1206 2575 1295 2640 Ἐξ
1321 2570 1396 2629 ὧν
1414 2578 1522 2646 γάρ
1574 2579 1724 2631 ἐστιν

110 2665 310 2729 αὐτὸς,
350 2667 445 2719 καὶ
465 2664 526 2731 ἐξ
558 2661 633 2720 ὧν
668 2665 926 2737 εἴργασαι
955 2665 1070 2738 [περ.
1103 2667 1414 2740 εἴργασται]
1435 2669 1723 2739 γενόμενος

112 2757 447 2828 ἄνθρωπος,
502 2760 595 2811 καὶ
636 2758 741 2829 πρὸ
768 2759 872 2828 τῆς
913 2760 1403 2831 ὲνανθρωπήσεως,
1443 2761 1720 2830 ἀναλόγως

112 2851 179 2903 ἄν
206 2868 297 2913 τις
327 2852 422 2904 ἐπὶ
449 2851 547 2923 τὴν
575 2850 670 2903 τοῦ
694 2850 946 2914 τεκόντος
980 2851 1144 2905 αὐτὸν
1174 2852 1410 2923 θεωρίαν
1438 2853 1580 2906 ἀνίοι
1612 2852 1721 2905 λοιο

116 2942 240 2994 πόν.
265 2942 422 3013 "Opa
434 2941 543 3011 γάρ
575 2957 664 3010 μοι
685 2941 783 3012 τὴν
808 2939 1036 2994 ἐνοῦσαν
1062 2940 1212 3010 αὐτῷ
1237 2940 1394 3006 δόξαν
1420 2958 1481 2994 τε
1512 2942 1607 2995 καὶ
1631 2941 1721 2996 δύ⁸

115 3049 312 3103 ναμιν·
345 3032 509 3102 βλέπε
522 3032 621 3102 τὴν
653 3034 738 3099 ἐφ’
756 3031 962 3085 ἅπασιν
986 3032 1428 3102 ἀπαραπόδιστον
1449 3032 1717 3097 ἐξουσίαν.

1827 1842 2009 1897 divina
2042 1845 2246 1899 nullius
2275 1845 2497 1915 ingenio
2522 1860 2754 1915 prorsus
2779 1844 3170 1916 comprehendi
3197 1852 3411 1915 potest,

1825 1942 1879 1990 et
1910 1936 2044 2004 quid
2074 1936 2380 1991 secundum
2420 1937 2800 1993 substantiam
2834 1939 2907 1993 sit
2942 1954 3126 1992 rerum
3162 1939 3413 1993 omnium

1826 2036 2022 2082 auctor
2050 2030 2293 2083 scrutari
2322 2031 2485 2099 plane
2512 2030 2751 2096 audere,
2780 2039 3042 2087 extremae
3074 2032 3296 2101 signum
3326 2039 3413 2086 est

1824 2120 2136 2174 dementiae.
2158 2119 2549 2177 Verumtamen
2572 2124 2943 2193 cognitionem
2970 2124 3266 2193 quamdam
3290 2131 3412 2177 tan-

1824 2225 1987 2279 quam
2018 2214 2075 2265 in
2110 2213 2324 2267 umbris
2370 2223 2423 2268 ct
2470 2214 2785 2284 mnigmatis
2821 2230 3154 2285 comparare
3207 2230 3412 2286 possu-

1825 2318 1948 2357 mus
1970 2343 1985 2368 ,
2020 2305 2309 2372 speculum
2342 2296 2514 2359 veluti
2550 2306 2830 2376 quoddam
2867 2308 3038 2362 menti
3068 2314 3412 2377 Opponentes

1823 2409 1916 2449 eas
1948 2410 2071 2465 qua:
2104 2396 2229 2450 Filii
2266 2404 2480 2452 natura:
2516 2398 2744 2461 insunt,
2780 2400 3196 2470 praarogativas.
3232 2398 3311 2453 Ex
3342 2414 3413 2453 eo

1825 2486 1972 2541 enim
2026 2488 2177 2557 quod
2230 2497 2315 2544 est
2365 2489 2518 2559 ipse,
2555 2497 2608 2544 et
2638 2505 2702 2544 ex
2742 2491 2810 2546 iis
2844 2506 2968 2561 qua:
3004 2492 3123 2561 ipse
3150 2499 3411 2561 operatus

1823 2586 1944 2641 est,
1976 2587 2266 2650 postquam
2297 2579 2479 2636 factus
2510 2581 2675 2635 homo
2706 2590 2828 2645 est,
2876 2593 2931 2638 et
2975 2594 3107 2638 ante
3150 2584 3412 2638 incarna-

1824 2670 2028 2725 tionem
2051 2712 2065 2736 ,
2093 2671 2160 2725 ad
2187 2670 2446 2725 notitiam
2467 2681 2521 2726 et
2542 2674 3066 2742 contemplationem
3112 2674 3294 2729 Patris
3327 2675 3409 2728 si-

1824 2762 1938 2815 mili
1996 2765 2212 2818 ratione
2259 2765 2479 2821 demum
2533 2764 2826 2822 ascendes.
2877 2762 3017 2820 Vide
3064 2765 3216 2820 enim
3248 2765 3408 2831 mihi,

1823 2869 2012 2922 quaeso
2034 2894 2049 2918 ,
2083 2856 2315 2925 gloriam
2349 2858 2471 2926 ejus
2503 2872 2567 2912 ac
2606 2858 2861 2912 virtutem
2893 2872 2906 2911 :
2941 2856 3065 2911 vide
3094 2872 3409 2927 supremam

1824 2944 1877 2999 in
1913 2946 2169 3000 omnibus
2205 2946 2373 3002 rebus
2409 2956 2763 3017 potestatem.
2812 2946 2954 3013 Quid
2987 2946 3158 3010 enim,
3212 2945 3413 3000 amabo

1824 3046 1917 3102 te,
1971 3045 2084 3091 tam
2137 3053 2307 3109 supra
2362 3041 2673 3095 orationem
2723 3054 2943 3094 omnem
2995 3046 3078 3093 est
3128 3039 3409 3107 positum,

120 3125 183 3177 Τί
214 3126 366 3195 γὰρ,
396 3125 517 3178 εἰπέ
550 3141 660 3195 μοι,
688 3125 787 3178 καὶ
814 3124 923 3179 τῶν
945 3124 1085 3195 ὑπὲρ
1109 3125 1266 3192 λόγον
1294 3126 1720 3198 οὐκ’ὲλευθέροις

1826 3132 1971 3201 quod
2021 3131 2198 3186 libero
2241 3140 2378 3186 nutu
2429 3131 2636 3188 fecisse
2687 3147 2794 3187 non
2838 3140 3129 3194 cernatur,
3182 3138 3237 3185 et
3282 3139 3413 3187 ante

119 3216 371 3289 νεύμασι
416 3216 769 3287 κατορθώσας
806 3216 1027 3288 ὁρᾶται,
1080 3218 1175 3271 xui
1221 3217 1326 3288 πρὸ
1367 3219 1589 3290 σαρκὸς,
1623 3220 1721 3273 καλ⁸

124 3308 262 3380 μετά
346 3309 585 3379 σαρκός;
649 3308 790 3362 Ἀλλ’
829 3311 858 3362 ό
904 3308 1159 3373 τοσοῦτος
1211 3311 1346 3379 ἡμῖν
1414 3310 1481 3362 δι’
1544 3311 1722 3365 αὐτῶν

119 3400 321 3470 ὀφθεὶς
378 3401 740 3471 πραγμάτων,
781 3417 800 3450 ι
843 3399 1005 3469 Ἐγὼ,
1036 3401 1192 3471 φησὶ,
1249 3402 1346 3454 καὶ
1373 3403 1401 3454 ό
1446 3402 1635 3474 Πατὴρ
1664 3403 1724 3456 ἓν

118 3494 287 3563 ἐσμεν
315 3510 330 3522 ·
365 3495 393 3547 ὁ
417 3493 677 3563 ἑωρακὼς
711 3492 833 3563 ἐμὲ,
867 3492 1083 3565 ἑώρακε
1108 3494 1200 3548 τὸν
1230 3494 1471 3565 Πατέρα.
1500 3513 1518 3545 ι
1559 3495 1722 3549 Ἰτὲον

121 3583 213 3641 οὖν
234 3587 356 3658 ἄρα
388 3587 531 3640 κατά
558 3586 657 3657 τὴν
694 3587 789 3640 τοῦ
830 3587 1196 3659 προκειμένου
1233 3587 1461 3657 δύναμιν
1493 3587 1602 3641 ἀπὸ
1624 3588 1723 3657 τῆς

126 3678 346 3741 εἰκόνος
371 3677 463 3730 ἐπὶ
512 3678 573 3730 τὸ
624 3678 957 3749 ἀρχέτυπον,
984 3676 1081 3731 καὶ¹
1108 3678 1217 3731 ἀπὸ
1244 3677 1339 3730 τοῦ
1373 3678 1723 3749 χαρακτῆρος

128 3771 211 3821 ἐπ’
240 3771 463 3822 ἐκεῖνον
479 3769 544 3840 δὴ
567 3769 783 3833 πάντως
809 3763 871 3823 οῦ
898 3770 995 3824 καὶ
1024 3769 1142 3823 ἐστι
1176 3769 1484 3841 χαρακτὴρ,
1518 3770 1613 3823 καὶ
1633 3770 1719 3834 οὐ,

127 3864 265 3917 κατά
290 3880 450 3925 τινας
485 3863 596 3915 τῶν
623 3861 952 3933 ἑτεροδόξεϊν
1000 3862 1294 3927 εἰωθότων,
1334 3864 1591 3925 ἐπακτοῖς
1610 3879 1721 3915 τισι

126 3954 219 4007 καὶ
240 3955 364 4017 τοῖς
390 3952 590 4017 ἔξωθεν
627 3951 905 4023 ἀξιώμασι
948 3952 1381 4024 σχηματίζεσθαί
1422 3969 1603 4022 φαμεν
1628 3952 1721 4005 τὸν

130 4047 250 4100 Υἱὸν
271 4046 421 4117 πρὸς
441 4046 534 4100 τὸν
560 4046 803 4119 Πατέρα,
836 4046 979 4111 οὐδὲ,
1008 4046 1263 4117 καθάπερ
1288 4047 1399 4109 τοῖς
1431 4045 1722 4116 πλανωμέ-

129 4156 234 4203 νοις
267 4140 449 4201 δοκεί,
479 4138 643 4192 εἰκὼν
674 4137 812 4192 εἶναι
836 4139 1054 4207 λέγεται
1072 4138 1167 4191 τοῦ
1190 4137 1324 4191 Θεοῦ
1361 4139 1453 4191 καὶ
1485 4137 1717 4209 Πατρός,

132 4231 201 4295 ὡς
227 4232 378 4302 ἔχων
419 4229 584 4283 αὐτοῦ
609 4230 709 4301 τὴν
731 4229 911 4295 δόξαν,
956 4230 1055 4300 τὴν
1094 4229 1345 4299 δύναμιν,
1367 4230 1464 4301 τὴν
1504 4230 1715 4298 σοφίαν,

132 4322 353 4392 φύσεώς
375 4339 442 4391 γε
467 4322 574 4393 μὴν
612 4322 804 4391 ἑτέρας
831 4322 1115 4394 ὑπάρχων.
1144 4320 1331 4375 Ταῦτα
1352 4321 1460 4392 γὰρ
1497 4320 1720 4375 ἐκείνων

131 4415 193 4468 τὰ
227 4415 299 4485 λη
311 4415 555 4485 ρήματα,
583 4414 680 4467 καὶ
706 4414 739 4483 ἡ
777 4413 1200 4484 κεκομψευμένη
1221 4411 1480 4484 φλυαρία,
1521 4412 1721 4482 μᾶλλον

1827 3236 2083 3285 carnem,
2138 3230 2191 3277 et
2239 3238 2364 3277 cum
2412 3223 2629 3278 carne?
2672 3225 2742 3277 At
2788 3224 2881 3293 qui
2924 3231 3139 3277 tantum
3181 3237 3241 3278 se
3284 3236 3411 3277 esse

1827 3315 1964 3385 ipsis
2011 3314 2275 3385 operibus
2324 3314 2514 3370 docuit
2553 3335 2565 3370 :
2606 3335 2623 3367 ι
2661 3314 2807 3385 Ego,
2858 3316 3072 3386 inquit,
3124 3321 3179 3369 et
3247 3314 3413 3369 Pater

1838 3422 2009 3461 unum
2040 3421 2235 3462 sumus
2265 3409 2332 3473 ⁷¹;
2364 3409 2454 3478 qui
2487 3409 2637 3463 videt
2668 3423 2778 3475 me,
2808 3408 2958 3463 videt
2974 3416 3025 3461 et
3044 3406 3262 3462 Patrem
3288 3408 3357 3461 ⁷³.
3382 3426 3403 3460 ι

1828 3497 2081 3553 Eundum
2112 3499 2323 3569 itaque,
2356 3500 2401 3555 si
2455 3500 2558 3553 loci
2608 3499 2772 3568 hujus
2814 3500 2922 3553 vim
2957 3507 3307 3569 spectemus,
3340 3500 3410 3553 ab

1823 3589 2061 3660 imagine
2090 3590 2157 3643 ad
2188 3591 2581 3661 archetypum,
2617 3597 2674 3645 ct
2701 3605 2731 3644 a
2762 3589 3089 3644 charactere
3128 3589 3196 3643 ad
3249 3590 3407 3643 illum

1822 3683 1984 3753 cujus
2012 3690 2067 3738 et
2098 3691 2184 3739 est
2217 3684 2507 3738 character
2535 3702 2549 3749 ;
2588 3698 2768 3754 neque
2802 3691 2985 3737 tamen
3034 3698 3101 3737 ex
3133 3697 3406 3752 quorum-

1822 3777 1948 3832 dam
1976 3776 2361 3833 hazreticorum
2390 3777 2673 3834 sententia
2703 3776 3021 3830 adventitiis
3043 3775 3329 3830 nonnullis
3350 3782 3409 3828 ct

1822 3871 2170 3925 extrinsecus
2215 3870 2521 3941 assumptis
2554 3869 2921 3939 dignitatibus
2962 3866 3160 3922 Filium
3193 3866 3260 3920 ad
3302 3864 3408 3919 Pa-

1822 3968 1959 4014 trem
1975 3960 2313 4013 conl‘ormari
2333 3960 2595 4025 dicimus,
2622 3974 2802 4029 neque
2826 3968 2907 4023 ut,
2928 3957 3171 4013 haeretici
3191 3964 3407 4027 putant,

1822 4050 2002 4119 imago
2037 4047 2133 4103 Dei
2164 4064 2229 4103 ac
2249 4048 2432 4103 Patris
2468 4064 2592 4104 esse
2627 4049 2857 4114 dicitur,
2892 4057 3157 4117 tanquam
3182 4047 3274 4117 qui
3304 4046 3406 4100 ha-

1820 4140 1947 4193 beat
1976 4137 2100 4207 ejus
2136 4138 2369 4208 gloriam
2392 4178 2408 4203 ,
2442 4139 2703 4192 virtutem
2726 4176 2740 4201 ,
2785 4138 3114 4206 sapientiam
3137 4175 3151 4199 ,
3187 4137 3282 4190 sed
3322 4136 3410 4188 al-

1822 4230 1995 4284 terius
2029 4237 2212 4283 tamen
2242 4230 2317 4284 sit
2348 4238 2577 4283 natura}.
2620 4228 2713 4283 lla:
2756 4238 2887 4283 sunt
2935 4228 3081 4282 enim
3124 4227 3410 4297 elegantes

1822 4320 2043 4374 illorum
2092 4333 2289 4389 nugae,
2332 4320 2444 4373 imo
2490 4333 2622 4372 vero
2656 4317 2908 4384 impietas
2938 4315 3007 4370 ad
3051 4316 3406 4371 evertendam

1824 4413 1981 4483 771
2030 4410 2562 4480 convellendamque
2604 4407 2726 4462 Filii
2772 4407 3409 4463 consubstantialitatmn

133 4506 186 4559 δὲ
225 4506 565 4569 δυσσέϐεια,
627 4505 762 4576 πρὸς
845 4505 1159 4577 ἀνατροπὴν
1228 4505 1579 4575 ὲπινοηθεῖσα
1628 4505 1720 4559 καὶ

1827 4504 2088 4569 inventa,
2144 4503 2293 4574 quod
2348 4518 2517 4557 unum
2568 4510 2652 4557 est
2700 4515 2891 4555 eorum
2946 4499 3176 4568 impium
3211 4507 3266 4554 et
3300 4498 3411 4553 Deo

137 4601 463 4669 καθαίρεσιν
491 4599 592 4669 τῆς
627 4597 1047 4667 ὀμοουσιότητος
1082 4597 1176 4651 τοῦ
1217 4597 1367 4663 Υίοῦ,
1391 4597 1609 4665 κατάγε
1628 4596 1720 4650 τὸν

141 4692 192 4745 ὲν
214 4694 403 4755 αὐτοῖς
426 4691 639 4744 ἀνόσιόν
665 4707 724 4743 τε
765 4689 861 4743 καὶ
885 4688 1157 4759 θεομάχον
1197 4690 1421 4744 σκοπόν.
1465 4690 1603 4743 Ἀλλ’
1645 4690 1724 4754 ὡς

143 4782 259 4848 Υἱὸς
296 4782 543 4853 ἀληθῶς,
582 4784 647 4835 ἐκ
694 4783 793 4852 τῆς
846 4781 938 4835 τοῦ
985 4782 1121 4836 Θεοῦ
1159 4782 1253 4836 καὶ
1292 4782 1504 4853 Πατρός
1535 4782 1723 4846 οὐσίας

144 4876 471 4947 ἀπορρήτως
518 4875 617 4929 καὶ
688 4875 1064 4945 ἀπερινοήτως
1109 4875 1410 4946 γεννηθεὶς,
1436 4876 1725 4946 χαρακτήρ

145 4966 283 5020 ἐστιν
306 4966 497 5031 αὐτοῦ,
532 4968 627 5020 καὶ
686 4964 868 5031 εἰκὼν,
910 4968 1007 5020 καὶ
1053 4967 1415 5037 ἀπαύγασμα,
1460 4968 1645 5039 φέρων
1664 4969 1725 5021 ἐν

144 5059 316 5130 οἰκείᾳ
339 5058 499 5127 φύσει
525 5058 628 5128 τῆς
650 5058 745 5111 τοῦ
788 5058 1040 5123 τεκόντος
1060 5059 1221 5113 αὐτὸν
1243 5060 1433 5124 οὐσίας
1466 5060 1530 5114 τὸ
1570 5060 1722 5124 ἴδιον,

145 5153 235 5204 καὶ
261 5152 373 5205 τῶν
405 5152 650 5220 φυσικῶν
675 5151 1162 5220 πλεονεκτημάτων
1180 5151 1240 5204 τὸ
1267 5151 1481 5216 κάλλος.
1517 5152 1592 5206 Οὐ
1614 5152 1724 5222 γὰρ

148 5246 485 5314 ἀπόπληκτοι
542 5245 662 5297 κατ’
712 5245 954 5308 ἐκείνους
1011 5243 1276 5315 ἐσόμεθα,
1307 5246 1402 5298 καὶ
1445 5247 1524 5307 είς
1568 5244 1728 5299 τοῦτο

147 5335 461 5399 δυσϐουλίας
483 5335 574 5389 τὸν
599 5337 797 5389 οίκείρν
817 5335 1203 5406 κατωθήσομεν
1225 5335 1369 5400 νοῦν,
1388 5336 1463 5399 ὡς
1484 5336 1564 5407 τῷ
1585 5337 1743 5391 κατὰ·

151 5425 307 5492 φύσιν
332 5425 434 5477 οὐκ
465 5424 599 5478 ὅντα
619 5425 798 5494 λέγειν
827 5424 946 5494 Θεῷ
986 5425 1192 5495 ὅμοιον,
1223 5427 1359 5497 μήτε
1398 5428 1503 5499 μὴν
1538 5428 1603 5480 ἐκ
1628 5429 1727 5498 τῆς

151 5518 331 5580 οὐσίας
382 5517 713 5587 γεννηθέντα
772 5518 866 5571 τοῦ
910 5516 1047 5569 Θεοῦ
1112 5519 1209 5572 καὶ
1242 5520 1472 5591 Πατρὸς,
1502 5521 1602 5591 τὴν
1626 5520 1722 5574 τοῦ

152 5608 281 5662 θεοῦ
310 5609 641 5681 χαρίσασθαι
660 5610 839 5676 δόξαν,
858 5609 891 5679 ἢ
911 5608 1005 5663 καὶ
1030 5610 1198 5680 φάναι
1216 5611 1474 5667 δύνασθαί
1507 5629 1633 5667 ποτε
1662 5612 1724 5665 τὸ

221 5800 267 5831 τ’
316 5798 473 5856 loan.
508 5815 563 5867 ι,
601 5800 689 5855 50.
775 5801 815 5832 "
843 5797 998 5857 Joan.
1048 5812 1160 5865 xiv,
1204 5797 1255 5852 9.

1826 4609 2143 4666 repugnans
2168 4596 2539 4666 propositum.
2578 4593 2683 4649 Sed
2715 4602 2774 4646 ut
2807 4607 2930 4646 vere
2964 4587 3171 4655 Filius,
3214 4606 3280 4645 ex
3312 4590 3407 4645 Dei

1829 4703 1892 4744 ac
1929 4688 2108 4744 Patris
2140 4688 2446 4744 substantia
2482 4686 2745 4741 ineﬁ‘ahili
2777 4694 2829 4740 et
2864 4682 3410 4753 incomprehensibili

1831 4782 2044 4837 ratione
2079 4782 2336 4852 genitus,
2372 4780 2664 4836 character
2696 4786 2779 4833 est
2811 4776 2935 4847 ejus
2956 4815 2970 4837 ,
3008 4784 3062 4831 et
3103 4776 3284 4845 imago
3305 4816 3320 4838 ,
3353 4784 3411 4831 et

1831 4873 2113 4944 splendor,
2148 4874 2540 4943 proprietatem
2576 4869 2907 4927 substantia
2938 4869 3059 4937 ejus
3093 4868 3185 4937 qui
3218 4868 3412 4937 genuit

1833 4966 2013 5036 ipsum
2034 5007 2051 5033 ,
2076 4974 2129 5020 et
2153 4965 2487 5019 naturalium
2516 4964 3002 5033 pnerogativarum
3031 4960 3200 5015 decus
3228 4960 3284 5014 in
3310 4975 3413 5014 sua

1833 5056 2019 5112 ferens
2073 5066 2293 5111 natura.
2334 5055 2447 5111 Nec
2476 5056 2624 5109 enim
2659 5062 2721 5108 ut
2756 5052 2870 5114 illi,
2905 5059 3016 5105 tam
3052 5050 3262 5120 stupidi
3297 5050 3413 5104 eri-

1832 5163 1987 5211 mus,
2023 5156 2120 5201 aut
2161 5163 2229 5201 eo
2284 5146 2488 5201 luroris
2537 5146 2880 5209 delabemur,
2916 5150 2974 5197 ut
3003 5158 3128 5198 eum
3159 5143 3253 5212 qui
3299 5157 3415 5196 non

1830 5241 2032 5296 similis
2066 5241 2137 5296 sit
2169 5240 2278 5296 Deo
2310 5241 2612 5296 secundum
2647 5245 2926 5301 naturam,
2961 5236 3166 5307 quippe
3197 5250 3306 5289 non
3339 5235 3413 5291 sit

1828 5347 1896 5387 ex
1935 5331 2027 5387 Dei
2074 5348 2139 5388 ac
2183 5333 2368 5388 Patris
2420 5332 2739 5387 substantia
2784 5332 3043 5401 genitus,
3090 5328 3183 5385 Dei
3237 5328 3414 5399 gloria

1830 5424 2123 5494 praditum
2160 5439 2287 5478 esse
2319 5422 2571 5479 dicamus
2596 5463 2611 5487 ,
2646 5431 2741 5477 aut
2774 5438 2902 5478 eum
2933 5422 3027 5491 qui
3072 5419 3256 5475 factus
3298 5420 3409 5481 sit,

1831 5527 1886 5575 et
1914 5534 1946 5573 e
1980 5516 2159 5571 nihilo
2190 5516 2255 5570 ad
2288 5530 2413 5571 esse
2438 5516 2782 5588 productus,
2816 5514 3061 5569 divinam
3107 5513 3163 5567 in
3203 5526 3263 5567 se
3295 5512 3412 5565 vir-

1834 5619 2006 5665 tutem
2040 5615 2097 5664 et
2127 5609 2459 5679 sapientiam
2493 5608 2660 5665 simili
2698 5622 2795 5679 per
2825 5605 3010 5663 omnia
3044 5604 3207 5659 modo
3235 5601 3413 5658 habe-
