4096 6502
662 335 772 396 135

1660 344 2022 401 S.CYRILL1
2055 343 2527 399 ALEXANDIllNi
2556 342 2873 400 ARCHIEP.

3850 350 3969 407 196

660 472 758 526 re,
787 458 1066 531 talemque
1093 474 1217 517 esse
1237 502 1251 525 ,
1289 462 1474 532 qualis
1505 461 1694 516 divina
1726 471 1781 517 et
1808 463 2105 518 inetiabilis
2149 462 2242 517 Dei

2355 462 2728 534 πεποιημένον
2756 463 2915 525 ὅλως,
2946 462 3041 515 κα)⁸
3084 461 3144 515 τὸ
3176 461 3235 528 ἐξ
3265 463 3367 516 οὐκ
3398 462 3570 519 ὄντων
3605 466 3687 529 εἰς
3713 465 3786 519 τὸ
3815 462 3968 522 εἶναι

658 546 850 606 Patris
879 557 1076 606 natura
1110 561 1430 609 censeatur.
1465 552 1606 619 Quid
1636 554 1782 607 enim
1814 562 2129 608 creaturam
2168 554 2251 606 ul-

662 644 752 690 tra
781 636 852 692 ab
880 640 1073 708 opifice
1100 640 1502 712 distingueret,
1534 649 1629 695 aut
1663 643 1795 713 quid
1828 658 2091 713 separare
2124 657 2250 712 pos-

664 735 757 783 set
815 729 1107 787 identitate
1154 733 1480 788 substantiae
1528 742 1840 789 creaturam
1890 735 1961 789 "ab
2008 734 2252 804 opifice?

663 817 803 873 Nam
838 821 886 875 si
926 822 1159 891 gloriam
1193 837 1258 877 ac
1286 823 1580 887 virtutem,
1634 824 1868 895 ejusque
1919 823 2249 894 sapientiam

665 912 859 969 eodem
893 916 1120 970 omnino
1153 916 1317 971 modo
1348 932 1459 987 quo
1513 916 1657 973 Deus
1713 933 1779 974 ac
1836 917 2001 973 Pater
2054 917 2249 981 habet,

664 1006 801 1078 quid
845 1008 1023 1077 majus
1054 1010 1126 1063 sit
1156 1009 1209 1063 in
1241 1008 1441 1077 Patre,
1478 1020 1573 1067 aut
1606 1012 1741 1083 qttid
1789 1013 1913 1084 plus
1954 1014 2253 1069 habiturus

664 1115 827 1170 quam
862 1116 963 1155 nos
1013 1110 1109 1155 aut
1140 1110 1397 1159 creatura
1422 1145 1436 1169 ,
1474 1120 1575 1176 ego
1602 1104 1832 1176 quidem
1869 1106 2059 1161 dicere
2092 1120 2247 1175 pror-

663 1207 761 1247 sus
795 1208 1009 1261 nequeo
1033 1234 1048 1257 ,
1076 1195 1172 1249 sed
1204 1197 1293 1251 hic
1328 1198 1577 1255 hmsnros
1609 1200 1776 1253 etiam
1808 1198 1937 1253 illos
1968 1199 2248 1270 suspicor.

662 1285 1008 1355 Quapropter
1042 1303 1155 1342 non
1188 1291 1440 1345 externis
1477 1290 1857 1362 dignitatibus
1887 1291 2059 1347 Filius
2092 1291 2252 1346 nobis

662 1378 729 1431 ad
758 1376 953 1433 Patris
997 1382 1377 1451 a-qnalitatem
1414 1382 1710 1448 formatur,
1763 1400 1947 1454 neque
1999 1384 2148 1439 velut
2196 1384 2251 1437 in

661 1471 850 1526 tabula
882 1476 1141 1543 quapiam
1174 1476 1320 1546 regis
1348 1480 1587 1547 speciem
1619 1494 1682 1533 ac
1717 1478 1951 1533 formam
1988 1479 2254 1533 mentitur

664 1566 781 1620 sola
818 1567 1066 1621 colorum
1100 1569 1368 1625 varietate
1406 1570 1701 1641 depictus,
1739 1572 1837 1627 sed
1878 1576 2170 1626 character
2199 1579 2253 1626 et

663 1656 848 1729 imago
877 1674 1065 1715 revera
1099 1662 1367 1731 genitoris
1396 1672 1500 1729 est,
1531 1664 1582 1716 in
1616 1664 1858 1733 propriis
1882 1679 1947 1718 ac
1983 1664 2252 1717 naturali-

661 1748 768 1803 bus
784 1749 942 1806 bonis
972 1750 1152 1807 Patris
1172 1762 1423 1808 naturam
1460 1756 1845 1812 manifestans.
1877 1756 2085 1811 Idcirco
2105 1757 2249 1811 enim

2354 555 2709 625 παρενεχθὲν,
2773 554 2872 625 τὴν
2925 552 3074 607 θείαν
3123 555 3562 625 ἀπαραλλάκτως
3599 558 3847 630 φορέσαι
3880 558 3971 614 δύ-

2352 666 2539 720 ναμιν,
2577 648 2672 701 καὶ
2699 648 2908 716 σοφίαν,
2941 646 3085 717 ἔχειν
3108 647 3163 700 δέ
3192 646 3367 711 οὕτως
3386 649 3461 712 ὡς
3490 649 3557 703 ἂν
3584 653 3769 704 νοοῖτο
3793 650 3968 721 τυχὸν

2351 744 2386 812 ή
2422 741 2542 793 θεία
2603 757 2665 792 τε
2714 740 2807 793 καὶ
2852 740 3092 811 ἄρῤητος
3123 739 3218 792 τοῦ
3245 740 3381 794 Θεοῦ
3419 742 3636 813 Πατρὸς
3665 742 3869 812 φύσις.
3897 745 3967 797 Τί

2351 833 2462 905 γὰρ
2490 832 2556 887 ἂν
2585 832 2671 902 εἴη
2702 831 2764 884 τὸ
2791 831 3169 903 παραλλάττον
3197 832 3277 885 ἐτι
3314 833 3541 904 ποιητοῦ
3577 836 3673 887 καί
3695 836 3843 907 ποιή
3854 854 3963 904 μα-

2352 942 2475 990 τος;
2502 925 2535 995 ἢ
2566 925 2620 979 τί
2647 926 2707 977 τδ
2737 922 3071 994 μεσολαϐοῦν
3100 924 3195 977 καὶ
3224 924 3476 994 διακόψαι
3510 926 3826 997 δυνάμενον
3862 928 3965 996 τῆς

2352 1016 2683 1087 ταυτότητος
2711 1016 2811 1087 τῆς
2838 1018 2895 1069 ἐν
2934 1014 3095 1086 οὒσίᾳ
3120 1016 3285 1085 φημὶ.
3316 1016 3377 1068 τὸ
3422 1018 3645 1086 γεγονὸς
3690 1018 3801 1072 τοῦ
3837 1020 3966 1072 κτί-

2357 1126 2589 1175 σαντος;
2621 1109 2686 1161 Εἰ
2714 1108 2823 1179 γάρ
2878 1106 3014 1171 ὅλως
3042 1106 3275 1177 ἕχειτήν
3308 1124 3368 1159 τε
3419 1107 3578 1171 δόξαν
3605 1110 3697 1162 καὶ
3719 1107 3838 1178 τὴν
3872 1108 3966 1161 δύο

2354 1219 2543 1272 ναμιν,
2574 1202 2668 1255 καὶ
2686 1200 2784 1270 τὴν
2837 1199 3029 1267 σοφίαν
3057 1199 3244 1264 αὑτοῦ,
3287 1200 3429 1254 κατὰ
3462 1200 3554 1253 τὸν
3591 1202 3703 1254 ἴσον
3739 1201 3967 1271 τρόπον

2353 1294 2433 1365 τῷ
2460 1294 2580 1364 Θεῷ
2634 1294 2727 1347 καὶ
2782 1292 2976 1362 Πατρί,
3011 1292 3065 1344 τί
3094 1294 3156 1346 τὸ
3202 1293 3387 1364 μεῖζον
3425 1294 3483 1346 ἐν
3508 1293 3677 1364 αύτῷ,
3710 1296 3771 1347 τί
3806 1294 3872 1346 δὲ
3907 1294 3967 1345 τὸ

2356 1386 2518 1439 πλέον
2548 1386 2659 1450 ἕξει
2699 1385 2828 1455 παρ’
2872 1385 3041 1454 ἡμᾶς,
3075 1384 3194 1453 ήτοι
3241 1384 3342 1453 τήν
3364 1384 3565 1448 κτίσιν,
3590 1384 3698 1452 ἐγὼ
3733 1385 3856 1454 μὲν
3884 1387 3967 1436 εξ-

2356 1479 2479 1530 πεῖν
2500 1477 2600 1529 ούκ
2628 1475 2695 1528 ἂν
2734 1474 2915 1545 ἔχοιμι
2936 1474 3239 1537 παντελῶς,
3269 1473 3571 1545 ἀπορήσειν
3608 1474 3664 1527 δὲ
3693 1474 3965 1543 ὑπολαμ-

2358 1566 2507 1621 6άνω
2537 1566 2849 1629 κάκείνους.
2876 1562 3087 1617 Οὐκοῦν
3118 1565 3180 1617 οὐ
3213 1566 3326 1627 τοῖς
3355 1564 3553 1629 ἔξωθεν
3584 1564 3966 1635 ἀξιώμασινὸ

2360 1660 2485 1723 Υἱὸς
2513 1661 2643 1729 ήμῖν
2677 1660 2756 1722 εἰς
2773 1658 2870 1729 τὴν
2890 1658 2987 1711 τοῦ
3023 1656 3239 1728 Πατρὸς
3269 1657 3490 1725 ἰσότητα
3522 1654 3962 1726 σχηματίζεται,

2359 1754 2454 1805 καὶ
2490 1755 2553 1805 οὐ
2601 1749 2849 1820 καθάπερ
2895 1766 2980 1812 τις
3008 1750 3064 1802 ἐν
3097 1747 3326 1812 πίνακος
3347 1750 3555 1819 γραφῇ,
3598 1749 3796 1818 μόναις
3821 1750 3965 1818 ήμίν

662 1842 780 1896 fieri
813 1859 919 1896 non
957 1859 1119 1914 posse
1164 1846 1242 1899 ait
1305 1855 1364 1899 ut
1398 1847 1619 1917 quidam
1656 1859 1965 1919 agnoscant
1999 1848 2243 1913 Patrem,

2356 1847 2480 1907 ταῖς
2515 1844 2624 1896 τῶν
2652 1842 2964 1914 χρωμάτων
3001 1841 3164 1904 ἰδέαις
3196 1841 3699 1907 καταποικίλλεται,
3719 1841 3834 1913 τὴν
3862 1841 3961 1895 τοῦ

662 1930 755 1994 qui
804 1946 895 1994 se,
940 1932 993 1986 id
1027 1943 1111 1988 est
1147 1933 1366 1998 Filium,
1402 1952 1510 1991 non
1548 1945 1672 1991 ante
1701 1940 2081 2008 cognoverint.

2369 1934 2632 2005 βασιλέως
2676 1931 3043 2001 πλαττόμενός
3093 1948 3153 1984 τε
3207 1932 3303 1984 καὶ
3342 1930 3668 2001 ψευδόμενος
3702 1930 3959 1999 μορφὴν,

566 2026 575 2036 ’
662 2023 779 2075 ἀλλ’
810 2022 927 2077 ἔστι
980 2026 1268 2097 χαρακτὴρ
1297 2028 1391 2079 καὶ
1430 2028 1596 2081 εἰκὼν
1628 2029 1847 2100 άληθῶς
1914 2031 2008 2085 τοῦ
2076 2030 2327 2093 τεκόντος
2366 2027 2546 2092 αὑτὸν,
2587 2027 2646 2078 ἐν
2674 2026 2824 2089 ἰδίοις
2843 2026 2937 2079 καί
2968 2022 3451 2093 φυσικοίςάγαθοῖς
3482 2022 3579 2091 τὴν
3604 2020 3695 2075 τοῦ
3730 2022 3959 2091 Πατρὸς

660 2118 824 2185 φύσιν
880 2117 1097 2186 ἐμφανῆ
1157 2118 1444 2181 καθιστάς.
1501 2120 1599 2173 Διὰ
1641 2121 1801 2175 τοῦτο
1832 2122 1939 2194 γὰρ
1965 2123 2250 2193 ἀμήχανον
2284 2115 2427 2174 εἷναί
2457 2135 2622 2190 φησιν
2644 2117 2942 2185 ὲπιγνῶναί
2980 2133 3087 2169 τισι
3128 2116 3219 2169 τὸν
3258 2114 3502 2185 Πατέρα,
3570 2115 3693 2183 οὐχὶ
3753 2114 3960 2185 πρότέ

664 2224 755 2279 ρον
782 2209 1150 2276 ἐπεγνωκόσιν
1178 2210 1362 2274 αὑτὸν,
1392 2210 1534 2264 τοῦτ’
1561 2212 1697 2278 ἔστι,
1729 2216 1821 2267 τὸν
1856 2215 2000 2268 Υίόν.

735 2298 871 2364 XIV,
908 2301 959 2354 l.
998 2298 1067 2354 Et
1123 2304 1315 2357 amodo
1360 2306 1680 2375 cognoscitis
1743 2323 1885 2373 eum,
1941 2317 1990 2360 et
2032 2306 2244 2360 vidistis

662 2408 801 2446 eum.

733 2482 925 2553 Opera:
959 2484 1194 2553 pretium
1230 2495 1317 2541 est
1368 2486 1535 2557 hujus
1569 2503 1789 2558 quoque
1847 2490 2125 2543 sermonis
2158 2502 2250 2541 or-

661 2573 844 2629 dinent
878 2585 931 2630 et
963 2576 1302 2632 ineﬂ'abilem
1358 2578 1782 2650 dispositionem
1842 2580 2051 2634 mirari.
2087 2578 2249 2633 Post~

659 2685 826 2740 quam
879 2672 1026 2725 enim
1062 2671 1241 2725 dixit:
1293 2690 1313 2725 ι
1357 2672 1414 2727 Si
1463 2674 1869 2742 cognovissetis
1921 2689 2025 2735 me,
2065 2682 2117 2728 et
2144 2674 2247 2728 Pa-

659 2770 802 2817 trem
842 2779 1021 2817 meum
1080 2764 1272 2835 utique
1318 2766 1745 2836 cognovissetis,
1802 2785 1820 2818 ι
1878 2782 2003 2820 cum
2060 2781 2244 2820 rerum

660 2862 771 2908 tam
804 2856 1246 2909 necessariarum
1293 2856 1663 2928 ignorantiam
1697 2852 2036 2928 exprobrare
2086 2857 2247 2912 disci-

658 2945 808 3016 pulis
841 2944 1183 3009 crederetur,
1226 2946 1530 3002 remedium
1563 2948 1749 3002 statim
1789 2948 1974 3002 attulit
2006 2947 2239 3002 dicens:

667 3056 687 3090 ι
726 3038 940 3092 Amodo
968 3040 1307 3110 cognoscitis
1334 3056 1481 3106 eum,
1516 3051 1567 3095 et
1609 3041 1828 3096 vidistis
1853 3056 1999 3095 eum.
2040 3059 2059 3092 ι
2105 3038 2240 3093 Nam

661 3130 791 3199 quia
852 3128 1225 3187 Ecclesiarum
1294 3148 1392 3203 per
1443 3134 1762 3187 universum
1821 3132 2010 3187 orbem
2072 3132 2241 3187 futuri

2419 2298 2530 2353 Kal
2592 2297 2813 2367 ἁπάρτι
2879 2297 3205 2367 γινώσκετε
3246 2299 3455 2365 αὑτὸν,
3499 2300 3595 2353 καί
3643 2300 3957 2368 ἑωράκατε

2346 2393 2557 2446 αὐτόν.

2421 2483 2609 2550 Ἀξιον
2640 2477 2792 2553 οἶμαι
2820 2481 3125 2552 θαυμάσαι,
3181 2482 3277 2536 καὶ
3328 2481 3441 2554 [Ion
3476 2484 3603 2556 κὰν]
3637 2484 3822 2557 τούτῳ
3856 2486 3958 2559 τὴν

2347 2575 2574 2630 ἐνοῦσαν
2594 2575 2673 2645 τῷ
2724 2574 2868 2645 λόγῳ
2909 2575 3227 2646 διασκευὴν,
3256 2576 3350 2628 καὶ
3397 2577 3709 2648 ἀπόρρητον
3737 2581 3958 2631 οἰκονο-

2357 2670 2506 2740 μίαν.
2542 2668 2795 2739 Είρηκὼς
2820 2670 2949 2738 γὰρ,
2979 2669 3060 2722 ὅτι
3098 2688 3116 2721 ε
3160 2670 3222 2722 Εἰ
3273 2668 3565 2737 ἐγνώκειτέ
3600 2688 3691 2740 με,
3733 2672 3841 2725 καὶ
3865 2674 3957 2725 τὸν

2354 2762 2575 2832 Πατέρα
2638 2760 2703 2813 ἂν
2753 2760 2957 2832 ᾔδειτε,
3004 2780 3021 2811 ι
3068 2762 3164 2814 καὶ
3195 2762 3475 2832 νομισθεὶς
3526 2764 3781 2831 ἐγκαλεῖν
3840 2768 3956 2829 τοῖς

2356 2850 2626 2922 μαθηταῖς
2659 2850 2767 2903 τῶν
2800 2850 2976 2914 οὓτως
3015 2851 3333 2921 ἀναγκαίων
3380 2854 3479 2924 τὴν
3510 2854 3751 2923 ἱγνοιαν,
3789 2857 3956 2911 τεθε-

2357 2944 2631 3014 ράπευκεν
2680 2941 2884 3005 εὐθύς·
2942 2963 2959 2994 ‹
3011 2943 3269 3013 Ἀπάρτι,
3329 2944 3472 3012 λέγω
3527 2944 3640 3017 [πρ.
3698 2946 3951 3021 λέγων],

2352 3035 2649 3105 γινώσκετε
2682 3036 2865 3098 αὑτὸν,
2888 3035 2981 3087 καὶ
3010 3034 3292 3105 ἑωράκατε
3318 3036 3497 3092 αὐτόν.
3516 3058 3533 3089 ι
3581 3039 3806 3110 Ἐπειδὴ
3838 3042 3952 3110 γὰρ

2353 3125 2610 3196 ἐμελλλον
2636 3125 2745 3179 τῶν
2768 3124 3113 3194 ἁπανταχόσε
3142 3125 3411 3195 κειμένων
3441 3127 3775 3196 Ἐκκλησιῶν
3804 3129 3949 3195 ἠγε-

659 3228 818 3277 erant
846 3221 1146 3293 prtepssiti,
1182 3238 1307 3277 cum
1337 3222 1405 3277 ab
1427 3237 1494 3277 eo
1525 3222 1817 3279 audissent
1844 3221 1979 3276 illud
2008 3242 2021 3278 :
2049 3240 2068 3275 ι
2096 3221 2243 3276 Eun-

2355 3218 2513 3288 μόνες
2541 3216 2780 3281 ἔσεσθαι,
2805 3216 2935 3287 παρ’
2972 3214 3139 3268 αὑτοῦ
3170 3212 3261 3268 τοῦ
3291 3216 3543 3287 Σωτῆρος
3570 3217 3936 3282 ἀκούσαντες,

660 3320 746 3367 tes
775 3310 969 3368 docete
1000 3327 1194 3368 omnes
1214 3321 1405 3384 gentes
1429 3312 1534 3378 “,t
1567 3313 1731 3377 hanc,
1770 3314 1991 3385 opinor,
2022 3313 2248 3384 potissi-

660 3420 811 3461 mum
840 3404 911 3460 ob
959 3419 1209 3470 causam,
1247 3420 1375 3459 cum
1412 3405 1623 3460 utiliter
1651 3406 1813 3475 772
1872 3406 2031 3477 prius
2061 3414 2249 3463 osten-

659 3497 857 3560 disset,
883 3510 944 3549 ac
980 3496 1293 3565 generalem
1318 3496 1388 3551 de
1414 3496 1675 3551 omnibus
1697 3496 2109 3566 quodammodo
2137 3512 2250 3554 ser-

662 3602 879 3642 monem
907 3585 1150 3651 fecisset,
1183 3602 1380 3658 nempe
1404 3588 1629 3658 quodsi
1654 3587 1781 3657 quis
1809 3596 1997 3643 nosset
2023 3587 2243 3656 Filium,

658 3683 714 3731 et
733 3690 857 3731 eum
892 3677 1081 3747 utique
1108 3693 1173 3731 ex
1211 3692 1323 3748 quo
1359 3686 1445 3733 est
1478 3676 1695 3733 Patrem
1726 3692 1793 3732 ac
1829 3677 1999 3733 Deum
2031 3680 2248 3752 agnitu-

659 3782 756 3823 rus
786 3769 879 3834 sit,
916 3770 1033 3825 suis
1067 3770 1357 3839 discipulis
1417 3770 1791 3840 cognitionem
1838 3772 2053 3838 tribuit,
2091 3772 2245 3826 utili-

660 3871 747 3917 ter
774 3862 1022 3933 quidem,
1075 3877 1183 3917 non
1221 3861 1290 3914 ad
1343 3862 1619 3933 gratiam:
1677 3877 1778 3918 nec
1832 3865 1978 3918 enim
2038 3864 2245 3934 aliquid

660 3949 789 4005 falsi
852 3965 1087 4020 usquam
1147 3950 1389 4016 dixerit;
1428 3948 1523 4005 sed
1582 3957 1640 4003 ut
1678 3951 1772 4020 qui
1826 3952 2005 4006 sciant
2061 3952 2246 4023 reipsa

662 4053 826 4112 atque
850 4050 1211 4112 cognoscant.
1244 4042 1375 4096 Illos
1398 4045 1547 4098 enim
1583 4043 1747 4097 etiam
1794 4043 2103 4099 credidisse
2139 4043 2244 4098 Do-

660 4137 872 4190 ntintln
904 4151 1029 4189 vere
1059 4150 1183 4190 esse
1225 4135 1319 4191 Dei
1349 4134 1570 4200 Filium,
1632 4151 1976 4206 nequaquam
2010 4136 2241 4190 dubium

660 4239 745 4288 cst
774 4238 926 4286 recte
955 4227 1350 4284 sentientibus.
1387 4227 1605 4298 Alioqui
1631 4228 1910 4298 quomodo
1940 4227 2243 4282 Nathanael

661 4326 754 4379 ille
802 4322 1051 4379 Israelita
1097 4320 1263 4377 simul
1307 4335 1371 4374 ac
1426 4321 1708 4375 audisset:
1748 4338 1766 4371 ι
1828 4319 2156 4391 Priusquam
2191 4329 2243 4375 te

658 4416 948 4486 Philippus
980 4421 1228 4478 vocaret,
1251 4428 1375 4468 cum
1399 4428 1551 4468 esses
1584 4413 1689 4467 sub
1714 4414 1843 4477 ticu,
1877 4414 1985 4468 vidi
2019 4421 2106 4480 te;
2141 4433 2159 4465 ι
2180 4414 2242 4467 fi-

659 4506 747 4562 dei
780 4503 1191 4560 confessionem
1247 4500 1433 4555 statim
1471 4500 1680 4565 intulit,
1713 4498 1946 4554 dicens:
1986 4517 2004 4550 ι
2043 4499 2237 4563 Habbi,

2351 3310 2434 3375 τὸ,
2480 3329 2499 3361 ι
2538 3308 2902 3380 Πορευθέντες
2954 3306 3338 3379 μαθητεύσατε
3394 3309 3571 3361 πάντα
3603 3308 3672 3362 τὰ
3724 3310 3884 3380 ἔθνη,
3924 3332 3943 3362 ο

2348 3402 2438 3456 διὰ
2465 3402 2691 3471 ταύτην,
2713 3400 2790 3463 ὼς
2832 3393 3066 3470 ἐγῷμαι,
3098 3398 3336 3471 μάλιστα
3359 3399 3456 3471 τὴν
3488 3400 3666 3452 αἰτίαν
3693 3418 3948 3473 προαπο-

2347 3493 2528 3559 δείξας
2581 3491 2889 3564 χρησίμως,
2945 3492 3040 3544 καὶ
3089 3490 3268 3544 κοινὸν
3327 3489 3516 3560 ὥσπερ
3560 3492 3640 3553 εἰς
3694 3492 3947 3557 ἃπαντας

2348 3586 2715 3657 ποιησάμενος
2746 3584 2923 3652 λόγον,
2963 3584 3040 3647 ὡς
3072 3585 3221 3647 εἴτις
3249 3583 3414 3653 εἰδείη
3433 3583 3524 3636 τὸν
3558 3585 3703 3650 Υίδν,
3734 3585 3941 3640 εἴσεται

2346 3679 2517 3750 δήπου
2548 3678 2769 3742 πάντως
2829 3678 2925 3731 καί⁸
2962 3676 3055 3731 τὸν
3102 3677 3163 3742 ἐξ
3206 3672 3378 3749 οὗπερ
3427 3677 3547 3731 ἐστὶ
3595 3679 3816 3749 Πατέρα
3848 3682 3941 3733 καὶ

2346 3774 2499 3836 Θεὸν,
2531 3774 2900 3844 ἐπιμαρτυρεί
2961 3772 3250 3843 χρησίμως
3282 3775 3391 3836 τοῖς
3436 3772 3636 3828 ἑαυτοῦ
3670 3772 3939 3843 μαθηταῖς

2346 3864 2444 3935 τὴν
2465 3863 2764 3929 ἐπίγνωσιν
2789 3862 2850 3914 οὐ
2879 3860 3292 3931 κεχαρισμένως
3317 3878 3330 3894 ο
3356 3862 3417 3914 οὐ
3447 3862 3557 3934 γάρ
3590 3862 3658 3915 ἂν
3681 3860 3937 3931 φθέγξαι-

2346 3954 2407 4007 τό
2447 3971 2502 4007 τι
2554 3953 2663 4006 τῶν
2702 3953 2802 4006 οὐκ
2846 3951 3099 4023 ἀληθῶν*
3148 3952 3264 4005 ἀλλ’
3311 3953 3479 4018 ὅντως
3523 3955 3691 4008 εἰδόσι
3736 3972 3796 4008 τε
3843 3956 3934 4008 καί

2347 4044 2735 4113 ἐπεγνωκόσιν.
2770 4044 2893 4097 Ὅτι
2936 4044 3047 4114 γάρ
3078 4043 3207 4096 Υίὸν
3252 4044 3468 4115 άληθῶς
3515 4042 3654 4099 εἶναι
3681 4044 3777 4097 τοῦ
3799 4044 3929 4098 Θεοῦ

2344 4139 2436 4191 τὸν
2459 4137 2720 4209 οΚύριον,
2776 4137 2871 4190 καὶ
2928 4136 3412 4203 πεπιστεύκεισαν,
3469 4138 3771 4209 οὐδαμόθεν
3815 4138 3929 4191 ἐστί⁸

2344 4233 2455 4294 τοῖς
2491 4226 2549 4283 εὖ
2587 4228 2875 4300 φρονοῦσιν
2912 4228 3234 4299 ἀμφίϐολον.
3284 4231 3437 4283 Ἐπεὶ
3474 4231 3616 4284 κατὰ
3652 4231 3776 4283 τίνα
3810 4232 3928 4301 τρό-

2343 4340 2445 4377 πον
2469 4321 2761 4392 Ναθαναὴλ
2797 4322 2826 4373 ὁ
2872 4320 3214 4391 Ὶσραηλίτης
3246 4321 3490 4385 ἀκούσας
3512 4339 3525 4351 ·
3561 4341 3579 4373 ι
3614 4323 3731 4392 Πρὸ
3750 4322 3845 4376 τοῦ
3869 4339 3924 4375 σε

2341 4416 2613 4469 Φίλιππον
2636 4413 2887 4477 καλέσαι,
2947 4412 3077 4465 ὄντα
3119 4412 3226 4465 ὑπὸ
3255 4414 3355 4484 τήν
3398 4417 3569 4485 συκῆν
3615 4410 3757 4467 εἶδόν
3788 4431 3867 4480 σε,
3902 4433 3919 4465 ι

2345 4506 2688 4577 παραχρῆμα
2717 4506 2817 4575 τῆς
2841 4505 3080 4568 πίστεως
3121 4505 3223 4575 τὴν
3264 4505 3554 4575 ὁμολογίαν
3584 4508 3925 4576 είσκεκόμικε

660 4610 716 4654 tn
751 4615 811 4654 es
856 4596 1031 4652 Filius
1079 4596 1195 4660 Dei,
1245 4602 1302 4647 tu
1340 4608 1401 4648 es
1432 4608 1523 4647 rex
1556 4594 1816 4648 Israel".
1877 4612 1895 4645 ι
1929 4591 2238 4657 Quinetiam

2352 4599 2516 4667 λέγων
2536 4615 2549 4627 ·
2594 4617 2610 4648 ι
2661 4596 2875 4660 Ῥαὸϐὶ,
2907 4597 2973 4649 σὺ
2999 4592 3050 4649 εἰ
3072 4599 3101 4650 ὁ
3138 4597 3265 4660 Υίὺς
3289 4597 3385 4650 τοῦ
3416 4596 3575 4660 Θεοῦ,
3610 4600 3674 4651 σὺ
3703 4595 3753 4650 εἷ
3779 4600 3806 4650 ὁ
3834 4598 3925 4668 βα-

658 4690 896 4746 mirabili
926 4688 1268 4745 etinusitata
1295 4685 1509 4738 ratione
1541 4683 1678 4737 mari
1708 4690 1924 4753 pacato,
1958 4680 2237 4753 quomodo

658 4801 786 4840 eum
840 4782 1148 4837 adorabant
1183 4779 1275 4849 qui
1331 4778 1385 4832 in
1440 4776 1646 4846 scapha
1707 4783 1890 4839 erant,
1951 4775 2233 4829 dicentes:

663 4891 681 4922 ε
725 4870 869 4927 Vere
909 4870 1083 4925 Filius
1138 4869 1229 4923 Dei
1278 4883 1338 4922 es
1360 4867 1429 4920 ⁷⁸.
1482 4886 1500 4918 ι
1555 4866 1636 4920 Αη
1690 4882 1822 4935 ergo
1866 4864 2233 4935 ignorantium

661 4962 842 5033 ipsum
873 4977 997 5016 esse
1037 4961 1227 5025 Deum,
1258 4968 1313 5013 et
1346 4973 1410 5013 ex
1464 4956 1572 5012 Deo
1602 4957 1759 5011 Patre
1792 4960 2033 5027 genitum
2091 4957 2237 5011 hunc

660 5069 971 5109 sermonem
1004 5052 1299 5122 quisquam
1334 5067 1461 5107 esse
1492 5051 1682 5105 dicet?
1713 5051 1781 5104 At
1818 5049 2094 5120 quomodo
2124 5064 2232 5102 non

660 5150 890 5203 insanus
927 5147 1019 5201 ille
1058 5144 1543 5216 deprehendetur?
1583 5144 1689 5210 Qui
1725 5145 1875 5199 circa
1914 5151 2096 5213 partes
2118 5142 2235 5197 Cte-

662 5254 833 5295 sareze
871 5237 1113 5307 Philippi
1166 5237 1480 5308 interrogati
1532 5244 1662 5291 sunt
1707 5236 1778 5290 ab
1817 5237 1937 5305 ipso
1972 5233 2231 5289 Christo:

667 5350 686 5382 ο
717 5330 892 5396 Quem
922 5329 1115 5383 dicunt
1159 5330 1409 5383 homines
1437 5343 1562 5382 esse
1592 5326 1791 5380 Filium
1830 5327 2152 5391 hominis",
2212 5345 2230 5378 I

662 5421 912 5491 nunquid
980 5421 1219 5491 primum
1289 5422 1507 5490 quidem
1571 5420 1806 5473 aliorum
1882 5421 2236 5490 conjecturas

664 5512 1037 5584 proferebant?
1086 5514 1193 5567 Alii
1233 5514 1411 5576 enim,
1445 5512 1724 5582 inquiunt,
1763 5512 1937 5566 Eliam
1985 5527 2109 5568 esse
2138 5529 2237 5583 pu-

666 5612 806 5669 tant,
832 5605 921 5659 alii
947 5603 1258 5671 Jcremiam,
1292 5614 1384 5660 aut
1413 5620 1581 5660 unum
1619 5620 1686 5660 ex
1720 5606 2025 5676 prophetis.
2060 5605 2236 5671 Quem

737 5785 783 5817 "
816 5784 1011 5843 Matth.
1045 5803 1239 5858 xxvnt,
1278 5792 1365 5847 l9.
1436 5795 1483 5824 ⁷³
1518 5792 1678 5849 Joan.
1724 5811 1781 5859 ι,
1822 5794 1912 5859 48,
1954 5793 2042 5848 49.
2119 5791 2166 5825 ⁷⁸
2202 5789 2243 5844 Μ

2352 5807 2392 5844 1.
2439 5806 2551 5858 Juv,
2580 5790 2667 5845 55.

2347 4687 2527 4750 σιλεὺς
2576 4685 2672 4740 τοῦ
2732 4688 2971 4759 Ἰσραήλ.
3018 4707 3037 4738 ι
3075 4688 3184 4741 Καὶ
3230 4690 3337 4758 μὴν
3404 4688 3498 4742 καὶ
3539 4688 3815 4760 θαλάσσης
3866 4706 3923 4742 τε

2344 4779 2661 4851 παραδόξως
2719 4780 2813 4832 καὶ
2837 4779 3122 4851 ἀσυνήθως
3170 4780 3645 4852 κατηυνασμένης,
3679 4782 3795 4845 πῶς
3830 4782 3923 4835 αύ-

2342 4872 2433 4924 τὸν
2462 4870 2833 4941 προσεκύνουν
2870 4872 2919 4923 οἱ
2951 4872 3010 4923 ἐν
3040 4870 3118 4942 τῷ
3148 4871 3347 4941 σκάφει
3380 4871 3629 4939 λέγοντες
3651 4886 3663 4899 ’
3700 4889 3719 4922 ι
3773 4872 3923 4941 ’Δλη-

2346 4962 2453 5025 θῶς
2481 4962 2619 5015 Θεοῦ
2682 4962 2805 5026 Υίδς
2827 4958 2896 5017 εἷ.
2928 4981 2946 5014 ι
2975 4960 3100 5036 'Ap’
3155 4959 3269 5029 οῦν,
3302 4964 3402 5017 οὐκ
3457 4963 3677 5016 εἰδότων
3738 4965 3924 5033 ὅτιπερ

2346 5055 2584 5126 ὑπάρχοι
2617 5054 2771 5121 Θεὸς,
2800 5057 2894 5110 καὶ
2942 5059 3001 5110 ἐκ
3045 5056 3179 5110 Θεοῦ
3212 5058 3536 5125 γεγέννηται
3557 5055 3791 5126 Πατρός,
3819 5058 3925 5125 ἐρεῖ

2343 5164 2426 5210 τις
2454 5147 2515 5199 τὸ
2541 5148 2732 5218 pium;
2796 5143 2927 5201 Εἶτα
2972 5148 3091 5209 πῶς
3148 5148 3247 5200 οῦκ
3280 5145 3598 5217 ἀμαθαίνων
3627 5148 3655 5198 ὁ
3692 5146 3925 5209 τοιοῦτος

2346 5238 2649 5305 ἁλώσεται;
2690 5240 2824 5303 Περὶ
2872 5239 2940 5291 τὰ
2974 5238 3114 5308 μέρη
3152 5239 3251 5307 τῆς
3288 5238 3557 5290 Φιλίππου
3592 5238 3923 5308 Καισαρείας

2347 5332 2477 5400 παρ’
2529 5329 2693 5383 αὑτοῦ
2743 5328 3140 5398 διερωτώμενοι
3193 5328 3288 5381 τοῦ
3335 5329 3594 5399 Χριστοῦ,
3637 5348 3654 5377 ι
3693 5329 3829 5385 Τίνα
3857 5346 3921 5399 με

2344 5422 2592 5490 λέγουσιν
2630 5422 2680 5473 οἰ
2706 5420 2982 5490 ἄνθρωποι
3016 5421 3107 5475 τὸν
3139 5422 3264 5473 Υίδν
3289 5421 3383 5474 τοῦ
3406 5422 3733 5493 ἅνθρώπου;
3760 5442 3778 5472 ι
3806 5420 3925 5493 οὐχὶ

2345 5514 2561 5584 πρῶτον
2594 5515 2690 5583 μὲν
2747 5512 2983 5581 ἔφασκον
3032 5512 3131 5576 τὰς
3181 5514 3386 5583 ἐτέρων
3420 5512 3922 5583 ὑπονοίας;υίμέν
4004 5540 4007 5542 >

2345 5606 2475 5674 γὰρ,
2510 5604 2696 5674 φησὶν,
2714 5602 2904 5657 Ἠλίαν
2938 5596 3075 5655 εἶναι
3104 5603 3437 5674 νομίζουσιν,
3471 5605 3520 5657 οἱ
3541 5603 3596 5658 δέ
3628 5601 3915 5674 Ἱερεμίαν,

2744 5790 2789 5821 ⁷⁷
2821 5785 3016 5843 Matth.
3054 5803 3165 5852 xvi,
3191 5787 3277 5845 15.
