4096 6486
233 374 349 431 ³197

1271 358 1337 414 IN
1377 354 1662 415 IOANNIS
1703 345 2155 409 EYANGELIUM
2195 347 2324 404 LIB.
2354 347 2449 401 lx.

3413 345 3520 403 {93

241 488 280 558 ἢ
301 485 405 543 ἕνα
430 483 540 539 τῶν
564 478 882 555 προφητῶν.
907 475 1042 530 Τίνα
1062 474 1117 528 δὲ
1151 471 1402 541 λέγουσιν
1431 471 1585 524 αὐτοὶ⁸
1607 466 1835 558 διαρῤήῖ

1954 469 2122 517 uitem
2145 476 2269 515 eum
2301 474 2426 515 esse
2457 458 2644 513 dicant
2698 457 2822 527 ipsi,
2889 464 3076 529 aperte
3112 437 3351 529 profiteri
3407 476 3518 516 non

240 556 347 652 δην
379 578 554 631 εἰπεῖν
606 574 666 627 οὐ
718 568 1147 641 παραιτούμενοι
1189 565 1257 652 διέ
1299 564 1417 627 ἑνὸς
1441 564 1491 616 oi
1512 563 1713 652 πᾱιντες
1736 556 1830 652 τοῦ

242 648 605 743 προῦχοντος,
663 664 872 732 Πέτρος
926 660 984 714 δὲ
1024 658 1185 720 αὐτὸς
1238 651 1329 727 ἦν,
1375 655 1475 707 οὐκ
1515 648 1833 743 ἐνδοιαστῶς

242 740 461 832 ἔφασαν
486 776 499 789 ο
534 777 552 809 t
584 757 654 810 Σὺ
682 749 732 808 εἴ
762 756 792 807 ό
820 751 1054 824 Χριστὸς
1074 750 1103 802 ὁ
1128 747 1257 811 Υἱὸς
1288 745 1383 800 τοῦ
1412 744 1547 798 Θεοῦ
1573 742 1665 795 τοῦ
1706 740 1837 832 ζῶνέ

237 831 360 919 τος.
402 874 421 906 ι
448 847 685 912 Οὐκοῦν,
740 848 870 900 ὅταν
925 842 1063 917 λέγῃ
1094 839 1361 910 Χριστός·
1399 855 1420 888 ‹
1461 838 1524 890 Εἰ
1558 831 1836 903 ὲγνώκατέ

247 965 342 1017 με.
364 949 455 1000 καὶ
477 945 568 997 τὸν
610 939 830 1008 Πατέρα
871 952 975 1007 μου
1001 933 1067 986 ἂν
1097 932 1296 1003 ᾔδειτε,
1328 949 1351 981 θ
1392 927 1466 999 μὴ
1497 927 1715 989 παντως

242 1014 358 1099 τοῖς
386 1038 496 1098 τοῖς
524 1032 797 1105 μαθηταῖς
821 1025 1103 1096 ὑπολάϐῃς
1147 1021 1398 1094 εἰρῆσθαι
1422 1019 1484 1072 τὸ
1519 1017 1692 1091 ῥῆμα,
1720 1014 1834 1068 ἀλλ’

238 1129 375 1198 ὅρον
396 1126 585 1195 ῶσπερ
640 1121 762 1176 τινὰ
804 1116 1020 1189 γενικὸν
1055 1117 1169 1178 τοῖς
1201 1111 1546 1181 ἁπανταχόσε
1577 1109 1835 1173 ποιεῖται,

241 1218 312 1271 τὸ
335 1218 443 1270 τῶν
476 1216 646 1283 ἁγίων
674 1210 989 1268 ἀποστόλων
1035 1206 1325 1279 πρόσωπον
1350 1201 1639 1274 παραθείς.
1684 1199 1839 1254 Ἐπι-

242 1311 410 1383 τήρει
442 1308 550 1380 γὰρ
574 1308 722 1368 ὅπως
753 1304 1061 1374 εὑρήσομεν
1097 1298 1198 1352 οὐκ
1224 1296 1564 1367 ἠγνοηκότας
1605 1293 1837 1383 αὐτοὺς,

237 1381 332 1456 ὅτι
352 1401 487 1465 Θεός
522 1399 583 1454 τέ
613 1400 751 1461 ἐστι,
774 1394 870 1448 καὶ
906 1392 1035 1455 Υἱὸς
1072 1391 1166 1443 τοῦ
1192 1388 1351 1443 Θεοῦ.
1396 1386 1538 1439 Ἀλλ’
1562 1381 1681 1439 ὁδὸν
1708 1386 1838 1438 ἐαυ-

241 1495 341 1548 τὸν
380 1489 520 1546 εἶναι
565 1491 838 1561 φήσαντος
879 1484 975 1540 τοῦ
1008 1483 1175 1545 Θεοῦ,
1210 1481 1273 1535 τὸ
1310 1478 1728 1550 αἰνιγματωδῶς
1760 1478 1839 1529 εί-

230 1588 451 1659 ,ρῆσθαι
481 1583 670 1640 δοκοῦν
710 1583 783 1637 οὐ
808 1580 1022 1651 σφόδρα
1074 1577 1339 1647 συνῆκαν,
1385 1573 1479 1627 καὶ
1513 1572 1645 1643 περὶ
1680 1569 1841 1624 τοῦτο

1940 554 2129 617 veriti,
2181 568 2277 623 per
2330 567 2499 606 unum
2554 565 2747 606 omnes
2795 565 3033 620 cumque
3085 551 3518 618 praecellentem,

1941 646 2165 701 Petrum
2197 645 2479 709 nimirum,
2526 658 2634 697 non
2679 643 2996 698 dubitanter
3039 641 3336 697 dixerunt:
3378 661 3397 693 ε
3437 641 3522 697 Tu

1942 754 2003 795 es
2053 738 2310 793 Christus
2357 734 2529 791 Filius
2574 734 2669 790 Dei
2707 734 3033 790 viventis".
3067 752 3086 784 ι
3136 736 3349 803 Itaque,
3394 748 3521 787 cum

1944 830 2080 884 dixit
2111 829 2410 884 Christus:
2464 847 2482 878 ‹
2521 826 2581 881 Si
2635 825 3036 899 cognovissetis
3069 840 3177 889 mc,
3214 834 3269 880 et
3305 824 3522 879 Patrem

1944 936 2127 976 meum
2160 918 2585 985 cognovissetis.
2626 938 2645 970 ›
2689 919 2899 973 dictum
2951 917 3005 971 id
3051 932 3176 972 esse
3228 917 3523 987 discipulis

1946 1008 2049 1079 ipsi
2090 1010 2315 1062 omnino
2348 1015 2543 1077 putare
2568 1007 2700 1072 noli,
2725 1008 2818 1063 Sed
2847 1007 2901 1061 in
2929 1006 3181 1076 personis
3204 1016 3524 1061 sanctorum

1947 1101 2324 1170 apostolorum
2383 1100 2717 1170 generaliter
2749 1099 2803 1153 id
2847 1099 3108 1153 omnibus
3147 1097 3360 1153 dictum
3404 1098 3525 1154 exi-

1948 1195 2131 1248 stima.
2156 1193 2394 1249 Adverte
2422 1192 2567 1248 enim
2589 1207 2687 1247 eos
2718 1206 2825 1245 non
2863 1192 3147 1264 ignorasse
3178 1192 3346 1247 Deum
3382 1208 3524 1257 esse,

1949 1282 2155 1354 Deique
2182 1282 2406 1339 Filium.
2440 1282 2544 1337 Sed
2591 1298 2714 1336 cum
2753 1282 2897 1337 Deus
2945 1286 3185 1354 scipsum
3218 1286 3361 1338 viam
3402 1299 3527 1339 esse

1948 1374 2173 1438 dixerit,
2217 1376 2362 1445 quod
2404 1376 2746 1445 aenigmatice
2782 1374 3007 1445 dignum
3046 1376 3340 1431 videbatur
3381 1375 3529 1430 haud

1951 1468 2181 1521 multum
2210 1467 2615 1533 intellexerunt,
2657 1476 2711 1522 et
2754 1468 2805 1521 in
2854 1469 2958 1521 hoc
2998 1468 3117 1522 solo
3140 1484 3330 1522 eorum
3367 1465 3528 1538 igno-

1955 1559 2097 1613 ratio
2148 1570 2425 1615 versatur.
2494 1558 2709 1614 Idcirco
2780 1560 2924 1614 enim
2995 1572 3283 1631 postquam
3338 1562 3528 1629 paucis

234 1650 416 1749 μόνον
436 1677 620 1739 αὐτοῖς
679 1674 743 1727 τὸ
790 1650 891 1742 τῆς
928 1668 1152 1739 ἀγνοίας
1178 1665 1409 1735 αἰτίαμα
1441 1664 1715 1733 στήσεται.
1742 1659 1841 1712 Διὰ

1954 1650 2195 1706 ostendit
2261 1668 2617 1723 nequaquam
2681 1660 3043 1721 percepturos
3095 1652 3244 1723 quod
3305 1652 3531 1722 oblique

240 1739 363 1841 :Yép
388 1785 471 1821 τοι
496 1764 656 1820 τοῦτο
689 1739 972 1831 διελέγξας
1016 1761 1074 1813 ὲν
1097 1758 1319 1825 ὀλίγοις,
1338 1755 1414 1817 ὡς
1440 1753 1501 1805 οὐ
1518 1750 1839 1841 δυνήσονται

1954 1740 2158 1795 dictum
2184 1741 2255 1797 sit
2285 1744 2389 1807 eis,
2418 1743 2620 1797 deinde
2671 1743 2997 1813 generaliter
3038 1742 3091 1797 id
3146 1742 3402 1799 omnibus
3440 1742 3529 1797 di-

248 1836 497 1914 συνιέναι
517 1858 579 1910 τὺ
639 1854 887 1923 πλαγίως
931 1848 1222 1921 εἰρημένον
1267 1844 1472 1906 αὐτοῖς,
1514 1836 1632 1893 εἶτα
1664 1837 1842 1892 κοινὸν

243 1950 429 2007 ἅπασι
463 1946 686 2021 προθεὶς
712 1942 961 1998 ἐντεῦθεν
994 1941 1175 2009 λόγον,
1204 1933 1426 2000 ’διδάξας
1448 1950 1505 1987 τε
1527 1930 1735 1999 σαφῶς,
1769 1929 1845 1992 ὡς

246 2045 351 2099 καὶ
376 2042 537 2097 αὑτὸν
559 2041 669 2115 [τα.
700 2036 888 2109 αὐτὸς]
919 2034 1327 2106 ζημιωθήσεται
1371 2030 1471 2101 τὴν
1501 2030 1581 2092 είς
1614 2027 1702 2081 τὸν
1730 2027 1844 2079 [Ια-

240 2136 393 2207 τέρα
414 2133 639 2203 γνῶσιν,
655 2130 726 2195 Δὃς
743 2131 811 2185 ἂν
830 2128 1077 2199 ἀγνοησῃ
1100 2124 1191 2179 τὸν
1227 2123 1378 2189 Υἰὸν,
1400 2123 1478 2185 ώς
1514 2121 1614 2193 ἤδη
1643 2121 1845 2190 διωμο-

248 2228 516 2300 λογηκόσι
543 2226 643 2295 τὴν
672 2224 855 2277 πίστιν
882 2220 993 2283 τοῖς
1015 2218 1304 2288 μαθηταῖς,
1339 2214 1564 2277 εἰκότως
1587 2214 1685 2285 τὴν
1706 2212 1847 2281 γνῶ-

252 2337 344 2374 σιν
376 2318 745 2389 ἐπιμαρτυρεῖ
766 2314 940 2382 λέγων
965 2328 976 2341 ·
1016 2330 1035 2362 t
1086 2308 1634 2380 Ἀπάρτιγινώσκετε
1657 2306 1842 2370 αὐτὸν,

248 2413 353 2465 καὶ
384 2410 667 2483 ἑωράκατε
697 2406 879 2461 αὐτόν.
919 2423 938 2456 ι
970 2403 1042 2455 Τὸ
1079 2402 1134 2455 δὲ
1178 2400 1391 2469 ἀπάρτι
1429 2400 1583 2469 φησὶ,
1617 2398 1736 2468 οὐχ).
1756 2398 1847 2468 δή·-

257 2520 365 2557 που
398 2501 616 2564 πάντως
664 2498 726 2563 ἐξ
774 2495 990 2565 ἐκείνης
1010 2493 1107 2562 τῆς
1134 2489 1308 2562 ὥρας,
1332 2490 1451 2560 ἦτοι
1480 2488 1577 2558 τῆς
1605 2487 1843 2557 ἡμέρας,

258 2593 384 2649 καθ’
412 2593 594 2664 ἦνπερ
642 2588 831 2651 αὐτοῖς
855 2585 983 2648 τοὺς
1007 2584 1135 2654 περὶ
1164 2583 1273 2635 τῶν
1308 2579 1568 2634 τοιούτων
1612 2578 1846 2630 ἐποιεῖτο

256 2685 485 2755 λόγους·
530 2682 591 2734 τὸ
635 2681 692 2734 δὲ
718 2678 937 2747 ἁπάρτι
1003 2675 1200 2745 φησὶν,
1264 2665 1714 2741 ἀντιπαρεξάγων
1769 2668 1849 2739 τῷ

256 2775 497 2845 ἀρχαίῳ,
522 2771 618 2826 καὶ
636 2768 860 2843 πρώτῳ,
884 2768 975 2820 τὸν
1012 2766 1285 2837 ἀρτιφανῆ
1333 2762 1429 2816 καὶ
1457 2760 1576 2815 νέον
1616 2760 1715 2829 τῆς
1745 2759 1846 2812 αὺ-

253 2865 356 2918 τοῦ
388 2861 692 2933 παρουσίας
744 2857 958 2929 καιρὸν,
1014 2854 1136 2909 καθ’
1169 2854 1228 2907 ὃν
1250 2850 1609 2923 λαμπροτέρα
1655 2849 1847 2917 γέγονε

253 2959 373 3021 τοῖς
411 2953 554 3009 κατὰ
614 2953 796 3005 πᾶσαν
845 2949 946 3020 τὴν
998 2946 1346 3016 οἰκουμένην,
1377 2947 1411 3015 ἡ
1453 2944 1582 3013 περὶ
1634 2939 1849 3012 Πατρός

254 3046 463 3116 γνῶσις
483 3044 571 3097 διὰ
603 3043 699 3096 τοῦ
734 3039 889 3094 Υἱοῦ.
947 3038 1049 3091 Διὰ
1097 3038 1206 3108 γάρ
1243 3053 1327 3089 τοι
1360 3035 1539 3098 τοῦτο,
1573 3035 1667 3086 καὶ
1687 3036 1745 3086 ὲν
1769 3032 1849 3103 βί-

1951 1844 2098 1888 ctum
2128 1834 2479 1905 significavit,
2514 1850 2578 1889 ac
2612 1834 2902 1890 manifeste
2925 1834 3113 1889 docuit
3148 1836 3329 1906 ipsum
3352 1836 3531 1890 Patris

1948 1927 2263 1999 cognitione
2312 1929 2568 1982 orbatum
2625 1928 2693 1983 iri
2734 1928 2829 1999 qui
2887 1926 3085 1982 Filium
3152 1928 3528 1997 ignoraverit,

1949 2018 2112 2087 quasi
2144 2017 2262 2087 jam
2304 2017 2461 2072 [idem
2512 2016 2783 2087 professrs
2830 2017 3120 2086 discipulis
3156 2017 3530 2087 cognitionem:

1948 2109 2202 2164 attribuit
2250 2108 2483 2163 dicens:
2547 2128 2565 2159 ι
2624 2109 2835 2163 Amodo
2887 2109 3224 2178 cognoscitis
3262 2124 3422 2173 eum,
3478 2114 3535 2163 et

1950 2200 2168 2255 vidistis
2199 2215 2346 2255 cum.
2382 2219 2400 2251 ι
2431 2200 2637 2253 Amodo
2671 2211 2851 2254 autem
2894 2197 3051 2264 dicit,
3090 2215 3197 2252 non
3233 2200 3425 2269 utique
3465 2214 3533 2254 ex

1951 2292 2043 2346 illa
2080 2292 2238 2355 hora,
2272 2291 2388 2347 sive
2414 2290 2503 2346 die
2532 2306 2641 2362 qua
2668 2290 2735 2346 de
2773 2290 2858 2346 his
2905 2291 2970 2345 ad
3013 2305 3109 2345 eos
3159 2291 3324 2345 verba
3375 2289 3529 2356 fecit,

1952 2387 2046 2441 sed
2098 2386 2259 2456 773
2310 2385 2501 2438 amodo
2537 2388 2635 2450 ait,
2680 2400 2965 2455 apponens
3022 2386 3195 2441 veteri
3247 2401 3311 2441 ac
3354 2387 3534 2457 primo

1950 2492 2145 2532 recens
2169 2493 2232 2531 ac
2254 2493 2455 2531 novum
2482 2478 2603 2548 ejus
2629 2479 2903 2533 adventus
2931 2488 3168 2548 tempus,
3207 2495 3318 2549 quo
3353 2480 3533 2533 mani-

1951 2567 2145 2623 festior
2171 2568 2274 2622 fuit
2301 2584 2399 2639 per
2435 2568 2755 2624 universum
2804 2579 3078 2625 terrarmn
3110 2570 3317 2625 orbem
3353 2570 3534 2624 Patris

1950 2662 2191 2732 cognitio
2226 2677 2322 2731 per
2350 2658 2572 2715 Filium.
2607 2660 2822 2715 Idcirco
2844 2661 2990 2716 enim
3028 2668 3083 2715 et
3122 2663 3177 2715 in
3216 2662 3357 2715 libro
3384 2661 3536 2716 Psal-

1952 2767 2165 2807 morum
2189 2762 2449 2821 tanquam
2469 2750 2539 2805 ad
2573 2748 2743 2805 Deum
2779 2758 2834 2806 et
2868 2750 3085 2808 Patrem
3125 2752 3242 2805 ait:
3273 2769 3292 2804 t
3331 2752 3527 2806 Mirifi-

1950 2850 2075 2898 cata
2113 2850 2197 2898 est
2248 2840 2479 2896 scientia
2515 2847 2609 2893 tua
2652 2854 2719 2893 ex
2771 2842 2948 2896 me".
3009 2860 3028 2894 ι
3090 2841 3286 2895 Filium
3333 2843 3536 2913 quippe

1954 2935 2237 2990 miraculis
2286 2947 2507 2986 omnem
2557 2930 2870 2985 orationem
2915 2931 3311 2988 excedentibus
3349 2933 3534 3003 spien—

1953 3026 2170 3082 dentem
2211 3025 2546 3094 conspicati,
2582 3032 2637 3079 et
2686 3039 2811 3078 eum
2848 3032 3125 3094 potestate
3180 3024 3294 3079 Deo
3330 3041 3537 3080 conve-

248 3133 375 3208 ὅλῳ
413 3135 683 3206 Ψαλμῶν,
740 3131 816 3196 ὡς
868 3129 1004 3203 πρὸς
1051 3128 1184 3181 Θεὸν
1231 3126 1327 3182 καὶ
1368 3126 1589 3195 Πατέρα
1645 3123 1844 3195 φησίνο

1956 3119 2130 3175 ιίεηῑί
2161 3117 2324 3173 facile
2363 3116 2740 3187 quodcunque
2787 3116 2951 3172 vellet
2997 3115 3313 3182 facientem,
3355 3117 3537 3171 mirati

252 3248 279 3283 ἰ
335 3223 768 3297 Ἐθαυμαστώθη
816 3224 850 3307 η
897 3220 1099 3292 γνῶσίς
1155 3237 1248 3273 σου
1281 3218 1339 3285 ἐξ
1378 3216 1534 3288 ἐμοῦ.
1571 3237 1588 3269 ι
1641 3217 1845 3307 Ἑώρα-

250 3322 417 3385 κότες
445 3321 555 3392 γὰρ
592 3322 705 3384 τοῖς
751 3316 892 3386 ὑπὲρ
932 3314 1092 3382 λόγον
1149 3308 1687 3382 θαυματουργήμασι
1729 3306 1847 3360 δια·

254 3416 542 3486 πρέποντα
586 3412 682 3467 τὸν
730 3409 882 3473 Υίὺν,
910 3408 1005 3461 καὶ
1056 3404 1196 3476 μετὰ
1236 3399 1575 3472 θεοπρεποῦς
1598 3398 1847 3465 ἐξουσίας

257 3504 642 3575 κατορθοῦντα
694 3500 893 3573 ῥᾳδίως
920 3499 1057 3569 ὅπερ
1108 3495 1175 3549 ἂν
1214 3493 1478 3565 βούλοιτο,
1505 3489 1850 3559 τεθαυμάκα-

261 3614 368 3655 μεν
404 3594 653 3649 ἐντεῦθεν
687 3592 787 3663 τὴν
840 3589 935 3644 τοῦ
998 3587 1216 3658 ΙΙατρὸς
1254 3583 1480 3654 γνῶσιν,
1508 3582 1607 3652 οὐχ
1647 3580 1847 3652 ἑτέρως

257 3686 491 3759 ἔχουσαν
518 3684 829 3748 ἐννοοῦντες
873 3680 1064 3753 αὐτὴν,
1100 3679 1133 3750 ἢ
1183 3676 1372 3747 ὥσπερ
1415 3674 1561 3728 ἐστὶν
1594 3674 1628 3744 η
1665 3673 1758 3725 τοῦ
1789 3671 1849 3738 ἐξ

257 3779 426 3835 αὐτοῦ
452 3776 806 3850 προελθόντος
821 3773 974 3828 Υἱοῦ.
1000 3792 1018 3825 ι
1061 3770 1291 3844 Ἀπὰρτι
1333 3766 1511 3822 τοίνυν
1551 3764 1849 3835 γινώσκετε

258 3872 446 3935 αὐτὸν,
477 3870 573 3924 καὶ
604 3867 886 3939 ἑωράκατε
947 3865 1132 3920 αὐτόν.
1166 3882 1185 3915 ι
1238 3860 1590 3930 Ἐγνώκαμεν
1646 3857 1755 3929 γὰρ
1791 3857 1849 3910 ὲν

259 3962 400 4033 Υίῷ,
436 3961 688 4032 καθάπερ
736 3959 871 4030 ἔφην
926 3957 1151 4028 ἀρτίως,
1206 3953 1291 4017 τίς
1339 3955 1368 4006 ὁ
1427 3950 1639 4022 Πατὴρ,
1673 3951 1769 4003 καὶ
1787 3948 1847 4001 οὐ

260 4056 427 4126 μόνον
486 4051 919 4122 ἐπεγνώκαμεν,
976 4048 1114 4104 ἀλλὰ
1173 4045 1266 4100 καὶ
1295 4041 1680 4111 ἐθεασάμεθα,
1732 4041 1850 4110 ἦτοι

259 4143 612 4217 ἑωράκαμεν.
657 4143 723 4196 Ἠ
778 4141 879 4211 μὲν
932 4139 1042 4211 γὰρ
1079 4136 1277 4207 γνῶσις
1319 4132 1418 4205 τὴν
1466 4132 1553 4186 διὰ
1600 4130 1708 4183 τῶν
1767 4130 1851 4181 ὲν-

257 4238 421 4293 νοιῶν
453 4237 682 4308 θεωρίαν
710 4234 984 4305 ὑποδηλοῖ,
1012 4233 1079 4302 ἢν
1116 4231 1181 4284 ἄν
1214 4247 1300 4293 τις
1336 4227 1490 4282 λάϐοι
1521 4224 1685 4297 τυχὸν
1723 4225 1852 4295 περὶ

256 4333 364 4403 τῆς
414 4329 568 4394 θείας
609 4347 669 4382 τε
704 4329 799 4383 καὶ
846 4326 1086 4397 ἀρρήτου
1140 4322 1375 4392 φύσεως,
1426 4321 1526 4392 τῆς
1570 4321 1662 4374 ἐπὶ
1712 4319 1851 4373 πάν-

256 4444 365 4490 τας
404 4426 569 4497 φημὶ,
602 4424 697 4478 καὶ
724 4421 813 4476 διὰ
857 4420 1097 4481 πάντων,
1132 4415 1227 4468 καὶ
1260 4416 1318 4467 ὲν
1352 4413 1507 4467 πᾶσι.
1536 4413 1610 4465 Τό
1639 4428 1703 4479 γε
1745 4411 1853 4483 μὴν

1954 3226 2149 3267 sumus
2175 3209 2304 3265 hinc
2344 3208 2528 3263 Patris
2561 3207 2938 3279 cognitionem
2979 3209 3145 3264 aliter
3190 3223 3311 3263 eam
3336 3224 3397 3265 se
3425 3223 3536 3263 non

1954 3304 2156 3359 habere
2189 3311 2465 3374 putantes,
2500 3318 2665 3374 quam
2699 3300 2977 3372 quomodo
3008 3317 3068 3357 se
3103 3301 3268 3357 habet
3295 3302 3540 3372 cognitio

1953 3395 2307 3466 procedentis
2330 3411 2396 3450 ex
2430 3395 2551 3464 ipso
2596 3393 2740 3449 Filii.
2781 3412 2801 3445 t
2861 3393 3076 3448 Amodo
3110 3394 3280 3465 igitur
3332 3410 3540 3468 cogno-

1954 3488 2111 3544 scitis
2140 3503 2290 3554 eum,
2321 3495 2376 3543 et
2405 3487 2627 3542 vidistis
2656 3501 2806 3543 eum.
2857 3505 2875 3538 ι
2908 3486 3254 3555 Agnovimus
3286 3488 3431 3542 enim
3483 3488 3538 3542 in

1953 3578 2119 3644 Filio,
2152 3589 2213 3634 ut
2242 3596 2391 3635 nunc
2428 3581 2668 3643 aiebam,
2699 3580 2828 3649 quis
2853 3580 2913 3633 fit
2943 3578 3128 3644 Pater,
3158 3595 3336 3650 neque
3360 3580 3537 3636 solum

1956 3672 2306 3743 agnovimus.
2344 3672 2440 3727 sed
2490 3679 2545 3727 et
2582 3670 2944 3741 contemplati
2991 3685 3208 3735 sumus,
3259 3686 3355 3727 seu
3394 3671 3539 3725 vidi-

1956 3783 2100 3821 mus.
2147 3766 2382 3836 Cognito
2440 3764 2587 3819 enim
2635 3765 2956 3820 intellectus
3014 3762 3538 3833 contemplationem

1957 3857 2253 3928 signiﬁcat,
2296 3872 2467 3927 quam
2497 3858 2564 3911 de
2591 3856 2778 3911 divina
2808 3864 2863 3911 et
2885 3854 3155 3910 ineffabili
3183 3862 3382 3909 natura
3410 3855 3540 3925 quis

1958 3949 2147 4005 forsan
2178 3949 2403 4019 ceperit,
2441 3963 2565 4017 quae
2592 3962 2758 4018 supra
2784 3961 2998 4013 omnes,
3027 3953 3082 4002 et
3114 3960 3209 4016 per
3243 3961 3457 4012 omnes,
3487 3956 3542 4001 et

1958 4041 2014 4095 in
2039 4040 2297 4095 omnibus
2327 4051 2431 4095 est.
2466 4038 2681 4094 Vidisse
2709 4054 2874 4108 porro
2929 4046 3135 4094 certam
3174 4037 3334 4093 fidem
3368 4038 3540 4091 mira-

1957 4131 2099 4185 culis
2130 4129 2330 4185 factam
2367 4128 2672 4199 significat.
2697 4126 2818 4183 Non
2839 4128 2986 4183 enim
3011 4129 3188 4183 solum
3212 4129 3542 4199 agnovimus

1957 4222 2175 4279 Patrem
2236 4223 2403 4278 vitam
2465 4237 2590 4278 esse
2640 4220 2946 4277 secundum
2998 4230 3280 4285 naturam,
3336 4236 3438 4276 nec
3486 4220 3542 4274 in

1960 4316 2125 4371 nudis
2155 4329 2219 4370 ac
2244 4315 2412 4370 meris
2437 4313 2873 4385 cogitationibus
2895 4313 3061 4370 istius
3089 4313 3167 4369 rei
3208 4312 3460 4368 notitiam
3485 4313 3540 4366 in

1960 4407 2123 4462 nobis
2156 4406 2486 4461 habuimus:
2522 4406 2577 4459 in
2610 4404 2750 4460 Filio
2777 4404 2871 4475 qui
2902 4403 3146 4461 viviﬁcat
3178 4414 3449 4469 mortuos,
3490 4417 3546 4459 et

262 4524 418 4585 ἰδεῖν,
445 4522 544 4592 τὴν
591 4519 680 4572 διὰ
731 4516 841 4569 τῶν
878 4508 1413 4585 τερατουργημάτων
1474 4505 1846 4577 πληροφορίαν

1960 4501 2027 4556 ad
2058 4515 2184 4555 esse
2207 4506 2502 4569 corruptos
2533 4496 2718 4554 denuo
2744 4497 2983 4565 reducit,
3017 4512 3126 4552 non
3159 4497 3340 4552 solum
3375 4511 3545 4566 agno-

261 4584 545 4686 σημαίνει.
578 4611 655 4667 Οὐ
699 4610 809 4681 γὰρ
857 4608 1019 4680 μόνον
1067 4601 1389 4673 ἐγνώκαμεν
1440 4600 1521 4653 ὅτι
1564 4598 1678 4669 ζωὴ
1716 4598 1846 4652 κατὰ

1955 4594 2137 4649 vimus
2171 4590 2342 4646 Deum
2380 4605 2444 4644 ac
2487 4589 2707 4645 Patrem
2744 4590 3059 4644 universam
3123 4586 3359 4657 pedibus
3426 4584 3545 4641 suis

261 4708 430 4778 φύσιν
461 4705 607 4759 ἐστὶν
632 4700 887 4773 ὁΠατὴρ,
925 4696 1048 4751 οὐδὲ
1101 4696 1160 4747 ὲν
1189 4692 1374 4762 ψιλαῖς
1423 4690 1518 4743 καὶ
1559 4689 1748 4759 μόναις
1771 4688 1858 4741 ὲν-

257 4802 439 4863 νοίαις
491 4798 591 4868 τὴν
614 4794 710 4849 τοῦ
767 4793 1092 4865 πράγματος
1135 4787 1340 4857 εἴδησιν
1365 4784 1424 4836 ὲν
1456 4784 1667 4845 ἑαυτοῖς
1698 4782 1860 4852 ἐσχή-

259 4908 486 4966 καμενο
516 4893 575 4944 ὲν
639 4886 755 4958 Υἱῷ
812 4878 1311 4950 ζωοποιοῦντιτοὺς
1363 4875 1612 4947 νεκροὺς,
1646 4874 1742 4928 καὶ
1781 4875 1860 4935 είς

258 4990 326 5043 τὸ
350 4985 491 5040 εἶναι
541 4983 705 5039 πάλιν
759 4976 1146 5049 ἁνακομίζοντι
1190 4972 1315 5035 τοὺς
1346 4965 1852 5038 κατεφθαρμένους,

260 5083 328 5135 οὐ
364 5079 524 5151 μόνον
546 5076 886 5145 ἐγνώκαμεν,
932 5070 1015 5123 ὅτι
1062 5068 1244 5120 πᾶσαν
1276 5063 1382 5116 ὑπὸ
1419 5061 1585 5124 πόδας
1619 5059 1733 5151 ἔχει
1756 5058 1855 5128 τὴν

262 5150 449 5230 κτίσιν
487 5173 515 5224 ό
546 5168 678 5233 Θεὸς
726 5167 823 5220 καὶ
868 5162 1082 5231 Πατὴρ,
1135 5156 1367 5212 καὶτῶν
1394 5155 1523 5226 παρ’
1554 5150 1720 5206 αὐτοῦ
1760 5167 1856 5219 γε-

262 5266 507 5337 γονότων
571 5256 989 5326 κατεξουσιάζει
1046 5248 1364 5325 βασιλικῶς,
1435 5246 1512 5310 ὡς
1556 5245 1736 5298 πάντα
1786 5241 1857 5296 τὰ

265 5361 411 5433 ἔργα
440 5354 679 5411 σείεσθαί
724 5370 784 5406 τε
828 5350 895 5404 δι’
931 5348 1115 5411 αὑτὸν,
1146 5344 1243 5398 καὶ
1282 5340 1531 5412 τρέμειν,
1572 5337 1855 5433 κατδιΔ

265 5428 592 5527 γ-ραμμένον
619 5467 632 5481 ε
668 5446 781 5501 ἀλλ’
812 5443 1027 5514 εἴδομεν
1069 5440 1199 5493 ὄντα
1225 5433 1466 5527 τοιοῦτον
1504 5432 1598 5527 κα)Ϊ
1630 5432 1686 5483 ὲν
1718 5428 1854 5527 Titii),

265 5520 361 5598 ῦτε
384 5520 625 5612 θαλάττῃ
674 5536 772 5591 καὶ
814 5532 1120 5603 πνεύμασιν
1146 5524 1441 5596 ἐπιτιμῶν,
1475 5522 1612 5595 μετὰ
1656 5520 1859 5612 πολλῆς

266 5635 379 5704 ἔφη
403 5633 502 5702 τῆς
526 5610 795 5697 ἐξουσίας
826 5645 845 5678 t
873 5623 1084 5687 Σιώπα,
1109 5618 1418 5689 πεφίμωσο.
1446 5632 1465 5666 ι
1505 5612 1724 5683 Ἐπειδὴ
1748 5610 1861 5663 τοί-

1959 4684 2272 4755 subjectam
2306 4682 2513 4739 habere
2558 4691 2872 4737 creaturam
2897 4681 2966 4745 ⁸ο,
3004 4678 3376 4748 onmibusque
3418 4691 3450 4730 a
3486 4692 3546 4731 se

1957 4777 2122 4834 factis
2181 4776 2479 4845 imperare,
2544 4772 2681 4829 adeo
2729 4781 2788 4827 ut
2840 4772 3025 4827 omnia
3096 4784 3266 4840 opera
3316 4770 3546 4823 timeant

1958 4870 2160 4939 ipsum,
2219 4873 2385 4937 atque
2438 4866 2799 4927 tremiscant,
2841 4871 2900 4917 ut
2939 4863 3209 4933 scriptum
3248 4868 3333 4917 est
3354 4861 3421 4913 “.
3476 4860 3547 4913 At

1961 4963 2216 5020 videmus
2247 4960 2415 5014 talem
2447 4967 2500 5013 et
2525 4958 2578 5011 in
2614 4954 2757 5009 Filio
2802 4954 3071 5009 exsistere
3124 4967 3249 5007 cum
3309 4966 3461 5007 mare
3494 4962 3547 5007 et

1962 5062 2156 5110 ventos
2202 5052 2518 5120 increpans.
2572 5062 2768 5117 magna
2799 5061 2926 5101 cum
2982 5052 3256 5114 potestate
3289 5044 3544 5099 dicebat:

1973 5167 1990 5200 ι
2032 5145 2197 5209 Tace,
2247 5139 2657 5198 obmutesce“.
2702 5158 2721 5189 ι
2774 5137 3047 5204 Quoniam
3109 5152 3241 5208 ergo
3297 5138 3550 5194 dicturus

1965 5247 2086 5294 erat
2118 5251 2228 5290 non
2282 5232 2464 5287 solum
2501 5229 2840 5300 cognovistis
2887 5227 3127 5294 Patrem,
3180 5227 3274 5283 sed
3316 5235 3370 5283 et
3409 5228 3551 5283 vidi-

1968 5328 2090 5389 stis,
2112 5319 2555 5395 praemittendum
2584 5318 2898 5375 necessario
2916 5319 3126 5388 putavit
3154 5317 3316 5381 illud,
3334 5317 3547 5380 amodo,

1965 5434 2133 5491 quam
2167 5430 2299 5472 vero
2342 5414 2413 5468 ob
2460 5412 2728 5467 causam?
2778 5413 2888 5467 Lex
2946 5411 3094 5467 enim
3127 5409 3366 5465 Mosaica
3424 5409 3552 5463 (iliis

1965 5509 2135 5567 Israel
2166 5506 2537 5562 inclamabat:
2576 5525 2594 5555 ι
2636 5503 2903 5560 Dominus
2926 5504 3074 5559 Deus
3105 5513 3253 5568 tuus,
3285 5500 3550 5556 Dominus

1971 5618 2115 5660 unus
2149 5608 2235 5657 est
2256 5598 2325 5660 ⁸³.
2364 5617 2383 5649 ι
2423 5612 2601 5668 neque
2643 5597 2922 5654 veteribus
2951 5598 3017 5653 de
3045 5594 3184 5650 Filio
3217 5593 3548 5649 mentionem

344 5703 388 5779 τέ
422 5743 619 5800 Matth.
651 5758 768 5813 xvr,
808 5740 899 5797 16.
975 5734 1191 5793 "Psal.
1224 5726 1577 5801 cxxxvuh.6-
1653 5725 1698 5758 ⁸⁰
1731 5724 1846 5797 Eph

1961 5739 2003 5791 ι,
2046 5720 2135 5774 22.
2213 5714 2259 5747 ⁸¹
2288 5712 2412 5780 Job,
2439 5724 2589 5775 xxvt,
2636 5709 2722 5766 Η.
2798 5714 2843 5746 ⁸⁸
2875 5711 3040 5770 Marc.
3074 5726 3149 5777 tv,
3176 5707 3271 5766 59.
3331 5703 3553 5761 “Deut.

269 5834 371 5887 τι,
416 5817 472 5874 4.
