4096 6500
622 356 724 411 199

1616 357 1678 414 S.
1710 353 1989 411 CYRILLI
2033 353 2509 413 ALEXAN-DRINI
2550 352 2870 412 ARCHIEP.

3839 359 3933 413 τοο

622 475 881 540 faciebat,
906 477 999 531 sed
1038 492 1067 530 a
1098 477 1396 531 multorum
1434 474 1661 529 deorum
1697 477 1853 529 cultu
1902 491 2002 532 eos
2054 475 2204 531 dun.

2316 494 2402 532 νυν
2428 476 2653 547 ἔμελλεν
2671 477 2836 547 ἐρεῖν,
2859 477 2941 529 ὅτι
2969 476 3029 528 οῦ
3060 476 3218 545 μόνον
3249 476 3545 543 ἐγνώκατε
3572 474 3677 526 τὸν
3700 474 3930 547 Πατέρα,

622 577 781 622 taxat
814 568 1149 631 abstractos,
1179 569 1244 621 ad
1286 568 1454 622 unius
1506 567 1889 621 adorationem
1950 568 2207 622 vocabat.

611 663 890 731 .Dominus
923 669 1104 716 autem
1137 668 1328 714 noster
1365 655 1529 740 Jesus
1556 656 1841 725 Christus,
1880 672 2005 713 cum
2047 659 2211 712 homo

622 754 807 811 factus
828 766 934 818 est,
985 769 1083 825 per
1129 755 1299 807 multa
1334 753 1492 824 signa
1523 761 1579 808 et
1618 764 1787 824 opera
1839 753 2213 808 manifestavit

624 849 786 903 nobis
821 864 917 918 per
940 849 1186 918 seipsum
1216 845 1455 910 Patrem,
1491 860 1769 915 unamque
1819 846 2063 900 ostendit
2096 845 2213 900 dei-

623 942 755 994 tatis
785 950 1036 994 naturam
1066 940 1121 993 in
1165 946 1356 994 sancta
1394 935 1672 993 Trinitate
1704 954 1835 993 vere
1898 937 2211 994 subsisten-

622 1041 753 1089 tem.
782 1031 950 1087 Recte
982 1034 1163 1100 itaque
1217 1030 1353 1085 illud
1385 1030 1579 1085 amodo
1607 1031 1694 1084 ait
1729 1040 1957 1101 propter
1996 1033 2213 1099 imper—-

624 1126 917 1179 factionem
945 1122 1283 1193 cognitionis
1308 1137 1500 1176 eorum
1534 1121 1626 1192 qui
1684 1108 2037 1192 disciﬁnam
2077 1120 2212 1191 legis

622 1218 938 1279 observant,
980 1224 1033 1270 et
1097 1216 1195 1285 qui
1246 1216 1464 1269 illorum
1518 1224 1829 1286 sequuntur
1869 1214 2208 1268 institutum.

621 1312 931 1366 Notandum
985 1327 1117 1365 vero
1158 1311 1332 1381 quod,
1387 1325 1510 1364 cum
1564 1310 1808 1380 seipsum
1862 1309 1985 1361 loco
2035 1305 2212 1363 Patris

623 1414 983 1473 conspectum
1020 1418 1141 1457 esse
1170 1402 1324 1465 dicit,
1352 1417 1460 1456 non
1492 1409 1654 1472 negat
1684 1415 1813 1454 vere
1846 1398 2015 1470 774
2059 1408 2113 1453 ει
2155 1399 2210 1452 in

621 1496 844 1564 prepria
873 1494 1158 1566 ltypostasi
1192 1510 1319 1548 eum
1343 1511 1409 1548 ex
1441 1510 1547 1563 quo
1580 1503 1685 1557 est,
1710 1492 1876 1547 Deum
1902 1508 1965 1546 ac
1996 1492 2210 1545 Patrem

622 1588 917 1642 exsistere.
976 1586 1081 1641 Sed
1124 1603 1300 1656 neque
1361 1586 1603 1655 seipsum
1656 1584 1873 1639 Patrem
1932 1599 2057 1639 esse
2113 1587 2209 1645 ait,

620 1688 896 1750 quantum
933 1680 998 1733 ad
1046 1694 1296 1749 pet-sonte
1324 1678 1789 1749 significationem
1841 1678 2075 1731 attinet:
2116 1675 2211 1730 sed

624 1774 759 1843 quia
797 1780 882 1827 est
908 1774 1063 1826 Patri
1101 1770 1623 1833 consubstantialis,
1653 1770 1807 1825 cerni
1841 1770 1917 1823 ait
1950 1769 2003 1822 in
2026 1769 2209 1838 seipso

2310 569 2426 624 ἀλλ’
2464 570 2546 624 ὅτι
2592 570 2687 624 καὶ
2741 568 3049 640 ἑωράκατε,
3096 566 3367 638 προτάξαι
3429 567 3565 619 δεῖν
3635 567 3933 633 ἀναγκαῖον

2311 662 2466 736 ᾠήθη
2496 664 2577 728 τὸ,
2605 663 2844 730 ἀπάρτι,
2880 663 2976 715 καὶ
3018 661 3104 714 διὰ
3132 660 3293 714 ποίαν
3326 661 3520 713 αἰτίαν
3551 676 3569 723 ;
3616 660 3683 711 ὐ
3719 660 3932 734 μὲνγὰρ

2312 755 2476 825 νόμος
2506 754 2534 807 ό
2569 754 2656 807 διὰ
2685 754 2931 817 Μωσέως
2965 751 3308 824 προσεφώνει
3342 756 3458 818 τοῖς
3496 754 3655 817 υἱοῖς
3697 755 3929 824 Ἰσραήλ*

2319 869 2338 900 ι
2366 849 2574 921 Κύριος
2614 851 2641 903 ό
2672 850 2805 912 Θεός
2837 864 2951 911 σου,
2979 847 3183 919 Κύριος
3205 842 3288 911 εἷς
3317 849 3466 910 ἐστι,
3512 865 3533 897 ι
3563 845 3673 897 καὶ
3719 845 3816 899 τὸν
3846 849 3933 917 μὲν

2314 943 2443 1014 περὶ
2472 942 2566 996 τοῦ
2596 941 2730 995 Υίοῦ
2760 941 2919 1009 λόγον
2949 940 3010 992 οὐ
3046 940 3332 1010 παρετίθει
3370 942 3494 1003 τοῖς
3530 939 3745 1003 πάλαι,
3777 940 3932 1010 μόνης

2312 1032 2371 1086 δὲ
2398 1035 2497 1104 τῆς
2555 1032 2858 1095 πολυθεῖας
2917 1030 3112 1096 ἐξελὼν
3164 1032 3383 1095 αὐτοὺς,
3410 1032 3504 1093 είς
3560 1030 3678 1099 τὴν
3699 1027 3799 1080 τοῦ
3828 1030 3933 1094 ἑνὸς

2312 1127 2497 1180 ἐκάλει
2522 1124 2921 1198 προσκύνησιν.
2974 1122 3033 1178 ’0
3078 1125 3135 1178 δὲ
3194 1123 3400 1192 Κύριος
3447 1123 3637 1193 ἡμῶν
3683 1122 3930 1191 Ἰησοῦςό

2313 1218 2573 1289 Χριστὸς,
2601 1218 2692 1271 ὅτε
2721 1214 2948 1284 γέγονεν
2974 1213 3281 1285 ἄνθρωπος,
3307 1212 3397 1266 διὰ
3422 1211 3670 1264 πολλῶν
3697 1212 3929 1280 σημείων

2312 1310 2408 1364 καὶ
2431 1307 2825 1381 ἐνεργημάτων
2857 1305 3155 1379 ἐγνώρισεν
3199 1308 3331 1376 ἡμῖν
3371 1306 3436 1358 δι’
3455 1303 3685 1359 ἑαυτοῦ
3714 1304 3808 1356 τὸν
3833 1307 3927 1359 Πα-

2313 1402 2450 1473 τέρα
2510 1403 2605 1456 κα“ι
2671 1401 2770 1471 τὴν
2822 1402 2879 1453 ὲν
2938 1400 3005 1470 τῇ
3055 1400 3188 1470 ἁγίᾳ
3233 1397 3427 1468 Τριάδι
3500 1398 3827 1466 νοουμένην
3875 1414 3925 1448 τε

2315 1494 2411 1547 καὶ⁹
2444 1492 2768 1562 ὑφεστῶσαν
2805 1490 3023 1562 άληθῶς
3078 1492 3210 1562 μίαν
3235 1489 3404 1554 ἔδειξε
3434 1490 3720 1556 θεότητος
3756 1488 3920 1557 φύσιν.

2314 1585 2512 1647 Καλῶς
2556 1580 2650 1638 οὖν
2698 1585 2806 1656 ἄρα
2852 1583 2913 1636 τὺ
2969 1583 3188 1651 άπάρτι
3217 1584 3372 1653 φησι,
3419 1582 3519 1636 διὰ
3557 1583 3627 1635 τὸ
3663 1582 3855 1645 ἀτελὲς
3876 1583 3924 1634 ὲν

2315 1677 2515 1746 γνώσει
2559 1676 2669 1730 τῶν
2713 1675 2855 1730 κατὰ
2907 1674 3091 1747 νόμον,
3122 1676 3217 1729 καὶ
3246 1675 3355 1729 τῶν
3378 1676 3505 1729 κατ’
3543 1674 3806 1737 ἐκείνους
3839 1691 3921 1727 πο-

2315 1768 2696 1839 λιτευομένων.
2748 1768 3093 1839 Σημειωτέον
3132 1768 3209 1834 δὲ,
3276 1768 3357 1823 ὅτι
3404 1767 3619 1822 ἑαυτὸν
3677 1768 3803 1821 ἀντὶ
3840 1767 3920 1819 τοῦ

627 1866 847 1921 Patrem
876 1908 889 1922 .
926 1882 1039 1920 non
1073 1882 1241 1920 secus
1276 1879 1338 1918 ac
1360 1864 1601 1918 hominis
1627 1863 1921 1932 cujusdam
1949 1861 2092 1917 filius
2128 1862 2211 1916 sui

2320 1863 2532 1934 Πατρὸς
2555 1861 2835 1932 ἑωρᾶσθαι
2862 1862 3061 1931 λέγων,
3100 1862 3199 1915 οὐκ
3232 1860 3542 1933 ἀνατρέπει
3572 1860 3639 1913 τὸ
3664 1860 3918 1930 ὑπάρχειν

626 1958 803 2028 patris
833 1957 1028 2012 volens
1074 1955 1394 2026 significare
1429 1962 1704 2017 naturam,
1756 1952 1998 2022 seipsum
2028 1960 2215 2006 osten-

624 2050 762 2103 dens
794 2049 870 2102 ait
917 2047 1247 2113 sciscitanti,
1299 2045 1477 2101 Meum
1523 2047 1578 2100 in
1625 2059 1711 2100 me
1754 2043 1943 2098 vidisti
1978 2051 2211 2112 patrem.

624 2140 733 2195 Sed
764 2140 925 2204 Deus,
953 2150 1011 2194 ut
1044 2141 1213 2196 semel
1235 2139 1509 2204 dicamus,
1545 2137 1795 2192 omnium
1830 2136 2209 2207 exemplorum

624 2234 734 2287 vim
777 2243 830 2288 et
858 2235 1123 2288 rationem
1159 2231 1399 2287 excedit.

2314 1955 2530 2028 ἀληθῶς
2555 1972 2617 2007 τε
2646 1957 2742 2008 καὶ
2785 1955 3185 2019 ίδιοσυστάτως,
3223 1957 3313 2008 τὸν
3357 1954 3418 2018 ἐξ
3450 1946 3647 2023 οὗπέρ
3674 1953 3796 2004 ἐστι
3822 1952 3918 2003 Πα-

2317 2047 2451 2117 τέρα
2480 2049 2575 2101 καὶ
2607 2046 2762 2101 Θεόν.
2802 2048 2941 2101 ⁹Λλλ’
2971 2048 3095 2101 οὐδὲ
3118 2048 3308 2101 ἑαυτὸν
3346 2044 3495 2101 εἷναί
3528 2062 3676 2116 φησι
3702 2044 3797 2099 τὸν
3822 2044 3917 2098 Πα-

2318 2139 2474 2209 τέρα,
2505 2140 2629 2192 ὅσον
2658 2132 2794 2211 ἧκεν
2825 2140 2998 2192 εἰπεῖν
3042 2139 3124 2202 είς
3168 2139 3463 2210 προσώπου
3494 2137 3749 2211 δήλωσιν
3774 2156 3788 2168 ·
3817 2139 3917 2191 ἀλλ’

2326 2230 2558 2304 ἐπείπερ
2596 2232 2745 2286 ἐστὶν
2772 2234 3055 2304 ὀμοοὺσιος
3085 2230 3161 2305 τῷ
3196 2232 3393 2305 Πατρὶ,
3444 2230 3750 2303 ἑωρᾶσθαί
3768 2247 3913 2299 φησιν

624 2325 683 2378 ὲν
714 2326 862 2397 αὐτῷ
901 2325 992 2377 τὸν
1039 2323 1411 2394 γεννήσαντα,
1442 2321 1629 2393 ὥσπερ
1658 2322 1725 2376 ἂν
1763 2323 1812 2376 εί
1839 2320 1937 2375 καὶ
1982 2319 2272 2391 ἀνθρώπου
2316 2327 2464 2389 τινὸς
2506 2328 2620 2392 υίὸς
2646 2329 2745 2400 τὴν
2801 2329 2930 2382 ίδίου
2966 2327 3175 2399 πατρὸς
3205 2329 3474 2401 ἐθελήσας
3508 2330 3907 2400 κατασημᾶναι

626 2420 808 2489 φύσιν,
852 2417 1042 2473 ἑαυτὸν
1089 2416 1363 2481 ἐπιδείξας
1408 2415 1555 2484 λέγει
1590 2416 1667 2488 τῷ
1711 2416 1868 2471 τοῦτο
1898 2423 2091 2491 μαθεῖν
2139 2419 2378 2473 ἐθέλοντι
2427 2419 2611 2491 τυχὸν,
2640 2422 2734 2475 τὸν
2780 2422 2913 2494 ἐμὸν
2951 2424 3009 2477 ἐν
3044 2424 3167 2493 ἐμοὶ
3211 2423 3473 2477 τεθέασαι
3511 2420 3761 2492 πατέρα.
3795 2419 3909 2481 Θεὸς

624 2516 683 2568 δὲ
740 2512 901 2565 πάλιν
953 2511 1051 2579 τὴν
1109 2509 1203 2562 τοῦ
1280 2508 1724 2581 παραδείγματος
1757 2509 2123 2581 ’ὑπεραλεῖται
2166 2511 2422 2585 δύναμιν.

696 2600 840 2657 XIV.
872 2601 927 2655 8.
955 2600 1095 2654 Dicit
1124 2601 1172 2655 ei
1203 2599 1524 2669 Philippus:
1550 2600 1798 2669 Domine,
1817 2605 2031 2657 ostende
2063 2604 2216 2658 nobis

629 2695 867 2759 Patrem,
896 2701 951 2748 et
980 2692 1171 2762 sufﬁcit
1196 2692 1369 2746 nobis.

697 2784 950 2843 Discendi
987 2783 1209 2855 quidem
1240 2782 1477 2854 cupidus
1516 2790 1636 2837 erat
1668 2782 1991 2855 Philippus,
2029 2783 2127 2840 sed
2162 2784 2217 2839 in

625 2876 1159 2949 comprehendendis
1184 2875 1386 2931 divinis
1408 2876 1888 2946 speculationibus
1910 2877 2056 2932 haud
2083 2878 2219 2933 satis

627 2981 845 3027 acutus.
864 2968 977 3024 Nec
997 2969 1145 3023 enim
1169 2967 1273 3023 sibi
1300 2968 1673 3038 persuasisset
1698 2985 1939 3040 unquam
1962 2970 2215 3041 corporis

626 3065 810 3119 oculis
853 3062 1092 3117 divinam
1148 3075 1179 3114 a
1228 3075 1287 3115 se
1326 3067 1580 3114 naturam
1639 3061 2031 3131 comprehendi
2101 3078 2213 3116 non

628 3169 815 3227 posse,
846 3154 975 3208 licet
1006 3160 1194 3223 aperte
1253 3150 1366 3207 Deo
1428 3152 1694 3208 dicente:
1738 3172 1757 3204 ί
1828 3151 1951 3208 Νοιι
2010 3152 2216 3208 videbit

628 3248 795 3303 homo
830 3248 1025 3302 faciem
1086 3259 1290 3308 meam,
1334 3251 1389 3297 et
1427 3245 1571 3299 vivet
1592 3245 1660 3301 ⁸⁸,
1708 3265 1727 3299 ι
1769 3246 2031 3313 Quamvis
2068 3247 2212 3301 enim

2387 2607 2561 2677 Λέγει
2604 2602 2765 2676 αὐτῷ
2795 2608 3094 2674 Φίλιππος
3120 2623 3134 2638 ⁸
3168 2609 3368 2676 Κύριε,
3401 2608 3621 2670 δεῖξον
3651 2609 3795 2681 ἡμῖν
3821 2607 3910 2664 73y-

2315 2702 2570 2768 Πατέρα,
2597 2700 2695 2754 καί
2721 2700 2898 2769 ἀρκεῖ
2922 2700 3085 2771 ἡμῖν.

2386 2796 2693 2868 Φιλομαθὴς
2731 2795 2828 2868 μὲν
2870 2798 2899 2849 ό
2927 2796 3212 2860 Φίλιππος,
3245 2795 3388 2868 πλὴν
3421 2797 3484 2850 οὑ
3519 2796 3650 2849 λίαν
3683 2796 3809 2861 ὀξὺς
3836 2796 3905 2859 είς

2320 2885 2539 2939 σύνεσιν
2565 2886 2665 2958 τὴν
2711 2888 2833 2949 ταῖς
2886 2885 3165 2951 θεοπτίαις
3188 2888 3682 2959 πρεπωδεστέραν.
3708 2889 3779 2941 Οὐ
3810 2888 3903 2959 γὰρ

2321 2976 2387 3030 ἂν
2419 2975 2572 3047 ᾠήθη
2596 2976 2726 3031 ποτε
2753 2978 2867 3041 τοῖς
2893 2976 2988 3031 τοῦ
3016 2976 3268 3049 σώματος
3307 2979 3621 3051 ὀφθαλμοῖς
3650 2979 3749 3049 τὴν
3774 2980 3905 3033 Θείαν

2323 3068 2541 3139 ἰσχῦσαι
2570 3069 3015 3124 καταθεάσασθαι
3053 3069 3235 3141 φύσιν,
3271 3071 3449 3126 καίτοι
3485 3072 3795 3145 διαρρήδην
3828 3075 3904 3127 λέ-

2320 3178 2507 3229 γοντος
2531 3160 2625 3214 τοῦ
2661 3161 2796 3215 Θεοῦ
2819 3179 2830 3191 °
2865 3182 2881 3214 ι
2914 3164 3103 3226 Οὐδεὶς
3129 3163 3319 3234 ὄψεται
3356 3165 3417 3218 τὸ
3456 3165 3762 3237 πρόσωπόν
3791 3185 3897 3238 μου,

2322 3255 2417 3307 καὶ
2439 3253 2681 3325 ζήσεται.
2722 3274 2739 3306 ι
2773 3256 2836 3309 El
2865 3255 2974 3326 γὰρ
3027 3258 3122 3310 καὶ
3173 3255 3331 3327 ὤφθη
3366 3258 3499 3311 ποτε
3553 3262 3674 3323 τοῖς
3720 3258 3898 3328 ἁγίοις,

628 3341 841 3398 sanctis
900 3339 1198 3410 aliquando
1218 3338 1371 3393 visus
1408 3336 1502 3402 sit,
1539 3349 1597 3394 ut
1645 3340 1915 3396 divinitus
1954 3339 2211 3411 inspirata

2318 3345 2396 3411 ώς
2427 3350 2460 3418 ἡ
2494 3346 2850 3413 θεόπνευστος
2881 3348 2986 3420 ἔφη
3021 3349 3231 3421 Γραφὴ,
3260 3351 3490 3406 ἀλλὀὐκ
3512 3353 3606 3417 ἂν,
3630 3344 3802 3423 οἶμαι,
3828 3352 3899 3416 τίς

627 3433 915 3503 Scriptura
958 3432 1242 3504 praedicat,
1277 3443 1443 3485 nemo
1474 3440 1657 3487 tamen
1683 3448 1950 3504 unquam,
1994 3443 2051 3486 ut
2079 3447 2226 3493 reor,

2319 3438 2662 3511 ὕποτοπὴσαι
2697 3441 2830 3493 ποτὲ
2864 3442 3088 3511 ἐμφανῆ
3117 3442 3214 3513 τὴν
3256 3443 3407 3497 θείαν
3434 3445 3703 3513 γενέσθαι
3728 3444 3893 3516 φύσιν,

626 3525 907 3598 putaverit
966 3522 1380 3580 manifestatum
1448 3524 1623 3581 fuisse
1678 3533 1931 3578 naturam
1979 3521 2211 3576 divinam

2318 3530 2514 3596 οὕτως,
2544 3532 2619 3596 ὡς
2651 3532 2764 3603 ἔχει
2826 3533 2948 3587 καθ’
2977 3534 3199 3604 ἑαυτὴν,
3230 3535 3566 3591 πλάττεσθαι
3628 3537 3684 3590 δὲ
3716 3535 3895 3609 μᾶλλον

625 3635 693 3676 eo
723 3618 888 3673 modo
912 3632 1024 3689 quo
1057 3632 1118 3673 se
1158 3617 1323 3673 habet
1358 3619 1413 3673 in
1453 3619 1660 3687 seipsa,
1719 3614 1817 3671 sed
1868 3627 1968 3684 pro
2004 3613 2211 3667 rationt

2316 3626 2399 3689 είς
2426 3625 2488 3678 τὸ
2513 3622 2591 3696 τῷ
2617 3627 2796 3697 καιρῷ
2826 3626 3277 3699 πρεπωδέστερον
3318 3630 3529 3701 σχῆμα.
3568 3632 3683 3683 Καὶ
3710 3630 3830 3699 γοῦν
3851 3630 3892 3681 οί

626 3709 894 3781 temporis
930 3710 1085 3763 varia
1111 3710 1217 3765 sub
1253 3708 1431 3765 forma
1457 3710 1630 3765 visam
1656 3722 1803 3763 esse.
1822 3706 2037 3778 Quippe
2065 3706 2218 3759 vario

626 3803 792 3858 modo
822 3803 1099 3873 prophetae
1132 3817 1256 3856 eam
1295 3800 1607 3873 conspicati
1640 3808 1788 3866 sunt,
1824 3799 2002 3868 deque
2032 3810 2096 3853 ea
2127 3811 2219 3849 va-

624 3897 744 3951 rius
775 3895 920 3965 apud
946 3894 1072 3951 illos
1098 3909 1285 3950 sermo
1316 3895 1611 3964 reperitur.
1673 3890 1845 3948 Isaias
1897 3891 2045 3945 enim
2104 3900 2216 3941 uno

626 3987 829 4042 modo:
867 3984 1123 4040 Ezechiel
1162 4001 1295 4039 vero
1344 4002 1453 4040 non
1484 3984 1675 4039 eadem
1708 3999 1774 4039 ac
1824 3981 1918 4039 ille
1974 3980 2213 4035 ratione.

625 4077 865 4133 Docebat
900 4078 1086 4149 itaque
1117 4074 1430 4149 Philippum
1473 4077 1782 4147 intelligere
1837 4073 1950 4130 fieri
1986 4072 2212 4127 omnino

627 4184 739 4225 non
778 4185 943 4240 posse
999 4177 1059 4224 ut
1106 4170 1347 4228 divinam
1403 4171 1768 4227 substantiam
1805 4184 1901 4239 per
1963 4182 2212 4230 carnem,

627 4264 744 4319 sive
773 4278 897 4317 cum
931 4279 1097 4319 earne
1130 4264 1257 4335 quis
1297 4264 1620 4335 perspiciat.
1663 4262 1887 4333 Alioqui
1931 4258 2215 4330 prudentis

625 4362 682 4410 et
720 4356 933 4426 sagacis
973 4371 1083 4409 non
1111 4362 1256 4420 erat,
1290 4370 1416 4409 cum
1454 4354 1634 4425 imago
1685 4359 1739 4408 et
1773 4351 2215 4424 perfectissimus

625 4444 911 4499 character
944 4443 1037 4499 Dei
1063 4461 1125 4500 ac
1153 4442 1337 4499 Patris
1367 4445 1415 4499 ei
1450 4444 1670 4499 adesset
1692 4443 1759 4511 ⁸⁸,
1813 4442 1992 4513 ipsum
2029 4442 2216 4512 requi-

626 4553 749 4592 rere
793 4538 1149 4609 archetypum
1199 4537 1446 4592 nondum
1494 4537 1713 4592 adesset
1753 4544 1808 4591 et
1840 4553 1903 4592 ea
1955 4549 2064 4605 qua
2118 4549 2214 4605 par

2321 3717 2597 3788 προφῆται
2624 3717 2897 3789 διαφόρως
2927 3718 3089 3773 αὑτὸν
3117 3720 3425 3790 τεθέανται,
3457 3726 3558 3779 καὶ
3588 3725 3825 3785 ποικίλος
3845 3740 3891 3775 τε

2322 3809 2450 3879 περὶ
2472 3806 2605 3860 Θεοῦ
2634 3810 2763 3878 παρ’
2796 3809 3024 3874 ἐκείνοις
3049 3811 3077 3863 ὁ
3098 3812 3277 3881 λόγος.
3314 3814 3371 3867 Ὀ
3395 3816 3496 3886 μὲν
3526 3816 3638 3887 γὰρ
3686 3816 3889 3877 Ἠσαίας

2319 3898 2555 3968 ἑτέρως·
2614 3899 2872 3971 Ἰεζεχιὴλ
2925 3900 2982 3953 δὲ
3018 3901 3181 3956 πάλιν
3228 3904 3327 3976 οὐχ
3390 3907 3601 3977 ὁμοίως
3652 3907 3731 3978 τῷ
3778 3922 3876 3976 παρ

2319 3989 2513 4059 ἐκείνῳ
2544 3989 2783 4060 θαύματι
2818 3990 2927 4063 [ἴσ.
2956 3992 3236 4067 θεάματι].
3282 3996 3429 4050 Ἔδει
3454 3999 3640 4053 τοίνυν
3673 3997 3887 4052 συνιέναι

2318 4079 2408 4133 τὸν
2449 4080 2733 4144 Φίλιππον,
2766 4081 2842 4147 ώς
2898 4078 2965 4154 ἦν
2992 4102 3045 4136 τι
3095 4086 3204 4139 τῶν
3249 4089 3554 4160 ἀμηχάνων
3610 4090 3885 4152 παντελῶς.

2316 4171 2416 4241 τὴν
2485 4173 2633 4226 θείαν
2692 4174 2955 4230 δύνασθαι
2986 4180 3226 4233 κατιδεῖν
3275 4182 3486 4249 οὐσίαν,
3511 4184 3784 4239 καὶτοῦτο
3809 4182 3883 4237 διὰ

2318 4263 2541 4333 σαρκὸς.
2602 4266 2699 4318 καὶ
2737 4268 2797 4319 οὐ
2869 4269 3011 4339 μετὰ
3066 4272 3288 4343 σαρκὸς,
3320 4275 3409 4328 ὅτε
3465 4278 3567 4332 καὶ
3607 4278 3668 4332 οὐ
3704 4276 3883 4348 σφόδρα.

2316 4353 2587 4425 νουνεχὲς,
2621 4357 2900 4430 παρούσης
2925 4360 3074 4432 αὐτῷ
3111 4363 3212 4433 τῆς
3243 4365 3473 4433 εἰκόνος,
3521 4368 3619 4422 καὶ
3646 4363 3879 4437 ἀκριόοῦς

2317 4446 2665 4518 χαρακτῆρος
2698 4447 2791 4501 τοῦ
2816 4449 2951 4502 Θεοῦ
2984 4452 3079 4504 καὶ
3119 4453 3358 4525 Πατρὸς,
3413 4458 3499 4510 ἐπ’
3543 4457 3676 4510 αὐτὸ
3720 4454 3879 4525 ζητεῖν

2320 4535 2457 4588 ίέναι
2492 4536 2552 4588 τὸ
2600 4537 2928 4608 ἀρχέτυπον,
2989 4542 3062 4606 ώς
3118 4540 3272 4597 οὔπω
3317 4546 3511 4617 παρὸν,
3568 4546 3661 4600 καὶ
3694 4543 3801 4598 καθ’
3828 4542 3876 4594 ὃν

624 4638 746 4686 erat
774 4632 989 4686 ratione
1017 4629 1461 4686 demonstratum
1512 4637 1682 4684 esset.
1728 4628 1810 4681 Ad
1843 4626 2209 4682 exhibendam

2318 4628 2425 4682 ἔδει
2487 4628 2644 4698 λόγον
2709 4632 3032 4703 ὲπιδειχθέν.
3103 4636 3429 4711 ἰκανωτάτη
3488 4641 3599 4713 γὰρ
3657 4638 3769 4691 λίαν
3810 4636 3875 4698 εἰς

626 4723 774 4776 enim
798 4738 861 4776 ac
886 4721 1392 4793 repraesentandam
1421 4718 1511 4776 Dei
1540 4735 1604 4774 ac
1635 4718 1816 4773 Patris
1842 4718 2210 4773 substantiam

627 4817 752 4885 plus
793 4814 929 4870 satis
957 4814 1158 4869 sulticit
1189 4811 1581 4882 contemplatio
1618 4809 1850 4873 Christi,
1898 4808 1994 4880 qui
2053 4816 2209 4877 opta-

627 4907 906 4961 tissimttm
967 4906 1103 4962 illud
1164 4906 1338 4961 decus
1386 4903 1587 4975 regalis
1643 4902 1789 4956 unde
1855 4901 2072 4973 genitus
2128 4909 2211 4957 est

627 5000 954 5055 substantia:
990 5008 1144 5055 recte
1176 5010 1231 5054 et
1290 5005 1550 5052 accurate
1595 4995 1877 5065 exprimit.
1939 4996 1983 5048 Α
2026 4996 2208 5049 fructu

625 5092 771 5148 enim
823 5093 990 5148 arbor
1025 5092 1399 5163 cognoscitur,
1444 5088 1603 5158 juxta
1661 5087 1838 5158 ipsius
1895 5086 2210 5143 Servatoris

626 5199 815 5239 vocem
849 5182 918 5237 ⁸⁸.
961 5183 1096 5238 Cum
1147 5182 1315 5252 igitur
1359 5178 1481 5234 Filii
1532 5178 1923 5247 contemplatio
1981 5179 2207 5235 cordato

626 5272 865 5329 sumciat
907 5272 974 5327 ad
1019 5270 1514 5327 demonstrandum
1567 5278 1622 5325 et
1656 5276 1852 5324 exacte
1899 5268 2206 5325 docendum

625 5364 888 5435 quidnam
939 5365 1009 5418 sit
1060 5361 1367 5418 secundum
1409 5370 1663 5416 naturam
1694 5370 1747 5417 et
1803 5361 1927 5431 ejus
1971 5362 2206 5433 genitor,

624 5470 1071 5527 supervacaneus
1096 5454 1287 5507 forsan
1308 5453 1567 5524 discipuli
1593 5469 1776 5510 sermo
1804 5453 1969 5509 videri
1995 5461 2205 5524 potest:

625 5564 841 5603 summa
870 5556 1054 5600 tamen
1103 5543 1265 5600 laude
1313 5561 1423 5603 non
1472 5547 1700 5601 carebit.
1761 5544 1870 5601 Nec
1904 5548 2050 5602 enim
2088 5562 2205 5601 me-

622 5638 890 5693 diocriter
980 5629 1362 5689 admirandum
1439 5652 1563 5693 esse
1638 5647 1806 5708 puto,
1895 5652 2020 5690 cum
2091 5638 2204 5691 ait:

2318 4721 2667 4793 παράστασιν
2723 4725 2824 4794 τῆς
2886 4726 3076 4791 οὐσίας
3136 4728 3230 4782 τοῦ
3278 4729 3413 4783 Θεοῦ
3462 4734 3558 4786 καὶ
3602 4728 3872 4802 Πατρὸς,ή

2318 4813 2557 4884 Χριστοῦ
2588 4812 2811 4888 θεωρία,
2847 4816 3026 4882 καλῶς
3065 4836 3123 4872 τε
3172 4822 3265 4873 καὶ
3299 4822 3546 4894 ἀκριϐῶς
3590 4820 3871 4893 ἐξυφαίνον-

2317 4922 2408 4970 τος
2437 4906 2497 4959 τὺ
2528 4906 2850 4979 ἀξιέραστον
2890 4910 3105 4976 κάλλος,
3140 4914 3240 4983 τῆς
3265 4914 3387 4967 ὅθεν
3414 4915 3580 4986 ἐξέφυ
3614 4909 3871 4986 βασιλικῆς

2316 4998 2523 5062 οὐσίας.
2564 4999 2695 5051 Ἀπὸ
2721 5000 2827 5073 γὰρ
2860 5000 2954 5054 τοῦ
2977 5003 3191 5075 καρποῦ
3217 5006 3275 5059 τὸ
3299 5006 3512 5080 δένδρον
3541 5003 3868 5076 ἐπιγινώσκε-

2316 5106 2429 5150 ται,
2456 5089 2596 5143 κατὰ
2624 5090 2722 5160 τὴν
2748 5090 2912 5145 αὑτοῦ
2945 5092 3038 5146 τοῦ
3064 5095 3315 5168 Σωτῆρος
3354 5100 3559 5169 φωνήν.
3607 5090 3868 5167 Ἐξαρκού·

2319 5197 2419 5250 σης
2441 5179 2728 5251 τοιγαροῦν
2755 5180 2832 5251 τῷ
2850 5198 2913 5251 γε
2950 5182 3097 5251 ἅπαξ
3130 5186 3335 5257 συνετῷ
3356 5190 3456 5259 τῆς
3488 5188 3580 5242 τοῦ
3602 5186 3722 5240 Υίοῦ
3752 5184 3864 5237 Osto-

2316 5273 2440 5342 ρίας
2474 5275 2553 5336 εἰς
2575 5273 2920 5342 παράστασίν
2950 5294 3008 5329 τε
3038 5278 3130 5331 καὶ
3159 5280 3362 5351 ἀκριϐῆ
3394 5279 3773 5353 πληροφορίαν,
3795 5272 3864 5333 τίς

2314 5363 2380 5414 ἂν
2403 5362 2488 5433 εἴη
2543 5363 2685 5417 κατὰ
2732 5364 2893 5433 φύσιν
2931 5366 3026 5420 καὶ
3052 5368 3367 5439 όγεννήσας
3402 5370 3565 5423 αὐτόν
3589 5386 3602 5401 ο
3638 5362 3859 5437 περιττὸς

2319 5454 2416 5523 μὲν
2440 5455 2621 5518 ἴσωςὸ
2646 5456 2738 5509 τοῦ
2774 5457 3019 5528 μαθητοῦ
3069 5458 3320 5529 φαίνεται
3368 5461 3546 5530 λόγος,
3601 5460 3731 5528 πλὴν
3777 5453 3858 5506 οὐκ

2315 5545 2421 5611 ἔξω
2451 5547 2694 5601 κείσεται
2721 5547 2831 5601 τῶν
2855 5552 2932 5614 εἰς
2959 5551 3129 5623 ἄκρον
3163 5552 3398 5606 ἐπαίνων
3430 5554 3685 5624 ἡκόντων.
3710 5544 3855 5602 Αὑτὸν

2314 5639 2422 5710 γὰρ
2450 5635 2603 5710 οἶμαι
2648 5641 2756 5694 δεῖν
2813 5643 2873 5695 οὐ
2933 5643 3171 5714 μετρίως
3208 5644 3597 5717 ἀποθαυμάσαι
3619 5643 3853 5711 λέγοντα·

698 5813 744 5845 ’⁵
779 5811 950 5885 Exod.
990 5824 1204 5877 xxxm,
1261 5810 1354 5865 20.
1434 5812 1478 5844 ⁸³
1516 5811 1556 5864 ll
1592 5813 1719 5868 Cor.
1773 5831 1845 5880 iv,
1896 5818 1949 5871 It.
2031 5817 2078 5846 ’τί
2135 5816 2211 5873 Ma

2316 5856 2323 5871 .
2382 5834 2490 5884 xu,
2526 5821 2617 5875 55.
