4096 6480
1250 387 1321 443 ἱΝ
1358 386 1645 445 JOANNIS
1676 381 2127 443 EVANGEIUM
2175 384 2306 442 ΜΒ.
2340 384 2429 439 tx.

3378 386 3486 443 202

245 513 269 547 ο
292 492 474 559 Δεῖξον
495 496 627 565 ήμτν
654 495 747 549 τὸν
775 497 1014 571 Πατέρα,
1037 500 1130 554 καὶ
1167 502 1328 573 ἀρκεῖ
1354 504 1511 574 ήμῖν.
1532 522 1552 555 ι
1587 501 1801 574 Ὅμοιοι

1920 519 1941 553 ι
1975 499 2213 557 Ostende
2258 499 2419 557 nobis
2461 497 2701 565 Patrem,
2747 509 2803 554 et
2840 498 3040 556 subicit
3064 498 3249 556 nobis.
3280 520 3304 555 δ
3341 500 3493 560 Idem

237 588 348 659 γὰρ
374 588 451 652 ὼς
482 590 531 641 εί
554 588 657 660 ἔφη
688 591 847 661 τυχόν
869 609 883 624 ·
934 593 1123 665 Πάσης
1158 595 1225 649 ἂν
1256 597 1389 651 είσω
1418 594 1674 665 γενέσθαι
1709 594 1813 665 τῆς

230 678 503 750 θυμηδίας
530 681 1097 755 όμολογήσαιμεν,καὶ
1114 687 1252 758 πρὸς
1270 688 1330 741 τὸ
1356 684 1493 741 εἶναι
1522 685 1812 759 μακαρίως

235 767 389 821 οὐδέν
411 768 529 821 ἐστι
562 767 674 840 [γρ.
704 770 809 843 ἐτι]
855 772 918 825 τὸ
964 773 1150 830 λεῖπον
1211 777 1568 848 ζητήσαιμεν,
1620 776 1671 829 εί
1712 775 1812 845 τῆς

232 859 329 913 τοῦ
363 860 499 915 Θεοῦ
530 864 630 916 οιαὶ
663 864 877 938 Πατρὸς
920 867 1287 941 ἀξιωθείημεν
1317 870 1651 925 πολυεύκτου
1683 869 1811 932 θέας

232 954 326 1004 καὶ
347 952 521 1007 αὐτοί.
566 954 623 1007 ὐ
656 955 713 1008 δὲ
753 958 954 1024 παντὸς
1014 960 1262 1031 προθεὶς.
1287 959 1519 1030 ἀγαθοῦ,
1570 960 1668 1014 καὶ
1714 958 1809 1013 τοῦ

227 1042 517 1109 δοκοῦντος
567 1047 948 1119 εἰςιεύθυμίαν
1008 1052 1303 1118 συντελεῖν,
1331 1054 1433 1125 τὴν
1468 1051 1563 1108 τοῦ
1596 1052 1811 1125 Πατρὺς

220 1132 387 1199 θέαν,
426 1134 544 1201 πῶς
576 1138 677 1191 οὐκ
701 1138 769 1192 ἂν
794 1140 1111 1210 ὁμολογοῖτο
1142 1142 1340 1207 παντὸς
1369 1144 1636 1216 ὑπάρχειν
1659 1144 1809 1210 ἄξιος

227 1225 549 1297 θαύματος;
600 1230 756 1286 Οὕτω
788 1233 886 1303 μὲν
915 1230 1009 1288 οὖν
1029 1235 1099 1289 τὰ
1127 1238 1186 1291 ἐν
1208 1236 1287 1308 τῷ
1323 1236 1668 1308 προκειμένῳ
1695 1237 1809 1291 δια-

220 1316 536 1390 ληψόμεθα,
572 1322 826 1393 καθάπερ
872 1319 1048 1396 οἶμαι,
1074 1327 1215 1383 κατὰ
1242 1330 1344 1400 τήν
1375 1329 1600 1400 εύστιδῆ
1632 1346 1691 1383 τε
1716 1329 1810 1382 καί

212 1411 610 1485 ἁπλουστέραν
628 1420 741 1480 τοῖς
802 1419 1014 1484 πολλοῖς
1046 1420 1298 1494 θεωρίαν.
1325 1422 1387 1475 El
1414 1422 1470 1475 δὲ
1494 1424 1600 1493 χρή
1629 1440 1681 1475 τι
1715 1422 1809 1476 καὶ

220 1506 651 1577 περιεργότερον
686 1508 832 1576 ἰδεῖν,
876 1511 971 1565 καὶ
1013 1513 1152 1582 τάχα
1180 1530 1233 1566 τι
1260 1512 1370 1567 τῶν
1408 1506 1807 1586 κεκρυμμένων

215 1594 428 1660 εἰπεῖν,
486 1598 783 1669 οίησόμεθά
820 1618 874 1653 τι
917 1602 1007 1656 τὸν
1051 1603 1318 1659 Φίλιππον
1348 1606 1554 1676 φράσαι
1580 1623 1639 1658 τε
1670 1604 1806 1674 ὁμοῦ

216 1683 322 1735 καὶ
379 1685 571 1753 νοῆσαι
620 1688 877 1744 τοιοῦτον.
944 1681 1351 1748 Κατεδάκνοντό
1392 1696 1521 1766 γὰρ,
1572 1696 1664 1747 ἐπὶ
1692 1696 1807 1757 τοῖς

212 1773 318 1827 τοῦ
354 1776 603 1848 Σωτῆρος
633 1779 926 1851 θαύμασιν,
949 1783 999 1834 οί
1020 1783 1129 1835 τῶν
1169 1786 1438 1840 Ἰουδαίων
1468 1786 1804 1857 προεστηκός

215 1879 339 1928 τες,
371 1866 466 1918 καὶ
493 1868 629 1937 πρὸς
652 1868 863 1933 τούτοις
902 1870 984 1924 ἔτι
1032 1873 1071 1923 Γ
1074 1877 1388 1945 ραμματείς
1424 1893 1486 1930 τε
1518 1876 1614 1929 καὶ
1641 1877 1804 1945 Φαρι-

218 1957 393 2020 σαίοι,
431 1957 525 2009 καὶ
582 1961 702 2020 ταῖς
746 1961 1078 2033 ἀμετρήτοις
1129 1962 1498 2035 θεοσημείαις,
1556 1966 1805 2037 καθάπερ

212 2048 334 2099 τισὶ
369 2048 536 2111 λίθοις
560 2050 642 2112 εἰς
697 2052 923 2122 καρδίαν
971 2054 1307 2126 βαλλόμενοι,
1348 2058 1442 2112 καὶ
1472 2058 1805 2130 ἐρρήγνυντο

214 2139 297 2209 τῷ
325 2140 529 2212 φθόνῳ,
560 2143 655 2196 καὶ
682 2143 873 2213 δρᾶσαι
901 2145 999 2215 μέν
1024 2165 1077 2200 τι
1111 2148 1248 2219 πρὸς
1275 2148 1469 2213 ταῦτα,
1498 2151 1591 2203 καὶ
1618 2167 1807 2220 τερατ-

213 2229 527 2298 ουργοῦντα
574 2231 895 2287 διακωλύειν
948 2236 1018 2288 δι’
1059 2237 1276 2302 οὐδενὸς
1334 2238 1539 2310 ίσχύειν
1604 2241 1804 2311 ᾔδεσαν

211 2320 428 2391 τρόπου
455 2337 468 2351 ·
520 2322 872 2395 διασύροντες
925 2327 982 2381 δὲ
1033 2330 1174 2383 οὕτω
1202 2331 1271 2384 τὰ
1298 2332 1619 2402 παραδόξως
1643 2351 1804 2403 γεγε-

208 2410 456 2480 νημένα,
485 2413 579 2465 καὶ
608 2417 720 2477 τοῖς
746 2414 804 2480 ἐξ
820 2417 1033 2487 ἀπάτης
1054 2420 1593 2492 κατασμικρύνοντες
1625 2423 1804 2488 λόγοις

212 2503 319 2572 τὴν
349 2502 508 2567 δόξαν
538 2505 725 2570 αὐτοῦ,
751 2508 862 2561 ἄνω
879 2526 939 2562 τε
957 2510 1050 2564 καὶ
1078 2511 1228 2565 κάτω
1245 2511 1343 2583 τὴν
1370 2512 1479 2566 τῶν
1533 2514 1804 2568 Ἰουδαίων

211 2590 527 2656 διαθέοντες
574 2594 780 2666 χώραν,
828 2597 995 2669 αύτήν
1024 2615 1083 2653 τε
1120 2600 1220 2671 τὴν
1264 2601 1639 2673 Ἰερουσαλήμ,
1674 2605 1803 2657 ποτὲ

213 2684 323 2752 μὲν
384 2684 620 2755 ἔφασκον
664 2688 721 2739 ὲν
776 2687 1103 2755 Βεελζεὸοὺλ
1144 2693 1308 2747 αὑτὸν
1361 2694 1689 2765 ἐργάζεσθαι
1734 2697 1803 2750 τὰ

206 2779 428 2845 σημεῖα
448 2793 461 2807 ⁸
518 2778 651 2831 ποτὲ
677 2778 733 2831 δὲ
780 2780 946 2834 πάλιν
972 2784 1053 2846 είς
1091 2783 1392 2846 ἀκάθεκτον
1420 2786 1618 2855 μανίαν
1661 2787 1801 2853 ὲξοι-

208 2866 567 2938 στρούμενοι,
622 2869 884 2943 δαιμονᾷν
946 2873 1047 2943 μὲν
1099 2874 1358 2944 ἔφασκον,
1389 2878 1489 2930 οὐκ
1518 2878 1715 2932 είδέναι
1742 2878 1799 2932 δὲ

205 2960 247 3012 ἃ
305 2976 497 3031 φησιν.
566 2962 870 3034 Ἐπετίμων
930 2965 1038 3036 γὰρ
1080 2968 1193 3031 τοῖς
1270 2966 1450 3038 ὄχλοις
1513 2967 1797 3038 λέγοντες·

210 3067 231 3100 ε
263 3050 563 3121 Δαιμόνιον
579 3051 715 3123 ἔχει,
758 3053 852 3107 καὶ
872 3055 1133 3125 μαίνεται
1202 3058 1257 3108 τί
1297 3057 1460 3111 αὐτοῦ
1499 3059 1794 3124 ἁκούετε;ι

205 3322 494 3387 εὐκλείαις
513 3324 801 3396 άφορήτως
831 3327 1308 3401 ἀντεγειρόμενος,
1335 3331 1418 3395 τίς
1447 3333 1502 3387 δὲ
1532 3327 1686 3397 οὗτος
1708 3329 1796 3404 ἦν,

204 3412 531 3481 ἀναγκαίως
552 3414 682 3486 ἐρῶ.
740 3416 1047 3471 Ἀνέπειθον
1072 3418 1180 3491 γάρ
1223 3422 1348 3485 τοὺς
1387 3421 1612 3493 δήμους,
1632 3423 1802 3476 καθά-

206 3520 325 3576 περ
400 3505 605 3575 ἀρτίως
648 3505 954 3577 ἐδείξαμεν,
974 3510 1064 3562 τὸν
1109 3510 1208 3581 μὲν
1240 3513 1390 3583 παρὰ
1422 3512 1516 3567 τοῦ
1545 3514 1800 3585 Σωτῆρος

205 3594 380 3665 ἡμῶν
400 3596 474 3667 μὴ
495 3597 813 3667 προσίεσθαι
831 3598 1319 3673 λόγον,άποφοιτᾷν
1340 3604 1416 3668 δὲ,
1438 3604 1514 3667 ὡς
1528 3604 1803 3660 διδάσκον-

207 3702 306 3749 τος
347 3687 498 3759 παρὰ
548 3689 639 3742 τὸν
685 3690 869 3762 νόμον,
918 3692 1015 3746 καὶ
1044 3692 1119 3757 ὡς
1177 3695 1517 3766 πορρωτάτω
1575 3696 1802 3766 φεύγειν

205 3778 540 3847 ἐπείγεσθαι
558 3821 573 3844 ,
600 3783 954 3853 προσκεῖσθαι
987 3784 1043 3838 δὲ
1085 3785 1285 3856 μᾶλλον
1303 3789 1415 3851 τοῖς
1442 3788 1529 3842 διὰ
1552 3790 1798 3854 Μωσέως

208 3873 689 3944 τεθεσπισμένοις.
724 3876 833 3929 Καὶ
852 3876 940 3930 διὰ
970 3878 1130 3930 ποίαν
1148 3878 1329 3932 αίτίαν
1350 3895 1365 3944 ;
1383 3881 1662 3951 Ἕφασκον
1690 3883 1799 3954 γὰρ

209 3965 295 4017 δτι
341 3966 548 4035 Μωσῆς
571 3967 669 4037 μὲν
696 3968 727 4020 6
760 3968 934 4039 μέγας
957 3971 1085 4034 τοὺς
1123 3969 1292 4025 πάλαι
1316 3971 1478 4037 λαοὺς
1504 3973 1796 4046 ἐξήνεγκεν

208 4055 289 4119 τις
324 4057 653 4128 συνάντησιν
681 4059 774 4113 τοῦ
800 4060 934 4114 Θεοῦ
952 4102 967 4127 ,
999 4064 1142 4117 κατὰ
1168 4064 1229 4116 τὸ
1257 4067 1667 4135 γεγραμμένον,
1702 4068 1798 4119 καὶ

210 4148 565 4220 παρέστησεν
598 4152 689 4204 ἐπὶ
715 4152 773 4205 τὸ
796 4152 922 4225 ὅρος
950 4155 1010 4207 τὸ
1036 4156 1196 4222 Σινᾶ,
1246 4156 1413 4221 ἐδειξέ
1439 4174 1498 4209 τε
1532 4158 1718 4222 αὐτοῖς
1742 4159 1798 4213 ὲν

210 4236 290 4309 τῷ
336 4239 455 4309 δρει
474 4239 567 4292 τὸν
592 4240 723 4294 Θεὸν
742 4283 756 4308 ,
784 4243 880 4296 καὶ
910 4243 1141 4297 ἀκοῦσαι
1174 4246 1552 4318 παρεσκεύασε
1581 4246 1688 4301 τῶν
1714 4248 1801 4300 λό-

211 4345 333 4397 γων
373 4329 1044 4405 αὑτοῦ,πεπληροφόρηκέ
1076 4351 1133 4387 τε
1163 4336 1255 4388 καὶ
1286 4335 1431 4406 μάλα
1460 4336 1669 4405 σαφῶς,
1716 4338 1798 4391 ὅτι

204 4420 354 4485 Θεὸς
380 4420 556 4475 ἐλάλει
596 4423 721 4487 τοὺς
764 4423 963 4493 νόμους
988 4439 1001 4455 ο
1055 4426 1084 4475 6
1114 4423 1171 4477 δὲ
1216 4425 1421 4478 τούτων
1447 4424 1596 4478 οὐδὲν
1626 4424 1794 4491 ἔδειξε

1913 593 2058 648 enim
2093 603 2179 648 est
2208 607 2274 648 ac
2300 592 2347 648 si
2375 592 2563 648 forsan
2593 591 2838 647 diceret:
2867 589 3032 646 Omni
3064 589 3247 662 gaudii
3286 608 3488 663 genere

1912 701 2017 741 nos
2049 684 2362 740 cumulatus
2397 684 2714 747 fatebimur,
2772 698 2875 739 nec
2905 682 2972 737 ad
3022 682 3336 739 felicitatem
3382 683 3485 739 ali-

1914 774 2043 845 quid
2068 774 2213 830 ultra
2243 775 2608 845 requiremus,
2643 772 2689 828 si
2714 771 2810 829 Dei
2833 787 2899 827 ac
2931 771 3115 829 Patris
3141 773 3486 844 optatissima

1914 865 2074 937 775
2104 865 2317 922 visione
2351 864 2461 921 frui
2498 864 2735 921 licuerit.
2789 865 2981 937 Atqui
3016 864 3191 921 Patris
3218 865 3484 922 visionem

1913 958 2074 1013 bonis
2103 956 2362 1013 omnibus
2390 971 2454 1013 ac
2478 957 2645 1013 rebus
2670 974 2790 1029 qua:
2824 958 2890 1013 ad
2925 957 3239 1013 felicitatem
3278 958 3488 1013 condu—

1914 1065 2038 1104 cere
2060 1050 2313 1104 videntur
2342 1049 2663 1119 anteponit,
2701 1064 2768 1104 an
2800 1065 2907 1105 non
2942 1050 3091 1105 omni
3116 1051 3486 1108 admiratione

1914 1141 2115 1211 dignus
2154 1140 2523 1212 praedicetur?
2561 1139 2661 1195 Hic
2692 1141 2913 1212 quidem
2967 1152 3051 1197 est
3076 1143 3345 1213 propositi
3374 1143 3483 1197 loci

1914 1232 2113 1302 planus
2141 1241 2195 1286 et
2228 1231 2461 1303 simplex
2490 1247 2710 1288 sensus.
2752 1230 2948 1287 Verum
2983 1234 3036 1289 si
3092 1234 3401 1289 abstrusius
3432 1243 3488 1290 et

1912 1324 2189 1380 curiosius
2220 1324 2477 1395 quiddam
2521 1324 2855 1379 afferendum
2892 1332 2996 1389 est,
3043 1326 3153 1380 tale
3195 1325 3327 1395 quid
3358 1324 3487 1380 Plii-

1914 1412 2117 1483 lippum
2147 1413 2359 1470 dixisse
2392 1421 2447 1467 et
2474 1415 2748 1483 cogitasse
2781 1414 3117 1482 putabimus.
3167 1413 3483 1469 Judreorum

1909 1506 2214 1575 praepositi,
2255 1515 2310 1561 et
2368 1505 2575 1561 Scribat
2626 1515 2790 1575 atque
2828 1503 3114 1569 Pharisaai,
3177 1504 3486 1562 Servatoris

1912 1596 2196 1652 miraculis
2245 1597 2647 1669 pungebantur,
2693 1605 2747 1651 et
2794 1596 3101 1651 innumeris
3150 1596 3323 1667 signis
3375 1612 3484 1651 non

1911 1702 2078 1741 secus
2103 1702 2165 1741 ac
2189 1688 2462 1758 lapidibus
2484 1686 2647 1759 petiti
2673 1686 2876 1742 invidia
2901 1686 3321 1756 rumpebantur,
3346 1685 3487 1742 scie-

1914 1779 2151 1849 bantque
2180 1796 2239 1837 se
2268 1781 2419 1835 nullo
2460 1779 2624 1835 modo
2664 1795 2830 1850 posse
2861 1778 3133 1834 adversus
3164 1794 3287 1833 eum
3327 1777 3483 1847 quid-

1839 1858 1882 1921 Β
1912 1884 2076 1939 quam
2125 1886 2307 1941 agere,
2342 1878 2435 1924 aut
2485 1885 2607 1923 eum
2637 1885 2666 1923 a
2720 1868 3005 1923 miraculis
3032 1868 3266 1923 edendis
3300 1866 3485 1938 probi-

1912 1960 2041 2015 bere
2070 1978 2085 2014 :
2115 1960 2210 2015 sed
2246 1961 2532 2031 stupendis
2595 1960 2703 2014 illis
2736 1968 2791 2015 et
2820 1958 3054 2014 insolitis
3087 1960 3348 2030 operibus
3387 1958 3485 2014 dc—

1908 2049 2223 2113 traltentes,
2261 2064 2325 2105 ac
2393 2049 2630 2106 versutis
2662 2050 3011 2105 sermonibus
3075 2051 3197 2119 ejus
3251 2052 3478 2121 gloriam

1900 2139 2201 2204 elevantes,
2239 2141 2600 2212 bucillucque
2625 2139 2936 2195 Iudaeorum
2968 2140 3244 2211 regionem
3270 2142 3474 2212 ipsam-

1906 2246 2013 2299 que
2037 2228 2342 2286 Jerusalem
2384 2232 2676 2295 olreuntes,
2716 2230 2877 2286 modo
2910 2232 3134 2301 quidem
3166 2231 3389 2287 aiebant
3423 2233 3477 2288 in

1902 2321 2200 2379 ‘Beelzebul
2263 2339 2387 2378 eum
2454 2324 2613 2394 signa
2677 2323 2958 2391 facere";
3013 2323 3179 2382 modo
3234 2322 3479 2379 eﬁ'renati

1906 2412 2110 2469 furoris
2148 2422 2319 2470 (nstro
2354 2415 2541 2485 perciti
2576 2412 2909 2469 daemonium
2960 2414 3160 2472 habere
3209 2416 3482 2481 dicebant,

1904 2512 1959 2560 et
1981 2506 2192 2563 nescire
2210 2521 2333 2577 qute
2354 2508 2692 2578 loqueretur.
2718 2505 3082 2578 increpabant
3102 2507 3246 2562 enim
3268 2507 3481 2570 turbas,

1904 2595 2196 2653 dicentes:
2245 2615 2264 2649 ι
2318 2597 2659 2652 Daemonium
2718 2596 2905 2663 habet,
2956 2606 3009 2653 et
3053 2598 3302 2653 insanit:
3352 2585 3482 2668 qu'id

1903 2702 2026 2742 eum
2067 2689 2271 2745 auditis
2295 2690 2378 2742 "2
2419 2708 2438 2741 ι
2469 2688 2604 2756 Quae
2640 2704 2770 2744 vero
2823 2704 2992 2744 causa
3053 2689 3332 2747 exstiterit
3382 2705 3486 2745 cur

1901 2778 2021 2849 ejus
2040 2780 2224 2852 glorise
2247 2788 2536 2851 tantopere
2555 2780 2895 2845 resisterent,
2930 2781 3243 2837 necessario
3265 2780 3471 2835 dicam.

1900 2868 2310 2927 Persuadebant
2346 2873 2540 2936 turbis,
2571 2874 2732 2929 sicuti
2766 2873 2930 2929 modo
2948 2873 3472 2932 demonstravimus.

1900 2961 2207 3018 doctrinam
2247 2962 2554 3020 Servateris
2584 2966 2759 3021 nostri
2797 2981 2904 3020 non
2933 2964 3248 3029 admittere,
3287 2964 3381 3020 sed
3411 2965 3479 3019 ab

1901 3067 1966 3107 ea
2009 3052 2266 3108 recedere
2300 3062 2359 3108 ut
2382 3055 2484 3125 legi
2510 3057 2814 3121 contraria,
2838 3070 2900 3109 ac
2926 3055 3247 3124 longissime
3262 3053 3475 3125 fugere.

1904 3145 2305 3216 praee‘ptisque
2339 3144 2597 3202 Mosaicis
2639 3148 2821 3217 potius
2872 3146 3174 3200 adhaerere.
3214 3145 3323 3201 Cur
3364 3146 3485 3200 ita?

1907 3237 2140 3292 Aiebam.
2184 3237 2443 3291 nimirum
2480 3252 2738 3308 magnum
2813 3238 2963 3291 illum
3014 3235 3200 3292 Mosen
3247 3237 3483 3307 populos

1904 3328 2161 3384 eduxisse
2214 3328 2269 3382 in
2300 3328 2592 3383 occursum
2631 3327 2762 3392 Deo,
2794 3336 2855 3382 ut
2918 3329 3183 3399 scriptum
3226 3328 3402 3393 est",
3429 3337 3485 3383 et

1898 3420 1972 3475 ad
2007 3431 2242 3475 montem
2277 3419 2408 3475 Sina
2450 3422 2737 3488 statuisse,
2770 3422 2962 3491 eisque
2994 3420 3164 3475 Deum
3198 3419 3252 3474 in
3290 3432 3476 3474 monte

1904 3509 2239 3572 ostendisse.
2265 3517 2320 3564 et
2341 3508 2589 3565 eﬂ‘ecisse
2643 3517 2702 3564 ut
2738 3525 3020 3565 sermones
3044 3510 3169 3578 ejus
3201 3509 3480 3573 audirent,

1904 3604 2159 3673 clareque
2180 3602 2592 3658 demonstrasse
2616 3600 2708 3655 Dei
2733 3616 2828 3655 ore
2856 3601 3028 3670 legem
3064 3599 3304 3664 editam;
3334 3602 3481 3654 hunc

1905 3698 2085 3746 autem
2128 3692 2360 3748 istorum
2396 3691 2533 3745 nihil
2564 3692 2725 3761 plane
2755 3688 2974 3744 fecisse.
3018 3687 3143 3743 llaec
3178 3688 3305 3742 illos
3329 3687 3483 3743 iden-

1906 3784 2075 3839 tidem
2112 3783 2447 3847 inculcasse,
2482 3780 2609 3837 liinc
2638 3780 2902 3851 accipies.
2935 3778 3162 3836 Videbis
3197 3780 3343 3835 enim
3386 3795 3482 3836 eos

1900 3890 2107 3931 caecum
2143 3875 2294 3930 illum
2339 3890 2369 3929 a
2427 3874 2735 3938 nativitate,
2771 3887 2933 3943 quem
2975 3869 3238 3926 Servator
3290 3871 3481 3927 inetia-

1902 3968 1995 4023 bili
2027 3967 2230 4022 virtute
2269 3967 2504 4031 curavit,
2531 3966 2615 4021 liis
2654 3964 2837 4019 verbis
2871 3964 3299 4031 compellantes:
3336 3983 3354 4014 ι
3391 3961 3476 4017 Tu

1902 4056 2213 4126 discipulus
2272 4054 2422 4110 illius
2454 4055 2573 4111 sis:
2624 4070 2727 4109 nos
2757 4064 2936 4109 autem
2980 4052 3153 4124 Moysi
3213 4053 3477 4123 discipuli

1900 4162 2111 4202 sumus.
2179 4144 2291 4202 Nos
2361 4146 2509 4201 enim
2547 4146 2755 4201 scimus
2817 4145 2947 4216 quia
3010 4143 3180 4215 Moysi
3258 4143 3476 4199 loeutus

1900 4249 1984 4295 est
2009 4237 2169 4303 Deus,
2199 4238 2347 4293 hunc
2368 4254 2503 4292 vero
2534 4238 2811 4293 nescimus
2844 4237 2992 4291 unde
3011 4236 3168 4291 sit“.
3195 4254 3213 4288 ι
3236 4235 3480 4302 ριιίειιιιο

1900 4343 2008 4397 que
2036 4342 2167 4398 ergo
2195 4326 2444 4383 Judaicis
2470 4326 2687 4399 placitis
2720 4326 3185 4396 asripulabanlur,
3218 4326 3477 4381 invictam

1900 4426 1954 4469 et
2003 4414 2483 4485 inexpugnabilem
2523 4416 2667 4469 hanc
2703 4416 2976 4469 rationem
3019 4429 3142 4470 esse
3186 4415 3473 4484 putabant,

213 4509 523 4575 παντελῶς.
574 4512 695 4566 Ὅτι
742 4512 798 4565 δὲ
831 4505 985 4578 οὗτος
1025 4510 1093 4585 ἦν
1125 4514 1295 4579 πολὺς
1338 4515 1467 4586 παρ’
1495 4516 1725 4581 ἐκείνοις
1769 4518 1797 4571 6

1904 4506 2328 4576 torbabantque,
2364 4514 2423 4562 ut
2476 4506 2737 4562 credibile
2804 4515 2911 4571 est,
2966 4506 3130 4577 776
3174 4513 3341 4575 atque
3371 4505 3476 4559 hoc

208 4604 416 4672 λόγος,
456 4602 705 4657 ἐντεῦθεν
756 4605 996 4677 μαθήσῃ.
1049 4606 1355 4677 Θεωρήσεις
1397 4606 1505 4678 γὰρ
1540 4606 1797 4675 λέγοντας

215 4694 359 4765 πρὸς
382 4693 473 4747 τὸν
501 4694 565 4748 ὲκ
599 4695 825 4766 γενετῆς
852 4695 1080 4767 τυφλὸν,
1114 4696 1172 4752 ὃν
1197 4698 1420 4769 ἀρρήτῳ
1451 4698 1674 4769 δυνάμει
1708 4716 1795 4750 τε·

216 4785 561 4857 θεράπευκεν
615 4789 643 4840 6
687 4788 914 4859 Σωτήρ*
976 4808 994 4841 ι
1046 4788 1416 4861 Συμμαθητής
1459 4785 1511 4842 εἶ
1559 4790 1790 4853 ἐκείνου,

216 4878 383 4947 ἡμεῖς
414 4877 469 4931 δὲ
497 4877 593 4931 τοῦ
630 4879 872 4944 Μωσέως
914 4880 1080 4951 ἐσμὲν
1122 4880 1381 4951 μαθηταί.
1445 4881 1638 4951 Ἡμεῖς
1685 4882 1793 4951 γὰρ

217 4970 442 5039 οἴδαμεν
468 4970 549 5022 ὅτι
580 4971 753 5041 Μωσῇ
786 4970 1079 5042 λελάληκεν
1112 4974 1141 5025 6
1169 4972 1300 5036 Θεός
1322 4987 1338 5003 ⁸
1386 4970 1573 5027 τοῦτον
1611 4973 1668 5025 δὲ
1693 4974 1795 5027 ούκ

218 5060 444 5129 οἴδαμεν
471 5060 634 5113 πόθεν
658 5061 826 5115 ἐστίν.
859 5081 877 5113 i
928 5063 1205 5134 Ἐνόμιζον
1229 5064 1410 5117 τοίνυν
1436 5065 1485 5117 οἱ
1515 5066 1627 5127 τοῖς
1668 5064 1794 5117 Ἰου-

219 5150 428 5213 δαϊκοῖς
478 5153 933 5222 συναγορεύοντες
976 5155 1241 5225 δόγμασι,
1292 5154 1793 5224 δυσανταγώνιστον

218 5257 345 5294 τινα
372 5242 465 5294 τὸν
489 5243 585 5294 ἐπὶ
603 5243 810 5308 τούτοις
836 5246 1103 5300 ποιεῖσθαι
1139 5247 1316 5316 λόγον,
1347 5247 1440 5301 καὶ
1467 5248 1566 5301 οὐκ
1600 5246 1795 5301 εὐανά-

220 5348 455 5403 τρεπτον
488 5336 600 5397 τοῖς
647 5334 893 5399 πολλοῖς,
941 5337 1232 5408 ἐθορύϐουν
1256 5338 1333 5405 δὲ,
1360 5339 1434 5403 ὡς
1483 5339 1656 5404 εἰκὸς,
1701 5340 1794 5393 καὶ

222 5422 575 5490 ύπεσκέλιζον
624 5424 710 5479 διὰ
740 5426 930 5479 τούτου
965 5428 1213 5492 πολλούς.
1257 5429 1430 5482 Τοῦτο
1456 5430 1577 5482 καθ’
1601 5428 1793 5483 ἑαυτὸν

221 5511 477 5582 ἐννοήσας
512 5514 551 5566 6
573 5514 838 5578 Φίλιππος
857 5556 873 5581 ,
922 5516 998 5580 ὡς
1022 5517 1396 5589 λυθησομένης
1447 5518 1664 5588 ἀπάσης
1693 5516 1792 5587 τῆς

221 5600 330 5656 τύν
377 5603 645 5656 Ἰουδαίων
686 5603 1021 5672 ἀντιλογίας,
1066 5607 1113 5658 εί
1150 5606 1244 5658 καὶ
1291 5606 1452 5670 αὐτὸς
1487 5604 1708 5668 δείξειεν
1764 5605 1793 5656 6

297 5782 339 5813 "
382 5783 511 5840 Luc.
546 5797 621 5848 at,
662 5786 747 5843 ts.
824 5786 871 5819 ⁸⁸
917 5782 1078 5842 Joan.
1112 5802 1167 5850 χ,
1197 5787 1287 5842 ‘20.

544 5878 810 5951 Python.
848 5879 967 5942 Gn.
1008 5879 1256 5941 LXXIV.

1903 4598 2069 4651 modo
2107 4599 2308 4653 multos
2345 4595 2699 4668 dejiciebant.
2740 4596 2855 4651 Hoc
2897 4595 3040 4666 apud
3073 4612 3131 4650 se
3182 4594 3471 4665 Philippus

1902 4687 2211 4750 revolvens,
2234 4686 2392 4756 quasi
2419 4687 2601 4741 omnis
2631 4686 2725 4740 illa
2752 4684 3067 4740 Judzeorum
3088 4683 3330 4753 objectio
3354 4685 3479 4737 fun-

1896 4776 2051 4832 ditus
2074 4778 2294 4832 ruitura
2326 4786 2494 4844 esset,
2536 4778 2584 4833 si
2615 4784 2670 4832 et
2701 4779 2818 4847 ipse
2846 4776 3101 4831 Christus
3124 4774 3476 4831 credentibus

1900 4868 1954 4922 in
2018 4868 2200 4938 ipsum
2268 4866 2485 4923 Patrem
2539 4866 2888 4934 ostenderet,
2943 4867 3029 4921 bis
3099 4881 3224 4921 eum
3290 4866 3473 4922 verbis

1898 4960 2231 5030 compellat:
2290 4979 2310 5012 ι
2352 4960 2602 5025 Domine,
2643 4960 2877 5016 ostende
2918 4958 3080 5014 nobis
3138 4956 3377 5022 Patrem,
3420 4965 3476 5011 et

1900 5051 2099 5107 sufﬁcit
2133 5052 2316 5109 nobis.
2339 5071 2357 5105 ι
2380 5050 2549 5123 Finge
2571 5050 2717 5107 enim
2746 5052 2860 5105 hate
2881 5066 3007 5106 eum
3040 5049 3218 5120 loqui:
3253 5046 3471 5111 Omnia,

1901 5147 2097 5215 inquit,
2139 5159 2173 5197 ο
2235 5143 2484 5207 Domine,
2525 5150 2618 5195 tua
2666 5149 2937 5212 potestate
2974 5149 3309 5212 peraguntur
3352 5157 3474 5211 quae

1899 5251 1999 5290 nos
2032 5237 2099 5289 ad
2160 5235 2320 5289 fidem
2356 5233 2663 5299 inducunt;
2696 5233 3003 5289 innumeris
3064 5232 3347 5286 miraculis
3372 5231 3473 5286 Ja-

1899 5326 2071 5380 daica:
2135 5324 2489 5396 procacitatis
2550 5324 2929 5393 intemperiem
2995 5336 3252 5378 coercere
3324 5322 3470 5376 licet.

1898 5415 2048 5471 Nihil
2086 5424 2268 5472 autem
2298 5416 2460 5471 nobis
2494 5416 2656 5486 plane
2689 5413 2928 5470 defuerit
2960 5414 3004 5467 si
3059 5423 3113 5469 et
3145 5415 3261 5484 ipse
3312 5413 3472 5468 nobis

1898 5508 2117 5563 Patrem
2153 5523 2216 5563 ac
2248 5507 2417 5563 Deum
2467 5507 2821 5564 ostenderis:
2872 5506 3102 5563 sulllciet
3130 5508 3274 5561 enim
3322 5505 3471 5561 istud

1901 5600 2355 5672 tuisdiscipulis,
2395 5608 2453 5656 ut
2486 5617 2677 5658 eorum
2728 5600 2823 5672 qui
2871 5600 2986 5656 haec
3023 5598 3307 5670 proferunt
3350 5612 3469 5655 ser-

1393 5787 1435 5818 "
1472 5784 1640 5841 Exod.
1693 5800 1806 5839 ιιι.
1844 5784 1929 5839 l7.
2005 5783 2051 5816 “
2081 5781 2241 5838 Joan.
2273 5800 2346 5850 ix,
2375 5783 2469 5850 28,
2497 5782 2591 5839 29.

2961 5869 2996 5932 ’1
