4096 6486
647 392 756 449 103
1617 386 1670 440 S.
1706 384 1982 441 CYRILIJ
2024 385 2491 442 ALEXANDRINI
2534 385 2856 442 ARCIIIEP.
2948 379 2954 383 ’
3843 391 3932 450 τοι

648 530 841 572 mones
876 511 1173 570 retundere
1209 509 1448 582 possint.
1497 508 1810 564 Istiusmodi
1857 523 2080 562 sensum
2129 508 2223 561 loc:

2343 509 2576 577 Χριστὸς
2605 509 2716 570 τοῖς
2746 510 2824 570 είς
2850 508 3013 560 αὑτὸν
3042 508 3352 562 πιστεύουσι
3385 510 3484 562 τὸν
3509 508 3764 581 Πατέρα,
3789 516 3932 583 πρὸς.

649 611 813 679 hujus
844 607 1157 671 aﬂ‘erentes,
1186 619 1214 660 a
1247 615 1394 661 recta
1453 603 1666 659 ratione
1701 601 2024 672 neutiquam
2077 599 2223 656 deer-

2339 617 2449 652 εισι
2477 600 2650 668 λέγων
2677 616 2692 631 ο
2735 618 2752 651 ι
2781 601 2954 672 Κύριε
2975 639 2988 665 ,
3029 600 3203 668 δεῖξον
3229 604 3359 672 ἡμῖν
3401 603 3504 655 τὸν
3544 603 3772 674 Πατέρα
3795 643 3810 669 ,
3855 611 3930 662 καί

648 703 914 757 rabimus.
949 698 1017 755 Ut
1048 700 1195 754 enim
1228 698 1336 753 hoc
1365 696 1528 752 modo
1562 695 2096 766 intelligamus.ipse
2131 707 2223 750 nos

2338 695 2501 762 ἀρκεῖ
2528 695 2678 764 ἡμῖν.
2709 712 2727 745 ι
2791 693 2993 747 Ἐννόει
3032 693 3142 764 γὰρ
3182 694 3412 764 λέγοντα
3435 712 3448 725 ·
3498 696 3726 758 Πάντα,
3763 699 3925 768 φησὶν,

650 795 933 864 Philippus
964 791 1160 864 adigit,
1192 789 1421 846 dicens:
1455 787 1662 844 Sumcit
1709 788 1871 844 nobis
1911 786 2100 842 videre
2130 785 2223 840 Pa-

2335 780 2380 838 ὦ
2404 787 2670 848 Δέσποτα,
2697 788 2776 850 είς
2802 787 2984 840 πίστιν
3011 787 3277 855 ἐπαγωγά
3313 789 3407 843 διὰ
3431 789 3540 859 τῆς
3570 790 3676 858 σῆς
3705 787 3930 853 ἐξουσίας

647 897 788 941 trem
821 894 874 941 et
903 884 1094 949 Deum,
1131 884 1292 953 quasi
1321 883 1422 938 hoc
1444 882 1624 937 solum
1668 879 2024 936 credentibus
2051 877 2195 932 desit
2219 897 2223 943 ς

2333 877 2569 930 τελεῖται
2591 918 2606 942 ,
2635 878 2723 932 διὰ
2766 880 2978 951 μυρίων
3009 880 3310 951 θαυμάτων
3350 883 3751 953 δυσωπήσειεν
3775 884 3835 937 ἄν
3859 901 3930 948 τις

648 975 768 1041 ipse
794 987 1016 1042 quoque
1040 970 1295 1026 Christus
1322 968 1727 1040 quodammodo
1759 967 2076 1038 persuadet,
2101 982 2223 1022 cum

2340 970 2438 1041 τῆς
2465 971 2573 1025 τῶν
2613 971 2882 1026 Ἰουδαίων
2927 973 3307 1042 γλωσσαλγίας
3356 973 3423 1027 τὺ
3477 975 3748 1044 ἀκρατὲς.
3797 976 3928 1029 Ἐπι-

648 1067 703 1119 in
738 1066 1097 1135 sequentibus
1128 1064 1204 1118 ait
1230 1082 1242 1117 :
1283 1083 1300 1115 ι
1344 1062 1525 1120 Verba
1551 1078 1672 1134 quae
1695 1078 1796 1134 ego
1829 1063 2028 1132 loquor
2050 1061 2223 1128 vobis,

2337 1064 2494 1136 λείψῃ
2525 1065 2568 1117 δ’
2606 1065 2675 1119 ἂν
2707 1067 2839 1136 ἡμῖν
2869 1068 2949 1126 είς
2981 1065 3045 1119 τὸ
3073 1066 3336 1137 παράπαν
3361 1066 3562 1130 οὐδὲν,
3595 1068 3645 1118 εἰ
3675 1067 3767 1119 καὶ
3791 1068 3929 1131 αὑτὸς

648 1173 677 1210 a
709 1158 919 1226 meipso
953 1171 1061 1210 non
1094 1157 1321 1227 loquor:
1355 1155 1520 1212 Pater
1545 1164 1728 1211 autem
1765 1156 1820 1210 in
1851 1170 1938 1210 me
1976 1168 2223 1220 manens,

2337 1158 2474 1226 ἡμῖν
2503 1156 2793 1220 ἐπιδείξεις
2831 1157 2923 1211 τὸν
2962 1158 3183 1229 Πατέρα
3216 1160 3310 1212 καὶ
3347 1158 3493 1212 Θεόν
3521 1177 3535 1189 ο
3587 1159 3812 1229 ἀρκέσει
3839 1161 3929 1230 γὰρ

646 1249 770 1317 ipse
808 1246 941 1302 facit
974 1247 1234 1318 opera".
1277 1265 1295 1299 ι
1331 1245 1489 1314 Quod
1516 1244 1794 1316 quomodo
1819 1243 1891 1299 sit
1921 1243 2223 1313 intelligen-

2338 1247 2496 1301 τοῦτο
2520 1251 2634 1312 τοῖς
2662 1252 2774 1313 σοῖς
2799 1250 3069 1321 μαθηταῖς
3085 1293 3099 1318 ,
3124 1253 3202 1315 εἰς
3224 1251 3283 1304 τὸ
3305 1251 3584 1306 δύνασθαι
3617 1251 3829 1315 λοιπὸν,
3853 1254 3928 1304 καί

644 1339 796 1401 dum.
826 1353 940 1394 non
970 1338 1495 1408 impraesentiarum,
1537 1336 1634 1393 sed
1678 1335 1855 1408 magis
1914 1335 2114 1390 idoneo
2176 1342 2223 1389 et

2343 1339 2490 1409 μάλα
2518 1340 2722 1406 καλῶς,
2740 1344 2853 1403 τοῖς
2884 1342 2994 1396 τῶν
3023 1346 3206 1397 ἐκεῖνα
3247 1342 3663 1414 προτεινόντων
3691 1341 3927 1396 καθοπλί-

645 1431 894 1500 proximo
925 1429 1141 1486 dicetur
1164 1431 1306 1485 loco.

2341 1429 2533 1494 ζεσθαι
2561 1429 2759 1500 λόγοις.
2811 1432 3084 1505 Τοιαύτην
3134 1436 3258 1487 τινὰ
3289 1433 3540 1505 Θεωρίαν
3583 1435 3702 1496 τοῖς
3732 1450 3928 1504 προκει-

645 1520 830 1590 μένοις
886 1521 1234 1585 ἐποίσαντες,
1280 1519 1381 1573 οὑκ
1410 1518 1509 1583 ἂν,
1564 1516 1752 1589 οἶμαι,
1819 1517 1915 1572 τοῦ
1968 1517 2274 1591 πρέποντος
2333 1519 2495 1590 λόγου
2539 1522 3042 1596 διαμαρτήσαιμεν.
3110 1527 3282 1580 Καλεῖ
3328 1526 3442 1599 γὰρ
3494 1528 3652 1596 ἡμᾶς
3707 1527 3837 1596 πρὸς
3875 1529 3926 1579 τὸ

642 1612 787 1665 οὑτω
815 1615 956 1668 νοεῖν
1007 1615 1102 1666 καὶ
1149 1613 1314 1677 αὑτὸς
1360 1615 1388 1666 ὁ
1439 1612 1745 1677 Φίλιππος,
1787 1612 1994 1680 λέγων·
2069 1613 2254 1683 Ἀρκεῖ
2292 1616 2428 1684 ἡμῖν
2474 1615 2535 1669 τὸ
2585 1616 2710 1670 ἰδεῖν
2747 1619 2837 1671 τὸν
2863 1620 3084 1690 Πατέρα
3115 1622 3208 1673 καὶ
3268 1621 3447 1683 Θεὸν,
3499 1621 3710 1673 ὡσανεὶ
3762 1618 3924 1673 τούτου

644 1704 739 1757 καὶ
777 1704 938 1774 μόνου
987 1707 1099 1767 τοῖς
1131 1704 1557 1757 πεπιστευκόσιν
1603 1703 2004 1768 ἐλλελοιπότος,
2033 1703 2283 1758 ὑποτιθεῖ
2320 1707 2375 1759 δέ
2417 1726 2534 1772 πως
2555 1749 2568 1770 ,
2622 1697 2715 1762 καὶ
2744 1711 2907 1775 αὑτὸς
2939 1715 2967 1766 ὁ
2998 1713 3223 1783 Σωτὴρ,
3257 1715 3313 1767 ἐν
3344 1717 3466 1777 τοῖς
3509 1712 3714 1782 ἐφεξῆς
3749 1711 3922 1764 εἰπών’

653 1819 668 1846 ι
697 1795 777 1849 Τὰ
818 1797 1064 1868 ῥήματα,
1104 1795 1139 1848 ἃ
1175 1795 1284 1862 ἐγὼ
1319 1796 1463 1864 λέγω
1515 1795 1664 1865 ὑμῖν,
1707 1797 1802 1849 ἀπ’
1833 1796 2072 1866 ἐμαυτοῦ
2098 1797 2157 1849 οὑ
2202 1795 2368 1866 λαλῶ,
2406 1801 2434 1851 δ
2465 1800 2520 1852 δέ
2553 1802 2744 1872 Πατὴρ
2775 1805 2832 1855 ἐν
2869 1804 2994 1873 ἐμοὶ
3025 1805 3203 1873 μένων
3224 1845 3237 1869 ,
3265 1807 3414 1859 ποιεῖ
3439 1805 3513 1857 τὰ
3545 1805 3686 1874 ἔργα
3714 1805 3878 1867 αὑτός.
3904 1821 3918 1852 ι

647 1887 721 1940 Τὸ
752 1888 808 1940 δέ
853 1887 1002 1950 ὅπως
1039 1888 1304 1959 προσήκει
1355 1886 1451 1940 καὶ
1493 1885 1652 1938 τοῦτο
1707 1889 1880 1954 νοεῖν,
1909 1887 2008 1940 οὑκ
2051 1888 2108 1938 ἐν
2151 1886 2231 1957 τῷ
2263 1890 2492 1960 παρόντι
2525 1891 2761 1962 μᾶλλον,
2811 1893 2927 1947 ἀλλ’
2958 1897 3016 1948 ἐν
3053 1893 3133 1965 τῷ
3189 1894 3646 1966 πρεπωδεστέρῳ
3693 1896 3783 1948 καὶ
3823 1899 3919 1962 γεί-

645 1999 757 2034 τονι
791 1979 1062 2046 λελέξεται
1091 1980 1260 2050 τόπῳ.

715 2073 859 2137 Χιν,
887 2073 940 2126 9.
993 2071 1137 2126 Dicit
1178 2073 1225 2126 ei
1257 2071 1455 2126 Iesus:
1491 2070 1664 2125 Tanto
1702 2080 1930 2138 tempore
1968 2069 2223 2124 vobiscum

2412 2071 2583 2141 Λέγει
2630 2072 2791 2138 αὑτῷ
2835 2077 2868 2128 ό
2921 2073 3186 2143 Ἰησοῦς’
3253 2075 3543 2140 Τοσούτῳ
3578 2076 3774 2144 χρόνῳ
3813 2077 3917 2147 μεθ’

645 2185 786 2232 sum,
817 2176 865 2220 et
893 2183 998 2220 non
1031 2165 1322 2237 cognovisti
1353 2180 1455 2232 me,
1497 2162 1789 2234 Philippe?
1819 2163 1921 2231 Qui
1954 2161 2091 2217 videt
2131 2178 2232 2226 me,

645 2261 784 2315 videt
813 2269 861 2313 et
890 2259 1137 2313 Patrem.

718 2353 1162 2410 lnexcusabilem
1195 2366 1321 2407 esse
1358 2349 1634 2422 discipulo
1661 2349 2026 2422 ignorantiam
2051 2355 2236 2403 osten-

645 2449 748 2502 dit.
779 2444 1120 2500 Diﬂicillima:
1149 2442 1295 2497 enim
1329 2443 1845 2514 contemplationes,
1867 2448 1921 2495 et
1952 2455 2073 2512 quae
2097 2439 2232 2495 sub-

645 2540 958 2595 tilissimam
1025 2534 1230 2607 ingenii
1286 2535 1460 2590 aciem
1514 2541 1573 2589 ut
1624 2533 2003 2603 percipiantur
2051 2531 2234 2602 requi-

644 2640 794 2697 runt,
824 2630 1047 2685 tametsi
1085 2626 1230 2682 haud
1263 2627 1464 2699 exiguo
1519 2626 1712 2682 forsan
1745 2634 2014 2697 tempore,
2070 2625 2233 2694 longo

639 2737 824 2780 tanien
848 2722 1035 2793 spatio
1069 2718 1468 2791 comprehendi
1518 2726 1751 2790 queunt,
1807 2720 1856 2774 si
1893 2717 2056 2772 modo
2113 2723 2233 2770 stu-

643 2815 793 2869 dium
824 2811 973 2868 adsit
1003 2830 1016 2864 :
1052 2811 1108 2865 in
1143 2811 1349 2880 quibus
1381 2825 1516 2865 vero
1551 2809 1688 2864 nihil
1719 2815 1807 2862 est
1840 2805 2105 2876 ambigui,
2137 2805 2232 2860 sed

641 2921 765 2977 quae
809 2912 959 2960 recta
990 2903 1311 2973 cognitione
1353 2908 1632 2966 constant,
1667 2901 1821 2955 nullo
1854 2899 2074 2970 negotio
2105 2913 2231 2969 per-

641 2997 944 3068 cipiuntur.
980 2993 1124 3060 Quid
1157 3008 1307 3064 ergo,
1363 2993 1564 3064 inquit,
1628 3011 1661 3047 υ
1691 2993 1963 3064 Philippe,
1996 2992 2230 3064 impedi-

641 3102 830 3148 mento
882 3091 1050 3146 fuerit
1097 3089 1398 3162 quominus
1443 3089 1685 3160 perfecte
1730 3103 1816 3144 me
1861 3103 2228 3159 agnosceres,

640 3186 908 3248 edissere,
940 3197 1149 3254 quaeso.
1206 3181 1357 3237 Licet
1383 3181 1528 3236 enim
1579 3188 1687 3235 tam
1736 3181 1962 3251 longum
2012 3187 2229 3250 tempus

639 3277 938 3342 eﬂluxerit,
971 3289 1084 3346 quo
1115 3289 1238 3331 sum
1270 3274 1576 3340 vobiscum,
1634 3282 1689 3329 et
1721 3273 1788 3328 ad
1819 3281 2023 3329 certam
2066 3272 2227 3328 ﬁdem

642 3369 878 3426 sutliciat
934 3382 1126 3424 eorum
1156 3381 1278 3438 quae
1307 3374 1359 3420 te
1397 3365 1614 3421 discere
1644 3364 1954 3435 oportebat,
2004 3363 2228 3420 dubitas

2338 2162 2506 2231 ὑμῶν
2533 2165 2680 2233 ειμι,
2734 2165 2833 2218 καί
2876 2168 2989 2221 οὐκ
3033 2165 3303 2235 ἔγνωκάς
3347 2184 3465 2236 με,
3524 2168 3822 2231 thauma;
3875 2171 3916 2219 '0

2335 2255 2608 2324 ἑωρακὼς
2631 2258 2755 2327 ἐμὲ,
2793 2257 3018 2327 ἑώρακε
3051 2261 3164 2313 τὸν
3188 2261 3445 2328 Πατέρα.

2420 2349 2852 2420 ’Δπροφάσιστον
2868 2351 2946 2422 τῷ
2965 2351 3179 2423 μαθητῇ
3203 2353 3302 2421 τὴν
3317 2353 3571 2424 ἀμαθίαν
3589 2355 3908 2409 ἐπιδεικνυει.

2335 2439 2416 2492 Τὰ
2448 2441 2545 2510 μὲν
2560 2442 2669 2514 γὰρ
2693 2443 3122 2515 δυσεφικτότερα
3140 2445 3249 2498 τῶν
3276 2443 3665 2517 θεωρημάτων
3688 2448 3775 2500 καὶ
3798 2450 3909 2518 πρὸς

2334 2531 2640 2602 κατάληψιν
2665 2534 2763 2605 τὴν
2791 2535 2850 2587 ἐν
2880 2538 3254 2606 νοήσει,φημῖ,
3283 2537 3623 2608 λεπτοτέραν
3653 2540 3709 2591 ἐν
3729 2540 3910 2601 ἑαυτοῖς

2333 2621 2674 2686 ἐξαιτοῦνται
2696 2623 2817 2696 [πρ.
2845 2625 3198 2698 ἐξαιτοῦντα]
3225 2628 3324 2698 τὴν
3356 2628 3632 2698 βάσανον,
3665 2631 3710 2682 εί
3737 2633 3821 2685 καὶ
3847 2632 3906 2702 μὴ

2333 2714 2391 2767 ὲν
2417 2714 2584 2785 ὀλίγῳ
2616 2716 2794 2786 χρόνῳ
2839 2718 3030 2787 τυχὸν,
3088 2718 3204 2771 ἀλλ’
3242 2713 3335 2772 οὖν
3377 2718 3442 2772 ἐν
3485 2722 3729 2791 μακραῖς
3755 2738 3908 2791 παρα-

2331 2805 2524 2858 τάσεσι
2569 2806 2679 2860 τῶν
2710 2807 2920 2879 καιρῶν
2966 2808 3120 2864 ἔσται
3159 2809 3223 2881 δὴ
3271 2811 3496 2875 πάντως
3538 2812 3783 2883 ἁλώσιμα
3814 2816 3905 2875 τοῖς

2333 2897 2659 2968 φιλομαθέσι
2683 2938 2697 2964 ,
2747 2900 2842 2953 καὶ
2883 2904 3172 2974 καταφανῆ
3213 2904 3517 2974 γενήσεται
3545 2922 3559 2935 ο
3608 2898 3686 2969 οἷς
3723 2904 3777 2958 δὲ
3822 2905 3902 2957 οὐκ

2331 2993 2508 3046 ἔνεστι
2531 2994 2590 3047 τὸ
2621 2995 2980 3066 περισκελές,
3029 2997 3144 3052 ἀλλ’
3177 2997 3394 3052 εὐθεῖαν
3422 2999 3541 3072 ἔχει
3574 3001 3672 3070 τὴν
3701 3000 3896 3070 εἴδησιν,

2330 3084 2542 3148 τούτοις
2574 3083 2640 3138 ἄν
2661 3103 2742 3150 τις
2767 3088 3089 3157 προσϐάλοι,
3106 3091 3200 3143 καὶ
3229 3090 3347 3142 Αίαν
3372 3091 3614 3146 ἀκονιτί.
3644 3090 3706 3143 Τί
3726 3090 3897 3147 τοίνυν.

2331 3171 2518 3242 φησὶν,
2551 3164 2596 3224 ὧ
2617 3173 2874 3238 Φίλιππε,
2913 3177 3049 3247 πρὸς
3074 3177 3173 3248 τὴν
3199 3179 3291 3231 ὑπ’
3321 3179 3450 3248 ἐμοὶ
3481 3180 3698 3233 σύνεσιν
3725 3178 3897 3250 ἀκριϐῆ

2329 3261 2390 3314 τὺ
2424 3262 2825 3334 παραποδίσαν,
2853 3265 2992 3320 είπέ.
3044 3265 3236 3320 Καίτοι
3265 3268 3373 3338 γὰρ
3407 3267 3557 3322 οὕτω
3599 3268 3805 3340 μακροῦ
3831 3270 3898 3322 δι-

2331 3353 2627 3419 ελάσαντος
2655 3356 2850 3427 χρόνου
2872 3397 2887 3423 ,
2915 3359 3036 3411 καθ’
3061 3359 3120 3412 ὃν
3152 3361 3269 3429 είμὶ
3307 3361 3428 3431 μεθ’
3463 3363 3618 3432 ὑμῶν
3637 3405 3651 3425 ,
3710 3363 3794 3415 καὶ
3819 3362 3898 3431 ἀρ·

639 3467 827 3514 tamen
889 3457 1094 3522 adhuc,
1137 3456 1250 3511 imo
1319 3469 1448 3511 vero
1533 3455 1789 3526 ignorare
1874 3453 2223 3509 convinceris

2333 3447 2560 3512 κοῦντος
2594 3451 2674 3513 είς
2705 3449 3110 3522 πληροφορίαν,
3137 3427 3219 3507 ὧν
3239 3427 3343 3507 ἔδει
3377 3471 3440 3507 σε
3475 3427 3695 3527 μαθεῖν,
3723 3427 3897 3508 ἐνδοιά-

639 3554 767 3623 quis
822 3568 924 3625 ego
981 3552 1085 3606 sim
1155 3549 1459 3606 secundum
1529 3559 1831 3615 naturam,
1912 3559 1967 3605 et
2038 3549 2224 3616 unde,

639 3644 896 3715 quamvis
922 3659 1007 3699 me
1038 3651 1120 3697 tot
1143 3643 1409 3698 miracula
1445 3641 1686 3696 edidisse
1716 3642 2049 3711 comperias.
2073 3642 2222 3707 Quo.

639 3735 806 3791 modo
835 3749 962 3788 vero
992 3748 1102 3787 non
1159 3731 1456 3802 agnovisti,
1489 3731 1709 3802 inquit,
1755 3731 1900 3801 quod
1948 3731 2044 3801 qui
2090 3731 2227 3785 vidit

642 3825 902 3891 me,vidit
921 3833 976 3878 et
1005 3823 1260 3878 Patrem?
1285 3822 1578 3877 Enimvero
1611 3823 1829 3892 priscos
1852 3822 1978 3877 illos
2007 3821 2226 3878 Judaeos

639 3916 801 3987 777
835 3924 1088 3970 naturam
1127 3914 1365 3970 divinam
1402 3913 1457 3967 in
1489 3921 1674 3968 monte
1703 3913 1833 3967 Sina
1870 3913 2226 3984 perspexisse

639 4018 826 4078 putas,
861 4008 1098 4078 ejusque
1147 4021 1336 4062 vocem
1395 4005 1616 4062 audisse
1666 4021 1791 4060 cum
1835 4022 2019 4061 rerum
2055 4022 2225 4078 agen-

641 4102 837 4153 darum
894 4099 1042 4169 leges
1089 4105 1338 4170 poneret.
1384 4096 1466 4150 Tu
1497 4112 1624 4152 vero
1664 4097 1910 4152 nondum
1963 4097 2059 4153 tibi
2103 4113 2227 4168 per-

643 4191 872 4247 suasisti
901 4190 1123 4246 Patrem
1163 4197 1218 4246 te
1247 4189 1450 4244 vidisse
1484 4204 1579 4258 per
1607 4205 1692 4244 me
1728 4199 1783 4244 et
1817 4190 1869 4244 in
1905 4205 2012 4245 me.
2059 4210 2076 4242 ι
2120 4190 2224 4257 Qui

641 4283 790 4337 enim
833 4281 972 4336 vidit
1020 4296 1129 4346 me,
1181 4289 1235 4336 et
1284 4280 1425 4335 vidit
1479 4278 1715 4334 Patrem.
1760 4299 1778 4332 ι
1817 4279 1939 4334 Jam
1987 4296 2119 4336 vero
2166 4289 2225 4335 ut

641 4373 972 4430 ostendatur
1018 4373 1228 4428 nullam
1280 4372 1440 4428 nobis
1477 4386 1506 4425 a
1539 4370 1761 4427 Christo
1787 4373 2056 4428 visionem
2101 4387 2225 4427 cor-

641 4480 865 4539 porcam
902 4466 1232 4539 signiﬁcari,
1275 4464 1429 4536 longa
1465 4464 1723 4520 oratione
1777 4480 1886 4520 non
1935 4473 2021 4521 est
2059 4479 2220 4534 opus.

643 4561 816 4617 Nemo
857 4560 1001 4615 enim
1040 4573 1212 4614 sanus
1257 4557 1455 4612 dixerit
1501 4555 1599 4612 Dei
1650 4564 1905 4612 naturam
1953 4572 2223 4628 corporeo

645 4656 764 4710 visu
822 4651 1056 4722 percipi,
1105 4649 1201 4705 sed
1261 4664 1436 4721 neque
1489 4648 1676 4704 carnis
1732 4649 1912 4705 oculis
1974 4664 2225 4720 compre-

2331 3539 2444 3603 ζεις
2462 3537 2563 3604 ἔτι,
2598 3539 2798 3610 μᾶλλον
2823 3541 2877 3594 δὲ
2906 3542 3052 3613 ἥλως
3076 3545 3384 3616 ὴγνοηκὼς,
3413 3547 3499 3610 τίς
3523 3548 3622 3618 μὲν
3648 3546 3752 3615 ἐγὼ
3778 3546 3894 3600 κατὰ

2330 3631 2491 3700 φύσιν
2520 3635 2656 3703 εἰμὶ,
2685 3637 2780 3688 καὶ
2811 3636 2995 3696 πόθεν,
3032 3639 3207 3691 καίτοι
3237 3639 3344 3692 τῶν
3385 3641 3470 3695 ὅτι
3507 3642 3736 3712 μάλιστα
3768 3640 3893 3709 παρά

2332 3726 2412 3778 σοὶ
2452 3726 2889 3800 Θαυμαζομένων
2927 3731 3198 3802 εὑρίσκων
3225 3732 3353 3787 ὄντα
3392 3733 3744 3805 δημιουργόν.
3791 3732 3891 3790 Πῶς

2328 3817 2386 3870 δὲ
2416 3820 2516 3872 οὑκ
2549 3820 2752 3888 ἔγνως,
2779 3825 2943 3891 φησὶν
2963 3864 2976 3886 ,
3003 3825 3084 3876 ὅτι
3115 3822 3143 3874 ό
3177 3823 3464 3897 θεωρήσας
3505 3829 3634 3897 ἐμὲ,
3670 3825 3888 3879 τεθέαται

2327 3911 2420 3964 τὸν
2453 3913 2674 3983 Πατέρα
2704 3930 2718 3980 ;
2756 3913 2870 3967 ἀλλ’
2913 3914 3202 3979 Ἰουδαίους
3236 3917 3334 3986 μὲν
3364 3917 3466 3970 οἴει
3493 3919 3619 3980 τοὺς
3637 3916 3789 3970 πάλαι
3811 3915 3886 3981 τὴν

2330 4001 2479 4055 θείαν
2504 4005 2560 4056 ἐν
2589 4003 2666 4074 τῷ
2694 4005 2810 4074 ὄρει
2841 4007 2973 4076 Σινᾷ
3001 4005 3290 4060 τεθεᾶσθαι
3318 4005 3505 4077 φύσιν,
3538 4007 3813 4079 ἀκηκοέναι
3838 4019 3883 4055 τε

2327 4092 2595 4165 λαλούσης
2631 4095 2836 4164 αὑτῆς,
2882 4097 2971 4149 ὅτε
3016 4099 3142 4161 τοὺς
3177 4099 3270 4152 ἐπὶ
3294 4101 3406 4162 τοῖς
3432 4100 3723 4170 πρακτέοις
3747 4094 3884 4149 ἐτίθει

2327 4184 2545 4254 νόμους.
2575 4187 2646 4240 Σὺ
2681 4186 2737 4239 δέ
2765 4185 2917 4240 οὔπω
2951 4187 3197 4260 διετέθης
3215 4230 3228 4254 ,
3257 4191 3340 4244 ὅτι
3366 4191 3458 4245 τὸν
3484 4191 3700 4262 Πατέρα
3724 4185 3879 4240 τεθέαο

2329 4293 2437 4336 σαι,
2480 4276 2546 4329 δι’
2584 4277 2716 4348 ἐμοῦ
2750 4297 2807 4332 τε
2840 4281 2932 4334 καὶ
2962 4282 3020 4334 ἐν
3043 4281 3186 4351 ἐμοί.
3229 4303 3247 4334 ι
3288 4283 3345 4335 '0
3373 4284 3484 4355 γὰρ
3512 4280 3762 4354 ἑωρακὼς
3779 4279 3875 4348 ἐμὲ.

2327 4367 2540 4438 ἑώρακε
2597 4370 2688 4422 τὸν
2733 4371 2973 4441 Πατέρα.
3007 4390 3025 4425 ι
3083 4372 3193 4426 Καὶ
3229 4373 3311 4426 ὅτι
3359 4373 3459 4444 μὲν
3497 4373 3557 4427 οὑ
3593 4367 3874 4442 σωματικήν

2325 4481 2447 4518 τινα
2481 4464 2713 4535 θεωρίαν
2754 4466 2885 4535 ἡμῖν
2908 4466 3576 4536 κατασημαίνειΧριστδς,
3600 4464 3658 4517 οὑ
3684 4458 3875 4534 μακρῶν

2326 4549 2481 4624 οἶμαι
2529 4554 2809 4627 δεδεῆσθαι
2846 4553 3017 4623 λόγων
3059 4557 3185 4620 τοὺς
3225 4557 3630 4627 ἀκροωμένους.
3682 4552 3747 4605 Οὗ
3785 4547 3874 4616 γάρ

2325 4648 2391 4702 ἄν
2423 4665 2508 4711 τις
2537 4649 2682 4702 εἴποι
2714 4648 2823 4702 τῶν
2854 4647 2978 4701 νοῦν
3006 4649 3236 4719 ἐχόντων
3256 4692 3272 4715 ,
3308 4650 3406 4722 τὴν
3449 4650 3543 4704 τοῦ
3579 4645 3707 4701 Θεοῦ
3734 4641 3869 4713 φύσιν

640 4741 828 4805 hendi,
867 4738 1014 4810 quod
1066 4748 1325 4809 tanquam
1378 4739 1437 4793 in
1488 4738 1722 4809 speculo
1753 4753 1818 4794 ac
1870 4753 1938 4795 ne
1993 4739 2219 4811 quidem

2328 4740 2585 4813 θεωρίαις
2613 4741 2933 4796 ὑποκεῖσθαι
2967 4745 3306 4812 σωματικαῖς
3326 4783 3340 4808 ,
3376 4744 3490 4797 ἀλλ’
3515 4742 3632 4796 οὑδὲ
3662 4739 3761 4800 τοῖς
3782 4733 3863 4800 τῆς

637 4831 939 4901 percipitur
969 4849 982 4884 :
1019 4828 1268 4884 videmus
1300 4829 1443 4884 enim
1479 4835 1744 4898 tanquam
1793 4830 1848 4884 in
1904 4833 2130 4901 speculo
2166 4840 2219 4888 et

635 4925 692 4977 in
728 4923 1020 4992 aenigmate
1044 4923 1124 4988 ";
1149 4928 1204 4975 et
1240 4920 1428 4990 jejune
1461 4919 1755 4976 admodum
1791 4936 1987 4991 sapere
2010 4923 2077 4978 de
2107 4922 2218 4980 Deo

639 5016 882 5071 arbitror
925 5031 1048 5070 eum
1105 5016 1197 5084 qui
1234 5015 1316 5069 vel
1372 5028 1628 5085 magnam
1682 5013 1787 5068 sibi
1841 5015 2215 5086 cognitionem

638 5109 788 5164 illius
825 5107 1090 5163 venilitet.
1120 5107 1258 5162 lllud
1309 5116 1494 5161 tamen
1525 5105 1779 5161 veritatis
1830 5105 2087 5163 hostibus
2122 5110 2215 5180 qui

639 5201 881 5269 linguam
937 5213 1091 5254 suam
1140 5200 1195 5254 in
1241 5213 1367 5262 nos,
1409 5198 1517 5252 imo
1549 5211 1680 5252 vero
1729 5197 1997 5254 adversus
2039 5199 2214 5270 ipsam

640 5288 922 5362 Unigeniti
979 5290 1346 5347 substantiam
1405 5296 1628 5355 acuunt,
1661 5305 1863 5345 rursus
1914 5290 2114 5345 dicam.
2157 5291 2216 5347 Si

637 5399 747 5438 non
775 5391 946 5438 estex
979 5382 1096 5452 ipsa
1132 5381 1222 5434 Dei
1254 5396 1321 5435 ac
1353 5379 1532 5434 Patris
1566 5381 1878 5435 substantia
1909 5380 2219 5454 Filius,per

637 5475 1044 5546 generationem
1075 5475 1349 5529 exsistens
1375 5473 1425 5526 id
1449 5473 1596 5542 quod
1627 5480 1732 5536 est,
1763 5472 1904 5530 Deus
1930 5476 2213 5541 nimirum,

637 5576 692 5623 et
737 5568 1042 5624 secundum
1079 5573 1331 5619 naturam
1377 5580 1439 5620 ac
1495 5581 1642 5630 vere,
1676 5567 1770 5620 sed
1821 5576 2049 5623 externa
2087 5578 2213 5635 tan-

640 5660 922 5717 tummodo
982 5657 1164 5727 specie
1217 5672 1537 5722 coruscans,
1583 5666 1636 5713 et
1666 5658 1967 5715 adventitia
2008 5661 2209 5732 gloria,

711 5841 751 5871 "
789 5837 948 5893 Joan.
987 5853 1100 5904 xw,
1134 5837 1217 5893 10.
1295 5841 1338 5873 ⁸³
1371 5838 1392 5895 Ι
1431 5824 1559 5897 Cor.
1599 5856 1729 5906 xm,
1774 5840 1858 5894 l2.

2330 4833 2532 4904 σαρκὸς
2566 4833 2866 4903 ὀφθαλμοῖς
2894 4833 3103 4886 κατίδοι
3137 4851 3221 4898 τις
3250 4835 3316 4889 ἂν
3338 4835 3412 4905 ίτὸ
3437 4835 3515 4899 ὡς
3543 4834 3634 4887 καὶ
3663 4829 3796 4901 μόλις
3825 4827 3870 4876 έν

2327 4926 2578 4996 ἐσόπτρῳ
2620 4924 2995 4996 καταληπτόν*
3037 4924 3161 4994 βλέτ
3190 4944 3308 4997 »μεν
3353 4926 3495 4998 γὰρ,
3528 4926 3601 4988 ὡς
3628 4925 3683 4976 ἓν
3723 4917 3868 4982 αίνίγο

2329 5035 2460 5088 ματι
2486 5035 2498 5047 ·
2531 5018 2626 5071 καὶ
2673 5017 2845 5088 μικρὰ
2890 5020 3105 5088 φρονεῖν
3136 5013 3289 5090 οἶμαι
3337 5020 3465 5090 περὶ
3507 5014 3637 5072 Θεοῦ
3685 5006 3864 5067 καὶτὸν

2324 5110 2444 5164 λίαν
2474 5110 2686 5180 μεγάλῃ
2713 5109 3057 5180 ἐπαυχοῦντα
3094 5109 3311 5180 γνώσει.
3345 5111 3488 5182 Πλὴν
3516 5111 3683 5163 ἐκεῖνο
3704 5105 3758 5175 δὴ
3786 5099 3864 5152 πά-

2324 5199 2407 5252 λιν
2437 5201 2549 5263 τοῖς
2577 5200 2674 5268 τῆς
2712 5198 2969 5270 ἀληθείας
3009 5201 3241 5272 ἐροῦμεν
3270 5202 3482 5272 ἐχθροῖς
3501 5243 3515 5266 ,
3561 5200 3608 5252 οί
3639 5193 3862 5248 πλατεῖαν

2321 5290 2504 5360 έχουσι
2529 5289 2650 5342 καθ’
2686 5289 2842 5360 ἡμῶν
2880 5290 2978 5360 τὴν
3009 5290 3254 5359 γλῶτταν
3273 5332 3288 5362 ,
3341 5293 3537 5363 μᾶλλον
3566 5292 3618 5344 δὲ
3648 5286 3756 5342 κατ’
3780 5281 3860 5334 αὖ·

2319 5384 2420 5452 τῆς
2449 5383 2546 5451 τῆς
2569 5383 2754 5444 οὐσίας
2782 5382 2876 5435 τοῦ
2907 5384 3261 5452 Μονογενοῦς.
3316 5385 3379 5439 Et
3409 5386 3517 5458 γὰρ
3548 5383 3617 5455 μὴ
3640 5381 3691 5446 ἐξ
3718 5373 3856 5440 αὖτῆἕ

2320 5477 2419 5546 τῆς
2457 5475 2642 5539 οὑσίας
2671 5475 2767 5529 τοῦ
2797 5476 2934 5529 Θεοῦ
2965 5478 3060 5529 κα)⁸
3087 5477 3298 5548 Πατρός
3338 5481 3483 5531 ἐστιν
3520 5481 3546 5530 ὁ
3572 5475 3714 5534 Υἱὸς,
3755 5481 3855 5534 γεν-⁴

2321 5568 2498 5640 νητῶς
2531 5571 2791 5641 ὑπάρχων
2823 5569 2969 5624 τοῦθ’
2997 5571 3135 5641 ὅπερ
3162 5572 3308 5637 ἐστὶ,
3341 5572 3471 5634 Θεὸς
3505 5566 3753 5641 δηλονότι,
3773 5557 3846 5611 καὶ

2331 5663 2470 5714 κατά
2517 5662 2709 5733 φύσιν,
2762 5663 2854 5718 καὶ⁸
2902 5663 3148 5728 ἀληθῶς,
3192 5664 3392 5728 μόνοις
3433 5665 3488 5720 δὲ
3538 5664 3639 5722 τοῖς
3685 5650 3849 5716 ἔξωθεν
