4096 6486
298 381 416 444 I05

1331 393 1396 450 IN
1428 391 1715 454 JOANNIS
1754 391 2202 451 EVANGELIUM
2249 392 2378 452 LIB.
2408 391 2496 450 IX;

3464 403 3591 460 206‘

299 509 709 582 ἀγλαῖζόμενος
741 479 1008 584 σχήμασι,
1047 513 1142 568 καὶ
1168 516 1286 579 ταῖς
1315 518 1662 585 ἐπεισάκτοις
1687 521 1884 590 λελάμ-

1990 531 2100 571 non
2132 526 2313 574 autem
2347 517 2699 576 naturalibus
2751 519 3168 594 dignationibus
3214 525 3572 598 conspicuus,
3647 526 3654 534 '

295 602 614 672 πρυσμένος
644 603 948 672 εύκλείαις,
981 607 1042 659 ού
1086 611 1336 676 φυσικοῖς
1381 610 1699 682 διαπρέπων
1727 611 1890 678 ἀξιῶ·-

300 709 500 763 μασιν,
535 694 594 747 ἐν
636 694 814 766 ἑαυτῷ
839 695 896 748 δὲ
932 701 1135 768 μορφοῖ
1163 699 1255 753 τὸν
1287 701 1510 773 Πατέρα
1530 741 1546 767 ,
1598 704 1694 756 καὶ
1722 702 1890 757 εἰκών

295 787 450 840 ἐστιν
482 786 897 859 ἀπαράλλακτος
927 789 1020 842 τοῦ
1073 790 1211 846 Θεοῦ
1232 833 1246 856 ,
1278 793 1496 864 πρῶτον
1539 795 1638 865 μέν
1673 795 1778 850 οὐκ
1820 794 1888 849 ἂν

296 879 389 947 εἴη
416 878 558 931 κατὰ
594 878 756 947 φύσιν
791 879 950 944 Υίὸς,
987 882 1104 936 ἀλλ’
1151 885 1275 939 οὐδὲ
1317 886 1566 958 γέννημα
1607 890 1727 941 κατ’
1754 888 1888 959 ἀλή-

296 972 488 1036 θειαν,
520 972 734 1044 ποίημα
759 975 816 1028 δὲ
846 975 969 1029 καθ’
1001 977 1180 1047 ἡμᾶς,
1205 979 1239 1050 ἦ
1272 996 1327 1034 τι
1357 979 1467 1035 τῶν
1488 981 1746 1036 τοιούτων
1769 982 1888 1036 ἓτε-

300 1079 416 1134 ρον.
442 1061 516 1120 Οῦ
545 1067 996 1138 παραδεχθέντος,
1019 1071 1162 1126 οὕτω
1185 1091 1243 1127 τε
1262 1073 1407 1145 ἔχειν
1423 1077 1881 1146 πεπιστευμένου,

297 1157 582 1221 παντελῶς
617 1158 788 1230 δήπου
832 1164 1056 1217 κάκεῖνο
1102 1166 1352 1237 φήσομεν
1391 1167 1641 1238 άληθῶς,
1681 1168 1756 1232 ὼς
1787 1169 1888 1225 οὐκ

294 1248 367 1304 ἀν
399 1251 484 1319 εῐη
515 1251 702 1322 Πατὴρ
732 1252 762 1304 ὁ
796 1253 988 1325 Πατὴρ
1032 1257 1286 1330 ἐνεργείᾳ
1319 1260 1414 1313 καὶ
1451 1260 1639 1329 φύσει,
1669 1262 1886 1334 θελήσει

294 1341 354 1396 δέ
394 1342 597 1412 μᾶλλον
622 1344 715 1397 καὶ
743 1345 966 1416 δοκήσει
995 1349 1181 1418 τυχὸν,
1208 1350 1460 1422 καθάπερ
1494 1349 1588 1407 οὗν
1611 1355 1705 1407 καὶ
1731 1355 1886 1425 ἡμῶν

293 1433 612 1506 ὠνόμασται
639 1439 845 1510 Πατήρ.
873 1436 1004 1493 Εἶτα
1033 1441 1084 1494 τί
1108 1442 1168 1495 τὸ
1189 1443 1440 1498 ἐντεῦθεν
1465 1462 1480 1512 ;
1516 1447 1887 1518 Συνομολογη-

295 1525 546 1596 θήσεται,
581 1528 676 1580 καὶ
707 1527 782 1592 ὡς
809 1529 867 1596 ἐξ
900 1529 1146 1602 ἀνάγκης
1170 1534 1422 1588 ἀνατελεῖ
1446 1536 1608 1608 τριάς
1629 1551 1644 1566 ·
1668 1538 1770 1592 οὐκ
1804 1537 1886 1591 ἐτι

294 1618 409 1689 γάρ
442 1621 636 1692 ήμῐνή
680 1621 810 1690 ἁγία
857 1624 1175 1680 πιστεύεται
1220 1629 1364 1682 κατά
1409 1646 1530 1683 τινα
1574 1628 1638 1702 δὴ
1664 1631 1883 1702 τρόπον,

294 1713 448 1781 τρεῖς
475 1713 531 1766 δὲ
568 1713 800 1785 μᾶλλον,
831 1715 906 1780 ὡς
934 1718 995 1770 ἐν
1023 1719 1300 1791 ἀλλήλοις,
1358 1722 1460 1775 ούκ
1487 1723 1888 1796 ἐνυπάρχοντος

294 1805 606 1871 οὐσιωδῶς,
637 1806 870 1861 ἑκάστου
912 1825 973 1862 τε
1004 1809 1195 1882 ὥσπερ
1219 1812 1328 1866 τῶν
1360 1813 1642 1886 ὀνομάτων
1683 1818 1764 1880 είς
1793 1817 1887 1871 τὸν

295 1899 497 1951 οἰκεῖον
537 1899 638 1969 τῆς
672 1900 805 1964 ἰδίας
847 1902 1065 1970 φύσεως
1110 1905 1552 1977 ἀναχωροῦντος,
1595 1909 1887 1981 διακεκομ-

298 1988 463 2059 μένου
494 2005 552 2043 τε
581 1991 675 2044 τοῦ
705 1993 894 2065 ἐτέρου
922 1996 1197 2061 παντελῶς
1217 2015 1230 2028 ο
1275 1999 1591 2063 ἐκϐιάζεται
1625 2001 1734 2073 γάρ
1767 2017 1887 2066 πως

292 2085 447 2154 ἡμᾶς
475 2087 506 2154 ή
529 2084 624 2138 τοῦ
651 2084 1010 2158 θεωρήματος
1032 2087 1283 2160 δύναμις,
1307 2090 1400 2143 καὶ
1420 2090 1728 2163 παχύτερον
1757 2095 1886 2166 περὶ

294 2175 503 2229 τούτων
541 2178 735 2232 είπεϊν.
789 2179 900 2232 Καὶ
927 2181 976 2233 εί
1000 2179 1158 2234 τοῦτο
1189 2181 1435 2252 δώσομεν
1464 2183 1730 2256 ὑπάρχειν
1754 2185 1886 2257 ἀληιι

295 2266 408 2334 θὲς,
437 2268 610 2332 οὕτως
631 2288 693 2323 τε
719 2269 862 2341 ἔχειν
885 2270 1142 2343 ἐροῦμεν,
1165 2273 1259 2326 καὶ
1284 2275 1382 2347 τῆς
1407 2275 1594 2339 οὐσίας
1625 2278 1720 2330 τοῦ
1746 2277 1884 2331 Θεοῦ

295 2361 392 2414 καὶ
421 2362 636 2433 Πατρὸς
678 2361 957 2433 ἀλλότριον
1005 2364 1284 2428 παντελῶς
1329 2368 1750 2440 παραδεξόμεθα
1794 2371 1884 2424 τὸν

295 2452 458 2517 Υίὺν,
511 2452 629 2517 πῶς
675 2454 738 2508 ού
781 2453 1169 2524 διαψεῦσεται,
1218 2456 1392 2526 λέγων
1417 2476 1430 2491 ο
1473 2478 1492 2511 t
1532 2461 1589 2515 '0
1623 2462 1885 2533 ἑωρακὼς

292 2543 644 2616 ἐμέ,ἐὼρακε
669 2546 763 2599 τὸν
781 2546 1000 2618 Πατέρα
1021 2565 1065 2613 ;›
1094 2547 1229 2602 Θεοῦ
1251 2550 1361 2623 γάρ
1378 2551 1715 2624 ὑπάρχοντος
1741 2556 1886 2611 κατά

292 2637 462 2706 φύσιν
493 2638 586 2693 τοῦ
627 2641 876 2712 Πατρὸς,
925 2643 1042 2707 πῶς
1070 2643 1138 2696 ἂν
1162 2646 1294 2716 ἡμῖν
1323 2647 1352 2700 ό
1386 2646 1512 2711 Υίὸς
1534 2689 1548 2712 ,
1597 2649 1775 2703 καίτοι
1808 2651 1883 2723 μὴ

291 2731 561 2803 ὑπάρχων
593 2732 726 2796 Θεὸς
756 2733 899 2787 κατά
939 2735 1102 2803 φύσιν
1141 2735 1284 2790 κατά
1323 2735 1413 2790 τὸν
1448 2736 1672 2792 ἐκείνων
1704 2737 1881 2808 λόγον,

289 2823 459 2891 δείξει
487 2824 546 2877 ἐν
576 2825 757 2897 ἐαυτῷ
797 2826 890 2880 τὸν
921 2827 1145 2899 Πατέρα
1176 2844 1190 2894 ;
1242 2827 1366 2893 Πῶς
1392 2828 1501 2900 γὰρ
1529 2831 1587 2884 ἐν
1619 2831 1698 2902 τῷ
1726 2849 1885 2902 γεγο-

289 2913 408 2966 νότι
437 2913 499 2967 τὸ
532 2915 606 2986 μὴ
647 2915 871 2984 γεγονὸς
911 2915 1298 2988 θεωρήσομεν,
1343 2919 1402 2970 ὲν
1445 2919 1502 2973 δὲ
1532 2919 1609 2991 τῷ
1653 2921 1728 2992 μὴ
1767 2919 1882 2976 δντι

289 3006 450 3073 ποτὲ,
481 3008 621 3062 κατά
652 3025 716 3077 γε
746 3007 838 3061 τὸν
860 3007 956 3062 τοῦ
987 3010 1322 3080 πεποιῆσθαι
1356 3011 1534 3080 λόγον,
1564 3011 1682 3078 πῶς
1710 3013 1775 3068 ἀν
1799 3032 1884 3079 τις

291 3098 396 3152 ἴδοι
437 3099 528 3152 τὸν
568 3099 697 3154 ὄντα
727 3099 817 3153 διά
847 3099 1094 3166 παντός;
1145 3101 1237 3173 Μὴ
1273 3102 1383 3174 γάρ
1431 3120 1521 3174 μοι
1561 3102 1766 3172 λεγέτω
1799 3123 1883 3169 τις

1991 609 2087 665 sed
2142 610 2201 666 in
2244 611 2432 682 seipso
2482 609 2702 670 Patrem
2741 617 3020 687 exprimit,
3052 628 3110 675 et
3166 618 3574 691 perfectissima

1987 709 2076 757 est
2108 700 2209 760 Dei
2239 704 2422 775 imago
2447 704 2515 770 ”,
2549 706 2786 776 primum
2821 709 3044 779 quidem
3080 727 3191 768 non
3237 714 3346 768 erit
3372 727 3574 770 secun-
3621 727 3646 781 cf

1988 793 2121 849 dum
2180 803 2438 850 naturam
2493 794 2692 863 Filius,
2741 815 2920 872 neque
2957 817 3088 859 vere
3146 804 3426 876 genitura,
3477 806 3572 860 sed
3620 785 3648 820 ⁹’

1988 891 2245 940 creatura
2279 885 2485 956 potius,
2511 888 2678 944 sicuti
2709 905 2831 956 nos,
2855 899 2955 947 aut
2983 893 3192 966 aliquid
3217 895 3365 951 aliud
3386 896 3550 953 istius
3620 883 3642 929 θ·

1988 977 2160 1032 modi.
2209 975 2332 1043 Quo
2367 977 2614 1036 admisso
2645 989 2811 1052 atque
2839 984 3076 1049 credito,
3099 1001 3226 1043 vere
3259 994 3575 1046 asseremus‘

1987 1065 2209 1124 Patrem
2254 1084 2369 1125 non
2414 1085 2538 1128 esse
2576 1071 2795 1130 Patrem
2831 1084 2958 1132 actu
2991 1089 3046 1134 et
3094 1088 3315 1146 natura,
3351 1083 3446 1140 sed
3480 1099 3577 1140 vo-

1989 1159 2200 1217 luntate
2235 1163 2422 1231 potius
2450 1171 2505 1220 et
2530 1165 2816 1236 opinione,
2841 1170 3003 1226 sicuti
3030 1170 3196 1228 Pater
3215 1182 3406 1232 noster
3434 1191 3578 1232 nun-

1988 1262 2226 1324 cupatus
2242 1263 2346 1311 est.
2365 1256 2509 1324 Quid
2529 1273 2660 1314 vero
2687 1259 2816 1316 inde
2838 1264 3092 1334 sequitur
3106 1263 3468 1323 ?Necessario
3487 1268 3578 1322 ad-

1988 1342 2296 1401 mittendus
2320 1347 2428 1401 erit
2452 1347 2690 1404 deorum
2720 1352 2900 1408 ternio
2925 1355 3162 1427 :quippe
3193 1373 3302 1413 non
3334 1359 3576 1430 amplius

1988 1431 2318 1493 Trinitatem
2353 1438 2732 1509 crederemus,
2757 1459 2882 1499 cum
2909 1446 3052 1502 alius
3085 1447 3142 1502 in
3174 1449 3284 1504 alio
3311 1451 3576 1507 substan-

1990 1526 2198 1585 tialiter
2226 1546 2336 1587 non
2366 1531 2518 1599 insit,
2552 1533 2648 1590 sed
2692 1538 3080 1609 unusquisque
3115 1547 3176 1593 ut
3215 1541 3464 1608 nomine,
3495 1543 3574 1597 ita

1990 1621 2287 1690 peculiaris
2311 1631 2530 1680 natura:
2559 1626 2772 1684 ratione
2796 1630 2864 1684 ab
2893 1630 3004 1686 alio
3036 1645 3267 1700 prorsus
3289 1632 3574 1704 seiunctus

1989 1712 2063 1767 sit
2093 1730 2108 1767 :
2137 1715 2289 1786 cogit
2336 1717 2484 1774 enim
2527 1733 2629 1776 nos
2662 1721 2746 1777 vis
2793 1731 2850 1778 et
2892 1724 3036 1780 ratio
3088 1725 3576 1797 contemplationis

1988 1808 2238 1865 crassius
2266 1809 2335 1868 de
2375 1812 2466 1868 bis
2495 1814 2793 1872 disserere.
2834 1814 2992 1882 Quod
3021 1817 3070 1873 si
3101 1833 3292 1873 verum
3328 1832 3456 1874 esse
3495 1829 3578 1874 at-

1990 1911 2098 1966 que
2129 1898 2205 1953 ita
2236 1915 2296 1955 se
2329 1901 2537 1961 habere
2567 1907 2960 1974 concedemus,
2995 1916 3050 1963 et
3091 1925 3121 1963 a
3155 1909 3250 1965 Dei
3296 1925 3361 1966 ac
3395 1911 3578 1968 Patris

1989 1985 2302 2044 substantia
2334 1991 2576 2048 alienum
2612 2009 2736 2050 esse
2764 2008 2997 2065 prorsus
3028 1992 3227 2051 Filium
3256 1995 3576 2063 fatebimur,

1987 2080 2268 2149 quomodo
2306 2096 2419 2138 non
2459 2085 2762 2141 mentietur
2784 2101 2910 2141 cum
2939 2088 3018 2142 ait
3051 2106 3065 2144 :
3107 2108 3125 2141 ι
3156 2089 3264 2156 Qui
3294 2089 3432 2146 vidit
3465 2107 3576 2157 me,

1985 2166 2126 2223 vidit
2149 2179 2203 2227 et
2236 2169 2496 2229 Patrem?
2536 2193 2553 2225 ι
2588 2173 2725 2231 Nam
2769 2191 2899 2232 cum
2935 2176 3098 2234 Pater
3126 2181 3432 2237 secundum
3478 2198 3578 2238 na-

1988 2267 2172 2315 turam
2209 2261 2356 2320 Deus
2379 2264 2472 2330 sit,
2498 2266 2780 2338 quomodo
2808 2266 3004 2334 Filius,
3031 2269 3158 2326 licet
3188 2285 3300 2326 non
3329 2273 3402 2329 sit
3430 2273 3577 2330 Deus

1986 2353 2290 2409 secundum
2323 2365 2681 2425 naturam,ut
2704 2359 2781 2414 illi
2820 2361 3040 2427 docent,
3063 2362 3118 2417 in
3145 2364 3332 2434 seipso
3354 2363 3576 2422 Patrem

1985 2445 2282 2502 ostendet?
2319 2447 2609 2514 Quomodo
2638 2451 2787 2506 enim
2821 2453 2876 2507 in
2911 2468 2978 2509 eo
3008 2455 3154 2524 quod
3185 2467 3432 2513 creatum
3463 2475 3574 2515 non

1985 2536 2144 2592 estid
2174 2538 2323 2608 quod
2357 2550 2605 2596 creatum
2637 2551 2723 2599 est
2759 2546 3276 2616 spectabimus,aut
3302 2551 3356 2605 in
3382 2566 3449 2606 eo
3479 2553 3574 2623 qui

1986 2626 2286 2698 aliquando
2314 2645 2424 2685 non
2440 2640 2582 2699 erat,
2597 2640 2872 2703 quatenus
2888 2645 2974 2690 est
2991 2644 3238 2702 creatus,
3254 2638 3302 2694 is
3317 2640 3409 2710 qui
3429 2656 3544 2697 sem
3557 2671 3577 2685 -

1986 2733 2084 2790 per
2111 2728 2195 2775 est
2224 2721 2391 2794 778
2433 2723 2753 2780 videbitur?
2785 2725 2862 2781 Ne
2907 2727 3044 2782 mihi
3092 2729 3383 2801 quisquam
3423 2733 3572 2788 enim

1985 2825 2178 2865 eorum
2215 2813 2310 2882 qui
2334 2813 2440 2869 ista
2469 2814 2816 2871 deblaterant
2839 2816 2950 2872 vim
2974 2818 3223 2877 veritatis
3251 2821 3576 2880 adulterans

1985 2902 2155 2968 dicat,
2192 2903 2404 2960 idcirco
2451 2922 2575 2962 esse
2626 2907 2748 2978 ejus
2795 2909 3115 2983 imaginem,
3165 2914 3292 2985 quia
3340 2915 3574 2987 gloriam

1984 2995 2082 3052 Dei
2114 3011 2181 3051 ac
2211 2994 2396 3054 Patris
2450 2998 2634 3067 habet,
2680 3015 2746 3056 ac
2804 3002 3093 3070 virtutem,
3136 3015 3193 3062 et
3247 3008 3575 3079 sapientiam

1984 3089 2128 3160 ejus,
2179 3099 2348 3161 atque
2402 3091 2731 3159 bonitatem,
2771 3101 2828 3149 et
2870 3097 3361 3168 omnipotentiam,
3411 3110 3466 3157 et
3511 3119 3576 3159 ea

289 3191 406 3246 τῶν
426 3193 609 3246 ἐκεῖνα
633 3192 870 3263 δεδυσφη
880 3194 1153 3265 μηκότων,
1183 3193 1284 3266 τὴν
1306 3196 1405 3266 τῆς
1433 3193 1694 3267 ἀληθείας
1714 3213 1884 3250 κατα-

1987 3199 2110 3255 ηυω
2141 3199 2418 3256 nusquam
2443 3193 2574 3240 sunt
2600 3185 2656 3240 in
2689 3195 2873 3243 ortum
2904 3189 3178 3247 educendi
3203 3200 3573 3264 potestatem:

293 3284 656 3356 σοφιζόμενος
681 3285 934 3358 δύναμιν,
962 3287 1039 3352 ὡς
1067 3288 1302 3359 ἐπείπερ
1327 3287 1441 3359 ἔχει
1467 3290 1567 3360 τὴν
1603 3290 1765 3358 δόξαν
1788 3291 1882 3344 τοῦ

285 3376 431 3430 Θεοῦ
482 3377 576 3432 καὶ
610 3377 856 3450 Πατρὸς,
898 3378 1000 3451 τήν
1035 3396 1096 3432 τε
1126 3378 1389 3452 δύναμιν,
1424 3381 1522 3436 καὶ
1553 3385 1651 3454 τὴν
1691 3383 1885 3453 σοφίαν

287 3469 482 3537 αὐτοῦ,
507 3473 602 3526 καὶ
625 3471 724 3543 τὴν
756 3472 1071 3544 ἀγαθότητα
1090 3514 1106 3541 ,
1128 3473 1306 3528 καὶτὸ
1332 3477 1752 3548 παντουργικὸν,
1791 3477 1886 3531 καὶ

287 3564 354 3618 τὸ
379 3563 643 3618 δύνασθαι
676 3565 949 3636 παράγειν
985 3565 1058 3618 τά
1089 3565 1189 3619 οὐκ
1224 3565 1354 3620 ὄντα
1383 3567 1546 3632 ποτέ,
1592 3567 1680 3622 διά
1703 3567 1882 3633 τοῦτο,

287 3657 387 3710 καὶ
421 3656 582 3709 είκών
605 3657 753 3710 ἐστιν
782 3653 946 3710 αὐτοῦ
972 3673 987 3688 ο
1025 3656 1164 3712 ἀλλά
1185 3658 1450 3712 δεικνύτω
1473 3659 1766 3731 πρότερον,
1797 3661 1885 3713 εύ-

288 3749 431 3814 θέως
463 3750 603 3804 κατὰ
631 3750 792 3820 φύσιν
813 3752 1085 3821 φαίνεται,
1107 3753 1202 3806 καὶ⁹
1223 3751 1396 3817 οὕτως
1421 3753 1880 3826 ἀπαραλλάκτως,

285 3842 367 3906 ὡς
399 3843 563 3913 μηδὲν
591 3837 730 3897 εῖναι
759 3843 818 3896 τὸ
857 3844 1078 3899 ἀδικοῦν
1108 3845 1209 3917 τὴν
1238 3845 1472 3899 εἰσάπαν
1499 3847 1594 3900 καὶ
1624 3847 1883 3912 ὁλοτελῶς

287 3934 593 4007 ἐμφέρειαν
623 3936 722 4006 τῆς
751 3936 958 4000 εἰκόνος
989 3936 1124 4008 πρὸς
1168 3937 1228 3989 τὸ
1253 3935 1583 4009 ἀρχέτυπον.
1642 3939 1882 4011 ’Δπορή-

289 4045 466 4082 σαντα
498 4029 555 4082 δὲ
593 4029 685 4083 καὶ
740 4029 898 4083 τοῦτο
936 4029 1203 4084 δεικνύειν
1233 4030 1330 4101 ούχ
1375 4030 1598 4096 ἑκόντα,
1630 4031 1884 4104 δεύτερον

286 4124 591 4194 αἰτήσομεν
622 4124 831 4186 εἰπεῖν,
880 4125 1032 4186 ποῖος
1075 4122 1140 4177 ἃν
1177 4123 1444 4196 ἐπιτρέψῃ
1473 4123 1632 4193 λόγος
1652 4166 1666 4188 ,
1707 4125 1885 4180 καίτοι

288 4213 435 4267 κατά
463 4214 623 4282 φύσιν
661 4213 762 4267 οὐκ
804 4213 934 4266 ὄντα
964 4213 1119 4278 Θεὸν,
1153 4214 1294 4268 κατά
1321 4229 1383 4282 γε
1415 4215 1513 4286 τὴν
1536 4214 1760 4271 ἐνοῦσαν
1787 4217 1885 4270 αύ-

287 4309 406 4371 τοίς
466 4307 782 4380 βδελυρίαν,
836 4308 903 4362 τὰ
952 4311 1051 4378 τῆς
1120 4307 1374 4379 θεότητος
1431 4307 1570 4379 ἔργα
1621 4308 1883 4362 δύνασθαι

289 4397 559 4470 πληροῦν.
609 4398 780 4452 Τοῦτο
809 4399 918 4470 γάρ
948 4401 1097 4452 ἐστιν
1127 4397 1188 4451 τὸ
1218 4399 1406 4468 φέρειν
1440 4398 1539 4468 τὴν
1568 4398 1754 4453 είκόνα
1786 4398 1881 4452 τοῦ

288 4491 532 4560 Πατρός.
571 4492 633 4543 Et
663 4490 763 4561 μὲν
789 4489 898 4560 γὰρ
936 4490 1148 4543 οἴκοθεν
1176 4485 1276 4544 οὐκ
1310 4490 1448 4560 ἔχων
1476 4491 1574 4562 τὴν
1605 4491 1881 4562 ἀρκοῦσαν

1988 3277 2084 3332 sed
2133 3277 2291 3349 prius
2329 3277 2588 3334 ostendat
2619 3286 2807 3334 utrum
2850 3281 3155 3339 secundum
3204 3295 3458 3344 naturam
3494 3291 3574 3345 vi-

1987 3369 2203 3435 deatur,
2230 3377 2494 3440 tantaque
2533 3386 2633 3441 per
2666 3372 2854 3428 omnia
2904 3374 3293 3445 similitudine,
3334 3388 3395 3436 ut
3436 3381 3576 3438 nihil

1987 3461 2455 3533 perfectissimam
2515 3463 2665 3518 illam
2729 3463 2989 3537 imaginis
3030 3468 3369 3528 labefactare
3397 3475 3578 3544 possit

1987 3552 2056 3606 ad
2101 3552 2457 3624 archetypum
2511 3553 2958 3614 similitudinem.
3011 3559 3168 3626 Quod
3216 3576 3342 3618 cum
3397 3576 3577 3622 osten-

1987 3644 2141 3710 dere,
2170 3646 2257 3700 vel
2285 3646 2330 3701 si
2363 3645 2602 3702 maxime
2635 3648 2790 3712 velit,
2820 3659 3081 3720 nequeat,
3106 3652 3311 3710 iterum
3349 3658 3575 3729 rogabi-

1987 3753 2110 3793 mus
2146 3747 2206 3792 ut
2249 3737 2397 3793 dicat
2425 3753 2532 3807 qua
2585 3740 2824 3806 ratione,
2859 3755 2986 3795 cum
3026 3740 3172 3800 Deus
3216 3760 3327 3801 non
3372 3749 3446 3804 sit
3487 3766 3576 3806 se-

1987 3830 2230 3885 cundum
2303 3836 2597 3897 naturam,
2659 3838 2719 3886 ut
2789 3846 2983 3888 eorum
3061 3833 3386 3898 detestanda
3468 3839 3578 3896 fert

1986 3922 2302 3988 sententia,
2343 3922 2569 3978 deitatis
2625 3933 2809 3979 tamen
2853 3939 3023 3996 opera
3081 3928 3270 3998 possit
3322 3934 3573 4004 exsequi.

1987 4015 2104 4073 Hoc
2139 4016 2284 4072 enim
2329 4023 2416 4072 est
2466 4014 2611 4072 ferre
2647 4015 2828 4073 Patris
2860 4018 3182 4090 imaginem.
3214 4021 3354 4078 Nam
3404 4026 3450 4080 si
3479 4042 3576 4098 po-

1985 4117 2238 4166 testatem
2281 4109 2346 4163 ad
2379 4108 2483 4164 hoc
2519 4108 2885 4165 sufﬁcientem
2925 4126 2956 4165 a
2992 4113 3180 4184 seipso
3203 4130 3312 4170 non
3361 4116 3575 4174 habens

1985 4202 2159 4258 Filius
2183 4217 2303 4257 eam
2336 4217 2366 4256 a
2403 4200 2570 4258 Patre
2601 4211 2903 4270 mutuatur,
2937 4204 3006 4259 ab
3038 4221 3215 4278 eoque
3245 4209 3575 4280 sapientiam

1984 4305 2040 4350 et
2066 4295 2238 4351 robur
2271 4294 2495 4364 accipit,
2547 4302 2607 4349 ut
2655 4310 2918 4366 peragere
2977 4299 3153 4369 possit
3200 4316 3322 4371 quae
3371 4312 3427 4358 et
3471 4306 3575 4360 soli

1985 4387 2281 4444 convenire
2326 4387 2508 4442 Patris
2551 4396 2765 4443 natura:
2815 4389 3089 4456 dicemus,
3134 4393 3428 4464 imaginem
3471 4396 3576 4450 hac

1987 4489 2146 4552 pacto
2189 4490 2244 4535 et
2279 4478 2698 4534 similitudinem
2743 4482 3061 4536 mentietur.
3096 4482 3193 4539 Sin
3232 4495 3414 4540 autem
3447 4502 3574 4542 eum

289 4586 374 4647 εἰς
403 4557 564 4637 τοῦτο
581 4557 811 4654 δύναμιν
832 4557 1009 4645 ό-Υίὺς
1030 4557 1453 4655 δανείζεται-τὴν
1475 4557 1626 4654 παρά
1645 4557 1876 4655 Πατρός,

1988 4585 2338 4644 nequaquam
2373 4571 2594 4625 mentiri
2617 4571 3007 4638 concedemus,
3032 4575 3126 4643 qui
3160 4575 3236 4629 ita
3260 4591 3320 4633 se
3351 4577 3572 4644 habeat,

290 4673 394 4726 καὶ
429 4677 744 4744 χορηγεῐται
792 4674 922 4745 παρ’
956 4674 1123 4728 αὑτοῦ
1169 4675 1265 4730 καὶ
1301 4674 1525 4746 σοφίαν,
1563 4675 1658 4728 καὶ
1701 4676 1876 4746 ἰσχὺν,

294 4766 386 4818 ἵνα
419 4764 640 4835 δύνηται
673 4764 973 4837 κατορθοῦν
1015 4765 1052 4819 ἃ.
1088 4766 1182 4820 καὶ
1217 4766 1353 4838 μόνῃ
1381 4767 1613 4837 πρέπειν
1647 4766 1881 4838 ἐροῦμεν

289 4857 363 4924 τῇ
386 4853 480 4907 τοῦ
513 4856 724 4927 Πατρὸς
751 4855 939 4925 φύσει,
989 4856 1338 4924 διαψεύσεται
1362 4855 1504 4910 οῦτω
1549 4859 1642 4910 καὶ
1670 4857 1766 4929 τήν
1800 4860 1878 4912 εἰ·

290 4947 430 5000 κόνα
461 4947 554 4999 καὶ
589 4947 689 5017 τὴν
718 4946 1002 5017 ὁμοίωσιν.
1055 4948 1118 5003 El
1149 4947 1206 5000 δέ
1242 4948 1532 5017 ψεύδεσθαι
1570 4950 1668 5020 μέν
1693 4951 1754 5002 ού
1781 4949 1882 5003 δώ·

291 5053 464 5106 σομεν
492 5036 688 5099 αὑτὸν,
729 5035 904 5101 οὕτως
942 5037 1132 5108 ἔχοντα
1165 5037 1416 5109 καθάπερ
1446 5040 1776 5110 εἰρήκαμεν,
1806 5041 1882 5105 ὼς

287 5130 353 5182 δὲ
377 5127 692 5197 ἁληθεύοντι
716 5129 1123 5199 συναινέσομεν,
1143 5130 1312 5201 αὐτὴν
1333 5130 1659 5199 ωωσὸμεθα
1684 5132 1780 5200 τὴν
1799 5131 1886 5184 δό-

292 5223 394 5285 ξαν
425 5222 736 5286 ἀδικοῦντες
762 5221 857 5276 τοῦ
881 5222 1017 5276 Θεοῦ
1045 5224 1138 5276 καὶ
1164 5223 1397 5294 Πατρὸς,
1431 5224 1525 5276 καὶ
1554 5225 1722 5288 ὅπως,
1750 5223 1880 5294 ἐρῶ.

295 5314 373 5366 Ἢ
394 5315 502 5384 γάρ
538 5316 753 5386 ἀνάγκη
789 5315 991 5384 λέγειν,
1027 5317 1109 5369 ὅτι
1151 5315 1407 5385 ψεύδεται
1442 5316 1538 5386 τὴν
1568 5317 1753 5370 εἰκόνα
1787 5315 1881 5369 τοῦ

290 5408 434 5461 Θεοῦ
458 5409 549 5461 καὶ⁵
570 5410 813 5480 Πατρὺς,
839 5409 1051 5464 οἴκοθεν
1092 5410 1190 5481 μὲν
1223 5410 1321 5464 ούκ
1354 5409 1493 5483 ἔχων
1523 5410 1622 5480 τὴν
1645 5411 1758 5474 τοῖς
1793 5409 1882 5481 ἐρ·-

294 5517 416 5568 γοις
443 5499 781 5571 ἐξαρκοῦσαν
810 5503 966 5571 ἰσχὺν
984 5543 998 5568 ,
1025 5503 1151 5573 παρ’
1184 5503 1372 5573 ἑτέρου
1406 5503 1462 5557 δὲ
1493 5502 1698 5573 ταύτην
1721 5519 1884 5573 χορη-

294 5593 564 5662 γούμενος
585 5609 596 5622 ·
628 5594 688 5646 ού
719 5594 827 5665 γὰρ
856 5593 998 5647 οὕτω
1027 5595 1088 5647 τὸ
1112 5597 1419 5666 ἀρχέτυπον
1438 5613 1450 5626 ⁸
1488 5596 1520 5666 ἢ
1553 5596 1712 5668 εἴπερ
1739 5596 1883 5648 ἐστὶν

289 5686 504 5758 ἀληθὴς
549 5690 608 5740 ἐν
651 5687 828 5757 ἐαυτῷ
868 5685 1042 5755 λέγων
1089 5689 1315 5758 ὁρᾶσθαι
1367 5688 1458 5742 τὸν
1497 5688 1745 5759 Πατέρα,
1792 5688 1883 5742 καὶ

370 5869 416 5898 "
461 5866 501 5920 ll
531 5869 656 5923 Cor.
691 5887 762 5936 tv,
803 5871 854 5925 ιι.

1990 4673 2050 4720 ut
2083 4664 2345 4728 diximus,
2373 4660 2467 4717 sed
2509 4670 2769 4733 tauquam
2825 4679 2954 4720 vera
2988 4665 3194 4722 dicenti
3240 4669 3575 4740 astipulabiv

1990 4774 2134 4821 mur,
2164 4758 2342 4828 ipsam
2377 4754 2470 4811 Dei
2525 4770 2589 4810 ac
2627 4754 2811 4813 Patris
2860 4758 3095 4828 gloriam
3133 4759 3341 4816 violare
3374 4760 3575 4832 depre-

1989 4850 2294 4908 hcudemur
2331 4864 2343 4902 :
2376 4865 2489 4920 quo
2527 4857 2708 4920 pacto,
2739 4850 2944 4906 dicam.
2985 4851 3097 4906 Aut
3148 4853 3295 4907 enim
3349 4870 3580 4912 necesse

1987 4952 2076 5000 est
2108 4944 2296 4999 dicere
2327 4957 2454 4997 eum
2506 4941 2602 4996 Dei
2631 4957 2697 4997 ac
2737 4941 2916 5000 Patris
2951 4944 3207 4999 ementiri
3248 4946 3577 5017 imaginem,

1986 5053 2116 5091 cum
2159 5052 2188 5089 a
2220 5035 2404 5105 seipso
2459 5033 2818 5090 sufﬁcientem
2865 5036 3128 5105 operibus
3163 5037 3274 5092 vim
3325 5055 3435 5095 non
3480 5041 3576 5096 ha-

1989 5130 2133 5191 beat,
2166 5127 2260 5184 sed
2297 5127 2367 5181 ab
2396 5129 2570 5182 altero
2601 5127 2750 5180 illam
2789 5129 3026 5196 accipiat
3054 5146 3069 5183 :
3097 5144 3200 5184 nec
3244 5132 3394 5185 enim
3425 5131 3479 5186 id
3510 5133 3580 5188 de

1988 5221 2289 5292 archetypo
2335 5218 2445 5274 dici
2495 5227 2698 5287 potest.
2749 5219 2858 5272 Aut
2887 5219 2937 5275 si
2975 5236 3105 5277 vere
3155 5221 3405 5292 loquitur
3451 5239 3578 5279 cum

1989 5315 2067 5368 ait
2126 5314 2178 5366 in
2219 5311 2403 5381 seipso
2431 5312 2610 5366 videri
2665 5309 2904 5378 Patrem,
2951 5314 3201 5384 nihilque
3243 5315 3407 5386 plane
3455 5333 3580 5372 esse

1991 5406 2139 5477 quod
2171 5420 2294 5459 eum
2331 5411 2576 5473 separet,
2622 5404 2708 5458 vel
2745 5405 3102 5475 iuterjectum
3134 5410 3227 5474 sit,
3265 5410 3352 5466 vel
3393 5409 3575 5464 omni—

1994 5498 2209 5554 modam
2239 5495 2662 5552 similitudinem
2700 5497 2996 5562 adulteret,
3032 5515 3265 5557 necesse
3293 5511 3377 5557 est
3411 5509 3469 5554 ut
3495 5501 3576 5554 vel

1994 5592 2188 5648 nolens
2220 5590 2368 5644 dicat
2411 5589 2592 5659 ipsum
2627 5605 2849 5661 quoque
2875 5589 3091 5646 Patrem
3132 5593 3485 5647 adventitiam
3521 5601 3572 5645 et

1992 5687 2058 5743 ab
2123 5686 2296 5741 altero
2350 5691 2632 5753 acceptam
2687 5683 2890 5741 habere
2938 5684 3219 5742 virtutem.
3276 5684 3367 5739 Sic
3431 5683 3576 5740 enim
