4096 6476
532 389 643 448 9οῚ

1504 386 1561 443 S.
1586 380 1863 441 CYRILLI
1895 383 2368 444 ALEXANDBINI
2407 383 2728 445 ARCHIEP.

532 508 775 577 seipsum
802 502 972 560 nobis
1000 500 1059 558 in
1090 501 1330 574 imagine
1367 515 1484 557 sua
1512 509 1726 558 naturae
1770 501 1889 558 sive
1919 502 2113 575 gloriae

2219 505 2366 559 οὐδὲν
2393 505 2530 569 δλως
2553 500 2692 558 εἶναι
2720 505 2781 557 τὸ
2802 501 3117 556 διαλλάττον
3143 502 3201 557 ἐν
3222 502 3298 573 τῷ
3324 502 3552 573 μεταξὺ,
3571 502 3606 574 ἢ
3636 521 3819 575 Rapa-

530 601 704 656 voluit
756 596 1070 654 ostendere.
1123 594 1383 667 Nunquid
1436 610 1571 666 ergo
1622 595 1845 661 videtis,
1899 595 2116 665 inquiet

531 693 600 747 ad
644 692 771 749 illos
812 691 1045 763 aliquis,
1075 703 1316 762 quonam
1347 704 1376 742 a
1413 698 1563 742 recta
1593 688 1685 744 via
1733 702 1919 743 sermo
1950 686 2117 742 delle-

530 793 664 847 ctat,
709 793 763 842 et
794 792 1063 856 quantum
1124 783 1181 837 in
1234 781 1557 838 barathrum
1608 780 1744 836 talia
1809 779 2116 837 sentientes

534 875 879 947 prazcipitet'!
919 874 1238 937 Enimvero,
1273 873 1556 943 inquiunt,
1619 881 1825 943 potest,
1866 873 2117 944 quamvis

532 977 757 1025 creatus
784 969 857 1022 sit
888 965 1315 1030 Filius,naturae
1336 965 1540 1020 divina
1563 979 1735 1035 opera
1761 964 1962 1027 facere,
1990 979 2115 1019 cum

532 1055 643 1113 Deo
676 1071 741 1111 ac
780 1054 927 1112 Patri
965 1055 1041 1109 ita
1079 1055 1258 1109 visum
1295 1054 1479 1109 sit.At
1509 1054 1642 1123 quid
1675 1054 1781 1109 hoc
1809 1054 1987 1122 magis
2024 1054 2117 1108 im-

532 1149 682 1220 pium
715 1147 827 1203 dici
877 1146 1098 1218 potest?
1120 1144 1269 1200 Nihil
1305 1146 1453 1201 enim
1495 1146 1677 1215 majus
1713 1147 1831 1201 sive
1862 1146 1987 1215 plus
2011 1146 2117 1200 erit

531 1243 588 1296 in
619 1239 730 1295 Deo
760 1238 1023 1309 deinceps
1083 1253 1252 1308 quam
1312 1246 1590 1301 creatura,
1624 1237 1754 1291 licet
1810 1239 1861 1292 ei
1914 1237 2120 1293 divini-

528 1333 661 1388 tatis
695 1331 927 1401 gloriam
963 1345 1030 1386 ac
1071 1331 1339 1385 virtutem
1373 1331 1707 1385 tribuamus.
1742 1330 1920 1385 Nemo
1969 1331 2118 1386 enim

536 1425 640 1481 sibi
677 1424 881 1480 mentis
923 1424 1108 1494 inopia
1147 1428 1476 1493 persuadeat
1499 1422 1828 1478 admirabile
1859 1436 1921 1478 se
1959 1423 2121 1493 quid-

537 1516 661 1571 dam
717 1522 773 1572 et
851 1530 1109 1585 magnum
1170 1514 1239 1571 de
1301 1513 1441 1569 Filio
1521 1515 1749 1578 sentire,
1806 1528 1871 1569 ac
1933 1515 2120 1570 dicere

541 1608 694 1677 quod
763 1614 1019 1663 creatura
1088 1606 1311 1675 quidem
1387 1606 1482 1671 sit,
1550 1607 1647 1660 sed
1707 1620 1816 1659 non
1895 1613 1954 1660 ut
2011 1619 2119 1659 una

542 1708 962 1762 creaturarum,
1021 1697 1116 1755 sed
1179 1697 1302 1767 ejus
1368 1696 1601 1766 gloriam
1656 1710 1768 1752 non
1830 1696 2123 1752 mediocri-

543 1802 629 1846 ter
667 1804 728 1846 se
771 1789 978 1846 violare
1032 1789 1329 1859 intelligat.
1382 1786 1493 1842 Nec
1556 1788 1706 1842 enim
1762 1788 2120 1858 querendum

536 1881 701 1953 779
728 1888 914 1935 utrum
940 1879 1197 1934 eximiam
1230 1893 1341 1948 prae
1373 1878 1589 1933 cazteris
1618 1879 1891 1933 creaturis
1919 1878 2119 1933 habeat

531 1984 790 2028 naturam
814 2011 828 2036 ,
861 1971 957 2026 sed
987 1978 1173 2026 utrum
1200 1970 1432 2025 omnino
1458 1980 1680 2025 creatus
1708 1971 1800 2025 sit.
1828 1968 2120 2035 Quomodo

528 2066 675 2122 enim
708 2075 968 2121 creatura
1008 2078 1116 2118 non
1146 2064 1288 2127 erit,
1327 2062 1372 2118 si
1421 2071 1811 2118 creaturarum
1862 2062 1936 2117 sit
1978 2077 2121 2132 prae-

530 2157 927 2215 stantissima?
964 2158 1033 2210 At
1064 2155 1269 2211 violata
1297 2152 1424 2209 Filii
1455 2152 1753 2224 majestate
1785 2153 1840 2207 in
1874 2168 1942 2209 eo
1969 2154 2119 2223 quod

530 2254 711 2325 ipsum
746 2249 958 2305 factum
994 2263 1120 2304 esse
1154 2246 1384 2311 dicunt,
1419 2244 1551 2315 quid
1600 2245 1807 2300 frustra
1853 2246 1904 2301 ei
1947 2259 2119 2300 reme-

531 2346 686 2401 dium
725 2344 898 2399 veluti
958 2339 1237 2414 quoddam
1301 2337 1605 2402 adhibent,
1653 2338 1800 2408 quod
1854 2337 2116 2392 nimirum

530 2442 711 2494 locum
768 2444 953 2492 teneat
1010 2433 1352 2504 reliquorum
1407 2434 1660 2489 omnium
1716 2430 2116 2502 prastantissi-

530 2526 1023 2599 mumilnjuriam
1056 2525 1247 2596 itaque
1298 2524 1394 2581 Dei
1438 2540 1505 2580 ac
1556 2523 1741 2580 Patris
1789 2523 2118 2581 substantiae

529 2623 832 2687 faciemus,
868 2628 965 2674 aut
1000 2618 1202 2673 borum
1237 2617 1578 2689 agendorum
1611 2626 1941 2688 potestatem
1975 2614 2118 2669 Filio

528 2716 849 2787 aliingemus
871 2754 888 2780 ,
919 2713 1017 2784 qui
1048 2721 1102 2767 et
1132 2711 1253 2784 ipse
1282 2721 1503 2768 creatus
1543 2720 1665 2779 est,
1716 2718 1779 2766 ut
1823 2712 1990 2768 stulte
2037 2710 2116 2764 illi

526 2805 1013 2877 philosophantur.
1067 2801 1175 2857 Sed
1230 2816 1345 2856 non
1410 2800 1652 2857 feremus
1717 2815 1815 2857 eos
1869 2801 2118 2854 dicentes

528 2898 759 2959 Filium,
782 2910 910 2950 cum
947 2893 1258 2950 secundum
1288 2900 1546 2947 naturam
1580 2900 1841 2946 creatura
1873 2894 1971 2955 sit,
2002 2890 2119 2945 dei-

527 2990 664 3044 tatis
714 2997 903 3041 tamen
956 3000 1124 3055 opera
1170 2984 1391 3047 facere,
1437 2997 1564 3037 cum
1608 2981 1691 3037 ita
1736 2983 2000 3053 placitum
2042 2982 2116 3037 sit

530 3079 642 3134 Deo
672 3092 737 3133 ac
771 3075 943 3133 Patri.
986 3072 1122 3128 Nam
1157 3074 1205 3129 si
1248 3087 1314 3127 ex
1361 3072 1650 3143 Scriptura
1696 3070 1882 3127 divina
1924 3082 2117 3129 osten-

530 3172 663 3225 dere
710 3167 765 3222 id
800 3174 1065 3238 possunt,
1099 3163 1249 3235 quod
1296 3172 1534 3235 possunt
1574 3162 1894 3234 proferant,
1929 3172 1986 3218 et
2031 3163 2116 3217 in-

530 3268 822 3330 corruptas
849 3258 1011 3315 nobis
1040 3264 1367 3313 sanctorum
1394 3268 1561 3311 voces
1602 3260 1962 3311 conservent.
2014 3252 2112 3307 Sin

529 3362 710 3410 autem
768 3367 835 3407 ex
893 3365 998 3406 suo
1050 3363 1220 3405 sensu
1279 3348 1530 3403 rationes
1586 3347 2113 3414 comminiscuntur,

530 3448 673 3504 scite
737 3443 1027 3499 dicemus:
1061 3459 1081 3493 ι
1117 3438 1210 3495 ναξ
1268 3439 1365 3511 qui
1424 3438 1764 3511 prophetarit
1826 3440 1895 3495 de
1951 3440 2118 3498 corde

530 3551 634 3591 suo
661 3535 735 3589 “.
764 3552 782 3587 ι
814 3533 914 3587 llla
947 3532 1095 3587 enim
1128 3530 1352 3589 Patrem
1402 3545 1622 3602 semper
1668 3528 1810 3588 velle
1845 3533 2115 3587 concede-

530 3643 687 3693 nius,
720 3642 843 3698 qua:
868 3626 1118 3682 divinam
1141 3626 1265 3695 ejus
1292 3625 1524 3695 gloriam
1557 3624 1835 3681 sinceram
1866 3635 1921 3680 et
1948 3624 2120 3680 invio-

529 3722 697 3778 latam
727 3733 951 3776 servare
980 3727 1228 3789 queunt,
1284 3727 1340 3772 et
1400 3717 1719 3787 dogmatum
1768 3733 1892 3787 quae
1945 3718 2012 3772 de
2054 3732 2122 3773 eo

529 3822 660 3871 sunt
688 3820 898 3877 rectam
934 3810 1210 3866 rationem
1257 3818 1507 3865 tuentur.
1560 3808 1858 3876 Quocirca,
1896 3809 2117 3865 illorum

529 3906 748 3965 insania
785 3906 970 3959 valere
1014 3903 1209 3972 jussa,
1255 3902 1323 3956 ad
1357 3910 1571 3957 rectam
1604 3901 1674 3957 de
1710 3918 1777 3957 eo
1804 3902 2118 3957 doctrinam

527 4006 941 4063 convertamur,
970 3994 1269 4049 credentes
1299 4008 1367 4049 ex
1411 3994 1730 4050 substantia
1775 3995 1868 4050 Dei
1911 4011 1975 4051 ac
2015 3995 2123 4050 Pa-

530 4093 634 4147 tris
666 4090 912 4160 genitum
946 4102 1071 4144 esse
1100 4084 1308 4142 Filium
1338 4103 1505 4153 vere,
1556 4095 1611 4143 et
1661 4088 1830 4144 Deum
1888 4089 1958 4145 de
2012 4088 2121 4145 Deo

531 4181 839 4239 secundum
870 4186 1151 4234 naturam.
1182 4179 1319 4234 Cum
1351 4180 1426 4234 sit
1462 4180 1610 4235 enim
1642 4180 1932 4236 character
1961 4191 2015 4238 et
2054 4183 2123 4238 si-

531 4273 788 4329 militudo
815 4270 914 4326 Dei
945 4285 1009 4328 ac
1038 4269 1257 4335 Patris,
1310 4286 1438 4325 vere
1488 4272 1757 4340 loquitur,
1813 4289 1941 4328 cum
1998 4274 2119 4331 ait:

538 4384 556 4415 ε
579 4362 688 4430 Qui
720 4362 859 4416 vidit
892 4377 975 4415 me
998 4401 1014 4422 .
1068 4361 1211 4415 vidit
1262 4371 1317 4414 et
1364 4360 1583 4415 Patrem
1614 4377 1628 4414 :
1663 4363 1943 4432 quomodo
1987 4381 2122 4435 ergo

533 4457 675 4513 dicis
703 4475 715 4510 :
750 4453 992 4510 Ostende
1017 4452 1179 4508 nobis
1211 4453 1430 4507 Patrem
1457 4454 1481 4509 ?
1513 4474 1531 4506 ι
1563 4451 1717 4510 Licet
1749 4457 1954 4527 quippe
1985 4459 2119 4520 tibi,

2140 3215 2187 3278 C

2218 598 2488 669 χαράττον
2522 598 2623 669 τὴν
2668 599 2748 660 είς
2790 596 2937 650 ἁπαν
2968 595 3298 668 ἐμφέρειαν,
3349 593 3565 664 ἀνάγκη
3594 595 3816 660 λοιπὸν,

2217 690 2313 742 καὶ
2332 692 2427 759 οὐχ
2450 690 2646 745 ἑκόντα
2668 690 2865 755 είπεῖν,
2885 690 2967 742 δτι
2988 688 3083 743 καὶ
3110 688 3271 751 αὐτὸς
3290 690 3320 742 ό
3346 688 3537 759 Πατὴρ
3563 688 3820 760 ιπακτὴν

2217 782 2363 853 ἔχειν
2394 782 2505 855 [Ῐσ.
2555 782 2693 855 ἔχει]
2739 783 2834 837 καὶ
2864 782 2993 853 παρ’
3017 781 3210 851 ἐτέρου
3246 781 3346 851 τὴν
3373 780 3627 851 δύναμιν.
3650 780 3821 835 Οῦτω

2216 875 2327 945 γὰρ
2354 878 2487 947 ἡμῖν
2510 877 2701 930 ἑαυτὸν
2732 877 2788 929 ὲν
2817 878 2883 945 τῇ
2925 874 3092 927 είκόνι
3118 875 3217 943 τῆς
3253 872 3391 935 ίδίας
3424 872 3660 942 φύσεως,
3687 872 3818 943 ἦτοι

2216 968 2317 1037 τῆς
2356 966 2513 1038 δόξης
2534 1007 2548 1031 ,
2580 965 2858 1038 ἠϐουλήθη
2883 963 3170 1019 δεικνύειν.
3224 959 3352 1035 'Ap'
3378 958 3473 1016 οὖν
3496 963 3596 1033 οὐχ
3620 964 3819 1033 δρᾶτε,

2219 1060 2440 1131 φήσειεν
2464 1060 2529 1113 ἄν
2572 1076 2655 1123 τις
2682 1058 2819 1129 πρὸς
2851 1057 3092 1119 ἐκείνους
3120 1054 3343 1119 λοιπὸν,
3392 1055 3517 1108 ὅποι
3546 1054 3681 1107 ποτε
3713 1053 3823 1124 βαι

2216 1151 2412 1204 διεῖται
2448 1150 2551 1220 τῆς
2574 1150 2787 1211 εὐθείας
2819 1147 2942 1202 ὀδοῦ
2975 1145 3311 1201 διεκπίπτων
3335 1147 3365 1199 ὀ
3394 1145 3574 1213 λόγος,
3605 1145 3701 1197 καὶ
3729 1145 3823 1206 εις

2217 1238 2331 1297 οἷον
2379 1242 2706 1312 ἀποκομίζει
2755 1238 3029 1312 βάραθρον
3072 1239 3200 1300 τοὺς
3238 1238 3427 1290 ἐκεῖνα
3464 1234 3821 1305 πεφρονηκό-

2217 1346 2345 1394 ταςῖ
2390 1328 2550 1383 Ἀλλὰ
2576 1329 2665 1382 ναὶ
2688 1368 2701 1390 ,
2733 1326 2994 1389 δύναται,
3036 1323 3174 1396 φησὶ
3195 1365 3209 1388 ,
3243 1325 3424 1379 καίτοι
3452 1323 3679 1394 γενητὸς
3705 1323 3822 1375 ὑπ-

2219 1422 2403 1493 άρχων
2434 1423 2465 1474 ὁ
2498 1419 2625 1482 Υίδς
2648 1460 2662 1483 ,
2700 1420 2770 1473 τὰ
2797 1420 2895 1488 τῆς
2924 1417 3141 1487 φύσεως
3172 1416 3311 1487 ἔργα
3344 1413 3619 1487 πληροῦν,
3651 1414 3822 1481 δόξαν

2219 1512 2362 1566 οὕτω
2394 1512 2472 1583 τῷ
2512 1510 2631 1582 Θεῷ
2667 1508 2766 1565 καὶ
2803 1509 2999 1582 Πατρί.
3063 1506 3193 1563 Εἶτα
3229 1508 3282 1561 τί
3316 1506 3509 1561 τούτου
3561 1507 3823 1575 φανεῖται

2220 1606 2281 1658 τὸ
2305 1606 2760 1677 δυσσεϐέστερονς
2801 1605 2968 1658 Οὐδὲν
2998 1603 3107 1675 γὰρ
3134 1604 3216 1657 ἐτι
3241 1603 3303 1657 τὸ
3335 1601 3521 1672 μεῖζον
3540 1644 3555 1667 ,
3600 1601 3720 1672 ἦτοι
3748 1600 3825 1653 τὸ

2223 1698 2385 1752 πλέον
2411 1700 2469 1752 ὲν
2491 1697 2610 1768 Θεῷ
2631 1697 2783 1769 παρὰ
2804 1698 2904 1767 τὴν
2928 1696 3124 1758 κτίσιν,
3161 1696 3209 1748 εί
3236 1696 3329 1750 καὶ
3354 1696 3452 1766 τὴν
3478 1693 3580 1764 τῆς
3618 1693 3819 1762 θεότη-

2224 1811 2315 1858 τος
2355 1792 2514 1858 δόξαν
2560 1808 2619 1846 τε
2662 1793 2755 1846 καὶ
2800 1792 3029 1863 δύναμιν
3078 1792 3216 1863 αὐτῇ
3269 1790 3663 1861 περιθήσομεν.
3719 1789 3823 1859 Μὴ

2155 1855 2196 1911 Β
2222 1855 2331 1955 γάρ
2356 1855 2441 1946 τις
2466 1882 2531 1937 ὲκ
2556 1855 2983 1953 φρενοϐλαϐείας
3005 1855 3215 1936 οἰέσθω·
3233 1855 3436 1952 πολλῆς
3483 1855 3821 1949 άέιάγαστόν

2219 1994 2273 2031 τι
2315 1974 2409 2030 καὶ
2446 1975 2591 2046 μέγα
2650 1976 2780 2046 περὶ
2827 1975 2956 2028 Υἱοῦ
2998 1975 3216 2046 φρονεῖν
3253 1992 3314 2027 τε
3348 1974 3443 2027 καὶ
3478 1972 3696 2041 λέγειν,
3729 1973 3825 2025 δτι

2219 2067 2426 2137 κτίσμα
2456 2067 2554 2137 μέν
2577 2068 2745 2128 ἐστιν,
2763 2066 2861 2136 οὐχ
2886 2066 2962 2129 ὡς
2995 2066 3052 2118 ἓν
3080 2065 3139 2120 δὲ
3163 2082 3272 2118 των
3301 2063 3619 2135 κτισμάτων
3642 2080 3657 2094 ’
3682 2064 3824 2118 [στω

2217 2159 2275 2212 δὲ
2300 2160 2361 2212 ού
2396 2158 2608 2231 μικρῶς
2630 2157 2833 2212 ἀδικῶν
2862 2157 2962 2229 τὴν
2990 2157 3148 2222 δόξαν
3178 2156 3365 2211 αὐτοῦ.
3407 2157 3484 2211 Οὐ
3507 2155 3620 2225 γὰρ
3644 2157 3693 2209 εί
3720 2154 3819 2219 εει

2219 2251 2435 2323 αίρετον
2458 2251 2571 2321 ἔχει
2602 2250 2697 2322 τὴν
2727 2249 2889 2320 φύσιν
2912 2250 3065 2321 παρὰ
3087 2250 3157 2303 τὰ
3179 2248 3317 2304 ἄλλα
3346 2248 3627 2319 κτίσματα
3645 2246 3818 2318 ζητη-

2218 2340 2359 2405 τέον,
2391 2340 2508 2394 ἀλλ’
2531 2341 2580 2394 εί
2602 2339 2825 2408 γέγονεν
2850 2339 3006 2403 ὅλως.
3041 2339 3115 2392 Τὸ
3145 2340 3253 2411 γὰρ
3279 2332 3420 2392 εἶναι
3457 2336 3669 2407 κτίσμα
3692 2335 3818 2397 πῶς

2220 2431 2286 2485 ἃν
2318 2429 2602 2500 διαφύγοι,
2639 2431 2689 2483 εί
2729 2431 2821 2483 καὶ
2857 2429 3077 2485 πάντων
3107 2429 3227 2483 ἐστὶ
3260 2428 3370 2483 τῶν
3405 2427 3726 2497 κτισμάτων
3751 2426 3819 2479 τὺ

2220 2523 2503 2578 κάλλιστον
2522 2541 2538 2590 ;
2583 2522 2975 2592 Ἀδικουμένης
2998 2522 3055 2576 δὲ
3073 2522 3175 2591 τῆς
3204 2520 3362 2593 δόξης
3374 2520 3469 2574 τοῦ
3489 2520 3622 2573 Υίοῦ
3643 2521 3705 2573 ἐν
3732 2519 3816 2590 τῷ

2218 2616 2473 2683 γενέσθαι
2491 2615 2670 2684 λέγειν
2692 2614 2943 2681 αὐτὸν,τί
2966 2614 3143 2685 μάτην
3162 2614 3447 2683 ἐπάγουσι.
3476 2611 3733 2683 καθάπερ
3757 2628 3815 2663 τι

2219 2710 2509 2780 φάρμακον
2540 2707 2690 2777 αὐτῷ
2712 2748 2728 2774 ,
2772 2707 2833 2760 τδ
2861 2707 2919 2760 ἑν
2944 2707 3022 2777 τῷ
3048 2705 3319 2775 καλλίστῳ
3352 2705 3461 2759 τῶν
3484 2703 3663 2759 ἄλλων
3707 2702 3815 2757 ὑπ·

2218 2802 2407 2871 άρχειν
2437 2800 2627 2870 τόπῳ;
2692 2798 3020 2871 ’Υὸριοῦμεν
3065 2796 3358 2869 τοιγαροῦν
3402 2796 3503 2866 τὴν
3547 2795 3643 2850 τοῦ
3673 2794 3816 2849 Θεοῦ

2219 2892 2314 2945 καὶ
2356 2892 2591 2963 Πατρὸςν
2618 2874 2840 2954 οὐσίαν,
2889 2891 2922 2961 ἢ
2970 2888 3146 2946 ταῦτα
3187 2889 3452 2943 δύνασθαι
3509 2886 3813 2959 κατορθοῦν

2219 2982 2595 3053 περιθήσομεν
2626 2981 2705 3054 τῷ
2734 2982 2872 3053 Υίῷ,
2894 2981 3109 3053 γενητῷ
3142 2982 3236 3035 καὶ
3284 2979 3435 3049 αὐτῷ
3465 2979 3814 3049 τυγχάνοντι.

2219 3074 2362 3128 κατὰ
2389 3075 2479 3128 τὸν
2504 3075 2729 3129 ἐκείνων
2754 3075 2944 3146 ἀμαθῆ
2975 3076 3068 3129 καὶ
3102 3072 3362 3128 ἀσύνετον
3385 3072 3667 3142 λογισμόν.
3693 3072 3812 3124 Οὐκ

2218 3166 2520 3237 ἀνεξόμεθα
2556 3166 2613 3221 δὲ
2652 3167 2923 3236 λεγόντων
2958 3167 3168 3233 αὐτῶν,
3219 3168 3302 3221 ὅτι
3333 3166 3401 3219 τὰ
3423 3166 3523 3234 τῆς
3559 3165 3816 3235 θεότητος

2218 3261 2355 3333 ἔργα
2382 3261 2655 3332 κατορθοῖ,
2688 3261 2895 3332 κτίσμα
2922 3260 3065 3315 κατὰ
3106 3260 3267 3327 φύσιν
3313 3258 3578 3329 ὑπάρχων
3605 3259 3635 3311 ὁ
3662 3256 3813 3319 Υίὸς,

2217 3353 2362 3409 οὕτω
2388 3354 2546 3418 δόξαν
2590 3352 2669 3424 τῷ
2716 3354 2836 3423 Θεῷ
2886 3352 2981 3407 καὶ
3007 3352 3202 3422 Πατρί.
3255 3352 3318 3406 Et
3344 3353 3443 3422 μὲν
3485 3350 3594 3423 γὰρ
3627 3349 3815 3420 ἔχουσι

2217 3447 2482 3503 δεικνύειν
2519 3446 2679 3500 τοῦτο
2710 3445 2819 3500 άπὸ
2857 3446 2957 3516 τῆς
3007 3444 3159 3509 θείας
3184 3444 3444 3516 Γραφῆς,
3495 3458 3813 3514 παρακομι-

2220 3542 2422 3606 ζόντων
2468 3540 2506 3596 ἃ.
2532 3540 2833 3611 βούλονται,
2857 3540 2951 3594 καὶ
2972 3535 3388 3608 ὰκαπηλεύτους
3411 3539 3541 3608 ἡμίν
3571 3537 3669 3602 τὰς
3703 3536 3818 3590 τῶν

2221 3632 2392 3701 ἁγίων
2437 3630 2750 3703 τηρούντων
2791 3629 2997 3700 φωνάς.
3052 3628 3115 3684 Εί
3150 3628 3205 3681 δὲ
3234 3628 3460 3700 γνώμης
3492 3628 3626 3692 ἰδίας
3657 3628 3815 3700 εὑρή-

2224 3742 2391 3796 ματα.
2426 3723 2521 3778 καὶ
2548 3725 2675 3788 τοὺς
2700 3722 2794 3776 ἐπὶ
2822 3722 2998 3793 τούτῳ
3022 3721 3350 3792 πεποίηνται
3370 3719 3691 3791 λογισμοὺς,
3714 3736 3816 3792 χα-

2224 3818 2447 3888 ριέντως
2490 3816 2756 3889 ἐροῦμεν*
2815 3833 2834 3867 ι
2878 3816 3014 3870 Οὐαὶ
3045 3816 3172 3878 τοῖς⁹
3223 3813 3659 3885 προφητεύουσιν
3704 3811 3816 3869 ἀπὸ

2223 3906 2450 3979 καρδίας
2472 3905 2685 3961 αὑτῶνί
2712 3926 2732 3959 ι
2755 3906 2968 3960 Ἐκεῖνα
2999 3905 3100 3978 γὰρ
3114 3904 3355 3975 δώσομεν
3376 3902 3585 3958 εθέλειν
3606 3905 3695 3959 ἀεὶ
3722 3904 3815 3958 τὸν

2223 3999 2442 4072 Πατέρα
2466 4044 2480 4065 ,
2522 3999 2558 4055 ἃ.
2586 4000 2686 4071 τὴν
2736 3998 2887 4052 θείαν
2935 3997 3101 4053 αὐτοῦ
3143 3997 3302 4064 δόξαν
3342 3998 3816 4070 άπαραχάρακτον

2222 4086 2331 4145 οἶδε
2362 4095 2582 4165 τηρεῖν,
2612 4094 2707 4146 καὶ
2735 4091 2842 4147 τῶν
2868 4092 2999 4163 περὶ
3035 4090 3202 4145 αὑτοῦ
3232 4091 3524 4163 δογμάτων
3555 4089 3813 4155 διασώζει

2220 4188 2321 4255 τὴν
2351 4184 2639 4255 ὀρθότητα.
2662 4179 2872 4237 Οὐκοῦν
2895 4181 3016 4244 ταῖς
3037 4179 3262 4233 ἐκείνων
3287 4178 3602 4241 ἀσυνεσίαις
3629 4176 3695 4229 τὸ
3722 4178 3813 4248 ιρ-

2224 4278 2432 4351 ρὦθαι
2464 4276 2792 4348 φράσαντες,
2824 4272 2920 4327 ἐπὶ
2948 4272 3039 4326 τὸν
3072 4271 3249 4343 άληθῆ
3276 4271 3406 4341 περὶ
3441 4268 3605 4322 αὐτοῦ
3631 4271 3813 4339 χωρή-

2224 4388 2406 4442 σωμεν
2427 4369 2584 4437 λόγον
2603 4410 2618 4433 ,
2664 4368 2728 4420 ὲκ
2753 4366 2854 4437 τῆς
2895 4366 3082 4429 οὐσίας
3105 4363 3430 4434 γεννηθῆναι
3462 4359 3812 4423 πιστεύοντες

2225 4460 2318 4515 τοῦ
2346 4458 2483 4513 Θεοῦ
2512 4458 2606 4513 καὶ
2634 4457 2847 4530 Πατρὸς
2876 4457 3006 4510 Υίὸν
3035 4454 3274 4525 άληθῶς,
3304 4454 3398 4508 καὶ
3423 4453 3556 4507 Θεὸν
3584 4453 3650 4505 ὲκ
3675 4450 3813 4506 Θεοῦ

534 4546 752 4617 inquit,
776 4544 1027 4615 Philippe
1048 4585 1063 4608 ,
1110 4542 1297 4598 Patris
1343 4546 1397 4597 in
1425 4559 1513 4600 me
1540 4546 1912 4617 contemplari
1958 4556 2117 4602 natu-

2229 4554 2369 4608 κατὰ
2402 4551 2585 4621 φύσιν.
2645 4550 2925 4622 Ἀληθεύει
2972 4550 3084 4620 γὰρ
3109 4548 3283 4610 οὕτως
3309 4546 3574 4617 ὑπάρχων
3607 4545 3702 4598 καὶ
3724 4560 3815 4615 χαι

533 4654 651 4694 ram
672 4679 689 4703 ,
720 4646 778 4694 et
810 4652 876 4693 ex
909 4650 977 4691 eo
1005 4634 1155 4707 quod
1197 4652 1319 4692 sum
1367 4636 1487 4706 ipse
1508 4676 1523 4703 ,
1575 4639 1883 4708 genitorem
1936 4642 2120 4710 perci-

2230 4644 2464 4714 ρακτὴρ,
2495 4642 2593 4696 καὶ
2622 4641 2879 4713 ὁμοίωσις
2904 4638 2997 4692 τοῦ
3033 4636 3169 4691 Θεοῦ
3201 4637 3291 4689 καί
3326 4636 3562 4706 Πατρὸς,
3596 4633 3771 4701 λέγων
3793 4649 3814 4665 ·

532 4744 681 4802 pere.
739 4727 940 4784 Exstiti
988 4726 1135 4784 enim
1181 4736 1236 4782 et
1268 4742 1390 4782 sum
1432 4743 1568 4785 vere
1614 4730 1946 4787 substantiae
1996 4733 2117 4801 ejus

2229 4760 2248 4793 ι
2269 4740 2329 4793 '0
2359 4738 2621 4810 ἑωρακὼς
2649 4737 2778 4807 ἐμὲ,
2814 4735 3027 4808 ἑώρακε
3054 4734 3145 4788 τδν
3176 4734 3395 4804 Πατέρα
3419 4750 3431 4763 ·
3458 4732 3575 4797 πῶς
3600 4727 3696 4787 οὖν
3726 4733 3813 4785 λέ-

532 4824 843 4886 cbaracter,
875 4837 971 4892 per
1004 4819 1193 4876 omnia
1236 4819 1438 4877 similis
1467 4829 1521 4876 et
1553 4821 1741 4892 imago
1771 4822 2121 4893 perfectissi-

530 4930 621 4969 ma
648 4914 725 4979 ",
762 4921 934 4968 totam
958 4913 1015 4968 in
1046 4913 1259 4985 meipso
1290 4911 1386 4968 Dei
1420 4926 1484 4967 ac
1515 4911 1698 4970 Patris
1729 4923 1990 4970 naturam
2022 4933 2121 4972 es-

532 5006 796 5073 primens.
851 5002 1026 5070 Quem
1077 5002 1297 5059 demum
1357 5003 1591 5059 visionis
1637 5005 1841 5061 divinae
1888 5008 2112 5064 modum

532 5094 700 5148 alimn
726 5092 1043 5163 quaesieris,
1068 5093 1116 5146 si
1144 5092 1245 5147 tibi
1272 5108 1411 5149 sana
1438 5110 1596 5151 mens
1623 5110 1748 5152 esse
1775 5105 1993 5166 potest,
2020 5107 2116 5154 aut

533 5183 713 5255 quod,
778 5196 1002 5251 quaeso,
1060 5179 1291 5238 visionis
1341 5200 1516 5254 genus
1589 5188 1808 5256 rogas?
1842 5186 2114 5258 Nunquid

534 5272 974 5343 praestantiorem
1010 5281 1066 5326 et
1106 5273 1282 5343 magis
1313 5275 1652 5345 exquisitam
1690 5278 1976 5334 veteribus
2014 5279 2116 5333 da-

535 5378 643 5419 tam
661 5380 788 5421 esse
816 5366 1127 5433 existimas,
1152 5382 1278 5422 cum
1312 5368 1367 5423 in
1402 5380 1644 5426 montem
1683 5370 1815 5428 Sina
1840 5375 1894 5430 in
1930 5379 2117 5445 specie

535 5457 677 5531 ignis
706 5458 966 5517 descendi
1002 5459 1093 5515 "Y
1120 5458 1202 5515 Ob
1242 5461 1347 5518 hoc
1372 5463 1517 5518 enim
1548 5462 1725 5523 Judaei
1761 5468 2115 5537 potissimum

522 5551 757 5621 gloriari
786 5551 986 5607 solent.
1021 5550 1148 5607 Haec
1190 5568 1221 5607 a
1259 5552 1488 5611 Christo
1548 5555 1742 5614 forsan
1788 5560 1937 5615 dicta
1984 5562 2112 5632 qui.

534 5644 655 5698 dem
697 5657 821 5700 esse
865 5642 1224 5714 putabimus:
1261 5656 1522 5703 caeterum
1557 5649 1628 5705 ad
1678 5649 1772 5707 Dei
1818 5662 1872 5707 et
1925 5652 2110 5712 Patris

2222 4850 2339 4903 γεις
2367 4850 2379 4863 ·
2415 4828 2596 4895 Δεῖξον
2634 4831 2767 4898 ἡμῖν
2797 4827 2891 4880 τὸν
2928 4827 3188 4895 Πατέρα;
3222 4846 3239 4876 ι
3289 4824 3441 4892 Ἐξδν
3465 4825 3579 4894 γὰρ
3611 4823 3676 4895 δή
3706 4839 3815 4886 σοι,

2223 4926 2419 4998 φησὶν,
2446 4918 2493 4978 ὧ
2515 4923 2776 4983 Φίλιππε,
2808 4924 2908 4993 τὴν
2933 4919 3026 4973 τοῦ
3056 4919 3271 4990 ῐίατρδς
3303 4921 3361 4971 ὲν
3389 4918 3514 4988 ἐμοὶ
3542 4915 3812 4970 mmm-

2225 5018 2423 5074 σασθαι
2453 5017 2648 5086 φύσιν,
2702 5016 2797 5069 καὶ
2832 5013 2893 5078 ἐξ
2928 5006 3005 5066 ὧν
3039 5013 3200 5074 αὐτός
3229 5014 3345 5082 είμι
3385 5006 3813 5065 διασκέπτεσθαι

2222 5108 2312 5162 τὸν
2327 5109 2644 5178 γεννήτορά.
2673 5104 2897 5175 Πέπνά
2922 5122 2981 5158 τε
3010 5106 3115 5174 γάρ
3141 5104 3234 5156 καὶ
3252 5102 3367 5172 είμί.
3387 5102 3507 5155 κατ’
3528 5100 3807 5172 ἀλήθειαν,

2224 5200 2318 5253 καί⁵
2343 5200 2443 5269 τῆς
2471 5200 2657 5262 οὐσίας
2706 5198 2873 5252 αὐτοῦ
2904 5195 3187 5268 χαρακτὴρ
3239 5193 3679 5265 ἀπαράλλακτος,
3715 5192 3809 5244 καὶ

2225 5293 2389 5347 εἰκὼν
2419 5293 2663 5364 ἐμφερὴς
2685 5331 2700 5354 ,
2730 5291 2859 5362 ὃλην
2891 5292 2951 5344 ἐν
2993 5287 3217 5361 ἐμαυτῷ
3259 5288 3359 5358 τὴν
3393 5285 3490 5340 τοῦ
3529 5283 3665 5339 Θεοῦ
3716 5286 3810 5339 καὶ

2226 5385 2438 5455 Πατρδς
2467 5385 2818 5455 ἐγχαράττων
2856 5383 3037 5451 φύσιν.
3086 5384 3243 5438 Ποῖον
3281 5380 3361 5436 ἔτι
3406 5381 3508 5450 τῆς
3554 5378 3807 5443 θεοπτίας

2224 5476 2583 5547 ἐπιζητήσαις
2607 5475 2673 5529 ἂν
2701 5474 2904 5547 τρόπον
2928 5475 3139 5546 ἓτερον.
3158 5474 3210 5527 εί
3230 5474 3294 5543 γέ
3318 5489 3401 5527 σοι
3418 5470 3622 5544 προσὸν
3638 5470 3811 5541 ὁρῷτο

2221 5569 2282 5622 τὸ
2311 5568 2379 5622 τά
2425 5568 2607 5621 είκότα
2644 5567 2905 5622 δύνασθαι
2942 5568 3197 5638 φρονεῖν,
3251 5564 3502 5637 ἢποίαν,
3544 5562 3667 5617 είπέ
3695 5578 3809 5630 μοι,

2222 5658 2452 5729 θεωρίαν
2478 5660 2652 5724 αίτεῖς
2677 5654 2863 5730 ;Ἀρα
2891 5656 2964 5730 μὴ
2988 5656 3271 5729 κρείττονα
3301 5656 3395 5709 καὶ
3412 5651 3812 5726 ἀκριϐεστέραν

607 5820 647 5852 ⁸¹
678 5819 877 5883 Ezech.
909 5836 1046 5894 xm,
1080 5825 1136 5881 '5.
1209 5824 1257 5860 ”
1287 5824 1329 5880 ll
1360 5824 1490 5884 Cor.
1542 5844 1619 5897 tv,
1661 5826 1729 5899 4;
1756 5828 1931 5897 Hebr.
1958 5850 2012 5899 ι,
2056 5836 2109 5889 5.
2188 5837 2235 5870 ’⁸
2272 5835 2448 5894 Exod.
2490 5854 2605 5902 XIX,
2645 5838 2733 5892 l8.
