4096 6478
1386 393 1452 447 iN
1491 386 1776 450 ιοΑΝΜε
1804 389 2259 451 EVANGELIUM
2294 395 2423 451 LIB.
2466 395 2556 451 ιιι.

3476 397 3595 452 ειο

342 524 451 576 om
478 518 725 575 δεδόσθαι
748 519 859 580 τοῖς
887 514 1262 587 ἀρχαιοτέροις
1280 557 1295 582 ,
1319 516 1408 569 ὅτε
1440 515 1679 586 κατίδην
1710 516 1768 567 ὲν
1794 513 1927 568 εἴδει

2032 518 2407 589 cognitionem
2442 520 2657 591 potiora
2691 535 2814 577 esse
2838 519 3048 576 Christi
3074 518 3393 576 Servatoris
3417 520 3595 574 nostri

342 610 520 682 πυρός
564 610 659 663 ἐπὶ
693 608 759 662 τὸ
798 608 923 678 ὅρος
964 605 1025 659 τὸ
1061 605 1228 669 Σινᾶ;
1285 604 1427 658 Πολὺ
1463 605 1573 675 γὰρ
1614 605 1800 675 αὐχεῖν
1830 603 1923 655 ἐπὶ

344 700 522 771 τούτῳ
540 700 607 773 δὴ
633 698 869 771 μάλιστα
892 700 1004 762 τοῖς
1042 694 1315 759 Ἰουδαίοις
1338 686 1415 749 ’ὲν
1438 695 1568 750 ἔθει.
1613 694 1782 748 Ταυτὶ
1821 692 1923 763 μὲν

341 794 479 855 ἴσως
507 792 907 862 ὑπονοήσαιμεν
935 788 1002 843 ἂν
1032 789 1191 859 τυχὸν
1227 786 1518 856 διειλέχθαι
1543 784 1777 857 Χριστόν
1797 800 1812 812 ·
1839 785 1922 838 ότι

339 883 392 936 δ’
416 878 512 937 οὖν
536 883 775 954 ἀμείνων
803 882 883 945 εἰς
915 880 1117 949 γνῶσιν
1143 879 1245 950 τὴν
1265 877 1359 931 τοῦ
1388 876 1523 931 Θεοῦ
1562 876 1657 929 καὶ¹
1684 875 1921 945 Πατρὸς,

342 976 381 1044 ἡ
406 973 517 1027 τῶν
550 972 866 1043 παραδόξων
909 968 1165 1035 ἐπίδειξις
1190 968 1284 1023 τοῦ
1317 969 1565 1039 Σωτῆρος
1604 966 1763 1037 ήμῶν
1790 967 1925 1037 Χριο

342 1063 500 1129 στοῦ,
523 1065 623 1136 τῆς
661 1065 720 1117 ὲν
748 1062 827 1133 τῷ
848 1062 965 1132 δρει
995 1062 1153 1136 Σινξ,
1200 1059 1396 1132 χρῆναι
1419 1058 1530 1112 δεῖν
1554 1056 1926 1128 ὑπολαμϐάνω

340 1156 441 1209 καὶ
467 1153 563 1209 νῦν
584 1156 731 1226 ήμᾶς
762 1154 1065 1207 ἀοκνότατα
1095 1152 1293 1219 λέγειν.
1324 1150 1484 1222 Ὀψει
1523 1146 1634 1219 7&9
1661 1147 1805 1202 οὕτω
1830 1146 1922 1199 τὸν

334 1243 641 1308 Φίλιππον,
668 1241 1084 1314 παρακειμένης
1127 1240 1276 1312 αύτῷ
1309 1240 1409 1311 τῆς
1438 1238 1673 1310 ἀληθοῦς
1693 1238 1919 1301 εἰκόνος,

335 1333 442 1386 οὐκ
473 1332 790 1401 ἀναγκαίως
819 1333 1121 1403 αἰτήσαντα
1158 1332 1259 1401 τὴν
1301 1330 1658 1403 ἑτερότροπον
1685 1328 1922 1401 θεωρίαν

337 1422 437 1477 τοῦ
462 1423 596 1477 θεοῦ
630 1424 723 1495 καὶ
751 1424 983 1494 Πατρός,
1013 1424 1048 1493 ἥ
1078 1422 1172 1476 καὶ
1205 1425 1317 1485 τοίς
1352 1420 1734 1494 ἀρχαιοτέροις
1763 1419 1925 1491 ἐδόθη

336 1515 563 1570 κατὰτὸ
600 1515 724 1588 ὅρος
752 1516 902 1569 Σινᾶ.
951 1514 1177 1584 Κατὲὅη
1207 1514 1306 1585 μὲν
1329 1513 1439 1586 7&9
1480 1516 1595 1567 ὲ,κεί
1616 1513 1822 1585 Κύριος
1863 1513 1923 1565 ὲν

334 1609 475 1663 εῐδει
508 1610 713 1680 πυρὸς,
746 1607 891 1663 καθά
920 1607 1229 1678 γέγραπται
1249 1645 1267 1671 ,
1299 1606 1652 1677 θεωρούντων
1678 1605 1922 1676 δηλονότι

332 1701 449 1753 τῶν
478 1699 537 1765 ἐξ
575 1700 809 1772 Ἰσραήλ.
851 1699 988 1752 Ἀλλ’
1014 1699 1115 1753 οὐκ
1145 1699 1242 1761 ἂν.
1278 1694 1431 1769 οἶμαι
1450 1737 1467 1763 ,
1499 1698 1582 1761 τὶς
1610 1697 1700 1751 διὰ
1725 1696 1917 1750 τούτου

333 1794 419 1854 είς
443 1792 652 1855 ἑννοίας
681 1791 901 1862 ἀληθεῖς
921 1790 1109 1846 ἐλάσαι
1137 1792 1269 1844 ποτὲ
1297 1790 1393 1853 τὰς
1424 1790 1552 1861 περὶ
1570 1787 1729 1852 Θεοῦ,
1752 1789 1919 1858 ήγουν

331 1884 419 1946 είς
443 1882 543 1954 τὴν
567 1884 633 1953 τῇ
660 1858 877 1953 θεότητι
903 1881 1220 1952 πρέπουσαν
1253 1858 1601 1951 ἀναπηδήσαι
1635 1877 1914 1949 διάληψιν·
1950 1858 1996 1919 Β

335 1970 457 2034 πῶς
486 1970 594 2041 γὰρ
622 1969 757 2034 ὅλως,
784 1970 873 2024 διὰ
898 1971 1089 2042 πυρὸς,
1117 1970 1367 2042 καθάπερ
1391 1970 1498 2023 ἀπό
1525 1986 1669 2033 τινος
1692 1970 1920 2032 εἰκόνος,

336 2064 513 2133 ἴοιμεν
541 2061 608 2116 ἂν
640 2062 733 2116 ἐπὶ
760 2062 824 2116 τὸ
849 2062 1188 2133 ἀρχέτυπον,
1218 2060 1362 2115 τοῦτ’
1391 2058 1535 2124 ἐστι,
1588 2057 1681 2111 τὸν
1706 2058 1925 2127 Πατέρα

334 2156 431 2208 καὶ
462 2155 636 2220 Θεόν;
685 2155 917 2223 ’Δγαθὸς
949 2156 1048 2226 μὲν
1092 2154 1201 2227 γὰρ
1242 2156 1271 2207 6
1300 2153 1432 2216 Θεὸς
1468 2154 1535 2223 τῇ
1581 2149 1775 2221 φύσει,
1829 2150 1924 2202 καὶ

336 2246 477 2317 πρός
503 2263 565 2314 γε
593 2246 768 2318 τούτῳ
796 2246 1127 2317 δημιουργὸς
1145 2285 1160 2309 ,
1194 2247 1260 2299 τὰ
1286 2245 1385 2298 ούκ
1417 2246 1545 2298 ὄντα
1578 2242 1711 2295 ποτὲ
1741 2239 1923 2295 καλῶν

334 2334 419 2396 εις
444 2334 694 2402 γένεσιν,
742 2335 837 2387 καὶ
871 2335 1113 2405 συνέχων
1143 2336 1221 2399 εἰς
1250 2333 1309 2387 τὸ
1353 2328 1495 2387 εἶναι
1528 2330 1599 2385 τὰ
1629 2332 1805 2385 πάντα
1830 2329 1924 2383 καὶ

330 2425 654 2493 ξωογονῶν,
707 2425 868 2489 αὐτὸς
893 2426 1086 2495 σοφία,
1114 2426 1206 2479 καὶ
1234 2424 1500 2493 δύναμις,
1528 2421 1767 2494 χρηστὸς
1788 2459 1803 2485 ,
1829 2420 1926 2475 καὶ

332 2518 659 2589 οίκτίρμων,
690 2518 786 2571 καὶ
816 2517 1082 2589 ἐλεήμων.
1134 2514 1352 2570 Τούτων
1377 2516 1434 2568 δὲ
1457 2514 1519 2568 τὸ
1545 2514 1805 2585 παράπαν
1834 2512 1924 2565 ού-

335 2611 430 2663 δὲν
460 2610 518 2663 ιν
546 2610 696 2682 πυρί.
768 2612 843 2664 Ού
870 2610 980 2681 7&9
1033 2610 1099 2663 ἂν
1132 2607 1299 2662 οἴοιτό
1326 2624 1426 2671 τις,
1463 2605 1519 2658 ei
1546 2621 1610 2674 γε
1634 2603 1760 2657 νοῦν
1790 2602 1923 2673 ἔχει,

334 2702 610 2774 χρηστὸν,
659 2702 753 2755 καὶ
792 2702 1173 2773 φιλάνθρωπον
1216 2694 1443 2753 εἶναιτὸ
1475 2697 1617 2769 πῦρ,
1656 2695 1779 2749 οὐδὲ
1810 2696 1927 2765 ἐρεῖ

336 2811 425 2858 τις
450 2794 772 2866 σωφρονῶν,
823 2794 898 2858 ὡς
928 2792 1015 2865 εἴη
1064 2793 1163 2863 μὲν
1200 2788 1629 2863 δημιουργικὸν,
1680 2787 1842 2857 σοφόν
1864 2804 1926 2841 τε

341 2884 440 2937 καὶ
466 2884 747 2953 ζωογόνον.
780 2880 914 2938 Εἶτα
947 2884 1066 2948 πῶς
1098 2884 1163 2937 ἄν
1189 2901 1305 2950 τις,
1340 2882 1461 2934 εἰπέ
1496 2898 1616 2952 μοι,
1646 2879 1733 2933 διὰ
1756 2878 1927 2950 πυρὸς

338 2975 444 3039 τὰς
475 2976 602 3046 περὶ
632 2975 734 3046 τῆς
771 2975 1010 3046 ἀληθοῦς
1044 2972 1301 3045 θεότητος
1337 2972 1547 3036 ἐννοίας
1591 2970 1926 3038 σολλέξειενς

338 3067 379 3137 ἢ
421 3066 539 3132 πῶς
572 3065 639 3122 ἃν
687 3069 747 3121 ὲν
792 3067 1043 3138 ἐσόπτρῳ
1085 3067 1180 3119 καὶ
1223 3066 1507 3135 αἰνίγματι
1553 3062 1847 3133 θεωρήσειέ
1877 3078 1929 3115 τι

2025 610 2321 675 miracula,
2347 626 2512 681 quam
2546 625 2667 681 quae
2708 610 2763 666 in
2799 620 2983 665 monte
3018 608 3148 665 Sina
3175 607 3320 664 edita
3348 606 3595 671 fuerunt.

2024 699 2255 771 impigre
2310 717 2527 773 quoque
2584 717 2730 757 nunc
2787 701 2945 757 nobis
3002 700 3388 772 exponendum
3448 701 3598 755 arbi-

2023 802 2165 847 tror.
2218 790 2297 846 lta
2353 808 2593 864 namque
2646 792 2859 849 videbis
2936 808 3047 848 non
3116 806 3345 847 necesse
3422 791 3597 847 fuisse

2026 886 2275 957 Philippo
2304 895 2383 948 ut,
2413 902 2538 941 cum
2569 888 2617 940 ei
2650 903 2779 942 vera
2811 886 3034 941 adesset
3073 886 3254 956 imago
3275 925 3290 950 ,
3318 883 3593 939 diversam

2025 979 2296 1034 visionem
2342 977 2508 1048 780
2550 975 2644 1032 Dei
2679 993 2747 1032 ac
2778 975 2959 1032 Patris
2993 984 3237 1047 peteret,
3271 989 3395 1044 quae
3420 980 3478 1029 et
3500 988 3597 1028 ve-
3662 966 3675 981 “

2023 1072 2235 1127 teribus
2266 1071 2392 1125 data
2429 1077 2513 1124 est
2546 1068 2612 1123 ad
2646 1078 2885 1124 montem
2916 1069 3071 1123 Sina.
3123 1066 3412 1125 Descendit
3442 1065 3595 1120 enim

2020 1163 2155 1217 illuc
2201 1162 2471 1217 Dominus
2516 1162 2572 1214 in
2607 1160 2790 1231 specie
2824 1160 3003 1230 ignis,
3056 1170 3117 1213 ut
3164 1159 3428 1228 scriptum
3473 1163 3597 1223 est,

2024 1251 2407 1322 spectantibus
2467 1249 2730 1304 nimirum
2790 1248 3084 1304 lsraelitis.
3119 1247 3229 1303 Sed
3287 1262 3484 1310 nemo,
3538 1253 3599 1299 ut

2024 1356 2172 1405 reor,
2207 1355 2305 1410 per
2334 1341 2437 1395 hoc
2467 1339 2535 1393 ad
2564 1353 2722 1393 veras
2744 1337 2812 1393 de
2832 1337 2945 1393 Deo
2966 1339 3223 1393 notiones
3250 1336 3557 1407 pervenerit
3575 1376 3592 1400 ,

2024 1440 2119 1485 aut
2144 1428 2212 1483 ad
2244 1428 2565 1501 Opinionem
2595 1426 2785 1482 deitati
2814 1434 3217 1497 congruentem
3251 1425 3592 1482 ascenderit:

2023 1520 2303 1593 quomodo
2333 1520 2478 1575 enim
2502 1560 2519 1587 ,
2554 1534 2778 1588 quaeso,
2811 1533 2909 1588 per
2940 1519 3121 1588 ignem
3151 1516 3301 1571 velut
3344 1517 3413 1572 ab
3456 1517 3595 1571 ima-

2020 1618 2148 1687 gine
2194 1614 2431 1685 quadam
2482 1612 2772 1667 veniemus
2835 1609 2906 1665 ad
2956 1609 3354 1681 archetypum,
3408 1608 3467 1665 id
3510 1616 3596 1665 est

2024 1706 2241 1762 Patrem
2276 1718 2342 1759 ac
2369 1702 2587 1760 Deum?
2617 1700 2804 1757 Bonus
2850 1699 3127 1771 siquidem
3178 1699 3320 1754 Deus
3368 1706 3455 1754 est
3494 1714 3596 1753 na.

2020 1807 2148 1854 tura
2170 1836 2185 1861 ,
2219 1810 2284 1850 ac.
2314 1802 2577 1865 praeterea
2606 1792 2819 1862 opifex,
2845 1792 2938 1862 qui
2972 1792 3025 1845 in
3052 1799 3236 1845 ortum
3263 1788 3448 1845 educit
3476 1803 3597 1859 qua

2023 1888 2324 1960 aliquando
2366 1902 2475 1942 non
2512 1895 2699 1950 erant,
2746 1900 2925 1954 eaque
2958 1883 3014 1939 in
3065 1898 3193 1939 esse
3225 1882 3472 1938 continet
3543 1888 3598 1936 et

2024 1980 2295 2042 viviticat,
2329 1976 2561 2047 ipsemet
2592 1971 2864 2044 sapientia
2910 1980 2967 2029 et
3022 1972 3224 2036 virtus,
3258 1972 3460 2035 bonus,
3488 1970 3605 2025 cleo

2024 2085 2181 2125 mens
2215 2076 2271 2123 et
2329 2065 2673 2122 misericors.
2710 2060 2917 2119 Horum
2940 2071 3129 2119 autem
3160 2062 3301 2117 nihil
3331 2068 3416 2124 est
3440 2074 3597 2131 pror-

2022 2177 2122 2217 sus
2154 2160 2209 2214 in
2244 2160 2389 2228 igne.
2424 2156 2593 2213 Nemo
2614 2155 2763 2211 enim
2799 2169 2970 2211 sanus
2990 2156 3171 2225 ignem
3196 2153 3400 2207 bonum
3422 2158 3478 2206 et
3499 2149 3602 2205 mi-

2026 2252 2362 2310 serieordem
2389 2264 2511 2306 esse
2540 2248 2648 2304 sibi
2690 2248 3069 2318 persuaserit,
3121 2262 3222 2301 nec
3272 2242 3493 2299 creandi
3547 2241 3601 2299 vi

2026 2343 2265 2414 pollere,
2305 2338 2749 2411 sapientiamque
2778 2346 2831 2393 et
2861 2338 3029 2391 vitam
3062 2335 3276 2406 largiri.
3315 2332 3601 2401 Quomodo

2026 2436 2215 2507 igitur,
2244 2449 2467 2504 quaeso,
2500 2448 2597 2504 per
2628 2434 2808 2505 ignem
2836 2430 2906 2487 de
2935 2446 3063 2486 vera
3114 2427 3406 2482 divinitate
3451 2423 3608 2480 noti-

2026 2529 2160 2583 tiam
2192 2524 2527 2595 collegeris?
2553 2533 2649 2578 aut
2678 2522 2957 2594 quomodo
2986 2521 3041 2576 in
3086 2518 3313 2590 speculo
3358 2525 3412 2574 et
3461 2517 3603 2571 senio

2024 2628 2207 2692 grnate
2238 2619 2282 2649 ’⁷
2315 2615 2525 2687 aliquid
2560 2631 2754 2671 eorum
2803 2630 2929 2685 qua:
2984 2614 3063 2668 illi
3120 2621 3323 2667 natura
3373 2611 3600 2674 insunt,

2029 2708 2369 2779 spectaveris
2394 2708 2417 2761 ‘i
2442 2706 2704 2773 Quaenam
2736 2719 2868 2776 ergo
2896 2704 3067 2767 ratio,
3103 2702 3317 2774 inquit,
3353 2708 3452 2754 aut
3483 2714 3605 2770 qua

2024 2813 2199 2853 causa
2247 2796 2415 2851 Deum
2466 2794 2721 2864 impulit,
2751 2802 2811 2849 ut
2859 2794 2915 2849 in
2966 2802 3151 2847 monte
3198 2794 3329 2846 Sina
3372 2789 3607 2845 formam

2029 2889 2174 2961 ignis
2206 2887 2609 2957 assumpserit?
2632 2884 3046 2957 Respondemus
3073 2882 3242 2953 quod,
3273 2896 3399 2935 cum
3430 2879 3608 2934 Israe-

2030 2982 2142 3037 litze
2166 2995 2233 3036 eo
2267 2980 2506 3034 maxime
2537 2987 2786 3048 tempore
2827 2976 2897 3031 ad
2945 2978 3203 3047 pietatem
3240 2972 3461 3029 institui
3494 2987 3606 3027 coe-

2032 3072 2276 3143 pissent,
2304 3070 2543 3139 vitaeque
2582 3084 2695 3125 sua
2725 3069 2973 3139 regulam
3008 3068 3178 3137 legem
3212 3084 3241 3120 a
3274 3081 3382 3136 qua
3411 3063 3608 3134 dirige-
3722 3088 3729 3092 -

338 3158 454 3213 τῶν
482 3160 878 3229 ὲμπεφυκοτων
906 3160 1076 3231 αὐτῇς
1100 3158 1195 3221 Τίς
1218 3154 1315 3211 οὖν
1338 3157 1465 3228 ἄρα,
1493 3157 1677 3225 φησιν,
1703 3157 1732 3208 6
1749 3154 1924 3224 λόγος,

2034 3170 2226 3220 rentur
2272 3159 2613 3232 assumpturi
2647 3167 2874 3225 essent,
2912 3158 3145 3214 decebat
3190 3165 3325 3213 tunc
3370 3154 3617 3209 maxime

339 3250 382 3320 ἢ
414 3250 539 3304 ποία
574 3250 763 3319 γέγονε
809 3249 1079 3321 πρόφασις
1125 3249 1205 3311 είς
1251 3245 1362 3317 πῦρ
1401 3243 1769 3298 ἀναπείθουσα
1802 3258 1929 3312 χρηο

342 3344 668 3418 ματίζεσθαι
694 3344 816 3417 [γρ.
846 3339 1310 3414 σχηματίζεσθαι]
1337 3340 1429 3393 τὸν
1453 3338 1586 3392 Θεὸν
1627 3339 1686 3390 ὲν
1712 3335 1790 3406 τῷ
1812 3336 1929 3405 69st

341 3438 516 3509 Σινᾷς
562 3437 824 3509 Ἑροῦμεν
859 3437 949 3504 ὃτι,
967 3434 1285 3507 ἀρχομένων
1306 3432 1413 3486 τῶν
1442 3429 1503 3495 ἐξ
1536 3427 1774 3501 Ἰσραὴλ,
1808 3425 1928 3479 κατ’

341 3530 523 3585 ικεῖνο
675 3529 910 3599 μάλιστα
951 3525 1176 3596 καιροῦ.
1218 3524 1317 3595 τῆς
1348 3525 1427 3587 είς
1460 3520 1744 3575 εὐσέϐειαν
1778 3517 1933 3570 παιδ-

341 3621 629 3691 αγωγίας,
668 3622 762 3674 καὶ
789 3620 981 3690 ὥσπερ
1012 3617 1132 3672 τινὰ
1166 3615 1365 3671 κανόνα
1400 3612 1671 3667 ποιεῖσθαι
1710 3607 1931 3681 μελλόν-

340 3729 458 3767 των
506 3713 605 3782 τῆς
650 3712 857 3775 οἰκείας
903 3710 1049 3781 ζωῆς
1089 3709 1180 3763 τὸν
1230 3704 1618 3779 διορθώσεσθαι
1672 3701 1932 3773 μέλλοντα

346 3806 534 3876 νόμον,
553 3805 662 3858 ἔδει
682 3804 805 3858 τότε
834 3801 900 3875 δὴ
916 3802 1151 3874 μάλιστα
1168 3798 1436 3869 κολαστήν
1449 3813 1571 3849 τινα
1590 3796 1683 3847 καὶ
1704 3792 1936 3864 φοϐερὸν

346 3899 535 3962 αὐτοῖς
552 3896 838 3967 φαίνεσθαι
865 3894 955 3948 τὸν
974 3893 1126 3955 Θεὸν,
1156 3891 1244 3945 ἴνα
1261 3890 1456 3944 είδέναι
1483 3889 1657 3959 ἔχοιεν
1687 3887 1734 3939 οἱ
1762 3901 1936 3956 παρα-

344 3990 647 4054 σαίνοντες,
677 3991 759 4043 ὅτι
792 3986 930 4058 πρὸς
960 3984 1071 4056 πῦρ
1104 3986 1132 4037 6
1164 3983 1317 4051 λόγος
1348 3982 1551 4044 αὐτοῖς.
1596 3978 1693 4031 Διὰ
1717 3977 1825 4048 γάρ
1852 3994 1935 4031 τοι

348 4081 513 4135 τοῦτο
538 4081 633 4134 καὶ
660 4081 689 4133 6
737 4077 912 4148 μέγας
939 4074 1147 4145 Μωσῆς
1176 4076 1288 4136 τοῖς
1314 4072 1372 4138 ἐξ
1408 4069 1622 4141 Ἰσραήλ
1650 4068 1935 4139 προσεφώ-

346 4190 435 4227 νει
464 4172 636 4240 λέγων
656 4188 671 4203 ⁸
700 4189 719 4222 ι
742 4169 800 4223 '0
824 4168 956 4232 Θεὸς
987 4165 1146 4239 ήμῶν
1187 4163 1297 4234 πῦρ
1328 4160 1721 4215 καταναλίσκον
1750 4159 1882 4211 ὲστί.
1912 4176 1929 4209 ι

348 4264 464 4343 καὶ
493 4262 556 4317 οὐ
592 4261 657 4332 δή
690 4278 791 4315 που
817 4260 1058 4331 φαίημεν
1099 4256 1163 4311 ἂν
1208 4256 1312 4319 ὅτι,
1356 4252 1453 4323 τὴν
1482 4251 1575 4305 τοῦ
1610 4251 1745 4303 Θεοῦ
1777 4250 1938 4318 φύσιν

347 4340 746 4428 ἐξηγούμενος,
787 4353 924 4425 πυρὶ
975 4348 1306 4422 παρείκαζεν
1333 4345 1493 4399 αὐτὸν
1540 4346 1568 4398 6
1596 4341 1739 4396 οὕτω
1765 4340 1939 4410 σοφώο

347 4466 538 4512 τατος,
586 4446 835 4518 ὠνόμαζε
878 4444 935 4498 δὲ
979 4443 1122 4497 οῦτω
1166 4441 1257 4494 τὸν
1298 4438 1462 4503 Θεὸν,
1508 4436 1583 4499 ὡς
1634 4437 1698 4488 ὲκ
1738 4433 1937 4503 πολλῆς

2030 3254 2200 3311 Deum
2231 3268 2484 3309 severum
2512 3251 2785 3307 vindicem
2815 3266 2879 3306 ac
2906 3250 3205 3306 terribilem
3240 3250 3308 3304 iis
3334 3246 3517 3311 cerni,
3549 3255 3610 3300 ut

2030 3346 2180 3403 scire
2211 3351 2439 3416 possent
2472 3344 2929 3414 praevaricatores
2965 3341 3072 3398 sibi
3107 3357 3230 3396 cum
3264 3339 3391 3412 igne
3436 3339 3607 3392 ratio-

2032 3453 2159 3496 nem
2189 3452 2334 3493 esse.
2365 3434 2580 3490 Idcirco
2607 3435 2755 3490 enim
2787 3449 3021 3505 magnus
3059 3434 3150 3489 ille
3195 3448 3414 3502 quoque
3456 3428 3609 3503 Moy-

2034 3546 2125 3587 ses
2155 3527 2434 3585 lsraelitas
2462 3526 2872 3597 alloquebatur,
2898 3525 3095 3580 dicens
3122 3544 3135 3579 :
3166 3544 3185 3576 ι
3217 3524 3361 3578 Deus
3392 3529 3614 3588 noster,

2035 3623 2177 3695 ignis
2222 3635 2559 3677 consumens
2606 3627 2693 3674 est
2726 3618 2794 3672 “.
2829 3637 2846 3668 ι
2874 3616 3067 3688 Neque
3121 3632 3254 3673 vero
3302 3616 3619 3671 dixerimus

2033 3713 2315 3770 hominem
2350 3718 2503 3765 tanta
2532 3708 2810 3779 sapientia
2844 3708 3135 3778 praeditum
3172 3707 3340 3762 Deum
3390 3705 3502 3775 igni
3537 3706 3611 3761 si-

2034 3792 2224 3861 milem
2254 3801 2435 3858 facere
2458 3842 2474 3867 ,
2503 3799 2665 3872 quasi
2694 3813 2790 3870 per
2821 3800 3001 3870 ignem
3034 3799 3125 3853 Dei
3160 3807 3410 3852 naturam
3446 3796 3611 3849 intel-

2037 3895 2205 3969 ligat,
2239 3895 2334 3951 sed
2372 3894 2445 3950 ita
2477 3893 2650 3948 Deum
2703 3906 3095 3961 nuncupasse,
3149 3880 3301 3960 quod
3347 3905 3457 3960 prae
3506 3888 3612 3941 im-

2038 4004 2231 4044 menso
2263 3987 2389 4042 mali
2419 3985 2547 4040 odio
2573 3984 2754 4041 instar
2780 3984 2923 4055 ignis
2963 3983 3237 4036 omnivori
3286 3995 3615 4036 consumere

2034 4089 2091 4135 et
2123 4080 2355 4150 perdere
2386 4092 2498 4132 non
2529 4084 2790 4132 vereatur
2825 4075 2910 4130 sui
2958 4083 3389 4143 contemptores.
3440 4071 3625 4141 igitur

2039 4189 2147 4227 non
2175 4188 2240 4227 ex
2274 4187 2339 4227 eo
2370 4169 2517 4242 quod
2559 4179 2646 4227 est
2688 4178 2888 4225 natura
2911 4207 2926 4231 ,
2970 4184 3038 4223 ex
3082 4168 3207 4237 igne
3240 4165 3383 4221 Deus
3410 4180 3615 4235 cognov

2039 4265 2237 4327 scitur,
2273 4263 2367 4319 sed
2406 4261 2551 4333 quod
2586 4264 2660 4316 ita
2710 4270 3067 4330 nuncupatus
3114 4275 3178 4312 ac
3214 4260 3366 4313 visus
3397 4259 3505 4321 sit,
3547 4254 3617 4310 ad

2041 4358 2333 4412 utilitatem
2364 4354 2676 4410 auditorum
2703 4360 3048 4422 assumptum
3076 4361 3181 4406 est.
3218 4348 3418 4404 Eamus
3452 4348 3616 4417 igitur

2037 4450 2107 4504 ad
2150 4462 2332 4503 veram
2371 4454 2425 4501 et
2459 4443 2939 4500 accuratissimam
2985 4442 3163 4497 Patris
3201 4439 3617 4510 contemplatio-

350 4540 498 4609 ἄγαν
526 4516 921 4611 μισοπονηρίας
940 4576 955 4600 ,
991 4533 1161 4606 πυρὸς
1206 4532 1360 4601 δίκην
1391 4527 1483 4582 τοῦ
1521 4529 1819 4599 παμφάγου
1844 4527 1938 4579 δα-

2044 4556 2204 4603 nem,
2240 4538 2291 4592 id
2318 4545 2402 4592 est
2430 4535 2654 4591 Filium.
2687 4534 2823 4589 Eum
2854 4535 2999 4590 enim
3030 4534 3298 4604 genitoris
3325 4532 3615 4602 imaginem

351 4636 534 4705 πανᾷν
549 4650 609 4685 τε
633 4632 727 4686 καὶ
750 4630 1058 4685 ἀναλίσκειν
1079 4627 1139 4680 ού
1171 4623 1608 4696 παραιτουμένου
1631 4622 1754 4683 τοὺς
1778 4638 1938 4672 κατα-

352 4724 686 4796 φρονοῦντας
729 4722 916 4775 αύτοῦ.
969 4720 1082 4774 Οὐκ
1109 4716 1167 4783 ἐξ
1192 4709 1267 4770 ὧν
1292 4716 1407 4768 ἐστὶ
1434 4714 1574 4767 κατὰ
1600 4712 1782 4781 φύσιν,
1804 4712 1937 4776 Θεὸς

347 4818 444 4873 διὰ
475 4816 648 4887 πυρὸς
679 4813 1002 4886 γνωρίζεται
1031 4828 1043 4840 ⁸
1094 4812 1152 4866 τὸ
1180 4812 1236 4865 δὲ
1261 4808 1431 4869 οῦτως
1471 4804 1785 4876 ὠνομάσθαι
1842 4806 1937 4858 καὶ

349 4904 537 4980 ὦφθαι
570 4909 687 4963 τότε
717 4906 852 4980 πρὸς
892 4906 953 4960 τὸ
991 4908 1102 4968 τοῖς
1136 4900 1503 4974 ἀκροωμένοις
1551 4898 1756 4969 ἐλήφθη
1785 4898 1936 4952 λυσι-

354 5003 533 5067 τελές.
590 5002 789 5070 Ἴωμεν
833 4997 895 5068 δὴ
924 4997 1108 5050 λοιπὸν
1138 4995 1228 5047 ἐπὶ
1260 4992 1359 5064 τὴν
1388 4990 1559 5061 ἀληθῆ
1590 4992 1683 5043 καὶ
1713 4990 1937 5060 ἀκριϐε-

356 5093 565 5171 στάτην
596 5090 689 5145 τοῦ
732 5090 942 5160 Πατρὸς
984 5087 1217 5157 θεωρίαν
1239 5125 1252 5147 ,
1307 5085 1454 5136 τοῦτ’
1492 5083 1638 5147 ἔστι,
1668 5082 1757 5135 τὸν
1787 5082 1933 5135 Υἱόν.

354 5185 559 5240 Είκόνα
581 5184 691 5254 γὰρ
716 5182 875 5236 αὐτὸν
909 5179 1153 5252 ὀψόμεθα
1184 5178 1277 5233 τοῦ
1300 5178 1658 5248 γεννήσαντος
1677 5216 1689 5238 ,
1717 5177 1829 5238 τοῖς
1853 5175 1938 5226 ὲν-

352 5275 511 5330 οῦσιν
545 5275 696 5347 αὐτῷ
730 5273 1163 5341 πλεονεκτήμασι
1207 5269 1298 5323 τὸν
1332 5268 1430 5337 τῆς
1476 5266 1714 5328 διανοίας
1741 5264 1941 5335 ἐνερεί-

359 5388 555 5435 σαντες
598 5368 896 5440 ὀφθαλμόν.
973 5364 1199 5433 Ἀγαθὸς
1248 5360 1539 5432 τοιγαροῦν
1591 5360 1620 5412 ό
1671 5357 1801 5420 Θεὸς
1846 5360 1939 5412 καὶ

354 5462 553 5534 Πατὴρ
583 5461 723 5516 κατᾶ
752 5460 912 5529 φύσιν
932 5477 945 5491 ·
976 5457 1217 5511 τοιοῦτον
1242 5457 1373 5509 ὅντα
1400 5453 1604 5507 καὶτὸν
1626 5453 1752 5506 Υίὸν
1779 5454 1942 5524 εὑρή-

359 5570 551 5623 σομεν·
604 5553 729 5616 “(Bs
758 5552 865 5623 γὰρ
894 5552 994 5605 οὐκ
1032 5549 1270 5619 ἀγαθὸς,
1310 5550 1337 5600 6
1382 5544 1650 5614 τοσαύτην
1699 5546 1765 5598 δι’
1797 5546 1941 5615 ἡμᾶς

362 5645 660 5713 ὑπομείνας
682 5644 1028 5709 ταπείνωσιν,
1046 5642 1136 5697 καὶ
1158 5640 1324 5694 ἐλθὼν
1341 5640 1417 5701 είς
1439 5640 1529 5690 τὸν
1548 5637 1748 5708 κόσμον
1772 5640 1940 5709 ἁμαρ-

440 5826 492 5857 ⁹⁹
521 5825 539 5879 1
574 5824 703 5881 Cor.
736 5840 856 5893 xm,
894 5824 979 5879 12.

2041 4646 2167 4687 esse
2215 4629 2563 4693 videbimus,
2594 4627 2639 4682 si
2686 4627 2754 4679 ad
2803 4626 2925 4695 ejus
2969 4622 3370 4694 prmrogativas
3416 4618 3629 4673 mentis.

2043 4722 2261 4777 oculum
2302 4720 2679 4774 intendamus.
2726 4716 2913 4771 Bonus
2956 4717 3145 4785 itaque
3190 4712 3331 4767 Deus
3364 4727 3427 4764 ac
3462 4710 3615 4764 Pater

2042 4814 2347 4870 secundum
2386 4821 2641 4866 naturam
2711 4810 2871 4863 talem
2908 4824 3032 4862 esse
3072 4814 3127 4861 ct
3169 4804 3367 4857 Filium
3399 4817 3625 4871 compc-r

2042 4908 2270 4963 riemus.
2300 4904 2403 4972 Qui
2439 4903 2584 4959 enim
2629 4903 2808 4956 bonus
2855 4915 2963 4954 non
3000 4899 3070 4953 sit
3097 4939 3115 4962 ,
3147 4897 3237 4967 qui
3276 4904 3485 4948 tantum
3523 4909 3618 4963 pro

2043 5003 2207 5058 nobis
2225 5017 2282 5057 se
2312 4999 2623 5063 demisit,et
2646 4996 2700 5049 in
2727 4993 2989 5049 mundum
3013 4993 3180 5052 venit,
3217 4998 3273 5044 ut
3301 4997 3618 5058 peccatores

2045 5095 2227 5149 salvos
2259 5092 2484 5152 faceret,
2510 5102 2778 5156 suamque
2810 5086 3052 5140 animam
3082 5100 3177 5154 pro
3201 5084 3267 5137 iis
3300 5087 3517 5149 poneret
3542 5079 3618 5129 ”?

2048 5186 2209 5256 781
2246 5184 2449 5238 Potens
2477 5189 2561 5236 est
2616 5178 2823 5234 Pater:
2878 5175 3133 5232 similiter
3165 5182 3217 5230 et
3250 5174 3436 5227 Filius.
3479 5170 3619 5234 Quid

2047 5278 2194 5333 enim
2228 5291 2350 5331 esse
2381 5281 2561 5344 potest
2600 5287 2666 5326 eo
2697 5269 2977 5339 potentius
3017 5267 3111 5336 qui
3159 5264 3446 5319 elementis
3490 5262 3627 5331 ipsis

2048 5371 2315 5438 imperat,
2351 5368 2443 5434 qui
2488 5379 2639 5417 mare
2681 5378 2744 5416 ac
2776 5368 2969 5416 ventos
3000 5360 3273 5428 increpat,
3310 5358 3401 5427 qui
3439 5370 3622 5408 rerum

2049 5469 2275 5513 naturas
2308 5457 2361 5511 in
2393 5455 2763 5523 quodcunque
2794 5453 2926 5508 velit
2954 5452 3307 5506 transformat
3341 5490 3352 5505 .
3400 5449 3490 5516 qui
3545 5446 3619 5496 le-

2053 5566 2219 5620 proso
2251 5558 2308 5603 ut
2341 5550 2635 5603 mundetnr
2662 5546 2848 5617 jubet,
2882 5561 2944 5600 ac
2975 5553 3246 5616 potestate
3281 5540 3389 5596 Deo
3420 5551 3619 5593 conve-

2053 5640 2221 5695 nicnti
2254 5642 2414 5694 caecis
2446 5639 2681 5694 «illirium
2715 5635 2931 5691 videndi
2968 5636 3249 5692 restituit?
3282 5633 3394 5686 Vita
3424 5644 3618 5681 secun-

1059 5827 1101 5856 “
1135 5824 1287 5879 Deut.
1335 5838 1407 5887 tv,
1434 5822 1523 5876 Ἡ.
1604 5823 1644 5855 ἐ’
1685 5818 1888 5878 lJuan.
1926 5840 2023 5889 ιιι.
2060 5825 2119 5881 ιδ
2148 5842 2172 5892 ι
2200 5822 2222 5877 ι
2251 5822 2391 5877 Tim.
2429 5839 2480 5888 ι,
2518 5821 2603 5875 t3.
