4096 6510
563 408 665 467 211
1426 464 1431 467 Α
1523 416 1578 475 8.
1610 414 1889 475 CYRlLLl
1930 416 2136 476 ALEX!

2238 420 2410 480 )RlNl
2448 420 2772 481 ARCHIEP.
3736 421 3846 479 2l9.

561 525 695 583 dum
726 536 985 584 naturam
1017 540 1101 588 est
1126 529 1291 588 Pater
1321 550 1334 588 :
1360 534 1471 590 vita
1504 534 1694 590 itidem
1722 543 1777 592 et
1806 534 2011 601 Filius,
2047 537 2136 608 qui

2248 540 2453 606 τωλούς
2472 541 2665 604 σῶσαι,
2685 540 2781 594 καὶ
2811 536 2925 604 θεὶς
2945 537 3043 610 τὴν
3069 537 3250 611 ψυχὴν
3270 534 3436 592 αὐτοῦ
3457 534 3561 591 ὐπέ
3568 554 3602 609 ρ
3625 532 3809 591 αὐτῶν
3831 553 3845 599 ;

561 627 861 693 corruptos
889 622 1162 691 vivificat,
1199 633 1255 681 et
1296 628 1492 683 mortis
1523 626 1765 683 destruit
1808 629 2101 700 imperium
2130 670 2136 696 ,

2248 631 2484 695 Δυνατδς
2513 632 2713 703 ὁμοίως
2746 632 2775 684 6
2804 630 3018 703 Πατὴρ,
3054 630 3229 694 οὕτως
3262 629 3376 701 ἔχει
3406 629 3503 683 καὶ
3526 629 3557 683 6
3581 627 3732 691 Υίός.
3783 626 3863 681 Τί-

559 721 617 768 et
671 722 926 773 mortuos
958 720 1291 775 exsuscitat.
1321 719 1454 777 Jure
1504 721 1673 791 igitur
1711 724 1779 779 ad
1828 722 2136 795 Philippum

2246 724 2357 796 γάρ
2387 722 2455 777 ἂν
2477 723 2562 795 εῐη
2590 725 2649 777 τὸ
2671 723 3038 795 δυνατώτερον
3061 720 3158 777 τοῦ
3184 724 3281 777 καὶ
3310 723 3495 787 αὐτοῖς
3527 722 3848 776 ἐπιτάττον-

560 804 640 857 ait
669 822 686 862 :
718 824 737 859 ι
769 806 875 874 Qui
916 808 1057 865 vidit
1098 825 1221 875 me,
1252 810 1387 865 vidit
1418 819 1474 868 et
1518 811 1763 870 Patrem.
1799 834 1818 868 ι
1846 813 1985 870 Nam
2017 830 2136 873 cum

2255 834 2348 881 τος
2363 818 2477 882 τοῖς
2491 816 2908 887 ιι’τοιχείοις,κιιλ⁵
2935 816 3174 892 Θαλάττῃ
3207 816 3307 887 μὲν
3331 813 3722 885 ἐπιτιμῶντος,
3754 814 3849 866 καὶ

558 895 659 951 tibi
687 900 1049 972 contemplari
1082 901 1244 959 liceat
1272 903 1325 957 in
1363 918 1451 959 me
1474 911 1529 959 et
1559 920 1625 960 ex
1662 921 1751 962 me
1777 904 2101 963 Genitorem
2121 947 2136 973 ,

2244 907 2587 980 πνεύμασιν,
2624 908 3128 980 ἀναστοιχειοῦντος
3192 908 3250 963 δὲ
3278 908 3418 977 πρὸς
3444 908 3582 978 ὅπερ
3616 905 3685 959 ἂν
3723 904 3848 974 βού-

557 1004 721 1057 quem
751 991 920 1046 alium
954 991 1158 1050 divinae
1186 994 1421 1051 visionis
1453 996 1676 1051 modum
1710 998 1982 1068 postulas,
2014 1013 2136 1055 cum

2247 998 2523 1054 λοιτοτῶν
2553 999 2896 1070 πραγμάτων
2924 1001 3024 1063 τὰς
3061 997 3409 1068 φύσεις,ηκαὶ
3442 995 3847 1069 καθαρισθῆναι

559 1081 828 1149 potiorem
859 1083 1092 1142 sortitus
1122 1086 1200 1141 sis
1228 1101 1394 1158 quam
1425 1104 1548 1159 quae
1572 1089 1700 1144 data
1726 1098 1811 1146 est
1840 1090 2136 1158 veteribus,

2253 1092 2352 1163 μὲν
2382 1092 2761 1156 ἐπιτάττοντος
2785 1091 2865 1163 τῷ
2907 1092 3095 1163 λεπρῷ
3114 1132 3130 1157 ,
3175 1092 3237 1145 τὸ
3266 1091 3323 1145 δὲ
3364 1089 3581 1162 βλέπειν
3611 1087 3847 1151 διδόντος

555 1180 611 1225 et
633 1174 981 1231 verissimam
1008 1174 1304 1250 imaginem
1327 1220 1341 1244 ,
1368 1195 1456 1236 me
1480 1182 1777 1248 nimirum,
1802 1192 2003 1239 nactus
2030 1184 2136 1241 sis!

2248 1186 2361 1246 τοῖς
2382 1183 2625 1253 τυφλοῖς,
2657 1183 2715 1237 ἐν
2744 1182 2966 1254 ἐξουσίᾳ
2997 1182 3325 1254 θεοπρεπεῖ;
3363 1180 3486 1251 Ζωὴ
3519 1177 3661 1234 κατά
3683 1176 3846 1247 φύσιν

555 1264 794 1336 ἀπατήρ
816 1282 830 1297 '
857 1265 970 1338 ζωὴ
1005 1267 1170 1323 πάλιν
1203 1270 1322 1325 ἐστὶ
1347 1272 1441 1327 καὶ
1467 1274 1494 1326 6
1518 1272 1666 1337 Υίὺς,
1696 1273 1976 1339 (mortuum
2006 1276 2133 1337 τοὺς
2195 1274 2707 1348 κατεφθαρμένους,
2750 1273 2845 1327 καὶ
2883 1274 2946 1327 τὸ
3009 1272 3103 1327 τοῦ
3172 1272 3405 1327 θανάτου
3448 1266 3845 1337 καταστρέφων

555 1356 788 1425 κράτος,
831 1359 972 1417 διότε
1026 1364 1155 1427 τούς
1197 1366 1426 1438 νεκροὺς
1478 1367 1722 1433 ἀνιστάς.
1768 1369 2011 1434 Εἰκότως
2046 1366 2141 1424 οὖν
2173 1370 2284 1442 ἄρα
2313 1371 2446 1444 φησὶ
2477 1369 2615 1442 πρὸς
2654 1368 2922 1423 Φίλιππον
2946 1383 2960 1398 ’
3004 1369 3105 1423 «Ὀ
3134 1366 3398 1439 ἑωρακὼς
3436 1364 3558 1435 ἐμὲ,
3626 1361 3844 1433 ἐὼρακε

552 1450 645 1503 τὸν
672 1451 919 1526 Πατέρα.
971 1473 991 1507 ι
1025 1454 1177 1521 Ἐξδν
1211 1458 1319 1530 γάρ
1362 1475 1465 1524 σοι,
1506 1460 1692 1530 φησὶν,
1716 1457 1775 1515 εὖ
1814 1460 1959 1532 μάλα
2000 1463 2321 1535 περιαθρεϊν
2361 1463 2420 1515 ἐν
2454 1462 2579 1532 ἐμοί
2601 1479 2661 1515 τε
2721 1461 2817 1516 καὶ
2853 1459 2914 1525 ἐξ
2950 1459 3087 1530 ἐμοῦ
3136 1461 3231 1515 τὸν
3292 1457 3664 1529 γεννήσαντα,
3724 1452 3843 1506 τίνα

551 1540 759 1609 τρόπον
786 1541 975 1615 ἕτερον
997 1543 1096 1616 τῆς
1119 1545 1376 1613 θεοπτίας
1402 1551 1603 1614 αίτεῖς,
1635 1551 1815 1605 καίτοι
1842 1551 1942 1623 τῆς
1975 1550 2225 1625 δοθείσης
2250 1552 2640 1626 ἀρχαιοτέροις
2684 1551 2787 1623 τὴν
2831 1550 3046 1623 ἀμείνω
3088 1549 3293 1621 λαχὼν,
3340 1548 3438 1604 καὶ
3490 1544 3840 1618 ἀληθεστάτῃ

554 1631 865 1702 περιτυχὼν
894 1634 1087 1702 είκόνι,
1110 1636 1254 1691 τοῦτ’
1280 1638 1428 1693 ἐστιν
1456 1640 1581 1713 ἐμοί
1604 1659 1620 1708 ;

624 1721 764 1789 XIV,
796 1723 882 1779 10.
909 1723 1035 1788 Non
1064 1729 1237 1785 credis
1273 1731 1401 1803 quia
1441 1748 1534 1805 ego
1573 1734 1630 1787 in
1673 1733 1861 1805 Patre,
1895 1744 1942 1791 et
1977 1734 2141 1793 Pater

554 1817 607 1869 in
635 1832 718 1870 me
748 1820 865 1874 est?

626 1907 742 2009 Ego
772 1909 1015 1981 quidem,
1066 1911 1268 1985 inquit,
1308 1928 1353 2009 or
1388 1915 1663 1991 Philippe,
1699 1921 1795 1993 qui
1856 1920 2140 1979 Genitoris
2172 1948 2218 2009 Β

552 2003 608 2059 iu
641 2003 852 2075 meipso
896 2013 1155 2061 naturam
1203 2008 1479 2080 exprime,
1508 2010 1692 2083 imago
1720 2028 1842 2069 sum
1878 2014 2142 2070 substan-

553 2094 649 2150 tiae
683 2094 825 2166 ejus,
875 2097 1261 2158 conformatus
1285 2100 1549 2158 nimirum
1590 2104 1660 2160 ad
1693 2105 1874 2171 illum,
1913 2119 2049 2169 non,
2082 2112 2143 2159 ut

551 2183 658 2239 sibi
703 2187 954 2243 nonnulli
989 2187 1225 2261 tingunt,
1255 2199 1490 2249 externa
1532 2194 1730 2265 gloria,
1764 2211 1860 2252 seu
1897 2195 2143 2267 peregri-

555 2274 645 2333 uis
679 2286 735 2333 et
756 2280 1018 2338 ascititiis
1047 2281 1272 2340 dotibus
1300 2287 1667 2358 conspicuus,
1697 2288 1795 2344 sed
1825 2289 1879 2344 in
1916 2290 2141 2360 propria

551 2375 750 2424 natura
793 2385 917 2442 quae
969 2374 1193 2444 propria
1241 2384 1372 2430 sunt
1405 2375 1687 2433 Geuitoris
1737 2375 1945 2443 ferens,
1973 2377 2142 2449 idque

551 2461 830 2520 assistens
861 2480 990 2522 vere
1019 2466 1169 2537 quod
1200 2467 1311 2531 ille,
1344 2468 1675 2535 identitatis,
1724 2469 1977 2539 inquam,
2002 2469 2139 2525 sub-

552 2554 835 2612 stantialis
885 2556 1121 2616 ratione.
1160 2556 1246 2614 Tu
1291 2574 1422 2615 vero
1465 2558 1535 2614 ad
1576 2560 1692 2616 haec
1734 2575 1931 2615 rursus
1959 2559 2135 2625 dices,

551 2645 650 2701 tibi
681 2646 926 2704 nondum
972 2665 1096 2706 esse
1138 2666 1469 2723 persuasum
1504 2652 1652 2722 quod
1701 2667 1803 2723 ego
1830 2653 2051 2724 quidem
2081 2653 2137 2708 in

552 2734 714 2795 Patre
742 2746 798 2795 et
834 2737 1004 2796 Pater
1045 2740 1102 2796 in
1141 2756 1226 2797 me
1264 2744 1357 2798 sit.
1396 2742 1561 2813 Atqui
1596 2743 1676 2796 vel
1712 2743 2019 2808 nolentem,
2050 2743 2137 2799 in-

549 2831 691 2904 quit,
733 2839 895 2905 coget
938 2840 992 2889 te
1031 2834 1251 2890 demum
1301 2836 1389 2890 vis
1445 2844 1501 2890 et
1552 2835 1695 2890 ratio
1742 2836 2039 2902 dictorum,
2078 2843 2138 2892 ut

554 2924 681 2980 huic
715 2927 795 2984 rei
812 2926 1156 2984 consentias.
1179 2927 1531 3001 Quapropter
1553 2944 1899 3001 quaecunque
1920 2930 2134 2996 dixero,

549 3033 617 3073 ea
647 3019 842 3088 utique
874 3028 1007 3077 sunt
1033 3019 1241 3089 Patris,
1270 3030 1325 3077 et
1358 3038 1708 3096 quaecunque
1741 3022 1945 3087 fecero,
1970 3021 2137 3079 Pater

551 3110 706 3166 facit.
743 3109 869 3166 Haec
920 3120 1102 3170 autem
1153 3111 1232 3169 ait
1266 3111 1550 3181 Christus,
1580 3131 1692 3171 non
1739 3121 2008 3186 tanquam
2056 3113 2135 3169 al-

551 3203 728 3260 terius
779 3203 970 3260 forsan
1017 3203 1201 3261 verbis
1234 3212 1423 3273 utens,
1462 3222 1642 3278 neque
1685 3205 1825 3263 adeo
1870 3216 2131 3276 tanquam

2323 1735 2404 1789 Ot’,
2431 1730 2757 1796 πιστεύεις,
2781 1726 3001 1800 δτιέγὼ
3028 1727 3101 1783 ἐν
3117 1727 3200 1795 τῷ
3221 1727 3432 1797 Πατρι,
3448 1732 3549 1783 καὶ
3580 1730 3616 1784 ὀ
3633 1728 3841 1800 Πατήρ

2248 1826 2318 1881 ἐν
2342 1827 2473 1897 ἐμοι
2496 1826 2671 1880 ἐστιν
2691 1840 2712 1889 ;

2332 1917 2474 1989 Ἐγὼ
2496 1918 2619 1990 μὲν,
2655 1920 2842 1991 φησὶν,
2866 1918 2912 1974 ὦ
2940 1916 3200 1980 Φίλιππε,
3225 1916 3325 1988 τὴν
3351 1914 3447 1971 τοῦ
3476 1915 3838 1987 γεννήσαντος

2245 2010 2408 2081 φύσιν
2435 2012 2493 2064 ἐν
2522 2010 2747 2081 ἐμαυτῷ
2772 2008 3167 2081 καταγράφων,
3191 2005 3357 2061 είκών
3373 2007 3490 2077 είμι
3515 2006 3616 2077 τῆς
3645 2005 3837 2069 οὐσίας

2244 2100 2433 2165 αὐτοῦ,
2492 2100 2931 2173 μεμορφωμένος
2987 2097 3231 2168 δηλονότι
3286 2098 3409 2150 κατ’
3464 2098 3695 2160 ἐκεῖνον,
3739 2097 3835 2166 οὐχ

2243 2192 2322 2256 ὼς
2377 2192 2444 2246 ἂν
2493 2192 2661 2246 οἴοιτό
2688 2210 2792 2257 τις,
2828 2194 2954 2257 ταῖς
2983 2190 3185 2257 ἔξωθεν
3207 2189 3410 2254 δόξαις,
3436 2188 3554 2242 ἀλλ’
3588 2187 3712 2242 ούδέ
3747 2187 3834 2252 ξέ-

2242 2298 2356 2346 νοις
2400 2282 2435 2354 ἦ
2478 2282 2739 2347 ἐπακτοῖς
2776 2282 3270 2355 λελαμπρυσμένος
3317 2281 3833 2352 πλεονεκτήμασιν·

2240 2374 2357 2429 ἀλλ’
2384 2376 2442 2429 ἐν
2470 2373 2576 2445 ἰδίᾳ
2602 2374 2762 2445 φύσει
2811 2372 2996 2448 φορῶν
3046 2373 3115 2427 τὰ
3142 2372 3238 2426 τοῦ
3290 2373 3658 2444 γεννήσαντος
3704 2370 3831 2436 ῐδια,

2242 2464 2522 2522 καὶτοῦτο
2568 2466 2834 2537 ὑπάρχων
2895 2465 3136 2536 άληθῶς,
3175 2466 3312 2538 ὅπερ
3339 2464 3406 2519 ἂν
3440 2464 3529 2535 εἴη
3557 2463 3835 2527 κάκεῖνος,

2241 2562 2386 2617 κατά
2404 2578 2469 2631 γε
2493 2559 2586 2614 τὸν
2600 2562 2657 2614 ἐν
2681 2557 2975 2630 ταυτότητι
3004 2558 3183 2627 λόγον,
3218 2561 3285 2629 τῇ
3309 2557 3431 2611 κατ’
3455 2557 3645 2612 οὐσίαν
3666 2574 3742 2627 φη
3752 2555 3832 2626 μί.

2240 2657 2315 2711 Σὺ
2342 2655 2452 2727 γὰρ
2487 2653 2553 2725 δὴ
2591 2651 2754 2708 πάλιν
2773 2651 2909 2725 πρὸς
2946 2650 3122 2706 ταῦτα
3149 2651 3294 2721 ἐρεῖς
3316 2664 3330 2679 °
3365 2650 3426 2704 οὐ
3454 2648 3564 2721 γὰρ
3586 2647 3837 2718 διετέθης

2238 2747 2348 2820 ἄρα
2402 2745 2609 2809 λοιπὸν,
2638 2745 2715 2809 ὡς
2757 2743 2869 2815 ἐγὼ
2903 2742 3003 2815 μὲν
3036 2742 3096 2796 ἐν
3121 2741 3199 2814 τῷ
3243 2740 3443 2813 Πατρὶ,
3480 2741 3510 2793 ό
3550 2738 3834 2811 Πατὴριδέ

2238 2836 2305 2896 αὖ
2333 2838 2497 2895 πάλιν
2543 2838 2689 2891 ἐστὶν
2737 2820 2817 2890 ἐν’
2850 2834 2995 2907 ἐμοί.
3049 2833 3267 2899 Καίτοι,
3318 2832 3413 2888 καὶ
3472 2832 3572 2902 οὐχ
3610 2831 3833 2895 ἑκόντα,

2238 2933 2425 3005 φησὶν,
2464 2928 2783 2985 ὲκὸιάσεταί
2823 2945 2883 2982 σε
2909 2926 3099 2981 λοιπὸν
3135 2925 3300 2998 ἡτῶν
3330 2924 3639 2997 εἰρημένων
3671 2922 3837 2977 δύνα-

2240 3041 2333 3097 μις
2354 3025 2436 3089 είς
2458 3024 2558 3096 τὴν
2589 3022 2683 3077 ἐπὶ
2711 3020 2889 3090 τούτῳ
2939 3017 3267 3072 συναίνεσιν.
3320 3014 3555 3082 Οὐκοῦν,
3596 3014 3744 3086 ἅπερ
3763 3013 3835 3068 ἂν

2238 3114 2406 3187 φαίην
2450 3112 2584 3183 ἐγὼ,
2621 3111 2795 3166 ταῦτα
2826 3109 2892 3183 δὴ
2918 3110 3135 3173 πάντως
3177 3107 3294 3163 ἐστὶ
3327 3105 3421 3161 τοῦ
3458 3104 3696 3177 Πατρός,
3736 3106 3835 3160 καὶ

2237 3207 2382 3278 ειπερ
2407 3204 2474 3260 ἂν
2509 3201 2859 3277 ἐργασαίμην
2909 3200 3041 3272 ἐγὼ,
3069 3203 3098 3255 6
3122 3199 3315 3272 Πατὴρ
3354 3197 3834 3272 ἐργάζεται.Φησὶ

549 3294 818 3366 propheta
850 3310 1124 3367 supernas
1152 3306 1208 3352 et
1233 3312 1262 3350 a
1288 3295 1454 3353 Patre
1488 3306 1741 3371 acceptas
1758 3312 1923 3354 voces
1952 3312 2130 3354 enun-

2238 3298 2291 3353 δὲ
2319 3295 2492 3351 ταῦτα
2521 3297 2551 3351 6
2585 3294 2842 3366 Χριστὸς,
2878 3294 2979 3365 οὐχ
3000 3292 3077 3356 ὡς
3120 3292 3236 3355 τοῖς
3293 3290 3485 3361 ἐτέρου
3512 3290 3677 3360 τυχὸν
3700 3290 3836 3344 ﬁm-

548 3389 695 3447 t'tans
725 3407 738 3444 :
772 3387 851 3443 illi
884 3389 1031 3445 enim
1067 3389 1443 3461 loquebantur
1471 3392 1699 3446 omnino
1730 3406 1854 3461 qua:
1884 3405 1984 3446 sua
2020 3406 2131 3446 non

548 3489 728 3545 erant,
761 3482 857 3539 sed
909 3481 1033 3554 ejus
1076 3484 1172 3555 qui
1212 3482 1384 3538 dabat
1428 3492 1483 3540 et
1526 3483 1837 3553 inspirabat
1880 3482 1962 3538 eis
2010 3480 2129 3538 Dei.

547 3572 767 3631 Rursus
810 3584 993 3629 autem
1047 3575 1316 3632 miracula
1362 3574 1509 3630 Patri
1552 3590 1657 3631 suo
1691 3574 1973 3637 attribuit,
2022 3588 2130 3628 non

549 3665 707 3734 quasi
737 3664 1037 3721 adventitia
1084 3673 1359 3738 potestate
1385 3680 1451 3721 ea
1508 3672 1712 3736 patret.
1746 3672 1809 3719 ut
1844 3663 1925 3718 illi
1975 3662 2132 3718 vide-

550 3758 679 3813 licet
729 3756 823 3828 qui
853 3755 1114 3813 dicebant
1150 3775 1163 3813 :
1190 3777 1208 3810 ι
1229 3757 1413 3814 Nolite
1440 3758 1603 3813 nobis
1635 3756 1943 3821 attendere,
1971 3754 2133 3826 quasi

547 3858 737 3906 nostra
765 3849 971 3905 virtute
988 3856 1083 3904 aut
1104 3849 1311 3920 pietate
1342 3858 1609 3920 aegrotum
1629 3848 1889 3906 sanaveri
1898 3864 2020 3903 mus
2040 3848 2082 3901 ¹.
2108 3866 2127 3900 ι

549 3941 743 3998 Sancti
781 3942 931 3998 enim
967 3941 1021 3996 in
1052 3941 1338 3998 miraculis
1377 3941 1605 3998 edendis
1636 3956 1748 3997 non
1785 3942 1977 4010 utique
2008 3954 2130 4005 sua,

546 4033 643 4089 sed
678 4032 772 4089 Dei
800 4032 1009 4087 virtute
1035 4031 1217 4088 solent
1249 4032 1351 4096 uti,
1383 4032 1623 4088 ministri
1643 4033 1790 4088 enim
1814 4030 2130 4085 divinorum

546 4140 868 4186 sermonum
909 4132 959 4181 et
986 4139 1215 4195 operum
1241 4140 1367 4182 esse
1400 4125 2131 4197 comperiuntur.Quoniam

544 4233 679 4273 vero
707 4217 870 4290 782
908 4216 1408 4273 consubstantialis
1443 4225 1531 4273 est
1561 4216 1711 4273 Patri
1743 4217 1939 4282 Filius,
1979 4218 2133 4273 nullo

545 4309 712 4365 modo
760 4309 830 4364 ab
876 4323 944 4364 eo
991 4307 1292 4365 distinctus
1345 4316 1441 4362 aut
1487 4308 1766 4375 diversus,
1813 4325 1916 4364 sua
1964 4309 2133 4364 verba

545 4404 736 4460 Patris
762 4402 929 4458 verba
955 4416 1079 4458 esse
1106 4401 1263 4467 dicit,
1289 4417 1399 4458 non
1424 4402 1573 4474 quod
1601 4402 1766 4462 Pater
1793 4401 1918 4456 aliis
1950 4401 2134 4458 verbis

545 4504 739 4554 utatur
786 4511 951 4568 quam
992 4494 1197 4567 quibus
1246 4493 1443 4559 Filius,
1477 4494 1573 4551 sed
1630 4502 1685 4550 et
1738 4494 1794 4549 in
1842 4493 2136 4564 majestate

544 4604 778 4661 operum
809 4589 1048 4660 idipsum
1077 4586 1380 4658 intelliges.
1409 4586 1578 4654 Quasi
1620 4587 1765 4642 enim
1806 4586 1945 4641 nihil
1978 4586 2129 4641 aliud

546 4678 712 4736 Pater
746 4677 933 4736 facere
964 4686 1163 4735 natura
1213 4692 1313 4733 sua
1366 4676 1542 4748 possit
1577 4692 1740 4747 quam
1777 4678 1923 4748 quod
1955 4679 2132 4749 possit

542 4778 600 4828 et
642 4771 817 4828 faciat
845 4769 1045 4837 Filius,
1082 4771 1207 4842 ejus
1248 4784 1419 4841 opera
1466 4785 1592 4826 esse
1632 4769 1729 4823 ait.
1778 4768 1953 4843 Finge
1982 4770 2127 4826 enim

544 4864 646 4920 tibi
679 4865 829 4920 hunc
850 4863 908 4921 in
941 4864 1166 4920 modum
1196 4860 1556 4919 manifestius
1586 4861 1904 4933 loquentem
1946 4881 1959 4918 :
1994 4861 2128 4918 Sum

543 4956 784 5028 genitori
830 4971 929 5028 per
959 4955 1144 5011 omnia
1192 4953 1414 5017 similis,
1458 4959 1512 5008 et
1564 4952 1749 5025 imago
1803 4954 2129 5009 substantia:

541 5052 674 5121 ejus
708 5054 898 5119 ',.non
929 5061 1157 5109 externa
1190 5057 1405 5105 tantum
1436 5049 1621 5120 specie
1642 5058 1698 5108 et
1737 5050 2029 5119 majestate
2052 5053 2131 5106 in-

542 5142 743 5213 signis,
762 5143 858 5200 sed
900 5151 1075 5200 totum
1110 5144 1166 5197 itt
1200 5141 1411 5213 meipso
1445 5141 1752 5213 genitorem
1789 5141 2002 5200 habens
2034 5159 2131 5215 per

543 5236 890 5293 identitatem
922 5234 1269 5293 substantia.

2234 3391 2574 3464 κεχρημένος
2606 3389 2869 3461 ῥήμασιν,
2901 3386 3027 3440 οὐτε
3073 3384 3180 3458 μὴν
3211 3383 3287 3449 ὡς
3328 3384 3386 3436 ἐν
3414 3384 3699 3455 προφήτου
3728 3382 3833 3436 τά-

2243 3481 2327 3551 ξει
2377 3483 2471 3538 καὶ
2507 3482 2696 3556 μέτρῳ
2738 3480 2838 3543 τὰς
2871 3478 3078 3535 ἄνωθεν
3135 3475 3229 3530 καὶ
3275 3476 3427 3547 παρὰ
3476 3474 3691 3547 Πατρδς
3714 3474 3834 3527 δια-

2236 3574 2565 3647 πορθμεύων
2589 3573 2805 3644 φωνάς·
2846 3570 3071 3625 ἐλάλουν
3101 3568 3212 3640 γὰρ
3255 3568 3317 3621 οὐ
3346 3568 3417 3621 τὰ
3445 3565 3658 3621 ἑαυτῶν
3675 3567 3828 3620 ἐκεί-

2233 3687 2314 3725 νοι
2344 3672 2585 3733 πάντως,
2619 3666 2757 3721 ἀλλὰ
2782 3664 2877 3720 τοῦ
2898 3664 3131 3726 διδόντος
3155 3679 3214 3716 τε
3249 3662 3344 3715 καὶ
3372 3659 3705 3731 ἐμπνέοντος
3725 3657 3829 3711 αὐ-

2232 3763 2345 3825 τοῖς
2366 3757 2527 3814 Θεοῦ.
2570 3756 2862 3829 ’Δπονέμει
2908 3755 2967 3809 δέ
3019 3753 3183 3808 πάλιν
3227 3751 3305 3822 τῷ
3337 3751 3452 3821 ίδίῳ
3505 3750 3684 3819 Harp!
3720 3748 3834 3802 τῶν

2235 3852 2554 3926 παραδόξων
2615 3851 2714 3923 τὴν
2770 3848 3019 3914 ἔκϐασιν,
3067 3846 3165 3917 οὐχ
3210 3845 3287 3909 ὡς
3334 3840 3557 3913 ἐπακτῷ
3599 3840 3832 3911 δυνάμει

2235 3943 2691 4015 θαυματουργῶν,
2716 3940 2840 3996 κατ’
2862 3938 3109 4002 ἐκείνους
3137 3935 3380 4009 δηλονότι
3396 3933 3522 3998 τοὺς
3542 3932 3826 4002 λέγοντας,

2233 4039 2317 4093 ὅτι
2351 4037 2519 4108 Ἦμῖν
2547 4034 2623 4106 μὴ
2651 4033 2948 4106 προσέχετε
2985 4031 3061 4096 ὡς
3099 4030 3206 4103 ἰδίᾳ
3226 4027 3478 4098 δυνάμει,
3511 4026 3544 4095 ἦ
3575 4023 3833 4096 εὐσεϐείᾳ

2234 4128 2691 4202 τεθεραπευκόσι,
2740 4124 2987 4198 δηλονότι
3028 4122 3121 4177 τὸν
3156 4122 3459 4192 κάμνοντα.
3503 4116 3831 4189 Κεχρῆσθαι

2235 4221 2343 4294 γὰρ
2371 4222 2485 4284 τοῖς
2507 4219 2687 4290 ἁγίοις
2735 4218 2856 4282 ἔθος
2891 4216 2993 4271 οὐκ
3034 4214 3143 4286 ἰδίᾳ
3177 4213 3398 4276 πάντως
3430 4211 3578 4282 ίσχύῖ
3599 4210 3734 4282 πρὸς,
3758 4209 3829 4263 τά

2236 4313 2540 4386 παράδοξα,
2574 4311 2778 4385 μᾶλλον
2809 4310 2868 4364 δὲ
2893 4312 2959 4383 τῇ
2983 4307 3080 4362 τοῦ
3110 4306 3245 4362 Θεοῦ
3278 4324 3291 4339 ·
3317 4305 3556 4360 διάκονοι
3587 4304 3697 4374 γὰρ
3716 4303 3832 4357 καὶ

2235 4408 2504 4480 ὑπουργοὶ
2521 4406 2698 4477 λόγων
2719 4423 2776 4459 τε
2795 4403 2928 4476 ὀμοῦ
2956 4403 3065 4458 τῶν
3096 4402 3256 4456 θείων
3306 4402 3403 4456 καὶ
3430 4398 3830 4472 ἐνεργημάτων

2237 4497 2605 4570 εὑρίσκονται.
2651 4494 2873 4565 Ἐπειδὴ
2929 4494 2987 4548 δέ
3021 4491 3309 4564 όμοούσιός
3332 4493 3450 4545 ἐστι
3479 4490 3558 4563 τῷ
3595 4490 3773 4563 llath
3799 4491 3829 4543 6

2238 4591 2388 4656 Υἱὸς,
2412 4591 2533 4645 κατ’
2583 4588 2773 4643 οὐδένα
2826 4586 3028 4659 τρόπον
3075 4584 3438 4649 διαλλάττων,
3499 4585 3690 4655 ἤγουν,
3750 4582 3827 4643 ὡς

2238 4684 2496 4757 ἐτεροίως
2534 4683 2675 4755 ἔχων
2728 4680 2804 4745 ὡς
2853 4680 2990 4753 πρὸς
3043 4678 3231 4745 αὐτὸν,
3272 4678 3464 4747 λόγους
3498 4673 3640 4730 εἷναί
3691 4692 3827 4745 φησι

2234 4775 2364 4839 τοὺς
2388 4773 2551 4838 ἰδίους
2572 4771 2667 4826 τοῦ
2703 4772 2940 4843 Πιιτρδς,
2972 4770 3049 4833 ὡς
3113 4770 3212 4841 οὐχ
3255 4769 3465 4841 ἐτέροις
3489 4767 3556 4822 ἂν
3583 4767 3678 4821 τοῦ
3708 4767 3826 4819 Πα-

2236 4866 2362 4938 τρδς
2386 4866 2735 4941 χρησαμένου
2766 4865 2969 4934 λόγοις,
3007 4863 3041 4934 ἢ
3079 4856 3277 4934 οἷσπερ
3306 4861 3372 4915 ἂν
3404 4863 3433 4915 6
3466 4861 3617 4924 Υἱός.
3664 4857 3827 4912 Ἀλλὰ

2236 4958 2334 5013 καὶ
2361 4959 2420 5012 ἐν
2442 4961 2507 5031 τῇ
2529 4958 2638 5015 τῶν
2664 4956 2841 5030 ἔργων
2862 4954 3244 5027 μεγαλειότητι
3278 4955 3495 5026 νοήσεις
3536 4950 3824 5013 ὡσαύτως.

2247 5050 2337 5115 Ὧς
2368 5049 2475 5122 γάρ
2504 5050 2655 5104 οὐδὲν
2712 5049 2901 5120 ἕτερον
2956 5048 3204 5117 ἐνεργεῖν
3255 5045 3563 5116 πεφυκότος
3624 5059 3684 5096 τε
3729 5044 3828 5095 καὶ
3862 5052 3879 5081 ’—

2241 5144 2516 5216 ἰσχύοντος
2541 5142 2637 5197 τοῦ
2672 5142 2888 5214 Πατρὺς
2922 5141 2957 5212 ἢ
3003 5141 3142 5212 ὅπερ
3172 5140 3238 5195 ἂν
3250 5138 3420 5210 εἰδείη
3465 5155 3527 5191 τε
3556 5136 3655 5193 καὶ
3678 5136 3829 5206 ἐνερο

2238 5237 2360 5310 γοίη
2388 5236 2595 5308 τυχδνό
2620 5235 2773 5300 Υἱὸς,
2796 5233 2961 5290 αὐτοῦ
2986 5233 3055 5289 τὰ
3077 5232 3215 5303 ἔργα
3242 5231 3430 5303 φησίν.
3479 5229 3683 5283 Ἕννόει
3713 5228 3825 5299 γάρ

542 5328 769 5399 λέγοντα
799 5330 1096 5400 φανότερον
1116 5327 1290 5394 οὓτως
1316 5344 1330 5359 ·
1374 5328 1504 5401 Εἰμὶ
1527 5328 1605 5399 τῷ
1630 5330 1986 5400 γεγεννηκότι
2022 5329 2162 5387 ιιατά
2190 5334 2296 5385 πᾶν
2322 5333 2351 5385 ὅ
2376 5349 2430 5384 τι
2460 5327 2554 5385 οὖν
2584 5328 2854 5402 ἐμφερὴς,
2880 5326 2975 5381 καὶ
3006 5325 3173 5379 εἰκὼν
3202 5324 3304 5395 τῆς
3331 5321 3517 5384 οὐσίας
3533 5319 3722 5383 αὐτοῦ,
3756 5319 3823 5371 οὐ

546 5421 727 5495 μόνοις
749 5423 1117 5495 ὠραῖζόμενος
1176 5424 1443 5496 σχήμασι,
1502 5424 1598 5482 καὶ
1646 5428 1770 5491 ταῖς
1816 5425 2017 5495 ἔξωθεν
2044 5425 2246 5496 δόξαις,
2289 5427 2403 5481 ἀλλ’
2427 5426 2549 5482 ὅλον
2576 5426 2715 5498 ἔχων
2748 5427 2803 5480 ἐκ
2854 5422 3035 5492 ἑαυτῷ
3111 5421 3203 5475 τὸν
3268 5419 3521 5490 φύσαντα
3574 5414 3665 5469 διά
3720 5415 3825 5485 τὴν

544 5516 640 5586 τῆς
667 5516 855 5581 οὐσίας
901 5517 1229 5588 ταύτότητα.

613 5605 755 5673 XIV,
790 5607 876 5663 10.
922 5607 1088 5663 Verba
1132 5627 1251 5681 qua:
1292 5629 1386 5684 ego
1440 5615 1650 5686 loquor,
1691 5632 1725 5668 α
1782 5617 1979 5686 meipsa
2021 5633 2128 5672 non

2314 5613 2387 5668 Τὰ
2399 5610 2639 5683 ῥήματα
2671 5609 2709 5665 ἂ
2736 5607 2851 5681 ἐγὼ
2880 5604 3070 5669 λαλῶ,
3101 5601 3201 5657 ἀπ’
3224 5598 3486 5671 ἐμαυτοῦ
3519 5599 3593 5654 οὐ
3625 5596 3819 5654 1m.

552 5700 774 5769 ’oquor:
813 5700 975 5756 Pater
1024 5711 1202 5757 autem
1256 5704 1309 5758 in
1376 5722 1458 5759 me
1517 5723 1753 5774 manens,
1821 5708 1930 5780 ipse
1996 5710 2125 5780 facit

2238 5704 2396 5761 ἀλλὰ
2446 5708 2479 5760 ό
2535 5701 2739 5771 Πατὴρ
2779 5699 2849 5753 ἑν
2886 5695 3013 5766 ἐμοὶ
3075 5691 3295 5764 μένων,
3330 5690 3514 5758 αὐτὸς
3539 5688 3701 5746 ποιεῖ
3752 5694 3827 5746 τὰ

544 5807 724 5857 orem.

2238 5799 2391 5865 ἔργα.

618 5907 633 5939 ’
676 5909 787 5965 Art.
830 5926 909 5979 ιιι,
950 5911 1026 5966 l9.
1110 5915 1125 5945 ¹
1156 5910 1316 5969 Hebr.
1359 5930 1393 5979 ι,
1438 5916 1489 5969 3.
