4096 6478
288 379 404 437 215

1277 373 1342 429 IN
1379 373 1670 432 JOANNIS
1699 373 2158 432 EVANGELIUM
2197 376 2324 434 LIB.
2367 380 2456 437 IX.

3437 391 3543 448 2H

364 497 430 550 Ει
465 494 572 566 γὰρ
623 491 756 564 πρὸς
804 492 945 562 ὑμᾶς
982 509 1054 556 τι,
1093 494 1276 562 φησιν,
1320 493 1582 564 ἐλάλησεν
1606 494 1634 545 ὁ
1659 492 1870 562 Πατὴρ,

2048 491 2108 546 Si
2138 494 2287 549 enim
2318 494 2385 551 ad
2424 510 2540 563 vos,
2578 494 2778 566 inquit,
2812 495 3032 552 locutus
3069 505 3216 554 esset
3246 496 3407 554 Pater
3447 501 3548 555 ali.-

290 590 506 653 τούτοις
560 588 762 651 αὐτοῖς,
829 585 1018 655 ὥσπερ
1075 585 1185 653 ἐγὼ
1225 587 1363 649 νυνὶ,
1419 587 1521 640 οὐκ
1555 586 1623 641 ἂν
1667 585 1872 655 ἑτέροις

291 683 568 752 ἐχρήσατο
600 678 799 746 λόγοις.
871 677 1153 749 Τοσαύτην
1215 678 1323 748 γὰρ
1361 676 1468 747 ἔχω
1518 676 1654 746 πρὸς
1711 675 1874 730 αὑτὸν

289 773 526 841 ούτιὼδη
567 770 666 840 τὴν
723 769 1044 842 ἐμφέρειαν,
1094 770 1170 833 ὡς
1224 769 1389 822 αὐτοῦ
1414 769 1510 832 τὰς
1542 769 1682 840 ἐμὰς
1734 765 1874 823 εἶναι

289 865 596 933 φωνάςριαὶ
624 863 766 934 ἅπερ
785 862 850 917 ἂν
873 862 1055 934 δρῴην
1083 861 1403 930 ἐγὼ,ταῦτα
1427 861 1592 916 αὑτοῦ
1617 855 1872 916 πιστεύε-

291 962 422 1011 σθαι
482 955 918 1027 κατορθώματα·
997 955 1057 1008 ἐν
1114 954 1241 1024 ἐμοὶ
1291 954 1400 1025 γὰρ
1460 953 1658 1023 μένων,
1688 953 1776 1007 διὰ
1813 953 1874 1006 τὸ

287 1047 716 1119 ἀπαράλλακτον
753 1047 810 1098 ἐν
836 1044 1018 1116 οὐσίᾳ,
1059 1045 1206 1097 ποιεῖ
1222 1043 1292 1097 τά
1324 1042 1460 1113 ἔργα
1485 1042 1667 1106 αὑτός.
1724 1042 1876 1095 Ἐπεὶ

290 1141 393 1193 καὶ
425 1141 556 1209 μιᾶς
583 1138 750 1208 οὔσης
811 1137 912 1206 τῆς
967 1134 1218 1206 θεότητος
1250 1133 1307 1189 ἐν
1344 1151 1403 1188 τε
1433 1134 1608 1205 Πατρὶ
1641 1133 1735 1188 καὶ
1761 1132 1875 1204 Υίῷ

292 1233 392 1284 καὶ
424 1230 702 1300 Πνεύματι
753 1227 1073 1299 νοουμένης,
1126 1227 1272 1291 ἅπας
1317 1227 1416 1298 μὲν
1470 1226 1626 1295 λόγος
1667 1227 1695 1279 ό
1725 1227 1876 1296 παρά

293 1322 536 1393 Πατρδς,
559 1321 774 1384 πάντως
791 1320 908 1372 ἐστὶ
932 1319 999 1373 δι’
1039 1317 1168 1371 Υίοῦ
1199 1319 1258 1371 ἐν
1298 1317 1576 1388 Πνεύματι
1597 1335 1610 1350 ’
1644 1319 1738 1372 καὶ
1767 1321 1875 1372 πᾶν

290 1414 483 1480 ἔργον,
509 1413 627 1483 ἦτοι
660 1409 982 1482 παράδοξον,
998 1409 1064 1462 δι’
1099 1407 1229 1462 Υίοῦ
1257 1409 1314 1462 ἐν
1346 1408 1624 1479 Πνεύματι
1651 1448 1666 1474 ,
1697 1409 1875 1479 πράτ-

291 1502 454 1556 τεταί
481 1517 542 1569 γε
568 1500 694 1571 μὴν,
719 1499 794 1562 ὼς
830 1498 982 1570 παρὰ
1001 1497 1234 1568 Πατρός.
1277 1497 1352 1550 Οὐ
1385 1496 1494 1566 γὰρ
1523 1495 1628 1561 ἔξω
1653 1497 1751 1566 τῆς
1781 1494 1875 1549 τοῦ

290 1596 662 1662 γεννήσαντος
685 1591 872 1654 οὐσίας
901 1590 1047 1643 ἐστὶν
1070 1592 1098 1642 ὁ
1117 1590 1261 1653 Υίὸς,
1285 1589 1412 1642 οῦτε
1438 1590 1545 1662 μὴν
1571 1589 1630 1644 τὸ
1652 1589 1876 1660 Πνεῦμα

291 1687 356 1736 τὸ
391 1685 570 1751 ἆγιον,
624 1685 681 1736 ἐν
743 1681 892 1752 αύτῷ
919 1682 975 1734 δὲ
1019 1681 1094 1735 ὢν
1124 1684 1152 1736 ὁ
1209 1681 1537 1751 Μονογενὴς,
1566 1681 1704 1753 ἔχων
1731 1682 1786 1734 δὲ
1808 1677 1874 1736 αὖ

293 1774 464 1826 πάλιν
489 1777 546 1826 ἐν
571 1772 746 1844 ἐαυτῷ
776 1774 865 1825 τὸν
916 1773 1168 1836 τεκόντα,
1210 1773 1372 1826 αὐτόν
1399 1789 1564 1842 φησιν
1593 1775 1835 1842 ἐνεργεῖν
1859 1791 1872 1805 ’

293 1865 527 1936 ἐνεργὴς
583 1865 690 1936 γάρ
747 1865 894 1917 ἐστιν
924 1867 956 1934 ἡ
992 1863 1086 1917 τοῦ
1134 1864 1348 1934 Πατρδς
1395 1863 1576 1932 φύσις,
1607 1865 1788 1928 καλῶς
1821 1867 1878 1918 ἐν

294 1957 414 2026 Υξῷ
444 1955 846 2026 διαλάμπουσα.
884 1955 1018 2026 Φαίη
1042 1956 1086 2009 δ’
1118 1956 1182 2009 ἄν
1209 1973 1292 2020 τις
1329 1956 1423 2009 ἐπί
1449 1956 1655 2020 τούτοις
1686 1958 1878 2028 ἐτέραν

293 2050 561 2114 διάνοιαν,
581 2047 682 2116 τῆς
718 2047 854 2118 μετά
892 2048 1094 2118 σαρκὸς
1137 2047 1450 2117 οἰκονομίας
1500 2047 1680 2110 καλῶς
1729 2049 1879 2120 αὐτῷ

293 2139 639 2210 χορηγούσης
665 2138 762 2202 τὰς
797 2139 1071 2209 ἀφορμάς.
1107 2154 1127 2188 ι
1175 2135 1294 2189 Ἀπ’
1317 2137 1556 2206 ἐμαυτοῦ
1618 2137 1747 2210 γὰρ,
1778 2155 1881 2209 φη-

298 2234 408 2294 σὶν,
445 2233 506 2284 οὐ
550 2231 717 2294 λαλῶ,
758 2249 776 2282 ι
809 2230 932 2283 ἀντὶ
1000 2228 1119 2295 τοῦ,
1173 2229 1234 2281 οὐ
1277 2228 1715 2301 μεμερισμένως,
1761 2230 1880 2283 ούδέ

296 2321 616 2392 ἁπᾳδόντως
644 2321 722 2392 τῷ
759 2321 878 2391 Θεῷ
923 2320 1018 2374 καὶ
1077 2320 1272 2392 Πατρί.
1316 2319 1534 2390 Ἐπειδὴ
1556 2319 1664 2391 γὰρ
1697 2321 1755 2374 ἐν
1788 2320 1883 2374 ἀν-

294 2411 551 2483 θρωπεία
578 2415 758 2483 μορφῇ
807 2415 918 2475 τοῖς
962 2411 1161 2481 ὁρῶσιν
1203 2409 1474 2478 ἐφαίνετο,
1500 2409 1785 2480 ἀνατίθησι
1814 2412 1880 2480 τῇ

294 2507 401 2574 τῆς
433 2503 685 2574 θεότητος
711 2503 871 2572 φύσει
899 2503 1023 2567 τοὺς
1047 2501 1240 2555 ἑαυτοῦ
1275 2502 1487 2569 λόγους,
1518 2501 1593 2566 ὡς
1624 2503 1680 2554 ἐν
1715 2517 1883 2572 προσ-

294 2595 442 2664 ώπῳ
467 2594 559 2648 τοῦ
617 2594 854 2665 Πατρδς,
909 2594 1003 2647 καὶ
1065 2593 1170 2665 μὴν
1200 2593 1296 2646 καὶ
1337 2591 1407 2645 τὰ
1433 2591 1569 2662 ἔργα
1596 2609 1608 2620 ·
1645 2591 1804 2662 μόνον
1827 2589 1884 2643 δὲ

291 2690 425 2759 οὐχί
457 2705 590 2760 φησι
611 2705 626 2717 ‘
656 2689 748 2758 Μὴ
776 2687 838 2741 τὸ
900 2688 1084 2758 σχῆμα
1113 2687 1265 2739 τουτὶ
1292 2686 1354 2739 τὸ
1391 2684 1752 2755 ἀνθρώπινον,
1786 2682 1885 2753 τὴν

299 2782 431 2850 ἐμοὶ
475 2780 792 2851 πρέπουσαν
855 2780 948 2834 καὶ
1002 2779 1456 2850 χρεωστουμένην
1507 2775 1886 2848 παραιρείσθω

295 2872 578 2943 διάληψιν,
614 2871 752 2943 μηδέ
784 2869 1075 2942 ἀνθρώπου
1128 2868 1307 2938 ψιλοῦ,
1352 2869 1447 2922 καὶ
1481 2869 1599 2932 ἐνὸς
1624 2867 1735 2921 τῶν
1762 2867 1885 2921 καθ’

299 2965 456 3030 ὑμᾶς
477 2961 614 3016 εἶναι
639 2963 765 3025 τοὺς
788 2963 953 3032 ἐμοὺς
964 2961 1156 3028 λόγους
1186 2960 1516 3030 ὑπολάϐητε,
1541 2959 1676 3014 ἀλλά
1709 2958 1888 3023 θείους

295 3052 548 3123 ἀληθῶς,
606 3054 700 3107 καὶ⁹
720 3050 868 3122 αὑτῷ
919 3051 1228 3123 πρέποντας
1275 3050 1353 3122 τῷ
1383 3051 1576 3122 Πατρὶ,
1612 3051 1784 3115 οὕτως
1812 3053 1889 3115 ὠς

1975 585 2127 655 quid,
2161 585 2356 642 iisdem
2388 589 2526 657 ipsis
2557 590 2759 659 quibus
2789 605 2890 662 ego
2918 605 3087 655 nunc,
3113 604 3227 646 non
3262 590 3384 646 aliis
3411 607 3546 647 usus

1977 678 2158 733 verbis
2189 687 2354 736 esset.
2383 679 2618 736 Tantum
2655 682 2862 754 quippe
2894 683 3079 738 habeo
3115 697 3242 737 eum
3284 697 3350 738 eo
3394 683 3548 738 simi-

1976 768 2230 825 litudinis
2272 770 2679 837 substantialis,
2716 781 2776 827 ut
2799 788 2934 828 meae
2961 787 3123 829 voces
3157 773 3278 843 ejus
3315 774 3454 836 sint,
3493 782 3550 828 et

1975 877 2099 933 quae.
2130 862 2275 919 iacio
2321 879 2444 934 ego,
2471 863 2588 920 lucc
2621 864 2745 934 ejus
2779 864 2925 921 facta
2964 865 3266 922 credantur
3299 883 3312 920 :
3357 865 3411 920 in
3461 880 3551 921 me

1973 955 2126 1012 enim
2158 970 2412 1020 manens,
2433 964 2659 1028 propter
2689 956 3032 1013 identitatem
3059 957 3405 1023 substantia,
3430 957 3549 1028 ipse

1978 1047 2110 1103 facit
2133 1061 2323 1118 opera.
2354 1045 2490 1103 Nam
2527 1063 2655 1104 cum
2683 1063 2797 1104 una
2840 1049 2915 1106 sit
2948 1049 3004 1104 in
3037 1048 3200 1105 Patre
3229 1057 3284 1105 et
3312 1048 3456 1104 Filio
3492 1058 3550 1105 et

1979 1140 2186 1210 Spiritu
2217 1139 2420 1204 deitas,
2464 1139 2648 1196 omnis
2677 1153 2860 1195 sermo
2913 1138 3093 1194 Patris
3127 1138 3316 1209 utique
3342 1147 3426 1194 est
3455 1154 3551 1208 per

1977 1230 2179 1286 Filium
2217 1230 2274 1284 in
2308 1230 2522 1302 Spiritu
2548 1247 2564 1293 ;
2589 1236 2642 1285 et
2669 1243 2835 1285 omne
2855 1243 3020 1299 opus,
3049 1230 3163 1285 sive
3191 1229 3548 1291 miraculum,

1978 1339 2077 1394 per
2122 1322 2324 1379 Filium
2381 1323 2436 1377 in
2488 1321 2721 1393 Spiritu,
2767 1321 2945 1392 agitur
2982 1332 3162 1378 tamen
3217 1331 3476 1392 tanquam
3520 1337 3551 1375 a

1977 1414 2160 1471 Patre.
2186 1413 2298 1471 Nec
2328 1415 2474 1471 enim
2527 1423 2685 1470 extra
2731 1413 3010 1470 Genitoris
3057 1413 3423 1471 substantiam
3468 1423 3552 1468 est

1980 1505 2175 1571 Filius,
2205 1522 2384 1577 neque
2410 1505 2547 1562 adeo
2576 1505 2816 1576 Spiritus
2855 1513 3107 1569 sanctus,
3137 1503 3235 1560 sed
3267 1504 3362 1573 qui
3394 1504 3449 1558 in
3483 1519 3549 1558 eo

1977 1608 2064 1656 est
2081 1599 2432 1671 Unigenitus,
2452 1598 2658 1669 quique
2680 1598 2846 1654 habet
2877 1613 3074 1652 rursus
3099 1596 3152 1650 in
3174 1596 3361 1666 seipso
3385 1595 3554 1649 Geni-

1981 1701 2178 1757 torem,
2205 1693 2386 1762 ipsum
2436 1692 2511 1745 ait
2544 1690 2786 1762 operari.
2818 1689 3016 1743 Eﬂicax
3051 1689 3199 1744 enim
3249 1695 3334 1744 est
3373 1686 3554 1740 Patris

1981 1793 2204 1849 natura,
2237 1783 2292 1837 in
2333 1781 2474 1836 Filio
2508 1781 2768 1853 praeclare
2799 1782 3066 1836 emicans.
3104 1779 3257 1834 Alius
3292 1785 3553 1847 praeterea

1980 1892 2178 1933 sensus
2238 1873 2427 1930 aﬂerri
2477 1882 2682 1944 potest,
2735 1888 2897 1942 quem
2949 1870 3356 1926 incarnationis
3413 1871 3556 1924 ratio

1980 1966 2268 2022 commode
2300 1966 2635 2036 suppeditat.
2676 1983 2694 2014 ι
2727 1963 2772 2017 Α
2797 1963 3033 2032 meipso,
3073 1961 3276 2032 inquit,
3311 1974 3421 2015 non
3473 1959 3556 2013 lo-

1980 2073 2144 2128 quor,
2195 2076 2213 2109 ι
2265 2071 2366 2126 pro
2417 2071 2483 2111 eo
2535 2053 2685 2124 quod
2744 2063 2850 2117 est,
2900 2066 3011 2106 non
3075 2049 3331 2114 seorsim,
3380 2062 3557 2116 neque

1979 2158 2175 2206 contra
2207 2149 2303 2204 Dei
2359 2163 2424 2204 ac
2455 2147 2634 2202 Patris
2673 2145 2958 2217 placitum.
3007 2143 3147 2209 Quia
3180 2141 3326 2196 enim
3362 2139 3420 2193 in
3452 2138 3557 2190 hu-

1983 2257 2147 2298 mana
2192 2239 2370 2294 l'orma
2417 2237 2738 2294 videntibus
2791 2235 3065 2306 apparuit,
3090 2233 3302 2288 idcirco
3335 2228 3559 2285 deitatis

1985 2343 2197 2390 natura
2246 2332 2416 2388 verba
2463 2345 2565 2386 sua
2616 2328 2840 2394 tribuit,
2889 2335 3152 2397 tanquam
3205 2325 3260 2378 in
3323 2335 3554 2393 persona

1985 2423 2184 2490 Patris,
2215 2422 2517 2494 quinetiam
2545 2429 2599 2477 et
2630 2433 2900 2491 opera,ac
2928 2424 3144 2472 tantum
3174 2430 3284 2470 non
3319 2415 3397 2468 ait
3432 2431 3444 2467 :
3479 2409 3559 2466 Ne

1985 2513 2102 2568 haec
2149 2512 2326 2568 forma
2378 2512 2624 2566 humana
2672 2507 3137 2567 existimationem
3184 2504 3319 2560 mihi
3357 2518 3559 2558 conve-

1987 2602 2230 2658 nientem
2265 2615 2332 2657 ac
2363 2599 2605 2656 debitam
2637 2598 2861 2669 eripiat,
2902 2611 3087 2666 neque
3125 2593 3260 2649 nudi
3297 2593 3455 2649 vobis
3484 2592 3560 2649 si.-

1987 2690 2138 2746 milis
2167 2689 2334 2747 unius
2365 2688 2604 2759 alicujus
2643 2686 2884 2743 hominis
2928 2699 3082 2740 meos
3119 2697 3414 2740 sermones.
3435 2697 3561 2737 esse

1988 2783 2220 2855 putetis,
2267 2782 2370 2839 sed
2413 2796 2541 2838 vere
2593 2778 2832 2843 divinos,
2888 2777 3107 2848 ipsique
3163 2774 3561 2832 convenientes

1987 2873 2162 2938 Patri,
2185 2871 2413 2944 perinde
2448 2885 2513 2926 ac
2544 2871 2701 2926 mihi.
2723 2869 2994 2940 Operatur
3017 2874 3201 2921 autem
3232 2865 3290 2919 in
3322 2879 3409 2919 me
3444 2879 3562 2919 ma.-

1989 2981 2126 3023 nens
2163 2965 2407 3036 :quippe
2437 2978 2560 3019 sum
2598 2964 2654 3018 in
2702 2961 2844 3032 ipso,
2883 2969 2938 3015 et
2979 2958 3097 3029 ipse
3151 2957 3208 3012 iu
3242 2971 3347 3012 me.
3383 2954 3565 3012 Nolite

1991 3071 2122 3126 ergo
2179 3056 2403 3112 credere
2459 3053 2742 3110 veteribus
2795 3059 3060 3122 tanquam
3113 3048 3377 3103 eximium
3434 3047 3564 3116 quid

298 3146 455 3214 ἐμοί.
509 3144 752 3216 Ἐνεργεῖ
773 3145 828 3198 δέ
852 3146 909 3197 ἐν
942 3145 1066 3214 ἐμοὶ
1114 3144 1310 3214 μένων·
1357 3145 1475 3214 είμὶ
1504 3144 1614 3216 γάρ
1655 3146 1712 3202 ἐν
1740 3144 1887 3217 αὑτῷ

1995 3148 2156 3222 783
2189 3157 2244 3204 et
2277 3162 2536 3218 magnum
2567 3144 2756 3201 datum
2809 3158 2936 3199 esse
2984 3150 3044 3197 ut
3090 3140 3145 3195 in
3201 3139 3387 3210 specie
3424 3137 3566 3206 ignis

302 3238 404 3289 καὶ
434 3237 593 3299 αὐτὸς
654 3238 714 3289 ἐν
765 3236 908 3307 ἐμοί.
941 3237 1032 3307 Μὴ
1054 3236 1254 3297 τοίνυν,
1305 3236 1494 3306 φησὶν,
1546 3235 1620 3300 ὡς
1652 3237 1794 3308 μέγα
1837 3255 1892 3291 τι

303 3331 406 3383 καὶ
439 3330 716 3401 ὑπερφυὲς
749 3331 859 3392 τοῖς
908 3329 1283 3400 ἀρχαιοτέροις
1312 3329 1556 3383 δεδόσθαι
1587 3330 1890 3397 πιστεύετε,

305 3423 407 3474 καὶ
442 3422 501 3475 τὸ
521 3421 643 3474 ίδεῖν
675 3423 771 3491 μὲν
786 3422 862 3486 ὡς
880 3423 937 3474 ἐν
959 3421 1086 3474 εῖδει
1104 3421 1274 3492 πυρὸς
1295 3421 1385 3473 τὸν
1402 3420 1554 3485 Θεὸν,
1584 3421 1815 3476 ἀκοῦσαι
1838 3424 1895 3482 δέ

307 3516 409 3567 καὶ
425 3515 610 3584 φωνῆς
626 3515 893 3586 λαλούσης
907 3514 1110 3576 αὐτοῖς.
1131 3513 1319 3578 Ὑμεῖς
1333 3513 1439 3582 γὰρ
1456 3512 1622 3577 ὅντως
1637 3512 1896 3567 τεθέασθε

306 3607 379 3657 δι’
413 3605 546 3675 ἐμοῦ
594 3606 688 3659 καὶ
719 3607 775 3660 ἐν
809 3605 934 3676 ἐμοὶ
967 3605 1058 3657 τὸν
1086 3604 1327 3674 Πατέρα,
1351 3605 1510 3658 εἶκαὶ
1540 3604 1752 3675 πέφηνα
1777 3604 1894 3658 καθ’

309 3700 642 3771 ὑμᾶς,Θεδς
696 3699 772 3752 ὢν
830 3699 971 3753 κατὰ
1023 3697 1207 3766 φύσιν,
1264 3692 1426 3768 ἦλθον
1456 3696 1900 3768 ἐμφανῶς.κατά

310 3798 419 3865 τὴν
451 3795 548 3848 τοῦ
590 3794 896 3863 ψάλλοντος
961 3793 1166 3861 φωνήν.
1206 3791 1400 3844 ’ἰστέον
1433 3791 1489 3844 δέ
1523 3790 1735 3843 ὅτιτῶν
1765 3793 1900 3860 ἠμε-

311 3888 495 3957 τέρων
526 3886 858 3946 ἀκούσαντες
881 3883 1079 3950 λόγων,
1098 3881 1204 3934 τῶν
1236 3881 1339 3933 ὑπὸ
1373 3881 1583 3950 Πατρὸς
1605 3879 1896 3950 ἠκούσατε.

312 3980 532 4050 θεωροὶ
559 3979 613 4032 δέ
636 3977 893 4046 γεγόνατε
927 3977 1020 4028 καὶ
1061 3974 1171 4027 τῶν
1208 3973 1406 4045 ἔργων,
1439 3974 1531 4027 καὶ
1557 3974 1656 4042 τῆς
1676 3974 1901 4042 ἐνούσης

320 4073 510 4143 ἰσχύος
536 4070 704 4141 αὐτῷ.
753 4070 831 4124 Δι’
864 4068 1000 4138 ἐμοῦ
1028 4068 1136 4139 γὰρ
1169 4066 1319 4120 λαλεῖ
1346 4065 1463 4135 μὲν,
1499 4065 1572 4128 ὡς
1610 4065 1699 4118 διά
1729 4065 1900 4134 Λόγου

312 4168 417 4222 τοῦ
456 4166 607 4230 ἰδίου,
641 4162 972 4234 κατορθοῖδέ
996 4161 1090 4214 καὶ
1118 4162 1332 4231 ἐνεργεῖ
1358 4159 1426 4213 τὰ
1454 4157 1729 4229 θαύματος
1753 4159 1900 4225 ἄξια,

313 4262 397 4320 ὡς
437 4257 525 4313 διὰ
561 4257 842 4326 δυνάμεως
873 4254 1037 4308 πάλιν
1080 4252 1180 4322 τῆς
1207 4251 1421 4306 ἐαυτοῦ.
1451 4250 1574 4307 ’Ότι
1603 4251 1658 4304 δέ
1679 4254 1776 4322 τῆς
1810 4250 1902 4304 τοῦ

317 4351 540 4421 Πατρὺς
567 4349 755 4412 οὐσίας
777 4347 952 4410 οὐδεὶς
977 4346 1064 4411 ἂν,
1095 4342 1271 4414 οἴμαι,
1292 4343 1448 4412 λόγος
1482 4344 1750 4414 ἀποτέμοι
1773 4343 1905 4397 ποτέ

321 4441 418 4494 τόν
452 4457 511 4492 τε
538 4439 728 4506 Λόγον,
762 4438 857 4490 καὶ⁹
910 4434 1010 4505 τὴν
1057 4434 1284 4504 δύναμιν
1323 4433 1529 4502 αὐτῆς,
1577 4434 1905 4504 ἐνυπάρχειν

1995 3239 2166 3295 Deum
2196 3238 2470 3302 viderent,
2497 3245 2552 3293 et
2577 3251 2766 3292 vocem
2807 3235 2888 3290 eis
2916 3233 3237 3304 loquentem
3288 3229 3564 3285 audirent.

1995 3332 2114 3388 Vos
2137 3332 2282 3388 enim
2315 3345 2508 3386 revera
2541 3328 2840 3400 spectastis
2891 3341 2988 3397 per
3026 3340 3113 3380 me
3142 3331 3198 3379 et
3249 3322 3303 3376 in
3345 3335 3432 3375 me
3460 3318 3570 3374 Pa~

1995 3434 2158 3490 trem,
2188 3423 2410 3479 tametsi
2450 3422 2619 3478 vestri
2674 3419 2873 3476 similis
2927 3415 3181 3488 apparui,
3223 3412 3367 3469 Deus
3421 3411 3569 3467 exsi-

1997 3525 2150 3575 stens
2196 3514 2500 3572 secundum
2557 3521 2836 3577 naturam,
2883 3509 3014 3564 veni
3052 3505 3361 3568 manifeste,
3411 3505 3569 3574 juxta

1995 3609 2305 3664 Psaluiistze
2331 3621 2518 3661 vocem
2536 3605 2880 3660 ‘.Sciendum
2906 3616 3034 3655 vero
3055 3599 3220 3668 quod,
3246 3612 3370 3652 cum
3405 3594 3574 3649 verba

1998 3715 2120 3755 mea
2151 3698 2498 3762 audiveritis,
2555 3697 2720 3750 verba
2756 3695 2918 3748 etiam
2961 3691 3137 3746 Patris
3175 3688 3431 3744 audistis.
3465 3685 3575 3741 Sed

1997 3799 2052 3847 et
2086 3799 2428 3861 spectatores
2457 3803 2684 3858 operum
2733 3795 2787 3841 et
2835 3783 3056 3838 virtutis
3085 3781 3207 3850 ejus
3237 3779 3438 3834 fuistis.
3470 3777 3572 3830 Per

1999 3898 2087 3938 me
2125 3882 2271 3936 enim
2323 3880 2588 3950 loquitur,
2623 3885 2682 3932 ut
2717 3892 2811 3947 per
2842 3890 3002 3931 suum
3030 3872 3271 3928 Verbum
3301 3888 3315 3936 ;
3359 3867 3574 3939 peragit

2002 3988 2131 4029 vero
2163 3981 2217 4028 et
2244 3971 2356 4027 edit
2379 3970 2668 4035 miracula,
2691 3977 2751 4022 ut
2781 3982 2876 4038 per
2898 3980 3052 4020 suam
3074 3977 3270 4018 rursus
3293 3963 3572 4014 virtutem.

2003 4063 2162 4131 Quod
2207 4073 2390 4118 autem
2437 4061 2584 4116 nulla
2631 4060 2827 4115 ratioa
2859 4057 3169 4113 substantia
3215 4051 3400 4107 Patris
3440 4049 3578 4104 Ver-

2003 4158 2155 4220 bum,
2187 4157 2420 4226 ejusque
2459 4153 2716 4208 virtutem
2749 4151 3039 4221 sejungere
3069 4146 3266 4219 possit,
3296 4143 3392 4198 sed
3424 4141 3477 4196 in
3514 4155 3578 4194 ea

2002 4249 2296 4310 exsistere,
2324 4254 2381 4301 et
2435 4261 2464 4298 a
2497 4251 2693 4299 natura
2744 4242 2929 4298 inesse
2975 4241 3208 4312 quilibet
3239 4235 3343 4291 nisi
3378 4231 3578 4289 mentis

2006 4339 2193 4395 forsan
2242 4343 2440 4392 emota:
2493 4333 2852 4389 confessurus
2917 4332 3009 4398 sit,
3060 4326 3423 4385 dubitandum
3469 4335 3579 4378 nou

2005 4439 2110 4489 est.

320 4536 406 4595 δὲ.
448 4534 542 4587 καὶ
573 4504 950 4602 ἐμπεφυκέναι
1002 4528 1145 4583 κατά
1196 4530 1357 4598 φύσιν
1395 4528 1530 4599 αὐτῇ
1558 4529 1664 4591 πᾶς
1702 4546 1787 4592 τις
1819 4523 1912 4582 οῦν
1951 4527 2358 4600 ὁμολογήσειεν,
2424 4522 2525 4575 οὐκ
2573 4519 2898 4591 ἀμφίϐολον,
2962 4517 3012 4570 εἰ
3068 4516 3141 4588 μή
3188 4531 3271 4577 τις
3322 4511 3429 4582 ἄρα
3472 4504 3558 4576 εἴη

324 4626 625 4699 παραπλὴξ
652 4626 747 4696 τὴν
779 4625 1036 4679 διάνοιαν.

772 4738 1168 4794 ΚΕΦΛΛΑΙΟΝ
1206 4738 1468 4792 ΜΟΝΟΝ.

326 4861 460 4911 ..οτι
492 4857 590 4910 διὰ
638 4855 752 4923 τὴν
791 4854 1122 4918 ταυτότητα
1161 4851 1268 4918 τῆς
1302 4853 1595 4923 gaudeo)ch
1637 4853 1768 4916 Υἱός
1791 4852 1908 4923 μὲν·

397 4930 468 4982 ἐν
495 4927 574 4990 τῷ
597 4918 777 4993 Harp!
799 4927 987 4990 ἐστιν,
1021 4926 1052 4976 ὀ
1080 4923 1282 4990 Πατὴρ
1304 4918 1364 4975 ’δ’
1395 4918 1472 4977 αὖ
1514 4921 1701 4975 πάλιν
1727 4918 1805 4975 ἐν’
1830 4922 1909 4987 τῷ

407 4997 519 5064 Υιῷ
538 4998 728 5052 ἐστιν.

403 5089 721 5143 Πιστεύετε
760 5086 847 5138 ὅτι
868 5085 982 5155 ἐγὼ
1008 5085 1076 5138 ἐν
1103 5082 1181 5149 τῷ
1202 5083 1405 5153 Πατρι,
1429 5083 1525 5137 καὶ
1553 5086 1583 5138 ό
1608 5081 1809 5150 Πατὴρ
1841 5082 1910 5135 ἐν

325 5179 461 5251 ἐμοι
499 5179 668 5232 ἐστιν
688 5195 706 5243 ;

418 5268 749 5338 Ἀναφανδὸν
802 5266 902 5336 ἤδη
956 5265 1141 5336 φησὶν,
1177 5263 1373 5334 μᾶλλον
1412 5261 1468 5315 δέ
1504 5261 1598 5314 καὶ
1628 5259 1911 5314 ἐπιτάττει

326 5363 540 5426 λοιπὸν,
596 5362 678 5415 ὅτι
725 5361 990 5430 προσήκοι
1037 5360 1252 5429 φρονεῖν
1299 5357 1398 5425 οὐχ
1446 5355 1646 5424 ἑτέρως
1673 5355 1844 5425 ἡμᾶς,
1878 5353 1912 5422 ἦ

329 5453 526 5521 ὥσπερ
556 5448 714 5510 αὐτὸς
763 5451 790 5502 ὁ
819 5448 918 5515 τῆς
947 5447 1204 5517 ἀληθείας
1241 5445 1478 5517 βούλοιτο
1522 5445 1713 5512 Λόγος.
1751 5445 1914 5514 Ὀμο-

332 5542 515 5604 οὐσιος
547 5539 658 5611 γάρ
695 5540 811 5592 ἐστι
848 5538 924 5607 τῷ
978 5539 1092 5608 ίδίῳ
1129 5539 1436 5608 Γεννὴτορι,
1473 5534 1897 5605 μεσολαϐοῦντος

340 5634 619 5698 παντελῶς
637 5633 870 5695 οὐδενὸς,
902 5632 934 5704 ἢ
967 5633 1107 5689 κατὰ
1159 5650 1209 5686 τι
1253 5632 1382 5702 γοῦν
1417 5629 1800 5692 διακόπτοντος
1839 5629 1917 5691 εἰς

451 5813 468 5843 ³
511 5808 653 5866 l’sul.
687 5825 831 5871 sus,
865 5809 917 5864 3.

1938 4717 1984 4773 D

2516 4720 2750 4779 CAPUT
2793 4717 3084 4776 UNICUM.

2018 4841 2173 4909 Quod
2200 4848 2411 4910 propter
2452 4837 2790 4910 identjtatem
2833 4841 3040 4910 natura:
3065 4828 3247 4910 flius
3293 4828 3362 4880 sit
3395 4827 3448 4880 in
3477 4824 3589 4879 Pa-

2373 4921 2450 4964 tre
2505 4918 2553 4962 et
2585 4906 2749 4960 Pater
2781 4919 2962 4956 rursus
2992 4901 3044 4952 in
3073 4897 3235 4952 Filio.

2089 5072 2231 5139 XIV,
2267 5071 2354 5125 ll.
2390 5067 2514 5123 Non
2542 5064 2754 5119 creditis
2783 5061 2907 5132 quia
2938 5076 3030 5130 ego
3057 5061 3109 5114 in
3143 5057 3324 5124 Patre,
3353 5066 3402 5110 et
3433 5052 3592 5109 Pater

2016 5167 2071 5219 in
2113 5181 2192 5217 me
2229 5165 2344 5218 est?

2090 5255 2290 5325 Aperte
2315 5253 2428 5322 jam
2456 5249 2554 5315 ait,
2586 5248 2694 5301 imo
2721 5260 2854 5301 vero
2878 5243 3034 5315 jubet
3053 5257 3164 5296 non
3201 5239 3361 5295 aliter
3388 5238 3593 5293 sentire

2021 5362 2184 5419 quam
2233 5342 2511 5415 quomodo
2555 5339 2684 5395 velit
2737 5338 2978 5394 Verbum
3018 5333 3286 5391 veritatis.
3339 5330 3593 5386 Consub-

2023 5437 2281 5496 stantiale
2319 5435 2463 5491 enim
2510 5441 2595 5488 est
2644 5446 2744 5488 suo
2779 5426 3050 5491 Genitori,
3077 5425 3228 5480 nulla
3277 5438 3337 5478 re
3375 5420 3592 5493 penitus

2027 5530 2339 5600 interjecta,
2377 5535 2473 5581 aut
2507 5541 2630 5596 qua:
2687 5524 2919 5578 alterum
2959 5520 3028 5577 ab
3068 5520 3241 5573 altero
3281 5512 3598 5569 diversitate

2027 5623 2268 5682 naturali
2302 5627 2536 5694 separet.
2568 5617 2747 5676 Unum
2780 5617 2924 5674 enim
2960 5621 3043 5671 est
3072 5626 3194 5668 eum
3226 5622 3310 5675 co,
3339 5605 3412 5662 ita
3449 5613 3506 5661 ut
3539 5605 3596 5661 iu
