4096 6492
143 351 277 440 air

1236 382 1302 437 IN
1341 378 1629 437 J'OANNIS
1665 372 2119 431 EVANGELI’UM
2154 373 2284 429 LIB.
2317 372 2407 427 IX.

3353 341 3462 415 sis

141 495 380 568 Πατρὶ,
413 494 530 567 εχει
552 495 611 550 δέ
644 489 711 552 αὗ
737 497 899 552 πάλιν
933 500 989 552 ἐν
1008 497 1184 569 ἐαυτῷ
1207 498 1300 552 τὸν
1339 496 1586 568 Πατέρα,
1624 493 1767 547 τοῦτ’

1880 492 1980 557 lia,
2023 501 2081 547 ut
2114 492 2208 561 qui
2244 490 2319 547 sit
2348 504 2477 544 vera
2517 502 2584 541 ac
2637 484 2882 558 legitima
2914 481 3115 552 proles,
3150 487 3210 533 ut
3244 477 3465 531 fruetus

139 590 306 652 lati,
338 589 442 658 τὴν
464 589 558 644 τοῦ
594 590 808 663 Πατρδς
826 590 988 660 φύσιν
1010 593 1067 644 ἐν
1094 591 1328 663 ὑπάρξει
1358 593 1423 661 τῇ
1451 590 1559 661 ἰδίᾳ
1590 589 1765 658 φορεῖ,

138 680 237 746 ὡς
275 682 512 751 Υνήσιον
555 680 824 753 γέννημα,
878 682 955 747 ὡς
1007 684 1215 755 καρπὸς
1246 681 1483 753 ἀληθῶς,
1530 681 1604 743 ὡς
1640 679 1768 743 Υἱὸς

141 774 223 826 ἐκ
254 774 481 847 Πατρδς
510 774 769 845 πεφηνὼς
812 776 1080 845 φυσικῶς.
1145 775 1284 829 Ἀλλ’
1316 776 1351 847 ὴ
1395 774 1494 845 μὲν
1536 773 1768 841 Ἐκκλη-

145 869 257 921 σία
311 867 419 921 τοῦ
474 867 742 938 Χριστοῦ,
792 870 973 922 καίτοι
1018 868 1137 922 λίαν
1173 867 1493 939 ἐπαυχοῦδα
1541 870 1608 937 τῇ
1660 865 1769 917 τῶν

134 952 462 1027 ,δογμάτων
517 954 793 1027 ὀρθότητι,
848 955 1106 1027 τοιαιλτην
1160 955 1277 1026 ἔχει
1320 955 1418 1026 τὴν
1448 955 1605 1022 δόξαν
1639 952 1771 1025 περὶ

134 5451 149 5491 1

142 1046 257 1100 τοῦ
317 1048 703 1117 Μονογενοῦς⁸
758 1051 868 1112 τοῖς
894 1066 958 1118 γε
991 1047 1108 1119 μὴν
1154 1047 1444 1118 θεομάχοις
1471 1047 1771 1116 αἰρετικοίς

146 1139 391 1209 ἑτεροῖα
426 1137 673 1209 παρέστη
731 1141 969 1210 φρονεῖν.
1006 1136 1321 1191 ἀναπείθειν
1366 1137 1493 1200 τοὺς
1516 1137 1628 1198 τοῖς
1651 1133 1768 1187 ὀλε-

148 1226 343 1299 θρίοις
371 1226 551 1280 αὐτῶν
583 1227 911 1299 προσιόντας
941 1244 998 1282 τε
1028 1229 1121 1281 καὶ
1174 1226 1543 1299 προσέχοντας
1565 1225 1766 1293 λόγοις.

160 1318 615 1385 Ἐπιλυττῶντες
644 1319 754 1393 γὰρ
802 1324 925 1384 ταῖς
974 1320 1117 1375 κατά
1161 1319 1399 1393 Χριστοῦ
1455 1318 1769 1390 λοιδορίαις,

149 1410 577 1479 φιλονεικοῦσιν
606 1413 655 1465 οἱ
682 1411 926 1476 δείλαιοι,
960 1411 1056 1465 καὶ
1080 1410 1438 1466 κατανοοῦσιν
1463 1410 1573 1483 [Ian
1602 1425 1773 1462 κατα-

150 1504 431 1578 κονῶσιν]
483 1505 767 1577 ἀλλήλους,
799 1505 901 1559 οὐκ
943 1506 1020 1570 είς
1079 1503 1429 1577 παροξυσμὸν
1463 1502 1768 1566 εὐσεϐείας,

152 1597 281 1652 ἀλλ’
312 1597 768 1668 ἴν“ἀσε6έστερος
816 1599 1008 1671 ἐτέρου
1053 1598 1230 1671 ὁρῷτο
1262 1598 1373 1652 δεῖν
1425 1596 1637 1669 ἔτερος,
1683 1597 1772 1650 καὶ

153 1687 473 1757 φθέγξαιτό
520 1707 572 1743 τι
632 1689 743 1744 τῶν
788 1690 1206 1762 ἀπηχεστέρων.
1258 1688 1479 1760 Ἐπειδὴ
1523 1688 1632 1759 γὰρ
1678 1686 1770 1740 τὸν

153 1782 225 1834 ἐκ
262 1781 524 1852 Σοδόμων
552 1782 795 1836 πίνουσιν
828 1780 991 1845 οἶνον,
1026 1784 1121 1838 καὶ
1148 1784 1350 1855 πικρὰν
1380 1783 1445 1836 ἐκ
1482 1782 1769 1854 Γομόρρας

154 1875 420 1947 τρυγῶσι
455 1877 735 1949 σταφυλὴν
766 1878 849 1948 (οὐ
877 1878 987 1950 γὰρ
1040 1880 1104 1931 ἐκ
1153 1878 1297 1931 θείου
1323 1877 1569 1948 δέχονται
1595 1876 1771 1929 ΙΙνεύ-

162 1985 348 2038 ματος
378 1968 450 2023 τὰ
505 1970 592 2022 ἐπ’
632 1970 784 2041 αὐτῷ
835 1970 1190 2042 θεωρήματα,
1228 1971 1351 2024 οὐδὲ
1395 1971 1453 2037 ἐξ
1492 1970 1771 2025 ἀποκαλύ-

156 2058 319 2127 ψεως
360 2060 465 2129 τῆς
499 2060 596 2114 τοῦ
642 2062 885 2132 Πατρὸς,
942 2062 1057 2115 ἀλλ’
1099 2062 1164 2115 ἐκ
1191 2061 1291 2131 τῆς
1338 2059 1432 2113 τοῦ
1472 2061 1769 2129 δράκοντος

162 2151 467 2223 κεφαλῆς),
516 2152 668 2205 οὐδὲν
735 2153 834 2224 μὲν
883 2152 1144 2223 φρονοῦσι
1184 2151 1291 2204 τῶν
1317 2151 1549 2222 ἐχόντων
1575 2150 1765 2219 ὑγιῶς,

160 2242 362 2296 ἐκεῖνα
397 2243 455 2296 δέ
486 2242 758 2312 λέγουσιν,
799 2246 837 2298 ἃ.
884 2244 983 2309 τὰς
1038 2244 1148 2298 τῶν
1179 2244 1548 2315 ἀκροωμένων
1578 2243 1769 2297 ταλαι-

163 2334 397 2409 πώρους
449 2336 742 2407 ἀποφαίνει
778 2337 979 2409 ψυχὰς,
1020 2338 1155 2408 πρὸς
1189 2337 1321 2409 ᾇδην
1374 2337 1543 2399 αὺτάς
1599 2353 1767 2388 κατα-

164 2427 511 2499 κομίζοντα,
582 2430 679 2483 καὶ
713 2430 796 2494 είς
854 2431 914 2483 τὸ
986 2428 1138 2483 κάτω
1206 2428 1506 2501 βάραθρον.
1580 2427 1770 2481 Ταῦτα

166 2519 270 2573 καὶ
297 2518 530 2589 βιϐλίοις
579 2520 815 2576 ἐνθεῖναι
860 2523 1251 2593 τολμήσαντες,
1275 2521 1546 2575 ἀθάνατον
1578 2520 1770 2591 ὥσπερ

167 2611 274 2683 τὴν
314 2613 546 2666 ἐνοῦσαν
599 2613 784 2678 αὐτοῖς
837 2615 1220 2685 ἀνεστὴλωσαν
1276 2614 1564 2685 πονηρίαν.
1621 2613 1771 2667 Ἔδει

171 2704 277 2774 μὲν
300 2701 400 2758 οὖν
431 2706 582 2776 ἡμᾶς
635 2706 877 2777 διαρκῶς
921 2706 1219 2778 εἰρηκότας
1254 2709 1330 2770 εἰς
1358 2705 1419 2758 τὸ
1473 2704 1774 2777 προκείμε-

166 2813 285 2861 νον,
341 2796 487 2868 ἆπερ
537 2793 606 2869 ἦν
630 2798 777 2863 εἰκὸς
797 2799 1028 2868 ὠφελεῖν
1068 2798 1329 2852 δύνασθαι
1369 2799 1494 2861 τοὺς
1523 2797 1771 2861 ἐντευξο-

171 2888 399 2960 μένους,
424 2888 725 2961 ὀρθοτάτην
746 2892 940 2962 έχοντα
967 2892 1065 2962 τὴν
1106 2892 1200 2945 ἐπὶ
1228 2890 1305 2961 τῷ
1345 2889 1458 2959 Υίῷ
1495 2889 1769 2959 διάληψιν,

172 2981 459 3052 μηδεμίαν
495 2983 606 3037 τῶν
655 2985 788 3056 παρ’
835 2985 1067 3047 ἐκείνοις
1122 2982 1458 3054 ποιήσασθαι
1523 2983 1768 3054 μνήμην.

183 3074 411 3146 Ἐπειδὴ
438 3074 496 3128 δὲ
528 3075 758 3140 ἀπεικὸς
788 3077 941 3131 οὐδὲν
964 3080 1078 3140 τοῖς
1117 3076 1323 3141 ἀθλίοις
1359 3076 1584 3130 ἐκείνων
1618 3091 1774 3146 περι-

1874 600 2024 649 vere,
2070 592 2129 637 ιιι
2183 582 2355 637 Filius
2400 596 2468 637 ex
2518 579 2679 634 Patre
2741 575 3066 630 naturaliter
3118 569 3321 624 editus.
3354 566 3461 623 Sed

1872 677 2077 734 Christi
2109 676 2343 747 quidem
2372 672 2628 728 Ecclesia
2658 685 2783 741 qua:
2821 668 3139 737 dogmatum
3171 660 3335 732 785
3375 676 3462 715 re-

1872 770 2147 827 ctitudine
2197 767 2472 837 imprimis
2521 764 2816 836 gloriatur,
2848 761 3011 815 talem
3058 756 3125 811 de
3170 753 3464 823 Unigcnilo

1873 860 2204 918 sententiam
2242 858 2408 914 habet
2440 876 2459 912 τ
2484 856 2578 912 Dei
2607 864 2791 911 autem
2827 854 3017 907 hostes
3048 845 3293 902 lueretici
3326 860 3462 898 con-

1871 954 2045 1011 traria
2095 951 2345 1009 sentiunt
2399 960 2455 1006 et
2506 949 2781 1005 instillant
2835 944 3163 1017 perniciosa:
3212 952 3328 992 sum
3366 937 3465 992 do-

1872 1050 2066 1105 ctrina
2114 1045 2430 1115 discipulis.
2474 1041 2758 1097 Conviciis
2789 1040 2935 1095 enim
2995 1036 3267 1091 adversus
3307 1031 3465 1086 (ibri-

1872 1152 2018 1201 stum
2053 1141 2115 1195 in-
2142 1139 2351 1194 rabiem
2376 1136 2486 1192 acti
2515 1149 2713 1205 magno
2739 1130 2925 1188 studio
2957 1129 3014 1184 in
3048 1128 3103 1183 id
3135 1125 3465 1183 incumbunt

1871 1234 2088 1299 miseri,
2121 1232 2376 1301 aliusque
2410 1228 2583 1283 alium
2620 1224 2792 1287 acuit,
2830 1239 2938 1278 non
2989 1228 3046 1275 ut
3098 1219 3165 1273 ad
3200 1220 3460 1288 pietatem

1873 1344 1933 1386 se
1966 1332 2293 1399 provocent,
2326 1322 2424 1380 sed
2463 1329 2526 1377 ut
2570 1320 2711 1375 alter
2754 1318 2989 1371 alterum
3043 1312 3328 1382 impietate
3368 1324 3465 1363 su-

1873 1435 2070 1492 perare
2126 1425 2181 1475 et
2246 1415 2457 1487 aliquid
2517 1412 2770 1485 proferre
2833 1406 3087 1462 videatur
3141 1400 3461 1456 absurdius.

1872 1511 2013 1566 Nam
2056 1525 2183 1566 cum
2212 1508 2402 1563 vinum
2446 1506 2817 1561 Sodomorum
2874 1499 2978 1570 ipsi
3029 1494 3246 1559 bibant,
3296 1500 3467 1561 atque

1874 1601 2131 1657 acerbam
2163 1614 2324 1655 uvam
2366 1596 2694 1654 Gomorrhae
2725 1590 3073 1648 vindernient
3105 1586 3126 1618 ⁵
3154 1585 3280 1656 (nec
3316 1582 3461 1637 enim

1874 1710 1940 1749 ex
1975 1693 2171 1749 divino
2196 1690 2403 1762 Spiritu
2436 1689 2718 1759 accipiunt
2745 1701 2868 1759 quae
2897 1685 2967 1739 de
3001 1698 3065 1737 eo
3100 1680 3322 1739 docent,
3363 1688 3466 1729 nec

1876 1798 1943 1839 ex
1974 1783 2310 1839 revelatione
2327 1781 2529 1846 Patris,
2562 1780 2658 1837 sed
2683 1796 2751 1836 ex
2781 1777 2965 1848 capite
3000 1772 3304 1833 draconis),
3324 1765 3464 1822 nihil

1875 1876 2100 1946 quidem
2134 1876 2255 1931 sani
2292 1874 2564 1935 sentiunt,
2606 1872 2701 1928 sed
2751 1886 2815 1926 ea
2849 1870 3113 1938 loquntur
3143 1876 3267 1934 quae
3298 1860 3465 1913 mise-

1873 1969 2081 2025 rabiles
2113 1967 2425 2022 auditorum
2475 1965 2692 2019 animas
2731 1962 2997 2024 reddunt,
3031 1972 3124 2013 eas
3157 1955 3225 2009 ad
3258 1950 3464 2006 inferos

1876 2074 1931 2121 et
1985 2063 2233 2117 intimum
2270 2058 2592 2115 barathrum
2626 2053 3001 2111 dctrudeutia.
3041 2049 3174 2116 Quae
3208 2056 3264 2101 et
3304 2042 3463 2098 libris

1876 2154 2144 2211 mandare
2169 2153 2288 2208 ausi
2327 2160 2481 2214 sunt,
2507 2157 2563 2205 et
2591 2145 2894 2218 nequitiam
2930 2158 3087 2199 suam
3115 2148 3378 2207 tanquam
3405 2133 3462 2187 in

1873 2248 2039 2318 cippo
2081 2246 2149 2301 ad
2192 2242 2665 2300 immortalitatem
2718 2239 3098 2307 sculpserunt.
3135 2231 3200 2286 Et
3233 2226 3464 2285 decebat

1872 2339 2098 2411 quidem
2136 2351 2241 2392 nos
2279 2334 2546 2406 expositis
2595 2333 2649 2386 in
2703 2331 2849 2384 hunc
2884 2330 3064 2383 locum
3117 2332 3465 2393 quaecunque

1871 2430 2176 2489 lectoribus
2207 2429 2274 2483 ad
2306 2437 2458 2483 recte
2480 2426 2833 2484 sentiendum
2869 2422 2936 2476 de
2980 2418 3119 2472 Filio
3145 2413 3461 2470 conducere

1874 2525 2225 2585 videbantur,
2263 2522 2470 2576 nullam
2504 2518 2891 2575 haereticorum
2924 2512 3244 2581 dogmatqu
3286 2505 3465 2559 facere

1876 2617 2238 2673 mentionem.
2272 2613 2376 2668 Sed
2431 2628 2556 2666 cum
2607 2609 2826 2665 miseris
2874 2620 3067 2662 eorum
3110 2596 3466 2657 sermonibus

1877 2710 2247 2781 simpliciores
2278 2705 2528 2763 nonnulli
2547 2694 3297 2775 abripiantur,neccssarium
3327 2688 3465 2781 duxi

1878 2780 2128 2856 veritatis
2164 2796 2438 2869 dogmatis
2462 2796 2662 2850 noxias
2712 2793 2935 2849 illorum
2963 2801 3140 2856 nugas
3173 2780 3463 2851 repellere,

1879 2899 1933 2947 et
1972 2891 2281 2946 calumnias
2343 2905 2484 2960 quas
2519 2886 2775 2957 aﬂingere
2818 2883 3014 2938 volunt
3046 2877 3207 2939 Filio,
3250 2877 3380 2933 imo,
3406 2877 3468 2925 ut

1879 2982 2067 3037 verius
2095 2980 2300 3046 dicam,
2327 2980 2430 3035 toti
2461 2987 2675 3035 naturae
2697 2976 2920 3040 divina},
2950 2973 3145 3028 inanes
3183 2982 3247 3021 ac
3280 2964 3468 3019 futiles

1880 3076 2175 3131 ostendere

172 3166 444 3238 τυχόντας
502 3169 711 3240 ῥήμασι
769 3170 1190 3242 ωναρπαγῆναι
1235 3169 1344 3223 τῶν
1386 3169 1774 3241 ἁπλουστέρων
1809 3169 1889 3231 εἰς
1910 3168 2129 3223 σύνεσίν
2161 3186 2337 3234 τινας,
2368 3166 2669 3235 ἀναγκαῖον
2699 3160 2889 3235 ᾠήθην
2918 3159 3035 3221 τοῖς
3089 3153 3149 3219 ἒξ
3208 3150 3470 3242 ἀληθείας

174 3260 417 3330 δόγμασι
446 3258 515 3313 τὰ
556 3260 620 3313 ἐκ
644 3263 744 3331 τῆς
777 3241 1002 3316 ἐκείνων
1031 3259 1300 3331 φλυαρίας
1349 3258 1778 3331 διακρούσασθαι
1820 3258 2016 3330 βλάϐη,
2072 3256 2481 3330 εὐανάτρεπτόν
2525 3272 2588 3308 τε
2649 3249 2916 3315 ἐπιδεῖξαι
2945 3248 3043 3319 τὴν
3082 3241 3469 3312 συκοφαντίαν,

176 3352 244 3421 ἠν
260 3350 621 3421 ἐπιτειχίζειν
652 3351 934 3423 βούλονται
983 3349 1063 3420 τῷ
1099 3350 1235 3421 Υίῷ,
1272 3350 1471 3421 μᾶλλον
1509 3349 1566 3402 δὲ
1596 3348 1691 3419 ὅλῃ
1721 3351 1787 3419 τῇ
1824 3348 1945 3421 θείᾳ
1975 3349 2170 3418 φύσεισ
2195 3348 2356 3403 τοῦτο
2385 3348 2497 3418 γὰρ
2538 3347 2716 3401 εἰπεῖν
2760 3341 3143 3412 ἀληθέστερον.

248 3446 557 3517 Τοιγαροῦν
596 3447 848 3518 ἐνέτυχον
880 3445 1069 3517 βιϐλίῳ
1096 3445 1205 3500 τῶν
1242 3446 1309 3499 δι’
1345 3445 1617 3507 ἐναντίαςο
1653 3440 1774 3498 εἶτα

1952 3447 2009 3500 In
2049 3461 2248 3502 manus
2298 3446 2487 3515 itaque
2532 3441 2667 3497 mihi
2713 3440 2867 3496 venit
2918 3434 3362 3492 adversariorum
3402 3430 3473 3487 li-

177 3538 247 3591 τά
274 3539 336 3592 ἐν
357 3538 438 3606 τῷ
466 3539 817 3611 προκειμένῳ
845 3537 994 3611 ῥητῷ
1026 3535 1452 3610 διερευνώμενος
1477 3577 1493 3601 ,
1522 3533 1778 3604 εὕρισκον

178 3632 275 3685 ἐπὶ
325 3631 526 3697 λέξεως
572 3632 766 3702 αὐτῆς,
800 3631 945 3685 οὕτω
976 3631 1206 3699 λέγοντα
1236 3628 1356 3701 μεθ’
1402 3628 1566 3701 ἕτερά
1617 3642 1775 3680 τινα·

193 3722 253 3776 Ὀ
294 3722 477 3776 τοίνυν
504 3722 633 3785 Υἱὸς
658 3723 932 3787 οὐσιωδῶς
976 3723 1363 3794 περιεχόμενος
1399 3720 1504 3774 ὑπὸ
1536 3718 1630 3772 τοῦ
1667 3720 1779 3771 Πα-

180 3815 330 3885 τρδς,
361 3816 451 3870 τὸν
490 3817 712 3889 Πατέρα
738 3817 795 3869 ἐν
825 3816 1005 3888 ἐαυτῷ
1030 3815 1250 3887 ἔχει,τά
1282 3818 1504 3889 ῥήματα
1546 3819 1779 3888 φθεγγό-

186 3924 348 3975 μενον
394 3910 489 3962 καὶ
519 3909 586 3962 τὰ
624 3911 827 3980 σημεῖα
869 3908 1224 3963 ἐπιτελοῦντα
1246 3924 1260 3939 ο
1293 3909 1429 3982 ὅπερ
1464 3912 1775 3982 ἑρμηνεύει,

184 4000 359 4066 λέγων
388 4018 401 4030 -
443 4019 462 4052 ι
506 4002 574 4055 Ἀ
603 4000 716 4070 ἐγὼ
761 4000 906 4054 λαλῶ
940 4000 1091 4071 ὑμῖν,
1126 4000 1221 4054 ἀπ’
1247 4003 1489 4072 ἐμαυτοῦ
1518 4005 1579 4056 οὺ
1612 4004 1778 4067 λαλῶ,

185 4096 214 4145 ὸ
245 4094 303 4146 δὲ
358 4095 549 4166 Πατὴρ
597 4097 656 4151 ἐν
685 4094 808 4166 ἐμοὶ
839 4094 1020 4163 μένων
1048 4096 1195 4148 ποιεῖ
1234 4095 1304 4148 τὰ
1350 4094 1488 4167 ἔργα
1524 4096 1706 4161 αὐτός.
1756 4117 1774 4149 ι

186 4187 356 4242 Ταυτὶ
387 4188 488 4259 τῆς
526 4189 739 4243 ἐκείνου
776 4187 1068 4260 τερθρείας
1099 4188 1169 4242 τὰ
1206 4190 1430 4260 ῥήματα
1453 4206 1466 4219 ·
1498 4190 1689 4259 ἐπειδὴ
1724 4190 1782 4245 δέ

188 4282 292 4352 χρὴ
325 4284 422 4336 καὶ
453 4283 599 4355 ἡμᾶς
627 4282 806 4335 εἰπεῖν
836 4280 898 4333 τὸ
921 4283 1036 4345 τοῖς
1069 4281 1383 4352 εἰρημένοις
1403 4283 1779 4348 ἀντιστᾳτοῦν,

191 4373 284 4426 καὶ
327 4373 588 4444 ἀδόκιμον
634 4372 763 4426 ὄντα
809 4372 901 4427 τὸν
944 4371 1070 4426 νοῦν
1116 4373 1416 4445 διελέγχειν
1463 4374 1778 4445 δυνάμενον.

191 4464 368 4518 ἐκεῖνό
404 4481 548 4534 φημι
573 4479 587 4493 ·
627 4464 701 4516 Τὸ
729 4463 828 4535 μὲν
881 4459 975 4519 οὖν
1008 4464 1282 4530 οὑσιωδῶς
1317 4466 1671 4537 περιέχεσθαι
1698 4468 1785 4521 λέ-

192 4574 308 4623 γειν
332 4557 425 4610 τὸν
442 4557 572 4610 Υίὸν
601 4556 709 4611 ὑπὸ
741 4556 836 4611 τοῦ
866 4557 1100 4629 Πατρὸς,
1128 4558 1157 4611 ὃ
1186 4558 1384 4612 τίποτε
1411 4560 1521 4630 ἄρα
1550 4560 1718 4626 ἐστὶν,
1749 4560 1782 4631 ἢ

194 4649 246 4699 τί
268 4649 378 4719 ἄρα
423 4646 597 4718 δηλοῖ,
625 4648 686 4701 οὐ
721 4648 928 4720 σφόδρα
963 4650 1187 4720 συνίημι
1209 4665 1222 4679 ο
1256 4650 1453 4720 χρῆναι
1486 4651 1594 4722 γὰρ
1631 4647 1784 4720 οἶμαι

192 4741 255 4797 τὸ
299 4740 500 4811 ἀληθὲς
558 4744 734 4797 εἰπεῖν
781 4761 798 4776 ο
831 4743 1103 4814 τοσαύτην
1172 4742 1286 4813 ἔχει
1346 4742 1444 4814 τὴν
1490 4744 1781 4811 ἀσάφειαν.

1881 3540 2013 3604 ber;
2061 3554 2301 3609 cumque
2343 3537 2449 3593 loci
2486 3534 2757 3607 propositi
2784 3546 3011 3589 sensum
3064 3533 3471 3598 perscrutarer,

1883 3630 2063 3685 inveni
2102 3638 2228 3700 post
2261 3629 2371 3682 alia
2402 3628 2654 3699 quadam
2684 3626 2761 3679 ita
2798 3624 3069 3694 scriptum
3106 3620 3171 3674 ad
3206 3616 3468 3670 verbum:

1880 3720 2056 3777 Filius
2084 3736 2218 3791 ergo
2258 3720 2703 3776 substantialiter
2741 3721 3042 3772 contentus
3078 3727 3107 3764 a
3147 3708 3337 3770 Patro,
3367 3706 3471 3759 Pa-

1884 3824 2019 3869 trem
2055 3814 2110 3868 in
2146 3816 2333 3885 seipso
2359 3813 2631 3878 continet,
2664 3811 2829 3867 verba
2873 3809 3191 3877 loquentem
3229 3812 3282 3856 et
3312 3800 3472 3869 signa

1882 3914 2235 3976 peragentem
2263 3924 2277 3960 :
2305 3905 2453 3976 quod
2485 3905 2888 3974 interpretatur
2913 3898 3140 3953 dicens:
3167 3912 3184 3945 ι
3216 3892 3349 3967 Quae
3371 3906 3473 3959 ego

1884 3999 2080 4067 loquor
2106 3997 2286 4060 vobis,
2334 4012 2365 4050 a
2400 3996 2614 4066 meipso
2646 4009 2758 4050 non
2805 3993 3025 4062 loquor,
3060 3987 3154 4044 sed
3206 3985 3371 4047 [fater
3416 3983 3471 4037 in

1882 4105 1971 4144 me
2002 4104 2255 4154 manens,
2285 4090 2401 4158 ipse
2431 4089 2563 4142 facit
2591 4102 2781 4158 opera.
2821 4105 2840 4138 ι
2886 4085 3015 4139 Harc
3044 4082 3122 4136 illi
3156 4085 3472 4151 nugantur;

1883 4198 2075 4238 verum
2112 4184 2242 4254 quia
2268 4198 2497 4239 necesse
2529 4191 2614 4237 est
2640 4196 2745 4236 nos
2777 4180 2885 4233 illis
2926 4182 3212 4237 resistere,
3247 4186 3348 4225 nec
3378 4185 3472 4224 vce

1884 4291 2007 4330 rum
2061 4290 2126 4330 ac
2161 4289 2484 4345 germanum
2533 4288 2659 4329 esse
2708 4272 2861 4326 illum
2894 4282 3120 4324 sensum
3155 4263 3474 4323 ostendere,

1884 4368 2123 4439 primum
2161 4367 2290 4422 dico
2326 4383 2435 4432 me,
2487 4372 2550 4419 ut
2589 4380 2719 4420 vere
2752 4363 2971 4433 loquar,
3024 4357 3169 4413 haud
3200 4354 3342 4411 satis
3380 4368 3476 4406 ca-

1886 4477 2015 4529 pere
2047 4460 2178 4530 quid
2223 4458 2333 4516 sibi
2381 4459 2511 4514 velit
2542 4457 2689 4528 quod
2732 4457 2888 4510 aiunt
2918 4450 3194 4508 contineri
3230 4464 3260 4502 a
3316 4446 3479 4499 Patre

1886 4553 2126 4616 Filium,
2167 4562 2381 4608 tantum
2425 4553 2480 4607 in
2514 4567 2574 4607 se
2617 4548 2978 4607 obscuritatis
3026 4546 3214 4600 habet.
3261 4540 3478 4594 Erube-

1887 4649 1993 4704 scit
2021 4648 2193 4712 enim,
2220 4662 2285 4701 ac
2312 4646 2562 4702 tenebris
2584 4641 2992 4715 quodammodo
3022 4635 3332 4692 offunditur
3354 4645 3481 4703 pro-

1889 4743 2090 4812 positio
2136 4742 2391 4797 libertate
2427 4755 2618 4795 vacua.
2670 4732 3145 4804 Quemadmodum
3182 4728 3331 4785 enim
3384 4724 3479 4794 qui

207 4833 466 4906 Ἑρυθριᾷ
490 4836 600 4908 γὰρ
636 4835 845 4908 ὥσπερ,
876 4839 971 4891 καὶ
1012 4837 1360 4891 συστέλλεταί
1402 4854 1520 4899 πως
1562 4837 1700 4908 πρὸς
1727 4835 1775 4889 τὲ

1891 4839 2032 4892 male
2063 4836 2195 4907 agit,
2214 4834 2333 4890 odit
2359 4837 2562 4898 lucem,
2590 4833 2756 4903 786
2777 4846 2878 4885 nec
2904 4827 3055 4883 venit
3086 4825 3152 4879 ad
3181 4825 3382 4882 lucem,
3413 4834 3482 4873 nc

197 4926 562 4998 ἀφανέστερον
592 4929 909 5000 παρρησίαν
948 4929 1048 4984 οὐκ
1082 4930 1204 5001 ἕχον
1238 4930 1299 4983 τὸ
1338 4928 1624 5001 θεώρημα.
1657 4929 1783 4981 Ὥσ-

200 5034 303 5088 ⁸’.τερ
327 5018 439 5090 γὰρ
475 5021 505 5073 ὁ
548 5019 618 5074 τά
647 5021 828 5090 φαῦλα
855 5023 1116 5094 πράσσων
1153 5026 1302 5095 μισεί
1328 5023 1390 5075 τὸ
1422 5022 1536 5088 φῶς
1564 5024 1659 5075 καλ⁷
1684 5021 1784 5075 οὐκ

200 5110 415 5181 ἔρχεται
462 5112 599 5182 πρὸς
629 5113 693 5167 τὸ
716 5115 854 5183 φῶς,
889 5115 979 5169 ἵνα
1009 5117 1084 5186 μὴ
1119 5116 1377 5187 ἐλεγχθῇ,
1406 5115 1546 5169 κατά
1568 5114 1664 5185 τὴν
1691 5113 1783 5167 τοῦ

203 5202 452 5273 Σωτῆρος
476 5208 661 5278 φωνήν
682 5223 695 5237 ο
720 5206 864 5262 οὕτω
884 5209 993 5273 πᾶς
1020 5209 1200 5277 λόγος,
1227 5212 1256 5262 ὁ
1292 5210 1362 5263 τὰ
1386 5209 1568 5280 φαῦλα
1585 5201 1784 5280 δηλῶν,

205 5294 291 5350 διά
322 5298 612 5352 σκοτεινῶν
653 5300 873 5353 ἐννοιῶν
910 5300 1165 5373 ἔρχεσθαι
1213 5301 1379 5372 φιλεῖ,
1428 5302 1522 5356 καὶ
1561 5303 1697 5374 πρὸς
1726 5302 1788 5356 τὸ

208 5390 505 5459 θιφηνείας
550 5392 651 5463 οὐχ
716 5393 835 5464 ἥξει
867 5393 1004 5463 φῶς,
1063 5394 1149 5447 ἴνα
1175 5395 1250 5465 μὴ
1282 5395 1512 5466 ἐλεγχθῇ
1545 5395 1647 5465 τῆς
1697 5397 1786 5449 ὲν-

200 5480 366 5550 ούσης
392 5482 543 5554 αὐτῷ
573 5484 910 5556 σαθρότητος
932 5487 965 5556 η
991 5485 1259 5541 εὐτέλεια.
1302 5487 1367 5540 Τί
1404 5483 1498 5541 οὖν
1526 5487 1635 5560 ἄρα
1672 5487 1789 5540 ἐστὶ

203 5572 265 5625 τὸ
291 5573 563 5638 οὐσιωδῶς
605 5576 959 5647 περιέχεσθαι
987 5576 1080 5629 τὸν
1104 5576 1231 5630 Υίὺν
1262 5577 1368 5630 ὑπὸ
1399 5577 1492 5633 τοῦ
1535 5578 1787 5644 Πατρός;

209 5664 353 5738 Ἰιέμι
378 5665 489 5739 γὰρ
520 5667 585 5739 δὴ
616 5668 683 5720 δι’
708 5668 918 5731 ἐννοίας
955 5670 1194 5739 ἁπάσης,
1229 5664 1424 5742 οἷσπερ
1454 5670 1519 5724 ἂν
1542 5670 1791 5740 δύνωμαι

274 5846 297 5881 ι
328 5843 489 5902 Deut.
540 5860 714 5914 uxtt,
748 5845 836 5902 5‘2.
943 5848 962 5879 '
998 5846 1161 5904 Juan.
1199 5864 1293 5916 ιιι,
1328 5847 1417 5901 ‘20.

1891 4931 2279 5001 redarguatur,
2307 4928 2467 4999 juxta
2502 4926 2818 4982 Servatoris
2847 4936 3036 4978 vocem
3077 4920 3099 4951 ⁸
3125 4937 3138 4973 :
3185 4916 3266 4971 sic
3296 4914 3482 4969 omnis

1891 5024 2070 5079 oratio
2117 5040 2241 5094 quae
2296 5023 2438 5076 mala
2493 5020 2768 5089 designat,
2801 5032 2896 5087 per
2929 5012 3261 5068 tenebrosos
3311 5005 3480 5061 animi

1893 5127 2195 5188 conceptus
2247 5116 2330 5172 ire
2383 5116 2542 5178 solet,
2580 5127 2682 5168 nec
2728 5111 2794 5165 ad
2850 5102 3261 5179 explanationis
3296 5102 3474 5155 lucent

1896 5210 2159 5282 prodibit,
2215 5223 2285 5263 ne
2340 5208 2490 5262 illius
2536 5203 2716 5259 caries
2767 5216 2831 5256 ac
2880 5197 3140 5254 debilitas
3193 5199 3480 5282 arguatur.

1897 5280 2039 5372 Quid
2067 5318 2200 5374 ergo
2224 5308 2311 5358 est
2341 5297 2793 5358 substantialiter
2822 5290 3099 5349 contineri
3139 5304 3168 5342 a
3204 5286 3366 5340 Patre
3396 5280 3485 5335 Fi-

1898 5396 2074 5452 lium?
2114 5396 2326 5451 Cuncta
2375 5392 2523 5446 enim
2580 5384 3128 5460 perscrutarijuvat,
3181 5386 3235 5435 et
3279 5376 3485 5445 quibus

1900 5503 2122 5561 possum
2151 5485 2469 5541 rationibus
2508 5478 2978 5561 explicareﬁquod
3010 5478 3249 5532 obscure
3274 5473 3483 5527 dictum

1900 5588 2008 5643 est,
2036 5575 2296 5648 quodque
2330 5573 2520 5628 forsan
2549 5568 2835 5627 erubescit
2880 5583 2948 5623 ne
3001 5566 3187 5621 animo
3232 5571 3482 5629 compre-

1901 5666 2153 5734 hensdm,
2192 5667 2312 5740 ejus
2361 5682 2390 5721 a
2437 5679 2546 5735 quo
2577 5662 2788 5720 editum
2813 5668 2905 5718 est
2932 5657 3204 5717 insaniam
3254 5654 3480 5720 relegat.
