4096 6482
636 358 765 437 ἐιν

1654 368 1715 441 ες
1755 383 2038 441 CYBILLI
2072 382 2540 442 ALEXANDRINI
2578 389 2898 448 Αιιειιιερ.

3824 374 3935 453 aio

634 492 719 555 Si
748 515 879 573 ergo
911 500 1184 572 signiﬁcat
1206 500 1404 559 Filium
1439 504 1491 558 in
1522 505 1698 561 Patris
1727 505 2060 573 substantia,
2100 515 2221 562 tan-

2336 505 2676 563 Stamtiacwv
2696 511 2876 581 λόγοις
2901 513 2960 565 τὸ
2992 512 3250 584 ἀμυδρῶς
3280 514 3589 586 εἰρημένον,
3648 516 3743 567 καὶ
3805 517 3933 569 δυσ-

658 610 823 664 quam
876 596 927 650 ei
982 596 1539 663 consubstantialem,
1592 598 1797 654 habere
1850 608 1906 656 et
1950 603 2003 656 in
2049 603 2234 673 seipse

659 686 876 742 Patrem
909 688 964 742 in
992 685 1118 743 Filii
1149 699 1345 744 natura
1391 689 1834 761 praefulgentem,
1869 709 1970 749 nos
2010 695 2058 749 ei
2097 711 2237 766 quo-

658 794 770 847 que
796 779 1122 849 expositioni
1164 780 1624 851 astipulabimur:
1664 785 1809 853 quod
1840 793 2023 841 tamen
2053 787 2235 842 conti-

658 869 778 922 neri
810 868 982 924 Filius
1016 869 1244 934 dicitur,
1275 885 1387 927 non
1413 872 1772 930 mediocriter
1798 875 1986 932 forsan
2017 894 2120 935 nos
2159 879 2239 934 of-

660 958 913 1014 fenderit.
966 961 1062 1014 Sin
1110 968 1294 1017 autem
1335 963 1483 1019 istud
1528 979 1639 1020 non
1687 967 1763 1021 ait
1824 972 1947 1037 (nec
1975 971 2120 1025 enim
2169 987 2237 1027 ex

658 1049 822 1105 Patre
849 1051 1094 1121 genitum
1129 1068 1254 1109 esse
1299 1054 1500 1110 Filium
1534 1072 1777 1127 unquam
1816 1060 2092 1126 admittet,
2138 1064 2235 1133 qui

658 1146 867 1193 tantam
921 1141 975 1194 in
1014 1156 1139 1197 eum
1190 1143 1590 1215 blasphemiam
1644 1150 1911 1218 evomuit,
1962 1152 2059 1207 sed
2110 1152 2237 1209 Filii

656 1237 911 1284 naturam
951 1233 1120 1288 veluti
1155 1249 1360 1306 corpus
1408 1238 1685 1308 quoddam
1731 1241 1944 1298 ﬁnitum
1976 1259 2006 1298 a
2056 1243 2237 1302 Patris

655 1330 852 1376 natura
878 1337 1003 1378 esse
1029 1325 1512 1395 comprehensam,
1547 1330 1792 1402 asserit),
1816 1334 2092 1402 quomodo
2128 1350 2237 1391 non

654 1419 845 1480 aperta
877 1418 954 1468 uti
1003 1414 1347 1485 blasphemia
1388 1434 1731 1491 summaeque
1777 1422 2067 1481 dementiae
2116 1428 2237 1497 ple-

659 1519 764 1560 nus
785 1519 912 1561 esse
938 1509 1237 1578 arguetur?
1259 1507 1394 1563 Nam
1422 1525 1548 1566 cum
1580 1511 1743 1567 iidem
1777 1514 1885 1584 ipsi
1915 1513 2082 1571 Deum
2112 1533 2239 1574 esse

634 1596 847 1651 '(licant
864 1596 1085 1663 Filium,
1107 1600 1473 1671 proprietates
1499 1610 1683 1659 tamen
1709 1620 2000 1676 corporum
2029 1607 2081 1664 el
2106 1623 2240 1679 pras-

656 1698 741 1742 ter
774 1690 1041 1746 rationem
1073 1691 1330 1764 aliingere
1360 1702 1639 1750 conantur
1670 1712 1684 1749 :
1723 1697 1870 1767 quod
1900 1699 2046 1754 enim
2081 1716 2238 1756 men-

656 1793 788 1833 sura
837 1788 933 1835 aut
979 1782 1160 1852 spatio
1196 1792 1251 1839 et
1300 1785 1592 1842 intervallo
1638 1788 2134 1857 circumscribitur,
2163 1792 2237 1846 ita

2339 600 2666 673 ωπούμενον
2692 605 2836 675 τάχα
2875 606 2948 676 μὴ
2988 607 3083 660 καὶ
3114 607 3220 677 ἄρα
3247 607 3434 678 νοηθὲν
3462 608 3795 679 ἀποκαλύψῃ
3830 613 3934 680 τὴν

2336 692 2432 746 τοῦ
2461 695 2710 760 τεκόντος
2737 697 2867 750 αὐτὸ
2899 696 3241 752 δυσὸουλίαν.
3265 699 3329 751 Εἰ
3356 699 3454 769 μὲν
3482 694 3577 752 οὖν
3607 699 3777 752 τοῦτο
3810 699 3933 769 βού-

2336 784 2486 839 λεται
2522 785 2825 858 δηλοῦν,ὠς
2864 791 2921 843 έν
2943 792 3007 861 τῇ
3044 789 3139 843 τοῦ
3166 789 3379 861 Πατρὸς
3409 791 3566 861 οὐσίᾳ
3596 791 3933 861 φαινόμενος

2336 878 2365 930 ὁ
2405 877 2533 941 Υἱὸς
2552 916 2567 940 ,
2590 878 2665 943 ὡς
2702 870 2985 951 ὁμοούσιος
3011 880 3191 953 αὐτῷ,
3220 881 3331 952 ἔχει
3353 881 3447 935 καὶ
3468 882 3631 947 αὐτὸς
3658 884 3717 937 ὲν
3746 884 3933 954 ἑαυτῷ

2336 968 2429 1023 τὸν
2462 970 2683 1041 Πατέρα
2718 973 2776 1025 ὲν
2807 974 2872 1043 τῇ
2898 972 2992 1025 τοῦ
3022 974 3365 1044 γεννήματος
3394 972 3555 1042 φύσει
3587 974 3776 1036 καλῶς
3815 973 3935 1025 δια-

2337 1062 2642 1133 λάμποντα,
2675 1065 3059 1135 συναινέσομεν
3093 1065 3188 1119 καὶ
3218 1066 3379 1136 ἡμεῖς
3425 1066 3505 1129 είς
3534 1065 3630 1135 τὴν
3661 1065 3760 1119 τοῦ
3789 1064 3934 1118 Osto-

2341 1154 2408 1226 ρή
2418 1171 2585 1223 ματος
2614 1154 2842 1226 δύναμιν
2869 1172 2883 1187 ο
2908 1156 2969 1209 οὐ
3013 1156 3249 1228 μετρίως
3273 1157 3317 1210 δ’
3343 1157 3410 1210 ἂν
3454 1157 3706 1227 ἀδικῆσαι
3754 1156 3931 1226 τυχὸν

2337 1246 2398 1300 τὸ
2425 1247 2521 1317 τῆς
2540 1248 2805 1317 περιοχῆς
2836 1246 3006 1318 ὄνομα
3031 1247 3284 1319 κείμενον
3308 1249 3391 1317 ἐφ’
3414 1248 3549 1319 Υίῷ.
3577 1248 3639 1302 Et
3666 1248 3726 1302 δὲ
3764 1247 3937 1301 τοῦτο

2342 1337 2444 1408 μὲν
2469 1334 2530 1390 οὐ
2577 1355 2741 1410 φησιν
2787 1338 2872 1409 (οὐ
2897 1338 3005 1412 γάρ
3034 1339 3099 1392 ὲκ
3123 1339 3224 1409 τῆς
3247 1338 3433 1401 οὐσίας
3453 1337 3547 1392 τοῦ
3580 1340 3801 1411 Πατρὸς
3836 1356 3932 1407 γε·

2337 1427 2631 1499 γεννῆσθαί
2684 1446 2819 1482 ποτε
2871 1430 3231 1502 παραδέξεται
3268 1431 3362 1485 τὸν
3414 1430 3542 1484 Υἱὸν
3588 1431 3617 1483 ό
3662 1429 3937 1501 τοιαύτην

2338 1520 2545 1591 ὲμέσας
2599 1520 2721 1575 κατ’
2754 1519 2920 1574 αὐτοῦ
2963 1520 3292 1593 δυσφημίαν,
3336 1521 3526 1593 ὥσπερ
3567 1521 3623 1575 δέ
3669 1538 3721 1574 τι
3763 1521 3933 1591 σῶμα

2339 1611 2758 1681 πεπερασμένον
2795 1609 2894 1681 τὴν
2935 1610 3030 1664 τοῦ
3085 1610 3217 1665 Υίοῦ
3258 1610 3420 1682 φύσιν
3458 1610 3931 1683 ὲμπεριειλῆφθαι

2336 1705 2405 1773 τῇ
2440 1701 2536 1756 τοῦ
2573 1701 2785 1772 Πατρδς
2816 1701 3251 1772 διῖσχυρίζεται),
3289 1703 3408 1767 πῶς
3440 1704 3539 1757 οὐκ
3567 1704 3633 1757 ἂν
3681 1704 3941 1771 ἀναφαν-

2337 1794 2427 1847 δὸν
2470 1793 2751 1864 δυσφήσας
2793 1792 3198 1869 [δυσφημήσας]
3230 1792 3519 1858 ἁλώσεται,
3553 1792 3648 1845 καὶ
3696 1793 3810 1864 τῆς
3856 1791 3941 1852 είς

657 1879 719 1924 ιιι
751 1885 781 1925 a
823 1873 1096 1944 principio
1119 1878 1356 1945 quodam
1379 1879 1718 1935 -inchoatum
1762 1882 1964 1937 alicubi
1998 1852 2234 1948 desinat,

2349 1889 2517 1960 ἄκρον
2569 1852 2815 1961 ηκούσηξ
2857 1852 3281 1960 φρενοὸλαδείας
3329 1852 3611 1946 ἀνάπλεως
3653 1882 3727 1936 ὥν
3824 1884 3941 1936 Καὶ

638 1962 850 2033 utique
891 1974 947 2021 et
984 1981 1110 2023 esse
1143 1968 1196 2023 in
1238 1969 1382 2035 loco,
1417 1977 1473 2025 et
1509 1971 1834 2041 quantitate,
1867 1981 1918 2030 et
1955 1973 2154 2039 forma,
2186 1982 2241 2029 et

638 2057 829 2126 ﬁgura
860 2061 1151 2130 suscipiet.
1186 2064 1256 2116 At
1287 2064 1570 2133 quomodo
1603 2064 1711 2119 ista
1728 2080 1840 2121 non
1877 2075 2009 2122 sunt
2042 2083 2240 2138 corpo-

654 2164 773 2203 rum
803 2152 1058 2222 propria?
1085 2156 1362 2225 quomodo
1385 2172 1493 2212 non
1518 2159 1831 2225 nobiscum,
1850 2166 2039 2229 utpote
2062 2162 2237 2216 nostri

654 2244 877 2309 similis,
909 2245 1001 2315 qui
1050 2262 1218 2318 supra
1268 2263 1369 2306 nos
1400 2258 1509 2313 est,
1540 2251 1905 2307 censebitur?
1955 2260 2051 2307 aut
2099 2268 2239 2324 quo-

653 2334 821 2390 modo
865 2338 1023 2394 alteri
1071 2349 1341 2397 creaturae
1384 2358 1683 2413 germanus
1730 2359 1845 2400 non
1874 2345 2001 2410 erit,
2028 2345 2121 2416 qui
2154 2347 2240 2401 ni-

655 2426 770 2481 hilo
815 2430 939 2498 plus
987 2431 1151 2488 habet
1198 2448 1363 2503 quam
1407 2436 1521 2500 illa,
1555 2444 1831 2507 quatenus
1860 2438 2121 2493 nimirum
2153 2449 2239 2495 est

654 2518 850 2575 ﬁnita?
891 2522 1025 2577 Cum
1057 2534 1242 2580 autem
1284 2526 1359 2580 ita
1394 2543 1453 2583 se
1488 2527 1710 2594 habeat,
1754 2538 1815 2584 ut
1844 2532 2012 2587 stulte
2042 2533 2237 2588 adver-

652 2609 787 2664 sarii
822 2611 927 2667 sibi
968 2615 1326 2682 persuadent,
1360 2632 1460 2672 cur
1489 2618 1695 2675 frustra
1738 2635 1841 2676 nos
1882 2621 2233 2678 terrebatdi-

650 2719 819 2759 cens:
864 2723 884 2758 ι
928 2704 1037 2762 Vos
1087 2708 1155 2763 de
1206 2707 1469 2766 deorsum
1523 2711 1683 2777 estis,
1721 2726 1823 2784 ego
1863 2729 1932 2769 ex
1973 2714 2235 2785 supernis

653 2811 813 2866 sum;
848 2815 868 2851 ι
900 2806 954 2854 ει
979 2816 1174 2857 rursus
1201 2819 1214 2857 :
1248 2819 1266 2852 ι
1305 2799 1417 2857 Vos
1443 2802 1512 2858 de
1541 2804 1645 2858 hoc
1684 2804 1894 2859 mundo
1924 2805 2101 2861 estis:
2132 2819 2235 2876 ego

651 2904 763 2943 non
798 2905 921 2946 sum
954 2891 1023 2948 de
1050 2893 1155 2949 hoc
1188 2894 1395 2950 mundo
1430 2894 1488 2947 ’ἲ
1525 2913 1544 2948 ι
1588 2895 1724 2950 Nam
1770 2911 1897 2952 cum
1927 2912 1992 2953 ex
2043 2912 2237 2968 super-

653 2979 742 3034 nis
773 2980 1016 3052 seipsum
1053 2998 1177 3039 esse
1199 2983 1434 3050 diceret,
1463 3002 1572 3041 non
1604 2987 1929 3057 simpliciter
1954 2988 2237 3057 significa-

652 3072 749 3126 bat
773 3088 839 3128 ex
865 3074 1058 3131 caelis:
1092 3077 1222 3147 quid
1256 3079 1401 3133 enim
1435 3081 1814 3151 praerogativae
1855 3082 1977 3151 plus
2007 3082 2235 3137 haberet

650 3182 819 3235 quam
855 3170 1031 3224 sancti
1063 3170 1266 3241 angeli,
1295 3171 1571 3241 siquidem
1604 3179 1657 3227 et
1685 3188 1751 3229 ex
1799 3175 2059 3243 supernis
2106 3175 2231 3232 illos
2261 3202 2303 3264 α

648 3274 776 3315 esse
799 3261 1190 3330 comperimus,
1218 3261 1266 3316 si
1300 3263 1514 3318 ratione
1540 3262 1646 3319 loci
1681 3264 1735 3319 id
1766 3266 2109 3336 accipiatur?
2135 3267 2232 3323 sed

651 3349 929 3417 signiﬁcat
957 3366 1022 3405 ex
1056 3366 1313 3422 superna,
1334 3361 1389 3408 et
1419 3369 1541 3424 qua:
1567 3369 1736 3425 supra
1761 3357 2019 3413 universa
2041 3366 2233 3413 evecta

650 3450 757 3506 est,
790 3441 1099 3497 substantia
1135 3443 1407 3514 genitum.
1453 3443 1745 3508 Quomodo
1789 3461 1923 3517 ergo
1967 3462 2098 3503 vere
2132 3448 2232 3503 de-

652 3549 800 3587 mum
841 3534 988 3604 loqui
1018 3534 1258 3599 videtur,
1287 3537 1333 3590 si
1366 3535 1733 3606 proprietates
1770 3552 2069 3610 corporum
2106 3554 2231 3596 cum

652 3624 921 3681 creaturis
962 3626 1086 3680 aliis
1132 3640 1455 3682 communes
1486 3627 1675 3697 habet,
1709 3636 1764 3686 et
1807 3632 2037 3702 perinde
2066 3647 2132 3688 ac
2167 3648 2233 3690 ea

651 3733 773 3786 quae.
804 3735 835 3773 e
863 3719 1039 3773 nihilo
1067 3719 1340 3788 producta
1378 3730 1508 3775 sunt
1540 3721 1593 3776 in
1623 3731 1806 3778 ortum
1837 3739 1867 3777 ει
1906 3723 2067 3780 Patre
2098 3740 2233 3781 con-

650 3809 902 3863 tinetur?
943 3808 1230 3879 Siquidem
1261 3818 1415 3865 extra
1450 3825 1575 3866 eum
1618 3812 1755 3865 nihil
1785 3812 1949 3882 787
1994 3829 2119 3870 esse
2148 3814 2232 3869 fa-

651 3901 912 3958 tebimur.
966 3902 1033 3956 Et
1090 3902 1208 3971 ipse
1269 3902 1494 3973 quidem
1551 3902 1769 3960 Psaltes
1830 3904 2051 3962 divinus
2102 3923 2233 3963 vera

650 3997 878 4052 omnino
934 4006 989 4053 et
1050 3999 1309 4053 abstrusa
1365 4000 1627 4070 mysteria
1687 4000 1923 4071 loquens
1991 4002 2046 4057 in
2103 4002 2231 4073 Spi-

652 4091 786 4153 ritu,
835 4089 1033 4144 Filium
1070 4090 1204 4144 nulli
1241 4090 1364 4145 loco
1402 4092 1598 4147 deesse
1639 4092 1734 4159 ait,
1771 4108 1870 4164 per
1896 4094 1999 4149 hoc
2034 4096 2232 4151 testiﬁ-

650 4199 786 4239 cans
826 4184 1213 4253 incorporeum
1240 4190 1295 4237 et
1337 4183 1883 4255 incircumscriptum
1927 4202 2050 4242 cum
2083 4204 2230 4253 esse,

648 4289 749 4329 nec
792 4274 915 4329 loco
955 4275 1372 4345 comprehendi,
1410 4282 1600 4342 utpote
1642 4275 1838 4333 Deum.
1879 4297 1898 4331 ι
1936 4280 2056 4346 Quo
2081 4284 2229 4337 enim

647 4366 739 4421 ibo
765 4381 795 4420 a
830 4364 1041 4437 Spiritu
1079 4367 1219 4421 tuo?
1259 4376 1313 4421 et
1345 4383 1456 4438 quo
1487 4382 1515 4421 a
1563 4368 1703 4425 facie
1736 4377 1831 4425 tua
1878 4370 2126 4443 fugiam?
2170 4373 2229 4429 Si

647 4456 951 4513 ascendero
987 4458 1043 4512 in
1075 4458 1297 4525 coelum,
1340 4468 1396 4514 tu
1433 4460 1546 4515 illic
1576 4477 1637 4517 es
1666 4480 1679 4528 ;
1725 4462 1771 4517 si
1802 4463 2142 4521 descendere
2175 4466 2228 4521 in

2326 1982 2503 2036 αὐτοὶ
2543 1981 2652 2053 γὰρ
2684 1982 2817 2035 θεὸν
2857 1978 2997 2035 εἶναι
3025 1979 3276 2048 λέγοντες
3306 1976 3397 2031 τὸν
3437 1978 3586 2040 Υίὸν,
3624 1976 3692 2029 τὰ
3737 1978 3939 2047 σωμά-

2345 2091 2453 2128 των
2472 2074 2580 2128 ῐδια
2609 2073 2946 2145 προσάπτειν
2997 2070 3146 2140 αὐτῷ
3192 2067 3519 2139 παραλόγως
3550 2066 3937 2139 ἐπιχειροῦσι*

2344 2162 2406 2217 τὸ
2433 2162 2543 2234 γάρ
2568 2162 2705 2225 ὅλως
2740 2159 3084 2233 περιορισμῷ
3116 2177 3223 2213 τινι
3255 2160 3348 2214 καὶ
3378 2158 3562 2230 μέτρῳ
3592 2157 3939 2229 περισχοινί-

2346 2254 2535 2319 ζεσθαι
2558 2251 2638 2326 τῷ
2663 2253 2939 2325 νοουμένῳ
2966 2253 3107 2307 κατά
3137 2252 3437 2316 διάστασιν,
3458 2250 3533 2316 ὡς
3575 2250 3668 2304 καὶ
3699 2249 3820 2304 ἀπό
3847 2266 3936 2302 τι-

2344 2363 2436 2410 νος
2456 2345 2633 2416 ἀρχῆς
2655 2344 2989 2415 καταλήγειν
3032 2345 3113 2406 εἰς
3144 2344 3336 2412 πέρας,
3378 2342 3596 2405 πάντως
3619 2341 3942 2406 ἐπιδέξαι-το

2343 2437 2439 2491 καὶ
2464 2436 2525 2490 τὸ
2553 2431 2693 2490 εἶναι
2718 2434 2879 2505 τυχὸν
2916 2436 2975 2489 ὲν
3002 2433 3171 2504 τόπῳ,
3197 2433 3291 2487 καὶ
3318 2431 3491 2502 ποσῷ,
3523 2431 3617 2485 καὶ
3645 2431 3806 2495 εῖδει,
3842 2432 3945 2485 καὶ

2344 2526 2744 2601 σχήματι.Εῐτα
2773 2529 2891 2593 πῶς
2904 2529 2966 2583 οὐ
2997 2526 3266 2598 σωμάτων
3289 2525 3398 2580 ἴδια
3424 2525 3581 2579 ταυτί
3602 2542 3617 2592 ;
3635 2524 3755 2588 πῶς
3791 2525 3940 2579 δὲσῇ

2345 2620 2464 2690 μεθ’
2503 2620 2683 2691 ἡμῶν,
2716 2620 2793 2684 ὡς
2815 2620 2941 2675 καθ’
2973 2619 3187 2691 ἡμᾶς,ό
3216 2616 3519 2687 ὐπὲρήμᾶς
3549 2615 3893 2686 νοηθήσεται
3924 2633 3942 2679 ;

2339 2711 2374 2782 ἤ
2410 2710 2527 2776 πῶς
2583 2712 2684 2765 οὐκ
2717 2710 2946 2781 ἀδελφὸς
2977 2712 3044 2783 τῇ
3097 2708 3261 2779 ἑτέρᾳ
3300 2707 3476 2761 κτίσει
3502 2745 3520 2771 ,
3552 2705 3740 2760 λοιπὸν
3778 2705 3944 2759 οὐδὲν

2341 2803 2480 2875 ἔχων
2520 2803 2651 2875 παρ’
2685 2802 2855 2874 αὐτὴν
2898 2802 2962 2856 τὸ
2996 2802 3182 2865 πλέον,
3231 2800 3358 2854 ὅσον
3393 2794 3528 2871 ἧκεν
3555 2798 3732 2851 είπεῖν
3758 2798 3852 2860 είς
3875 2797 3945 2849 τὸ

2339 2887 2480 2946 εἶναι
2532 2890 2993 2964 πεπερασμένως;
3023 2891 3204 2962 Ἔχων
3251 2889 3310 2942 δὲ
3352 2888 3499 2943 οὐτω
3543 2888 3690 2943 κατά
3724 2904 3797 2957 γε
3838 2888 3945 2958 τὴν

2339 2982 2529 3054 ἀμαθῆ
2561 2982 2673 3037 τῶν
2720 2983 2787 3036 δι’
2818 2983 3068 3047 ἐναντίας
3123 2981 3399 3046 ὑπόνοιαν,
3443 2980 3497 3033 τί
3545 2980 3729 3051 μάτην
3780 2981 3942 3051 ἡμᾶς

2341 3076 2710 3148 προσεκτύπει
2767 3074 2942 3145 λέγων
2968 3093 2981 3107 ·
3014 3094 3034 3128 ι
3090 3075 3279 3145 Ὑμεῖς
3319 3075 3384 3128 ὲκ
3416 3074 3526 3127 τῶν
3571 3073 3725 3127 κάτω
3776 3075 3939 3139 ἐστὲ,

2340 3171 2452 3241 ἐγὼ
2479 3173 2543 3225 ὲκ
2579 3172 2688 3225 τῶν
2722 3171 2835 3225 ἄνω
2869 3170 3016 3242 είμὶς
3060 3188 3079 3222 ι
3113 3169 3225 3223 Kal.
3253 3168 3438 3223 πάλιν·
3473 3186 3492 3219 ι
3513 3167 3703 3238 Ὑμεῖς
3732 3168 3804 3220 ὲκ
3838 3166 3939 3221 τοῦ

2336 3265 2541 3335 κόσμου
2590 3264 2782 3318 τούτου
2814 3262 2941 3317 ὲστέ
2972 3279 2987 3293 °
3026 3261 3139 3331 ἐγὼ
3183 3261 3283 3315 οὐκ
3314 3259 3431 3331 εἰμὶ
3463 3261 3528 3313 ὲκ
3564 3259 3658 3313 τοῦ
3716 3260 3939 3330 κόσμου

2335 3357 2544 3413 τούτου.
2597 3378 2616 3410 ι
2683 3356 2924 3411 Ἀνωθεν
2988 3355 3098 3427 γάρ
3151 3355 3345 3409 ἑαυτὸν
3394 3348 3535 3408 εἶναι
3582 3352 3755 3423 λέγων
3781 3391 3799 3415 ,
3832 3352 3938 3423 οὐχ

2338 3450 2523 3515 άπλῶς
2565 3451 2752 3520 ἐδήλου
2810 3450 2874 3503 τὸ
2909 3449 2971 3514 ἐξ
3002 3447 3248 3520 οὐρανῶν
3272 3465 3287 3480 ·
3326 3448 3387 3501 τί
3429 3446 3542 3519 γάρ
3589 3445 3654 3500 ἂν
3708 3444 3829 3515 ἔχοι
3870 3444 3937 3496 τὸ

2335 3544 2519 3599 πλεῖον
2570 3544 2723 3616 παρὰ
2769 3546 2897 3608 τοὺς
2946 3542 3138 3610 ἁγίους
3186 3540 3473 3611 ἀγγέλους,
3506 3539 3664 3610 εἴπερ
3713 3535 3936 3591 ἀνωθεν

2335 3636 2625 3700 κάκείνους
2677 3636 2837 3699 ὄντας
2889 3634 3234 3706 εὑρήσομεν,
3268 3631 3511 3694 τοπικῶς
3555 3628 3931 3699 έκληφθέντος

2333 3728 2428 3781 τοῦ
2461 3726 2862 3798 σημαινομένου
2891 3740 2906 3790 ;
2950 3725 3209 3797 σημαίνει
3245 3722 3302 3775 δὲ
3340 3723 3422 3776 ὅτι
3456 3721 3557 3793 τῆς
3589 3719 3802 3774 ἄνωθεν
3834 3719 3930 3771 καὶ

2333 3821 2434 3891 τῆς
2483 3821 2597 3883 τοῖς
2624 3819 2766 3882 ὅλοις
2796 3816 3170 3887 ὲποχουμένης
3220 3814 3411 3876 οὐσίας
3435 3813 3617 3880 ἐξέφυ.
3649 3809 3775 3872 Πῶς
3831 3805 3929 3863 οὖν

2335 3911 2541 3983 ἀληθὴς
2564 3907 2922 3980 ἀναφαίνεται
2948 3907 3155 3973 λοιπὸν,
3176 3906 3224 3959 εί
3249 3906 3403 3959 κοινά
3436 3904 3573 3972 πρὸς
3604 3901 3705 3973 τὴν
3730 3901 3928 3971 ἑτέραν

2335 4004 2447 4076 ἔχει
2488 4004 2666 4058 κτίσιν
2700 4002 2771 4056 τά
2822 4000 3091 4071 σωμάτων
3123 3999 3251 4062 ἴδια,
3284 3997 3379 4052 καὶ
3401 3995 3538 4067 ὁμοῦ
3564 3996 3679 4056 τοῖς
3716 3994 3774 4059 ἐξ
3828 3993 3928 4046 οὐκ

2333 4096 2503 4150 ὄντων
2537 4097 2618 4159 είς
2640 4094 2703 4148 τὸ
2742 4093 2881 4147 εἶναι
2918 4090 3300 4163 παρενεχθεῖσι
3340 4086 3731 4159 περιεχόμενός
3774 4086 3927 4137 ἐστιν

2335 4190 2442 4245 ὐπὸ
2485 4190 2580 4243 τοῦ
2619 4188 2870 4258 Πατρός;
2909 4187 3069 4255 εἴπερ
3107 4183 3261 4237 οὐδὲν
3295 4179 3400 4245 ἔξω
3426 4180 3643 4234 κεῖσθαι
3673 4178 3927 4246 δώσομεν

2332 4283 2522 4340 αὐτοῦ.
2550 4281 2662 4337 Καὶ
2692 4283 2720 4334 ὁ
2771 4280 2869 4351 μὲν
2929 4278 3215 4339 θεσπέσιος
3265 4273 3517 4345 Μελῳόὸς
3540 4312 3555 4333 ,
3587 4270 3764 4341 ἀληθῆ
3818 4288 3924 4322 που

2333 4374 2554 4436 πάντως
2587 4371 2682 4426 καὶ
2730 4368 3092 4442 κεκρυμμένα
3137 4366 3411 4438 μυστήρια
3438 4363 3615 4417 λαλῶν
3646 4364 3705 4415 ἐν
3749 4362 3926 4415 Πνεύ-

2337 4480 2489 4534 ματι,
2515 4460 2731 4525 οὐδενὸς
2767 4460 2866 4530 μὲν
2919 4456 3201 4520 παντελῶς
3246 4452 3723 4525 ἀπολιμπάνεσθαι
3752 4452 3923 4505 τόπου

648 4549 948 4612 infernum,
976 4550 1142 4617 ades;
1168 4551 1214 4606 si
1240 4567 1530 4622 sumpsero
1552 4568 1761 4624 pennas
1784 4571 1937 4612 meas
1961 4557 2224 4624 diluculo,

2336 4554 2464 4624 φησὶ
2481 4554 2571 4607 τὸν
2590 4553 2736 4618 Υἱὺν,
2753 4550 2816 4604 τὸ
2842 4548 3135 4620 ἀσώματόν
3156 4564 3216 4600 τε
3236 4547 3333 4600 καὶ
3356 4547 3741 4618 άπεριόριστον
3771 4543 3923 4615 αὐτῷ

645 4648 702 4694 et
742 4640 1063 4696 habitavere
1088 4641 1142 4695 in
1165 4642 1427 4698 extremis
1466 4645 1670 4699 maris:
1695 4660 1821 4699 nam
1850 4654 1905 4702 et
1927 4646 2003 4702 ibi
2030 4663 2229 4707 manus

650 4742 741 4785 tua
771 4731 1009 4786 deducet
1042 4747 1150 4795 me,
1180 4740 1235 4787 et
1258 4734 1463 4790 tenebit
1504 4750 1589 4789 me
1624 4734 1851 4791 dextera
1882 4743 1975 4791 tua
2002 4738 2046 4793 ".
2091 4757 2110 4790 ι
2161 4738 2230 4795 Hi

648 4833 829 4882 autem
866 4826 1114 4897 projecta
1147 4826 1379 4881 audacia
1408 4842 1565 4882 suam
1612 4830 1946 4884 sententiam
1989 4830 2230 4901 Spiritus

648 4919 881 4976 vocibus
920 4928 1280 4990 opponentes,
1320 4920 1670 4993 Unigenitum
1697 4924 1819 4979 loco
1845 4924 2229 4982 circumscribi

649 5029 712 5068 ac
746 5013 1038 5068 terminari
1080 5014 1292 5079 volunt,
1339 5029 1464 5069 cum
1504 5015 1631 5071 hinc
1666 5016 1851 5085 potius
1910 5020 2231 5075 necessario

645 5117 832 5158 secum
869 5114 1128 5174 reputare
1160 5104 1449 5172 deberent,
1489 5105 1638 5175 quod
1672 5106 1725 5161 si
1762 5108 1935 5163 caelos
1977 5117 2030 5164 et
2070 5117 2231 5167 terrae

641 5202 889 5248 extrema
937 5196 1168 5266 repleat,
1198 5196 1307 5253 hoc
1352 5205 1436 5252 est
1466 5196 1698 5262 inferos,
1741 5199 1837 5268 qui
1882 5215 1993 5255 non
2028 5201 2227 5258 absur-

642 5287 935 5343 dissimum
961 5291 1033 5345 sit
1059 5289 1576 5361 comprehensionis
1605 5305 1804 5347 nomen
1851 5293 1902 5348 ei
1950 5293 2226 5367 attingere,

641 5394 768 5433 cum
798 5396 976 5451 neque
1006 5382 1148 5452 apud
1173 5396 1234 5437 se
1266 5382 1531 5451 cogitent,
1563 5382 1715 5452 quod
1767 5384 1815 5440 si
1856 5384 2025 5442 facies
2078 5388 2224 5458 ejus,

643 5471 697 5526 id
722 5479 809 5527 est
841 5470 1081 5543 Spiritus
1112 5473 1332 5544 (faciem
1382 5472 1590 5546 quippe
1625 5474 1749 5531 Filii
1799 5475 2067 5548 Spiritum
2124 5498 2222 5537 v0-

641 5562 776 5632 cat),
818 5562 1009 5633 implet
1053 5564 1240 5619 omnia
1267 5604 1280 5629 ,
1330 5565 1607 5634 quomodo
1662 5567 1780 5637 ipse
1825 5571 2222 5640 continebitur,

642 5652 771 5710 licet
806 5668 838 5708 a
879 5653 991 5711 Deo
1036 5665 1090 5710 ct
1127 5654 1290 5713 Patre
1327 5658 1601 5715 contineri
1633 5657 1898 5718 dicatur?
1929 5662 2041 5720 Nec
2078 5668 2224 5726 enim

721 5839 741 5870 ⁸
808 5832 955 5892 ‘van.
994 5850 1127 5893 vni.
1174 5837 1263 5893 23.
1340 5840 1355 5869 ⁷
1390 5837 1531 5895 I‘sal.
1559 5856 1819 5907 cxxxvm,
1860 5843 2004 5901 7-10.

2332 4647 2421 4701 διὰ
2467 4645 2658 4700 τούτου
2713 4641 3177 4715 προσμαρτυρῶν,
3210 4640 3307 4694 καὶ
3352 4640 3436 4692 ὅτι
3468 4638 3542 4709 μὴ
3586 4638 3738 4709 τόπῳ
3766 4654 3923 4706 περι-

2332 4739 2555 4811 ληπτός,
2595 4738 2673 4802 ὼς
2727 4737 2882 4801 Θεὸς.
2922 4755 2940 4788 ι
2976 4734 3086 4791 Ποῦ
3132 4732 3243 4803 γὰρ
3283 4730 3557 4804 πορευθῶ,
3590 4731 3777 4800 φησὶν,
3811 4728 3921 4783 ἀπὸ

2331 4833 2427 4885 τοῦ
2451 4830 2772 4901 Πνεύματός
2808 4845 2925 4894 σου;
2950 4827 3046 4881 καὶ
3090 4824 3198 4878 ἀπὸ
3229 4822 3323 4877 τοῦ
3352 4820 3652 4893 προσώπου
3683 4837 3779 4872 σου
3812 4817 3918 4871 ποῦ

2333 4925 2529 4996 φύγω;
2579 4924 2705 4977 Ἑάν
2738 4920 2925 4976 ἀναόῶ
2962 4920 3043 4980 είς
3070 4917 3161 4971 τὸν
3202 4914 3453 4986 οὐρανὸν,
3479 4913 3544 4965 σὺ
3576 4908 3629 4964 εἶ
3659 4913 3797 4973 ἐκεῖ,
3823 4910 3919 4962 ἐὰν

2333 5016 2558 5072 καταϐῶ
2575 5017 2656 5079 εἰς
2682 5014 2773 5067 τὸν
2801 5012 2955 5083 ᾅδην,
2971 5010 3169 5080 πάρει’
3190 5007 3286 5061 ἐὰν
3309 5003 3565 5061 ἀναλάϐω
3588 5003 3691 5066 τάς
3717 5002 3920 5071 πτέρυ-

2331 5112 2434 5180 γάς
2476 5126 2579 5180 μου
2625 5108 2747 5160 κατ’
2778 5103 2996 5176 δρθρον,
3027 5102 3123 5155 καλ⁸
3170 5096 3422 5171 πορευθῶ
3470 5097 3553 5159 εἰς
3604 5094 3677 5147 τὰ
3714 5093 3917 5162 ἔσχατα

2330 5204 2429 5274 τῆς
2461 5200 2760 5270 θαλάσσης,
2784 5197 2879 5252 καὶ
2910 5195 3019 5266 γάρ
3042 5194 3160 5248 ἐκεῖ
3189 5193 3222 5263 ἡ
3257 5190 3381 5263 χείρ
3410 5206 3502 5243 σου
3525 5188 3788 5259 ὁδηγήσει
3822 5203 3914 5256 με,

2329 5295 2425 5349 καὶ
2474 5292 2693 5357 καθέξει
2751 5307 2818 5362 με
2864 5291 2898 5360 ἠ
2955 5286 3107 5353 δεξιά
3152 5300 3269 5339 σου.
3313 5303 3332 5337 ι
3384 5279 3801 5353 Ῥιψοκινδύνως
3859 5277 3916 5330 δὲ

2330 5384 2497 5453 οὗτοι,
2536 5389 2632 5442 καὶ⁹
2676 5387 2797 5449 ταῖς
2835 5383 2929 5439 τοῦ
2964 5381 3281 5452 Πνεύματος
3316 5380 3521 5448 φωναῖς
3574 5376 3673 5445 τὴν
3706 5371 3918 5427 ἑαυτῶν

2333 5481 2717 5549 ἁντεξάγοντες
2745 5476 2994 5547 γνώμην,
3022 5470 3235 5544 ὁρισμῷ
3265 5471 3357 5523 καὶ
3388 5465 3757 5540 περιγραφαῖς
3782 5464 3917 5515 ὐπο-
3961 5543 3965 5546 ξ

2336 5572 2593 5629 ϐάλλουσι
2628 5570 2719 5624 τὸν
2748 5566 3055 5636 Μονογενῆ,
3090 5563 3270 5619 καίτοι
3306 5560 3568 5629 λογισμὸν
3609 5554 3917 5624 ὀφείλοντες

2336 5666 2425 5719 ἐπὶ
2454 5665 2625 5719 τούτω
2656 5663 2836 5717 λαϐεῖν
2868 5659 3161 5729 ἀναγκαῖόν
3195 5675 3252 5711 τε
3282 5654 3374 5709 καὶ
3400 5654 3687 5725 χρήσιμον.
3721 5648 3788 5704 Εἰ
3810 5646 3917 5719 γὰρ
