4096 6510
102 389 241 449 221

1290 395 1355 453 ΙΝ
1384 396 1671 455 JOANNIS
1707 394 2158 458 EVANGELIUM
2197 397 2321 457 LIB.
2368 406 2457 459 lx.

3350 396 3461 465 29.2

98 510 519 581 πεπλήρωκε
569 525 667 582 μεν
709 510 992 582 οὐρανοὺς,
1025 511 1117 565 καὶ
1156 510 1225 566 τὰ
1274 512 1477 584 ἔσχατα
1523 514 1623 582 τῆς
1651 511 1770 581 γῆς,

1881 513 2065 571 minus
2089 517 2196 572 erit
2226 515 2561 573 incommodi
2589 514 2636 571 si
2667 515 2813 571 dicat
2854 516 3235 574 circumscribi
3273 520 3461 577 incor-

95 598 315 653 τοῦτ’
356 601 503 668 ἔστι,
538 602 607 655 τὰ
633 603 716 666 είς
749 603 841 656 τὸν
860 602 994 674 ᾅδην
1015 620 1029 633 ·
1052 602 1170 667 πῶς
1204 606 1265 657 οὐ
1301 605 1509 677 σφόδρα
1530 604 1773 676 παραλο-

95 688 428 757 γώτατον
452 692 513 746 τὸ
553 696 816 766 περιοχῆς
849 694 1023 765 δνομα
1064 695 1402 766 προσάπτειν
1440 693 1611 766 αὐτῷ.
1639 693 1775 765 μηδὲ

98 784 351 840 ἐκεῖνο
387 786 806 858 λογισαμένους,
829 788 912 841 ὅτι
933 788 982 839 εί
1007 787 1071 841 τὸ
1102 789 1395 860 πρόσωπον
1415 787 1604 850 αὐτοῦ,
1629 786 1777 841 τοῦτ’

100 876 307 943 ἔστι,
347 879 421 933 τὸ
457 877 682 949 Πνεῦμα
725 880 1042 951 (πρόσωπον
1071 880 1181 952 γὰρ
1227 880 1321 935 τοῦ
1361 879 1491 933 Υίοῦ
1526 879 1683 934 καλεῖ
1712 880 1774 933 τὸ

103 966 437 1043 Πνεῦμα)
467 972 536 1025 τὰ
582 971 762 1026 πάντα
805 973 1026 1044 πληροῖ,
1055 973 1175 1037 πῶς
1206 973 1274 1027 ἂν
1324 972 1488 1036 αὐτὸς
1521 973 1652 1026 είσω
1679 970 1776 1039 γέ-

110 1078 315 1116 νοιτο
359 1064 651 1135 περιοχῆς,
678 1063 782 1117 κᾶν
813 1064 968 1137 λέγῃ,
1001 1066 1085 1118 ὅτι
1115 1064 1377 1135 περιοχῆς
1394 1064 1490 1116 τοῦ
1517 1062 1653 1117 Θεοῦ
1680 1063 1776 1116 καὶ

114 1152 437 1226 Πατρόςς
482 1156 620 1209 Ἀλλ’
658 1157 811 1211 οὐδὲν
873 1152 1037 1229 ἦττον
1090 1156 1271 1228 ὑϐριεῖ
1324 1156 1668 1229 περιγράψας
1714 1155 1778 1208 τὸ

116 1244 498 1317 ἀσώματον,
528 1248 622 1302 καὶ
659 1251 845 1320 μέτρῳ
896 1248 1200 1320 περιτιθεὶς
1232 1248 1292 1302 τὸ
1323 1248 1424 1301 οὐκ
1454 1247 1514 1301 ὃν
1542 1265 1777 1319 πεπερα-

123 1335 422 1404 σμένως.
446 1337 521 1392 Τὸ
569 1336 680 1409 γὰρ
712 1337 985 1403 οὑσιωδῶς
1012 1337 1174 1391 αὐτὸν
1204 1337 1557 1408 περιέχεσθαι
1591 1336 1773 1405 λέγειν

124 1426 267 1480 ὑπὸ
317 1427 425 1481 τοῦ
454 1427 589 1481 Θεοῦ
623 1428 718 1482 καὶ
752 1429 987 1502 Πατρὸς,
1014 1428 1069 1482 τί
1115 1428 1302 1499 ἕτερόν
1331 1430 1445 1481 ἐστι
1488 1427 1716 1498 δηλοῦν,
1736 1428 1770 1497 ἢ

127 1520 236 1573 ὅτε
296 1521 737 1592 πεπερασμένην
770 1521 883 1592 ἔχει
927 1522 1025 1592 τὴν
1054 1521 1268 1585 οὐσίαν,
1295 1520 1484 1591 ὥσπερ
1509 1515 1604 1574 οῦν
1632 1520 1773 1591 ἀμέ-

130 1611 237 1664 λει
275 1611 385 1666 καὶ
416 1612 475 1666 ἓν
504 1612 735 1667 ἕκαστον
761 1614 870 1668 τῶν
901 1615 1030 1686 παρ’
1066 1613 1231 1668 αὑτοῦ
1263 1613 1583 1684 γεγονότων,
1610 1611 1647 1666 ἃ
1679 1612 1775 1666 κα)⁵

135 1703 483 1768 ἀκινδύνως
518 1722 579 1760 τε
610 1708 701 1761 καὶ
732 1706 951 1779 άληθῶς
980 1708 1334 1779 περιέχεσθαι
1360 1706 1626 1778 δώσομεν.
1657 1705 1774 1759 Σώ-

142 1810 322 1864 ματα
350 1794 489 1867 γὰρ,
520 1798 570 1850 εἰ
618 1796 707 1850 xa‘
743 1796 818 1868 μὴ
847 1796 1076 1853 τοιαῦτα
1106 1797 1289 1868 τυχὸν,
1319 1799 1479 1852 ὁποῖα
1521 1795 1590 1850 τὰ
1630 1796 1770 1867 ἠμέ-

1883 621 2133 675 porcum,
2156 619 2208 664 et
2232 623 2504 664 mensurae
2530 607 2791 679 subjiciat
2826 609 2971 679 quod
3006 620 3159 664 caret
3192 614 3454 667 termino.

1881 697 2073 754 Dicere
2106 700 2251 755 enim
2288 701 2731 756 substantialiter
2762 700 2942 769 ipsum
2976 715 3007 755 a
3053 700 3164 756 Deo
3196 709 3250 756 et
3300 699 3462 756 Patre

1879 791 2175 858 contineri,
2214 792 2347 864 quid
2393 793 2497 848 sibi
2542 794 2656 848 vult
2690 791 2862 858 aliud,
2892 808 3058 863 quam
3106 792 3459 847 terminatam
3494 866 3497 873 Ι

1880 884 2083 941 habere
2127 884 2517 949 substantiam,
2562 901 2675 940 non
2724 901 2887 942 secus
2919 902 2984 942 ac
3024 878 3499 959 unumquodque;

1877 988 2069 1029 eorum
2120 990 2243 1044 qua:
2281 973 2427 1029 facta
2478 982 2608 1029 sunt
2638 974 2706 1028 ab
2752 975 2893 1044 ipso,
2938 991 3059 1046 quae
3090 984 3209 1029 tuto
3237 989 3301 1028 ac
3332 990 3461 1029 vere

1877 1066 2149 1120 contineri
2182 1064 2519 1121 fatebimur?
2552 1066 2799 1135 Corpora
2826 1068 2972 1121 enim
3003 1075 3154 1128 sunt,
3189 1066 3318 1120 licet
3348 1081 3458 1121 non

1878 1156 2007 1211 talia
2046 1156 2229 1212 forsan
2261 1156 2443 1225 qualia
2496 1166 2687 1211 nostra
2731 1165 2883 1211 sunt.
2918 1155 3026 1211 Sed
3056 1164 3109 1211 et
3149 1157 3287 1211 illud
3324 1156 3457 1209 mihi

1878 1255 2145 1317 praeterea
2176 1246 2343 1302 subit.
2381 1246 2537 1312 Quod
2582 1247 2626 1301 si
2671 1261 2898 1302 necesse
2926 1248 3178 1303 dicamus
3215 1259 3278 1302 ut
3310 1246 3459 1317 quod

1877 1338 1948 1393 ab
1984 1337 2170 1407 aliquo
2193 1337 2531 1399 continetur,
2564 1338 2792 1393 omnino
2823 1339 2966 1392 intra
2999 1338 3132 1392 illud
3167 1340 3240 1394 sit
3283 1354 3312 1393 a
3348 1354 3460 1409 quo

1876 1426 2151 1483 contineri
2177 1426 2402 1493 dicitur,
2435 1430 2715 1498 quomodo
2740 1443 2850 1482 non
2876 1427 3170 1484 manifeste
3194 1438 3461 1499 sequetur

1876 1525 1939 1573 ut
1964 1519 2259 1575 continens
2290 1518 2473 1574 minus
2492 1535 2616 1577 esse
2650 1528 2912 1576 contento
2942 1529 3219 1591 putemus,
3247 1523 3458 1593 ipsum—

1874 1625 1981 1681 que
2020 1610 2371 1665 terminatum
2426 1627 2550 1667 esse
2600 1612 2827 1682 majoris
2861 1612 3270 1680 quodammodo
3303 1629 3459 1669 com-

1875 1699 2129 1769 plexione
2154 1700 2445 1757 dicamus?
2466 1699 2609 1766 Quid
2640 1716 2773 1772 ergo
2801 1717 2997 1757 rursus
3027 1702 3203 1767 dices,
3239 1720 3272 1759 ο
3296 1703 3461 1759 boue?

1877 1789 2018 1845 Ecce
2043 1790 2213 1857 enim,
2246 1805 2375 1846 cum
2426 1807 2486 1847 se
2534 1790 2629 1847 Dei
2676 1807 2741 1847 ac
2776 1793 2954 1849 Patris
2980 1794 3239 1849 exhibeat
3265 1795 3461 1864 imagi«

138 1905 328 1961 τερα.
364 1890 588 1943 Ἔπεισι
616 1889 674 1942 δέ
725 1907 816 1961 μοι
843 1891 1065 1945 κάκεῖνο
1116 1890 1255 1963 πρὸς
1298 1891 1511 1953 τούτοις
1545 1891 1769 1943 ἐννοεῖν.

1877 1899 2019 1951 nem,
2044 1894 2099 1941 et
2133 1896 2321 1957 aperte
2351 1887 2502 1943 dicat
2532 1904 2544 1939 :
2585 1905 2603 1939 ι
2634 1887 2738 1954 Qui
2773 1888 2927 1944 videt
2960 1905 3068 1955 me,
3106 1889 3252 1945 videt
3278 1896 3333 1943 et
3356 1889 3459 1942 Pa-

141 1978 222 2032 Εί
279 1979 401 2051 γὰρ
448 1980 744 2048 ἀναγκαῖον
781 1975 921 2034 εἷναί
965 1998 1147 2053 φαμεν
1191 1982 1253 2035 τὸ
1304 1981 1411 2035 ὑπό
1441 1998 1534 2035 του
1574 1997 1776 2052 περιει-

142 2070 483 2142 λημμένον,
514 2071 647 2125 εἴσω
702 2071 767 2143 δὴ
825 2073 1044 2127 κεῖσθαι
1095 2072 1315 2137 πάντως
1357 2072 1453 2127 τοῦ
1497 2072 1775 2145 περιέχειν

145 2160 301 2213 αὐτὸ
327 2159 654 2230 λεγομένου,
679 2160 799 2225 πῶς
827 2163 929 2215 οὐκ
970 2161 1364 2233 ἀναμφιλόγως
1408 2160 1601 2230 ἕψεται
1627 2160 1689 2215 τὸ
1715 2160 1774 2215 ἐν

145 2252 457 2307 ἐλάττοσιν
476 2248 616 2306 εἶναι
634 2255 776 2306 νοεῖν
796 2252 892 2306 τοῦ
912 2253 1261 2325 περιέχοντος
1279 2254 1340 2308 τὸ
1362 2254 1769 2326 περιεχόμενον,

148 2343 261 2395 καὶ
292 2344 725 2415 ππερατῶσθαι
758 2346 939 2415 λέγειν
971 2346 1127 2412 αὐτὸ,
1161 2345 1625 2417 κατακλειόμενον
1660 2344 1773 2399 ὥσ-

151 2451 277 2506 περ
305 2437 377 2507 τῇ
408 2436 501 2490 τοῦ
551 2437 802 2508 μείζονος
862 2442 1125 2511 περιοχῇς
1156 2438 1221 2492 Τί
1269 2437 1385 2503 οῦν,
1413 2432 1459 2492 ὧ
1505 2437 1770 2508 βέλτιστε,

157 2528 337 2582 πάλιν
377 2530 559 2601 ὲρεῖςς
613 2531 747 2585 Ἰδοὺ
779 2532 889 2603 γὰρ
917 2532 1103 2586 είκόνα
1135 2532 1231 2585 τοῦ
1260 2531 1398 2586 Θεοῦ
1430 2531 1524 2585 καὶ
1556 2530 1773 2602 Πατρὸς

154 2620 368 2675 ἑαυτὸν
400 2621 692 2692 παραθεὶς,
727 2624 825 2677 καὶ
869 2624 1167 2699 διαρρήδην
1194 2623 1367 2678 είπών
1393 2641 1407 2655 ο
1446 2642 1465 2676 ι
1510 2624 1569 2678 '0
1598 2626 1773 2695 éwpa-

155 2710 282 2776 κὼς
308 2713 436 2783 ἐμὲ,
466 2712 681 2784 ἑώρακε
706 2714 799 2769 τὸν
832 2717 1077 2789 Πατέρα,
1096 2737 1116 2771 ι
1148 2718 1245 2771 καὶ
1278 2716 1439 2771 πάλιν
1466 2718 1771 2787 ἐπήνεγκεν

154 2800 366 2866 εὐθύς·
398 2821 416 2854 ι
468 2802 608 2872 Ἐγὼ
631 2807 690 2859 ὲν
725 2804 805 2876 τῷ
831 2807 1030 2880 Πατρὶ,
1058 2808 1155 2863 καὶ
1185 2810 1215 2862 ὁ
1242 2808 1434 2880 Πατὴρ
1456 2808 1513 2862 δὲ
1541 2809 1600 2861 ὲν
1646 2808 1770 2879 ἐμοί

154 2897 342 2952 ἐστιν.
385 2916 403 2949 ι
432 2898 496 2951 Εἰ
538 2897 650 2970 γὰρ
700 2899 862 2952 τοῦτό
913 2916 1049 2970 φησι
1102 2900 1226 2954 καθ’
1258 2902 1424 2972 ὑμᾶς,
1458 2902 1541 2956 ὅτι
1574 2901 1769 2955 Καίτοι

156 2989 463 3061 χαρακτὴρ
495 2990 592 3044 καὶ¹
626 2990 790 3045 εἰκὼν
819 2992 1083 3064 ὑπάρχων
1112 2992 1208 3047 τοῦ
1239 2993 1651 3064 γεγεννηκότος,
1688 2993 1773 3047 οὐ-

160 3078 387 3143 άιωδῶς
427 3080 519 3133 ὑπ’
551 3081 717 3135 αὑτοῦ
776 3083 1128 3155 περιέχομαι,
1165 3083 1285 3149 πῶς
1311 3085 1409 3155 οὐχ
1433 3084 1636 3139 ἆπασιν
1675 3084 1769 3139 άν-

159 3171 508 3242 αμφίλογον,
536 3174 621 3227 ὅτι
658 3174 912 3240 τοιαύτας
941 3177 1091 3248 ἡμᾶς
1118 3177 1329 3241 ἑννοίας
1350 3176 1495 3248 ἔχειν
1524 3180 1653 3250 περὶ
1671 3177 1767 3232 τοῦ

159 3262 391 3332 Πατρὸς
424 3263 710 3333 βούλεται,
745 3268 1049 3340 ὁποίανπερ
1095 3270 1162 3324 ἂν
1224 3269 1483 3341 λάϐοιμεν
1540 3272 1635 3325 καὶ
1681 3271 1768 3325 ἐπ’

161 3358 323 3427 αύτῳ
348 3374 365 3424 ;
399 3359 831 3429 Πεπερατῶσθαι
856 3362 1147 3433 τοιγαροῦν
1170 3363 1386 3434 ἀνάγκη
1419 3364 1516 3419 καὶ¹
1541 3364 1631 3418 τὸν
1657 3365 1770 3419 Πα-

162 3448 344 3519 τέρα⁸
373 3450 491 3504 ἔστι
526 3452 637 3525 γὰρ
666 3453 726 3506 ὲν
758 3452 895 3525 Υίῷ.
924 3454 1036 3509 Καὶ
1065 3454 1297 3526 ζητείτω
1350 3453 1535 3509 λοιπὸν
1563 3457 1592 3509 ὁ
1619 3457 1773 3526 αἱρε-

166 3542 346 3607 τικὸς,
370 3543 500 3607 τίςό
540 3544 741 3615 μείζων
774 3545 972 3599 αὐτοῦ’
1012 3547 1137 3616 ἐμοὶ⁸
1163 3546 1272 3617 γάρ
1297 3546 1360 3600 οὐ
1406 3546 1564 3619 θέμις
1598 3549 1769 3601 εἰπεῖν

166 3634 204 3702 ἢ
230 3635 395 3689 νοεῖν.
416 3635 492 3688 Οὐ
527 3637 636 3709 γὰρ
675 3636 782 3691 ἀνὰ
817 3638 983 3710 μέρος
1031 3638 1130 3709 μὲν
1162 3639 1327 3693 εἰκὼν
1357 3638 1507 3693 ἔσται
1530 3639 1625 3694 τοῦ
1654 3641 1771 3694 Πα-

169 3723 301 3795 τρὸς
335 3726 367 3778 ὁ
397 3725 547 3790 Υἱὸς,
576 3726 681 3781 ἀνὰ
710 3727 877 3800 μέρος
918 3729 976 3782 δὲ
1004 3729 1210 3782 οὐκέτι.
1247 3730 1310 3782 El
1336 3728 1445 3801 γὰρ
1485 3730 1622 3794 ὅλως
1655 3729 1769 3801 ἔχει

167 3832 225 3869 τι
286 3816 352 3870 τὸ
409 3817 786 3887 παραλλάττον
840 3817 937 3871 καὶ
994 3816 1333 3890 μεσολαϐοῦν
1384 3818 1484 3891 τὴν
1537 3819 1771 3873 είσάπαν

167 3908 453 3978 ὁμοίωσιν,
486 3909 650 3980 μέρος
682 3910 749 3964 ἂν
784 3912 869 3983 εἴη
897 3909 1106 3978 λοιπὸν,
1140 3912 1240 3983 οὐχ
1263 3912 1555 3986 ὁλόκληρος
1583 3912 1768 3968 εἰκών.

183 3999 351 4055 Ἀλλά
382 3999 486 4054 ποῦ
515 4000 674 4056 τοῦτο
691 4002 893 4068 δείξαις
920 4003 988 4058 ἂν
1019 4004 1118 4075 τὴν
1144 4004 1308 4074 ἁγίαν
1330 4005 1597 4075 λέγουσαν
1628 4008 1771 4079 Γρα-

173 4093 317 4164 φήν;
353 4092 413 4145 ού
436 4092 545 4165 γὰρ
570 4093 740 4165 δήπου
765 4097 879 4160 τοῖς
910 4098 1023 4159 σοῖς
1062 4097 1531 4170 ἀναπεπεισμένοι
1563 4098 1767 4168 λόγοις,

171 4182 272 4251 τὴν
292 4180 403 4235 τῶν
430 4182 591 4253 ἱερῶν
606 4183 893 4255 δογμάτων
919 4185 1191 4258 ὀρθότητα
1222 4189 1613 4260 παρωσόμεθα.
1630 4190 1771 4245 Θαυ-

177 4273 337 4342 μάζω
398 4274 456 4327 δὲ
504 4276 654 4338 ὅπως
694 4277 755 4332 οὐ
800 4278 1119 4335 κατέδεισαν
1157 4280 1253 4333 ἐπὶ
1308 4281 1518 4346 τούτοις
1559 4284 1767 4337 εἰπεῖν’

175 4364 445 4437 Καθάπερ
470 4366 500 4418 ὀ
536 4366 749 4431 Παῦλος
794 4368 886 4421 τὸν
920 4370 1158 4441 Χριστὸν
1200 4368 1346 4443 εἶχεν
1380 4373 1440 4427 ὲν
1461 4373 1640 4446 ἑαυτῷ
1668 4374 1768 4429 λα-

175 4454 374 4511 λοῦντα
432 4459 527 4514 καὶ
555 4458 883 4530 ἐνεργοῦντα
912 4463 1011 4526 τὰς
1043 4463 1333 4535 δυνάμεις,
1362 4465 1455 4519 τὸν
1502 4467 1666 4521 αὑτὸν
1700 4467 1765 4540 δὴ

1875 1982 2040 2040 trem,
2078 1996 2096 2030 ι
2130 1980 2321 2033 statim
2360 1995 2562 2037 rursus
2595 1980 2920 2051 subjungit:
2961 2000 2979 2033 ι
3028 1980 3140 2050 Ego
3182 1983 3235 2035 iu
3265 1979 3456 2047 Patre,

1874 2073 1929 2123 et
1967 2067 2130 2123 Pater
2165 2070 2223 2123 in
2269 2086 2354 2126 me
2400 2080 2505 2127 est.
2559 2090 2578 2123 ι
2622 2070 2759 2126 Nam
2807 2072 2877 2136 si,
2920 2080 2979 2126 ut
3000 2072 3186 2135 vultis,
3234 2073 3313 2126 ait
3360 2087 3448 2139 se,

1874 2159 2129 2229 quamvis
2180 2160 2469 2217 character
2509 2170 2562 2217 et
2603 2161 2786 2233 imago
2825 2162 2898 2218 sit
2952 2160 3155 2228 Patris,
3193 2163 3458 2217 substan-

1874 2250 2081 2307 tialiter
2125 2260 2308 2309 tamen
2352 2253 2423 2308 ab
2469 2268 2537 2309 eo
2592 2253 2888 2319 contineri,
2914 2254 3165 2324 nunquid
3228 2252 3461 2308 manife-

1874 2352 2021 2399 stum
2053 2353 2107 2401 et
2135 2346 2509 2401 indubitatum
2540 2354 2627 2402 est
2657 2347 2940 2413 omnibus,
2977 2347 3119 2401 velle
3161 2353 3221 2400 ut
3254 2347 3362 2401 alia
3392 2343 3462 2400 de

1873 2435 2036 2492 Patre
2061 2439 2247 2508 qualia
2274 2447 2326 2494 et
2361 2438 2429 2494 de
2468 2439 2591 2509 ipso
2621 2438 2975 2493 sentiamus?
3008 2435 3248 2491 Fiuitum
3292 2435 3461 2505 igitur

1872 2545 1995 2591 esse
2026 2545 2248 2603 quoque
2298 2530 2465 2600 788
2506 2528 2724 2584 Patrem
2766 2536 3032 2598 oportet:
3072 2538 3158 2582 est
3203 2527 3351 2583 enim
3404 2527 3457 2580 in

1873 2623 2034 2679 Filio.
2064 2621 2287 2689 Quaerat
2316 2621 2499 2689 itaque
2528 2619 2751 2675 demum
2782 2619 3079 2675 liazreticus
3113 2619 3240 2688 quis
3282 2618 3461 2686 major

1870 2730 1938 2772 eo
1972 2715 2081 2770 sit:
2117 2729 2228 2768 non
2265 2711 2409 2766 enim
2441 2711 2685 2781 cogitare
2712 2720 2808 2765 aut
2832 2711 3019 2766 dicere
3069 2709 3154 2765 fas
3182 2709 3315 2763 mihi
3350 2717 3457 2772 est,

1871 2822 1974 2862 nec
2008 2806 2154 2862 enim
2193 2803 2395 2874 partim
2431 2802 2655 2873 quidem
2702 2800 2887 2872 Patris.
2913 2803 3022 2858 erit
3052 2802 3232 2873 imago
3260 2800 3458 2865 Filius,

1873 2899 2072 2970 partim
2107 2913 2242 2954 vero
2270 2911 2386 2952 non
2420 2897 2549 2951 erit.
2592 2894 2729 2950 Nam
2782 2896 2829 2951 si
2873 2894 3103 2951 omnino
3154 2894 3318 2949 habet
3359 2894 3461 2948 ali-

1869 2990 2002 3061 quid
2034 2989 2182 3061 quod
2232 2987 2688 3060 perfectissimam
2735 2986 3165 3042 similitudinem
3212 2984 3459 3049 dirimat,

1870 3100 1981 3140 non
2028 3083 2134 3139 erit
2177 3082 2426 3152 perfecta
2466 3088 2521 3135 et
2569 3078 2748 3135 solida
2782 3079 2985 3150 imago.
3022 3081 3092 3132 At
3142 3077 3367 3132 ubinam
3405 3076 3461 3132 id

1871 3178 1927 3232 in
1959 3174 2137 3233 sacris
2165 3174 2395 3230 Litteris
2420 3172 2708 3243 reperies?
2739 3186 2843 3227 nec
2865 3171 3013 3227 enim
3046 3170 3155 3227 tuis
3186 3168 3462 3226 sermoni-

1874 3269 1978 3324 bus
2009 3265 2260 3336 persuasi
2295 3272 2504 3320 rectam
2529 3278 2820 3319 sacrorum
2841 3262 3165 3333 dogmatum
3184 3263 3457 3316 rationem

1870 3358 2210 3427 rejiciemus.
2244 3354 2382 3409 lllud
2428 3353 2617 3408 mirari
2661 3353 2834 3419 subit,
2863 3353 3145 3424 quomodo
3184 3351 3462 3420 subjicere

1870 3451 1993 3506 ausi
2023 3450 2173 3506 sint:
2211 3445 2686 3515 Quemadmodum
2711 3444 2919 3502 Paulus
2955 3445 3238 3502 Christum
3291 3444 3461 3499 habe—

1870 3544 1966 3600 bat
2016 3544 2071 3597 in
2122 3542 2309 3611 seipso
2358 3540 2674 3608 loquentem
2724 3546 2779 3593 et
2825 3538 3064 3593 virtutes
3110 3546 3457 3607 operantem,

1868 3633 2063 3691 eodem
2091 3632 2255 3689 modo
2288 3640 2342 3686 et
2374 3629 2550 3686 Filius
2581 3628 2799 3685 Patrem
2837 3631 3151 3701 loquentem
3202 3636 3259 3683 et
3300 3628 3460 3697 signa

1870 3727 2122 3784 edentem
2172 3722 2507 3779 habebatin
2552 3722 2758 3793 seipso.
2814 3721 2973 3777 Unde
3011 3722 3131 3776 ait:
3179 3739 3197 3772 ι
3238 3719 3461 3776 Credite

1869 3820 1998 3892 quia
2022 3834 2124 3890 ego
2154 3819 2210 3873 in
2245 3816 2429 3882 Patre,
2463 3829 2515 3873 et
2542 3816 2703 3870 Pater
2735 3816 2789 3870 in
2826 3832 2915 3871 me
2947 3822 3053 3880 est,
3084 3813 3289 3881 alioqui
3318 3826 3450 3881 pro‘

1870 3920 1997 3985 pter
2031 3925 2201 3982 opera
2243 3910 2364 3982 ipsa
2408 3908 2641 3965 credite.
2698 3927 2717 3961 ι
2752 3906 2954 3964 Verum
3006 3906 3133 3977 quis
3184 3903 3460 3960 Christia-

1870 4022 2004 4063 num
2044 4004 2392 4076 uuncupabit
2423 4003 2578 4056 illum
2638 4002 2735 4072 qui
2771 4002 2904 4057 talia
2941 4001 3010 4057 de
3061 4000 3294 4055 Christo
3327 4014 3458 4054 sen-

1871 4100 1974 4154 tiat
2004 4113 2071 4153 ac
2116 4099 2376 4168 loquatur
2404 4096 2428 4148 ?
2456 4095 2599 4151 Ecce
2628 4095 2798 4159 enim,
2825 4109 2957 4149 ecce
2992 4108 3103 4147 non
3129 4092 3242 4162 jam
3279 4091 3457 4161 ipsum

1870 4207 1999 4248 vere
2032 4190 2202 4246 Deum
2243 4188 2403 4254 dicit,
2447 4188 2546 4245 sed
2582 4187 2857 4260 praecipiti
2912 4186 3143 4241 audacia
3198 4184 3460 4255 aﬂingens

1870 4283 1922 4340 ei
1961 4282 2110 4354 quod
2153 4283 2434 4337 creaturis
2487 4279 2791 4341 convenit,
2843 4277 3114 4334 deiferum
3158 4276 3460 4348 quemdam

1872 4374 2085 4445 Deique
2118 4373 2468 4445 participem,
2493 4373 2611 4428 sive
2639 4388 2705 4428 ex
2745 4370 2859 4428 Deo
2901 4378 3256 4442 procreatum
3288 4368 3458 4424 Deum

1874 4467 2155 4538 praedicat.
2198 4465 2259 4521 Ei
2289 4466 2496 4537 quippe
2528 4466 2880 4535 propositum
2917 4473 3004 4521 est
3051 4464 3203 4520 omni
3242 4463 3462 4518 ratione

175 4548 378 4619 τρόπον
404 4550 499 4603 καὶ
537 4553 565 4605 ὁ
602 4552 728 4616 Υἱὸς
771 4552 862 4607 τὸν
891 4554 1114 4624 Πατέρα
1137 4555 1408 4612 λαλοῦντα
1430 4598 1443 4623 ,
1464 4559 1648 4613 καὶτὰ
1679 4576 1770 4631 ση-

1880 4576 1945 4617 ac
1978 4558 2144 4615 modo
2187 4574 2218 4613 a
2269 4558 2361 4615 Dei
2404 4574 2468 4614 ac
2501 4556 2680 4614 Patris
2709 4557 3025 4613 substantia
3065 4572 3298 4627 prorsus
3332 4570 3459 4611 eum

182 4642 307 4710 μεῖα
332 4641 587 4697 ποιοῦντα
617 4641 765 4716 εἶχεν
787 4649 844 4701 ἐν
871 4648 1071 4719 ἐαυτῷ.
1091 4649 1182 4703 Διό
1204 4667 1337 4720 φησι
1353 4667 1367 4680 υ
1401 4668 1419 4701 ι
1451 4651 1763 4717 Πιστεύετε,

178 4733 260 4786 ὅτι
282 4730 392 4800 ἐγὼ
419 4735 477 4787 ὲν
507 4735 585 4808 τῷ
620 4737 814 4808 Πατρὶ,
851 4739 999 4793 καὶὸ
1030 4739 1219 4812 Πατὴρ
1252 4740 1308 4795 δὲ
1346 4742 1404 4795 ὲν
1437 4742 1581 4813 ἐμοί.
1617 4744 1681 4796 El
1708 4743 1765 4796 δὲ

185 4825 381 4897 μὴ,δή
408 4826 479 4880 τὰ
518 4827 657 4899 ἔργα
696 4830 837 4885 αὐτὰ
876 4832 1165 4886 πιστεύετέ
1197 4851 1306 4903 μοι.
1344 4852 1361 4884 ι
1411 4830 1542 4887 Εἶτα
1574 4833 1657 4898 τίς
1684 4834 1765 4888 ἔτι

184 4917 501 4983 Χριστιανὸν
527 4925 787 4994 προσερεῖ
814 4922 908 4977 τὸν
930 4923 1072 4978 οὕτω
1103 4924 1499 4997 διεσκεμμένον
1539 4926 1634 4980 καὶ
1670 4943 1766 4980 πε-

184 5011 486 5081 φρονηκότα
547 5014 679 5085 περ)⁹
735 5015 1029 5086 Χριστοῦ;
1091 5016 1233 5071 Ἰδοὺ
1288 5017 1434 5090 γὰρ,
1479 5017 1626 5082 ἰδοὺ,
1670 5018 1767 5074 καὶ

189 5102 333 5172 μάλα
357 5104 563 5173 σαφῶς,
590 5106 724 5160 Θεὸν
758 5108 858 5178 μὲν
888 5109 1052 5164 αὑτὸν
1089 5110 1275 5164 οὐκέτι
1315 5113 1481 5183 φησιν
1512 5112 1763 5183 ἀληθῶς·

188 5195 568 5265 ῥιψοκινδύνως
596 5198 653 5253 δὲ
698 5200 944 5271 περιθεὶς
987 5204 1053 5257 τὸ
1102 5204 1316 5275 πρέπον
1357 5207 1469 5269 τοῖς
1502 5206 1764 5275 κτίσμασι

191 5286 377 5356 μέτρον
396 5287 840 5362 αὖτῷ,θεοφόρον
872 5294 993 5349 τινὰ
1033 5295 1127 5348 καὶ
1153 5295 1288 5350 Θεοῦ
1316 5295 1563 5368 μέτοχον,
1597 5297 1766 5367 ἤγουν

189 5380 253 5431 ἐκ
286 5379 412 5433 Θεοῦ
441 5382 771 5453 γεννηθέντα
823 5386 957 5442 Θεὸν
990 5390 1268 5461 κηρύττει.
1301 5391 1511 5455 Σκοπὸς
1539 5392 1646 5463 γὰρ
1666 5392 1765 5447 αὐ-

190 5471 263 5542 τῷ
295 5472 377 5527 διὰ
403 5476 713 5541 παντὸς.ὠς
746 5478 875 5544 ἔπος
902 5483 1097 5548 εἰπεῖν,
1129 5482 1334 5553 τρόπου
1362 5484 1454 5539 καὶ
1484 5484 1643 5553 λόγου
1668 5484 1768 5554 τῆς

192 5563 367 5628 οὐσίας
418 5566 517 5620 τοῦ
557 5568 695 5622 Θεοῦ
747 5572 842 5625 καὶ
889 5573 1100 5644 Πατρὸς
1145 5576 1425 5640 παντελῶς
1480 5577 1768 5647 ἀπείργειν

194 5655 342 5713 αὐτὸν
370 5698 382 5724 ,
420 5659 515 5714 καὶ
554 5663 786 5717 εἰσάπαν
819 5666 1112 5738 ἀποτεμεῖν
1147 5669 1246 5740 τῆς
1294 5670 1529 5741 φυσικῆς
1559 5672 1649 5726 καὶ
1674 5672 1761 5727 οὐ·

172 5916 179 5923 α
265 5851 281 5881 ί
309 5846 501 5904 Jercm.
533 5868 607 5915 ix,
647 5852 694 5908 l.

1873 4653 2193 4720 excludere,
2233 4661 2289 4707 et
2337 4667 2370 4707 a
2424 4650 2671 4705 naturali
2717 4660 2885 4720 atque
2931 4648 3285 4706 substantiali
3331 4662 3461 4717 pro-

1872 4749 2110 4823 prietate
2139 4761 2304 4818 quam
2347 4760 2472 4800 cum
2509 4760 2614 4801 suo
2642 4743 2809 4800 Patre
2837 4760 2904 4799 ac
2939 4743 3048 4799 Deo
3084 4742 3271 4805 habet,
3305 4756 3464 4811 pror-

1872 4858 1970 4899 sus
2014 4854 2290 4896 resecare.
2333 4837 2403 4891 At
2458 4837 2613 4903 quid,
2645 4851 2859 4906 quaeso,
2889 4835 2975 4889 his
3015 4832 3297 4901 stupidius
3331 4846 3458 4885 esse

1870 4931 2099 5007 potest?
2140 4941 2235 4986 aut
2276 4929 2559 5000 quomodo
2599 4943 2709 4982 non
2744 4928 2894 4981 velut
2945 4923 3180 4979 mortuis
3227 4925 3339 4991 jam
3393 4937 3458 4975 ac

1870 5025 2102 5099 perditis
2141 5020 2604 5093 illacryinaveris,
2630 5018 2726 5090 qui
2763 5026 2872 5072 tam
2908 5015 3175 5073 effrenato
3203 5031 3370 5070 cursu
3402 5015 3457 5069 in

1868 5118 2207 5189 impietatem
2257 5113 2633 5185 prmcipitaut,
2691 5119 2745 5166 et
2800 5117 3111 5180 opportune
3158 5108 3457 5163 admodum

1868 5210 2060 5267 dices:
2102 5227 2121 5261 ι
2159 5206 2296 5274 Quis
2349 5204 2507 5259 dabit
2547 5202 2712 5272 capiti
2750 5217 2873 5257 meo
2906 5217 3133 5272 aquam,
3182 5209 3237 5255 et
3276 5201 3458 5257 oculis

1874 5303 2011 5357 meis
2053 5300 2261 5355 fontem
2304 5297 2701 5368 lacrymarum,
2749 5301 2805 5348 et
2841 5292 3071 5364 plorabo
3109 5292 3200 5349 die
3239 5308 3305 5348 ac
3356 5307 3458 5348 ηο-

1874 5402 1962 5449 cte
1983 5393 2045 5446 εἰ)
2077 5411 2094 5445 ι
2127 5391 2208 5447 0b
2236 5390 2434 5445 horum
2466 5386 2614 5443 enim
2647 5386 3062 5443 contumaciam
3107 5400 3220 5441 non
3261 5386 3456 5441 imme-

1876 5485 1983 5539 rito
2002 5483 2132 5555 quis
2154 5495 2407 5552 magnam
2438 5478 2810 5549 lacrymarum
2845 5478 2954 5534 vim
2982 5477 3311 5548 profuderit.
3350 5474 3457 5532 Sed

1875 5580 2138 5650 quoniam
2201 5573 2457 5631 veritatis
2521 5572 2796 5645 dogmatis
2859 5573 3091 5628 illorum
3122 5572 3453 5634 calumnias,

1878 5684 2100 5748 promer
2133 5669 2537 5741 simpliciorum
2574 5668 2897 5734 utilitatem,
2934 5665 3315 5725 retundendas
3367 5673 3458 5719 ar-
