4096 6538
592 402 702 458 223
1601 402 1661 458 S.
1694 401 1965 458 CYRILLI
2003 402 2479 460 ALEXANDRTNI
2515 408 2833 467 ARCIIIEP.
3806 409 3949 473 224

595 522 795 588 bitror,
828 537 950 596 age,
982 539 1181 581 rursus
1219 522 1356 579 illud
1374 524 1458 579 eis
1489 523 1739 580 dicamus
1790 540 1895 582 nos
1936 526 2054 580 zelo
2090 541 2180 580 ze—

2309 526 2513 592 rttbo‘ou;
2535 532 2867 604 οἰκειότητος
2900 531 3093 607 ἧςιχει
3136 538 3275 609 πρὸς
3302 538 3393 592 τὸν
3429 538 3631 594 ἑαυτοῦ
3670 537 3947 604 Πατέρα

596 617 742 672 lasse
771 614 1027 675 Domino.

2309 621 2374 674 εαὶ
2406 620 2560 677 Θεόν.
2594 620 2725 678 Εἶτα
2757 625 2810 678 τί
2836 625 2901 681 ἂν
2938 629 3149 697 γένοιτο
3182 630 3291 684 τῶν
3322 630 3586 685 τοιούτων
3613 631 3682 683 τὸ
3726 631 3941 693 ὑπερ-

595 708 789 781 τιροῦν
823 712 905 776 εἰς
931 710 1305 783 ἀποπληξίαν;
1332 710 1365 782 ἢ
1397 709 1514 773 πῶς
1546 711 1646 764 οὐκ
1679 711 1744 765 ἀν
1766 729 1868 775 τις,
1891 711 2024 766 ὡσεὶ
2046 713 2258 781 νεκροῖς
2296 712 2398 783 ἤδη
2427 714 2520 767 καὶ
2553 716 2892 785 ἀπολωλόσι,
2937 721 2996 773 τὸ
3048 723 3114 775 ὲκ
3139 722 3240 792 τῆς
3308 723 3536 795 ἀγάπης
3580 719 3946 783 ἀποστάζει

595 801 851 875 δάκρυον,
899 806 1168 877 ἀχαλίνως
1195 804 1339 859 οὕτω
1372 805 1772 876 τετραμμένοις
1797 809 1878 870 εἰς
1904 807 2181 870 ἀσέϐειαν,
2219 809 2337 879 ὲρεῖ
2361 809 2418 862 δὲ
2443 810 2537 864 καὶ
2575 812 2696 867 λίαν
2728 814 3002 887 εὐκαίρως
3026 834 3041 849 ο
3073 836 3090 869 ι
3115 818 3213 883 Τίς
3242 818 3404 873 δώσει
3440 824 3506 891 τῇ
3540 820 3765 889 κεφαλῇ
3804 832 3945 886 μου

596 893 765 968 ὕδωρ,
790 898 886 951 καὶ
936 900 1048 962 τοῖς
1079 896 1379 967 ὀφθαλμοῖς
1450 914 1552 967 μου
1609 896 1792 968 πηγὴν
1852 898 2128 969 δακρύων,
2163 899 2260 952 καὶ
2291 899 2599 973 κλαύσομαι
2638 904 2732 959 τὸν
2794 906 2924 960 λαὸν
2952 908 3141 962 τοῦτον
3182 910 3398 981 ἡμέρας
3445 913 3541 966 καὶ⁵
3590 911 3854 973 νυκτόςς
3914 926 3938 957 ³

608 988 733 1041 Ἐπὶ
757 988 865 1059 γὰρ
894 992 1005 1052 τοῖς
1031 990 1099 1043 τὰ
1123 988 1344 1043 τοιαῦτα
1379 990 1595 1059 φρονεῖν
1625 987 1901 1057 ἑλομένοις
1940 988 2184 1059 ἀκρατὲς
2220 986 2286 1042 ἄν
2342 1009 2429 1057 τις
2466 997 2695 1062 εἰκότως
2742 1000 3033 1065 ὲπιστάξαι
3085 1002 3342 1072 δάκρυον.
3399 1003 3618 1075 Ἐπειδὴ
3666 1003 3731 1056 δὲ
3785 1002 3945 1063 ταῖς

596 1076 658 1142 ἐξ
693 1077 948 1146 ἀληθείας
995 1079 1262 1150 δόγμασιν
1315 1077 1722 1149 ἀποκρούεσθαι
1779 1078 1888 1133 δεῖν
1925 1081 2025 1144 τὰς
2080 1082 2211 1151 παρ’
2265 1082 2493 1140 ἐκείνων
2539 1092 2910 1159 συκοφαντίας
2961 1092 3267 1163 προσήκειν
3320 1092 3750 1163 ὑπολαμϐάνω,
3820 1088 3947 1141 διὰ

595 1168 659 1222 τὸ
710 1173 820 1234 τοῖς
868 1170 1261 1243 ἁπλουστέροις
1323 1170 1635 1235 λυσιτελὲς,
1690 1169 1825 1241 φέρε
1886 1171 2050 1227 πάλιν
2092 1171 2279 1238 αὐτοῖς
2325 1177 2503 1233 ἐκεῖνο
2548 1180 2800 1253 λέγωμεν
2826 1223 2847 1248 ,
2905 1184 2989 1237 ὅτι
3049 1184 3343 1255 ζηλοῦντες
3407 1183 3783 1255 ὲζηλώκαμεν
3835 1179 3943 1250 τῷ

595 1259 809 1317 Κυρίῳ.

668 1278 681 1313 ›
725 1276 739 1313 ι
792 1301 809 1317 .

668 1276 903 1408 asinus
918 1351 1067 1407 enim
1102 1350 1333 1418 Paulus,
1358 1363 1415 1408 et
1444 1355 1637 1425 quivis
1663 1362 1988 1411 sanctorum
2014 1355 2185 1417 alius,

593 1463 721 1503 cum
749 1444 1037 1501 Christum
1073 1445 1129 1499 in
1166 1444 1285 1499 suis
1326 1447 1611 1503 mentibus
1653 1447 2062 1503 inhabitantem
2091 1447 2191 1500 ha-

598 1543 797 1598 berent
824 1553 923 1610 per
959 1537 1259 1607 Spiritum,
1294 1537 1575 1595 faciebant
1605 1555 1731 1610 quae
1756 1540 1983 1595 Christo
2008 1540 2193 1609 place-

2378 1349 2437 1403 Ὀ
2464 1351 2573 1422 γάρ
2602 1370 2681 1407 τοι
2716 1354 3006 1422 θεσπέσιος
3038 1356 3271 1424 Παῦλος,
3314 1350 3370 1411 ὧ
3391 1353 3561 1427 οὗτοι,
3597 1362 3628 1432 ἢ
3687 1363 3793 1415 καί
3820 1379 3945 1425 τις

2290 1442 2481 1514 ἕτερος
2509 1444 2618 1497 τῶν
2650 1447 2844 1515 ἁγίων,
2878 1449 2970 1502 τὸν
3002 1451 3238 1520 Χριστὸν
3270 1451 3491 1523 ἔχοντες
3529 1458 3654 1519 ταῖς
3684 1456 3942 1511 ἑαυτῶν

2290 1536 2559 1600 διανοίαις
2604 1540 2980 1596 ἑνοικισθέντα
3015 1542 3105 1597 διὰ
3160 1545 3258 1598 τοῦ
3318 1546 3679 1616 Πνεύματος,
3732 1548 3945 1619 ἔδρων

596 1642 744 1699 rent,
767 1640 824 1689 et
851 1631 1122 1686 miracula
1139 1630 1399 1689 edebam.
1423 1632 1493 1686 At
1516 1641 1762 1696 constat,
1785 1632 1875 1688 vel
1898 1642 1991 1687 tua
2015 1632 2192 1702 ipsius

2309 1625 2357 1683 εὖ
2392 1630 2539 1700 μάλα
2566 1631 2636 1685 τά
2657 1632 2918 1687 δοκοῦντα
2942 1634 3189 1707 Θεῷ,κα“ι
3218 1637 3542 1709 δημιουργοὶ
3571 1640 3690 1693 τῶν
3723 1658 3937 1713 παραυ

597 1725 977 1785 confessione,
1012 1723 1167 1793 quod
1194 1738 1322 1778 cum
1355 1724 1619 1782 homines
1649 1732 1841 1781 essent
1877 1735 2107 1788 natura,
2138 1731 2193 1777 et

2309 1716 2464 1810 Ξόξων
2493 1717 2814 1810 ἐφαίνοντο.
2847 1722 3061 1777 Οὐκοῦν
3109 1725 3317 1797 ἄραρεν
3340 1766 3355 1790 ,
3387 1728 3417 1782 ὃ
3456 1746 3510 1782 τι
3554 1729 3715 1800 δοίης
3757 1731 3804 1783 δ’
3844 1732 3953 1789 ἀντ

598 1816 751 1873 aliud
792 1814 1060 1887 quiddam
1101 1815 1414 1871 substantia
1479 1831 1646 1886 quam
1692 1825 1924 1872 sanctus
1974 1815 2195 1870 Christi

600 1909 846 1981 Spiritus
888 1907 985 1978 qui
1024 1908 1086 1963 in
1125 1908 1213 1963 eis
1244 1908 1552 1972 habitabat,
1605 1908 1860 1979 religiosi
1911 1915 2098 1962 tamen
2138 1919 2193 1961 et

596 2005 803 2076 pietate
821 2002 1111 2072 conspicui
1130 2010 1293 2057 erant
1315 2002 1487 2072 789
1500 2017 1598 2072 per
1614 2003 1799 2057 datam
1815 2000 1896 2056 eis
1916 2014 1953 2053 a
1969 1999 2192 2055 Christo

598 2096 859 2167 gratiam.
889 2092 996 2148 Sed
1033 2093 1325 2148 nobiscum
1356 2094 1549 2163 utique
1580 2092 1865 2160 fateberis,
1892 2092 2193 2162 aliquando

599 2189 779 2260 gratia
811 2187 991 2243 fuisse
1021 2187 1349 2252 destitutos,
1383 2192 1767 2241 verumtamen
1796 2200 1864 2241 eo
1895 2184 2071 2240 fuisse
2100 2198 2192 2239 vo-

597 2287 778 2343 catos,
813 2293 939 2332 cum
969 2277 1044 2331 ita
1076 2276 1259 2332 visum
1286 2284 1434 2331 esset
1464 2276 1655 2330 omnia
1684 2283 1837 2330 recte
1865 2274 2192 2346 gubernanti

598 2370 733 2427 Deo.
784 2368 932 2424 Fieri
960 2383 1101 2439 ergo
1122 2375 1343 2438 poterat
1374 2378 1434 2421 ut
1464 2367 1603 2422 vitio
1634 2366 1825 2436 aliquo
1854 2366 1940 2421 vel
1967 2372 2194 2436 peccato

595 2463 796 2519 beatus
818 2458 1163 2523 Paulus,aut
1183 2460 1328 2515 alter
1352 2459 1401 2515 ei
1436 2458 1660 2523 similis,
1679 2457 1849 2513 Deum
1885 2456 2192 2523 offendens,

598 2553 728 2608 data
766 2551 874 2607 sibi
907 2551 1084 2621 gratia
1112 2550 1452 2620 privaretur,
1486 2555 1541 2603 et
1568 2548 1623 2602 in
1653 2563 1773 2602 eam
1799 2546 2192 2604 demissionem

600 2643 749 2699 unde
781 2628 1099 2699 emerserat.
1124 2642 1309 2696 denuo
1338 2640 1736 2695 detruderetur
1759 2648 1929 2709 atque
1963 2639 2192 2695 rediret.

600 2735 759 2804 Quod
819 2735 973 2790 enim
1025 2733 1253 2789 aliunde
1301 2732 1601 2788 asciscitur
1652 2740 1709 2786 et
1768 2731 1999 2797 accidit,
2035 2730 2196 2785 facile

600 2829 778 2885 amitti
810 2835 994 2898 potest
1032 2834 1199 2897 atque
1229 2823 1460 2888 auferri,
1496 2832 1690 2894 utpote
1734 2825 1946 2878 datum.
1978 2824 2065 2877 An
2099 2822 2197 2891 igi-

601 2931 718 2984 tur.
755 2938 788 2977 ο
817 2922 964 2976 bone
988 2919 1184 2989 (juvat
1218 2919 1367 2974 enim
1403 2918 1604 2972 iterum
1647 2923 1701 2969 te
1735 2915 2117 2986 compellare),
2149 2913 2194 2968 si

601 3013 1076 3086 quemadmodum
1104 3019 1229 3068 erat
1274 3011 1330 3065 in
1369 3009 1544 3065 Paulo
1580 3008 1842 3065 Christus
1884 3008 2117 3079 loquens
2144 3020 2197 3064 et

2299 1808 2395 1861 καὶ
2443 1809 2607 1875 αὐτὸς
2640 1812 2910 1883 ὑπάρχειν
2968 1814 3209 1886 ἀληθὲς,
3260 1816 3339 1879 ὡς
3387 1818 3673 1891 ἄνθρωποί
3708 1837 3774 1874 τε
3808 1822 3931 1892 τὴν

2300 1899 2465 1968 φύσιν
2501 1902 2873 1974 ὑπάρχοντες,
2926 1906 3022 1959 καὶ
3070 1906 3260 1978 ἔτερόν
3294 1926 3348 1963 τι
3386 1911 3529 1965 κατὰ
3572 1913 3675 1984 τὴν
3711 1912 3935 1968 οὐσίαν

2300 1991 2453 2063 παρὰ
2494 1992 2556 2045 τὸ
2600 1993 2845 2047 ἐνοικοῦν
2901 1996 3088 2061 αὐτοῖς
3135 1998 3293 2067 ἀγιον
3346 1999 3575 2073 Πνεῦμα
3625 2003 3925 2074 Χριστοῦ,

2299 2082 2550 2153 θεοφόσοι
2598 2085 2744 2149 τινὲς
2771 2081 2916 2156 ἦσαν
2956 2091 3052 2143 καὶ
3100 2090 3347 2163 λαμπροὶ
3384 2092 3475 2148 διὰ
3514 2094 3616 2163 τῆς
3643 2096 3937 2166 δοθείσης

2300 2176 2483 2240 αὐτοῖς
2530 2178 2683 2249 παρά
2715 2179 2957 2249 Χριστοῦ
2990 2182 3249 2252 χάριτος,
3273 2185 3531 2256 Συνερεῖς
3570 2184 3629 2239 δὲ
3674 2186 3935 2249 πάντως

2300 2268 2463 2337 ἡμῖν,
2504 2266 2581 2332 ὡς
2619 2268 2818 2342 ἔρημοι
2874 2272 2975 2343 μὲν
3028 2271 3123 2326 τοῦ
3155 2274 3501 2346 χαρίσματος
3544 2271 3691 2347 ἦσάν
3746 2295 3931 2341 ποτε,

2300 2358 2596 2433 κέκληνται
2632 2379 2697 2433 γε
2731 2363 2843 2435 μὴν
2872 2366 2953 2428 εἰς
2980 2366 3135 2429 αὐτὸ,
3171 2366 3332 2434 δόξαν
3369 2367 3517 2422 οὕτω
3540 2369 3733 2433 καλῶς
3760 2371 3935 2441 ἔχειν

2300 2452 2378 2524 τῷ
2409 2455 2588 2509 πάντα
2635 2456 2818 2520 καλῶς
2866 2457 3155 2512 διῖθύνοντι
3202 2458 3326 2531 Θεῷ
3349 2475 3365 2488 ι
3391 2455 3462 2533 ἦν
3491 2456 3585 2515 οὖν
3617 2463 3735 2534 ἀρα
3794 2463 3925 2515 τῶν

2301 2546 2667 2617 ἐνδεχομένων
2694 2549 2789 2601 καὶ
2810 2549 2901 2603 διά
2939 2567 3085 2613 τινος
3118 2549 3228 2604 τῶν
3250 2551 3471 2605 ἀτόπων
3519 2554 3551 2623 ἢ
3590 2553 3685 2607 καί
3718 2552 3921 2624 ὀρθῶς

2301 2637 2403 2690 οὐκ
2430 2639 2812 2711 εἰργασμένων
2860 2642 3351 2713 προσκεκρουκότα
3390 2641 3469 2713 τῷ
3510 2642 3631 2713 Θεῷ
3658 2643 3763 2696 τὸν
3801 2661 3920 2715 μα-

2303 2731 2494 2803 κάριον
2529 2732 2765 2797 Παῦλον,
2795 2734 2964 2805 ἧγουν
2994 2735 3119 2789 τινὰ
3151 2733 3266 2789 τῶν
3302 2737 3425 2790 κατ’
3465 2738 3675 2791 ἐκεῖνον
3710 2737 3931 2806 ἕτερον

2305 2825 2511 2897 ἔρημον
2544 2826 2644 2897 μὲν
2672 2827 2773 2897 τῆς
2801 2828 3054 2899 δοθείσης
3094 2829 3244 2900 αὐτῷ
3270 2830 3495 2900 χάριτος
3535 2829 3785 2900 ὀφθῆναι
3817 2829 3923 2882 δύο

2304 2917 2520 2983 νασθαι,
2552 2919 2994 2973 κατωθεῖσθαιδὲ
3025 2915 3183 2984 αὖθις
3213 2922 3308 2975 καὶ
3333 2922 3654 2975 ὑπονοστεῖν
3686 2923 3782 2985 είς
3810 2923 3935 2992 τὴν

2304 3008 2427 3064 ὅθεν
2478 3009 2644 3080 ἀνέϐη
2693 3010 3045 3065 ταπείνωσιν.
3095 3011 3170 3065 Τὸ
3201 3012 3314 3084 γὰρ
3358 3013 3497 3077 ὅλως
3550 3014 3764 3081 ἔξωθεν
3817 3014 3929 3067 καὶ

604 3107 873 3165 miracula
894 3107 1132 3168 faciens.
1150 3106 1309 3176 juxta
1328 3111 1480 3159 tuam
1502 3105 1730 3159 stultam
1750 3111 1804 3159 et
1829 3103 2054 3173 impiam
2073 3118 2199 3157 sen-

2309 3105 2546 3157 ὲπακτὸν
2602 3103 2804 3175 ῥᾳδίως
2854 3104 2923 3159 ἂν
2984 3105 3325 3159 ἀποπτύοιτο
3382 3106 3478 3159 καὶ
3528 3106 3923 3178 ἀναφαίρετόν

608 3196 865 3260 tentiam,
904 3196 981 3250 ita
1011 3193 1231 3249 Patrem
1261 3194 1316 3247 in
1344 3191 1488 3247 Filio
1519 3193 1645 3263 quis
1677 3207 1803 3248 esse
1838 3192 2198 3256 concesserit,

603 3287 862 3359 nunquid
900 3288 1117 3342 clarum
1165 3293 1221 3341 et
1252 3285 1630 3341 indubitatum
1665 3290 1750 3340 est
1786 3282 1956 3338 Deum
1992 3298 2201 3353 nequa-

605 3397 771 3452 quam
805 3379 923 3437 fore
956 3379 1262 3437 secundum
1297 3386 1579 3444 naturam,
1616 3378 1716 3434 sed
1753 3376 1903 3431 aliud
1935 3377 2201 3447 quiddam

606 3474 680 3531 ab
709 3474 1062 3529 inbabitante
1089 3472 1274 3538 Patre,
1303 3473 1400 3542 qui
1424 3487 1551 3527 vere
1576 3470 1763 3526 Deus?
1792 3469 1885 3525 Sic
1904 3470 2053 3525 enim
2080 3476 2203 3524 erat

598 3560 664 3622 in
694 3564 867 3621 Paulo
890 3566 1173 3622 Christus.
1198 3565 1641 3620 lnstrumentum
1669 3563 1841 3633 igitur
1865 3577 1929 3617 ac
1957 3578 2057 3617 vas
2089 3562 2205 3617 vel-

605 3659 689 3715 uti
736 3658 1016 3730 quoddam
1050 3667 1137 3714 est
1179 3657 1511 3729 Unigenitus
1560 3657 1615 3710 in
1650 3656 1885 3725 gloriam
1926 3669 2205 3725 praepara-

605 3762 745 3817 tum,
774 3765 880 3807 nec
911 3766 942 3805 a
969 3751 1106 3807 tibia
1149 3750 1333 3807 forsan
1365 3756 1461 3803 aut
1497 3750 1614 3820 lyra
1648 3746 1906 3811 distabit,
1943 3746 2081 3801 illud
2117 3761 2204 3801 re-

606 3857 817 3899 sonans
850 3842 1001 3914 quod
1042 3841 1319 3913 inspiratu
1371 3840 1638 3895 nimirum
1682 3846 1781 3893 aut
1827 3840 2040 3909 plectro
2083 3842 2206 3909 jus-

607 3951 731 3993 sum
758 3937 866 3991 erit
899 3954 912 3992 :
944 3942 999 3992 et
1043 3936 1111 3990 ad
1147 3935 1420 3990 miracula
1453 3932 1665 3989 edenda
1700 3933 1871 3988 Pater
1899 3948 1967 3988 eo
1996 3941 2203 4000 utetur,

606 4044 718 4099 quo
749 4036 919 4101 pacto
970 4028 1116 4084 fabri
1155 4026 1379 4099 lignarii
1426 4042 1581 4082 serra
1628 4026 1713 4082 vel
1753 4027 1924 4083 ascia.
1960 4026 2029 4080 At
2072 4026 2202 4097 quid

608 4121 714 4176 hoc
758 4119 1102 4175 absurdius?
1137 4118 1275 4172 Nam
1319 4133 1448 4173 cum
1487 4118 1611 4186 ejus
1647 4118 1719 4173 sit
1760 4125 1998 4184 naturae,
2031 4124 2090 4171 ut
2126 4116 2206 4171 illi

609 4212 829 4279 dicunt,
862 4228 892 4266 a
916 4210 1029 4267 Deo
1059 4227 1124 4267 ac
1156 4212 1319 4267 Patre
1347 4226 1579 4282 prorsus
1613 4211 1830 4266 alienus
1866 4213 1997 4275 erit,
2022 4226 2086 4265 ea
2116 4225 2207 4265 ra-

608 4303 761 4359 tione
795 4317 903 4373 qua
932 4313 1133 4357 natura
1162 4303 1308 4360 Deus
1342 4312 1428 4359 est
1471 4304 1529 4358 in
1561 4304 1750 4370 nobis,
1790 4312 1845 4358 et
1871 4319 2036 4358 nemo
2063 4303 2207 4358 alius

610 4395 681 4451 ab
736 4397 879 4466 ipso.
926 4393 1085 4463 Quod
1139 4398 1186 4452 si
1232 4413 1263 4451 a
1304 4398 1487 4456 Patris
1539 4397 1853 4454 substantia
1898 4396 1976 4450 ita
2026 4394 2206 4451 Filius

2305 3192 2429 3265 [ῖσ.
2462 3196 2855 3269 ὲναφαίρετόν]
2883 3200 3052 3261 ἐστιν,
3083 3198 3160 3262 ὡς
3191 3197 3364 3253 δοτόν.
3392 3194 3521 3271 Ἆρ’
3547 3194 3666 3265 οὖν,
3700 3194 3754 3253 ὦ
3788 3198 3921 3270 βέλ-

2301 3303 2452 3339 τιστε
2489 3287 2850 3358 (τετράψεται
2898 3292 3006 3359 γὰρ
3051 3290 3187 3359 πρὸς
3238 3291 3298 3343 σὲ
3330 3292 3358 3343 ό
3385 3289 3543 3359 λόγος
3574 3290 3748 3344 πάλιν
3770 3290 3815 3360 ),
3853 3294 3912 3343 εἰ

2304 3378 2448 3433 κατὰ
2492 3379 2592 3450 τὴν
2646 3380 2785 3452 πρὸς
2832 3380 2892 3433 σὲ
2946 3382 3313 3436 ἀπαιδευσίαν
3370 3383 3467 3435 κα)⁵
3518 3383 3925 3452 ἀσεϐεστάτην

2307 3472 2598 3542 ὑπόληψιν,
2626 3471 2880 3545 καθάπερ
2914 3469 2983 3544 ἦν
3006 3476 3063 3527 ὲν
3088 3474 3167 3546 τῷ
3198 3474 3400 3545 Παύλῳ
3432 3475 3676 3546 Χριστὸς
3713 3475 3921 3529 λαλῶν

2307 3566 2402 3617 καὶ
2435 3566 2852 3636 τερατουργῶν,
2902 3566 3076 3631 οὕτως
3126 3566 3265 3622 εἶναι
3306 3568 3424 3639 δοίη
3476 3586 3562 3629 τις
3606 3570 3676 3623 ἂν
3719 3571 3789 3623 ἑν
3836 3572 3923 3643 τῷ

2308 3655 2422 3725 Υίῷ
2460 3656 2551 3710 τὸν
2583 3655 2827 3728 Πατέρα,
2868 3656 2990 3722 πῶς
3031 3658 3134 3713 οὐκ
3172 3660 3482 3730 ἀμφίλογον
3518 3662 3596 3725 ὡς
3629 3662 3775 3727 Θεὸς
3812 3664 3925 3734 μὲν

2307 3749 2461 3803 ἔσται
2496 3749 2639 3802 κατά
2660 3748 2824 3818 φύσιν
2861 3750 3137 3820 οὐδαμῶς,
3169 3752 3283 3805 ἀλλ’
3309 3752 3501 3825 ἔτερόν
3542 3772 3597 3808 τι
3628 3755 3793 3827 παρὰ
3820 3758 3921 3811 τὸν

2307 3841 2618 3896 ἐνοικοῦντα
2642 3842 2883 3913 Πατέρα,
2913 3842 3046 3897 Θεὸν
3075 3843 3205 3898 ὄντα
3236 3845 3387 3900 κατά
3410 3848 3674 3919 ἀλήθειαν
3700 3866 3715 3914 ;
3746 3850 3920 3904 Οῦτω

2307 3936 2414 4008 γὰρ
2444 3931 2512 4006 ἦν
2537 3937 2596 3989 ὲν
2622 3935 2701 4006 τῷ
2731 3936 2930 4007 Παύλῳ
2956 3937 3212 4009 Χριστός.
3245 3939 3517 4009 Ὄργανον
3546 3937 3642 3994 οὖν
3672 3941 3790 4012 ἀρα
3818 3947 3923 3998 καῖ

2308 4029 2498 4100 ὥσπερ
2530 4046 2582 4081 τι
2614 4026 2807 4091 σκεῦός
2850 4031 3034 4095 ἐστιν,
3088 4031 3169 4089 εἰς
3204 4030 3363 4095 δόξαν
3394 4036 3851 4105 κατηρτισμένον
3885 4041 3916 4090 ὸ

2308 4121 2653 4191 Μονογενὴς,
2697 4122 2791 4174 καὶ
2824 4120 3011 4174 διοίσει
3056 4122 3156 4193 μὲν
3186 4123 3342 4176 οὐδὲν
3380 4123 3544 4178 αὐλοῦ
3580 4127 3678 4179 καὶ
3710 4127 3925 4199 λύρας,

2309 4217 2485 4269 έκεῖνο
2510 4215 2722 4285 φωνῶν,
2740 4215 2877 4286 ὅπερ
2899 4216 2964 4270 ἂν
2990 4216 3298 4285 ὲμπνέηται
3319 4217 3503 4287 τυχὸν,
3523 4218 3695 4288 ἤγουν
3709 4219 3915 4291 εὐρύθ‹

2313 4324 2431 4379 μως
2482 4308 2849 4379 ἀναμελῳδεῖν
2888 4306 2966 4379 τῷ
3000 4307 3262 4379 πλήκτρῳ
3305 4308 3600 4381 κελεύηται
3625 4327 3639 4339 '
3668 4313 3830 4365 ἔσται
3858 4314 3915 4366 δὲ

2310 4400 2453 4455 οὕτω
2480 4401 2819 4472 παράδεκτος
2848 4404 2927 4466 είς
2960 4401 3415 4472 θαυματουργίαν
3444 4401 3523 4472 τῷ
3570 4404 3750 4475 Πατρὶ
3778 4445 3795 4467 ,
3836 4406 3915 4469 ὡς

609 4488 931 4544 excluditur
968 4497 1030 4543 ut
1070 4503 1181 4545 non
1215 4490 1290 4545 sit
1329 4499 1527 4546 natura
1569 4490 1737 4553 Deus,
1777 4489 2058 4558 quomodo
2094 4503 2202 4542 non

2313 4492 2379 4547 ἂν
2410 4495 2584 4546 νοοῖτο
2627 4493 2791 4563 τυχὸν
2825 4492 3025 4564 πρίων,
3056 4493 3089 4559 ἢ
3130 4491 3442 4564 σκέπαρνον
3473 4495 3589 4557 τοῖς
3637 4473 3809 4549 εἰδόσι
3854 4496 3917 4548 τὸ

609 4597 739 4638 vere
776 4581 1018 4639 dicimus
1054 4597 1179 4638 eum
1215 4584 1359 4639 inter
1389 4591 1678 4640 creaturas
1707 4581 2042 4635 collocatum
2073 4594 2208 4633 con-

609 4682 961 4731 numeratum
1011 4690 1159 4742 esse,
1211 4683 1376 4747 atque
1425 4674 1782 4730 instrumenti
1833 4674 1954 4727 loco
1993 4686 2211 4726 assum-

609 4775 787 4837 ptum,
837 4775 893 4823 et
940 4783 1043 4839 pro
1100 4767 1333 4825 Domino
1383 4770 1703 4825 ministrum
1752 4765 1976 4821 tandem
2032 4763 2207 4818 videri

609 4858 837 4925 Filium,
865 4861 961 4929 qui
997 4859 1111 4917 Deo
1147 4876 1211 4914 ac
1241 4859 1393 4916 Patri
1423 4862 1654 4923 assidet,
1683 4861 1793 4914 imo
1824 4874 1895 4914 ne
1926 4872 2056 4912 vere
2084 4857 2212 4927 qui-

610 4952 736 5008 dem
758 4966 884 5007 esse
909 4950 1153 5006 Filium?
1185 4951 1298 5008 Nec
1328 4954 1478 5009 enim
1510 4951 1662 5024 quod
1695 4948 2056 5005 instrumenti
2090 4949 2213 5004 loco

613 5044 841 5115 ponitur
872 5060 974 5114 pro
1010 5042 1153 5099 Filio
1186 5047 1314 5116 quis
1348 5047 1605 5116 accipiet.
1640 5045 2075 5100 lnstrumentum
2105 5042 2213 5098 ita-

610 5152 723 5207 que
756 5153 874 5193 sua:
908 5139 1047 5194 artis
1081 5149 1175 5194 aut
1204 5141 1508 5211 sapientiae
1547 5138 1712 5194 Pater
1753 5140 1969 5210 genuit,
2003 5148 2060 5193 et
2110 5138 2213 5192 ali-

614 5228 747 5299 quid
794 5230 946 5285 aliud
984 5246 1151 5301 quam
1194 5232 1342 5302 quod
1384 5233 1505 5303 ipse
1537 5233 1611 5287 sit
1661 5231 1925 5303 genuisse
1969 5231 2211 5286 videtur.

614 5319 685 5374 At
714 5321 996 5390 quomodo
1023 5320 1139 5377 fieri
1172 5322 1307 5376 illud
1335 5330 1538 5392 potest,
1573 5330 1670 5375 aut
1709 5320 1993 5391 quomodo
2020 5322 2214 5378 istius-

614 5414 767 5470 modi
801 5415 1066 5485 quiddam
1108 5416 1165 5471 in
1214 5418 1461 5471 animum
1499 5416 1606 5470 sibi
1643 5415 1935 5483 reducere,
1973 5431 2084 5471 non
2126 5424 2211 5472 est

618 5507 1045 5563 stultissimum?
1073 5508 1193 5565 Nisi
1230 5525 1362 5579 ergo
1402 5508 1600 5563 Filium
1637 5511 2070 5567 instrumentum
2117 5520 2211 5565 aut

616 5597 942 5655 ministrum
997 5600 1319 5657 existimare
1361 5602 1690 5668 cessaveris,
1738 5619 1975 5673 eumque
2022 5618 2206 5657 veram

620 5689 938 5759 genituram
989 5706 1115 5747 esse
1160 5706 1268 5746 non
1329 5674 1647 5759 admittens,
1698 5693 2031 5749 inell'abilem
2089 5694 2212 5763 ejus

625 5783 1064 5850 generationem,
1087 5800 1153 5841 ex
1170 5786 1480 5842 substantia
1511 5786 1602 5843 Dei
1627 5803 1690 5842 ac
1717 5787 1900 5842 Patris
1928 5787 2210 5851 nimirum,

628 5877 940 5948 negaveris,
988 5876 1044 5935 in
1092 5877 1270 5953 ipsam
1310 5879 1590 5937 Genitoris
1643 5880 1873 5951 gloriam
1929 5885 2209 5936 contume-

2314 4582 2653 4655 ξυλουργεῐν.
2691 4578 2829 4637 Εἶτα
2866 4585 2919 4637 τί
2960 4583 3152 4636 τούτου
3200 4583 3698 4656 παραλογώτερονς
3750 4586 3916 4641 Οῦτω

2312 4676 2423 4746 γὰρ
2453 4674 2592 4747 ἔχων
2624 4675 2861 4744 φύσεως,
2894 4676 3145 4747 καθάπερ
3171 4676 3372 4729 ἐκεῖνοί
3398 4693 3585 4746 φασιν,
3625 4677 3914 4748 ἀλλότριος

2316 4768 2469 4822 ἔσται
2500 4768 2780 4831 παντελῶς
2816 4767 2909 4821 τοῦ
2954 4768 3089 4821 Θεοῦ
3129 4770 3224 4821 καὶ
3256 4769 3496 4838 Πατρὸς,
3536 4770 3660 4823 ὅσον
3702 4771 3824 4823 ἐστὶ
3854 4771 3916 4824 τὸ
3962 4831 3977 4839 ο

2316 4858 2455 4914 εἶναι
2487 4862 2645 4929 φύσει
2674 4860 2808 4923 Θεὸς
2847 4862 2906 4915 ἐν
2949 4861 3079 4929 ἡμῖν
3104 4899 3119 4922 ,
3170 4861 3264 4913 καὶ
3308 4860 3498 4930 ἕτερος
3556 4861 3692 4933 παρ’
3746 4865 3914 4917 αὐτὸν

2315 4953 2510 5018 οὐδείς.
2552 4955 2616 5009 Εἰ
2658 4953 2715 5007 δὲ
2763 4954 2862 5024 τῆς
2908 4953 3003 5006 τοῦ
3044 4954 3261 5025 Πατρὸς
3301 4954 3491 5018 οὐσίας
3535 4958 3564 5009 ὁ
3595 4954 3731 5020 Υἱὸς
3776 4958 3914 5011 ἀποσ

2318 5045 2668 5119 σχοινίζεται,
2698 5047 2840 5100 κατά
2878 5063 2941 5115 γε
2992 5046 3053 5100 τὸ
3094 5043 3233 5101 εἶναι
3270 5046 3433 5115 φύσει
3471 5047 3629 5111 Θεὸς,
3666 5048 3784 5113 πῶς
3812 5052 3913 5104 οὐκ

2317 5137 2535 5209 ἀληθῶς
2562 5137 2661 5210 ἤδη
2708 5136 2910 5207 φαμὲν,
2956 5138 3136 5207 ὅτιτῇ
3188 5137 3365 5190 κτίσει
3418 5137 3788 5192 συντέτακται
3817 5142 3912 5193 καὶ

2319 5230 2722 5301 συνηρίθμηται
2765 5232 2879 5292 τοῖς
2909 5230 3215 5299 ποιήμασι,
3253 5228 3349 5282 καὶ
3394 5230 3453 5282 ἐν
3487 5229 3729 5300 ὀργάνου
3770 5250 3911 5303 παρ.

2319 5322 2529 5393 ελήφθη
2576 5321 2777 5392 χρεία,
2819 5322 2914 5373 καὶ
2958 5320 3233 5391 ὑπουργὸς
3281 5322 3417 5390 ἡμῖν
3464 5322 3588 5375 ἀντὶ⁵
3646 5322 3909 5376 δεσπότου

2321 5412 2562 5481 πέφηνεν
2586 5410 2686 5482 ἤδη
2718 5409 2901 5462 λοιπὸν
2926 5411 2954 5461 ὁ
2981 5406 3060 5477 τῷ
3088 5407 3207 5479 Θεῷ
3241 5408 3336 5461 καὶ
3368 5409 3545 5480 Πατρὶ
3575 5408 3911 5479 συνεδρεύων

2320 5505 2447 5567 Υἱὸς
2472 5544 2487 5566 ,
2522 5502 2725 5574 μᾶλλον
2761 5501 2818 5554 δὲ
2851 5499 2974 5553 οὐδὲ
3016 5500 3145 5562 Υἱός
3170 5502 3287 5553 ἐστι
3332 5500 3475 5553 κατά
3501 5500 3801 5572 ἀλήθειανς
3837 5501 3908 5552 Οὐ
3938 5551 3943 5554 .

2318 5599 2427 5670 γὰρ
2467 5598 2528 5650 τὸ
2571 5599 2629 5649 ὲν
2677 5596 2909 5667 ὀργάνου
2943 5593 3096 5657 τάξει
3133 5593 3290 5647 τεθὲν
3320 5596 3401 5655 εἰς
3428 5592 3559 5645 Υίόν
3588 5611 3677 5657 τις
3717 5594 3906 5663 νοήσαι

2324 5694 2417 5746 καὶ
2459 5688 2841 5762 παραδέξαιτο.
2893 5686 3208 5757 Ἐργαλεῖον
3254 5681 3349 5739 οὖν
3390 5685 3500 5756 ἄρα
3532 5685 3636 5756 τῆς
3683 5684 3907 5755 ἐνούσης

2324 5781 2473 5852 αὐτῷ
2515 5781 2708 5851 τέχνης
2740 5780 2856 5848 ἦτοι
2896 5779 3088 5848 σοφίας
3117 5778 3304 5831 ἔτεκεν
3334 5782 3362 5832 ὁ
3409 5780 3625 5852 Πατὴρ,
3667 5782 3762 5832 καὶ
3796 5781 3909 5833 ἕτε-

2326 5877 2414 5931 οόν
2456 5893 2508 5928 τι
2558 5873 2684 5944 παρ’
2730 5874 2865 5953 ὅπερ
2918 5872 3065 5927 ἐστὶν
3114 5872 3275 5938 αὐτὸς
3326 5875 3651 5948 ἀποκυήσας
3694 5875 3905 5946 ὁρᾶται.
