  <div class='ocr_page' id='page_1' title='image "/cluster/home/n/w/nwhite01/storage/ocr_20150623/74/hvd.32044019207919/120.png"; bbox 0 0 4096 6500; ppageno 0'>
   <div class='ocr_carea' id='block_1_1' title="bbox 68 363 200 424">
    <p class='ocr_par' dir='ltr' id='par_1_1' title="bbox 68 363 200 424">
     <span class='ocr_line' id='line_1_1' title="bbox 68 363 200 424; baseline 0.008 -1"><span class='ocrx_word' id='word_1_1' title='bbox 68 363 200 424; x_wconf 70' lang='lat'><strong>223</strong></span> 
     </span>
    </p>
   </div>
   <div class='ocr_carea' id='block_1_2' title="bbox 1224 348 2394 415">
    <p class='ocr_par' dir='ltr' id='par_1_2' title="bbox 1224 348 2394 415">
     <span class='ocr_line' id='line_1_2' title="bbox 1224 348 2394 415; baseline -0.003 -2"><span class='ocrx_word' id='word_1_2' title='bbox 1224 358 1296 414; x_wconf 76' lang='lat' dir='ltr'><strong>1N</strong></span> <span class='ocrx_word' id='word_1_3' title='bbox 1331 354 1620 415; x_wconf 77' lang='lat' dir='ltr'><strong>JOANNIS</strong></span> <span class='ocrx_word' id='word_1_4' title='bbox 1638 348 2094 412; x_wconf 72' lang='lat' dir='ltr'><strong>EVANGELIUM</strong></span> <span class='ocrx_word' id='word_1_5' title='bbox 2136 354 2262 412; x_wconf 80' lang='lat' dir='ltr'><strong>LIB.</strong></span> <span class='ocrx_word' id='word_1_6' title='bbox 2299 355 2394 411; x_wconf 77' lang='lat' dir='ltr'><strong>IX.</strong></span> 
     </span>
    </p>
   </div>
   <div class='ocr_carea' id='block_1_3' title="bbox 3293 359 3400 415">
    <p class='ocr_par' dir='ltr' id='par_1_3' title="bbox 3293 359 3400 415">
     <span class='ocr_line' id='line_1_3' title="bbox 3293 359 3400 415; baseline -0.009 0"><span class='ocrx_word' id='word_1_7' title='bbox 3293 359 3400 415; x_wconf 64' lang='lat'><strong>326</strong></span> 
     </span>
    </p>
   </div>
   <div class='ocr_carea' id='block_1_4' title="bbox 67 444 1720 548">
    <p class='ocr_par' dir='ltr' id='par_1_4' title="bbox 67 471 1712 548">
     <span class='ocr_line' id='line_1_4' title="bbox 67 471 1712 548; baseline -0.007 -13"><span class='ocrx_word' id='word_1_8' title='bbox 67 480 207 535; x_wconf 71' lang='grc' dir='ltr'>Καὶ</span> <span class='ocrx_word' id='word_1_9' title='bbox 258 480 397 545; x_wconf 73' lang='grc' dir='ltr'><strong>πῶς</strong></span> <span class='ocrx_word' id='word_1_10' title='bbox 426 480 492 536; x_wconf 72' lang='grc' dir='ltr'>ἂν</span> <span class='ocrx_word' id='word_1_11' title='bbox 522 476 823 548; x_wconf 73' lang='grc' dir='ltr'>ινδέχοιτο;</span> <span class='ocrx_word' id='word_1_12' title='bbox 854 474 971 538; x_wconf 89' lang='grc' dir='ltr'><strong>πῶς</strong></span> <span class='ocrx_word' id='word_1_13' title='bbox 999 472 1057 528; x_wconf 75' lang='grc' dir='ltr'>δὶ</span> <span class='ocrx_word' id='word_1_14' title='bbox 1084 471 1185 527; x_wconf 71' lang='grc' dir='ltr'><strong>οὐκ</strong></span> <span class='ocrx_word' id='word_1_15' title='bbox 1207 472 1401 543; x_wconf 74' lang='grc' dir='ltr'>εὔηθες</span> <span class='ocrx_word' id='word_1_16' title='bbox 1431 471 1712 535; x_wconf 75' lang='grc' dir='ltr'><strong>παντελῶς</strong></span> 
     </span>
    </p>
   </div>
   <div class='ocr_carea' id='block_1_5' title="bbox 1821 444 3403 548">
    <p class='ocr_par' dir='ltr' id='par_1_5' title="bbox 1821 444 3403 544">
     <span class='ocr_line' id='line_1_5' title="bbox 1821 444 3403 544; baseline 0.004 -20"><span class='ocrx_word' id='word_1_17' title='bbox 1821 470 1993 527; x_wconf 89' lang='lat' dir='ltr'><strong>Iiosus</strong></span> <span class='ocrx_word' id='word_1_18' title='bbox 2023 476 2155 527; x_wconf 90' lang='lat' dir='ltr'><strong>eris.</strong></span> <span class='ocrx_word' id='word_1_19' title='bbox 2191 471 2301 527; x_wconf 86' lang='lat' dir='ltr'><strong>Nec</strong></span> <span class='ocrx_word' id='word_1_20' title='bbox 2331 471 2481 528; x_wconf 92' lang='lat' dir='ltr'><strong>enim</strong></span> <span class='ocrx_word' id='word_1_21' title='bbox 2511 472 2654 527; x_wconf 88' lang='lat' dir='ltr'><strong>ultra</strong></span> <span class='ocrx_word' id='word_1_22' title='bbox 2682 470 2844 527; x_wconf 87' lang='lat' dir='ltr'><strong>Pater</strong></span> <span class='ocrx_word' id='word_1_23' title='bbox 2882 472 3046 544; x_wconf 77' lang='lat'><strong>790</strong></span> <span class='ocrx_word' id='word_1_24' title='bbox 3073 444 3200 530; x_wconf 84' lang='lat' dir='ltr'><strong>vere</strong></span> <span class='ocrx_word' id='word_1_25' title='bbox 3238 473 3403 531; x_wconf 82' lang='lat' dir='ltr'><strong>Pater</strong></span> 
     </span>
    </p>
   </div>
   <div class='ocr_carea' id='block_1_6' title="bbox 64 565 1713 636">
    <p class='ocr_par' dir='ltr' id='par_1_6' title="bbox 64 565 1713 636">
     <span class='ocr_line' id='line_1_6' title="bbox 64 565 1713 636; baseline -0.003 -14"><span class='ocrx_word' id='word_1_26' title='bbox 64 572 130 622; x_wconf 75' lang='grc' dir='ltr'>τὸ</span> <span class='ocrx_word' id='word_1_27' title='bbox 174 577 358 626; x_wconf 72' lang='grc' dir='ltr'>νοεῖν</span> <span class='ocrx_word' id='word_1_28' title='bbox 392 590 444 625; x_wconf 87' lang='grc' dir='ltr'><strong>τι</strong></span> <span class='ocrx_word' id='word_1_29' title='bbox 492 568 767 635; x_wconf 79' lang='grc' dir='ltr'>τοιοῦτον;</span> <span class='ocrx_word' id='word_1_30' title='bbox 813 569 927 622; x_wconf 69' lang='grc' dir='ltr'>Οὐκ</span> <span class='ocrx_word' id='word_1_31' title='bbox 977 566 1294 633; x_wconf 75' lang='grc' dir='ltr'><strong>ἀπαλλάξας</strong></span> <span class='ocrx_word' id='word_1_32' title='bbox 1334 566 1515 619; x_wconf 78' lang='grc' dir='ltr'><strong>τοίνυν</strong></span> <span class='ocrx_word' id='word_1_33' title='bbox 1547 565 1713 636; x_wconf 65' lang='grc' dir='ltr'>όργαα</span> 
     </span>
    </p>
   </div>
   <div class='ocr_carea' id='block_1_7' title="bbox 62 655 1716 732">
    <p class='ocr_par' dir='ltr' id='par_1_7' title="bbox 62 655 1716 732">
     <span class='ocr_line' id='line_1_7' title="bbox 62 655 1716 732; baseline -0.005 -18"><span class='ocrx_word' id='word_1_34' title='bbox 62 661 280 732; x_wconf 76' lang='grc' dir='ltr'>νικῆς</span> <span class='ocrx_word' id='word_1_35' title='bbox 312 680 377 717; x_wconf 80' lang='grc' dir='ltr'><strong>τε</strong></span> <span class='ocrx_word' id='word_1_36' title='bbox 415 663 507 716; x_wconf 74' lang='grc' dir='ltr'><strong>καὶ</strong></span> <span class='ocrx_word' id='word_1_37' title='bbox 531 659 809 730; x_wconf 71' lang='grc' dir='ltr'><strong>οἰκετικῆς</strong></span> <span class='ocrx_word' id='word_1_38' title='bbox 839 656 1158 730; x_wconf 66' lang='grc' dir='ltr'>ὑπολήψεως</span> <span class='ocrx_word' id='word_1_39' title='bbox 1185 656 1275 709; x_wconf 74' lang='grc' dir='ltr'><strong>τὸν</strong></span> <span class='ocrx_word' id='word_1_40' title='bbox 1300 655 1448 720; x_wconf 81' lang='grc' dir='ltr'>Υἰὺν,</span> <span class='ocrx_word' id='word_1_41' title='bbox 1471 655 1716 724; x_wconf 83' lang='grc' dir='ltr'>γέννημα</span> 
     </span>
    </p>
   </div>
   <div class='ocr_carea' id='block_1_8' title="bbox 61 745 1717 824">
    <p class='ocr_par' dir='ltr' id='par_1_8' title="bbox 61 745 1717 824">
     <span class='ocr_line' id='line_1_8' title="bbox 61 745 1717 824; baseline -0.004 -19"><span class='ocrx_word' id='word_1_42' title='bbox 61 754 126 805; x_wconf 72' lang='grc' dir='ltr'>δὲ</span> <span class='ocrx_word' id='word_1_43' title='bbox 168 754 360 807; x_wconf 77' lang='grc' dir='ltr'>κατὰ</span> <span class='ocrx_word' id='word_1_44' title='bbox 394 752 651 824; x_wconf 76' lang='grc' dir='ltr'>ἀλήθειαν</span> <span class='ocrx_word' id='word_1_45' title='bbox 685 750 964 821; x_wconf 82' lang='grc' dir='ltr'>ὁμολογῶν</span> <span class='ocrx_word' id='word_1_46' title='bbox 1008 749 1170 803; x_wconf 73' lang='grc' dir='ltr'>αὑτὸν</span> <span class='ocrx_word' id='word_1_47' title='bbox 1199 748 1452 817; x_wconf 77' lang='grc' dir='ltr'>οὐδαμῶς</span> <span class='ocrx_word' id='word_1_48' title='bbox 1473 787 1487 810; x_wconf 88' lang='grc'><strong>,</strong></span> <span class='ocrx_word' id='word_1_49' title='bbox 1517 745 1717 817; x_wconf 79' lang='grc' dir='ltr'>ἀρνού-</span> 
     </span>
    </p>
   </div>
   <div class='ocr_carea' id='block_1_9' title="bbox 65 837 1719 916">
    <p class='ocr_par' dir='ltr' id='par_1_9' title="bbox 65 837 1719 916">
     <span class='ocr_line' id='line_1_9' title="bbox 65 837 1719 916; baseline -0.007 -17"><span class='ocrx_word' id='word_1_50' title='bbox 65 865 290 916; x_wconf 77' lang='grc' dir='ltr'>μενος</span> <span class='ocrx_word' id='word_1_51' title='bbox 324 849 388 901; x_wconf 88' lang='grc' dir='ltr'>δὲ</span> <span class='ocrx_word' id='word_1_52' title='bbox 420 849 519 916; x_wconf 79' lang='grc' dir='ltr'><strong>τὴν</strong></span> <span class='ocrx_word' id='word_1_53' title='bbox 549 845 789 916; x_wconf 77' lang='grc' dir='ltr'>ἄρρητον</span> <span class='ocrx_word' id='word_1_54' title='bbox 834 842 1087 911; x_wconf 79' lang='grc' dir='ltr'>γέννησιν</span> <span class='ocrx_word' id='word_1_55' title='bbox 1113 884 1127 906; x_wconf 89' lang='grc'><strong>,</strong></span> <span class='ocrx_word' id='word_1_56' title='bbox 1176 841 1273 912; x_wconf 83' lang='grc' dir='ltr'>τὴν</span> <span class='ocrx_word' id='word_1_57' title='bbox 1304 842 1367 893; x_wconf 83' lang='grc' dir='ltr'>ὲκ</span> <span class='ocrx_word' id='word_1_58' title='bbox 1404 839 1505 907; x_wconf 84' lang='grc' dir='ltr'><strong>τῆς</strong></span> <span class='ocrx_word' id='word_1_59' title='bbox 1533 837 1719 900; x_wconf 77' lang='grc' dir='ltr'><strong>οὐσίας</strong></span> 
     </span>
    </p>
   </div>
   <div class='ocr_carea' id='block_1_10' title="bbox 62 930 1715 1007">
    <p class='ocr_par' dir='ltr' id='par_1_10' title="bbox 62 930 1715 1007">
     <span class='ocr_line' id='line_1_10' title="bbox 62 930 1715 1007; baseline -0.005 -17"><span class='ocrx_word' id='word_1_60' title='bbox 62 939 188 991; x_wconf 77' lang='grc' dir='ltr'>τοῦ</span> <span class='ocrx_word' id='word_1_61' title='bbox 246 939 409 993; x_wconf 75' lang='grc' dir='ltr'>Θεοῦ</span> <span class='ocrx_word' id='word_1_62' title='bbox 454 938 547 993; x_wconf 76' lang='grc' dir='ltr'>καὶ</span> <span class='ocrx_word' id='word_1_63' title='bbox 604 935 820 1007; x_wconf 80' lang='grc' dir='ltr'><strong>Πατρός</strong></span> <span class='ocrx_word' id='word_1_64' title='bbox 876 951 1055 1005; x_wconf 86' lang='grc' dir='ltr'>φημι,</span> <span class='ocrx_word' id='word_1_65' title='bbox 1111 933 1283 1004; x_wconf 74' lang='grc' dir='ltr'>αὐτὴν</span> <span class='ocrx_word' id='word_1_66' title='bbox 1315 932 1594 1001; x_wconf 83' lang='grc' dir='ltr'><strong>ἀδικήσεις</strong></span> <span class='ocrx_word' id='word_1_67' title='bbox 1619 930 1715 983; x_wconf 77' lang='grc' dir='ltr'>τοῦ</span> 
     </span>
    </p>
   </div>
   <div class='ocr_carea' id='block_1_11' title="bbox 66 1024 1717 1103">
    <p class='ocr_par' dir='ltr' id='par_1_11' title="bbox 66 1024 1717 1103">
     <span class='ocr_line' id='line_1_11' title="bbox 66 1024 1717 1103; baseline -0.003 -23"><span class='ocrx_word' id='word_1_68' title='bbox 66 1034 385 1096; x_wconf 78' lang='grc' dir='ltr'><strong>τεκόντος</strong></span> <span class='ocrx_word' id='word_1_69' title='bbox 416 1034 511 1103; x_wconf 81' lang='grc' dir='ltr'><strong>τὴν</strong></span> <span class='ocrx_word' id='word_1_70' title='bbox 546 1029 724 1095; x_wconf 79' lang='grc' dir='ltr'>δόξαν.</span> <span class='ocrx_word' id='word_1_71' title='bbox 758 1030 873 1081; x_wconf 75' lang='grc' dir='ltr'>Οὐκ</span> <span class='ocrx_word' id='word_1_72' title='bbox 918 1027 999 1081; x_wconf 76' lang='grc' dir='ltr'>ἔτι</span> <span class='ocrx_word' id='word_1_73' title='bbox 1042 1028 1150 1097; x_wconf 79' lang='grc' dir='ltr'>γὰρ</span> <span class='ocrx_word' id='word_1_74' title='bbox 1180 1027 1331 1080; x_wconf 76' lang='grc' dir='ltr'>ἔσται</span> <span class='ocrx_word' id='word_1_75' title='bbox 1366 1025 1556 1096; x_wconf 80' lang='grc' dir='ltr'>Πατὴρ</span> <span class='ocrx_word' id='word_1_76' title='bbox 1596 1024 1717 1076; x_wconf 82' lang='grc' dir='ltr'>κατ’</span> 
     </span>
    </p>
   </div>
   <div class='ocr_carea' id='block_1_12' title="bbox 70 1115 1719 1193">
    <p class='ocr_par' dir='ltr' id='par_1_12' title="bbox 70 1115 1719 1193">
     <span class='ocr_line' id='line_1_12' title="bbox 70 1115 1719 1193; baseline 0.005 -21"><span class='ocrx_word' id='word_1_77' title='bbox 70 1121 399 1193; x_wconf 74' lang='grc' dir='ltr'>ἀλήθειαν</span> <span class='ocrx_word' id='word_1_78' title='bbox 446 1126 474 1177; x_wconf 86' lang='grc' dir='ltr'><strong>ὸ</strong></span> <span class='ocrx_word' id='word_1_79' title='bbox 516 1123 728 1192; x_wconf 86' lang='grc' dir='ltr'>Πατήρ.</span> <span class='ocrx_word' id='word_1_80' title='bbox 790 1121 848 1173; x_wconf 81' lang='grc' dir='ltr'>Ὀ</span> <span class='ocrx_word' id='word_1_81' title='bbox 896 1120 1005 1191; x_wconf 83' lang='grc' dir='ltr'><strong>γὰρ</strong></span> <span class='ocrx_word' id='word_1_82' title='bbox 1050 1119 1126 1190; x_wconf 80' lang='grc' dir='ltr'><strong>μὴ</strong></span> <span class='ocrx_word' id='word_1_83' title='bbox 1174 1119 1439 1187; x_wconf 74' lang='grc' dir='ltr'><strong>γεννήσας</strong></span> <span class='ocrx_word' id='word_1_84' title='bbox 1480 1115 1615 1178; x_wconf 81' lang='grc' dir='ltr'>ὅλως</span> <span class='ocrx_word' id='word_1_85' title='bbox 1660 1115 1719 1181; x_wconf 64' lang='grc' dir='ltr'><strong>ἐξ</strong></span> 
     </span>
    </p>
   </div>
   <div class='ocr_carea' id='block_1_13' title="bbox 71 1205 1718 1283">
    <p class='ocr_par' dir='ltr' id='par_1_13' title="bbox 71 1205 1718 1283">
     <span class='ocr_line' id='line_1_13' title="bbox 71 1205 1718 1283; baseline -0.004 -19"><span class='ocrx_word' id='word_1_86' title='bbox 71 1213 351 1280; x_wconf 70' lang='grc' dir='ltr'>ἑαυτοῦ,</span> <span class='ocrx_word' id='word_1_87' title='bbox 391 1216 535 1278; x_wconf 86' lang='grc' dir='ltr'>τίνος</span> <span class='ocrx_word' id='word_1_88' title='bbox 590 1213 656 1267; x_wconf 81' lang='grc' dir='ltr'><strong>ἂν</strong></span> <span class='ocrx_word' id='word_1_89' title='bbox 712 1211 799 1283; x_wconf 80' lang='grc' dir='ltr'><strong>εἴη</strong></span> <span class='ocrx_word' id='word_1_90' title='bbox 851 1216 993 1265; x_wconf 83' lang='grc' dir='ltr'>κατὰ</span> <span class='ocrx_word' id='word_1_91' title='bbox 1048 1211 1211 1279; x_wconf 78' lang='grc' dir='ltr'>φύσιν</span> <span class='ocrx_word' id='word_1_92' title='bbox 1265 1210 1484 1280; x_wconf 75' lang='grc' dir='ltr'>πατήρς</span> <span class='ocrx_word' id='word_1_93' title='bbox 1538 1205 1718 1259; x_wconf 79' lang='grc' dir='ltr'>Ψευδ-</span> 
     </span>
    </p>
   </div>
   <div class='ocr_carea' id='block_1_14' title="bbox 70 1297 1718 1375">
    <p class='ocr_par' dir='ltr' id='par_1_14' title="bbox 70 1297 1718 1375">
     <span class='ocr_line' id='line_1_14' title="bbox 70 1297 1718 1375; baseline -0.001 -23"><span class='ocrx_word' id='word_1_94' title='bbox 70 1304 345 1375; x_wconf 62' lang='grc' dir='ltr'>ιζινυμος</span> <span class='ocrx_word' id='word_1_95' title='bbox 384 1301 477 1358; x_wconf 78' lang='grc' dir='ltr'><strong>οὖν</strong></span> <span class='ocrx_word' id='word_1_96' title='bbox 498 1307 607 1374; x_wconf 77' lang='grc' dir='ltr'>ἄρα</span> <span class='ocrx_word' id='word_1_97' title='bbox 651 1302 928 1366; x_wconf 80' lang='grc' dir='ltr'><strong>παντελῶς</strong></span> <span class='ocrx_word' id='word_1_98' title='bbox 958 1303 991 1371; x_wconf 89' lang='grc' dir='ltr'><strong>ή</strong></span> <span class='ocrx_word' id='word_1_99' title='bbox 1028 1301 1160 1368; x_wconf 84' lang='grc' dir='ltr'><strong>ἀγία</strong></span> <span class='ocrx_word' id='word_1_100' title='bbox 1202 1301 1405 1371; x_wconf 75' lang='grc' dir='ltr'>Τριάς,</span> <span class='ocrx_word' id='word_1_101' title='bbox 1445 1301 1583 1370; x_wconf 87' lang='grc' dir='ltr'>μήτε</span> <span class='ocrx_word' id='word_1_102' title='bbox 1623 1297 1718 1351; x_wconf 76' lang='grc' dir='ltr'>τοῦ</span> 
     </span>
    </p>
   </div>
   <div class='ocr_carea' id='block_1_15' title="bbox 76 1389 1719 1467">
    <p class='ocr_par' dir='ltr' id='par_1_15' title="bbox 76 1389 1719 1467">
     <span class='ocr_line' id='line_1_15' title="bbox 76 1389 1719 1467; baseline -0.001 -22"><span class='ocrx_word' id='word_1_103' title='bbox 76 1396 348 1467; x_wconf 71' lang='grc' dir='ltr'>[ἰατρὸς</span> <span class='ocrx_word' id='word_1_104' title='bbox 377 1398 533 1459; x_wconf 71' lang='grc' dir='ltr'>ὄντος</span> <span class='ocrx_word' id='word_1_105' title='bbox 562 1395 703 1449; x_wconf 86' lang='grc' dir='ltr'><strong>κατά</strong></span> <span class='ocrx_word' id='word_1_106' title='bbox 732 1395 993 1465; x_wconf 78' lang='grc' dir='ltr'>ἀλήθειαν</span> <span class='ocrx_word' id='word_1_107' title='bbox 1025 1393 1260 1465; x_wconf 73' lang='grc' dir='ltr'>Πατρὸς,</span> <span class='ocrx_word' id='word_1_108' title='bbox 1296 1394 1434 1463; x_wconf 82' lang='grc' dir='ltr'>μήτε</span> <span class='ocrx_word' id='word_1_109' title='bbox 1457 1393 1563 1463; x_wconf 79' lang='grc' dir='ltr'>μὴν</span> <span class='ocrx_word' id='word_1_110' title='bbox 1587 1389 1719 1444; x_wconf 79' lang='grc' dir='ltr'>Υἰοῦ</span> 
     </span>
    </p>
   </div>
   <div class='ocr_carea' id='block_1_16' title="bbox 78 1483 1719 1558">
    <p class='ocr_par' dir='ltr' id='par_1_16' title="bbox 78 1483 1719 1558">
     <span class='ocr_line' id='line_1_16' title="bbox 78 1483 1719 1558; baseline -0.001 -21"><span class='ocrx_word' id='word_1_111' title='bbox 78 1488 269 1541; x_wconf 67' lang='grc' dir='ltr'>κατὰ</span> <span class='ocrx_word' id='word_1_112' title='bbox 301 1488 475 1558; x_wconf 79' lang='grc' dir='ltr'>φύσιν</span> <span class='ocrx_word' id='word_1_113' title='bbox 507 1487 601 1541; x_wconf 78' lang='grc' dir='ltr'>τοῦ</span> <span class='ocrx_word' id='word_1_114' title='bbox 636 1486 795 1540; x_wconf 81' lang='grc' dir='ltr'><strong>Υἰοῦ·</strong></span> <span class='ocrx_word' id='word_1_115' title='bbox 832 1486 1192 1558; x_wconf 78' lang='grc' dir='ltr'><strong>ἀκολουθήσει</strong></span> <span class='ocrx_word' id='word_1_116' title='bbox 1225 1486 1281 1539; x_wconf 76' lang='grc' dir='ltr'>δὲ</span> <span class='ocrx_word' id='word_1_117' title='bbox 1313 1484 1595 1551; x_wconf 81' lang='grc' dir='ltr'><strong>ἀναλόγως</strong></span> <span class='ocrx_word' id='word_1_118' title='bbox 1639 1483 1719 1553; x_wconf 81' lang='grc' dir='ltr'>τῷ</span> 
     </span>
    </p>
   </div>
   <div class='ocr_carea' id='block_1_17' title="bbox 82 1576 1716 1653">
    <p class='ocr_par' dir='ltr' id='par_1_17' title="bbox 82 1576 1716 1653">
     <span class='ocr_line' id='line_1_17' title="bbox 82 1576 1716 1653; baseline -0.001 -23"><span class='ocrx_word' id='word_1_119' title='bbox 82 1579 461 1653; x_wconf 80' lang='grc' dir='ltr'>θεωρήματι</span> <span class='ocrx_word' id='word_1_120' title='bbox 501 1581 594 1634; x_wconf 73' lang='grc' dir='ltr'><strong>καὶ</strong></span> <span class='ocrx_word' id='word_1_121' title='bbox 636 1583 669 1650; x_wconf 84' lang='grc' dir='ltr'><strong>ή</strong></span> <span class='ocrx_word' id='word_1_122' title='bbox 717 1579 860 1633; x_wconf 85' lang='grc' dir='ltr'>κατὰ</span> <span class='ocrx_word' id='word_1_123' title='bbox 906 1579 1001 1631; x_wconf 76' lang='grc' dir='ltr'><strong>τοῦ</strong></span> <span class='ocrx_word' id='word_1_124' title='bbox 1055 1577 1371 1649; x_wconf 84' lang='grc' dir='ltr'>Πνεύματος</span> <span class='ocrx_word' id='word_1_125' title='bbox 1416 1576 1716 1648; x_wconf 77' lang='grc' dir='ltr'>δυσφημία.</span> 
     </span>
    </p>
   </div>
   <div class='ocr_carea' id='block_1_18' title="bbox 84 1669 1717 1743">
    <p class='ocr_par' dir='ltr' id='par_1_18' title="bbox 84 1669 1717 1743">
     <span class='ocr_line' id='line_1_18' title="bbox 84 1669 1717 1743; baseline -0.003 -18"><span class='ocrx_word' id='word_1_126' title='bbox 84 1673 345 1727; x_wconf 64' lang='lat' dir='ltr'><strong>033son</strong></span> <span class='ocrx_word' id='word_1_127' title='bbox 404 1672 757 1743; x_wconf 78' lang='grc' dir='ltr'>ἠπατήμεθα,</span> <span class='ocrx_word' id='word_1_128' title='bbox 805 1673 900 1726; x_wconf 79' lang='grc' dir='ltr'><strong>καί</strong></span> <span class='ocrx_word' id='word_1_129' title='bbox 943 1670 1259 1740; x_wconf 79' lang='grc' dir='ltr'>διέψευσται</span> <span class='ocrx_word' id='word_1_130' title='bbox 1300 1670 1399 1740; x_wconf 80' lang='grc' dir='ltr'>μὲν</span> <span class='ocrx_word' id='word_1_131' title='bbox 1424 1671 1457 1739; x_wconf 92' lang='grc' dir='ltr'><strong>ή</strong></span> <span class='ocrx_word' id='word_1_132' title='bbox 1495 1669 1717 1728; x_wconf 78' lang='grc' dir='ltr'>πίστις’</span> 
     </span>
    </p>
   </div>
   <div class='ocr_carea' id='block_1_19' title="bbox 86 1758 1720 1835">
    <p class='ocr_par' dir='ltr' id='par_1_19' title="bbox 86 1758 1720 1835">
     <span class='ocr_line' id='line_1_19' title="bbox 86 1758 1720 1835; baseline -0.004 -19"><span class='ocrx_word' id='word_1_133' title='bbox 86 1762 469 1835; x_wconf 70' lang='grc' dir='ltr'>ψευδομυθεῖ</span> <span class='ocrx_word' id='word_1_134' title='bbox 499 1763 555 1816; x_wconf 81' lang='grc' dir='ltr'><strong>δὲ</strong></span> <span class='ocrx_word' id='word_1_135' title='bbox 585 1766 616 1833; x_wconf 86' lang='grc' dir='ltr'><strong>ή</strong></span> <span class='ocrx_word' id='word_1_136' title='bbox 649 1762 783 1830; x_wconf 84' lang='grc' dir='ltr'>ἀγία</span> <span class='ocrx_word' id='word_1_137' title='bbox 825 1761 1018 1833; x_wconf 80' lang='grc' dir='ltr'>Γραφὴ</span> <span class='ocrx_word' id='word_1_138' title='bbox 1040 1800 1054 1825; x_wconf 93' lang='grc'><strong>,</strong></span> <span class='ocrx_word' id='word_1_139' title='bbox 1105 1761 1324 1832; x_wconf 82' lang='grc' dir='ltr'>Πατέρα</span> <span class='ocrx_word' id='word_1_140' title='bbox 1352 1758 1597 1813; x_wconf 76' lang='grc' dir='ltr'>καλοῦσα</span> <span class='ocrx_word' id='word_1_141' title='bbox 1628 1758 1720 1811; x_wconf 77' lang='grc' dir='ltr'><strong>τὸν</strong></span> 
     </span>
    </p>
   </div>
   <div class='ocr_carea' id='block_1_20' title="bbox 90 1850 1721 1926">
    <p class='ocr_par' dir='ltr' id='par_1_20' title="bbox 90 1850 1721 1926">
     <span class='ocr_line' id='line_1_20' title="bbox 90 1850 1721 1926; baseline -0.002 -18"><span class='ocrx_word' id='word_1_142' title='bbox 90 1854 259 1908; x_wconf 81' lang='grc' dir='ltr'>Θεόν</span> <span class='ocrx_word' id='word_1_143' title='bbox 278 1871 292 1883; x_wconf 78' lang='grc'><em>”</em></span> <span class='ocrx_word' id='word_1_144' title='bbox 326 1856 426 1908; x_wconf 70' lang='grc' dir='ltr'><strong>καὶ</strong></span> <span class='ocrx_word' id='word_1_145' title='bbox 450 1856 500 1907; x_wconf 85' lang='grc' dir='ltr'><strong>εἰ</strong></span> <span class='ocrx_word' id='word_1_146' title='bbox 533 1856 608 1926; x_wconf 89' lang='grc' dir='ltr'><strong>μή</strong></span> <span class='ocrx_word' id='word_1_147' title='bbox 637 1854 753 1907; x_wconf 72' lang='grc' dir='ltr'>ἐστι</span> <span class='ocrx_word' id='word_1_148' title='bbox 788 1852 930 1907; x_wconf 88' lang='grc' dir='ltr'><strong>κατά</strong></span> <span class='ocrx_word' id='word_1_149' title='bbox 957 1853 1121 1923; x_wconf 82' lang='grc' dir='ltr'>φύσιν</span> <span class='ocrx_word' id='word_1_150' title='bbox 1157 1853 1289 1917; x_wconf 80' lang='grc' dir='ltr'>Θεὸς</span> <span class='ocrx_word' id='word_1_151' title='bbox 1315 1854 1344 1905; x_wconf 83' lang='grc' dir='ltr'>ὁ</span> <span class='ocrx_word' id='word_1_152' title='bbox 1371 1850 1518 1916; x_wconf 80' lang='grc' dir='ltr'>Υἰδς,</span> <span class='ocrx_word' id='word_1_153' title='bbox 1554 1851 1628 1915; x_wconf 86' lang='grc' dir='ltr'>ὡς</span> <span class='ocrx_word' id='word_1_154' title='bbox 1656 1852 1721 1905; x_wconf 81' lang='grc' dir='ltr'>ὲκ</span> 
     </span>
    </p>
   </div>
   <div class='ocr_carea' id='block_1_21' title="bbox 92 1940 1719 2014">
    <p class='ocr_par' dir='ltr' id='par_1_21' title="bbox 92 1940 1719 2014">
     <span class='ocr_line' id='line_1_21' title="bbox 92 1940 1719 2014; baseline 0.001 -22"><span class='ocrx_word' id='word_1_155' title='bbox 92 1944 265 1997; x_wconf 69' lang='grc' dir='ltr'>θεοῦ</span> <span class='ocrx_word' id='word_1_156' title='bbox 289 1946 393 1998; x_wconf 81' lang='grc' dir='ltr'><strong>καί</strong></span> <span class='ocrx_word' id='word_1_157' title='bbox 415 1944 629 2014; x_wconf 65' lang='grc' dir='ltr'>Πατρός</span> <span class='ocrx_word' id='word_1_158' title='bbox 655 1941 959 2014; x_wconf 78' lang='grc' dir='ltr'>γεννηθεὶς,</span> <span class='ocrx_word' id='word_1_159' title='bbox 989 1940 1385 2013; x_wconf 85' lang='grc' dir='ltr'>πεπλανήμεθα</span> <span class='ocrx_word' id='word_1_160' title='bbox 1413 1941 1513 2011; x_wconf 76' lang='grc' dir='ltr'>μὲν</span> <span class='ocrx_word' id='word_1_161' title='bbox 1537 1942 1719 2011; x_wconf 76' lang='grc' dir='ltr'>ἡμεῖς,</span> 
     </span>
    </p>
   </div>
   <div class='ocr_carea' id='block_1_22' title="bbox 96 2032 1720 2107">
    <p class='ocr_par' dir='ltr' id='par_1_22' title="bbox 96 2032 1720 2107">
     <span class='ocr_line' id='line_1_22' title="bbox 96 2032 1720 2107; baseline -0.001 -20"><span class='ocrx_word' id='word_1_162' title='bbox 96 2036 598 2107; x_wconf 78' lang='grc' dir='ltr'>συμπεπλάνηται</span> <span class='ocrx_word' id='word_1_163' title='bbox 631 2035 688 2087; x_wconf 81' lang='grc' dir='ltr'>δὲ</span> <span class='ocrx_word' id='word_1_164' title='bbox 716 2036 827 2097; x_wconf 85' lang='grc' dir='ltr'>τοῖς</span> <span class='ocrx_word' id='word_1_165' title='bbox 852 2034 944 2087; x_wconf 73' lang='grc' dir='ltr'><strong>ἐπὶ</strong></span> <span class='ocrx_word' id='word_1_166' title='bbox 966 2034 1065 2104; x_wconf 77' lang='grc' dir='ltr'>τῆς</span> <span class='ocrx_word' id='word_1_167' title='bbox 1102 2033 1207 2103; x_wconf 85' lang='grc' dir='ltr'>γῆς</span> <span class='ocrx_word' id='word_1_168' title='bbox 1230 2034 1325 2087; x_wconf 73' lang='grc' dir='ltr'>καὶ</span> <span class='ocrx_word' id='word_1_169' title='bbox 1349 2034 1381 2104; x_wconf 89' lang='grc' dir='ltr'><strong>ή</strong></span> <span class='ocrx_word' id='word_1_170' title='bbox 1405 2032 1518 2086; x_wconf 78' lang='grc' dir='ltr'>ἄνω</span> <span class='ocrx_word' id='word_1_171' title='bbox 1544 2032 1720 2099; x_wconf 80' lang='grc' dir='ltr'>πόλις,</span> 
     </span>
    </p>
   </div>
   <div class='ocr_carea' id='block_1_23' title="bbox 96 2124 1721 2199">
    <p class='ocr_par' dir='ltr' id='par_1_23' title="bbox 96 2124 1721 2199">
     <span class='ocr_line' id='line_1_23' title="bbox 96 2124 1721 2199; baseline -0.001 -20"><span class='ocrx_word' id='word_1_172' title='bbox 96 2128 214 2180; x_wconf 70' lang='grc' dir='ltr'><strong>καὶ</strong></span> <span class='ocrx_word' id='word_1_173' title='bbox 253 2130 290 2199; x_wconf 79' lang='grc' dir='ltr'>ἠ</span> <span class='ocrx_word' id='word_1_174' title='bbox 324 2126 438 2181; x_wconf 88' lang='grc' dir='ltr'><strong>τῶν</strong></span> <span class='ocrx_word' id='word_1_175' title='bbox 464 2127 635 2195; x_wconf 82' lang='grc' dir='ltr'>ἁγίων</span> <span class='ocrx_word' id='word_1_176' title='bbox 666 2127 914 2195; x_wconf 86' lang='grc' dir='ltr'>ἀγγέλων</span> <span class='ocrx_word' id='word_1_177' title='bbox 961 2128 1326 2197; x_wconf 82' lang='grc' dir='ltr'>καθαρωτάτη</span> <span class='ocrx_word' id='word_1_178' title='bbox 1374 2124 1606 2197; x_wconf 82' lang='grc' dir='ltr'>πληθὺς,</span> <span class='ocrx_word' id='word_1_179' title='bbox 1640 2124 1721 2194; x_wconf 80' lang='grc' dir='ltr'>τῷ</span> 
     </span>
    </p>
   </div>
   <div class='ocr_carea' id='block_1_24' title="bbox 100 2217 1720 2289">
    <p class='ocr_par' dir='ltr' id='par_1_24' title="bbox 100 2217 1720 2289">
     <span class='ocr_line' id='line_1_24' title="bbox 100 2217 1720 2289; baseline -0.002 -17"><span class='ocrx_word' id='word_1_180' title='bbox 100 2220 276 2272; x_wconf 79' lang='grc' dir='ltr'>κατὰ</span> <span class='ocrx_word' id='word_1_181' title='bbox 327 2220 494 2287; x_wconf 68' lang='grc' dir='ltr'>φύσιν</span> <span class='ocrx_word' id='word_1_182' title='bbox 523 2219 641 2289; x_wconf 79' lang='grc' dir='ltr'><strong>Θεῷ</strong></span> <span class='ocrx_word' id='word_1_183' title='bbox 686 2217 1085 2282; x_wconf 70' lang='grc' dir='ltr'>συνδοξάξουσά</span> <span class='ocrx_word' id='word_1_184' title='bbox 1128 2236 1186 2271; x_wconf 86' lang='grc' dir='ltr'><strong>τε</strong></span> <span class='ocrx_word' id='word_1_185' title='bbox 1236 2219 1334 2271; x_wconf 74' lang='grc' dir='ltr'><strong>καὶ</strong></span> <span class='ocrx_word' id='word_1_186' title='bbox 1374 2234 1720 2289; x_wconf 81' lang='grc' dir='ltr'>συμπροσκυ-</span> 
     </span>
    </p>
   </div>
   <div class='ocr_carea' id='block_1_25' title="bbox 102 2306 1718 2378">
    <p class='ocr_par' dir='ltr' id='par_1_25' title="bbox 102 2306 1718 2378">
     <span class='ocr_line' id='line_1_25' title="bbox 102 2306 1718 2378; baseline -0.001 -16"><span class='ocrx_word' id='word_1_187' title='bbox 102 2308 322 2372; x_wconf 76' lang='grc' dir='ltr'>νοῦσα,</span> <span class='ocrx_word' id='word_1_188' title='bbox 361 2311 458 2364; x_wconf 71' lang='grc' dir='ltr'>καὶ</span> <span class='ocrx_word' id='word_1_189' title='bbox 497 2311 597 2363; x_wconf 81' lang='grc' dir='ltr'>οὒκ</span> <span class='ocrx_word' id='word_1_190' title='bbox 625 2306 724 2363; x_wconf 82' lang='grc' dir='ltr'>οἶδ’</span> <span class='ocrx_word' id='word_1_191' title='bbox 751 2310 899 2374; x_wconf 83' lang='grc' dir='ltr'>ὅπως</span> <span class='ocrx_word' id='word_1_192' title='bbox 927 2309 1230 2378; x_wconf 82' lang='grc' dir='ltr'>δοξολογεῖν</span> <span class='ocrx_word' id='word_1_193' title='bbox 1271 2307 1718 2378; x_wconf 84' lang='grc' dir='ltr'>ἀναπεπεισμένη</span> 
     </span>
    </p>
   </div>
   <div class='ocr_carea' id='block_1_26' title="bbox 102 2398 1719 2473">
    <p class='ocr_par' dir='ltr' id='par_1_26' title="bbox 102 2398 1719 2473">
     <span class='ocr_line' id='line_1_26' title="bbox 102 2398 1719 2473; baseline -0.002 -19"><span class='ocrx_word' id='word_1_194' title='bbox 102 2404 398 2473; x_wconf 74' lang='grc' dir='ltr'>θεοφόρον</span> <span class='ocrx_word' id='word_1_195' title='bbox 436 2419 491 2454; x_wconf 83' lang='grc' dir='ltr'><strong>τι</strong></span> <span class='ocrx_word' id='word_1_196' title='bbox 525 2400 739 2465; x_wconf 84' lang='grc' dir='ltr'>σκεῦος,</span> <span class='ocrx_word' id='word_1_197' title='bbox 771 2403 867 2455; x_wconf 73' lang='grc' dir='ltr'><strong>καὶ</strong></span> <span class='ocrx_word' id='word_1_198' title='bbox 893 2400 1004 2454; x_wconf 89' lang='grc' dir='ltr'><strong>τῶν</strong></span> <span class='ocrx_word' id='word_1_199' title='bbox 1027 2401 1349 2472; x_wconf 83' lang='grc' dir='ltr'>ποιημάτων</span> <span class='ocrx_word' id='word_1_200' title='bbox 1370 2400 1450 2465; x_wconf 81' lang='grc' dir='ltr'><strong>ἓν,</strong></span> <span class='ocrx_word' id='word_1_201' title='bbox 1481 2398 1625 2453; x_wconf 85' lang='grc' dir='ltr'>κατά</span> <span class='ocrx_word' id='word_1_202' title='bbox 1655 2415 1719 2468; x_wconf 80' lang='grc' dir='ltr'><strong>γε</strong></span> 
     </span>
    </p>
   </div>
   <div class='ocr_carea' id='block_1_27' title="bbox 107 2488 1721 2562">
    <p class='ocr_par' dir='ltr' id='par_1_27' title="bbox 107 2488 1721 2562">
     <span class='ocr_line' id='line_1_27' title="bbox 107 2488 1721 2562; baseline -0.002 -18"><span class='ocrx_word' id='word_1_203' title='bbox 107 2492 229 2562; x_wconf 74' lang='grc' dir='ltr'>τὴν</span> <span class='ocrx_word' id='word_1_204' title='bbox 271 2491 498 2545; x_wconf 70' lang='grc' dir='ltr'>ἐκείνων</span> <span class='ocrx_word' id='word_1_205' title='bbox 532 2490 885 2562; x_wconf 83' lang='grc' dir='ltr'>ἀϐελτηρίαν,</span> <span class='ocrx_word' id='word_1_206' title='bbox 919 2490 1085 2561; x_wconf 82' lang='grc' dir='ltr'>φημί.</span> <span class='ocrx_word' id='word_1_207' title='bbox 1118 2491 1179 2542; x_wconf 86' lang='grc' dir='ltr'>Εἰ</span> <span class='ocrx_word' id='word_1_208' title='bbox 1223 2489 1279 2542; x_wconf 84' lang='grc' dir='ltr'>δὲ</span> <span class='ocrx_word' id='word_1_209' title='bbox 1312 2488 1552 2559; x_wconf 84' lang='grc' dir='ltr'>βούλοιτό</span> <span class='ocrx_word' id='word_1_210' title='bbox 1590 2503 1721 2541; x_wconf 87' lang='grc' dir='ltr'>ποτε</span> 
     </span>
    </p>
   </div>
   <div class='ocr_carea' id='block_1_28' title="bbox 110 2579 1721 2651">
    <p class='ocr_par' dir='ltr' id='par_1_28' title="bbox 110 2579 1721 2651">
     <span class='ocr_line' id='line_1_28' title="bbox 110 2579 1721 2651; baseline -0.001 -18"><span class='ocrx_word' id='word_1_211' title='bbox 110 2584 229 2651; x_wconf 77' lang='grc' dir='ltr'><strong>τῆς</strong></span> <span class='ocrx_word' id='word_1_212' title='bbox 267 2584 347 2643; x_wconf 85' lang='grc' dir='ltr'><strong>εἰς</strong></span> <span class='ocrx_word' id='word_1_213' title='bbox 384 2582 473 2634; x_wconf 72' lang='grc' dir='ltr'><strong>τὸν</strong></span> <span class='ocrx_word' id='word_1_214' title='bbox 504 2581 631 2634; x_wconf 76' lang='grc' dir='ltr'>Υίὺν</span> <span class='ocrx_word' id='word_1_215' title='bbox 672 2580 913 2651; x_wconf 83' lang='grc' dir='ltr'>σχέσεως</span> <span class='ocrx_word' id='word_1_216' title='bbox 951 2580 1044 2632; x_wconf 85' lang='grc' dir='ltr'><strong>καὶ</strong></span> <span class='ocrx_word' id='word_1_217' title='bbox 1081 2582 1181 2649; x_wconf 86' lang='grc' dir='ltr'>τῆς</span> <span class='ocrx_word' id='word_1_218' title='bbox 1223 2580 1551 2651; x_wconf 74' lang='grc' dir='ltr'>ἐνοικήσεως</span> <span class='ocrx_word' id='word_1_219' title='bbox 1593 2579 1721 2631; x_wconf 65' lang='grc' dir='ltr'>ἀναν</span> 
     </span>
    </p>
   </div>
   <div class='ocr_carea' id='block_1_29' title="bbox 110 2669 1720 2743">
    <p class='ocr_par' dir='ltr' id='par_1_29' title="bbox 110 2669 1720 2743">
     <span class='ocr_line' id='line_1_29' title="bbox 110 2669 1720 2743; baseline -0.002 -18"><span class='ocrx_word' id='word_1_220' title='bbox 110 2675 335 2743; x_wconf 76' lang='grc' dir='ltr'>χωρεῖν</span> <span class='ocrx_word' id='word_1_221' title='bbox 372 2673 402 2724; x_wconf 85' lang='grc' dir='ltr'><strong>ό</strong></span> <span class='ocrx_word' id='word_1_222' title='bbox 445 2670 633 2743; x_wconf 83' lang='grc' dir='ltr'>Πατὴρ</span> <span class='ocrx_word' id='word_1_223' title='bbox 660 2712 675 2737; x_wconf 88' lang='grc'><strong>,</strong></span> <span class='ocrx_word' id='word_1_224' title='bbox 706 2672 856 2727; x_wconf 75' lang='grc' dir='ltr'>οὐδὲν</span> <span class='ocrx_word' id='word_1_225' title='bbox 890 2670 1082 2724; x_wconf 77' lang='grc' dir='ltr'>διοίσει</span> <span class='ocrx_word' id='word_1_226' title='bbox 1111 2671 1251 2740; x_wconf 83' lang='grc' dir='ltr'>τάχα</span> <span class='ocrx_word' id='word_1_227' title='bbox 1287 2669 1396 2723; x_wconf 84' lang='grc' dir='ltr'><strong>τῶν</strong></span> <span class='ocrx_word' id='word_1_228' title='bbox 1426 2669 1720 2739; x_wconf 88' lang='grc' dir='ltr'>διωλισθη-</span> 
     </span>
    </p>
   </div>
   <div class='ocr_carea' id='block_1_30' title="bbox 113 2759 1719 2834">
    <p class='ocr_par' dir='ltr' id='par_1_30' title="bbox 113 2759 1719 2834">
     <span class='ocr_line' id='line_1_30' title="bbox 113 2759 1719 2834; baseline 0 -21"><span class='ocrx_word' id='word_1_229' title='bbox 113 2762 309 2813; x_wconf 69' lang='grc' dir='ltr'>κόπων</span> <span class='ocrx_word' id='word_1_230' title='bbox 339 2761 438 2831; x_wconf 79' lang='grc' dir='ltr'>τῆς</span> <span class='ocrx_word' id='word_1_231' title='bbox 470 2762 602 2825; x_wconf 85' lang='grc' dir='ltr'>ἰδίας</span> <span class='ocrx_word' id='word_1_232' title='bbox 628 2764 804 2834; x_wconf 78' lang='grc' dir='ltr'>ἀρχῆς</span> <span class='ocrx_word' id='word_1_233' title='bbox 828 2802 843 2827; x_wconf 95' lang='grc'><strong>,</strong></span> <span class='ocrx_word' id='word_1_234' title='bbox 890 2762 1021 2816; x_wconf 81' lang='grc' dir='ltr'>ἴδιον</span> <span class='ocrx_word' id='word_1_235' title='bbox 1062 2762 1162 2833; x_wconf 83' lang='grc' dir='ltr'>μὲν</span> <span class='ocrx_word' id='word_1_236' title='bbox 1190 2762 1329 2833; x_wconf 76' lang='grc' dir='ltr'>ἔχων</span> <span class='ocrx_word' id='word_1_237' title='bbox 1358 2761 1511 2815; x_wconf 81' lang='grc' dir='ltr'>οὐδὲν</span> <span class='ocrx_word' id='word_1_238' title='bbox 1533 2802 1549 2826; x_wconf 85' lang='grc'><strong>,</strong></span> <span class='ocrx_word' id='word_1_239' title='bbox 1594 2759 1719 2813; x_wconf 72' lang='grc' dir='ltr'>οὔτε</span> 
     </span>
    </p>
   </div>
   <div class='ocr_carea' id='block_1_31' title="bbox 115 2852 1720 2927">
    <p class='ocr_par' dir='ltr' id='par_1_31' title="bbox 115 2852 1720 2927">
     <span class='ocr_line' id='line_1_31' title="bbox 115 2852 1720 2927; baseline -0.001 -20"><span class='ocrx_word' id='word_1_240' title='bbox 115 2854 240 2923; x_wconf 79' lang='grc' dir='ltr'>μὴν</span> <span class='ocrx_word' id='word_1_241' title='bbox 272 2854 333 2906; x_wconf 79' lang='grc' dir='ltr'>έν</span> <span class='ocrx_word' id='word_1_242' title='bbox 367 2855 473 2924; x_wconf 75' lang='grc' dir='ltr'>ἰδίᾳ</span> <span class='ocrx_word' id='word_1_243' title='bbox 507 2854 666 2924; x_wconf 76' lang='grc' dir='ltr'>φύσει</span> <span class='ocrx_word' id='word_1_244' title='bbox 712 2857 805 2908; x_wconf 79' lang='grc' dir='ltr'>τὸν</span> <span class='ocrx_word' id='word_1_245' title='bbox 834 2857 1175 2926; x_wconf 79' lang='grc' dir='ltr'>γεννήσαντα</span> <span class='ocrx_word' id='word_1_246' title='bbox 1218 2854 1420 2927; x_wconf 82' lang='grc' dir='ltr'><strong>φέρων,</strong></span> <span class='ocrx_word' id='word_1_247' title='bbox 1455 2853 1634 2907; x_wconf 85' lang='grc' dir='ltr'>πάντα</span> <span class='ocrx_word' id='word_1_248' title='bbox 1663 2852 1720 2905; x_wconf 76' lang='grc' dir='ltr'>δὲ</span> 
     </span>
    </p>
   </div>
   <div class='ocr_carea' id='block_1_32' title="bbox 119 2943 1722 3017">
    <p class='ocr_par' dir='ltr' id='par_1_32' title="bbox 119 2943 1722 3017">
     <span class='ocr_line' id='line_1_32' title="bbox 119 2943 1722 3017; baseline -0.001 -21"><span class='ocrx_word' id='word_1_249' title='bbox 119 2944 341 3013; x_wconf 76' lang='grc' dir='ltr'>μᾶλλον</span> <span class='ocrx_word' id='word_1_250' title='bbox 376 2944 637 3015; x_wconf 81' lang='grc' dir='ltr'>ὑπάρχων</span> <span class='ocrx_word' id='word_1_251' title='bbox 670 2946 738 2999; x_wconf 88' lang='grc' dir='ltr'><strong>τά</strong></span> <span class='ocrx_word' id='word_1_252' title='bbox 784 2945 907 2999; x_wconf 88' lang='grc' dir='ltr'>καθ’</span> <span class='ocrx_word' id='word_1_253' title='bbox 938 2948 1121 3017; x_wconf 75' lang='grc' dir='ltr'>ἡμᾶς,</span> <span class='ocrx_word' id='word_1_254' title='bbox 1166 2947 1260 2998; x_wconf 75' lang='grc' dir='ltr'><strong>καί</strong></span> <span class='ocrx_word' id='word_1_255' title='bbox 1304 2945 1444 3016; x_wconf 84' lang='grc' dir='ltr'>μόνῃ</span> <span class='ocrx_word' id='word_1_256' title='bbox 1491 2946 1557 3013; x_wconf 78' lang='grc' dir='ltr'>τῇ</span> <span class='ocrx_word' id='word_1_257' title='bbox 1602 2943 1722 3015; x_wconf 74' lang='grc' dir='ltr'>θείᾳ</span> 
     </span>
    </p>
   </div>
   <div class='ocr_carea' id='block_1_33' title="bbox 117 3032 1723 3107">
    <p class='ocr_par' dir='ltr' id='par_1_33' title="bbox 117 3032 1723 3107">
     <span class='ocr_line' id='line_1_33' title="bbox 117 3032 1723 3107; baseline 0.001 -23"><span class='ocrx_word' id='word_1_258' title='bbox 117 3032 329 3103; x_wconf 82' lang='grc' dir='ltr'>νευρού</span> <span class='ocrx_word' id='word_1_259' title='bbox 339 3052 501 3105; x_wconf 88' lang='grc' dir='ltr'>μενος</span> <span class='ocrx_word' id='word_1_260' title='bbox 543 3036 762 3105; x_wconf 86' lang='grc' dir='ltr'>χάριτι,</span> <span class='ocrx_word' id='word_1_261' title='bbox 792 3035 930 3089; x_wconf 83' lang='grc' dir='ltr'><strong>ἀλλά</strong></span> <span class='ocrx_word' id='word_1_262' title='bbox 963 3037 1057 3088; x_wconf 76' lang='grc' dir='ltr'><strong>καὶ</strong></span> <span class='ocrx_word' id='word_1_263' title='bbox 1094 3035 1173 3107; x_wconf 80' lang='grc' dir='ltr'>τῷ</span> <span class='ocrx_word' id='word_1_264' title='bbox 1202 3038 1301 3105; x_wconf 81' lang='grc' dir='ltr'>τῆς</span> <span class='ocrx_word' id='word_1_265' title='bbox 1336 3034 1576 3105; x_wconf 85' lang='grc' dir='ltr'>υἱότητος</span> <span class='ocrx_word' id='word_1_266' title='bbox 1609 3034 1723 3086; x_wconf 81' lang='grc' dir='ltr'>ὀνό-</span> 
     </span>
    </p>
   </div>
   <div class='ocr_carea' id='block_1_34' title="bbox 122 3121 1722 3198">
    <p class='ocr_par' dir='ltr' id='par_1_34' title="bbox 122 3121 1722 3198">
     <span class='ocr_line' id='line_1_34' title="bbox 122 3121 1722 3198; baseline 0.002 -21"><span class='ocrx_word' id='word_1_267' title='bbox 122 3141 269 3194; x_wconf 85' lang='grc' dir='ltr'>ματι</span> <span class='ocrx_word' id='word_1_268' title='bbox 305 3125 428 3196; x_wconf 87' lang='grc' dir='ltr'>μεθ’</span> <span class='ocrx_word' id='word_1_269' title='bbox 469 3125 624 3196; x_wconf 87' lang='grc' dir='ltr'>ήμῶν</span> <span class='ocrx_word' id='word_1_270' title='bbox 652 3128 1038 3198; x_wconf 81' lang='grc' dir='ltr'>τετιμημένος.</span> <span class='ocrx_word' id='word_1_271' title='bbox 1078 3126 1142 3177; x_wconf 91' lang='grc' dir='ltr'>Τί</span> <span class='ocrx_word' id='word_1_272' title='bbox 1168 3121 1297 3192; x_wconf 80' lang='grc' dir='ltr'>οὖν,</span> <span class='ocrx_word' id='word_1_273' title='bbox 1328 3125 1449 3178; x_wconf 86' lang='grc' dir='ltr'>εἰπέ</span> <span class='ocrx_word' id='word_1_274' title='bbox 1488 3142 1612 3195; x_wconf 84' lang='grc' dir='ltr'>μοι,</span> <span class='ocrx_word' id='word_1_275' title='bbox 1647 3124 1722 3196; x_wconf 80' lang='grc' dir='ltr'>μὴ</span> 
     </span>
    </p>
   </div>
   <div class='ocr_carea' id='block_1_35' title="bbox 120 3218 1720 3291">
    <p class='ocr_par' dir='ltr' id='par_1_35' title="bbox 120 3218 1720 3291">
     <span class='ocr_line' id='line_1_35' title="bbox 120 3218 1720 3291; baseline 0 -20"><span class='ocrx_word' id='word_1_276' title='bbox 120 3222 226 3272; x_wconf 69' lang='grc' dir='ltr'><strong>καὶ</strong></span> <span class='ocrx_word' id='word_1_277' title='bbox 279 3219 449 3283; x_wconf 78' lang='grc' dir='ltr'>αὐτὸς</span> <span class='ocrx_word' id='word_1_278' title='bbox 498 3220 594 3273; x_wconf 74' lang='grc' dir='ltr'><strong>σὺν</strong></span> <span class='ocrx_word' id='word_1_279' title='bbox 637 3222 768 3291; x_wconf 78' lang='grc' dir='ltr'>ἡμῖν</span> <span class='ocrx_word' id='word_1_280' title='bbox 811 3221 909 3291; x_wconf 80' lang='grc' dir='ltr'>τὴν</span> <span class='ocrx_word' id='word_1_281' title='bbox 963 3220 1170 3273; x_wconf 81' lang='grc' dir='ltr'>οἰκείαν</span> <span class='ocrx_word' id='word_1_282' title='bbox 1218 3218 1471 3289; x_wconf 86' lang='grc' dir='ltr'>ὁμολογεῖ</span> <span class='ocrx_word' id='word_1_283' title='bbox 1518 3218 1720 3287; x_wconf 84' lang='grc' dir='ltr'>φύσιν;</span> 
     </span>
    </p>
   </div>
   <div class='ocr_carea' id='block_1_36' title="bbox 118 3309 1722 3382">
    <p class='ocr_par' dir='ltr' id='par_1_36' title="bbox 118 3309 1722 3382">
     <span class='ocr_line' id='line_1_36' title="bbox 118 3309 1722 3382; baseline 0.001 -20"><span class='ocrx_word' id='word_1_284' title='bbox 118 3310 279 3363; x_wconf 74' lang='grc' dir='ltr'>διατί</span> <span class='ocrx_word' id='word_1_285' title='bbox 319 3311 381 3363; x_wconf 83' lang='grc' dir='ltr'>δὲ</span> <span class='ocrx_word' id='word_1_286' title='bbox 424 3311 586 3381; x_wconf 80' lang='grc' dir='ltr'>ἡμεῖς</span> <span class='ocrx_word' id='word_1_287' title='bbox 617 3310 982 3382; x_wconf 79' lang='grc' dir='ltr'>ἀπολλύμενοι</span> <span class='ocrx_word' id='word_1_288' title='bbox 1026 3310 1118 3363; x_wconf 80' lang='grc' dir='ltr'>τὸν</span> <span class='ocrx_word' id='word_1_289' title='bbox 1153 3311 1360 3374; x_wconf 89' lang='grc' dir='ltr'>αἰῶνα,</span> <span class='ocrx_word' id='word_1_290' title='bbox 1414 3310 1509 3363; x_wconf 73' lang='grc' dir='ltr'><strong>καὶ</strong></span> <span class='ocrx_word' id='word_1_291' title='bbox 1559 3309 1722 3374; x_wconf 76' lang='grc' dir='ltr'>αὐτὸς</span> 
     </span>
    </p>
   </div>
   <div class='ocr_carea' id='block_1_37' title="bbox 121 3399 1722 3472">
    <p class='ocr_par' dir='ltr' id='par_1_37' title="bbox 121 3399 1722 3472">
     <span class='ocr_line' id='line_1_37' title="bbox 121 3399 1722 3472; baseline 0.001 -20"><span class='ocrx_word' id='word_1_292' title='bbox 121 3399 451 3470; x_wconf 85' lang='grc' dir='ltr'>καθήμενος</span> <span class='ocrx_word' id='word_1_293' title='bbox 489 3400 581 3453; x_wconf 86' lang='grc' dir='ltr'><strong>τὸν</strong></span> <span class='ocrx_word' id='word_1_294' title='bbox 610 3400 814 3466; x_wconf 76' lang='grc' dir='ltr'>αἰῶνας</span> <span class='ocrx_word' id='word_1_295' title='bbox 846 3401 939 3453; x_wconf 80' lang='grc' dir='ltr'><strong>τοῦ</strong></span> <span class='ocrx_word' id='word_1_296' title='bbox 991 3400 1048 3453; x_wconf 80' lang='grc' dir='ltr'>δὲ</span> <span class='ocrx_word' id='word_1_297' title='bbox 1094 3401 1158 3470; x_wconf 80' lang='grc' dir='ltr'>δὴ</span> <span class='ocrx_word' id='word_1_298' title='bbox 1210 3400 1369 3471; x_wconf 81' lang='grc' dir='ltr'>χάριν</span> <span class='ocrx_word' id='word_1_299' title='bbox 1411 3403 1574 3471; x_wconf 89' lang='grc' dir='ltr'>ήμεῖς</span> <span class='ocrx_word' id='word_1_300' title='bbox 1624 3400 1722 3472; x_wconf 80' lang='grc' dir='ltr'>μὲν</span> 
     </span>
    </p>
   </div>
   <div class='ocr_carea' id='block_1_38' title="bbox 122 3490 1720 3565">
    <p class='ocr_par' dir='ltr' id='par_1_38' title="bbox 122 3490 1720 3565">
     <span class='ocr_line' id='line_1_38' title="bbox 122 3490 1720 3565; baseline 0.001 -22"><span class='ocrx_word' id='word_1_301' title='bbox 122 3490 371 3558; x_wconf 81' lang='grc' dir='ltr'>οἰκέται,</span> <span class='ocrx_word' id='word_1_302' title='bbox 409 3491 599 3562; x_wconf 80' lang='grc' dir='ltr'>κύριος</span> <span class='ocrx_word' id='word_1_303' title='bbox 638 3492 695 3545; x_wconf 78' lang='grc' dir='ltr'>δὲ</span> <span class='ocrx_word' id='word_1_304' title='bbox 739 3493 936 3557; x_wconf 79' lang='grc' dir='ltr'>αὒτὸς;</span> <span class='ocrx_word' id='word_1_305' title='bbox 987 3493 1052 3545; x_wconf 87' lang='lat' dir='ltr'><strong>El.</strong></span> <span class='ocrx_word' id='word_1_306' title='bbox 1089 3492 1196 3562; x_wconf 81' lang='grc' dir='ltr'><strong>γὰρ</strong></span> <span class='ocrx_word' id='word_1_307' title='bbox 1240 3492 1333 3544; x_wconf 76' lang='grc' dir='ltr'><strong>καὶ</strong></span> <span class='ocrx_word' id='word_1_308' title='bbox 1369 3492 1474 3545; x_wconf 75' lang='grc' dir='ltr'>υἰοὶ</span> <span class='ocrx_word' id='word_1_309' title='bbox 1521 3492 1720 3565; x_wconf 83' lang='grc' dir='ltr'>κεκλή-</span> 
     </span>
    </p>
   </div>
   <div class='ocr_carea' id='block_1_39' title="bbox 130 3582 1723 3658">
    <p class='ocr_par' dir='ltr' id='par_1_39' title="bbox 130 3582 1723 3658">
     <span class='ocr_line' id='line_1_39' title="bbox 130 3582 1723 3658; baseline 0.001 -22"><span class='ocrx_word' id='word_1_310' title='bbox 130 3584 283 3653; x_wconf 82' lang='grc' dir='ltr'>μεθα</span> <span class='ocrx_word' id='word_1_311' title='bbox 316 3583 488 3647; x_wconf 78' lang='grc' dir='ltr'>Θεοῦ,</span> <span class='ocrx_word' id='word_1_312' title='bbox 528 3584 628 3657; x_wconf 75' lang='grc' dir='ltr'>τὴν</span> <span class='ocrx_word' id='word_1_313' title='bbox 684 3585 820 3639; x_wconf 87' lang='grc' dir='ltr'>ἰδίαν</span> <span class='ocrx_word' id='word_1_314' title='bbox 872 3586 1033 3655; x_wconf 78' lang='grc' dir='ltr'>φύσιν</span> <span class='ocrx_word' id='word_1_315' title='bbox 1081 3588 1232 3640; x_wconf 70' lang='grc' dir='ltr'>οὐδὲν</span> <span class='ocrx_word' id='word_1_316' title='bbox 1274 3582 1436 3658; x_wconf 78' lang='grc' dir='ltr'>ἧττον</span> <span class='ocrx_word' id='word_1_317' title='bbox 1467 3585 1723 3653; x_wconf 78' lang='grc' dir='ltr'>ἐπιγινώ-</span> 
     </span>
    </p>
   </div>
   <div class='ocr_carea' id='block_1_40' title="bbox 131 3676 1721 3749">
    <p class='ocr_par' dir='ltr' id='par_1_40' title="bbox 131 3676 1721 3749">
     <span class='ocr_line' id='line_1_40' title="bbox 131 3676 1721 3749; baseline 0.001 -20"><span class='ocrx_word' id='word_1_318' title='bbox 131 3694 386 3740; x_wconf 82' lang='grc' dir='ltr'>σκοντες,</span> <span class='ocrx_word' id='word_1_319' title='bbox 411 3679 511 3731; x_wconf 82' lang='grc' dir='ltr'><strong>οὐκ</strong></span> <span class='ocrx_word' id='word_1_320' title='bbox 542 3677 906 3748; x_wconf 79' lang='grc' dir='ltr'>αἰσχυνόμεθα</span> <span class='ocrx_word' id='word_1_321' title='bbox 946 3678 1041 3749; x_wconf 82' lang='grc' dir='ltr'><strong>τὴν</strong></span> <span class='ocrx_word' id='word_1_322' title='bbox 1075 3678 1231 3744; x_wconf 82' lang='grc' dir='ltr'>δόξαν</span> <span class='ocrx_word' id='word_1_323' title='bbox 1256 3694 1268 3706; x_wconf 90' lang='grc'>·</span> <span class='ocrx_word' id='word_1_324' title='bbox 1300 3679 1463 3740; x_wconf 83' lang='grc' dir='ltr'>αὐτὸς</span> <span class='ocrx_word' id='word_1_325' title='bbox 1492 3676 1570 3740; x_wconf 82' lang='grc' dir='ltr'>δὲ,</span> <span class='ocrx_word' id='word_1_326' title='bbox 1601 3677 1721 3730; x_wconf 81' lang='grc' dir='ltr'>εἰπέ</span> 
     </span>
    </p>
   </div>
   <div class='ocr_carea' id='block_1_41' title="bbox 135 3767 1720 3839">
    <p class='ocr_par' dir='ltr' id='par_1_41' title="bbox 135 3767 1720 3839">
     <span class='ocr_line' id='line_1_41' title="bbox 135 3767 1720 3839; baseline 0.002 -22"><span class='ocrx_word' id='word_1_327' title='bbox 135 3783 251 3836; x_wconf 82' lang='grc' dir='ltr'>μοι,</span> <span class='ocrx_word' id='word_1_328' title='bbox 279 3767 371 3820; x_wconf 81' lang='grc' dir='ltr'>διὰ</span> <span class='ocrx_word' id='word_1_329' title='bbox 393 3769 554 3821; x_wconf 87' lang='grc' dir='ltr'>ποίαν</span> <span class='ocrx_word' id='word_1_330' title='bbox 578 3768 772 3833; x_wconf 87' lang='grc' dir='ltr'>αἰτίαν,</span> <span class='ocrx_word' id='word_1_331' title='bbox 800 3767 957 3838; x_wconf 74' lang='grc' dir='ltr'>εἴπερ</span> <span class='ocrx_word' id='word_1_332' title='bbox 986 3768 1105 3821; x_wconf 74' lang='grc' dir='ltr'>ἐστὶ</span> <span class='ocrx_word' id='word_1_333' title='bbox 1135 3767 1255 3821; x_wconf 81' lang='grc' dir='ltr'>καθ’</span> <span class='ocrx_word' id='word_1_334' title='bbox 1280 3769 1447 3839; x_wconf 83' lang='grc' dir='ltr'>ἡμᾶς,</span> <span class='ocrx_word' id='word_1_335' title='bbox 1479 3767 1572 3819; x_wconf 74' lang='grc' dir='ltr'>καὶ</span> <span class='ocrx_word' id='word_1_336' title='bbox 1601 3768 1720 3820; x_wconf 86' lang='grc' dir='ltr'>κατ’</span> 
     </span>
    </p>
   </div>
   <div class='ocr_carea' id='block_1_42' title="bbox 130 3862 1722 3935">
    <p class='ocr_par' dir='ltr' id='par_1_42' title="bbox 130 3862 1722 3935">
     <span class='ocr_line' id='line_1_42' title="bbox 130 3862 1722 3935; baseline 0 -22"><span class='ocrx_word' id='word_1_337' title='bbox 130 3862 291 3915; x_wconf 73' lang='grc' dir='ltr'>οὐδὲν</span> <span class='ocrx_word' id='word_1_338' title='bbox 337 3862 447 3916; x_wconf 88' lang='grc' dir='ltr'><strong>τῶν</strong></span> <span class='ocrx_word' id='word_1_339' title='bbox 480 3865 793 3935; x_wconf 80' lang='grc' dir='ltr'>κτισμάτων</span> <span class='ocrx_word' id='word_1_340' title='bbox 842 3865 901 3917; x_wconf 80' lang='grc' dir='ltr'><strong>ὲν</strong></span> <span class='ocrx_word' id='word_1_341' title='bbox 939 3864 1219 3935; x_wconf 86' lang='grc' dir='ltr'>ἀμείνοσι,</span> <span class='ocrx_word' id='word_1_342' title='bbox 1267 3862 1410 3917; x_wconf 86' lang='grc' dir='ltr'>κατά</span> <span class='ocrx_word' id='word_1_343' title='bbox 1442 3878 1504 3930; x_wconf 88' lang='grc' dir='ltr'><strong>γε</strong></span> <span class='ocrx_word' id='word_1_344' title='bbox 1538 3862 1599 3914; x_wconf 83' lang='grc' dir='ltr'><strong>τὸ</strong></span> <span class='ocrx_word' id='word_1_345' title='bbox 1646 3862 1722 3931; x_wconf 82' lang='grc' dir='ltr'>μὴ</span> 
     </span>
    </p>
   </div>
   <div class='ocr_carea' id='block_1_43' title="bbox 135 3950 1721 4026">
    <p class='ocr_par' dir='ltr' id='par_1_43' title="bbox 135 3950 1721 4026">
     <span class='ocr_line' id='line_1_43' title="bbox 135 3950 1721 4026; baseline -0.002 -19"><span class='ocrx_word' id='word_1_346' title='bbox 135 3950 281 4007; x_wconf 78' lang='grc' dir='ltr'>εἶναι</span> <span class='ocrx_word' id='word_1_347' title='bbox 312 3954 456 4007; x_wconf 68' lang='grc' dir='ltr'>κατὰ</span> <span class='ocrx_word' id='word_1_348' title='bbox 484 3953 644 4022; x_wconf 70' lang='grc' dir='ltr'>φύσιν</span> <span class='ocrx_word' id='word_1_349' title='bbox 682 3954 813 4017; x_wconf 80' lang='grc' dir='ltr'>Θεὸς</span> <span class='ocrx_word' id='word_1_350' title='bbox 859 3952 1051 4026; x_wconf 84' lang='grc' dir='ltr'>(τοῦτο</span> <span class='ocrx_word' id='word_1_351' title='bbox 1091 3954 1201 4025; x_wconf 85' lang='grc' dir='ltr'>γὰρ</span> <span class='ocrx_word' id='word_1_352' title='bbox 1230 3955 1343 4017; x_wconf 88' lang='grc' dir='ltr'>τοῖς</span> <span class='ocrx_word' id='word_1_353' title='bbox 1373 3952 1721 4016; x_wconf 83' lang='grc' dir='ltr'>ἀπαιδεύτοις</span> 
     </span>
    </p>
   </div>
   <div class='ocr_carea' id='block_1_44' title="bbox 133 4042 1721 4117">
    <p class='ocr_par' dir='ltr' id='par_1_44' title="bbox 133 4042 1721 4117">
     <span class='ocr_line' id='line_1_44' title="bbox 133 4042 1721 4117; baseline 0 -20"><span class='ocrx_word' id='word_1_354' title='bbox 133 4042 345 4114; x_wconf 81' lang='grc' dir='ltr'>δοκεῖ),</span> <span class='ocrx_word' id='word_1_355' title='bbox 372 4044 425 4097; x_wconf 85' lang='grc' dir='ltr'><strong>τί</strong></span> <span class='ocrx_word' id='word_1_356' title='bbox 452 4046 526 4115; x_wconf 80' lang='grc' dir='ltr'>μὴ</span> <span class='ocrx_word' id='word_1_357' title='bbox 571 4045 689 4115; x_wconf 84' lang='grc' dir='ltr'>μεθ’</span> <span class='ocrx_word' id='word_1_358' title='bbox 714 4045 873 4117; x_wconf 84' lang='grc' dir='ltr'>ήμῶν</span> <span class='ocrx_word' id='word_1_359' title='bbox 897 4046 1148 4117; x_wconf 83' lang='grc' dir='ltr'>ὁμολογεῖ</span> <span class='ocrx_word' id='word_1_360' title='bbox 1175 4045 1271 4117; x_wconf 84' lang='grc' dir='ltr'>τὴν</span> <span class='ocrx_word' id='word_1_361' title='bbox 1300 4044 1577 4111; x_wconf 82' lang='grc' dir='ltr'>δουλείαν;</span> <span class='ocrx_word' id='word_1_362' title='bbox 1610 4044 1721 4116; x_wconf 84' lang='grc' dir='ltr'>Τὴν</span> 
     </span>
    </p>
   </div>
   <div class='ocr_carea' id='block_1_45' title="bbox 135 4136 1721 4210">
    <p class='ocr_par' dir='ltr' id='par_1_45' title="bbox 135 4136 1721 4210">
     <span class='ocr_line' id='line_1_45' title="bbox 135 4136 1721 4210; baseline 0.001 -20"><span class='ocrx_word' id='word_1_363' title='bbox 135 4139 193 4190; x_wconf 71' lang='grc' dir='ltr'>δὲ</span> <span class='ocrx_word' id='word_1_364' title='bbox 218 4138 544 4207; x_wconf 88' lang='grc' dir='ltr'>πρέπουσαν</span> <span class='ocrx_word' id='word_1_365' title='bbox 568 4138 664 4190; x_wconf 76' lang='grc' dir='ltr'>καὶ</span> <span class='ocrx_word' id='word_1_366' title='bbox 701 4139 1066 4210; x_wconf 76' lang='grc' dir='ltr'>ἀνακειμένην</span> <span class='ocrx_word' id='word_1_367' title='bbox 1108 4137 1289 4202; x_wconf 86' lang='grc' dir='ltr'>ἰδικῶς</span> <span class='ocrx_word' id='word_1_368' title='bbox 1313 4139 1380 4209; x_wconf 72' lang='grc' dir='ltr'>τῇ</span> <span class='ocrx_word' id='word_1_369' title='bbox 1407 4137 1529 4208; x_wconf 77' lang='grc' dir='ltr'>θείᾳ</span> <span class='ocrx_word' id='word_1_370' title='bbox 1561 4136 1721 4207; x_wconf 81' lang='grc' dir='ltr'>φύσει</span> 
     </span>
    </p>
   </div>
   <div class='ocr_carea' id='block_1_46' title="bbox 136 4228 1722 4301">
    <p class='ocr_par' dir='ltr' id='par_1_46' title="bbox 136 4228 1722 4301">
     <span class='ocr_line' id='line_1_46' title="bbox 136 4228 1722 4301; baseline 0.003 -23"><span class='ocrx_word' id='word_1_371' title='bbox 136 4232 305 4299; x_wconf 80' lang='grc' dir='ltr'>τιμήν</span> <span class='ocrx_word' id='word_1_372' title='bbox 340 4245 398 4280; x_wconf 83' lang='grc' dir='ltr'><strong>τε</strong></span> <span class='ocrx_word' id='word_1_373' title='bbox 440 4228 717 4295; x_wconf 74' lang='grc' dir='ltr'>καὶδόξαν</span> <span class='ocrx_word' id='word_1_374' title='bbox 752 4229 926 4301; x_wconf 78' lang='grc' dir='ltr'>ἑαυτῷ</span> <span class='ocrx_word' id='word_1_375' title='bbox 954 4228 1197 4300; x_wconf 76' lang='grc' dir='ltr'>περιθεὶς</span> <span class='ocrx_word' id='word_1_376' title='bbox 1222 4269 1238 4294; x_wconf 88' lang='grc'><strong>,</strong></span> <span class='ocrx_word' id='word_1_377' title='bbox 1267 4232 1380 4292; x_wconf 84' lang='grc' dir='ltr'>τοῖς</span> <span class='ocrx_word' id='word_1_378' title='bbox 1410 4231 1584 4298; x_wconf 85' lang='grc' dir='ltr'>ἁγίοις</span> <span class='ocrx_word' id='word_1_379' title='bbox 1616 4247 1722 4300; x_wconf 78' lang='grc' dir='ltr'>μαο</span> 
     </span>
    </p>
   </div>
   <div class='ocr_carea' id='block_1_47' title="bbox 136 4321 1723 4394">
    <p class='ocr_par' dir='ltr' id='par_1_47' title="bbox 136 4321 1723 4394">
     <span class='ocr_line' id='line_1_47' title="bbox 136 4321 1723 4394; baseline 0.002 -21"><span class='ocrx_word' id='word_1_380' title='bbox 136 4322 331 4391; x_wconf 81' lang='grc' dir='ltr'>θηταῖς</span> <span class='ocrx_word' id='word_1_381' title='bbox 372 4321 684 4391; x_wconf 82' lang='grc' dir='ltr'>εὑρίσκεται</span> <span class='ocrx_word' id='word_1_382' title='bbox 732 4322 904 4391; x_wconf 81' lang='grc' dir='ltr'>λέγων</span> <span class='ocrx_word' id='word_1_383' title='bbox 937 4337 953 4352; x_wconf 82' lang='lat'><strong><em>°</em></strong></span> <span class='ocrx_word' id='word_1_384' title='bbox 996 4341 1014 4374; x_wconf 78' lang='grc' dir='ltr'><strong>ι</strong></span> <span class='ocrx_word' id='word_1_385' title='bbox 1077 4322 1266 4394; x_wconf 79' lang='grc' dir='ltr'>Ὑμεῖς</span> <span class='ocrx_word' id='word_1_386' title='bbox 1309 4323 1525 4376; x_wconf 84' lang='grc' dir='ltr'>καλεῖτέ</span> <span class='ocrx_word' id='word_1_387' title='bbox 1558 4340 1649 4394; x_wconf 86' lang='grc' dir='ltr'><strong>με,</strong></span> <span class='ocrx_word' id='word_1_388' title='bbox 1692 4324 1723 4376; x_wconf 85' lang='grc' dir='ltr'><strong>ό</strong></span> 
     </span>
    </p>
   </div>
   <div class='ocr_carea' id='block_1_48' title="bbox 136 4412 1722 4487">
    <p class='ocr_par' dir='ltr' id='par_1_48' title="bbox 136 4412 1722 4487">
     <span class='ocr_line' id='line_1_48' title="bbox 136 4412 1722 4487; baseline 0.003 -24"><span class='ocrx_word' id='word_1_389' title='bbox 136 4412 351 4483; x_wconf 77' lang='grc' dir='ltr'>Κύριος</span> <span class='ocrx_word' id='word_1_390' title='bbox 389 4412 484 4464; x_wconf 76' lang='grc' dir='ltr'><strong>καὶ</strong></span> <span class='ocrx_word' id='word_1_391' title='bbox 516 4412 545 4463; x_wconf 84' lang='grc' dir='ltr'>ὁ</span> <span class='ocrx_word' id='word_1_392' title='bbox 581 4412 942 4479; x_wconf 82' lang='grc' dir='ltr'>Διδάσκαλος,</span> <span class='ocrx_word' id='word_1_393' title='bbox 991 4415 1086 4468; x_wconf 79' lang='grc' dir='ltr'>καὶ</span> <span class='ocrx_word' id='word_1_394' title='bbox 1116 4415 1297 4478; x_wconf 89' lang='grc' dir='ltr'>καλῶς</span> <span class='ocrx_word' id='word_1_395' title='bbox 1342 4414 1528 4483; x_wconf 87' lang='grc' dir='ltr'>λέγετε</span> <span class='ocrx_word' id='word_1_396' title='bbox 1555 4432 1568 4445; x_wconf 93' lang='grc'><strong>·</strong></span> <span class='ocrx_word' id='word_1_397' title='bbox 1604 4416 1722 4487; x_wconf 85' lang='grc' dir='ltr'><strong>εἰμί</strong></span> 
     </span>
    </p>
   </div>
   <div class='ocr_carea' id='block_1_49' title="bbox 1817 562 3401 639">
    <p class='ocr_par' dir='ltr' id='par_1_49' title="bbox 1817 562 3401 639">
     <span class='ocr_line' id='line_1_49' title="bbox 1817 562 3401 639; baseline 0.004 -23"><span class='ocrx_word' id='word_1_398' title='bbox 1817 562 2042 619; x_wconf 79' lang='lat' dir='ltr'><strong>futurus</strong></span> <span class='ocrx_word' id='word_1_399' title='bbox 2069 576 2174 620; x_wconf 86' lang='lat' dir='ltr'><strong>est.</strong></span> <span class='ocrx_word' id='word_1_400' title='bbox 2201 563 2335 619; x_wconf 83' lang='lat' dir='ltr'><strong>Nam</strong></span> <span class='ocrx_word' id='word_1_401' title='bbox 2358 566 2451 635; x_wconf 88' lang='lat' dir='ltr'><strong>qui</strong></span> <span class='ocrx_word' id='word_1_402' title='bbox 2486 567 2713 621; x_wconf 86' lang='lat' dir='ltr'><strong>omnino</strong></span> <span class='ocrx_word' id='word_1_403' title='bbox 2734 581 2801 621; x_wconf 78' lang='lat' dir='ltr'><strong>ex</strong></span> <span class='ocrx_word' id='word_1_404' title='bbox 2833 567 3015 638; x_wconf 89' lang='lat' dir='ltr'><strong>seipso</strong></span> <span class='ocrx_word' id='word_1_405' title='bbox 3040 582 3150 622; x_wconf 89' lang='lat' dir='ltr'><strong>non</strong></span> <span class='ocrx_word' id='word_1_406' title='bbox 3189 570 3401 639; x_wconf 87' lang='lat' dir='ltr'><strong>genuit,</strong></span> 
     </span>
    </p>
   </div>
   <div class='ocr_carea' id='block_1_50' title="bbox 1816 657 3405 731">
    <p class='ocr_par' dir='ltr' id='par_1_50' title="bbox 1816 657 3405 731">
     <span class='ocr_line' id='line_1_50' title="bbox 1816 657 3405 731; baseline 0.001 -18"><span class='ocrx_word' id='word_1_407' title='bbox 1816 657 2108 727; x_wconf 88' lang='lat' dir='ltr'><strong>cujusnam</strong></span> <span class='ocrx_word' id='word_1_408' title='bbox 2148 658 2453 714; x_wconf 89' lang='lat' dir='ltr'><strong>secundum</strong></span> <span class='ocrx_word' id='word_1_409' title='bbox 2486 669 2738 714; x_wconf 88' lang='lat' dir='ltr'><strong>naturam</strong></span> <span class='ocrx_word' id='word_1_410' title='bbox 2767 668 2922 731; x_wconf 84' lang='lat' dir='ltr'><strong>pater</strong></span> <span class='ocrx_word' id='word_1_411' title='bbox 2946 660 3093 716; x_wconf 82' lang='lat' dir='ltr'><strong>erit?</strong></span> <span class='ocrx_word' id='word_1_412' title='bbox 3118 658 3280 716; x_wconf 84' lang='lat' dir='ltr'><strong>Falso</strong></span> <span class='ocrx_word' id='word_1_413' title='bbox 3300 661 3405 715; x_wconf 88' lang='lat' dir='ltr'><strong>ita-</strong></span> 
     </span>
    </p>
   </div>
   <div class='ocr_carea' id='block_1_51' title="bbox 1816 748 3404 824">
    <p class='ocr_par' dir='ltr' id='par_1_51' title="bbox 1816 748 3404 824">
     <span class='ocr_line' id='line_1_51' title="bbox 1816 748 3404 824; baseline 0.002 -18"><span class='ocrx_word' id='word_1_414' title='bbox 1816 767 1927 820; x_wconf 86' lang='lat' dir='ltr'><strong>que</strong></span> <span class='ocrx_word' id='word_1_415' title='bbox 1958 758 2153 806; x_wconf 86' lang='lat' dir='ltr'><strong>sancta</strong></span> <span class='ocrx_word' id='word_1_416' title='bbox 2190 748 2436 806; x_wconf 75' lang='lat' dir='ltr'><strong>Trinitas</strong></span> <span class='ocrx_word' id='word_1_417' title='bbox 2481 766 2709 821; x_wconf 86' lang='lat' dir='ltr'><strong>prorsus</strong></span> <span class='ocrx_word' id='word_1_418' title='bbox 2747 752 3091 817; x_wconf 89' lang='lat' dir='ltr'><strong>nominatur,</strong></span> <span class='ocrx_word' id='word_1_419' title='bbox 3127 754 3175 808; x_wconf 86' lang='lat' dir='ltr'><strong>si</strong></span> <span class='ocrx_word' id='word_1_420' title='bbox 3224 769 3404 824; x_wconf 89' lang='lat' dir='ltr'><strong>neque</strong></span> 
     </span>
    </p>
   </div>
   <div class='ocr_carea' id='block_1_52' title="bbox 1818 842 3407 914">
    <p class='ocr_par' dir='ltr' id='par_1_52' title="bbox 1818 842 3407 914">
     <span class='ocr_line' id='line_1_52' title="bbox 1818 842 3407 914; baseline 0.002 -18"><span class='ocrx_word' id='word_1_421' title='bbox 1818 842 1980 898; x_wconf 88' lang='lat' dir='ltr'><strong>Pater</strong></span> <span class='ocrx_word' id='word_1_422' title='bbox 2011 843 2084 898; x_wconf 91' lang='lat' dir='ltr'><strong>sit</strong></span> <span class='ocrx_word' id='word_1_423' title='bbox 2108 858 2175 897; x_wconf 80' lang='lat' dir='ltr'><strong>ex</strong></span> <span class='ocrx_word' id='word_1_424' title='bbox 2206 844 2285 897; x_wconf 87' lang='lat' dir='ltr'><strong>rei</strong></span> <span class='ocrx_word' id='word_1_425' title='bbox 2322 844 2558 898; x_wconf 88' lang='lat' dir='ltr'><strong>veritate</strong></span> <span class='ocrx_word' id='word_1_426' title='bbox 2593 842 2778 908; x_wconf 85' lang='lat' dir='ltr'><strong>Pater,</strong></span> <span class='ocrx_word' id='word_1_427' title='bbox 2812 858 2991 913; x_wconf 91' lang='lat' dir='ltr'><strong>neque</strong></span> <span class='ocrx_word' id='word_1_428' title='bbox 3030 859 3195 914; x_wconf 89' lang='lat' dir='ltr'><strong>porro</strong></span> <span class='ocrx_word' id='word_1_429' title='bbox 3231 842 3407 899; x_wconf 79' lang='lat' dir='ltr'><strong>Filius</strong></span> 
     </span>
    </p>
   </div>
   <div class='ocr_carea' id='block_1_53' title="bbox 1819 935 3404 1009">
    <p class='ocr_par' dir='ltr' id='par_1_53' title="bbox 1819 935 3404 1009">
     <span class='ocr_line' id='line_1_53' title="bbox 1819 935 3404 1009; baseline 0.001 -20"><span class='ocrx_word' id='word_1_430' title='bbox 1819 936 1892 989; x_wconf 86' lang='lat' dir='ltr'><strong>sit</strong></span> <span class='ocrx_word' id='word_1_431' title='bbox 1920 938 2224 992; x_wconf 87' lang='lat' dir='ltr'><strong>secundum</strong></span> <span class='ocrx_word' id='word_1_432' title='bbox 2254 943 2511 992; x_wconf 86' lang='lat' dir='ltr'><strong>naturam</strong></span> <span class='ocrx_word' id='word_1_433' title='bbox 2540 935 2710 992; x_wconf 85' lang='lat' dir='ltr'><strong>Filius</strong></span> <span class='ocrx_word' id='word_1_434' title='bbox 2738 954 2751 991; x_wconf 93' lang='lat'><strong>:</strong></span> <span class='ocrx_word' id='word_1_435' title='bbox 2780 946 2835 992; x_wconf 90' lang='lat' dir='ltr'><strong>et</strong></span> <span class='ocrx_word' id='word_1_436' title='bbox 2863 946 3267 1008; x_wconf 81' lang='lat' dir='ltr'><strong>consequenter</strong></span> <span class='ocrx_word' id='word_1_437' title='bbox 3288 938 3404 1009; x_wconf 78' lang='lat' dir='ltr'><strong>pia~</strong></span> 
     </span>
    </p>
   </div>
   <div class='ocr_carea' id='block_1_54' title="bbox 1819 1028 3406 1100">
    <p class='ocr_par' dir='ltr' id='par_1_54' title="bbox 1819 1028 3406 1100">
     <span class='ocr_line' id='line_1_54' title="bbox 1819 1028 3406 1100; baseline 0.002 -20"><span class='ocrx_word' id='word_1_438' title='bbox 1819 1028 2007 1083; x_wconf 89' lang='lat' dir='ltr'><strong>culum</strong></span> <span class='ocrx_word' id='word_1_439' title='bbox 2040 1029 2184 1083; x_wconf 87' lang='lat' dir='ltr'><strong>istud</strong></span> <span class='ocrx_word' id='word_1_440' title='bbox 2218 1029 2325 1084; x_wconf 90' lang='lat' dir='ltr'><strong>erit</strong></span> <span class='ocrx_word' id='word_1_441' title='bbox 2365 1044 2585 1099; x_wconf 86' lang='lat' dir='ltr'><strong>quoque</strong></span> <span class='ocrx_word' id='word_1_442' title='bbox 2625 1030 2894 1085; x_wconf 88' lang='lat' dir='ltr'><strong>adversus</strong></span> <span class='ocrx_word' id='word_1_443' title='bbox 2937 1029 3224 1100; x_wconf 87' lang='lat' dir='ltr'><strong>Spiritum.</strong></span> <span class='ocrx_word' id='word_1_444' title='bbox 3258 1029 3406 1095; x_wconf 85' lang='lat' dir='ltr'><strong>Quo-</strong></span> 
     </span>
    </p>
   </div>
   <div class='ocr_carea' id='block_1_55' title="bbox 1820 1120 3407 1192">
    <p class='ocr_par' dir='ltr' id='par_1_55' title="bbox 1820 1120 3407 1192">
     <span class='ocr_line' id='line_1_55' title="bbox 1820 1120 3407 1192; baseline 0.002 -19"><span class='ocrx_word' id='word_1_445' title='bbox 1820 1121 1973 1176; x_wconf 84' lang='lat' dir='ltr'><strong>circa</strong></span> <span class='ocrx_word' id='word_1_446' title='bbox 2014 1120 2225 1190; x_wconf 73' lang='lat' dir='ltr'><strong>det-Cpti</strong></span> <span class='ocrx_word' id='word_1_447' title='bbox 2265 1136 2483 1183; x_wconf 86' lang='lat' dir='ltr'><strong>sumus,</strong></span> <span class='ocrx_word' id='word_1_448' title='bbox 2515 1129 2572 1177; x_wconf 91' lang='lat' dir='ltr'><strong>et</strong></span> <span class='ocrx_word' id='word_1_449' title='bbox 2602 1120 2809 1177; x_wconf 83' lang='lat' dir='ltr'><strong>lrustra</strong></span> <span class='ocrx_word' id='word_1_450' title='bbox 2849 1130 2934 1177; x_wconf 86' lang='lat' dir='ltr'><strong>est</strong></span> <span class='ocrx_word' id='word_1_451' title='bbox 2969 1122 3102 1178; x_wconf 90' lang='lat' dir='ltr'><strong>ﬁdes</strong></span> <span class='ocrx_word' id='word_1_452' title='bbox 3135 1141 3150 1176; x_wconf 90' lang='lat'><strong>:</strong></span> <span class='ocrx_word' id='word_1_453' title='bbox 3187 1123 3318 1192; x_wconf 92' lang='lat' dir='ltr'><strong>quin</strong></span> <span class='ocrx_word' id='word_1_454' title='bbox 3352 1132 3407 1176; x_wconf 87' lang='lat' dir='ltr'><strong>et</strong></span> 
     </span>
    </p>
   </div>
   <div class='ocr_carea' id='block_1_56' title="bbox 1823 1211 3407 1283">
    <p class='ocr_par' dir='ltr' id='par_1_56' title="bbox 1823 1211 3407 1283">
     <span class='ocr_line' id='line_1_56' title="bbox 1823 1211 3407 1283; baseline 0.001 -17"><span class='ocrx_word' id='word_1_455' title='bbox 1823 1211 2106 1281; x_wconf 85' lang='lat' dir='ltr'><strong>Scriptura</strong></span> <span class='ocrx_word' id='word_1_456' title='bbox 2170 1220 2362 1267; x_wconf 89' lang='lat' dir='ltr'><strong>sancta</strong></span> <span class='ocrx_word' id='word_1_457' title='bbox 2423 1212 2725 1277; x_wconf 86' lang='lat' dir='ltr'><strong>mentitur,</strong></span> <span class='ocrx_word' id='word_1_458' title='bbox 2790 1229 2910 1283; x_wconf 64' lang='lat' dir='ltr'><strong>quae</strong></span> <span class='ocrx_word' id='word_1_459' title='bbox 2974 1212 3192 1268; x_wconf 83' lang='lat' dir='ltr'><strong>Patrem</strong></span> <span class='ocrx_word' id='word_1_460' title='bbox 3244 1222 3407 1269; x_wconf 87' lang='lat' dir='ltr'><strong>vocat</strong></span> 
     </span>
    </p>
   </div>
   <div class='ocr_carea' id='block_1_57' title="bbox 1821 1303 3407 1366">
    <p class='ocr_par' dir='ltr' id='par_1_57' title="bbox 1821 1303 3407 1366">
     <span class='ocr_line' id='line_1_57' title="bbox 1821 1303 3407 1366; baseline 0.002 -10"><span class='ocrx_word' id='word_1_461' title='bbox 1821 1303 1991 1359; x_wconf 86' lang='lat' dir='ltr'><strong>Deum</strong></span> <span class='ocrx_word' id='word_1_462' title='bbox 2024 1320 2037 1355; x_wconf 74' lang='grc' dir='ltr'><strong>ε</strong></span> <span class='ocrx_word' id='word_1_463' title='bbox 2070 1314 2144 1366; x_wconf 86' lang='lat' dir='ltr'><strong>et,</strong></span> <span class='ocrx_word' id='word_1_464' title='bbox 2166 1303 2213 1358; x_wconf 91' lang='lat' dir='ltr'><strong>si</strong></span> <span class='ocrx_word' id='word_1_465' title='bbox 2240 1320 2347 1358; x_wconf 93' lang='lat' dir='ltr'><strong>non</strong></span> <span class='ocrx_word' id='word_1_466' title='bbox 2390 1312 2475 1359; x_wconf 89' lang='lat' dir='ltr'><strong>est</strong></span> <span class='ocrx_word' id='word_1_467' title='bbox 2504 1304 2809 1359; x_wconf 89' lang='lat' dir='ltr'><strong>secundum</strong></span> <span class='ocrx_word' id='word_1_468' title='bbox 2845 1314 3096 1359; x_wconf 88' lang='lat' dir='ltr'><strong>naturam</strong></span> <span class='ocrx_word' id='word_1_469' title='bbox 3138 1303 3283 1361; x_wconf 89' lang='lat' dir='ltr'><strong>Deus</strong></span> <span class='ocrx_word' id='word_1_470' title='bbox 3313 1304 3407 1359; x_wconf 84' lang='lat' dir='ltr'><strong>Fi-</strong></span> 
     </span>
    </p>
   </div>
   <div class='ocr_carea' id='block_1_58' title="bbox 1822 1395 3404 1467">
    <p class='ocr_par' dir='ltr' id='par_1_58' title="bbox 1822 1395 3404 1467">
     <span class='ocr_line' id='line_1_58' title="bbox 1822 1395 3404 1467; baseline -0.001 -15"><span class='ocrx_word' id='word_1_471' title='bbox 1822 1398 1951 1460; x_wconf 88' lang='lat' dir='ltr'><strong>lius.</strong></span> <span class='ocrx_word' id='word_1_472' title='bbox 1983 1406 2042 1452; x_wconf 90' lang='lat' dir='ltr'><strong>ut</strong></span> <span class='ocrx_word' id='word_1_473' title='bbox 2065 1413 2129 1453; x_wconf 83' lang='lat' dir='ltr'><strong>ex</strong></span> <span class='ocrx_word' id='word_1_474' title='bbox 2159 1396 2273 1452; x_wconf 92' lang='lat' dir='ltr'><strong>Dco</strong></span> <span class='ocrx_word' id='word_1_475' title='bbox 2308 1406 2363 1451; x_wconf 91' lang='lat' dir='ltr'><strong>et</strong></span> <span class='ocrx_word' id='word_1_476' title='bbox 2400 1395 2564 1451; x_wconf 87' lang='lat' dir='ltr'><strong>Patre</strong></span> <span class='ocrx_word' id='word_1_477' title='bbox 2586 1397 2833 1467; x_wconf 85' lang='lat' dir='ltr'><strong>genitus,</strong></span> <span class='ocrx_word' id='word_1_478' title='bbox 2866 1413 2966 1452; x_wconf 92' lang='lat' dir='ltr'><strong>nos</strong></span> <span class='ocrx_word' id='word_1_479' title='bbox 3005 1398 3224 1467; x_wconf 88' lang='lat' dir='ltr'><strong>quidem</strong></span> <span class='ocrx_word' id='word_1_480' title='bbox 3262 1397 3404 1453; x_wconf 83' lang='lat' dir='ltr'><strong>falli-</strong></span> 
     </span>
    </p>
   </div>
   <div class='ocr_carea' id='block_1_59' title="bbox 1822 1488 3406 1557">
    <p class='ocr_par' dir='ltr' id='par_1_59' title="bbox 1822 1488 3406 1557">
     <span class='ocr_line' id='line_1_59' title="bbox 1822 1488 3406 1557; baseline -0.001 -14"><span class='ocrx_word' id='word_1_481' title='bbox 1822 1504 1963 1555; x_wconf 87' lang='lat' dir='ltr'><strong>mur,</strong></span> <span class='ocrx_word' id='word_1_482' title='bbox 1990 1497 2044 1545; x_wconf 91' lang='lat' dir='ltr'><strong>et</strong></span> <span class='ocrx_word' id='word_1_483' title='bbox 2076 1504 2185 1543; x_wconf 89' lang='lat' dir='ltr'><strong>una</strong></span> <span class='ocrx_word' id='word_1_484' title='bbox 2216 1504 2341 1544; x_wconf 90' lang='lat' dir='ltr'><strong>cum</strong></span> <span class='ocrx_word' id='word_1_485' title='bbox 2368 1488 2688 1545; x_wconf 89' lang='lat' dir='ltr'><strong>hominibus</strong></span> <span class='ocrx_word' id='word_1_486' title='bbox 2720 1503 2959 1557; x_wconf 88' lang='lat' dir='ltr'><strong>superna</strong></span> <span class='ocrx_word' id='word_1_487' title='bbox 2993 1488 3087 1542; x_wconf 88' lang='lat' dir='ltr'><strong>illa</strong></span> <span class='ocrx_word' id='word_1_488' title='bbox 3129 1489 3326 1545; x_wconf 80' lang='lat' dir='ltr'><strong>civitas</strong></span> <span class='ocrx_word' id='word_1_489' title='bbox 3351 1498 3406 1544; x_wconf 92' lang='lat' dir='ltr'><strong>et</strong></span> 
     </span>
    </p>
   </div>
   <div class='ocr_carea' id='block_1_60' title="bbox 1822 1578 3404 1651">
    <p class='ocr_par' dir='ltr' id='par_1_60' title="bbox 1822 1578 3404 1651">
     <span class='ocr_line' id='line_1_60' title="bbox 1822 1578 3404 1651; baseline -0.003 -16"><span class='ocrx_word' id='word_1_490' title='bbox 1822 1590 2144 1635; x_wconf 86' lang='lat' dir='ltr'><strong>sanctorum</strong></span> <span class='ocrx_word' id='word_1_491' title='bbox 2174 1581 2494 1651; x_wconf 80' lang='lat' dir='ltr'><strong>angelorum</strong></span> <span class='ocrx_word' id='word_1_492' title='bbox 2540 1579 2845 1651; x_wconf 89' lang='lat' dir='ltr'><strong>purissima</strong></span> <span class='ocrx_word' id='word_1_493' title='bbox 2878 1580 3081 1633; x_wconf 80' lang='lat' dir='ltr'><strong>cohors</strong></span> <span class='ocrx_word' id='word_1_494' title='bbox 3110 1578 3404 1648; x_wconf 87' lang='lat' dir='ltr'><strong>decipitur,</strong></span> 
     </span>
    </p>
   </div>
   <div class='ocr_carea' id='block_1_61' title="bbox 1823 1668 3407 1740">
    <p class='ocr_par' dir='ltr' id='par_1_61' title="bbox 1823 1668 3407 1740">
     <span class='ocr_line' id='line_1_61' title="bbox 1823 1668 3407 1740; baseline -0.004 -14"><span class='ocrx_word' id='word_1_495' title='bbox 1823 1686 1944 1740; x_wconf 69' lang='lat' dir='ltr'><strong>qua:</strong></span> <span class='ocrx_word' id='word_1_496' title='bbox 1978 1669 2148 1725; x_wconf 92' lang='lat' dir='ltr'><strong>Deum</strong></span> <span class='ocrx_word' id='word_1_497' title='bbox 2180 1671 2488 1725; x_wconf 78' lang='lat' dir='ltr'><strong>secundum</strong></span> <span class='ocrx_word' id='word_1_498' title='bbox 2524 1679 2779 1723; x_wconf 90' lang='lat' dir='ltr'><strong>naturam</strong></span> <span class='ocrx_word' id='word_1_499' title='bbox 2815 1668 3098 1723; x_wconf 85' lang='lat' dir='ltr'><strong>nobiscum</strong></span> <span class='ocrx_word' id='word_1_500' title='bbox 3132 1668 3407 1738; x_wconf 85' lang='lat' dir='ltr'><strong>gloriﬁcat</strong></span> 
     </span>
    </p>
   </div>
   <div class='ocr_carea' id='block_1_62' title="bbox 1823 1757 3407 1830">
    <p class='ocr_par' dir='ltr' id='par_1_62' title="bbox 1823 1757 3407 1830">
     <span class='ocr_line' id='line_1_62' title="bbox 1823 1757 3407 1830; baseline -0.003 -13"><span class='ocrx_word' id='word_1_501' title='bbox 1823 1770 1878 1817; x_wconf 90' lang='lat' dir='ltr'><strong>et</strong></span> <span class='ocrx_word' id='word_1_502' title='bbox 1906 1762 2120 1827; x_wconf 88' lang='lat' dir='ltr'><strong>adorat,</strong></span> <span class='ocrx_word' id='word_1_503' title='bbox 2153 1775 2218 1815; x_wconf 89' lang='lat' dir='ltr'><strong>ac</strong></span> <span class='ocrx_word' id='word_1_504' title='bbox 2257 1760 2448 1817; x_wconf 89' lang='lat' dir='ltr'><strong>nescio</strong></span> <span class='ocrx_word' id='word_1_505' title='bbox 2491 1758 2769 1830; x_wconf 88' lang='lat' dir='ltr'><strong>quomodo</strong></span> <span class='ocrx_word' id='word_1_506' title='bbox 2819 1757 3043 1812; x_wconf 88' lang='lat' dir='ltr'><strong>inducta</strong></span> <span class='ocrx_word' id='word_1_507' title='bbox 3087 1765 3173 1812; x_wconf 89' lang='lat' dir='ltr'><strong>est</strong></span> <span class='ocrx_word' id='word_1_508' title='bbox 3200 1766 3261 1812; x_wconf 93' lang='lat' dir='ltr'><strong>ut</strong></span> <span class='ocrx_word' id='word_1_509' title='bbox 3294 1758 3407 1814; x_wconf 89' lang='lat' dir='ltr'><strong>dei-</strong></span> 
     </span>
    </p>
   </div>
   <div class='ocr_carea' id='block_1_63' title="bbox 1823 1848 3407 1923">
    <p class='ocr_par' dir='ltr' id='par_1_63' title="bbox 1823 1848 3407 1923">
     <span class='ocr_line' id='line_1_63' title="bbox 1823 1848 3407 1923; baseline -0.004 -14"><span class='ocrx_word' id='word_1_510' title='bbox 1823 1852 2001 1909; x_wconf 84' lang='lat' dir='ltr'><strong>ferum</strong></span> <span class='ocrx_word' id='word_1_511' title='bbox 2043 1852 2316 1923; x_wconf 85' lang='lat' dir='ltr'><strong>quoddam</strong></span> <span class='ocrx_word' id='word_1_512' title='bbox 2356 1866 2453 1905; x_wconf 91' lang='lat' dir='ltr'><strong>vas</strong></span> <span class='ocrx_word' id='word_1_513' title='bbox 2497 1859 2553 1906; x_wconf 91' lang='lat' dir='ltr'><strong>et</strong></span> <span class='ocrx_word' id='word_1_514' title='bbox 2588 1858 2969 1905; x_wconf 79' lang='lat' dir='ltr'><strong>creaturarum</strong></span> <span class='ocrx_word' id='word_1_515' title='bbox 3020 1864 3211 1914; x_wconf 88' lang='lat' dir='ltr'><strong>unam,</strong></span> <span class='ocrx_word' id='word_1_516' title='bbox 3248 1848 3407 1918; x_wconf 80' lang='lat' dir='ltr'><strong>juxta</strong></span> 
     </span>
    </p>
   </div>
   <div class='ocr_carea' id='block_1_64' title="bbox 1823 1938 3404 2010">
    <p class='ocr_par' dir='ltr' id='par_1_64' title="bbox 1823 1938 3404 2010">
     <span class='ocr_line' id='line_1_64' title="bbox 1823 1938 3404 2010; baseline -0.003 -11"><span class='ocrx_word' id='word_1_517' title='bbox 1823 1945 2047 1999; x_wconf 84' lang='lat' dir='ltr'><strong>stultam</strong></span> <span class='ocrx_word' id='word_1_518' title='bbox 2089 1943 2477 1998; x_wconf 66' lang='lat' dir='ltr'><strong>barreticorum</strong></span> <span class='ocrx_word' id='word_1_519' title='bbox 2520 1941 2883 2003; x_wconf 87' lang='lat' dir='ltr'><strong>sententiam,</strong></span> <span class='ocrx_word' id='word_1_520' title='bbox 2925 1939 3218 2010; x_wconf 90' lang='lat' dir='ltr'><strong>gloriﬁcet.</strong></span> <span class='ocrx_word' id='word_1_521' title='bbox 3248 1938 3404 2006; x_wconf 84' lang='lat' dir='ltr'><strong>Quod</strong></span> 
     </span>
    </p>
   </div>
   <div class='ocr_carea' id='block_1_65' title="bbox 1821 2030 3407 2104">
    <p class='ocr_par' dir='ltr' id='par_1_65' title="bbox 1821 2030 3407 2104">
     <span class='ocr_line' id='line_1_65' title="bbox 1821 2030 3407 2104; baseline -0.005 -13"><span class='ocrx_word' id='word_1_522' title='bbox 1821 2036 1867 2091; x_wconf 92' lang='lat' dir='ltr'><strong>si</strong></span> <span class='ocrx_word' id='word_1_523' title='bbox 1908 2033 2068 2089; x_wconf 85' lang='lat' dir='ltr'><strong>Pater</strong></span> <span class='ocrx_word' id='word_1_524' title='bbox 2108 2047 2354 2104; x_wconf 89' lang='lat' dir='ltr'><strong>unquam</strong></span> <span class='ocrx_word' id='word_1_525' title='bbox 2391 2031 2459 2086; x_wconf 88' lang='lat' dir='ltr'><strong>ab</strong></span> <span class='ocrx_word' id='word_1_526' title='bbox 2494 2032 2585 2086; x_wconf 91' lang='lat' dir='ltr'><strong>illa</strong></span> <span class='ocrx_word' id='word_1_527' title='bbox 2617 2030 3013 2101; x_wconf 80' lang='lat' dir='ltr'><strong>conjunctione</strong></span> <span class='ocrx_word' id='word_1_528' title='bbox 3050 2037 3105 2085; x_wconf 90' lang='lat' dir='ltr'><strong>et</strong></span> <span class='ocrx_word' id='word_1_529' title='bbox 3134 2030 3407 2084; x_wconf 47' lang='lat' dir='ltr'><strong>inhabita‘</strong></span> 
     </span>
    </p>
   </div>
   <div class='ocr_carea' id='block_1_66' title="bbox 1821 2121 3407 2193">
    <p class='ocr_par' dir='ltr' id='par_1_66' title="bbox 1821 2121 3407 2193">
     <span class='ocr_line' id='line_1_66' title="bbox 1821 2121 3407 2193; baseline -0.003 -13"><span class='ocrx_word' id='word_1_530' title='bbox 1821 2128 1973 2183; x_wconf 89' lang='lat' dir='ltr'><strong>tione</strong></span> <span class='ocrx_word' id='word_1_531' title='bbox 2007 2142 2132 2181; x_wconf 92' lang='lat' dir='ltr'><strong>cum</strong></span> <span class='ocrx_word' id='word_1_532' title='bbox 2164 2121 2307 2179; x_wconf 86' lang='lat' dir='ltr'><strong>Filio</strong></span> <span class='ocrx_word' id='word_1_533' title='bbox 2333 2125 2589 2179; x_wconf 84' lang='lat' dir='ltr'><strong>recedere</strong></span> <span class='ocrx_word' id='word_1_534' title='bbox 2614 2125 2767 2188; x_wconf 88' lang='lat' dir='ltr'><strong>velit,</strong></span> <span class='ocrx_word' id='word_1_535' title='bbox 2793 2121 2932 2178; x_wconf 81' lang='lat' dir='ltr'><strong>nihil</strong></span> <span class='ocrx_word' id='word_1_536' title='bbox 2960 2123 3150 2193; x_wconf 90' lang='lat' dir='ltr'><strong>utique</strong></span> <span class='ocrx_word' id='word_1_537' title='bbox 3180 2122 3407 2177; x_wconf 84' lang='lat' dir='ltr'><strong>distabit</strong></span> 
     </span>
    </p>
   </div>
   <div class='ocr_carea' id='block_1_67' title="bbox 1820 2214 3406 2289">
    <p class='ocr_par' dir='ltr' id='par_1_67' title="bbox 1820 2214 3406 2289">
     <span class='ocr_line' id='line_1_67' title="bbox 1820 2214 3406 2289; baseline -0.004 -16"><span class='ocrx_word' id='word_1_538' title='bbox 1820 2219 1888 2275; x_wconf 90' lang='lat' dir='ltr'><strong>ab</strong></span> <span class='ocrx_word' id='word_1_539' title='bbox 1931 2220 2000 2274; x_wconf 90' lang='lat' dir='ltr'><strong>iis</strong></span> <span class='ocrx_word' id='word_1_540' title='bbox 2039 2218 2131 2289; x_wconf 91' lang='lat' dir='ltr'><strong>qui</strong></span> <span class='ocrx_word' id='word_1_541' title='bbox 2180 2218 2507 2273; x_wconf 79' lang='lat' dir='ltr'><strong>exciderunt</strong></span> <span class='ocrx_word' id='word_1_542' title='bbox 2547 2230 2650 2271; x_wconf 88' lang='lat' dir='ltr'><strong>suo</strong></span> <span class='ocrx_word' id='word_1_543' title='bbox 2692 2216 3051 2286; x_wconf 82' lang='lat' dir='ltr'><strong>principatu,</strong></span> <span class='ocrx_word' id='word_1_544' title='bbox 3090 2214 3231 2268; x_wconf 85' lang='lat' dir='ltr'><strong>nihil</strong></span> <span class='ocrx_word' id='word_1_545' title='bbox 3276 2228 3406 2284; x_wconf 86' lang='lat' dir='ltr'><strong>pro-</strong></span> 
     </span>
    </p>
   </div>
   <div class='ocr_carea' id='block_1_68' title="bbox 1816 2305 3405 2383">
    <p class='ocr_par' dir='ltr' id='par_1_68' title="bbox 1816 2305 3405 2383">
     <span class='ocr_line' id='line_1_68' title="bbox 1816 2305 3405 2383; baseline -0.003 -17"><span class='ocrx_word' id='word_1_546' title='bbox 1816 2312 1993 2383; x_wconf 88' lang='lat' dir='ltr'><strong>prium</strong></span> <span class='ocrx_word' id='word_1_547' title='bbox 2023 2310 2255 2371; x_wconf 81' lang='lat' dir='ltr'><strong>habens.</strong></span> <span class='ocrx_word' id='word_1_548' title='bbox 2285 2324 2387 2364; x_wconf 91' lang='lat' dir='ltr'><strong>nec</strong></span> <span class='ocrx_word' id='word_1_549' title='bbox 2418 2309 2474 2363; x_wconf 90' lang='lat' dir='ltr'><strong>in</strong></span> <span class='ocrx_word' id='word_1_550' title='bbox 2498 2323 2600 2364; x_wconf 88' lang='lat' dir='ltr'><strong>sua</strong></span> <span class='ocrx_word' id='word_1_551' title='bbox 2625 2318 2825 2362; x_wconf 89' lang='lat' dir='ltr'><strong>natura</strong></span> <span class='ocrx_word' id='word_1_552' title='bbox 2851 2306 3167 2362; x_wconf 86' lang='lat' dir='ltr'><strong>Genitorem</strong></span> <span class='ocrx_word' id='word_1_553' title='bbox 3196 2305 3405 2370; x_wconf 82' lang='lat' dir='ltr'><strong>ferens,</strong></span> 
     </span>
    </p>
   </div>
   <div class='ocr_carea' id='block_1_69' title="bbox 1820 2396 3404 2462">
    <p class='ocr_par' dir='ltr' id='par_1_69' title="bbox 1820 2396 3404 2462">
     <span class='ocr_line' id='line_1_69' title="bbox 1820 2396 3404 2462; baseline -0.004 -5"><span class='ocrx_word' id='word_1_554' title='bbox 1820 2403 1915 2457; x_wconf 92' lang='lat' dir='ltr'><strong>sed</strong></span> <span class='ocrx_word' id='word_1_555' title='bbox 1940 2401 1995 2455; x_wconf 91' lang='lat' dir='ltr'><strong>in</strong></span> <span class='ocrx_word' id='word_1_556' title='bbox 2019 2401 2279 2456; x_wconf 87' lang='lat' dir='ltr'><strong>omnibus</strong></span> <span class='ocrx_word' id='word_1_557' title='bbox 2312 2400 2490 2456; x_wconf 88' lang='lat' dir='ltr'><strong>nostri</strong></span> <span class='ocrx_word' id='word_1_558' title='bbox 2528 2399 2731 2454; x_wconf 91' lang='lat' dir='ltr'><strong>similis</strong></span> <span class='ocrx_word' id='word_1_559' title='bbox 2767 2399 3071 2462; x_wconf 81' lang='lat' dir='ltr'><strong>exsistens,</strong></span> <span class='ocrx_word' id='word_1_560' title='bbox 3095 2406 3148 2453; x_wconf 89' lang='lat' dir='ltr'><strong>et</strong></span> <span class='ocrx_word' id='word_1_561' title='bbox 3171 2397 3290 2451; x_wconf 86' lang='lat' dir='ltr'><strong>sola</strong></span> <span class='ocrx_word' id='word_1_562' title='bbox 3316 2396 3404 2451; x_wconf 91' lang='lat' dir='ltr'><strong>di-</strong></span> 
     </span>
    </p>
   </div>
   <div class='ocr_carea' id='block_1_70' title="bbox 1818 2488 3406 2562">
    <p class='ocr_par' dir='ltr' id='par_1_70' title="bbox 1818 2488 3406 2562">
     <span class='ocr_line' id='line_1_70' title="bbox 1818 2488 3406 2562; baseline -0.003 -15"><span class='ocrx_word' id='word_1_563' title='bbox 1818 2494 1943 2547; x_wconf 82' lang='lat' dir='ltr'><strong>vina</strong></span> <span class='ocrx_word' id='word_1_564' title='bbox 1991 2492 2283 2548; x_wconf 86' lang='lat' dir='ltr'><strong>roboratus</strong></span> <span class='ocrx_word' id='word_1_565' title='bbox 2322 2492 2538 2562; x_wconf 84' lang='lat' dir='ltr'><strong>gratia,</strong></span> <span class='ocrx_word' id='word_1_566' title='bbox 2577 2489 2715 2544; x_wconf 88' lang='lat' dir='ltr'><strong>adde</strong></span> <span class='ocrx_word' id='word_1_567' title='bbox 2754 2500 2807 2544; x_wconf 90' lang='lat' dir='ltr'><strong>et</strong></span> <span class='ocrx_word' id='word_1_568' title='bbox 2855 2489 3142 2544; x_wconf 87' lang='lat' dir='ltr'><strong>ﬁliationis</strong></span> <span class='ocrx_word' id='word_1_569' title='bbox 3182 2488 3406 2543; x_wconf 88' lang='lat' dir='ltr'><strong>nomine</strong></span> 
     </span>
    </p>
   </div>
   <div class='ocr_carea' id='block_1_71' title="bbox 1820 2583 3409 2654">
    <p class='ocr_par' dir='ltr' id='par_1_71' title="bbox 1820 2583 3409 2654">
     <span class='ocr_line' id='line_1_71' title="bbox 1820 2583 3409 2654; baseline -0.002 -14"><span class='ocrx_word' id='word_1_570' title='bbox 1820 2588 2109 2642; x_wconf 89' lang='lat' dir='ltr'><strong>nobiscum</strong></span> <span class='ocrx_word' id='word_1_571' title='bbox 2148 2594 2397 2641; x_wconf 88' lang='lat' dir='ltr'><strong>ornatus.</strong></span> <span class='ocrx_word' id='word_1_572' title='bbox 2428 2584 2629 2650; x_wconf 79' lang='lat' dir='ltr'><strong>Quidni</strong></span> <span class='ocrx_word' id='word_1_573' title='bbox 2678 2583 2865 2654; x_wconf 86' lang='lat' dir='ltr'><strong>igitur.</strong></span> <span class='ocrx_word' id='word_1_574' title='bbox 2902 2598 3121 2653; x_wconf 65' lang='lat' dir='ltr'><strong>quaeso,</strong></span> <span class='ocrx_word' id='word_1_575' title='bbox 3161 2583 3328 2639; x_wconf 89' lang='lat' dir='ltr'><strong>etiam</strong></span> <span class='ocrx_word' id='word_1_576' title='bbox 3360 2584 3409 2637; x_wconf 84' lang='lat' dir='ltr'><strong>is</strong></span> 
     </span>
    </p>
   </div>
   <div class='ocr_carea' id='block_1_72' title="bbox 1820 2675 3407 2733">
    <p class='ocr_par' dir='ltr' id='par_1_72' title="bbox 1820 2675 3407 2733">
     <span class='ocr_line' id='line_1_72' title="bbox 1820 2675 3407 2733; baseline -0.003 0"><span class='ocrx_word' id='word_1_577' title='bbox 1820 2679 2110 2733; x_wconf 85' lang='lat' dir='ltr'><strong>nobiscum</strong></span> <span class='ocrx_word' id='word_1_578' title='bbox 2143 2692 2300 2733; x_wconf 89' lang='lat' dir='ltr'><strong>suam</strong></span> <span class='ocrx_word' id='word_1_579' title='bbox 2327 2676 2625 2731; x_wconf 88' lang='lat' dir='ltr'><strong>conﬁtetur</strong></span> <span class='ocrx_word' id='word_1_580' title='bbox 2652 2683 2907 2730; x_wconf 86' lang='lat' dir='ltr'><strong>naturam</strong></span> <span class='ocrx_word' id='word_1_581' title='bbox 2929 2675 2951 2727; x_wconf 70' lang='grc' dir='ltr'><strong>ἲ</strong></span> <span class='ocrx_word' id='word_1_582' title='bbox 2977 2682 3071 2728; x_wconf 88' lang='lat' dir='ltr'><strong>aut</strong></span> <span class='ocrx_word' id='word_1_583' title='bbox 3097 2690 3200 2729; x_wconf 89' lang='lat' dir='ltr'><strong>cur</strong></span> <span class='ocrx_word' id='word_1_584' title='bbox 3219 2688 3321 2730; x_wconf 87' lang='lat' dir='ltr'><strong>nos</strong></span> <span class='ocrx_word' id='word_1_585' title='bbox 3346 2675 3407 2730; x_wconf 85' lang='lat' dir='ltr'><strong>in</strong></span> 
     </span>
    </p>
   </div>
   <div class='ocr_carea' id='block_1_73' title="bbox 1821 2766 3408 2839">
    <p class='ocr_par' dir='ltr' id='par_1_73' title="bbox 1821 2766 3408 2839">
     <span class='ocr_line' id='line_1_73' title="bbox 1821 2766 3408 2839; baseline -0.003 -15"><span class='ocrx_word' id='word_1_586' title='bbox 1821 2770 2025 2825; x_wconf 64' lang='lat' dir='ltr'><strong>saeculo</strong></span> <span class='ocrx_word' id='word_1_587' title='bbox 2068 2770 2337 2839; x_wconf 90' lang='lat' dir='ltr'><strong>perimus,</strong></span> <span class='ocrx_word' id='word_1_588' title='bbox 2368 2768 2487 2837; x_wconf 89' lang='lat' dir='ltr'><strong>ipse</strong></span> <span class='ocrx_word' id='word_1_589' title='bbox 2539 2781 2671 2821; x_wconf 88' lang='lat' dir='ltr'><strong>vero</strong></span> <span class='ocrx_word' id='word_1_590' title='bbox 2706 2766 2915 2821; x_wconf 71' lang='lat' dir='ltr'><strong>smculo</strong></span> <span class='ocrx_word' id='word_1_591' title='bbox 2960 2766 3201 2823; x_wconf 86' lang='lat' dir='ltr'><strong>insidet?</strong></span> <span class='ocrx_word' id='word_1_592' title='bbox 3239 2780 3408 2836; x_wconf 88' lang='lat' dir='ltr'><strong>quam</strong></span> 
     </span>
    </p>
   </div>
   <div class='ocr_carea' id='block_1_74' title="bbox 1821 2855 3405 2927">
    <p class='ocr_par' dir='ltr' id='par_1_74' title="bbox 1821 2855 3405 2927">
     <span class='ocr_line' id='line_1_74' title="bbox 1821 2855 3405 2927; baseline -0.004 -11"><span class='ocrx_word' id='word_1_593' title='bbox 1821 2862 1892 2916; x_wconf 91' lang='lat' dir='ltr'><strong>ob</strong></span> <span class='ocrx_word' id='word_1_594' title='bbox 1933 2876 2161 2915; x_wconf 84' lang='lat' dir='ltr'><strong>causam</strong></span> <span class='ocrx_word' id='word_1_595' title='bbox 2195 2875 2298 2915; x_wconf 87' lang='lat' dir='ltr'><strong>nos</strong></span> <span class='ocrx_word' id='word_1_596' title='bbox 2349 2858 2569 2923; x_wconf 80' lang='lat' dir='ltr'><strong>famuli,</strong></span> <span class='ocrx_word' id='word_1_597' title='bbox 2617 2858 2732 2927; x_wconf 87' lang='lat' dir='ltr'><strong>ipse</strong></span> <span class='ocrx_word' id='word_1_598' title='bbox 2764 2872 2896 2912; x_wconf 90' lang='lat' dir='ltr'><strong>vero</strong></span> <span class='ocrx_word' id='word_1_599' title='bbox 2941 2856 3255 2912; x_wconf 75' lang='lat' dir='ltr'><strong>Dominus?</strong></span> <span class='ocrx_word' id='word_1_600' title='bbox 3286 2855 3405 2911; x_wconf 89' lang='lat' dir='ltr'><strong>Etsi</strong></span> 
     </span>
    </p>
   </div>
   <div class='ocr_carea' id='block_1_75' title="bbox 1822 2950 3407 3022">
    <p class='ocr_par' dir='ltr' id='par_1_75' title="bbox 1822 2950 3407 3022">
     <span class='ocr_line' id='line_1_75' title="bbox 1822 2950 3407 3022; baseline -0.005 -13"><span class='ocrx_word' id='word_1_601' title='bbox 1822 2956 1968 3011; x_wconf 90' lang='lat' dir='ltr'><strong>enim</strong></span> <span class='ocrx_word' id='word_1_602' title='bbox 2015 2954 2112 3008; x_wconf 90' lang='lat' dir='ltr'><strong>ﬁlii</strong></span> <span class='ocrx_word' id='word_1_603' title='bbox 2143 2967 2531 3022; x_wconf 88' lang='lat' dir='ltr'><strong>nuncupemur</strong></span> <span class='ocrx_word' id='word_1_604' title='bbox 2566 2950 2694 3015; x_wconf 89' lang='lat' dir='ltr'><strong>Dei,</strong></span> <span class='ocrx_word' id='word_1_605' title='bbox 2727 2950 3095 3005; x_wconf 89' lang='lat' dir='ltr'><strong>nihilominus</strong></span> <span class='ocrx_word' id='word_1_606' title='bbox 3151 2956 3407 3003; x_wconf 80' lang='lat' dir='ltr'><strong>naturam</strong></span> 
     </span>
    </p>
   </div>
   <div class='ocr_carea' id='block_1_76' title="bbox 1822 3040 3407 3115">
    <p class='ocr_par' dir='ltr' id='par_1_76' title="bbox 1822 3040 3407 3115">
     <span class='ocr_line' id='line_1_76' title="bbox 1822 3040 3407 3115; baseline -0.004 -16"><span class='ocrx_word' id='word_1_607' title='bbox 1822 3055 2069 3101; x_wconf 72' lang='lat' dir='ltr'><strong>nostram</strong></span> <span class='ocrx_word' id='word_1_608' title='bbox 2125 3050 2515 3115; x_wconf 76' lang='lat' dir='ltr'><strong>agnoscentes,</strong></span> <span class='ocrx_word' id='word_1_609' title='bbox 2542 3042 2776 3112; x_wconf 77' lang='lat' dir='ltr'><strong>gloriam</strong></span> <span class='ocrx_word' id='word_1_610' title='bbox 2816 3056 2925 3094; x_wconf 91' lang='lat' dir='ltr'><strong>nou</strong></span> <span class='ocrx_word' id='word_1_611' title='bbox 2955 3040 3407 3096; x_wconf 84' lang='lat' dir='ltr'><strong>erubescimus’.</strong></span> 
     </span>
    </p>
   </div>
   <div class='ocr_carea' id='block_1_77' title="bbox 1749 3133 3409 3232">
    <p class='ocr_par' dir='ltr' id='par_1_77' title="bbox 1749 3133 3409 3232">
     <span class='ocr_line' id='line_1_77' title="bbox 1749 3133 3409 3232; baseline 0.001 -44"><span class='ocrx_word' id='word_1_612' title='bbox 1749 3173 1791 3232; x_wconf 61' lang='grc' dir='ltr'><strong>Ο</strong></span> <span class='ocrx_word' id='word_1_613' title='bbox 1825 3134 1947 3206; x_wconf 82' lang='lat' dir='ltr'><strong>Ipse</strong></span> <span class='ocrx_word' id='word_1_614' title='bbox 1976 3150 2105 3191; x_wconf 91' lang='lat' dir='ltr'><strong>vero</strong></span> <span class='ocrx_word' id='word_1_615' title='bbox 2129 3135 2175 3190; x_wconf 90' lang='lat' dir='ltr'><strong>si</strong></span> <span class='ocrx_word' id='word_1_616' title='bbox 2197 3135 2357 3190; x_wconf 88' lang='lat' dir='ltr'><strong>nobis</strong></span> <span class='ocrx_word' id='word_1_617' title='bbox 2386 3142 2471 3189; x_wconf 92' lang='lat' dir='ltr'><strong>est</strong></span> <span class='ocrx_word' id='word_1_618' title='bbox 2503 3134 2735 3198; x_wconf 88' lang='lat' dir='ltr'><strong>similis,</strong></span> <span class='ocrx_word' id='word_1_619' title='bbox 2778 3148 2880 3189; x_wconf 92' lang='lat' dir='ltr'><strong>nec</strong></span> <span class='ocrx_word' id='word_1_620' title='bbox 2911 3133 3026 3188; x_wconf 93' lang='lat' dir='ltr'><strong>ullo</strong></span> <span class='ocrx_word' id='word_1_621' title='bbox 3053 3133 3221 3189; x_wconf 90' lang='lat' dir='ltr'><strong>modo</strong></span> <span class='ocrx_word' id='word_1_622' title='bbox 3250 3149 3409 3189; x_wconf 87' lang='lat' dir='ltr'><strong>crea-</strong></span> 
     </span>
    </p>
   </div>
   <div class='ocr_carea' id='block_1_78' title="bbox 1827 3221 3410 3295">
    <p class='ocr_par' dir='ltr' id='par_1_78' title="bbox 1827 3221 3410 3295">
     <span class='ocr_line' id='line_1_78' title="bbox 1827 3221 3410 3295; baseline -0.001 -16"><span class='ocrx_word' id='word_1_623' title='bbox 1827 3226 1969 3282; x_wconf 73' lang='lat' dir='ltr'><strong>turis</strong></span> <span class='ocrx_word' id='word_1_624' title='bbox 1989 3227 2270 3294; x_wconf 88' lang='lat' dir='ltr'><strong>superior,</strong></span> <span class='ocrx_word' id='word_1_625' title='bbox 2301 3224 2355 3277; x_wconf 93' lang='lat' dir='ltr'><strong>in</strong></span> <span class='ocrx_word' id='word_1_626' title='bbox 2377 3233 2645 3294; x_wconf 86' lang='lat' dir='ltr'><strong>quantum</strong></span> <span class='ocrx_word' id='word_1_627' title='bbox 2669 3230 2877 3277; x_wconf 91' lang='lat' dir='ltr'><strong>nonest</strong></span> <span class='ocrx_word' id='word_1_628' title='bbox 2898 3231 3097 3277; x_wconf 87' lang='lat' dir='ltr'><strong>natura</strong></span> <span class='ocrx_word' id='word_1_629' title='bbox 3118 3221 3265 3278; x_wconf 89' lang='lat' dir='ltr'><strong>Deus</strong></span> <span class='ocrx_word' id='word_1_630' title='bbox 3283 3224 3410 3295; x_wconf 84' lang='lat' dir='ltr'><strong>(huc</strong></span> 
     </span>
    </p>
   </div>
   <div class='ocr_carea' id='block_1_79' title="bbox 1754 1820 1794 1875">
    <p class='ocr_par' dir='ltr' id='par_1_79' title="bbox 1754 1820 1794 1875">
     <span class='ocr_line' id='line_1_79' title="bbox 1754 1820 1794 1875; baseline 0 0"><span class='ocrx_word' id='word_1_631' title='bbox 1754 1820 1794 1875; x_wconf 88' lang='grc' dir='ltr'><strong>Β</strong></span> 
     </span>
    </p>
   </div>
   <div class='ocr_carea' id='block_1_80' title="bbox 1824 3313 3413 3387">
    <p class='ocr_par' dir='ltr' id='par_1_80' title="bbox 1824 3313 3413 3387">
     <span class='ocr_line' id='line_1_80' title="bbox 1824 3313 3413 3387; baseline -0.004 -13"><span class='ocrx_word' id='word_1_632' title='bbox 1824 3320 1972 3374; x_wconf 88' lang='lat' dir='ltr'><strong>enim</strong></span> <span class='ocrx_word' id='word_1_633' title='bbox 2018 3317 2263 3387; x_wconf 87' lang='lat' dir='ltr'><strong>imperiti</strong></span> <span class='ocrx_word' id='word_1_634' title='bbox 2308 3316 2604 3387; x_wconf 82' lang='lat' dir='ltr'><strong>sentiunt),</strong></span> <span class='ocrx_word' id='word_1_635' title='bbox 2636 3314 2831 3384; x_wconf 85' lang='lat' dir='ltr'><strong>quidni</strong></span> <span class='ocrx_word' id='word_1_636' title='bbox 2877 3314 3199 3385; x_wconf 79' lang='lat' dir='ltr'><strong>servitutem</strong></span> <span class='ocrx_word' id='word_1_637' title='bbox 3230 3313 3413 3367; x_wconf 86' lang='lat' dir='ltr'><strong>nobis-</strong></span> 
     </span>
    </p>
   </div>
   <div class='ocr_carea' id='block_1_81' title="bbox 1824 3406 3412 3479">
    <p class='ocr_par' dir='ltr' id='par_1_81' title="bbox 1824 3406 3412 3479">
     <span class='ocr_line' id='line_1_81' title="bbox 1824 3406 3412 3479; baseline -0.003 -16"><span class='ocrx_word' id='word_1_638' title='bbox 1824 3424 1948 3463; x_wconf 90' lang='lat' dir='ltr'><strong>cum</strong></span> <span class='ocrx_word' id='word_1_639' title='bbox 1986 3409 2309 3479; x_wconf 85' lang='lat' dir='ltr'><strong>proﬁtetur?</strong></span> <span class='ocrx_word' id='word_1_640' title='bbox 2335 3408 2442 3464; x_wconf 89' lang='lat' dir='ltr'><strong>Sed</strong></span> <span class='ocrx_word' id='word_1_641' title='bbox 2481 3406 2906 3462; x_wconf 81' lang='lat' dir='ltr'><strong>convenientem</strong></span> <span class='ocrx_word' id='word_1_642' title='bbox 2948 3407 3172 3477; x_wconf 87' lang='lat' dir='ltr'><strong>proprie</strong></span> <span class='ocrx_word' id='word_1_643' title='bbox 3198 3412 3412 3460; x_wconf 71' lang='lat' dir='ltr'><strong>natura:</strong></span> 
     </span>
    </p>
   </div>
   <div class='ocr_carea' id='block_1_82' title="bbox 1824 3498 3413 3571">
    <p class='ocr_par' dir='ltr' id='par_1_82' title="bbox 1824 3498 3413 3571">
     <span class='ocr_line' id='line_1_82' title="bbox 1824 3498 3413 3571; baseline -0.003 -15"><span class='ocrx_word' id='word_1_644' title='bbox 1824 3500 2023 3556; x_wconf 73' lang='lat' dir='ltr'><strong>divinae</strong></span> <span class='ocrx_word' id='word_1_645' title='bbox 2072 3501 2339 3556; x_wconf 89' lang='lat' dir='ltr'><strong>honorem</strong></span> <span class='ocrx_word' id='word_1_646' title='bbox 2386 3507 2439 3554; x_wconf 92' lang='lat' dir='ltr'><strong>ct</strong></span> <span class='ocrx_word' id='word_1_647' title='bbox 2486 3500 2715 3571; x_wconf 75' lang='lat' dir='ltr'><strong>gloriam</strong></span> <span class='ocrx_word' id='word_1_648' title='bbox 2770 3499 2875 3553; x_wconf 90' lang='lat' dir='ltr'><strong>sibi</strong></span> <span class='ocrx_word' id='word_1_649' title='bbox 2932 3498 3248 3562; x_wconf 83' lang='lat' dir='ltr'><strong>vindicans,</strong></span> <span class='ocrx_word' id='word_1_650' title='bbox 3294 3498 3413 3553; x_wconf 84' lang='lat' dir='ltr'><strong>suis</strong></span> 
     </span>
    </p>
   </div>
   <div class='ocr_carea' id='block_1_83' title="bbox 1824 3589 3413 3662">
    <p class='ocr_par' dir='ltr' id='par_1_83' title="bbox 1824 3589 3413 3662">
     <span class='ocr_line' id='line_1_83' title="bbox 1824 3589 3413 3662; baseline -0.002 -16"><span class='ocrx_word' id='word_1_651' title='bbox 1824 3592 2112 3662; x_wconf 88' lang='lat' dir='ltr'><strong>discipulis</strong></span> <span class='ocrx_word' id='word_1_652' title='bbox 2142 3592 2328 3647; x_wconf 87' lang='lat' dir='ltr'><strong>dicere</strong></span> <span class='ocrx_word' id='word_1_653' title='bbox 2356 3594 2635 3662; x_wconf 82' lang='lat' dir='ltr'><strong>reperitur</strong></span> <span class='ocrx_word' id='word_1_654' title='bbox 2663 3611 2676 3645; x_wconf 88' lang='lat'><strong>:</strong></span> <span class='ocrx_word' id='word_1_655' title='bbox 2714 3609 2733 3643; x_wconf 81' lang='grc' dir='ltr'><strong>ι</strong></span> <span class='ocrx_word' id='word_1_656' title='bbox 2765 3590 2878 3645; x_wconf 83' lang='lat' dir='ltr'><strong>Vos</strong></span> <span class='ocrx_word' id='word_1_657' title='bbox 2907 3591 3125 3645; x_wconf 83' lang='lat' dir='ltr'><strong>vocatis</strong></span> <span class='ocrx_word' id='word_1_658' title='bbox 3152 3605 3261 3653; x_wconf 89' lang='lat' dir='ltr'><strong>me,</strong></span> <span class='ocrx_word' id='word_1_659' title='bbox 3294 3589 3413 3643; x_wconf 67' lang='lat' dir='ltr'><strong>Ila-</strong></span> 
     </span>
    </p>
   </div>
   <div class='ocr_carea' id='block_1_84' title="bbox 1823 3682 3405 3754">
    <p class='ocr_par' dir='ltr' id='par_1_84' title="bbox 1823 3682 3405 3754">
     <span class='ocr_line' id='line_1_84' title="bbox 1823 3682 3405 3754; baseline -0.001 -19"><span class='ocrx_word' id='word_1_660' title='bbox 1823 3686 1998 3754; x_wconf 87' lang='lat' dir='ltr'><strong>gister</strong></span> <span class='ocrx_word' id='word_1_661' title='bbox 2023 3692 2078 3738; x_wconf 89' lang='lat' dir='ltr'><strong>et</strong></span> <span class='ocrx_word' id='word_1_662' title='bbox 2102 3682 2333 3737; x_wconf 85' lang='lat' dir='ltr'><strong>Domine</strong></span> <span class='ocrx_word' id='word_1_663' title='bbox 2358 3701 2373 3749; x_wconf 88' lang='lat'><strong>;</strong></span> <span class='ocrx_word' id='word_1_664' title='bbox 2403 3692 2457 3737; x_wconf 91' lang='lat' dir='ltr'><strong>ct</strong></span> <span class='ocrx_word' id='word_1_665' title='bbox 2487 3684 2626 3738; x_wconf 83' lang='lat' dir='ltr'><strong>bene</strong></span> <span class='ocrx_word' id='word_1_666' title='bbox 2648 3682 2837 3737; x_wconf 86' lang='lat' dir='ltr'><strong>dicitis</strong></span> <span class='ocrx_word' id='word_1_667' title='bbox 2869 3700 2882 3737; x_wconf 88' lang='lat'>:</span> <span class='ocrx_word' id='word_1_668' title='bbox 2918 3698 3039 3737; x_wconf 87' lang='lat' dir='ltr'><strong>sum</strong></span> <span class='ocrx_word' id='word_1_669' title='bbox 3062 3682 3269 3737; x_wconf 85' lang='lat' dir='ltr'><strong>etenim</strong></span> <span class='ocrx_word' id='word_1_670' title='bbox 3294 3683 3358 3735; x_wconf 81' lang='grc'><strong>¹⁹.</strong></span> <span class='ocrx_word' id='word_1_671' title='bbox 3385 3701 3405 3734; x_wconf 71' lang='grc' dir='ltr'><strong>ι</strong></span> 
     </span>
    </p>
   </div>
   <div class='ocr_carea' id='block_1_85' title="bbox 1823 3771 3414 3845">
    <p class='ocr_par' dir='ltr' id='par_1_85' title="bbox 1823 3771 3414 3845">
     <span class='ocr_line' id='line_1_85' title="bbox 1823 3771 3414 3845; baseline -0.001 -17"><span class='ocrx_word' id='word_1_672' title='bbox 1823 3775 2002 3845; x_wconf 80' lang='lat' dir='ltr'><strong>Atque</strong></span> <span class='ocrx_word' id='word_1_673' title='bbox 2033 3774 2150 3828; x_wconf 72' lang='lat' dir='ltr'><strong>htec</strong></span> <span class='ocrx_word' id='word_1_674' title='bbox 2181 3773 2401 3843; x_wconf 90' lang='lat' dir='ltr'><strong>quidem</strong></span> <span class='ocrx_word' id='word_1_675' title='bbox 2429 3772 2685 3828; x_wconf 84' lang='lat' dir='ltr'><strong>Salvator</strong></span> <span class='ocrx_word' id='word_1_676' title='bbox 2726 3790 2738 3826; x_wconf 92' lang='lat'><strong>:</strong></span> <span class='ocrx_word' id='word_1_677' title='bbox 2773 3771 2868 3827; x_wconf 89' lang='lat' dir='ltr'><strong>sed</strong></span> <span class='ocrx_word' id='word_1_678' title='bbox 2904 3771 3036 3826; x_wconf 91' lang='lat' dir='ltr'><strong>boni</strong></span> <span class='ocrx_word' id='word_1_679' title='bbox 3069 3772 3147 3825; x_wconf 88' lang='lat' dir='ltr'><strong>illi</strong></span> <span class='ocrx_word' id='word_1_680' title='bbox 3183 3772 3414 3843; x_wconf 58' lang='lat' dir='ltr'><strong>dogma-</strong></span> 
     </span>
    </p>
   </div>
   <div class='ocr_carea' id='block_1_86' title="bbox 1825 3863 3409 3935">
    <p class='ocr_par' dir='ltr' id='par_1_86' title="bbox 1825 3863 3409 3935">
     <span class='ocr_line' id='line_1_86' title="bbox 1825 3863 3409 3935; baseline -0.003 -15"><span class='ocrx_word' id='word_1_681' title='bbox 1825 3875 1940 3921; x_wconf 89' lang='lat' dir='ltr'><strong>tum</strong></span> <span class='ocrx_word' id='word_1_682' title='bbox 1973 3866 2358 3921; x_wconf 65' lang='lat' dir='ltr'><strong>hmreticorum</strong></span> <span class='ocrx_word' id='word_1_683' title='bbox 2396 3865 2733 3935; x_wconf 88' lang='lat' dir='ltr'><strong>interpretes</strong></span> <span class='ocrx_word' id='word_1_684' title='bbox 2777 3864 3006 3919; x_wconf 86' lang='lat' dir='ltr'><strong>laudant</strong></span> <span class='ocrx_word' id='word_1_685' title='bbox 3036 3863 3257 3934; x_wconf 89' lang='lat' dir='ltr'><strong>quidem</strong></span> <span class='ocrx_word' id='word_1_686' title='bbox 3283 3878 3409 3918; x_wconf 86' lang='lat' dir='ltr'><strong>eum</strong></span> 
     </span>
    </p>
   </div>
   <div class='ocr_carea' id='block_1_87' title="bbox 1825 3952 3409 4026">
    <p class='ocr_par' dir='ltr' id='par_1_87' title="bbox 1825 3952 3409 4026">
     <span class='ocr_line' id='line_1_87' title="bbox 1825 3952 3409 4026; baseline -0.002 -14"><span class='ocrx_word' id='word_1_687' title='bbox 1825 3966 2163 4014; x_wconf 88' lang='lat' dir='ltr'><strong>asscrcntem</strong></span> <span class='ocrx_word' id='word_1_688' title='bbox 2189 3974 2252 4012; x_wconf 90' lang='lat' dir='ltr'><strong>ac</strong></span> <span class='ocrx_word' id='word_1_689' title='bbox 2278 3958 2557 4012; x_wconf 86' lang='lat' dir='ltr'><strong>dicentem</strong></span> <span class='ocrx_word' id='word_1_690' title='bbox 2594 3971 2653 4011; x_wconf 91' lang='lat' dir='ltr'><strong>se</strong></span> <span class='ocrx_word' id='word_1_691' title='bbox 2678 3972 2805 4011; x_wconf 90' lang='lat' dir='ltr'><strong>vere</strong></span> <span class='ocrx_word' id='word_1_692' title='bbox 2828 3970 3061 4026; x_wconf 86' lang='lat' dir='ltr'><strong>prorsus</strong></span> <span class='ocrx_word' id='word_1_693' title='bbox 3084 3954 3269 4009; x_wconf 86' lang='lat' dir='ltr'><strong>vocari</strong></span> <span class='ocrx_word' id='word_1_694' title='bbox 3302 3952 3409 4009; x_wconf 81' lang='lat' dir='ltr'><strong>Do-</strong></span> 
     </span>
    </p>
   </div>
   <div class='ocr_carea' id='block_1_88' title="bbox 1824 4046 3410 4115">
    <p class='ocr_par' dir='ltr' id='par_1_88' title="bbox 1824 4046 3410 4115">
     <span class='ocr_line' id='line_1_88' title="bbox 1824 4046 3410 4115; baseline -0.003 -12"><span class='ocrx_word' id='word_1_695' title='bbox 1824 4050 2058 4115; x_wconf 90' lang='lat' dir='ltr'><strong>minum,</strong></span> <span class='ocrx_word' id='word_1_696' title='bbox 2093 4048 2186 4104; x_wconf 91' lang='lat' dir='ltr'><strong>sed</strong></span> <span class='ocrx_word' id='word_1_697' title='bbox 2215 4062 2245 4101; x_wconf 85' lang='lat' dir='ltr'><strong>a</strong></span> <span class='ocrx_word' id='word_1_698' title='bbox 2278 4049 2516 4102; x_wconf 86' lang='lat' dir='ltr'><strong>naturali</strong></span> <span class='ocrx_word' id='word_1_699' title='bbox 2546 4047 2924 4103; x_wconf 89' lang='lat' dir='ltr'><strong>dominatione</strong></span> <span class='ocrx_word' id='word_1_700' title='bbox 2959 4062 3086 4102; x_wconf 90' lang='lat' dir='ltr'><strong>eum</strong></span> <span class='ocrx_word' id='word_1_701' title='bbox 3110 4046 3410 4101; x_wconf 76' lang='lat' dir='ltr'><strong>excluden-</strong></span> 
     </span>
    </p>
   </div>
   <div class='ocr_carea' id='block_1_89' title="bbox 1823 4134 3408 4209">
    <p class='ocr_par' dir='ltr' id='par_1_89' title="bbox 1823 4134 3408 4209">
     <span class='ocr_line' id='line_1_89' title="bbox 1823 4134 3408 4209; baseline -0.002 -18"><span class='ocrx_word' id='word_1_702' title='bbox 1823 4145 1907 4193; x_wconf 90' lang='lat' dir='ltr'><strong>tes</strong></span> <span class='ocrx_word' id='word_1_703' title='bbox 1937 4154 2003 4194; x_wconf 80' lang='lat' dir='ltr'><strong>ex</strong></span> <span class='ocrx_word' id='word_1_704' title='bbox 2029 4154 2097 4195; x_wconf 91' lang='lat' dir='ltr'><strong>eo</strong></span> <span class='ocrx_word' id='word_1_705' title='bbox 2123 4137 2270 4209; x_wconf 90' lang='lat' dir='ltr'><strong>quod</strong></span> <span class='ocrx_word' id='word_1_706' title='bbox 2294 4139 2496 4193; x_wconf 90' lang='lat' dir='ltr'><strong>nolunt</strong></span> <span class='ocrx_word' id='word_1_707' title='bbox 2514 4153 2638 4193; x_wconf 91' lang='lat' dir='ltr'><strong>eum</strong></span> <span class='ocrx_word' id='word_1_708' title='bbox 2672 4135 2842 4192; x_wconf 88' lang='lat' dir='ltr'><strong>Deum</strong></span> <span class='ocrx_word' id='word_1_709' title='bbox 2869 4134 2941 4193; x_wconf 90' lang='lat' dir='ltr'><strong>de</strong></span> <span class='ocrx_word' id='word_1_710' title='bbox 2961 4135 3073 4191; x_wconf 90' lang='lat' dir='ltr'><strong>Deo</strong></span> <span class='ocrx_word' id='word_1_711' title='bbox 3099 4136 3408 4192; x_wconf 86' lang='lat' dir='ltr'><strong>secundum</strong></span> 
     </span>
    </p>
   </div>
   <div class='ocr_carea' id='block_1_90' title="bbox 1824 4225 3409 4297">
    <p class='ocr_par' dir='ltr' id='par_1_90' title="bbox 1824 4225 3409 4297">
     <span class='ocr_line' id='line_1_90' title="bbox 1824 4225 3409 4297; baseline -0.001 -17"><span class='ocrx_word' id='word_1_712' title='bbox 1824 4235 2077 4282; x_wconf 86' lang='lat' dir='ltr'><strong>naturam</strong></span> <span class='ocrx_word' id='word_1_713' title='bbox 2116 4226 2400 4291; x_wconf 89' lang='lat' dir='ltr'><strong>conﬁteri,</strong></span> <span class='ocrx_word' id='word_1_714' title='bbox 2430 4243 2538 4282; x_wconf 93' lang='lat' dir='ltr'><strong>non</strong></span> <span class='ocrx_word' id='word_1_715' title='bbox 2569 4235 2754 4281; x_wconf 88' lang='lat' dir='ltr'><strong>tamen</strong></span> <span class='ocrx_word' id='word_1_716' title='bbox 2800 4234 3096 4297; x_wconf 88' lang='lat' dir='ltr'><strong>propterea</strong></span> <span class='ocrx_word' id='word_1_717' title='bbox 3144 4225 3249 4281; x_wconf 91' lang='lat' dir='ltr'><strong>sibi</strong></span> <span class='ocrx_word' id='word_1_718' title='bbox 3284 4241 3409 4297; x_wconf 88' lang='lat' dir='ltr'><strong>per-</strong></span> 
     </span>
    </p>
   </div>
   <div class='ocr_carea' id='block_1_91' title="bbox 1824 4316 3407 4390">
    <p class='ocr_par' dir='ltr' id='par_1_91' title="bbox 1824 4316 3407 4390">
     <span class='ocr_line' id='line_1_91' title="bbox 1824 4316 3407 4390; baseline -0.001 -16"><span class='ocrx_word' id='word_1_719' title='bbox 1824 4318 2058 4374; x_wconf 82' lang='lat' dir='ltr'><strong>suadent</strong></span> <span class='ocrx_word' id='word_1_720' title='bbox 2106 4334 2165 4375; x_wconf 88' lang='lat' dir='ltr'><strong>se</strong></span> <span class='ocrx_word' id='word_1_721' title='bbox 2213 4318 2415 4390; x_wconf 90' lang='lat' dir='ltr'><strong>piaculi</strong></span> <span class='ocrx_word' id='word_1_722' title='bbox 2466 4319 2553 4373; x_wconf 92' lang='lat' dir='ltr'><strong>sui</strong></span> <span class='ocrx_word' id='word_1_723' title='bbox 2608 4317 2845 4388; x_wconf 83' lang='lat' dir='ltr'><strong>prodere</strong></span> <span class='ocrx_word' id='word_1_724' title='bbox 2894 4317 3226 4373; x_wconf 65' lang='lat' dir='ltr'><strong>foeditatem.</strong></span> <span class='ocrx_word' id='word_1_725' title='bbox 3268 4316 3407 4372; x_wconf 84' lang='lat' dir='ltr'><strong>Nam</strong></span> 
     </span>
    </p>
   </div>
   <div class='ocr_carea' id='block_1_92' title="bbox 1823 4408 3409 4482">
    <p class='ocr_par' dir='ltr' id='par_1_92' title="bbox 1823 4408 3409 4482">
     <span class='ocr_line' id='line_1_92' title="bbox 1823 4408 3409 4482; baseline -0.003 -17"><span class='ocrx_word' id='word_1_726' title='bbox 1823 4412 1969 4482; x_wconf 89' lang='lat' dir='ltr'><strong>quod</strong></span> <span class='ocrx_word' id='word_1_727' title='bbox 2032 4426 2135 4467; x_wconf 91' lang='lat' dir='ltr'><strong>nec</strong></span> <span class='ocrx_word' id='word_1_728' title='bbox 2189 4412 2244 4465; x_wconf 89' lang='lat' dir='ltr'><strong>in</strong></span> <span class='ocrx_word' id='word_1_729' title='bbox 2305 4409 2638 4465; x_wconf 82' lang='lat' dir='ltr'><strong>famulorum</strong></span> <span class='ocrx_word' id='word_1_730' title='bbox 2698 4408 2933 4477; x_wconf 88' lang='lat' dir='ltr'><strong>ordine,</strong></span> <span class='ocrx_word' id='word_1_731' title='bbox 2983 4424 3085 4464; x_wconf 82' lang='lat' dir='ltr'><strong>nec</strong></span> <span class='ocrx_word' id='word_1_732' title='bbox 3141 4408 3197 4464; x_wconf 92' lang='lat' dir='ltr'><strong>in</strong></span> <span class='ocrx_word' id='word_1_733' title='bbox 3255 4423 3409 4464; x_wconf 89' lang='lat' dir='ltr'><strong>crea-</strong></span> 
     </span>
    </p>
   </div>
   <div class='ocr_carea' id='block_1_93' title="bbox 138 4500 1720 4578">
    <p class='ocr_par' dir='ltr' id='par_1_93' title="bbox 138 4502 1717 4578">
     <span class='ocr_line' id='line_1_93' title="bbox 138 4502 1717 4578; baseline 0.003 -24"><span class='ocrx_word' id='word_1_734' title='bbox 138 4502 270 4573; x_wconf 82' lang='grc' dir='ltr'>γάρ.</span> <span class='ocrx_word' id='word_1_735' title='bbox 312 4522 331 4553; x_wconf 73' lang='grc' dir='ltr'><strong>ι</strong></span> <span class='ocrx_word' id='word_1_736' title='bbox 366 4503 475 4556; x_wconf 77' lang='grc' dir='ltr'><strong>Καὶ</strong></span> <span class='ocrx_word' id='word_1_737' title='bbox 502 4504 675 4557; x_wconf 78' lang='grc' dir='ltr'>ταῦτα</span> <span class='ocrx_word' id='word_1_738' title='bbox 708 4504 807 4574; x_wconf 80' lang='grc' dir='ltr'>μὲν</span> <span class='ocrx_word' id='word_1_739' title='bbox 834 4506 863 4557; x_wconf 88' lang='grc' dir='ltr'><strong>ὁ</strong></span> <span class='ocrx_word' id='word_1_740' title='bbox 888 4505 1081 4578; x_wconf 85' lang='grc' dir='ltr'>Σωτήρ</span> <span class='ocrx_word' id='word_1_741' title='bbox 1105 4521 1119 4537; x_wconf 75' lang='grc'><strong><em>⁸</em></strong></span> <span class='ocrx_word' id='word_1_742' title='bbox 1156 4508 1204 4558; x_wconf 87' lang='grc' dir='ltr'><strong>οἰ</strong></span> <span class='ocrx_word' id='word_1_743' title='bbox 1237 4505 1293 4559; x_wconf 81' lang='grc' dir='ltr'>δὲ</span> <span class='ocrx_word' id='word_1_744' title='bbox 1340 4506 1495 4559; x_wconf 87' lang='grc' dir='ltr'>καλοί</span> <span class='ocrx_word' id='word_1_745' title='bbox 1534 4523 1592 4560; x_wconf 83' lang='grc' dir='ltr'><strong>τε</strong></span> <span class='ocrx_word' id='word_1_746' title='bbox 1624 4507 1717 4561; x_wconf 76' lang='grc' dir='ltr'>καὶ</span> 
     </span>
    </p>
   </div>
   <div class='ocr_carea' id='block_1_94' title="bbox 1821 4500 3407 4578">
    <p class='ocr_par' dir='ltr' id='par_1_94' title="bbox 1825 4500 3407 4567">
     <span class='ocr_line' id='line_1_94' title="bbox 1825 4500 3407 4567; baseline -0.003 -9"><span class='ocrx_word' id='word_1_747' title='bbox 1825 4513 2070 4558; x_wconf 91' lang='lat' dir='ltr'><strong>turarum</strong></span> <span class='ocrx_word' id='word_1_748' title='bbox 2125 4518 2355 4558; x_wconf 90' lang='lat' dir='ltr'><strong>numero</strong></span> <span class='ocrx_word' id='word_1_749' title='bbox 2399 4502 2659 4557; x_wconf 88' lang='lat' dir='ltr'><strong>collocari</strong></span> <span class='ocrx_word' id='word_1_750' title='bbox 2719 4502 2872 4567; x_wconf 84' lang='lat' dir='ltr'><strong>velit,</strong></span> <span class='ocrx_word' id='word_1_751' title='bbox 2924 4501 3020 4557; x_wconf 88' lang='lat' dir='ltr'><strong>sed</strong></span> <span class='ocrx_word' id='word_1_752' title='bbox 3074 4500 3142 4556; x_wconf 87' lang='lat' dir='ltr'><strong>ad</strong></span> <span class='ocrx_word' id='word_1_753' title='bbox 3179 4500 3407 4556; x_wconf 82' lang='lat' dir='ltr'><strong>liberta-</strong></span> 
     </span>
    </p>
   </div>
   <div class='ocr_carea' id='block_1_95' title="bbox 140 4593 1719 4669">
    <p class='ocr_par' dir='ltr' id='par_1_95' title="bbox 140 4593 1719 4669">
     <span class='ocr_line' id='line_1_95' title="bbox 140 4593 1719 4669; baseline 0.004 -24"><span class='ocrx_word' id='word_1_754' title='bbox 140 4594 340 4661; x_wconf 72' lang='grc' dir='ltr'>ἀγαθοὶ</span> <span class='ocrx_word' id='word_1_755' title='bbox 376 4593 484 4647; x_wconf 85' lang='grc' dir='ltr'><strong>τῶν</strong></span> <span class='ocrx_word' id='word_1_756' title='bbox 523 4594 655 4647; x_wconf 64' lang='grc' dir='ltr'>κατ’</span> <span class='ocrx_word' id='word_1_757' title='bbox 692 4594 859 4648; x_wconf 80' lang='grc' dir='ltr'>αὑτοῦ</span> <span class='ocrx_word' id='word_1_758' title='bbox 907 4595 1192 4666; x_wconf 81' lang='grc' dir='ltr'>δογμάτων</span> <span class='ocrx_word' id='word_1_759' title='bbox 1225 4598 1516 4669; x_wconf 77' lang='grc' dir='ltr'>εἰσηγηταὶ</span> <span class='ocrx_word' id='word_1_760' title='bbox 1559 4600 1719 4652; x_wconf 74' lang='grc' dir='ltr'>ἐπαι-</span> 
     </span>
    </p>
   </div>
   <div class='ocr_carea' id='block_1_96' title="bbox 142 4684 1719 4760">
    <p class='ocr_par' dir='ltr' id='par_1_96' title="bbox 142 4684 1719 4760">
     <span class='ocr_line' id='line_1_96' title="bbox 142 4684 1719 4760; baseline 0.005 -24"><span class='ocrx_word' id='word_1_761' title='bbox 142 4684 293 4737; x_wconf 74' lang='grc' dir='ltr'>νοῦσι</span> <span class='ocrx_word' id='word_1_762' title='bbox 336 4684 436 4755; x_wconf 67' lang='grc' dir='ltr'>μὲν</span> <span class='ocrx_word' id='word_1_763' title='bbox 468 4684 694 4753; x_wconf 80' lang='grc' dir='ltr'>λέγοντα</span> <span class='ocrx_word' id='word_1_764' title='bbox 730 4687 826 4741; x_wconf 72' lang='grc' dir='ltr'>καὶ</span> <span class='ocrx_word' id='word_1_765' title='bbox 855 4685 1256 4757; x_wconf 81' lang='grc' dir='ltr'>διατεινόμενον</span> <span class='ocrx_word' id='word_1_766' title='bbox 1278 4731 1295 4754; x_wconf 89' lang='grc'><strong>,</strong></span> <span class='ocrx_word' id='word_1_767' title='bbox 1330 4689 1405 4753; x_wconf 84' lang='grc' dir='ltr'>ὠς</span> <span class='ocrx_word' id='word_1_768' title='bbox 1431 4690 1520 4760; x_wconf 73' lang='grc' dir='ltr'>εἴη</span> <span class='ocrx_word' id='word_1_769' title='bbox 1581 4707 1719 4744; x_wconf 82' lang='grc' dir='ltr'>παν-</span> 
     </span>
    </p>
   </div>
   <div class='ocr_carea' id='block_1_97' title="bbox 143 4776 1722 4850">
    <p class='ocr_par' dir='ltr' id='par_1_97' title="bbox 143 4776 1722 4850">
     <span class='ocr_line' id='line_1_97' title="bbox 143 4776 1722 4850; baseline 0.003 -20"><span class='ocrx_word' id='word_1_770' title='bbox 143 4777 359 4847; x_wconf 73' lang='grc' dir='ltr'>ἀληθῶς</span> <span class='ocrx_word' id='word_1_771' title='bbox 391 4777 723 4848; x_wconf 80' lang='grc' dir='ltr'>καλούμενος</span> <span class='ocrx_word' id='word_1_772' title='bbox 754 4776 981 4849; x_wconf 84' lang='grc' dir='ltr'>Κύριος,</span> <span class='ocrx_word' id='word_1_773' title='bbox 1011 4778 1109 4849; x_wconf 81' lang='grc' dir='ltr'>τῆς</span> <span class='ocrx_word' id='word_1_774' title='bbox 1150 4778 1205 4832; x_wconf 83' lang='grc' dir='ltr'>δὲ</span> <span class='ocrx_word' id='word_1_775' title='bbox 1243 4780 1385 4833; x_wconf 87' lang='grc' dir='ltr'><strong>κατὰ</strong></span> <span class='ocrx_word' id='word_1_776' title='bbox 1417 4779 1579 4850; x_wconf 82' lang='grc' dir='ltr'>φύσιν</span> <span class='ocrx_word' id='word_1_777' title='bbox 1623 4798 1722 4834; x_wconf 84' lang='grc' dir='ltr'>κυ-</span> 
     </span>
    </p>
   </div>
   <div class='ocr_carea' id='block_1_98' title="bbox 149 4870 1722 4945">
    <p class='ocr_par' dir='ltr' id='par_1_98' title="bbox 149 4870 1722 4945">
     <span class='ocr_line' id='line_1_98' title="bbox 149 4870 1722 4945; baseline 0.003 -22"><span class='ocrx_word' id='word_1_778' title='bbox 149 4872 394 4941; x_wconf 83' lang='grc' dir='ltr'>ριότητος</span> <span class='ocrx_word' id='word_1_779' title='bbox 445 4870 774 4937; x_wconf 78' lang='grc' dir='ltr'>ἐξωθοῦντες</span> <span class='ocrx_word' id='word_1_780' title='bbox 824 4871 985 4925; x_wconf 76' lang='grc' dir='ltr'>αὐτὸν</span> <span class='ocrx_word' id='word_1_781' title='bbox 1033 4871 1120 4925; x_wconf 81' lang='grc' dir='ltr'>διὰ</span> <span class='ocrx_word' id='word_1_782' title='bbox 1173 4872 1265 4926; x_wconf 82' lang='grc' dir='ltr'>τοῦ</span> <span class='ocrx_word' id='word_1_783' title='bbox 1311 4874 1385 4945; x_wconf 79' lang='grc' dir='ltr'>μὴ</span> <span class='ocrx_word' id='word_1_784' title='bbox 1436 4873 1722 4944; x_wconf 87' lang='grc' dir='ltr'>βούλεσθαι</span> 
     </span>
    </p>
   </div>
   <div class='ocr_carea' id='block_1_99' title="bbox 145 4962 1721 5039">
    <p class='ocr_par' dir='ltr' id='par_1_99' title="bbox 145 4962 1721 5039">
     <span class='ocr_line' id='line_1_99' title="bbox 145 4962 1721 5039; baseline 0.002 -23"><span class='ocrx_word' id='word_1_785' title='bbox 145 4965 275 5018; x_wconf 70' lang='grc' dir='ltr'>Θεὸν</span> <span class='ocrx_word' id='word_1_786' title='bbox 297 4966 361 5016; x_wconf 79' lang='grc' dir='ltr'>ὲκ</span> <span class='ocrx_word' id='word_1_787' title='bbox 393 4962 531 5017; x_wconf 77' lang='grc' dir='ltr'>Θεοῦ</span> <span class='ocrx_word' id='word_1_788' title='bbox 560 4962 703 5017; x_wconf 86' lang='grc' dir='ltr'><strong>κατά</strong></span> <span class='ocrx_word' id='word_1_789' title='bbox 730 4962 892 5033; x_wconf 83' lang='grc' dir='ltr'>φύσιν</span> <span class='ocrx_word' id='word_1_790' title='bbox 917 4964 1223 5035; x_wconf 82' lang='grc' dir='ltr'>ὁμολογεῖν,</span> <span class='ocrx_word' id='word_1_791' title='bbox 1254 4968 1349 5019; x_wconf 73' lang='grc' dir='ltr'><strong>καί⁸</strong></span> <span class='ocrx_word' id='word_1_792' title='bbox 1386 4967 1484 5039; x_wconf 67' lang='grc' dir='ltr'>τῆς</span> <span class='ocrx_word' id='word_1_793' title='bbox 1513 4968 1721 5021; x_wconf 74' lang='grc' dir='ltr'>ἑαυτῶν</span> 
     </span>
    </p>
   </div>
   <div class='ocr_carea' id='block_1_100' title="bbox 148 5053 1721 5126">
    <p class='ocr_par' dir='ltr' id='par_1_100' title="bbox 148 5053 1721 5126">
     <span class='ocr_line' id='line_1_100' title="bbox 148 5053 1721 5126; baseline 0.002 -21"><span class='ocrx_word' id='word_1_794' title='bbox 148 5054 428 5126; x_wconf 78' lang='grc' dir='ltr'>βδελυρίας</span> <span class='ocrx_word' id='word_1_795' title='bbox 447 5054 516 5107; x_wconf 88' lang='grc' dir='ltr'><strong>τά</strong></span> <span class='ocrx_word' id='word_1_796' title='bbox 543 5054 759 5107; x_wconf 86' lang='grc' dir='ltr'>πάντων</span> <span class='ocrx_word' id='word_1_797' title='bbox 781 5053 1037 5123; x_wconf 74' lang='grc' dir='ltr'>αἴσχιστα</span> <span class='ocrx_word' id='word_1_798' title='bbox 1058 5056 1385 5125; x_wconf 82' lang='grc' dir='ltr'>κατηγορεῖν</span> <span class='ocrx_word' id='word_1_799' title='bbox 1414 5055 1474 5107; x_wconf 82' lang='grc' dir='ltr'><strong>οὐ</strong></span> <span class='ocrx_word' id='word_1_800' title='bbox 1500 5055 1721 5108; x_wconf 87' lang='grc' dir='ltr'>πιστεύ-</span> 
     </span>
    </p>
   </div>
   <div class='ocr_carea' id='block_1_101' title="bbox 146 5145 1719 5218">
    <p class='ocr_par' dir='ltr' id='par_1_101' title="bbox 146 5145 1719 5218">
     <span class='ocr_line' id='line_1_101' title="bbox 146 5145 1719 5218; baseline 0.001 -19"><span class='ocrx_word' id='word_1_801' title='bbox 146 5162 315 5200; x_wconf 87' lang='grc' dir='ltr'>ουσιν.</span> <span class='ocrx_word' id='word_1_802' title='bbox 354 5146 476 5199; x_wconf 85' lang='grc' dir='ltr'>Ὅτι</span> <span class='ocrx_word' id='word_1_803' title='bbox 520 5145 634 5217; x_wconf 80' lang='grc' dir='ltr'>γὰρ</span> <span class='ocrx_word' id='word_1_804' title='bbox 673 5148 773 5199; x_wconf 83' lang='grc' dir='ltr'><strong>οὐκ</strong></span> <span class='ocrx_word' id='word_1_805' title='bbox 821 5147 880 5199; x_wconf 82' lang='grc' dir='ltr'><strong>ὲν</strong></span> <span class='ocrx_word' id='word_1_806' title='bbox 913 5148 1025 5210; x_wconf 83' lang='grc' dir='ltr'>τοῖς</span> <span class='ocrx_word' id='word_1_807' title='bbox 1070 5145 1170 5216; x_wconf 84' lang='grc' dir='ltr'>τὴν</span> <span class='ocrx_word' id='word_1_808' title='bbox 1225 5146 1480 5218; x_wconf 81' lang='grc' dir='ltr'>δουλικὴν</span> <span class='ocrx_word' id='word_1_809' title='bbox 1534 5146 1719 5217; x_wconf 78' lang='grc' dir='ltr'>έχουσι</span> 
     </span>
    </p>
   </div>
   <div class='ocr_carea' id='block_1_102' title="bbox 148 5235 1721 5308">
    <p class='ocr_par' dir='ltr' id='par_1_102' title="bbox 148 5235 1721 5308">
     <span class='ocr_line' id='line_1_102' title="bbox 148 5235 1721 5308; baseline 0.002 -19"><span class='ocrx_word' id='word_1_810' title='bbox 148 5235 299 5299; x_wconf 80' lang='grc' dir='ltr'>τάξιν</span> <span class='ocrx_word' id='word_1_811' title='bbox 320 5278 336 5302; x_wconf 88' lang='grc'><strong>,</strong></span> <span class='ocrx_word' id='word_1_812' title='bbox 385 5237 507 5289; x_wconf 75' lang='grc' dir='ltr'>οὐδὲ</span> <span class='ocrx_word' id='word_1_813' title='bbox 558 5240 673 5301; x_wconf 86' lang='grc' dir='ltr'>τοῖς</span> <span class='ocrx_word' id='word_1_814' title='bbox 724 5238 833 5291; x_wconf 88' lang='grc' dir='ltr'><strong>τῶν</strong></span> <span class='ocrx_word' id='word_1_815' title='bbox 896 5236 1199 5306; x_wconf 83' lang='grc' dir='ltr'>γεγονότων</span> <span class='ocrx_word' id='word_1_816' title='bbox 1261 5238 1585 5308; x_wconf 84' lang='grc' dir='ltr'>καταλόγοις</span> <span class='ocrx_word' id='word_1_817' title='bbox 1638 5241 1721 5293; x_wconf 78' lang='grc' dir='ltr'><strong>ὲν-</strong></span> 
     </span>
    </p>
   </div>
   <div class='ocr_carea' id='block_1_103' title="bbox 152 5324 1722 5401">
    <p class='ocr_par' dir='ltr' id='par_1_103' title="bbox 152 5324 1722 5401">
     <span class='ocr_line' id='line_1_103' title="bbox 152 5324 1722 5401; baseline 0.004 -20"><span class='ocrx_word' id='word_1_818' title='bbox 152 5328 401 5398; x_wconf 84' lang='grc' dir='ltr'>αρίθμιος</span> <span class='ocrx_word' id='word_1_819' title='bbox 449 5324 588 5383; x_wconf 74' lang='grc' dir='ltr'>εἶναι</span> <span class='ocrx_word' id='word_1_820' title='bbox 645 5329 930 5400; x_wconf 84' lang='grc' dir='ltr'>βούλεται,</span> <span class='ocrx_word' id='word_1_821' title='bbox 1002 5328 1191 5399; x_wconf 85' lang='grc' dir='ltr'>βλέπει</span> <span class='ocrx_word' id='word_1_822' title='bbox 1256 5330 1313 5384; x_wconf 80' lang='grc' dir='ltr'>δὲ</span> <span class='ocrx_word' id='word_1_823' title='bbox 1390 5331 1589 5401; x_wconf 77' lang='grc' dir='ltr'>μᾶλλον</span> <span class='ocrx_word' id='word_1_824' title='bbox 1641 5336 1722 5399; x_wconf 85' lang='grc' dir='ltr'><strong>εἰς</strong></span> 
     </span>
    </p>
   </div>
   <div class='ocr_carea' id='block_1_104' title="bbox 146 5421 1723 5494">
    <p class='ocr_par' dir='ltr' id='par_1_104' title="bbox 146 5421 1723 5494">
     <span class='ocr_line' id='line_1_104' title="bbox 146 5421 1723 5494; baseline 0.004 -21"><span class='ocrx_word' id='word_1_825' title='bbox 146 5423 244 5494; x_wconf 82' lang='grc' dir='ltr'><strong>τὴν</strong></span> <span class='ocrx_word' id='word_1_826' title='bbox 302 5421 529 5475; x_wconf 72' lang='grc' dir='ltr'>ἐνοῦσαν</span> <span class='ocrx_word' id='word_1_827' title='bbox 587 5422 738 5494; x_wconf 85' lang='grc' dir='ltr'><strong>αὺτῷ</strong></span> <span class='ocrx_word' id='word_1_828' title='bbox 791 5422 934 5475; x_wconf 85' lang='grc' dir='ltr'><strong>κατά</strong></span> <span class='ocrx_word' id='word_1_829' title='bbox 989 5421 1152 5492; x_wconf 85' lang='grc' dir='ltr'>φύσιν</span> <span class='ocrx_word' id='word_1_830' title='bbox 1208 5421 1563 5494; x_wconf 70' lang='grc' dir='ltr'>ἐλευθερίαν,</span> <span class='ocrx_word' id='word_1_831' title='bbox 1627 5427 1723 5480; x_wconf 72' lang='grc' dir='ltr'>καὶ</span> 
     </span>
    </p>
   </div>
   <div class='ocr_carea' id='block_1_105' title="bbox 147 5514 1719 5588">
    <p class='ocr_par' dir='ltr' id='par_1_105' title="bbox 147 5514 1719 5588">
     <span class='ocr_line' id='line_1_105' title="bbox 147 5514 1719 5588; baseline -0.001 -18"><span class='ocrx_word' id='word_1_832' title='bbox 147 5518 235 5571; x_wconf 71' lang='grc' dir='ltr'>ὅτε</span> <span class='ocrx_word' id='word_1_833' title='bbox 303 5517 527 5586; x_wconf 79' lang='grc' dir='ltr'>γέγονεν</span> <span class='ocrx_word' id='word_1_834' title='bbox 592 5517 651 5569; x_wconf 79' lang='grc' dir='ltr'><strong>ὲν</strong></span> <span class='ocrx_word' id='word_1_835' title='bbox 722 5517 788 5586; x_wconf 76' lang='grc' dir='ltr'>τῇ</span> <span class='ocrx_word' id='word_1_836' title='bbox 869 5514 965 5568; x_wconf 77' lang='grc' dir='ltr'>τοῦ</span> <span class='ocrx_word' id='word_1_837' title='bbox 1039 5514 1227 5569; x_wconf 86' lang='grc' dir='ltr'>δούλου</span> <span class='ocrx_word' id='word_1_838' title='bbox 1324 5520 1506 5588; x_wconf 81' lang='grc' dir='ltr'>μορφῇ</span> <span class='ocrx_word' id='word_1_839' title='bbox 1532 5560 1546 5578; x_wconf 86' lang='grc'><strong>,</strong></span> <span class='ocrx_word' id='word_1_840' title='bbox 1625 5518 1719 5570; x_wconf 76' lang='grc' dir='ltr'><strong>καὶ</strong></span> 
     </span>
    </p>
   </div>
   <div class='ocr_carea' id='block_1_106' title="bbox 148 5605 1726 5677">
    <p class='ocr_par' dir='ltr' id='par_1_106' title="bbox 148 5605 1726 5677">
     <span class='ocr_line' id='line_1_106' title="bbox 148 5605 1726 5677; baseline -0.003 -14"><span class='ocrx_word' id='word_1_841' title='bbox 148 5610 233 5663; x_wconf 73' lang='grc' dir='ltr'><strong>διὰ</strong></span> <span class='ocrx_word' id='word_1_842' title='bbox 270 5608 458 5662; x_wconf 75' lang='grc' dir='ltr'>τούτου</span> <span class='ocrx_word' id='word_1_843' title='bbox 502 5609 773 5667; x_wconf 71' lang='grc' dir='ltr'>συνήσεις.</span> <span class='ocrx_word' id='word_1_844' title='bbox 824 5605 1072 5675; x_wconf 80' lang='grc' dir='ltr'>Ἀφίκετο</span> <span class='ocrx_word' id='word_1_845' title='bbox 1110 5605 1206 5676; x_wconf 82' lang='grc' dir='ltr'><strong>μὲν</strong></span> <span class='ocrx_word' id='word_1_846' title='bbox 1252 5605 1362 5677; x_wconf 79' lang='grc' dir='ltr'>γὰρ</span> <span class='ocrx_word' id='word_1_847' title='bbox 1406 5609 1463 5658; x_wconf 78' lang='grc' dir='ltr'><strong>ἐν</strong></span> <span class='ocrx_word' id='word_1_848' title='bbox 1505 5608 1726 5677; x_wconf 79' lang='grc' dir='ltr'>Καφαρ-</span> 
     </span>
    </p>
   </div>
   <div class='ocr_carea' id='block_1_107' title="bbox 1827 4590 3405 4664">
    <p class='ocr_par' dir='ltr' id='par_1_107' title="bbox 1827 4590 3405 4664">
     <span class='ocr_line' id='line_1_107' title="bbox 1827 4590 3405 4664; baseline -0.005 -14"><span class='ocrx_word' id='word_1_849' title='bbox 1827 4606 1932 4651; x_wconf 92' lang='lat' dir='ltr'><strong>tem</strong></span> <span class='ocrx_word' id='word_1_850' title='bbox 1985 4594 2168 4664; x_wconf 87' lang='lat' dir='ltr'><strong>potius</strong></span> <span class='ocrx_word' id='word_1_851' title='bbox 2217 4600 2427 4663; x_wconf 86' lang='lat' dir='ltr'><strong>spectet</strong></span> <span class='ocrx_word' id='word_1_852' title='bbox 2482 4592 2589 4648; x_wconf 89' lang='lat' dir='ltr'><strong>sibi</strong></span> <span class='ocrx_word' id='word_1_853' title='bbox 2628 4607 2655 4645; x_wconf 76' lang='grc' dir='ltr'><strong>ιι</strong></span> <span class='ocrx_word' id='word_1_854' title='bbox 2716 4604 2910 4646; x_wconf 88' lang='lat' dir='ltr'><strong>natura</strong></span> <span class='ocrx_word' id='word_1_855' title='bbox 2956 4590 3206 4656; x_wconf 89' lang='lat' dir='ltr'><strong>insitam,</strong></span> <span class='ocrx_word' id='word_1_856' title='bbox 3239 4590 3405 4649; x_wconf 89' lang='lat' dir='ltr'><strong>etiam</strong></span> 
     </span>
    </p>
   </div>
   <div class='ocr_carea' id='block_1_108' title="bbox 1826 4680 3407 4751">
    <p class='ocr_par' dir='ltr' id='par_1_108' title="bbox 1826 4680 3407 4751">
     <span class='ocr_line' id='line_1_108' title="bbox 1826 4680 3407 4751; baseline -0.004 -10"><span class='ocrx_word' id='word_1_857' title='bbox 1826 4701 1953 4741; x_wconf 91' lang='lat' dir='ltr'><strong>cum</strong></span> <span class='ocrx_word' id='word_1_858' title='bbox 2005 4684 2181 4739; x_wconf 82' lang='lat' dir='ltr'><strong>factus</strong></span> <span class='ocrx_word' id='word_1_859' title='bbox 2224 4691 2309 4739; x_wconf 91' lang='lat' dir='ltr'><strong>est</strong></span> <span class='ocrx_word' id='word_1_860' title='bbox 2348 4683 2403 4738; x_wconf 92' lang='lat' dir='ltr'><strong>in</strong></span> <span class='ocrx_word' id='word_1_861' title='bbox 2446 4682 2624 4739; x_wconf 77' lang='lat' dir='ltr'><strong>forma</strong></span> <span class='ocrx_word' id='word_1_862' title='bbox 2667 4683 2811 4739; x_wconf 84' lang='lat' dir='ltr'><strong>servi</strong></span> <span class='ocrx_word' id='word_1_863' title='bbox 2838 4682 2911 4748; x_wconf 81' lang='lat'><strong>“,</strong></span> <span class='ocrx_word' id='word_1_864' title='bbox 2947 4680 3105 4751; x_wconf 80' lang='grc'><strong>79],</strong></span> <span class='ocrx_word' id='word_1_865' title='bbox 3154 4682 3242 4735; x_wconf 89' lang='lat' dir='ltr'><strong>vel</strong></span> <span class='ocrx_word' id='word_1_866' title='bbox 3278 4681 3407 4734; x_wconf 87' lang='lat' dir='ltr'><strong>hinc</strong></span> 
     </span>
    </p>
   </div>
   <div class='ocr_carea' id='block_1_109' title="bbox 1826 4769 3408 4847">
    <p class='ocr_par' dir='ltr' id='par_1_109' title="bbox 1826 4769 3408 4847">
     <span class='ocr_line' id='line_1_109' title="bbox 1826 4769 3408 4847; baseline -0.004 -17"><span class='ocrx_word' id='word_1_867' title='bbox 1826 4775 2118 4847; x_wconf 90' lang='lat' dir='ltr'><strong>intelliges.</strong></span> <span class='ocrx_word' id='word_1_868' title='bbox 2147 4772 2437 4829; x_wconf 78' lang='lat' dir='ltr'><strong>Profectus</strong></span> <span class='ocrx_word' id='word_1_869' title='bbox 2463 4782 2549 4829; x_wconf 90' lang='lat' dir='ltr'><strong>est</strong></span> <span class='ocrx_word' id='word_1_870' title='bbox 2590 4774 2645 4827; x_wconf 88' lang='lat' dir='ltr'><strong>in</strong></span> <span class='ocrx_word' id='word_1_871' title='bbox 2690 4773 3112 4843; x_wconf 79' lang='lat' dir='ltr'><strong>Capharnauin,</strong></span> <span class='ocrx_word' id='word_1_872' title='bbox 3148 4770 3297 4824; x_wconf 88' lang='lat' dir='ltr'><strong>sicut</strong></span> <span class='ocrx_word' id='word_1_873' title='bbox 3349 4769 3408 4824; x_wconf 88' lang='lat' dir='ltr'><strong>in</strong></span> 
     </span>
    </p>
   </div>
   <div class='ocr_carea' id='block_1_110' title="bbox 1827 4860 3407 4939">
    <p class='ocr_par' dir='ltr' id='par_1_110' title="bbox 1827 4860 3407 4939">
     <span class='ocr_line' id='line_1_110' title="bbox 1827 4860 3407 4939; baseline -0.006 -16"><span class='ocrx_word' id='word_1_874' title='bbox 1827 4867 2138 4939; x_wconf 86' lang='lat' dir='ltr'><strong>Evangeliis</strong></span> <span class='ocrx_word' id='word_1_875' title='bbox 2182 4865 2418 4937; x_wconf 80' lang='lat' dir='ltr'><strong>legimus</strong></span> <span class='ocrx_word' id='word_1_876' title='bbox 2472 4884 2486 4920; x_wconf 88' lang='lat'>:</span> <span class='ocrx_word' id='word_1_877' title='bbox 2535 4872 2830 4919; x_wconf 78' lang='lat' dir='ltr'><strong>exactores</strong></span> <span class='ocrx_word' id='word_1_878' title='bbox 2870 4871 3052 4917; x_wconf 90' lang='lat' dir='ltr'><strong>autem</strong></span> <span class='ocrx_word' id='word_1_879' title='bbox 3098 4860 3407 4915; x_wconf 88' lang='lat' dir='ltr'><strong>didrachmi</strong></span> 
     </span>
    </p>
   </div>
   <div class='ocr_carea' id='block_1_111' title="bbox 1828 4950 3407 5024">
    <p class='ocr_par' dir='ltr' id='par_1_111' title="bbox 1828 4950 3407 5024">
     <span class='ocr_line' id='line_1_111' title="bbox 1828 4950 3407 5024; baseline -0.007 -9"><span class='ocrx_word' id='word_1_880' title='bbox 1828 4960 2055 5015; x_wconf 87' lang='lat' dir='ltr'><strong>Petrum</strong></span> <span class='ocrx_word' id='word_1_881' title='bbox 2089 4958 2363 5014; x_wconf 91' lang='lat' dir='ltr'><strong>adeuntes</strong></span> <span class='ocrx_word' id='word_1_882' title='bbox 2404 4958 2485 5011; x_wconf 88' lang='lat' dir='ltr'><strong>sic</strong></span> <span class='ocrx_word' id='word_1_883' title='bbox 2521 4971 2649 5011; x_wconf 91' lang='lat' dir='ltr'><strong>eum</strong></span> <span class='ocrx_word' id='word_1_884' title='bbox 2699 4954 3108 5024; x_wconf 87' lang='lat' dir='ltr'><strong>compellarunt</strong></span> <span class='ocrx_word' id='word_1_885' title='bbox 3143 4970 3156 5005; x_wconf 87' lang='lat'><strong>:</strong></span> <span class='ocrx_word' id='word_1_886' title='bbox 3192 4969 3210 5002; x_wconf 75' lang='grc' dir='ltr'><strong>ι</strong></span> <span class='ocrx_word' id='word_1_887' title='bbox 3237 4950 3407 5023; x_wconf 84' lang='lat' dir='ltr'><strong>Magi-</strong></span> 
     </span>
    </p>
   </div>
   <div class='ocr_carea' id='block_1_112' title="bbox 1829 5041 3403 5109">
    <p class='ocr_par' dir='ltr' id='par_1_112' title="bbox 1829 5041 3403 5109">
     <span class='ocr_line' id='line_1_112' title="bbox 1829 5041 3403 5109; baseline -0.008 0"><span class='ocrx_word' id='word_1_888' title='bbox 1829 5063 1942 5109; x_wconf 92' lang='lat' dir='ltr'><strong>ster</strong></span> <span class='ocrx_word' id='word_1_889' title='bbox 1982 5063 2163 5108; x_wconf 78' lang='lat' dir='ltr'><strong>vester</strong></span> <span class='ocrx_word' id='word_1_890' title='bbox 2217 5066 2325 5105; x_wconf 90' lang='lat' dir='ltr'><strong>non</strong></span> <span class='ocrx_word' id='word_1_891' title='bbox 2386 5049 2552 5103; x_wconf 90' lang='lat' dir='ltr'><strong>solvit</strong></span> <span class='ocrx_word' id='word_1_892' title='bbox 2604 5045 2935 5101; x_wconf 88' lang='lat' dir='ltr'><strong>didrachma</strong></span> <span class='ocrx_word' id='word_1_893' title='bbox 2965 5044 3095 5097; x_wconf 67' lang='lat'><strong>“‘3:</strong></span> <span class='ocrx_word' id='word_1_894' title='bbox 3145 5041 3265 5098; x_wconf 87' lang='lat' dir='ltr'><strong>Hoc</strong></span> <span class='ocrx_word' id='word_1_895' title='bbox 3311 5045 3403 5099; x_wconf 92' lang='lat' dir='ltr'><strong>ubi</strong></span> 
     </span>
    </p>
   </div>
   <div class='ocr_carea' id='block_1_113' title="bbox 1828 5135 3408 5211">
    <p class='ocr_par' dir='ltr' id='par_1_113' title="bbox 1828 5135 3408 5211">
     <span class='ocr_line' id='line_1_113' title="bbox 1828 5135 3408 5211; baseline -0.006 -10"><span class='ocrx_word' id='word_1_896' title='bbox 1828 5145 2084 5201; x_wconf 85' lang='lat' dir='ltr'><strong>Christus</strong></span> <span class='ocrx_word' id='word_1_897' title='bbox 2119 5143 2369 5204; x_wconf 81' lang='lat' dir='ltr'><strong>rescivit,</strong></span> <span class='ocrx_word' id='word_1_898' title='bbox 2404 5139 2535 5211; x_wconf 91' lang='lat' dir='ltr'><strong>quid</strong></span> <span class='ocrx_word' id='word_1_899' title='bbox 2562 5138 2629 5192; x_wconf 90' lang='lat' dir='ltr'><strong>ad</strong></span> <span class='ocrx_word' id='word_1_900' title='bbox 2663 5138 2887 5193; x_wconf 90' lang='lat' dir='ltr'><strong>Petrum</strong></span> <span class='ocrx_word' id='word_1_901' title='bbox 2920 5135 3292 5206; x_wconf 89' lang='lat' dir='ltr'><strong>responderit,</strong></span> <span class='ocrx_word' id='word_1_902' title='bbox 3326 5137 3408 5191; x_wconf 82' lang='lat' dir='ltr'><strong>vi-</strong></span> 
     </span>
    </p>
   </div>
   <div class='ocr_carea' id='block_1_114' title="bbox 1828 5226 3407 5303">
    <p class='ocr_par' dir='ltr' id='par_1_114' title="bbox 1828 5226 3407 5303">
     <span class='ocr_line' id='line_1_114' title="bbox 1828 5226 3407 5303; baseline -0.006 -12"><span class='ocrx_word' id='word_1_903' title='bbox 1828 5235 1960 5291; x_wconf 92' lang='lat' dir='ltr'><strong>dere</strong></span> <span class='ocrx_word' id='word_1_904' title='bbox 1997 5241 2083 5289; x_wconf 90' lang='lat' dir='ltr'><strong>est</strong></span> <span class='ocrx_word' id='word_1_905' title='bbox 2116 5247 2296 5303; x_wconf 76' lang='lat' dir='ltr'><strong>opera:</strong></span> <span class='ocrx_word' id='word_1_906' title='bbox 2339 5230 2578 5301; x_wconf 90' lang='lat' dir='ltr'><strong>pretium</strong></span> <span class='ocrx_word' id='word_1_907' title='bbox 2616 5246 2629 5284; x_wconf 87' lang='lat'><strong><em>:</em></strong></span> <span class='ocrx_word' id='word_1_908' title='bbox 2667 5246 2685 5278; x_wconf 76' lang='grc' dir='ltr'><strong>ι</strong></span> <span class='ocrx_word' id='word_1_909' title='bbox 2711 5226 2892 5298; x_wconf 81' lang='lat' dir='ltr'><strong>Reges</strong></span> <span class='ocrx_word' id='word_1_910' title='bbox 2922 5234 3102 5292; x_wconf 71' lang='lat' dir='ltr'><strong>terrae,</strong></span> <span class='ocrx_word' id='word_1_911' title='bbox 3137 5242 3166 5280; x_wconf 85' lang='lat' dir='ltr'><strong>a</strong></span> <span class='ocrx_word' id='word_1_912' title='bbox 3199 5227 3407 5297; x_wconf 88' lang='lat' dir='ltr'><strong>quibus</strong></span> 
     </span>
    </p>
   </div>
   <div class='ocr_carea' id='block_1_115' title="bbox 1822 5313 3408 5396">
    <p class='ocr_par' dir='ltr' id='par_1_115' title="bbox 1822 5313 3408 5396">
     <span class='ocr_line' id='line_1_115' title="bbox 1822 5313 3408 5396; baseline -0.007 -15"><span class='ocrx_word' id='word_1_913' title='bbox 1822 5326 2106 5396; x_wconf 88' lang='lat' dir='ltr'><strong>accipiunt</strong></span> <span class='ocrx_word' id='word_1_914' title='bbox 2136 5337 2385 5385; x_wconf 87' lang='lat' dir='ltr'><strong>censum,</strong></span> <span class='ocrx_word' id='word_1_915' title='bbox 2419 5327 2513 5374; x_wconf 88' lang='lat' dir='ltr'><strong>aut</strong></span> <span class='ocrx_word' id='word_1_916' title='bbox 2550 5318 2799 5374; x_wconf 84' lang='lat' dir='ltr'><strong>tributa?</strong></span> <span class='ocrx_word' id='word_1_917' title='bbox 2827 5331 2856 5372; x_wconf 85' lang='lat' dir='ltr'><strong>a</strong></span> <span class='ocrx_word' id='word_1_918' title='bbox 2894 5313 3028 5375; x_wconf 81' lang='lat' dir='ltr'><strong>ﬁliis</strong></span> <span class='ocrx_word' id='word_1_919' title='bbox 3061 5315 3201 5380; x_wconf 91' lang='lat' dir='ltr'><strong>suis,</strong></span> <span class='ocrx_word' id='word_1_920' title='bbox 3237 5332 3306 5371; x_wconf 93' lang='lat' dir='ltr'><strong>an</strong></span> <span class='ocrx_word' id='word_1_921' title='bbox 3335 5316 3408 5370; x_wconf 83' lang='lat' dir='ltr'><strong>ab</strong></span> 
     </span>
    </p>
   </div>
   <div class='ocr_carea' id='block_1_116' title="bbox 1821 5408 3407 5481">
    <p class='ocr_par' dir='ltr' id='par_1_116' title="bbox 1821 5408 3407 5481">
     <span class='ocr_line' id='line_1_116' title="bbox 1821 5408 3407 5481; baseline -0.006 -10"><span class='ocrx_word' id='word_1_922' title='bbox 1821 5417 2017 5471; x_wconf 89' lang='lat' dir='ltr'><strong>alienis</strong></span> <span class='ocrx_word' id='word_1_923' title='bbox 2044 5415 2123 5469; x_wconf 74' lang='lat'><strong>&quot;7</strong></span> <span class='ocrx_word' id='word_1_924' title='bbox 2151 5434 2168 5467; x_wconf 74' lang='grc' dir='ltr'><strong>ι</strong></span> <span class='ocrx_word' id='word_1_925' title='bbox 2218 5413 2381 5468; x_wconf 88' lang='lat' dir='ltr'><strong>Petro</strong></span> <span class='ocrx_word' id='word_1_926' title='bbox 2427 5419 2611 5466; x_wconf 87' lang='lat' dir='ltr'><strong>autem</strong></span> <span class='ocrx_word' id='word_1_927' title='bbox 2675 5411 2960 5481; x_wconf 74' lang='lat' dir='ltr'><strong>sapienter</strong></span> <span class='ocrx_word' id='word_1_928' title='bbox 2999 5415 3056 5466; x_wconf 85' lang='lat' dir='ltr'><strong>et</strong></span> <span class='ocrx_word' id='word_1_929' title='bbox 3105 5408 3407 5479; x_wconf 81' lang='lat' dir='ltr'><strong>prudenter</strong></span> 
     </span>
    </p>
   </div>
   <div class='ocr_carea' id='block_1_117' title="bbox 1825 5504 3409 5577">
    <p class='ocr_par' dir='ltr' id='par_1_117' title="bbox 1825 5504 3409 5577">
     <span class='ocr_line' id='line_1_117' title="bbox 1825 5504 3409 5577; baseline -0.007 -12"><span class='ocrx_word' id='word_1_930' title='bbox 1825 5508 2124 5565; x_wconf 90' lang='lat' dir='ltr'><strong>conﬁtente</strong></span> <span class='ocrx_word' id='word_1_931' title='bbox 2166 5506 2381 5577; x_wconf 84' lang='lat' dir='ltr'><strong>legibus</strong></span> <span class='ocrx_word' id='word_1_932' title='bbox 2416 5519 2482 5559; x_wconf 87' lang='lat' dir='ltr'><strong>ac</strong></span> <span class='ocrx_word' id='word_1_933' title='bbox 2513 5506 2741 5560; x_wconf 85' lang='lat' dir='ltr'><strong>tributis</strong></span> <span class='ocrx_word' id='word_1_934' title='bbox 2770 5520 2896 5561; x_wconf 92' lang='lat' dir='ltr'><strong>eum</strong></span> <span class='ocrx_word' id='word_1_935' title='bbox 2937 5504 3240 5558; x_wconf 83' lang='lat' dir='ltr'><strong>obnoxium</strong></span> <span class='ocrx_word' id='word_1_936' title='bbox 3281 5515 3409 5556; x_wconf 78' lang='lat' dir='ltr'><strong>esse</strong></span> 
     </span>
    </p>
   </div>
   <div class='ocr_carea' id='block_1_118' title="bbox 1829 5592 3405 5674">
    <p class='ocr_par' dir='ltr' id='par_1_118' title="bbox 1829 5592 3405 5674">
     <span class='ocr_line' id='line_1_118' title="bbox 1829 5592 3405 5674; baseline -0.01 -11"><span class='ocrx_word' id='word_1_937' title='bbox 1829 5607 2050 5669; x_wconf 84' lang='lat' dir='ltr'><strong>debere,</strong></span> <span class='ocrx_word' id='word_1_938' title='bbox 2085 5605 2177 5673; x_wconf 89' lang='lat' dir='ltr'><strong>qui</strong></span> <span class='ocrx_word' id='word_1_939' title='bbox 2225 5616 2395 5674; x_wconf 86' lang='lat' dir='ltr'><strong>regno</strong></span> <span class='ocrx_word' id='word_1_940' title='bbox 2426 5616 2528 5657; x_wconf 91' lang='lat' dir='ltr'><strong>nec</strong></span> <span class='ocrx_word' id='word_1_941' title='bbox 2579 5616 2780 5673; x_wconf 87' lang='lat' dir='ltr'><strong>genere</strong></span> <span class='ocrx_word' id='word_1_942' title='bbox 2830 5614 2933 5655; x_wconf 86' lang='lat' dir='ltr'><strong>nec</strong></span> <span class='ocrx_word' id='word_1_943' title='bbox 2987 5597 3097 5652; x_wconf 87' lang='lat' dir='ltr'><strong>alio</strong></span> <span class='ocrx_word' id='word_1_944' title='bbox 3140 5595 3302 5652; x_wconf 84' lang='lat' dir='ltr'><strong>modo</strong></span> <span class='ocrx_word' id='word_1_945' title='bbox 3330 5592 3405 5647; x_wconf 75' lang='lat' dir='ltr'><strong>sit</strong></span> 
     </span>
    </p>
   </div>
   <div class='ocr_carea' id='block_1_119' title="bbox 218 5775 1720 5855">
    <p class='ocr_par' dir='ltr' id='par_1_119' title="bbox 218 5782 1693 5855">
     <span class='ocr_line' id='line_1_119' title="bbox 218 5782 1693 5855; baseline -0.001 -14"><span class='ocrx_word' id='word_1_946' title='bbox 218 5790 238 5821; x_wconf 79' lang='grc'><strong><em>⁸</em></strong></span> <span class='ocrx_word' id='word_1_947' title='bbox 269 5786 285 5841; x_wconf 89' lang='lat' dir='ltr'><strong>l</strong></span> <span class='ocrx_word' id='word_1_948' title='bbox 312 5785 475 5842; x_wconf 80' lang='lat' dir='ltr'><strong>Joan.</strong></span> <span class='ocrx_word' id='word_1_949' title='bbox 520 5800 618 5853; x_wconf 88' lang='grc' dir='ltr'>ιιι,</span> <span class='ocrx_word' id='word_1_950' title='bbox 654 5787 703 5840; x_wconf 79' lang='grc'><strong>1.</strong></span> <span class='ocrx_word' id='word_1_951' title='bbox 783 5786 824 5817; x_wconf 79' lang='grc'><strong><em>³⁸</em></strong></span> <span class='ocrx_word' id='word_1_952' title='bbox 871 5783 1026 5840; x_wconf 81' lang='lat' dir='ltr'><strong>Joan.</strong></span> <span class='ocrx_word' id='word_1_953' title='bbox 1068 5799 1184 5847; x_wconf 62' lang='grc' dir='ltr'>χιιι,</span> <span class='ocrx_word' id='word_1_954' title='bbox 1218 5783 1299 5837; x_wconf 79' lang='lat' dir='ltr'><strong>l5.</strong></span> <span class='ocrx_word' id='word_1_955' title='bbox 1380 5786 1420 5816; x_wconf 85' lang='lat'>“</span> <span class='ocrx_word' id='word_1_956' title='bbox 1457 5782 1693 5855; x_wconf 85' lang='lat' dir='ltr'><strong>Philipp.</strong></span> 
     </span>
    </p>
   </div>
   <div class='ocr_carea' id='block_1_120' title="bbox 1821 5775 2970 5855">
    <p class='ocr_par' dir='ltr' id='par_1_120' title="bbox 1822 5775 2970 5843">
     <span class='ocr_line' id='line_1_120' title="bbox 1822 5775 2970 5843; baseline -0.006 -6"><span class='ocrx_word' id='word_1_957' title='bbox 1822 5782 1932 5837; x_wconf 87' lang='lat'><strong>6-8.</strong></span> <span class='ocrx_word' id='word_1_958' title='bbox 2009 5782 2052 5813; x_wconf 80' lang='lat'>&quot;</span> <span class='ocrx_word' id='word_1_959' title='bbox 2086 5779 2281 5836; x_wconf 78' lang='lat' dir='ltr'><strong>Matth.</strong></span> <span class='ocrx_word' id='word_1_960' title='bbox 2306 5793 2438 5843; x_wconf 83' lang='lat' dir='ltr'><strong>xvu,</strong></span> <span class='ocrx_word' id='word_1_961' title='bbox 2465 5777 2556 5833; x_wconf 73' lang='lat'><strong>23.</strong></span> <span class='ocrx_word' id='word_1_962' title='bbox 2638 5778 2681 5809; x_wconf 86' lang='grc'><strong>¹³</strong></span> <span class='ocrx_word' id='word_1_963' title='bbox 2714 5775 2843 5832; x_wconf 83' lang='lat' dir='ltr'><strong>ibid.</strong></span> <span class='ocrx_word' id='word_1_964' title='bbox 2880 5776 2970 5831; x_wconf 73' lang='grc'><strong>24.</strong></span> 
     </span>
    </p>
   </div>
  </div>
