4096 6510
683 377 789 433 227

1712 381 1769 436 S.
1812 374 2089 436 CYlilLLl
2130 376 2601 436 ALEXANDRINI
2652 376 2974 435 ARCHIEP.

3907 378 3981 437 228

686 488 999 558 proximus,
1033 489 1219 545 statim
1264 488 1553 562 subjunxit
1593 488 1874 555 Christus,
1917 491 2027 545 Deo
2064 504 2267 545 conve-

2382 491 2567 562 ναούμ,
2599 491 2852 563 καθάπερ
2893 495 2951 545 ὲν
2988 492 3102 553 τοῖς
3143 485 3549 559 Εὐαγγελίοις
3582 484 3919 559 ἀνέγνωμεν·
3946 498 3977 551 οι

687 581 854 638 niens
898 582 1279 638 testimonium
1332 583 1437 639 sibi
1484 582 1741 638 tribuens
1786 599 1800 636 :
1857 600 1876 634 ι
1914 580 2059 653 Ergo
2108 581 2269 637 liberi

688 682 819 729 sunt
856 673 958 730 ﬁlii
987 675 1050 729 “.
1096 694 1118 728 ι
1159 673 1319 741 Quod
1350 675 1395 730 si
1432 688 1737 731 conservus
1773 682 1879 741 est,
1911 690 1976 730 ac
2024 690 2135 730 non
2180 674 2271 730 Fi-

689 768 797 824 lius
830 784 959 824 vere
991 783 1058 823 ex
1088 767 1270 824 Patris
1315 768 1631 824 substantia
1667 768 1919 840 genitus,
1954 783 2137 839 neque
2173 782 2260 822 na-

688 860 922 914 turalem
978 858 1191 915 habens
1230 874 1355 914 cum
1412 857 1576 915 Patre
1632 859 2116 930 conjunctionem,
2171 874 2273 915 cur

689 952 831 1007 alios
906 966 1105 1008 omnes
1203 952 1433 1009 tributis
1485 953 1758 1008 obnoxios
1802 951 2038 1019 faciens,
2071 961 2132 1008 ut
2174 953 2270 1024 qui

689 1044 855 1097 alieni
908 1059 1016 1098 non
1064 1045 1197 1098 sint,
1226 1052 1422 1098 natura
1476 1045 1546 1099 ab
1584 1051 1848 1101 exactore
1896 1045 2089 1101 tributi
2130 1053 2185 1101 et
2214 1045 2267 1099 in

689 1151 974 1192 servorum
1010 1137 1129 1190 loco
1173 1136 1361 1206 positi,
1400 1137 1507 1192 sibi
1538 1136 1633 1191 uni
1666 1137 1976 1193 libertatem
2020 1137 2272 1193 vindiea-

690 1229 801 1282 vit?
833 1228 1076 1284 Abusive
1112 1232 1323 1285 etenim
1372 1229 1443 1285 de
1480 1230 1645 1285 nobis
1678 1231 1941 1284 dicuntur
1983 1245 2106 1300 quae
2146 1230 2273 1302 pro-

689 1318 805 1387 prie
835 1333 900 1372 ac
924 1334 1052 1374 vere
1071 1319 1267 1374 deitati
1298 1326 1613 1390 congruunt
1643 1321 1805 1390 eique
1829 1335 2018 1376 revera
2056 1321 2270 1388 insunt,

688 1412 764 1463 ita
790 1420 851 1464 ut
881 1412 926 1465 si
957 1412 1084 1481 quis
1118 1421 1507 1468 creaturarum
1545 1421 1802 1468 naturam
1850 1426 2110 1471 accurate
2140 1430 2272 1471 con-

688 1503 919 1570 sideret,
956 1505 1241 1562 servitutis
1283 1507 1470 1576 utique
1514 1520 1717 1562 nomen
1771 1521 1836 1562 ac
1878 1523 1994 1563 rem
2042 1509 2091 1563 ei
2138 1523 2275 1563 con-

687 1598 881 1652 venire
937 1598 1214 1667 imprimis
1266 1600 1592 1669 comperiat.
1640 1598 1737 1654 Sin
1785 1607 1971 1655 autem
2019 1607 2272 1657 nostrum

688 1689 860 1759 aliqui
897 1689 1171 1745 libertatis
1213 1691 1385 1760 gloria
1429 1692 1677 1748 decorati
1711 1700 1864 1758 sunt,
1898 1692 2129 1748 abusive
2175 1692 2274 1745 ha-

692 1783 821 1836 bent
864 1780 1011 1851 quod
1052 1781 1163 1837 Deo
1198 1784 1301 1838 soli
1344 1785 1594 1841 debetur.
1627 1784 1804 1841 Porro
1856 1780 2092 1842 libenter
2126 1786 2178 1841 id
2206 1800 2273 1841 ex

2371 583 2429 637 δὲ
2476 582 2569 637 τοῦ
2624 584 2768 639 κατὰ
2820 583 2984 653 νόμον
3031 582 3345 653 διδράχμου
3409 577 3778 650 πράκτορες,
3832 582 3979 657 Πέτρῳ

2372 676 2690 747 προσιόντες
2730 675 2997 745 ἔφασκον·
3029 693 3048 726 ι
3098 676 3156 730 Ὀ
3188 670 3556 734 διδάσκαλος
3601 669 3767 741 ὐμῶν
3791 673 3848 726 οὐ
3875 679 3980 735 τελεῖ

2372 766 2433 820 τὸ
2457 766 2785 839 δίδραχμον;
2813 789 2831 821 ι
2856 768 2962 822 Καὶ
2977 767 3165 840 ἐπειδὴ
3193 766 3373 821 τοῦτο
3430 762 3693 834 Χριστὸς
3723 763 3975 831 διεπύθετε,

2372 856 2425 910 τί
2442 856 2579 929 πρὸς
2600 859 2691 912 τὸν
2714 859 2923 930 Πέτρον
2944 859 3314 930 ἁπεκρίνατο,
3352 855 3595 910 δίκαιον
3626 848 3726 908 οὖν
3746 854 3883 912 ἰδεῖν.
3907 864 3975 916 «et

2375 948 2617 1019 βασιλεῖς
2666 950 2767 1022 τῆς
2800 952 2925 1022 γῆς,
2958 952 3068 1004 ἀπὸ
3115 942 3283 1005 τίνων
3351 946 3732 1019 λαμϐάνουσι
3763 950 3974 1026 κῆνσονῆ

2373 1040 2501 1113 τέλη
2527 1059 2542 1109 ;
2576 1042 2682 1095 ἀπὸ
2712 1041 2822 1097 τῶν
2851 1041 3004 1109 υἱῶν,
3034 1042 3068 1114 ἢ
3103 1042 3212 1095 ἀπὸ
3230 1040 3360 1095 τῶν
3388 1037 3723 1109 ἀλλοτρίων
3748 1056 3796 1105 ;›
3828 1041 3916 1094 Τοῦ
3940 1045 3975 1096 δὲ

2374 1132 2583 1205 Πέτρου
2614 1134 2792 1203 σοφῶς
2819 1152 2877 1188 τε
2901 1134 2996 1187 καὶ
3022 1134 3301 1205 νουνεχῶς
3337 1132 3445 1186 τὸν
3480 1133 3593 1202 τῆς
3619 1130 3886 1201 βασιλείας
3908 1137 3973 1188 ἁλι

2374 1225 2609 1298 λότριον,
2635 1227 2761 1280 ὅσον
2788 1228 2868 1292 είς
2896 1227 3054 1297 γένος
3084 1228 3179 1282 καὶ
3207 1228 3319 1298 τὴν
3359 1223 3501 1279 καθ’
3529 1225 3691 1295 ἡμᾶς
3721 1226 3973 1298 νοουμένην

2373 1318 2730 1389 ἀγχιστείαν,
2795 1319 3120 1373 ὑποκεῖσθαι
3168 1319 3286 1373 δεῖν
3347 1319 3479 1379 τοῖς
3550 1316 3782 1388 θεσμοῖς
3822 1320 3852 1391 ἢ
3889 1326 3971 1385 τοῖς

2374 1412 2584 1466 τέλεσιν
2616 1412 3076 1485 ὁμολογήσαντος,
3121 1411 3294 1475 εὐθὺς
3353 1411 3671 1481 ἐπήγαγεν
3711 1410 3740 1463 6
3765 1410 3967 1481 Χριστὸς,

2376 1505 2553 1577 ἑαυτῷ
2588 1506 2688 1577 τὴν
2716 1505 2995 1577 θεοπρεπῆ
3035 1505 3359 1577 μαρτυρίαν
3393 1503 3482 1567 ὡς
3526 1501 3756 1575 ἀληθῶς
3791 1504 3967 1559 ἐνοῦσαν

2377 1596 2722 1667 προσνέμων·
2756 1596 2936 1665 ι”Δρα
2969 1611 3034 1664 γε
3072 1592 3369 1666 ἐλεύθεροί
3403 1593 3560 1645 εἰσιν
3578 1593 3632 1644 oi
3663 1591 3790 1644 υίοί.
3822 1610 3838 1642 ι
3864 1593 3966 1649 Em

2374 1678 2444 1753 ἦν
2459 1682 2765 1753 ὀμόδουλος,
2791 1684 2887 1736 καὶ
2898 1683 2999 1753 οὐχ
3030 1682 3156 1747 Υίὸς
3174 1681 3415 1753 ἀληθῶς
3447 1680 3523 1733 ὲκ
3548 1679 3660 1751 τῆς
3687 1678 3780 1735 τοῦ
3802 1682 3965 1755 [ἰατρὸς

2376 1775 2565 1838 οὐσίας
2603 1774 3022 1846 γεγεννημένος,
3050 1773 3172 1827 οὐδὲ
3219 1772 3486 1845 φυσικὴν
3541 1773 3692 1844 ἔχων
3745 1772 3869 1842 πρὸς
3901 1776 3965 1827 τὸν

688 1875 770 1928 eis
806 1874 1082 1928 sciscitari
1114 1875 1304 1940 velim,
1334 1894 1463 1931 num
1496 1878 1769 1934 deiferum
1801 1878 2033 1934 Paulum
2072 1878 2274 1935 dicturi

2382 1866 2603 1919 τεκόντα
2632 1868 2732 1939 τὴν
2762 1867 3089 1938 οἰκειότητα,
3114 1865 3169 1919 τί
3204 1866 3348 1929 τοὺς
3391 1864 3606 1928 ἄλλους
3630 1864 3863 1928 ἅπαντας
3883 1868 3961 1930 τοῖς

693 1966 825 2029 sint,
852 1967 998 2035 quod
1034 1965 1294 2023 Christus
1325 1968 1595 2026 inhabitet
1631 1972 1685 2026 in
1716 1986 1782 2027 eo
1822 1987 1921 2041 per
1944 1988 2104 2027 suum
2150 1970 2278 2043 Spi-

692 2058 862 2110 ritum
901 2076 914 2112 :
948 2072 1017 2111 an
1042 2067 1097 2113 et
1126 2059 1230 2113 hoc
1265 2069 1539 2130 nugantes
1576 2061 1875 2116 inliciaturi
1911 2064 2044 2118 sint.
2068 2061 2204 2117 Nam
2230 2063 2277 2119 si

693 2164 883 2204 revera
932 2149 1205 2206 deiferum
1266 2165 1379 2207 non
1421 2168 1546 2209 esse
1596 2154 1824 2221 dicent,
1884 2156 2077 2227 utique
2126 2155 2279 2213 istud

693 2240 929 2297 sulliciet
992 2252 1054 2297 ut
1099 2245 1362 2301 omnibus
1401 2247 1780 2316 persuadeant
1815 2248 2148 2321 rejiciendas
2185 2265 2280 2306 eo-

694 2348 816 2387 rum
866 2350 991 2390 esse
1034 2350 1212 2406 nugas
1255 2348 1309 2392 et
1343 2353 1563 2394 summo
1596 2340 1724 2395 odio
1753 2340 2059 2409 habendas,
2094 2352 2154 2397 ut
2182 2343 2278 2414 qui

696 2425 835 2479 nihil
880 2427 1110 2481 absurdi
1153 2429 1227 2481 sit
1269 2430 1419 2500 quod
1448 2430 1699 2501 proferre
1731 2444 2011 2490 recusent.
2047 2432 2144 2490 Sin
2175 2451 2279 2491 au-

694 2529 802 2572 tem
840 2517 944 2572 hoc
976 2517 1256 2587 fugientes
1288 2522 1355 2577 ad
1385 2537 1573 2578 verum
1619 2524 1918 2581 dicendum
1951 2538 2281 2584 convertan-

696 2617 810 2673 tur,
847 2622 911 2662 ac
962 2624 1092 2664 vere
1126 2610 1399 2666 deiferum
1434 2629 1561 2668 cum
1608 2614 1948 2681 fatebuntur,
1985 2628 2279 2690 propterea

692 2698 842 2768 quod
874 2697 1019 2754 Deus
1063 2699 1118 2754 in
1153 2700 1274 2771 ipso
1324 2701 1554 2767 habitet,
1582 2706 1863 2774 quomodo
1906 2721 2018 2761 non
2064 2722 2282 2763 summa

694 2808 818 2847 cum
860 2792 1145 2864 impietate
1197 2795 1382 2851 dicere
1422 2808 1726 2868 arguentnr
1760 2814 1789 2853 a
1840 2799 1936 2855 Dei
1989 2815 2055 2855 ac
2096 2800 2282 2859 Patris

696 2886 1013 2940 substantia
1052 2886 1293 2941 alienum
1331 2902 1457 2944 esse
1508 2888 1752 2945 Filium?
1798 2889 1917 2947 Non
1965 2892 2079 2963 jam
2134 2893 2282 2949 enim

696 2976 870 3033 deiter
901 2984 986 3033 est
1026 2977 1254 3042 Paulus,
1281 2981 1327 3034 si
1359 2996 1469 3035 non
1502 2980 1643 3037 Deus
1690 2983 1995 3038 secundum
2028 2992 2282 3041 naturam

698 3071 774 3124 sit
813 3068 1032 3135 Filius;
1091 3070 1190 3127 sed
1230 3075 1625 3133 erubescentes
1665 3076 2001 3149 quandoque
2045 3084 2284 3149 (summa

2379 1960 2589 2013 τέλεσιν
2619 1960 2859 2024 ὑποθεὶς,
2893 1960 2969 2023 ὡς
3007 1959 3107 2013 οὐκ
3146 1958 3490 2030 ἀλλοτρίους
3523 1957 3695 2021 ὄντας
3732 1957 3860 2010 κατὰ
3893 1961 3960 2030 τὴν

2379 2050 2540 2120 φύσιν
2572 2050 2666 2105 τοῦ
2708 2050 3064 2121 δασμολογεῖν
3101 2047 3432 2118 ὀφείλοντος
3457 2088 3475 2113 ,
3539 2049 3639 2101 καὶ
3680 2047 3741 2100 ὲν
3783 2048 3957 2101 οἰκετῶν

2377 2143 2530 2208 τάξει
2564 2142 2871 2214 κειμένους,
2906 2143 3053 2212 μόνῳ
3100 2140 3201 2211 τὴν
3246 2138 3600 2210 ἐλευθερίαν
3654 2138 3956 2210 μεμαρτύρηο

2380 2252 2476 2290 κεν
2527 2235 2743 2305 ὲαυτῷς
2786 2231 3262 2305 Καταχρηστικῶς
3313 2231 3427 2303 μὲν
3480 2230 3601 2302 γὰρ
3635 2230 3724 2301 ἐφ’
3762 2232 3876 2301 ἡμῖν
3908 2233 3954 2283 τά

2380 2328 2586 2401 κυρίως
2631 2344 2690 2381 τε
2740 2327 2836 2381 καὶ
2891 2325 3109 2396 ἀληθῶς
3153 2324 3295 2397 μόνῃ
3337 2324 3645 2394 πρέποντα
3677 2325 3742 2394 τῇ
3789 2323 3954 2393 θεότητι

2382 2424 2631 2494 φέρεται,
2668 2420 2965 2491 ἐνυπάρχει
3020 2418 3078 2472 δὲ
3128 2417 3283 2489 αὐτῷ
3335 2417 3497 2471 κατὰ
3550 2416 3823 2487 ἀλήθειαν,
3850 2414 3950 2469 ὥστε

2380 2517 2482 2586 τὴν
2514 2514 2624 2568 τῶν
2657 2514 2902 2585 γενητῶν
2930 2512 3093 2576 εἴτις
3126 2510 3387 2583 ἀκριϐῶς
3420 2510 3805 2564 διασκέπτοιτο
3832 2509 3952 2579 φύσιν

2384 2605 2659 2675 θεωρῆσαι
2689 2606 2908 2666 πάντως
2935 2602 3074 2674 αὐτῇ
3102 2601 3163 2655 τὸ
3186 2601 3289 2673 τῆς
3318 2599 3591 2663 δουλείας
3621 2598 3787 2670 δνομά
3814 2616 3863 2652 τε
3886 2600 3949 2652 καὶ

2384 2700 2617 2769 πρᾶγμα
2650 2695 3121 2769 πρεπωδέστατον.
3156 2694 3218 2748 Et
3245 2694 3307 2748 δέ
3342 2710 3503 2758 τινες
3534 2691 3647 2747 τῶν
3688 2694 3744 2746 ἐν
3771 2694 3883 2763 ἡμῖν
3902 2695 3949 2761 τῇ

2382 2792 2482 2862 τῆς
2536 2790 2852 2863 ἐλευθερίας
2907 2791 3227 2860 τετίμηνται
3298 2788 3484 2859 δόξῃ,
3548 2784 3949 2858 καταχρηστικῶς

2385 2882 2569 2953 ἔχουσι
2608 2883 2670 2937 τὸ
2710 2882 2857 2954 μόνῳ
2897 2881 3017 2953 Θεῷ
3064 2880 3559 2954 χρεωστούμενον.
3612 2879 3807 2940 Ἡδέως
3844 2877 3879 2931 δ’
3903 2876 3947 2930 ἂν

2388 2979 2597 3051 σφόδρα
2626 2980 2849 3032 κάκεῖνο
2891 2977 3026 3050 πρὸς
3069 2976 3284 3040 τούτοις
3336 2975 3584 3047 ἐροίμην
3629 2969 3843 3036 αὐτούς’
3871 2965 3945 3037 ἆρι

2388 3073 2643 3145 θεοφόρον
2683 3070 2869 3143 ἐροῦσι
2916 3074 3009 3124 τὸν
3047 3069 3284 3135 Παῦλον,
3315 3065 3574 3141 Χριστοῦ
3624 3062 3944 3123 κατοικοῦντος

697 3163 899 3218 etenim
930 3163 1185 3220 vafrities
1209 3173 1264 3220 et
1288 3166 1602 3238 malignitas
1629 3168 1683 3224 in
1710 3169 1777 3227 iis
1805 3172 1933 3242 est),
1962 3170 2129 3227 Deum
2162 3172 2280 3243 qui-

2386 3166 2475 3220 διὰ
2535 3164 2631 3219 τοῦ
2681 3165 2811 3218 ἰδίου
2860 3165 3209 3235 Πνεύματος·
3243 3164 3276 3232 ἢ
3346 3162 3449 3215 καλ⁵
3498 3158 3662 3214 τοῦτο
3710 3154 3944 3267 ληροῦῖτεξ

699 3256 826 3309 dem
856 3270 986 3310 vere
1016 3256 1204 3312 dicent
1238 3256 1459 3323 Filium,
1490 3276 1595 3315 non
1632 3270 1815 3317 tamen
1842 3279 1909 3318 ex
1938 3263 2047 3320 Deo
2080 3281 2283 3322 secun-

697 3348 829 3402 dum
868 3359 1128 3404 naturam
1167 3367 1291 3407 esse
1320 3354 1589 3422 genitum,
1623 3371 1725 3411 nec
1758 3356 1990 3413 dubium
2029 3366 2113 3414 est
2146 3360 2284 3431 quin

698 3438 783 3493 vel
810 3438 901 3494 hic
932 3440 988 3494 in
1021 3455 1116 3497 eos
1146 3441 1333 3511 quivis
1379 3443 1657 3516 insurgat.
1694 3446 1987 3512 Quomodo
2016 3448 2163 3504 enim
2195 3466 2284 3506 es-

699 3538 783 3585 set
810 3529 961 3586 Deus
992 3531 1061 3596 is,
1097 3533 1189 3603 qui
1217 3549 1326 3588 non
1346 3543 1432 3591 est
1459 3552 1523 3591 ex
1551 3536 1663 3593 Deo
1696 3540 2003 3594 secundum
2023 3549 2285 3598 naturam

701 3622 967 3692 genitus?
1005 3623 1393 3681 Verumtamen
1431 3628 1564 3683 illud
1601 3629 1840 3687 dicimus
1876 3632 2075 3703 :792
2116 3632 2284 3690 Deum

700 3729 825 3769 esse
849 3715 932 3770 ais
955 3716 1257 3771 secundm»
1297 3729 1551 3774 naturam
1578 3718 1800 3777 Filium.
1841 3723 2134 3790 Quomodo
2156 3742 2287 3798 ergo

700 3805 878 3862 deiter
911 3809 1037 3873 erit,
1062 3817 1156 3864 aut
1191 3823 1341 3867 certe
1372 3810 1463 3867 Dei
1507 3814 1811 3887 particeps,
1849 3818 1941 3888 qui
1983 3818 2287 3875 secundum

705 3910 967 3956 naturam
1008 3911 1095 3956 est
1137 3903 1316 3959 Deus?
1349 3921 1449 3960 nec
1480 3908 1627 3962 enim
1664 3910 1750 3964 sui
1799 3910 1975 3981 ipsius
2012 3912 2289 3984 particeps

632 4018 637 4023 -
702 3990 871 4045 fuerit
927 4008 1175 4063 unquam
1216 4013 1229 4048 :
1267 3996 1331 4050 ad
1371 3998 1501 4067 quid
1546 3999 1695 4053 enim
1742 4000 2009 4058 habitabit
2056 4002 2201 4060 Deus
2233 4006 2286 4060 in

704 4081 839 4147 Deo,
872 4093 932 4139 ut
978 4085 1119 4139 alter
1154 4086 1207 4139 in
1243 4088 1459 4143 altero?
1496 4090 1552 4143 Si
1582 4091 1729 4146 enim
1776 4091 1921 4148 idem
1958 4104 2044 4149 est
2093 4104 2289 4150 natura

703 4177 855 4246 quod
887 4178 1124 4249 suscipit
1154 4194 1280 4235 cum
1307 4196 1375 4237 eo
1404 4183 1551 4254 quod
1580 4184 1875 4253 inhabitat,
1905 4187 2035 4257 quid
2067 4187 2287 4243 demum

708 4270 1128 4341 participatione
1155 4288 1295 4344 opus
1319 4276 1464 4331 erit?
1487 4275 1583 4332 Sin
1614 4285 1799 4333 autem
1824 4280 2287 4350 quemadmodum

705 4363 827 4432 ipse
877 4363 1208 4421 inltahitavit
1244 4367 1296 4421 in
1332 4367 1527 4438 Paulo,
1565 4371 1640 4427 ita
1688 4383 1743 4427 et
1773 4371 1936 4427 Pater
1969 4384 2053 4429 est
2103 4373 2158 4427 in
2200 4389 2287 4439 eo,

704 4456 988 4523 quomodo
1012 4472 1121 4512 non
1147 4458 1322 4516 deiter
1341 4463 1570 4532 perinde
1601 4479 1667 4518 ac
1695 4461 1903 4522 Paulus
1934 4465 2065 4530 erit,
2088 4466 2291 4537 quippe

2392 3260 2738 3331 ἀρνήσονται.
2771 3256 2835 3310 Et
2882 3258 2979 3327 μὲν
3019 3256 3127 3327 γὰρ
3166 3254 3361 3327 ἐροῦσι
3407 3253 3672 3324 θεοφόρον
3716 3249 3807 3303 οὐκ
3844 3245 3942 3300 εἶναι

2392 3352 2513 3409 κατ’
2550 3350 2831 3421 ἀλήθειαν,
2880 3349 3105 3422 ἀρκέσει
3151 3348 3215 3420 δὴ
3267 3346 3441 3401 τοῦτο
3491 3346 3632 3418 πρὸς
3672 3347 3731 3397 τὸ
3785 3341 3942 3402 πάντας

2392 3445 2683 3512 ἀναπεῖσαι
2716 3442 2903 3497 λοιπὸν
2953 3441 3082 3513 παρ’
3116 3440 3297 3495 αὐτῶν
3345 3436 3707 3494 ἀποσείεσθαι
3731 3431 3939 3505 φλυαρίας

2394 3541 2490 3595 καὶ
2522 3542 2701 3612 μισεῖν
2742 3539 2822 3602 είς
2860 3537 3051 3607 ἄκρον,
3098 3534 3173 3599 ὡς
3217 3533 3381 3588 οὐδὲν
3421 3534 3603 3586 εἰπεῖν
3638 3530 3742 3584 τῶν
3775 3525 3942 3582 ἀτόπων

2396 3632 2885 3708 παραιτουμένους.
2924 3630 2987 3683 El
3020 3629 3078 3682 δέ
3115 3646 3179 3697 γε
3218 3627 3386 3682 τοῦτο
3424 3626 3720 3697 φεύγοντες
3758 3620 3870 3692 πρὸς
3893 3634 3937 3685 γε

2393 3729 2455 3782 τὸ
2483 3728 2682 3799 χρῆναι
2713 3724 2891 3794 λέγειν
2912 3722 3285 3795 τραπήσονται
3325 3720 3591 3792 τάληθὲς,
3619 3718 3710 3772 καὶ
3739 3712 3938 3781 θεοφόρθν

2395 3819 2610 3889 ἀληθῶς
2640 3816 3068 3888 ὁμολογήσουσιν
3099 3813 3285 3876 αὐτὸν,
3320 3813 3413 3867 διὰ
3450 3810 3514 3866 τὸ
3553 3813 3646 3867 τὸν
3674 3808 3876 3881 Χριστὸν
3896 3805 3934 3855 ὲν

2397 3909 2544 3981 αὐτῷ
2582 3910 2875 3972 κατοικεῖν,
2908 3905 3024 3969 πῶς
3051 3906 3112 3959 οὐ
3149 3904 3359 3976 σφόδρα
3386 3903 3667 3966 δυσσεϐῶς
3698 3898 3935 3983 ἁλῲσονται

2394 4004 2494 4076 τῆς
2522 4001 2615 4056 τοῦ
2641 3999 2775 4054 Θεοῦ
2807 4001 2901 4053 καὶ
2944 3998 3157 4070 Πατρὸς
3197 3998 3395 4062 οὐσίας
3419 3996 3696 4066 ἀλλότριον
3722 3988 3839 4070 εἶναι

2395 4114 2584 4166 γοντες
2615 4096 2707 4148 τὸν
2736 4094 2897 4159 Υίόν;
2941 4092 3140 4147 Οὐκέτι
3167 4091 3277 4164 γὰρ
3322 4092 3589 4163 θεοφόρος
3620 4091 3648 4142 6
3679 4084 3873 4146 Παῦλος,
3899 4081 3931 4131 εἰ

2400 4190 2474 4262 μὴ
2500 4189 2631 4252 Θεὸς
2666 4186 2809 4242 κατὰ
2842 4186 3004 4256 φύσιν
3047 4185 3195 4239 ἐστὶν
3242 4188 3270 4239 6
3299 4185 3457 4249 Υίόςο
3490 4182 3607 4237 ἀλλ’
3635 4175 3928 4253 ἑρυθριῶντες

2397 4278 2509 4334 ἔσθ’
2546 4281 2634 4334 ὅτε
2664 4278 2944 4352 (πρόσεστι
2978 4276 3087 4349 γὰρ
3115 4276 3210 4350 καὶ
3248 4276 3310 4330 τὸ
3359 4274 3665 4346 πανοῦργον
3690 4263 3931 4330 αὐτοῖςκαὶ

2396 4370 2667 4439 κακόηθες
2705 4371 2786 4434 είς
2829 4368 3064 4437 λόγους),
3092 4366 3225 4421 Θεὸν
3266 4367 3369 4439 μὲν
3411 4366 3630 4436 ἐροῦσιν
3660 4359 3844 4431 ἀληθῶς
3864 4354 3927 4406 τὸν

2398 4462 2549 4527 Υίὸν,
2586 4460 2660 4532 μὴ
2708 4459 2812 4531 μὴν
2859 4462 2923 4514 ἐκ
2949 4458 3084 4512 Θεοῦ
3124 4460 3491 4531 γεγεννῆσθαι
3521 4456 3659 4512 κατὰ
3684 4453 3839 4524 φύσιν·
3863 4443 3927 4496 καὶ

705 4548 803 4617 qui
844 4549 993 4603 nulla
1045 4567 1107 4605 ex
1163 4562 1321 4624 parte
1348 4555 1485 4635 -jarn
1541 4557 1744 4612 habeat
1778 4566 1838 4611 ut
1879 4558 1951 4613 sit
1984 4560 2280 4614 secundum

2399 4555 2482 4608 ὅτι
2508 4555 2607 4626 μὲν
2633 4552 2972 4609 ἀπαστισοῦν
3006 4552 3187 4607 αὐτῶν
3235 4554 3338 4606 κάν
3366 4553 3545 4623 τούτῳ
3583 4545 3921 4635 καταϐοήσειεν,

706 4646 961 4695 naturam
1004 4641 1171 4710 Deus,
1219 4661 1345 4702 cum
1380 4630 1600 4719 p0tiore
1633 4649 1729 4720 qui
1765 4649 2034 4707 inhabitet
2081 4654 2191 4708 Deo
2237 4653 2280 4708 ei

2395 4649 2496 4703 οὐκ
2525 4648 2849 4720 ἀμφίλογον.
2880 4648 3006 4712 Πῶς
3033 4648 3142 4720 γὰρ
3172 4648 3237 4702 ἂν
3266 4649 3353 4719 εἴη
3383 4648 3540 4711 Θεὸς,
3570 4648 3597 4700 ὁ
3631 4641 3701 4714 μὴ
3743 4640 3796 4690 ὲκ
3827 4630 3923 4684 Θεοῦ

704 4746 846 4803 Opus
874 4734 983 4788 sit?

2396 4742 2540 4796 κατὰ
2591 4741 2752 4811 φύσιν
2805 4742 3243 4813 γεγεννημένος;
3297 4742 3448 4812 Πλὴν
3497 4740 3669 4794 ἐκεῖνο
3714 4730 3919 4797 λέγομεν

706 4824 839 4878 Θεὸν
886 4823 1026 4880 εἶναι
1077 4826 1182 4901 φὴς
1224 4830 1367 4884 κατά
1410 4832 1571 4900 φύσιν
1610 4831 1702 4885 τὸν
1744 4834 1908 4899 Υίόν;
1946 4834 2069 4898 Πῶς
2103 4830 2196 4889 οὖν
2262 4836 2329 4891 ἂν
2403 4838 2487 4908 εἴη
2527 4835 2787 4906 θεοφόρος
2835 4837 3004 4906 ἦγουν
3052 4835 3188 4891 Θεοῦ
3242 4837 3501 4909 μέτοχος,
3559 4836 3588 4886 ὁ
3636 4826 3762 4883 κατά
3806 4815 3921 4909 φύξιν

706 4918 837 4981 Θεός
864 4938 877 4985 ,
908 4920 1029 4973 οὐδὲ
1072 4922 1182 4993 γὰρ
1222 4923 1287 4976 ἂν
1333 4924 1528 4978 ἑαυτοῦ
1575 4926 1837 4997 μετάσχοι
1875 4930 2038 4982 ποτέο
2070 4932 2150 4994 εἰς
2179 4940 2230 4983 τι
2262 4930 2373 5001 γὰρ
2411 4900 2794 5002 οἰκήσει-Θεὸς
2834 4900 2896 4981 ἐν
2922 4928 3062 5000 Θεῷ,
3105 4928 3182 4992 ὡς
3222 4900 3410 4999 έτερος
3439 4928 3498 4981 ὲν
3528 4923 3724 4994 έτέρῳς
3761 4911 3812 5016 Ῑῗί
3842 4900 3919 5016 τίῗρ

702 5008 858 5063 τοῦτ’
887 5011 1002 5065 ἔστι
1057 5015 1198 5069 κατὰ
1231 5016 1391 5083 φύσιν
1424 5019 1484 5070 τὸ
1516 5017 1806 5090 δεχόμενον
1853 5022 1990 5093 ὅπερ
2040 5022 2106 5076 ἂν
2135 5024 2306 5103 νοοῖτο
2344 5022 2529 5077 καὶτὸ
2552 5022 2815 5088 ἐνοικοῦν,
2862 5022 2993 5076 ποία
3068 5017 3162 5075 οὖν
3186 5021 3372 5076 λοιπὸν
3408 5025 3443 5092 ὴ
3492 5018 3589 5088 τῆς
3632 5019 3832 5109 μξτξχης

705 5114 852 5151 νοιτο
891 5101 1083 5171 χρεία;
1120 5104 1183 5156 Et
1222 5104 1279 5156 δὲ
1319 5103 1506 5175 ῶσπερ
1545 5107 1710 5171 αὐτὸς
1755 5108 2000 5182 ὲνῴκησε
2038 5111 2115 5183 τῷ
2160 5111 2382 5175 Παύλω,
2413 5111 2505 5164 τὸν
2536 5112 2699 5165 αὐτὸν
2728 5111 2791 5183 δὴ
2830 5113 3031 5185 τρόπον
3067 5112 3161 5165 καὶ
3223 5113 3252 5165 6
3288 5111 3480 5181 Πατὴρ
3540 5110 3596 5161 ὲν
3633 5101 3779 5169 αὐτῷ.
3833 5102 3915 5146 πως

704 5193 766 5244 οὗ
803 5192 1061 5264 θεοφόρος
1099 5196 1248 5249 ἔσται
1295 5197 1436 5251 κατὰ
1480 5198 1570 5252 τὸν
1605 5202 1841 5271 Παῦλον,
1896 5206 1957 5258 τὸ
1985 5200 2126 5258 εἶναι
2169 5204 2301 5269 Θεὸς
2341 5205 2482 5259 κατὰ
2520 5204 2682 5274 φύσιν
2724 5206 3024 5279 οὐδαμόθεν
3064 5207 3204 5277 ἔχων
3263 5205 3364 5271 ἔτι,
3411 5202 3503 5258 διὰ
3576 5199 3632 5254 τὸ
3674 5189 3914 5265 κρείττωώς

706 5285 965 5356 δεηθῆναι
1000 5288 1091 5341 τοῦ
1120 5289 1456 5354 ἐνοικοῦντος
1500 5292 1669 5362 Θεοῦ;

775 5374 954 5436 Porro
1001 5387 1266 5457 strenuus
1316 5380 1407 5435 hic
1446 5380 1541 5437 Dei
1585 5384 1766 5441 hostis
1808 5387 2020 5458 aliquid
2066 5388 2294 5459 insuper

707 5472 1005 5543 excogitat,
1033 5480 1088 5529 et
1120 5488 1216 5544 per
1252 5475 1480 5543 multas,
1506 5489 1567 5532 ut
1596 5479 1705 5534 sibi
1745 5481 1921 5552 lingit,
1947 5483 2294 5538 demonstra-

709 5563 887 5619 tio'acs
935 5578 1092 5619 suam
1134 5566 1442 5624 doctrinam
1475 5570 1529 5626 in
1572 5572 1771 5643 vulgus
1814 5590 2077 5646 spargere
2117 5590 2294 5631 cona-

706 5661 819 5712 tur.
872 5653 1065 5724 Operae
1128 5658 1365 5727 pretium
1427 5662 1573 5719 enim
1630 5664 1872 5721 arbitror
1927 5668 2114 5723 omnia
2171 5667 2292 5739 ejus

814 5829 860 5863 “
884 5829 1075 5890 Matth.
1120 5849 1250 5901 xvn,
1283 5834 1373 5891 25.

2475 5376 2608 5436 Εἶτα
2662 5384 2824 5437 πάλιν
2865 5383 2957 5437 ἐπὶ
2994 5383 3206 5448 τούτοις
3253 5386 3282 5438 ό
3333 5379 3587 5454 γεννάδας
3638 5375 3753 5445 ἡμῖν
3779 5361 3911 5454 οὐτοσὶ

2403 5479 2772 5548 προσεπινοεῖ,
2823 5478 2917 5529 καὶ
2963 5477 3049 5530 διὰ
3087 5476 3296 5531 πολλῶν
3346 5471 3678 5536 ἀποδείξεων,
3705 5464 3770 5525 ὡς
3800 5452 3895 5510 ὑπ’
3979 5503 3981 5505 ι

2402 5569 2571 5638 ληφεν
2618 5568 2799 5632 αὐτὸς,
2846 5568 2937 5621 τὸν
2969 5570 3168 5623 οἰκεῖον
3207 5567 3465 5641 θρυλλοῦν
3508 5561 3742 5633 πειρᾶται
3776 5549 3904 5641 λᾴγον·

2407 5662 2591 5729 ’Ἄξιον
2626 5663 2734 5733 γὰρ
2773 5658 2925 5733 οἶμαι
2969 5662 3057 5716 διὰ
3103 5662 3316 5717 πάντων
3358 5657 3519 5716 αὐτοῦ
3560 5653 3658 5709 τῶν
3704 5639 3905 5719 ῥημάτων
