4096 6508
163 362 295 419 229

171 473 374 527 ἐλθεῖν
409 511 424 535 ,

168 562 460 617 ἁπλῶσαι
509 560 608 633 τὴν
660 560 874 626 πεῦσιν,
916 562 1003 614 ἵνα
1070 560 1416 633 διελέγχηται
1476 563 1662 631 σαφῶς
1718 564 1799 616 ὅτι

164 660 299 720 τρῖς
361 656 673 726 ποιήμασιν
733 653 1047 726 ἐναρίθμιον
1104 653 1312 708 τίθεται
1351 655 1443 708 τὸν
1494 655 1797 727 Μονογενῆ,

164 748 279 803 καὶ
315 745 810 818 κεκομψευμέναις
840 747 1079 811 ἀπάταις
1108 746 1206 818 τὴν
1245 750 1325 813 είς
1353 748 1514 803 αὐτὸν
1542 748 1797 802 ἀσέϐειαν

164 838 531 909 καταχώσας
570 840 599 891 6
631 838 883 901 δείλαιος,
930 837 1061 892 Θεὸν
1094 839 1193 910 μὲν
1240 837 1380 893 εἶναι
1425 839 1794 909 συνομολογεῖ,

161 931 281 1001 τῆς
322 948 401 999 γε
433 931 541 1003 μὴν
566 930 781 1002 άληθῶς
817 932 910 985 καὶ
940 932 1082 985 κατὰ
1112 932 1272 1002 φύσιν
1299 932 1549 999 θεότητος
1589 933 1797 1004 ἐκπέμ-

162 1043 305 1078 πων
350 1025 565 1091 αὐτὸν,
614 1025 787 1080 οἴεταί
827 1042 946 1088 πως
983 1025 1242 1078 δύνασθαι
1291 1024 1474 1078 λαθεῖν
1520 1026 1649 1088 τοὺς
1714 1027 1796 1089 είς

158 1117 367 1187 αὐτὴν
394 1117 699 1187 ,βλέποντας
726 1115 826 1187 τὴν
863 1115 1140 1186 ἀλήθειαν.
1193 1115 1399 1187 Γράφει
1446 1115 1624 1169 τοίνυν
1664 1116 1790 1169 ὡδί·

168 1209 341 1262 Ἀλλ’
397 1210 587 1280 ὥσπερ
615 1210 774 1278 ἡμεῖς
820 1210 877 1261 ἐν
926 1206 1077 1278 αὐτῷ
1107 1204 1241 1262 εἶναι
1273 1208 1579 1281 λεγόμενοι,
1604 1210 1791 1280 φησιν,

1292 358 1360 413 ΙΝ
1393 358 1682 417 JOANNIS
1712 356 2171 416 EVANGELIUM
2205 360 2335 417 LIB.
2374 362 2467 417 IX.

485 471 579 525 καὶ
627 470 728 540 τῆς
778 470 1005 541 ἐνούσης
1065 469 1216 539 αὐτῷ
1273 469 1540 541 θεομάχου
1603 470 1778 541 βουλῆ.

1905 472 2067 527 verba
2104 489 2451 542 percurrere,
2488 484 2541 530 et
2564 475 2684 545 ejus
2713 476 2937 546 impiam
2967 492 3029 531 ac
3060 476 3168 532 Deo
3205 464 3484 534 inimicam

3380 369 3488 422 2250

1903 576 2144 619 mentem
2186 568 2545 636 perscrutari,
2576 576 2634 622 ut
2663 568 2815 622 clare
2864 577 3131 638 arguatur
3175 571 3228 624 in
3267 580 3489 625 creatu-

1902 672 2088 711 rarum
2139 674 2374 714 numero
2428 657 2784 732 Unigenitum
2819 660 3115 725 collocare,
3146 672 3201 715 et
3248 664 3486 732 eleganti

1903 744 2095 801 fraude
2136 762 2293 803 suam
2345 748 2400 803 in
2436 764 2564 804 eum
2614 749 2956 820 impietatem
3007 752 3261 818 celando,
3314 753 3485 806 Deum

1900 838 2119 908 quidem
2157 854 2281 894 esse
2305 838 2596 894 nobiscum
2630 838 2817 903 fateri,
2849 838 2916 896 de
2944 856 3069 895 vera
3100 849 3283 897 tamen
3312 851 3367 897 et
3393 858 3488 895 na-

1901 928 2065 983 turali
2099 928 2305 985 deitate
2335 944 2458 984 eum
2486 930 2561 983 ita
2591 929 2908 997 excludere,
2941 938 3002 984 ut
3030 932 3203 987 latere
3230 948 3289 987 se
3320 948 3487 1002 posse

1900 1027 2055 1090 putet
2102 1035 2200 1075 eos
2230 1022 2322 1092 qui
2369 1021 2423 1075 in
2464 1021 2642 1091 ipsam
2692 1023 2981 1078 veritatem
3024 1025 3347 1094 respiciunt.
3393 1026 3484 1080 Sic

1898 1128 2030 1182 ergo
2070 1112 2266 1168 scribit
2294 1132 2307 1168 :
2340 1111 2545 1167 Verum
2576 1115 3039 1186 quemadmodum
3069 1133 3169 1173 nos
3204 1119 3296 1188 qui
3335 1121 3389 1173 in
3416 1136 3485 1172 eo

1897 1215 2021 1256 esse
2067 1201 2326 1264 dicimur,
2363 1202 2578 1274 inquit,
2615 1204 2933 1260 nullatenus
2976 1222 3100 1261 cum
3151 1223 3217 1262 eo
3261 1210 3480 1263 mistam

1897 1293 2235 1364 hypostasim
2285 1294 2554 1352 habemus
2588 1315 2601 1350 :
2633 1299 2704 1351 ita
2732 1305 2784 1353 et
2818 1296 2991 1355 Filius
3025 1315 3152 1354 cum
3184 1303 3256 1354 sit
3284 1301 3337 1355 in
3377 1301 3483 1354 Pa-

1898 1394 1997 1450 tre,
2037 1386 2354 1441 distinctam
2412 1389 2577 1444 hahet
2612 1388 2680 1443 ab
2731 1390 2980 1460 ingenito
3033 1393 3289 1462 gratiam.
3335 1393 3482 1448 Prch

1896 1474 2115 1530 facinus
2173 1476 2387 1531 audax!
2440 1492 2473 1531 0
2530 1494 2691 1534 voces
2751 1477 2995 1536 nefarias
3048 1490 3103 1535 et
3155 1482 3479 1551 impietatis,

1896 1567 2147 1622 stultitia:
2171 1583 2235 1621 ac
2270 1569 2516 1638 stuporis
2554 1569 2948 1640 plenissimas!
2990 1568 3157 1625 Stulti
3188 1571 3318 1626 facti
3353 1585 3484 1628 sunt

1894 1660 2142 1729 profecto
2193 1661 2447 1717 dicentes
2497 1678 2558 1718 se
2608 1664 2892 1733 sapientes
2952 1666 3028 1730 ‘5,
3076 1674 3243 1735 atque
3301 1667 3376 1721 ita
3412 1669 3482 1722 de

1895 1748 2194 1820 Unigenito
2241 1752 2543 1806 sentientes
2587 1768 2603 1806 :
2642 1753 2932 1808 Dominum
2967 1755 3061 1823 qui
3106 1756 3340 1810 redemit
3384 1773 3481 1813 eos

1821 1823 1862 1876 Β
1891 1842 2252 1910 abuegarunt,
2282 1843 2427 1898 sicut
2452 1845 2723 1913 scriptum
2758 1854 2843 1901 est
2866 1847 2930 1903 ¹⁶.
2959 1844 3095 1900 Nam
3130 1846 3174 1901 si
3203 1847 3478 1904 hominem

1889 1948 2012 1989 esse
2045 1934 2240 1989 dicunt
2284 1944 2338 1991 et
2384 1953 2553 1991 unum
2603 1952 2634 1992 e
2678 1938 2844 1993 nobis
2891 1938 2988 1993 Dei
3034 1938 3301 2008 Verbum,
3344 1941 3477 1995 nihil

1889 2026 2002 2096 jam
2055 2028 2313 2099 prohibet
2361 2030 2548 2087 dicere
2589 2047 2715 2087 eum
2759 2034 2835 2087 ita
2880 2033 2937 2087 in
2990 2034 3100 2090 Deo
3144 2052 3267 2092 esse
3312 2038 3478 2093 sicuti

1895 2134 2033 2186 nos;
2082 2120 2231 2189 quod
2288 2121 2335 2176 si
2380 2120 2551 2177 Deum
2602 2139 2728 2179 esse
2765 2126 3025 2191 credunt,
3079 2144 3317 2198 eumque
3358 2139 3478 2185 tau-

1895 2226 2060 2280 quam
2090 2219 2288 2266 natura
2322 2213 2373 2267 id
2416 2214 2779 2270 exsistentem
2815 2217 3163 2273 adorandum
3197 2230 3473 2288 statuunt,

1893 2301 2084 2372 quidni
2112 2304 2297 2374 potius
2333 2307 2653 2362 concedunt
2684 2323 2809 2361 eum
2849 2309 2961 2364 Deo
2998 2313 3396 2368 convenienter
3420 2313 3475 2367 in

1888 2407 1996 2447 suo
2021 2391 2184 2449 Patre
2213 2395 2508 2461 exsistere,
2538 2408 2779 2468 eumque
2815 2398 2869 2452 in
2915 2399 3102 2470 seipso
3143 2400 3391 2458 habere?
3420 2404 3476 2457 id

1885 2482 2034 2537 enim
2090 2484 2302 2539 sentire
2354 2500 2420 2539 ac
2478 2485 2663 2542 dicere
2715 2504 2875 2543 veros
2930 2488 3025 2545 Dei
3081 2492 3327 2549 cultores
3377 2493 3475 2547 de-

147 1302 375 1373 ἀμιγῆ
409 1302 546 1373 πρὸς
577 1302 743 1355 αὑτὸν
778 1300 975 1371 ἔχομεν
1021 1299 1120 1372 τὴν
1154 1301 1482 1356 ύπόστασιν’
1514 1301 1604 1355 τὸν
1630 1301 1794 1356 αὑτὸν

150 1392 405 1462 τρόπον
434 1393 531 1445 καὶ
554 1392 583 1444 6
618 1391 743 1454 Υἱὸς
782 1392 840 1443 ὲν
871 1388 950 1460 τῷ
977 1390 1153 1461 Πατρὶ
1199 1392 1484 1462 τυγχάνων
1514 1392 1791 1462 διακεκριο

158 1484 369 1556 μένην
417 1485 512 1538 τοῦ
562 1482 1017 1554 ἀγεννήτουοέχει
1077 1484 1175 1557 τὴν
1223 1485 1403 1555 χάριν.
1443 1485 1548 1538 Φεῦ
1588 1502 1650 1555 γε
1699 1485 1791 1539 τοῦ

156 1576 577 1647 τολμήματοςί
630 1575 707 1636 ὡς
758 1575 931 1639 δεινὸς
982 1579 1010 1630 6
1057 1576 1234 1645 λόγος,
1277 1578 1372 1631 καὶ
1419 1578 1617 1649 μεστὸς
1656 1579 1793 1633 ἀπο-

154 1668 363 1733 νοεας,
414 1668 610 1739 μᾶλλον
647 1668 717 1725 ,δὲ
768 1668 1086 1732 δυσϐουλίας
1134 1670 1353 1740 ἁπάσης
1397 1670 1490 1723 καὶ
1540 1671 1792 1743 ἀποπλη-

161 1763 347 1827 ξίαςί
399 1760 829 1833 Ἐμωράνθησαν
865 1762 1035 1828 ὅντως
1082 1763 1383 1830 φάσκοντες
1437 1759 1574 1817 εῖναι
1634 1766 1787 1834 σοφοὶ

159 1853 275 1906 καὶ
308 1852 646 1923 φρονοῦντες
666 1851 809 1906 οὕτω
838 1853 966 1925 περὶ
990 1851 1086 1907 τοῦ
1125 1852 1463 1921 Μονογενοῦς
1482 1870 1495 1883 ·
1525 1853 1617 1908 τὸν
1655 1856 1784 1924 ἀγο-

160 1943 440 2014 ράσαντα
472 1944 669 2008 αὐτοὺς
719 1945 996 2017 Δεσπότην
1032 1946 1363 2017 ἠρνήσαντο,
1408 1945 1550 1999 κατὰ
1593 1944 1653 1999 τὸ
1686 1963 1782 2016 γεο

155 2035 532 2106 γραμμένον.
574 2037 639 2089 Εἰ
689 2037 788 2107 μὲν
826 2036 935 2108 γὰρ
981 2036 1269 2106 ἄνθρωπον
1320 2032 1461 2091 εἷναί
1504 2056 1637 2107 φασι
1685 2039 1780 2093 καὶ

155 2130 271 2182 ἕνα
302 2130 421 2185 τῶν
455 2131 579 2184 καθ’
601 2133 746 2202 ἡμᾶς
768 2131 857 2185 τὸν
887 2132 981 2185 τοῦ
1028 2132 1163 2186 Θεοῦ
1209 2134 1401 2203 Λόγον,
1426 2134 1577 2187 οὐδὲν
1610 2134 1689 2187 ἔτι
1719 2134 1779 2187 τὸ

157 2219 399 2273 κωλύον
424 2222 597 2274 εἰπεῖν
621 2219 795 2285 οὕτως
818 2220 1086 2292 ὑπάρχειν
1108 2222 1272 2275 αὑτὸν
1298 2227 1355 2275 έν
1379 2223 1496 2294 Θεῷ
1526 2223 1778 2296 καθάπερ

155 2314 382 2381 ἡμεῖς’
416 2313 463 2366 εί
511 2312 568 2365 δὲ
617 2311 751 2366 Θεὸν
801 2307 941 2367 εἶναι
990 2314 1329 2379 πιστεύουσι,
1374 2318 1469 2369 καὶ
1508 2317 1583 2381 ὡς
1621 2317 1781 2372 τοῦτο

160 2404 327 2457 κατά
379 2404 540 2474 φύσιν
581 2405 881 2476 ὑπάρχοντι
927 2409 1254 2477 προσκυνεῖν
1296 2408 1592 2475 ἐγνώκασι,
1622 2410 1673 2463 τί
1706 2411 1781 2481 μὴ

171 2495 393 2565 μᾶλλον
413 2496 780 2566 ἀπονέμουσιν
823 2498 972 2569 αὐτῷ
1002 2499 1062 2552 τὺ
1092 2498 1415 2570 θεοπρεπῶς
1456 2500 1781 2572 ἐνυπάρχειν

167 2587 258 2658 τῷ
294 2589 413 2660 ίδίῳ
448 2589 762 2661 Γεννήτορι,
803 2590 948 2660 ἔχειν
994 2608 1052 2643 τε
1080 2590 1243 2646 αὐτὸν
1273 2594 1332 2645 ὲν
1370 2592 1586 2663 ἑαυτῷς
1625 2594 1783 2648 τοῦτο

166 2678 293 2749 γὰρ
335 2674 492 2750 οἶμαι
534 2683 751 2750 φρονεῖν
787 2697 845 2732 τε
897 2682 992 2734 καὶ
1033 2682 1213 2751 λέγειν
1252 2685 1366 2746 τοῖς
1395 2683 1563 2747 ὅντως
1601 2683 1782 2755 θεοφι-

166 2770 297 2825 λέσι
348 2772 818 2844 πρεπωδέστερον.
844 2775 907 2828 Ei
946 2776 1026 2838 δὲ,
1068 2775 1375 2847 ἄθραυστον
1420 2777 1553 2848 ἡμῖν
1587 2779 1781 2849 ἐπιτη-

166 2864 431 2928 δεύοντες
453 2866 553 2938 τὴν
597 2868 1010 2939 ἀναισχυντίαν,
1052 2867 1380 2939 ἐμμένουσιν
1421 2865 1503 2933 οἷς
1549 2870 1779 2941 εἰρήκαο

174 2973 265 3009 σιν
284 2996 306 3021 ,
340 2956 488 3011 οὕτω
524 2958 586 3011 τέ
614 2976 778 3027 φασιν
810 2962 868 3013 ἐν
894 2959 1071 3031 Πατρὶ
1099 2959 1191 3013 τὸν
1217 2960 1346 3013 Υἱδν
1370 2959 1559 3031 ὥσπερ
1596 2961 1662 3015 ἂν
1691 2962 1774 3031 εἴη

169 3050 343 3118 τυχδν
384 3052 479 3103 καὶ
501 3051 661 3121 ἡμῶν
696 3052 925 3117 ἕκαστος
964 3052 1073 3106 τῶν
1115 3050 1175 3117 ἐξ
1212 3053 1312 3105 οὐκ
1344 3053 1513 3107 ὅντων
1541 3054 1637 3107 καὶ⁹
1668 3054 1776 3109 ἀπὸ

174 3141 281 3211 γῆς
312 3141 382 3194 δι’
404 3142 571 3195 αὐτοῦ
597 3144 921 3211 γεγονότων,
951 3144 1003 3197 τί
1036 3145 1111 3215 μὴ
1151 3146 1263 3208 τοῖς
1310 3144 1588 3200 ἐθέλουσιν
1627 3148 1775 3215 ὲφεῖυ
1806 3170 1852 3233 C

170 3248 266 3285 ται
310 3232 502 3286 λοιπὸν
552 3234 849 3299 ἀκινδύνως
900 3236 1104 3289 εἰπεῖν·
1137 3253 1156 3286 ι
1198 3236 1258 3288 '0
1304 3235 1566 3306 ἑωρακὼς
1622 3238 1725 3307 ἐμὲ
1762 3277 1778 3303 ,

176 3320 396 3391 ἑώρακε
438 3322 528 3374 τὸν
552 3324 789 3395 Πατέρα,
814 3324 972 3393 κάγὼ
1006 3327 1064 3377 ἐν
1109 3323 1188 3395 τῷ
1224 3325 1423 3394 Πατρὶ,
1463 3326 1559 3379 καὶ
1597 3327 1626 3379 6
1668 3328 1781 3380 Ha-

174 3412 284 3482 τὴρ
316 3414 376 3465 ὲν
397 3412 519 3483 ἐμοί
551 3414 719 3481 ὲστιν;
748 3434 765 3466 ι
804 3414 966 3478 Ἀλλ’,
990 3410 1165 3486 οἶμαι,
1193 3414 1404 3487 μωρίας
1424 3415 1525 3485 τῆς
1548 3416 1777 3471 ἀπασῶν

177 3501 419 3572 ἐσχάτης
448 3502 599 3574 ἁλοίη
648 3521 733 3567 τις
787 3504 854 3558 ἂν
896 3505 989 3558 ἐπὶ
1032 3504 1207 3576 τούτῳ
1254 3508 1461 3577 γραφῇ,
1500 3507 1591 3560 καὶ
1632 3507 1777 3578 μάλα

180 3593 426 3657 εἰκότως.
464 3594 699 3665 ’Ᾱπηχές
719 3613 776 3648 τε
810 3596 937 3667 γὰρ,
972 3597 1066 3651 καὶ
1094 3598 1214 3650 κατ’
1238 3598 1452 3661 οὐδενὸς
1474 3597 1581 3651 τῶν
1606 3598 1777 3666 ἁγίων

181 3684 384 3757 ἠνέχθη
430 3686 563 3740 ποτὲ
618 3685 844 3759 τοιαύτη
899 3688 1050 3759 φωνὴ
1103 3690 1254 3761 παρὰ
1308 3693 1375 3762 τῇ
1434 3689 1776 3762 θεοπνεύστῳ

182 3778 374 3850 Γραφῇ
396 3795 409 3808 ·
443 3780 833 3851 παραχωρούσι
864 3781 923 3834 δὲ
954 3782 1171 3846 πάντως
1190 3781 1269 3854 τῷ
1298 3782 1441 3836 κατὰ
1474 3781 1636 3852 φύσιν
1663 3785 1774 3837 Κν-

184 3871 284 3940 ρίῳ
311 3871 405 3924 καὶ
434 3871 553 3941 Θεῴ
582 3872 661 3943 τῷ
691 3877 989 3943 μονογενεῖ,
1022 3874 1121 3946 τὴν
1168 3876 1251 3946 ἐφ’
1282 3876 1453 3930 ἁπασι
1488 3878 1600 3939 τοῖς
1633 3877 1771 3945 ἀγα-

183 3966 294 4027 θοῖς
342 3964 687 4036 ἀσυγκρίτως
728 3966 1034 4038 ὑπεροχὴν,
1079 3968 1173 4022 καὶ
1212 3968 1278 4042 δὴ
1321 3969 1417 4022 καὶ
1466 3969 1772 4041 κεκράγασι

183 4053 462 4121 λέγοντες’
507 4073 525 4105 ι
568 4054 665 4117 Τίς
716 4055 1113 4126 ὁμοιωθήσεται
1162 4056 1241 4128 τῷ
1296 4058 1486 4129 Κυρίῳ
1534 4059 1593 4111 ὲν
1635 4059 1771 4123 υἱοῖς

185 4144 316 4197 Θεοῦ
342 4163 357 4211 ;
394 4163 413 4197 ›
459 4144 584 4209 Πῶς
612 4140 707 4200 οὖν
732 4146 813 4200 ἔτι
860 4147 982 4202 καθ’
1013 4149 1163 4219 ἡμᾶς
1190 4151 1218 4203 6
1243 4150 1573 4220 Μονογενὴς,
1612 4150 1770 4223 είπερ

185 4236 356 4298 οὐδεὶς
391 4236 505 4295 ἴσος
531 4254 592 4289 τε
627 4237 720 4291 καὶ
752 4238 935 4309 ὅμοιος
964 4237 1131 4310 αὐτῷ,
1164 4240 1305 4293 κατά
1335 4239 1433 4310 τὴν
1462 4241 1570 4294 τῶν
1600 4240 1769 4310 ἁγίων

186 4329 399 4397 φωνήνς
434 4328 496 4381 Et
538 4328 594 4381 δὲ
629 4328 801 4393 οὕτως
840 4330 988 4383 ἐστὶν
1038 4333 1096 4384 ὲν
1136 4329 1254 4401 Θεῷ
1306 4332 1558 4405 καθάπερ
1582 4333 1765 4404 ἡμεῖς,

186 4419 300 4482 πῶς
343 4419 443 4473 οὐκ
491 4422 707 4492 ἀνάγκη
756 4420 941 4475 λοιπὸν
982 4422 1388 4494 ψευδομυθῆσαι
1445 4424 1544 4495 μὲν
1588 4425 1766 4494 λέγειν

1885 2587 2011 2627 cere
2061 2573 2236 2645 magis
2282 2575 2547 2631 arbitror.
2577 2575 2676 2631 Sin
2723 2588 2906 2634 autem
2959 2580 3250 2651 praefracta
3287 2584 3473 2655 impu-

1884 2662 2069 2718 dentia
2100 2673 2353 2735 perstant
2396 2666 2452 2720 in
2510 2667 2581 2722 iis
2612 2684 2735 2739 qua:
2789 2670 3084 2738 dixerunt,
3112 2681 3279 2743 atque
3312 2674 3387 2729 ita
3415 2675 3473 2730 in

1885 2752 2049 2810 Patre
2094 2754 2295 2811 Filium
2331 2772 2457 2812 esse
2508 2757 2704 2814 dicunt
2738 2760 2905 2815 sicuti
2952 2764 3339 2836 unusquisque
3366 2781 3473 2820 no-

1886 2854 2067 2901 strum
2114 2850 2210 2919 qui
2265 2864 2329 2904 ex
2376 2851 2548 2907 nihilo
2596 2863 2649 2907 et
2701 2853 2770 2908 de
2823 2862 2974 2909 terra
3021 2871 3120 2925 per
3163 2872 3290 2912 eum
3341 2857 3473 2914 facti

1888 2950 2081 2992 Sumus
2118 2955 2132 2993 :
2168 2939 2364 3009 quidni
2410 2940 2599 2995 licebit
2636 2943 2935 3013 unicuique
2977 2953 3233 3000 nostrum
3275 2962 3475 3003 secure

1884 3028 2073 3085 dicere
2110 3049 2122 3085 :
2168 3032 2315 3097 «Qui
2368 3032 2519 3087 videt
2564 3049 2650 3088 me
2701 3035 2855 3089 videt
2900 3043 2954 3089 et
3003 3035 3308 3105 Patremp
3364 3048 3468 3094 et:

1890 3120 2034 3191 «Ego
2064 3122 2116 3176 in
2145 3120 2330 3189 Patre,
2363 3134 2417 3179 et
2441 3121 2603 3180 Pater
2627 3125 2683 3180 in
2719 3142 2807 3182 me
2838 3127 2967 3182 est?
2996 3147 3014 3181 ι
3045 3127 3153 3184 Sed
3185 3137 3468 3193 extremae.

1883 3220 2101 3286 opinor,
2142 3221 2444 3277 dementiae
2501 3237 2667 3277 nemo
2717 3239 2829 3279 non
2875 3223 2931 3278 id
2983 3239 3107 3281 esse
3144 3225 3271 3295 jure
3315 3226 3470 3283 dixe-

1881 3313 1974 3366 rit.
2012 3313 2173 3384 793
2209 3314 2527 3369 Absurdum
2557 3323 2642 3369 est
2673 3317 2895 3387 quippe,
2929 3333 3031 3373 nec
3056 3318 3123 3373 de
3144 3327 3468 3374 sanctorum

1882 3403 1993 3458 ullo
2015 3405 2068 3458 in
2089 3406 2265 3459 sacris
2279 3404 2505 3462 Litteris
2521 3406 2793 3475 ejusmodi
2812 3423 2915 3462 vox
2934 3410 3335 3479 reperitur,sed
3350 3425 3468 3464 om-

1879 3496 2014 3551 nino
2047 3497 2285 3551 naturali
2321 3497 2551 3553 Domino
2582 3507 2636 3555 et
2671 3498 2782 3553 Deo
2816 3499 3109 3570 Unigenito
3131 3542 3145 3567 ,
3182 3503 3470 3574 incompa-

1879 3589 2112 3644 rabilem
2155 3605 2319 3660 supra
2351 3605 2545 3647 omnes
2584 3591 2757 3647 bonos
2797 3591 3150 3646 eminentiam
3193 3593 3465 3659 tribuunt,

1876 3682 2123 3751 adeoque
2157 3683 2500 3737 exclamant:
2538 3702 2554 3734 ι
2586 3682 2724 3748 Quis
2753 3683 2952 3738 similis
2982 3685 3089 3738 erit
3120 3683 3352 3740 Domino
3377 3686 3466 3741 in-

1877 3780 1959 3828 ter
1987 3773 2128 3829 tilios
2168 3772 2262 3827 Dei
2291 3773 2378 3825 ‘7?
2409 3793 2428 3826 ι
2460 3772 2750 3839 Quomodo
2778 3790 2912 3845 ergo
2944 3775 3146 3831 similis
3174 3777 3336 3833 nobis
3379 3787 3465 3834 est

1880 3865 2230 3936 Unigenitus,
2292 3864 2339 3919 si
2391 3866 2579 3920 nullus
2623 3867 2672 3921 ei
2730 3868 2959 3936 aequalis
2998 3874 3081 3924 est
3121 3869 3462 3935 autsimilis,

1869 3957 2023 4027 juxta
2057 3965 2383 4012 sanctorum
2415 3957 2649 4013 vocem?
2687 3957 2848 4024 Quod
2879 3961 2927 4015 si
2963 3974 3031 4015 eo
3082 3961 3247 4015 modo
3287 3970 3373 4017 est
3406 3962 3463 4017 in

1874 4048 1986 4104 Deo
2046 4065 2157 4119 quo
2224 4062 2351 4111 nos,
2402 4049 2669 4120 numquid
2704 4066 2933 4107 necesse
2978 4061 3062 4108 est
3114 4061 3175 4107 ut
3208 4052 3463 4108 dicamus

1871 4150 2189 4196 sanctorum
2214 4138 2449 4194 chorum
2504 4141 2749 4207 mentiri,
2784 4143 3103 4214 nullamque
3136 4146 3462 4216 praerogati-

1872 4249 1995 4289 vam
2033 4234 2268 4290 naturali
2322 4234 2463 4290 Filio
2519 4236 2785 4301 tribuere,
2822 4252 2919 4306 per
2972 4251 3138 4307 quam
3196 4244 3463 4307 praestare

1872 4326 2144 4397 adoptivis
2173 4326 2661 4399 videatur?Apage
2697 4338 2810 4382 tam
2834 4328 3217 4384 detestandum
3251 4331 3459 4390 scelus.

1870 4420 2105 4486 obone;
2159 4433 2510 4490 nequaquam
2568 4436 2672 4476 nos
2702 4421 2777 4475 ita
2823 4422 3113 4485 sentimus,
3149 4421 3330 4477 absitl
3365 4426 3460 4478 sed

186 4511 274 4560 τὸν
303 4508 411 4561 τῶν
442 4509 610 4577 ἁγίων
655 4510 834 4581 χορὸν,
879 4512 1031 4565 οὐδὲν
1060 4511 1117 4566 δὲ
1146 4512 1207 4565 τὸ
1255 4513 1436 4567 πλεῖον
1475 4516 1767 4587 ἀπονεῖμαι

1882 4521 2191 4569 sanctorum
2232 4510 2461 4565 Patrum
2492 4511 2811 4582 opinionem
2861 4522 3177 4582 sequentes,
3226 4514 3457 4584 gloriam

188 4597 260 4671 τῷ
285 4600 423 4653 κατὰ
454 4600 615 4669 φύσιν
649 4602 784 4672 Υἱῷ,
819 4602 885 4656 δι’
913 4598 1084 4673 οὗπερ
1114 4603 1179 4658 ἂν
1212 4605 1454 4673 φαίνοιτο
1481 4609 1594 4671 τοῖς
1623 4609 1764 4663 κατὰ

192 4693 331 4746 θέσιν
383 4694 484 4747 οὐκ
533 4694 871 4760 ίσοστατῶν;
914 4697 1129 4766 Ἀπαγε
1177 4699 1274 4769 τῆς
1326 4699 1630 4771 βδελυρίας,
1674 4702 1765 4756 ἄν-

192 4786 394 4855 θρωπεί
429 4787 773 4858 φρονήσομεν
807 4786 916 4859 γάρ
957 4788 1055 4858 οὐχ
1109 4789 1281 4854 οὕτως
1325 4793 1509 4862 ἡμεῖς,
1542 4793 1616 4863 μὴ
1667 4793 1763 4862 γέ-

192 4894 342 4943 νοιτο,
367 4881 483 4941 ταῖς
522 4877 579 4930 δὲ
614 4879 722 4932 τῶν
766 4880 935 4949 ἁγίων
964 4880 1223 4951 Πατέρων
1268 4883 1522 4952 ἑπόμενοι
1561 4884 1760 4951 δόξαις,

193 4966 553 5037 εὐδοκιμήσειν
587 4971 738 5039 παρὰ
780 4968 899 5040 Θεῷ
946 4971 1298 5041 πιστεύομεν.
1340 4974 1556 5046 Ἐπειδὴ
1593 4973 1649 5027 δὲ
1685 4978 1763 5039 είς

191 5057 448 5123 ἀπόδειξιν
473 5052 549 5112 ὧν
582 5061 837 5129 φρονοῦσι
868 5063 962 5116 καί
1005 5063 1251 5132 λέγουσιν
1284 5066 1459 5118 έκεῖνο
1502 5067 1762 5137 παρήγα-

190 5164 279 5214 γον
304 5146 363 5200 τδ
390 5148 678 5220 εἰρημένον
724 5149 813 5204 διὰ
837 5151 931 5204 τοῦ
966 5152 1201 5217 Παύλου,
1238 5155 1319 5207 ὅτι
1352 5174 1370 5205 ι
1392 5156 1479 5207 Ἐν
1513 5154 1631 5225 Θεῴ
1657 5155 1762 5219 ζῶα

196 5257 307 5309 μεν,
335 5240 423 5293 καὶ
454 5241 771 5310 κινούμεθα,
808 5243 904 5296 καὶ
932 5244 1121 5314 ὲσμὲν,
1148 5264 1166 5296 ι
1206 5245 1266 5297 τὸ
1296 5247 1353 5298 ὲν
1391 5248 1567 5318 Πατρὶ
1608 5248 1761 5316 λέγε-

194 5331 306 5384 σθαι
337 5331 423 5384 τὸν
447 5324 583 5386 Υἰὸν
615 5333 922 5398 δεικνύντες
968 5338 1172 5391 εἰκαῖον
1197 5340 1261 5390 ὲκ
1284 5338 1392 5391 τῶν
1431 5341 1551 5393 καθ’
1588 5342 1756 5411 ἡμᾶς,

193 5426 311 5495 φέρε
341 5430 458 5491 ταῖς
503 5426 875 5497 καθηκούσαις
920 5428 1167 5499 ἐρεύναις
1210 5429 1270 5482 τὸ
1321 5430 1483 5501 ῥηθὲν
1519 5432 1756 5486 ὑποϐάλ-

1874 4605 2017 4675 apud
2064 4602 2234 4659 Deum
2270 4619 2372 4660 nos
2421 4612 2824 4660 consecuturos
2852 4607 3151 4661 credimus.
3185 4606 3290 4661 Sed
3320 4623 3460 4678 quo-

1872 4696 2019 4749 niam
2054 4694 2121 4749 ad
2177 4692 2707 4749 demonstrationem
2760 4709 2950 4749 eorum
3000 4710 3123 4764 quae
3161 4694 3353 4749 dicunt
3392 4709 3457 4749 ac

1870 4788 2116 4844 sentiunt
2166 4788 2301 4843 illud
2338 4786 2495 4843 Pauli
2546 4787 2753 4842 dictum
2789 4788 3093 4842 attulerunt
3129 4805 3143 4841 :
3183 4805 3202 4839 ι
3245 4786 3302 4842 In
3344 4787 3456 4843 Deo

1871 4880 2128 4945 vivimus,
2170 4895 2455 4935 movemur
2509 4886 2564 4933 et
2593 4894 2786 4934 sumus
2810 4878 2875 4943 “‘,
2911 4897 2930 4931 ι
2969 4878 3103 4933 illud
3136 4878 3283 4949 quod
3315 4879 3453 4935 dici-

1870 4979 1982 5039 tur,
2034 4969 2230 5026 Filium
2260 4972 2316 5025 in
2372 4969 2945 5035 PatreJostendcntes
2983 4985 3185 5024 vanum
3233 4986 3356 5029 esse
3385 4990 3452 5028 ex

1870 5064 2051 5127 nobis,
2077 5077 2176 5134 age
2197 5064 2407 5118 dictant
2433 5062 2566 5117 illud
2589 5062 2980 5117 convenienter
3002 5072 3335 5128 scrutantes,
3353 5065 3453 5121 de-

1869 5164 2240 5211 monstremus
2271 5170 2365 5209 eos
2381 5166 2433 5210 et
2462 5162 2780 5208 sanctorum
2814 5154 3190 5224 apostolorum
3214 5165 3451 5212 mentem

1867 5248 2215 5313 calumniari,
2235 5256 2291 5301 et
2325 5248 2378 5301 in
2396 5249 2724 5302 sententiam
2752 5263 2907 5302 suam
2926 5262 3048 5318 quae
3074 5257 3224 5304 recte
3256 5249 3453 5303 admo-

1865 5339 1995 5394 dum
2034 5340 2181 5394 dicta
2214 5347 2342 5393 sunt
2371 5340 2699 5395 stultissime
2741 5340 3093 5408 detorquere.
3141 5339 3276 5395 Nam
3322 5355 3449 5395 cum

1865 5431 2098 5487 Athenis
2128 5440 2274 5486 esset
2315 5432 2514 5487 beatus
2541 5430 2743 5487 Paulus
2795 5433 3167 5503 pepulumque
3206 5432 3449 5495 videret,

192 5516 357 5581 λοντες
382 5518 747 5588 διελέγχωμεν
781 5518 977 5581 αὐτοὺς
1010 5520 1100 5573 καὶ
1137 5521 1226 5574 τὸν
1267 5521 1376 5573 τῶν
1412 5522 1580 5589 ἁγίων
1619 5525 1753 5576 ἀπο-

195 5610 374 5665 στόλων
404 5613 760 5679 συκοφαντεῖν
809 5611 1061 5666 ἐθέλοντα
1103 5612 1215 5685 [γρ.
1268 5612 1575 5687 ἐθέλοντας]
1608 5617 1751 5684 νοῦν,

1862 5522 2117 5593 quamvis
2146 5522 2425 5591 sapientiae
2446 5523 2669 5578 nomine
2684 5522 2977 5587 celebrem,
3008 5523 3232 5578 deorum
3265 5530 3447 5575 tamen

1863 5614 2003 5669 falsa
2033 5613 2298 5685 religione
2338 5618 2536 5684 teneri,
2590 5616 2697 5687 piis
2738 5616 3049 5673 rationibus
3077 5629 3173 5672 eos
3210 5622 3238 5669 a
3275 5614 3445 5669 veteri

274 5800 311 5829 "
343 5798 498 5855 Rom.
527 5802 579 5863 ι,
608 5799 679 5854 22
766 5801 807 5832 ¹⁶
834 5799 956 5856 Act.
989 5816 1085 5869 ιιι,
1129 5801 1212 5867 l5,
1254 5800 1335 5855 l4.
1418 5802 1456 5833 ¹⁷
1488 5799 1634 5859 Psal.
1660 5817 1778 5860 ινδιξ

1887 5819 1937 5870 t,
1977 5802 2027 5857 8.
2111 5803 2151 5836 ιδ
2204 5802 2324 5857 Act.
2364 5818 2495 5869 xvu,
2530 5800 2618 5859 9.8.
