4096 6514
626 322 725 378 351

1630 315 1688 373 S.
1731 315 2008 376 CYBl‘LLI
2046 317 2518 378 ALEXANDK'IN]
2561 318 2882 381 ARCIIIEP.
3830 322 3919 381 τις

630 435 822 492 fraude
864 435 933 490 ad
982 435 1147 490 unius
1182 448 1247 488 ac
1278 434 1393 489 veri
1442 432 1537 489 Dei
1569 435 1905 503 agnitionem
1956 451 2215 492 revocare

2338 442 2412 495 ιαί
2447 440 2526 503 είς
2559 438 2621 492 τὸ
2657 437 2847 493 δοκοῦν
2872 436 3057 499 αὐτοῖς
3082 432 3419 487 ἀϐουλότατα
3458 429 3919 501 παρατρέποντας

628 529 955 593 conabatur,
988 527 1079 599 qui
1103 526 1376 581 creaturis
1402 525 1519 580 suis
1542 526 1709 580 vitam
1735 536 1790 580 et
1810 542 1934 581 esse
1966 527 2217 598 largitur.

629 625 841 679 Cuncta
869 624 1074 694 quippe
1102 621 1366 687 vivilicat,
1389 620 1499 673 vita
1528 634 1653 673 cum
1686 620 1758 675 sit
1791 621 2097 675 secundum
2128 636 2223 675 na-

632 734 840 782 turam,
880 717 1266 771 universorum
1311 712 1520 783 opifex,
1550 727 1665 767 sua:
1706 714 2063 783 proprietatis
2111 714 2220 769 vim

631 818 713 870 eis
745 811 1096 867 incil‘abiliter
1141 807 1460 861 infundens.
1484 805 1596 861 Nec
1629 808 1775 861 enim
1802 807 1963 862 aliter
1997 823 2224 863 conser-

614 908 751 961 vari
786 912 1009 977 possent
1046 905 1099 956 in
1150 916 1273 956 esse
1298 914 1403 954 suo
1434 916 1555 970 qua!
1590 911 1773 956 ortum
1821 902 2043 957 enihilo
2065 915 2224 971 cepe-

635 1008 765 1054 runt
799 1017 809 1054 :
847 996 1054 1065 alioqui
1086 998 1230 1051 enim
1264 995 1331 1049 ad
1365 1009 1522 1049 suam
1571 1004 1829 1049 naturam
1862 993 2129 1055 redirent,
2165 992 2221 1047 id

614 1100 719 1147 «est
745 1093 799 1145 in
850 1090 1105 1152 nihilum,
1148 1088 1258 1144 nisi
1312 1088 1711 1158 conjunctione
1754 1094 1809 1141 et
1854 1086 2125 1141 relatione
2155 1086 2220 1140 ad

631 1201 759 1239 eum
826 1185 919 1254 qui
968 1193 1051 1239 est
1092 1184 1176 1238 sui
1232 1193 1389 1238 ortus
1445 1182 1817 1235 infirmitatem
1875 1188 2220 1250 superarent.

633 1274 803 1330 Recte
858 1276 1043 1344 itaque
1108 1275 1331 1328 divinus
1381 1272 1589 1327 Paulus
1653 1272 1858 1337 aiebat,
1920 1271 2224 1329 ostendens

633 1366 804 1422 Deum
866 1366 1255 1420 universorum
1296 1366 1467 1419 vitam
1498 1380 1641 1428 esse,
1677 1379 1780 1419 nos
1832 1363 1886 1417 in
1918 1379 1984 1418 eo
2019 1365 2221 1429 vivere,

631 1470 685 1513 et
725 1459 960 1517 moveri.
992 1466 1199 1513 etesse
1258 1476 1271 1511 :
1307 1474 1417 1511 non
1450 1458 1639 1527 utique
1698 1455 2020 1527 signiﬁcans
2066 1455 2221 1521 illud,

633 1549 780 1620 quod
808 1549 911 1618 ipsi
937 1548 1030 1617 qui
1063 1563 1343 1602 sacrarum
1364 1546 1696 1601 Litterarum
1727 1554 1931 1599 rectam
1958 1547 2223 1599 rationem

635 1648 1061 1710 corrumpentes
1092 1640 1156 1693 ad
1188 1655 1349 1694 suum
1374 1655 1607 1710 sc0pum
1634 1640 1934 1704 tinxerunt,
1954 1639 2050 1693 sed
2078 1639 2222 1708 quod

635 1748 827 1788 verum
859 1739 979 1787 erat
1006 1741 1061 1786 et
1097 1731 1190 1786 Det
1220 1732 1535 1802 cognitione
1576 1746 1752 1799 nuper
1788 1730 2013 1786 imbutis
2050 1732 2220 1785 utilis-

2329 532 2397 587 τὰ
2427 532 2547 586 λίαν
2579 531 2755 603 ὀρθῶς
2788 529 3071 602 εἰρημένα.
3117 526 3373 598 Ἀθήνῃσι
3408 526 3525 597 μὲν
3562 524 3681 594 γὰρ
3707 527 3920 593 γεγονὼς

2328 627 2356 679 6
2401 625 2670 695 μακάριος
2712 622 2942 685 Παῦλος,
2992 617 3112 673 εἶτα
3162 618 3297 671 πολὺ
3349 618 3485 670 λίαν
3541 615 3630 677 είς
3690 614 3921 671 πολύθεον

2331 716 2538 787 πλάνην
2586 713 3023 784 ἁνεπτοημένους
3073 710 3250 780 ὁρῶν,
3302 708 3493 762 καίτοι
3551 703 3762 773 σοφοὺς
3807 700 3919 761 εἶναι

2330 808 2791 878 πεπιστευμένους
2848 806 2975 867 τοὺς
3030 804 3209 855 ἐκεῖσε
3258 800 3471 863 λαοὺς,
3530 796 3920 866 παρακομίζειν

2330 903 2527 964 αὐτοὺς
2558 901 2815 970 ἐπειρᾶτο
2845 900 2943 968 τῆς
2969 894 3202 966 ἀρχαίας
3238 894 3490 962 ἀπάτης,
3528 892 3652 953 τοῖς
3688 890 3769 953 είς
3793 892 3920 944 εὑσὲ.

2330 995 2484 1047 δειαν
2514 993 2792 1061 λογισμοῖς
2829 988 3084 1059 μεταθεὶς
3116 986 3333 1055 εὐφυῶς
3362 987 3450 1048 είς
3500 983 3569 1036 τὸ
3607 985 3810 1054 χρῆναι
3835 985 3915 1038 lm-

2332 1088 2431 1141 πὸν
2458 1088 2552 1139 ’ἐνα
2578 1102 2637 1137 τε
2679 1087 2773 1138 καὶ
2817 1082 2976 1154 μόνον
3007 1080 3207 1134 εἰδέναι
3245 1078 3399 1141 Θεὸν,
3448 1078 3576 1139 τοῖς
3614 1072 3751 1147 παρ’
3782 1077 3918 1132 αὐτοῦ

2331 1180 2580 1250 γεγονόσι
2609 1178 2701 1230 καὶ
2740 1176 2802 1229 τὸ
2842 1175 3105 1229 κινεῖσθαι
3144 1172 3239 1226 καὶ
3277 1170 3375 1242 ζῇν
3421 1171 3531 1223 καὶ
3572 1164 3722 1222 εἶναι
3750 1168 3921 1239 δωρού-

2336 1290 2514 1343 μενον.
2572 1271 2838 1338 Ζωογονεῖ
2895 1265 3002 1338 γὰρ
3050 1265 3121 1319 τὰ
3177 1266 3377 1328 πάντα,
3434 1261 3567 1333 ζωὴ
3612 1260 3760 1316 κατὰ
3787 1263 3919 1331 φύσιν

2334 1363 2593 1433 ὑπάρχων
2625 1361 2653 1412 6
2685 1359 2902 1413 πάντων
2937 1356 3300 1428 Δημιουργὸς,
3326 1355 3427 1425 τῆς
3488 1352 3640 1416 ἰδίας
3692 1352 3918 1424 ἰδιότητος

2335 1455 2561 1517 ἐντιθεὶς
2587 1453 2842 1525 ἀρῤήτως
2867 1451 3049 1513 αὐτοῖς
3076 1448 3176 1520 τὴν
3201 1448 3460 1517 δύναμιν.
3490 1445 3575 1499 Οὐ
3607 1445 3719 1516 γὰρ
3739 1440 3804 1516 ἦν
3824 1447 3916 1501 ἑτέ.

2334 1566 2445 1619 ρως
2467 1545 2826 1610 διασώζεσθαι
2860 1544 2995 1615 πρὸς
3024 1545 3084 1596 τὸ
3123 1538 3260 1595 εἶναι
3301 1538 3766 1611 διακρατούμενα
3789 1540 3847 1591 τὰ
3868 1543 3915 1594 ἐκ

2333 1640 2426 1693 τοῦ
2458 1639 2532 1711 μὴ
2558 1639 2726 1701 ὅντως
2757 1635 2868 1708 [γρ.
2899 1633 3073 1706 δντος]
3099 1635 3332 1705 λαχόντα
3354 1631 3460 1702 τὴν
3487 1629 3719 1699 γένεσιν
3736 1647 3749 1661 °
3778 1628 3807 1699 ἢ
3832 1631 3913 1700 γὰρ

2337 1734 2402 1786 ἂν
2430 1732 2591 1795 εὐθὺς
2623 1733 2703 1794 εἰς
2730 1730 2829 1801 τὴν
2863 1729 3068 1782 οἰκείαν
3113 1726 3454 1795 ύπενόστησε
3492 1723 3690 1792 φύσιν,
3721 1723 3849 1793 φημὶ
3874 1724 3915 1777 δὲ

637 1826 864 1879 simum.
907 1825 1108 1894 Atque,
1142 1832 1201 1877 ut
1229 1825 1473 1893 apertius
1508 1824 1818 1893 loquamur,
1857 1838 1967 1876 non
1996 1823 2109 1891 jam
2155 1822 2230 1876 si—

2338 1824 2470 1894 πρὸς
2510 1824 2571 1876 τὸ
2614 1822 2687 1893 μὴ
2726 1818 2866 1875 εἶναι
2912 1820 3097 1884 πάλιν,
3143 1821 3191 1872 εί
3244 1819 3320 1889 μὴ
3367 1819 3440 1887 τῇ
3494 1814 3643 1886 πρὸς
3691 1814 3781 1868 τὸν
3813 1814 3911 1869 ὄντα

636 1918 908 1989 gnificare
944 1916 1118 1970 voluit
1144 1931 1268 1978 nos,
1297 1930 1420 1968 cum
1442 1922 1639 1969 natura
1664 1916 1916 1969 homines
1946 1916 2142 1977 simus,
2176 1916 2229 1967 in

637 2008 949 2063 substantia
976 2004 1157 2062 Patris
1186 2022 1311 2063 esse
1331 2006 1546 2076 positos
1578 2014 1632 2062 et
1667 2005 1833 2078 794⁹
1853 2007 2010 2077 quasi
2038 2007 2091 2059 in
2111 2007 2231 2075 ipso

637 2100 948 2163 exsistere,
1010 2100 1104 2153 sed
1145 2114 1246 2153 nos
1303 2100 1511 2165 vivere,
1562 2109 1619 2155 et
1668 2100 1721 2154 in
1775 2101 1887 2155 Deo
1925 2114 2071 2163 esse,
2118 2099 2233 2153 sive

635 2190 965 2245 subsistere.
1001 2188 1251 2244 Observa
1288 2190 1435 2244 enim
1472 2205 1584 2245 non
1614 2191 1943 2260 simpliciter
1972 2199 2027 2245 et
2066 2191 2231 2244 abso-

634 2279 750 2333 lute
773 2280 978 2341 dicere,
1012 2294 1113 2334 nos
1140 2279 1317 2334 solum
1346 2279 1401 2332 in
1423 2278 1533 2333 Deo
1554 2295 1696 2343 esse,
1729 2288 1951 2350 propter
1975 2289 2150 2343 tuam,
2175 2288 2235 2333 ut

636 2371 899 2427 credibile
920 2378 1025 2436 est,
1054 2370 1413 2440 imperitiam,
1455 2385 1488 2423 ο
1528 2371 1711 2435 bone;
1772 2370 1866 2426 sed
1897 2371 2051 2424 vario
2072 2370 2234 2425 modo

634 2464 783 2533 quod
811 2461 1001 2517 dicere
1027 2462 1207 2516 voluit
1241 2462 1595 2532 explicando,
1626 2463 1919 2532 praemisso
1948 2463 2066 2528 illo,
2100 2464 2233 2516 civi-

636 2570 777 2614 mus,
811 2553 1011 2609 deinde
1052 2552 1262 2618 addito,
1294 2569 1585 2614 movemur.
1625 2553 1694 2607 ad
1745 2560 2057 2608 extremum
2084 2554 2235 2609 intu-

638 2644 792 2708 lisse,
831 2661 1037 2711 sumus,
1067 2655 1126 2698 ut
1160 2645 1591 2714 pracedentium
1624 2658 1850 2699 sensum
1879 2646 2231 2714 exprimeret.

637 2737 908 2808 Equidem
971 2738 1232 2816 existimo
1287 2736 1383 2792 Dei
1449 2737 1666 2793 hostem
1720 2738 1873 2793 hisce
1925 2738 2235 2794 rationibus

640 2834 828 2889 forsan
850 2831 1148 2887 confusum
1182 2831 1289 2897 iri;
1319 2831 1417 2886 sed
1442 2832 1488 2886 si
1509 2847 1708 2887 rursus
1730 2832 1978 2897 insultet,
2006 2832 2234 2895 etillud,

640 2926 697 2979 in
729 2924 858 2988 Deo,
895 2921 962 2976 ad
1006 2923 1225 2977 libitum
1261 2939 1423 2979 suum
1468 2923 1822 2994 detorqueat,
1848 2924 2122 2980 divinitus
2151 2924 2237 2979 in—

643 3018 865 3087 spirata:
896 3015 1166 3069 doctrinae
1192 3015 1655 3071 consuetudinem
1688 3017 2063 3074 ostendemus.
2090 3015 2239 3072 Solet

641 3110 790 3163 enim
837 3107 927 3161 illa
960 3107 1297 3176 quandoque
1338 3122 1440 3176 pro
1473 3122 1539 3161 eo
1567 3107 1712 3176 quod
1770 3116 1875 3173 est,
1906 3124 1999 3177 per
2044 3109 2235 3173 Deum,
2264 3167 2309 3223 Ο

650 3202 826 3223 .I:--_-
906 3201 958 3223 ι..
1024 3199 1123 3223 n--
1213 3199 1420 3223 AIZ--..2
1476 3199 1809 3223 ..--..-....I,.-n
1873 3201 2138 3223 ----_-,-‘I-
2184 3202 2232 3223 ε..

642 3202 849 3265 dicere,
904 3201 961 3253 in
1014 3199 1145 3253 Deo.
1203 3199 1422 3269 Alioqui
1475 3199 1814 3269 respondeat
1867 3201 2144 3271 quomodo
2184 3202 2236 3256 in

644 3291 882 3348 Psalmis
913 3291 1239 3346 clamaverit
1268 3289 1437 3346 David
1477 3308 1491 3344 :
1537 3310 1553 3342 ι
1596 3291 1654 3346 In
1690 3291 1800 3349 Deo
1826 3292 2091 3350 faciemus
2128 3296 2241 3348 vir-

646 3390 820 3438 tutem
851 3384 937 3448 ¹⁹;
1006 3402 1024 3434 ι
1067 3383 1195 3437 item
1230 3383 1295 3437 ad
1332 3382 1511 3453 ipsum
1551 3381 1718 3438 Deum
1787 3400 2047 3440 sermone
2108 3401 2240 3442 con-

645 3490 809 3531 verso
844 3494 857 3529 :
894 3494 912 3527 ι
942 3477 1003 3530 ln
1028 3483 1080 3530 te
1116 3476 1373 3531 inimicos
1420 3485 1643 3532 nostros
1682 3477 2076 3532 ventilabimus
2119 3492 2242 3532 cor-

646 3584 719 3623 nu
752 3569 822 3623 “.
858 3586 877 3620 ι
911 3566 1025 3623 Nec
1054 3570 1198 3623 enim
1224 3567 1277 3622 id
1309 3568 1380 3623 ab
1410 3584 1476 3623 eo
1505 3569 1614 3624 dici
1645 3571 1933 3640 quisquam
1962 3570 2243 3626 existima-

647 3662 803 3727 verit,
847 3660 1009 3731 quasi
1033 3660 1087 3715 in
1120 3662 1429 3715 substantia
1456 3661 1547 3716 Dei
1576 3661 1835 3716 virtutem
1860 3660 2156 3732 quamdam
2182 3677 2242 3717 se

648 3750 923 3807 facturum
983 3753 1239 3824 recipiat,
1278 3768 1379 3807 nec
1410 3753 1466 3808 in
1514 3754 1631 3824 ipsa
1670 3755 1764 3825 qui
1817 3769 1949 3811 suos
1984 3754 2242 3809 inimicos

646 3842 981 3899 oﬂ'enderint
1017 3860 1115 3900 eos
1139 3844 1509 3900 ventilaturos
1539 3862 1713 3902 cornu
1740 3847 2039 3904 Psalmista
2070 3849 2239 3912 dicat,

647 3936 741 3990 sed
768 3937 822 3989 in
865 3935 976 3990 Deo
1010 3937 1107 4001 ait,
1135 3952 1233 4007 pro
1268 3952 1335 3992 co
1368 3937 1516 4008 quod
1547 3947 1654 4004 est,
1683 3957 1774 4008 per
1801 3940 1986 4007 Deum,
2016 3951 2070 3997 et
2108 3942 2240 3996 illud

645 4032 703 4084 in
739 4039 809 4097 te,
852 4045 1072 4096 rursus,
1120 4045 1220 4100 pro
1258 4047 1325 4085 eo
1373 4033 1519 4102 quod
1566 4042 1673 4101 est,
1712 4046 1899 4105 perte.
1941 4035 2063 4091 Jam
2111 4053 2241 4092 vero

646 4136 750 4177 cur
807 4123 998 4176 beatus
1066 4120 1269 4177 Paulus
1328 4123 1632 4180 Corinthiis
1689 4127 1939 4183 scribens
2018 4129 2236 4184 aiebat:

653 4232 674 4264 ι
712 4210 930 4267 Gratias
959 4227 1061 4283 ago
1084 4212 1191 4267 Deo
1214 4229 1336 4269 meo
1367 4231 1466 4285 pro
1497 4218 1759 4273 omnibus
1794 4219 1947 4274 vobis
1971 4220 2024 4274 in
2062 4222 2239 4291 gratia

651 4305 743 4361 Dei
777 4321 900 4376 qua:
922 4306 1049 4360 data
1078 4314 1163 4361 est
1202 4308 1359 4363 vobis
1391 4310 1444 4362 in
1477 4309 1699 4365 Christo
1733 4309 1984 4367 Jesu"?i
2015 4312 2078 4367 Et
2114 4329 2239 4367 rur-

648 4413 747 4453 sus
781 4414 796 4451 :
842 4416 860 4449 ι
927 4396 1001 4452 Ex
1052 4398 1173 4469 ipso
1204 4408 1384 4456 autem
1427 4417 1522 4458 vos
1565 4404 1701 4459 estis
1734 4404 1787 4458 in
1824 4404 2048 4459 Christo
2086 4404 2238 4469 Jesu,

2335 1916 2517 1985 σχέσει
2548 1915 2648 1984 τῆς
2689 1916 2896 1977 οἰκείας
2934 1913 3204 1982 γενέσεως
3238 1909 3470 1979 ἐνίκησε
3499 1907 3607 1979 τὴν
3641 1906 3910 1963 ἀσθένειαν.

2337 2008 2481 2077 Ἔφη
2528 2006 2819 2078 τοιγαροῦν
2855 2009 2883 2059 ὁ
2929 2006 3219 2067 θεσπέσιος
3263 2002 3484 2065 Παῦλος
3533 1999 3719 2070 ὀρθῶς
3760 2017 3813 2054 τε
3844 2003 3910 2053 καὶ

2337 2099 2482 2170 μάλα
2511 2099 2710 2163 καλῶς,
2739 2098 2883 2170 ζωὴν
2906 2097 3014 2151 τῶν
3035 2096 3173 2150 ὅλων
3202 2093 3530 2157 ἐπιδεικνὺς
3558 2091 3659 2145 τὸν
3682 2091 3826 2157 Θεὸν,
3854 2093 3908 2155 ὡς

2335 2196 2393 2247 ὲν
2441 2192 2588 2263 αὐτῷ
2634 2191 2840 2262 ζῶμεν,
2890 2190 2984 2245 καὶ
3040 2188 3373 2260 κινούμεθα,
3433 2185 3540 2241 καὶ
3594 2185 3793 2256 ὲσμένι
3836 2186 3909 2237 οὐκ

2334 2288 2512 2339 ἐκεῖνο
2559 2285 2776 2348 πάντως
2828 2282 3025 2355 δηλῶν,
3089 2284 3228 2352 ὅπερ
3276 2281 3437 2334 αὐτοὶ
3474 2279 3584 2349 τὴν
3637 2278 3746 2330 τῶν
3781 2279 3909 2349 ίερῶν

2336 2380 2686 2453 Γραμμάτων
2735 2379 3003 2451 ὀρθότητα
3045 2375 3533 2447 παραφθείροντες
3586 2371 3909 2427 διεπλάσαντο

2337 2474 2457 2526 κατ’
2488 2474 2690 2526 οἰκεῖον
2732 2472 2954 2535 σκοπὸν,
2997 2470 3113 2525 ἀλλ’
3161 2471 3299 2540 ὅπερ
3328 2465 3397 2540 ἦν
3449 2465 3663 2538 ἀληθὲς
3708 2467 3907 2524 καὶτοῖς

2337 2567 2461 2636 ἄρτι
2513 2564 3053 2635 παιδαγωγουμένοις
3087 2564 3167 2627 είς
3201 2560 3547 2630 θεογνωσίαν
3600 2556 3908 2629 ὼφελιμὼτα-
4012 2570 4013 2573 ‘

2336 2675 2449 2714 τον.
2494 2657 2605 2709 Καὶ
2638 2657 2686 2708 εί
2721 2655 2803 2708 δεῖ
2832 2656 3166 2724 σαφέστερον
3198 2654 3395 2715 εἰπεῖν,
3422 2652 3536 2705 οὐκ
3585 2651 3668 2703 ἔτι
3707 2645 3904 2720 σημῆναι
4010 2714 4011 2717 η

2341 2748 2662 2820 βεϐούληται
2698 2748 2780 2800 ὅτι
2815 2746 3093 2818 ἄνθρωποι
3134 2746 3235 2815 τὴν
3273 2745 3438 2814 φύσιν
3469 2743 3839 2813 τυγχάνοντες,
3862 2741 3907 2793 ἐν
4010 2806 4011 2811 η

2337 2846 2405 2913 τῇ
2433 2841 2591 2912 οὐσίᾳ
2637 2837 2730 2892 τοῦ
2783 2838 2992 2910 Πατρός
3045 2837 3279 2908 κείμεθα
3328 2854 3390 2889 τε
3446 2836 3548 2889 καὶ
3586 2835 3663 2897 ὡς
3702 2833 3837 2896 ὄντες
3860 2833 3903 2885 ὲν

2340 2934 2489 3006 αὐτῷ
2538 2932 2861 3004 φαινόμεθα,
2907 2931 3022 2985 ἀλλ’
3065 2932 3147 2985 ὃτι
3204 2929 3302 2984 καὶ
3352 2928 3572 2999 ζῶμεν,
3626 2928 3719 2980 καὶ
3763 2923 3906 2978 κινού·

2344 3025 2504 3097 μεθα,
2545 3025 2637 3078 καὶ
2682 3023 2848 3092 ἐσμὲν
2876 3024 2940 3075 ὲν
2973 3019 3113 3091 Θεῷ,
3149 3021 3267 3091 ἦτοι
3302 3019 3743 3087 συνεστήκαμεν.
3774 3014 3902 3075 Σύνες

2342 3119 2450 3190 γὰρ
2472 3117 2546 3181 ὼς
2574 3117 2671 3187 οὐχ
2708 3114 2894 3177 ἁπλῶς
2929 3131 2989 3166 τε
3030 3112 3124 3165 καὶ
3153 3110 3461 3181 ἀνειμένως
3486 3107 3595 3178 ἔφη
3629 3106 3706 3170 τὸ,
3738 3106 3809 3158 ὅτι
3837 3103 3903 3174 μό-

2342 3228 2432 3264 νον
2467 3211 2632 3282 ὲσμὲν
2660 3209 2719 3260 ὲν
2748 3206 2888 3277 Θεῷ,
2920 3205 3007 3258 διὰ
3056 3204 3154 3275 τὴν
3188 3201 3309 3275 σὴν,
3339 3202 3417 3265 ὡς
3461 3198 3638 3264 είκδς,
3678 3195 3896 3268 ἀμαθίαν,

2340 3294 2388 3352 ὧ
2416 3302 2534 3364 τᾶν,
2571 3297 2706 3352 ἀλλὰ
2736 3296 3031 3367 διαφόρως,
3066 3295 3205 3363 ὅπερ
3244 3291 3523 3361 ἠθέλησεν
3563 3289 3736 3341 εἰπεῖν
3762 3287 3901 3355 ἑρμη-

2341 3392 2533 3453 νεύων,
2559 3390 2654 3444 καὶ
2684 3389 2745 3441 τὸ
2781 3387 2967 3457 ζῶμεν
2994 3384 3291 3458 προτάξας,
3334 3379 3641 3452 ἐπαγαγὼν
3680 3378 3734 3432 δὲ
3763 3375 3898 3444 τούτῳ

2341 3485 2436 3538 καὶ
2462 3485 2522 3537 τὸ
2558 3483 2898 3552 κινούμεθα,
2926 3479 3108 3551 τρίτον
3140 3478 3391 3550 ἐπήγαγε
3418 3475 3485 3529 τὸ
3514 3474 3722 3545 ἐσμὲν,
3741 3473 3798 3542 τῇ
3817 3469 3899 3522 τῶν

2342 3575 2725 3649 προλαϐόντων
2750 3572 2956 3643 διανοίᾳ
2996 3571 3092 3625 καὶ
3138 3569 3271 3623 αὐτὸ
3307 3569 3692 3640 χαριζόμενος.
3724 3564 3819 3618 Καὶ
3840 3557 3897 3614 οἷ-

2343 3691 2445 3743 μαι
2486 3670 2584 3740 μὲν
2627 3672 2710 3725 ὅτι
2754 3668 3068 3738 δυσωπήσει
3113 3664 3255 3735 τάχα
3290 3681 3395 3717 που
3432 3664 3532 3717 τὸν
3560 3660 3807 3731 θεομάχον
3830 3658 3899 3723 ὁρ-

2345 3764 2452 3828 θῶς
2486 3765 2624 3835 ἔχων
2659 3764 2792 3832 ἡμῖν
2827 3763 2857 3814 6
2888 3759 3019 3831 περὶ
3059 3756 3253 3812 τούτου
3280 3757 3479 3825 λόγος’
3524 3745 3893 3821 ἐνισταμένῳδί

2344 3859 2528 3920 πάλιν,
2558 3857 2651 3911 καὶ
2680 3856 2741 3908 τὸ
2784 3855 2855 3908 ἐν
2884 3852 2964 3919 τῷ
2999 3852 3121 3915 Θεῷ
3153 3851 3543 3921 περιέλκοντες
3584 3845 3694 3919 [γρ.
3722 3840 3895 3913 περιέλ-

2343 3950 2513 4022 κοντι]
2559 3949 2694 4021 πρὸς
2719 3947 2780 4001 τδ
2806 3945 2953 4017 αὐτῷ
2998 3944 3091 3998 καὶ
3123 3945 3270 4015 μόνῳ
3308 3940 3528 4005 δοκοῦν,
3560 3938 3659 4006 τῆς
3688 3929 3892 4022 θεοπνεύο

2345 4059 2471 4095 στου
2498 4020 2726 4110 Ϋραφῆς
2761 4039 2861 4109 τὴν
2909 4037 3198 4105 συνήθειαν
3245 4031 3610 4101 ἐπιδείξομεν.
3643 4025 3788 4087 Ἕθος
3810 4020 3891 4110 γᾴρ

2344 4133 2481 4202 αὐτῇ
2513 4109 2691 4199 λέγειν
2722 4129 2832 4182 ἔσθ’
2859 4129 2946 4182 ὅτε
2981 4129 3103 4182 ἀντὶ
3131 4124 3228 4180 τοῦ
3266 4123 3365 4178 διὰ
3397 4121 3572 4184 Θεοῦ,
3605 4117 3664 4172 τὸ
3692 4116 3755 4169 ὲν
3779 4109 3886 4175 Θεῷ.

2357 4223 2516 4276 Ἐπεὶ
2537 4222 2742 4290 λεγέτω
2761 4220 2871 4292 γὰρ
2893 4221 3097 4282 ἐκεῖνος
3120 4219 3274 4287 ἡμῖν,
3299 4214 3418 4278 πῶς
3453 4215 3514 4268 ἐν
3547 4209 3779 4279 Ψαλμοῖς
3796 4202 3890 4254 ἀνθ’

2343 4317 2584 4384 κέκραγε
2613 4314 2787 4382 λέγων
2823 4329 2907 4374 τις
2928 4328 2941 4342 ·
2977 4331 2995 4362 ι
3043 4310 3133 4363 Ἐν
3156 4307 3235 4378 τῷ
3272 4305 3393 4377 Θεῷ
3441 4304 3736 4373 ποιήσομεν
3766 4292 3888 4384 δύνα-

2349 4381 2472 4478 μιννο
2510 4381 2657 4459 »καὶ
2692 4381 2870 4458 πάλιν
2916 4402 2992 4465 ὡς
3045 4400 3183 4472 προς
3235 4399 3429 4452 αὐτόν·
3471 4414 3491 4447 ι
3537 4395 3626 4449 Ἐν
3679 4389 3752 4441 σοὶ
3785 4381 3886 4478 *τοῦς

648 4491 745 4559 (ιιιί
783 4489 962 4546 factus
993 4498 1077 4546 est
1127 4493 1285 4548 nobis
1316 4496 1586 4565 sapientia
1616 4513 1645 4549 a
1675 4496 1807 4563 Deo,
1833 4507 1885 4553 et
1919 4500 2156 4568 justitia,
2186 4508 2234 4554 et

2346 4474 2575 4567 ἐχθροὺς
2621 4492 2779 4564 ἡμῶν
2817 4491 3199 4563 κερατιοῦμεν.
3240 4509 3259 4541 ι
3288 4488 3366 4544 Οὐ
3400 4488 3512 4558 γὰρ
3550 4485 3612 4552 δή
3651 4497 3725 4541 τις
3753 4474 3887 4571 efﬁat:

649 4582 1039 4649 sanctificatio,
1090 4593 1144 4638 et
1178 4583 1489 4657 redemptio
1532 4589 1632 4641 υ.»
1668 4586 1928 4658 Nunquid
1951 4589 2123 4654 enim,
2152 4590 2239 4643 in-

648 4676 803 4747 quiet
858 4675 1159 4745 prudenter
1205 4676 1390 4733 forsan
1426 4679 1652 4748 aliquis,
1714 4681 1969 4733 traditam
2016 4681 2237 4736 caelitus

648 4768 956 4823 Corinthiis
977 4768 1208 4837 gratiam
1238 4770 1291 4823 in
1326 4771 1443 4840 ipsa
1467 4770 1673 4828 Christi
1698 4773 2023 4826 substantia
2053 4773 2234 4829 datam

649 4860 727 4913 ait
754 4858 1072 4928 Apostolus.
1113 4869 1207 4915 aut
1239 4862 1447 4933 aliquid
1474 4864 1621 4918 aliud
1655 4864 1783 4917 huic
1821 4864 2004 4920 simile
2040 4865 2241 4921 intelli-

652 4952 778 5019 git?
816 4951 881 5005 At
912 4952 1190 5021 quomodo
1220 4969 1332 5008 non
1366 4955 1513 5008 istud
1549 4956 1747 5025 nugari
1775 4956 2021 5011 sit?Cur
2052 4958 2241 5030 itaque

651 5056 937 5096 sacrarum
982 5044 1316 5099 Litterarum
1363 5047 1826 5100 consuetudinem
1873 5058 2127 5105 evertens
2187 5061 2239 5106 et

653 5131 798 5187 beati
836 5132 994 5187 Pauli
1032 5144 1269 5189 mentem
1305 5136 1593 5200 cavillans,
1622 5152 1746 5192 csse
1773 5154 1874 5193 nos
1898 5139 1952 5191 in
1977 5138 2108 5205 Deo,
2134 5142 2240 5198 hoc

651 5236 738 5279 est
760 5225 816 5278 in
851 5227 1162 5282 substantia
1192 5227 1394 5289 Patris,
1438 5228 1542 5290 ais,
1571 5244 1697 5282 cum
1732 5230 1893 5285 audis
1921 5248 2043 5285 eum
2071 5236 2236 5291 Athe-

652 5318 741 5374 nis
781 5321 1168 5390 praedieantem
1208 5341 1220 5376 :
1284 5339 1301 5371 ι
1339 5320 1478 5388 Quia
1544 5321 1597 5373 in
1650 5321 1771 5391 ipso
1811 5323 2070 5389 vivimus,
2122 5341 2240 5382 mo-

655 5423 849 5464 vemur
899 5423 953 5464 et
982 5410 1219 5465 sumus?
1256 5428 1275 5461 ι
1315 5409 1559 5471 Atenim,
1590 5408 1762 5477 inquit
1801 5416 2235 5482 perniciosorum

650 5497 967 5569 dogmatum
1029 5499 1310 5568 magister,
1367 5495 1813 5567 quandoquidem
1868 5501 1964 5555 tibi
2022 5502 2239 5557 videtur

652 5592 896 5656 illud,in
924 5590 1034 5644 Deo
1080 5606 1210 5654 esse,
1249 5597 1396 5644 recte
1444 5590 1676 5663 intelligi
1723 5608 1824 5663 pro
1848 5608 1913 5649 eo
1944 5594 2089 5664 quod
2134 5606 2238 5659 est.

730 5764 774 5797 "
805 5763 950 5819 Psal.
982 5780 1098 5830 LIX,
1128 5765 1208 5819 Η.
1289 5768 1333 5798 ³³
1367 5764 1513 5822 Psal.
1556 5781 1688 5821 me
1711 5808 1727 5835 ,
1756 5767 1809 5822 6.

2343 4560 2857 4653 ται-τοῦτομλέγειν
2888 4560 3089 4645 ἀύτὸν,
3134 4583 3211 4647 ὡς
3258 4583 3316 4633 ὲν
3355 4584 3423 4652 τῇ
3471 4578 3628 4649 οὐσίᾳ
3668 4571 3750 4626 τοῦ
3779 4560 3884 4620 Θεοῦ

2343 4678 2571 4749 δύναμίν
2612 4694 2723 4729 τινα
2755 4652 3179 4746 δημιουργήσειν
3224 4671 3641 4741 ἐπαγγέλλεται,
3671 4661 3772 4718 ἀλλ’
3793 4652 3884 4710 οὐδὲ

2344 4774 2402 4825 ὲν
2436 4772 2572 4841 αὑτῇ
2618 4769 2744 4832 τοὺς
2789 4768 2950 4831 ἰδίους
2992 4767 3221 4839 ἐχθροὺς
3266 4765 3620 4834 εὑρίσκοντας
3660 4748 3882 4841 κερατιεῖν

2345 4834 2619 4926 αύτοὺξὸ
2660 4860 2877 4929 ψάλλων
2918 4834 3106 4929 φησιν,
3152 4857 3267 4912 ἀλλ’
3308 4858 3380 4910 ἐν
3420 4853 3543 4921 Θεῷ
3577 4862 3745 4921 φησιν,
3793 4834 3882 4929 ἀγῖὶ

2346 4953 2439 5008 τοῦ
2485 4922 2583 5008 δζά
2631 4922 2813 5005 Θεοῦ·
2848 4922 2940 5004 καί
2967 4922 3028 5002 τὸ
3059 4950 3129 5002 ἐν
3157 4950 3259 5003 σοὶ
3310 4948 3496 5014 πάλιν,
3529 4942 3644 4998 ἀντὶ
3687 4931 3768 4989 τοῦ
3807 4922 3877 4980 διὰ

2344 5045 2480 5099 σοῦ.
2523 5044 2588 5097 Τί
2628 5045 2685 5097 δὲ
2721 5044 2816 5097 καὶ
2860 5045 2887 5096 6
2930 5043 3197 5115 μακάριος
3239 5040 3453 5104 Παῦλος
3488 5030 3771 5108 Κορινθίοις
3792 5024 3879 5115 ἐξει-

2349 5135 2581 5187 στέλλων
2614 5135 2799 5201 ἔλεγεν
2823 5153 2838 5200 ;
2869 5153 2887 5185 ι
2925 5110 3248 5205 Εὐχαριστῶ
3270 5133 3350 5203 τῷ
3379 5131 3498 5203 Θεῷ
3528 5144 3623 5201 μου
3646 5119 3755 5188 περὶ
3773 5110 3873 5208 adv:

2345 5244 2452 5279 των
2483 5226 2637 5297 ὑμῶν
2691 5228 2782 5280 ἐπὶ.
2832 5229 2899 5299 τῇ
2952 5227 3168 5297 δοθείσῃ
3214 5228 3344 5296 ὑμῖν
3392 5226 3452 5277 ἐν
3498 5213 3703 5291 Χριστῷ
3740 5210 3874 5299 qua?"

2345 5292 2549 5389 xdpt‘cr.
2588 5338 2606 5370 ι
2640 5320 2749 5372 Καὶ
2790 5292 2987 5373 πάλινθ
3025 5338 3043 5370 ι
3217 5292 3384 5371 αῦτοῦ
3424 5316 3481 5370 δὲ
3531 5309 3675 5381 ὑμεῖς
3709 5302 3808 5391 “is
3828 5292 3870 5391 ἓν

2344 5388 2567 5481 Χριστῷ
2609 5410 2803 5481 Ἰησοῦ,
2851 5412 2909 5474 ὃς
2954 5410 3183 5481 ἐγενήθη
3234 5412 3367 5480 ἡμῖν
3410 5404 3566 5476 σοφία
3615 5395 3711 5453 ἀπὸ
3747 5388 3868 5481 ξξοῧο

2343 5476 2751 5573 δικαιοσύνη-τε
2781 5504 2875 5557 καὶ
2898 5476 3190 5574 ἁγιασμὸς,
3217 5476 3310 5554 κᾶι
3340 5499 3694 5568 ἀπολύτρωσις
3733 5476 3865 5574 “AA?”

2348 5594 2478 5665 γὰρ’
2507 5595 2622 5665 ἐρεῖ
2648 5570 2734 5659 ἧς
2764 5594 3048 5663 νουνεχῶς.
3071 5570 3156 5648 δτι
3186 5594 3284 5665 τὴν
3319 5586 3731 5662 ἀπονεμηθεῖσαν
3758 5570 3865 5626 ἄνω-

1896 5772 1934 5801 ιι
1971 5768 1989 5822 l
2028 5768 2156 5824 Cor.
2184 5786 2220 5839 ι,
2252 5770 2303 5824 ι,
2384 5772 2427 5802 υ
2466 5770 2601 5825 uno.
2630 5771 2718 5825 δυ.
