4096 6480
147 465 257 521 ⁸253

1224 462 1293 518 IN
1329 456 1617 521 mantus
1656 456 2105 524 EVANGELIUM
2148 457 2276 521 Lm.
2320 458 2411 522 ix.
3128 420 3132 425 ’
3300 471 3409 529 234

151 583 239 635 θεν
271 581 385 644 τοῖς
420 572 721 648 Κορινθίοις
747 576 904 649 χάριν
943 578 1000 631 ἰν
1033 577 1168 649 αὐτῇ
1193 578 1258 650 τῇ
1283 579 1442 651 οὐσίᾳ
1474 581 1568 634 τοῦ
1596 580 1721 653 Χρι-

1831 597 1923 650 per
1948 576 2137 646 Deum,
2175 579 2304 650 quid
2348 580 2551 635 frustra
2590 578 2835 648 nugaris,
2874 588 2965 633 aut
3017 597 3117 634 cur
3153 581 3413 652 blasphe-

150 670 274 725 στοῦ
316 669 557 724 δεδόσθαι
606 669 772 739 φησιν
811 671 840 722 ὁ
888 670 1349 742 πνευματοφόρος,
1395 669 1562 742 ἤγουν
1599 672 1728 725 ἀκο-

148 764 349 827 λούθως
399 760 569 830 τούτῳ
612 760 674 813 τὸ
719 760 907 832 ἕτερον
940 760 1272 832 ὲκλήψεται;
1320 762 1429 815 Καὶ⁸
1471 762 1587 826 πῶς
1627 760 1728 816 οὐκ

148 860 210 911 ἂν
237 855 412 928 ὁρῷτο
451 852 671 925 ληρῶν;
702 852 767 905 Τί
801 853 977 906 τοίνυν
1012 854 1106 907 καὶ
1135 854 1267 908 αὐτὸ
1311 855 1372 908 τὸ
1415 854 1524 908 τῶν
1567 855 1731 927 ἱερῶν

150 946 489 1018 Γραμμάτων
528 944 824 1014 παραλύων
856 942 996 1008 ἔθος,
1041 945 1134 998 καὶ
1181 944 1280 1016 τὴν
1324 944 1418 998 τοῦ
1456 945 1727 1016 μακαρίου

148 1038 356 1091 Παύλου
416 1036 610 1108 βουλὴν
668 1036 1117 1107 συκοφαντήσας,
1166 1037 1431 1108 ὑπάρχειν
1474 1039 1623 1107 ἡμᾶς
1672 1038 1730 1093 ἐν

147 1130 279 1202 Θεῷ,
312 1130 461 1183 τοῦτ’
504 1130 652 1184 ἔστιν
706 1131 764 1182 ὲν
796 1129 862 1200 τῇ
916 1130 1075 1202 οὐσίᾳ
1122 1130 1214 1183 τοῦ
1260 1133 1492 1203 Πατρὸς,
1527 1131 1729 1201 λέγεις.

146 1226 265 1277 ὅταν
290 1222 532 1294 ἀκούσῃς
572 1224 681 1285 τοῖς
719 1223 776 1275 ὲν
820 1223 1074 1296 Ἀθήνῃσι
1106 1224 1428 1287 διειπὸντος⁹
1465 1244 1482 1274 ι
1522 1225 1642 1278 ’Ὁτι
1672 1226 1729 1278 ἐν

147 1314 287 1384 αὐτῷ
318 1312 522 1381 ζῶμεν,
577 1313 670 1365 καὶ
714 1313 1047 1383 κινούμεθα,
1100 1314 1195 1366 καὶ
1246 1314 1450 1383 ἐσμέν;
1509 1334 1526 1365 ι
1570 1310 1730 1368 Ἀλλά

145 1406 248 1467 ναὶ,
294 1403 461 1473 φησὶν
503 1402 531 1455 ό
574 1402 682 1455 τῶν
729 1402 990 1474 ὀλεθρίων
1038 1403 1323 1474 δογμάτων
1354 1403 1727 1475 προεστηκὼς,

144 1496 257 1549 ὲπεί
287 1513 368 1548 σοι
408 1494 558 1549 δοκεῖ
597 1496 689 1549 καὶ
723 1495 898 1567 ὀρθῶς
932 1495 1078 1567 ἔχειν
1122 1497 1460 1565 φαίνεταιτὸ
1502 1496 1572 1549 ἐν
1608 1494 1730 1562 Θεῷ

144 1586 309 1653 εἶναι,
355 1589 452 1641 καὶ
501 1588 737 1642 νοεῖσθαι
779 1589 878 1643 διὰ
924 1588 1096 1654 Θεοῦ,
1128 1589 1179 1643 τί
1212 1591 1387 1660 μάτην
1426 1586 1730 1657 καταφλυα-

149 1680 292 1749 ρεῖς;
343 1677 399 1730 τί
450 1678 507 1732 δὲ
552 1680 664 1741 τοῖς
703 1674 1015 1750 δυσφημίας
1064 1680 1404 1751 ἐγκλήμασιν
1445 1676 1725 1749 ὑποτίθης,

144 1772 261 1824 ὅταν
289 1771 623 1844 πεποιῆσθαι
664 1772 753 1827 διὰ
799 1770 892 1825 τοῦ
941 1770 1155 1843 Πατρδς
1200 1770 1594 1842 διατεινώμεθα
1636 1772 1727 1826 τὸν

146 1864 303 1927 Υἱόν;
340 1860 474 1917 Ἰδοὺ
522 1864 630 1936 γάρ
673 1866 835 1928 αὑτός
888 1882 1089 1935 φησιν’
1141 1884 1158 1915 ι
1206 1862 1329 1917 Ὅτι
1379 1862 1490 1932 ἐγὼ
1528 1864 1599 1917 ἐν
1647 1862 1728 1928 τῷ

144 1958 334 2025 Harp},
374 1978 391 2008 ι
428 1960 552 2012 ἀντὶ
576 1958 669 2012 τοῦ
695 1958 792 2014 διὰ
817 1960 923 2013 τοῦ
956 1958 1205 2027 Πατρὸς.
1238 1959 1380 2013 κατά
1401 1976 1464 2028 γε
1490 1958 1582 2012 τὸν
1610 1958 1723 2022 σον,

145 2041 375 2113 ὦοῦτος,
420 2050 582 2118 λόγον
626 2051 720 2105 καὶ
758 2052 857 2121 τὴν
898 2051 1100 2122 ἀρτίως
1144 2052 1275 2121 ἡμῖν
1320 2052 1383 2104 ἐκ
1425 2049 1532 2104 τῶν
1565 2050 1725 2123 ἱερῶν

148 2140 485 2209 Γραμμάτων
514 2142 937 2212 παρενεχθεῖσαν
964 2143 1269 2215 συνήθειαν.
1323 2140 1465 2211 Ἐγὼ
1504 2143 1561 2196 δὲ
1591 2143 1726 2213 πρὸς

147 2230 290 2283 τοῦτό
355 2246 505 2301 φημι
557 2232 668 2284 δεῖν
731 2232 1182 2304 ἀπολογήσασθαι
1232 2233 1432 2293 πάλιν,
1478 2233 1573 2285 καὶ
1627 2232 1725 2296 τὰς

148 2322 352 2374 ἐκείνων
404 2323 749 2394 κακουργίας
794 2323 1193 2394 ἀπογυμνῶσαι
1227 2324 1321 2377 καὶ
1357 2322 1551 2393 βλάϐη.
1586 2322 1725 2376 Θαυ-

153 2410 292 2480 ράξω
335 2410 448 2481 γάρ
503 2412 651 2475 ὅπως
685 2412 940 2482 ἀσμένως
993 2412 1332 2477 ἀκούσαντες
1364 2415 1444 2467 ὅτι
1476 2414 1545 2467 ἐν
1577 2413 1721 2478 Θεῷ,

152 2504 235 2558 διὰ
263 2504 405 2558 Θεοῦ
446 2503 630 2572 λέγειν
666 2504 787 2568 ἔθος
819 2507 883 2576 τῇ
917 2505 1040 2577 θείᾳ
1079 2507 1296 2578 Γραφῇ,
1325 2508 1417 2559 καὶ
1446 2506 1536 2560 διὰ
1561 2507 1720 2576 μόνον

151 2595 203 2649 τὸ
225 2596 484 2650 δύνασθαι
518 2600 800 2650 κατειπεῖν
834 2615 885 2651 τι
909 2597 1005 2668 τῆς
1039 2596 1199 2669 δόξης
1230 2599 1323 2652 τοῦ
1358 2598 1718 2667 Μονογενοῦς,

153 2690 557 2753 συναινέσαντές
587 2708 644 2743 τε
677 2691 772 2744 καὶ
804 2691 902 2759 τὴν
947 2690 1093 2757 λέξιν
1129 2689 1590 2763 παραδεξάμενοι,
1623 2693 1720 2762 λη-

153 2781 354 2849 ροῦντες
392 2783 483 2835 ὅτι
537 2782 702 2836 πάλιν
757 2782 911 2835 οὐδὲν
948 2778 1114 2855 ἧττον
1162 2781 1461 2836 ἁλώσονται
1501 2781 1723 2852 διεγνὼο

150 2891 293 2928 now
323 2874 601 2945 οὐδαμῶς,
634 2874 809 2928 καίτοι
840 2877 1143 2945 φάσκοντες
1170 2870 1309 2931 εἶναι
1350 2878 1503 2947 σοφοί
1529 2897 1588 2932 τε
1629 2878 1723 2933 καὶ

149 2964 361 3036 δριμεῖς.
390 2963 464 3019 Εἰ
499 2965 598 3035 μὲν
625 2966 733 3037 γὰρ
765 2966 949 3036 μόνοις
978 2968 1188 3037 ἐφεῖται
1220 2969 1332 3031 τοῖς
1367 2968 1434 3021 δι’
1473 2968 1723 3032 ἐναντίας

150 3057 203 3109 τὸ
242 3057 334 3126 τῆς
367 3056 736 3111 θεοπνεύστου
780 3058 1006 3130 Γραςρῆς
1047 3062 1134 3113 ἀεὶ
1179 3057 1439 3130 τειχίζειν
1481 3060 1602 3124 ἔθος
1653 3062 1720 3131 τῇ

149 3150 291 3222 οὐσίᾳ
322 3150 416 3203 τοῦ
474 3150 842 3220 Μονογενοῦς,
893 3153 988 3205 καὶ
1043 3153 1130 3207 διὰ
1177 3154 1336 3207 τοῦτο
1388 3154 1720 3224 πεποιῆσθαι

1833 672 1956 728 mla;
2015 687 2117 729 nos
2170 687 2420 737 accusas,
2464 686 2588 725 cum
2635 670 2841 726 factum
2896 687 3023 726 esse
3050 688 3146 741 per
3193 671 3409 729 Patrem

1832 760 2031 819 Filium
2066 761 2491 819 contendimus?
2541 759 2683 816 Ecce
2738 762 2883 815 enim
2937 762 3054 831 ipse
3088 762 3217 819 ait:
3271 764 3412 832 Quia

1831 873 1931 928 ego
1988 859 2041 910 in
2087 856 2272 922 Patre,
2329 854 2380 911 id
2428 863 2513 911 est
2563 869 2654 922 per
2709 852 2973 918 Patrem,
3032 855 3193 926 juxta
3262 866 3410 914 tuam

1833 948 2165 1003 sententiam
2237 955 2290 1001 et
2355 946 2520 1002 modo
2607 948 2767 1002 nobis
2838 947 3063 1003 allatam
3125 966 3410 1006 sacrarum

1834 1036 2246 1108 Scripturarum
2315 1038 2788 1095 consuetudinem.
2848 1039 2959 1111 Ego
3033 1058 3160 1096 vero
3228 1043 3411 1098 denuo

1833 1131 1919 1185 his
1965 1130 2410 1201 respondendum
2464 1132 2724 1197 arbitror,
2773 1149 3073 1205 eorumque
3101 1136 3261 1207 795
3297 1153 3410 1192 ma-

1832 1225 2003 1280 litiam
2041 1223 2414 1294 retegendam.
2460 1223 2625 1279 Miror
2668 1224 2812 1279 enim
2843 1227 3141 1296 quomodo,
3182 1231 3407 1285 tametsi

1832 1317 2109 1372 audierint
2140 1315 2341 1370 divina:
2369 1314 2671 1386 Scriptura:
2720 1331 2925 1370 morem
2969 1332 3091 1372 esse
3125 1328 3183 1371 ut
3214 1320 3267 1371 in
3306 1317 3409 1373 Deo

1831 1407 1983 1462 dicat
2016 1423 2116 1478 pro
2156 1422 2221 1462 eo
2248 1407 2397 1478 quod
2428 1418 2513 1463 est
2545 1423 2636 1477 per
2671 1407 2859 1471 Deum,
2893 1418 3056 1478 atque
3095 1409 3163 1462 ad
3207 1409 3413 1482 Unige-

1831 1499 1934 1554 niti
1964 1501 2194 1570 gloriam
2218 1501 2609 1555 tantummodo
2644 1499 3010 1555 cavillandam
3043 1503 3409 1567 assenserint,

1830 1606 1894 1646 ac
1931 1591 2231 1648 dictionem
2263 1593 2413 1646 illam
2446 1592 2808 1662 arripuerint,
2845 1608 2952 1646 non
2986 1600 3166 1647 tamen
3218 1610 3278 1650 se
3312 1610 3407 1647 va-

1830 1698 1934 1739 nos
1983 1692 2037 1739 et
2101 1684 2293 1740 inanes
2344 1699 2470 1739 esse
2519 1684 2995 1749 animadvertant,
3056 1685 3412 1757 quantumvis

1831 1772 2108 1844 sapientes
2141 1789 2202 1828 se
2233 1784 2285 1828 et
2329 1782 2525 1828 acutos
2557 1773 2857 1829 venditem.
2892 1772 3025 1829 Nam
3065 1776 3110 1829 si
3147 1776 3282 1829 solis
3314 1777 3412 1829 ad-

1831 1867 2095 1921 versariis
2134 1866 2471 1936 permittitur
2508 1882 2683 1921 sacrae
2717 1865 3018 1936 Scripturae
3058 1867 3415 1923 consuetudi-

1830 1973 1953 2011 nem
2012 1957 2226 2012 ﬁrmare
2282 1972 2501 2026 semper
2545 1954 2823 2027 Unigeniti
2868 1960 3203 2020 substantia,
3242 1968 3411 2030 atque

1828 2037 2036 2103 idcirco
2085 2065 2207 2102 eum
2257 2064 2286 2101 a
2336 2046 2500 2103 Patre
2551 2046 2754 2102 factum
2785 2065 2909 2104 esse
2940 2050 3148 2112 dicere,
3186 2052 3314 2121 quia
3352 2050 3407 2106 in

1829 2138 1939 2193 Deo
1985 2154 2044 2193 se
2090 2138 2314 2207 quidem
2349 2153 2475 2193 esse
2508 2138 2662 2203 dicit,
2702 2140 2756 2192 in
2792 2139 2899 2195 Deo
2929 2156 3059 2195 vero
3091 2142 3409 2211 signiﬁcare

1824 2246 1916 2298 per
1950 2228 2118 2283 Deum
2148 2229 2557 2294 concessimus,
2596 2232 2812 2285 ratione
2851 2233 3033 2302 aliqua
3075 2233 3175 2287 uiti
3214 2249 3406 2288 eorum

1825 2322 2007 2377 scelus
2054 2316 2198 2375 forte
2233 2321 2531 2376 videretur.
2590 2321 2684 2375 Sin
2726 2332 2911 2378 autem
2962 2324 3099 2378 nihil
3159 2324 3409 2395 prohibet

1824 2414 1986 2468 etiam
2035 2429 2135 2468 nos
2170 2413 2370 2482 quibus
2417 2415 2762 2484 propositum
2817 2423 2901 2470 est
2953 2416 3288 2471 deductione
3338 2416 3407 2471 ad

1828 2507 2089 2574 majorem
2124 2505 2517 2561 absurditatem
2549 2506 2738 2576 putida
2765 2524 2955 2562 eorum
2986 2509 3242 2579 dogmata
3272 2525 3407 2564 con-

1825 2598 2046 2659 vellere,
2081 2598 2146 2650 ad
2178 2598 2360 2666 ipsum
2394 2614 2613 2667 quoque
2644 2598 2857 2652 Patrem
2889 2601 2994 2653 vim
3029 2598 3081 2655 et
3135 2601 3404 2656 rationem

1822 2691 1943 2759 ejus
1978 2690 2121 2761 quod
2155 2692 2500 2761 signiﬁcatur
2523 2701 2865 2756 convertere,
2895 2693 3155 2764 clareque
3187 2697 3402 2762 dicere,

1823 2781 1992 2855 quod,
2026 2798 2151 2837 cum
2184 2783 2281 2846 ait,
2321 2802 2340 2834 ι
2382 2782 2542 2837 Pater
2571 2784 2625 2837 in
2659 2800 2743 2837 me
2777 2798 2883 2849 cst,
2929 2804 2945 2835 ι
2991 2787 3407 2856 intelligendum

1822 2875 1895 2930 sit
1930 2874 2088 2943 quasi
2116 2871 2264 2927 dicat
2289 2888 2380 2941 per
2411 2889 2512 2932 me.
2548 2882 2605 2926 ut
2638 2881 2692 2927 et
2735 2874 2857 2944 ipse
2887 2874 3107 2930 demum
3145 2875 3303 2933 Pater
3332 2880 3406 2933 sit

1821 2978 2063 3030 creatus,
2089 2965 2368 3035 quomodo
2391 2965 2578 3019 stultis
2608 2966 2902 3019 admodum
2936 2968 3247 3024 rationibus
3280 2984 3403 3023 con-

1822 3058 1927 3123 ﬁsi,
1963 3074 2071 3113 non
2104 3072 2333 3113 summa:
2373 3056 2786 3111 damnabuutur
2821 3059 3097 3115 insanim?
3127 3059 3405 3126 Quemad-

1820 3150 2042 3207 modum
2080 3149 2254 3205 Filius
2287 3151 2534 3219 scipsum
2574 3151 2627 3204 in
2665 3150 2827 3205 Patre
2872 3167 2997 3207 esse
3049 3153 3204 3219 dicit,
3244 3154 3324 3208 sic
3351 3163 3406 3209 et

150 3241 311 3311 λέγειν
346 3244 514 3296 αὐτὸν
548 3244 698 3313 παρὰ
743 3244 838 3297 τοῦ
882 3245 1130 3315 [ἰατρὸς.
1173 3248 1404 3318 ἐπείπερ
1438 3243 1578 3301 εἶναι
1617 3246 1716 3317 μὲν

1827 3243 2038 3297 Patrem
2073 3244 2127 3297 in
2156 3242 2337 3312 seipso
2366 3258 2489 3296 esse
2518 3242 2659 3295 dixit
2690 3261 2702 3296 :
2741 3244 2887 3313 quod
2925 3243 2968 3297 si
3005 3244 3164 3309 illud,
3206 3246 3258 3298 in
3295 3242 3406 3299 Pa-

153 3337 203 3387 ἐν
229 3334 342 3405 Θεῷ
377 3352 582 3407 φησιν,
617 3337 678 3390 τὸ
725 3338 782 3391 δὲ
827 3338 897 3390 ἐν
934 3336 1088 3402 Θεῷ,
1144 3336 1238 3391 διὰ
1291 3338 1441 3393 Θεοῦ
1484 3338 1720 3394 νοεῖσθαι

151 3424 474 3497 δεδώκαμεν.
510 3426 689 3493 ἔδοξεν
719 3427 806 3492 ἂν,
843 3427 988 3482 κατά
1016 3446 1079 3495 γε
1103 3428 1163 3481 τὸ
1194 3430 1364 3496 εἰκὸς,
1391 3430 1550 3498 λόγον
1578 3431 1722 3501 ἔχειν

152 3518 316 3581 αιῦτοῖς
344 3517 474 3589 οὐχὶ
523 3518 642 3570 λίαν
692 3517 879 3589 ἀμαθῆ
927 3519 988 3572 τὸ
1036 3520 1421 3592 κακούργημα.
1466 3522 1529 3575 Εἰ
1573 3523 1630 3575 δὲ
1662 3524 1721 3575 τὸ

155 3606 349 3662 κωλῦον
391 3607 552 3661 οὐδὲν
600 3609 694 3661 καὶ
743 3610 893 3679 ἡμᾶς
939 3609 1135 3672 αὐτοὺς
1178 3608 1269 3662 διὰ
1322 3609 1423 3680 τῆς
1476 3611 1721 3681 μείζονος

155 3699 359 3763 ἀτοπίας
386 3698 721 3769 ἀνατρέπειν
751 3699 1040 3764 ἐθέλοντας
1076 3699 1175 3772 τὴν
1223 3701 1329 3753 τῶν
1360 3702 1488 3773 παρ’
1537 3702 1720 3765 αὐτοῖς

153 3789 414 3859 δογμάτων
454 3789 801 3861 σαθρότητα,
836 3792 930 3845 καὶ
970 3794 1059 3844 ἐπ’
1090 3792 1254 3846 αὐτὸν
1286 3793 1581 3864 ἀναφέρειν
1628 3795 1719 3847 τὸν

156 3882 352 3952 Πατέρα
384 3881 487 3934 τοῦ
520 3883 922 3953 σημαινομένου
976 3885 1074 3955 τὴν
1127 3884 1360 3956 δύναμιν
1382 3924 1398 3948 ,
1450 3887 1625 3938 εἰπεῖν
1659 3905 1718 3940 τε

156 3972 340 4041 σαφῶς.
370 3972 448 4036 ὡς
483 3973 715 4044 ἐπείπερ
740 3973 836 4026 καὶ
860 3973 1020 4027 τοῦτό
1056 3992 1222 4046 φησιν
1255 3977 1337 4029 ὅτι
1374 3996 1391 4028 ι
1439 3976 1495 4030 ὐ
1528 3975 1718 4047 Πατὴρ

155 4063 204 4113 ἓν
234 4063 348 4133 ἐμοί
378 4065 531 4125 ἐστι,
576 4078 593 4113 ι
642 4064 912 4134 προσήκει
944 4065 1087 4117 νοεῖν
1115 4105 1129 4126 ,
1163 4066 1283 4118 citth
1314 4064 1407 4118 τοῦ
1447 4060 1521 4120 δι’
1546 4066 1714 4137 ἐμοῦ,

157 4154 233 4209 ἵνα
256 4156 435 4211 λοιπὸν
474 4155 703 4226 γενητὸς
725 4154 950 4225 γένηται
985 4156 1078 4207 καὶ
1108 4156 1269 4219 αὐτος
1297 4156 1325 4209 ὁ
1352 4157 1562 4230 Πατὴρ,
1600 4159 1717 4223 πῶς

156 4246 207 4298 ού
246 4247 357 4302 λίαν
408 4246 697 4310 ἀσυνέτοις
738 4246 1210 4318 ὲπιθαρσήσαντες
1261 4248 1577 4320 λογισμοῖς,
1619 4252 1716 4321 τὴν

156 4336 229 4390 ἔπ’
264 4335 486 4408 ἀκράτῳ
529 4334 710 4406 μωρίᾳ
747 4335 925 4405 ψῆφον
964 4338 1323 4402 ἀποίσονται;
1364 4330 1574 4411 Ὠσπερ
1606 4340 1716 4411 γὰρ

156 4430 321 4493 ὸΥἰὸς
344 4429 539 4482 ἑαυτὸν
573 4424 711 4482 εἷναί
748 4446 913 4500 φησιν
955 4430 1011 4480 ὲν
1051 4428 1129 4498 τῷ
1163 4429 1361 4500 Πατρὶ,
1401 4426 1573 4494 οὕτως
1609 4432 1711 4501 ἔφη

158 4515 236 4568 καὶ
262 4517 348 4569 τὸν
384 4516 611 4587 Πατέρα
644 4512 785 4570 εἶναι
822 4518 878 4569 ὲν
913 4516 1095 4587 ἑαυτῷ
1117 4535 1131 4548 ’
1160 4520 1207 4570 εί
1237 4518 1293 4570 δὲ
1326 4514 1402 4589 τῷ
1450 4519 1578 4591 [γρ.
1615 4521 1711 4593 τὸ]

1826 3344 1924 3397 (re,
1964 3351 2057 3403 per
2121 3333 2339 3387 Patrem
2392 3333 2687 3402 signiﬁcat,
2743 3334 2872 3401 quid
2928 3335 3178 3403 prohibet
3225 3336 3408 3391 dicere

1824 3425 1977 3488 illud,
2016 3426 2073 3478 in
2106 3423 2274 3487 Filio,
2326 3441 2449 3481 esse
2503 3426 2925 3496 intelligendum
2976 3428 3133 3497 quasi
3182 3445 3274 3497 per
3309 3426 3407 3481 Fi-

1823 3518 1953 3571 lium
1996 3515 2311 3587 signiﬁcet?
2359 3516 2465 3571 Sed
2510 3517 2655 3571 absit
2690 3525 2749 3570 ut
2784 3518 2837 3570 in
2869 3524 3076 3571 tantam
3116 3533 3224 3572 una
3275 3528 3403 3573 cum

1821 3609 1887 3663 iis
1928 3609 2283 3678 prolabamur
2348 3606 2658 3662 insaniam!
2701 3606 2812 3662 Nec
2850 3608 2994 3661 enim
3048 3624 3149 3680 per
3188 3608 3404 3665 Patrem

1823 3700 2025 3755 factum
2061 3716 2185 3756 esse
2226 3698 2421 3755 Filium
2451 3701 2719 3763 dicemus,
2769 3715 2945 3769 neque
2994 3703 3129 3757 adeo
3169 3717 3265 3770 per
3310 3700 3401 3757 Fi~

1822 3793 1954 3847 lium
1990 3792 2196 3846 factum
2227 3808 2350 3847 esse
2380 3806 2502 3846 cum
2536 3807 2603 3847 ex
2628 3806 2739 3862 quo
2777 3803 2906 3847 sunt
2942 3794 3149 3860 dumia,
3186 3790 3402 3849 Patrem

1820 3898 1885 3936 ac
1920 3876 2087 3936 Deum
2128 3902 2139 3936 :
2185 3882 2280 3939 sed
2313 3883 2585 3938 divinitus
2625 3883 2913 3953 inspirata
2944 3878 3246 3955 Scriptura:
3282 3901 3403 3940 mo-

1820 3980 1933 4026 rem
1972 3972 2271 4041 unicuique
2334 3973 2607 4042 tempori,
2670 3987 2943 4042 persouae,
2986 3988 3052 4027 ac
3092 3972 3171 4027 rei
3218 3957 3403 4044 potius

1820 4071 2094 4133 aptantes,
2138 4080 2330 4134 purum
2357 4073 2410 4118 et
2453 4064 2798 4133 inculpatum
2836 4062 2904 4119 de
2946 4065 3205 4120 omnibus
3239 4067 3404 4122 rebus

1818 4156 2153 4211 necessariis
2181 4171 2488 4210 sermonem
2527 4162 2795 4210 texemus.
2842 4152 3029 4212 Rebus
3074 4156 3220 4211 enim
3245 4173 3276 4212 e
3312 4158 3404 4211 ni-

1820 4248 1932 4303 hilo
1953 4248 2235 4317 productis
2272 4264 2334 4301 ac
2378 4263 2477 4318 per
2513 4247 2685 4302 Deum
2737 4245 2922 4312 factis,
2956 4248 3233 4318 quomodo
3292 4265 3403 4305 non

1818 4340 2057 4394 maxime
2089 4340 2381 4392 conveniet
2415 4337 2524 4392 dici
2554 4352 2583 4390 a
2605 4336 2768 4392 nobis
2800 4352 2864 4392 ac
2892 4339 3105 4393 censeri
3146 4354 3271 4393 esse
3308 4355 3403 4396 eas

1818 4431 1872 4485 in
1904 4430 2035 4495 Deo,
2067 4430 2119 4484 id
2147 4438 2231 4485 est
2258 4446 2349 4497 per
2382 4428 2596 4485 Deum?
2629 4431 2690 4483 In
2724 4430 2965 4484 naturali
3004 4445 3136 4484 vero
3177 4430 3400 4493 Filium,

1820 4520 2109 4574 Dominum
2136 4533 2200 4573 ac
2232 4519 2425 4582 Deum,
2460 4527 2512 4574 ct
2538 4519 2922 4573 universorum
2945 4517 3218 4589 opiﬁcem,
3265 4536 3402 4575 neu-

156 4607 213 4659 ἐν
234 4609 430 4676 Harp},
460 4608 559 4662 διὰ
591 4610 698 4663 τοῦ
724 4609 955 4675 Πατρός
984 4609 1224 4663 νοεῖσθαι
1261 4610 1531 4679 βούλεται,
1574 4612 1625 4666 τί
1654 4616 1713 4667 ab

1825 4613 2027 4683 liquam
2061 4613 2228 4674 istud,
2264 4614 2485 4682 Opinor,
2520 4613 2742 4683 pr0prie
2763 4627 2827 4667 ac
2856 4627 2986 4667 vere
3015 4611 3398 4682 quadraverit,

158 4702 396 4769 απεῑργον
427 4701 627 4763 εἰπεῖν,
660 4700 740 4753 ὅτι
776 4700 869 4751 καὶ
899 4701 959 4752 τὸ
987 4700 1058 4753 ἐν
1086 4698 1215 4765 Υίῷ,
1243 4698 1318 4754 δι’
1360 4703 1496 4756 Υἱοῦ
1517 4705 1713 4776 νοηθή-

162 4805 322 4854 σεται;
391 4789 534 4845 Ἀλλ’
577 4792 678 4843 οὐκ
728 4792 808 4852 είς
854 4789 1011 4844 τοῦτο
1069 4791 1281 4863 μωρίας
1337 4796 1433 4848 σὺν
1485 4786 1716 4854 ἐκείνοις

160 4880 479 4934 κατολισθεῖν
524 4880 825 4951 ἀνεξόμεθα
884 4883 1078 4935 πάλινο
1145 4883 1266 4936 οὔτε
1322 4885 1430 4956 γὰρ
1481 4887 1570 4939 διὰ
1618 4888 1712 4941 τοῦ

161 4968 351 5037 ηατρὸς
379 4971 616 5041 ἐροῦμεν
651 4973 978 5043 πεποιῆσθαι
1008 4974 1098 5026 τὸν
1144 4975 1266 5028 Υίὸν
1288 5016 1305 5037 .
1349 4976 1472 5029 οὔτε
1508 4978 1615 5048 μὴν
1648 4980 1713 5032 δι’

162 5050 274 5111 res
311 5063 567 5128 γενέσθαι
611 5064 701 5116 τὸν
752 5065 809 5129 ἐξ
850 5060 911 5118 οὗ
960 5065 1027 5118 τὰ
1083 5068 1289 5126 πάντα,
1345 5068 1567 5139 Πατέρα
1619 5073 1717 5126 καὶ

1822 4704 1917 4760 sed
1978 4709 2101 4759 es'se
2156 4705 2481 4760 naturaliter
2504 4706 2558 4759 in
2591 4704 2771 4768 Patre,
2806 4705 2861 4759 in
2900 4719 3079 4775 eoque
3105 4705 3398 4764 exsistere.

1821 4812 2057 4868 eumque
2118 4800 2173 4853 in
2224 4801 2408 4869 seipso
2468 4800 2692 4861 habere,
2763 4806 2991 4869 propter
3046 4798 3397 4852 identitatem

1821 4890 2184 4955 substantiae,
2234 4893 2481 4961 nihilque
2518 4892 2720 4946 habere
2763 4906 2994 4961 prorsus
3045 4889 3397 4958 interjectum

1822 4990 1917 5037 aut
1946 4983 2091 5053 quod
2122 4999 2246 5037 eum
2298 5000 2325 5037 a
2367 4982 2531 5037 Patre
2561 4983 2796 5036 naturali
2835 4981 3162 5036 diversitate
3194 4980 3398 5035 distin-

1821 5082 1975 5145 gnat.

160 5147 305 5204 Θεὸν·
349 5155 467 5219 ἔθος
502 5156 561 5208 δὲ
599 5159 797 5227 μᾶλλον
837 5158 898 5210 τὸ
931 5159 1030 5227 τῆς
1075 5159 1433 5214 θεοπνεύστου
1481 5162 1704 5235 Γραφῆς
1743 5168 1961 5239 ἑκάστῳ
1995 5170 2314 5240 πρεπόντως
2340 5166 2795 5241 ἐπιρῤιπτοῦντες
2828 5169 3023 5239 καιρῷ,
3092 5167 3185 5222 καὶ
3224 5180 3395 5239 προσ-

160 5242 314 5316 ὡττῳ,
343 5251 435 5301 καὶ
502 5250 824 5320 πράγματι.
871 5251 1109 5322 καθαρόν
1156 5271 1215 5306 τε
1266 5255 1360 5306 καὶ
1429 5254 1756 5311 ἀνυπαίτιον
1797 5260 1888 5313 τὸν
1922 5262 2009 5330 ἐφ’
2045 5262 2217 5315 ἅπασι
2257 5265 2367 5325 τοῖς
2414 5262 2735 5329 ἀναγκαίοις
2784 5260 3161 5331 ἐξυφανούμεν
3215 5260 3392 5328 λόγον.

159 5337 268 5405 Τοῖς
302 5344 398 5411 μὲν
420 5344 527 5414 γὰρ
554 5344 614 5409 ἐξ
637 5346 736 5398 οὐκ
769 5345 937 5399 ὄντων
960 5346 1040 5411 είς
1062 5348 1122 5400 τὸ
1150 5343 1287 5401 εἶναι
1324 5351 1707 5422 παρενεχθείσι
1747 5355 1845 5409 καὶ
1870 5358 2120 5424 γεγονόσι
2149 5356 2237 5410 διὰ
2275 5355 2431 5419 Θεοῦ,
2469 5354 2586 5419 πῶς
2613 5356 2713 5409 οὐκ
2776 5354 2843 5409 ἂν
2890 5355 3125 5425 μάλιστα
3194 5353 3396 5424 πρέποι

159 5430 462 5487 τδνοείσθαί
506 5452 563 5488 τε
638 5436 733 5489 καὶ
778 5436 1033 5504 λέγεσθαι
1086 5440 1217 5510 παρ’
1269 5441 1426 5510 ἡμῶν
1471 5442 1547 5507 ὠς
1601 5445 1739 5498 εἰσὶν
1776 5446 2029 5513 ἑνΘεῷ,
2086 5448 2232 5501 τοῦτ’
2299 5449 2415 5502 ἔστι
2466 5447 2563 5502 διὰ
2596 5448 2789 5513 Θεοῦ;
2847 5448 2937 5520 Τῷ
2979 5465 3042 5518 γε
3104 5445 3209 5517 μὴν
3257 5445 3397 5498 κατὰ

163 5522 305 5617 ρύσὙ
341 5526 454 5597 Υἱῷ
480 5529 573 5581 καὶ
615 5530 799 5600 Κυρίῳ
828 5532 919 5584 καὶ
947 5525 1086 5603 Θέῷ,
1126 5534 1221 5586 καὶ
1248 5533 1567 5609 δημιουργῷ
1595 5539 1703 5592 τῶν
1741 5540 1879 5594 ὅλων
1903 5582 1917 5604 ,
1959 5543 2059 5596 οὐκ
2090 5542 2155 5595 ἂν
2180 5585 2195 5608 ,
2239 5537 2392 5615 οἶμαι
2414 5584 2427 5607 ,
2462 5544 2622 5598 τοῦτο
2689 5543 2894 5617 κυρίως
2927 5560 2987 5596 τε
3024 5542 3118 5596 καὶ
3182 5537 3399 5608 ἀληθῶς

162 5615 468 5683 ἁρμόσειεν,
543 5617 679 5673 εἶναι
733 5621 789 5674 δὲ
844 5621 1086 5690 φυσικῶς
1143 5625 1200 5675 ἐν
1252 5626 1455 5697 Ila-cpt,
1505 5628 1600 5681 καὶ
1679 5632 2011 5703 ἐνυπάρχειν
2052 5632 2202 5704 αὐτῷ
2232 5675 2245 5698 ,
2291 5634 2437 5704 ἔχειν
2485 5652 2543 5687 τε
2608 5615 2772 5687 αὑτὸν
2814 5635 2872 5687 ὲν
2947 5630 3168 5701 ἐαυτῷ,
3214 5628 3301 5679 διὰ
3338 5625 3401 5677 τὸ

164 5708 212 5756 tv
262 5708 443 5771 οὐσίας
496 5712 783 5784 ταυτότητι
828 5714 1145 5782 φαίνεσθαι,
1200 5716 1293 5770 καὶ
1345 5719 1510 5790 μηδὲν
1564 5720 1711 5792 ἔχειν
1748 5723 2032 5790 παντελῶς
2057 5725 2118 5779 τὸ
2144 5725 2481 5797 μεσολαὸοὖν
2511 5727 2605 5780 καὶ
2626 5727 2911 5798 διατέμνον
2968 5728 3048 5788 είς
3101 5721 3398 5791 ἑτερότητα

168 5802 399 5871 φυσικήν.

227 5896 327 5949 Καὶ
362 5899 441 5951 ὅτι
472 5899 563 5967 μὲν
605 5900 735 5965 ἴσως
775 5907 893 5967 τοῖς
926 5904 1342 5980 εύμαθεστέροις
1369 5950 1384 5977 ,
1414 5911 1488 5975 ῶς
1519 5912 1581 5981 γέ
1613 5931 1703 5983 μοι

437 5991 699 6056 Ρλτιιοι..
746 5998 858 6057 Gn.
908 6001 1164 6063 LXXIV.

1888 5909 2013 5965 ΙΙωο
2049 5918 2197 5964 recte
2255 5908 2475 5979 quidem
2507 5923 2537 5962 a
2567 5927 2651 5966 nie
2691 5912 2834 5967 dicta
2884 5926 3007 5965 esse
3048 5900 3307 5976 studioSi,
3342 5918 3401 5964 ut

2998 5999 3031 6063 8
