4096 6486
714 407 822 463 955

1742 403 1800 461 S.
1842 405 2114 462 CYRII.”
2147 403 2618 462 ALEXANDRINI
2651 403 2973 462 ARCHIEP.
3858 414 3932 470 236

716 539 861 587 reor,
913 521 1257 593 putaverint,
1325 536 1666 592 nequaquam
1723 532 1903 578 tamen
1956 524 2292 579 assentietur

2401 523 2674 592 φαίνεται,
2708 524 2888 588 καλῶς
2926 524 3193 596 διείρηται
3223 522 3425 590 δόξειεν
3460 521 3553 587 ἂν,
3593 524 3870 578 συναινέσει
3892 547 3932 593 γε

715 614 1091 679 adversarius,
1137 615 1233 671 sed
1287 615 1539 686 repetitis
1574 616 1641 670 iis
1665 632 1787 686 quae
1830 616 2101 688 principio
2131 615 2296 688 796

717 706 921 770 attulit,
965 707 1110 762 dicet
1133 708 1207 762 ita
1243 705 1460 762 Patrem
1510 722 1634 762 esse
1696 708 1749 761 in
1782 705 1938 770 Filio,
1989 709 2157 763 sicuti
2192 725 2293 764 nos

717 797 771 852 in
804 799 946 869 ipso.
1000 799 1140 865 Quid
1171 813 1304 870 ergo
1341 799 1445 868 (sic
1477 799 1622 852 enim
1653 810 1704 854 te
1749 800 1842 870 qui
1883 810 1993 854 tam
2027 801 2214 870 putida
2241 809 2295 856 et

711 891 976 961 juvenilia
1007 892 1177 947 sentis
1208 905 1272 945 ac
1297 891 1436 946 dicis
1463 893 1798 963 compellare
1825 893 2041 963 juvat)?
2064 902 2178 947 tmn
2214 894 2295 950 sic

715 999 840 1038 esse
859 981 1057 1036 Filium
1081 983 1136 1036 in
1193 981 1356 1037 Patre
1385 982 1547 1049 dicis,
1598 984 2058 1054 quemadmodum
2099 1000 2200 1040 nos
2239 986 2294 1040 in

715 1077 880 1148 ipso?
906 1076 1192 1132 Praeclare.
1226 1075 1294 1130 At
1319 1077 1514 1146 quidni
1540 1075 1746 1130 eisdem
1794 1092 1894 1130 nos
1924 1077 2149 1146 gloriari
2177 1093 2296 1133 ser-

717 1169 992 1232 monibus,
1013 1167 1215 1238 quibus
1247 1177 1302 1222 ct
1343 1167 1462 1238 ipse
1493 1165 1772 1230 Christus,
1822 1177 2033 1222 natura:
2094 1177 2295 1222 nostrae

712 1263 854 1316 ratio
895 1259 1141 1331 patitur?
1170 1260 1290 1329 Ipse
1320 1259 1468 1314 enim
1512 1262 1644 1328 quia
1679 1267 1763 1314 est
1792 1260 1845 1313 in
1873 1258 2052 1322 Patre,
2097 1269 2150 1315 et
2200 1259 2297 1312 ha-

711 1352 803 1408 bet
835 1353 888 1406 in
922 1353 1105 1423 seipso
1137 1350 1384 1416 Patrem,
1439 1353 1646 1423 quippe
1699 1351 1792 1421 qui
1837 1352 1958 1420 ejus
2011 1352 2197 1421 imago
2242 1359 2296 1405 et

712 1445 1004 1500 character
1029 1445 1101 1499 sit
1134 1461 1225 1514 per
1259 1444 1447 1498 omnia
1473 1445 1680 1498 idcirco
1706 1443 1943 1499 similis:
1979 1461 1996 1495 ι
2021 1443 2126 1509 Qui
2157 1443 2296 1498 vidit

712 1551 821 1600 me,
859 1535 1062 1605 inquit,
1090 1535 1222 1589 vidit
1252 1543 1304 1588 et
1352 1534 1594 1589 Patrem.
1646 1534 1758 1605 Ego
1820 1543 1874 1589 et
1921 1534 2085 1589 Pater
2125 1550 2294 1588 unum

713 1641 926 1680 sumus.
972 1645 990 1678 ›
1023 1623 1132 1680 Nos
1155 1634 1359 1689 autem,
1399 1625 1595 1678 amabo
1615 1637 1688 1688 te,
1724 1627 1771 1680 si
1801 1625 1883 1678 sic
1917 1615 2112 1679 sumus
2150 1624 2204 1678 in
2231 1639 2296 1679 eo

713 1727 769 1771 et
799 1718 916 1789 ipse
965 1718 1018 1772 in
1075 1717 1240 1773 nobis
1268 1725 1374 1781 est,
1412 1725 1472 1772 ut
1511 1718 1628 1788 ipse
1652 1718 1911 1772 nimirum
1955 1719 2009 1772 in
2045 1719 2205 1773 Patre
2240 1727 2298 1772 et

712 1811 875 1868 Pater
906 1814 960 1866 in
996 1814 1138 1882 ipso,
1189 1811 1378 1882 quidni
1416 1818 1600 1867 erecta
1631 1812 1844 1868 cervice
1884 1828 1948 1868 ac
1983 1814 2159 1878 vultu,
2197 1825 2297 1882 pa-

2402 616 2508 687 μὴν
2535 616 2563 668 6
2594 617 2660 670 δι’
2695 617 2945 680 ἐναντίας
2980 617 3266 688 οὐδαμῶς⁸
3299 619 3421 688 ὲρεῖ
3451 617 3513 670 δὲ
3547 615 3615 687 δὴ
3652 616 3835 683 πάλιν,
3873 623 3935 675 τὸν

2398 710 2456 764 ὲν
2491 709 2688 780 ἀρχαῖς
2715 710 3204 781 είσκεκομισμένον
3244 707 3690 780 ἀναμασώμενος
3715 708 3854 777 λόγον
3875 714 3931 768 ὅτι

2396 803 2571 867 οὕτως
2601 804 2747 856 ἐστὶν
2787 805 2815 856 6
2844 802 3034 873 Πατὴρ
3077 803 3135 854 ὲν
3187 800 3264 871 τῷ
3311 801 3464 872 Υἰῷ,
3520 799 3712 869 ῶσπερ
3741 803 3933 872 ἡμείςὲι

2396 894 2564 966 αὐτῷ.
2595 893 2660 947 Τί
2689 889 2781 949 οὖν
2812 895 2953 965 ἀρα;
2985 894 3283 964 (φήσαιμεν
3307 891 3372 946 ἂν
3395 892 3501 945 οὐκ
3535 891 3800 955 ἀσυνέτως
3823 893 3934 965 ὲλέγ.

2397 1003 2608 1056 χοντες,
2651 985 2830 1057 σαθρά
2859 1003 2917 1038 τε
2961 986 3056 1039 καὶ
3087 985 3426 1058 μειρακιώδη
3467 982 3771 1053 φρονοῦντά
3798 1003 3846 1039 τε
3869 993 3936 1042 καὶ

2397 1077 2648 1149 λέγοντα)
2678 1077 2852 1140 οὕτως
2879 1072 3020 1131 εἶναι
3047 1079 3152 1150 φὴς
3197 1077 3287 1130 τὸν
3321 1077 3454 1130 Υίὸν
3489 1077 3549 1129 ἐν
3593 1077 3780 1152 Πατρὶ,
3807 1079 3935 1133 καθά.

2398 1187 2506 1240 περ
2534 1172 2684 1242 ἡμᾶς
2710 1170 2768 1222 ὲν
2793 1169 2942 1240 αὑτῷ
2968 1189 2984 1236 ;
3026 1169 3242 1232 Καλῶς.
3276 1165 3411 1223 Εἶτα
3444 1168 3498 1222 τί
3535 1168 3624 1239 δὴ,
3671 1170 3797 1238 πρὸς
3817 1171 3936 1225 τοῦτο

2398 1259 2779 1332 ὲροῦμεν,·μὴ
2811 1263 2924 1324 τοῖς
2960 1261 3094 1325 ἴσοις
3123 1263 3271 1331 ἡμᾶς
3301 1257 3767 1330 ὲπισεμνύνεσθαι
3800 1260 3934 1329 λόγοις

2395 1353 2457 1405 τὸ
2489 1355 2587 1423 τῆς
2620 1353 2894 1424 ἡμετέρας
2942 1353 3155 1423 φύσεως
3187 1354 3374 1426 ἐφίησι
3425 1352 3634 1424 μέτρον
3654 1393 3669 1416 ,
3700 1348 3869 1425 οἷσπερ
3891 1358 3935 1408 ἂν

2397 1446 2572 1518 ὁρῷτο
2603 1448 2698 1500 καὶ
2729 1447 2889 1510 αὐτὸς
2924 1449 2952 1500 6
2979 1446 3250 1518 Χριστός;
3281 1445 3458 1509 Αὐτὸς
3488 1445 3591 1514 μὲν
3614 1444 3721 1514 γὰρ
3751 1445 3932 1517 ἐπείπερ

2399 1540 2546 1592 ἐστὶν
2582 1541 2638 1591 ὲν
2669 1539 2876 1610 Πατρὶ,
2913 1538 3026 1609 ἔχει
3058 1538 3114 1592 δὲ
3157 1539 3214 1590 ἐν
3261 1535 3442 1608 ἑαυτῷ
3475 1536 3571 1589 τὸν
3605 1535 3840 1606 Πατέρα.
3868 1539 3933 1590 in

2396 1631 2459 1703 δὴ
2485 1631 2579 1684 καὶ
2611 1631 2773 1684 εἰκὼν
2797 1629 2962 1684 αὑτοῦ
3003 1629 3100 1684 καὶ
3127 1629 3416 1702 χαρακτὴρ
3452 1628 3856 1700 ἀπαράλλακτος
3871 1630 3932 1684 διὰ

2396 1721 2554 1775 τοῦτο
2587 1721 2848 1792 ὑπάρχων
2874 1737 2886 1751 ·
2925 1740 2944 1773 ι
2990 1721 3050 1774 ’ὓ
3085 1720 3348 1792 ἑωρακὼς
3381 1719 3509 1792 ἐμὲ,
3556 1719 3742 1789 φησιν,
3771 1718 3932 1790 ἑώρακε

2397 1813 2487 1866 τὸν
2526 1813 2746 1884 Πατέρα
2778 1829 2790 1844 °
2830 1811 2940 1881 ἐγὼ
2981 1813 3076 1866 καὶ
3103 1815 3131 1867 6
3184 1813 3371 1884 Πατὴρ
3399 1811 3461 1864 ’ἐν
3497 1812 3690 1881 ἐσμεν.
3725 1829 3743 1861 ι
3791 1811 3931 1880 Ἡμεῖς

712 1908 820 1961 lam
844 1922 909 1961 ac
934 1921 1126 1961 secure
1155 1906 1392 1960 dicimus
1418 1921 1431 1954 :
1460 1903 1572 1974 Ego
1607 1904 1660 1957 in
1689 1903 1933 1969 Christo,
1961 1915 2015 1959 et
2044 1903 2293 1960 Christus

2397 1904 2488 1969 δὲ,
2517 1906 2639 1960 εἰπὲ
2675 1923 2806 1976 μοι,
2849 1907 2896 1958 εί
2933 1905 3104 1969 οὕτως
3148 1905 3315 1976 ἐσμὲν
3354 1906 3412 1957 ὲν
3454 1902 3608 1975 αὐτῷ
3633 1945 3648 1968 ,
3694 1903 3862 1974 ἔχομέν
3890 1921 3930 1958 τι

713 2000 769 2052 in
800 2013 884 2053 me
910 1997 1032 2052 est?
1064 1996 1165 2061 Qui
1205 1994 1339 2049 vidit
1371 2009 1477 2060 me,
1513 1994 1651 2048 vidit
1679 2002 1730 2049 et
1761 1995 2070 2049 Christum.
2109 1993 2220 2058 Ego
2242 2005 2297 2048 et

711 2089 963 2144 Christus
989 2103 1155 2142 unum
1206 2101 1418 2141 sumus.
1456 2083 1596 2151 Quid
1631 2101 1798 2155 porro
1836 2085 1964 2140 hinc
1995 2087 2298 2156 sequetur?

711 2179 904 2247 Nemo,
941 2187 998 2233 ut
1028 2180 1245 2250 Opinor,
1282 2178 1520 2247 idipsum
1563 2177 1630 2232 de
1662 2187 1814 2246 patre
1866 2178 2051 2232 dicere
2088 2177 2300 2234 verebi-

712 2283 824 2338 tur,
865 2291 883 2325 ι
926 2255 1038 2344 Ego
1068 2279 1124 2327 et
1154 2280 1309 2343 pater
1347 2286 1514 2324 unum
1549 2287 1760 2326 smnus.
1796 2291 1814 2322 ι
1863 2269 1996 2323 Nam
2039 2271 2085 2326 si
2126 2286 2294 2324 unum

712 2378 796 2423 est
830 2377 983 2439 pater
1007 2382 1130 2422 cum
1166 2365 1296 2429 tilio,
1335 2362 1614 2434 quomodo
1647 2378 1754 2416 non
1792 2363 2020 2430 aqualis
2050 2363 2159 2417 erit
2191 2361 2296 2432 ipsi

716 2460 884 2526 Patri,
937 2475 1060 2514 cum
1109 2473 1206 2528 per
1254 2459 1437 2511 omnia
1493 2455 1694 2510 similis
1723 2454 1902 2524 imago
1943 2455 2016 2510 sit
2048 2454 2196 2508 nulla
2229 2469 2292 2508 ex

713 2563 862 2626 parte
887 2551 1186 2608 evariantis
1250 2548 1530 2618 imaginis,
1571 2546 1621 2600 id
1653 2555 1736 2602 est
1762 2544 1924 2599 Filii?
1987 2545 2124 2612 Quis
2159 2559 2292 2616 ergo

710 2660 776 2700 eo
807 2642 1079 2698 vecordiae
1123 2641 1340 2695 labetur
1406 2651 1670 2707 unquam,
1720 2646 1778 2691 ut
1825 2637 2009 2692 dicere
2047 2637 2293 2692 audeat:

711 2735 813 2803 Qui
844 2734 1042 2790 viderit
1082 2748 1166 2788 me
1187 2773 1201 2794 ,
1234 2731 1435 2787 viderit
1467 2739 1524 2787 et
1555 2730 1874 2786 Christum?
1914 2730 2024 2800 Ego
2053 2738 2107 2784 et
2133 2730 2296 2784 Chri-

711 2837 831 2884 stus
862 2841 1031 2882 unum
1060 2825 1292 2881 sumus?
1323 2821 1459 2877 Nam
1490 2823 1535 2878 si
1559 2837 1654 2892 per
1685 2821 2063 2876 habitudinem
2091 2836 2154 2875 ac
2183 2837 2292 2875 non

711 2935 807 2991 per
835 2929 1087 2974 naturam
1141 2914 1342 2969 Filium
1371 2929 1496 2970 esse
1527 2914 1582 2968 in
1633 2913 1793 2968 Patre
1831 2912 2118 2978 concedis,
2155 2924 2207 2968 et
2240 2914 2292 2968 in

709 3010 892 3080 seipso
913 3009 1116 3062 habere
1136 3004 1374 3068 Patrem,
1404 3003 1684 3073 similique
1724 3001 1886 3058 modo
1910 3018 2012 3059 nos
2041 3004 2095 3058 in
2134 3004 2294 3060 Chri-

709 3109 818 3163 sto,
871 3107 926 3153 et
974 3096 1231 3152 Christus
1295 3095 1348 3147 in
1395 3093 1558 3147 nobis
1619 3101 1748 3147 est:
1787 3092 2021 3162 primum
2070 3094 2291 3164 quidem

720 3189 910 3245 eodem
941 3203 1054 3258 quo
1092 3201 1194 3241 nos
1245 3184 1445 3238 ordine
1494 3182 1667 3239 Filius
1706 3185 2058 3249 censebitur;
2097 3186 2295 3241 deinde

710 3283 847 3336 nihil
878 3277 1087 3336 vetabit
1119 3275 1420 3347 quominus
1456 3275 1620 3328 etiam
1655 3275 1835 3345 ipsum
1865 3315 1879 3337 ,
1932 3275 1977 3330 si
2015 3275 2248 3332 velimus
2273 3319 2289 3344 ,

707 3380 1085 3442 prmtergressr
1128 3367 1363 3434 Filium,
1412 3375 1472 3420 ut
1522 3368 1614 3437 qui
1679 3367 2006 3436 interjectus
2054 3368 2160 3433 sit,
2223 3369 2292 3425 ad

709 3468 886 3535 ipsum
917 3462 1136 3516 Patrem
1163 3468 1310 3514 recta
1336 3458 1746 3528 quodanuuodo
1774 3458 2087 3526 tendamus,
2131 3461 2292 3531 eique

710 3572 812 3611 nos
841 3564 947 3610 tam
999 3552 1240 3625 perfecte
1277 3561 1330 3606 et
1387 3560 1581 3606 exacte
1614 3553 1952 3608 assimilatas
1979 3569 2105 3609 esse
2141 3554 2293 3608 dica—

709 3663 853 3711 mus,
891 3655 948 3699 ut
975 3645 1109 3700 nihil
1134 3644 1276 3699 inter
1309 3659 1408 3699 nos
1447 3655 1496 3697 et
1528 3644 1682 3697 illum
1707 3653 1966 3714 appareat
2013 3645 2293 3700 discrimi-

711 3743 814 3795 nis.
847 3740 1026 3796 Unum
1057 3738 1262 3809 quippe
1293 3753 1416 3793 esse
1451 3735 1710 3807 quiddam
1753 3753 1877 3790 cum
1916 3739 2126 3808 aliquo,
2150 3738 2296 3794 hanc

708 3835 816 3887 vim
845 3841 900 3889 et
928 3831 1388 3903 signiﬁcationem
1434 3829 1617 3884 habet.
1650 3827 1928 3899 Numquid
1964 3846 2095 3902 ergo
2138 3831 2293 3888 vide-

708 3927 778 3981 tis
814 3932 1074 3996 quantam
1138 3924 1192 3977 in
1247 3921 1535 3976 stultitiam
1603 3928 1660 3975 et
1720 3921 2053 3991 impietatem
2100 3939 2291 3979 eorum

709 4024 924 4071 mentes
959 4013 1282 4076 ceciderint,
1315 4020 1367 4066 ct
1403 4019 1610 4081 quanta
1643 4026 1701 4066 se
1738 4012 1895 4066 nobis
1927 4012 2290 4068 absurd-arum

711 4107 989 4162 rationum
1040 4104 1199 4158 turba
1228 4101 1854 4173 ingesserit?Quaenam
1905 4102 2071 4174 igitur
2123 4119 2290 4160 causa

709 4199 783 4254 sit
817 4215 916 4254 cur
947 4197 1064 4252 tunc
1091 4195 1276 4250 dicant
1328 4201 1496 4263 atque
1536 4192 1897 4258 contendant,
1933 4203 2154 4265 tamque
2196 4194 2296 4249 fri-

710 4291 850 4343 volis
880 4287 1227 4343 sermonibus
1258 4285 1504 4338 innatent
1525 4324 1540 4346 ,
1578 4300 1848 4355 exponam
1883 4301 2101 4340 rursus.

2399 1999 2562 2052 αὑτὸν
2592 2001 2648 2051 ὲν
2687 2001 2933 2063 ἑαυτοῖς,
2983 1998 3173 2070 ῶσπερ
3218 1993 3310 2052 οὖν
3355 1998 3561 2068 ἀμέλει
3597 1997 3691 2050 καὶ
3718 1997 3858 2060 αὐτὸς
3892 1998 3931 2049 ἐν

2399 2092 2577 2164 Πατρ“ι
2611 2092 2704 2144 καὶ
2743 2090 2770 2141 6
2800 2091 2990 2162 Πατὴρ
3027 2091 3086 2144 ἐν
3117 2089 3287 2160 αὐτῷ,
3317 2089 3464 2142 διατί
3501 2089 3578 2160 μὴ
3607 2089 3804 2159 μακρὸν
3833 2091 3929 2144 ἀνα-

2399 2184 2666 2247 τείνοντες
2700 2183 2790 2237 τδν
2821 2183 3028 2253 αὐχένα
3057 2183 3152 2236 καὶ
3182 2181 3388 2252 ὑψηλὸν
3419 2181 3537 2244 τοῖς
3577 2179 3836 2234 ὑπαντῶσι
3855 2181 3930 2233 δει-

2399 2277 2622 2341 κνύντες
2692 2276 2753 2329 τὸ
2815 2275 3144 2346 πρόσωπον,
3209 2271 3350 2344 μετά
3401 2270 3719 2342 παρρησίας
3765 2271 3925 2340 φαμένι

2410 2369 2550 2439 Ἐγὼ
2580 2372 2637 2422 ἐν
2671 2368 2746 2439 τῷ
2776 2366 3022 2439 Χριστῷ,
3059 2365 3154 2419 καὶ
3179 2367 3207 2419 6
3241 2363 3483 2436 Χριστὸς
3513 2365 3573 2417 ὲν
3609 2362 3753 2434 ἐμοί·
3787 2363 3834 2414 '0
3859 2363 3928 2414 ἑω·

2399 2461 2582 2534 ριιικὼς
2617 2460 2716 2532 ἐμὲ
2742 2499 2756 2524 ,
2801 2458 3012 2530 ἑώρακε
3053 2457 3144 2510 τὸν
3192 2456 3452 2528 Χριστόν⁶
3499 2453 3641 2522 Ἐγὼ
3670 2455 3757 2507 καὶ
3783 2455 3806 2506 6
3831 2455 3927 2524 Χρι·

2399 2553 2520 2616 στος
2549 2552 2609 2605 ἒν
2639 2553 2806 2621 ἐσμεν
2829 2566 2844 2615 ;
2871 2546 3006 2604 Εἶτα
3033 2548 3085 2602 τί
3111 2549 3172 2602 τὸ
3207 2547 3502 2615 ὲντεῦθενς
3546 2547 3658 2600 Οὐκ
3689 2546 3769 2609 ἂν,
3797 2541 3926 2613 οἶμαι,

2395 2644 2478 2707 τὶς
2511 2641 2879 2696 καταδείσειεν
2903 2639 3100 2710 ὀρθῶς,
3125 2639 3234 2692 οὐδ’
3267 2639 3332 2693 ἂν
3363 2640 3700 2709 κατοκνῆσαι
3739 2637 3923 2708 πρεπόν·

2395 2749 2504 2795 τως
2551 2730 2707 2784 τόῦτο
2761 2730 2896 2783 αὐτὸ
2943 2729 3108 2799 φάναι
3157 2729 3442 2800 τολμήσας
3487 2729 3583 2781 καὶ
3633 2728 3752 2799 περὶ
3801 2725 3926 2779 αὐτοῦ

2397 2820 2582 2873 λοιπὸν
2621 2821 2799 2873 εἰπεῖν
2838 2819 2930 2871 τοῦ
2961 2819 3176 2890 Πατρός
3199 2834 3212 2846 ⁸
3257 2838 3273 2870 ι
3317 2817 3461 2887 Ἐγὼ
3510 2819 3605 2872 καὶ
3632 2819 3659 2870 6
3688 2817 3851 2887 Πατὴρ
3885 2817 3924 2868 ἓν

2397 2913 2584 2982 ἐσμεν.
2623 2931 2640 2963 ι
2677 2911 2740 2965 Et
2775 2911 2886 2982 γάρ
2920 2911 2979 2964 ἓν
3034 2912 3182 2964 ἐστιν
3212 2911 3240 2962 6
3271 2911 3464 2982 Πατὴρ
3519 2909 3656 2980 πρὸς
3693 2911 3777 2963 τὸν
3813 2909 3923 2970 Υἱδν,

2397 3004 2514 3067 πῶς
2550 3005 2650 3057 οὐκ
2676 3002 2826 3074 αὐτῷ
2852 3003 3040 3057 λοιπὸν
3071 3003 3414 3074 ίσομοιρήσει
3462 3002 3542 3073 τῷ
3575 3002 3761 3072 Πατρὶ,
3802 2999 3923 3052 εἰκὼν

2396 3097 2814 3169 ἀπαράλλακτος
2847 3096 3269 3167 ἀπαραλλάκτου
3309 3095 3556 3165 γεγονὼς
3583 3095 3794 3160 εἰκόνος,
3818 3091 3924 3145 τοῦτ’

2398 3191 2513 3246 ἔστι
2543 3191 2638 3246 τοῦ
2664 3191 2796 3244 Υἱοῦ
2824 3208 2837 3258 ;
2868 3191 2964 3255 Τίς
2993 3187 3086 3245 οὖν
3116 3192 3224 3262 ἄρα
3257 3190 3393 3262 πρὸς
3421 3189 3588 3243 τοῦτο
3620 3188 3796 3260 μανίας
3827 3203 3922 3239 κατε

2396 3283 2680 3356 οιχήσεταί
2722 3301 2852 3337 ποτε
2878 3324 2892 3346 ,
2925 3283 3000 3347 ὡς
3041 3283 3309 3354 τολμῆσαι
3343 3282 3532 3350 λέγειν
3557 3299 3571 3313 θ
3619 3281 3674 3334 '0
3720 3277 3925 3349 ἑωρακὼς

2400 3378 2521 3448 ἐμὲ,
2567 3375 2783 3448 ἑώρακε
2828 3376 2917 3428 τὸν
2971 3377 3204 3446 Χριστόν
3229 3393 3241 3405 °
3302 3374 3444 3443 Ἐγὼ
3479 3374 3574 3428 καὶ
3603 3376 3629 3428 6
3654 3371 3856 3443 Χριστὸς
3884 3370 3926 3421 ἓν

2400 3470 2568 3540 ὲσμεν
2590 3487 2604 3534 ;
2630 3470 2692 3522 Et
2720 3470 2830 3539 γὰρ
2866 3469 3130 3538 σχετικῶς
3161 3470 3255 3522 καὶ
3283 3469 3342 3522 οὐ
3387 3470 3537 3522 κατά
3586 3468 3740 3538 φύσιν
3771 3462 3924 3517 ἀπονέ-

2404 3579 2525 3634 μεις
2549 3561 2627 3632 τῷ
2656 3561 2772 3632 Υἱῷ
2799 3561 2859 3614 τὸ
2879 3557 3019 3614 εἶναι
3047 3562 3103 3614 ὲν
3136 3561 3212 3632 τῷ
3239 3563 3433 3633 Πατρὶ,
3469 3563 3611 3633 ἔχειν
3639 3577 3695 3614 τε
3718 3561 3769 3612 ἐν
3790 3555 3924 3623 ἑαυτῷ

2399 3650 2492 3702 τὸν
2531 3650 2780 3720 Πατέρα,
2821 3649 2963 3702 οὕτω
2999 3649 3092 3703 καὶ
3133 3651 3291 3719 ἡμεῖς
3323 3653 3379 3704 ἐν
3406 3649 3667 3724 Χριστῷ,
3705 3649 3787 3703 καὶ
3825 3649 3924 3714 X9:-

2401 3739 2526 3802 στὺς
2558 3741 2615 3792 ὲν
2661 3741 2824 3811 ἡμῖν·
2858 3758 3072 3812 πρῶτον
3105 3741 3203 3810 μὲν
3234 3744 3291 3796 ὲν
3327 3740 3484 3806 τάξει
3512 3745 3575 3812 τῇ
3608 3739 3723 3793 καθ’
3761 3738 3876 3808 ἡμᾶς
3904 3737 3923 3786 ὁ

2402 3831 2548 3894 Υίὸς,
2586 3826 2703 3885 εἶτα
2733 3831 2792 3884 τὸ
2817 3832 3023 3886 κωλῦον
3051 3833 3204 3886 οὐδὲν
3229 3835 3648 3905 παρελάσαντας
3674 3833 3759 3886 καὶ
3781 3829 3920 3890 αὑτὸν,

2401 3925 2449 3976 εί
2485 3922 2809 3993 βουλοίμεθα
2836 3965 2850 3988 ,
2897 3924 2988 3976 τὸν
3023 3925 3151 3977 Υίὺν
3175 3964 3189 3987 ,
3232 3925 3307 3988 ὡς
3357 3925 3442 3978 διὰ
3502 3925 3669 3996 μέσου
3702 3921 3918 3989 κείμενον,

2399 4016 2484 4068 ἐπ’
2513 4013 2675 4068 αὐτὸν
2697 4013 2886 4085 ὥσπερ
2915 4015 3267 4086 εὐθυδρομεῖν
3302 4016 3392 4068 τὸν
3418 4015 3661 4087 Πατέρα,
3689 4011 3775 4064 καὶ
3808 4005 3919 4073 αὐτῷ

2400 4106 2860 4178 προσωμοιῶσθαι
2904 4106 3084 4175 λέγειν
3126 4109 3277 4178 ἡμᾶς
3328 4107 3506 4171 οὕτως
3567 4102 3824 4174 ἀκριϐῶς,
3865 4098 3919 4158 ὡς

2397 4197 2567 4269 μηδὲν
2601 4196 2834 4268 ὁρᾶσθαι
2864 4199 2924 4250 τὸ
2951 4198 3288 4252 διαλλάττον.
3318 4199 3392 4252 T6
3437 4199 3546 4271 γὰρ
3582 4196 3637 4250 ἓν
3665 4192 3789 4248 εἶναι
3815 4188 3917 4258 πρῶ

2395 4308 2446 4343 τι
2477 4289 2768 4359 λέγεσθαι,
2811 4291 3070 4362 τοιαύτην
3109 4289 3175 4344 ἂν
3227 4290 3338 4360 ἔχοι
3391 4291 3490 4361 τὴν
3544 4289 3780 4358 δύναμιν.
3822 4278 3915 4348 Ἆρ’

707 4379 802 4437 οὖν
823 4382 922 4452 οὐχ
954 4380 1119 4449 ὁρᾶτε
1147 4381 1227 4439 είς
1276 4379 1410 4450 ὅσην
1460 4379 1642 4442 αὐτοῖς
1691 4378 1984 4432 ἀσυνεσίαν
2043 4397 2101 4433 τε
2148 4381 2284 4452 ὁμοῦ
2327 4384 2422 4437 καὶ
2467 4383 2726 4438 ἀσέϐειαν
2768 4381 3072 4437 κατὼλισθε
3121 4381 3190 4436 τὰ
3233 4384 3592 4454 φρονήματα,
3663 4380 3749 4433 καὶ
3811 4375 3918 4426 ὅσων

708 4479 842 4549 ἡμῖν
892 4472 1166 4546 λογισμῶν
1207 4473 1426 4536 ἀτόπων
1473 4475 1841 4546 εἰσπεπὴδηκβ
1875 4474 2138 4546 θόρυϐος;
2192 4477 2289 4541 Τίς
2327 4474 2422 4532 οὖν
2459 4482 2492 4550 ἡ
2524 4480 2800 4550 πρόφασις
2853 4479 2947 4532 τοῦ
2988 4477 3163 4533 ταῦτα
3195 4477 3376 4547 λέγειν
3415 4479 3511 4532 καὶ
3589 4469 3915 4531 διατείνεσθαι,

710 4569 946 4632 καὶτοῖς
991 4564 1164 4628 οὕτως
1208 4564 1394 4629 ἑώλοις
1435 4566 1791 4638 ἐπινήχεσθαι
1841 4566 2020 4636 λόγοις
2069 4568 2286 4633 αὐτοὺς,
2327 4571 2436 4641 ἐρῶ
2469 4573 2531 4644 δὴ
2565 4572 2745 4626 πάλιν.

785 4660 940 4718 Unus
965 4662 1044 4714 eis
1075 4673 1278 4729 scopus
1330 4659 1647 4728 propositus
1679 4667 1786 4722 est,
1831 4657 2026 4714 Filium
2059 4676 2088 4713 a
2113 4659 2293 4716 Patris

2471 4663 2681 4727 Σκοπὸς
2729 4657 2810 4726 εἷς
2865 4661 3051 4726 αὐτοῖς
3075 4701 3090 4726 ,
3141 4661 3420 4732 ἀλλότριόν
3476 4678 3534 4714 τε
3589 4660 3680 4714 καὶ
3733 4653 3916 4722 ἔκφυλον

711 4755 1022 4812 substantia
1067 4767 1294 4823 prorsus
1347 4751 1664 4809 excludere.
1710 4751 1836 4808 llzec
1877 4757 2023 4808 enim
2064 4769 2093 4807 a
2131 4753 2294 4808 nobis

711 4863 840 4902 vere
875 4846 1006 4908 dici,
1033 4861 1097 4900 ex
1123 4844 1483 4915 sequentibus
1510 4854 1563 4899 et
1596 4845 1663 4900 iis
1717 4861 1840 4914 qua:
1867 4845 2144 4915 prioribus
2173 4845 2294 4914 ejus

711 4938 874 5010 797
931 4937 1289 5006 blasphemiis
1353 4937 1651 5006 suhjuncta
1721 4943 1851 4991 sunt
1907 4950 2288 5008 agnoscemus.

713 5031 911 5086 Subdit
939 5031 1084 5086 enim
1117 5051 1130 5086 :
1164 5029 1367 5087 Verum
1391 5024 1863 5101 quemadmodum
1896 5043 1998 5083 nos
2019 5067 2034 5094 ,
2075 5028 2291 5099 inquit,

711 5127 803 5196 qui
835 5139 1030 5179 sumus
1063 5125 1115 5178 in
1150 5126 1303 5195 ipso,
1351 5122 1753 5194 imperntistam
1807 5130 1988 5175 tamen
2048 5135 2172 5174 cum
2227 5137 2293 5176 eo

713 5219 978 5273 habemus
1033 5217 1419 5290 hypostasim:
1469 5215 1542 5270 ita
1593 5226 1644 5269 et
1698 5213 1908 5275 Filius,
1942 5228 2064 5266 cum
2114 5215 2186 5268 sit
2235 5213 2289 5266 in

715 5310 906 5371 Patre.
956 5309 1276 5365 distinctam
1322 5319 1505 5362 tamen
1558 5305 1724 5359 habet
1779 5306 1848 5358 ab
1901 5303 2145 5375 ingenito
2182 5303 2291 5358 Deo

712 5402 1101 5456 substantiam.
1165 5399 1309 5466 Quid
1371 5398 1489 5462 ais,
1555 5396 1826 5452 demens?
1885 5405 2124 5466 apertam
2189 5396 2292 5452 hoc

711 5491 874 5546 modo
909 5492 1085 5547 fecisti
1121 5503 1269 5545 luam
1323 5491 1374 5543 in
1421 5487 1619 5544 Filium
1667 5489 2082 5559 blasphemiam.
2118 5487 2290 5543 Num-

712 5581 842 5652 quid
877 5598 1007 5653 ergo
1036 5582 1219 5650 quivis
1253 5580 1516 5634 fatebitur
1545 5595 1646 5635 nos
1686 5597 1793 5633 non
1841 5581 2048 5634 frustra
2089 5597 2289 5636 vanum

712 5688 776 5724 ac
831 5671 982 5725 futile
1033 5671 1293 5725 cavillum
1347 5671 1400 5724 in
1457 5671 1842 5726 hwrcticorum
1892 5680 2060 5742 caput
2119 5683 2292 5728 retor-

713 5764 926 5832 quere?
961 5762 1100 5817 Ecce
1143 5762 1291 5817 enim
1333 5770 1479 5831 patet
1509 5779 1605 5818 eos
1639 5763 1771 5816 nihil
1829 5764 1950 5832 plus
2003 5763 2142 5818 Filio
2191 5765 2292 5816 tri-

715 5851 884 5910 buere
926 5869 1090 5924 quant
1146 5854 1381 5910 terrenis
1431 5855 1783 5919 hominibus,
1827 5865 1877 5910 ct
1915 5854 2188 5910 creaturis
2219 5855 2285 5908 ab

2400 4755 2678 4819 παντελῶς
2699 4756 2797 4826 τῆς
2828 4755 2924 4808 τοῦ
2948 4753 3161 4824 Πατρὸς
3192 4753 3379 4816 οὐσίας
3409 4754 3679 4824 ἀποφῆναι
3701 4749 3779 4802 τὸν
3803 4743 3912 4799 Υίόν.

2403 4849 2524 4900 Ὅτι
2561 4846 2670 4919 γὰρ
2713 4847 3071 4917 ἀληθεύοντες
3116 4845 3185 4898 τά
3221 4845 3451 4900 τοιαῦτα
3485 4860 3694 4916 φαμεν,
3735 4841 3792 4894 ὲκ
3835 4832 3916 4887 τῶν

2397 4939 2595 5011 ἐφεξῆς
2649 4940 2741 4992 καὶ
2784 4939 3243 5011 παρεζευγμένων
3296 4940 3418 5002 ταῖς
3467 4937 3742 5010 προτέραις
3785 4921 3912 4982 αὑτοῦ

2395 5031 2734 5102 δυσφημίαις
2784 5031 3062 5101 εἰσόμεθα.
3118 5032 3345 5100 Ἑπάγει
3393 5031 3501 5102 γὰρ
3558 5029 3748 5090 οὕτως·
3808 5015 3912 5073 Ἀλλ’

2399 5125 2590 5196 ῶσπερ
2615 5127 2809 5194 ἡμεῖς,
2843 5123 3007 5194 φησιν
3029 5164 3042 5184 ,
3092 5123 3150 5175 ἐν
3182 5121 3334 5193 αὐτῷ
3380 5123 3566 5188 ὄντες,
3607 5117 3765 5191 ἀμιγῆ
3809 5109 3912 5178 πρὸς

2399 5217 2562 5270 αὐτὸν
2595 5216 2792 5286 ἔχομεν
2826 5214 2922 5286 τὴν
2953 5215 3249 5268 ὑπόστασιν
3274 5231 3286 5242 °
3323 5215 3414 5268 τὸν
3447 5215 3608 5269 αὐτὸν
3638 5210 3815 5282 τρόπον
3843 5201 3914 5253 καὶ

2399 5311 2428 5361 6
2469 5309 2618 5372 Υἱὸς,
2650 5310 2708 5361 ὲν
2757 5306 2834 5376 τῷ
2879 5306 3056 5376 Ιῐατρ)⁸
3083 5306 3391 5374 τυγχάνων,
3427 5300 3818 5374 διακεκριμένην
3840 5289 3910 5344 τοῦ

2399 5399 2695 5467 άγεννήτου
2723 5395 2858 5448 Θεοῦ
2883 5395 2993 5466 ἔχει
3017 5395 3113 5464 τὴν
3136 5395 3344 5449 οὐσίαν.
3371 5397 3435 5448 Τί
3461 5396 3584 5467 φὴς.
3603 5390 3910 5464 ἐμϐρόντητες

2399 5491 2611 5563 γυμνὴν
2649 5489 2792 5544 οὕτω
2828 5489 2926 5559 τὴν
2949 5488 3026 5548 εἰς
3052 5488 3141 5540 τὸν
3166 5487 3292 5540 Υἱὸν
3316 5491 3608 5560 πεποίησαι
3632 5477 3906 5551 δυσφημίαν.

2399 5578 2526 5652 'Ap‘
2555 5576 2648 5634 οὖν
2681 5579 2755 5650 μὴ
2786 5579 3034 5630 διάκενον
3061 5579 3178 5647 ἐρεῖ
3200 5595 3283 5640 τις
3309 5577 3664 5648 συκοφαντίαν
3702 5564 3909 5632 καταχεῖν

2401 5675 2548 5742 ἡμᾶς
2577 5669 2892 5737 ἐπείγεσθαι
2926 5671 3024 5740 τῆς
3055 5670 3163 5722 τῶν
3193 5669 3481 5742 θεομάχων
3519 5667 3774 5738 κεφαλῆ;;

2398 5766 2506 5830 γὰρ
2538 5761 2745 5829 σαφῶς,
2775 5760 2925 5812 οὐδὲν
2959 5759 3090 5821 ὅλως
3123 5760 3180 5812 τὸ
3218 5761 3398 5814 πλεῖον
3427 5759 3767 5828 ἀπονέμουσιν
3792 5747 3905 5809 αὐτη)

2395 5856 2501 5908 τῶν
2537 5855 2643 5908 ἀπὸ
2673 5852 2776 5924 γῆς
2799 5852 3117 5922 χέχόνότων,
3154 5853 3248 5906 καὶ
3269 5854 3338 5907 δι’
3374 5853 3536 5908 αὑτοῦ
3570 5850 3692 5923 πρὸς
3724 5843 3772 5898 τὸ
3801 5834 3904 5892 tim
