4096 6478
154 437 249 503 ﬁ?

1205 432 1272 498 1N
1309 431 1596 502 JOANNIS
1634 427 2090 499 EVANGELIUM
2131 426 2264 497 LIB.
2289 432 2384 498 ix.

3308 431 3413 500 ass

155 546 664 631 παρενηνεγμένων.
731 546 874 628 Ἐγὼ
925 559 1004 626 δὲ,
1036 560 1214 615 καίτοι
1264 561 1386 617 λίαν
1437 562 1724 633 ἀφορήτως

1831 571 1898 611 eo
1933 556 1999 610 ad
2038 573 2164 612 esse
2198 557 2506 628 productis.
2562 555 2676 628 Ego
2707 569 2837 611 vero
2871 559 3123 628 quamvis
3173 559 3416 630 graviter

155 653 284 722 ἔχων
323 651 408 717 ἐφ’
436 646 524 712 οἷς
555 651 724 704 εἰπεῖν
758 651 808 702 oi
837 650 1058 704 δείλαιοι
1086 653 1507 724 τετολμήκασιν,
1551 655 1728 706 ἐκεῖνο

153 746 313 809 δεῖξαι
363 744 725 814 πειράσομαι,
758 743 836 814 τῷ
887 744 1073 815 σκοπῷ
1114 746 1274 800 πάλιν
1316 747 1582 816 ἑπόμενος
1629 746 1729 814 τῆς

154 837 295 898 θείας
353 836 623 905 Γραφῆςν
683 835 758 900 ὼς
809 837 1040 908 ἐπείπερ
1089 837 1380 908 ἀρνοῦνται
1428 838 1517 890 τὸν
1574 837 1726 901 Υίὸν,

157 927 560 996 σδνηρνήσαντο
595 927 684 979 τὸν
717 927 939 999 Πατέρα
961 971 976 994 ,
1029 930 1122 982 καὶ
1163 930 1348 984 λοιπόν
1380 932 1516 982 εἰσιν
1551 930 1725 995 ἄθεοι,

153 1021 239 1071 καὶ
264 1017 456 1071 ἐλπίδα
504 1018 582 1089 μὴ
621 1019 835 1089 ἔχοντες
864 1021 922 1072 ἐν
955 1021 1089 1090 τῷδε
1119 1022 1198 1092 τῷ
1241 1023 1460 1092 κόσμῳ,
1497 1023 1638 1077 κατὰ
1669 1022 1728 1076 τὸ

153 1109 554 1179 γεγραμμένον.
582 1112 691 1164 Καὶ
709 1112 791 1165 ὃτι
830 1112 1010 1182 φαμὲν
1036 1113 1238 1176 καλῶς,
1276 1112 1483 1184 ἀληθὴς
1515 1114 1728 1185 μάρτυς

152 1204 273 1272 ἡμῖν
338 1202 660 1272 ιίσὸήσεται
713 1203 742 1256 6
797 1203 1050 1276 θεοφιλὴς
1119 1203 1375 1276 Ἰωάννης
1432 1204 1727 1276 γεγραφὼς

152 1294 302 1348 ὠδίί
335 1295 391 1347 '0
421 1295 760 1366 ἀρνούμενος
789 1298 879 1349 τὸν
911 1298 1148 1368 Πατέρα,
1182 1300 1276 1351 καὶ
1316 1298 1406 1351 τὸν
1429 1298 1578 1350 Υίόν·
1620 1299 1728 1362 πᾶς

151 1387 534 1459 δάρνοῦμενος
571 1389 664 1442 τὸν
709 1389 871 1454 Υίὸν,
916 1392 1035 1444 οὐδὲ
1092 1395 1183 1446 τὸν
1229 1392 1449 1466 Πατέρα
1492 1394 1638 1464 ἔχει·
1699 1397 1727 1447 6

153 1479 418 1549 ὁμολογῶν
449 1479 543 1532 τὸν
583 1480 732 1546 Υίδν,
761 1483 856 1535 καὶ
890 1482 978 1536 τὸν
1017 1484 1234 1556 Πατέρα
1276 1485 1408 1556 ἕχει.
1454 1505 1471 1537 ι
1520 1485 1726 1556 Ὀρθῶς

153 1572 202 1624 δέ
227 1587 277 1623 τι
304 1572 424 1625 λίαν
465 1568 495 1624 6
528 1575 976 1647 πνευματοφόρος
1003 1617 1016 1640 ,
1052 1578 1145 1629 καὶ
1175 1579 1274 1647 τῆς
1306 1576 1384 1648 τῷ
1412 1577 1556 1647 λόγῳ
1600 1595 1728 1648 πρε-

155 1661 344 1732 ποῦσης
369 1663 646 1734 ἁρμονίας
667 1665 767 1718 οὐκ
796 1664 900 1730 ἔξω
924 1666 1090 1730 τιθεὶς
1115 1657 1174 1720 τδ
1193 1667 1474 1739 θεώρημα.
1509 1669 1725 1739 Ἐπειδὴ

153 1757 254 1828 γὰρ
281 1753 417 1809 οἶδεν
447 1755 552 1811 οὐκ
598 1758 823 1830 ὀνόματι
881 1761 1074 1829 μόνον,
1113 1762 1363 1833 ἐνεργείᾳ
1407 1762 1463 1815 δέ
1502 1761 1723 1832 μᾶλλον,

155 1849 279 1920 ὅπερ
309 1843 443 1902 εἶναι
476 1851 578 1904 καὶ
614 1850 863 1919 λέγεται,
909 1851 1056 1904 τοῦτ’
1109 1851 1223 1905 ἔστι
1249 1892 1264 1917 ,
1317 1853 1508 1924 Πατὴρ
1533 1894 1546 1916 ,
1583 1852 1727 1907 κατὰ

157 1941 304 2008 φύσιν
345 1941 665 2012 ὑπάρχοντα
692 1983 706 2004 ,
741 1944 1057 2012 ἀναγκαίως
1085 1944 1276 2009 συνεξα
1289 1945 1529 2015 ρνεῖσθαί
1561 1964 1728 2016 φησιν

159 2031 312 2103 ἑτέρῳ
337 2031 429 2086 τὸν
459 2033 673 2104 ἕτερον.
709 2035 1090 2107 Συνειστρέχει
1122 2037 1232 2108 γάρ
1267 2057 1382 2100 πως
1418 2039 1504 2090 ἀεὶ
1539 2037 1615 2110 τῷ
1661 2054 1727 2108 γε

157 2123 256 2177 δντι
298 2124 433 2176 κατά
469 2124 638 2194 φύσιν
667 2127 760 2180 καὶ
789 2130 1064 2199 νοουμένῳ
1095 2128 1272 2202 Πατρὶ
1298 2125 1391 2182 τοῦ
1430 2128 1727 2200 προελθόν-

157 2231 237 2278 τος
267 2216 321 2280 ἐξ
348 2216 513 2270 αὐτοῦ
549 2220 894 2289 γεννήματος
929 2221 962 2291 ἡ
991 2220 1194 2288 γνῶσίς
1231 2233 1288 2274 τε
1335 2222 1430 2274 καὶ
1470 2222 1723 2292 δήλωσις,

161 2307 243 2361 ut
275 2307 347 2376 τῷ
380 2309 702 2380 γεννηθέντι
761 2311 904 2364 κατὰ
956 2312 1251 2382 ἀλήθειαν,
1294 2313 1354 2367 τὸ
1395 2313 1487 2367 τοῦ
1523 2315 1724 2368 τίκτειν

166 2400 443 2470 πεφυκότος
488 2405 889 2456 συνεπινοεῖται
944 2405 1257 2474 πρόσωπον.
1289 2404 1439 2476 ’Ἅμα
1483 2405 1590 2478 γάρ
1640 2423 1724 2471 τις

166 2488 290 2557 έγνω
320 2489 560 2561 πατέρα,
596 2492 829 2563 συνῆκεν
866 2493 948 2545 ὃτι
977 2493 1296 2565 γεγέννηκε,
1335 2497 1428 2548 καὶ
1455 2498 1502 2548 εἰ
1538 2497 1722 2567 μάθει⁶

162 2579 216 2636 τδ
243 2580 507 2653 γέννημα,
540 2583 876 2638 διακείσεται
913 2587 1131 2650 πάντως
1174 2588 1255 2640 ὅτι
1311 2588 1516 2660 πατρὸς
1561 2590 1721 2658 ἐξέφυ

118 2747 124 2754 ι
161 2673 304 2736 τινός.
333 2673 546 2727 Οὐκοῦν
581 2675 650 2728 δι’
682 2677 886 2745 ἀμφοῖν
915 2679 1030 2740 τοῖς
1064 2677 1435 2748 ἀκροωμένοις
1467 2681 1499 2750 ἡ
1529 2680 1723 2732 ἑκατέ-

162 2782 243 2835 ρου
272 2765 465 2833 γνῶσις
507 2765 859 2822 ὲντίκτεται·
898 2769 994 2822 καλ⁸
1042 2770 1420 2840 ἀρνησάμενος
1470 2773 1568 2841 μέν
1617 2789 1721 2837 τις,

159 2861 231 2912 ὅτι
262 2860 440 2930 Πατήρ
475 2860 632 2912 ἐστιν
661 2860 878 2930 ἀληθῶς
913 2863 941 2913 ὁ
979 2860 1130 2925 Θεὸς,
1167 2865 1553 2934 συναναιρήσει
1587 2864 1723 2918 πάνυ·

159 2967 253 3013 τως
289 2952 380 3023 τήν
409 2951 502 3004 τοῦ
549 2951 675 3004 Υἰοῦ
724 2952 999 3023 γέννησιν.
1046 2953 1300 3024 Γέννημα
1343 2955 1400 3007 δὲ
1432 2956 1592 3010 πάλιν
1623 2959 1722 3028 οὐχ

160 3043 470 3113 ὁμολογήσας
496 3040 644 3096 εἶναι
675 3044 766 3096 τὸν
797 3043 944 3108 Υἰὺν,
977 3044 1074 3114 τὴν
1110 3047 1239 3116 περὶ
1279 3045 1372 3099 τοῦ
1404 3049 1619 3119 Πατρδς
1646 3050 1722 3118 (Ἰ)

159 3135 338 3203 γνῶσιν
364 3135 643 3203 συνεξελεῖ
676 3135 740 3207 δὴ
787 3137 1004 3200 πάντως
1033 3137 1202 3208 αὐτῷ.
1233 3139 1360 3191 Ὅτε
1388 3139 1566 3192 τοίνυν
1610 3143 1724 3203 τοῖς

161 3227 369 3292 ἀνοσίοις
418 3229 574 3298 ἡμᾶς
627 3229 1134 3298 κατασφενδονήσας
1178 3229 1393 3299 λόγοις,
1440 3231 1722 3302 διακεκρι-

165 3319 311 3388 μένην
350 3317 441 3372 τοῦ
485 3320 795 3391 ἁγεννήτου
830 3319 968 3373 Θεοῦ
1016 3321 1115 3392 τὴν
1156 3322 1345 3375 οὐσίαν
1393 3323 1722 3378 διατείνεται

163 3404 287 3473 [xciv
315 3405 399 3460 τὸν
427 3406 599 3473 Υίὸν,
636 3407 751 3470 πῶς
782 3408 844 3461 οὐ
876 3409 1175 3481 διαρρήδην
1211 3412 1332 3465 οὐδὲ
1380 3413 1508 3466 Υἱὸν
1547 3415 1723 3486 ὑπάρ-

164 3513 263 3565 χειν
292 3497 444 3551 αὐτὺν
488 3500 790 3568 ὁμολογεῖ;
850 3501 980 3555 Υίοῦ
1030 3503 1088 3556 δὲ
1140 3505 1242 3557 οὐκ
1271 3504 1462 3568 ὄντος,
1512 3508 1622 3560 οὐδ’
1655 3507 1722 3560 ἂν

171 3588 310 3652 αὐτὸς
337 3590 364 3642 ὁ
388 3591 583 3662 Πατὴρ
613 3592 827 3664 ἀληθῶς
855 3593 936 3647 ἔτι
970 3598 1142 3649 νοοῖτο
1177 3598 1385 3668 Πατήρ.
1425 3597 1583 3661 Τίνος
1613 3599 1723 3670 γὰρ

166 3677 296 3733 ἔσται
332 3683 532 3755 πατὴρ,
582 3686 632 3737 εἰ
665 3685 741 3754 μὴ
767 3686 999 3752 τέτοκε;
1033 3690 1428 3762 Διακεκρίσθαι
1463 3694 1563 3762 μὲν
1614 3694 1722 3765 γὰρ

166 3771 269 3842 οὐχὶ
293 3775 382 3844 τῆς
411 3776 641 3840 οὐσίας,
691 3777 827 3830 ἀλλὰ
878 3778 973 3832 τοῦ
1026 3781 1322 3850 προσώπου
1376 3783 1470 3837 τοῦ
1513 3785 1723 3856 Πατρὸς

167 3866 246 3918 καὶ
276 3868 417 3920 αὐτοί
457 3887 645 3940 φαμεν
674 3871 764 3923 τὸν
811 3871 969 3937 Υἰὸν,
1020 3875 1118 3943 οὐχ
1168 3875 1243 3938 ὡς
1271 3875 1557 3948 ἀλλότριον
1593 3879 1724 3933 ὄντα

168 3957 287 4009 κατὰ
323 3957 474 4027 φύσιν
510 3959 684 4013 αὐτοῦ
710 4003 724 4028 ,
771 3963 1021 4035 καθάπερ
1052 3965 1244 4034 ἀμέλει
1287 3969 1399 4032 τοῖς
1429 3969 1723 4041 Θεομάχοις

166 4046 309 4110 δοκεῖ,
343 4049 450 4102 ἀλλ’
479 4051 562 4115 ὡς
599 4052 727 4106 ὄντα
756 4071 814 4107 τε
849 4056 944 4108 καὶ
981 4056 1272 4128 νοούμενον
1302 4063 1361 4113 ὲν
1407 4062 1520 4133 ἰδίῳ
1549 4081 1724 4135 προσ-

167 4137 304 4230 ώπῳ,
341 4145 430 4196 καὶ
464 4146 591 4198 κατ’
640 4145 778 4199 ἰδίαν
811 4146 1046 4220 ὓπαρξιν
1091 4152 1394 4224 ἑτερότητι.
1446 4155 1574 4218 Υἱὸς
1613 4157 1724 4230 γάρ

168 4229 292 4295 ἐστι,
329 4236 421 4289 καὶ
453 4239 516 4291 οὑ
550 4239 738 4310 Πατήρ
761 4257 774 4270 ’
806 4241 1187 4313 διακεκρίσθαι
1226 4263 1290 4314 γε
1341 4247 1449 4318 μὴν
1484 4250 1604 4302 κατ’
1634 4229 1724 4305 οὗ·

171 4325 274 4414 σίαν
299 4326 403 4380 οὔτ’
430 4329 496 4384 ἂν
536 4331 691 4385 αὐτοὶ
723 4334 984 4405 φαίημεν,
1020 4336 1155 4406 εἴγε
1190 4339 1495 4411 φρονοῦμεν
1523 4343 1721 4414 ὀρθῶς,

169 4409 273 4464 οὔτε
310 4416 406 4468 τινὶ
437 4417 550 4470 τῶν
597 4420 843 4489 ἀδελφῶν
888 4409 1422 4498 συμϐουλεύσαιμεν.
1460 4409 1585 4496 Πῶς
1617 4409 1725 4508 γὰρ

169 4500 223 4550 ἂν
249 4505 333 4556 καὶ
367 4507 713 4581 διακέκριται
745 4513 907 4582 μόνον
929 4554 944 4579 ,
988 4516 1109 4570 καθ’
1142 4518 1280 4590 ὅπερ
1317 4521 1466 4576 ἐστὶν
1507 4500 1726 4590 ἰδιαζόν-

1834 656 1889 704 et
1923 649 2115 719 iniquo
2145 650 2335 703 animo
2367 648 2542 706 feram
2579 665 2642 707 ea
2672 665 2793 719 qua:
2827 651 3076 720 proferre
3107 652 3228 705 ausi
3284 661 3416 706 sunt

1837 742 2052 805 miseri,
2085 743 2384 798 ostendere
2416 753 2596 798 tamen
2649 744 2896 798 conabor
2951 729 3180 813 scopum
3219 759 3416 799 rursus

1837 848 2076 904 sequens
2106 832 2308 889 divina:
2339 833 2643 905 Scriptura:
2666 874 2680 900 ,
2719 850 2815 890 eos
2858 850 3054 905 nempe
3083 834 3177 906 qui
3217 845 3418 907 negant

1797 947 1799 950 ⁴
1837 923 2068 991 Filium,
2103 925 2268 979 simul
2296 941 2515 996 quoque
2548 941 2751 998 negare
2780 926 2998 981 Patrem
3023 967 3038 991 ,
3064 942 3272 997 eosque
3298 927 3418 982 sine

1836 1018 1948 1075 Deo
2004 1019 2222 1074 tandem
2278 1034 2442 1082 esse,
2492 1027 2545 1073 et
2593 1034 2747 1089 spem
2802 1035 2911 1073 non
2959 1019 3164 1074 habere
3211 1019 3267 1072 in
3313 1019 3416 1074 hoc

1838 1111 2046 1165 mundo
2068 1151 2080 1170 .
2116 1110 2262 1164 sicut
2289 1110 2556 1180 scriptum
2592 1117 2677 1164 est
2712 1111 2800 1164 "?
2831 1109 2984 1176 Quod
3018 1118 3166 1165 recte
3195 1126 3223 1164 a
3258 1109 3416 1166 nobis

1834 1203 1982 1267 dici,
2020 1202 2180 1257 testis
2232 1202 2482 1272 locuples
2529 1201 2692 1257 nobis
2745 1203 2851 1256 erit
2901 1203 3024 1273 pius
3057 1203 3147 1257 ille
3171 1202 3415 1258 Joannes

1836 1295 1909 1348 ita
1938 1293 2226 1349 scribens:
2260 1311 2278 1345 ι
2302 1292 2406 1359 Qui
2443 1293 2658 1346 Patrem
2685 1303 2882 1363 negat,
2909 1304 3067 1364 negat
3090 1302 3142 1348 et
3169 1293 3411 1348 Filium:

1835 1386 2017 1440 omnis
2049 1385 2143 1454 qui
2183 1391 2345 1454 negat
2376 1381 2580 1438 Filium
2605 1423 2619 1448 ,
2658 1399 2759 1439 nec
2804 1383 3022 1438 Patrem
3071 1386 3236 1441 habet
3268 1405 3280 1442 :
3317 1387 3413 1457 qui

1834 1475 2128 1532 confitetur
2159 1475 2358 1530 Filium
2382 1516 2397 1542 ,
2431 1485 2485 1531 et
2519 1475 2736 1532 Patrem
2775 1477 2937 1532 habet
2970 1479 3034 1530 ἰ.
3068 1498 3085 1528 ι
3117 1478 3282 1534 Recte
3312 1495 3416 1533 au-

1835 1577 1944 1623 tem
1979 1569 2066 1621 vir
2093 1568 2341 1634 divinus,
2392 1583 2574 1638 neque
2622 1567 2676 1621 id
2711 1577 2868 1624 extra
2902 1571 3177 1626 sermonis
3216 1573 3414 1628 seriem

1833 1667 1888 1713 et
1921 1658 2195 1714 ordinem.
2231 1658 2364 1712 Nam
2398 1675 2522 1713 cum
2558 1659 2729 1716 sciret
2774 1677 2884 1716 non
2931 1662 3107 1717 solum
3160 1665 3413 1730 nomine,

1834 1756 1930 1810 sed
1982 1771 2042 1810 re
2083 1763 2137 1810 et
2177 1763 2299 1810 actu
2337 1757 2556 1826 potius,
2598 1755 2651 1811 id
2683 1756 2831 1827 quod
2872 1773 2996 1813 csse
3036 1759 3263 1826 dicitur,
3310 1757 3416 1812 Pan

1835 1855 1972 1901 trem
2004 1847 2267 1901 nimirum
2300 1848 2604 1904 secundum
2657 1859 2909 1904 naturam
2963 1852 3266 1916 exsistere,
3317 1866 3417 1907 nec

1763 1919 1806 1975 Β
1837 1938 2080 1994 cessario
2129 1938 2296 1992 inl'ert
2359 1940 2594 1993 alterum
2645 1941 2836 2011 negari
2885 1957 2992 1996 una
3039 1958 3161 1997 cum
3215 1943 3415 1998 altero.

1831 2028 2131 2084 Concurrit
2166 2031 2313 2084 enim
2360 2046 2483 2085 cum
2532 2046 2599 2086 eo
2647 2033 2740 2101 qui
2784 2041 2978 2087 natura
3032 2030 3192 2088 Pater
3234 2045 3315 2090 est
3353 2050 3417 2090 ac

1832 2122 2188 2192 intelligitur,
2219 2123 2580 2192 procedentis
2624 2139 2689 2178 ex
2729 2125 2850 2195 ipso
2885 2122 3008 2178 Filii
3043 2128 3286 2198 cognitio
3333 2139 3417 2182 at-

1830 2227 1939 2287 que
1966 2215 2298 2286 signiﬁcatio
2319 2257 2334 2283 ,
2375 2225 2430 2271 et
2462 2233 2585 2271 cum
2621 2233 2686 2273 eo
2714 2220 2806 2288 qui
2843 2235 3033 2274 revera
3065 2221 3282 2291 genitus
3308 2230 3413 2287 est,

1827 2309 2100 2381 genitoris
2130 2324 2364 2378 persona
2398 2311 2562 2365 simul
2598 2312 2932 2380 concipitur.
2971 2310 3146 2365 Simul
3178 2328 3242 2366 ac
3268 2313 3414 2367 enim

1831 2409 2044 2472 patrem
2090 2402 2247 2455 novit
2280 2403 2514 2473 aliquis,
2553 2403 2813 2473 genuisse
2857 2404 3146 2474 intelligit;
3177 2413 3233 2460 et
3267 2406 3315 2460 si
3354 2405 3416 2459 li-

1830 2491 1965 2545 lium
1998 2493 2280 2558 audierit,
2315 2493 2508 2562 utique
2538 2493 2738 2549 sentiet
2773 2510 2839 2549 ex
2877 2495 3065 2566 aliquo
3102 2505 3254 2564 patre
3297 2496 3415 2551 edi»

1831 2593 1966 2639 tum.
1996 2585 2265 2652 Quocirca
2290 2603 2384 2657 per
2407 2588 2644 2641 alterum
2667 2588 2896 2644 alterius
2923 2590 3117 2643 notitia
3143 2590 3195 2642 in
3223 2592 3416 2644 menti-

1830 2676 1934 2733 bus
1965 2678 2279 2733 auditorum
2309 2679 2573 2749 gignitur,
2603 2688 2656 2733 et
2684 2680 2729 2733 si
2762 2680 2886 2749 quis
2921 2681 3206 2751 negaverit
3244 2681 3413 2735 Deum

1829 2783 1959 2824 vere
1988 2784 2114 2824 esse
2142 2767 2398 2833 Patrem,
2435 2768 2598 2823 simul
2635 2769 2800 2824 etiam
2835 2767 2954 2822 Filii
2999 2770 3413 2840 generationem

1829 2869 2064 2917 evertet.
2104 2860 2316 2916 Rursus
2346 2877 2512 2925 vero,
2545 2864 2866 2932 quicunque
2896 2863 3146 2932 geniuien
3184 2879 3292 2918 non
3332 2862 3411 2916 fa-

1828 2952 2036 3007 tebitur
2065 2967 2190 3007 esse
2222 2949 2419 3005 Filium
2442 2991 2456 3014 ,
2506 2952 2734 3006 omnino
2770 2951 2951 3007 Patris
2997 2953 3253 3007 notitiam
3304 2967 3412 3009 una

1828 3058 1955 3100 cum
1991 3046 2110 3116 ipso
2139 3044 2356 3114 eripiet.
2387 3044 2523 3101 Cum
2554 3061 2687 3115 ergo
2722 3060 2823 3100 nos
2857 3045 3039 3114 impiis
3071 3054 3266 3116 petens
3295 3062 3411 3102 ser-

1830 3137 2087 3193 monibus
2108 3177 2123 3202 ,
2156 3120 2578 3190 distinctam‘ab
2612 3135 2860 3208 ingenito
2888 3135 3002 3192 Deo
3040 3138 3411 3192 substantiam

1835 3231 2036 3287 habere
2051 3228 2252 3285 Filium
2278 3228 2605 3292 contendat,
2633 3229 2896 3298 numquid
2932 3239 3120 3299 aperte
3149 3229 3412 3299 przedicat

1831 3340 1900 3380 ne
1931 3324 2112 3396 ipsum
2139 3323 2362 3394 quidem
2395 3339 2518 3378 esse
2548 3321 2794 3376 Filium?
2825 3321 2982 3388 Quod
3019 3323 3063 3376 si
3094 3321 3269 3378 Filius
3300 3336 3411 3377 non

1827 3417 1933 3482 sit,
1967 3433 2034 3471 ne
2061 3417 2177 3486 ipse
2203 3415 2568 3486 quidem'jam
2597 3414 2757 3470 Pater
2784 3431 2908 3471 vere
2935 3415 3278 3470 censebitur.
3305 3416 3412 3470 Cu-

1821 3509 1914 3580 jus
1962 3509 2110 3564 enim
2159 3518 2313 3578 pater
2359 3507 2578 3562 futurus
2623 3513 2730 3573 est,
2780 3509 2824 3561 si
2878 3525 2984 3561 non
3031 3507 3414 3578 genuit?Dis-

1828 3602 2062 3654 tinctum
2105 3603 2306 3670 quippe
2343 3615 2467 3654 esse
2519 3615 2630 3654 non
2668 3615 2698 3652 a
2736 3599 3046 3655 substantia
3073 3641 3088 3665 ,
3140 3600 3236 3656 sed
3286 3617 3413 3670 per-

1826 3707 1959 3747 sona
1997 3690 2174 3744 Patris
2203 3691 2306 3762 ipsi
2335 3706 2555 3761 quoque
2583 3691 2886 3746 asserimus
2907 3732 2922 3757 ,
2957 3707 3066 3745 non
3092 3693 3251 3761 quasi
3281 3693 3414 3746 alie-

1826 3798 1934 3837 nus
1969 3782 2043 3836 sit
2077 3781 2146 3835 ab
2175 3797 2240 3836 eo
2275 3780 2583 3836 secundum
2617 3789 2908 3846 naturam,
2940 3781 3103 3836 sicuti
3147 3781 3410 3835 nimirum

1829 3874 1922 3929 Dei
1963 3873 2221 3930 hostibus
2253 3873 2496 3937 videtur.
2523 3873 2618 3928 sed
2655 3883 2715 3928 ut
2739 3874 2830 3944 qui
2862 3873 2934 3930 sit
2972 3881 3028 3929 et
3072 3873 3412 3945 intelligatur

1829 3965 1882 4019 in
1922 3965 2142 4036 propria
2178 3981 2452 4035 persona,
2487 3962 2653 4036 798
2684 3974 2738 4021 et
2780 3965 3068 4037 hypostasi
3112 3968 3271 4022 alter.
3319 3967 3413 4022 Fi-

1828 4057 1937 4112 lius
1991 4059 2136 4112 enim
2187 4063 2300 4122 est,
2349 4072 2413 4112 ac
2450 4073 2557 4113 non
2591 4057 2791 4114 Pater:
2831 4075 3012 4130 neque
3056 4067 3244 4116 tamen
3280 4063 3413 4117 'sub-

1828 4151 2036 4206 stantia
2085 4150 2350 4222 distingui
2395 4149 2742 4216 dixerimus,
2788 4152 2834 4207 si
2883 4167 3036 4207 mens
3080 4153 3242 4208 nobis
3279 4169 3413 4207 sana

1828 4242 1935 4307 sit,
1972 4255 2152 4314 neque
2199 4241 2254 4296 id
2311 4241 2408 4296 ulli
2459 4241 2695 4296 fratrum
2745 4245 3212 4300 consuluerimus.
3266 4245 3418 4313 Quu-

1829 4334 1994 4388 modo
2023 4334 2170 4389 enim
2201 4334 2367 4389 etiam
2403 4333 2834 4405 unumquodque
2868 4335 3261 4406 singularitate
3294 4352 3417 4406 per-

1829 4439 1978 4483 sona:
2013 4433 2226 4482 tantum
2261 4427 2666 4498 distinguitur?
2691 4426 2891 4484 Petrus
2924 4429 3067 4483 enim
3099 4438 3184 4483 est
3216 4427 3416 4484 Petrus

1828 4536 1893 4575 ac
1919 4535 2032 4576 non
2071 4519 2300 4584 Paulus,
2337 4527 2391 4575 et
2423 4519 2628 4576 Paulus
2660 4528 2746 4576 est
2776 4519 3006 4587 Paulus,
3034 4538 3143 4576 non
3175 4521 3375 4578 Petrus
3399 4565 3414 4588 ,

171 4607 261 4655 τως
292 4594 556 4666 iurem;
613 4601 671 4655 Ὀ
709 4604 914 4676 Πέτρος
955 4606 1064 4676 γὰρ
1121 4610 1326 4682 Πέτρος
1372 4614 1488 4666 ἐστὶ
1527 4617 1621 4669 καὶ
1663 4618 1723 4672 οὐ

1832 4621 2212 4668 verumtamen
2285 4613 2594 4668 indistincti
2655 4623 2941 4670 remanent
3005 4624 3225 4669 natura.
3295 4613 3413 4670 Una

174 4683 384 4779 Παῦλος,
415 4692 506 4744 κα)⁸
551 4695 580 4745 6
614 4693 826 4758 Παῦλος
861 4697 921 4749 οὐ
971 4698 1176 4771 Πέτρος
1207 4741 1220 4764 ,
1256 4702 1478 4772 μένουσί
1517 4724 1580 4775 γε
1616 4710 1724 4779 μὴν

173 4774 439 4871 ἀδιόικριτοι
469 4785 614 4837 κατὰ
645 4787 742 4858 τὴν
775 4786 957 4856 φύσιν.
997 4787 1096 4854 Εἷς
1124 4793 1231 4864 γὰρ
1278 4797 1364 4848 ἐπ’
1395 4774 1596 4868 ἀμφοῖν
1617 4774 1725 4871 ⁷τῆς

174 4865 334 4932 οὐσίας
359 4873 384 4924 6
410 4874 590 4943 λόγος,
623 4877 718 4930 καὶ
764 4879 872 4932 τῶν
910 4881 1089 4934 αὐτῶν
1134 4884 1577 4957 ἀπαραλλάκτως
1611 4891 1723 4955 ags:

177 4957 232 5057 τξ
273 4962 666 5057 πῴςιένότητα
702 4971 956 5057 Δφυσικὴν
1008 4975 1363 5048 συνδούμενα.
1419 4979 1525 5034 Τοῦ
1571 4979 1626 5034 δὲ
1657 4984 1722 5057 δὴ

175 5042 311 5114 χάριν
368 5051 433 5103 τὰ
490 5054 722 5108 τοιαῦτά
772 5075 995 5128 φαμεν;
1075 5063 1368 5132 Ἐπιδεῖξαι
1427 5071 1536 5143 γὰρ
1593 5042 1726 5144 ἡμῖν

180 5139 374 5205 σκοπὸς,
419 5143 499 5197 ὅτι
544 5147 870 5216 φρονοῦντες
896 5152 1095 5207 ἐκεῖνοι
1125 5156 1419 5227 δυσσεϐῶς,
1453 5163 1554 5234 τῆς
1584 5167 1726 5222 κατὰ

178 5227 318 5292 φύσιν
367 5233 614 5308 θεότητος
671 5241 951 5306 ἐξέλκουσι
1005 5246 1095 5299 τὸν
1140 5249 1303 5316 Υίὸν,
1367 5256 1522 5309 οὐδὲν
1576 5260 1726 5316 αὐτῶ

180 5317 337 5387 πλέον,
369 5329 616 5402 καθάπερ
653 5333 752 5403 ήδη
799 5336 1134 5410 προείπομεν
1157 5384 1171 5404 ,
1237 5348 1492 5418 σχετικῆς
1521 5315 1724 5405 ὀιιττονέἱ

181 5424 346 5508 parte;
372 5421 695 5493 οἰκειότητος
733 5425 835 5498 τῆς
882 5428 958 5492 ὡς
990 5432 1130 5502 πρὸς
1177 5436 1394 5508 Πατέρα
1428 5443 1522 5495 καὶ
1569 5445 1721 5502 Θεόν.

344 5509 616 5612 διὰ-ποίαν
665 5520 845 5573 αἰτίαν
877 5501 1043 5593 ἡμᾶς
1076 5501 1496 5604 παραδείγματα
1537 5557 1720 5612 παρα-

181 5591 337 5662 θέντες
371 5605 458 5658 τοῦ
504 5607 695 5677 λόγου,
748 5613 1014 5688 Καθάπερ
1060 5622 1256 5689 ἡμεῖς,
1297 5629 1496 5695 φασὶν,
1543 5591 1722 5706 ἀμιιγῆ

248 5755 286 5783 ’³
326 5757 507 5828 Ephes.
548 5783 608 5830 ιι,
646 5769 728 5824 l2.
815 5772 858 5800 “
892 5773 908 5826 Ι
941 5770 1100 5829 Joan.
1133 5793 1194 5842 ιι,
1229 5780 1322 5836 ‘22.

1829 4708 1977 4762 enim
2024 4715 2109 4762 est
2151 4707 2208 4761 in
2246 4708 2519 4762 ambobus
2560 4709 2704 4762 ratio
2738 4709 3096 4774 substantiae,
3131 4716 3184 4762 et
3219 4709 3413 4763 eadem

1829 4801 1972 4854 citra
2007 4799 2368 4854 variationent
2408 4801 2570 4854 ullam
2608 4801 2812 4856 habent
2844 4817 2967 4870 qua:
2999 4801 3064 4854 ad
3103 4802 3414 4855 naturalem

1831 4893 2096 4946 unitatem
2131 4893 2484 4963 colligantur.
2509 4891 2682 4959 Quam
2710 4909 2839 4948 vero
2868 4893 2938 4946 ob
2965 4908 3184 4948 causam
3219 4893 3414 4948 isthazc

1829 4984 2110 5040 dicimus?
2145 4984 2359 5056 Quippe
2415 4986 2756 5054 propositum
2791 4995 2875 5041 est
2923 4985 3083 5040 nobis
3120 4987 3414 5042 ostendere

1829 5079 2003 5150 quod,
2033 5095 2156 5132 cum
2192 5080 2271 5131 illi
2301 5079 2465 5148 impie
2493 5080 2804 5144 sentiant,a
2830 5081 3071 5134 naturali
3099 5080 3300 5134 deitate
3326 5079 3416 5135 Fi-

1833 5171 1968 5225 lium
1997 5169 2332 5234 excludunt,
2367 5169 2543 5223 nihilo
2580 5171 2705 5239 plus
2737 5170 2786 5226 ei
2814 5210 2828 5236 ,
2859 5181 2918 5225 ut
2947 5183 3111 5226 antea
3135 5171 3408 5236 diximus,

1831 5263 2174 5328 tribuentes,
2199 5278 2364 5333 quam
2401 5263 2687 5316 relativam
2718 5279 2842 5318 cum
2872 5262 3033 5320 Patre
3058 5277 3110 5320 et
3145 5265 3251 5321 Deo
3276 5281 3411 5320 eon-

1824 5356 2193 5424 junctionem.
2223 5353 2400 5421 Quam
2430 5354 2575 5408 enim
2604 5355 2674 5410 ob
2701 5370 2922 5410 causam
2953 5358 3115 5414 nobis
3142 5358 3196 5412 in
3225 5373 3412 5413 exem-

1833 5449 1981 5518 plum
2023 5447 2146 5517 ejus
2187 5447 2333 5517 quod
2378 5447 2535 5502 aiunt
2568 5449 2909 5520 propositis:
2936 5449 3410 5517 Quemadmodum

1831 5559 1970 5609 nos,
2001 5542 2292 5612 inquiunt,
2333 5543 2629 5599 immistam
2664 5560 2790 5600 cum
2825 5559 2892 5602 eo
2931 5545 3203 5600 habemus
3235 5544 3408 5612 hypo-

1833 5639 2060 5706 stasim,
2094 5656 2222 5698 cum
2254 5642 2427 5699 simus
2463 5642 2515 5696 in
2551 5643 2703 5714 ipso,
2745 5646 2817 5700 ita
2851 5655 2906 5699 et
2937 5645 3053 5714 ipse
3085 5643 3403 5698 distinctam

241 5919 307 5985 ti)
342 5919 452 5989 Ed.,
486 5925 817 5999 Πνεόματος.
858 5931 1129 6007 luterpres
1167 5947 1344 5995 tamen
1382 5943 1587 6015 Πατρὶς
1625 5947 1846 6018 legerat.
1886 5947 2040 6003 Eutr.
