  <div class='ocr_page' id='page_1' title='image "/cluster/home/n/w/nwhite01/storage/ocr_20150623/74/hvd.32044019207919/127.png"; bbox 0 0 4096 6482; ppageno 0'>
   <div class='ocr_carea' id='block_1_1' title="bbox 721 404 3965 479">
    <p class='ocr_par' dir='ltr' id='par_1_1' title="bbox 721 404 3965 479">
     <span class='ocr_line' id='line_1_1' title="bbox 721 404 3965 479; baseline -0.001 -13"><span class='ocrx_word' id='word_1_1' title='bbox 721 410 828 467; x_wconf 67' lang='grc'><strong>939</strong></span> <span class='ocrx_word' id='word_1_2' title='bbox 1720 408 1777 465; x_wconf 83' lang='lat' dir='ltr'><strong>S.</strong></span> <span class='ocrx_word' id='word_1_3' title='bbox 1818 407 2097 465; x_wconf 81' lang='lat' dir='ltr'><strong>CYRlLLl</strong></span> <span class='ocrx_word' id='word_1_4' title='bbox 2147 404 2629 462; x_wconf 73' lang='lat' dir='ltr'><strong>ALEXANDRINI</strong></span> <span class='ocrx_word' id='word_1_5' title='bbox 2668 408 2987 479; x_wconf 69' lang='grc' dir='ltr'>Αῐιᾳιηεῐι.</span> <span class='ocrx_word' id='word_1_6' title='bbox 3886 410 3965 464; x_wconf 69' lang='grc' dir='ltr'>ιω</span> 
     </span>
    </p>
   </div>
   <div class='ocr_carea' id='block_1_2' title="bbox 724 520 2341 602">
    <p class='ocr_par' dir='ltr' id='par_1_2' title="bbox 724 520 2341 592">
     <span class='ocr_line' id='line_1_2' title="bbox 724 520 2341 592; baseline 0.001 -13"><span class='ocrx_word' id='word_1_7' title='bbox 724 526 891 580; x_wconf 99' lang='lat' dir='ltr'><strong>habet</strong></span> <span class='ocrx_word' id='word_1_8' title='bbox 922 540 951 578; x_wconf 90' lang='lat' dir='ltr'><strong>a</strong></span> <span class='ocrx_word' id='word_1_9' title='bbox 980 520 1095 579; x_wconf 86' lang='lat' dir='ltr'><strong>Deo</strong></span> <span class='ocrx_word' id='word_1_10' title='bbox 1121 522 1489 579; x_wconf 81' lang='lat' dir='ltr'><strong>substantiam</strong></span> <span class='ocrx_word' id='word_1_11' title='bbox 1513 562 1527 585; x_wconf 93' lang='lat'><strong>,</strong></span> <span class='ocrx_word' id='word_1_12' title='bbox 1559 522 1815 592; x_wconf 81' lang='lat' dir='ltr'><strong>quamvis</strong></span> <span class='ocrx_word' id='word_1_13' title='bbox 1844 536 1969 579; x_wconf 88' lang='lat' dir='ltr'><strong>esse</strong></span> <span class='ocrx_word' id='word_1_14' title='bbox 1998 522 2216 577; x_wconf 83' lang='lat' dir='ltr'><strong>dicatur</strong></span> <span class='ocrx_word' id='word_1_15' title='bbox 2251 522 2306 574; x_wconf 93' lang='lat' dir='ltr'><strong>in</strong></span> <span class='ocrx_word' id='word_1_16' title='bbox 2338 564 2341 580; x_wconf 56' lang='grc' dir='ltr'>ι</span> 
     </span>
    </p>
   </div>
   <div class='ocr_carea' id='block_1_3' title="bbox 2344 520 3961 602">
    <p class='ocr_par' dir='ltr' id='par_1_3' title="bbox 2344 522 3961 602">
     <span class='ocr_line' id='line_1_3' title="bbox 2344 522 3961 602; baseline 0.005 -27"><span class='ocrx_word' id='word_1_17' title='bbox 2344 526 2385 582; x_wconf 73' lang='grc' dir='ltr'><strong>Α</strong></span> <span class='ocrx_word' id='word_1_18' title='bbox 2414 524 2552 594; x_wconf 83' lang='grc' dir='ltr'>πρὸς</span> <span class='ocrx_word' id='word_1_19' title='bbox 2583 523 2745 577; x_wconf 76' lang='grc' dir='ltr'>αὐτὸν</span> <span class='ocrx_word' id='word_1_20' title='bbox 2780 524 2975 595; x_wconf 78' lang='grc' dir='ltr'>ἔχομεν</span> <span class='ocrx_word' id='word_1_21' title='bbox 3015 523 3113 595; x_wconf 81' lang='grc' dir='ltr'>τὴν</span> <span class='ocrx_word' id='word_1_22' title='bbox 3153 523 3488 588; x_wconf 80' lang='grc' dir='ltr'>ὑπόστασιν,</span> <span class='ocrx_word' id='word_1_23' title='bbox 3522 522 3687 588; x_wconf 73' lang='grc' dir='ltr'>ὅντες</span> <span class='ocrx_word' id='word_1_24' title='bbox 3740 523 3800 578; x_wconf 79' lang='grc' dir='ltr'><strong>ἐν</strong></span> <span class='ocrx_word' id='word_1_25' title='bbox 3828 529 3961 602; x_wconf 71' lang='grc' dir='ltr'>αὐτῷ.</span> 
     </span>
    </p>
   </div>
   <div class='ocr_carea' id='block_1_4' title="bbox 723 612 2340 687">
    <p class='ocr_par' dir='ltr' id='par_1_4' title="bbox 723 612 2309 686">
     <span class='ocr_line' id='line_1_4' title="bbox 723 612 2309 686; baseline -0.003 -16"><span class='ocrx_word' id='word_1_26' title='bbox 723 616 866 686; x_wconf 91' lang='lat' dir='ltr'><strong>ipso.</strong></span> <span class='ocrx_word' id='word_1_27' title='bbox 894 613 1169 686; x_wconf 87' lang='lat' dir='ltr'><strong>Numquid</strong></span> <span class='ocrx_word' id='word_1_28' title='bbox 1207 613 1495 669; x_wconf 83' lang='lat' dir='ltr'><strong>manifesta</strong></span> <span class='ocrx_word' id='word_1_29' title='bbox 1527 622 1611 667; x_wconf 87' lang='lat' dir='ltr'><strong>est</strong></span> <span class='ocrx_word' id='word_1_30' title='bbox 1641 613 1862 669; x_wconf 89' lang='lat' dir='ltr'><strong>cunctis</strong></span> <span class='ocrx_word' id='word_1_31' title='bbox 1895 614 1987 668; x_wconf 90' lang='lat' dir='ltr'><strong>illa</strong></span> <span class='ocrx_word' id='word_1_32' title='bbox 2020 612 2309 668; x_wconf 82' lang='lat' dir='ltr'><strong>versutia?</strong></span> 
     </span>
    </p>
   </div>
   <div class='ocr_carea' id='block_1_5' title="bbox 2347 612 3964 687">
    <p class='ocr_par' dir='ltr' id='par_1_5' title="bbox 2409 614 3964 687">
     <span class='ocr_line' id='line_1_5' title="bbox 2409 614 3964 687; baseline 0.005 -20"><span class='ocrx_word' id='word_1_33' title='bbox 2409 614 2583 679; x_wconf 72' lang='grc' dir='ltr'>οὕτως</span> <span class='ocrx_word' id='word_1_34' title='bbox 2610 617 2704 669; x_wconf 74' lang='grc' dir='ltr'><strong>καὶ</strong></span> <span class='ocrx_word' id='word_1_35' title='bbox 2744 617 2906 680; x_wconf 76' lang='grc' dir='ltr'>αὐτὸς</span> <span class='ocrx_word' id='word_1_36' title='bbox 2934 615 3361 687; x_wconf 85' lang='grc' dir='ltr'>διακεκριμένην</span> <span class='ocrx_word' id='word_1_37' title='bbox 3388 615 3501 685; x_wconf 80' lang='grc' dir='ltr'>ἔχει</span> <span class='ocrx_word' id='word_1_38' title='bbox 3531 616 3641 687; x_wconf 81' lang='grc' dir='ltr'><strong>τὴν</strong></span> <span class='ocrx_word' id='word_1_39' title='bbox 3688 616 3867 670; x_wconf 80' lang='grc' dir='ltr'>οὐσίαν</span> <span class='ocrx_word' id='word_1_40' title='bbox 3894 624 3964 675; x_wconf 69' lang='grc' dir='ltr'><strong>τοῦ</strong></span> 
     </span>
    </p>
   </div>
   <div class='ocr_carea' id='block_1_6' title="bbox 723 704 2340 783">
    <p class='ocr_par' dir='ltr' id='par_1_6' title="bbox 723 705 2306 778">
     <span class='ocr_line' id='line_1_6' title="bbox 723 705 2306 778; baseline -0.001 -16"><span class='ocrx_word' id='word_1_41' title='bbox 723 708 1003 778; x_wconf 85' lang='lat' dir='ltr'><strong>Numquid</strong></span> <span class='ocrx_word' id='word_1_42' title='bbox 1035 708 1161 777; x_wconf 85' lang='lat' dir='ltr'><strong>jure</strong></span> <span class='ocrx_word' id='word_1_43' title='bbox 1193 707 1339 763; x_wconf 86' lang='lat' dir='ltr'><strong>dicet</strong></span> <span class='ocrx_word' id='word_1_44' title='bbox 1374 705 1576 776; x_wconf 82' lang='lat' dir='ltr'><strong>aliquis</strong></span> <span class='ocrx_word' id='word_1_45' title='bbox 1625 722 1751 761; x_wconf 91' lang='lat' dir='ltr'><strong>eum</strong></span> <span class='ocrx_word' id='word_1_46' title='bbox 1801 707 1892 776; x_wconf 91' lang='lat' dir='ltr'><strong>qui</strong></span> <span class='ocrx_word' id='word_1_47' title='bbox 1947 717 2055 760; x_wconf 90' lang='lat' dir='ltr'><strong>tam</strong></span> <span class='ocrx_word' id='word_1_48' title='bbox 2106 706 2306 761; x_wconf 79' lang='lat' dir='ltr'><strong>fetidos</strong></span> 
     </span>
    </p>
   </div>
   <div class='ocr_carea' id='block_1_7' title="bbox 2345 704 3962 783">
    <p class='ocr_par' dir='ltr' id='par_1_7' title="bbox 2410 704 3962 783">
     <span class='ocr_line' id='line_1_7' title="bbox 2410 704 3962 783; baseline 0.005 -22"><span class='ocrx_word' id='word_1_49' title='bbox 2410 707 2545 761; x_wconf 89' lang='grc' dir='ltr'>Θεοῦ</span> <span class='ocrx_word' id='word_1_50' title='bbox 2566 748 2580 772; x_wconf 90' lang='grc'><em>,</em></span> <span class='ocrx_word' id='word_1_51' title='bbox 2618 708 2721 762; x_wconf 84' lang='grc' dir='ltr'><strong>κᾶν</strong></span> <span class='ocrx_word' id='word_1_52' title='bbox 2755 704 2892 763; x_wconf 77' lang='grc' dir='ltr'>εἶναι</span> <span class='ocrx_word' id='word_1_53' title='bbox 2935 709 3161 780; x_wconf 75' lang='grc' dir='ltr'><strong>λέγηται</strong></span> <span class='ocrx_word' id='word_1_54' title='bbox 3184 748 3198 769; x_wconf 83' lang='grc'>,</span> <span class='ocrx_word' id='word_1_55' title='bbox 3231 710 3395 779; x_wconf 73' lang='grc' dir='ltr'>φησὶν</span> <span class='ocrx_word' id='word_1_56' title='bbox 3416 748 3430 770; x_wconf 85' lang='grc'><em>,</em></span> <span class='ocrx_word' id='word_1_57' title='bbox 3466 711 3523 762; x_wconf 88' lang='grc' dir='ltr'><strong>ἐν</strong></span> <span class='ocrx_word' id='word_1_58' title='bbox 3564 708 3743 780; x_wconf 80' lang='grc' dir='ltr'>αὐτῷ.</span> <span class='ocrx_word' id='word_1_59' title='bbox 3774 705 3889 783; x_wconf 78' lang='lat' dir='ltr'><strong>&#39;Ap‘</strong></span> <span class='ocrx_word' id='word_1_60' title='bbox 3920 717 3962 768; x_wconf 73' lang='grc' dir='ltr'>οὐ</span> 
     </span>
    </p>
   </div>
   <div class='ocr_carea' id='block_1_8' title="bbox 725 797 2342 873">
    <p class='ocr_par' dir='ltr' id='par_1_8' title="bbox 725 797 2306 869">
     <span class='ocr_line' id='line_1_8' title="bbox 725 797 2306 869; baseline -0.004 -9"><span class='ocrx_word' id='word_1_61' title='bbox 725 818 1009 860; x_wconf 87' lang='lat' dir='ltr'><strong>sermones</strong></span> <span class='ocrx_word' id='word_1_62' title='bbox 1033 802 1276 856; x_wconf 88' lang='lat' dir='ltr'><strong>evomuit</strong></span> <span class='ocrx_word' id='word_1_63' title='bbox 1307 817 1474 855; x_wconf 90' lang='lat' dir='ltr'><strong>unum</strong></span> <span class='ocrx_word' id='word_1_64' title='bbox 1507 815 1632 855; x_wconf 87' lang='lat' dir='ltr'><strong>esse</strong></span> <span class='ocrx_word' id='word_1_65' title='bbox 1665 816 1731 854; x_wconf 80' lang='lat' dir='ltr'><strong>ex</strong></span> <span class='ocrx_word' id='word_1_66' title='bbox 1763 801 1831 855; x_wconf 91' lang='lat' dir='ltr'><strong>iis</strong></span> <span class='ocrx_word' id='word_1_67' title='bbox 1862 799 1956 869; x_wconf 88' lang='lat' dir='ltr'><strong>qui</strong></span> <span class='ocrx_word' id='word_1_68' title='bbox 1994 815 2091 869; x_wconf 83' lang='lat' dir='ltr'><strong>per</strong></span> <span class='ocrx_word' id='word_1_69' title='bbox 2127 797 2306 868; x_wconf 85' lang='lat' dir='ltr'><strong>Spiri-</strong></span> 
     </span>
    </p>
   </div>
   <div class='ocr_carea' id='block_1_9' title="bbox 2347 797 3964 873">
    <p class='ocr_par' dir='ltr' id='par_1_9' title="bbox 2412 798 3964 873">
     <span class='ocr_line' id='line_1_9' title="bbox 2412 798 3964 873; baseline 0.004 -21"><span class='ocrx_word' id='word_1_70' title='bbox 2412 802 2578 853; x_wconf 84' lang='grc' dir='ltr'>πᾶσιν</span> <span class='ocrx_word' id='word_1_71' title='bbox 2612 799 2945 865; x_wconf 74' lang='grc' dir='ltr'>εὐκάτοπτος</span> <span class='ocrx_word' id='word_1_72' title='bbox 2983 804 3014 871; x_wconf 77' lang='grc' dir='ltr'>ἡ</span> <span class='ocrx_word' id='word_1_73' title='bbox 3051 800 3397 872; x_wconf 76' lang='grc' dir='ltr'>πανουργίας</span> <span class='ocrx_word' id='word_1_74' title='bbox 3438 798 3569 872; x_wconf 68' lang='grc' dir='ltr'><strong>Ἆρ’</strong></span> <span class='ocrx_word' id='word_1_75' title='bbox 3616 803 3722 855; x_wconf 83' lang='grc' dir='ltr'><strong>οὐκ</strong></span> <span class='ocrx_word' id='word_1_76' title='bbox 3765 804 3872 873; x_wconf 86' lang='grc' dir='ltr'>ἐρεῖ</span> <span class='ocrx_word' id='word_1_77' title='bbox 3903 822 3964 871; x_wconf 83' lang='grc' dir='ltr'><strong>τις</strong></span> 
     </span>
    </p>
   </div>
   <div class='ocr_carea' id='block_1_10' title="bbox 724 890 2341 968">
    <p class='ocr_par' dir='ltr' id='par_1_10' title="bbox 724 894 2304 964">
     <span class='ocr_line' id='line_1_10' title="bbox 724 894 2304 964; baseline -0.002 -14"><span class='ocrx_word' id='word_1_78' title='bbox 724 905 841 951; x_wconf 90' lang='lat' dir='ltr'><strong>tum</strong></span> <span class='ocrx_word' id='word_1_79' title='bbox 872 897 1128 950; x_wconf 91' lang='lat' dir='ltr'><strong>illusores</strong></span> <span class='ocrx_word' id='word_1_80' title='bbox 1165 894 1581 964; x_wconf 68' lang='lat' dir='ltr'><strong>prmdicantur?</strong></span> <span class='ocrx_word' id='word_1_81' title='bbox 1611 894 1751 962; x_wconf 89' lang='lat' dir='ltr'><strong>Quid</strong></span> <span class='ocrx_word' id='word_1_82' title='bbox 1784 896 1933 949; x_wconf 87' lang='lat' dir='ltr'><strong>enim</strong></span> <span class='ocrx_word' id='word_1_83' title='bbox 1966 896 2130 949; x_wconf 86' lang='lat' dir='ltr'><strong>nobis</strong></span> <span class='ocrx_word' id='word_1_84' title='bbox 2160 896 2304 949; x_wconf 85' lang='lat' dir='ltr'><strong>scri-</strong></span> 
     </span>
    </p>
   </div>
   <div class='ocr_carea' id='block_1_11' title="bbox 2345 890 3962 968">
    <p class='ocr_par' dir='ltr' id='par_1_11' title="bbox 2409 890 3962 968">
     <span class='ocr_line' id='line_1_11' title="bbox 2409 890 3962 968; baseline 0.005 -25"><span class='ocrx_word' id='word_1_85' title='bbox 2409 890 2649 959; x_wconf 77' lang='grc' dir='ltr'><strong>εὐλόγως</strong></span> <span class='ocrx_word' id='word_1_86' title='bbox 2693 893 2784 946; x_wconf 84' lang='grc' dir='ltr'><strong>τὸν</strong></span> <span class='ocrx_word' id='word_1_87' title='bbox 2833 892 2975 945; x_wconf 73' lang='grc' dir='ltr'>οὕτω</span> <span class='ocrx_word' id='word_1_88' title='bbox 3014 893 3419 947; x_wconf 77' lang='grc' dir='ltr'><strong>δυσωδέστατον</strong></span> <span class='ocrx_word' id='word_1_89' title='bbox 3465 894 3813 965; x_wconf 76' lang='grc' dir='ltr'>ἐξεμέσαντα</span> <span class='ocrx_word' id='word_1_90' title='bbox 3842 896 3962 968; x_wconf 81' lang='grc' dir='ltr'>λόγον</span> 
     </span>
    </p>
   </div>
   <div class='ocr_carea' id='block_1_12' title="bbox 726 982 2343 1061">
    <p class='ocr_par' dir='ltr' id='par_1_12' title="bbox 726 982 2303 1055">
     <span class='ocr_line' id='line_1_12' title="bbox 726 982 2303 1055; baseline -0.003 -14"><span class='ocrx_word' id='word_1_91' title='bbox 726 987 805 1041; x_wconf 88' lang='lat' dir='ltr'><strong>bit</strong></span> <span class='ocrx_word' id='word_1_92' title='bbox 834 984 1004 1040; x_wconf 74' lang='lat' dir='ltr'><strong>ludas</strong></span> <span class='ocrx_word' id='word_1_93' title='bbox 1032 985 1123 1039; x_wconf 89' lang='lat' dir='ltr'><strong>ille</strong></span> <span class='ocrx_word' id='word_1_94' title='bbox 1166 984 1482 1039; x_wconf 89' lang='lat' dir='ltr'><strong>Servatoris</strong></span> <span class='ocrx_word' id='word_1_95' title='bbox 1515 982 1870 1055; x_wconf 86' lang='lat' dir='ltr'><strong>discipulus?</strong></span> <span class='ocrx_word' id='word_1_96' title='bbox 1902 1003 1918 1034; x_wconf 76' lang='grc' dir='ltr'><strong>ι</strong></span> <span class='ocrx_word' id='word_1_97' title='bbox 1953 983 2064 1039; x_wconf 81' lang='lat' dir='ltr'><strong>Vos</strong></span> <span class='ocrx_word' id='word_1_98' title='bbox 2099 992 2303 1047; x_wconf 91' lang='lat' dir='ltr'><strong>autem,</strong></span> 
     </span>
    </p>
   </div>
   <div class='ocr_carea' id='block_1_13' title="bbox 2346 982 3963 1061">
    <p class='ocr_par' dir='ltr' id='par_1_13' title="bbox 2408 982 3963 1061">
     <span class='ocr_line' id='line_1_13' title="bbox 2408 982 3963 1061; baseline 0.005 -28"><span class='ocrx_word' id='word_1_99' title='bbox 2408 982 2633 1035; x_wconf 76' lang='grc' dir='ltr'>ἐκείνων</span> <span class='ocrx_word' id='word_1_100' title='bbox 2664 982 2933 1055; x_wconf 81' lang='grc' dir='ltr'><strong>ὑπάρχειν</strong></span> <span class='ocrx_word' id='word_1_101' title='bbox 2978 984 3074 1035; x_wconf 70' lang='lat' dir='ltr'><strong>Eva.</strong></span> <span class='ocrx_word' id='word_1_102' title='bbox 3104 983 3213 1036; x_wconf 83' lang='grc' dir='ltr'><strong>τῶν</strong></span> <span class='ocrx_word' id='word_1_103' title='bbox 3249 984 3337 1036; x_wconf 78' lang='grc' dir='ltr'>διὰ</span> <span class='ocrx_word' id='word_1_104' title='bbox 3383 984 3478 1037; x_wconf 86' lang='grc' dir='ltr'><strong>τοῦ</strong></span> <span class='ocrx_word' id='word_1_105' title='bbox 3515 984 3840 1053; x_wconf 86' lang='grc' dir='ltr'>Πνεύματος</span> <span class='ocrx_word' id='word_1_106' title='bbox 3870 1006 3963 1061; x_wconf 74' lang='grc' dir='ltr'>πρ)-</span> 
     </span>
    </p>
   </div>
   <div class='ocr_carea' id='block_1_14' title="bbox 725 1075 2342 1152">
    <p class='ocr_par' dir='ltr' id='par_1_14' title="bbox 725 1077 2307 1145">
     <span class='ocr_line' id='line_1_14' title="bbox 725 1077 2307 1145; baseline -0.001 -14"><span class='ocrx_word' id='word_1_107' title='bbox 725 1077 1075 1141; x_wconf 88' lang='lat' dir='ltr'><strong>charissimi,</strong></span> <span class='ocrx_word' id='word_1_108' title='bbox 1112 1091 1382 1131; x_wconf 85' lang='lat' dir='ltr'><strong>memores</strong></span> <span class='ocrx_word' id='word_1_109' title='bbox 1414 1083 1590 1132; x_wconf 90' lang='lat' dir='ltr'><strong>estote</strong></span> <span class='ocrx_word' id='word_1_110' title='bbox 1626 1077 1920 1130; x_wconf 85' lang='lat' dir='ltr'><strong>verborum</strong></span> <span class='ocrx_word' id='word_1_111' title='bbox 1954 1091 2078 1145; x_wconf 68' lang='lat' dir='ltr'><strong>quae</strong></span> <span class='ocrx_word' id='word_1_112' title='bbox 2112 1077 2307 1145; x_wconf 67' lang='lat' dir='ltr'><strong>prmdi-</strong></span> 
     </span>
    </p>
   </div>
   <div class='ocr_carea' id='block_1_15' title="bbox 2343 1075 3960 1152">
    <p class='ocr_par' dir='ltr' id='par_1_15' title="bbox 2408 1075 3960 1152">
     <span class='ocr_line' id='line_1_15' title="bbox 2408 1075 3960 1152; baseline 0.006 -26"><span class='ocrx_word' id='word_1_113' title='bbox 2408 1075 2839 1145; x_wconf 86' lang='grc' dir='ltr'>κεκηρυγμένων</span> <span class='ocrx_word' id='word_1_114' title='bbox 2890 1077 3250 1146; x_wconf 81' lang='grc' dir='ltr'>ἐμπαικτῶν;</span> <span class='ocrx_word' id='word_1_115' title='bbox 3307 1077 3373 1130; x_wconf 91' lang='grc' dir='ltr'>Τί</span> <span class='ocrx_word' id='word_1_116' title='bbox 3434 1078 3545 1150; x_wconf 79' lang='grc' dir='ltr'>γὰρ</span> <span class='ocrx_word' id='word_1_117' title='bbox 3621 1077 3821 1143; x_wconf 79' lang='grc' dir='ltr'><strong>Ἰούδας</strong></span> <span class='ocrx_word' id='word_1_118' title='bbox 3864 1082 3960 1152; x_wconf 75' lang='grc' dir='ltr'>ἡμῖν</span> 
     </span>
    </p>
   </div>
   <div class='ocr_carea' id='block_1_16' title="bbox 723 1164 2340 1239">
    <p class='ocr_par' dir='ltr' id='par_1_16' title="bbox 723 1165 2301 1237">
     <span class='ocr_line' id='line_1_16' title="bbox 723 1165 2301 1237; baseline -0.003 -14"><span class='ocrx_word' id='word_1_119' title='bbox 723 1180 810 1224; x_wconf 89' lang='lat' dir='ltr'><strong>cta</strong></span> <span class='ocrx_word' id='word_1_120' title='bbox 841 1174 971 1225; x_wconf 88' lang='lat' dir='ltr'><strong>sunt</strong></span> <span class='ocrx_word' id='word_1_121' title='bbox 1004 1167 1072 1221; x_wconf 88' lang='lat' dir='ltr'><strong>ab</strong></span> <span class='ocrx_word' id='word_1_122' title='bbox 1107 1168 1379 1237; x_wconf 83' lang='lat' dir='ltr'><strong>apostolis</strong></span> <span class='ocrx_word' id='word_1_123' title='bbox 1424 1167 1639 1222; x_wconf 87' lang='lat' dir='ltr'><strong>Domini</strong></span> <span class='ocrx_word' id='word_1_124' title='bbox 1689 1167 1863 1222; x_wconf 88' lang='lat' dir='ltr'><strong>nostri</strong></span> <span class='ocrx_word' id='word_1_125' title='bbox 1894 1165 2023 1222; x_wconf 81' lang='lat' dir='ltr'><strong>Jesu</strong></span> <span class='ocrx_word' id='word_1_126' title='bbox 2060 1166 2301 1232; x_wconf 86' lang='lat' dir='ltr'><strong>Christi;</strong></span> 
     </span>
    </p>
   </div>
   <div class='ocr_carea' id='block_1_17' title="bbox 2341 1164 3958 1239">
    <p class='ocr_par' dir='ltr' id='par_1_17' title="bbox 2407 1164 3958 1239">
     <span class='ocr_line' id='line_1_17' title="bbox 2407 1164 3958 1239; baseline 0.006 -24"><span class='ocrx_word' id='word_1_127' title='bbox 2407 1164 2713 1217; x_wconf 81' lang='grc' dir='ltr'><strong>ἐπιστέλλει</strong></span> <span class='ocrx_word' id='word_1_128' title='bbox 2764 1165 2856 1218; x_wconf 86' lang='grc' dir='ltr'><strong>τοῦ</strong></span> <span class='ocrx_word' id='word_1_129' title='bbox 2900 1167 3151 1239; x_wconf 80' lang='grc' dir='ltr'><strong>Σωτῆρος</strong></span> <span class='ocrx_word' id='word_1_130' title='bbox 3202 1169 3229 1219; x_wconf 85' lang='grc' dir='ltr'>ὁ</span> <span class='ocrx_word' id='word_1_131' title='bbox 3278 1167 3573 1239; x_wconf 78' lang='grc' dir='ltr'>μαθητής;</span> <span class='ocrx_word' id='word_1_132' title='bbox 3638 1186 3658 1217; x_wconf 75' lang='grc' dir='ltr'><strong>ί</strong></span> <span class='ocrx_word' id='word_1_133' title='bbox 3703 1168 3877 1239; x_wconf 80' lang='grc' dir='ltr'>Ὑμεῖς</span> <span class='ocrx_word' id='word_1_134' title='bbox 3897 1174 3958 1239; x_wconf 81' lang='grc' dir='ltr'><strong>δὲ,</strong></span> 
     </span>
    </p>
   </div>
   <div class='ocr_carea' id='block_1_18' title="bbox 720 1257 2337 1333">
    <p class='ocr_par' dir='ltr' id='par_1_18' title="bbox 720 1258 2305 1331">
     <span class='ocr_line' id='line_1_18' title="bbox 720 1258 2305 1331; baseline 0.001 -18"><span class='ocrx_word' id='word_1_135' title='bbox 720 1262 814 1331; x_wconf 88' lang='lat' dir='ltr'><strong>qui</strong></span> <span class='ocrx_word' id='word_1_136' title='bbox 858 1259 1118 1314; x_wconf 82' lang='lat' dir='ltr'><strong>dicebant</strong></span> <span class='ocrx_word' id='word_1_137' title='bbox 1162 1260 1361 1314; x_wconf 87' lang='lat' dir='ltr'><strong>vobis:</strong></span> <span class='ocrx_word' id='word_1_138' title='bbox 1399 1258 1671 1325; x_wconf 83' lang='lat' dir='ltr'><strong>Quoniam</strong></span> <span class='ocrx_word' id='word_1_139' title='bbox 1722 1260 1777 1314; x_wconf 89' lang='lat' dir='ltr'><strong>in</strong></span> <span class='ocrx_word' id='word_1_140' title='bbox 1834 1259 2139 1314; x_wconf 91' lang='lat' dir='ltr'><strong>novissimo</strong></span> <span class='ocrx_word' id='word_1_141' title='bbox 2168 1268 2305 1314; x_wconf 89' lang='lat' dir='ltr'><strong>tem-</strong></span> 
     </span>
    </p>
   </div>
   <div class='ocr_carea' id='block_1_19' title="bbox 2345 1257 3962 1333">
    <p class='ocr_par' dir='ltr' id='par_1_19' title="bbox 2407 1257 3962 1333">
     <span class='ocr_line' id='line_1_19' title="bbox 2407 1257 3962 1333; baseline 0.003 -25"><span class='ocrx_word' id='word_1_142' title='bbox 2407 1257 2704 1327; x_wconf 72' lang='grc' dir='ltr'>ἀγαπητοὶ,</span> <span class='ocrx_word' id='word_1_143' title='bbox 2741 1258 3016 1329; x_wconf 84' lang='grc' dir='ltr'>μνήσθητε</span> <span class='ocrx_word' id='word_1_144' title='bbox 3062 1258 3169 1310; x_wconf 83' lang='grc' dir='ltr'><strong>τῶν</strong></span> <span class='ocrx_word' id='word_1_145' title='bbox 3208 1260 3471 1329; x_wconf 75' lang='grc' dir='ltr'>ῥημάτων</span> <span class='ocrx_word' id='word_1_146' title='bbox 3506 1260 3622 1312; x_wconf 83' lang='grc' dir='ltr'>τῶν</span> <span class='ocrx_word' id='word_1_147' title='bbox 3670 1265 3962 1333; x_wconf 78' lang='grc' dir='ltr'>προειρημέ.</span> 
     </span>
    </p>
   </div>
   <div class='ocr_carea' id='block_1_20' title="bbox 721 1350 2338 1424">
    <p class='ocr_par' dir='ltr' id='par_1_20' title="bbox 721 1350 2302 1423">
     <span class='ocr_line' id='line_1_20' title="bbox 721 1350 2302 1423; baseline -0.001 -16"><span class='ocrx_word' id='word_1_148' title='bbox 721 1368 853 1423; x_wconf 92' lang='lat' dir='ltr'><strong>pore</strong></span> <span class='ocrx_word' id='word_1_149' title='bbox 902 1353 1125 1407; x_wconf 93' lang='lat' dir='ltr'><strong>venient</strong></span> <span class='ocrx_word' id='word_1_150' title='bbox 1172 1354 1461 1415; x_wconf 87' lang='lat' dir='ltr'><strong>illusores,</strong></span> <span class='ocrx_word' id='word_1_151' title='bbox 1513 1352 1816 1406; x_wconf 85' lang='lat' dir='ltr'><strong>secundum</strong></span> <span class='ocrx_word' id='word_1_152' title='bbox 1870 1350 2150 1406; x_wconf 88' lang='lat' dir='ltr'><strong>desideria</strong></span> <span class='ocrx_word' id='word_1_153' title='bbox 2202 1367 2302 1406; x_wconf 92' lang='lat' dir='ltr'><strong>sua</strong></span> 
     </span>
    </p>
   </div>
   <div class='ocr_carea' id='block_1_21' title="bbox 2343 1350 3960 1424">
    <p class='ocr_par' dir='ltr' id='par_1_21' title="bbox 2406 1351 3960 1424">
     <span class='ocr_line' id='line_1_21' title="bbox 2406 1351 3960 1424; baseline 0.002 -20"><span class='ocrx_word' id='word_1_154' title='bbox 2406 1369 2511 1405; x_wconf 88' lang='grc' dir='ltr'><strong>νων</strong></span> <span class='ocrx_word' id='word_1_155' title='bbox 2542 1351 2645 1404; x_wconf 83' lang='grc' dir='ltr'><strong>ὑπὸ</strong></span> <span class='ocrx_word' id='word_1_156' title='bbox 2688 1352 2794 1404; x_wconf 84' lang='grc' dir='ltr'><strong>τῶν</strong></span> <span class='ocrx_word' id='word_1_157' title='bbox 2839 1351 3154 1403; x_wconf 78' lang='grc' dir='ltr'>ἀποστόλων</span> <span class='ocrx_word' id='word_1_158' title='bbox 3198 1351 3291 1403; x_wconf 90' lang='grc' dir='ltr'><strong>τοῦ</strong></span> <span class='ocrx_word' id='word_1_159' title='bbox 3354 1352 3565 1423; x_wconf 83' lang='grc' dir='ltr'><strong>Κυρίου</strong></span> <span class='ocrx_word' id='word_1_160' title='bbox 3617 1351 3780 1422; x_wconf 80' lang='grc' dir='ltr'>ἡμῶν</span> <span class='ocrx_word' id='word_1_161' title='bbox 3824 1354 3960 1424; x_wconf 78' lang='grc' dir='ltr'>Ἰησοῦ</span> 
     </span>
    </p>
   </div>
   <div class='ocr_carea' id='block_1_22' title="bbox 719 1441 2336 1514">
    <p class='ocr_par' dir='ltr' id='par_1_22' title="bbox 719 1443 2301 1514">
     <span class='ocr_line' id='line_1_22' title="bbox 719 1443 2301 1514; baseline 0.001 -17"><span class='ocrx_word' id='word_1_162' title='bbox 719 1444 1070 1499; x_wconf 82' lang='lat' dir='ltr'><strong>ambulantes</strong></span> <span class='ocrx_word' id='word_1_163' title='bbox 1104 1444 1163 1497; x_wconf 86' lang='lat' dir='ltr'><strong>in</strong></span> <span class='ocrx_word' id='word_1_164' title='bbox 1197 1444 1599 1514; x_wconf 89' lang='lat' dir='ltr'><strong>impietatibus.</strong></span> <span class='ocrx_word' id='word_1_165' title='bbox 1645 1443 1710 1497; x_wconf 90' lang='lat' dir='ltr'><strong>lli</strong></span> <span class='ocrx_word' id='word_1_166' title='bbox 1755 1451 1919 1506; x_wconf 89' lang='lat' dir='ltr'><strong>sunt,</strong></span> <span class='ocrx_word' id='word_1_167' title='bbox 1972 1443 2070 1513; x_wconf 92' lang='lat' dir='ltr'><strong>qui</strong></span> <span class='ocrx_word' id='word_1_168' title='bbox 2114 1459 2301 1514; x_wconf 81' lang='lat' dir='ltr'><strong>segre-</strong></span> 
     </span>
    </p>
   </div>
   <div class='ocr_carea' id='block_1_23' title="bbox 2341 1441 3958 1514">
    <p class='ocr_par' dir='ltr' id='par_1_23' title="bbox 2404 1441 3958 1513">
     <span class='ocr_line' id='line_1_23' title="bbox 2404 1441 3958 1513; baseline 0.003 -18"><span class='ocrx_word' id='word_1_169' title='bbox 2404 1441 2647 1513; x_wconf 84' lang='grc' dir='ltr'>Χριστοῦ</span> <span class='ocrx_word' id='word_1_170' title='bbox 2674 1483 2687 1506; x_wconf 95' lang='grc'><em>,</em></span> <span class='ocrx_word' id='word_1_171' title='bbox 2741 1443 2821 1495; x_wconf 81' lang='grc' dir='ltr'>ὅτι</span> <span class='ocrx_word' id='word_1_172' title='bbox 2866 1442 3050 1511; x_wconf 77' lang='grc' dir='ltr'>ἔλεγον</span> <span class='ocrx_word' id='word_1_173' title='bbox 3090 1443 3260 1513; x_wconf 72' lang='grc' dir='ltr'>ὑμῖνο</span> <span class='ocrx_word' id='word_1_174' title='bbox 3307 1444 3431 1497; x_wconf 80' lang='grc' dir='ltr'>’Ότι</span> <span class='ocrx_word' id='word_1_175' title='bbox 3480 1442 3573 1496; x_wconf 87' lang='grc' dir='ltr'>ἐπ’</span> <span class='ocrx_word' id='word_1_176' title='bbox 3629 1442 3853 1513; x_wconf 77' lang='grc' dir='ltr'><strong>ἐσχάτου</strong></span> <span class='ocrx_word' id='word_1_177' title='bbox 3893 1444 3958 1500; x_wconf 74' lang='grc' dir='ltr'><strong>τοῦ</strong></span> 
     </span>
    </p>
   </div>
   <div class='ocr_carea' id='block_1_24' title="bbox 718 1532 2335 1607">
    <p class='ocr_par' dir='ltr' id='par_1_24' title="bbox 718 1535 2302 1607">
     <span class='ocr_line' id='line_1_24' title="bbox 718 1535 2302 1607; baseline 0.001 -18"><span class='ocrx_word' id='word_1_178' title='bbox 718 1544 851 1606; x_wconf 79' lang='lat' dir='ltr'><strong>gant</strong></span> <span class='ocrx_word' id='word_1_179' title='bbox 882 1536 1250 1607; x_wconf 90' lang='lat' dir='ltr'><strong>semeptipsos</strong></span> <span class='ocrx_word' id='word_1_180' title='bbox 1274 1576 1289 1599; x_wconf 87' lang='lat'><strong>,</strong></span> <span class='ocrx_word' id='word_1_181' title='bbox 1316 1536 1615 1599; x_wconf 84' lang='lat' dir='ltr'><strong>animales,</strong></span> <span class='ocrx_word' id='word_1_182' title='bbox 1651 1535 1915 1605; x_wconf 89' lang='lat' dir='ltr'><strong>Spiritum</strong></span> <span class='ocrx_word' id='word_1_183' title='bbox 1951 1552 2062 1590; x_wconf 89' lang='lat' dir='ltr'><strong>non</strong></span> <span class='ocrx_word' id='word_1_184' title='bbox 2092 1537 2302 1591; x_wconf 88' lang='lat' dir='ltr'><strong>haben-</strong></span> 
     </span>
    </p>
   </div>
   <div class='ocr_carea' id='block_1_25' title="bbox 2341 1532 3958 1607">
    <p class='ocr_par' dir='ltr' id='par_1_25' title="bbox 2404 1532 3958 1605">
     <span class='ocr_line' id='line_1_25' title="bbox 2404 1532 3958 1605; baseline 0.003 -20"><span class='ocrx_word' id='word_1_185' title='bbox 2404 1534 2600 1605; x_wconf 81' lang='grc' dir='ltr'>χρόνου</span> <span class='ocrx_word' id='word_1_186' title='bbox 2636 1534 2945 1587; x_wconf 73' lang='grc' dir='ltr'>ἐλεύσονται</span> <span class='ocrx_word' id='word_1_187' title='bbox 2976 1535 3281 1603; x_wconf 77' lang='grc' dir='ltr'>ἐμπαῖκται</span> <span class='ocrx_word' id='word_1_188' title='bbox 3320 1534 3463 1587; x_wconf 84' lang='grc' dir='ltr'>κατὰ</span> <span class='ocrx_word' id='word_1_189' title='bbox 3508 1532 3615 1596; x_wconf 80' lang='grc' dir='ltr'>τὰς</span> <span class='ocrx_word' id='word_1_190' title='bbox 3644 1532 3845 1587; x_wconf 77' lang='grc' dir='ltr'>ἑαυτῶν</span> <span class='ocrx_word' id='word_1_191' title='bbox 3869 1537 3958 1590; x_wconf 77' lang='grc' dir='ltr'>ἐπι-</span> 
     </span>
    </p>
   </div>
   <div class='ocr_carea' id='block_1_26' title="bbox 720 1620 2337 1697">
    <p class='ocr_par' dir='ltr' id='par_1_26' title="bbox 720 1626 2299 1697">
     <span class='ocr_line' id='line_1_26' title="bbox 720 1626 2299 1697; baseline 0.004 -18"><span class='ocrx_word' id='word_1_192' title='bbox 720 1636 804 1682; x_wconf 91' lang='lat' dir='ltr'><strong>tes</strong></span> <span class='ocrx_word' id='word_1_193' title='bbox 832 1626 899 1680; x_wconf 80' lang='lat'><strong>&quot;.</strong></span> <span class='ocrx_word' id='word_1_194' title='bbox 933 1646 950 1679; x_wconf 76' lang='grc' dir='ltr'><strong>ι</strong></span> <span class='ocrx_word' id='word_1_195' title='bbox 976 1626 1148 1683; x_wconf 86' lang='lat' dir='ltr'><strong>Nemo</strong></span> <span class='ocrx_word' id='word_1_196' title='bbox 1182 1628 1329 1683; x_wconf 90' lang='lat' dir='ltr'><strong>enim</strong></span> <span class='ocrx_word' id='word_1_197' title='bbox 1367 1629 1527 1697; x_wconf 86' lang='lat' dir='ltr'><strong>plane</strong></span> <span class='ocrx_word' id='word_1_198' title='bbox 1562 1626 1799 1697; x_wconf 86' lang='lat' dir='ltr'><strong>Spiritui</strong></span> <span class='ocrx_word' id='word_1_199' title='bbox 1836 1635 2029 1683; x_wconf 89' lang='lat' dir='ltr'><strong>sancto</strong></span> <span class='ocrx_word' id='word_1_200' title='bbox 2065 1627 2299 1697; x_wconf 82' lang='lat' dir='ltr'><strong>loquens</strong></span> 
     </span>
    </p>
   </div>
   <div class='ocr_carea' id='block_1_27' title="bbox 2339 1620 3956 1697">
    <p class='ocr_par' dir='ltr' id='par_1_27' title="bbox 2406 1620 3956 1696">
     <span class='ocr_line' id='line_1_27' title="bbox 2406 1620 3956 1696; baseline 0.003 -19"><span class='ocrx_word' id='word_1_201' title='bbox 2406 1624 2605 1695; x_wconf 80' lang='grc' dir='ltr'>θυμίας</span> <span class='ocrx_word' id='word_1_202' title='bbox 2637 1626 2999 1696; x_wconf 82' lang='grc' dir='ltr'>πορευόμενοι</span> <span class='ocrx_word' id='word_1_203' title='bbox 3050 1625 3159 1679; x_wconf 83' lang='grc' dir='ltr'><strong>τῶν</strong></span> <span class='ocrx_word' id='word_1_204' title='bbox 3212 1625 3505 1679; x_wconf 75' lang='grc' dir='ltr'>ἀσεϐειῶν.</span> <span class='ocrx_word' id='word_1_205' title='bbox 3558 1620 3726 1680; x_wconf 70' lang='grc' dir='ltr'>Οὗτοί</span> <span class='ocrx_word' id='word_1_206' title='bbox 3779 1628 3899 1679; x_wconf 81' lang='grc' dir='ltr'>εἰσιν</span> <span class='ocrx_word' id='word_1_207' title='bbox 3922 1632 3956 1681; x_wconf 77' lang='grc' dir='ltr'>οἱ</span> 
     </span>
    </p>
   </div>
   <div class='ocr_carea' id='block_1_28' title="bbox 718 1717 2335 1791">
    <p class='ocr_par' dir='ltr' id='par_1_28' title="bbox 718 1717 2299 1791">
     <span class='ocr_line' id='line_1_28' title="bbox 718 1717 2299 1791; baseline 0.002 -20"><span class='ocrx_word' id='word_1_208' title='bbox 718 1717 985 1775; x_wconf 85' lang='lat' dir='ltr'><strong>adversus</strong></span> <span class='ocrx_word' id='word_1_209' title='bbox 1013 1718 1295 1790; x_wconf 85' lang='lat' dir='ltr'><strong>Unigeniti</strong></span> <span class='ocrx_word' id='word_1_210' title='bbox 1316 1721 1545 1791; x_wconf 80' lang='lat' dir='ltr'><strong>gloriam</strong></span> <span class='ocrx_word' id='word_1_211' title='bbox 1565 1718 1864 1789; x_wconf 88' lang='lat' dir='ltr'><strong>quidquam</strong></span> <span class='ocrx_word' id='word_1_212' title='bbox 1885 1720 2162 1788; x_wconf 89' lang='lat' dir='ltr'><strong>loquetur.</strong></span> <span class='ocrx_word' id='word_1_213' title='bbox 2186 1719 2299 1774; x_wconf 84' lang='lat' dir='ltr'><strong>Hoc</strong></span> 
     </span>
    </p>
   </div>
   <div class='ocr_carea' id='block_1_29' title="bbox 2339 1717 3956 1791">
    <p class='ocr_par' dir='ltr' id='par_1_29' title="bbox 2403 1718 3956 1789">
     <span class='ocr_line' id='line_1_29' title="bbox 2403 1718 3956 1789; baseline 0.001 -18"><span class='ocrx_word' id='word_1_214' title='bbox 2403 1718 2859 1789; x_wconf 76' lang='grc' dir='ltr'>ἀποδιορίζοντες,</span> <span class='ocrx_word' id='word_1_215' title='bbox 2898 1718 3143 1787; x_wconf 73' lang='grc' dir='ltr'>ψυχικοὶ,</span> <span class='ocrx_word' id='word_1_216' title='bbox 3174 1718 3400 1787; x_wconf 79' lang='grc' dir='ltr'>Πνεῦμα</span> <span class='ocrx_word' id='word_1_217' title='bbox 3442 1718 3521 1788; x_wconf 82' lang='grc' dir='ltr'>μὴ</span> <span class='ocrx_word' id='word_1_218' title='bbox 3564 1718 3801 1787; x_wconf 80' lang='grc' dir='ltr'>ἔχοντες.</span> <span class='ocrx_word' id='word_1_219' title='bbox 3837 1739 3853 1770; x_wconf 77' lang='grc' dir='ltr'><strong>ι</strong></span> <span class='ocrx_word' id='word_1_220' title='bbox 3882 1723 3956 1772; x_wconf 69' lang='grc'><strong>03-</strong></span> 
     </span>
    </p>
   </div>
   <div class='ocr_carea' id='block_1_30' title="bbox 718 1809 2335 1880">
    <p class='ocr_par' dir='ltr' id='par_1_30' title="bbox 718 1810 2297 1879">
     <span class='ocr_line' id='line_1_30' title="bbox 718 1810 2297 1879; baseline 0.001 -14"><span class='ocrx_word' id='word_1_221' title='bbox 718 1813 868 1866; x_wconf 88' lang='lat' dir='ltr'><strong>enim</strong></span> <span class='ocrx_word' id='word_1_222' title='bbox 897 1828 1026 1868; x_wconf 91' lang='lat' dir='ltr'><strong>esse</strong></span> <span class='ocrx_word' id='word_1_223' title='bbox 1051 1814 1159 1879; x_wconf 91' lang='lat' dir='ltr'><strong>aio,</strong></span> <span class='ocrx_word' id='word_1_224' title='bbox 1181 1814 1366 1868; x_wconf 89' lang='lat' dir='ltr'><strong>dicere</strong></span> <span class='ocrx_word' id='word_1_225' title='bbox 1396 1812 1688 1866; x_wconf 78' lang='lat' dir='ltr'><strong>anathema</strong></span> <span class='ocrx_word' id='word_1_226' title='bbox 1716 1810 1843 1867; x_wconf 84' lang='lat' dir='ltr'><strong>Jesu</strong></span> <span class='ocrx_word' id='word_1_227' title='bbox 1874 1812 1940 1866; x_wconf 81' lang='grc'><strong>³⁸.</strong></span> <span class='ocrx_word' id='word_1_228' title='bbox 1968 1811 2085 1867; x_wconf 78' lang='lat' dir='ltr'><strong>Viri</strong></span> <span class='ocrx_word' id='word_1_229' title='bbox 2117 1822 2297 1867; x_wconf 89' lang='lat' dir='ltr'><strong>autem</strong></span> 
     </span>
    </p>
   </div>
   <div class='ocr_carea' id='block_1_31' title="bbox 2339 1809 3956 1880">
    <p class='ocr_par' dir='ltr' id='par_1_31' title="bbox 2402 1809 3956 1880">
     <span class='ocr_line' id='line_1_31' title="bbox 2402 1809 3956 1880; baseline 0.001 -18"><span class='ocrx_word' id='word_1_230' title='bbox 2402 1810 2515 1873; x_wconf 65' lang='lat' dir='ltr'><strong>delc</strong></span> <span class='ocrx_word' id='word_1_231' title='bbox 2567 1812 2664 1880; x_wconf 85' lang='grc' dir='ltr'><strong>μὲν</strong></span> <span class='ocrx_word' id='word_1_232' title='bbox 2721 1810 2830 1879; x_wconf 80' lang='grc' dir='ltr'><strong>γὰρ</strong></span> <span class='ocrx_word' id='word_1_233' title='bbox 2872 1810 2932 1863; x_wconf 84' lang='grc' dir='ltr'><strong>τὸ</strong></span> <span class='ocrx_word' id='word_1_234' title='bbox 2978 1810 3244 1880; x_wconf 88' lang='grc' dir='ltr'>παράπαν</span> <span class='ocrx_word' id='word_1_235' title='bbox 3288 1811 3431 1879; x_wconf 80' lang='grc' dir='ltr'>ἁγίῳ</span> <span class='ocrx_word' id='word_1_236' title='bbox 3489 1809 3779 1878; x_wconf 81' lang='grc' dir='ltr'>Πνεύματι</span> <span class='ocrx_word' id='word_1_237' title='bbox 3820 1810 3956 1863; x_wconf 76' lang='grc' dir='ltr'>λαλῶν</span> 
     </span>
    </p>
   </div>
   <div class='ocr_carea' id='block_1_32' title="bbox 718 1882 2335 1975">
    <p class='ocr_par' dir='ltr' id='par_1_32' title="bbox 718 1903 2335 1975">
     <span class='ocr_line' id='line_1_32' title="bbox 718 1903 2335 1975; baseline 0.003 -18"><span class='ocrx_word' id='word_1_238' title='bbox 718 1906 985 1961; x_wconf 88' lang='lat' dir='ltr'><strong>animales</strong></span> <span class='ocrx_word' id='word_1_239' title='bbox 1018 1920 1082 1959; x_wconf 89' lang='lat' dir='ltr'><strong>ac</strong></span> <span class='ocrx_word' id='word_1_240' title='bbox 1115 1905 1327 1971; x_wconf 89' lang='lat' dir='ltr'><strong>timidi,</strong></span> <span class='ocrx_word' id='word_1_241' title='bbox 1374 1914 1428 1959; x_wconf 90' lang='lat' dir='ltr'><strong>et</strong></span> <span class='ocrx_word' id='word_1_242' title='bbox 1461 1903 1671 1975; x_wconf 87' lang='lat' dir='ltr'><strong>Spiritu</strong></span> <span class='ocrx_word' id='word_1_243' title='bbox 1718 1914 1911 1960; x_wconf 87' lang='lat' dir='ltr'><strong>sancto</strong></span> <span class='ocrx_word' id='word_1_244' title='bbox 1945 1919 2175 1959; x_wconf 81' lang='lat' dir='ltr'><strong>vacuum</strong></span> <span class='ocrx_word' id='word_1_245' title='bbox 2205 1920 2302 1962; x_wconf 91' lang='lat' dir='ltr'><strong>cor</strong></span> <span class='ocrx_word' id='word_1_246' title='bbox 2334 1932 2335 1937; x_wconf 57' lang='grc' dir='ltr'><strong>π</strong></span> 
     </span>
    </p>
   </div>
   <div class='ocr_carea' id='block_1_33' title="bbox 2338 1882 3955 1975">
    <p class='ocr_par' dir='ltr' id='par_1_33' title="bbox 2338 1882 3955 1974">
     <span class='ocr_line' id='line_1_33' title="bbox 2338 1882 3955 1974; baseline -0.001 -20"><span class='ocrx_word' id='word_1_247' title='bbox 2338 1882 2376 1939; x_wconf 75' lang='grc' dir='ltr'><strong><em>Β</em></strong></span> <span class='ocrx_word' id='word_1_248' title='bbox 2407 1904 2633 1974; x_wconf 85' lang='grc' dir='ltr'>κατερεῖ</span> <span class='ocrx_word' id='word_1_249' title='bbox 2676 1918 2728 1952; x_wconf 87' lang='grc' dir='ltr'><strong>τι</strong></span> <span class='ocrx_word' id='word_1_250' title='bbox 2778 1901 2875 1970; x_wconf 76' lang='grc' dir='ltr'><strong>τῆς</strong></span> <span class='ocrx_word' id='word_1_251' title='bbox 2922 1900 3081 1970; x_wconf 81' lang='grc' dir='ltr'><strong>δόξης</strong></span> <span class='ocrx_word' id='word_1_252' title='bbox 3122 1900 3217 1953; x_wconf 89' lang='grc' dir='ltr'><strong>τοῦ</strong></span> <span class='ocrx_word' id='word_1_253' title='bbox 3266 1900 3640 1967; x_wconf 83' lang='grc' dir='ltr'>Μονογενοῦς,</span> <span class='ocrx_word' id='word_1_254' title='bbox 3692 1900 3853 1953; x_wconf 87' lang='grc' dir='ltr'>Τοῦτο</span> <span class='ocrx_word' id='word_1_255' title='bbox 3878 1902 3955 1970; x_wconf 76' lang='grc' dir='ltr'>γὰρ</span> 
     </span>
    </p>
   </div>
   <div class='ocr_carea' id='block_1_34' title="bbox 716 1992 2333 2068">
    <p class='ocr_par' dir='ltr' id='par_1_34' title="bbox 716 1996 2306 2068">
     <span class='ocr_line' id='line_1_34' title="bbox 716 1996 2306 2068; baseline 0.001 -17"><span class='ocrx_word' id='word_1_256' title='bbox 716 1997 1015 2065; x_wconf 88' lang='lat' dir='ltr'><strong>habentes,</strong></span> <span class='ocrx_word' id='word_1_257' title='bbox 1059 1998 1258 2052; x_wconf 88' lang='lat' dir='ltr'><strong>Filium</strong></span> <span class='ocrx_word' id='word_1_258' title='bbox 1309 2013 1340 2051; x_wconf 90' lang='lat' dir='ltr'><strong>a</strong></span> <span class='ocrx_word' id='word_1_259' title='bbox 1372 1996 1535 2054; x_wconf 82' lang='lat' dir='ltr'><strong>Patre</strong></span> <span class='ocrx_word' id='word_1_260' title='bbox 1567 2005 1897 2068; x_wconf 72' lang='lat' dir='ltr'><strong>segregant,</strong></span> <span class='ocrx_word' id='word_1_261' title='bbox 1934 1998 2306 2053; x_wconf 90' lang='lat' dir='ltr'><strong>substantiale</strong></span> 
     </span>
    </p>
   </div>
   <div class='ocr_carea' id='block_1_35' title="bbox 2338 1992 3955 2068">
    <p class='ocr_par' dir='ltr' id='par_1_35' title="bbox 2403 1992 3955 2063">
     <span class='ocr_line' id='line_1_35' title="bbox 2403 1992 3955 2063; baseline 0 -17"><span class='ocrx_word' id='word_1_262' title='bbox 2403 1992 2541 2046; x_wconf 81' lang='grc' dir='ltr'>εἷναί</span> <span class='ocrx_word' id='word_1_263' title='bbox 2578 2010 2719 2063; x_wconf 80' lang='grc' dir='ltr'>φημι</span> <span class='ocrx_word' id='word_1_264' title='bbox 2768 1993 2827 2046; x_wconf 84' lang='grc' dir='ltr'><strong>τὸ</strong></span> <span class='ocrx_word' id='word_1_265' title='bbox 2870 1993 3051 2061; x_wconf 84' lang='grc' dir='ltr'>λέγειν</span> <span class='ocrx_word' id='word_1_266' title='bbox 3101 1992 3355 2062; x_wconf 80' lang='grc' dir='ltr'>ἀνάθεμα</span> <span class='ocrx_word' id='word_1_267' title='bbox 3411 1992 3648 2061; x_wconf 80' lang='grc' dir='ltr'>Ἰησοῦς,</span> <span class='ocrx_word' id='word_1_268' title='bbox 3693 1992 3955 2063; x_wconf 73' lang='grc' dir='ltr'><strong>’Λνερεςὸὶ</strong></span> 
     </span>
    </p>
   </div>
   <div class='ocr_carea' id='block_1_36' title="bbox 713 2084 2330 2156">
    <p class='ocr_par' dir='ltr' id='par_1_36' title="bbox 713 2085 2301 2156">
     <span class='ocr_line' id='line_1_36' title="bbox 713 2085 2301 2156; baseline 0 -15"><span class='ocrx_word' id='word_1_269' title='bbox 713 2086 1016 2142; x_wconf 85' lang='lat' dir='ltr'><strong>diserimen</strong></span> <span class='ocrx_word' id='word_1_270' title='bbox 1052 2088 1230 2156; x_wconf 90' lang='lat' dir='ltr'><strong>ipsum</strong></span> <span class='ocrx_word' id='word_1_271' title='bbox 1275 2087 1479 2141; x_wconf 90' lang='lat' dir='ltr'><strong>habere</strong></span> <span class='ocrx_word' id='word_1_272' title='bbox 1505 2085 1784 2150; x_wconf 82' lang='lat' dir='ltr'><strong>dicentes,</strong></span> <span class='ocrx_word' id='word_1_273' title='bbox 1835 2085 2301 2155; x_wconf 88' lang='lat' dir='ltr'><strong>quemadmodum</strong></span> 
     </span>
    </p>
   </div>
   <div class='ocr_carea' id='block_1_37' title="bbox 2337 2084 3954 2156">
    <p class='ocr_par' dir='ltr' id='par_1_37' title="bbox 2401 2084 3954 2156">
     <span class='ocr_line' id='line_1_37' title="bbox 2401 2084 3954 2156; baseline 0.001 -19"><span class='ocrx_word' id='word_1_274' title='bbox 2401 2085 2657 2155; x_wconf 71' lang='grc' dir='ltr'>ψυχικοί,</span> <span class='ocrx_word' id='word_1_275' title='bbox 2718 2086 2813 2139; x_wconf 82' lang='grc' dir='ltr'><strong>καὶ</strong></span> <span class='ocrx_word' id='word_1_276' title='bbox 2870 2085 3133 2149; x_wconf 84' lang='grc' dir='ltr'>δείλαιοι,</span> <span class='ocrx_word' id='word_1_277' title='bbox 3180 2086 3276 2138; x_wconf 73' lang='grc' dir='ltr'><strong>καὶ</strong></span> <span class='ocrx_word' id='word_1_278' title='bbox 3326 2084 3421 2139; x_wconf 88' lang='grc' dir='ltr'><strong>τοῦ</strong></span> <span class='ocrx_word' id='word_1_279' title='bbox 3472 2086 3641 2154; x_wconf 82' lang='grc' dir='ltr'>ἁγίου</span> <span class='ocrx_word' id='word_1_280' title='bbox 3684 2086 3954 2156; x_wconf 75' lang='grc' dir='ltr'>Πνεύματος</span> 
     </span>
    </p>
   </div>
   <div class='ocr_carea' id='block_1_38' title="bbox 712 2176 2329 2250">
    <p class='ocr_par' dir='ltr' id='par_1_38' title="bbox 712 2176 2307 2247">
     <span class='ocr_line' id='line_1_38' title="bbox 712 2176 2307 2247; baseline 0.002 -18"><span class='ocrx_word' id='word_1_281' title='bbox 712 2178 978 2230; x_wconf 88' lang='lat' dir='ltr'><strong>nimirum</strong></span> <span class='ocrx_word' id='word_1_282' title='bbox 997 2184 1369 2240; x_wconf 67' lang='lat' dir='ltr'><strong>etcreaturze,</strong></span> <span class='ocrx_word' id='word_1_283' title='bbox 1404 2185 1459 2230; x_wconf 93' lang='lat' dir='ltr'><strong>et</strong></span> <span class='ocrx_word' id='word_1_284' title='bbox 1489 2176 1925 2246; x_wconf 82' lang='lat' dir='ltr'><strong>unumquodque</strong></span> <span class='ocrx_word' id='word_1_285' title='bbox 1955 2191 2148 2230; x_wconf 91' lang='lat' dir='ltr'><strong>eorum</strong></span> <span class='ocrx_word' id='word_1_286' title='bbox 2185 2192 2307 2247; x_wconf 66' lang='lat' dir='ltr'><strong>quae</strong></span> 
     </span>
    </p>
   </div>
   <div class='ocr_carea' id='block_1_39' title="bbox 2336 2176 3953 2250">
    <p class='ocr_par' dir='ltr' id='par_1_39' title="bbox 2402 2177 3953 2250">
     <span class='ocr_line' id='line_1_39' title="bbox 2402 2177 3953 2250; baseline 0.001 -19"><span class='ocrx_word' id='word_1_287' title='bbox 2402 2181 2617 2250; x_wconf 83' lang='grc' dir='ltr'>ἐρήμην</span> <span class='ocrx_word' id='word_1_288' title='bbox 2673 2178 2887 2247; x_wconf 73' lang='grc' dir='ltr'>ἔχοντες</span> <span class='ocrx_word' id='word_1_289' title='bbox 2956 2178 3055 2249; x_wconf 72' lang='grc' dir='ltr'><strong>τὴν</strong></span> <span class='ocrx_word' id='word_1_290' title='bbox 3105 2177 3373 2247; x_wconf 80' lang='grc' dir='ltr'>καρδίαν,</span> <span class='ocrx_word' id='word_1_291' title='bbox 3431 2178 3839 2247; x_wconf 75' lang='grc' dir='ltr'>ἀποδιορίζουσι</span> <span class='ocrx_word' id='word_1_292' title='bbox 3886 2180 3953 2232; x_wconf 78' lang='grc' dir='ltr'><strong>τοῦ</strong></span> 
     </span>
    </p>
   </div>
   <div class='ocr_carea' id='block_1_40' title="bbox 709 2267 2326 2341">
    <p class='ocr_par' dir='ltr' id='par_1_40' title="bbox 709 2267 2303 2338">
     <span class='ocr_line' id='line_1_40' title="bbox 709 2267 2303 2338; baseline 0.001 -16"><span class='ocrx_word' id='word_1_293' title='bbox 709 2267 857 2322; x_wconf 78' lang='lat' dir='ltr'><strong>facta</strong></span> <span class='ocrx_word' id='word_1_294' title='bbox 891 2277 1024 2323; x_wconf 89' lang='lat' dir='ltr'><strong>sunt</strong></span> <span class='ocrx_word' id='word_1_295' title='bbox 1055 2267 1125 2322; x_wconf 89' lang='lat' dir='ltr'><strong>ab</strong></span> <span class='ocrx_word' id='word_1_296' title='bbox 1158 2268 1311 2338; x_wconf 89' lang='lat' dir='ltr'><strong>ipso,</strong></span> <span class='ocrx_word' id='word_1_297' title='bbox 1342 2278 1396 2323; x_wconf 84' lang='lat' dir='ltr'><strong>et</strong></span> <span class='ocrx_word' id='word_1_298' title='bbox 1430 2284 1498 2322; x_wconf 90' lang='lat' dir='ltr'><strong>eo</strong></span> <span class='ocrx_word' id='word_1_299' title='bbox 1530 2268 1693 2321; x_wconf 89' lang='lat' dir='ltr'><strong>modo</strong></span> <span class='ocrx_word' id='word_1_300' title='bbox 1724 2268 1880 2321; x_wconf 92' lang='lat' dir='ltr'><strong>illum</strong></span> <span class='ocrx_word' id='word_1_301' title='bbox 1923 2282 2049 2322; x_wconf 89' lang='lat' dir='ltr'><strong>esse</strong></span> <span class='ocrx_word' id='word_1_302' title='bbox 2099 2268 2154 2323; x_wconf 91' lang='lat' dir='ltr'><strong>in</strong></span> <span class='ocrx_word' id='word_1_303' title='bbox 2198 2267 2303 2323; x_wconf 84' lang='lat' dir='ltr'><strong>Pa-</strong></span> 
     </span>
    </p>
   </div>
   <div class='ocr_carea' id='block_1_41' title="bbox 2335 2267 3952 2341">
    <p class='ocr_par' dir='ltr' id='par_1_41' title="bbox 2403 2268 3952 2341">
     <span class='ocr_line' id='line_1_41' title="bbox 2403 2268 3952 2341; baseline -0.001 -17"><span class='ocrx_word' id='word_1_304' title='bbox 2403 2271 2617 2341; x_wconf 80' lang='grc' dir='ltr'>Πατρὸς</span> <span class='ocrx_word' id='word_1_305' title='bbox 2662 2269 2751 2323; x_wconf 82' lang='grc' dir='ltr'><strong>τὸν</strong></span> <span class='ocrx_word' id='word_1_306' title='bbox 2795 2269 2957 2333; x_wconf 77' lang='grc' dir='ltr'>Υίδν,</span> <span class='ocrx_word' id='word_1_307' title='bbox 3004 2268 3239 2337; x_wconf 81' lang='grc' dir='ltr'>οὑσιώδη</span> <span class='ocrx_word' id='word_1_308' title='bbox 3292 2269 3604 2338; x_wconf 78' lang='grc' dir='ltr'>φάσκοντες</span> <span class='ocrx_word' id='word_1_309' title='bbox 3658 2270 3798 2340; x_wconf 81' lang='grc' dir='ltr'>ἔχειν</span> <span class='ocrx_word' id='word_1_310' title='bbox 3827 2273 3952 2324; x_wconf 66' lang='grc' dir='ltr'>αὑτὸν</span> 
     </span>
    </p>
   </div>
   <div class='ocr_carea' id='block_1_42' title="bbox 709 2360 2326 2437">
    <p class='ocr_par' dir='ltr' id='par_1_42' title="bbox 709 2360 1685 2429">
     <span class='ocr_line' id='line_1_42' title="bbox 709 2360 1685 2429; baseline 0.003 -17"><span class='ocrx_word' id='word_1_311' title='bbox 709 2369 793 2415; x_wconf 91' lang='lat' dir='ltr'><strong>tre</strong></span> <span class='ocrx_word' id='word_1_312' title='bbox 822 2362 1163 2425; x_wconf 88' lang='lat' dir='ltr'><strong>sentientes,</strong></span> <span class='ocrx_word' id='word_1_313' title='bbox 1203 2375 1312 2429; x_wconf 91' lang='lat' dir='ltr'><strong>quo</strong></span> <span class='ocrx_word' id='word_1_314' title='bbox 1345 2375 1448 2414; x_wconf 91' lang='lat' dir='ltr'><strong>nos</strong></span> <span class='ocrx_word' id='word_1_315' title='bbox 1483 2360 1537 2413; x_wconf 93' lang='lat' dir='ltr'><strong>in</strong></span> <span class='ocrx_word' id='word_1_316' title='bbox 1570 2360 1685 2415; x_wconf 91' lang='lat' dir='ltr'><strong>illo.</strong></span> 
     </span>
    </p>
   </div>
   <div class='ocr_carea' id='block_1_43' title="bbox 2336 2360 3953 2437">
    <p class='ocr_par' dir='ltr' id='par_1_43' title="bbox 2402 2361 3953 2437">
     <span class='ocr_line' id='line_1_43' title="bbox 2402 2361 3953 2437; baseline -0.002 -19"><span class='ocrx_word' id='word_1_317' title='bbox 2402 2367 2503 2437; x_wconf 85' lang='grc' dir='ltr'><strong>τὴν</strong></span> <span class='ocrx_word' id='word_1_318' title='bbox 2562 2361 2864 2433; x_wconf 74' lang='grc' dir='ltr'>διακοπην,</span> <span class='ocrx_word' id='word_1_319' title='bbox 2917 2362 3171 2433; x_wconf 82' lang='grc' dir='ltr'>καθάπερ</span> <span class='ocrx_word' id='word_1_320' title='bbox 3225 2363 3418 2433; x_wconf 82' lang='grc' dir='ltr'>ἀμέλει</span> <span class='ocrx_word' id='word_1_321' title='bbox 3466 2364 3540 2417; x_wconf 76' lang='grc' dir='ltr'>τὰ</span> <span class='ocrx_word' id='word_1_322' title='bbox 3597 2364 3837 2432; x_wconf 81' lang='grc' dir='ltr'>γενητὰ,</span> <span class='ocrx_word' id='word_1_323' title='bbox 3884 2366 3953 2416; x_wconf 71' lang='grc' dir='ltr'><strong>καὶ</strong></span> 
     </span>
    </p>
   </div>
   <div class='ocr_carea' id='block_1_44' title="bbox 706 2448 3953 2529">
    <p class='ocr_par' dir='ltr' id='par_1_44' title="bbox 706 2448 3953 2529">
     <span class='ocr_line' id='line_1_44' title="bbox 706 2448 3953 2529; baseline 0.003 -27"><span class='ocrx_word' id='word_1_324' title='bbox 706 2448 813 2504; x_wconf 84' lang='grc' dir='ltr'><strong>τῶν</strong></span> <span class='ocrx_word' id='word_1_325' title='bbox 881 2449 1010 2521; x_wconf 84' lang='grc' dir='ltr'>παρ’</span> <span class='ocrx_word' id='word_1_326' title='bbox 1062 2448 1231 2504; x_wconf 83' lang='grc' dir='ltr'>αὑτοῦ</span> <span class='ocrx_word' id='word_1_327' title='bbox 1285 2449 1674 2520; x_wconf 80' lang='grc' dir='ltr'>πεποιημένων</span> <span class='ocrx_word' id='word_1_328' title='bbox 1718 2450 1986 2519; x_wconf 73' lang='grc' dir='ltr'>ἕκαστον,</span> <span class='ocrx_word' id='word_1_329' title='bbox 2041 2450 2179 2509; x_wconf 82' lang='grc' dir='ltr'><strong>εἷναί</strong></span> <span class='ocrx_word' id='word_1_330' title='bbox 2238 2477 2297 2513; x_wconf 78' lang='grc' dir='ltr'><strong>τε</strong></span> <span class='ocrx_word' id='word_1_331' title='bbox 2371 2461 2512 2515; x_wconf 73' lang='grc' dir='ltr'>οὕτω</span> <span class='ocrx_word' id='word_1_332' title='bbox 2590 2457 2913 2529; x_wconf 80' lang='grc' dir='ltr'>φρονοῦντες</span> <span class='ocrx_word' id='word_1_333' title='bbox 2953 2456 3113 2510; x_wconf 75' lang='grc' dir='ltr'>αὑτὸν</span> <span class='ocrx_word' id='word_1_334' title='bbox 3164 2458 3221 2509; x_wconf 83' lang='grc' dir='ltr'><strong>ἐν</strong></span> <span class='ocrx_word' id='word_1_335' title='bbox 3273 2458 3489 2528; x_wconf 74' lang='grc' dir='ltr'>Πατρὶ,</span> <span class='ocrx_word' id='word_1_336' title='bbox 3552 2458 3803 2529; x_wconf 86' lang='grc' dir='ltr'>καθάπερ</span> <span class='ocrx_word' id='word_1_337' title='bbox 3841 2460 3953 2528; x_wconf 66' lang='grc' dir='ltr'>ἡμᾶς</span> 
     </span>
    </p>
   </div>
   <div class='ocr_carea' id='block_1_45' title="bbox 705 2543 971 2614">
    <p class='ocr_par' dir='ltr' id='par_1_45' title="bbox 705 2543 971 2614">
     <span class='ocr_line' id='line_1_45' title="bbox 705 2543 971 2614; baseline 0.011 -20"><span class='ocrx_word' id='word_1_338' title='bbox 705 2543 761 2594; x_wconf 80' lang='grc' dir='ltr'><strong>ἐν</strong></span> <span class='ocrx_word' id='word_1_339' title='bbox 801 2543 971 2614; x_wconf 74' lang='grc' dir='ltr'>αὐτῷ.</span> 
     </span>
    </p>
   </div>
   <div class='ocr_carea' id='block_1_46' title="bbox 778 2633 2395 2715">
    <p class='ocr_par' dir='ltr' id='par_1_46' title="bbox 778 2633 2293 2712">
     <span class='ocr_line' id='line_1_46' title="bbox 778 2633 2293 2712; baseline 0.01 -26"><span class='ocrx_word' id='word_1_340' title='bbox 778 2633 917 2701; x_wconf 87' lang='lat' dir='ltr'><strong>Quia</strong></span> <span class='ocrx_word' id='word_1_341' title='bbox 947 2649 1077 2688; x_wconf 84' lang='lat' dir='ltr'><strong>vero</strong></span> <span class='ocrx_word' id='word_1_342' title='bbox 1105 2633 1221 2688; x_wconf 68' lang='lat' dir='ltr'><strong>haec</strong></span> <span class='ocrx_word' id='word_1_343' title='bbox 1250 2635 1588 2699; x_wconf 85' lang='lat' dir='ltr'><strong>scribentes,</strong></span> <span class='ocrx_word' id='word_1_344' title='bbox 1618 2654 1889 2692; x_wconf 88' lang='lat' dir='ltr'><strong>summam</strong></span> <span class='ocrx_word' id='word_1_345' title='bbox 1921 2642 2293 2712; x_wconf 82' lang='lat' dir='ltr'><strong>ignorantiam</strong></span> 
     </span>
    </p>
   </div>
   <div class='ocr_carea' id='block_1_47' title="bbox 2333 2633 3950 2715">
    <p class='ocr_par' dir='ltr' id='par_1_47' title="bbox 2473 2638 3950 2715">
     <span class='ocr_line' id='line_1_47' title="bbox 2473 2638 3950 2715; baseline 0.027 -57"><span class='ocrx_word' id='word_1_346' title='bbox 2473 2644 2599 2695; x_wconf 55' lang='grc' dir='ltr'><strong>..οτι</strong></span> <span class='ocrx_word' id='word_1_347' title='bbox 2650 2640 2706 2693; x_wconf 59' lang='grc' dir='ltr'><strong>δὲ</strong></span> <span class='ocrx_word' id='word_1_348' title='bbox 2750 2640 2845 2711; x_wconf 68' lang='grc' dir='ltr'><strong>τῆς</strong></span> <span class='ocrx_word' id='word_1_349' title='bbox 2888 2641 2967 2701; x_wconf 71' lang='grc' dir='ltr'><strong>είς</strong></span> <span class='ocrx_word' id='word_1_350' title='bbox 3012 2640 3185 2710; x_wconf 72' lang='grc' dir='ltr'>ἀκρον</span> <span class='ocrx_word' id='word_1_351' title='bbox 3220 2638 3494 2709; x_wconf 87' lang='grc' dir='ltr'>ἀμαθείας</span> <span class='ocrx_word' id='word_1_352' title='bbox 3541 2642 3678 2693; x_wconf 83' lang='grc' dir='ltr'>εῖσω</span> <span class='ocrx_word' id='word_1_353' title='bbox 3729 2640 3950 2715; x_wconf 75' lang='grc' dir='ltr'>βεϐήκασι</span> 
     </span>
    </p>
   </div>
   <div class='ocr_carea' id='block_1_48' title="bbox 704 2725 2321 2805">
    <p class='ocr_par' dir='ltr' id='par_1_48' title="bbox 704 2725 2293 2798">
     <span class='ocr_line' id='line_1_48' title="bbox 704 2725 2293 2798; baseline 0.008 -19"><span class='ocrx_word' id='word_1_354' title='bbox 704 2726 1106 2797; x_wconf 87' lang='lat' dir='ltr'><strong>prodiderunt,</strong></span> <span class='ocrx_word' id='word_1_355' title='bbox 1155 2725 1388 2797; x_wconf 75' lang='lat' dir='ltr'><strong>agedum</strong></span> <span class='ocrx_word' id='word_1_356' title='bbox 1425 2743 1454 2779; x_wconf 93' lang='lat' dir='ltr'><strong>a</strong></span> <span class='ocrx_word' id='word_1_357' title='bbox 1486 2726 1775 2798; x_wconf 89' lang='lat' dir='ltr'><strong>Scriptura</strong></span> <span class='ocrx_word' id='word_1_358' title='bbox 1810 2732 1997 2786; x_wconf 90' lang='lat' dir='ltr'><strong>divina</strong></span> <span class='ocrx_word' id='word_1_359' title='bbox 2033 2736 2293 2791; x_wconf 89' lang='lat' dir='ltr'><strong>conside-</strong></span> 
     </span>
    </p>
   </div>
   <div class='ocr_carea' id='block_1_49' title="bbox 2333 2725 3950 2805">
    <p class='ocr_par' dir='ltr' id='par_1_49' title="bbox 2395 2731 3950 2805">
     <span class='ocr_line' id='line_1_49' title="bbox 2395 2731 3950 2805; baseline 0.003 -20"><span class='ocrx_word' id='word_1_360' title='bbox 2395 2731 2623 2786; x_wconf 86' lang='grc' dir='ltr'>τοιαῦτα</span> <span class='ocrx_word' id='word_1_361' title='bbox 2659 2732 2892 2802; x_wconf 75' lang='grc' dir='ltr'>γράφειν</span> <span class='ocrx_word' id='word_1_362' title='bbox 2928 2731 3320 2801; x_wconf 83' lang='grc' dir='ltr'>τολμήσαντες,</span> <span class='ocrx_word' id='word_1_363' title='bbox 3358 2733 3490 2805; x_wconf 76' lang='grc' dir='ltr'>φέρε</span> <span class='ocrx_word' id='word_1_364' title='bbox 3526 2734 3685 2804; x_wconf 76' lang='grc' dir='ltr'>παρὰ</span> <span class='ocrx_word' id='word_1_365' title='bbox 3721 2736 3814 2805; x_wconf 80' lang='grc' dir='ltr'>τῆς</span> <span class='ocrx_word' id='word_1_366' title='bbox 3834 2737 3950 2801; x_wconf 74' lang='grc' dir='ltr'>θείας</span> 
     </span>
    </p>
   </div>
   <div class='ocr_carea' id='block_1_50' title="bbox 700 2820 2317 2896">
    <p class='ocr_par' dir='ltr' id='par_1_50' title="bbox 700 2820 2293 2889">
     <span class='ocr_line' id='line_1_50' title="bbox 700 2820 2293 2889; baseline 0.006 -17"><span class='ocrx_word' id='word_1_367' title='bbox 700 2835 887 2873; x_wconf 86' lang='lat' dir='ltr'><strong>remus</strong></span> <span class='ocrx_word' id='word_1_368' title='bbox 920 2833 1147 2883; x_wconf 85' lang='lat' dir='ltr'><strong>rursus,</strong></span> <span class='ocrx_word' id='word_1_369' title='bbox 1184 2820 1366 2886; x_wconf 85' lang='lat' dir='ltr'><strong>quoad</strong></span> <span class='ocrx_word' id='word_1_370' title='bbox 1398 2823 1621 2889; x_wconf 87' lang='lat' dir='ltr'><strong>assequi</strong></span> <span class='ocrx_word' id='word_1_371' title='bbox 1656 2822 1824 2885; x_wconf 92' lang='lat' dir='ltr'><strong>licet,</strong></span> <span class='ocrx_word' id='word_1_372' title='bbox 1861 2832 1913 2877; x_wconf 92' lang='lat' dir='ltr'><strong>et</strong></span> <span class='ocrx_word' id='word_1_373' title='bbox 1947 2826 2293 2883; x_wconf 84' lang='lat' dir='ltr'><strong>auditoribus</strong></span> 
     </span>
    </p>
   </div>
   <div class='ocr_carea' id='block_1_51' title="bbox 2330 2820 3947 2896">
    <p class='ocr_par' dir='ltr' id='par_1_51' title="bbox 2398 2821 3947 2896">
     <span class='ocr_line' id='line_1_51' title="bbox 2398 2821 3947 2896; baseline 0.001 -19"><span class='ocrx_word' id='word_1_374' title='bbox 2398 2826 2619 2896; x_wconf 82' lang='grc' dir='ltr'>Γραφῆς</span> <span class='ocrx_word' id='word_1_375' title='bbox 2657 2822 3119 2892; x_wconf 86' lang='grc' dir='ltr'>διασκεπτὼμεθα</span> <span class='ocrx_word' id='word_1_376' title='bbox 3159 2822 3319 2875; x_wconf 84' lang='grc' dir='ltr'>πάλιν</span> <span class='ocrx_word' id='word_1_377' title='bbox 3345 2862 3360 2885; x_wconf 89' lang='grc'><em>,</em></span> <span class='ocrx_word' id='word_1_378' title='bbox 3416 2821 3493 2885; x_wconf 78' lang='grc' dir='ltr'>ὥς</span> <span class='ocrx_word' id='word_1_379' title='bbox 3553 2825 3705 2875; x_wconf 90' lang='grc' dir='ltr'>ἐστιν</span> <span class='ocrx_word' id='word_1_380' title='bbox 3748 2826 3947 2894; x_wconf 80' lang='grc' dir='ltr'>ἐφικτὸν.</span> 
     </span>
    </p>
   </div>
   <div class='ocr_carea' id='block_1_52' title="bbox 702 2910 2319 2986">
    <p class='ocr_par' dir='ltr' id='par_1_52' title="bbox 702 2910 2289 2983">
     <span class='ocr_line' id='line_1_52' title="bbox 702 2910 2289 2983; baseline 0.006 -20"><span class='ocrx_word' id='word_1_381' title='bbox 702 2910 1000 2966; x_wconf 77' lang='lat' dir='ltr'><strong>ostendere</strong></span> <span class='ocrx_word' id='word_1_382' title='bbox 1030 2925 1322 2976; x_wconf 89' lang='lat' dir='ltr'><strong>conemur,</strong></span> <span class='ocrx_word' id='word_1_383' title='bbox 1361 2926 1466 2966; x_wconf 90' lang='lat' dir='ltr'><strong>nos</strong></span> <span class='ocrx_word' id='word_1_384' title='bbox 1498 2912 1657 2967; x_wconf 86' lang='lat' dir='ltr'><strong>aliter</strong></span> <span class='ocrx_word' id='word_1_385' title='bbox 1689 2915 1911 2983; x_wconf 81' lang='lat' dir='ltr'><strong>quidem</strong></span> <span class='ocrx_word' id='word_1_386' title='bbox 1949 2932 2072 2972; x_wconf 90' lang='lat' dir='ltr'><strong>esse</strong></span> <span class='ocrx_word' id='word_1_387' title='bbox 2106 2918 2161 2971; x_wconf 91' lang='lat' dir='ltr'><strong>in</strong></span> <span class='ocrx_word' id='word_1_388' title='bbox 2196 2917 2289 2971; x_wconf 82' lang='lat' dir='ltr'><strong>Fi-</strong></span> 
     </span>
    </p>
   </div>
   <div class='ocr_carea' id='block_1_53' title="bbox 2333 2910 3950 2986">
    <p class='ocr_par' dir='ltr' id='par_1_53' title="bbox 2397 2914 3950 2986">
     <span class='ocr_line' id='line_1_53' title="bbox 2397 2914 3950 2986; baseline 0 -17"><span class='ocrx_word' id='word_1_389' title='bbox 2397 2916 2664 2981; x_wconf 79' lang='grc' dir='ltr'>ἐπιδεῖξαί</span> <span class='ocrx_word' id='word_1_390' title='bbox 2715 2932 2773 2968; x_wconf 85' lang='grc' dir='ltr'><strong>τε</strong></span> <span class='ocrx_word' id='word_1_391' title='bbox 2824 2918 2934 2977; x_wconf 89' lang='grc' dir='ltr'>τοῖς</span> <span class='ocrx_word' id='word_1_392' title='bbox 2991 2914 3368 2985; x_wconf 81' lang='grc' dir='ltr'>ἀκροωμένοις</span> <span class='ocrx_word' id='word_1_393' title='bbox 3430 2916 3856 2986; x_wconf 83' lang='grc' dir='ltr'>σπουδάσωμεν,</span> <span class='ocrx_word' id='word_1_394' title='bbox 3894 2920 3950 2981; x_wconf 81' lang='grc' dir='ltr'><strong>ὡς</strong></span> 
     </span>
    </p>
   </div>
   <div class='ocr_carea' id='block_1_54' title="bbox 699 2999 2316 3081">
    <p class='ocr_par' dir='ltr' id='par_1_54' title="bbox 699 2999 2287 3064">
     <span class='ocr_line' id='line_1_54' title="bbox 699 2999 2287 3064; baseline 0.006 -9"><span class='ocrx_word' id='word_1_395' title='bbox 699 3002 807 3063; x_wconf 88' lang='lat' dir='ltr'><strong>lio,</strong></span> <span class='ocrx_word' id='word_1_396' title='bbox 845 3001 1005 3055; x_wconf 85' lang='lat' dir='ltr'><strong>aliter</strong></span> <span class='ocrx_word' id='word_1_397' title='bbox 1040 2999 1241 3055; x_wconf 86' lang='lat' dir='ltr'><strong>Filium</strong></span> <span class='ocrx_word' id='word_1_398' title='bbox 1282 3003 1337 3056; x_wconf 91' lang='lat' dir='ltr'><strong>in</strong></span> <span class='ocrx_word' id='word_1_399' title='bbox 1373 3019 1475 3059; x_wconf 92' lang='lat' dir='ltr'><strong>suo</strong></span> <span class='ocrx_word' id='word_1_400' title='bbox 1510 3002 1693 3059; x_wconf 86' lang='lat' dir='ltr'><strong>Patre.</strong></span> <span class='ocrx_word' id='word_1_401' title='bbox 1736 3005 1847 3061; x_wconf 84' lang='lat' dir='ltr'><strong>Nec</strong></span> <span class='ocrx_word' id='word_1_402' title='bbox 1894 3010 2040 3062; x_wconf 89' lang='lat' dir='ltr'><strong>enim</strong></span> <span class='ocrx_word' id='word_1_403' title='bbox 2089 3011 2287 3064; x_wconf 79' lang='lat' dir='ltr'><strong>volun-</strong></span> 
     </span>
    </p>
   </div>
   <div class='ocr_carea' id='block_1_55' title="bbox 2329 2999 3946 3081">
    <p class='ocr_par' dir='ltr' id='par_1_55' title="bbox 2402 3007 3946 3081">
     <span class='ocr_line' id='line_1_55' title="bbox 2402 3007 3946 3081; baseline 0 -18"><span class='ocrx_word' id='word_1_404' title='bbox 2402 3010 2607 3081; x_wconf 80' lang='grc' dir='ltr'>ἑτέρως</span> <span class='ocrx_word' id='word_1_405' title='bbox 2644 3009 2741 3079; x_wconf 79' lang='grc' dir='ltr'><strong>μὲν</strong></span> <span class='ocrx_word' id='word_1_406' title='bbox 2789 3009 2950 3077; x_wconf 74' lang='grc' dir='ltr'>ἡμεῖς</span> <span class='ocrx_word' id='word_1_407' title='bbox 3006 3008 3172 3076; x_wconf 87' lang='grc' dir='ltr'>ἐσμεν</span> <span class='ocrx_word' id='word_1_408' title='bbox 3224 3007 3284 3060; x_wconf 85' lang='grc' dir='ltr'><strong>ἐν</strong></span> <span class='ocrx_word' id='word_1_409' title='bbox 3337 3007 3411 3076; x_wconf 79' lang='grc' dir='ltr'>τῷ</span> <span class='ocrx_word' id='word_1_410' title='bbox 3454 3008 3594 3079; x_wconf 84' lang='grc' dir='ltr'><strong>Υίῴ,</strong></span> <span class='ocrx_word' id='word_1_411' title='bbox 3634 3009 3873 3079; x_wconf 86' lang='grc' dir='ltr'>ὲτεροίως</span> <span class='ocrx_word' id='word_1_412' title='bbox 3901 3028 3946 3077; x_wconf 71' lang='grc' dir='ltr'><strong>γε</strong></span> 
     </span>
    </p>
   </div>
   <div class='ocr_carea' id='block_1_56' title="bbox 699 3092 2316 3171">
    <p class='ocr_par' dir='ltr' id='par_1_56' title="bbox 699 3092 2290 3170">
     <span class='ocr_line' id='line_1_56' title="bbox 699 3092 2290 3170; baseline 0.006 -24"><span class='ocrx_word' id='word_1_413' title='bbox 699 3094 860 3149; x_wconf 89' lang='lat' dir='ltr'><strong>tariis</strong></span> <span class='ocrx_word' id='word_1_414' title='bbox 897 3092 1205 3147; x_wconf 84' lang='lat' dir='ltr'><strong>virtutibus</strong></span> <span class='ocrx_word' id='word_1_415' title='bbox 1256 3093 1322 3146; x_wconf 88' lang='lat' dir='ltr'><strong>ad</strong></span> <span class='ocrx_word' id='word_1_416' title='bbox 1376 3096 1559 3165; x_wconf 88' lang='lat' dir='ltr'><strong>ipsum</strong></span> <span class='ocrx_word' id='word_1_417' title='bbox 1612 3095 1919 3161; x_wconf 83' lang='lat' dir='ltr'><strong>formatus,</strong></span> <span class='ocrx_word' id='word_1_418' title='bbox 1976 3100 2157 3170; x_wconf 73' lang='lat' dir='ltr'><strong>imago</strong></span> <span class='ocrx_word' id='word_1_419' title='bbox 2204 3111 2290 3155; x_wconf 88' lang='lat' dir='ltr'><strong>est</strong></span> 
     </span>
    </p>
   </div>
   <div class='ocr_carea' id='block_1_57' title="bbox 2330 3092 3947 3171">
    <p class='ocr_par' dir='ltr' id='par_1_57' title="bbox 2401 3098 3947 3171">
     <span class='ocr_line' id='line_1_57' title="bbox 2401 3098 3947 3171; baseline -0.001 -17"><span class='ocrx_word' id='word_1_420' title='bbox 2401 3102 2508 3171; x_wconf 84' lang='grc' dir='ltr'><strong>μὴν</strong></span> <span class='ocrx_word' id='word_1_421' title='bbox 2542 3103 2569 3154; x_wconf 83' lang='grc' dir='ltr'>ὁ</span> <span class='ocrx_word' id='word_1_422' title='bbox 2600 3101 2725 3163; x_wconf 83' lang='grc' dir='ltr'>Υἱὸς</span> <span class='ocrx_word' id='word_1_423' title='bbox 2778 3102 2835 3151; x_wconf 89' lang='grc' dir='ltr'><strong>ἐν</strong></span> <span class='ocrx_word' id='word_1_424' title='bbox 2880 3098 2957 3168; x_wconf 80' lang='grc' dir='ltr'><strong>τῷ</strong></span> <span class='ocrx_word' id='word_1_425' title='bbox 2996 3098 3113 3167; x_wconf 78' lang='grc' dir='ltr'>ἰδίῳ</span> <span class='ocrx_word' id='word_1_426' title='bbox 3159 3100 3356 3170; x_wconf 85' lang='grc' dir='ltr'>Πατρί.</span> <span class='ocrx_word' id='word_1_427' title='bbox 3395 3100 3468 3152; x_wconf 81' lang='grc' dir='ltr'><strong>Οὐ</strong></span> <span class='ocrx_word' id='word_1_428' title='bbox 3522 3101 3638 3171; x_wconf 78' lang='grc' dir='ltr'>γὰρ</span> <span class='ocrx_word' id='word_1_429' title='bbox 3688 3104 3803 3164; x_wconf 88' lang='grc' dir='ltr'>ταῖς</span> <span class='ocrx_word' id='word_1_430' title='bbox 3838 3103 3947 3153; x_wconf 67' lang='grc' dir='ltr'>κατὰ</span> 
     </span>
    </p>
   </div>
   <div class='ocr_carea' id='block_1_58' title="bbox 698 3182 2315 3271">
    <p class='ocr_par' dir='ltr' id='par_1_58' title="bbox 698 3182 2286 3257">
     <span class='ocr_line' id='line_1_58' title="bbox 698 3182 2286 3257; baseline 0.003 -19"><span class='ocrx_word' id='word_1_431' title='bbox 698 3183 1027 3238; x_wconf 81' lang='lat' dir='ltr'><strong>substanti;e</strong></span> <span class='ocrx_word' id='word_1_432' title='bbox 1084 3182 1245 3251; x_wconf 85' lang='lat' dir='ltr'><strong>ejus,</strong></span> <span class='ocrx_word' id='word_1_433' title='bbox 1298 3194 1467 3252; x_wconf 88' lang='lat' dir='ltr'><strong>atque</strong></span> <span class='ocrx_word' id='word_1_434' title='bbox 1522 3185 1730 3239; x_wconf 74' lang='lat' dir='ltr'><strong>idcirco</strong></span> <span class='ocrx_word' id='word_1_435' title='bbox 1774 3188 1827 3240; x_wconf 88' lang='lat' dir='ltr'><strong>iu</strong></span> <span class='ocrx_word' id='word_1_436' title='bbox 1872 3188 1992 3257; x_wconf 86' lang='lat' dir='ltr'><strong>ipso</strong></span> <span class='ocrx_word' id='word_1_437' title='bbox 2026 3199 2150 3244; x_wconf 87' lang='lat' dir='ltr'><strong>est:</strong></span> <span class='ocrx_word' id='word_1_438' title='bbox 2190 3190 2286 3246; x_wconf 89' lang='lat' dir='ltr'><strong>sed</strong></span> 
     </span>
    </p>
   </div>
   <div class='ocr_carea' id='block_1_59' title="bbox 2327 3182 3944 3271">
    <p class='ocr_par' dir='ltr' id='par_1_59' title="bbox 2327 3190 3944 3271">
     <span class='ocr_line' id='line_1_59' title="bbox 2327 3190 3944 3271; baseline 0.001 -27"><span class='ocrx_word' id='word_1_439' title='bbox 2327 3213 2359 3271; x_wconf 68' lang='grc' dir='ltr'>ε</span> <span class='ocrx_word' id='word_1_440' title='bbox 2395 3190 2613 3263; x_wconf 83' lang='grc' dir='ltr'>θέλησιν</span> <span class='ocrx_word' id='word_1_441' title='bbox 2643 3193 2863 3258; x_wconf 83' lang='grc' dir='ltr'>ἀρεταῖς</span> <span class='ocrx_word' id='word_1_442' title='bbox 2894 3191 3029 3261; x_wconf 76' lang='grc' dir='ltr'>πρὸς</span> <span class='ocrx_word' id='word_1_443' title='bbox 3052 3192 3215 3244; x_wconf 73' lang='grc' dir='ltr'>αὐτὸν</span> <span class='ocrx_word' id='word_1_444' title='bbox 3247 3192 3659 3264; x_wconf 65' lang='grc' dir='ltr'>μορφούμενος.</span> <span class='ocrx_word' id='word_1_445' title='bbox 3687 3194 3841 3247; x_wconf 80' lang='grc' dir='ltr'>είκὼν</span> <span class='ocrx_word' id='word_1_446' title='bbox 3858 3196 3944 3246; x_wconf 76' lang='grc' dir='ltr'>ἐστι</span> 
     </span>
    </p>
   </div>
   <div class='ocr_carea' id='block_1_60' title="bbox 696 3272 2313 3357">
    <p class='ocr_par' dir='ltr' id='par_1_60' title="bbox 696 3272 2290 3346">
     <span class='ocr_line' id='line_1_60' title="bbox 696 3272 2290 3346; baseline 0.005 -19"><span class='ocrx_word' id='word_1_447' title='bbox 696 3274 848 3329; x_wconf 89' lang='lat' dir='ltr'><strong>velut</strong></span> <span class='ocrx_word' id='word_1_448' title='bbox 895 3274 950 3327; x_wconf 90' lang='lat' dir='ltr'><strong>in</strong></span> <span class='ocrx_word' id='word_1_449' title='bbox 1000 3272 1292 3328; x_wconf 87' lang='lat' dir='ltr'><strong>identitate</strong></span> <span class='ocrx_word' id='word_1_450' title='bbox 1338 3274 1617 3337; x_wconf 84' lang='lat' dir='ltr'><strong>naturali,</strong></span> <span class='ocrx_word' id='word_1_451' title='bbox 1662 3283 1717 3328; x_wconf 76' lang='lat' dir='ltr'><strong>et</strong></span> <span class='ocrx_word' id='word_1_452' title='bbox 1765 3284 2028 3346; x_wconf 82' lang='lat' dir='ltr'><strong>tanquam</strong></span> <span class='ocrx_word' id='word_1_453' title='bbox 2077 3279 2290 3335; x_wconf 86' lang='lat' dir='ltr'><strong>habens</strong></span> 
     </span>
    </p>
   </div>
   <div class='ocr_carea' id='block_1_61' title="bbox 2325 3272 3942 3357">
    <p class='ocr_par' dir='ltr' id='par_1_61' title="bbox 2393 3286 3942 3357">
     <span class='ocr_line' id='line_1_61' title="bbox 2393 3286 3942 3357; baseline 0.001 -19"><span class='ocrx_word' id='word_1_454' title='bbox 2393 3288 2494 3356; x_wconf 77' lang='grc' dir='ltr'><strong>τῆς</strong></span> <span class='ocrx_word' id='word_1_455' title='bbox 2523 3286 2872 3349; x_wconf 81' lang='grc' dir='ltr'>ὑποστάσεως</span> <span class='ocrx_word' id='word_1_456' title='bbox 2901 3286 3089 3349; x_wconf 83' lang='grc' dir='ltr'>αὑτοῦ,</span> <span class='ocrx_word' id='word_1_457' title='bbox 3122 3286 3210 3339; x_wconf 87' lang='grc' dir='ltr'><strong>διά</strong></span> <span class='ocrx_word' id='word_1_458' title='bbox 3234 3304 3293 3340; x_wconf 88' lang='grc' dir='ltr'><strong>τε</strong></span> <span class='ocrx_word' id='word_1_459' title='bbox 3325 3288 3487 3341; x_wconf 84' lang='grc' dir='ltr'>τοῦτό</span> <span class='ocrx_word' id='word_1_460' title='bbox 3525 3289 3681 3342; x_wconf 77' lang='grc' dir='ltr'>ἐστιν</span> <span class='ocrx_word' id='word_1_461' title='bbox 3712 3291 3767 3341; x_wconf 86' lang='grc' dir='ltr'><strong>ἐν</strong></span> <span class='ocrx_word' id='word_1_462' title='bbox 3798 3289 3942 3357; x_wconf 76' lang='grc' dir='ltr'>αὐτῷ·</span> 
     </span>
    </p>
   </div>
   <div class='ocr_carea' id='block_1_62' title="bbox 697 3365 2314 3447">
    <p class='ocr_par' dir='ltr' id='par_1_62' title="bbox 697 3365 2290 3439">
     <span class='ocr_line' id='line_1_62' title="bbox 697 3365 2290 3439; baseline 0.003 -20"><span class='ocrx_word' id='word_1_463' title='bbox 697 3379 865 3420; x_wconf 89' lang='lat' dir='ltr'><strong>unam</strong></span> <span class='ocrx_word' id='word_1_464' title='bbox 896 3380 1020 3418; x_wconf 90' lang='lat' dir='ltr'><strong>cum</strong></span> <span class='ocrx_word' id='word_1_465' title='bbox 1052 3379 1117 3418; x_wconf 89' lang='lat' dir='ltr'><strong>eo</strong></span> <span class='ocrx_word' id='word_1_466' title='bbox 1145 3365 1537 3419; x_wconf 85' lang='lat' dir='ltr'><strong>substantiam.</strong></span> <span class='ocrx_word' id='word_1_467' title='bbox 1562 3366 1679 3430; x_wconf 79' lang='lat' dir='ltr'><strong>Qua</strong></span> <span class='ocrx_word' id='word_1_468' title='bbox 1706 3367 1773 3420; x_wconf 87' lang='lat' dir='ltr'><strong>de</strong></span> <span class='ocrx_word' id='word_1_469' title='bbox 1805 3383 1861 3422; x_wconf 90' lang='lat' dir='ltr'><strong>re</strong></span> <span class='ocrx_word' id='word_1_470' title='bbox 1888 3368 2053 3439; x_wconf 83' lang='lat'><strong>799</strong></span> <span class='ocrx_word' id='word_1_471' title='bbox 2077 3372 2290 3439; x_wconf 84' lang='lat' dir='ltr'><strong>sapien-</strong></span> 
     </span>
    </p>
   </div>
   <div class='ocr_carea' id='block_1_63' title="bbox 2328 3365 3945 3447">
    <p class='ocr_par' dir='ltr' id='par_1_63' title="bbox 2394 3375 3945 3447">
     <span class='ocr_line' id='line_1_63' title="bbox 2394 3375 3945 3447; baseline 0.001 -19"><span class='ocrx_word' id='word_1_472' title='bbox 2394 3375 2509 3428; x_wconf 83' lang='grc' dir='ltr'><strong>ἀλλ’</strong></span> <span class='ocrx_word' id='word_1_473' title='bbox 2559 3375 2634 3438; x_wconf 86' lang='grc' dir='ltr'>ὡς</span> <span class='ocrx_word' id='word_1_474' title='bbox 2683 3378 2740 3429; x_wconf 89' lang='grc' dir='ltr'><strong>ἐν</strong></span> <span class='ocrx_word' id='word_1_475' title='bbox 2791 3376 3083 3445; x_wconf 80' lang='grc' dir='ltr'>ταυτότητι</span> <span class='ocrx_word' id='word_1_476' title='bbox 3135 3379 3380 3446; x_wconf 73' lang='grc' dir='ltr'>φυσικῇ.</span> <span class='ocrx_word' id='word_1_477' title='bbox 3429 3378 3525 3430; x_wconf 78' lang='grc' dir='ltr'><strong>καὶ</strong></span> <span class='ocrx_word' id='word_1_478' title='bbox 3560 3376 3639 3441; x_wconf 84' lang='grc' dir='ltr'>ὼς</span> <span class='ocrx_word' id='word_1_479' title='bbox 3674 3378 3797 3446; x_wconf 85' lang='grc' dir='ltr'>μίαν</span> <span class='ocrx_word' id='word_1_480' title='bbox 3838 3377 3945 3447; x_wconf 75' lang='grc' dir='ltr'>ἔχων</span> 
     </span>
    </p>
   </div>
   <div class='ocr_carea' id='block_1_64' title="bbox 694 3456 2311 3540">
    <p class='ocr_par' dir='ltr' id='par_1_64' title="bbox 694 3456 2284 3528">
     <span class='ocr_line' id='line_1_64' title="bbox 694 3456 2284 3528; baseline 0.004 -17"><span class='ocrx_word' id='word_1_481' title='bbox 694 3458 945 3512; x_wconf 87' lang='lat' dir='ltr'><strong>tissimus</strong></span> <span class='ocrx_word' id='word_1_482' title='bbox 977 3458 1067 3511; x_wconf 87' lang='lat' dir='ltr'><strong>ille</strong></span> <span class='ocrx_word' id='word_1_483' title='bbox 1096 3456 1338 3513; x_wconf 83' lang='lat' dir='ltr'><strong>Joannes</strong></span> <span class='ocrx_word' id='word_1_484' title='bbox 1370 3459 1527 3513; x_wconf 88' lang='lat' dir='ltr'><strong>testis</strong></span> <span class='ocrx_word' id='word_1_485' title='bbox 1560 3459 1722 3513; x_wconf 90' lang='lat' dir='ltr'><strong>nobis</strong></span> <span class='ocrx_word' id='word_1_486' title='bbox 1752 3460 2016 3528; x_wconf 86' lang='lat' dir='ltr'><strong>prodeat,</strong></span> <span class='ocrx_word' id='word_1_487' title='bbox 2049 3461 2240 3517; x_wconf 85' lang='lat' dir='ltr'><strong>dicens</strong></span> <span class='ocrx_word' id='word_1_488' title='bbox 2272 3483 2284 3517; x_wconf 88' lang='lat'><strong>:</strong></span> 
     </span>
    </p>
   </div>
   <div class='ocr_carea' id='block_1_65' title="bbox 2328 3456 3945 3540">
    <p class='ocr_par' dir='ltr' id='par_1_65' title="bbox 2392 3467 3945 3540">
     <span class='ocr_line' id='line_1_65' title="bbox 2392 3467 3945 3540; baseline 0.001 -21"><span class='ocrx_word' id='word_1_489' title='bbox 2392 3467 2525 3536; x_wconf 81' lang='grc' dir='ltr'>πρὸς</span> <span class='ocrx_word' id='word_1_490' title='bbox 2580 3468 2741 3520; x_wconf 77' lang='grc' dir='ltr'>αὑτὸν</span> <span class='ocrx_word' id='word_1_491' title='bbox 2794 3467 2890 3537; x_wconf 80' lang='grc' dir='ltr'><strong>τὴν</strong></span> <span class='ocrx_word' id='word_1_492' title='bbox 2951 3468 3160 3521; x_wconf 78' lang='grc' dir='ltr'>οὐσίαν.</span> <span class='ocrx_word' id='word_1_493' title='bbox 3217 3468 3617 3540; x_wconf 82' lang='grc' dir='ltr'>Εἰσκεκλήσθω</span> <span class='ocrx_word' id='word_1_494' title='bbox 3669 3470 3725 3522; x_wconf 80' lang='grc' dir='ltr'>δὲ</span> <span class='ocrx_word' id='word_1_495' title='bbox 3773 3472 3945 3539; x_wconf 61' lang='grc' dir='ltr'>μάρτδς</span> 
     </span>
    </p>
   </div>
   <div class='ocr_carea' id='block_1_66' title="bbox 699 3548 2316 3635">
    <p class='ocr_par' dir='ltr' id='par_1_66' title="bbox 699 3548 2287 3609">
     <span class='ocr_line' id='line_1_66' title="bbox 699 3548 2287 3609; baseline 0.004 -8"><span class='ocrx_word' id='word_1_496' title='bbox 699 3570 718 3601; x_wconf 77' lang='grc' dir='ltr'><strong>ι</strong></span> <span class='ocrx_word' id='word_1_497' title='bbox 751 3548 816 3602; x_wconf 85' lang='grc' dir='ltr'>Ει</span> <span class='ocrx_word' id='word_1_498' title='bbox 862 3551 1101 3605; x_wconf 88' lang='lat' dir='ltr'><strong>societas</strong></span> <span class='ocrx_word' id='word_1_499' title='bbox 1151 3559 1343 3603; x_wconf 90' lang='lat' dir='ltr'><strong>nostra</strong></span> <span class='ocrx_word' id='word_1_500' title='bbox 1392 3550 1464 3603; x_wconf 92' lang='lat' dir='ltr'><strong>sit</strong></span> <span class='ocrx_word' id='word_1_501' title='bbox 1516 3567 1641 3604; x_wconf 91' lang='lat' dir='ltr'><strong>cum</strong></span> <span class='ocrx_word' id='word_1_502' title='bbox 1692 3548 1857 3604; x_wconf 85' lang='lat' dir='ltr'><strong>Patre</strong></span> <span class='ocrx_word' id='word_1_503' title='bbox 1890 3560 1945 3605; x_wconf 89' lang='lat' dir='ltr'><strong>et</strong></span> <span class='ocrx_word' id='word_1_504' title='bbox 1987 3570 2112 3607; x_wconf 82' lang='lat' dir='ltr'><strong>cum</strong></span> <span class='ocrx_word' id='word_1_505' title='bbox 2147 3552 2287 3609; x_wconf 85' lang='lat' dir='ltr'><strong>Filio</strong></span> 
     </span>
    </p>
   </div>
   <div class='ocr_carea' id='block_1_67' title="bbox 2323 3548 3940 3635">
    <p class='ocr_par' dir='ltr' id='par_1_67' title="bbox 2390 3558 3940 3635">
     <span class='ocr_line' id='line_1_67' title="bbox 2390 3558 3940 3635; baseline 0.004 -26"><span class='ocrx_word' id='word_1_506' title='bbox 2390 3560 2520 3629; x_wconf 81' lang='grc' dir='ltr'>ἡμῖν</span> <span class='ocrx_word' id='word_1_507' title='bbox 2569 3560 2658 3611; x_wconf 69' lang='grc' dir='ltr'><strong>ἐπὶ</strong></span> <span class='ocrx_word' id='word_1_508' title='bbox 2708 3558 2917 3622; x_wconf 79' lang='grc' dir='ltr'>τούτοις</span> <span class='ocrx_word' id='word_1_509' title='bbox 2960 3562 2987 3612; x_wconf 84' lang='grc' dir='ltr'>ὁ</span> <span class='ocrx_word' id='word_1_510' title='bbox 3039 3560 3352 3628; x_wconf 82' lang='grc' dir='ltr'>σοφώτατος</span> <span class='ocrx_word' id='word_1_511' title='bbox 3410 3562 3708 3635; x_wconf 79' lang='grc' dir='ltr'>Ἰωάννης,</span> <span class='ocrx_word' id='word_1_512' title='bbox 3763 3563 3940 3631; x_wconf 82' lang='grc' dir='ltr'>λέγων’</span> 
     </span>
    </p>
   </div>
   <div class='ocr_carea' id='block_1_68' title="bbox 692 3639 2309 3724">
    <p class='ocr_par' dir='ltr' id='par_1_68' title="bbox 692 3639 2286 3715">
     <span class='ocr_line' id='line_1_68' title="bbox 692 3639 2286 3715; baseline 0.002 -19"><span class='ocrx_word' id='word_1_513' title='bbox 692 3642 813 3711; x_wconf 83' lang='lat' dir='ltr'><strong>ejus</strong></span> <span class='ocrx_word' id='word_1_514' title='bbox 847 3640 975 3696; x_wconf 83' lang='lat' dir='ltr'><strong>Jesu</strong></span> <span class='ocrx_word' id='word_1_515' title='bbox 1006 3639 1233 3695; x_wconf 76' lang='lat' dir='ltr'><strong>Christo</strong></span> <span class='ocrx_word' id='word_1_516' title='bbox 1253 3640 1322 3693; x_wconf 77' lang='lat'><strong>&quot;.</strong></span> <span class='ocrx_word' id='word_1_517' title='bbox 1352 3660 1370 3692; x_wconf 74' lang='grc' dir='ltr'><strong>ι</strong></span> <span class='ocrx_word' id='word_1_518' title='bbox 1397 3641 1685 3707; x_wconf 88' lang='lat' dir='ltr'><strong>Quomodo</strong></span> <span class='ocrx_word' id='word_1_519' title='bbox 1704 3658 1835 3713; x_wconf 80' lang='lat' dir='ltr'><strong>ergo</strong></span> <span class='ocrx_word' id='word_1_520' title='bbox 1862 3644 2034 3708; x_wconf 90' lang='lat' dir='ltr'><strong>aiunt,</strong></span> <span class='ocrx_word' id='word_1_521' title='bbox 2060 3656 2153 3699; x_wconf 89' lang='lat' dir='ltr'><strong>aut</strong></span> <span class='ocrx_word' id='word_1_522' title='bbox 2174 3660 2286 3715; x_wconf 89' lang='lat' dir='ltr'><strong>quo</strong></span> 
     </span>
    </p>
   </div>
   <div class='ocr_carea' id='block_1_69' title="bbox 2324 3639 3941 3724">
    <p class='ocr_par' dir='ltr' id='par_1_69' title="bbox 2395 3650 3941 3724">
     <span class='ocr_line' id='line_1_69' title="bbox 2395 3650 3941 3724; baseline 0.003 -22"><span class='ocrx_word' id='word_1_523' title='bbox 2395 3670 2413 3702; x_wconf 78' lang='grc' dir='ltr'><strong>ι</strong></span> <span class='ocrx_word' id='word_1_524' title='bbox 2451 3651 2560 3703; x_wconf 77' lang='grc' dir='ltr'>Καὶ</span> <span class='ocrx_word' id='word_1_525' title='bbox 2604 3650 2923 3722; x_wconf 79' lang='grc' dir='ltr'>ήκοινωνία</span> <span class='ocrx_word' id='word_1_526' title='bbox 2971 3651 3027 3703; x_wconf 86' lang='grc' dir='ltr'><strong>δέ</strong></span> <span class='ocrx_word' id='word_1_527' title='bbox 3074 3653 3106 3721; x_wconf 80' lang='grc' dir='ltr'>ἡ</span> <span class='ocrx_word' id='word_1_528' title='bbox 3157 3653 3404 3722; x_wconf 73' lang='grc' dir='ltr'>ἡμετέρα</span> <span class='ocrx_word' id='word_1_529' title='bbox 3450 3654 3596 3723; x_wconf 83' lang='grc' dir='ltr'><strong>μετά</strong></span> <span class='ocrx_word' id='word_1_530' title='bbox 3637 3654 3731 3708; x_wconf 89' lang='grc' dir='ltr'><strong>τοῦ</strong></span> <span class='ocrx_word' id='word_1_531' title='bbox 3768 3655 3941 3724; x_wconf 71' lang='grc' dir='ltr'>[ἰατρὸς</span> 
     </span>
    </p>
   </div>
   <div class='ocr_carea' id='block_1_70' title="bbox 691 3731 2308 3817">
    <p class='ocr_par' dir='ltr' id='par_1_70' title="bbox 691 3731 2281 3804">
     <span class='ocr_line' id='line_1_70' title="bbox 691 3731 2281 3804; baseline 0.002 -17"><span class='ocrx_word' id='word_1_532' title='bbox 691 3741 854 3804; x_wconf 89' lang='lat' dir='ltr'><strong>pacto</strong></span> <span class='ocrx_word' id='word_1_533' title='bbox 878 3731 1229 3787; x_wconf 90' lang='lat' dir='ltr'><strong>contendunt</strong></span> <span class='ocrx_word' id='word_1_534' title='bbox 1255 3732 1575 3787; x_wconf 83' lang='lat' dir='ltr'><strong>societatem</strong></span> <span class='ocrx_word' id='word_1_535' title='bbox 1605 3733 1767 3787; x_wconf 86' lang='lat' dir='ltr'><strong>nobis</strong></span> <span class='ocrx_word' id='word_1_536' title='bbox 1789 3749 1911 3788; x_wconf 90' lang='lat' dir='ltr'><strong>esse</strong></span> <span class='ocrx_word' id='word_1_537' title='bbox 1934 3734 2133 3789; x_wconf 84' lang='lat' dir='ltr'><strong>debere</strong></span> <span class='ocrx_word' id='word_1_538' title='bbox 2155 3751 2281 3790; x_wconf 90' lang='lat' dir='ltr'><strong>cum</strong></span> 
     </span>
    </p>
   </div>
   <div class='ocr_carea' id='block_1_71' title="bbox 2323 3731 3940 3817">
    <p class='ocr_par' dir='ltr' id='par_1_71' title="bbox 2388 3742 3940 3817">
     <span class='ocr_line' id='line_1_71' title="bbox 2388 3742 3940 3817; baseline 0.003 -22"><span class='ocrx_word' id='word_1_539' title='bbox 2388 3742 2481 3795; x_wconf 75' lang='grc' dir='ltr'>καὶ</span> <span class='ocrx_word' id='word_1_540' title='bbox 2513 3743 2651 3812; x_wconf 84' lang='grc' dir='ltr'>μετὰ</span> <span class='ocrx_word' id='word_1_541' title='bbox 2674 3742 2765 3796; x_wconf 91' lang='grc' dir='ltr'><strong>τοῦ</strong></span> <span class='ocrx_word' id='word_1_542' title='bbox 2810 3742 2939 3796; x_wconf 84' lang='grc' dir='ltr'>Υίοῦ</span> <span class='ocrx_word' id='word_1_543' title='bbox 2966 3744 3130 3796; x_wconf 78' lang='grc' dir='ltr'>αὑτοῦ</span> <span class='ocrx_word' id='word_1_544' title='bbox 3177 3745 3354 3815; x_wconf 82' lang='grc' dir='ltr'>Ἰησοῦ</span> <span class='ocrx_word' id='word_1_545' title='bbox 3388 3746 3655 3817; x_wconf 86' lang='grc' dir='ltr'>Χριστοῦ.</span> <span class='ocrx_word' id='word_1_546' title='bbox 3690 3766 3708 3797; x_wconf 73' lang='grc' dir='ltr'><strong>ι</strong></span> <span class='ocrx_word' id='word_1_547' title='bbox 3738 3747 3847 3810; x_wconf 82' lang='grc' dir='ltr'><strong>Πῶς</strong></span> <span class='ocrx_word' id='word_1_548' title='bbox 3868 3742 3940 3799; x_wconf 83' lang='grc' dir='ltr'>οὖν</span> 
     </span>
    </p>
   </div>
   <div class='ocr_carea' id='block_1_72' title="bbox 690 3819 2307 3910">
    <p class='ocr_par' dir='ltr' id='par_1_72' title="bbox 690 3819 2285 3890">
     <span class='ocr_line' id='line_1_72' title="bbox 690 3819 2285 3890; baseline 0.003 -15"><span class='ocrx_word' id='word_1_549' title='bbox 690 3820 853 3877; x_wconf 87' lang='lat' dir='ltr'><strong>Patre</strong></span> <span class='ocrx_word' id='word_1_550' title='bbox 881 3830 936 3879; x_wconf 93' lang='lat' dir='ltr'><strong>et</strong></span> <span class='ocrx_word' id='word_1_551' title='bbox 964 3837 1091 3875; x_wconf 92' lang='lat' dir='ltr'><strong>cum</strong></span> <span class='ocrx_word' id='word_1_552' title='bbox 1125 3819 1265 3874; x_wconf 84' lang='lat' dir='ltr'><strong>Filio</strong></span> <span class='ocrx_word' id='word_1_553' title='bbox 1293 3821 1411 3890; x_wconf 84' lang='lat' dir='ltr'><strong>ejus</strong></span> <span class='ocrx_word' id='word_1_554' title='bbox 1445 3819 1576 3876; x_wconf 80' lang='lat' dir='ltr'><strong>Jesu</strong></span> <span class='ocrx_word' id='word_1_555' title='bbox 1610 3820 1890 3877; x_wconf 85' lang='lat' dir='ltr'><strong>Christo?</strong></span> <span class='ocrx_word' id='word_1_556' title='bbox 1917 3821 2052 3876; x_wconf 88' lang='lat' dir='ltr'><strong>Nam</strong></span> <span class='ocrx_word' id='word_1_557' title='bbox 2085 3824 2131 3878; x_wconf 92' lang='lat' dir='ltr'><strong>si</strong></span> <span class='ocrx_word' id='word_1_558' title='bbox 2162 3824 2285 3879; x_wconf 71' lang='lat' dir='ltr'><strong>sub~</strong></span> 
     </span>
    </p>
   </div>
   <div class='ocr_carea' id='block_1_73' title="bbox 2320 3819 3937 3910">
    <p class='ocr_par' dir='ltr' id='par_1_73' title="bbox 2385 3834 3937 3910">
     <span class='ocr_line' id='line_1_73' title="bbox 2385 3834 3937 3910; baseline 0.001 -22"><span class='ocrx_word' id='word_1_559' title='bbox 2385 3834 2492 3905; x_wconf 79' lang='grc' dir='ltr'>ἄρα</span> <span class='ocrx_word' id='word_1_560' title='bbox 2518 3835 2703 3903; x_wconf 73' lang='grc' dir='ltr'>φασὶν,</span> <span class='ocrx_word' id='word_1_561' title='bbox 2738 3835 2770 3906; x_wconf 81' lang='grc' dir='ltr'>ἢ</span> <span class='ocrx_word' id='word_1_562' title='bbox 2814 3837 2954 3890; x_wconf 85' lang='grc' dir='ltr'><strong>κατὰ</strong></span> <span class='ocrx_word' id='word_1_563' title='bbox 2994 3837 3117 3889; x_wconf 88' lang='grc' dir='ltr'>τίνα</span> <span class='ocrx_word' id='word_1_564' title='bbox 3154 3837 3592 3909; x_wconf 78' lang='grc' dir='ltr'>διισχυρίζονται</span> <span class='ocrx_word' id='word_1_565' title='bbox 3620 3840 3809 3910; x_wconf 81' lang='grc' dir='ltr'>χρῆναι</span> <span class='ocrx_word' id='word_1_566' title='bbox 3838 3838 3937 3907; x_wconf 60' lang='lat' dir='ltr'><strong>apd-</strong></span> 
     </span>
    </p>
   </div>
   <div class='ocr_carea' id='block_1_74' title="bbox 690 3912 2307 4003">
    <p class='ocr_par' dir='ltr' id='par_1_74' title="bbox 690 3912 2281 3981">
     <span class='ocr_line' id='line_1_74' title="bbox 690 3912 2281 3981; baseline 0.003 -13"><span class='ocrx_word' id='word_1_567' title='bbox 690 3916 950 3968; x_wconf 85' lang='lat' dir='ltr'><strong>stantiam</strong></span> <span class='ocrx_word' id='word_1_568' title='bbox 984 3922 1235 3966; x_wconf 81' lang='lat' dir='ltr'><strong>nostram</strong></span> <span class='ocrx_word' id='word_1_569' title='bbox 1279 3912 1689 3981; x_wconf 79' lang='lat' dir='ltr'><strong>quodammodo</strong></span> <span class='ocrx_word' id='word_1_570' title='bbox 1728 3914 2028 3968; x_wconf 80' lang='lat' dir='ltr'><strong>miscentes</strong></span> <span class='ocrx_word' id='word_1_571' title='bbox 2070 3929 2281 3972; x_wconf 75' lang='lat' dir='ltr'><strong>natura:</strong></span> 
     </span>
    </p>
   </div>
   <div class='ocr_carea' id='block_1_75' title="bbox 2320 3912 3937 4003">
    <p class='ocr_par' dir='ltr' id='par_1_75' title="bbox 2384 3924 3937 4003">
     <span class='ocr_line' id='line_1_75' title="bbox 2384 3924 3937 4003; baseline 0.003 -28"><span class='ocrx_word' id='word_1_572' title='bbox 2384 3940 2485 3975; x_wconf 91' lang='grc' dir='ltr'><strong>πον</strong></span> <span class='ocrx_word' id='word_1_573' title='bbox 2512 3924 2610 3994; x_wconf 73' lang='grc' dir='ltr'>τὴν</span> <span class='ocrx_word' id='word_1_574' title='bbox 2644 3926 2929 3979; x_wconf 83' lang='grc' dir='ltr'>κοινωνίαν</span> <span class='ocrx_word' id='word_1_575' title='bbox 2959 3928 3109 3995; x_wconf 76' lang='grc' dir='ltr'>ἡμᾶς</span> <span class='ocrx_word' id='word_1_576' title='bbox 3150 3929 3289 3997; x_wconf 85' lang='grc' dir='ltr'><strong>μετά</strong></span> <span class='ocrx_word' id='word_1_577' title='bbox 3334 3928 3430 3981; x_wconf 86' lang='grc' dir='ltr'><strong>τοῦ</strong></span> <span class='ocrx_word' id='word_1_578' title='bbox 3462 3930 3683 4003; x_wconf 88' lang='grc' dir='ltr'>Πατρὸς</span> <span class='ocrx_word' id='word_1_579' title='bbox 3712 3932 3799 3983; x_wconf 78' lang='grc' dir='ltr'><strong>καὶ</strong></span> <span class='ocrx_word' id='word_1_580' title='bbox 3827 3927 3937 3999; x_wconf 74' lang='grc' dir='ltr'>μετὰ</span> 
     </span>
    </p>
   </div>
   <div class='ocr_carea' id='block_1_76' title="bbox 688 4001 2305 4095">
    <p class='ocr_par' dir='ltr' id='par_1_76' title="bbox 688 4001 2277 4076">
     <span class='ocr_line' id='line_1_76' title="bbox 688 4001 2277 4076; baseline 0.003 -16"><span class='ocrx_word' id='word_1_581' title='bbox 688 4005 915 4067; x_wconf 67' lang='lat' dir='ltr'><strong>divinae,</strong></span> <span class='ocrx_word' id='word_1_582' title='bbox 947 4004 1066 4059; x_wconf 89' lang='lat' dir='ltr'><strong>sive</strong></span> <span class='ocrx_word' id='word_1_583' title='bbox 1088 4001 1237 4056; x_wconf 88' lang='lat' dir='ltr'><strong>Patri</strong></span> <span class='ocrx_word' id='word_1_584' title='bbox 1264 4015 1315 4058; x_wconf 87' lang='lat' dir='ltr'><strong>et</strong></span> <span class='ocrx_word' id='word_1_585' title='bbox 1340 4002 1504 4066; x_wconf 86' lang='lat' dir='ltr'><strong>Filio,</strong></span> <span class='ocrx_word' id='word_1_586' title='bbox 1527 4003 1581 4057; x_wconf 93' lang='lat' dir='ltr'><strong>in</strong></span> <span class='ocrx_word' id='word_1_587' title='bbox 1601 4005 1765 4059; x_wconf 87' lang='lat' dir='ltr'><strong>nobis</strong></span> <span class='ocrx_word' id='word_1_588' title='bbox 1792 4020 1914 4059; x_wconf 87' lang='lat' dir='ltr'><strong>esse</strong></span> <span class='ocrx_word' id='word_1_589' title='bbox 1939 4008 2277 4076; x_wconf 83' lang='lat' dir='ltr'><strong>putabimus,</strong></span> 
     </span>
    </p>
   </div>
   <div class='ocr_carea' id='block_1_77' title="bbox 2317 4001 3934 4095">
    <p class='ocr_par' dir='ltr' id='par_1_77' title="bbox 2382 4001 3934 4095">
     <span class='ocr_line' id='line_1_77' title="bbox 2382 4001 3934 4095; baseline 0.003 -28"><span class='ocrx_word' id='word_1_590' title='bbox 2382 4014 2476 4067; x_wconf 90' lang='grc' dir='ltr'><strong>τοῦ</strong></span> <span class='ocrx_word' id='word_1_591' title='bbox 2496 4016 2628 4069; x_wconf 84' lang='grc' dir='ltr'>Υίοῦ</span> <span class='ocrx_word' id='word_1_592' title='bbox 2656 4018 2819 4071; x_wconf 78' lang='grc' dir='ltr'>αὑτοῦ</span> <span class='ocrx_word' id='word_1_593' title='bbox 2837 4018 3010 4088; x_wconf 81' lang='grc' dir='ltr'>Ἰησοῦ</span> <span class='ocrx_word' id='word_1_594' title='bbox 3033 4021 3288 4091; x_wconf 83' lang='grc' dir='ltr'>Χριστοῦ;</span> <span class='ocrx_word' id='word_1_595' title='bbox 3315 4022 3376 4074; x_wconf 81' lang='lat' dir='ltr'><strong>Ei</strong></span> <span class='ocrx_word' id='word_1_596' title='bbox 3407 4022 3508 4092; x_wconf 90' lang='grc' dir='ltr'><strong>μέν</strong></span> <span class='ocrx_word' id='word_1_597' title='bbox 3528 4001 3643 4095; x_wconf 73' lang='grc' dir='ltr'><strong>γάρ</strong></span> <span class='ocrx_word' id='word_1_598' title='bbox 3670 4024 3764 4093; x_wconf 83' lang='grc' dir='ltr'><strong>τὴν</strong></span> <span class='ocrx_word' id='word_1_599' title='bbox 3784 4021 3934 4073; x_wconf 72' lang='grc' dir='ltr'>οὐσίαν</span> 
     </span>
    </p>
   </div>
   <div class='ocr_carea' id='block_1_78' title="bbox 689 4095 2306 4184">
    <p class='ocr_par' dir='ltr' id='par_1_78' title="bbox 689 4095 2279 4167">
     <span class='ocr_line' id='line_1_78' title="bbox 689 4095 2279 4167; baseline 0.003 -17"><span class='ocrx_word' id='word_1_600' title='bbox 689 4112 755 4152; x_wconf 83' lang='lat' dir='ltr'><strong>ac</strong></span> <span class='ocrx_word' id='word_1_601' title='bbox 787 4112 894 4150; x_wconf 88' lang='lat' dir='ltr'><strong>non</strong></span> <span class='ocrx_word' id='word_1_602' title='bbox 932 4095 1117 4167; x_wconf 86' lang='lat' dir='ltr'><strong>potius</strong></span> <span class='ocrx_word' id='word_1_603' title='bbox 1148 4096 1239 4149; x_wconf 92' lang='lat' dir='ltr'><strong>illa</strong></span> <span class='ocrx_word' id='word_1_604' title='bbox 1271 4110 1375 4149; x_wconf 80' lang='lat' dir='ltr'><strong>vox</strong></span> <span class='ocrx_word' id='word_1_605' title='bbox 1410 4096 1681 4150; x_wconf 79' lang='lat' dir='ltr'><strong>societatis</strong></span> <span class='ocrx_word' id='word_1_606' title='bbox 1714 4098 1781 4151; x_wconf 90' lang='lat' dir='ltr'><strong>ad</strong></span> <span class='ocrx_word' id='word_1_607' title='bbox 1811 4100 2163 4153; x_wconf 88' lang='lat' dir='ltr'><strong>voluntatum</strong></span> <span class='ocrx_word' id='word_1_608' title='bbox 2198 4102 2279 4156; x_wconf 86' lang='lat' dir='ltr'><strong>si-</strong></span> 
     </span>
    </p>
   </div>
   <div class='ocr_carea' id='block_1_79' title="bbox 2314 4095 3931 4184">
    <p class='ocr_par' dir='ltr' id='par_1_79' title="bbox 2381 4103 3931 4184">
     <span class='ocr_line' id='line_1_79' title="bbox 2381 4103 3931 4184; baseline 0.005 -29"><span class='ocrx_word' id='word_1_609' title='bbox 2381 4103 2569 4176; x_wconf 86' lang='grc' dir='ltr'>ὦσπερ</span> <span class='ocrx_word' id='word_1_610' title='bbox 2606 4106 2705 4177; x_wconf 78' lang='grc' dir='ltr'><strong>τὴν</strong></span> <span class='ocrx_word' id='word_1_611' title='bbox 2754 4109 2963 4161; x_wconf 80' lang='grc' dir='ltr'>ἑαυτῶν</span> <span class='ocrx_word' id='word_1_612' title='bbox 3015 4110 3449 4180; x_wconf 85' lang='grc' dir='ltr'>ἀναμιγνύοντες</span> <span class='ocrx_word' id='word_1_613' title='bbox 3495 4116 3566 4183; x_wconf 78' lang='grc' dir='ltr'>τῇ</span> <span class='ocrx_word' id='word_1_614' title='bbox 3622 4113 3741 4184; x_wconf 80' lang='grc' dir='ltr'>θείᾳ</span> <span class='ocrx_word' id='word_1_615' title='bbox 3784 4113 3931 4182; x_wconf 71' lang='grc' dir='ltr'>φύσει,</span> 
     </span>
    </p>
   </div>
   <div class='ocr_carea' id='block_1_80' title="bbox 687 4186 2304 4274">
    <p class='ocr_par' dir='ltr' id='par_1_80' title="bbox 687 4186 2277 4257">
     <span class='ocr_line' id='line_1_80' title="bbox 687 4186 2277 4257; baseline 0.003 -16"><span class='ocrx_word' id='word_1_616' title='bbox 687 4186 1057 4241; x_wconf 87' lang='lat' dir='ltr'><strong>militudinem</strong></span> <span class='ocrx_word' id='word_1_617' title='bbox 1094 4196 1346 4257; x_wconf 91' lang='lat' dir='ltr'><strong>spectat,</strong></span> <span class='ocrx_word' id='word_1_618' title='bbox 1379 4190 1656 4257; x_wconf 84' lang='lat' dir='ltr'><strong>quomodo</strong></span> <span class='ocrx_word' id='word_1_619' title='bbox 1690 4203 1815 4243; x_wconf 88' lang='lat' dir='ltr'><strong>eam</strong></span> <span class='ocrx_word' id='word_1_620' title='bbox 1853 4205 1978 4243; x_wconf 93' lang='lat' dir='ltr'><strong>cum</strong></span> <span class='ocrx_word' id='word_1_621' title='bbox 2012 4188 2174 4244; x_wconf 89' lang='lat' dir='ltr'><strong>Patre</strong></span> <span class='ocrx_word' id='word_1_622' title='bbox 2220 4201 2277 4246; x_wconf 93' lang='lat' dir='ltr'><strong>et</strong></span> 
     </span>
    </p>
   </div>
   <div class='ocr_carea' id='block_1_81' title="bbox 2316 4186 3933 4274">
    <p class='ocr_par' dir='ltr' id='par_1_81' title="bbox 2380 4197 3933 4274">
     <span class='ocr_line' id='line_1_81' title="bbox 2380 4197 3933 4274; baseline 0.004 -25"><span class='ocrx_word' id='word_1_623' title='bbox 2380 4198 2499 4268; x_wconf 73' lang='grc' dir='ltr'>ἦτοι</span> <span class='ocrx_word' id='word_1_624' title='bbox 2526 4197 2604 4269; x_wconf 75' lang='grc' dir='ltr'>τῷ</span> <span class='ocrx_word' id='word_1_625' title='bbox 2647 4200 2822 4269; x_wconf 74' lang='grc' dir='ltr'>Πατρὶ</span> <span class='ocrx_word' id='word_1_626' title='bbox 2853 4201 2948 4255; x_wconf 75' lang='grc' dir='ltr'><strong>καὶ</strong></span> <span class='ocrx_word' id='word_1_627' title='bbox 2978 4202 3056 4273; x_wconf 82' lang='grc' dir='ltr'>τῷ</span> <span class='ocrx_word' id='word_1_628' title='bbox 3104 4203 3220 4274; x_wconf 83' lang='grc' dir='ltr'><strong>Υίῷ</strong></span> <span class='ocrx_word' id='word_1_629' title='bbox 3244 4243 3260 4267; x_wconf 85' lang='grc'><em>,</em></span> <span class='ocrx_word' id='word_1_630' title='bbox 3294 4209 3350 4258; x_wconf 84' lang='grc' dir='ltr'><strong>ἐν</strong></span> <span class='ocrx_word' id='word_1_631' title='bbox 3393 4206 3617 4270; x_wconf 78' lang='grc' dir='ltr'>ἑαυτοῖς</span> <span class='ocrx_word' id='word_1_632' title='bbox 3652 4202 3786 4260; x_wconf 83' lang='grc' dir='ltr'>εἶναι</span> <span class='ocrx_word' id='word_1_633' title='bbox 3812 4204 3933 4259; x_wconf 83' lang='grc' dir='ltr'>νοού-</span> 
     </span>
    </p>
   </div>
   <div class='ocr_carea' id='block_1_82' title="bbox 684 4279 2301 4365">
    <p class='ocr_par' dir='ltr' id='par_1_82' title="bbox 684 4279 2278 4343">
     <span class='ocr_line' id='line_1_82' title="bbox 684 4279 2278 4343; baseline 0.003 -9"><span class='ocrx_word' id='word_1_634' title='bbox 684 4279 825 4334; x_wconf 87' lang='lat' dir='ltr'><strong>Filio</strong></span> <span class='ocrx_word' id='word_1_635' title='bbox 857 4280 1186 4334; x_wconf 87' lang='lat' dir='ltr'><strong>habebimus</strong></span> <span class='ocrx_word' id='word_1_636' title='bbox 1207 4320 1221 4343; x_wconf 92' lang='lat'><strong>,</strong></span> <span class='ocrx_word' id='word_1_637' title='bbox 1251 4296 1373 4334; x_wconf 91' lang='lat' dir='ltr'><strong>cum</strong></span> <span class='ocrx_word' id='word_1_638' title='bbox 1400 4296 1470 4334; x_wconf 81' lang='lat' dir='ltr'><strong>ex</strong></span> <span class='ocrx_word' id='word_1_639' title='bbox 1500 4296 1693 4334; x_wconf 86' lang='lat' dir='ltr'><strong>eorum</strong></span> <span class='ocrx_word' id='word_1_640' title='bbox 1722 4282 1994 4336; x_wconf 89' lang='lat' dir='ltr'><strong>sententia</strong></span> <span class='ocrx_word' id='word_1_641' title='bbox 2028 4298 2138 4336; x_wconf 92' lang='lat' dir='ltr'><strong>non</strong></span> <span class='ocrx_word' id='word_1_642' title='bbox 2166 4284 2278 4338; x_wconf 91' lang='lat' dir='ltr'><strong>sint</strong></span> 
     </span>
    </p>
   </div>
   <div class='ocr_carea' id='block_1_83' title="bbox 2315 4279 3932 4365">
    <p class='ocr_par' dir='ltr' id='par_1_83' title="bbox 2382 4287 3932 4365">
     <span class='ocr_line' id='line_1_83' title="bbox 2382 4287 3932 4365; baseline 0.01 -26"><span class='ocrx_word' id='word_1_643' title='bbox 2382 4287 2519 4356; x_wconf 88' lang='grc' dir='ltr'>μεθα</span> <span class='ocrx_word' id='word_1_644' title='bbox 2539 4329 2553 4352; x_wconf 85' lang='grc'>,</span> <span class='ocrx_word' id='word_1_645' title='bbox 2600 4290 2693 4342; x_wconf 71' lang='grc' dir='ltr'><strong>καὶ</strong></span> <span class='ocrx_word' id='word_1_646' title='bbox 2738 4292 2857 4361; x_wconf 79' lang='grc' dir='ltr'>οὐχὶ</span> <span class='ocrx_word' id='word_1_647' title='bbox 2900 4293 3101 4362; x_wconf 78' lang='grc' dir='ltr'>μᾶλλον</span> <span class='ocrx_word' id='word_1_648' title='bbox 3135 4295 3234 4365; x_wconf 81' lang='grc' dir='ltr'>τῆς</span> <span class='ocrx_word' id='word_1_649' title='bbox 3265 4297 3590 4364; x_wconf 77' lang='grc' dir='ltr'>κοινωνίας</span> <span class='ocrx_word' id='word_1_650' title='bbox 3612 4300 3640 4350; x_wconf 83' lang='grc' dir='ltr'>ὁ</span> <span class='ocrx_word' id='word_1_651' title='bbox 3668 4298 3814 4365; x_wconf 79' lang='grc' dir='ltr'>λόγος</span> <span class='ocrx_word' id='word_1_652' title='bbox 3832 4336 3845 4358; x_wconf 90' lang='lat'><strong>,</strong></span> <span class='ocrx_word' id='word_1_653' title='bbox 3872 4295 3932 4355; x_wconf 72' lang='grc' dir='ltr'><strong>εἰς</strong></span> 
     </span>
    </p>
   </div>
   <div class='ocr_carea' id='block_1_84' title="bbox 684 4371 2301 4459">
    <p class='ocr_par' dir='ltr' id='par_1_84' title="bbox 684 4371 2274 4431">
     <span class='ocr_line' id='line_1_84' title="bbox 684 4371 2274 4431; baseline 0.003 -6"><span class='ocrx_word' id='word_1_654' title='bbox 684 4371 1378 4427; x_wconf 82' lang='lat' dir='ltr'><strong>consubstantiales‘lAut</strong></span> <span class='ocrx_word' id='word_1_655' title='bbox 1423 4373 1572 4426; x_wconf 90' lang='lat' dir='ltr'><strong>enim</strong></span> <span class='ocrx_word' id='word_1_656' title='bbox 1629 4387 1861 4428; x_wconf 88' lang='lat' dir='ltr'><strong>necesse</strong></span> <span class='ocrx_word' id='word_1_657' title='bbox 1903 4382 1987 4427; x_wconf 91' lang='lat' dir='ltr'><strong>est</strong></span> <span class='ocrx_word' id='word_1_658' title='bbox 2037 4374 2274 4431; x_wconf 88' lang='lat' dir='ltr'><strong>ridicule</strong></span> 
     </span>
    </p>
   </div>
   <div class='ocr_carea' id='block_1_85' title="bbox 2314 4371 3931 4459">
    <p class='ocr_par' dir='ltr' id='par_1_85' title="bbox 2375 4379 3931 4459">
     <span class='ocr_line' id='line_1_85' title="bbox 2375 4379 3931 4459; baseline 0.005 -27"><span class='ocrx_word' id='word_1_659' title='bbox 2375 4379 2475 4451; x_wconf 81' lang='grc' dir='ltr'>τὴν</span> <span class='ocrx_word' id='word_1_660' title='bbox 2504 4382 2611 4434; x_wconf 85' lang='grc' dir='ltr'><strong>τῶν</strong></span> <span class='ocrx_word' id='word_1_661' title='bbox 2641 4381 2962 4453; x_wconf 87' lang='grc' dir='ltr'>θελημάτων</span> <span class='ocrx_word' id='word_1_662' title='bbox 2997 4387 3292 4457; x_wconf 83' lang='grc' dir='ltr'>ὁμοιότητα</span> <span class='ocrx_word' id='word_1_663' title='bbox 3326 4389 3540 4459; x_wconf 84' lang='grc' dir='ltr'>βλέπει,</span> <span class='ocrx_word' id='word_1_664' title='bbox 3588 4393 3704 4453; x_wconf 81' lang='grc' dir='ltr'><strong>πῶς</strong></span> <span class='ocrx_word' id='word_1_665' title='bbox 3733 4391 3793 4444; x_wconf 84' lang='grc' dir='ltr'>ἂν</span> <span class='ocrx_word' id='word_1_666' title='bbox 3825 4389 3931 4459; x_wconf 78' lang='grc' dir='ltr'>ἔχοι-</span> 
     </span>
    </p>
   </div>
   <div class='ocr_carea' id='block_1_86' title="bbox 681 4462 2298 4550">
    <p class='ocr_par' dir='ltr' id='par_1_86' title="bbox 681 4462 2271 4534">
     <span class='ocr_line' id='line_1_86' title="bbox 681 4462 2271 4534; baseline 0.002 -16"><span class='ocrx_word' id='word_1_667' title='bbox 681 4462 864 4518; x_wconf 88' lang='lat' dir='ltr'><strong>dicere</strong></span> <span class='ocrx_word' id='word_1_668' title='bbox 907 4479 1039 4527; x_wconf 89' lang='lat' dir='ltr'><strong>nos,</strong></span> <span class='ocrx_word' id='word_1_669' title='bbox 1085 4465 1365 4534; x_wconf 82' lang='lat' dir='ltr'><strong>prepriam</strong></span> <span class='ocrx_word' id='word_1_670' title='bbox 1418 4471 1677 4517; x_wconf 87' lang='lat' dir='ltr'><strong>naturam</strong></span> <span class='ocrx_word' id='word_1_671' title='bbox 1711 4472 1999 4529; x_wconf 89' lang='lat' dir='ltr'><strong>secantes,</strong></span> <span class='ocrx_word' id='word_1_672' title='bbox 2035 4466 2271 4522; x_wconf 88' lang='lat' dir='ltr'><strong>mediam</strong></span> 
     </span>
    </p>
   </div>
   <div class='ocr_carea' id='block_1_87' title="bbox 2311 4462 3928 4550">
    <p class='ocr_par' dir='ltr' id='par_1_87' title="bbox 2379 4471 3928 4550">
     <span class='ocr_line' id='line_1_87' title="bbox 2379 4471 3928 4550; baseline 0.008 -28"><span class='ocrx_word' id='word_1_673' title='bbox 2379 4487 2478 4540; x_wconf 89' lang='grc' dir='ltr'><strong>μεν</strong></span> <span class='ocrx_word' id='word_1_674' title='bbox 2523 4471 2694 4542; x_wconf 79' lang='grc' dir='ltr'>αὐτὴν</span> <span class='ocrx_word' id='word_1_675' title='bbox 2750 4474 2887 4543; x_wconf 84' lang='grc' dir='ltr'><strong>μετά</strong></span> <span class='ocrx_word' id='word_1_676' title='bbox 2930 4475 3022 4527; x_wconf 91' lang='grc' dir='ltr'><strong>τοῦ</strong></span> <span class='ocrx_word' id='word_1_677' title='bbox 3070 4477 3285 4547; x_wconf 83' lang='grc' dir='ltr'>Πατρὸς</span> <span class='ocrx_word' id='word_1_678' title='bbox 3329 4480 3427 4532; x_wconf 82' lang='grc' dir='ltr'>καὶ</span> <span class='ocrx_word' id='word_1_679' title='bbox 3477 4480 3622 4550; x_wconf 74' lang='grc' dir='ltr'>μετὰ</span> <span class='ocrx_word' id='word_1_680' title='bbox 3670 4480 3758 4534; x_wconf 91' lang='grc' dir='ltr'><strong>τοῦ</strong></span> <span class='ocrx_word' id='word_1_681' title='bbox 3805 4477 3928 4534; x_wconf 83' lang='grc' dir='ltr'>Υίοῦ.</span> 
     </span>
    </p>
   </div>
   <div class='ocr_carea' id='block_1_88' title="bbox 680 4552 2297 4640">
    <p class='ocr_par' dir='ltr' id='par_1_88' title="bbox 680 4552 2271 4625">
     <span class='ocr_line' id='line_1_88' title="bbox 680 4552 2271 4625; baseline 0.003 -18"><span class='ocrx_word' id='word_1_682' title='bbox 680 4554 904 4623; x_wconf 89' lang='lat' dir='ltr'><strong>quidem</strong></span> <span class='ocrx_word' id='word_1_683' title='bbox 930 4562 1141 4625; x_wconf 90' lang='lat' dir='ltr'><strong>partem</strong></span> <span class='ocrx_word' id='word_1_684' title='bbox 1170 4552 1347 4618; x_wconf 90' lang='lat' dir='ltr'><strong>Patri,</strong></span> <span class='ocrx_word' id='word_1_685' title='bbox 1380 4555 1615 4607; x_wconf 87' lang='lat' dir='ltr'><strong>alteram</strong></span> <span class='ocrx_word' id='word_1_686' title='bbox 1643 4552 1805 4606; x_wconf 90' lang='lat' dir='ltr'><strong>nobis</strong></span> <span class='ocrx_word' id='word_1_687' title='bbox 1838 4563 1891 4607; x_wconf 89' lang='lat' dir='ltr'><strong>et</strong></span> <span class='ocrx_word' id='word_1_688' title='bbox 1920 4552 2060 4608; x_wconf 86' lang='lat' dir='ltr'><strong>Filio</strong></span> <span class='ocrx_word' id='word_1_689' title='bbox 2088 4554 2271 4613; x_wconf 89' lang='lat' dir='ltr'><strong>dedis-</strong></span> 
     </span>
    </p>
   </div>
   <div class='ocr_carea' id='block_1_89' title="bbox 2312 4552 3929 4640">
    <p class='ocr_par' dir='ltr' id='par_1_89' title="bbox 2312 4552 3929 4640">
     <span class='ocr_line' id='line_1_89' title="bbox 2312 4552 3929 4640; baseline 0.005 -25"><span class='ocrx_word' id='word_1_690' title='bbox 2312 4552 2351 4606; x_wconf 76' lang='grc' dir='ltr'>ί)</span> <span class='ocrx_word' id='word_1_691' title='bbox 2378 4563 2554 4616; x_wconf 88' lang='grc' dir='ltr'>καίτοι</span> <span class='ocrx_word' id='word_1_692' title='bbox 2586 4566 2704 4616; x_wconf 82' lang='grc' dir='ltr'>κατ’</span> <span class='ocrx_word' id='word_1_693' title='bbox 2739 4566 2981 4630; x_wconf 86' lang='grc' dir='ltr'>ἐκείνους</span> <span class='ocrx_word' id='word_1_694' title='bbox 3027 4569 3127 4620; x_wconf 74' lang='grc' dir='ltr'><strong>οὐκ</strong></span> <span class='ocrx_word' id='word_1_695' title='bbox 3160 4569 3331 4622; x_wconf 78' lang='grc' dir='ltr'>ὄντων</span> <span class='ocrx_word' id='word_1_696' title='bbox 3374 4572 3720 4640; x_wconf 84' lang='grc' dir='ltr'>ὁμοουσίων;</span> <span class='ocrx_word' id='word_1_697' title='bbox 3760 4570 3820 4622; x_wconf 83' lang='grc' dir='ltr'>Ἤ</span> <span class='ocrx_word' id='word_1_698' title='bbox 3844 4569 3929 4636; x_wconf 74' lang='grc' dir='ltr'>γὰρ</span> 
     </span>
    </p>
   </div>
   <div class='ocr_carea' id='block_1_90' title="bbox 679 4646 2296 4734">
    <p class='ocr_par' dir='ltr' id='par_1_90' title="bbox 679 4646 2271 4715">
     <span class='ocr_line' id='line_1_90' title="bbox 679 4646 2271 4715; baseline 0.003 -16"><span class='ocrx_word' id='word_1_699' title='bbox 679 4661 770 4707; x_wconf 86' lang='lat' dir='ltr'><strong>se,</strong></span> <span class='ocrx_word' id='word_1_700' title='bbox 804 4654 973 4715; x_wconf 90' lang='lat' dir='ltr'><strong>atque</strong></span> <span class='ocrx_word' id='word_1_701' title='bbox 1005 4646 1079 4700; x_wconf 87' lang='lat' dir='ltr'><strong>ita</strong></span> <span class='ocrx_word' id='word_1_702' title='bbox 1114 4648 1168 4700; x_wconf 89' lang='lat' dir='ltr'><strong>in</strong></span> <span class='ocrx_word' id='word_1_703' title='bbox 1193 4648 1262 4701; x_wconf 88' lang='lat' dir='ltr'><strong>iis</strong></span> <span class='ocrx_word' id='word_1_704' title='bbox 1294 4662 1419 4700; x_wconf 88' lang='lat' dir='ltr'><strong>esse</strong></span> <span class='ocrx_word' id='word_1_705' title='bbox 1447 4660 1702 4710; x_wconf 85' lang='lat' dir='ltr'><strong>censere;</strong></span> <span class='ocrx_word' id='word_1_706' title='bbox 1736 4652 1852 4709; x_wconf 89' lang='lat' dir='ltr'><strong>aut,</strong></span> <span class='ocrx_word' id='word_1_707' title='bbox 1887 4646 2271 4715; x_wconf 88' lang='lat' dir='ltr'><strong>stupidissima</strong></span> 
     </span>
    </p>
   </div>
   <div class='ocr_carea' id='block_1_91' title="bbox 2308 4646 3925 4734">
    <p class='ocr_par' dir='ltr' id='par_1_91' title="bbox 2377 4654 3925 4734">
     <span class='ocr_line' id='line_1_91' title="bbox 2377 4654 3925 4734; baseline 0.005 -26"><span class='ocrx_word' id='word_1_708' title='bbox 2377 4654 2591 4725; x_wconf 76' lang='grc' dir='ltr'>ἀνάγκη</span> <span class='ocrx_word' id='word_1_709' title='bbox 2613 4655 2799 4708; x_wconf 75' lang='grc' dir='ltr'>λοιπὸν</span> <span class='ocrx_word' id='word_1_710' title='bbox 2829 4659 2921 4711; x_wconf 78' lang='grc' dir='ltr'>καὶ</span> <span class='ocrx_word' id='word_1_711' title='bbox 2944 4660 2976 4729; x_wconf 81' lang='grc' dir='ltr'>ἡ</span> <span class='ocrx_word' id='word_1_712' title='bbox 2986 4660 3091 4728; x_wconf 82' lang='grc' dir='ltr'><strong>μᾶς</strong></span> <span class='ocrx_word' id='word_1_713' title='bbox 3112 4659 3182 4711; x_wconf 74' lang='grc' dir='ltr'>τὰ</span> <span class='ocrx_word' id='word_1_714' title='bbox 3205 4660 3444 4727; x_wconf 85' lang='grc' dir='ltr'>γέλωτος</span> <span class='ocrx_word' id='word_1_715' title='bbox 3476 4661 3605 4725; x_wconf 78' lang='grc' dir='ltr'>ἄξια</span> <span class='ocrx_word' id='word_1_716' title='bbox 3637 4658 3925 4734; x_wconf 76' lang='grc' dir='ltr'>φρονοῦντας</span> 
     </span>
    </p>
   </div>
   <div class='ocr_carea' id='block_1_92' title="bbox 678 4735 2295 4823">
    <p class='ocr_par' dir='ltr' id='par_1_92' title="bbox 678 4735 2269 4808">
     <span class='ocr_line' id='line_1_92' title="bbox 678 4735 2269 4808; baseline 0.003 -17"><span class='ocrx_word' id='word_1_717' title='bbox 678 4738 769 4791; x_wconf 91' lang='lat' dir='ltr'><strong>illa</strong></span> <span class='ocrx_word' id='word_1_718' title='bbox 805 4739 1023 4792; x_wconf 89' lang='lat' dir='ltr'><strong>ratione</strong></span> <span class='ocrx_word' id='word_1_719' title='bbox 1054 4737 1268 4808; x_wconf 85' lang='lat' dir='ltr'><strong>rejecta</strong></span> <span class='ocrx_word' id='word_1_720' title='bbox 1290 4777 1303 4800; x_wconf 94' lang='lat'><strong>,</strong></span> <span class='ocrx_word' id='word_1_721' title='bbox 1336 4735 1576 4791; x_wconf 89' lang='lat' dir='ltr'><strong>dicimus</strong></span> <span class='ocrx_word' id='word_1_722' title='bbox 1610 4735 1943 4789; x_wconf 77' lang='lat' dir='ltr'><strong>voluntariis</strong></span> <span class='ocrx_word' id='word_1_723' title='bbox 1971 4736 2269 4795; x_wconf 88' lang='lat' dir='ltr'><strong>virtutibus</strong></span> 
     </span>
    </p>
   </div>
   <div class='ocr_carea' id='block_1_93' title="bbox 2308 4735 3925 4823">
    <p class='ocr_par' dir='ltr' id='par_1_93' title="bbox 2376 4748 3925 4823">
     <span class='ocr_line' id='line_1_93' title="bbox 2376 4748 3925 4823; baseline 0.003 -24"><span class='ocrx_word' id='word_1_724' title='bbox 2376 4748 2550 4800; x_wconf 79' lang='grc' dir='ltr'>εἰπεῖν</span> <span class='ocrx_word' id='word_1_725' title='bbox 2583 4748 2686 4811; x_wconf 77' lang='grc' dir='ltr'>ὅτι,</span> <span class='ocrx_word' id='word_1_726' title='bbox 2720 4749 2816 4820; x_wconf 81' lang='grc' dir='ltr'>τὴν</span> <span class='ocrx_word' id='word_1_727' title='bbox 2864 4752 3071 4803; x_wconf 83' lang='grc' dir='ltr'>οἰκείαν</span> <span class='ocrx_word' id='word_1_728' title='bbox 3123 4751 3514 4815; x_wconf 87' lang='grc' dir='ltr'>διακόπτοντες</span> <span class='ocrx_word' id='word_1_729' title='bbox 3545 4754 3725 4823; x_wconf 84' lang='grc' dir='ltr'>φύσιν,</span> <span class='ocrx_word' id='word_1_730' title='bbox 3760 4752 3814 4804; x_wconf 82' lang='grc' dir='ltr'><strong>τὸ</strong></span> <span class='ocrx_word' id='word_1_731' title='bbox 3846 4748 3925 4816; x_wconf 79' lang='grc' dir='ltr'>μὲν</span> 
     </span>
    </p>
   </div>
   <div class='ocr_carea' id='block_1_94' title="bbox 675 4826 2292 4913">
    <p class='ocr_par' dir='ltr' id='par_1_94' title="bbox 675 4826 2269 4900">
     <span class='ocr_line' id='line_1_94' title="bbox 675 4826 2269 4900; baseline 0.002 -18"><span class='ocrx_word' id='word_1_732' title='bbox 675 4840 728 4883; x_wconf 85' lang='lat' dir='ltr'><strong>et</strong></span> <span class='ocrx_word' id='word_1_733' title='bbox 763 4845 888 4883; x_wconf 91' lang='lat' dir='ltr'><strong>cum</strong></span> <span class='ocrx_word' id='word_1_734' title='bbox 940 4830 1129 4883; x_wconf 90' lang='lat' dir='ltr'><strong>divina</strong></span> <span class='ocrx_word' id='word_1_735' title='bbox 1178 4838 1344 4900; x_wconf 90' lang='lat' dir='ltr'><strong>atque</strong></span> <span class='ocrx_word' id='word_1_736' title='bbox 1378 4826 1643 4881; x_wconf 79' lang='lat' dir='ltr'><strong>iuell‘abili</strong></span> <span class='ocrx_word' id='word_1_737' title='bbox 1683 4826 2099 4896; x_wconf 89' lang='lat' dir='ltr'><strong>pulchritudine</strong></span> <span class='ocrx_word' id='word_1_738' title='bbox 2132 4846 2269 4885; x_wconf 81' lang='lat' dir='ltr'><strong>con-</strong></span> 
     </span>
    </p>
   </div>
   <div class='ocr_carea' id='block_1_95' title="bbox 2308 4826 3925 4913">
    <p class='ocr_par' dir='ltr' id='par_1_95' title="bbox 2374 4836 3925 4913">
     <span class='ocr_line' id='line_1_95' title="bbox 2374 4836 3925 4913; baseline 0.011 -26"><span class='ocrx_word' id='word_1_739' title='bbox 2374 4836 2547 4906; x_wconf 72' lang='grc' dir='ltr'>ἥμισυ</span> <span class='ocrx_word' id='word_1_740' title='bbox 2575 4837 2653 4909; x_wconf 83' lang='grc' dir='ltr'>τῷ</span> <span class='ocrx_word' id='word_1_741' title='bbox 2704 4839 2915 4910; x_wconf 73' lang='grc' dir='ltr'>Πατρὶ,</span> <span class='ocrx_word' id='word_1_742' title='bbox 2952 4841 3012 4893; x_wconf 86' lang='grc' dir='ltr'><strong>τὸ</strong></span> <span class='ocrx_word' id='word_1_743' title='bbox 3060 4842 3116 4894; x_wconf 86' lang='grc' dir='ltr'>δὲ</span> <span class='ocrx_word' id='word_1_744' title='bbox 3164 4842 3353 4913; x_wconf 79' lang='grc' dir='ltr'>ἕτερον</span> <span class='ocrx_word' id='word_1_745' title='bbox 3397 4846 3534 4913; x_wconf 84' lang='grc' dir='ltr'>ἡμῖν</span> <span class='ocrx_word' id='word_1_746' title='bbox 3586 4846 3680 4898; x_wconf 81' lang='grc' dir='ltr'>καὶ</span> <span class='ocrx_word' id='word_1_747' title='bbox 3724 4841 3796 4912; x_wconf 78' lang='grc' dir='ltr'><strong>τῷ</strong></span> <span class='ocrx_word' id='word_1_748' title='bbox 3836 4837 3925 4904; x_wconf 71' lang='grc' dir='ltr'><strong>Υίῴ</strong></span> 
     </span>
    </p>
   </div>
   <div class='ocr_carea' id='block_1_96' title="bbox 676 4918 2293 5006">
    <p class='ocr_par' dir='ltr' id='par_1_96' title="bbox 676 4918 2267 4989">
     <span class='ocr_line' id='line_1_96' title="bbox 676 4918 2267 4989; baseline 0.002 -16"><span class='ocrx_word' id='word_1_749' title='bbox 676 4921 1012 4976; x_wconf 71' lang='lat' dir='ltr'><strong>fm&#39;lnatione</strong></span> <span class='ocrx_word' id='word_1_750' title='bbox 1049 4929 1301 4976; x_wconf 85' lang='lat' dir='ltr'><strong>nostram</strong></span> <span class='ocrx_word' id='word_1_751' title='bbox 1341 4926 1577 4972; x_wconf 90' lang='lat' dir='ltr'><strong>mentem</strong></span> <span class='ocrx_word' id='word_1_752' title='bbox 1616 4918 1925 4973; x_wconf 80' lang='lat' dir='ltr'><strong>exhilarare</strong></span> <span class='ocrx_word' id='word_1_753' title='bbox 1964 4931 2267 4989; x_wconf 88' lang='lat' dir='ltr'><strong>conantes,</strong></span> 
     </span>
    </p>
   </div>
   <div class='ocr_carea' id='block_1_97' title="bbox 2304 4918 3921 5006">
    <p class='ocr_par' dir='ltr' id='par_1_97' title="bbox 2372 4928 3921 5006">
     <span class='ocr_line' id='line_1_97' title="bbox 2372 4928 3921 5006; baseline 0.003 -25"><span class='ocrx_word' id='word_1_754' title='bbox 2372 4928 2682 4999; x_wconf 84' lang='grc' dir='ltr'>δεδώκαμεν</span> <span class='ocrx_word' id='word_1_755' title='bbox 2709 4973 2723 4997; x_wconf 84' lang='grc'><em>,</em></span> <span class='ocrx_word' id='word_1_756' title='bbox 2775 4932 2916 4985; x_wconf 80' lang='grc' dir='ltr'>οὕτω</span> <span class='ocrx_word' id='word_1_757' title='bbox 2954 4951 3013 4986; x_wconf 88' lang='grc' dir='ltr'><strong>τε</strong></span> <span class='ocrx_word' id='word_1_758' title='bbox 3047 4935 3105 4987; x_wconf 83' lang='grc' dir='ltr'><strong>ἐν</strong></span> <span class='ocrx_word' id='word_1_759' title='bbox 3155 4936 3339 5000; x_wconf 80' lang='grc' dir='ltr'>αὐτοῖς</span> <span class='ocrx_word' id='word_1_760' title='bbox 3389 4934 3532 4990; x_wconf 83' lang='grc' dir='ltr'>εἶναι</span> <span class='ocrx_word' id='word_1_761' title='bbox 3572 4935 3858 5006; x_wconf 84' lang='grc' dir='ltr'>νοούμεθα·</span> <span class='ocrx_word' id='word_1_762' title='bbox 3897 4928 3921 4997; x_wconf 77' lang='grc' dir='ltr'>ἢ</span> 
     </span>
    </p>
   </div>
   <div class='ocr_carea' id='block_1_98' title="bbox 674 5010 2291 5097">
    <p class='ocr_par' dir='ltr' id='par_1_98' title="bbox 674 5010 2270 5083">
     <span class='ocr_line' id='line_1_98' title="bbox 674 5010 2270 5083; baseline 0.001 -16"><span class='ocrx_word' id='word_1_763' title='bbox 674 5014 964 5068; x_wconf 85' lang='lat' dir='ltr'><strong>societatis</strong></span> <span class='ocrx_word' id='word_1_764' title='bbox 1011 5014 1248 5083; x_wconf 69' lang='lat' dir='ltr'><strong>gratiam</strong></span> <span class='ocrx_word' id='word_1_765' title='bbox 1295 5010 1463 5064; x_wconf 89' lang='lat' dir='ltr'><strong>nobis</strong></span> <span class='ocrx_word' id='word_1_766' title='bbox 1504 5024 1849 5078; x_wconf 86' lang='lat' dir='ltr'><strong>comparare.</strong></span> <span class='ocrx_word' id='word_1_767' title='bbox 1898 5010 1979 5065; x_wconf 82' lang='lat' dir='ltr'><strong>An</strong></span> <span class='ocrx_word' id='word_1_768' title='bbox 2023 5027 2152 5083; x_wconf 79' lang='lat' dir='ltr'><strong>ergo</strong></span> <span class='ocrx_word' id='word_1_769' title='bbox 2188 5016 2270 5070; x_wconf 88' lang='lat' dir='ltr'><strong>sic</strong></span> 
     </span>
    </p>
   </div>
   <div class='ocr_carea' id='block_1_99' title="bbox 2305 5010 3922 5097">
    <p class='ocr_par' dir='ltr' id='par_1_99' title="bbox 2371 5020 3922 5097">
     <span class='ocr_line' id='line_1_99' title="bbox 2371 5020 3922 5097; baseline 0.007 -25"><span class='ocrx_word' id='word_1_770' title='bbox 2371 5022 2799 5092; x_wconf 87' lang='grc' dir='ltr'>παραιτούμενοι</span> <span class='ocrx_word' id='word_1_771' title='bbox 2845 5024 2943 5094; x_wconf 79' lang='grc' dir='ltr'><strong>τὴν</strong></span> <span class='ocrx_word' id='word_1_772' title='bbox 2991 5026 3340 5097; x_wconf 80' lang='grc' dir='ltr'>ἀποπληξίαν</span> <span class='ocrx_word' id='word_1_773' title='bbox 3394 5028 3490 5081; x_wconf 90' lang='grc' dir='ltr'><strong>τοῦ</strong></span> <span class='ocrx_word' id='word_1_774' title='bbox 3543 5029 3733 5097; x_wconf 86' lang='grc' dir='ltr'>λόγου,</span> <span class='ocrx_word' id='word_1_775' title='bbox 3773 5020 3922 5093; x_wconf 78' lang='grc' dir='ltr'>φαμὲν</span> 
     </span>
    </p>
   </div>
   <div class='ocr_carea' id='block_1_100' title="bbox 672 5098 2289 5190">
    <p class='ocr_par' dir='ltr' id='par_1_100' title="bbox 672 5098 2263 5164">
     <span class='ocr_line' id='line_1_100' title="bbox 672 5098 2263 5164; baseline 0.004 -7"><span class='ocrx_word' id='word_1_776' title='bbox 672 5104 922 5159; x_wconf 87' lang='lat' dir='ltr'><strong>dicemus</strong></span> <span class='ocrx_word' id='word_1_777' title='bbox 954 5104 1229 5159; x_wconf 80' lang='lat' dir='ltr'><strong>exsistere</strong></span> <span class='ocrx_word' id='word_1_778' title='bbox 1264 5102 1317 5154; x_wconf 89' lang='lat' dir='ltr'><strong>in</strong></span> <span class='ocrx_word' id='word_1_779' title='bbox 1354 5098 1517 5155; x_wconf 78' lang='lat' dir='ltr'><strong>Patre</strong></span> <span class='ocrx_word' id='word_1_780' title='bbox 1552 5100 1795 5164; x_wconf 84' lang='lat' dir='ltr'><strong>Filium,</strong></span> <span class='ocrx_word' id='word_1_781' title='bbox 1836 5119 1935 5158; x_wconf 92' lang='lat' dir='ltr'><strong>seu</strong></span> <span class='ocrx_word' id='word_1_782' title='bbox 1980 5107 2263 5164; x_wconf 77' lang='lat' dir='ltr'><strong>relativam</strong></span> 
     </span>
    </p>
   </div>
   <div class='ocr_carea' id='block_1_101' title="bbox 2301 5098 3918 5190">
    <p class='ocr_par' dir='ltr' id='par_1_101' title="bbox 2368 5110 3918 5190">
     <span class='ocr_line' id='line_1_101' title="bbox 2368 5110 3918 5190; baseline 0.01 -27"><span class='ocrx_word' id='word_1_783' title='bbox 2368 5110 2452 5163; x_wconf 84' lang='grc' dir='ltr'><strong>ὅτι</strong></span> <span class='ocrx_word' id='word_1_784' title='bbox 2498 5112 2622 5175; x_wconf 87' lang='grc' dir='ltr'>ταῖς</span> <span class='ocrx_word' id='word_1_785' title='bbox 2667 5113 2807 5167; x_wconf 85' lang='grc' dir='ltr'>κατὰ</span> <span class='ocrx_word' id='word_1_786' title='bbox 2838 5114 3057 5185; x_wconf 85' lang='grc' dir='ltr'>θέλησιν</span> <span class='ocrx_word' id='word_1_787' title='bbox 3105 5117 3331 5187; x_wconf 84' lang='grc' dir='ltr'>ἀρεταῖς</span> <span class='ocrx_word' id='word_1_788' title='bbox 3386 5120 3484 5171; x_wconf 81' lang='grc' dir='ltr'>καὶ</span> <span class='ocrx_word' id='word_1_789' title='bbox 3526 5122 3593 5190; x_wconf 82' lang='grc' dir='ltr'>τῇ</span> <span class='ocrx_word' id='word_1_790' title='bbox 3635 5111 3918 5186; x_wconf 63' lang='grc' dir='ltr'>συμμορφίξι</span> 
     </span>
    </p>
   </div>
   <div class='ocr_carea' id='block_1_102' title="bbox 671 5192 2288 5282">
    <p class='ocr_par' dir='ltr' id='par_1_102' title="bbox 671 5192 2269 5267">
     <span class='ocr_line' id='line_1_102' title="bbox 671 5192 2269 5267; baseline 0.003 -16"><span class='ocrx_word' id='word_1_791' title='bbox 671 5203 726 5251; x_wconf 90' lang='lat' dir='ltr'><strong>et</strong></span> <span class='ocrx_word' id='word_1_792' title='bbox 761 5196 947 5251; x_wconf 88' lang='lat' dir='ltr'><strong>studio</strong></span> <span class='ocrx_word' id='word_1_793' title='bbox 977 5197 1270 5267; x_wconf 69' lang='lat' dir='ltr'><strong>quaesitam</strong></span> <span class='ocrx_word' id='word_1_794' title='bbox 1308 5192 1512 5248; x_wconf 84' lang='lat' dir='ltr'><strong>habere</strong></span> <span class='ocrx_word' id='word_1_795' title='bbox 1546 5208 1671 5248; x_wconf 86' lang='lat' dir='ltr'><strong>cum</strong></span> <span class='ocrx_word' id='word_1_796' title='bbox 1706 5192 1870 5250; x_wconf 90' lang='lat' dir='ltr'><strong>Patre</strong></span> <span class='ocrx_word' id='word_1_797' title='bbox 1902 5198 2269 5255; x_wconf 80' lang='lat' dir='ltr'><strong>sorietatem?</strong></span> 
     </span>
    </p>
   </div>
   <div class='ocr_carea' id='block_1_103' title="bbox 2300 5192 3917 5282">
    <p class='ocr_par' dir='ltr' id='par_1_103' title="bbox 2368 5202 3917 5282">
     <span class='ocr_line' id='line_1_103' title="bbox 2368 5202 3917 5282; baseline -0.003 -23"><span class='ocrx_word' id='word_1_798' title='bbox 2368 5204 2435 5277; x_wconf 78' lang='grc' dir='ltr'>τῇ</span> <span class='ocrx_word' id='word_1_799' title='bbox 2473 5202 2609 5270; x_wconf 79' lang='grc' dir='ltr'>πρὸς</span> <span class='ocrx_word' id='word_1_800' title='bbox 2651 5204 2711 5255; x_wconf 85' lang='grc' dir='ltr'>τὸ</span> <span class='ocrx_word' id='word_1_801' title='bbox 2748 5204 2888 5258; x_wconf 84' lang='grc' dir='ltr'>θεῖόν</span> <span class='ocrx_word' id='word_1_802' title='bbox 2942 5224 3005 5259; x_wconf 86' lang='grc' dir='ltr'><strong>τε</strong></span> <span class='ocrx_word' id='word_1_803' title='bbox 3060 5209 3153 5261; x_wconf 68' lang='grc' dir='ltr'><strong>καὶ</strong></span> <span class='ocrx_word' id='word_1_804' title='bbox 3195 5210 3514 5282; x_wconf 76' lang='grc' dir='ltr'>ἀπόρρητον</span> <span class='ocrx_word' id='word_1_805' title='bbox 3557 5210 3749 5271; x_wconf 85' lang='grc' dir='ltr'>κάλλος</span> <span class='ocrx_word' id='word_1_806' title='bbox 3776 5219 3917 5257; x_wconf 80' lang='grc' dir='ltr'>κατα-</span> 
     </span>
    </p>
   </div>
   <div class='ocr_carea' id='block_1_104' title="bbox 670 5284 2287 5368">
    <p class='ocr_par' dir='ltr' id='par_1_104' title="bbox 670 5284 2267 5355">
     <span class='ocr_line' id='line_1_104' title="bbox 670 5284 2267 5355; baseline -0.006 -14"><span class='ocrx_word' id='word_1_807' title='bbox 670 5289 739 5341; x_wconf 82' lang='lat' dir='ltr'><strong>At</strong></span> <span class='ocrx_word' id='word_1_808' title='bbox 768 5304 866 5343; x_wconf 90' lang='lat' dir='ltr'><strong>cur</strong></span> <span class='ocrx_word' id='word_1_809' title='bbox 899 5288 1123 5342; x_wconf 89' lang='lat' dir='ltr'><strong>demum</strong></span> <span class='ocrx_word' id='word_1_810' title='bbox 1161 5300 1259 5354; x_wconf 88' lang='lat' dir='ltr'><strong>per</strong></span> <span class='ocrx_word' id='word_1_811' title='bbox 1290 5284 1665 5351; x_wconf 65' lang='lat' dir='ltr'><strong>aequalitatem</strong></span> <span class='ocrx_word' id='word_1_812' title='bbox 1704 5299 1932 5355; x_wconf 90' lang='lat' dir='ltr'><strong>operum</strong></span> <span class='ocrx_word' id='word_1_813' title='bbox 1970 5302 2033 5343; x_wconf 89' lang='lat' dir='ltr'><strong>ac</strong></span> <span class='ocrx_word' id='word_1_814' title='bbox 2069 5290 2267 5345; x_wconf 89' lang='lat' dir='ltr'><strong>simili-</strong></span> 
     </span>
    </p>
   </div>
   <div class='ocr_carea' id='block_1_105' title="bbox 2299 5284 3916 5368">
    <p class='ocr_par' dir='ltr' id='par_1_105' title="bbox 2372 5294 3916 5368">
     <span class='ocr_line' id='line_1_105' title="bbox 2372 5294 3916 5368; baseline 0.011 -24"><span class='ocrx_word' id='word_1_815' title='bbox 2372 5294 2684 5362; x_wconf 70' lang='grc' dir='ltr'>φαιδρύνειν</span> <span class='ocrx_word' id='word_1_816' title='bbox 2710 5297 2800 5349; x_wconf 76' lang='grc' dir='ltr'>τὸν</span> <span class='ocrx_word' id='word_1_817' title='bbox 2831 5298 3029 5351; x_wconf 86' lang='grc' dir='ltr'>οἰκεῖον</span> <span class='ocrx_word' id='word_1_818' title='bbox 3071 5301 3473 5367; x_wconf 76' lang='grc' dir='ltr'>σπουδάζοντες</span> <span class='ocrx_word' id='word_1_819' title='bbox 3517 5302 3643 5355; x_wconf 92' lang='grc' dir='ltr'>νοῦν</span> <span class='ocrx_word' id='word_1_820' title='bbox 3668 5342 3683 5365; x_wconf 89' lang='lat'><strong>,</strong></span> <span class='ocrx_word' id='word_1_821' title='bbox 3722 5300 3813 5368; x_wconf 79' lang='grc' dir='ltr'>τὴν</span> <span class='ocrx_word' id='word_1_822' title='bbox 3840 5295 3916 5361; x_wconf 67' lang='grc' dir='ltr'><strong>τῆς</strong></span> 
     </span>
    </p>
   </div>
   <div class='ocr_carea' id='block_1_106' title="bbox 672 5375 2289 5465">
    <p class='ocr_par' dir='ltr' id='par_1_106' title="bbox 672 5375 2267 5437">
     <span class='ocr_line' id='line_1_106' title="bbox 672 5375 2267 5437; baseline 0.003 -6"><span class='ocrx_word' id='word_1_823' title='bbox 672 5380 915 5434; x_wconf 89' lang='lat' dir='ltr'><strong>tudinem</strong></span> <span class='ocrx_word' id='word_1_824' title='bbox 951 5376 1152 5432; x_wconf 90' lang='lat' dir='ltr'><strong>deduci</strong></span> <span class='ocrx_word' id='word_1_825' title='bbox 1190 5375 1308 5429; x_wconf 90' lang='lat' dir='ltr'><strong>vult</strong></span> <span class='ocrx_word' id='word_1_826' title='bbox 1346 5383 1595 5428; x_wconf 90' lang='lat' dir='ltr'><strong>nostram</strong></span> <span class='ocrx_word' id='word_1_827' title='bbox 1648 5383 1886 5430; x_wconf 88' lang='lat' dir='ltr'><strong>mentem</strong></span> <span class='ocrx_word' id='word_1_828' title='bbox 1932 5378 1998 5431; x_wconf 86' lang='lat' dir='ltr'><strong>ad</strong></span> <span class='ocrx_word' id='word_1_829' title='bbox 2044 5380 2267 5437; x_wconf 85' lang='lat' dir='ltr'><strong>indubi-</strong></span> 
     </span>
    </p>
   </div>
   <div class='ocr_carea' id='block_1_107' title="bbox 2300 5375 3917 5465">
    <p class='ocr_par' dir='ltr' id='par_1_107' title="bbox 2369 5382 3917 5465">
     <span class='ocr_line' id='line_1_107' title="bbox 2369 5382 3917 5465; baseline 0.005 -29"><span class='ocrx_word' id='word_1_830' title='bbox 2369 5385 2654 5448; x_wconf 87' lang='grc' dir='ltr'>κοινωνίας</span> <span class='ocrx_word' id='word_1_831' title='bbox 2704 5388 2917 5452; x_wconf 76' lang='grc' dir='ltr'>ἑαυτοῖς</span> <span class='ocrx_word' id='word_1_832' title='bbox 2967 5393 3408 5463; x_wconf 83' lang='grc' dir='ltr'>περιποιούμεθα</span> <span class='ocrx_word' id='word_1_833' title='bbox 3460 5397 3645 5465; x_wconf 85' lang='grc' dir='ltr'>χάριν.</span> <span class='ocrx_word' id='word_1_834' title='bbox 3693 5388 3807 5461; x_wconf 71' lang='grc' dir='ltr'><strong>Ἆρ’</strong></span> <span class='ocrx_word' id='word_1_835' title='bbox 3843 5382 3917 5439; x_wconf 70' lang='grc' dir='ltr'><strong>οὖν</strong></span> 
     </span>
    </p>
   </div>
   <div class='ocr_carea' id='block_1_108' title="bbox 668 5466 2285 5553">
    <p class='ocr_par' dir='ltr' id='par_1_108' title="bbox 668 5466 2268 5539">
     <span class='ocr_line' id='line_1_108' title="bbox 668 5466 2268 5539; baseline 0.003 -14"><span class='ocrx_word' id='word_1_836' title='bbox 668 5480 786 5526; x_wconf 88' lang='lat' dir='ltr'><strong>tate</strong></span> <span class='ocrx_word' id='word_1_837' title='bbox 822 5471 1161 5525; x_wconf 85' lang='lat' dir='ltr'><strong>credendum</strong></span> <span class='ocrx_word' id='word_1_838' title='bbox 1200 5468 1383 5536; x_wconf 90' lang='lat' dir='ltr'><strong>ipsum</strong></span> <span class='ocrx_word' id='word_1_839' title='bbox 1434 5466 1489 5520; x_wconf 92' lang='lat' dir='ltr'><strong>in</strong></span> <span class='ocrx_word' id='word_1_840' title='bbox 1541 5466 1704 5522; x_wconf 89' lang='lat' dir='ltr'><strong>Patre</strong></span> <span class='ocrx_word' id='word_1_841' title='bbox 1752 5468 1974 5539; x_wconf 90' lang='lat' dir='ltr'><strong>quidem</strong></span> <span class='ocrx_word' id='word_1_842' title='bbox 2019 5488 2177 5538; x_wconf 84' lang='lat' dir='ltr'><strong>esse,</strong></span> <span class='ocrx_word' id='word_1_843' title='bbox 2212 5485 2268 5530; x_wconf 88' lang='lat' dir='ltr'><strong>et</strong></span> 
     </span>
    </p>
   </div>
   <div class='ocr_carea' id='block_1_109' title="bbox 2298 5466 3915 5553">
    <p class='ocr_par' dir='ltr' id='par_1_109' title="bbox 2366 5469 3915 5553">
     <span class='ocr_line' id='line_1_109' title="bbox 2366 5469 3915 5553; baseline 0.01 -31"><span class='ocrx_word' id='word_1_844' title='bbox 2366 5469 2538 5535; x_wconf 75' lang='grc' dir='ltr'>οὕτως</span> <span class='ocrx_word' id='word_1_845' title='bbox 2573 5474 2804 5545; x_wconf 85' lang='grc' dir='ltr'>ἐροῦμεν</span> <span class='ocrx_word' id='word_1_846' title='bbox 2838 5478 3104 5549; x_wconf 79' lang='grc' dir='ltr'>ὑπάρχειν</span> <span class='ocrx_word' id='word_1_847' title='bbox 3140 5485 3197 5534; x_wconf 81' lang='grc' dir='ltr'><strong>ἐν</strong></span> <span class='ocrx_word' id='word_1_848' title='bbox 3241 5483 3422 5553; x_wconf 72' lang='grc' dir='ltr'>Πατρὶ</span> <span class='ocrx_word' id='word_1_849' title='bbox 3469 5484 3561 5538; x_wconf 79' lang='grc' dir='ltr'><strong>τὸν</strong></span> <span class='ocrx_word' id='word_1_850' title='bbox 3606 5482 3748 5543; x_wconf 80' lang='grc' dir='ltr'>Υίὺν,</span> <span class='ocrx_word' id='word_1_851' title='bbox 3780 5480 3915 5548; x_wconf 69' lang='grc' dir='ltr'>ἤγουν</span> 
     </span>
    </p>
   </div>
   <div class='ocr_carea' id='block_1_110' title="bbox 670 5554 2287 5645">
    <p class='ocr_par' dir='ltr' id='par_1_110' title="bbox 670 5554 2263 5625">
     <span class='ocr_line' id='line_1_110' title="bbox 670 5554 2263 5625; baseline -0.001 -11"><span class='ocrx_word' id='word_1_852' title='bbox 670 5576 870 5616; x_wconf 90' lang='lat' dir='ltr'><strong>rursus</strong></span> <span class='ocrx_word' id='word_1_853' title='bbox 904 5563 959 5614; x_wconf 91' lang='lat' dir='ltr'><strong>in</strong></span> <span class='ocrx_word' id='word_1_854' title='bbox 993 5558 1181 5625; x_wconf 84' lang='lat' dir='ltr'><strong>seipso</strong></span> <span class='ocrx_word' id='word_1_855' title='bbox 1217 5556 1421 5609; x_wconf 82' lang='lat' dir='ltr'><strong>habere</strong></span> <span class='ocrx_word' id='word_1_856' title='bbox 1450 5554 1667 5608; x_wconf 81' lang='lat' dir='ltr'><strong>Patrem</strong></span> <span class='ocrx_word' id='word_1_857' title='bbox 1695 5556 1719 5609; x_wconf 79' lang='lat'><strong>?</strong></span> <span class='ocrx_word' id='word_1_858' title='bbox 1750 5558 1944 5609; x_wconf 83' lang='lat' dir='ltr'><strong>Annon</strong></span> <span class='ocrx_word' id='word_1_859' title='bbox 1972 5560 2118 5612; x_wconf 89' lang='lat' dir='ltr'><strong>enim</strong></span> <span class='ocrx_word' id='word_1_860' title='bbox 2146 5576 2263 5613; x_wconf 89' lang='lat' dir='ltr'><strong>ma-</strong></span> 
     </span>
    </p>
   </div>
   <div class='ocr_carea' id='block_1_111' title="bbox 2296 5554 3913 5645">
    <p class='ocr_par' dir='ltr' id='par_1_111' title="bbox 2366 5566 3913 5645">
     <span class='ocr_line' id='line_1_111' title="bbox 2366 5566 3913 5645; baseline 0.008 -32"><span class='ocrx_word' id='word_1_861' title='bbox 2366 5566 2623 5635; x_wconf 83' lang='grc' dir='ltr'>σχετικὴν</span> <span class='ocrx_word' id='word_1_862' title='bbox 2650 5568 2741 5620; x_wconf 74' lang='grc' dir='ltr'><strong>καὶ</strong></span> <span class='ocrx_word' id='word_1_863' title='bbox 2775 5570 3270 5645; x_wconf 78' lang='grc' dir='ltr'>ἐπιτετηδευμένην</span> <span class='ocrx_word' id='word_1_864' title='bbox 3297 5577 3594 5630; x_wconf 86' lang='grc' dir='ltr'>κοινωνίαν</span> <span class='ocrx_word' id='word_1_865' title='bbox 3636 5576 3773 5645; x_wconf 71' lang='grc' dir='ltr'>ἔχειν</span> <span class='ocrx_word' id='word_1_866' title='bbox 3798 5567 3913 5642; x_wconf 61' lang='grc' dir='ltr'>πρὶς</span> 
     </span>
    </p>
   </div>
   <div class='ocr_carea' id='block_1_112' title="bbox 666 5645 2283 5737">
    <p class='ocr_par' dir='ltr' id='par_1_112' title="bbox 666 5645 2259 5717">
     <span class='ocr_line' id='line_1_112' title="bbox 666 5645 2259 5717; baseline -0.001 -12"><span class='ocrx_word' id='word_1_867' title='bbox 666 5651 1093 5708; x_wconf 78' lang='lat' dir='ltr'><strong>nifestissimum</strong></span> <span class='ocrx_word' id='word_1_868' title='bbox 1127 5658 1214 5702; x_wconf 88' lang='lat' dir='ltr'><strong>est</strong></span> <span class='ocrx_word' id='word_1_869' title='bbox 1258 5645 1517 5701; x_wconf 87' lang='lat' dir='ltr'><strong>omnibus</strong></span> <span class='ocrx_word' id='word_1_870' title='bbox 1549 5661 1612 5699; x_wconf 85' lang='lat' dir='ltr'><strong>ac</strong></span> <span class='ocrx_word' id='word_1_871' title='bbox 1646 5662 1870 5712; x_wconf 83' lang='lat' dir='ltr'><strong>verum,</strong></span> <span class='ocrx_word' id='word_1_872' title='bbox 1910 5649 2058 5717; x_wconf 88' lang='lat' dir='ltr'><strong>quod</strong></span> <span class='ocrx_word' id='word_1_873' title='bbox 2092 5650 2259 5705; x_wconf 85' lang='lat' dir='ltr'><strong>clari-</strong></span> 
     </span>
    </p>
   </div>
   <div class='ocr_carea' id='block_1_113' title="bbox 2294 5645 3911 5737">
    <p class='ocr_par' dir='ltr' id='par_1_113' title="bbox 2363 5652 3911 5737">
     <span class='ocr_line' id='line_1_113' title="bbox 2363 5652 3911 5737; baseline 0.013 -32"><span class='ocrx_word' id='word_1_874' title='bbox 2363 5652 2454 5705; x_wconf 76' lang='grc' dir='ltr'>τὸν</span> <span class='ocrx_word' id='word_1_875' title='bbox 2506 5659 2878 5726; x_wconf 79' lang='grc' dir='ltr'>γεννήσαντας</span> <span class='ocrx_word' id='word_1_876' title='bbox 2916 5662 3108 5715; x_wconf 83' lang='grc' dir='ltr'>Καίτοι</span> <span class='ocrx_word' id='word_1_877' title='bbox 3156 5665 3206 5717; x_wconf 89' lang='grc' dir='ltr'><strong>τί</strong></span> <span class='ocrx_word' id='word_1_878' title='bbox 3260 5665 3323 5737; x_wconf 82' lang='grc' dir='ltr'>δή</span> <span class='ocrx_word' id='word_1_879' title='bbox 3376 5684 3509 5722; x_wconf 82' lang='grc' dir='ltr'>ποτε</span> <span class='ocrx_word' id='word_1_880' title='bbox 3568 5667 3650 5722; x_wconf 79' lang='grc' dir='ltr'>διὰ</span> <span class='ocrx_word' id='word_1_881' title='bbox 3696 5666 3786 5735; x_wconf 77' lang='grc' dir='ltr'><strong>τῆς</strong></span> <span class='ocrx_word' id='word_1_882' title='bbox 3826 5656 3911 5713; x_wconf 58' lang='grc' dir='ltr'><strong>τῶν</strong></span> 
     </span>
    </p>
   </div>
   <div class='ocr_carea' id='block_1_114' title="bbox 736 5820 2255 5893">
    <p class='ocr_par' dir='ltr' id='par_1_114' title="bbox 736 5820 2255 5893">
     <span class='ocr_line' id='line_1_114' title="bbox 736 5820 2255 5893; baseline 0.003 -19"><span class='ocrx_word' id='word_1_883' title='bbox 736 5829 781 5858; x_wconf 63' lang='grc'>⁸⁸</span> <span class='ocrx_word' id='word_1_884' title='bbox 805 5826 939 5884; x_wconf 75' lang='lat' dir='ltr'><strong>Jud.</strong></span> <span class='ocrx_word' id='word_1_885' title='bbox 970 5842 1013 5893; x_wconf 82' lang='grc' dir='ltr'>ι,</span> <span class='ocrx_word' id='word_1_886' title='bbox 1044 5824 1234 5880; x_wconf 76' lang='grc'><strong>17-10.</strong></span> <span class='ocrx_word' id='word_1_887' title='bbox 1313 5824 1354 5851; x_wconf 87' lang='lat'><strong>&quot;</strong></span> <span class='ocrx_word' id='word_1_888' title='bbox 1378 5821 1396 5875; x_wconf 84' lang='grc' dir='ltr'><strong>ι</strong></span> <span class='ocrx_word' id='word_1_889' title='bbox 1420 5820 1545 5876; x_wconf 87' lang='lat' dir='ltr'><strong>Cor.</strong></span> <span class='ocrx_word' id='word_1_890' title='bbox 1582 5836 1675 5879; x_wconf 79' lang='lat' dir='ltr'><strong>xu,</strong></span> <span class='ocrx_word' id='word_1_891' title='bbox 1704 5821 1768 5877; x_wconf 81' lang='lat'><strong>5.</strong></span> <span class='ocrx_word' id='word_1_892' title='bbox 1839 5821 1919 5874; x_wconf 84' lang='lat' dir='ltr'><strong>&quot;l</strong></span> <span class='ocrx_word' id='word_1_893' title='bbox 1945 5821 2102 5879; x_wconf 82' lang='lat' dir='ltr'><strong>Joau.</strong></span> <span class='ocrx_word' id='word_1_894' title='bbox 2140 5841 2177 5888; x_wconf 79' lang='grc' dir='ltr'>ι,</span> <span class='ocrx_word' id='word_1_895' title='bbox 2202 5826 2255 5879; x_wconf 77' lang='lat'><strong>3.</strong></span> 
     </span>
    </p>
   </div>
  </div>
