4096 6482
137 419 232 476 ιιι

1209 419 1276 473 ΙΝ
1304 418 1592 476 JOANNIS
1641 416 2083 474 EVANGELIUM
2127 419 2253 475 LIB.
2288 420 2379 475 IX.

3284 427 3391 483 ειε

142 540 311 610 ιργων
346 534 589 605 ίσότητός
621 550 679 587 τε
712 534 805 587 καὶ
847 536 1162 608 ὁμοιότητος
1198 538 1553 608 ποδηγεῖσθαι
1585 536 1707 607 βού-

1824 544 1977 591 :alem
2008 552 2236 607 operum
2267 554 2296 590 a
2327 539 2485 593 nobis
2514 538 2717 609 inquiri
2751 541 2942 595 volens
2962 581 2977 604 ,
3009 558 3109 597 suo
3138 543 3283 600 Patri
3314 563 3392 601 se-

140 628 283 680 λετσι
313 624 407 678 τδν
440 624 705 695 ἡμέτερον
750 624 876 678 νοῦν
917 627 1009 680 ἐπὶ
1054 627 1117 679 τὸ
1170 627 1368 697 χρῆναι
1428 630 1708 681 πιστεύειν

142 716 543 778 ἀνενδοιάστως,
584 714 661 778 ὼς
696 716 782 785 είη
828 718 926 785 μὲν
957 717 1118 779 αύτδς
1148 720 1205 771 ἐν
1246 719 1453 791 Πατρὶ,
1505 719 1618 787 ἔχει
1653 718 1709 773 δὲ

142 804 203 859 αὖ
230 805 391 859 πάλιν
422 806 483 857 tv
521 804 697 874 ἑαυτῷ
740 804 833 857 τὸν
878 806 1097 878 Πατέρα
1125 824 1138 873 ;
1178 804 1254 861 Ἦ
1285 810 1391 881 γὰρ
1422 809 1542 879 οὐχὶ
1574 812 1709 863 πᾶσι

146 895 532 967 προδηλότατον
560 896 652 947 καὶ
688 895 889 965 ἀληθὲς
926 898 1169 968 ὑπάρχον
1207 901 1399 971 ὁρᾶται
1423 940 1438 961 ,
1486 901 1569 953 ὅτι
1609 900 1709 972 τὴν

144 989 243 1041 τῶν
270 988 449 1056 ἔργων
488 988 845 1060 λαμπρότητα
877 990 1007 1058 παρ’
1044 992 1196 1061 ἡμῶν
1227 990 1576 1057 ἐξετάζεσθαι
1628 992 1712 1047 θέ-

142 1082 260 1141 λων,
287 1078 540 1149 ίσοσθενῆ
572 1080 849 1135 δείκνυσιν
878 1084 1072 1136 ἑαυτὸν
1110 1083 1190 1153 τῷ
1231 1083 1347 1154 ίδίῳ
1392 1084 1588 1155 Πατρὶ,
1634 1085 1711 1149 ὡς

142 1168 319 1221 οὐδένα
357 1168 520 1235 λόγον
548 1170 777 1239 ἐχούσης
809 1170 888 1223 ἔτι
937 1172 1035 1241 τῆς
1069 1174 1186 1225 κατ’
1216 1173 1406 1226 ούσίαν
1445 1176 1711 1245 διακοπῆς

145 1265 231 1315 καὶ
272 1260 511 1330 φυσικῆς
556 1261 914 1333 ἑτερότητος,
973 1266 1021 1317 εί
1071 1265 1183 1327 τοῖς
1235 1264 1370 1328 ῐσοις
1426 1268 1711 1335 ἐπαυχοῖεν

146 1349 554 1420 κατορθώμασιν
586 1352 748 1415 αὑτός
784 1370 843 1405 τε
885 1354 979 1407 καὶ
1009 1357 1037 1408 ό
1076 1356 1302 1425 Πατήρ;
1353 1356 1555 1409 Ἐννόει
1603 1357 1712 1428 γὰρ

145 1443 279 1503 ὅπως
334 1440 435 1492 οὐκ
481 1441 544 1493 tv
587 1439 796 1506 τούτοις
849 1444 1036 1513 ἡμεῖς,
1066 1443 1183 1497 ἀλλ’
1232 1444 1440 1517 ἑτέροις
1471 1448 1580 1499 τισὶ
1612 1448 1713 1520 τὴν

147 1532 272 1602 πρὸς
301 1531 390 1584 τὸν
418 1530 557 1584 Θεδν
586 1533 936 1603 συμμορφίαν
968 1535 1411 1605 ἐπιτηδεύοντες,
1439 1538 1540 1608 τῆς
1574 1539 1714 1609 πρὸς

147 1621 295 1677 αὑτὸν
349 1622 640 1685 κοινωνίας
699 1622 1019 1694 ἀξιούμεθα.
1087 1626 1549 1700 Ἐποικτείροντες
1603 1630 1714 1703 γὰρ

151 1714 395 1785 ἀλλήλους
415 1753 431 1778 ,
473 1716 571 1769 καὶ
615 1716 723 1769 τῶν
751 1717 851 1788 τῆς
881 1718 1103 1788 ἀγάπης
1135 1718 1311 1790 ἔργων
1347 1720 1516 1793 ἀπρὶξ
1546 1720 1715 1793 ἐξημ-

155 1806 321 1877 μένοι,
360 1808 457 1860 καὶ
512 1809 698 1861 πᾶσαν
749 1809 1161 1879 ἐπιτηδεύοντες
1213 1813 1313 1882 τὴν
1357 1814 1416 1865 tv
1468 1812 1547 1884 τῷ
1589 1814 1713 1868 καθ’

151 1900 284 1969 ἡμᾶς
309 1897 406 1968 βίῳ
438 1900 779 1970 σεμνότητα,
816 1901 936 1955 τότε
986 1904 1050 1973 δὴ
1100 1904 1255 1973 μόλις
1300 1906 1357 1958 tv
1402 1904 1522 1976 Θεῷ
1574 1902 1715 1960 εἶναι

153 1988 420 2058 λεγόμεθα.
462 1990 579 2042 Καὶ
602 1990 811 2061 μάρτυς
846 1991 1097 2062 Ἰωάννης
1123 1994 1298 2062 λέγων
1317 2010 1332 2026 ο
1368 2015 1386 2047 ι
1426 1996 1514 2049 Ἐν
1540 1996 1716 2067 τούτῳ

154 2081 471 2151 γινώσκομεν
522 2082 609 2136 ὅτι
657 2084 715 2137 tv
760 2084 908 2155 αὑτῷ
943 2086 1135 2154 ἐσμέν.
1182 2086 1241 2140 '0
1272 2086 1447 2155 λέγων
1477 2090 1534 2141 tv
1566 2088 1717 2159 αὐτῷ

157 2172 352 2241 μένειν,
396 2173 644 2242 ὀφείλει,
694 2174 876 2240 καθὼς
914 2178 1121 2240 ἐκεῖνος
1152 2179 1527 2250 περιεπάτησε
1554 2221 1568 2245 ,
1623 2182 1718 2234 καὶ

156 2264 296 2328 αὐτὸς
336 2271 689 2338 περιπατεῖν.
741 2287 759 2320 ι
795 2268 907 2323 Καὶ
952 2269 1150 2323 πάλιν·
1204 2290 1222 2322 ε
1276 2272 1490 2343 Ὑμεῖς,
1528 2274 1715 2344 φησιν,

156 2356 181 2409 ὃ
205 2358 289 2411 ἀπ’
315 2358 489 2430 ἀρχῆς
515 2359 815 2429 ἠκούσατε,
844 2362 900 2415 tv
935 2361 1064 2432 ὑμῖν
1093 2363 1304 2432 μενέτω
1322 2380 1335 2393 ⁸
1369 2365 1464 2417 ἐὰν
1504 2366 1561 2419 tv
1588 2366 1718 2436 ὑμῖν

162 2449 297 2521 μείνῃ
321 2449 349 2502 ὃ
377 2451 470 2503 ἀπ’
504 2452 687 2522 ἀρχῆς
716 2452 985 2522 ἠκούσατε
1011 2494 1027 2518 ,
1075 2455 1169 2509 καὶ
1206 2456 1364 2526 ὑμεῖς
1402 2458 1460 2510 tv
1490 2456 1568 2528 τῷ
1604 2457 1719 2529 Υἱῷ

162 2543 240 2594 καὶ
279 2544 332 2594 tv
378 2541 455 2613 τῷ
489 2543 672 2614 Πατρὶ
705 2548 939 2614 μενεῖτε.
977 2564 994 2596 ι
1025 2546 1137 2600 Καὶ
1178 2548 1232 2600 τί
1280 2549 1341 2600 τὸ
1382 2548 1475 2601 ἀπ’
1520 2550 1717 2621 ἀρχῆς,

160 2633 276 2704 ὅπερ
310 2635 442 2702 ἡμῖν
487 2633 871 2689 διακελεύεται
902 2638 1120 2707 μένειν,
1167 2640 1253 2691 ῖνα
1289 2640 1448 2709 ἡμεῖς
1480 2638 1631 2711 ὦμεν
1662 2644 1721 2695 tv

158 2722 288 2791 Θεῷ,
317 2722 477 2785 αύτδς
509 2725 652 2794 ἡμῖν
680 2724 832 2777 οὐδὲν
865 2720 1027 2796 ἦττον
1079 2730 1335 2796 σαφηνιεῖ
1376 2726 1551 2795 λέγων
1577 2770 1592 2793 ,
1639 2729 1720 2781 δτι

166 2833 180 2863 ι
212 2812 343 2883 Αὕτη
373 2814 522 2866 ἐστὶν
567 2815 600 2884 ὴ
628 2815 929 2883 ἐπαγγελία
951 2858 965 2881 ,
998 2817 1065 2887 ἢν
1094 2818 1365 2885 ⁴Ιλγκούσατε
1396 2819 1490 2871 ἀπ’
1522 2820 1718 2890 ἀρχῆς,

162 2908 237 2959 ῐνα
274 2906 519 2976 ἀγαπᾶτε
575 2905 857 2977 ἀλλήλους.
899 2927 917 2959 ι
964 2908 1206 2971 Ἀκούεις
1253 2910 1399 2972 ὅπως
1442 2911 1609 2981 ἐσμὲν
1665 2915 1722 2965 tv

160 2996 282 3067 Θεῷ,
308 2997 403 3069 τὴν
448 2996 681 3067 ἀγάπην
725 2997 964 3068 δηλονότι
994 2999 1093 3071 τὴν
1132 3001 1210 3063 εἰς
1240 2999 1502 3071 ἀλλήλους
1535 3004 1722 3073 ὲπιτη-

160 3091 398 3153 δεύοντες,
448 3093 551 3144 καὶ
582 3091 682 3163 τὴν
719 3090 813 3145 τοῦ
863 3093 1112 3163 Σωτῆρος
1163 3093 1467 3163 ίχνηλατεῖν
1497 3095 1719 3167 ἀρετὴν,

163 3184 265 3238 καθ’
292 3187 409 3240 ὅσον
440 3187 519 3239 ενι
543 3229 562 3251 ,
611 3187 1005 3252 σπουδάζοντες
1026 3203 1041 3218 ’
1095 3189 1296 3261 ἀρετὴν
1330 3189 1403 3255 δέ,
1436 3206 1609 3260 φημι,
1658 3189 1719 3241 οὐ
1747 3216 1792 3275 C

161 3280 248 3348 τὴν
274 3280 326 3331 tv
356 3278 430 3349 τῷ
472 3278 739 3333 δύνασθαι
789 3282 994 3345 κτίζειν
1045 3282 1311 3352 οὐρανοὺς
1352 3281 1385 3352 ἢ
1418 3284 1592 3334 ποιεῖν
1620 3284 1719 3349 ἀγ-

162 3369 330 3436 γέλους
354 3411 369 3433 ,
417 3371 449 3441 ἢ
481 3371 812 3444 καθιδρῦσαι
853 3373 957 3442 γῆν
980 3416 994 3437 ,
1038 3373 1071 3445 ἢ
1114 3374 1390 3428 θάλασσαν
1428 3372 1718 3441 ἑξαπλοῦν,

164 3461 269 3514 οὗτε
303 3461 400 3532 μὴν
431 3462 531 3533 τὴν
567 3464 625 3515 tv
666 3463 859 3534 ἐκείνῳ
883 3464 1005 3517 καθ’
1028 3462 1057 3515 δ
1086 3465 1311 3536 ἀρρήτῳ
1342 3466 1436 3519 καὶ
1468 3467 1720 3536 ἀπεριερ·

166 3555 329 3624 γάπῳ
348 3554 599 3620 δυνάμει,
629 3554 774 3625 λόγῳ
803 3555 923 3625 μὲν,
951 3557 1278 3626 πνευμάτων
1303 3556 1549 3627 ὲκοίμισε
1579 3557 1718 3625 βίας.

168 3643 379 3716 διανίστη
422 3646 477 3699 δὲ
511 3646 649 3708 τοὺς
694 3645 1059 3717 τεθνηκότας,
1114 3647 1283 3717 ἡγουν
1342 3650 1452 3710 τοῖς
1501 3646 1722 3714 τυφλοῖς

170 3736 423 3807 ἐχαρίζετο
464 3739 530 3791 τὸ
582 3737 840 3807 βλέπειν,
890 3738 921 3808 ἢ
978 3737 1056 3808 τῷ
1102 3738 1290 3810 λεπρῷ
1332 3738 1724 3810 καθαρίζεσθαι

173 3829 290 3897 μετά
315 3829 508 3901 πολλῆς
564 3848 710 3893 τινος
738 3832 837 3901 τῆς
865 3829 1115 3895 ἐξουσίας
1147 3831 1441 3884 ἐπέταττεν
1466 3847 1478 3861 ·
1511 3830 1726 3902 ἐκείνην

168 3919 216 3971 δὲ
244 3922 426 3989 μᾶλλον
451 3923 605 3993 ἢπερ
635 3921 700 3975 ἂν
729 3922 990 3993 άρμόττοι
1037 3925 1148 3985 τοῖς
1181 3924 1280 3992 τῆς
1308 3921 1725 3993 ἀνθρωπότητος

174 4013 386 4083 μέτροις.
430 4014 758 4088 Εύρήσομεν
813 4013 1010 4079 αὑτὸν,
1061 4013 1250 4083 ὥσπερ
1292 4009 1387 4069 οὖν
1433 4014 1461 4065 ό
1516 4014 1726 4079 Παῦλός

174 4121 315 4172 φησι,
355 4106 738 4178 λοιδορηθέντα
793 4108 892 4177 μὲν
941 4107 1094 4178 παρᾶ
1143 4106 1254 4160 τῶν
1296 4107 1526 4161 ἀνοσίων
1592 4108 1726 4160 Ἰου-

174 4195 315 4250 δαίων
339 4200 434 4252 οὑκ
460 4198 977 4270 ἀντιλοιδορήσαντα
1008 4199 1087 4265 δὲ,
1111 4198 1245 4253 ἀλλὰ
1292 4200 1569 4270 πάσχοντα
1602 4198 1723 4269 μὲν,

175 4290 257 4342 οὐκ
290 4290 658 4362 ἀπειλήσαντα
701 4292 779 4357 δὲ,
817 4292 1135 4362 παραδόντα
1175 4291 1229 4344 δὲ
1265 4290 1466 4360 μᾶλλον
1491 4290 1571 4362 τῷ
1610 4291 1730 4361 κρίο

177 4397 299 4434 νοντι
344 4381 592 4445 δικαίως.
649 4384 973 4453 Εύρήσομεν
1026 4383 1190 4436 αὑτὸν
1242 4382 1473 4451 λέγοντα
1526 4383 1726 4438 πάλινο

181 4486 198 4518 ι
224 4470 419 4525 Μάθετε
462 4473 563 4525 ἀπ’
602 4472 739 4541 ἐμοῦ
770 4473 851 4525 ὅτι
889 4473 1065 4543 πρᾶός
1098 4473 1213 4541 είμι
1248 4473 1342 4525 καὶ
1375 4472 1631 4535 ταπεινὸς
1658 4474 1726 4543 τῇ

1810 628 1987 696 ipsum
2016 628 2282 698 aequalem
2313 630 2589 694 ostendit,
2628 631 2762 686 adeo
2794 641 2849 685 ut
2885 634 3089 687 nullam
3124 636 3391 690 rationein

1802 712 1919 782 jam
1953 713 2151 769 habeat
2183 715 2273 768 illa
2304 716 2690 773 substantialis
2713 729 2765 773 et
2791 721 3058 776 naturalis
3082 722 3387 787 distinctio,

1810 806 1853 857 si
1879 805 2185 873 aequalibus
2209 805 2368 862 factis
2394 807 2508 877 ipse
2531 816 2587 863 ct
2609 806 2769 864 Pater
2795 812 3124 881 glorientur.
3148 812 3388 869 Observa

1810 895 1953 949 enim
1973 906 2152 950 utnon
2168 896 2220 950 in
2236 897 2322 953 his
2340 914 2461 966 nos,
2484 899 2578 955 sed
2595 901 2717 955 aliis
2734 903 3062 971 quibusdam
3081 904 3392 958 conforrna-

1808 986 2014 1041 tionem
2038 988 2107 1042 ad
2132 987 2300 1044 Deum
2330 990 2600 1057 colentes,
2628 994 2890 1049 societate
2922 1011 3047 1050 cum
3076 996 3198 1066 ipso
3220 997 3394 1051 done-

1810 1092 1953 1130 mur.
1982 1078 2087 1131 Alii
2116 1080 2258 1132 enim
2280 1080 2425 1134 alios
2455 1081 2815 1146 miserantes,
2848 1096 2901 1139 et
2932 1085 3223 1141 charitatis
3261 1100 3391 1155 ope—

1812 1168 1972 1223 ribus
2002 1170 2287 1225 mordicus
2318 1171 2674 1239 inhaerentes,
2704 1191 3032 1245 omncmque
3068 1178 3118 1231 in
3148 1176 3250 1231 hac
3276 1179 3393 1232 vita

1812 1254 2149 1311 honestatem
2173 1266 2227 1312 et
2248 1260 2573 1328 gravitatem
2606 1263 2867 1325 colentes,
2890 1274 3019 1319 tunc
3042 1274 3192 1320 certe
3220 1267 3309 1321 vix
3336 1268 3390 1322 in

1814 1347 1925 1403 Deo
1957 1364 2082 1405 esse
2115 1350 2375 1407 dicimur.
2416 1352 2590 1424 Cujus
2626 1356 2702 1408 rei
2741 1356 2899 1410 testis
2926 1366 3010 1412 est
3034 1356 3274 1413 Joannes
3303 1360 3393 1415 di-

1812 1454 1978 1495 cens:
2000 1459 2018 1493 ι
2044 1440 2098 1495 ln
2131 1442 2231 1497 hoc
2260 1444 2467 1500 scimus
2494 1445 2621 1515 quia
2652 1446 2706 1498 in
2738 1446 2857 1516 ipso
2883 1462 3098 1502 sumus.
3124 1449 3226 1514 Qui
3258 1450 3395 1503 diclt

1813 1548 1873 1587 se
1907 1534 1960 1587 in
1997 1534 2118 1603 ipso
2152 1552 2369 1591 manere
2393 1578 2408 1601 ,
2447 1536 2608 1592 debet
2630 1579 2643 1600 ,
2676 1538 2819 1594 sicut
2850 1541 2939 1594 ille
2969 1541 3309 1606 ambulavit,
3340 1552 3396 1598 et

1813 1623 1928 1694 ipse
1964 1625 2247 1681 ambulare
2277 1629 2376 1681 η.»
2423 1628 2487 1682 Et
2527 1645 2720 1686 rursus
2748 1648 2761 1681 :
2793 1650 2812 1682 ‹
2844 1630 2973 1691 Vos.
3002 1632 3215 1700 inquit,
3245 1632 3395 1704 quod

1815 1713 2049 1770 audistis
2080 1716 2148 1771 ab
2177 1717 2333 1771 initio
2356 1758 2368 1779 ,
2407 1718 2461 1772 in
2493 1719 2649 1773 vobis
2682 1730 3019 1789 permaneat.
3066 1721 3120 1776 Si
3153 1723 3204 1775 in
3241 1723 3397 1780 vobis

1817 1809 2182 1874 permanserit
2217 1809 2361 1879 quod
2399 1809 2634 1866 audistis
2666 1812 2733 1865 ab
2765 1812 2924 1866 initio
2947 1853 2961 1876 ,
2994 1821 3049 1866 et
3080 1829 3177 1869 vos
3210 1814 3264 1867 in
3300 1813 3397 1867 Fi-

1747 1882 1789 1937 Β
1818 1897 1891 1950 lio
1922 1906 1974 1951 et
1994 1896 2165 1953 Patre
2192 1900 2491 1957 manebitis
2521 1900 2588 1957 ".
2624 1922 2642 1953 ι
2670 1902 2734 1956 Ει
2764 1904 2893 1973 quid
2928 1906 2998 1959 sit
3027 1905 3160 1959 illud
3192 1906 3260 1960 ab
3288 1907 3394 1961 ini.

1818 1989 1897 2044 tio
1918 2031 1932 2051 .
1964 1990 2111 2059 quod
2142 1991 2195 2044 in
2226 1991 2386 2046 nobis
2420 2009 2643 2049 manere
2675 1995 2920 2065 jubetur,
2969 2007 3027 2050 ιιι
3074 2013 3175 2052 ιιοε
3221 2000 3399 2054 simul

1818 2082 1874 2135 in
1912 2082 2053 2148 Deo,
2088 2083 2203 2153 ipse
2254 2085 2415 2139 nobis
2442 2086 2803 2143 nihilosecius
2833 2087 3136 2143 declarabit
3164 2089 3396 2147 dicens:

1824 2190 1842 2221 ε
1876 2168 1990 2224 Hoc
2033 2182 2119 2226 est
2171 2173 2526 2236 mandatum,
2585 2175 2732 2243 quod
2791 2176 3030 2233 audistis
3084 2178 3152 2233 ab
3204 2179 3397 2243 initio,

1816 2261 1983 2331 800
2015 2270 2074 2315 ut
2101 2262 2348 2333 diligatis
2381 2264 2620 2321 invicem
2656 2267 2721 2321 ³⁰.
2754 2286 2772 2320 ι
2803 2268 2977 2325 Audis
3008 2270 3290 2340 quomodo
3325 2270 3401 2327 si-

1821 2369 1944 2409 mus
1981 2354 2036 2408 in
2078 2354 2224 2419 Deo,
2259 2357 2584 2414 charitatem
2627 2358 2888 2417 videlicet
2932 2364 3165 2419 invicem
3214 2364 3402 2420 colen-

1822 2456 1939 2508 tes,
1976 2454 2029 2500 et
2062 2445 2372 2505 Servatoris
2415 2451 2715 2516 virtutem,
2756 2453 2941 2524 quoad
2983 2455 3145 2520 licet,
3195 2456 3400 2511 sectari

1821 2546 2124 2604 conantes,
2158 2541 2421 2595 virtutem
2456 2542 2584 2597 dico
2607 2582 2620 2605 ,
2657 2560 2764 2599 non
2810 2545 2961 2598 illam
3005 2546 3272 2599 caelorum
3309 2556 3404 2600 aut

1822 2631 2143 2699 angelorum
2176 2633 2501 2687 creatricem
2526 2672 2540 2695 ,
2578 2649 2688 2687 non
2723 2649 2829 2703 qua
2866 2642 3069 2689 terram
3111 2635 3361 2691 ftiiidavit
3384 2676 3398 2699 ,

1824 2729 1919 2773 aut
1953 2736 2103 2776 mare
2131 2722 2411 2789 extendit,
2455 2739 2555 2777 nec
2589 2740 2708 2779 eam
2745 2740 2853 2795 qua
2900 2726 3161 2781 ineﬂ‘abili
3211 2736 3267 2783 et
3314 2727 3401 2781 in-

1824 2813 2111 2867 scrutabili
2144 2822 2431 2883 potestate,
2466 2815 2633 2870 verbo
2678 2817 2929 2886 quidem,
2969 2826 3259 2872 ventorum
3292 2819 3401 2873 vim

1824 2902 2070 2966 sedavit,
2109 2911 2203 2956 aut
2235 2911 2484 2958 mortuos
2516 2905 2814 2972 excitavit,
2868 2916 2961 2960 aut
3006 2909 3170 2964 caecis
3222 2908 3401 2964 visum

1824 2992 2103 3057 restituit,
2142 3000 2237 3046 aut
2274 2993 2552 3063 leprosum
2590 2998 2841 3051 mundari
2874 2997 3085 3065 jussit;
3122 3002 3215 3055 sed
3254 3000 3405 3054 illam

1826 3083 2013 3151 potius
2048 3098 2169 3153 quae
2204 3083 2566 3141 humanitatis
2600 3087 2904 3142 conditioni
2938 3090 3218 3161 congruit.
3254 3090 3407 3144 inve-

1826 3173 2041 3228 niemus
2069 3188 2225 3238 eum,
2255 3175 2717 3243 quemadmodum
2744 3176 2947 3234 Paulus
2977 3179 3053 3232 ait
3077 3180 3145 3211 ³ο·
3166 3222 3181 3246 ,
3210 3179 3278 3233 ab
3305 3180 3406 3234 im-

1832 3266 1937 3337 piis
1959 3267 2180 3337 quidem
2215 3266 2419 3324 Judazis
2453 3271 2717 3326 conviciis
2742 3273 2998 3341 petitum,
3034 3260 3127 3329 sed
3164 3290 3272 3329 non
3311 3291 3407 3330 re-

1832 3360 2245 3416 maledicentem
2270 3400 2284 3424 ,
2314 3370 2369 3415 et
2396 3362 2690 3431 patientem
2723 3372 2776 3417 at
2804 3380 2913 3419 non
2948 3367 3273 3432 minantem,
3310 3366 3407 3421 scd

1835 3452 2142 3507 tradentem
2176 3455 2356 3521 potius
2381 3455 2533 3524 juste
2579 3455 2872 3525 judicanti.
2911 3457 3256 3513 Inveniemus
3281 3474 3404 3514 cum

1834 3554 2031 3595 rursus
2083 3542 2398 3597 dicentem:
2437 3562 2455 3593 ι
2484 3542 2692 3600 Discite
2726 3560 2754 3598 a
2790 3561 2877 3600 me
2910 3547 3039 3615 quia
3085 3548 3234 3603 mitis
3286 3563 3407 3603 sum

1831 3640 1885 3685 et
1912 3632 2139 3687 humilis
2166 3634 2364 3697 corde,
2398 3645 2452 3688 et
2482 3635 2779 3691 invenietis
2823 3637 3068 3706 requiem
3115 3638 3409 3695 animabus

1828 3726 2035 3778 vestris
2064 3726 2130 3778 ³¹.
2163 3744 2182 3778 ι
2209 3724 2377 3795 Igitur
2410 3735 2490 3779 tot
2520 3728 2801 3797 praeclaris
2835 3729 3096 3798 operibus
3126 3730 3409 3785 Christum

1829 3818 2012 3872 omnis
2040 3818 2200 3873 nobis
2234 3820 2460 3875 virtutis
2490 3821 2686 3875 ducem
2736 3822 2938 3876 imitari
2993 3822 3309 3887 studentes,
3355 3830 3411 3877 et

1831 3910 1887 3964 in
1916 3907 2079 3963 Patre
2109 3916 2163 3963 et
2191 3909 2245 3963 in
2280 3910 2404 3979 ipso
2432 3925 2652 3965 manere
2698 3910 2957 3976 dicimur,
2987 3912 3267 3980 praemium
3296 3914 3409 3967 vel-

1836 4000 1915 4052 uti
1945 3997 2223 4067 quoddam
2256 4014 2323 4053 ac
2350 3999 2775 4054 retributionem
2813 4000 3121 4056 honeStatis
3153 4001 3288 4056 illud
3321 4016 3411 4056 re-

1834 4097 2145 4160 portantes.
2184 4088 2360 4146 Filius
2387 4097 2568 4145 autem
2594 4131 2609 4157 ,
2638 4105 2748 4144 non
2778 4091 2999 4161 quidem
3032 4106 3097 4147 ex
3132 4090 3221 4148 his
3252 4106 3409 4146 suam

1833 4182 2069 4251 probare
2100 4184 2217 4236 vult
2249 4183 2596 4245 claritatem,
2644 4183 2740 4237 sed
2793 4183 3187 4236 miraculorum
3240 4183 3413 4253 maje-

1834 4280 2031 4327 statem
2061 4288 2168 4343 qua
2198 4275 2315 4329 lieri
2348 4281 2529 4344 potest
2552 4273 2782 4328 solertia
2822 4273 3189 4339 attendentes,
3226 4276 3412 4331 consi-

1834 4365 2032 4421 derare
2057 4366 2215 4435 jubet
2247 4368 2397 4421 nulla
2428 4383 2492 4421 ex
2526 4376 2681 4437 parte
2724 4367 3032 4422 variantem
3075 4383 3238 4437 quam
3281 4383 3411 4423 cum

1837 4474 1941 4513 suo
1974 4459 2137 4515 Patre
2170 4460 2335 4515 habet
2365 4459 2790 4515 similitudinem
2811 4501 2825 4522 ,
2858 4470 3022 4531 atque
3067 4462 3141 4516 ita
3189 4462 3415 4517 credere

179 4559 370 4629 καρδία,
394 4563 485 4615 καὶ
508 4563 774 4633 εὑρήσετε
805 4564 1110 4616 ἀνάπαυσιν
1138 4564 1257 4625 ταῖς
1281 4562 1479 4631 ψυχαῖς
1502 4561 1675 4631 ὑμῶν.
1707 4580 1722 4613 ι

1837 4552 2056 4609 demum
2088 4552 2232 4622 quod
2266 4568 2389 4606 cum
2441 4553 2513 4607 sit
2562 4553 3087 4617 consubstantialis,
3148 4553 3312 4607 habet
3358 4554 3413 4608 in

181 4651 362 4703 Οὐκοῦν
404 4653 490 4706 διὰ
528 4654 631 4725 μὲν
672 4654 783 4706 τῶν
822 4655 1094 4708 τοσούτων
1148 4654 1593 4723 κατορθωμάτων
1641 4672 1731 4725 μι-

184 4740 373 4804 μεῖσθαι
435 4743 830 4807 σπουδάζοντες
886 4744 979 4797 τδν
1037 4744 1257 4814 ἀπάσης
1330 4746 1462 4813 ἡμῖν
1528 4745 1731 4816 ἀρετῆς

183 4831 400 4900 ἡγεμόνα
434 4834 690 4904 Χριστὸν,
726 4833 781 4886 tv
806 4850 863 4885 τε
891 4833 967 4904 τῷ
1003 4836 1179 4904 Πατρὶ
1221 4835 1316 4888 καὶ
1352 4836 1410 4886 tv
1458 4834 1607 4905 αὐτῷ
1636 4836 1731 4906 μέ·-

185 4937 276 4973 νειν
309 4923 595 4995 λεγόμεθα,
626 4925 794 4993 γέρας
826 4925 1015 4995 ὥσπερ
1049 4926 1139 4978 καὶ
1164 4926 1510 4995 ἀντιμισθίαν
1540 4930 1639 4997 τῆς
1672 4929 1731 4980 tv

187 5008 269 5079 βὲῳ
317 5015 639 5086 σεμνότητος
682 5015 741 5068 τὸ
788 5017 1023 5085 πρᾶγμα
1086 5015 1481 5086 κερδαίνοντες.
1545 5017 1605 5069 '0
1674 5017 1731 5071 δὲ

187 5100 293 5167 Υίδς
315 5106 407 5159 οὐκ
438 5109 501 5160 ὲκ
526 5108 734 5161 τούτων
757 5109 903 5177 ἡμᾶς
927 5107 1024 5178 τὴν
1051 5106 1275 5161 ἐνοῦσαν
1308 5107 1457 5177 αύτῷ
1486 5108 1732 5179 λαμπρός

184 5209 301 5263 τητα
339 5198 649 5270 δοκιμάζειν
693 5199 972 5269 βούλεται,
1025 5204 1089 5271 τῇ
1145 5201 1201 5253 δὲ
1251 5200 1361 5253 τῶν
1411 5199 1733 5272 παραδόξων

190 5288 536 5359 μεγαλειότητι
562 5293 698 5361 μετὰ
726 5294 821 5362 τῆς
856 5292 1077 5361 ἐνούσης
1114 5292 1394 5360 ἀγχινοίας
1424 5310 1730 5364 προσεσχη-

188 5377 326 5442 κότας
357 5383 772 5437 διασκέπτεσθαι
819 5385 929 5437 δεῖν
962 5384 1242 5437 ἐπιτάττει
1282 5386 1380 5455 τὴν
1411 5386 1733 5453 ἀπαράλλαο

189 5485 294 5523 κτον
314 5474 601 5545 ἐμφέρειαν
624 5476 690 5547 ἢν
711 5476 821 5544 ἔχει
850 5476 984 5546 πρὸς
1015 5476 1103 5527 τὸν
1139 5476 1355 5546 Πατέρα
1390 5476 1480 5529 τὸν
1512 5476 1732 5542 ἑαυτοῦ,

190 5563 437 5617 πιστεύειν
471 5584 529 5619 τε
561 5567 701 5620 οὕτω
739 5568 925 5620 λοιπὸν
968 5568 1043 5630 ὡς
1070 5569 1303 5638 ἐπείπερ
1347 5569 1494 5621 ἐστὶν
1536 5570 1734 5639 όμοού-

192 5663 308 5713 σιος.
348 5653 457 5723 ἔχει
490 5655 587 5725 μὲν
624 5659 679 5709 tv
706 5656 883 5727 ἑαυτῷ
920 5657 1009 5710 τὸν
1038 5660 1397 5728 γεννήσαντα,
1439 5660 1734 5730 ἐνυπάρχει.

1838 4644 2023 4715 seipse
2049 4642 2383 4709 Genitorem,
2417 4654 2470 4700 et
2502 4648 2619 4715 ipse
2662 4648 2715 4700 in
2768 4662 2832 4701 eo
2878 4655 2985 4700 est.
3040 4646 3259 4715 Alioqui
3307 4648 3410 4700 do-

1838 4747 1999 4790 ceant
2027 4736 2209 4791 obiter
2241 4737 2542 4791 adversarii
2579 4738 2788 4807 pi'wmii
2822 4738 2974 4802 loco,
3011 4737 3172 4790 sicuti
3216 4736 3410 4803 nobis,

1840 4828 1895 4884 id
1926 4828 1977 4882 ci
2009 4843 2229 4899 quoque
2260 4844 2419 4891 esse,
2465 4839 2519 4884 et
2572 4829 2952 4885 retributionis
3005 4830 3130 4885 vitm
3175 4842 3415 4899 evange-

1841 4919 1994 4981 licae,
2032 4919 2176 4990 quod
2229 4919 2284 4973 in
2332 4918 2495 4973 Patre
2538 4919 2883 4988 intelligitur.
2930 4917 3036 4973 Sed
3092 4918 3415 4988 neutiquam

1840 5010 1987 5066 istud
2018 5011 2099 5066 eis
2130 5026 2297 5081 grave
2323 5011 2458 5073 erit,
2491 5014 2712 5079 opinor.
2744 5010 2959 5075 Quibus
2988 5010 3133 5063 enim
3170 5012 3394 5080 petulan

1838 5104 1931 5159 tite
1957 5106 2171 5158 nullum
2200 5120 2370 5173 genus
2399 5113 2483 5158 est
2513 5103 2878 5167 intentatum,
2903 5101 3162 5171 quidnam
3194 5101 3415 5157 absurdi

1839 5198 2110 5251 intactum
2154 5196 2523 5267 reliquerint?
2557 5194 2983 5265 Respomlebunt
3008 5211 3160 5266 ergo,
3211 5207 3267 5250 ut
3295 5211 3419 5251 crc-

1840 5291 2006 5345 dibile
2030 5300 2115 5346 est
2133 5332 2148 5355 ,
2172 5289 2374 5344 Filium
2405 5289 2612 5343 ideirco
2637 5289 2689 5341 in
2718 5288 2878 5344 Patre
2903 5304 3047 5352 esse,
3073 5297 3126 5344 et
3152 5288 3204 5342 in
3233 5289 3417 5358 selpso

1842 5400 2040 5438 rursus
2076 5383 2283 5438 habere
2314 5382 2566 5447 Patrem,
2599 5384 2727 5452 quia
2778 5384 3077 5439 virtutibus
3125 5398 3263 5453 quas
3314 5383 3417 5451 ipsi

1842 5491 2062 5547 quoque
2090 5476 2461 5546 asscquimur,
2483 5474 2551 5527 ad
2583 5489 2705 5529 eum
2738 5475 3133 5529 conformatur.
3158 5475 3224 5527 At
3251 5474 3416 5542 quid-

1842 5570 1897 5623 ni
1929 5582 2124 5623 rursus
2145 5607 2159 5631 ,
2191 5567 2416 5635 inquam
2441 5606 2455 5629 ,
2497 5584 2530 5621 ο
2584 5565 2744 5629 boni,
2776 5580 2900 5620 cum
2947 5565 3236 5634 Philippus
3267 5564 3415 5618 dicc—

1843 5668 1924 5716 ret
1975 5678 1989 5715 :
2044 5678 2059 5710 ι
2094 5657 2320 5712 Domine
2344 5698 2356 5721 ,
2390 5653 2622 5713 ostende
2657 5657 2818 5712 nobis
2860 5656 3111 5721 Patrem,
3146 5676 3161 5707 ι
3192 5662 3418 5711 sanctos

261 5832 299 5861 "
334 5830 528 5891 lJoan.
562 5853 619 5905 ιι,
653 5840 705 5906 5,
738 5840 788 5893 6.
870 5842 913 5873 ³⁹
958 5839 1090 5895 ibid.
1122 5840 1210 5894 Ἡ.
1294 5842 1335 5872 ³⁸
1379 5839 1405 5892 ι
1434 5840 1590 5896 Joan.
1632 5857 1713 5910 ιιι,

1828 5881 1840 5894 .
1924 5841 1987 5871 ³⁰⁸
2017 5838 2037 5893 i
2066 5837 2215 5897 Petr.
2249 5855 2321 5905 ιι,
2354 5839 2441 5893 25.
2522 5838 2559 5868 ³¹
2604 5835 2793 5893 Matth.
2828 5849 2904 5902 ιι,
2934 5834 3021 5894 i9.
