4096 6482
208 402 330 457 245

1282 392 1346 448 IN
1386 393 1673 451 JOANNIS
1711 389 2164 448 EVANGELIUM
2206 389 2337 445 LIB.
2377 388 2466 443 ιχ.

3376 378 3479 438 2l6

199 515 457 584 πρέπειν,
506 512 566 564 τὸ
596 509 729 564 πολῦ
759 509 851 562 τοῦ
896 509 1054 576 λόγου
1090 510 1533 579 περιστείλαντες
1568 509 1741 579 μῆκος
1770 521 1786 538 ⁸

1893 506 2350 575 explanabimus:
2388 506 2496 559 erit
2527 501 2677 558 enim
2705 500 2795 557 hic
2826 500 2982 555 locus
3007 500 3114 555 isto
3142 488 3304 554 modo
3334 499 3480 553 mul-

194 603 287 674 εῐη
328 601 430 671 γὰρ
460 599 523 653 ἂν
556 599 698 653 οὕτω
732 600 966 670 μάλιστα
999 602 1111 663 τοῖς
1142 600 1357 663 πολλοῖς
1385 601 1791 672 εύπαράδεκτον

193 694 261 745 τὸ
303 691 584 761 θεώρημα.
640 689 937 756 Ἐπιδεῖξαι
972 689 1261 761 τοιγαροῦν
1304 690 1566 761 ἐθελήσας
1601 691 1676 753 ὠς
1706 691 1790 761 εἴη

200 786 308 855 μὲν
354 783 635 855 ὀμοούσιος
668 782 745 853 τῷ
792 784 905 853 ἰδίῳ
936 783 1227 855 Γεννήτορι
1267 784 1360 836 καὶ
1394 786 1476 837 ὅτι
1507 785 1793 855 χαρακτήρ

196 879 352 931 ἐστιν
406 876 592 938 αὑτοῦ,
648 874 983 947 φορούμενος
1035 874 1133 945 μὲν
1168 874 1242 938 ὡς
1284 876 1342 927 ὲν
1391 874 1685 946 ἀρχετύπῳ
1714 874 1793 946 τῷ

196 969 403 1038 Ila-:91,
452 966 592 1037 ἔχων
636 984 699 1035 γε
753 967 859 1037 μὴν
906 968 965 1019 ἐν
1016 966 1196 1036 ἐαυτῷ
1241 968 1300 1019 τὸ
1342 967 1672 1038 ἀρχέτυπον,
1717 968 1794 1031 ὼς

196 1060 491 1130 χαρακτὴρ
514 1057 758 1127 φυσικῶς
786 1075 844 1110 τε
871 1058 961 1110 καὶ
981 1056 1273 1119 ούσιωδῶς,
1301 1058 1396 1109 καὶ
1416 1057 1477 1109 ού
1504 1055 1647 1110 κατὰ
1673 1072 1795 1110 τινα

198 1150 587 1220 σχηματισμὸν
630 1148 721 1202 τὸν
767 1151 823 1201 ὲν
853 1147 1141 1201 διαπλάσει
1167 1146 1457 1217 νοούμενον
1509 1147 1658 1219 (ἄνω
1684 1146 1792 1218 γὰρ

198 1239 505 1308 σχημάτων
548 1238 609 1291 τὸ
648 1239 828 1302 Θεῖον,
882 1239 1003 1291 ἐπεὶ
1033 1240 1126 1291 καὶ
1158 1237 1509 1309 ἀσώματον),
1564 1258 1581 1288 ι
1626 1238 1790 1307 Ἐγὼ,

196 1331 390 1399 φησὶν,
418 1334 476 1383 ἐν
504 1330 580 1401 τῷ
605 1330 802 1400 Πατρὶ,
843 1332 936 1383 καὶ
965 1331 993 1382 6
1021 1329 1211 1401 Πατὴρ
1245 1330 1300 1383 δὲ
1328 1332 1384 1382 ὲν
1412 1330 1535 1400 ἐμοί
1567 1334 1733 1383 ἐστιν.
1769 1349 1787 1381 ι

208 1420 358 1474 Ἀλλ’
406 1423 491 1474 ἵνα
532 1422 632 1492 τῆς
678 1422 974 1491 ἐμφερείας
1021 1422 1119 1491 τὴν
1166 1420 1385 1491 ίσότητα
1434 1422 1610 1475 καὶτὸ
1656 1422 1792 1493 σύμ-

198 1532 416 1585 μορφον
444 1515 883 1586 ἀπαραλλάκτως
915 1517 990 1586 μὴ
1018 1516 1142 1568 καθ’
1172 1516 1361 1586 ἔτερόν
1386 1534 1508 1568 τινα
1541 1515 1792 1584 ζητῶμεν

192 1604 407 1672 τρόπον
434 1605 465 1676 ἢ
502 1607 565 1658 ἐκ
603 1605 779 1675 μόνων
810 1604 919 1658 τῶν
946 1608 1012 1675 τῇ
1043 1606 1203 1673 φύσει
1232 1604 1545 1675 προσόντων
1576 1604 1794 1659 πλεονε-

196 1695 503 1762 κτημάτων
549 1693 844 1757 (ὲντεῦθεν
874 1694 984 1765 γὰρ
1025 1690 1092 1765 ἦν
1138 1694 1370 1765 οὑσιώδη
1416 1695 1511 1747 καὶ
1557 1694 1793 1764 φυσικὴν

194 1785 333 1856 ὸρᾷν
368 1785 467 1855 τὴν
495 1785 811 1857 ὁμοίωσιν),
872 1806 888 1836 ι
920 1786 982 1839 Et
1034 1786 1090 1839 δὲ
1145 1785 1240 1856 μὴ,
1292 1786 1490 1856 φησὶν,
1543 1785 1651 1839 ἀπὸ
1683 1786 1792 1839 τῶν

1898 598 1967 652 tis
2012 606 2174 667 captu
2224 596 2421 651 facilis.
2460 594 2664 650 Volens
2698 594 2868 665 igitur
2912 593 3206 648 ostendere
3255 606 3316 646 se
3358 605 3482 645 esse

1895 689 2117 761 quidem
2152 706 2253 745 suo
2279 688 2426 743 Patri
2458 687 2988 744 consubstantialem
3022 685 3260 755 ejusque
3287 684 3482 739 chara-

1895 794 2131 847 cterem,
2171 782 2264 851 qui
2304 782 2359 837 in
2391 780 2553 836 Patre
2582 790 2842 851 tanquam
2878 781 2934 834 in
2964 778 3267 849 archetypo
3302 776 3481 830 conti-

1897 884 2131 939 neatur,
2173 872 2370 928 habeat
2420 882 2606 929 tamen
2658 874 2713 927 in
2766 874 2947 942 seipso
2979 870 3378 941 archetypum,
3422 875 3481 921 ut

1896 968 2185 1023 character
2234 976 2434 1021 natura
2490 974 2653 1036 atque
2712 965 3066 1032 substantia,
3124 980 3241 1019 non
3294 970 3477 1017 autem

1898 1056 2072 1113 forma
2124 1075 2188 1114 ac
2240 1058 2413 1127 figura
2449 1058 2700 1130 (ﬁguras
2746 1059 2892 1114 enim
2943 1057 3087 1113 Deus
3138 1071 3247 1111 non
3296 1054 3477 1125 capit,

1895 1164 2019 1203 cum
2057 1149 2127 1204 sit
2161 1150 2604 1220 incorporeus),
2646 1169 2664 1201 ι
2704 1149 2838 1221 Ego,
2869 1150 3077 1217 inquit,
3109 1147 3163 1202 in
3194 1145 3391 1209 Patre,
3428 1155 3481 1201 et

1896 1240 2055 1297 Pater
2102 1242 2158 1297 in
2209 1257 2293 1296 me
2333 1251 2437 1297 est.
2474 1261 2491 1291 ι
2535 1242 2638 1297 Sed
2688 1250 2747 1295 ut
2779 1241 3163 1297 similitudinis
3198 1240 3480 1310 aequalita-

1898 1340 2004 1387 tem
2049 1341 2102 1386 et
2136 1332 2580 1387 conformitatem
2635 1349 2729 1403 per
2762 1332 2949 1387 omnia
2986 1333 3222 1387 similem
3260 1331 3481 1387 aliunde

1896 1440 2010 1479 non
2043 1440 2354 1494 quaeramus
2384 1440 2549 1495 quam
2599 1441 2664 1479 ex
2697 1425 2828 1480 solis
2863 1433 3075 1478 natura:
3106 1423 3479 1494 praerogativis

1897 1516 2068 1582 (hinc
2117 1517 2261 1572 enim
2304 1516 2729 1571 substantialcm
2783 1526 2836 1571 et
2890 1516 3199 1570 naturalem
3252 1530 3480 1569 cernere

1898 1606 2020 1660 licet
2053 1605 2477 1660 similitudinem
2507 1611 2555 1671 ),
2594 1627 2612 1657 ‹
2642 1606 2884 1676 Alioqui,
2924 1607 3023 1668 ait.
3058 1614 3283 1676 propter
3314 1620 3478 1675 opera

1896 1698 2127 1752 credite.
2170 1718 2187 1748 ι
2225 1696 2392 1753 Recte
2423 1700 2625 1768 quippe
2660 1700 3012 1753 existimabat
3046 1698 3193 1768 quod
3221 1739 3234 1760 ,
3276 1698 3320 1752 si
3356 1698 3480 1766 quis

1898 1805 1957 1843 se
1991 1790 2293 1859 aequalibus
2322 1806 2447 1844 cum
2497 1790 2606 1845 Deo
2652 1807 2715 1845 ac
2752 1790 2915 1845 Patre
2959 1791 3221 1859 operibus
3256 1790 3479 1858 conspi-

196 1874 383 1946 ἔργων
432 1875 740 1929 πιστεύετε.
774 1897 791 1926 ο
842 1878 1002 1947 ᾯετο
1045 1879 1153 1948 γὰρ
1202 1878 1265 1948 δὴ
1309 1878 1430 1930 λίαν
1472 1877 1650 1945 ὀρθῶς
1696 1879 1790 1941 ὡς,

1897 1895 2059 1933 cuum
2098 1884 2383 1949 spcctarit,
2413 1897 2512 1952 pro
2542 1882 2779 1936 naturali
2810 1883 3132 1936 charactere
3158 1894 3211 1936 et
3244 1882 3479 1950 imagine

196 1969 359 2040 εἴπερ
385 1972 523 2033 ὅλως
547 1970 802 2023 θεάσαιτό
831 1986 915 2031 τις
942 1970 1107 2022 αὑτὸν
1141 1972 1252 2033 τοῖς
1284 1970 1418 2031 ἴσοις
1443 1969 1794 2039 ἐκλάμποντα

199 2062 596 2132 κατορθώμασι
634 2062 707 2132 τῷ
741 2062 859 2133 Θεῷ
893 2062 988 2115 καὶ
1020 2062 1216 2130 Πατρὶ,
1256 2064 1334 2126 είς
1371 2061 1597 2130 φυσικὸν
1626 2062 1793 2127 ὄντως

200 2153 577 2223 παραδέξαιτο
613 2154 937 2225 χαρακτῆρα
970 2154 1065 2206 καὶ
1100 2154 1286 2207 εἰκόνα
1329 2154 1431 2221 τῆς
1472 2154 1659 2218 οὐσίας
1693 2156 1793 2207 αύ-

198 2244 291 2297 τοῦ
319 2261 331 2273 ⁸
398 2244 457 2297 οὐ
494 2244 601 2315 γὰρ
631 2246 695 2297 ἄν
748 2261 877 2297 ποτε
909 2244 1103 2315 δράσαι
1149 2243 1217 2296 τὰ
1250 2243 1339 2296 ἴσα
1372 2243 1447 2313 τῷ
1472 2242 1590 2314 Θεῷ
1618 2243 1677 2297 τὸ
1717 2244 1791 2314 μὴ

198 2336 261 2387 ὲκ
308 2334 451 2388 Θεοῦ
500 2336 639 2388 κατὰ
686 2334 866 2404 φύσιν,
916 2335 1029 2388 ἀλλ’
1064 2335 1172 2387 οὐδ’
1206 2335 1271 2388 ἂν
1304 2334 1655 2405 προσγένοιτό
1686 2353 1789 2388 τινι

199 2426 305 2478 τῶν
336 2426 588 2495 γενητῶν
619 2425 679 2477 τὸ
720 2426 777 2477 ἐν
826 2424 924 2495 ἴσῳ
960 2426 1146 2496 μέτρῳ
1174 2428 1240 2495 τῇ
1277 2426 1396 2497 θείᾳ
1436 2426 1597 2496 φύσει
1630 2444 1790 2498 τερα-

202 2520 456 2587 τουργεῖν
502 2518 761 2571 δύνασθαί
800 2535 953 2575 ποτε,
995 2518 1207 2572 ’Λδατα
1243 2520 1351 2589 γὰρ
1397 2521 1491 2573 καὶ
1537 2520 1793 2589 ἀνέπαφα

202 2608 493 2672 παντελῶς
518 2611 631 2672 τοῖς
664 2607 722 2673 ἐξ
741 2610 838 2661 ούκ
866 2609 1033 2661 ὄντων
1064 2610 1143 2673 είς
1175 2611 1235 2663 τὸ
1262 2606 1401 2663 εἶναι
1436 2610 1793 2681 κεκλημένοις

200 2701 263 2753 τὲ
296 2699 404 2752 τοῦ
437 2700 523 2753 ἀεὶ
556 2700 707 2765 ὄντος
742 2704 887 2766 ἰδίως
921 2702 1103 2770 ἀγαθά
1130 2721 1141 2733 ·
1194 2704 1288 2755 καὶ
1322 2704 1403 2755 ὅτι
1440 2703 1538 2771 μὲν
1589 2704 1795 2755 ἀλοιδό-

198 2809 367 2862 ρητος
424 2792 700 2857 παντελῶς
746 2795 899 2865 παρά
950 2812 1013 2862 γε
1047 2797 1158 2857 τοῖς
1201 2790 1259 2846 εὖ
1310 2794 1598 2865 φρονοῦσιν
1642 2797 1671 2848 6
1701 2796 1791 2849 τοῦ

198 2884 459 2954 Σωτῆρος
486 2883 636 2937 ἔσται
666 2884 844 2954 λόγος,
888 2885 1188 2956 οὐδαμόθεν
1222 2886 1515 2939 ὲνδοιάσειν
1548 2887 1695 2951 εἰκὸς
1724 2884 1792 2959 ἦν

191 2990 370 3037 τινας·
398 2975 615 3029 ἔσεσθαί
644 2994 706 3045 γε
731 2977 836 3047 μὴν
866 2980 977 3037 τοῖς
1007 2978 1264 3031 τάναντία
1284 2978 1594 3045 δοξάζουσιν
1611 2981 1793 3049 ἑτερο-

192 3066 548 3132 διδασκαλίας
596 3070 849 3140 ἀφορμὴν
886 3070 977 3123 καὶ
1026 3070 1297 3141 πρόφασιν
1358 3072 1451 3124 καὶ
1489 3072 1550 3123 τὸ
1612 3072 1793 3136 καλῶς

194 3159 517 3228 εἰρημένον.
552 3161 650 3213 οὐκ
682 3161 971 3231 ἠγνόησεν,
1019 3162 1093 3225 ὠς
1127 3162 1278 3225 Θεός.
1330 3165 1447 3216 Ἵνα
1494 3163 1674 3218 τοίνυν
1713 3166 1786 3237 μὴ
1817 3209 1859 3266 C

194 3253 304 3312 τοῖς
338 3251 416 3303 τὰ
458 3251 592 3322 ὀρθὰ
626 3252 1041 3324 διαστρέφουσιν
1076 3253 1513 3324 ἀθυρογλωττίας
1560 3257 1617 3308 ἐν
1662 3257 1788 3308 τού-

194 3358 306 3403 τοις
335 3342 725 3412 περιλείπηται
753 3344 932 3406 τόπος,
968 3344 1101 3413 μηδὲ
1125 3344 1333 3412 λέγοιεν
1355 3347 1437 3399 ὅτι
1458 3346 1791 3418 δημιουργὸς

196 3434 300 3486 τῶν
341 3434 643 3504 θαυμάτων
673 3435 895 3503 γέγονεν
928 3440 956 3491 ό
989 3438 1115 3500 Υἱὸς
1164 3439 1265 3490 οὐκ
1311 3439 1373 3491 ἐκ
1421 3439 1521 3509 τῆς
1565 3440 1792 3511 ἐνούσης

201 3525 391 3594 ἰσχύος
421 3526 571 3597 αὐτῷ
613 3528 732 3581 οὐδὲ
762 3529 820 3595 ἐξ
872 3530 1009 3593 ἰδίας
1039 3530 1346 3602 δυνάμεως,
1394 3533 1508 3585 ἀλλ’
1560 3534 1791 3605 ἐπείπερ

199 3612 338 3686 εἶχεν
375 3618 433 3668 ὲν
468 3617 643 3687 ἐαυτῷ
671 3618 760 3670 τὸν
794 3620 1013 3691 Πατέρα
1044 3621 1301 3674 ποιοῦντα
1332 3621 1401 3674 τὰ
1430 3622 1588 3693 ἔργα,
1625 3623 1791 3678 καθά-

199 3724 301 3777 περ
330 3703 433 3760 οὖν
468 3708 626 3772 αὐτὸς
680 3709 781 3778 ἔφη
813 3711 906 3763 καὶ
938 3711 1333 3783 διισχυρίσατο,
1388 3713 1791 3784 τεθεράπευκεν

198 3798 520 3866 ἀναγκαίως
546 3799 575 3849 6
606 3800 810 3869 Κύριος
836 3805 952 3865 ταῖς
983 3804 1091 3855 τῶν
1122 3806 1409 3875 νοημάτων
1439 3810 1754 3877 ἐπαγωγαῖς
1773 3827 1786 3839 ·

198 3890 394 3943 ἑαυτὸν
432 3890 531 3960 μὲν
561 3891 670 3963 γὰρ
699 3893 754 3945 ὲν
780 3893 987 3959 τούτοις
1014 3895 1233 3950 ἔσεσθαι
1261 3898 1497 3968 χορηγὸν
1526 3900 1792 3969 ἐπαγγέλ-

194 3982 345 4036 λεται
373 3986 489 4046 τοῖς
517 3986 864 4039 πιστεύουσιν
892 3990 969 4052 εἰς
995 3990 1179 4053 αὐτὸν,
1204 3983 1389 4062 ὦνπερ
1418 3992 1482 4045 ἂν
1513 3994 1791 4048 ἐθέλουσιν

196 4078 395 4141 αἰτεῖν,
447 4078 542 4130 καὶ
576 4079 697 4149 ούχὶ
733 4080 901 4151 μόνην
935 4083 1118 4147 αὐτοῖς
1152 4084 1550 4153 ἐπαγγέλλεται
1592 4088 1789 4140 τοσαύ-

194 4182 292 4236 την
326 4170 670 4239 χορηγήσειν
701 4171 929 4242 δύναμιν
964 4173 1060 4227 καὶ
1095 4174 1366 4239 ἐξουσίαν,
1398 4177 1535 4231 ἀλλὰ
1560 4179 1658 4249 τὴν
1696 4179 1791 4232 ἐπὶ

196 4260 328 4313 πολύ
358 4278 375 4291 ο
409 4262 633 4330 μείζονα
654 4262 782 4334 γὰρ,
812 4266 995 4335 φησιν,
1019 4260 1094 4319 ῶν
1118 4266 1228 4334 ἐγὼ
1252 4271 1527 4339 πεποίηκα
1550 4274 1785 4343 ποιήσει.

205 4352 375 4421 Ὁρᾷς
404 4347 498 4404 οῦν
530 4353 678 4418 ὅπως
725 4356 1021 4410 ἀνακόπτει
1054 4360 1338 4430 χρησίμως
1383 4362 1490 4416 τῶν
1535 4364 1603 4416 δι’
1638 4366 1787 4420 ἐναν-

1899 1970 2229 2026 substantia:
2281 1971 2401 2041 ejus
2442 1974 2487 2003 ³³
2550 1973 2729 2043 ipsum
2781 1974 3089 2044 susceperit
3133 1992 3145 2027 :
3197 1988 3475 2043 nunquam

1896 2062 2041 2116 enim
2086 2064 2239 2132 paria
2298 2079 2424 2117 eum
2473 2062 2583 2118 Deo
2629 2064 2797 2118 faciat
2830 2065 2921 2135 qui
2957 2080 3022 2119 ex
3076 2063 3185 2118 Deo
3235 2080 3345 2117 non
3393 2070 3478 2117 est

1897 2154 2200 2206 secundum
2249 2162 2539 2218 naturam,
2594 2153 2687 2207 sed
2748 2169 2925 2222 neque
2978 2161 3230 2205 creatura
3279 2149 3478 2205 divina!

1898 2253 2108 2298 natura:
2158 2244 2440 2299 miraculis
2474 2246 2759 2314 patrandis
2802 2261 2899 2315 par
2930 2259 3051 2299 esse
3089 2244 3279 2314 possit.
3329 2241 3475 2296 Bona

1898 2336 2044 2388 enim
2099 2343 2310 2388 natura:
2363 2335 2509 2388 illius
2551 2351 2671 2404 qure
2723 2349 2938 2403 semper
2999 2339 3082 2386 est
3133 2332 3346 2400 penitus
3389 2330 3475 2383 in-

1898 2442 2122 2481 accessa
2168 2435 2295 2482 sunt
2332 2428 2398 2481 iis
2430 2442 2552 2496 quae
2587 2443 2651 2480 ex
2683 2425 2855 2479 nihilo
2897 2425 3163 2495 producta
3200 2433 3369 2487 sunt;
3424 2430 3476 2476 et

1896 2518 2243 2588 inculpatum
2286 2518 2503 2589 quidem
2550 2533 2777 2586 prorsus
2808 2514 2953 2585 apud
2998 2522 3146 2569 recte
3177 2514 3476 2568 sentientes

1899 2610 2210 2665 Servatoris
2262 2624 2575 2665 sermonem
2626 2608 2782 2673 fore,
2835 2607 3097 2662 credibile
3143 2614 3261 2659 erat
3298 2604 3475 2659 nulla-

1895 2712 2054 2759 tenus
2115 2703 2463 2757 dubitaturos
2520 2703 2775 2771 aliquos;
2824 2710 3201 2756 verumtamen
3256 2698 3476 2753 haereti-

1894 2812 1989 2851 cos
2045 2810 2197 2849 novae
2246 2795 2518 2847 doctrinae
2552 2794 2908 2848 occasionem
2941 2800 2995 2847 et
3023 2799 3343 2864 praetextum
3385 2806 3473 2844 ar-

1895 2900 2149 2957 repturos
2171 2887 2333 2941 etiam
2362 2887 2411 2938 id
2441 2884 2587 2954 quod
2616 2893 2762 2939 recte
2787 2884 2996 2939 dictum
3021 2892 3158 2950 erat,
3187 2900 3296 2938 non
3321 2884 3474 2955 igno-

1896 2980 2071 3038 ravit.
2111 2986 2172 3031 ut
2218 2977 2379 3032 Deus.
2422 2976 2494 3031 Ne
2533 2976 2702 3045 igitur
2732 2976 2801 3029 iis
2837 2975 2929 3045 qui
2964 2983 3115 3030 recta
3157 2984 3475 3044 pervertunt

1897 3071 2216 3141 petulantia:
2269 3069 2423 3123 locus
2476 3069 2562 3123 hic
2609 3070 3019 3139 relinqueretur
3061 3069 3243 3132 ullus,
3297 3084 3473 3136 neque

1895 3165 2141 3217 dicereut
2174 3162 2435 3215 miracula
2475 3172 2726 3231 patrasse
2778 3159 2980 3214 Filium
3015 3175 3127 3214 non
3170 3159 3221 3212 vi
3251 3159 3472 3227 quidem

1893 3272 1956 3310 ac
1989 3263 2260 3325 potestate
2304 3270 2433 3315 sua,
2483 3255 2579 3307 sed
2613 3254 2744 3323 quia
2785 3251 3021 3306 habebat
3060 3252 3113 3305 in
3154 3251 3334 3320 seipso
3370 3248 3460 3303 Pa-

1893 3357 2029 3403 trem
2081 3347 2368 3401 facientem
2419 3362 2581 3415 Opera
2610 3388 2623 3410 ,
2666 3343 3130 3415 quemadmodum
3180 3342 3298 3413 ipse
3336 3343 3471 3397 dixit

1892 3449 2077 3509 atque
2100 3438 2446 3493 confirmavit
2470 3478 2483 3501 ,
2526 3436 2843 3490 necessario
2875 3434 3140 3488 Dominus
3171 3434 3471 3488 remedium

1892 3531 2093 3591 attulit,
2126 3530 2469 3599 subjungens
2502 3546 2558 3583 se
2588 3528 2943 3583 credentibus
2977 3527 3030 3580 in
3058 3542 3116 3581 se
3147 3525 3470 3596 largiturum

1891 3639 1952 3678 ea
1986 3639 2106 3692 quae
2134 3632 2317 3692 petere
2350 3623 2657 3685 voluerint;
2696 3636 2872 3689 neque
2901 3635 3035 3675 vero
3060 3626 3265 3673 tantam
3294 3635 3351 3674 se
3376 3620 3473 3674 da.

1890 3720 2075 3766 turum
2109 3713 2216 3764 vim
2265 3726 2329 3764 ac
2360 3718 2682 3779 potestatem
2730 3710 3037 3778 promittit,
3087 3709 3181 3763 sed
3240 3710 3473 3779 amplio-

1890 3818 2004 3856 rem
2033 3822 2046 3857 :
2080 3821 2097 3852 ι
2128 3802 2335 3871 Majora
2364 3804 2535 3865 enim,
2570 3803 2768 3871 inquit,
2808 3802 2974 3856 faciet
3004 3802 3089 3856 bis
3117 3818 3237 3872 qua:
3258 3817 3359 3873 ego
3394 3802 3473 3855 fa-

1891 3896 2031 3949 cio.»
2064 3895 2227 3949 Vides
2260 3910 2388 3965 ergo
2410 3910 2519 3963 quo
2552 3904 2713 3964 pacto
2732 3893 3175 3949 adversariorum
3209 3893 3472 3964 infringat

1889 3987 2205 4051 audaciam,
2246 3995 2301 4041 et
2335 3996 2554 4041 revocet
2590 3986 2999 4055 quodammodo
3027 4002 3127 4040 eos
3155 3986 3249 4057 qui
3292 3987 3344 4040 in
3381 4002 3472 4057 pe—

1890 4089 2003 4134 tras
2028 4080 2157 4134 caeci
2192 4086 2378 4132 ruunt.
2405 4077 2557 4131 Dicet
2587 4079 2733 4132 enim
2760 4078 2841 4132 eis
2872 4076 3069 4146 aliquis
3098 4096 3110 4131 :
3146 4077 3190 4132 0
3222 4078 3377 4133 stulti
3408 4093 3472 4133 ac

1890 4174 2041 4238 caaei,
2062 4174 2154 4242 qui
2177 4173 2391 4226 nihilex
2414 4172 2594 4240 seipso
2614 4169 2809 4224 Filium
2833 4170 3013 4224 facere
3049 4186 3212 4240 posse
3243 4172 3465 4241 putatis.

1890 4266 1985 4321 sed
2014 4265 2062 4318 ei
2088 4264 2269 4318 datam
2298 4278 2418 4318 esse
2436 4264 2617 4330 potius
2647 4262 3036 4315 miraculorum
3062 4260 3225 4331 803
3250 4270 3470 4331 patran-

1890 4356 2083 4411 dorum
2118 4355 2226 4407 vim
2265 4368 2329 4406 ac
2364 4358 2689 4419 potestatem
2732 4367 2759 4403 a
2792 4349 2951 4405 Patre
2977 4391 2991 4414 ,
3036 4350 3311 4419 quomodo
3357 4367 3467 4404 ma-

193 4443 309 4505 τίας
356 4444 423 4496 τὸ
474 4444 694 4515 θράσος,
752 4449 846 4501 καὶ
899 4450 1251 4520 ἀνασειράζει
1280 4452 1481 4522 τρόπον
1526 4455 1647 4509 τινὰ
1677 4460 1789 4522 τοῖς

1893 4446 2002 4516 iura
2040 4445 2297 4499 daturum
2336 4460 2395 4498 se
2433 4443 2724 4513 pollicetur
2750 4442 3106 4497 credentibus
3161 4443 3215 4495 in
3246 4442 3473 4512 ipsum?

194 4534 444 4603 ἐλέγχοις
493 4538 822 4607 ἐρχομένους
867 4541 1008 4593 κατὰ
1060 4543 1296 4613 πετρῶν.
1365 4543 1509 4615 Ἐρεῖ
1552 4549 1658 4618 γάρ
1701 4567 1784 4614 τις

1893 4537 2175 4604 Quomodo
2202 4535 2349 4607 quod
2382 4550 2493 4587 non
2543 4535 2669 4589 fecit
2698 4536 2811 4603 ipse
2841 4574 2855 4596 ,
2896 4534 3036 4588 alter
3068 4533 3331 4605 perficiet.
3362 4536 3465 4587 viro

194 4630 384 4692 αὐτοῖς
410 4646 423 4658 ’
468 4626 535 4682 Ὢ
572 4631 787 4701 ἀνόητοι
818 4634 911 4685 καὶ
938 4635 1151 4703 τυφλοὶ,
1187 4636 1353 4706 μηδὲν
1389 4639 1448 4703 ἐξ
1479 4641 1673 4694 ἑαυτοῦ
1703 4643 1786 4695 δεο

194 4716 458 4785 δυνῆσθαι
492 4719 793 4789 κατορθοῦν
825 4722 1185 4793 ὑπειληφότες
1231 4724 1321 4778 τὸν
1357 4728 1500 4792 Υἱὸν,
1557 4748 1785 4803 κεχορη-

194 4807 398 4875 γῆσθαι
427 4808 483 4861 δὲ
519 4811 719 4879 μᾶλλον
747 4812 845 4883 τὴν
881 4815 964 4883 ἐφ’
994 4817 1166 4870 ἅπασι
1196 4822 1309 4881 τοῖς
1346 4820 1663 4891 παραδόξως
1696 4840 1783 4891 τετ

195 4898 543 4968 τελεσμένοις
569 4900 797 4973 δύναμίν
821 4923 878 4957 τε
906 4907 999 4959 καὶ
1027 4906 1270 4971 ἐξουσίαν
1296 4910 1399 4962 ὑπὸ
1424 4888 1516 4963 τοῦ
1548 4888 1789 4984 Πατρὸς,

197 4990 311 5051 πῶς
357 4990 457 5043 καὶ
510 4993 735 5061 μείζονα
766 4998 1091 5067 κατορθοῦν,
1145 5002 1542 5069 ἐπαγγέλλεται
1590 5004 1782 5060 δώσειν

196 5083 303 5142 τοῖς
332 5083 684 5137 πιστεύουσιν
711 5088 791 5150 είς
825 5091 986 5141 αὐτόν
1015 5108 1027 5154 ;
1081 5091 1203 5155 Πῶς
1232 5093 1259 5144 ὃ
1292 5095 1365 5164 μὴ
1398 5095 1655 5167 δέδρακεν
1682 5098 1781 5151 αύ-

197 5171 303 5234 τὸς,
327 5173 414 5225 ’ἐτε
425 5193 516 5245 ρος
545 5178 902 5248 κατορθώσει,
928 5182 1026 5253 τὴν
1054 5185 1183 5254 παρ’
1205 5186 1369 5239 αὑτοῦ
1399 5187 1782 5253 δανεισάμενος

198 5262 457 5333 δύναμιν;
514 5269 622 5321 Θέα
652 5270 761 5337 γὰρ
795 5272 942 5336 ὅπως
984 5276 1083 5328 οὑκ
1116 5278 1337 5347 εἴρηκεν
1368 5280 1425 5330 ὲν
1453 5280 1661 5343 τούτοις
1697 5281 1780 5333 ὅτι

199 5358 491 5428 χορηγήσει
541 5364 655 5424 τοῖς
703 5364 1019 5419 πιστεύουσι
1069 5368 1296 5438 δύναμιν
1326 5372 1353 5423 6
1387 5371 1607 5440 Πατὴρ,
1664 5372 1779 5425 ἀλλ’

206 5463 222 5492 ι
254 5447 321 5498 ’⁷0
344 5465 394 5499 τι
440 5449 503 5502 ἂν
537 5454 794 5524 αἰτήσητε
845 5460 901 5509 ἐν
931 5458 1006 5528 τῷ
1038 5460 1266 5530 ὀνόματί
1311 5478 1435 5530 μου,
1487 5464 1715 5531 ποιήσω.
1754 5484 1771 5513 9

209 5536 265 5589 Ὀ
296 5539 353 5591 δὲ
382 5545 493 5605 τοῖς
526 5544 705 5611 ἄλλοις
735 5550 828 5602 καὶ
858 5550 927 5603 τά
955 5550 1127 5620 μείζω
1158 5552 1424 5606 δύνασθαι
1454 5553 1774 5624 κατορθοῦν,

199 5628 269 5690 ὡς
297 5630 448 5697 Θεὸς,
500 5637 791 5707 ἐπιδιδοὺς,
846 5643 961 5707 πῶς
995 5643 1060 5697 ἂν
1092 5645 1253 5708 αὐτὸς
1286 5646 1596 5717 ἐχορηγήοη
1649 5649 1774 5717 τεῖρ’

272 5810 318 5842 ³³
355 5812 513 5870 Hebr.
549 5832 587 5880 ι,
624 5820 676 5873 3.

1891 4638 2003 4685 tute
2033 4629 2101 4683 ab
2139 4644 2205 4683 eo
2238 4629 2527 4681 mutuata?
2556 4626 2809 4694 ~Adverte
2838 4625 2983 4679 enim
3021 4633 3077 4678 ut
3119 4641 3227 4680 non
3256 4625 3354 4697 Vbic
3385 4628 3470 4678 di-

1884 4725 2022 4778 xerit
2052 4721 2267 4775 Patrem
2310 4720 2563 4775 fidelibus
2615 4720 2873 4773 virtutem
2926 4718 3282 4787 largiturum,
3333 4720 3454 4781 sed,

1894 4838 1910 4868 ι
1947 4816 2101 4881 Quod
2152 4813 2419 4884 petieritis
2478 4813 2531 4865 in
2590 4811 2813 4866 nomine
2856 4825 2998 4873 meo,
3032 4810 3135 4864 hoc
3186 4808 3407 4863 faciam.
3445 4831 3461 4861 ι

1888 4911 1989 4977 Qui
2016 4923 2145 4978 ergo
2168 4907 2312 4972 aliis,
2334 4913 2392 4959 ut
2412 4905 2575 4968 Deus,
2602 4903 2809 4973 majora
2834 4902 3086 4972 patrandi
3118 4902 3225 4955 vim
3248 4903 3461 4964 tribuit,

1886 5001 2159 5075 quomodo
2205 5000 2322 5070 ipse
2368 5000 2435 5052 ab
2480 4998 2601 5051 aliis
2630 4997 2733 5051 ista
2774 4993 3012 5049 faciendi
3048 4995 3307 5050 virtutem
3345 5011 3465 5050 mu-

1886 5094 2118 5151 tuetur?
2158 5092 2524 5158 Quamobrem
2553 5104 2708 5158 nugte
2739 5100 2867 5143 sunt
2906 5088 3093 5143 isthmc
3136 5104 3367 5158 prorsus
3402 5105 3464 5142 ac

1885 5184 2170 5240 diabolica:
2199 5180 2576 5251 perversitatis
2610 5178 2852 5232 inventa.
2884 5177 2994 5233 Nec
3034 5176 3182 5231 enim
3209 5176 3329 5232 Filii
3357 5179 3461 5231 vim

1887 5293 1949 5332 ac
1970 5283 2297 5346 potestatem
2331 5272 2541 5326 ﬂuitant
2575 5286 2798 5337 cernes,
2848 5279 2907 5324 ut
2944 5271 3010 5325 ad
3043 5271 3308 5325 nonnulla
3342 5270 3463 5339 qui-

1885 5365 2009 5419 dem
2033 5380 2091 5419 se
2118 5362 2397 5425 extendat,
2423 5360 2519 5415 sed
2547 5360 2849 5429 majoribus
2873 5376 3223 5431 nequaquam
3248 5374 3345 5430 par
3370 5361 3460 5423 sit,

1886 5473 2075 5512 verum
2106 5469 2449 5525 quaecunque
2480 5454 2607 5508 velit
2631 5452 2795 5508 facile
2835 5459 3180 5522 peragentem
3208 5490 3223 5511 ,
3254 5450 3461 5520 dignis-

1884 5566 1991 5621 que
2019 5550 2338 5620 largicntem
2381 5556 2442 5601 ut
2471 5547 2775 5617 trqualibus
2824 5546 2939 5600 sive
2970 5545 3134 5599 etiam
3168 5542 3460 5597 altioribus

1886 5644 2043 5701 soliis
2078 5643 2399 5714 glorientur.
2438 5641 2623 5713 Neque
2651 5649 2837 5695 tamen
2864 5639 3154 5711 quisquam
3188 5645 3334 5708 putet
3357 5649 3460 5689 nos
