4096 6494
660 344 760 400 247

1663 339 1720 393 S.
1744 336 2022 397 CYRILLI
2050 335 2520 397 ALEXANDRINI
2547 335 2868 396 ARCHIEP.
3826 352 3904 411 2l8

618 436 630 445 ”
662 462 931 519 allii-mare
954 459 1171 527 aliquos
1194 472 1386 517 eorum
1409 457 1500 526 qui
1535 456 1587 509 in
1614 472 1739 510 eum
1757 455 2014 516 credunt,
2048 468 2220 511 crean-

2343 452 2530 524 ἐτέρου
2576 454 2636 507 τὸ
2681 454 2971 522 δύνασθαι;
3030 456 3250 513 Οὐκοῦν
3288 457 3465 527 λῆρος
3497 458 3598 527 μὲν
3631 458 3694 513 τὰ
3727 462 3902 521 ἐκείνων

661 551 718 605 di
748 552 939 615 ein-los,
963 551 1253 620 solemque
1274 564 1337 611 ae
1368 549 1549 607 lunam
1578 589 1591 610 ,
1629 555 1723 600 aut
1758 547 2027 601 illustrem
2064 553 2238 596 astro-

660 658 783 701 rum
810 644 1073 707 chorum,
1122 644 1203 707 vel
1228 643 1387 703 etiam
1424 642 1647 715 angelos
1675 680 1688 703 ,
1734 651 1826 695 aut.
1858 647 2060 692 terram
2093 677 2106 701 ,
2145 643 2239 689 aut

660 751 784 809 quae
826 736 881 791 in
937 752 997 799 ea
1056 746 1205 800 sunt,
1239 732 1510 791 cmidendi
1551 733 1601 786 vi
1658 732 1884 802 pollere.
1928 729 2041 783 Nec
2089 728 2235 783 enim

660 827 717 887 in
768 828 855 884 his
902 827 1169 885 orationis
1205 840 1404 895 scepus
1438 829 1705 887 vertitur,
1742 822 1835 877 sed
1874 821 1944 876 ad
1985 836 2106 890 qua:
2142 832 2239 889 par

659 926 743 975 est
772 918 1090 979 extenditur
1114 957 1127 983 ,
1163 926 1217 979 et
1251 918 1501 973 humanae
1526 916 1796 970 claritatis
1827 928 1950 985 qua:
1979 912 2148 983 gloria
2184 918 2238 964 et

659 1009 1099 1073 sanctificatione
1153 1016 1374 1063 constat
1426 1007 1649 1061 modum
1708 1020 1819 1060 non
1869 1002 2234 1059 transcendit.

658 1103 870 1160 Idcirco
901 1105 1047 1157 enim
1085 1105 1359 1167 sermonis
1402 1103 1718 1157 liberiorem
1754 1115 2054 1155 excursum
2090 1112 2231 1169 quo-

655 1194 947 1251 dammodo
986 1196 1240 1251 inhibens
1270 1238 1283 1261 ,
1326 1202 1380 1249 et
1415 1193 1702 1248 miraculis
1743 1207 1772 1245 a
1828 1207 1888 1247 se
1942 1191 1995 1244 in
2043 1198 2189 1244 terra
2217 1224 2236 1253 ,

655 1288 875 1357 quando
923 1287 1101 1344 factus
1146 1297 1233 1343 est
1284 1287 1483 1352 homo,
1535 1285 1701 1339 editis
1744 1283 2010 1353 majorem
2069 1296 2236 1352 porro

654 1380 1089 1449 magnitudinem
1122 1395 1433 1451 apponens,
1474 1396 1491 1428 ς
1536 1375 1669 1443 Qua:
1702 1392 1802 1448 ego
1834 1375 1969 1439 feci,
2011 1373 2233 1444 inquit,

652 1471 842 1539 faciet,
869 1482 923 1527 et
948 1474 1157 1543 majora
1191 1474 1295 1529 his.
1324 1494 1341 1524 ›
1378 1471 1496 1528 Non
1524 1472 1671 1528 enim
1696 1472 1856 1542 quasi
1888 1470 2099 1541 majora
2127 1484 2235 1524 non

654 1573 866 1634 posset,
896 1580 1053 1619 suam
1083 1573 1410 1633 potestatem
1434 1564 1599 1621 rebus
1628 1578 1657 1617 a
1687 1580 1745 1620 se
1772 1564 1936 1619 editis
1964 1562 2232 1629 definivit,

654 1656 750 1712 sed
783 1658 1022 1725 peractis
1066 1672 1187 1725 qua:
1228 1658 1515 1726 oportebat
1556 1666 1609 1715 et
1637 1670 1986 1728 quaecunque
2015 1666 2234 1726 tempus

652 1746 707 1801 in
746 1747 988 1805 medium
1030 1748 1253 1813 attulit,
1289 1747 1906 1817 incomprehensibilem
1936 1744 2231 1816 potestatis

651 1854 767 1895 sua!
818 1839 1251 1908 magnitudinem
1294 1839 1362 1893 iis
1402 1838 1608 1894 ﬁnibus
1652 1855 1761 1895 non
1811 1837 2098 1892 terminari
2144 1837 2230 1893 his

649 1928 836 1982 verbis
890 1929 1103 1984 utiliter
1147 1929 1365 1984 edocet.
1407 1928 1608 1984 Verum
1658 1938 1757 1995 ut,
1804 1930 1907 1986 loci
1957 1930 2227 2001 propositi

647 2021 896 2081 ordinem
951 2033 1278 2085 servantes,
1330 2021 1639 2077 auditorum
1676 2022 1893 2077 animos
1948 2023 2015 2077 ad
2063 2022 2231 2091 hujus

645 2113 779 2169 dicti
819 2113 1268 2169 observationem
1300 2113 1583 2183 erigamus
1631 2133 1644 2169 :

646 2207 770 2262 dico
802 2207 992 2272 vobis,
1029 2207 1121 2277 qui
1153 2206 1330 2263 credit
1364 2206 1419 2259 in
1459 2222 1542 2259 me
1565 2244 1582 2268 ,
1610 2220 1778 2275 opera
1806 2222 1929 2274 qua:
1958 2220 2059 2274 ego
2087 2205 2228 2261 facio

645 2309 699 2353 et
730 2298 846 2365 ipse
873 2296 1075 2361 faciet,
1101 2296 1233 2367 quia
1265 2310 1367 2366 ego
1398 2296 1463 2350 ad
1494 2294 1711 2350 Patrem
1740 2296 1901 2349 vado.
1942 2314 1960 2347 ι
2004 2295 2073 2353 At
2096 2294 2227 2364 quid

646 2389 722 2443 rei
760 2397 881 2454 est,
945 2389 1155 2458 inquiet
1200 2388 1403 2458 aliquis
1447 2387 1639 2441 forsan
1686 2387 2003 2442 auditorum
2060 2388 2227 2458 paulo

642 2478 860 2533 czclcris
891 2479 1125 2549 aequior,
1151 2478 1299 2551 quod
1326 2476 1503 2533 Filius
1534 2478 1647 2547 ipse
1677 2493 1736 2533 se
1768 2478 1834 2532 ad
1860 2477 2073 2534 Patrem
2102 2494 2228 2549 proe

641 2572 813 2626 tieisci
849 2572 1044 2641 inquit,
1078 2579 1136 2625 ut
1168 2571 1262 2642 qui
1290 2571 1523 2625 credunt.
1556 2570 1612 2623 in
1638 2585 1764 2624 eum
1800 2571 2009 2641 majora
2040 2570 2226 2626 facere

642 2663 860 2731 possint
908 2678 1074 2732 quam
1125 2678 1247 2733 qua:
1296 2663 1413 2732 ipse
1474 2662 1694 2716 edidit?
1746 2661 1892 2717 Sane
1943 2663 2222 2717 occultam

640 2754 937 2822 quamdam
960 2755 1011 2807 in
1037 2770 1095 2810 se
1115 2753 1456 2829 liabetsoﬂ.
1477 2755 1686 2810 dictum
1722 2755 1854 2809 illud
1880 2756 2225 2825 contempla-

639 2850 867 2901 tionem.
902 2846 1043 2913 Quid
1074 2863 1203 2917 ergo
1227 2848 1295 2901 sit
1325 2848 1455 2901 illud
1492 2850 1639 2917 quod
1665 2850 1782 2909 ait,
1820 2849 2001 2917 ipsum
2034 2849 2224 2917 accipe

641 2938 716 2993 ita
748 2939 1142 3008 propemodum
1168 2940 1543 3009 explicantem
1574 2959 1587 2993 :
1638 2938 1682 2995 Ο
1710 2956 2024 2994 sermonum
2070 2958 2221 2996 meo-

638 3047 760 3085 rum
800 3031 1037 3086 ministri
1071 3047 1132 3085 ac
1166 3032 1277 3086 veri
1312 3030 1601 3102 discipuli,
1642 3034 1887 3102 quandin
1933 3033 2219 3088 vobiscum

640 3127 694 3178 in
742 3124 904 3177 terris
950 3125 1322 3179 conversabar
1345 3163 1360 3188 ,
1396 3123 1508 3178 vixi
1544 3132 1603 3178 ut
1638 3124 1803 3179 homo
1826 3165 1840 3186 ,
1876 3142 1984 3178 nun
2031 3134 2215 3194 aperte
2243 3151 2285 3211 ο

637 3217 863 3271 mnnino
910 3214 1069 3270 vobis
1122 3215 1346 3272 deitatis
1391 3231 1524 3271 meae
1576 3226 1902 3287 potestatem
1952 3218 2215 3285 ostendi;

638 3308 737 3365 sed
776 3314 830 3362 et
866 3307 1087 3363 locutus
1124 3324 1286 3372 sum,
1336 3317 1391 3364 et
1428 3309 1531 3364 feci
1562 3310 1964 3365 convenienter
1998 3312 2219 3365 humili-

640 3400 771 3455 tatis
817 3400 1127 3455 conditioni
1175 3409 1230 3456 et
1280 3400 1472 3457 formae
1521 3402 1736 3457 servili.
1772 3401 2046 3467 Quoniam
2089 3418 2218 3456 vero

638 3491 728 3544 illa
771 3490 991 3546 demum
1042 3506 1144 3561 pro
1196 3506 1261 3545 co
1309 3507 1373 3546 ac
1416 3493 1645 3547 decebat
1693 3502 1913 3562 peracta
1949 3504 2076 3548 sunt
2104 3531 2120 3557 ,
2165 3502 2218 3547 et

637 3582 916 3652 impletum
956 3582 1091 3637 mihi
1129 3591 1213 3637 est
1249 3582 1684 3652 dispensationis
1725 3600 1852 3638 cum
1895 3599 2059 3639 carne
2102 3600 2217 3654 my-

635 3674 866 3728 sterium
898 3674 1161 3743 (jamjam
1189 3676 1334 3729 enim
1360 3686 1589 3731 mortem
1620 3678 1919 3747 perpetiar,
1945 3686 1998 3731 et
2030 3692 2215 3731 resur-

634 3780 755 3836 gam
780 3765 797 3835 )
824 3808 839 3833 ,
880 3768 1149 3837 polliceor
1190 3784 1276 3822 me
1308 3769 1465 3824 vobis
1506 3768 1764 3823 daturum
1805 3770 2014 3840 majora
2050 3785 2215 3838 quant

632 3872 753 3926 qua:
787 3873 883 3929 per
928 3874 1015 3913 me
1054 3857 1197 3913 facta
1230 3867 1391 3922 sunt,
1430 3857 1696 3912 miracula
1734 3857 1932 3915 edendi
1968 3866 2215 3928 potesta-

631 3957 765 4013 tem,
805 3950 1047 4004 instante
1070 3949 1184 4017 jam
1211 3958 1460 4020 tempore
1486 3958 1540 4003 et
1570 3949 1854 4004 voluntate
1877 3965 1938 4003 ea
1970 3950 2212 4019 largien-

631 4044 709 4099 di.
747 4043 839 4099 lbo
879 4044 1083 4114 quippe
1133 4042 1199 4096 ad
1240 4040 1461 4095 Patrem
1488 4083 1502 4106 ,
1544 4056 1915 4098 consessurus
1956 4043 2213 4097 videlicet

630 4146 1186 4204 coniregnaturusque
1219 4150 1341 4188 cum
1378 4150 1443 4189 eo
1469 4142 1526 4186 ut
1560 4132 1703 4189 Deus
1734 4150 1800 4188 ex
1837 4133 1967 4196 Deo,
2003 4134 2212 4187 incom-

632 4228 906 4296 prehensa
954 4227 1159 4281 virtute
1207 4242 1272 4281 ac
1324 4234 1595 4297 potestate
1634 4225 1831 4282 amicis
1881 4225 2019 4280 meis
2066 4226 2207 4281 bona

631 4322 891 4389 largiens.
946 4340 962 4371 ι
1012 4319 1389 4391 Quodcunque
1419 4319 1693 4391 petieritis
1717 4360 1733 4383 ,
1764 4320 1945 4390 inquit
1972 4359 1985 4381 ,
2021 4320 2072 4373 in
2108 4335 2210 4374 no-

628 4414 777 4468 mine
816 4428 960 4480 meo,
988 4413 1095 4467 hoc
1132 4411 1356 4475 faciam,
1380 4431 1397 4463 ι
1436 4421 1659 4481 peracto
1690 4424 1935 4483 tempore
1966 4428 2076 4482 quo
2107 4429 2207 4469 ne-

1706 2132 1725 2165 (
1764 2116 1935 2168 Amen
1962 2153 1977 2178 ,
2010 2114 2227 2183 inquit,
2297 2173 2307 2182 _

2345 545 2621 609 παντελῶς
2651 545 2743 603 καὶ
2764 545 2919 609 ύθλος
2944 548 3145 609 εἰκαῖος
3172 546 3278 600 καὶ
3310 546 3703 618 δαιμονιὼδους
3724 552 3903 621 duorm.

2342 637 2474 701 πίας
2502 638 2804 709 εὑρέματα.
2854 638 3299 709 Πεπερασμένην
3335 637 3397 692 δὲ
3446 636 3699 708 ούδαμῶς
3732 642 3814 713 τὴν
3837 649 3902 701 τοῦ

2341 730 2471 784 Υἰοῦ
2500 731 2729 802 δύναμιν
2776 730 3048 803 θεωρῆσαι
3077 749 3159 796 τις
3216 731 3314 793 ἂν,
3369 730 3496 784 οὐδὲ
3526 730 3807 798 διήκουσαν
3833 740 3903 805 μὲν

2341 822 2432 879 ὲπί
2458 841 2508 875 τι
2540 823 2646 877 τῶν
2676 823 2867 887 ὄντων,
2898 824 2999 881 οὐκ
3029 823 3325 897 ἀρκοῦσαν
3358 822 3417 874 δὲ
3446 824 3561 887 τοῖς
3584 822 3661 875 ἔτι
3688 826 3902 895 μείζοτιν,

2337 915 2455 969 ἀλλ’
2498 917 2708 988 ὅσαπερ
2758 916 2824 971 ἂν
2859 915 3100 987 βούλοιτο
3128 915 3313 970 ταῦτά
3342 932 3405 968 τε
3440 913 3659 986 δρῶσαν
3688 918 3902 987 εὐκόλως,

2338 1009 2434 1062 καὶ
2464 1011 2574 1073 τοῖς
2605 1008 2777 1075 ἀξίοις
2806 1007 3172 1080 χαριζομένην
3192 1008 3259 1061 τὸ
3286 1009 3408 1070 τοῖς
3435 1009 3576 1070 ἴσοις
3602 1008 3753 1077 τυχὸν
3776 1011 3903 1079 {nam

2336 1101 2434 1155 καὶ
2462 1101 2882 1175 ύπερκειμένοις
2912 1100 3311 1171 ἐναϐρύνεσθαι
3351 1097 3581 1161 θώκοις.
3623 1101 3729 1154 Καὶ
3759 1106 3820 1172 μή
3844 1122 3903 1167 τις

2337 1194 2533 1248 οἰέσθω
2562 1194 2741 1263 λέγειν
2773 1195 2924 1264 ἡμᾶς
2969 1194 3046 1247 ὅτι
3082 1192 3383 1265 περιέσται
3436 1191 3573 1243 ποτὲ
3606 1191 3666 1242 τὸ
3693 1192 3902 1248 δύνασθαί

2337 1306 2444 1351 τινι
2469 1287 2577 1341 τῶν
2605 1287 2703 1359 τὴν
2733 1289 2813 1351 εἰς
2847 1286 3009 1341 αὐτὸν
3042 1287 3226 1340 πίστιν
3255 1284 3653 1355 τετιμηκότων
3679 1285 3899 1359 δημιουρ.

2336 1382 2505 1453 γῆσαι
2538 1383 2633 1455 μὲν
2660 1380 2909 1452 οὐρανὸν,
2943 1381 3093 1451 ἥλιον
3120 1381 3175 1433 δὲ
3207 1378 3311 1433 καὶ
3356 1377 3621 1447 σελήνην,
3660 1379 3810 1449 ἥγουν
3835 1383 3902 1435 τὶν

2338 1474 2616 1546 περιφανῆ
2641 1475 2751 1528 τῶν
2778 1474 3023 1543 ἀστέρων
3057 1472 3215 1543 χορὸν
3245 1470 3556 1535 ἀναδεῖξαι,
3584 1470 3756 1524 κτίσαι
3776 1475 3899 1541 τυχὸν

2336 1568 2622 1639 ἀγγέλους,
2653 1567 2687 1637 ἢ
2719 1567 2842 1636 γῆν,
2876 1566 2908 1636 ἢ
2942 1566 3010 1618 τὰ
3042 1566 3099 1617 ἐν
3127 1566 3293 1635 αὐτῇ.
3350 1562 3675 1633 Τέτραπται
3705 1562 3802 1633 γὰρ
3824 1567 3897 1617 οὐκ

2336 1661 2396 1714 ἐν
2422 1659 2629 1722 τούτοις
2662 1661 2689 1712 ό
2718 1658 2812 1711 τοῦ
2843 1657 3001 1725 λόγου
3031 1656 3253 1722 σκοπὸς,
3302 1654 3427 1710 ἀλλ’
3461 1653 3552 1723 ἐφ’
3589 1648 3667 1721 οἷς
3694 1650 3756 1726 ἦν
3787 1657 3898 1723 εἰκὸς

2340 1750 2695 1816 συντείνεται,
2729 1748 2825 1802 καλ⁴
2866 1748 2964 1817 τῆς
3001 1744 3529 1819 ἀνθρωποπρεποῦς
3558 1746 3899 1817 λαμπρότητος

2263 1800 2304 1854 Β
2333 1800 2391 1892 ἐν
2420 1800 2567 1911 δόξη,
2616 1800 3237 1910 φτῖμλρκαίσὰγιαισμῷ
3268 1800 3334 1892 τδ
3390 1800 3599 1908 μέτρον
3633 1800 3733 1907 .o'bx'
3763 1800 3895 1909 61:29:

2330 1930 2535 2001 τρέχει.
2582 1932 2682 1984 Διά
2715 1930 2823 2001 γάρ
2849 1948 2932 1983 τοι
2976 1930 3136 1983 τοῦτο
3185 1928 3575 1999 περιστέλλων
3621 1927 3895 1998 ὥσπερτοῦ

2329 2024 2490 2092 λόγου
2543 2024 2633 2076 τὸν
2685 2024 2770 2093 ἐφ’
2818 2024 2955 2092 ὅπερ
3001 2022 3066 2076 ἀν
3112 2040 3195 2085 τις
3250 2020 3510 2092 βούλοιτο
3567 2019 3787 2092 δρόμον,
3823 2024 3893 2075 καὶ

2333 2116 2515 2188 μόνοις
2540 2118 2653 2179 τοῖς
2683 2115 2812 2183 παρ’
2847 2113 3010 2168 αύτοῦ
3039 2114 3369 2185 παραδόξως
3401 2111 3799 2181 τετελεσμένοις
3824 2113 3894 2163 ἐπὶ

2327 2207 2426 2276 τῆς
2460 2206 2581 2275 γῆς,
2633 2206 2722 2259 ὅτε
2768 2204 2987 2272 γέγονεν
3028 2202 3343 2273 ἄνθρωπος,
3380 2201 3496 2256 τῶν
3544 2200 3624 2252 ἔτι
3671 2198 3893 2270 μειζόνων

2327 2295 2777 2367 ἀντιπαρεξάγων
2803 2294 2861 2346 τὸ
2888 2292 3137 2363 μέγεθος,
3166 2312 3183 2344 ι
3202 2294 3271 2346 "A
3297 2291 3415 2361 ἐγὼ
3446 2291 3743 2361 πεποίηκα,
3766 2292 3891 2359 φησί,

2327 2391 2565 2458 ποιήσει,
2624 2387 2717 2439 καὶ
2753 2386 2976 2456 μείζονα
3012 2385 3240 2439 τούτων.
3289 2404 3307 2435 ι
3377 2384 3457 2437 Οὐ
3504 2383 3616 2455 γὰρ
3662 2383 3887 2452 ἀτονήσας

2328 2482 2457 2551 περὶ
2493 2480 2561 2533 τά
2596 2478 2767 2549 μείζω
2799 2479 2959 2550 μέχρι
2987 2478 3096 2532 τῶν
3124 2477 3565 2548 τετελεσμένων,
3593 2476 3690 2546 τὴν
3718 2476 3888 2527 οἰκείαν

2325 2573 2593 2643 ἐπέστησε
2628 2572 2889 2642 δύναμιν,
2946 2572 3264 2635 ἐπιτελέσας
3310 2570 3370 2625 δὲ
3424 2570 3576 2639 ἅπερ
3618 2566 3775 2636 ἐχρῆν
3814 2565 3886 2617 καί

2324 2665 2531 2734 ὅσαπερ
2560 2662 2722 2733 τυχὸν
2758 2665 2835 2725 εἰς
2888 2663 3056 2731 μέσον
3101 2662 3487 2733 παρεκόμισεν
3522 2663 3551 2713 ὀ
3582 2659 3781 2729 καιρὸς,
3821 2656 3883 2707 ὅτι

2328 2756 2400 2825 μὴ
2432 2756 2623 2825 μέχρις
2654 2755 2879 2808 ἐκείνων
2906 2754 3251 2823 ἀφικνεῖσθαι
3281 2754 3519 2807 δύναται
3558 2751 3659 2820 τῆς
3694 2748 3883 2817 ἐνούσης

2324 2848 2572 2914 ἐξουσίας
2617 2848 2766 2919 αὐτῷ
2814 2848 2875 2900 τὸ
2926 2848 3286 2919 ἀπερινόητον
3322 2845 3562 2917 μέγεθος
3614 2840 3881 2895 ἐκδιδάσκει

2322 2940 2607 3012 χρησίμως
2640 2939 2728 2993 διὰ
2772 2939 2878 2993 τῶν
2908 2938 3235 3011 εἰρημένων.
3299 2937 3446 2992 Ἀλλ’
3485 2936 3595 2999 ἵνα,
3640 2933 3731 3005 τὴν
3756 2928 3879 2996 τάξιν

2320 3033 2430 3086 τῶν
2464 3032 2839 3104 προκειμένων
2870 3033 3229 3103 τηρήσαντες,
3258 3033 3326 3102 τῇ
3357 3030 3460 3101 τῆς
3486 3027 3680 3092 λέξεως
3709 3024 3880 3093 θεωρίᾳ

2319 3126 2431 3180 τῶν
2477 3125 2842 3197 ἀκροωμένων
2890 3125 2984 3178 τὸν
3025 3122 3150 3179 νοῦν
3196 3125 3611 3194 ἐπιστήσωμεν,
3669 3138 3686 3169 ι
3717 3115 3875 3186 Ἀμὴν.

2324 3220 2481 3290 φησί,
2513 3220 2655 3287 λέγω
2682 3219 2831 3288 ὑμῖν,
2863 3219 2891 3270 ὁ
2920 3216 3192 3269 πιστεύων
3222 3217 3303 3278 εἰς
3328 3215 3455 3285 ἐμὲ,
3489 3213 3557 3267 τὰ
3586 3212 3714 3283 ἔργα
3739 3207 3770 3261 ἃ.
3789 3206 3876 3274 ἐγὼ

2324 3311 2480 3376 ποιῶ,
2504 3314 2754 3375 κάκεῖνος
2785 3312 3023 3382 ποιήσει,
3056 3312 3149 3363 καὶ
3184 3307 3411 3380 μείζονα
3440 3306 3644 3384 τούτων
3672 3304 3872 3371 ποιήσει,

2320 3406 2401 3459 ὃτι
2422 3402 2534 3469 ἐγὼ
2555 3404 2692 3474 πρὸς
2714 3404 2806 3458 τὸν
2832 3404 3051 3473 Πατέρα
3076 3404 3403 3471 πορεύομαι.
3441 3419 3458 3451 ι
3498 3394 3631 3452 Εἶτα
3651 3396 3701 3448 τί
3720 3393 3871 3455 τοῦτο,

2320 3496 2545 3565 φήσειεν
2578 3494 2644 3547 ἄν
2676 3510 2759 3556 τις
2796 3490 2904 3545 τῶν
2939 3492 3306 3563 ἀκροωμένων
3348 3487 3749 3555 ἐπιεικέστερον
3779 3480 3869 3553 [γρ.

2322 3582 2767 3656 ἐπιεικέστερος],
2795 3582 2856 3636 τὸ
2883 3582 3211 3653 πορεύεσθαί
3243 3599 3389 3652 φημι
3413 3581 3551 3651 πρὸς
3580 3578 3668 3631 τὸν
3688 3576 3868 3643 Πατέρα

2319 3678 2409 3731 τὸν
2439 3677 2588 3740 Υίὸν,
2647 3676 2783 3747 πρὸς
2826 3676 2887 3729 τὸ
2940 3674 3200 3729 δύνασθαι
3242 3673 3546 3745 κατορθοῦν
3597 3670 3687 3724 καὶ
3718 3666 3778 3719 τὰ
3804 3665 3868 3717 ἔτι

2322 3768 2492 3838 μείζω
2517 3769 2625 3821 τῶν
2658 3768 2786 3837 παρ’
2814 3767 2976 3821 αὑτοῦ
3008 3766 3365 3837 δεδειγμένων
3392 3766 3522 3828 τοὺς
3552 3760 3863 3817 πιστεύοντας

2317 3863 2396 3924 εἰς
2432 3859 2628 3926 adtriti;
2684 3858 2894 3914 Οὐκοῦν
2929 3857 3319 3928 κεκρυμμένην
3354 3856 3481 3910 τινὰ
3529 3853 3749 3923 θεωρίαν
3776 3850 3865 3901 εἰσ-

2317 3951 2474 4022 φέρει
2500 3950 2561 4002 τὸ
2602 3950 2907 4023 εἰρημένον.
2959 3949 3023 4001 Τί
3067 3944 3158 4001 οὖν
3192 3950 3339 4001 ἐστιν
3372 3951 3401 4003 ὅ
3438 3964 3591 4017 φησι.
3624 3943 3765 4013 δέχου
3792 3937 3861 3988 λέ·

2315 4065 2481 4116 γοντα
2505 4047 2664 4117 τυχόν
2682 4063 2696 4077 ο
2739 4039 2807 4098 Ὦ
2834 4044 2941 4101 τῶν
2977 4044 3123 4114 ἐμῶν
3152 4043 3425 4115 ὑπηρέται
3451 4042 3623 4109 λόγων
3648 4036 3734 4091 καὶ
3759 4033 3863 4102 γνή-

2316 4159 2422 4195 σιοι
2479 4139 2752 4210 φοιτηταὶ,
2808 4140 2915 4203 ἕως
2976 4139 3075 4209 μὲν
3122 4140 3219 4193 σὺν
3283 4139 3417 4209 ὑμῖν
3472 4137 3570 4199 τὰς
3618 4126 3861 4199 διατριϐὰς

2315 4234 2618 4306 ἐποιούμην
2652 4234 2743 4287 ἐπὶ
2771 4232 2872 4302 τῆς
2906 4232 3041 4302 γῆς,
3094 4231 3535 4301 ἐπολιτευσάμην
3577 4227 3649 4288 ὡς
3685 4220 3861 4287 ἄνθρω·

2314 4344 2435 4393 πος,
2481 4328 2583 4380 οὑκ
2628 4326 2863 4396 ἄκρατον
2907 4325 3036 4395 ὑμῖν
3081 4324 3179 4389 τῆς
3226 4323 3483 4393 θεότητος
3522 4321 3619 4390 τὴν
3646 4312 3857 4382 ἐξουσίαν

2313 4417 2677 4491 ὲ’ττὲεδιειξόιμην
2707 4434 2719 4448 ⁸
2758 4414 2911 4472 εἰπόν
2936 4435 2997 4470 τε
3024 4418 3115 4471 καὶ
3146 4416 3407 4491 πέπραχα
3440 4412 3741 4486 πρεπόντως
3764 4417 3857 4464 πως

627 4517 784 4557 cesse
824 4511 982 4569 erat,
1022 4502 1243 4572 inquit,
1290 4503 1343 4557 in
1390 4502 1724 4560 humilitatis
1786 4502 1961 4558 forma
2007 4504 2204 4560 videri.

2323 4511 2411 4569 καὶ
2440 4508 2520 4579 τῷ
2543 4510 2643 4579 τῆς
2676 4509 3061 4572 ταπεινώσεως
3093 4508 3277 4579 μέτρῳ
3309 4509 3403 4560 καὶ
3437 4505 3514 4576 τῷ
3547 4504 3766 4574 σχήματι
3794 4492 3854 4561 τῷ

627 4592 786 4658 Quod
827 4593 1060 4650 decebat
1104 4592 1393 4651 observavi
1442 4594 2203 4665 prepterdispensationem:

626 4698 776 4739 nunc
801 4700 934 4739 vero
957 4686 1134 4755 palam
1179 4695 1235 4743 et.
1282 4696 1471 4759 aperte
1511 4687 1778 4757 polliceor
1814 4702 1900 4743 me
1932 4686 2206 4743 facturum

624 4793 686 4832 ea
710 4794 831 4850 quae
856 4777 949 4835 Dei
984 4789 1136 4845 sunt,
1169 4782 1239 4835 ab
1269 4781 1371 4837 hac
1400 4789 1511 4835 tam
1545 4782 1747 4837 illustri
1774 4783 1952 4855 gloria
1986 4783 2203 4839 Patrem

624 4885 733 4924 non
769 4871 1070 4931 excludens
1096 4915 1110 4938 ,
1146 4871 1241 4928 sed
1296 4881 1354 4926 ut
1402 4872 1747 4945 glorificetur
1781 4875 1834 4928 in
1869 4872 2029 4929 Filio.
2066 4874 2202 4932 Nam

625 4963 800 5020 Filius
837 4965 883 5019 si
927 4967 1289 5038 glorificetur,
1336 4970 1564 5024 omnino
1598 4969 1652 5024 in
1685 4985 1752 5025 eo
1786 4984 2011 5043 quoque
2042 4968 2207 5029 Pater

623 5057 1047 5128 gloriﬁcabitur.
1081 5057 1283 5115 Filium
1309 5062 1514 5132 quippe
1539 5072 1734 5119 natura
1759 5080 1859 5119 sua
1885 5062 2052 5120 Deum
2080 5081 2205 5127 esse

624 5146 815 5202 multis
862 5154 1025 5203 antea
1069 5146 1185 5217 jam
1231 5148 1674 5209 demonstratum
1717 5161 1840 5209 est:
1874 5154 1971 5209 sed
2004 5156 2199 5212 nihilo.

624 5237 806 5291 minus
835 5238 997 5293 etiam
1031 5239 1133 5295 hoc
1161 5256 1227 5297 ex
1258 5256 1325 5297 eo
1357 5251 1506 5312 patet
1531 5243 1680 5314 quod
1718 5254 2039 5301 sanctorum
2076 5263 2203 5302 ora-

623 5329 800 5383 tiones
825 5332 1079 5401 suscipit,
1108 5334 1300 5403 eisque
1328 5350 1455 5404 qua:
1508 5337 1765 5406 petierint
1797 5354 1865 5395 ac
1896 5340 2065 5396 velint
2090 5341 2204 5399 lar.

622 5422 787 5487 gitur.
822 5420 1109 5489 Quomodo
1140 5438 1275 5494 ergo
1310 5424 1472 5481 Pater
1504 5427 1557 5481 iu
1593 5443 1658 5483 eo
1685 5444 1793 5485 non
1827 5431 2205 5500 gloriliretur?

625 5512 694 5569 llt
719 5515 865 5569 enim
886 5516 1013 5585 jure
1039 5517 1281 5572 dedecus
1312 5518 1360 5571 ei
1390 5518 1609 5589 aliquod
1640 5521 1957 5585 inferretur.
1985 5528 2028 5580 si
2060 5524 2203 5583 Deus

622 5621 727 5661 ltOtI
752 5616 897 5661 esset
922 5618 1121 5663 natura
1148 5609 1194 5663 is
1218 5610 1313 5677 qui
1346 5625 1409 5663 ex
1440 5612 1559 5681 ipso
1585 5616 1879 5683 processit,
1903 5617 1984 5671 sic
2015 5620 2203 5690 gloriae

623 5701 853 5752 nmltum
877 5700 1132 5769 accipiet,
1159 5702 1203 5754 si
1235 5701 1401 5755 Deum
1424 5720 1612 5758 verum
1637 5706 1854 5771 habeat,
1884 5717 1935 5760 et
1963 5710 2197 5764 fructum

623 5803 688 5844 ex
726 5794 1031 5847 substantia
1063 5808 1160 5847 sua
1196 5796 1621 5865 procedentem,
1666 5799 1756 5868 qui
1788 5806 1841 5854 et
1879 5809 2081 5855 cuncta
2115 5801 2199 5855 fa—

2306 4601 2679 4673 δουλοπρεπεί.
2727 4599 2943 4670 Ἐπειδὴ
2974 4600 3030 4653 δὲ
3082 4599 3267 4654 λοιπὸν
3316 4601 3501 4653 ἐκεῖνα
3547 4590 3853 4663 καθηκόντως

2305 4695 2635 4756 τετέλεσται.
2690 4696 2785 4748 καὶ
2820 4693 3176 4765 πεπλήρωται
3230 4709 3321 4762 μοι
3372 4692 3471 4763 τῆς
3508 4687 3640 4762 μετά
3685 4678 3852 4753 capi-’4

2304 4784 2616 4855 οἰκονομίας
2642 4783 2701 4839 τὸ
2727 4785 3020 4854 μυστήριον
3043 4799 3057 4813 ο
3112 4784 3370 4854 πείσομαι
3397 4784 3505 4854 γὰρ
3531 4782 3648 4834 ὅσον
3673 4770 3851 4828 οὐδέπω

2304 4877 2396 4928 τὸν
2438 4876 2689 4941 θάνατον,
2732 4876 2825 4930 καὶ
2863 4875 3270 4947 ἐγερθήσομαι·
3326 4871 3630 4946 χαριεῖσθαι
3668 4868 3718 4920 δὲ
3747 4861 3850 4932 ὑμῖν

2309 4970 2720 5040 ἐπαγγέλλομαι
2764 4969 2856 5021 καὶ
2882 4968 2947 5022 τὰ
2976 4967 3057 5021 ἔτι
3086 4968 3308 5040 μείζονα
3348 4968 3458 5021 τῶν
3496 4966 3560 5019 δι’
3595 4957 3720 5031 ἐμοῦ
3748 4954 3849 5007 θαυ-

2312 5065 2498 5134 μάτων
2534 5061 2792 5117 δύνασθαι
2827 5060 3103 5134 πληροῦν,
3154 5061 3419 5133 παρόντος
3468 5060 3544 5113 ἔτι
3574 5054 3661 5111 τοῦ
3686 5042 3847 5134 καιρνῦ

2309 5132 2403 5210 καὶ
2428 5156 2523 5226 τῆς
2554 5156 2644 5210 ἐπὶ
2665 5154 2872 5218 τούτοις
2903 5132 3599 5225 φιλοτιμίας.ῐῖορεύσομαι
3617 5144 3714 5215 γὰρ
3736 5132 3846 5204 πρὸς

2308 5247 2399 5303 τὸν
2428 5247 2669 5319 Πατέρα,
2722 5243 3093 5317 συνεδρεύσων
3143 5243 3294 5315 αὑτῷ
3344 5240 3585 5314 δηλονότι
3625 5233 3709 5288 καί
3734 5241 3846 5319 συμ-

2309 5316 2667 5404 ϐασιλεύσων,
2696 5339 2771 5403 ὡς
2800 5316 2933 5402 Θεὸς
2965 5339 3028 5390 ἐκ
3060 5335 3217 5401 Θεοῦ,
3257 5331 3684 5397 ἀκατακαλύπτῳ
3709 5316 3843 5374 δυνά·

2313 5451 2404 5505 μει
2441 5434 2534 5489 καὶ
2564 5431 2798 5503 ἐξουσίᾳ,
2844 5473 2855 5485 .
2898 5471 2912 5485 .
2959 5472 2970 5485 .
3018 5469 3032 5483 .
3077 5470 3090 5484 .
3164 5429 3264 5499 τῆς
3308 5425 3542 5499 ἐμαυτοῦ
3576 5419 3767 5492 φύσεως
3797 5410 3844 5461 τὸ

2310 5524 2509 5583 διδόναι
2531 5528 2643 5589 τοῖς
2663 5523 2906 5595 γνησίοις
2931 5523 3000 5576 τὰ
3032 5522 3231 5592 ἀγαθά.
3271 5540 3289 5572 ε
3318 5521 3497 5593 Ὅπερ
3519 5517 3581 5573 ἂν
3598 5509 3841 5579 αἰτήσητε.
3890 5544 3897 5551 ε

2312 5618 2496 5689 φησιν,
2545 5619 2635 5672 ἐπὶ
2679 5616 2754 5688 τῷ
2800 5616 3025 5686 ὀνόματί
3061 5634 3183 5687 μου,
3215 5614 3371 5669 τοῦτο
3401 5614 3625 5683 ποιήσω,
3658 5623 3674 5654 t
3721 5610 3841 5689 τεξθ

2309 5685 2569 5781 λεσμένου
2617 5685 2947 5779 τοῦνκαιρού
2978 5685 3099 5763 καθ’
3133 5708 3188 5761 ὃν
3225 5708 3353 5765 ἔδει.
3388 5706 3566 5774 φησὶν,
3595 5701 3646 5750 ὲν
3672 5690 3739 5759 τῷ
3758 5685 3837 5781 τῆῖ

2308 5802 2687 5866 ταπεινώσεως
2728 5803 3009 5873 φαίνεσθαι
3044 5804 3299 5873 σχήματι.
3337 5800 3612 5871 Τετήρηκα
3642 5786 3694 5841 τὸ
3728 5773 3836 5839 πρέ·
