4096 6492
180 401 306 458 249

1191 386 1261 443 1N
1304 384 1594 445 JOANMS
1632 382 2080 442 EVANGELIUM
2119 383 2247 440 LIB.
2291 386 2379 442 lx.

3362 375 3470 431 350

183 537 303 575 πον
329 515 420 569 διὰ
455 514 554 585 τήν
587 509 900 580 οἰκονομίαν
927 526 942 541 ο
989 509 1106 561 νυνὶ
1137 507 1193 560 δὲ
1219 506 1405 560 λοιπὸν
1435 506 1776 561 ἀκατακαλύ-

1883 522 2011 561 cere
2038 514 2092 561 et
2118 509 2335 561 caeteris
2368 515 2425 561 ut
2454 505 2591 560 mira
2616 505 2827 560 iaciant
2858 499 3048 572 largiri
3086 497 3285 568 possit.
3313 493 3469 560 Quod

183 626 375 672 πτως,
414 607 489 668 ὠς
517 603 671 668 Θεὸς,
707 602 1024 673 ὲνεργήσειν
1073 597 1480 668 ἐπαγγέλλομαι
1523 598 1590 651 τὰ
1625 596 1778 662 Θεοῦ,

179 702 262 753 οὗ
296 700 388 755 τὸν
438 696 659 766 Πατέρα
703 695 800 763 τῆς
830 693 973 747 οὕτω
1002 692 1319 763 πρεπούσης
1350 691 1508 763 δόξης
1550 691 1779 756 ἐξωθού-

187 810 383 861 μενος.
408 791 521 846 ἀλλ’
553 791 639 843 ἵνα
669 788 895 858 δοξασθῇ
930 789 987 839 ἐν
1012 786 1089 858 τῷ
1120 786 1253 858 Υίῷ.
1283 785 1648 856 Δοξαζομένου
1674 786 1781 855 γὰρ

178 885 292 938 τοῦ
313 886 675 953 γεννήματος,
704 879 1093 951 δοξασθήσεται
1126 878 1342 941 πάντως
1372 880 1429 930 ὲν
1456 876 1605 947 αὐτῷ
1634 877 1727 931 καὶ
1753 878 1781 930 ὁ

179 979 466 1044 γεννήσας
509 974 692 1029 αὐτόν.
739 972 872 1035 Θεὸς
905 971 1016 1042 γὰρ
1048 971 1113 1024 ἂν
1147 971 1288 1024 κατὰ
1316 970 1477 1037 φύσιν
1518 970 1780 1040 ὑπάρχων

176 1068 214 1121 ὁ
267 1068 396 1131 Υἱὸς
440 1067 534 1121 καὶ
568 1066 654 1121 διὰ
698 1064 907 1119 πολλῶν
947 1064 1044 1133 μὲν
1088 1061 1289 1133 ἑτέρων
1324 1062 1734 1131 καταπέφανται
1762 1077 1776 1091 ⁸

178 1159 348 1214 οὐδὲν
399 1158 454 1213 δὲ
497 1153 661 1229 ἦττον
709 1156 804 1210 καὶ
850 1154 939 1209 διὰ
970 1155 1063 1208 τοῦ
1108 1154 1357 1225 δέχεσθαι
1402 1153 1501 1223 μὲν
1544 1153 1640 1218 τὰς
1672 1154 1779 1206 τῶν

176 1251 370 1316 ἁγίων
401 1249 586 1319 εὐχὰς,
629 1250 884 1319 χορηγεῖν
929 1247 985 1300 δὲ
1027 1248 1239 1312 αὐτοῖς,
1291 1246 1434 1315 ἅπερ
1469 1245 1533 1298 ἂν
1580 1248 1779 1298 αἰτοῖεν

178 1342 292 1398 καὶ
324 1342 616 1411 βούλοιντο.
670 1340 795 1403 Πῶς
841 1334 934 1393 οὖν
981 1339 1079 1393 οὐκ
1131 1338 1196 1392 ἂν
1239 1340 1267 1392 ὁ
1302 1338 1486 1407 Πατὴρ
1534 1339 1592 1389 ἐν
1630 1336 1779 1407 αὐτῷ

172 1432 504 1497 δοξαζοιτω
540 1424 751 1499 Ὥσπερ
778 1429 890 1499 γὰρ
927 1428 1021 1481 καὶ
1067 1429 1290 1488 εἰκότως
1333 1426 1400 1479 ἂν
1444 1426 1776 1496 κατεψέχθη,

175 1523 333 1582 Θεοῦ
361 1522 503 1577 κατὰ
529 1522 689 1591 φύσιν
719 1522 817 1574 οὐκ
846 1520 996 1583 ὄντος
1024 1519 1117 1572 τοῦ
1148 1518 1500 1589 προελθόντος
1528 1518 1584 1583 ἐξ
1612 1517 1777 1571 αὐτοῦ

172 1613 535 1683 γεννήματος
565 1628 577 1642 ο
629 1610 800 1674 οὕτως
831 1610 984 1663 ἔσται
1015 1609 1149 1663 πολὺ
1188 1609 1307 1662 λίαν
1352 1608 1599 1679 εὐκλεὴς,
1647 1608 1777 1661 Θεὸν

176 1705 335 1772 ἔχων
360 1703 633 1774 ἀληθινὸν,
673 1704 767 1757 καὶ
791 1701 861 1756 τὰ
901 1702 1082 1755 πάντα
1113 1701 1363 1771 ἰσχύοντα
1392 1701 1523 1771 δρᾷν
1551 1718 1609 1753 τε
1640 1701 1774 1770 ὁμοῦ

176 1796 287 1849 καὶ
320 1794 529 1866 ἑτέροις
556 1790 876 1865 χαρίζεσθαί
906 1793 994 1847 τὸν
1020 1795 1082 1847 ἐκ
1113 1793 1211 1864 τῆς
1242 1792 1430 1855 οὐσίας
1456 1791 1617 1845 αὐτοῦ
1646 1809 1777 1863 προ-

1890 599 1937 656 si
1969 598 2038 652 ad
2074 600 2303 668 gloriam
2341 598 2519 653 Patris
2546 606 2759 666 spectat
2794 594 2996 649 Filium
3031 590 3234 645 divinis
3269 601 3472 657 praero-

1890 691 2087 761 gativis
2108 706 2232 749 esse
2256 691 2638 761 Conspicuam,
2665 702 2913 758 quaenam
2945 685 3084 739 ratio
3108 680 3312 735 vetabit
3335 694 3472 747 quo-

1889 784 2074 839 minus
2095 782 2404 852 puniendus
2432 782 2503 836 sit
2523 781 2833 845 haereticus,
2855 778 2948 848 qui
2977 772 3279 844 impudenti
3311 772 3456 824 blas-

1888 874 2103 955 phemia
2136 875 2326 929 multis
2354 890 2480 929 eum
2520 876 2699 929 modis
2747 875 2969 928 elevare
2992 884 3102 923 non
3126 866 3200 921 sit
3227 862 3474 918 veritus?

1888 965 2103 1021 Addam
2137 974 2192 1025 et
2224 966 2369 1021 aliud
2394 965 2537 1035 quod
2567 965 2785 1019 illorum
2817 959 3192 1034 ignorantiam
3220 962 3275 1010 et
3301 955 3472 1022 impc-

1888 1058 2070 1111 ritiam
2092 1073 2200 1111 non
2236 1057 2610 1119 mediocriter,
2644 1066 2701 1109 ut
2732 1071 2876 1118 reor,
2916 1056 3219 1123 oppugnat.
3253 1044 3387 1099 Nam
3423 1042 3471 1098 si

1890 1148 2086 1202 Filium
2125 1163 2447 1216 precamur,
2489 1157 2541 1202 et
2573 1148 2642 1200 ab
2681 1161 2749 1201 eo
2781 1146 3073 1215 petitiones
3111 1138 3381 1210 petimus.
3417 1140 3473 1186 ει

1887 1241 2006 1311 ipse
2050 1241 2307 1293 daturum
2363 1255 2422 1295 se
2479 1239 2803 1309 pollicetur,
2865 1231 3142 1305 quomodo
3196 1244 3305 1282 non
3366 1223 3474 1280 erit

1886 1342 2086 1387 natura
2122 1331 2267 1387 Deus
2319 1338 2373 1385 et
2406 1346 2468 1385 ex
2513 1331 2620 1384 Deo
2653 1327 2894 1383 naturali
2955 1320 3224 1393 genitus?
3258 1315 3391 1371 Nam
3424 1313 3472 1369 si

1886 1428 2203 1485 istiusmodi
2239 1427 2314 1481 ita
2348 1442 2409 1482 se
2445 1426 2645 1479 habere
2676 1440 2781 1476 uou
2818 1419 3161 1475 existimant,
3192 1410 3288 1467 sed
3317 1420 3474 1462 crea-

1887 1529 2003 1575 tum
2041 1520 2271 1583 dicunt,
2298 1534 2409 1589 qua
2441 1519 2495 1573 in
2534 1533 2591 1572 re
2630 1515 2949 1570 differemus
2987 1506 3152 1580 805
3182 1504 3346 1559 abiis
3375 1500 3473 1571 qui

1885 1612 2078 1676 solem,
2111 1618 2207 1663 aut
2230 1610 2453 1673 coelum,
2483 1608 2602 1664 sive
2626 1616 3008 1660 creaturarum
3038 1601 3279 1667 aliquam
3309 1594 3471 1647 aliam

1886 1698 2184 1753 invocant?
2214 1699 2453 1753 Tametsi
2480 1697 2626 1753 enim
2655 1689 3141 1749 iuconsiderantim
3175 1700 3289 1743 suae
3317 1683 3475 1736 dede-

1885 1805 2014 1845 core
2046 1790 2261 1846 coufusi
2291 1797 2602 1845 creaturam
2641 1788 2857 1857 quidem
2887 1784 3066 1853 ipsum
3093 1794 3220 1836 esse
3242 1777 3470 1835 dicunt,

174 1888 418 1942 ελθόντα
437 1888 671 1958 καρπόν.
708 1888 770 1940 Εἰ
792 1886 848 1939 δὲ
875 1887 952 1949 είς
974 1884 1130 1950 δόξαν
1158 1883 1417 1937 συντείνει
1445 1881 1538 1935 τοῦ
1569 1882 1776 1952 [ἰατρὸς

1882 1882 2098 1939 caeteris
2127 1882 2415 1951 aequalem,
2454 1880 2547 1937 sed
2585 1894 2755 1949 supra
2784 1890 2976 1931 omnes
3002 1868 3303 1928 eminentia
3333 1879 3473 1932 qua—

173 1982 248 2033 τὸ
280 1983 343 2034 ὲν
375 1982 485 2042 τοῖς
516 1978 879 2049 θεοπρεπέσιν
912 1975 1217 2047 ἀξιώμασιν
1250 1975 1480 2045 ὁρᾶσθαι
1508 1973 1599 2027 τὸν
1627 1974 1774 2039 Υίὸν,

176 2075 348 2136 ποῖος
389 2071 485 2126 τοῦ
524 2069 849 2135 κολάζεσθαι
882 2070 1036 2138 λόγος
1065 2068 1325 2135 ἐξελεῖται
1356 2067 1449 2121 τὸν
1479 2066 1774 2138 αἱρετικὸν,

175 2164 568 2235 ἀναισχύντοις
587 2161 917 2231 δυσφημίαις
940 2157 1404 2230 κατασμικρύνειν
1425 2157 1589 2211 αὐτὸν
1616 2156 1777 2210 πολυο

175 2260 412 2328 τρόπεως
440 2258 500 2310 οὐ
528 2255 960 2319 καταδείσαντας
1001 2251 1144 2323 Ἐρῶ
1174 2251 1229 2304 δὲ
1256 2250 1393 2322 πρὸς
1421 2249 1631 2314 τούτοις
1656 2250 1773 2303 ἓτε-

176 2367 285 2419 ρον
323 2352 444 2413 ταῖς
479 2348 701 2402 ἐκείνων
737 2344 1117 2408 ἁπαιδευσίαις
1137 2342 1198 2397 οὐ
1238 2341 1497 2414 μετρίως,
1531 2341 1608 2403 ὡς
1634 2334 1773 2410 ἐγῷ-

181 2460 316 2511 μαι,
351 2441 678 2512 μαχόμενον.
722 2439 788 2494 Ei
817 2439 925 2509 γὰρ
952 2434 1227 2506 εὐχόμεθα
1251 2433 1329 2505 τῷ
1356 2432 1491 2504 Υίῷ,
1524 2433 1620 2487 κοιλ⁸
1646 2432 1776 2503 παρ’

1881 1974 2007 2031 dam
2032 1975 2322 2044 praeditum
2349 2013 2365 2038 ,
2394 1974 2575 2029 sciant
2606 1980 2787 2026 tamen
2846 1985 2905 2024 se
2962 1964 3329 2021 nihilominus
3368 1956 3472 2011 Pa-

1882 2066 1984 2121 tris
2013 2067 2247 2138 gloriam
2281 2066 2478 2122 lzedere
2502 2106 2516 2128 ,
2571 2066 2621 2120 id
2657 2074 2741 2119 est
2776 2061 2980 2118 Filium
3010 2100 3026 2125 ,
3072 2055 3296 2128 quando
3329 2053 3474 2106 inter

1881 2167 2168 2215 creaturas
2197 2175 2321 2215 eum
2350 2158 2647 2213 collocant.
2675 2155 2788 2211 Nec
2821 2155 2965 2210 enim
2992 2152 3259 2222 quaeritur
3285 2155 3470 2200 utrum

1883 2265 2080 2320 magna
2110 2252 2204 2316 sit,
2240 2266 2309 2303 an
2337 2265 2505 2320 parva
2533 2258 2811 2311 creatura.
2841 2247 2935 2303 sed
2968 2261 3036 2300 an
3059 2242 3288 2299 omnin
3314 2252 3472 2294 crea-

1882 2351 2005 2399 tura
2049 2345 2142 2409 sit,
2172 2360 2243 2400 an
2291 2359 2401 2398 non
2431 2344 2621 2414 potius
2648 2344 2790 2397 Deus
2830 2338 3135 2397 secundum
3179 2343 3432 2389 naturam
3454 2369 3470 2395 .

1882 2431 2030 2504 quod
2061 2449 2246 2491 verum
2273 2433 2498 2504 quidem
2525 2442 2629 2489 est.

180 2536 355 2591 αὐτοῦ
391 2532 661 2604 ζητοῦμεν
690 2530 759 2584 τὰ
786 2531 1082 2600 αἰτήματα,
1130 2527 1222 2581 καὶ
1251 2526 1412 2591 αὐτὸς
1476 2525 1676 2581 διδόναι
1745 2526 2267 2595 κατεπαγγέλλεται,
2315 2525 2431 2589 πῶς
2477 2526 2577 2579 οὐκ
2644 2523 2710 2579 ἂν
2769 2523 2854 2593 είη
2895 2520 3053 2589 φύσει
3091 2516 3223 2579 Θεὸς
3268 2512 3361 2566 καὶ
3409 2513 3474 2564 ὲκ

177 2630 327 2683 Θεοῦ
351 2602 608 2683 τοῦήκατὰ
636 2627 799 2696 φύσιν
823 2623 1249 2695 γεγεννημένοςς
1286 2620 1480 2691 Εἱγὰρ
1505 2621 1579 2691 μὴ
1640 2619 1811 2684 οὕτως
1886 2620 2033 2691 ἔχειν
2078 2619 2553 2690 ὑπολαμϐάνουσιν
2602 2615 2789 2675 αὐτὸν.
2834 2612 3058 2681 γενητὸν
3105 2609 3160 2661 δὲ
3204 2603 3345 2658 εἶναι
3386 2602 3473 2654 λέ-

177 2739 370 2792 γουσι,
412 2718 552 2772 κατά
577 2717 629 2770 τί
657 2718 928 2785 διοίσομεν
992 2714 1073 2766 ἔτι
1102 2712 1210 2765 τῶν
1245 2711 1694 2780 ἐπικαλουμένων
1752 2710 1844 2763 τὸν
1882 2710 2055 2781 ἥλιον,
2100 2710 2134 2781 ἢ
2168 2711 2258 2763 τὸν
2288 2708 2536 2782 οὐρανὸν,
2588 2707 2755 2777 ἧγουν
2787 2703 2972 2773 ἕτερόν
3005 2718 3057 2753 τι
3092 2698 3201 2751 τῶν
3236 2693 3466 2764 κτισμάο

172 2788 331 2874 τωνς
368 2808 557 2880 Είγὰρ
585 2808 698 2871 καὶ,
726 2806 932 2876 σφόδρα
962 2803 1284 2873 κακούργως
1308 2803 1405 2872 τῆς
1435 2801 1643 2854 ἑαυτῶν
1667 2800 1889 2869 ἀλογίας
1913 2802 1974 2855 τὸ
2018 2802 2252 2865 ἀκαλλὲς
2311 2798 2746 2868 δυσωπούμενοι,
2783 2796 2989 2864 κτίσμα
3059 2792 3156 2862 μὲν
3225 2788 3473 2855 λέγουσιν

173 2900 354 2957 αὐτὸν
400 2877 469 2953 ὲν
493 2877 592 2969 ἴσῳ
624 2899 739 2960 τοῖς
771 2896 949 2953 ἄλλοις
983 2894 1297 2963 κτίσμασιν,
1335 2891 1666 2961 ἀσύγκριτον
1712 2891 1769 2944 δέ
1806 2908 1928 2945 τινα
1950 2892 2049 2961 τὴν
2082 2891 2225 2944 κατὰ
2247 2890 2465 2943 πάντων
2491 2888 2635 2959 ἔχειν
2661 2886 2935 2956 ὑπεροχήν
2961 2899 2973 2913 ο
3054 2879 3165 2933 ἀλλ’
3237 2877 3474 2931 ίστωσαν

172 2998 263 3049 ὅτι
291 2993 447 3046 οὐδὲν
467 2986 628 3062 ἦττον
656 2986 903 3060 ὑϐριοῦσι
933 2986 1033 3053 τὴν
1055 2984 1149 3038 τοῦ
1177 2982 1387 3054 Πατρὸς
1450 2982 1628 3047 δόξαν,
1692 2982 1838 3035 τοῦτ’
1876 2982 1994 3035 ἔστι
2012 2982 2103 3035 τὸν
2138 2981 2288 3043 Υἰὸν,
2320 2979 2434 3033 ἐστ’
2456 2978 2520 3033 ἂν
2547 2979 2710 3033 αὐτὸν
2741 2975 3054 3046 ἐναρίθμιον
3081 2970 3310 3036 λέγωσιν
3335 2965 3473 3026 εἶναι

171 3090 299 3151 τοῖς
349 3060 758 3153 πεποιημένοις.
808 3079 881 3131 Τὸ
910 3078 1017 3148 γὰρ
1052 3075 1382 3147 ζητούμενόν
1415 3077 1561 3129 ἐστιν
1589 3075 1691 3129 οὐκ
1725 3077 1772 3128 εί
1814 3074 1957 3145 μέγα
1994 3075 2156 3145 τυχόν
2200 3076 2348 3127 ἐστιν
2396 3072 2431 3142 ἢ
2491 3070 2686 3142 μικρὸν
2739 3068 2984 3138 ποίημα,
3035 3061 3148 3118 ἀλλ’
3216 3060 3264 3113 εί
3338 3061 3472 3126 ὅλως

174 3177 418 3248 γενητὸς
445 3174 538 3227 καὶ
571 3172 768 3243 μᾶλλον
808 3169 931 3238 οὐχὶ
957 3168 1088 3229 Θεὸς
1115 3168 1254 3222 κατὰ
1281 3165 1460 3234 φύσιν,
1492 3168 1630 3237 ὅπερ
1661 3166 1777 3220 ἐστὶ
1815 3167 1910 3219 καὶ
1940 3165 2159 3235 ἀληθές.

266 3245 418 3322 Ἐάν
458 3283 513 3318 τι
554 3262 839 3329 αἰτήσητε
879 3261 949 3313 ἐν
992 3258 1070 3325 τῷ
1116 3260 1364 3328 ὀνόματί
1398 3276 1547 3328 μου,
1597 3259 1771 3315 τοῦτο

1946 3256 2096 3320 XIV,
2151 3257 2231 3312 l4.
2290 3255 2351 3311 Si
2391 3252 2516 3325 quid
2569 3251 2826 3323 petieritis
2865 3250 2919 3305 in
2958 3249 3168 3302 nomine
3209 3263 3342 3310 meo,
3378 3245 3474 3299 hoc

176 3362 449 3429 ποιήσω.

270 3450 775 3523 ’Δπημφιεσμένως
819 3449 920 3519 ήδη
968 3448 1132 3519 φησὶν
1177 3448 1290 3511 ὅτι,
1335 3447 1468 3511 Θεὸς
1516 3446 1777 3518 ὑπάρχων

178 3545 463 3617 ἀληθινὸς,
495 3540 837 3613 προσδέξεται
870 3540 966 3610 μὲν
990 3541 1082 3593 καὶ
1102 3539 1220 3593 λίαν
1241 3539 1485 3603 εὐπετῶς
1507 3540 1603 3602 τὰς
1628 3539 1779 3609 παρὰ

179 3640 299 3693 τῶν
336 3636 485 3692 ίδίων
531 3633 717 3703 εὐχὰς,
770 3633 1070 3704 χορηγήσει
1103 3631 1159 3684 δὲ
1203 3631 1295 3684 καὶ
1331 3630 1536 3705 σφόδρα
1571 3629 1776 3700 προθύ-

184 3749 330 3802 μως,
381 3728 525 3797 ὅπερ
560 3725 626 3780 ἂν
665 3725 963 3796 βούλωνται
1006 3722 1214 3787 λαϐεῖν,
1261 3722 1576 3793 χαρίσματα
1600 3722 1655 3775 δὲ
1681 3721 1775 3793 δη-

180 3824 367 3878 λονότι
396 3818 744 3892 πνευματικὰ
770 3818 866 3872 καὶ
911 3816 1011 3885 τῆς
1041 3815 1249 3870 ἄνωθεν
1282 3812 1591 3883 φιλοτιμίας
1628 3813 1772 3879 ἄξια.

180 3917 302 3971 Καὶ
335 3916 433 3984 οὐχ
462 3915 537 3976 ὡς
565 3914 664 3981 τῆς
700 3913 886 3982 ἑτέρου
922 3907 1333 3978 φιλανθρωπίας
1356 3906 1618 3970 διάκονος,
1653 3904 1774 3959 οὔτε

184 4010 299 4081 μὴν
332 4009 412 4073 ὡς
454 4005 742 4075 ἀλλοτρίας
772 4002 1110 4073 ἡμερότητος
1157 3998 1430 4069 ὑπουργὸς
1457 3999 1525 4051 τὰ
1552 3997 1779 4052 τοιαῦτά

180 4117 378 4171 φησιν,
413 4099 527 4151 ἀλλ’
556 4097 629 4159 ὡς
655 4096 793 4165 ἔχων
822 4095 880 4147 ὲν
907 4092 1125 4162 ἐξουσίᾳ
1150 4090 1216 4143 τὰ
1250 4089 1449 4151 πάντα,
1498 4088 1637 4158 μετὰ
1667 4089 1778 4141 Ila—

181 4192 315 4260 τρδς
339 4190 439 4244 καὶ
471 4188 631 4250 αὐτὸς
665 4187 948 4256 ὑπάρχων,
980 4186 1008 4237 ὁ
1033 4183 1099 4236 δι’
1127 4176 1188 4236 οὗ
1216 4181 1284 4235 τὰ
1310 4181 1510 4244 πάντα,
1543 4180 1695 4250 παρά
1718 4197 1777 4235 τε

180 4284 348 4357 ήμῶν
377 4285 457 4342 είς
488 4280 643 4341 Θεὸν,
680 4278 774 4331 καὶ
800 4279 879 4340 είς
907 4276 1056 4346 ἡμᾶς
1095 4274 1227 4345 παρ’
1254 4272 1442 4329 αὐτοῦ.
1497 4272 1596 4325 Διὰ
1621 4270 1778 4326 τοῦτο

181 4376 284 4429 καὶ
333 4373 548 4435 Παῦλος
593 4373 681 4425 ἀεὶ
736 4367 1173 4437 συνεζευγμένας
1226 4364 1326 4427 τὰς
1386 4364 1496 4417 τῶν
1555 4362 1777 4431 ἀγαθῶν

181 4467 458 4537 χορηγίας
510 4466 624 4526 τοῖς
667 4462 840 4528 ἀξίοις
889 4459 1219 4528 ιπεύχεται,
1273 4456 1489 4524 λέγων·
1554 4475 1570 4506 ι
1601 4455 1777 4526 Χάρις

182 4561 317 4630 ὑμῖν
341 4559 436 4612 καὶ
458 4557 647 4627 εἰρήνη
680 4554 788 4608 ἀπὸ
811 4552 1020 4622 [ἰατρὸς
1050 4548 1206 4621 ἡμῶν
1235 4548 1328 4601 καὶ
1359 4547 1563 4619 Κυρίου
1601 4546 1776 4617 Ἰησοῦ

183 4650 449 4722 Χριστοῦ.
484 4668 503 4700 ι
552 4647 663 4701 Καὶ
703 4647 767 4699 οὐ
810 4645 874 4714 δή
907 4661 989 4706 τις
1014 4642 1137 4694 νοῦν
1170 4640 1311 4711 ἔχων
1337 4641 1581 4709 οἰήσεται
1613 4638 1776 4691 πάλιν

181 4744 258 4805 ὡς
312 4741 422 4812 ἰδίᾳ
470 4740 568 4810 μέν
609 4755 731 4794 τινα
775 4736 935 4807 χάριν
983 4732 1196 4786 δίδωσιν
1244 4731 1272 4783 ὁ
1312 4729 1522 4801 Πατὴρ,
1569 4729 1675 4800 ίδίᾳ
1720 4730 1778 4785 δὲ

186 4836 382 4905 ὥσπερ
428 4833 522 4887 καὶ
552 4831 657 4887 ἀνὰ
693 4829 857 4901 μέρος
910 4822 976 4881 αὖ
1024 4825 1186 4879 πάλιν
1216 4826 1244 4879 ὁ
1289 4822 1417 4886 Υἱός
1446 4841 1458 4853 ο
1514 4822 1628 4876 ἀλλ’
1661 4820 1778 4874 ἔστι

188 4925 294 4993 μὶν
342 4926 373 4995 ή
425 4922 564 4990 αὐτὴ
607 4923 702 4975 κα)⁸
754 4920 873 4989 μία,
923 4919 971 4971 εί
1014 4918 1109 4970 καὶ
1161 4914 1230 4969 δι’
1282 4916 1484 4984 ἀμφοῖν
1533 4913 1773 4980 λέγεται.

186 5017 435 5069 ΙΙοιεῖται
460 5013 590 5082 γοῦν
621 5015 770 5084 ὅμως
794 5011 861 5065 τὰ
908 5010 1087 5065 πάντα
1122 5008 1276 5078 παρὰ
1307 5008 1519 5078 Πατρὸς
1545 5007 1611 5060 δι’
1645 5005 1775 5060 Υἰοῦ

185 5109 297 5169 τοῖς
342 5103 517 5169 ἀξίοις
551 5103 619 5158 τὰ
648 5101 850 5170 ἀγαθὰ,
892 5101 985 5155 καὶ
1016 5102 1048 5171 ή
1078 5099 1186 5153 τῶν
1229 5100 1390 5155 Θείων
1420 5098 1777 5170 χαρισμάτων

186 5197 442 5268 διανομὴ,
494 5197 594 5251 οὐκ
644 5197 703 5249 ὲν
753 5193 1057 5264 ὑπουργίας
1098 5192 1249 5260 τάξει
1307 5190 1773 5263 παραληφθέντος,

188 5290 444 5361 καθάπερ
480 5290 812 5361 εἰρήκαμεν,
865 5286 979 5340 ἀλλ’
1013 5285 1089 5349 ὡς
1123 5285 1447 5356 συνδοτῆρος
1494 5286 1589 5338 καὶ
1641 5300 1774 5353 συγ-

192 5381 428 5454 χορηγοῦ
456 5380 747 5452 νοουμένου
776 5397 834 5433 τε
861 5379 956 5432 καὶ
986 5378 1323 5450 ὑπάρχοντος
1378 5377 1485 5450 [αι.
1533 5376 1769 5448 ἐνυπάρ-

188 5475 397 5547 χοντος]
432 5467 664 5546 ἀληθῶς.
713 5473 827 5527 Μία
856 5472 964 5541 γὰρ
992 5475 1023 5540 ἡ
1057 5472 1160 5540 τῆς
1188 5471 1439 5540 θεότητος
1471 5468 1632 5538 φύσις
1656 5468 1773 5522 ὲστί

189 5584 244 5621 τε
288 5569 380 5625 καὶ
419 5565 562 5621 οὕτω
600 5564 938 5619 πιστεύεται.
978 5561 1099 5615 Κᾶν
1129 5560 1238 5631 γὰρ
1272 5561 1352 5623 είς
1384 5560 1603 5630 Πατέρα
1636 5560 1771 5613 πλαιν

192 5662 412 5729 τύνηται
459 5659 551 5711 καὶ
593 5657 720 5709 Υἰὸν
760 5657 852 5708 καὶ
882 5656 960 5717 είς
1003 5655 1062 5706 τὸ
1092 5653 1315 5722 Πνεῦμα
1342 5654 1402 5706 τὸ
1435 5655 1604 5722 ἆγιον,
1655 5654 1770 5706 ἀλλ’

263 5838 304 5867 ³⁸
338 5837 352 5891 l
388 5838 519 5891 Cor.
558 5851 675 5901 vm,
716 5837 767 5889 ti.
849 5834 890 5865 ⁵⁸
931 5831 1165 5903 Philipp,
1206 5847 1245 5898 t,
1287 5832 1339 5885 2.

1807 4607 1850 4665 Β

1879 3355 2096 3422 faciam.

1949 3447 2155 3514 Aperte
2193 3443 2308 3512 jam
2350 3441 2427 3494 ait
2466 3456 2527 3495 se
2554 3481 2569 3505 ,
2620 3454 2745 3494 cum
2782 3437 2924 3491 Deus
2960 3435 3036 3492 sit
3066 3448 3234 3488 verus
3261 3472 3275 3495 ,
3315 3430 3477 3487 facile

1879 3539 2099 3608 quidem
2141 3550 2371 3590 suorum
2422 3548 2614 3603 preces
2653 3537 3011 3599 accepturum
3040 3567 3054 3590 ,
3113 3537 3167 3579 et
3221 3531 3477 3593 prompte

1879 3630 2169 3685 admodum
2207 3626 2532 3695 largiturum
2557 3638 2681 3692 qua:
2714 3620 2996 3690 petierint.
3034 3616 3303 3686 spiritalia
3332 3616 3475 3666 dona

1879 3723 2141 3778 nimirum
2172 3728 2225 3774 et
2260 3733 2502 3787 superna
2530 3712 2911 3769 munificentia
2943 3710 3127 3779 digna.
3157 3707 3345 3775 Neque
3377 3723 3473 3759 vc-

1880 3832 1940 3870 ro
1973 3825 2031 3868 ut
2057 3796 2247 3867 alienae
2276 3807 2636 3879 benignitatis
2666 3820 2731 3860 ac
2759 3801 3025 3858 bonitatis
3061 3798 3317 3852 minister
3360 3799 3476 3852 haec

1879 3909 1994 3970 ait,
2044 3906 2140 3960 sed
2186 3912 2244 3957 ut
2284 3903 2378 3971 qui
2420 3902 2474 3954 in
2510 3905 2785 3969 potestate
2827 3911 2925 3950 sua
2982 3900 3185 3947 cuncta
3234 3889 3473 3955 haheat,

1878 4014 2000 4052 eum
2028 3995 2189 4051 Patre
2220 4002 2272 4049 et
2311 3995 2427 4062 ipse
2458 3992 2740 4046 assistens
2764 4029 2778 4052 ,
2837 3986 2888 4040 is
2921 3999 3017 4054 per
3038 3996 3203 4052 quem
3238 3981 3425 4034 omnia
3456 4018 3474 4045 ,

1877 4098 1931 4144 et.
1961 4106 1991 4142 a
2028 4090 2186 4144 nobis
2218 4089 2272 4141 in
2313 4087 2482 4140 Deum
2512 4125 2525 4149 ,
2561 4092 2616 4137 et
2649 4083 2702 4135 in
2744 4095 2846 4133 nos
2883 4077 2953 4131 ab
2984 4077 3107 4145 ipso
3138 4074 3206 4128 “.
3262 4072 3477 4128 Idcirco

1877 4183 2041 4236 etiam
2070 4181 2276 4235 l’aulus
2309 4178 2642 4247 coniunctas
2676 4172 2884 4243 pariter
2920 4169 3192 4223 honorum
3226 4163 3478 4234 largitio-

1879 4290 1976 4328 nes
2015 4273 2199 4342 dignis
2230 4284 2446 4340 semper
2476 4274 2810 4335 apprecatur
2840 4302 2855 4326 ,
2908 4260 3103 4315 dicens
3149 4278 3161 4312 :
3222 4275 3241 4309 ι
3280 4254 3473 4310 Gratia

1877 4364 2035 4421 vobis
2084 4373 2140 4419 et
2188 4378 2290 4431 pax
2328 4375 2357 4413 a
2394 4361 2505 4414 Deo
2554 4356 2716 4411 Patre
2750 4360 2945 4408 nostro
2985 4359 3039 4406 et
3080 4349 3313 4401 Domino
3344 4345 3476 4401 Jesu

1877 4458 2107 4514 Christo
2148 4456 2212 4508 ³⁸.
2254 4474 2271 4506 ι
2322 4452 2509 4523 Neque
2543 4464 2674 4506 vero
2721 4447 3017 4517 quisquam
3069 4458 3217 4496 sana:
3273 4439 3477 4497 mentis

1880 4550 2155 4621 putaverit
2208 4547 2429 4601 Patrem
2489 4543 2722 4600 seorsim
2782 4539 3006 4609 quidem
3064 4534 3300 4605 gratiam
3365 4530 3474 4584 ali-

1880 4659 2043 4715 quam
2097 4657 2163 4696 ac
2212 4640 2449 4696 seorsim
2501 4636 2702 4689 Filium
2759 4629 3021 4698 elargiri,
3066 4629 3159 4681 sed
3207 4639 3371 4678 unam
3410 4636 3476 4677 ac

1881 4738 2127 4793 eamdem
2180 4750 2340 4798 esse,
2395 4733 2524 4785 licet
2577 4730 2645 4782 ab
2696 4737 2932 4793 utroque
2982 4721 3222 4775 dicatur.
3260 4717 3475 4770 Cuncta

1880 4833 2087 4902 quippe
2114 4829 2257 4882 bona
2284 4827 2467 4897 dignis
2509 4822 2807 4877 traduntur
2832 4832 2861 4870 a
2895 4814 3061 4868 Patre
3102 4826 3196 4881 per
3227 4808 3427 4863 Filium
3456 4849 3472 4875 ,

1880 4933 1935 4978 et
1963 4923 2277 4977 divinarum
2310 4917 2615 4989 gratiarum
2650 4914 2709 4966 iit
2740 4906 3066 4964 distributio
3092 4945 3105 4968 ,
3138 4918 3249 4957 non
3283 4912 3468 4955 tamen

1883 5026 2141 5085 tanquam
2177 5029 2273 5082 per
2296 5011 2613 5065 ministrum
2644 5046 2658 5070 ,
2707 5002 2803 5059 sed
2836 5015 2933 5070 per
2968 5014 3092 5052 eum
3129 4996 3222 5065 qui
3255 4994 3476 5048 coular-

1879 5105 2025 5175 gitor
2066 5103 2426 5174 intelligatur,
2464 5107 2517 5151 et
2555 5103 2639 5150 est
2666 5107 2813 5148 vere.
2849 5089 2968 5144 Una
2987 5088 3261 5157 siquidem
3298 5085 3475 5139 deita-

1879 5199 1952 5252 tis
1976 5207 2169 5252 natura
2204 5204 2289 5250 est
2318 5204 2483 5263 atque
2515 5192 2587 5244 ita
2614 5186 2883 5242 creditur.
2904 5183 3059 5238 Licet
3090 5181 3241 5235 enim
3271 5188 3468 5233 exteu.

1879 5289 2045 5344 datur
2082 5289 2136 5341 in
2182 5287 2401 5340 Patrem
2438 5293 2492 5338 et
2524 5281 2724 5336 Filium
2764 5292 2827 5332 ac
2864 5283 3118 5331 sanctum
3153 5271 3422 5343 Spiritum
3454 5308 3470 5333 ,

1879 5393 2224 5449 nequaquam
2284 5385 2467 5429 tamen
2527 5372 2923 5441 unusquisque
2973 5368 3044 5421 ab
3081 5368 3257 5419 altern
3310 5363 3472 5433 plane

1878 5469 2161 5527 diducitur
2190 5476 2352 5536 atque
2378 5474 2689 5536 separatur.
2724 5462 2899 5517 Recte
2930 5461 3141 5530 quippe
3166 5458 3469 5511 sentientes

1878 5565 2127 5619 dicemus
2156 5576 2221 5617 ex
2264 5559 2423 5615 Patre
2454 5575 2578 5614 esse
2613 5567 2669 5612 et
2720 5556 2776 5609 in
2808 5553 2976 5608 Patre
3014 5548 3341 5605 naturaliter
3374 5542 3465 5597 [εἰς

1880 5656 2035 5723 lium,
2073 5670 2139 5710 ex
2170 5668 2344 5724 eoque
2374 5660 2425 5706 et
2459 5652 2512 5707 in
2543 5667 2631 5714 eo,
2662 5659 2712 5703 et
2740 5648 2832 5719 qui
2865 5643 3123 5716 proprius
3148 5640 3270 5709 ejus
3303 5644 3466 5706 atque
