4096 6498
608 350 707 406 231

1611 345 1670 402 S.
1712 344 1989 405 CYRlLLI
2027 346 2500 407 ΑιΕΧΑΝυιιιΝῐ
2542 348 2864 411 ΑΒΟΠΙΕΡ-.

3790 353 3909 412 13!

612 463 803 520 fraude
845 463 914 519 ad
963 464 1127 519 unius
1163 478 1228 517 ac
1260 463 1374 519 veri
1423 461 1518 518 Dei
1550 464 1885 532 agnitionem
1936 480 2196 522 revocare

2314 472 2393 524 (αἰ
2427 470 2507 533 είς
2540 469 2602 521 τὸ
2637 467 2828 523 δοκοῦν
2854 467 3039 530 αὐτοῖς
3064 464 3397 519 ἀύουλότατα
3430 463 3908 537 παρατρέποντας

610 557 936 622 conabatur,
970 556 1061 627 qui
1084 556 1357 611 creaturis
1383 554 1500 610 suis
1523 556 1690 609 vitam
1716 566 1915 611 etesse
1946 557 2197 627 largitur.

611 654 822 708 Cuncta
850 653 1055 723 quippe
1085 650 1347 716 vivilicat,
1370 649 1481 703 vita
1509 663 1634 703 cum
1666 650 1739 705 sit
1772 650 2077 705 secundum
2108 666 2202 705 na-

614 763 821 811 turam,
862 746 1246 801 universorum
1290 741 1501 812 Opifex,
1531 757 1646 797 suae
1687 744 2043 813 proprietatis
2091 744 2200 799 vim

612 847 694 899 eis
727 840 1077 895 inell'abiliter
1121 836 1440 891 infundens.
1464 834 1576 890 Nec
1610 837 1755 890 enim
1782 837 1943 891 aliter
1977 852 2204 893 conser-

595 936 732 991 vari
767 941 990 1005 possent
1028 934 1080 985 in
1131 946 1254 985 esse
1280 944 1383 983 suo
1414 946 1535 999 qua!
1570 940 1753 985 ortum
1802 931 2022 986 enihiio
2045 945 2204 1001 cepe-

617 1037 745 1083 runt
780 1046 791 1083 :
828 1025 1034 1094 alioqui
1067 1027 1211 1080 enim
1244 1025 1311 1079 ad
1345 1039 1502 1079 suam
1552 1033 1809 1078 naturam
1842 1022 2109 1085 redirent,
2145 1022 2200 1077 id

596 1130 699 1176 .est
726 1122 780 1174 in
830 1119 1086 1182 nihilum,
1128 1118 1237 1173 nisi
1293 1117 1691 1187 conjunctione
1734 1124 1789 1171 et
1833 1116 2104 1170 relatione
2134 1116 2200 1171 ad

612 1231 739 1269 cum
807 1215 899 1284 qui
948 1222 1032 1269 est
1072 1213 1157 1268 sui
1212 1222 1369 1267 ortus
1424 1212 1796 1265 infirmitatem
1854 1218 2199 1280 superarent.

613 1303 784 1360 Recte
838 1305 1023 1374 itaque
1089 1305 1311 1358 divinus
1361 1302 1569 1357 Paulus
1633 1302 1837 1368 aiebat,
1899 1301 2203 1358 ostendens

614 1396 785 1451 Deum
846 1397 1234 1450 universorum
1276 1396 1446 1450 vitam
1477 1409 1620 1457 esse,
1656 1409 1759 1449 nos
1812 1394 1865 1447 iu
1898 1409 1963 1448 eo
1998 1395 2199 1459 vivere,

611 1500 666 1543 et
706 1489 940 1547 moveri.
970 1495 1180 1542 etesse
1237 1506 1250 1541 :
1286 1503 1397 1541 non
1430 1487 1619 1557 utique
1677 1485 1998 1557 signiﬁcans
2043 1484 2199 1551 illud,

614 1578 760 1650 quod
788 1578 891 1647 ipsi
916 1578 1009 1647 qui
1042 1592 1322 1631 sacrarum
1340 1576 1675 1631 Litterarum
1706 1584 1910 1629 rectam
1937 1577 2201 1629 rationem

616 1678 1039 1739 corrumpentes
1070 1669 1135 1722 ad
1167 1684 1327 1723 suum
1353 1684 1586 1740 scopum
1612 1670 1912 1735 ﬁnxerunt,
1933 1670 2028 1723 sed
2056 1670 2200 1739 quod

614 1778 807 1817 verum
838 1768 958 1816 erat
984 1770 1039 1815 et
1076 1761 1169 1815 Det
1199 1762 1514 1832 cognitione
1554 1776 1731 1829 nuper
1766 1761 1992 1816 imbutis
2028 1763 2198 1816 utilis-

2309 562 2377 616 τὰ
2408 562 2527 616 λίαν
2559 561 2736 633 όρθῶς
2769 559 3052 631 εἰρημένα.
3098 558 3355 630 Ἀθήνῃσι
3388 558 3487 629 μὲν
3519 559 3626 629 γᾶρ
3652 558 3912 627 γεγονὼς

2308 656 2336 708 6
2381 654 2650 725 μακάριος
2694 652 2923 715 Παῦλος,
2972 647 3092 704 εἶτα
3142 650 3277 703 πολὺ
3331 650 3452 703 λίαν
3500 650 3580 712 είς
3635 649 3912 703 πολύθεον

2311 745 2519 817 πλάνην
2567 744 3003 814 ἁνεπτοημένους
3054 741 3230 811 ὁρῶν,
3282 740 3459 794 καίτοι
3509 738 3711 809 σοφοὺς
3760 733 3911 793 εἶναι

2310 838 2772 908 πεπιστευμένους
2828 836 2955 897 τοὺς
3011 835 3189 886 ἐκεῖσε
3238 832 3439 897 λαοὺς,
3490 829 3911 902 παρακομίζειν

2310 933 2508 994 αὐτοὺς
2537 931 2795 1000 ἐπειρᾶτο
2826 930 2924 998 τῆς
2950 926 3183 997 ἀρχαίας
3217 926 3455 995 ἀπάτης,
3488 928 3599 988 τοῖς
3634 925 3720 987 εἰς
3748 925 3913 977 εὑσέ-

2310 1025 2464 1077 ὁειαν
2494 1023 2773 1092 λογισμοῖς
2809 1019 3064 1089 μεταθεὶς
3097 1018 3312 1087 εὐφυῶς
3342 1020 3421 1081 εἰς
3463 1018 3524 1071 τὸ
3557 1021 3765 1090 χρῆναι
3796 1018 3902 1070 lor.-

2311 1119 2410 1171 πὺν
2438 1118 2531 1169 ἕνα
2557 1133 2615 1168 τε
2658 1117 2753 1169 καὶ
2797 1113 2957 1185 μόνον
2987 1112 3187 1166 εἰδέναι
3224 1110 3378 1174 Θεὸν,
3420 1113 3530 1174 τοῖς
3565 1107 3700 1182 παρ’
3736 1110 3911 1163 αὑτοῦ

2310 1210 2559 1279 γεγονόσι
2589 1208 2681 1260 καὶ
2720 1207 2782 1260 τὸ
2822 1206 3086 1260 κινεῖσθαι
3125 1204 3217 1257 καὶ
3255 1203 3354 1275 ζῇν
3397 1204 3490 1257 καὶ
3525 1199 3668 1258 εἶναι

2315 1319 2493 1373 μενον.
2551 1302 2818 1368 Ζωογονεῖ
2874 1296 2982 1369 γάρ
3030 1297 3101 1351 τὰ
3156 1298 3355 1361 πάντα,
3408 1296 3520 1367 ζωὴ
3564 1296 3714 1351 κατὰ
3744 1296 3909 1365 φύσιν

2313 1393 2573 1463 ὑπάρχων
2604 1392 2633 1443 6
2664 1390 2882 1443 πάντων
2916 1388 3279 1459 Δημιουργὸς,
3304 1388 3401 1458 τῆς
3452 1386 3589 1452 ιδίας
3638 1387 3907 1457 ἰδιότητος

2314 1485 2540 1547 ἐντιθεὶς
2566 1484 2821 1556 ἀρρήτως
2846 1483 3028 1545 αὐτοῖς
3056 1480 3155 1552 τὴν
3180 1480 3429 1550 δύναμιν.
3454 1480 3528 1534 Ού
3557 1480 3668 1551 γὰρ
3690 1475 3765 1550 ἦν
3789 1480 3907 1533 ἑτέ-

2313 1596 2423 1649 ρως
2446 1576 2805 1641 διασώζεσθαι
2839 1576 2974 1648 πρὸς
3004 1576 3064 1629 τὸ
3102 1570 3238 1628 εἶναι
3279 1573 3722 1646 διακρατούμενα
3747 1574 3817 1626 τά
3844 1575 3904 1627 ἐκ

2311 1670 2405 1723 τοῦ
2437 1669 2511 1742 μὴ
2537 1670 2705 1732 ὅντως
2732 1666 2847 1740 [γρ.
2878 1665 3053 1738 δντος]
3079 1667 3309 1738 λαχόντα
3331 1665 3428 1736 τὴν
3451 1664 3667 1733 γένεσιν
3688 1682 3702 1696 ·
3737 1664 3773 1733 ἢ
3800 1664 3904 1734 γὰρ

2314 1764 2381 1817 ἂν
2408 1762 2570 1826 εὐθὺς
2602 1764 2682 1825 εἰς
2709 1761 2808 1832 τὴν
2841 1761 3047 1815 οἰκείαν
3092 1759 3424 1828 ύπενόστησε
3456 1758 3640 1827 φύσιν,
3672 1758 3824 1828 φημὶ
3855 1758 3907 1810 δὲ

616 1856 843 1909 simum.
886 1854 1087 1923 Atque,
1121 1861 1180 1906 ut
1208 1854 1452 1923 apertius
1487 1854 1796 1922 loquamur,
1835 1869 1944 1907 non
1974 1853 2087 1922 jam
2133 1853 2209 1907 si-

2314 1855 2448 1924 πρὸς
2488 1855 2550 1907 τὸ
2592 1853 2666 1925 μὴ
2705 1848 2844 1906 εἶναι
2891 1852 3076 1917 πάλιν,
3121 1854 3170 1905 εί
3223 1852 3297 1922 μὴ
3345 1853 3411 1921 τῇ
3458 1850 3593 1920 πρὸς
3641 1850 3742 1902 τὸν
3782 1849 3904 1902 ὄντα

615 1947 887 2018 gniﬁcare
923 1946 1097 1998 voluit
1122 1960 1247 2007 nos,
1276 1959 1399 1998 cum
1422 1952 1618 1999 natura
1642 1946 1894 1999 homines
1924 1946 2120 2007 simus,
2154 1946 2207 1998 in

616 2037 928 2092 substantia
954 2034 1136 2091 Patris
1165 2053 1290 2092 esse
1310 2036 1525 2107 positos
1557 2044 1611 2091 et
1646 2036 1811 2108 794
1831 2037 1988 2108 quasi
2016 2037 2069 2089 in
2089 2037 2210 2106 ipso

617 2130 927 2193 exsistere,
989 2130 1083 2183 sed
1123 2144 1225 2184 nos
1282 2130 1490 2196 vivere,
1541 2139 1598 2185 et
1646 2131 1700 2185 in
1753 2131 1864 2186 Deo
1903 2145 2048 2194 esse,
2096 2131 2211 2184 sive

615 2219 944 2275 subsistere.
980 2218 1230 2275 Observa
1267 2220 1414 2275 enim
1450 2236 1563 2275 non
1593 2222 1921 2291 simpliciter
1950 2229 2004 2276 et
2045 2222 2209 2276 abso-

615 2308 730 2363 lute
752 2308 958 2371 dicere,
992 2324 1092 2363 nos
1119 2309 1297 2364 solum
1324 2309 1381 2363 in
1402 2308 1512 2364 Deo
1533 2326 1675 2374 esse,
1707 2319 1929 2382 propter
1952 2322 2128 2375 tuam,
2154 2319 2212 2365 ut

616 2400 879 2456 credibile
900 2408 1005 2465 est,
1032 2400 1392 2470 imperitiam,
1434 2415 1467 2453 ο
1507 2402 1689 2465 bone;
1749 2401 1845 2456 sed
1875 2402 2029 2455 vario
2049 2402 2212 2456 modo

615 2493 763 2561 quod
792 2490 980 2546 dicere
1006 2492 1186 2546 voluit
1219 2492 1574 2562 explicando,
1604 2494 1895 2562 prmmisso
1925 2494 2043 2560 illo,
2079 2495 2211 2548 uivi-

616 2598 757 2644 mus,
791 2582 990 2638 deinde
1030 2582 1240 2647 addito,
1272 2599 1563 2644 movemur.
1604 2584 1672 2638 ad
1723 2591 2034 2639 extremum
2062 2586 2213 2640 intu-

617 2674 770 2737 lisse,
809 2690 1015 2741 sumus,
1044 2684 1104 2728 ut
1138 2675 1569 2744 praacedentium
1602 2689 1826 2731 sensum
1855 2677 2209 2745 exprimeret.

616 2766 887 2837 Equidem
948 2768 1209 2845 existimo
1264 2765 1360 2822 Dei
1426 2767 1644 2824 hostem
1697 2769 1851 2824 hisce
1901 2770 2213 2826 rationibus

618 2864 805 2918 forsan
827 2861 1125 2917 confusum
1158 2862 1266 2928 iri;
1296 2862 1395 2916 sed
1419 2862 1465 2917 si
1486 2878 1686 2918 rursus
1707 2863 1954 2929 insultet,
1982 2874 2036 2919 et
2055 2864 2211 2927 illud,

619 2955 675 3008 in
707 2953 835 3018 Deo,
872 2951 940 3006 ad
983 2953 1201 3007 libitum
1238 2969 1399 3010 suum
1444 2954 1799 3025 detorqueat,
1824 2956 2098 3012 divinitus
2127 2957 2215 3011 in-

620 3048 843 3117 spirata:
873 3045 1143 3099 doctrina:
1169 3046 1632 3102 consuetudinem
1664 3048 2039 3106 ostendemus.
2066 3048 2215 3105 Solet

619 3140 767 3194 enim
814 3138 904 3191 illa
937 3137 1274 3207 quandoque
1316 3153 1417 3208 pro
1450 3153 1516 3193 eo
1544 3138 1689 3208 quod
1747 3148 1852 3205 est,
1883 3156 1975 3209 per
2020 3141 2211 3207 Deum,

620 3231 826 3296 dicere,
881 3233 937 3284 in
990 3230 1121 3285 Deo.
1179 3230 1399 3301 Alioqui
1452 3232 1790 3302 respondeat
1843 3234 2120 3303 quomodo
2160 3235 2213 3289 in

621 3322 859 3379 Psalmis
889 3323 1215 3378 clamaverit
1245 3322 1413 3378 David
1454 3340 1468 3377 :
1513 3343 1529 3375 ι
1572 3323 1630 3379 lu
1666 3324 1775 3381 Deo
1802 3324 2067 3382 faciemus
2103 3329 2217 3381 vir-

623 3421 798 3469 tutem
828 3415 914 3480 ";
982 3434 1000 3466 ι
1043 3415 1171 3469 item
1207 3416 1271 3470 ad
1310 3414 1486 3486 ipsum
1527 3414 1693 3470 Deum
1762 3432 2022 3473 sermone
2084 3434 2217 3475 con-

623 3521 787 3562 verso
822 3525 835 3560 :
870 3525 888 3559 ι
918 3508 979 3561 ln
1004 3515 1056 3562 te
1092 3508 1349 3563 inimicos
1396 3518 1618 3565 nostros
1656 3510 2051 3566 ventilabimus
2095 3525 2219 3566 cor-

623 3615 696 3654 nu
729 3599 800 3654 “.
835 3617 854 3651 ι
888 3597 1001 3655 Nec
1030 3601 1174 3655 enim
1201 3599 1253 3654 id
1284 3601 1355 3655 ab
1385 3616 1451 3655 eo
1480 3602 1589 3656 dici
1619 3603 1908 3673 quisquam
1936 3603 2218 3660 existima-

624 3692 781 3757 verit,
824 3692 985 3762 quasi
1010 3692 1063 3746 in
1096 3693 1405 3747 substantia
1431 3693 1521 3749 Dei
1550 3695 1810 3750 virtutem
1835 3695 2131 3765 quamdam
2157 3712 2217 3751 sc

625 3780 900 3837 facturum
959 3784 1215 3854 recipiat,
1254 3800 1355 3839 nec
1385 3785 1441 3840 in
1489 3786 1606 3856 ipsa
1645 3789 1738 3858 qui
1792 3803 1924 3845 suos
1960 3789 2217 3844 inimicos

622 3871 957 3928 offenderint
993 3891 1090 3931 eos
1114 3875 1484 3933 ventilaturos
1514 3894 1689 3934 cornu
1715 3880 2013 3938 Psalmista
2045 3884 2214 3945 dicat,

623 3966 718 4020 sed
743 3967 798 4020 in
841 3965 952 4021 Deo
985 3968 1081 4032 ait,
1110 3984 1207 4038 pro
1243 3985 1309 4024 eo
1343 3970 1492 4040 quod
1522 3979 1629 4037 est,
1658 3990 1749 4041 per
1776 3972 1961 4041 Deum,
1990 3985 2045 4031 et
2082 3976 2214 4030 illud

622 4062 678 4115 in
714 4069 784 4128 te,
827 4077 1047 4128 rursus,
1094 4077 1195 4131 pro
1233 4079 1300 4117 eo
1347 4065 1494 4135 quod
1542 4075 1649 4133 est,
1688 4079 1874 4137 perte.
1915 4068 2036 4124 Jam
2085 4088 2216 4127 vero

622 4167 724 4207 cur
782 4155 973 4208 beatus
1040 4151 1244 4209 Paulus
1303 4155 1608 4212 Corinthiis
1664 4160 1913 4216 scribens
1992 4164 2209 4218 aiebat:

629 4263 649 4295 α
687 4241 904 4299 Gratias
933 4260 1035 4315 ago
1058 4244 1166 4300 Deo
1189 4262 1311 4301 meo
1343 4263 1441 4317 pro
1472 4250 1734 4306 omnibus
1769 4253 1921 4308 vobis
1944 4254 1997 4308 in
2036 4257 2213 4326 gratia

625 4336 718 4392 Dei
752 4353 873 4407 qua:
896 4338 1022 4391 data
1052 4346 1137 4395 est
1177 4340 1334 4395 vobis
1366 4342 1418 4395 in
1452 4341 1675 4397 Christo
1707 4342 1957 4400 Jesu"?i
1988 4346 2051 4402 Et
2087 4364 2212 4402 rur-

623 4444 722 4484 sus
755 4446 770 4482 :
816 4447 833 4480 ‹
902 4428 976 4483 Ex
1026 4430 1148 4500 ipso
1178 4439 1359 4487 autem
1402 4449 1497 4490 vos
1539 4436 1675 4492 estis
1707 4437 1760 4491 in
1798 4437 2021 4494 Christo
2059 4439 2211 4505 Jesu,

2314 1946 2496 2015 σχέσει
2527 1946 2627 2015 τῆς
2668 1948 2875 2009 οἰκείας
2912 1946 3182 2015 γενέσεως
3216 1944 3437 2012 ἐνίκησε
3464 1942 3560 2014 τὴν
3592 1941 3903 1996 ἀσθένειαν.

2316 2038 2460 2109 Ἔφη
2506 2038 2798 2110 τοιγαροῦν
2834 2041 2861 2091 6
2908 2038 3197 2100 θεσπέσιος
3240 2036 3450 2099 Παῦλος
3492 2034 3670 2105 ὀρθῶς
3720 2051 3785 2088 τε
3822 2036 3907 2087 καὶ

2316 2131 2460 2202 μάλα
2489 2130 2688 2194 καλῶς,
2717 2130 2862 2202 ζωὴν
2884 2129 2993 2183 τῶν
3013 2129 3151 2183 ὅλων
3180 2127 3491 2192 ἐπιδεικνὺς
3517 2126 3612 2180 τὸν
3636 2126 3803 2191 Θεὸν,
3838 2126 3905 2190 ὡς

2313 2228 2371 2279 ὲν
2419 2224 2566 2295 αύτῷ
2612 2222 2818 2294 ζῶμεν,
2868 2223 2963 2277 καὶ⁵
3018 2221 3349 2293 κινούμεθα,
3404 2219 3500 2275 καὶ
3548 2220 3763 2291 ὲσμέν·
3816 2220 3911 2272 οὐκ

2312 2321 2490 2371 ἐκεῖνο
2537 2317 2754 2380 πάντως
2806 2314 3003 2387 δηλῶν,
3067 2316 3205 2385 ὅπερ
3252 2314 3408 2367 αὐτοὶ
3442 2313 3541 2384 τὴν
3591 2313 3709 2365 τῶν
3751 2313 3912 2384 ἱερῶν

2315 2412 2664 2485 Γραμμάτων
2713 2411 2981 2484 ὀρθότητα
3023 2409 3494 2481 παραφθείροντες
3543 2407 3912 2462 διεπλάσαντο

2315 2506 2435 2558 κατ’
2468 2505 2668 2557 οἰκεῖον
2710 2505 2932 2569 σκοπὸν,
2975 2503 3091 2558 ἀλλ’
3138 2504 3274 2574 ὅπερ
3303 2498 3370 2574 ἦν
3419 2500 3619 2573 ἀληθὲς
3666 2502 3771 2554 καὶ
3805 2502 3913 2558 τοῖς

2314 2599 2438 2667 ἄρτι
2490 2597 3030 2668 παιδαγωγουμένοις
3064 2598 3143 2660 εἰς
3177 2595 3507 2665 θεογνωσίαν
3557 2592 3913 2664 ὠφελιμώτα-

2313 2707 2426 2746 τον.
2471 2689 2582 2742 Καὶ
2615 2689 2664 2741 εί
2698 2688 2781 2741 δεῖ
2809 2689 3142 2758 σαφέστερον
3174 2689 3369 2749 εἰπεῖν,
3394 2687 3499 2740 οὐκ
3544 2686 3627 2739 ἔτι
3668 2682 3912 2757 σημῆναι

2318 2781 2639 2853 βεϐούληται
2676 2781 2758 2833 ὅτι
2793 2780 3070 2852 ἄνθρωποι
3110 2780 3210 2849 τὴν
3247 2779 3408 2849 φύσιν
3437 2779 3829 2849 τυγχάνοντες,
3859 2778 3913 2830 ἐν

2314 2878 2381 2946 τῇ
2410 2874 2567 2945 οὐσίᾳ
2614 2870 2708 2926 τοῦ
2760 2871 2968 2944 Πατρδς
3021 2871 3253 2942 κείμεθά
3303 2888 3364 2924 τε
3415 2871 3510 2925 καὶ
3546 2871 3623 2934 ὠς
3665 2870 3829 2934 ὄντες
3860 2871 3914 2923 ὲν

2316 2967 2466 3039 αὐτῷ
2514 2966 2837 3039 φαινόμεθα,
2884 2965 2998 3019 ἀλλ’
3041 2966 3122 3019 ὅτι
3179 2963 3275 3018 καὶ
3327 2963 3532 3034 ζῶμεν,
3584 2964 3681 3017 καὶ
3734 2962 3915 3017 κινού-

2321 3058 2481 3130 μεθα,
2522 3058 2614 3112 καὶ
2658 3057 2825 3126 ἐσμὲν
2853 3059 2916 3109 ὲν
2949 3053 3088 3125 Θεῷ,
3123 3055 3241 3125 ἦτοι
3276 3055 3710 3123 συνεστήκαμεν.
3751 3052 3914 3115 Σύνες

2240 3200 2286 3257 C
2318 3152 2426 3223 γὰρ
2448 3151 2523 3215 ὼς
2550 3151 2647 3221 οὐχ
2684 3148 2871 3211 ἁπλῶς
2906 3165 2965 3201 τε
3005 3147 3099 3200 καὶ
3128 3145 3429 3216 ἀνειμένως
3453 3143 3556 3215 ἔφη
3589 3143 3670 3208 τὸ,
3705 3144 3795 3197 ὅτι
3830 3142 3914 3213 μό-

2319 3262 2407 3298 νον
2443 3244 2608 3315 ὲσμὲν
2636 3242 2696 3295 ὲν
2724 3241 2864 3311 Θεῷ,
2896 3240 2983 3293 διὰ
3031 3238 3129 3310 τὴν
3163 3237 3282 3310 σὴν,
3313 3237 3389 3301 ὡς
3430 3235 3599 3300 είκδς,
3642 3235 3907 3305 ἀμαθίαν,

2316 3328 2364 3386 ὦ
2392 3335 2511 3398 τᾶν,
2547 3331 2682 3385 ἀλλὰ
2713 3330 3006 3401 διαφόρως,
3041 3330 3180 3398 ὅπερ
3219 3327 3487 3398 ἠθέλησεν
3525 3326 3704 3378 είπεῖν
3736 3327 3913 3396 ἑρμη-

2317 3426 2509 3487 νεύων,
2535 3424 2630 3477 καὶ
2661 3422 2722 3475 τὸ
2757 3421 2942 3491 ζῶμεν
2969 3419 3265 3493 προτάξας,
3308 3417 3604 3487 ἐπαγαγὼν
3645 3417 3705 3470 δὲ
3740 3416 3911 3487 τούτῳ

2318 3520 2411 3573 καὶ
2437 3518 2498 3571 τὸ
2534 3516 2875 3586 κινούμεθα,
2902 3514 3083 3586 τρίτον
3115 3515 3365 3586 ἐπήγαγε
3390 3511 3451 3565 τὸ
3479 3511 3692 3582 ἐσμὲν,
3712 3513 3783 3583 τῇ
3808 3511 3911 3565 τῶν

2318 3609 2701 3684 προλαόόντων
2726 3607 2931 3678 διανοίᾳ
2971 3606 3068 3661 καὶ
3113 3604 3245 3659 αὐτὸ
3281 3604 3661 3677 χαριζόμενος.
3696 3605 3812 3658 Καὶ
3839 3600 3911 3657 οἷ-

2318 3726 2420 3778 μαι
2460 3706 2558 3776 μὲν
2602 3707 2685 3760 ὅτι
2729 3703 3043 3775 δυσωπήσει
3088 3701 3229 3772 τάχα
3263 3717 3368 3754 που
3403 3700 3497 3753 τὸν
3524 3699 3798 3770 θεομάχον
3824 3701 3911 3767 6p-

2320 3799 2427 3864 Θῶς
2460 3800 2599 3870 ἔχων
2633 3799 2767 3867 ἡμῖν
2803 3799 2832 3850 ό
2863 3795 2994 3867 περὶ
3034 3792 3227 3848 τούτου
3254 3793 3446 3862 λόγος·
3488 3792 3832 3862 ἐνισταμένῳ
3856 3790 3907 3844 δὶ

2319 3895 2503 3956 πάλιν,
2533 3893 2626 3947 καὶ
2655 3892 2716 3944 τὸ
2759 3891 2830 3944 ἐν
2859 3888 2939 3955 τῷ
2973 3888 3095 3951 Θεῷ
3127 3887 3509 3958 περιέλκοντες
3547 3884 3664 3958 [πρ.
3697 3885 3909 3955 περιέλ-

2318 3987 2487 4058 κοντι]
2532 3985 2667 4057 πρὸς
2694 3984 2754 4037 τὸ
2780 3981 2928 4054 αὐτῷ
2972 3981 3065 4035 καὶ
3098 3981 3244 4052 μόνῳ
3282 3978 3494 4043 δοκοῦν,
3525 3977 3625 4046 τῆς
3657 3976 3906 4030 θεοπνεύ-

2319 4095 2445 4131 στου
2477 4076 2700 4147 Γραφῆς
2736 4076 2836 4146 τὴν
2883 4074 3172 4143 συνήθειαν
3218 4069 3576 4139 ἐπιδείξομεν.
3610 4067 3777 4131 Ἕθος
3805 4067 3904 4136 γάρ

2317 4170 2454 4239 αὐτῇ
2486 4167 2665 4236 λέγειν
2696 4166 2806 4219 ἔσθ’
2833 4166 2921 4219 ὅτε
2955 4166 3076 4219 ἀντὶ
3105 4161 3201 4217 τοῦ
3240 4161 3339 4216 διὰ
3370 4159 3537 4223 Θεοῦ,
3570 4158 3632 4212 τὸ
3664 4158 3737 4212 ἐν
3766 4157 3900 4222 Θεῷ.

2330 4260 2489 4313 Ἐπεὶ
2510 4258 2716 4327 λεγέτω
2736 4257 2845 4329 γὰρ
2867 4258 3071 4319 ἐκεῖνος
3094 4256 3248 4325 ἡμῖν,
3274 4252 3390 4317 πῶς
3424 4253 3482 4306 ὲν
3514 4250 3767 4322 Ψαλμοῖς
3788 4249 3903 4301 ἀνα-

2317 4354 2557 4421 κέκραγε
2587 4351 2760 4419 λέγων
2797 4365 2915 4411 τις·
2951 4369 2968 4399 ε
3017 4347 3107 4401 Ἐν
3130 4345 3209 4416 τῷ
3246 4343 3366 4415 Θεῷ
3413 4343 3716 4413 ποιήσομεν
3752 4339 3901 4393 δύνα-

2321 4460 2445 4514 μιν’
2483 4462 2500 4494 ι
2535 4443 2630 4496 καὶ
2683 4441 2843 4495 πάλιν
2890 4439 2966 4502 ὡς
3019 4438 3156 4510 πρὸς
3208 4437 3401 4490 αὐτόν’
3441 4452 3460 4485 ι
3504 4434 3595 4488 Ἐν
3651 4433 3737 4485 σοὶ
3784 4432 3900 4493 τοὺς

624 4522 721 4589 (ιιιὶ
757 4520 937 4577 factus
967 4529 1051 4577 est
1100 4525 1260 4579 nobis
1290 4527 1560 4597 sapientia
1590 4545 1619 4582 a
1649 4528 1779 4596 Deo,
1805 4541 1857 4586 et
1891 4534 2129 4602 justitia,
2159 4544 2209 4590 et

2318 4531 2547 4604 ἐχθροὺς
2594 4530 2751 4602 ἡμῶν
2790 4528 3172 4601 κερατιοῦμεν.
3212 4547 3232 4579 ι
3262 4526 3340 4582 Ού
3373 4526 3480 4596 γὰρ
3517 4524 3580 4593 δή
3621 4540 3706 4586 τις
3738 4522 3901 4593 οἰήσε-

625 4613 1013 4679 sauctilicatio,
1064 4625 1118 4670 et
1152 4615 1463 4688 redemptio
1506 4621 1605 4673 “.i
1642 4619 1900 4692 Nunquid
1924 4625 2095 4691 enim,
2125 4627 2211 4679 in-

624 4706 779 4776 quiet
833 4707 1133 4777 prudenter
1178 4707 1364 4765 forsan
1399 4712 1624 4781 aliquis,
1687 4716 1941 4769 traditam
1989 4718 2209 4775 coalitus

623 4799 930 4855 Corinthiis
950 4801 1181 4869 gratiam
1211 4803 1263 4856 in
1298 4803 1415 4874 ipsa
1440 4804 1645 4863 Christi
1668 4808 1995 4864 substantia
2025 4811 2206 4867 datam

624 4891 702 4944 ait
728 4889 1045 4960 Apostolus,
1085 4902 1178 4948 aut
1210 4896 1418 4967 aliquid
1446 4899 1593 4954 aliud
1626 4900 1754 4955 huic
1792 4902 1977 4958 simile
2012 4904 2213 4959 intelli-

625 4983 752 5052 git?
788 4983 854 5037 At
884 4985 1161 5053 quomodo
1192 5003 1303 5043 non
1337 4990 1483 5045 istud
1520 4994 1717 5063 nugari
1746 4994 1993 5050 sit?Cur
2024 4996 2212 5068 itaque

625 5089 910 5129 sacrarum
954 5075 1287 5134 Litterarum
1333 5085 1796 5140 consuetudinem
1843 5097 2098 5144 ενοι-ιειιε
2158 5099 2210 5145 εί

625 5164 771 5220 beati
810 5164 966 5220 Pauli
1004 5178 1241 5223 mentem
1275 5174 1562 5242 cavillans,
1591 5192 1716 5233 esse
1743 5194 1844 5233 nos
1868 5180 1922 5232 in
1947 5179 2079 5247 Deo,
2105 5182 2211 5239 hoc

624 5269 710 5313 est
733 5258 789 5312 in
824 5260 1134 5316 substantia
1164 5262 1365 5328 Patris,
1408 5268 1510 5332 ais,
1540 5286 1666 5323 cum
1702 5272 1862 5327 audis
1890 5289 2014 5327 eum
2041 5277 2207 5333 Athe-

625 5352 714 5408 nis
753 5354 1140 5424 praedicantem
1180 5377 1192 5413 :
1255 5376 1272 5409 ι
1310 5358 1447 5427 Quia
1512 5363 1565 5415 in
1619 5362 1740 5433 ipso
1782 5365 2041 5432 vivimus,
2092 5384 2211 5423 mo-

628 5457 822 5497 vemur
872 5456 925 5498 et
954 5447 1189 5502 sumus?
1226 5466 1245 5499 ι
1285 5448 1527 5513 Atenim,
1558 5450 1731 5519 inquit
1770 5458 2207 5524 perniciosorum

623 5530 939 5604 dogmatum
999 5536 1279 5607 magister,
1337 5537 1781 5610 quandoquidem
1836 5544 1933 5599 tibi
1992 5545 2210 5600 videtur

624 5626 868 5691 illud,in
894 5625 1004 5681 Deo
1049 5644 1179 5695 esse,
1218 5639 1364 5687 recte
1411 5633 1644 5707 intelligi
1692 5652 1792 5707 pro
1816 5652 1882 5693 eo
1912 5638 2058 5709 quod
2104 5648 2209 5701 est,

701 5800 745 5833 "
776 5798 919 5857 Psal.
950 5819 1065 5871 ιιι,
1095 5807 1176 5861 Η.
1256 5811 1300 5841 ⁸³
1334 5807 1480 5867 Psal.
1524 5827 1656 5867 xuii
1680 5853 1696 5880 ,
1724 5812 1777 5867 6.

2315 4643 2407 4678 ται
2451 4623 2609 4677 τοῦτο
2651 4624 2830 4692 λέγειν
2879 4621 3061 4685 αὐτὸν,
3108 4621 3184 4685 ὡς
3231 4621 3289 4672 ἐν
3328 4622 3395 4690 τῇ
3440 4618 3599 4689 ούσίᾳ
3641 4615 3737 4669 τοῦ
3772 4613 3899 4669 Θεοῦ

2315 4716 2543 4788 δύναμίν
2584 4732 2696 4768 τινα
2728 4715 3152 4786 δημιουργήσειν
3197 4710 3612 4781 ἐπαγγέλλεται,
3644 4707 3763 4761 ἀλλ’
3788 4705 3899 4759 οὐδὲ

2317 4813 2375 4864 ὲν
2408 4810 2545 4880 αὐτῇ
2591 4809 2717 4872 τοὺς
2762 4808 2923 4871 ἰδίους
2965 4807 3193 4879 ἐχθροὺς
3239 4804 3591 4873 εὑρίσκοντας
3635 4801 3900 4872 κερατιεῖν

2316 4902 2514 4965 αὐτοὺς
2564 4903 2591 4954 6
2633 4899 2850 4969 ψάλλων
2892 4900 3075 4969 φησὶν,
3124 4896 3238 4951 ἀλλ’
3279 4897 3350 4949 ἐν
3391 4892 3512 4959 Θεῷ
3547 4909 3733 4963 φησιν,
3790 4889 3900 4943 ἀντὶ

2318 4992 2411 5046 τοῦ
2458 4992 2555 5047 διὰ
2604 4992 2786 5045 Θεοῦ·
2821 4991 2913 5044 καὶ
2940 4989 3002 5041 τὸ
3032 4990 3101 5042 ἐν
3129 4989 3229 5042 σοὶ
3281 4986 3465 5053 πάλιν,
3498 4984 3620 5038 ἀντὶ
3667 4980 3764 5035 τοῦ
3811 4979 3899 5033 διὰ

2316 5084 2453 5138 σοῦ.
2496 5083 2561 5136 Τί
2601 5085 2658 5137 δὲ
2694 5084 2788 5137 καὶ⁹
2833 5085 2860 5137 6
2902 5083 3169 5155 μακάριος
3211 5079 3422 5143 Παῦλος
3458 5076 3767 5149 Κορινθίοις
3793 5076 3900 5127 επι-

2321 5175 2554 5228 στέλλων
2587 5175 2772 5242 ἔλεγεν
2796 5193 2810 5242 ;
2843 5194 2860 5225 ι
2898 5174 3219 5246 Εὐχαριστῶ
3241 5173 3319 5243 τῷ
3348 5170 3467 5242 Θεῷ
3497 5186 3599 5242 μου
3624 5170 3752 5237 περὶ
3774 5168 3897 5220 πάν-

2316 5286 2424 5322 των
2456 5267 2611 5339 ὑμῶν
2664 5269 2754 5320 ἐπὶ
2805 5270 2871 5338 τῇ
2924 5268 3139 5337 δοθείσῃ
3185 5267 3314 5336 ὑμῖν
3361 5265 3420 5317 ὲν
3467 5261 3690 5333 Χριστῷ
3734 5257 3895 5331 Ἰησοῦ

2317 5362 2521 5432 χάριτι.
2560 5380 2578 5412 ι
2612 5361 2721 5412 Καὶ
2762 5359 2959 5413 πάλιν*
2998 5378 3016 5410 α
3067 5358 3156 5424 Ἐξ
3189 5356 3354 5412 αὑτοῦ
3392 5356 3449 5410 δὲ
3502 5354 3660 5424 ὑμεῖς
3699 5352 3820 5403 ἔστε
3843 5350 3894 5403 ἐν

2316 5452 2539 5523 Χριστῷ
2580 5451 2774 5524 Ἰησοῦ,
2822 5452 2880 5515 ὃς
2926 5450 3155 5521 ἐγενήθη
3205 5452 3336 5521 ἡμῖν
3379 5446 3538 5517 σοφία
3592 5444 3701 5499 ἀπὸ
3745 5441 3889 5502 Θεοῦ,

2316 5544 2628 5617 δικαιοσύνη
2661 5562 2721 5597 τε
2751 5546 2846 5599 καὶ
2869 5543 3162 5615 ἁγιασμὸς,
3189 5544 3281 5596 καὶ
3310 5540 3684 5611 ἀπολύτρωσις
3731 5531 3890 5605 »Ἆρα

2320 5636 2449 5708 γὰρ,
2479 5637 2593 5708 ἐρεῖ
2622 5655 2704 5701 τις
2733 5636 3020 5707 νουνεχῶς,
3047 5637 3128 5691 ὅτι
3158 5636 3256 5708 τὴν
3290 5633 3729 5705 ἀπονεμηθεῖσαν
3762 5628 3888 5684 ἀνω·

1863 5816 1901 5845 ’⁸
1938 5813 1956 5867 ί
1995 5813 2125 5868 Cor.
2152 5831 2189 5883 ι,
2221 5814 2273 5868 4,
2354 5815 2397 5845 ¹¹
2436 5814 2572 5869 ibid.
2601 5814 2688 5869 5U.
