4096 6480
151 461 252 518 ἰδῦ

1212 457 1280 513 IN
1318 450 1606 515 JOANNIS
1644 449 2093 518 EVANGELIUM
2137 449 2266 514 Lm.
2309 451 2400 515 ix.
3145 441 3149 446 ’
3289 462 3399 520 254

151 581 235 632 θεν
263 577 368 639 τοῖς
404 569 711 645 Κορινθίοις
737 572 894 645 χάριν
932 574 989 627 ιν
1022 573 1158 645 αὐτῇ
1181 572 1247 645 τῇ
1272 573 1431 646 οὐσίᾳ
1463 575 1557 628 τοῦ
1586 571 1715 647 Χρι-

1820 591 1912 644 per
1937 569 2127 640 Deum,
2163 571 2294 642 quid
2336 571 2540 628 frustra
2579 570 2825 640 nugaris,
2863 581 2955 625 aut
3007 588 3106 626 cur
3143 573 3403 644 blasphe-

150 667 266 723 ιιτού
304 665 550 721 δεδόσθαι
601 665 762 736 φησὶν
801 667 830 718 ὁ
877 665 1338 738 ῃεύματοφόρος,
1384 665 1552 738 ἧγουν
1588 667 1717 720 ἀκο-

147 761 334 823 λούθως
380 757 561 827 τούτῳ
607 756 664 810 τὸ
708 755 897 828 ἓτερον
930 755 1261 828 ὲκλήψεταις
1308 757 1418 810 Καὶ
1460 749 1576 821 πῶς
1617 755 1718 811 οὐκ

148 857 206 909 ἄν
230 851 394 925 ὁρῷτο
436 849 624 921 ληρῶν
649 865 662 915 ;
692 849 758 901 Τί
791 849 967 902 τοίνυν
1001 849 1095 902 καὶ
1125 849 1257 903 αὐτὸ
1299 850 1361 902 τδ
1403 849 1514 903 τῶν
1557 850 1721 921 ἱερῶν

149 941 475 1015 Γραμμάτων
516 939 815 1010 παραλύων
847 937 986 1004 ἔθος,
1031 940 1124 993 καὶ
1171 939 1269 1011 τὴν
1314 939 1407 993 τοῦ
1446 939 1718 1010 μακαρίου

146 1034 341 1089 Παύλου
399 1031 602 1104 βουλὴν
659 1032 1108 1103 συκοφαντήσας,
1156 1033 1421 1103 ὑπάρχειν
1463 1033 1613 1102 ἡμᾶς
1662 1031 1720 1087 ὲν

145 1128 268 1198 Θεῷ,
300 1125 445 1180 τοῦτ’
489 1125 643 1181 ἐστιν
697 1127 755 1178 ὲν
908 1125 1066 1197 οὐσίᾳ
1112 1125 1204 1179 τοῦ
1250 1127 1482 1198 Πατρὸς,
1517 1125 1720 1196 λέγεις,

143 1223 255 1274 ὅταν
279 1218 521 1290 ἀκούσῃς
560 1220 672 1282 τοῖς
710 1220 767 1271 ὲν
810 1219 1065 1292 Ἀθήνῃσι
1097 1219 1418 1283 διειπόντος’
1455 1238 1472 1269 ι
1513 1220 1633 1272 ’Ότι
1662 1220 1720 1273 ἐν

143 1311 277 1380 αὐτῷ
305 1305 509 1378 ζῶμεν,
567 1309 661 1362 καὶ
704 1309 1039 1378 κινούμεθα,
1091 1309 1186 1362 και)⁸
1236 1309 1441 1378 ὲσμέν;
1499 1329 1516 1360 ι
1561 1305 1721 1362 Ἀλλὰ

141 1403 240 1463 ναὶ,
283 1399 446 1469 φησὶν
488 1397 518 1452 6
563 1398 673 1452 τῶν
721 1399 982 1470 ὀλεθρίων
1029 1399 1314 1470 δογμάτων
1344 1397 1718 1470 προεστηκὼς,

141 1493 249 1546 ὲπεί
277 1510 354 1546 σοι
393 1490 546 1546 δοκεῖ
587 1493 681 1546 καὶ
715 1491 890 1564 ὀρθῶς
925 1491 1070 1562 ἔχειν
1114 1491 1450 1561 φαίνεταιτὸ
1493 1492 1562 1544 ἐν
1599 1485 1721 1556 Θεῷ

140 1583 298 1650 εἶναι,
342 1586 436 1637 καὶ
486 1584 729 1638 νοεῖσθαι
770 1585 870 1639 διὰ
916 1583 1087 1649 Θεοῦ,
1119 1584 1171 1638 τί
1203 1585 1378 1656 μάτην
1417 1581 1721 1652 καταφλυα-

145 1677 282 1746 ρεῖς;
332 1673 384 1727 τί
434 1673 492 1729 δὲ
540 1677 656 1738 τοῖς
695 1671 1006 1746 δυσφημίας
1055 1675 1396 1746 ἐγκλήμασιν
1436 1669 1716 1744 ὑποτίθης,

141 1769 253 1820 ὅταν
279 1767 613 1837 πεποιῆσθαι
656 1768 744 1822 διὰ
791 1765 884 1821 τοῦ
931 1766 1147 1839 Πατρδς
1192 1765 1586 1837 διατεινώμεθα
1627 1767 1719 1820 τὸν

144 1861 294 1924 Υἱὸν;
329 1857 458 1914 Ἰδοὺ
507 1860 621 1932 γὰρ
665 1861 827 1924 αὐτός
879 1877 1082 1930 φησιν·
1133 1879 1150 1910 ι
1198 1858 1322 1913 Ὀτι
1371 1857 1482 1927 ἐγὼ
1519 1858 1590 1912 ἐν
1638 1856 1719 1923 τῷ

141 1955 325 2022 "arpi,
362 1974 381 2004 ι
415 1956 541 2008 ἀντὶ
564 1953 661 2008 τοῦ
687 1955 784 2010 διὰ
809 1956 916 2010 τοῦ
947 1953 1197 2023 Πατρός,
1231 1954 1372 2008 κατά
1393 1971 1455 2023 γε
1482 1953 1574 2006 τὸν
1602 1952 1714 2016 σὺν,

143 2037 366 2109 ὢούτος,
407 2045 570 2114 λόγον
617 2047 712 2101 καὶ
751 2048 850 2117 τὴν
891 2047 1093 2118 ἀρτίως
1136 2047 1268 2116 ἡμῖν
1311 2047 1375 2099 ὲκ
1417 2043 1524 2098 τῶν
1557 2044 1716 2118 ἱερῶν

143 2135 468 2206 Γραμμάτων
497 2137 930 2208 παρενεχθεῖσαν
956 2138 1261 2210 συνήθειαν.
1315 2135 1457 2206 Ἐγὼ
1496 2137 1553 2191 δὲ
1583 2137 1718 2208 πρὸς

143 2226 282 2279 τοῦτό
345 2243 487 2297 φημι
543 2227 660 2280 δεῖν
723 2227 1174 2299 ἀπολογήσασθαι
1224 2228 1425 2286 πάλιν,
1470 2228 1565 2280 καὶ
1619 2227 1718 2290 τὰς

143 2318 343 2370 ἐκείνων
393 2319 742 2390 κακουργίας
787 2317 1185 2390 ἀπογυμνῶσαι
1219 2319 1314 2372 καὶ
1349 2317 1544 2388 βλάϐη.
1578 2316 1718 2371 Θαυ-

149 2406 284 2477 tide
326 2407 434 2478 γὰρ
485 2408 644 2471 ὅπως
677 2407 934 2479 ἀσμένως
986 2407 1324 2472 ἀκούσαντες
1356 2409 1437 2462 ὅτι
1469 2409 1538 2461 ἐν
1569 2407 1714 2472 Θεῷ,

149 2500 230 2553 διὰ
257 2501 395 2554 Θεοῦ
433 2499 623 2568 λέγειν
659 2500 780 2563 ἔθος
811 2501 876 2571 τῇ
910 2501 1034 2572 θείᾳ
1073 2502 1289 2574 Γραφῇ,
1318 2502 1410 2554 καὶ
1439 2500 1528 2554 διὰ
1555 2501 1713 2571 μόνον

148 2591 199 2644 τὸ
219 2592 467 2646 δύνασθαι
501 2595 793 2646 κατειπεῖν
827 2611 878 2646 τι
903 2592 999 2663 τῆς
1032 2590 1192 2664 δόξης
1222 2593 1316 2647 τοῦ
1351 2592 1711 2662 Μονογενοῦς,

150 2686 550 2750 συναινέσαντές
580 2704 638 2739 τε
671 2686 765 2740 καὶ
797 2686 896 2755 τὴν
941 2685 1087 2752 λέξιν
1123 2684 1583 2758 παραδεξάμενοι,
1616 2687 1714 2756 λη-

151 2777 347 2846 ρούντες
385 2779 466 2831 ὅτι
523 2778 696 2832 πάλιν
750 2778 905 2830 οὐδὲν
941 2773 1108 2850 ἦττον
1155 2776 1455 2831 ἁλώσονται
1494 2775 1717 2846 διεγνὼ-

148 2887 288 2923 κασιν
317 2870 595 2940 οὐδαμῶς,
628 2870 804 2924 καίτοι
834 2872 1137 2940 φάσκοντες
1164 2865 1304 2925 εἶναι
1343 2873 1496 2941 σοφοί
1523 2891 1581 2926 τε
1622 2872 1717 2927 καὶ

146 2959 356 3032 δριμεῖς.
384 2958 450 3015 Εἰ
482 2961 591 3032 μὲν
619 2961 728 3032 γὰρ
759 2961 944 3032 μόνοις
971 2963 1183 3032 ἐφεῖται
1214 2964 1326 3026 τοῖς
1362 2963 1428 3016 δι’
1467 2962 1716 3026 ἐναντίας

148 3053 200 3104 τὸ
239 3053 330 3122 τῆς
362 3051 730 3107 θεοπνεύστου
773 3054 1000 3125 Γραφῆς
1041 3056 1128 3108 ἀεὶ
1173 3051 1434 3125 τειχίζειν
1475 3054 1595 3117 ἔθος
1647 3055 1714 3125 τῇ

147 3145 288 3218 οὐσίᾳ
317 3145 410 3199 τοῦ
458 3145 836 3216 Μονογενοῦς,
887 3149 982 3200 καὶ
1037 3148 1125 3202 διὰ
1172 3147 1331 3201 τοῦτο
1383 3147 1714 3218 πεποιῆσθαι

1822 667 1946 722 mite
2004 681 2106 722 nos
2159 679 2410 730 accusas,
2453 679 2578 718 cum
2624 659 2831 718 factum
2886 679 3013 718 esse
3040 680 3135 734 per
3181 663 3399 720 Patrem

1823 749 2020 812 Filium
2055 754 2481 812 contendimus?
2531 752 2674 809 Ecce
2727 753 2873 808 enim
2927 755 3044 823 ipse
3078 753 3207 811 ait:
3261 755 3402 822 Quia

1820 867 1921 922 ego
1977 853 2032 904 in
2077 849 2262 916 Patre,
2318 847 2370 904 id
2419 856 2504 904 est
2553 862 2645 916 per
2699 845 2964 911 Patrem,
3022 847 3183 918 juxta
3251 858 3400 905 tuam

1823 942 2156 998 sententiam
2227 949 2280 996 et
2345 939 2511 995 modo
2597 939 2757 994 nobis
2827 938 3053 995 allatam
3115 957 3400 998 sacrarum

1824 1029 2236 1102 Scripturarum
2305 1031 2778 1088 consuetudinem.
2837 1031 2949 1104 Ego
3023 1049 3150 1088 vero
3218 1035 3402 1089 denuo

1824 1126 1910 1180 his
1955 1124 2401 1196 respondendum
2454 1125 2714 1189 arbitror,
2763 1141 3064 1196 eorumque
3091 1127 3252 1198 795
3288 1143 3401 1182 ma-

1823 1219 1995 1274 litiam
2032 1217 2405 1288 retegendam.
2450 1216 2615 1272 Miror
2659 1215 2803 1272 enim
2833 1218 3131 1288 quomodo,
3172 1222 3399 1275 tametsi

1823 1311 2100 1365 audierint
2131 1309 2332 1364 divinae
2360 1307 2661 1379 Scripturae
2710 1323 2916 1362 morem
2959 1323 3081 1363 esse
3115 1319 3174 1362 ut
3205 1311 3258 1362 in
3296 1301 3400 1363 Deo

1822 1401 1974 1456 dicat
2008 1417 2107 1472 pro
2147 1415 2212 1456 eo
2239 1400 2388 1472 quod
2419 1410 2504 1455 est
2535 1415 2627 1469 per
2661 1399 2849 1462 Deum,
2883 1409 3047 1470 atque
3086 1400 3153 1453 ad
3198 1399 3404 1473 Unige-

1823 1493 1925 1549 niti
1956 1494 2186 1564 gloriam
2209 1493 2600 1548 tantummodo
2634 1490 3001 1547 cavillandam
3034 1494 3400 1558 assenserint,

1821 1600 1886 1640 ac
1923 1586 2222 1641 dictionem
2254 1585 2405 1639 illam
2436 1584 2798 1654 arripuerint,
2835 1600 2943 1638 non
2976 1592 3158 1640 tamen
3209 1601 3269 1642 se
3301 1601 3398 1639 va-

1821 1693 1926 1733 nos
1974 1685 2028 1732 et
2092 1677 2285 1733 inanes
2335 1691 2461 1732 esse
2509 1677 2987 1742 animadvertant,
3047 1676 3403 1748 quantumvis

1822 1763 2099 1838 sapientes
2133 1781 2193 1822 se
2225 1776 2277 1821 et
2320 1774 2516 1822 acutos
2548 1765 2850 1822 venditem.
2883 1764 3017 1821 Nam
3057 1768 3102 1822 si
3139 1767 3274 1822 solis
3305 1768 3403 1820 ad.

1822 1860 2086 1915 versariis
2125 1859 2462 1930 permittitur
2499 1874 2674 1913 sacrae
2708 1857 3010 1927 Scriptura:
3049 1859 3406 1914 consuetudi-

1821 1967 1944 2006 nem
2003 1951 2217 2006 iirmare
2273 1965 2492 2020 semper
2536 1947 2815 2020 Unigeniti
2860 1951 3195 2012 substantia,
3234 1959 3403 2021 atque

1819 2031 2028 2098 idcirco
2075 2058 2199 2096 eum
2249 2057 2279 2095 a
2328 2039 2492 2095 Patre
2543 2039 2746 2095 factum
2777 2057 2901 2096 esse
2932 2041 3140 2104 dicere,
3177 2043 3306 2112 quia
3344 2041 3399 2097 in

1821 2133 1932 2188 Deo
1976 2146 2036 2188 se
2082 2131 2306 2200 quidem
2341 2147 2467 2186 esse
2499 2131 2654 2197 dicit,
2694 2132 2748 2184 in
2784 2131 2892 2187 Deo
2921 2147 3051 2188 vero
3083 2133 3402 2202 signiﬁcare

1816 2240 1908 2292 per
1941 2222 2110 2278 Deum
2141 2222 2549 2287 concessimus,
2588 2225 2804 2278 ratione
2843 2225 3025 2294 aliqua
3067 2224 3166 2279 niti
3207 2240 3399 2279 eorum

1818 2316 1998 2371 scelus
2045 2311 2190 2369 forte
2225 2315 2524 2369 videretur.
2582 2313 2676 2368 Sin
2718 2324 2902 2370 autem
2955 2315 3092 2370 nihil
3151 2315 3402 2386 prohibet

1817 2408 1978 2461 etiam
2027 2423 2128 2461 nos
2163 2407 2363 2476 quibus
2408 2407 2754 2477 propositum
2809 2414 2894 2462 est
2945 2408 3281 2462 deductione
3331 2407 3400 2462 ad

1820 2500 2082 2568 majorem
2117 2498 2510 2554 absurditatem
2541 2499 2730 2568 putida
2757 2516 2947 2554 eorum
2979 2500 3235 2570 dogmata
3264 2515 3400 2555 con-

1818 2591 2039 2653 vellere,
2074 2591 2139 2642 ad
2171 2591 2352 2659 ipsum
2387 2605 2606 2660 quoque
2636 2590 2850 2644 Patrem
2881 2593 2987 2645 vim
3021 2602 3078 2646 et
3128 2593 3398 2647 rationem

1815 2685 1936 2752 ejus
1971 2683 2114 2754 quod
2148 2685 2493 2754 signiﬁcatur
2515 2693 2857 2749 convertere,
2888 2686 3148 2756 clareque
3179 2688 3395 2752 dicere,

1815 2773 1986 2848 quod,
2019 2790 2145 2830 cum
2177 2776 2274 2839 ait,
2314 2794 2333 2826 ι
2374 2775 2535 2830 Pater
2563 2776 2618 2829 in
2653 2791 2736 2830 me
2770 2789 2876 2841 est,
2921 2795 2938 2826 ι
2984 2778 3400 2848 intelligendum

1815 2867 1889 2924 sit
1923 2867 2081 2937 quasi
2109 2864 2257 2920 dicat
2282 2881 2373 2934 per
2404 2882 2505 2925 me,
2541 2874 2599 2918 nt
2631 2872 2685 2919 et
2729 2865 2850 2936 ipse
2881 2866 3100 2922 demum
3137 2865 3296 2924 Pater
3326 2871 3399 2924 sit

1814 2971 2057 3023 creatus,
2083 2958 2362 3028 quomodo
2384 2957 2572 3011 stultis
2602 2958 2895 3011 admodum
2929 2959 3241 3015 rationibus
3273 2975 3397 3014 con-

1815 3051 1921 3116 ﬁsi,
1957 3067 2066 3106 non
2099 3065 2326 3106 summa:
2366 3049 2779 3104 damnabantur
2813 3051 3090 3106 insaniae?
3120 3050 3398 3116 Quemad-

1814 3142 2036 3200 modum
2076 3141 2248 3198 Filius
2282 3144 2528 3212 scipsum
2567 3143 2620 3197 in
2657 3142 2821 3196 Patre
2865 3158 2990 3198 esse
3043 3144 3198 3209 dicit,
3237 3145 3318 3199 sic
3345 3154 3400 3200 et

149 3237 308 3306 λέγειν
341 3239 499 3292 αὐτὸν
543 3240 694 3310 παρὰ
739 3239 832 3292 τοῦ
876 3239 1124 3310 ίιατρδς,
1167 3242 1399 3312 ἐπείπερ
1433 3237 1572 3294 εἶναι
1611 3239 1710 3310 μὲν

1821 3236 2034 3291 Patrem
2067 3237 2121 3290 in
2150 3235 2331 3304 scipso
2360 3249 2482 3289 esse
2511 3235 2653 3288 dixit
2684 3253 2696 3288 :
2735 3235 2882 3304 quod
2918 3234 2962 3288 si
2998 3235 3158 3299 illud,
3200 3236 3252 3289 in
3289 3233 3400 3290 Pa-

150 3332 201 3383 ἐν
226 3330 338 3401 Θεῷ
372 3349 577 3403 φησιν,
613 3333 673 3386 τὸ
720 3333 777 3386 δὲ
822 3333 892 3386 ἐν
928 3331 1082 3398 Θεῷ,
1139 3331 1233 3386 διὰ
1286 3332 1436 3387 Θεοῦ
1478 3331 1714 3388 νοεῖσθαι

148 3421 460 3492 δεδώκαμεν,
495 3422 685 3488 ἔδοξεν
714 3422 802 3488 ἂν,
838 3422 982 3476 κατά
1009 3441 1072 3490 γε
1097 3422 1158 3476 τὸ
1188 3423 1359 3490 εἰκὸς,
1386 3423 1544 3493 λόγον
1573 3425 1716 3494 ἔχειν

151 3513 312 3578 αὐτοῖς
341 3514 460 3584 οὐχὶ
511 3513 638 3566 λίαν
687 3512 874 3584 ἀμαθῆ
921 3513 982 3567 τὸ
1030 3514 1416 3586 κακούργημα.
1461 3517 1524 3568 Εἰ
1567 3517 1624 3569 δὲ
1658 3518 1717 3569 τὸ

153 3603 345 3658 κωλῦον
387 3604 548 3658 οὐδὲν
595 3604 689 3656 καὶ
739 3604 888 3674 ἡμᾶς
933 3603 1130 3666 αὐτοὺς
1173 3603 1264 3656 διὰ
1317 3603 1418 3675 τῆς
1471 3604 1716 3675 μείζονος

154 3695 356 3758 ἀτοπίας
382 3694 717 3764 ἀνατρέπειν
747 3693 1036 3759 ἐθέλοντας
1071 3693 1170 3767 τὴν
1217 3695 1325 3748 τῶν
1355 3695 1483 3767 παρ’
1532 3697 1717 3759 αὐτοῖς

152 3784 410 3855 δογμάτων
442 3785 763 3857 σαθρὸτητα
783 3827 798 3850 ,
832 3787 926 3841 καὶ
965 3789 1055 3840 ἐπ’
1086 3787 1249 3841 αὐτὸν
1281 3787 1577 3859 ἀναφέρειν
1625 3788 1715 3842 τὸν

154 3877 348 3948 Πατέρα
380 3877 473 3931 τοῦ
511 3878 918 3949 σημαινομένου
972 3879 1071 3950 τὴν
1123 3878 1356 3950 δύναμιν
1378 3919 1394 3943 ,
1446 3881 1620 3933 εἰπεῖν
1656 3898 1714 3934 τε

154 3968 338 4036 σαφῶς,
366 3967 440 4032 ὡς
469 3968 711 4040 ἐπείπερ
737 3968 1016 4022 καὶτοῦτο
1051 3987 1218 4042 φησιν
1251 3971 1333 4024 ὅτι
1370 3991 1387 4023 ι
1435 3970 1491 4025 ὐ
1525 3965 1714 4041 Πατὴρ

154 4059 203 4108 ἐν
232 4059 345 4129 ἐμοί
373 4061 490 4112 ἐστι
511 4097 527 4122 ,
572 4075 590 4109 ι
638 4059 909 4130 προσήκει
941 4060 1084 4112 νοεῖν
1111 4100 1126 4122 ,
1159 4061 1279 4112 ἀντὶ
1309 4059 1402 4113 τοῦ
1442 4053 1517 4115 δι’
1541 4059 1711 4131 ἐμοῦ,

156 4149 232 4204 ἴνα
255 4152 430 4206 λοιπὸν
461 4151 700 4223 γενητὸς
721 4149 947 4221 γένηται
981 4151 1074 4203 καὶ
1105 4151 1266 4214 αὐτος
1293 4151 1321 4204 ὁ
1348 4152 1558 4224 Πατὴρ,
1596 4153 1713 4217 πῶς

154 4241 206 4294 οὐ
244 4243 354 4297 λίαν
405 4242 694 4305 ἀσυνέτοις
734 4241 1207 4313 ὲπιθαρσήσαντες
1258 4243 1574 4314 λογισμοῖς,
1615 4247 1713 4315 τὴν

155 4331 228 4385 ἔπ’
262 4331 477 4405 ἀκράτῳ
526 4330 707 4402 μωρίᾳ
743 4331 922 4400 ψῆφον
961 4333 1320 4397 ἀποίσονται;
1361 4323 1570 4406 Ὥσπερ
1603 4334 1712 4405 γάρ

154 4425 319 4489 om;
343 4425 536 4478 ἑαυτὸν
569 4419 708 4478 εἷναί
744 4440 910 4495 φησιν
951 4425 1008 4475 ὲν
1047 4423 1127 4494 τῷ
1161 4423 1358 4494 Πατρὶ,
1397 4419 1570 4488 οὔτως
1606 4425 1708 4495 ἔφη

156 4511 234 4564 καὶ
261 4513 346 4565 τὸν
382 4511 609 4583 Πατέρα
641 4507 783 4566 εἶναι
819 4513 876 4564 ὲν
910 4510 1092 4582 ἑαυτῷ
1113 4529 1128 4543 ο
1157 4515 1205 4565 εί
1234 4513 1290 4565 δὲ
1323 4507 1399 4583 τῷ
1447 4513 1576 4585 [γρ.
1612 4515 1708 4587 τὸ]

1821 3337 1920 3391 (re,
1959 3344 2052 3397 per
2114 3327 2334 3380 Patrem
2386 3326 2681 3395 signiﬁcat,
2737 3325 2866 3394 quid
2921 3327 3173 3395 prohibet
3219 3326 3402 3382 dicere

1818 3419 1972 3482 illud,
2011 3419 2067 3471 in
2101 3416 2269 3480 Filio,
2321 3433 2443 3473 eSSe
2498 3418 2919 3488 intelligendum
2970 3419 3127 3488 quasi
3176 3435 3268 3489 per
3304 3417 3401 3472 Fi-

1819 3511 1948 3565 lium
1991 3507 2305 3579 significet?
2354 3508 2460 3564 Sed
2504 3509 2649 3563 absit
2684 3516 2743 3563 ut
2777 3509 2832 3562 in
2863 3516 3071 3562 tantam
3110 3524 3218 3564 una
3269 3517 3398 3564 cuni

1817 3603 1883 3656 iis
1925 3601 2278 3672 prolabamur
2343 3597 2652 3654 insaniam!
2696 3598 2807 3654 Nec
2845 3599 2990 3654 enim
3042 3615 3143 3671 per
3183 3599 3399 3655 Patrem

1819 3694 2020 3749 factum
2056 3709 2180 3749 esse
2221 3689 2416 3748 Filium
2445 3693 2715 3754 dicemus,
2763 3706 2940 3761 neque
2989 3694 3123 3747 adeo
3163 3707 3260 3761 per
3305 3691 3396 3747 Fi-

1818 3786 1950 3840 lium
1985 3784 2191 3839 factum
2222 3801 2346 3840 esse
2375 3798 2497 3838 cum
2531 3798 2599 3838 ex
2623 3797 2734 3854 quo
2771 3794 2901 3838 sunt
2937 3784 3144 3851 Omnia,
3181 3779 3397 3840 Patrem

1817 3891 1881 3930 ac
1917 3870 2083 3929 Deum
2123 3894 2134 3928 :
2181 3874 2276 3931 sed
2309 3875 2580 3930 divinitus
2620 3874 2908 3945 inspirata
2939 3871 3241 3946 Scriptum
3277 3891 3399 3950 mo-

1817 3972 1929 4019 rem
1967 3965 2266 4034 unicuiquc
2330 3965 2603 4034 tempori,
2666 3978 2938 4033 personae,
2982 3979 3048 4019 ac
3088 3963 3166 4018 rei
3213 3966 3398 4034 potius

1815 4065 2090 4125 aptantes,
2133 4071 2327 4127 purum
2353 4065 2406 4110 et
2449 4055 2794 4126 inculpatum
2832 4053 2900 4110 de
2941 4055 3202 4111 omnibus
3234 4057 3400 4112 rebus

1815 4149 2150 4204 necessariis
2177 4163 2484 4203 sermonem
2522 4153 2792 4202 texetnus.
2837 4144 3025 4203 Rebus
3070 4147 3216 4202 enim
3241 4163 3272 4202 e
3308 4149 3400 4202 ni-

1817 4242 1928 4297 hilo
1949 4240 2232 4310 productis
2268 4256 2330 4294 ac
2373 4255 2473 4311 per
2508 4238 2680 4294 Deum
2733 4237 2918 4304 factis,
2951 4238 3230 4308 quomodo
3289 4255 3398 4295 non

1813 4333 2054 4387 maxime
2085 4331 2378 4385 conveniet
2411 4328 2520 4384 dici
2550 4343 2579 4382 a
2601 4327 2764 4383 nobis
2795 4343 2861 4383 ac
2888 4329 3101 4383 censeri
3142 4344 3268 4383 esse
3305 4345 3400 4385 eas

1814 4424 1869 4478 in
1901 4423 2032 4487 Deo,
2064 4422 2116 4477 id
2143 4430 2229 4478 est
2255 4438 2346 4490 per
2379 4419 2592 4477 Deum?
2625 4422 2686 4474 In
2720 4421 2960 4475 naturali
2999 4435 3132 4475 vero
3174 4420 3397 4482 Filium.

1817 4513 2106 4567 Dominum
2133 4525 2197 4566 ac
2229 4511 2422 4574 Deum,
2456 4518 2509 4565 ct
2534 4510 2918 4565 universorum
2941 4507 3216 4580 opiﬁcem,
3261 4526 3398 4565 neu-

154 4603 213 4655 ὲν
234 4605 428 4672 Harp},
452 4604 556 4658 διὰ
589 4605 695 4658 τοῦ
721 4603 952 4670 Πατρός
981 4603 1221 4658 νοεῖσθαι
1258 4605 1528 4674 βούλεται,
1570 4606 1622 4660 τί
1650 4608 1710 4660 τὸ

1818 4606 2024 4676 liquam
2058 4605 2225 4666 istud,
2262 4606 2482 4673 opinor,
2517 4605 2738 4675 prOprie
2759 4617 2825 4658 ac
2853 4617 2983 4658 vere
3011 4601 3395 4673 quadraverit,

157 4697 393 4765 απεῖργον
425 4697 624 4758 εἰπεῖν,
657 4695 738 4748 ὃτι
773 4695 866 4746 καὶ
896 4695 956 4747 τὸ
984 4695 1055 4748 ἐν
1083 4693 1213 4760 Υίῷ,
1241 4692 1316 4749 δι’
1358 4695 1493 4751 Υίοῦ
1514 4698 1711 4770 νοηθῆ-

160 4800 320 4850 σεται;
389 4785 532 4840 Ἀλλ’
573 4787 676 4839 οὐκ
726 4787 806 4848 είς
851 4784 1010 4838 τοῦτο
1066 4785 1279 4857 μωρίας
1335 4789 1431 4842 σὺν
1482 4779 1713 4847 ἐκείνοιέ

158 4876 472 4930 κατολισθεῖν
521 4876 824 4947 ἀνεξόμεθα
881 4877 1076 4930 πάλιν·
1143 4878 1264 4930 οὔτε
1319 4878 1428 4951 γὰρ
1479 4880 1568 4933 διὰ
1615 4881 1710 4934 τοῦ

160 4963 349 5034 ηατρδς
377 4967 614 5038 ἐροῦμεν
649 4968 977 5038 πεποιῆσθαι
1007 4968 1096 5021 τὸν
1142 4969 1265 5022 Υίὸν
1286 5010 1304 5031 ,
1346 4969 1470 5023 οὐτε
1506 4971 1612 5042 μὴν
1646 4973 1711 5026 δι’

163 5044 273 5106 Υἱού
309 5060 564 5124 γενέσθαι
608 5060 699 5112 τὸν
750 5060 808 5124 ἐξ
849 5053 910 5114 οὗ
957 5060 1025 5113 τὰ
1080 5063 1288 5120 πάντα.
1343 5063 1566 5134 Πατέρα
1617 5067 1715 5120 καὶ

1819 4697 1915 4753 sed
1974 4701 2098 4751 es‘se
2153 4697 2555 4751 naturaliterin
2587 4695 2768 4761 Patre,
2803 4695 2858 4750 in
2897 4710 3076 4766 eoque
3101 4696 3395 4755 exsistere.

1818 4803 2055 4860 eumque
2115 4793 2170 4845 in
2222 4793 2407 4861 seipso
2465 4791 2690 4854 habere,
2761 4797 2988 4861 propter
3043 4788 3395 4843 identitatem

1818 4883 2182 4948 substantiae,
2232 4885 2479 4952 nihilque
2515 4884 2718 4938 habere
2761 4897 2991 4953 prorsus
3042 4880 3396 4950 interjectum

1819 4982 1915 5030 aut
1944 4975 2090 5046 quod
2120 4991 2244 5030 eum
2297 4992 2323 5028 a
2365 4973 2530 5029 Patre
2558 4974 2794 5028 naturali
2833 4973 3160 5028 diversitate
3191 4971 3396 5027 distin-

1818 5075 1972 5139 gnat.

159 5142 304 5200 Θεὸνο
346 5150 464 5214 ἔθος
501 5151 560 5204 δὲ
596 5154 796 5223 μᾶλλον
836 5153 896 5205 τὸ
930 5154 1028 5221 τῆς
1073 5153 1431 5208 θεοπνεύστου
1478 5155 1703 5229 Γραφῆς
1741 5162 1960 5233 ἑκάστῳ
1994 5163 2312 5234 πρεπόντως
2339 5159 2794 5234 ὲπιρριπτοῦντες
2826 5160 3022 5231 καιρῷ,
3090 5159 3184 5214 καὶ
3223 5172 3394 5231 προσ-

158 5236 312 5312 ὼπῳ,
340 5247 431 5297 καὶ
499 5245 824 5316 πράγματι.
870 5245 1108 5316 καθαρόν
1154 5265 1213 5300 τε
1265 5249 1358 5300 καὶ
1427 5248 1754 5305 ἀνυπαίτιον
1795 5254 1887 5307 τὸν
1920 5255 2007 5323 ἐφ’
2044 5255 2216 5309 ἅπασι
2255 5243 2365 5319 τοῖς
2413 5255 2733 5322 ἀναγκαίοις
2781 5252 3160 5322 ἐξιδφανοῦμεν
3214 5251 3392 5320 λόγον.

157 5332 268 5400 Τοῖς
301 5339 396 5407 μὲν
417 5339 526 5410 γὰρ
553 5339 612 5405 ἐξ
635 5340 735 5394 οὐκ
768 5340 936 5394 ὄντων
959 5341 1038 5406 είς
1061 5341 1121 5394 τὸ
1149 5337 1286 5395 εἶναι
1323 5344 1706 5416 παρενεχθεῖσι
1745 5349 1844 5402 καὶ
1869 5351 2119 5417 γεγονόσι
2148 5349 2236 5403 διὰ
2274 5349 2430 5412 Θεοῦ,
2468 5347 2584 5412 πῶς
2610 5347 2711 5402 οὐκ
2774 5346 2841 5400 ἂν
2888 5347 3125 5417 μάλιστα
3194 5343 3396 5415 πρέποι

156 5424 460 5483 τδνοεῖσθαί
504 5447 562 5484 τε
635 5431 732 5486 καὶ
778 5431 1032 5499 λέγεσθαι
1085 5433 1216 5504 παρ’
1268 5435 1425 5504 ἡμῶν
1469 5435 1546 5500 ὡς
1599 5439 1738 5492 εἰσὶν
1775 5439 1845 5491 ἐν
1871 5439 2028 5506 Θεῷ,
2084 5441 2231 5494 τοῦτ’
2299 5441 2414 5494 ἔστι
2465 5439 2562 5494 διὰ
2595 5439 2740 5495 Θεοῦ
2767 5458 2788 5506 ;
2845 5440 2936 5512 Τῷ
2978 5456 3041 5509 γε
3102 5436 3208 5508 μὴν
3256 5434 3397 5488 κατὰ

161 5517 304 5584 φύσον
339 5522 452 5594 Υἱῷ
477 5525 571 5577 καὶ
612 5525 798 5595 Κυρίῳ
827 5527 918 5579 κα)⁸
946 5519 1085 5597 Θέᾠ,
1125 5528 1221 5580 καὶ
1247 5527 1565 5602 δημιουργῷ
1594 5531 1702 5585 τῶν
1739 5533 1878 5587 ὅλων
1902 5575 1917 5597 ,
1958 5535 2058 5588 οὐκ
2089 5534 2154 5588 ἂν
2179 5577 2194 5600 ,
2239 5529 2390 5606 οἶμαι
2413 5575 2426 5598 ,
2461 5535 2621 5589 τοῦτο
2688 5535 2893 5609 κυρίως
2926 5552 2986 5588 τε
3023 5533 3116 5588 καί
3181 5527 3398 5598 ἀληθῶς

160 5611 466 5679 ἀρμόσειεν,
541 5613 678 5669 εἶναι
732 5616 788 5669 δὲ
843 5616 1086 5686 φυσικῶς
1142 5619 1200 5670 ὲν
1251 5619 1455 5691 Πατρὶ,
1504 5619 1599 5674 καὶ
1678 5625 2009 5696 ἐνυπάρχειν
2051 5624 2202 5696 αὐτῷ
2231 5666 2244 5690 ,
2290 5625 2436 5695 ἔχειν
2483 5643 2542 5678 τε
2607 5625 2768 5679 αὐτὸν
2813 5627 2871 5678 ὲν
2946 5621 3167 5693 ἑαυτῷ,
3212 5617 3300 5671 διὰ
3337 5615 3400 5668 τδ

163 5705 212 5752 εν
261 5704 441 5768 οὐσίας
493 5708 782 5780 ταυτότητι
827 5709 1145 5778 φαίνεσθαι,
1199 5710 1292 5764 καὶ
1345 5713 1510 5783 μηδὲν
1564 5713 1711 5785 ἔχειν
1747 5713 2031 5782 παντελῶς
2056 5717 2117 5772 τὸ
2143 5715 2480 5788 μεσολαὸοὖν
2511 5719 2604 5772 καὶ
2625 5719 2910 5790 διατέμνον
2967 5719 3047 5780 είς
3100 5713 3398 5784 ἑτερότητα

167 5798 398 5867 «ρυσικήν.

227 5893 326 5946 Καὶ
361 5896 438 5948 ὅτι
468 5895 562 5964 μὲν
603 5896 734 5960 ἴσως
775 5901 893 5962 τοῖς
926 5899 1341 5974 εὐμαθεστέροις
1369 5943 1384 5970 ,
1413 5904 1488 5968 ῶς
1519 5905 1581 5974 γέ
1613 5923 1703 5976 μοι

434 5988 699 6051 Ρλτιιοι.
745 5993 858 6052 Gn.
908 5995 1164 6058 LXXIV.

1887 5901 2012 5958 llaec
2048 5910 2196 5957 recte
2254 5900 2475 5971 quidem
2506 5916 2536 5954 a
2566 5919 2651 5957 me
2690 5903 2833 5958 dicta
2883 5917 3007 5957 esse
3048 5889 3306 5967 studiosi,
3341 5909 3399 5954 ut
