4096 6472
667 397 775 452 955

1694 394 1753 451 S.
1795 395 2066 451 CYRILLI
2100 393 2570 452 ALEXANDRINI
2603 393 2925 451 ARCHIEP.

3826 399 3940 452 336

669 529 814 576 reor,
866 511 1210 581 putaverint,
1278 526 1618 582 nequaquam
1677 522 1855 568 tamen
1909 514 2243 568 assentietur

2353 512 2625 581 φαίνεται,
2660 514 2839 578 καλῶς
2878 514 3145 586 διείρηται
3175 512 3375 579 δόξειεν
3408 512 3495 577 ἂν,
3535 511 3846 565 συναινέσει
3880 529 3940 577 γε

668 603 1043 668 adversarius,
1090 604 1186 659 sed
1240 604 1492 674 repetitis
1527 605 1594 659 iis
1618 622 1739 675 qua:
1782 605 2053 677 principio
2083 605 2247 677 796

670 696 873 759 attulit,
917 696 1063 751 dicet
1086 697 1159 750 ita
1196 694 1413 752 Patrem
1462 712 1586 751 esse
1649 698 1702 750 in
1735 695 1891 759 Filio,
1942 698 2109 753 sicuti
2144 714 2244 753 nos

670 787 723 841 in
758 788 897 858 ipso.
952 787 1093 854 Quid
1124 803 1256 859 ergo
1293 790 1398 857 (sie
1430 789 1575 842 cnim
1606 800 1657 844 te
1702 790 1795 859 qui
1836 800 1945 843 tam
1979 790 2165 859 putida
2192 798 2246 845 et

664 880 928 951 juvenilia
959 882 1129 936 sentis
1161 894 1225 935 ac
1250 880 1389 936 dicis
1415 884 1751 952 compellare
1777 883 1951 953 juvat)
1971 883 1993 937 ?
2017 891 2129 936 tttm
2166 883 2246 939 sic

667 988 792 1027 esse
812 970 1009 1026 Filium
1034 973 1088 1025 in
1146 970 1308 1027 Patre
1338 972 1499 1039 dicis,
1551 974 2009 1043 quemadmodum
2051 990 2151 1029 nos
2191 975 2245 1028 in

667 1067 832 1137 ipso?
859 1065 1145 1121 Praeclare.
1179 1065 1247 1119 At
1271 1066 1465 1135 quidni
1492 1065 1698 1119 eisdem
1746 1082 1846 1119 nos
1876 1067 2101 1136 gloriari
2129 1083 2247 1122 ser-

668 1160 944 1221 monibus,
966 1157 1167 1227 quibus
1199 1167 1254 1211 et
1296 1157 1414 1226 ipse
1445 1155 1724 1219 Christus,
1774 1167 1984 1211 naturae
2046 1167 2246 1211 nostra}

664 1252 806 1305 ratio
847 1249 1093 1319 patitur?
1122 1250 1241 1318 Ipse
1272 1248 1420 1303 enim
1464 1251 1596 1317 quia
1631 1258 1715 1303 est
1744 1250 1797 1302 in
1825 1248 2003 1311 Patre,
2048 1258 2101 1304 et
2151 1249 2247 1302 ha-

663 1340 754 1396 bet
787 1342 839 1395 in
874 1342 1057 1411 seipso
1089 1340 1336 1405 Patrem,
1392 1342 1598 1412 quippe
1651 1341 1744 1410 qui
1789 1342 1909 1409 ejus
1962 1341 2148 1410 imago
2194 1348 2248 1395 et

664 1434 955 1489 character
981 1434 1053 1488 sit
1086 1450 1177 1503 per
1211 1433 1398 1487 omnia
1424 1435 1632 1487 ideirco
1658 1433 1894 1489 similis:
1931 1432 2076 1499 «Qui
2109 1433 2248 1488 vidit

664 1539 773 1588 me,
810 1524 1014 1594 inquit,
1041 1524 1173 1578 vidit
1204 1533 1255 1577 et
1304 1524 1545 1578 Patrem.
1598 1524 1710 1594 Ego
1771 1534 1825 1578 et
1873 1524 2036 1579 Pater
2076 1540 2245 1578 unum

665 1630 877 1669 sumus.
924 1635 941 1666 ι
974 1613 1083 1669 Nos
1106 1624 1310 1679 autem,
1351 1615 1545 1668 amabo
1566 1626 1639 1677 te,
1676 1617 1722 1669 si
1753 1615 1833 1667 sic
1869 1605 2064 1668 sumus
2102 1614 2155 1668 in
2182 1629 2248 1668 co

664 1716 719 1760 et
750 1708 868 1777 ipse
916 1708 969 1761 in
1026 1707 1191 1762 nobis
1220 1715 1325 1770 est,
1363 1715 1423 1761 ut
1462 1707 1579 1777 ipse
1603 1708 1861 1761 nimirum
1906 1709 1960 1761 in
1996 1708 2156 1763 Patre
2192 1717 2249 1762 et

662 1800 826 1857 Pater
857 1802 910 1854 in
948 1803 1088 1871 ipso,
1140 1801 1329 1871 quidni
1366 1807 1549 1856 erecta
1583 1800 1795 1855 cervice
1835 1817 1898 1857 ac
1934 1803 2110 1867 vultu,
2149 1816 2248 1872 pa-

2354 605 2460 676 μὴν
2487 606 2514 657 6
2546 607 2612 659 δι’
2646 607 2897 669 ἐναντίας
2932 607 3218 677 οὐδαμῶς·
3252 608 3371 677 ἐρεῖ
3400 607 3457 660 δὲ
3490 606 3555 677 δὴ
3593 606 3759 659 πάλιν
3781 647 3795 670 ,
3850 606 3942 658 τὸν

2350 700 2408 752 ὲν
2443 699 2641 768 ἀρχαῖς
2667 699 3156 770 εἰσκεκομισμένον
3197 697 3633 770 άναμασώμενος
3659 698 3823 765 λόγον
3856 698 3937 750 ὅτι

2348 791 2523 856 οὑτως
2552 793 2699 845 ἐστὶν
2739 794 2766 844 6
2796 791 2986 862 Πατὴρ
3030 793 3087 843 ὲν
3139 790 3216 861 τῷ
3264 790 3411 861 Υἱῷ,
3464 790 3655 859 ῶσπερ
3686 791 3855 860 ἡμεῖς
3887 791 3941 839 ἐι

2348 883 2516 954 αὐτῷ.
2547 883 2611 936 Τί
2641 878 2732 938 οὑν
2764 883 2905 954 ἄρας
2936 884 3235 953 (φήσαιμεν
3259 881 3326 936 ἂν
3347 882 3446 934 οὑκ
3478 882 3756 943 ἀσυνέτως
3784 878 3943 948 ἐλέγ-

2348 992 2559 1045 χοντες,
2602 974 2780 1046 σαθρά
2811 992 2868 1027 τε
2913 976 3007 1028 καὶ
3039 974 3376 1048 μειρακιώδη
3414 973 3719 1043 φρονοῦντά
3752 990 3813 1025 τε
3846 975 3943 1025 καὶ

2348 1066 2600 1137 λέγοντα)
2629 1066 2804 1129 οὑτως
2831 1062 2971 1121 εἶναι
2999 1069 3104 1138 φὴς
3149 1067 3239 1120 τὸν
3273 1067 3402 1119 Υἱὸν
3434 1067 3491 1118 ἐν
3533 1066 3731 1141 Πατρὶ,
3764 1063 3943 1117 καθά-

2350 1177 2457 1230 περ
2486 1162 2635 1231 ἡμᾶς
2661 1161 2719 1211 ὲν
2745 1160 2894 1230 αὑτῷ
2919 1178 2935 1226 ;
2977 1159 3194 1222 Καλῶς.
3228 1155 3362 1212 Εἶτα
3392 1158 3442 1212 τί
3477 1158 3564 1229 δὴ,
3610 1159 3751 1227 πρὸς
3776 1155 3944 1209 τοῦτο

2350 1249 2731 1322 ὲροὺμεν,-μὴ
2764 1253 2875 1313 τοῖς
2911 1251 3045 1315 ἴσοις
3075 1253 3223 1321 ἡμᾶς
3253 1248 3715 1320 ὲπισεμνὺνεσθαι
3755 1247 3944 1316 λέγοις

2347 1343 2408 1395 τὸ
2441 1346 2538 1414 τῆς
2571 1344 2846 1414 ἡμετέρας
2893 1344 3107 1413 φύσεως
3139 1345 3325 1416 ἐφίησι
3374 1343 3607 1415 μέτρον,
3641 1337 3848 1412 οἷσπερ
3880 1343 3943 1394 ἂν

2349 1437 2524 1508 ὁρῷτο
2554 1438 2649 1490 καὶ
2680 1438 2840 1501 αὑτὸς
2876 1440 2902 1491 6
2930 1436 3201 1508 Χριστός;
3232 1436 3405 1499 Αὐτὸς
3432 1436 3530 1506 μὲν
3554 1435 3663 1504 γὰρ
3698 1435 3943 1502 ἐπείπερ

2351 1531 2498 1582 ἐστὶν
2534 1531 2589 1581 ὲν
2620 1530 2827 1601 Πατρὶ,
2864 1529 2977 1599 ἔχει
3010 1529 3065 1582 δὲ
3108 1529 3165 1581 ἐν
3213 1527 3389 1598 ἑαυτῴ
3421 1528 3511 1580 τὸν
3545 1526 3772 1596 Πατέρα
3794 1566 3810 1587 ,
3850 1526 3943 1577 ﬁt:

2348 1622 2411 1693 δὴ
2437 1622 2531 1674 καὶ
2562 1621 2724 1673 εἰκὼν
2748 1620 2913 1675 αὑτοῦ
2955 1621 3051 1675 καὶ
3078 1620 3365 1693 χαρακτὴρ
3400 1620 3831 1691 ἀπαράλλακτος
3855 1618 3943 1671 διὰ

2348 1711 2505 1764 τοῦτο
2538 1711 2799 1782 ὑπάρχων
2825 1727 2837 1741 ·
2877 1730 2895 1764 ι
2942 1712 3001 1765 Ὀ
3037 1711 3298 1784 ἑωρακὼς
3331 1711 3452 1782 ἐμὲ,
3498 1710 3687 1780 φησὶν,
3721 1708 3941 1780 ἑώρακε

2348 1804 2438 1855 τὸν
2478 1803 2697 1875 Πατέρα
2729 1820 2741 1835 '
2782 1802 2891 1871 ἐγὼ
2933 1804 3026 1857 καὶ
3054 1806 3082 1857 6
3135 1804 3320 1875 Πατὴρ
3348 1802 3407 1855 ’ἐν
3441 1804 3630 1872 ὲσμεν.
3670 1820 3689 1852 ι
3747 1801 3942 1869 Ἡμεῖς

664 1897 771 1950 lam
795 1911 860 1950 ac
884 1911 1077 1949 secure
1106 1895 1342 1949 dicimus
1369 1910 1381 1943 :
1409 1892 1522 1963 Ego
1558 1893 1611 1946 in
1639 1892 1884 1958 Christo,
1913 1904 1965 1949 et
1995 1892 2243 1950 Christus

2349 1894 2440 1959 δὲ,
2468 1896 2589 1949 εἰπέ
2626 1914 2757 1967 μοι,
2801 1898 2847 1948 εἰ
2884 1895 3055 1959 οὑτως
3100 1896 3266 1966 ἐσμὲν
3304 1897 3361 1948 ὲν
3400 1894 3548 1966 αὑτῷ
3574 1937 3588 1959 ,
3637 1894 3845 1965 ἔχομέν
3884 1909 3940 1946 τι

663 1989 719 2041 in
751 2002 834 2041 me
861 1986 982 2041 est?
1016 1985 1115 2051 Qui
1155 1983 1289 2037 vidit
1322 1998 1427 2048 me,
1463 1983 1601 2037 vidit
1629 1991 1681 2038 et
1712 1984 2020 2039 Christum.
2060 1983 2171 2047 Ego
2194 1994 2248 2039 et

662 2078 914 2132 Christus
940 2092 1105 2131 unum
1156 2090 1367 2130 sumus.
1406 2072 1546 2139 Quid
1582 2090 1749 2144 porro
1786 2075 1915 2129 hinc
1946 2077 2250 2146 sequetur?

662 2168 855 2235 Nemo,
892 2176 949 2221 ut
979 2169 1195 2238 Opinor,
1232 2167 1470 2236 idipsum
1513 2166 1580 2220 de
1612 2176 1765 2235 patre
1818 2167 2002 2221 dicere
2039 2169 2251 2223 verebi—

663 2272 774 2326 tur,
816 2280 834 2313 ρ
877 2246 989 2331 Ego
1019 2268 1074 2314 et
1104 2269 1260 2331 pater
1298 2275 1463 2312 unum
1499 2276 1710 2315 sumus.
1747 2280 1765 2312 ι
1814 2258 1946 2313 Nam
1991 2260 2036 2316 si
2078 2276 2246 2315 unum

663 2366 747 2412 est
780 2364 934 2427 pater
958 2370 1081 2409 cum
1116 2353 1247 2417 lilio,
1285 2352 1565 2423 quomodo
1597 2368 1703 2405 non
1743 2353 1971 2419 azqualis
2001 2353 2110 2407 erit
2143 2352 2246 2421 ipsi

666 2448 834 2514 Patri,
887 2462 1011 2502 cum
1061 2462 1156 2516 per
1205 2448 1387 2499 omnia
1444 2445 1644 2499 similis
1673 2444 1853 2514 imago
1894 2445 1967 2500 sit
2000 2445 2147 2499 nulla
2180 2460 2243 2498 ex

663 2552 811 2614 parte
837 2540 1137 2596 evariantis
1201 2537 1479 2607 imaginis,
1522 2535 1571 2588 id
1603 2544 1686 2590 est
1713 2534 1875 2589 Filii?
1939 2535 2076 2601 Quis
2112 2550 2243 2607 ergo

660 2648 725 2687 eo
756 2630 1030 2686 vecordia:
1075 2630 1291 2683 labetur
1356 2641 1622 2696 unquam,
1670 2636 1729 2681 ut
1776 2627 1960 2682 dicere
2000 2628 2243 2682 audeat:

661 2723 762 2791 Qui
794 2722 993 2778 viderit
1033 2736 1117 2776 me
1140 2761 1153 2783 ,
1186 2720 1385 2775 viderit
1418 2729 1474 2775 et
1505 2720 1825 2775 Christum?
1866 2721 1975 2791 Ego
2005 2728 2059 2775 et
2085 2721 2247 2774 Chri-

662 2825 782 2872 stus
813 2830 983 2869 unum
1012 2813 1244 2869 sumus?
1274 2810 1409 2865 Nam
1440 2812 1485 2866 si
1510 2827 1605 2882 per
1636 2811 2013 2866 habitudinem
2042 2827 2105 2865 ac
2134 2828 2242 2865 non

662 2923 758 2979 per
788 2916 1039 2961 naturam
1094 2903 1292 2957 Filium
1322 2918 1446 2957 esse
1478 2904 1533 2957 in
1584 2902 1743 2958 Patre
1782 2903 2069 2967 concedis,
2106 2914 2157 2958 et
2191 2905 2242 2957 in

661 2998 844 3067 seipse
865 2997 1068 3049 habere
1088 2992 1325 3057 Patrem,
1355 2992 1634 3063 similique
1675 2992 1835 3048 modo
1862 3009 1962 3049 nos
1992 2994 2046 3048 in
2085 2994 2244 3049 Chri-

661 3097 771 3150 stu,
824 3095 879 3141 et
927 3084 1181 3140 Christus
1245 3084 1297 3136 in
1345 3083 1509 3137 nobis
1570 3091 1699 3137 est:
1738 3083 1971 3152 primum
2020 3084 2242 3154 quidem

672 3177 863 3233 eodem
894 3191 1005 3246 quo
1043 3190 1143 3229 nos
1195 3174 1396 3229 ordine
1444 3173 1617 3229 Filius
1656 3176 2008 3239 censebitur;
2048 3176 2245 3231 deinde

662 3270 799 3324 nihil
831 3266 1036 3323 vetabit
1069 3266 1370 3336 quominus
1407 3266 1571 3319 etiam
1606 3266 1786 3335 ipsum
1816 3306 1829 3327 ,
1882 3266 1926 3321 si
1965 3267 2199 3323 velimus
2224 3310 2239 3335 ,

659 3368 1035 3431 pt'zetergreSSt
1078 3357 1314 3425 Filium,
1364 3367 1424 3411 ut
1473 3359 1564 3428 qui
1631 3358 1956 3426 iuterjectus
2004 3360 2110 3423 sit,
2173 3361 2241 3416 ad

662 3457 837 3524 ipsum
868 3451 1085 3505 Patrem
1113 3460 1260 3505 recta
1287 3449 1697 3520 quodammodo
1724 3449 2037 3515 tendamus,
2081 3452 2242 3521 eique

662 3562 763 3600 nos
791 3554 897 3599 tam
950 3543 1190 3615 perfecte
1229 3552 1281 3597 et
1338 3552 1532 3597 exacte
1565 3544 1902 3598 assimilatos
1929 3560 2054 3599 esse
2092 3544 2243 3599 dica-

660 3653 803 3701 mus,
841 3645 898 3689 ut
926 3636 1061 3689 nihil
1085 3635 1227 3689 inter
1260 3649 1359 3689 nos
1399 3645 1449 3687 et
1480 3634 1632 3686 illum
1657 3644 1916 3704 appareat
1963 3636 2242 3691 discrimi-

662 3732 765 3785 nis.
798 3730 978 3785 Unum
1009 3729 1214 3799 quippe
1245 3743 1367 3782 esse
1403 3725 1660 3796 quiddam
1704 3743 1826 3781 cum
1866 3730 2077 3799 aliquo,
2100 3730 2245 3785 hanc

660 3824 767 3876 vim
797 3830 851 3877 et
880 3820 1340 3892 signiﬁcationem
1386 3820 1567 3873 habet.
1601 3818 1879 3889 Numquid
1914 3837 2045 3893 ergo
2088 3823 2243 3878 vide-

659 3916 729 3970 tis
765 3922 1026 3985 quantam
1090 3913 1143 3967 in
1198 3912 1485 3966 stultitiam
1553 3919 1609 3965 et
1670 3911 2003 3981 impietatem
2050 3930 2240 3969 eorum

661 4014 875 4061 mentes
911 4003 1233 4067 ceciderint,
1266 4011 1318 4057 et
1354 4009 1560 4071 quanta
1593 4017 1651 4056 se
1688 4003 1845 4056 nobis
1876 4002 2239 4058 absurdarum

662 4098 939 4153 rationum
991 4095 1150 4148 turba
1180 4090 1803 4163 ingesserinQuzenam
1854 4093 2020 4164 igitur
2073 4109 2239 4150 causa

660 4190 733 4245 sit
767 4206 866 4244 cur
899 4188 1014 4242 haec
1042 4186 1228 4240 dicant
1279 4191 1445 4254 atque
1486 4182 1846 4248 contendant,
1883 4194 2104 4255 tamque
2145 4185 2245 4239 fri-

660 4282 800 4335 volis
831 4277 1178 4334 sermonibus
1210 4275 1488 4337 innatent,
1528 4291 1797 4345 exponam
1834 4292 2049 4331 rursus.

2351 1990 2513 2043 αὑτὸν
2544 1991 2599 2042 ὲν
2639 1991 2884 2053 ἑαυτοῖς,
2934 1989 3124 2060 ὥσπερ
3169 1985 3261 2043 οὖν
3305 1989 3502 2059 ἀμέλει
3536 1988 3632 2041 καὶ
3662 1988 3839 2049 αὑτὸς
3888 1988 3943 2037 ἐν

2351 2083 2528 2154 Πατρὶ
2562 2084 2655 2135 καὶ
2695 2081 2721 2131 6
2751 2082 2941 2151 Πατὴρ
2979 2081 3037 2134 ὲν
3068 2080 3238 2150 αὑτῷ,
3268 2079 3410 2132 διατι
3445 2080 3519 2151 μὴ
3549 2080 3767 2151 μακρὸν
3808 2082 3939 2133 ἀνα-

2350 2175 2616 2238 τείνοντες
2651 2174 2740 2228 τδν
2772 2173 2978 2243 αὐχένα
3008 2174 3102 2226 καὶ
3133 2171 3336 2243 ὑψηλὸν
3367 2173 3479 2235 τοῖς
3519 2170 3809 2225 ὑπαντῶσι
3836 2171 3942 2223 δει-

2351 2268 2571 2331 κνύντες
2642 2267 2703 2319 τὸ
2765 2266 3094 2337 πρόσωπον,
3160 2262 3301 2334 μετά
3349 2262 3667 2334 παρρησίας
3718 2260 3937 2331 φαμέν·

2361 2360 2500 2429 Ἐγὼ
2530 2362 2587 2412 ὲν
2621 2359 2697 2429 τῷ
2726 2356 2972 2429 Χριστῷ,
3009 2355 3105 2409 καὶ
3130 2358 3158 2410 6
3192 2354 3427 2427 Χριστὸς
3457 2357 3514 2408 ὲν
3550 2354 3705 2425 ἐμοὶ·
3746 2354 3809 2405 '0
3846 2355 3941 2405 éw-

2349 2452 2533 2524 ρτικὼς
2567 2451 2665 2521 ἐμὲ
2692 2490 2706 2514 ,
2752 2449 2961 2521 ἑώρακε
3003 2448 3095 2501 τὸν
3142 2446 3398 2518 Χριστόν·
3443 2444 3583 2514 Ἐγὼ
3614 2447 3711 2499 καὶ
3742 2447 3774 2497 6
3811 2446 3943 2516 Χρι-

2350 2543 2470 2606 στὸς
2500 2542 2559 2595 ἓν
2588 2544 2793 2611 ἐσμεν;
2821 2537 2956 2594 Εἶτα
2983 2539 3035 2592 τί
3061 2539 3122 2592 τὸ
3158 2538 3445 2606 ἐντεῦθεν;
3489 2538 3601 2591 Οὑκ
3633 2538 3725 2601 ἂν,
3760 2533 3940 2606 οἶμαι,

2346 2635 2428 2697 τὶς
2462 2632 2828 2686 καταδείσειεν
2854 2629 3049 2701 ὀρθῶς,
3075 2629 3184 2682 οὐδ’
3217 2630 3282 2683 ἂν
3312 2632 3646 2700 κατοκνήσαι
3692 2630 3938 2699 πρεπόν·

2345 2740 2453 2785 τως
2500 2721 2657 2775 τοῦτο
2712 2721 2845 2773 αὑτὸ
2893 2720 3057 2789 φάναι
3108 2720 3388 2790 τολμήσας
3432 2720 3526 2772 καὶ
3576 2720 3707 2791 περὶ
3769 2718 3941 2772 αὑτοῦ

2346 2811 2531 2863 λοίπὸν
2571 2812 2748 2863 εἰπεῖν
2788 2810 2879 2863 τοῦ
2911 2809 3125 2880 Πατρός
3149 2825 3162 2837 ·
3206 2829 3222 2861 ι
3266 2808 3407 2878 Ἐγὼ
3454 2810 3548 2863 καὶ
3577 2811 3605 2862 6
3634 2810 3841 2880 Πατὴρ
3887 2810 3942 2861 ἓν

2346 2904 2533 2973 ἐσμεν.
2572 2923 2589 2954 ι
2626 2902 2689 2956 El
2725 2903 2835 2972 γὰρ
2870 2902 2928 2955 ἓν
2984 2903 3131 2954 ἐστιν
3162 2902 3189 2953 6
3221 2902 3410 2972 Πατὴρ
3464 2900 3601 2972 πρὸς
3640 2904 3738 2955 τὸν
3788 2902 3939 2965 Υἱον,

2348 2996 2464 3058 πῶς
2500 2996 2598 3048 οὑκ
2625 2994 2774 3065 αὑτῷ
2801 2994 2989 3048 λοιπὸν
3021 2994 3361 3065 ἰσομοιρήσει
3408 2993 3487 3064 τῷ
3519 2994 3719 3065 Πατρὶ,
3772 2994 3941 3047 εἰκὼν

2346 3089 2762 3160 ἀπαράλλακτος
2796 3087 3218 3157 ἀπαραλλάκτου
3258 3087 3499 3157 γεγονὼς
3526 3088 3757 3155 εἰκόνος,
3794 3087 3940 3141 τοῦτ’

2348 3182 2463 3237 ἔστι
2492 3182 2587 3236 τοῦ
2614 3182 2743 3236 Υἱοῦ
2772 3200 2784 3249 ;
2817 3182 2912 3246 Τίς
2941 3178 3035 3236 οὖν
3066 3183 3173 3253 ἄρα
3206 3181 3341 3253 πρὸς
3371 3181 3529 3235 τοῦτο
3562 3182 3760 3253 μανίας
3806 3199 3939 3234 κατ-

2346 3275 2629 3347 οιχήσεταί
2670 3293 2799 3328 ποτε
2826 3315 2839 3337 ,
2872 3274 2948 3338 ὡς
2990 3274 3257 3345 τολμῆσαι
3293 3274 3473 3342 λέγειν
3499 3292 3512 3305 ·
3562 3275 3619 3327 Ὀ
3669 3274 3941 3344 ἑωρακὼς

2350 3370 2471 3439 ἐμὲ,
2516 3367 2731 3439 ἑώρακε
2776 3368 2865 3420 τὸν
2919 3368 3152 3437 Χριστόν
3178 3384 3189 3397 ο
3252 3366 3394 3434 Ἐγὼ
3422 3367 3516 3420 καὶ
3545 3370 3572 3420 6
3599 3368 3847 3437 Χριστὸς
3886 3367 3941 3419 ἓν

2350 3462 2517 3530 ὲσμεν
2539 3479 2553 3525 ;
2579 3461 2640 3513 Εἰ
2668 3462 2777 3531 γάρ
2814 3461 3078 3530 σχετικῶς
3110 3462 3203 3513 καὶ
3232 3461 3292 3514 οὑ
3337 3462 3479 3514 κατὰ
3529 3461 3694 3530 φύσιν
3731 3460 3938 3514 ἀπονέ‹

2354 3570 2474 3624 μεις
2498 3553 2576 3623 τῷ
2606 3553 2720 3623 Υἱῷ
2747 3553 2805 3605 τὸ
2827 3549 2968 3605 εἶναι
2996 3554 3051 3605 ὲν
3085 3552 3160 3624 τῷ
3188 3555 3382 3625 Πατρὶ,
3412 3554 3554 3624 ἔχειν
3583 3571 3643 3607 τε
3669 3556 3728 3606 ὲν
3754 3555 3939 3623 ἐαυτῷ

2350 3642 2441 3693 τὸν
2481 3642 2727 3711 Πατέρα,
2769 3640 2911 3693 οὑτω
2948 3642 3041 3694 καὶ
3082 3643 3240 3712 ἡμεῖς
3272 3645 3328 3695 ὲν
3356 3643 3613 3715 Χριστῷ,
3654 3645 3751 3697 καὶ
3804 3647 3938 3713 Χρι-

2351 3730 2475 3793 στὸς
2506 3732 2563 3783 ὲν
2609 3732 2772 3801 ἡμῖν·
2806 3749 3020 3803 πρῶτον
3054 3733 3151 3803 μὲν
3182 3736 3240 3787 ὲν
3275 3732 3426 3798 τάξει
3454 3737 3517 3804 τῇ
3551 3733 3673 3786 καθ’
3720 3736 3875 3804 ἡμᾶς
3912 3738 3938 3787 ὁ

2352 3822 2496 3885 Υἱὸς,
2534 3816 2651 3876 εἶτα
2680 3823 2740 3876 τὸ
2764 3824 2971 3878 κωλῦον
3000 3826 3152 3879 οὐδὲν
3177 3826 3593 3896 παρελάσαντας
3622 3828 3719 3880 καὶ
3744 3829 3933 3892 αὑτὸν,

2350 3915 2397 3966 εἰ
2434 3913 2756 3984 βουλοίμεθα
2784 3957 2798 3980 ,
2845 3916 2936 3968 τὸν
2972 3917 3099 3969 Υἷὸν
3123 3956 3137 3979 ,
3180 3916 3255 3980 ὡς
3305 3917 3389 3969 διὰ
3445 3918 3615 3987 μέσου
3652 3918 3932 3986 κείμενον,

2347 4007 2433 4058 ἐπ’
2462 4006 2623 4059 αὑτὸν
2646 4005 2834 4077 ὥσπερ
2864 4006 3215 4078 εὑθυδρομεῖν
3251 4008 3340 4060 τὸν
3367 4008 3609 4079 Πατέρα,
3640 4007 3739 4060 καὶ⁵
3780 4008 3934 4076 αὑτῷ

2349 4098 2808 4168 προσωμοιῶσθαι
2853 4098 3032 4167 λέγειν
3074 4101 3224 4169 ἡμᾶς
3277 4098 3451 4163 οὑτως
3512 4099 3805 4169 ἀκριϐῶς,
3862 4102 3934 4163 ὡς

2347 4188 2516 4259 μηδὲν
2550 4188 2781 4259 ὁρᾶσθαι
2812 4191 2872 4242 τὸ
2899 4190 3236 4244 διαλλάττον.
3267 4192 3340 4244 T6
3384 4191 3491 4263 γάρ
3528 4190 3585 4243 ἓν
3616 4189 3759 4244 εἶναι
3793 4192 3933 4262 πρὸς

2344 4298 2395 4333 τι
2426 4280 2716 4349 λέγεσθαι,
2759 4282 3017 4353 τοιαύτην
3057 4282 3123 4336 ἂν
3175 4282 3287 4352 ἔχοι
3339 4284 3436 4352 τὴν
3490 4283 3748 4353 δύναμιν.
3803 4280 3929 4353 τΔρ*

658 4372 752 4428 οὖν
774 4374 872 4443 οὑχ
905 4371 1070 4440 ὁρᾶτε
1099 4371 1179 4430 εἰς
1228 4370 1359 4440 ὅσην
1410 4369 1591 4432 αὑτοῖς
1641 4368 1932 4422 ἁσυνεσίαν
1992 4388 2050 4424 τε
2097 4372 2233 4441 ὁμοῦ
2276 4374 2371 4427 καὶ
2417 4374 2674 4428 ἀσέϐειαν
2716 4373 3020 4429 κατὼλισθε
3070 4374 3138 4428 τά
3181 4376 3539 4446 φρονήματα,
3614 4377 3711 4428 καὶ
3788 4376 3933 4428 ὅσων

658 4472 792 4540 ἡμῖν
842 4464 1117 4536 λογισμῶν
1159 4464 1375 4525 ἀτόπων
1423 4465 1790 4535 εἱσπεπήδηκε
1825 4464 2086 4535 θόρυϐοςς
2141 4467 2237 4531 Τίς
2276 4464 2371 4522 οὖν
2409 4472 2441 4540 ἡ
2473 4470 2748 4541 πρόφασις
2802 4472 2895 4524 τοῦ
2936 4470 3111 4525 ταῦτα
3142 4470 3324 4539 λέγειν
3362 4471 3457 4524 καλ¹
3537 4471 3929 4539 διατείνεσθαι,

660 4560 755 4613 καὶ
786 4560 896 4621 τοῖς
942 4556 1115 4619 οὑτως
1160 4555 1344 4618 ἑώλοις
1385 4556 1739 4627 ἐπινήχεσθαι
1790 4556 1969 4625 λόγοις
2019 4558 2235 4623 αὑτοὺς,
2275 4561 2385 4631 ἐρῶ
2418 4562 2481 4635 δὴ
2514 4564 2694 4619 πάλιν.

735 4650 889 4707 Unus
916 4652 995 4705 eis
1026 4663 1229 4718 sc0pus
1281 4649 1595 4717 propositus
1628 4657 1734 4712 cst,
1780 4647 1976 4703 Filimn
2010 4666 2037 4702 a
2063 4649 2243 4706 Patris

2422 4656 2631 4720 Σκοπὸς
2679 4650 2759 4718 εἷς
2813 4654 3037 4717 αὑτοῖς,
3089 4652 3368 4725 ἀλλότριόν
3422 4670 3481 4706 τε
3538 4657 3633 4709 καὶ
3692 4656 3929 4724 ἔκφυλον

662 4745 974 4801 substantia
1020 4757 1245 4813 prorsus
1297 4740 1613 4799 excludere.
1659 4742 1784 4797 llaec
1825 4746 1972 4797 enim
2014 4759 2043 4796 a
2081 4743 2243 4798 nobis

662 4853 791 4891 vere
827 4836 957 4897 dici,
985 4850 1049 4890 cx
1075 4833 1432 4904 sequentibus
1460 4844 1513 4887 et
1545 4834 1612 4889 iis
1666 4850 1789 4904 quae
1816 4835 2095 4905 prioribus
2122 4835 2244 4904 ejus

663 4928 824 4999 797
883 4926 1238 4995 blasphemiis
1301 4926 1599 4995 subiuncta
1670 4934 1800 4982 sunt
1856 4941 2239 4998 agnoscemus.

664 5022 863 5077 Subdit
891 5022 1035 5075 enim
1068 5041 1080 5075 :
1115 5018 1314 5076 Verum
1340 5014 1812 5091 quemadmodum
1845 5035 1947 5075 nos
1969 5058 1983 5084 ,
2024 5020 2240 5090 inquit,

661 5117 754 5186 qui
787 5129 981 5169 sumus
1014 5114 1065 5167 in
1100 5116 1251 5184 ipso,
1299 5113 1702 5185 itnperntistam
1757 5121 1937 5166 tamen
1998 5126 2122 5166 cum
2177 5129 2242 5167 eo

663 5208 929 5262 habemus
984 5208 1367 5279 Itypostasim:
1418 5206 1491 5261 ita
1544 5216 1593 5259 et
1648 5203 1856 5267 Filius,
1891 5219 2013 5256 cmn
2064 5206 2135 5258 sit
2184 5204 2237 5257 in

666 5299 857 5361 Patre,
907 5299 1224 5354 distinctam
1270 5310 1454 5353 tamen
1508 5295 1673 5349 habet
1728 5296 1797 5348 ab
1850 5294 2094 5365 ingenito
2131 5294 2239 5349 Deo

662 5391 1049 5445 substantiam.
1114 5389 1257 5455 Quid
1319 5390 1438 5452 ais,
1504 5386 1774 5442 demens?
1834 5396 2073 5456 apertam
2138 5386 2239 5441 hoc

660 5480 825 5535 modo
859 5482 1035 5536 fecisti
1070 5492 1218 5535 tuam
1271 5483 1322 5534 in
1370 5478 1568 5534 Filium
1616 5479 2030 5549 blasphemiam.
2068 5478 2238 5534 Nunt-

661 5570 792 5642 quid
827 5587 957 5642 ergo
986 5572 1167 5641 quivis
1202 5571 1464 5625 fatebitur
1494 5586 1594 5627 nos
1634 5588 1741 5625 non
1790 5571 1995 5625 fru:tra
2038 5588 2237 5626 vanum

661 5678 725 5714 ac
781 5660 932 5714 futile
983 5662 1241 5715 cavillum
1295 5662 1348 5715 in
1405 5663 1790 5718 haereticorum
1839 5671 2007 5733 caput
2066 5674 2240 5718 retor—

660 5754 875 5822 quere?
911 5752 1049 5807 Εουο
1093 5754 1238 5807 enim
1280 5764 1426 5823 patet
1458 5773 1552 5811 eos
1587 5757 1718 5809 nihil
1777 5757 1897 5824 plus
1950 5754 2090 5810 Filio
2140 5757 2241 5809 tri—

664 5842 834 5900 buere
876 5859 1039 5914 quam
1095 5848 1329 5903 terrenis
1380 5849 1729 5911 hominibus,
1773 5858 1823 5903 ct
1862 5847 2137 5903 creaturis
2167 5849 2234 5901 ab

2349 4748 2627 4811 παντελῶς
2649 4749 2745 4817 τῆς
2776 4746 2871 4800 τοῦ
2895 4745 3109 4816 Πατρὸς
3140 4746 3327 4808 οὐσίας
3357 4747 3634 4818 ἀποφῆναι
3658 4749 3751 4802 τὸν
3783 4751 3926 4803 Υἱόν.

2352 4842 2473 4893 Ὅτι
2511 4839 2619 4911 γάρ
2662 4839 3019 4908 ἀληθεύοντες
3064 4837 3133 4890 τά
3170 4838 3398 4891 τοιαῦτά
3432 4856 3613 4908 φαμεν
3637 4882 3651 4904 ,
3697 4841 3765 4894 ἐκ
3822 4842 3929 4894 τῶν

2347 4932 2545 5002 ἑφεξῆς
2598 4932 2689 4983 καὶ
2731 4930 3192 5001 παρεζευγμένων
3244 4932 3365 4993 ταῖς
3414 4933 3706 5002 προτέραις
3762 4933 3927 4986 αὑτοῦ

2345 5022 2681 5093 δυσφημίαις
2732 5022 3009 5093 εἰσόμεθα.
3066 5023 3293 5092 Ἑπάγει
3342 5022 3449 5093 γὰρ
3506 5024 3714 5088 οὕτως·
3789 5027 3926 5081 Ἀλλ’

2347 5117 2537 5186 ῶσπερ
2564 5117 2756 5184 ἡμεῖς,
2791 5114 2955 5185 φησὶν
2977 5155 2990 5176 ,
3040 5115 3098 5167 ἐν
3130 5113 3281 5185 αὑτῴ
3329 5115 3481 5180 ὄντες
3503 5160 3515 5182 ,
3559 5118 3737 5188 ἀμιγῆ
3793 5119 3927 5189 πρὸς

2348 5208 2510 5261 αὑτὸν
2544 5207 2739 5277 ἔχομεν
2774 5206 2869 5277 τὴν
2901 5207 3233 5260 ὑπόστασιν·
3272 5207 3363 5260 τὸν
3396 5208 3559 5262 αὑτὸν
3592 5212 3799 5281 τρόπον
3834 5215 3926 5265 καὶ

2348 5302 2375 5353 6
2418 5300 2566 5364 Υἱὸς,
2598 5302 2656 5353 ὲν
2705 5298 2783 5368 τῷ
2828 5299 3005 5369 Πατρὶ
3032 5300 3339 5368 τυγχάνων,
3374 5300 3805 5371 διακεκριμένην
3831 5304 3925 5356 τοῦ

2348 5391 2643 5459 άγεννήτου
2671 5388 2806 5441 θεοῦ
2832 5387 2941 5458 ἔχει
2967 5389 3061 5457 τὴν
3085 5389 3293 5442 οὐσίαν.
3320 5390 3383 5442 Τί
3410 5390 3534 5461 φὴς,
3556 5393 3924 5463 ἐμϐρόντητε;

2347 5482 2559 5553 γυμνὴν
2598 5481 2740 5535 οὑτω
2778 5482 2874 5552 τὴν
2898 5482 2975 5542 εἰς
3000 5481 3089 5534 τὸν
3115 5482 3239 5534 Υἱὸν
3265 5484 3561 5553 πεποίησαι
3588 5485 3921 5556 δυσφημίαν.

2347 5568 2474 5643 'Ap‘
2503 5568 2596 5625 οὖν
2630 5573 2703 5642 μὴ
2735 5572 2982 5624 διάκενον
3009 5572 3127 5641 ἐρεῖ
3148 5590 3231 5635 τις
3258 5574 3622 5641 συκοφαντίαν
3666 5578 3922 5645 καταχεῖν

2349 5667 2497 5734 ἡμᾶς
2526 5663 2841 5730 ἐπείγεσθαι
2875 5666 2973 5733 τῆς
3003 5665 3111 5715 τῶν
3142 5663 3427 5735 Θεομάχων
3468 5667 3706 5737 κεφαλῆς
3738 5686 3751 5732 ;
3794 5667 3915 5721 Ἰδοὺ

2347 5758 2455 5823 γὰρ
2486 5754 2693 5822 σαψῶς,
2724 5754 2873 5805 οὐδὲν
2908 5754 3037 5815 ὅλως
3071 5754 3129 5806 τὸ
3166 5755 3345 5807 πλεῖον
3374 5756 3743 5826 ἀπονέμουσιν
3774 5760 3919 5829 αὐτῷ

2344 5850 2449 5901 τῶν
2486 5848 2592 5901 ἀπὸ
2622 5847 2724 5918 γῆς
2748 5846 3064 5916 χέγονότων,
3102 5847 3195 5900 καὶ
3217 5848 3285 5901 δι’
3321 5849 3486 5903 αὑτοῦ
3523 5851 3655 5922 πρὸς
3693 5852 3750 5905 τὸ
3786 5849 3917 5906 tim
