4096 6478
159 441 271 507 2:7

1226 441 1295 504 IN
1331 437 1618 507 JOANNts
1655 433 2112 504 EVANGELIUM
2153 430 2286 501 Lis.
2311 437 2407 502 lx.

3331 441 3435 504 9.38

161 551 686 635 παρενηνεγμένων.
753 552 897 634 Ἒγῶ
947 555 1026 632 δὲ,
1058 566 1236 621 καίτοι
1286 567 1407 622 λίαν
1460 567 1750 638 ἁφορήτως

1854 576 1920 616 eo
1955 561 2021 615 ad
2061 577 2186 617 esse
2221 561 2528 633 productis.
2584 558 2698 632 Ego
2729 573 2860 615 vero
2894 563 3146 631 quamvis
3196 562 3439 634 graviter

160 656 311 726 ἔχων
350 657 434 723 ἐφ’
463 652 544 717 οἷς
573 657 746 709 εἰπεῖν
781 657 830 709 oi
859 656 1080 710 δείλαιοι
1107 658 1529 730 τετολμήκασιν,
1572 660 1750 711 έκεῖνο

157 749 340 814 δείξαι
392 749 748 820 πειράσομαι,
780 749 858 820 τῷ
909 749 1095 821 σκοπῷ
1136 751 1296 804 πάλιν
1339 752 1604 821 ἑπόμενος
1651 751 1750 820 τῆς

158 842 323 904 θείας
382 842 644 910 Γραφῆς,
705 841 780 906 ὡς
831 843 1063 914 ἐπείπερ
1111 843 1402 914 ἀρνοῦνται
1450 843 1540 896 τὸν
1597 842 1748 906 Υὶὸν,

162 933 579 1003 σδηρνὴσαντο
616 933 707 985 τὸν
740 933 962 1005 Πατέρα
984 977 999 1000 ,
1051 935 1144 988 καὶ
1186 935 1371 988 λοιπόν
1403 937 1539 988 εἰσιν
1573 935 1748 1000 ἄθεοι,

159 1027 262 1076 καὶ
291 1023 484 1077 ἐλπίδα
529 1023 604 1095 μὴ
643 1025 858 1095 ἔχοντες
887 1027 945 1078 ἐν
977 1027 1112 1096 τῷδε
1143 1027 1220 1098 τῷ
1263 1027 1482 1097 κόσμῳ,
1519 1029 1662 1082 κατά
1691 1027 1750 1080 τδ

155 1115 575 1186 γεγραμμένον.
604 1118 714 1170 Καὶ
732 1118 813 1171 ὅτι
853 1118 1033 1188 φαμὲν
1059 1118 1262 1181 καλῶς,
1299 1118 1506 1189 ἀληθὴς
1538 1119 1751 1190 μάρτυς

156 1209 300 1277 ἡμῖν
367 1208 684 1278 είσὸἡσεται
736 1209 766 1262 δ
819 1209 1074 1282 θεοφιλὴς
1142 1209 1397 1281 Ἰωάννης
1455 1209 1750 1281 γεγραφὼς

156 1299 262 1352 ὡδί
284 1317 331 1350 ο(
365 1302 422 1354 '0
451 1301 782 1372 ἀρνούμενος
812 1303 902 1355 τὸν
934 1303 1172 1373 Πατέρα,
1205 1305 1299 1356 καὶ
1339 1303 1429 1356 τὸν
1452 1303 1602 1355 Υἱόνο
1643 1303 1751 1366 πᾶς

156 1395 189 1446 δ
218 1393 558 1466 ἀρνούμενος
595 1395 688 1448 τὸν
731 1394 894 1459 Υίδν,
939 1397 1058 1450 οὐδὲ
1115 1400 1206 1451 τὸν
1252 1398 1472 1471 Πατέρα
1515 1399 1662 1469 ἔχει’
1722 1401 1750 1452 ὁ

156 1485 448 1554 ὁμολογῶν
478 1486 568 1539 τδν
608 1486 755 1551 Υίὸν,
785 1489 880 1540 καὶ
914 1487 1002 1541 τὸν
1041 1489 1257 1561 Πατέρα
1299 1490 1432 1561 ἔχει.
1477 1509 1495 1542 ι
1544 1490 1750 1561 Ὀρθῶς

159 1577 219 1630 δέ
249 1593 305 1630 τι
333 1579 456 1632 λίαν
495 1574 524 1631 δ
555 1581 1000 1652 πνευματοφόρος
1026 1622 1040 1645 ,
1075 1584 1168 1634 καὶ
1199 1583 1297 1652 τῆς
1330 1581 1407 1652 τῷ
1435 1582 1580 1652 λόγῳ
1623 1599 1752 1654 πρε-

161 1667 376 1738 πούσης
402 1669 669 1741 ἁρμονίας
691 1671 790 1724 οὐκ
819 1670 924 1735 ἔξω
948 1672 1114 1736 τιθεὶς
1138 1664 1198 1725 τδ
1217 1671 1395 1744 θεώρη
1407 1691 1498 1743 μα.
1533 1674 1750 1744 Ἐπειδὴ

160 1762 280 1834 γὰρ
309 1759 450 1816 οἶδεν
480 1762 578 1817 οὐκ
622 1764 847 1835 ὀνόματι
905 1766 1098 1835 μόνον,
1136 1766 1387 1838 ἐνεργείᾳ
1431 1767 1487 1819 δὲ
1525 1767 1747 1837 μᾶλλον,

161 1853 308 1926 ὅπερ
338 1849 476 1908 εἶναι
508 1856 602 1909 καὶ
639 1856 887 1925 λέγεται,
933 1857 1080 1910 τοῦτ’
1133 1856 1247 1910 ἔστι
1273 1898 1288 1922 ,
1340 1858 1532 1929 Πατὴρ
1557 1899 1571 1921 ,
1608 1857 1751 1912 κατὰ

164 1947 334 2014 φύσιν
378 1948 689 2019 ὑπάρχοντα
717 1989 731 2011 ,
765 1949 1081 2018 ἀναγκαίως
1109 1949 1553 2020 συνεξαρνεῖσθαί
1585 1968 1752 2021 φησιν

164 2037 343 2109 ἑτέρῳ
371 2038 463 2092 τὸν
494 2039 698 2110 ἕτερον,
733 2039 1114 2112 Συνειστρέχει
1146 2043 1256 2112 γάρ
1291 2061 1407 2105 πως
1442 2043 1528 2096 ἀεὶ
1563 2043 1639 2114 τῷ
1685 2059 1752 2112 γε

161 2129 282 2183 δντι
328 2130 468 2184 κατὰ
503 2130 662 2201 φύσιν
691 2132 784 2186 καὶ
813 2135 1088 2204 νοουμένῳ
1120 2133 1296 2206 Πατρὶ
1322 2131 1416 2187 τοῦ
1455 2133 1752 2205 προελθόν-

161 2238 259 2284 τος
294 2223 353 2287 ἐξ
381 2223 545 2276 αὑτοῦ
577 2225 918 2295 γεννήματος
953 2226 986 2297 ἡ
1015 2225 1219 2293 γνῶσίς
1255 2241 1313 2279 τε
1359 2227 1454 2279 καὶ
1494 2227 1748 2296 δήλωσις,

165 2313 266 2367 καὶ
303 2313 381 2384 τῷ
415 2315 726 2387 γεννηθέντι
786 2316 928 2371 κατὰ
980 2317 1275 2388 ἀλήθειαν,
1319 2319 1379 2372 τὸ
1420 2318 1512 2372 τοῦ
1548 2319 1750 2372 τίκτειν

175 2407 479 2476 ιτεφυκότος
521 2411 914 2462 συνεπινοεῑται
968 2410 1281 2480 πρόσωπον.
1313 2410 1464 2481 Ἀμα
1508 2410 1615 2483 γάρ
1665 2427 1750 2476 τις

169 2494 318 2565 ἔγνω
351 2496 585 2568 πατέρα,
621 2497 854 2568 συνῆκεν
891 2498 972 2550 ὅτι
1001 2499 1321 2570 γεγέννηκε,
1360 2502 1453 2553 καὶ
1479 2502 1527 2553 εί
1563 2501 1746 2572 μάθει⁶

165 2587 232 2643 τὸ
264 2587 540 2659 γέννημα,
569 2589 901 2643 διακείσεται
938 2592 1156 2655 πάντως
1198 2593 1280 2645 ὅτι
1336 2593 1541 2665 πατρὸς
1586 2594 1747 2662 ἐξέφυ

162 2679 331 2744 τινός.
365 2679 574 2733 Οὐκοῦν
606 2681 675 2734 δι’
707 2682 911 2750 ἀμφοῖν
940 2681 1055 2745 τοῖς
1089 2683 1460 2753 ἀκροωμένοις
1492 2685 1524 2754 ἡ
1554 2684 1749 2737 ἐκατέ-

106 2753 116 2763 ’
164 2789 264 2842 pou
297 2771 500 2840 γνῶσις
542 2771 884 2828 ὲντίκτεται·
923 2774 1019 2827 καὶ
1067 2775 1446 2845 ἀρνησάμενος
1642 2794 1746 2841 τις,

159 2868 247 2920 ὅτι
284 2867 475 2937 Πατήρ
510 2867 658 2918 ἐστιν
687 2865 903 2935 ἀληθῶς
938 2867 966 2918 ὁ
1004 2865 1154 2931 Θεὸς,
1192 2869 1578 2938 συναναιρήσει
1612 2869 1749 2921 πάν-ο

159 2975 275 3020 τως
315 2959 414 3028 τὴν
444 2957 537 3010 τοῦ
576 2957 700 3010 Υίοῦ
749 2957 1024 3029 γέννησιν.
1071 2957 1326 3029 Γέννημα
1369 2960 1425 3012 δὲ
1457 2961 1618 3014 πάλιν
1649 2963 1748 3032 οὐχ

160 3050 506 3120 ὁμολογήσας
531 3045 669 3102 εἶναι
700 3049 791 3102 τὸν
821 3049 970 3113 Υίὸν,
1002 3050 1099 3120 τὴν
1135 3051 1264 3121 περ)⁵
1305 3051 1397 3104 τοῦ
1429 3053 1644 3123 Πατρδς
1671 3055 1748 3122 (1)

159 3142 369 3211 γνῶσιν
396 3141 668 3208 συνεξελεί
701 3141 764 3212 δὴ
812 3142 1030 3206 πάντως
1059 3142 1228 3212 αὐτῷ.
1258 3144 1386 3196 Ὅτε
1414 3145 1592 3197 τοίνυν
1636 3147 1750 3208 τοῖς

160 3234 401 3298 ἀνοσίοις
454 3236 599 3305 ἡμᾶς
651 3235 1159 3304 κατασφενδονήσας
1203 3234 1419 3303 λόγοις,
1466 3235 1748 3307 διακεκρι-

167 3327 337 3397 μένην
382 3324 478 3378 τοῦ
521 3326 820 3396 ἀγεννήτου
856 3325 993 3378 Θεοῦ
1042 3327 1140 3398 τὴν
1182 3328 1370 3380 οὐσίαν
1419 3328 1748 3383 διατείνει-αι

162 3412 309 3481 ἒχειν
341 3412 433 3466 τὸν
462 3412 624 3479 Υίὸν,
661 3413 777 3476 πῶς
807 3414 869 3466 οὐ
902 3414 1200 3486 διαρρήδην
1236 3417 1358 3470 οὐδὲ
1406 3417 1534 3471 Υἱδν
1573 3420 1750 3491 ὑπάρ-

164 3521 281 3574 χειν
315 3504 481 3557 αὐτὸν
523 3505 816 3574 ὁμολογεῖς
876 3507 1006 3560 Υίοῦ
1056 3508 1113 3562 δὲ
1165 3510 1268 3562 οὐκ
1297 3509 1450 3573 ὄντος
1476 3550 1489 3571 ,
1539 3513 1649 3564 οὐδ’
1681 3512 1748 3564 ἂν

171 3596 334 3659 αὐτὸς
366 3597 396 3648 ὁ
423 3597 609 3668 Πατὴρ
638 3597 853 3669 ἀληθῶς
882 3598 962 3652 ἔτι
995 3603 1168 3653 νοοῖτο
1201 3602 1412 3672 Πατήρ.
1451 3603 1609 3666 Τίνος
1639 3604 1749 3674 γὰρ

166 3687 318 3740 ἔσται
362 3689 562 3760 πατὴρ,
608 3691 658 3742 εί
691 3690 767 3760 μὴ
793 3691 1026 3757 τέτοκε;
1059 3695 1456 3767 Διακεκρίσθαι
1490 3698 1590 3766 μὲν
1640 3698 1749 3769 γὰρ

165 3780 286 3850 οὐχὶ
315 3781 415 3850 τῆς
445 3782 667 3846 οὐσίας,
717 3783 854 3836 ἀλλὰ
904 3783 1000 3837 τοῦ
1053 3786 1348 3856 προσώπου
1403 3788 1497 3841 τοῦ
1539 3789 1750 3861 Πατρὺς

166 3875 260 3928 καὶ
295 3874 452 3927 αὐτοί
493 3893 671 3946 φαμεν
700 3877 790 3930 τὸν
838 3877 996 3942 Υἱὸν,
1047 3881 1144 3950 οὐχ
1194 3880 1269 3943 ὡς
1297 3880 1584 3952 ἀλλότριον
1620 3883 1751 3938 ὄντα

166 3965 307 4017 κατὰ
350 3964 510 4034 φύσιν
544 3965 710 4020 αὑτοῦ
736 4009 751 4033 ,
798 3969 1047 4040 καθάπερ
1078 3970 1271 4040 ἀμέλει
1313 3974 1426 4037 τοῖς
1456 3973 1750 4046 θεομάχοις

163 4056 333 4121 δοκεῖ,
373 4055 486 4109 ἀλλ’
515 4057 589 4121 ὡς
626 4058 754 4112 ὅντα
782 4078 841 4114 τε
876 4062 970 4114 καὶ
1007 4062 1298 4134 νοούμενον
1329 4068 1387 4118 ὲν
1434 4067 1548 4138 ἰδίῳ
1576 4085 1751 4140 προσ-

164 4148 326 4220 ώπῳ,
371 4151 466 4203 καὶ
499 4153 618 4203 κατ’
667 4151 804 4204 ίδίαν
837 4151 1073 4225 ὓπαρξιν
1118 4157 1421 4229 ἑτερότητι.
1473 4159 1602 4224 Υἱὸς
1641 4161 1751 4234 γάρ

165 4241 312 4304 ἐστι,
357 4242 455 4296 καὶ
487 4244 548 4297 οὐ
576 4245 764 4316 Πατήρ
788 4262 800 4275 ·
833 4247 1214 4319 διακεκρίσθαι
1253 4268 1316 4319 γε
1369 4252 1476 4322 μὴν
1511 4255 1631 4308 κατ’
1661 4256 1752 4309 οὐ·

168 4335 290 4388 σίαν
320 4333 436 4388 οὔτ’
464 4335 530 4389 ἂν
563 4337 717 4390 αὐτοὶ
749 4340 1011 4410 φαίημεν,
1047 4341 1101 4394 εί
1121 4359 1182 4411 γε
1216 4344 1522 4416 φρονοῦμεν
1550 4347 1748 4419 ὀρθῶς,

165 4419 288 4473 οὔτε
333 4423 438 4476 τινί
470 4422 578 4475 τῶν
624 4425 870 4495 ἀδελφῶν
915 4429 1450 4504 συμϐουλεύσαιμεν.
1489 4437 1612 4500 Πῶς
1644 4439 1753 4512 γὰρ

165 4512 230 4563 ἂν
261 4512 359 4565 καὶ
397 4513 740 4586 διακέκριται
773 4519 933 4588 μόνον
956 4560 972 4584 ,
1015 4521 1136 4575 καθ’
1169 4523 1307 4595 ὅπερ
1345 4527 1493 4580 ἐστὶν
1535 4527 1754 4595 ἰδιαζόν-

1857 661 1911 708 et
1945 653 2137 724 iniquo
2168 655 2357 708 animo
2390 653 2566 710 feram
2602 669 2664 711 ea
2694 669 2816 722 qua:
2850 654 3099 724 proferre
3129 655 3250 708 ausi
3307 665 3438 710 sunt

1859 747 2074 810 miseri,
2107 747 2406 802 ostendere
2438 757 2619 801 tamen
2673 747 2918 802 conabor
2973 735 3203 817 scopum
3241 763 3439 802 rursus

1859 853 2098 908 sequens
2129 837 2330 893 divina:
2362 837 2666 908 Scriptura:
2689 877 2702 903 ,
2741 854 2838 893 eos
2880 854 3077 908 nempe
3107 838 3201 909 qui
3240 849 3441 910 negant

1821 953 1823 955 ί
1860 928 2057 983 Filium
2078 973 2090 995 ,
2125 929 2290 984 simul
2319 944 2538 1000 quoque
2570 945 2774 1002 negare
2802 929 3022 984 Patrem
3047 970 3061 994 ,
3087 945 3295 1001 eosque
3321 930 3440 986 sine

1860 1023 1970 1079 Deo
2027 1023 2245 1078 tandem
2301 1039 2466 1086 esse,
2515 1031 2568 1077 et
2615 1038 2770 1093 spem
2825 1039 2934 1077 non
2983 1022 3187 1078 habere
3234 1022 3290 1076 in
3336 1023 3440 1076 hoc

1861 1116 2069 1169 mundo
2090 1156 2102 1174 .
2139 1114 2286 1169 sicut
2312 1115 2580 1184 scriptum
2615 1121 2700 1168 est
2735 1114 2823 1168 "1'
2853 1113 3008 1180 Quod
3041 1121 3190 1168 recte
3218 1129 3246 1166 a
3281 1113 3439 1168 nobis

1857 1207 2006 1271 dici,
2043 1207 2203 1262 testis
2256 1207 2506 1276 locuples
2552 1205 2715 1260 nobis
2768 1206 2874 1260 erit
2925 1207 3048 1277 pius
3079 1206 3170 1261 ille
3195 1205 3438 1260 Joannes

1859 1299 1932 1352 ita
1961 1296 2250 1354 scribens:
2283 1315 2301 1348 ι
2326 1296 2430 1363 Qui
2465 1297 2681 1351 Patrem
2708 1306 2906 1367 negat,
2933 1307 3090 1368 negat
3113 1304 3166 1352 et
3192 1296 3393 1351 Filium
3419 1313 3434 1349 :

1858 1391 2040 1445 omnis
2072 1389 2167 1458 qui
2207 1395 2368 1458 negat
2400 1383 2603 1441 Filium
2628 1427 2643 1452 ,
2682 1403 2782 1442 nec
2827 1387 3046 1443 Patrem
3094 1391 3259 1444 habet
3291 1408 3304 1444 :
3340 1389 3436 1460 qui

1857 1481 2152 1537 conﬁtetur
2183 1480 2382 1535 Filium
2406 1521 2421 1546 ,
2454 1488 2509 1536 et
2542 1479 2760 1535 Patrem
2798 1481 2960 1536 habet
2993 1482 3057 1534 ²δ.
3091 1500 3108 1532 ι
3140 1482 3304 1536 Recte
3335 1498 3439 1536 au-

1859 1582 1967 1628 tem
2003 1573 2089 1626 vir
2117 1573 2365 1638 divinus,
2415 1587 2599 1642 neque
2647 1571 2700 1625 id
2735 1581 2892 1628 extra
2926 1574 3200 1629 sermonis
3239 1575 3439 1630 seriem

1857 1671 1912 1718 et
1945 1663 2218 1719 ordinem.
2254 1663 2388 1716 Nam
2422 1679 2546 1718 cum
2583 1663 2754 1720 sciret
2799 1680 2908 1719 non
2955 1665 3131 1720 solum
3183 1667 3437 1732 nomine,

1858 1760 1954 1814 sed
2005 1776 2066 1815 re
2107 1767 2160 1815 et
2201 1767 2323 1813 actu
2361 1760 2580 1830 potius,
2623 1759 2675 1814 id
2707 1759 2855 1830 quod
2896 1775 3019 1816 esse
3059 1761 3286 1828 dicitur,
3333 1759 3440 1815 Pan

1859 1859 1996 1906 trem
2028 1851 2291 1905 nimirum
2324 1852 2628 1908 secundum
2681 1862 2933 1907 naturam
2987 1855 3290 1918 exsistere,
3341 1869 3440 1909 ne-

1787 1925 1830 1980 Β
1861 1943 2104 1998 cessario
2154 1943 2320 1997 infert
2384 1944 2618 1997 alterum
2670 1944 2860 2015 negari
2909 1959 3015 1999 una
3061 1960 3185 1999 cum
3238 1946 3439 2000 altero.

1855 2033 2154 2088 Concurrit
2190 2035 2337 2088 enim
2384 2049 2508 2088 cum
2556 2050 2623 2090 eo
2671 2036 2764 2105 qui
2809 2044 3002 2090 natura
3055 2033 3216 2092 Pater
3257 2047 3339 2093 est
3376 2052 3441 2093 ac

1857 2126 2213 2197 intelligitur,
2243 2127 2604 2196 procedentis
2648 2142 2714 2182 ex
2753 2128 2874 2198 ipso
2910 2125 3032 2182 Filii
3067 2131 3310 2200 cognitio
3358 2141 3441 2184 at-

1854 2230 1964 2292 que
1991 2219 2323 2290 signiﬁcatio
2344 2261 2358 2287 ,
2399 2228 2454 2274 et
2486 2236 2609 2274 cum
2646 2236 2711 2276 eo
2739 2223 2830 2292 qui
2867 2238 3057 2278 revera
3089 2224 3306 2294 genitus
3332 2232 3437 2288 est,

1852 2313 2124 2386 genitoris
2155 2328 2389 2382 persona
2422 2314 2587 2368 simul
2622 2315 2957 2383 concipitur.
2995 2313 3169 2368 Simul
3202 2330 3266 2368 ac
3291 2315 3439 2370 enim

1856 2414 2069 2476 patrem
2115 2407 2272 2459 novit
2304 2406 2539 2476 aliquis,
2578 2407 2837 2477 genuisse
2881 2407 3170 2477 intelligit;
3201 2415 3257 2462 et
3291 2409 3340 2463 si
3379 2408 3440 2461 li-

1856 2495 1990 2549 lium
2023 2496 2265 2549 audierit
2291 2536 2304 2560 ,
2339 2497 2533 2566 utique
2563 2497 2763 2552 sentiet
2797 2513 2863 2552 ex
2901 2498 3089 2568 aliquo
3126 2508 3278 2568 patre
3321 2499 3439 2553 edi-

1856 2597 1991 2643 tum.
2021 2589 2290 2656 Quocirca
2315 2606 2410 2661 per
2433 2591 2669 2644 alterum
2692 2591 2921 2647 alterius
2949 2593 3141 2646 notitia
3167 2593 3220 2645 in
3248 2595 3439 2647 menti-

1855 2680 1960 2737 bus
1990 2682 2304 2737 auditorum
2335 2682 2598 2753 gignitur,
2629 2691 2682 2737 et
2709 2683 2754 2736 si
2788 2683 2912 2752 quis
2946 2684 3231 2753 negaverit
3268 2683 3437 2738 Deum

1854 2787 1984 2828 vere
2013 2787 2139 2828 esse
2169 2771 2386 2825 Patrem
2409 2812 2423 2836 ,
2460 2772 2622 2827 simul
2661 2773 2826 2827 etiam
2860 2770 2979 2825 Filii
3024 2773 3438 2844 generationem

1855 2873 2090 2922 evertet.
2130 2864 2342 2920 Rursus
2371 2880 2538 2929 vero,
2570 2867 2892 2935 quicunque
2921 2867 3171 2935 genimen
3209 2881 3318 2921 non
3357 2865 3436 2919 la-

1854 2956 2061 3012 tebitur
2091 2971 2215 3010 esse
2247 2953 2444 3008 Filium
2468 2995 2482 3019 ,
2532 2956 2759 3009 omnino
2795 2954 2976 3010 Patris
3023 2957 3278 3010 notitiam
3329 2969 3437 3011 una

1854 3063 1980 3105 cum
2017 3051 2136 3120 ipso
2165 3049 2381 3118 eripiet.
2412 3048 2549 3104 Cum
2580 3064 2712 3118 ergo
2747 3063 2848 3104 nos
2883 3048 3065 3118 impiis
3096 3057 3292 3119 petens
3320 3061 3437 3105 ser-

1857 3141 2112 3196 monibus
2133 3181 2149 3206 ,
2182 3123 2603 3194 distinctam‘ab
2638 3139 2885 3211 ingenito
2913 3138 3027 3195 Deo
3065 3141 3436 3195 substantiam

1861 3235 2062 3292 habere
2077 3232 2277 3289 Filium
2304 3232 2630 3295 contendat,
2659 3232 2922 3302 numquid
2957 3242 3144 3302 aperte
3173 3233 3437 3302 prazdieat

1857 3344 1926 3384 ne
1957 3328 2138 3400 ipsum
2164 3327 2388 3397 quidem
2421 3342 2544 3381 esse
2574 3325 2820 3379 Filium?
2851 3324 3006 3391 Quod
3045 3327 3089 3380 si
3119 3325 3295 3381 Filius
3326 3342 3437 3381 non

1853 3421 1960 3486 sit,
1993 3436 2060 3474 ne
2087 3421 2204 3490 ipse
2229 3419 2594 3490 quidem-jam
2623 3417 2784 3472 Pater
2811 3434 2934 3473 vere
2961 3419 3304 3473 censebitur.
3331 3419 3439 3473 Cu-

1847 3513 1940 3583 jus
1988 3513 2136 3568 enim
2184 3522 2339 3582 pater
2387 3511 2604 3566 futurus
2649 3517 2755 3576 est,
2805 3511 2850 3564 si
2903 3527 3010 3564 non
3057 3511 3440 3581 genuit‘iDis-

1854 3606 2089 3659 tinctum
2132 3607 2333 3674 quippe
2369 3619 2493 3659 esse
2545 3619 2656 3657 non
2695 3617 2724 3656 a
2761 3603 3073 3658 substantia
3099 3643 3114 3668 ,
3167 3604 3262 3659 sed
3313 3621 3440 3673 per-

1853 3711 1986 3751 sona
2023 3694 2201 3748 Patris
2230 3695 2333 3765 ipsi
2361 3709 2582 3764 quoque
2609 3694 2912 3749 asserimus
2935 3735 2949 3760 ,
2983 3710 3091 3748 non
3119 3696 3277 3764 quasi
3309 3695 3440 3748 alic-

1853 3802 1961 3840 nus
1997 3786 2069 3840 sit
2103 3785 2172 3839 ab
2201 3800 2267 3839 eo
2302 3783 2609 3840 secundum
2643 3792 2935 3849 naturam,
2967 3784 3130 3839 sicuti
3174 3784 3436 3838 nimirum

1856 3877 1949 3933 Dei
1989 3877 2248 3934 hostibus
2280 3877 2523 3940 videtur,
2550 3876 2644 3931 sed
2682 3887 2741 3932 ut
2765 3877 2856 3948 qui
2888 3877 2960 3933 sit
2998 3884 3055 3932 et
3099 3877 3440 3948 intelligatur

1856 3969 1910 4023 in
1948 3969 2169 4040 propria
2205 3984 2479 4038 persona,
2514 3965 2680 4040 798
2710 3977 2765 4025 et
2806 3969 3095 4040 byposlasi
3139 3971 3298 4024 alter.
3347 3969 3440 4024 Fio

1855 4061 1964 4117 lius
2018 4063 2164 4116 enim
2214 4067 2327 4126 cst,
2376 4077 2440 4116 ac
2477 4077 2584 4116 non
2619 4061 2818 4117 Pater:
2857 4079 3040 4132 neque
3083 4071 3272 4119 tamen
3306 4066 3440 4119 sub-

1855 4155 2063 4210 stantia
2112 4154 2377 4225 distingui
2422 4153 2769 4218 dixerimus,
2815 4155 2861 4210 si
2910 4170 3064 4211 mens
3108 4155 3269 4211 nobis
3306 4171 3440 4209 sana

1856 4246 1963 4311 sit,
2000 4260 2178 4318 neque
2227 4245 2282 4300 id
2339 4245 2436 4299 ulli
2486 4245 2722 4300 fratrum
2773 4248 3240 4303 consuluerimus.
3293 4247 3446 4315 Quo-

1857 4338 2022 4393 modo
2051 4338 2196 4393 enim
2228 4337 2394 4393 etiam
2429 4337 2862 4409 unumquodque
2895 4339 3288 4410 singularitate
3321 4355 3444 4409 per-

1857 4447 2005 4488 sonae
2041 4438 2253 4486 tantum
2289 4430 2694 4500 distinguitur?
2719 4429 2919 4487 Petrus
2951 4431 3095 4486 enim
3127 4441 3212 4486 est
3243 4430 3443 4486 Petrus

1855 4540 1920 4579 ac
1947 4540 2061 4580 non
2098 4522 2328 4587 Paulus,
2364 4530 2418 4578 et
2451 4522 2655 4578 Paulus
2687 4531 2772 4579 est
2803 4523 3034 4590 Paulus,
3062 4541 3170 4579 non
3204 4523 3402 4580 Petrus
3427 4567 3441 4590 ,

167 4620 274 4665 τως
311 4602 584 4671 ἕκαστον;
641 4607 698 4661 '0
735 4609 941 4682 Πέτρος
983 4612 1092 4682 γὰρ
1149 4615 1354 4687 Πέτρος
1400 4619 1516 4671 ἐστὶ
1555 4621 1649 4674 καὶ
1691 4623 1750 4676 οὐ

1859 4625 2240 4673 verumtamen
2313 4617 2623 4671 indistincti
2682 4625 2968 4673 remanent
3033 4627 3253 4672 natura.
3322 4616 3440 4673 Una

168 4695 413 4759 Παῦλος,
447 4697 536 4750 καὶ
579 4701 608 4752 ὁ
642 4699 854 4764 Παῦλος
887 4702 948 4754 οὐ
999 4703 1204 4776 Πέτρος
1235 4747 1248 4768 ,
1283 4707 1506 4777 μένουσί
1545 4729 1607 4780 γε
1644 4714 1752 4784 μὴν

167 4787 470 4859 ἀδιάκριτοι
500 4791 642 4844 κατὰ
673 4793 770 4864 τὴν
802 4792 985 4862 φύσιν.
1025 4792 1124 4860 Εἷς
1152 4798 1259 4869 γὰρ
1307 4801 1392 4854 ἐπ’
1423 4803 1624 4873 ἀμφοῖν
1656 4806 1753 4876 τῆς

167 4877 359 4941 οὐσίας
385 4881 412 4932 δ
439 4879 619 4949 λόγος,
651 4883 746 4936 καὶ
791 4883 900 4938 τῶν
937 4886 1117 4940 αὐτῶν
1161 4889 1604 4961 ἀπαραλλάκτως
1639 4895 1751 4960 τέξει

168 4969 236 5062 τά
286 4969 694 5062 πρὸς-ἑνότητα
730 4976 985 5062 φυσικὴν
1036 4981 1391 5053 συνδοῦμενα.
1447 4984 1553 5039 Τοῦ
1599 4985 1654 5040 δὲ
1686 4989 1750 5062 δὴ

167 5055 330 5127 χάριν
394 5058 463 5110 τὰ
520 5059 749 5114 τοιαῦτά
800 5080 1023 5133 φαμεν;
1103 5069 1396 5138 Ἐπιδεῖξαι
1455 5075 1565 5148 γὰρ
1622 5055 1754 5148 ἡμῖν

171 5149 398 5213 σκοπὸς,
447 5151 528 5203 ὅτι
573 5153 898 5223 φρονοῦντες
925 5158 1123 5212 ἐκεῖνοι
1154 5161 1448 5231 δυσσεὸῶς,
1481 5167 1583 5238 τῆς
1613 5172 1755 5225 κατὰ

169 5241 336 5310 φύσιν
391 5242 642 5314 θεότητος
700 5247 980 5311 ἐξέλκουσι
1033 5251 1123 5304 τὸν
1168 5254 1332 5320 Υἰὺν,
1395 5260 1551 5313 οὐδὲν
1605 5263 1754 5334 αὐτῷ

170 5331 358 5398 πλέον,
393 5335 644 5408 καθάπερ
681 5338 780 5408 ήδη
827 5341 1163 5414 προείπομεν
1186 5388 1200 5409 ,
1265 5353 1520 5422 σχετικῆς
1549 5331 1752 5408 ἀπονέξ

171 5441 365 5493 μοντες
395 5428 723 5499 οἰκειότητος
763 5431 863 5502 τῆς
911 5433 986 5498 ὼς
1019 5437 1158 5507 πρὸς
1205 5440 1422 5512 Πατέρα
1457 5447 1552 5500 καὶ
1598 5448 1749 5506 Θεόν.

180 5519 336 5616 Ἐπεὶ
363 5519 644 5616 διὰ-ποίαν
693 5525 872 5578 αἰτίαν
906 5529 1055 5598 ἡμᾶς
1105 5536 1525 5608 παραδείγματα
1566 5561 1748 5616 παρα-

168 5609 354 5673 θέντες
391 5612 482 5666 τοῦ
532 5614 724 5682 λόγον,
777 5619 1043 5693 Καθάπερ
1089 5627 1285 5695 ἡμεῖς,
1325 5633 1524 5700 φασὶν,
1573 5609 1750 5710 ἀμιγῆ

247 5770 292 5798 ’³
339 5768 534 5839 leIies.
576 5789 637 5835 ιι,
676 5774 758 5828 l2.
844 5777 887 5806 "
920 5777 938 5831 Ι
969 5775 1128 5834 Joan.
1163 5797 1224 5846 ιι,
1258 5784 1351 5841 22.

1856 4712 2005 4766 enim
2051 4719 2136 4766 est
2179 4711 2235 4764 in
2273 4711 2546 4765 ambobus
2589 4711 2730 4765 ratio
2766 4711 3124 4776 substantiae,
3159 4719 3212 4765 et
3247 4712 3441 4766 eadem

1857 4805 1999 4858 citra
2035 4803 2396 4857 variationem
2435 4805 2599 4857 ullam
2636 4803 2840 4858 habent
2872 4819 2996 4873 quae
3028 4804 3092 4856 ad
3131 4804 3442 4858 naturalem

1859 4897 2123 4950 unitatem
2158 4897 2512 4966 colligantur.
2537 4894 2710 4961 Quam
2737 4911 2868 4950 vero
2896 4896 2966 4948 ob
2993 4911 3213 4950 causam
3249 4895 3442 4950 isthaec

1857 4987 2137 5044 dicimus?
2172 4988 2386 5058 Quippe
2442 4989 2784 5056 propositum
2820 4997 2904 5043 est
2952 4988 3111 5042 nobis
3149 4989 3443 5044 ostendere

1857 5083 2031 5152 quod,
2061 5098 2185 5135 cum
2219 5083 2298 5134 illi
2328 5082 2492 5152 impie
2521 5082 2832 5148 sentiant,a
2858 5083 3099 5135 naturali
3128 5082 3328 5136 deitate
3355 5081 3444 5136 Fi-

1861 5173 1996 5228 lium
2025 5172 2360 5237 excludunt,
2395 5172 2571 5226 nihilo
2608 5173 2733 5242 plus
2766 5173 2814 5228 ei
2842 5213 2856 5238 ,
2887 5183 2946 5227 ut
2976 5184 3140 5228 antea
3163 5173 3437 5238 diximus,

1859 5267 2170 5321 tribuentes
2189 5305 2203 5331 ,
2227 5281 2392 5336 quam
2428 5266 2715 5319 relativam
2746 5281 2870 5320 cum
2899 5265 3062 5322 Patre
3087 5278 3140 5322 et
3172 5267 3279 5322 Deo
3305 5282 3440 5322 con-

1853 5359 2222 5428 junctionem.
2251 5357 2428 5424 Quam
2458 5357 2603 5410 enim
2632 5357 2702 5413 ob
2729 5373 2950 5413 causam
2981 5360 3144 5415 nobis
3170 5359 3224 5413 in
3253 5375 3440 5414 exem-

1861 5451 2009 5522 plum
2052 5449 2174 5519 ejus
2215 5449 2362 5520 quod
2407 5449 2564 5504 aiunt
2597 5451 2894 5522 propositis
2921 5469 2937 5508 :
2964 5451 3439 5520 Quemadmodum

1861 5562 1998 5612 nos,
2030 5545 2322 5616 inquiunt,
2362 5545 2657 5601 immistam
2692 5563 2818 5603 cum
2853 5562 2920 5604 eo
2959 5548 3232 5603 habemus
3265 5547 3437 5614 hypo-

1861 5643 2088 5709 stasim,
2122 5659 2250 5700 cum
2283 5645 2456 5701 simus
2492 5643 2544 5698 in
2580 5645 2732 5716 ipso,
2773 5648 2845 5702 ita
2879 5657 2935 5701 ct
2966 5648 3082 5717 ipse
3115 5646 3432 5700 distinctam

235 5931 313 6000 (ξ)
353 5931 474 5998 Ed.,
511 5931 846 6004 Πνεόματος.
886 5935 1158 6011 interpres
1195 5951 1374 6000 tamen
1412 5947 1616 6019 [Ia-.95;
1654 5950 1875 6021 legerat.
1915 5950 2068 6006 Eutr.
