4096 6488
729 412 836 470 959

1725 410 1783 467 S.
1824 408 2103 466 CYRILLl
2153 405 2634 463 ALEXANDRINI
2674 409 2993 481 ARCHIEP.
3882 420 3957 474 NO

732 528 897 583 habet
930 541 957 580 a
988 522 1103 580 Deo
1128 524 1494 581 substantiam
1519 562 1533 588 ,
1566 524 1821 594 quamvis
1850 538 1974 580 esse
2003 523 2222 579 dicatur
2256 523 2288 575 ii

2420 524 2557 595 πρὸς
2589 524 2751 578 αὑτὸν
2786 525 2980 596 ἔχομεν
3020 524 3118 597 τὴν
3158 526 3498 592 ὑπόστασιν,
3536 525 3693 595 ὄντες
3743 530 3800 586 ιν
3828 538 3953 613 αὐτῷ,

731 617 873 688 ipso.
901 615 1176 688 Numquid
1213 614 1502 671 manifesta
1534 623 1617 669 est
1647 614 1869 670 cunctis
1900 615 1992 669 illa
2025 614 2315 669 versutia?

731 709 1010 780 Numquid
1042 709 1168 779 jure
1199 709 1345 764 dicet
1380 707 1582 777 aliquis
1631 724 1756 762 eum
1807 709 1897 778 qui
1953 719 2060 762 tam
2111 706 2312 763 fetidos

731 819 1016 861 sermones
1040 803 1282 858 evomuit
1312 818 1479 856 unum
1513 816 1638 857 esse
1670 816 1737 855 ex
1768 802 1836 856 iis
1868 801 1961 871 qui
2000 816 2096 871 per
2132 798 2311 870 Spiri-

732 907 848 953 tum
879 898 1135 952 illusores
1171 895 1587 965 praedicantur?
1616 895 1757 963 Quid
1789 897 1938 951 enim
1971 897 2135 951 nobis
2164 897 2310 951 scri-

732 989 812 1042 bit
841 985 1011 1042 ludas
1039 987 1129 1040 ille
1172 985 1487 1040 Servatoris
1521 984 1875 1056 discipulus?
1906 1004 1923 1036 ‹
1957 984 2069 1041 Vos
2103 995 2307 1049 autem,

732 1079 1082 1143 charissimi,
1118 1092 1387 1132 memores
1419 1085 1595 1133 estote
1632 1079 1925 1132 verborum
1960 1093 2083 1147 quae
2116 1079 2312 1147 pradi-

730 1182 817 1226 cta
848 1176 978 1226 sunt
1010 1169 1078 1222 ab
1114 1170 1385 1239 apostolis
1429 1168 1645 1224 Domini
1694 1169 1869 1224 nostri
1900 1167 2027 1224 Jesu
2064 1168 2307 1234 Christi;

727 1264 820 1333 qui
865 1261 1124 1316 dicebant
1168 1262 1367 1316 vobis:
1405 1259 1676 1327 Quoniam
1727 1262 1782 1315 in
1839 1261 2143 1316 novissimo
2172 1270 2309 1316 tem-

728 1370 859 1425 pore
908 1355 1132 1409 venient
1178 1355 1467 1417 illusores,
1518 1354 1821 1408 secundum
1875 1352 2155 1408 desideria
2206 1369 2307 1408 sua

726 1446 1076 1501 ambulantes
1110 1446 1168 1499 in
1202 1446 1604 1516 impietatibus.
1650 1446 1716 1499 lli
1760 1453 1924 1509 sunt,
1977 1445 2073 1515 qui
2118 1461 2306 1515 segre-

724 1546 857 1608 gant
888 1538 1255 1609 semeptipsos
1279 1578 1294 1601 ,
1321 1538 1620 1601 animales,
1657 1536 1919 1607 Spiritum
1956 1554 2067 1592 non
2097 1540 2307 1594 haben-

726 1638 811 1684 tes
838 1629 905 1683 ’⁸.
938 1649 955 1682 ι
982 1628 1153 1685 Nemo
1188 1631 1334 1686 enim
1372 1631 1533 1699 plane
1566 1628 1804 1700 Spiritui
1841 1637 2033 1685 saneto
2070 1629 2304 1699 loquens

724 1720 990 1777 adversus
1018 1720 1300 1793 Unigeniti
1321 1723 1551 1794 gloriam
1570 1721 1869 1791 quidquam
1890 1722 2166 1791 loquetur.
2190 1722 2304 1777 Hoc

724 1815 874 1869 enim
902 1830 1031 1871 esse
1056 1817 1164 1882 aio,
1186 1816 1371 1871 dicere
1401 1815 1693 1869 anathema
1720 1812 1849 1870 Jesu
1878 1815 1944 1869 ".
1972 1814 2089 1869 Viri
2121 1824 2301 1870 autem

2415 616 2589 680 οὑτως
2615 618 2709 670 καὶ
2750 618 2911 681 αὑτὸς
2940 618 3364 689 διακεκριμένην
3390 619 3513 690 ἔχει
3545 621 3649 691 τὴν
3694 623 3864 678 οὐσίαν
3889 635 3955 685 τοῦ

2415 708 2550 763 Θεοῦ
2571 750 2585 773 ,
2623 709 2726 764 κᾶν
2760 705 2897 763 εἶναι
2940 710 3202 782 λέγηται,
3235 714 3397 781 φησὶν
3419 752 3435 775 ,
3474 714 3536 766 ἐν
3577 715 3746 787 αὑτῷ.
3776 713 3883 793 'Ap‘
3912 728 3953 778 οὐ

2417 803 2583 854 πᾶσιν
2617 801 2949 867 εὑκάτοπτος
2988 805 3019 873 ἡ
3057 804 3399 875 πανουργίας
3443 802 3581 876 'Ap’
3625 810 3727 861 οὐκ
3767 812 3868 881 ἐρεῖ
3896 832 3955 881 τις

2415 892 2654 961 εὐλόγως
2698 894 2789 947 τὸν
2838 894 2980 947 οὑτω
3019 895 3424 951 δυσωδέστατον
3473 898 3811 970 ἐξεμέσαντα
3838 906 3952 978 λόγον

2413 983 2637 1036 ἐκείνων
2668 984 2937 1056 ὑπάρχειν
2983 986 3079 1038 ἕνα
3110 986 3217 1039 τῶν
3254 986 3341 1041 διά
3385 988 3487 1042 τοῦ
3527 990 3837 1060 Πνεῦματος
3865 1016 3952 1071 προ

2413 1076 2844 1147 κεκηρυγμένων
2894 1079 3255 1148 ἐμπαικτῶν;
3312 1081 3376 1134 Τί
3439 1082 3557 1155 γάρ
3631 1084 3818 1151 Ἰούδας
3859 1093 3950 1162 ἡμῖν

2412 1165 2717 1219 ἐπιστέλλει
2768 1166 2861 1220 τοῦ
2905 1169 3157 1242 Σωτῆρος
3206 1172 3233 1222 6
3282 1171 3583 1245 μαθητής;
3646 1192 3664 1225 ι
3707 1175 3871 1248 Ὑμεῖς
3890 1184 3947 1249 δὲ,

2411 1258 2708 1329 ἀγαπητοὶ,
2746 1260 3021 1332 μνήσθητε
3067 1261 3174 1313 τῶν
3212 1264 3479 1332 ῥημάτων
3516 1265 3629 1317 τῶν
3674 1275 3950 1343 προειρημέ.

2410 1370 2515 1406 νων
2546 1353 2650 1406 ὑπὸ
2693 1354 2799 1405 τῶν
2844 1354 3159 1407 ἀποστόλων
3202 1355 3295 1407 τοῦ
3357 1356 3575 1428 Κυρίου
3623 1359 3777 1428 ἡμῶν
3820 1364 3948 1434 Ἰησοῦ

2408 1443 2652 1514 Χριστοῦ
2678 1485 2692 1509 ,
2746 1446 2827 1497 ὅτι
2871 1444 3055 1514 ἔλεγον
3095 1446 3226 1516 ὑμῖν
3252 1463 3264 1475 ·
3311 1448 3437 1501 Ὅτι
3489 1448 3582 1501 ἐπ’
3636 1450 3845 1521 ἐσχάτου
3883 1454 3945 1510 τοῦ

2408 1537 2604 1607 χρόνου
2640 1536 2951 1590 ἐλεύσονται
2981 1538 3286 1606 ἐμπαῖκται
3324 1538 3471 1592 κατὰ
3517 1538 3620 1603 τὰς
3649 1541 3838 1597 ἑαυτῶν
3860 1546 3945 1600 ἔτι·

2410 1627 2609 1697 Θυμίας
2641 1628 3004 1699 πορευόμενοι
3055 1628 3164 1683 τῶν
3216 1630 3514 1684 ἀσεϐειῶν.
3567 1626 3727 1686 Οὗτοί
3775 1637 3942 1692 είσινοί

2407 1720 2864 1792 ἀποδιορίζοντες,
2903 1721 3147 1791 ψυχικοὶ,
3178 1722 3404 1793 Πνεῦμα
3448 1722 3530 1793 μὴ
3571 1724 3796 1795 ἔχοντες.
3830 1748 3845 1779 ι
3872 1732 3943 1783 05-

2406 1812 2518 1876 83‘;
2570 1815 2668 1883 μὲν
2726 1813 2834 1883 γὰρ
2876 1813 2937 1865 τὸ
2982 1814 3248 1884 παράπαν
3292 1815 3436 1884 ἁγίῳ
3498 1816 3776 1886 Πνεὺματι
3814 1818 3941 1873 λαλῶν

724 1908 990 1963 animales
1023 1922 1087 1961 ac
1120 1908 1332 1974 timidi,
1379 1916 1433 1962 et
1466 1906 1676 1977 Spiritu
1723 1916 1914 1962 sancto
1950 1922 2179 1961 vacuum
2209 1924 2288 1965 σοι

2412 1907 2637 1977 κατερεῖ
2680 1922 2732 1956 τι
2782 1905 2880 1974 τῆς
2926 1903 3085 1974 δόξης
3127 1904 3222 1957 τοῦ
3270 1885 3659 1973 Μονογενοῦς,
3692 1908 3844 1961 Τοῦτο
3867 1912 3940 1980 γὰρ

723 1999 1020 2067 habentes,
1064 2000 1263 2054 Filium
1314 2015 1345 2054 a
1376 1998 1540 2057 Patre
1572 2008 1901 2071 segregant,
1938 2001 2288 2055 substantialt

2412 1995 2545 2050 εἷναί
2582 2014 2723 2067 φημι
2772 1997 2831 2050 τὸ
2875 1997 3055 2065 λέγειν
3105 1997 3358 2067 ἀνάθεμα
3414 1998 3650 2067 Ἰησοῦς.
3693 2001 3886 2072 ’Λνερες
3903 2005 3939 2055 δι

720 2089 1021 2145 discrimen
1058 2090 1235 2159 ipsum
1280 2089 1484 2144 habere
1510 2088 1788 2153 dicentes,
1839 2089 2288 2158 quemadmodun

2412 2088 2662 2159 ψυχικοί,
2722 2089 2817 2143 καὶ
2875 2090 3137 2154 δείλαιοι,
3184 2092 3280 2143 καὶ
3329 2090 3426 2145 τοῦ
3480 2093 3642 2160 ἁγίου
3683 2094 3937 2164 ῐινεύματος

718 2180 984 2233 nimirum
1003 2187 1055 2234 et
1075 2188 1375 2243 creaturae,
1410 2188 1464 2233 et
1494 2180 1929 2249 unumquodque
1959 2194 2152 2234 eorum
2189 2196 2288 2250 qua

2412 2184 2621 2253 ἐρήμην
2677 2182 2892 2251 ἔχοντες
2961 2182 3059 2253 τὴν
3110 2183 3375 2253 καρδίαν,
3436 2183 3828 2254 ἀποδιορίζουσι
3873 2189 3936 2241 τοῦ

715 2270 863 2325 facta
897 2279 1029 2326 sunt
1060 2270 1130 2325 ab
1162 2271 1316 2340 ipso,
1347 2281 1401 2326 et
1435 2287 1503 2325 eo
1535 2271 1697 2325 modo
1728 2271 1884 2324 illum
1926 2285 2053 2326 esse
2103 2271 2157 2326 in
2200 2271 2306 2327 Pa-

715 2371 798 2418 tre
827 2364 1168 2429 sentientes,
1208 2378 1317 2432 quo
1350 2377 1452 2417 nos
1488 2363 1541 2416 in
1574 2364 1689 2417 illo.

2407 2273 2623 2345 Πατρὸς
2666 2273 2756 2327 τὸν
2799 2273 2962 2337 Υἱδν,
3009 2273 3243 2342 οὑσιώδη
3295 2274 3607 2344 φάσκοντες
3657 2277 3790 2347 ἔχειν
3816 2281 3935 2332 αὑτὸν

2406 2370 2507 2441 τὴν
2566 2365 2869 2437 διακοπὴν,
2922 2366 3174 2437 καθάπερ
3228 2368 3422 2438 ἀμέλει
3474 2369 3545 2423 τά
3600 2371 3826 2439 γενητὰ,
3871 2374 3935 2425 καὶ

712 2451 819 2507 τῶν
886 2452 1016 2524 παρ’
1068 2450 1236 2507 αὑτοῦ
1290 2452 1678 2523 πεποιημένων
1722 2454 1989 2523 ἕκαστον,
2044 2454 2183 2514 εἷναί
2242 2481 2300 2517 τε
2374 2464 2516 2520 οὑτω
2594 2461 2918 2534 φρονοῦντες
2958 2461 3117 2515 αὑτὸν
3168 2464 3224 2515 ἐν
3275 2463 3496 2534 Πατρὶ,
3556 2465 3793 2537 καθάπερ
3829 2468 3933 2536 ἡμᾶς

711 2546 768 2597 ἐν
807 2546 977 2617 αὐτῷ.

785 2635 923 2704 Quia
952 2652 1082 2691 vero
1110 2637 1225 2691 inec
1254 2638 1592 2704 scribentes,
1622 2657 1892 2696 summam
1925 2646 2296 2716 ignorantiam

710 2729 1111 2800 prodiderunt,
1159 2729 1392 2801 agedum
1429 2746 1458 2784 a
1490 2731 1778 2802 Scriptura
1813 2736 2001 2791 divina
2036 2741 2296 2796 conside-

706 2838 893 2877 remus
926 2837 1151 2886 rursus,
1187 2824 1370 2890 quoad
1402 2828 1624 2894 assequi
1660 2826 1827 2890 licet,
1864 2836 1916 2881 et
1950 2830 2297 2889 auditoribus

709 2914 1005 2969 ostendere
1035 2929 1325 2981 conemur,
1365 2930 1469 2971 nos
1501 2917 1660 2971 aliter
1692 2919 1915 2988 quidem
1952 2937 2075 2977 esse
2109 2923 2164 2977 in
2200 2922 2293 2976 Fi-

705 3005 813 3068 lio,
850 3004 1010 3059 aliter
1044 3004 1245 3060 Filium
1286 3007 1341 3060 in
1377 3023 1479 3063 suo
1513 3007 1696 3063 Patre.
1740 3010 1851 3066 Nec
1897 3016 2044 3067 enim
2092 3016 2292 3070 volun-

704 3097 866 3153 tariis
902 3096 1209 3153 virtutibus
1260 3098 1326 3152 ad
1380 3101 1561 3169 ipsum
1615 3100 1922 3167 formatus,
1979 3105 2161 3176 imago
2208 3115 2293 3161 est

2476 2648 2602 2699 Ὅτι
2654 2645 2710 2698 δέ
2754 2645 2850 2716 τῆς
2893 2646 2972 2707 είς
3017 2646 3189 2716 ἀκρον
3223 2645 3501 2716 ἀμαθείας
3545 2648 3675 2700 είσω
3723 2647 3931 2722 βεδήκασι

2399 2737 2627 2791 τοιαῦτα
2663 2738 2896 2807 γράφειν
2932 2736 3321 2807 τολμήσαντες,
3359 2739 3497 2812 φέρε
3532 2742 3681 2811 παρά
3715 2744 3802 2813 τῆς
3821 2745 3931 2809 Θείας

2401 2830 2623 2901 Γραφῆς
2660 2828 3123 2899 διασκεπτώμεθα
3162 2829 3321 2881 πάλιν
3346 2868 3361 2892 ,
3419 2828 3500 2892 ὡς
3556 2832 3699 2883 ἐστιν
3739 2834 3927 2902 ἐφικτὸν,

2400 2922 2667 2987 ἐπιδεῖξαί
2719 2938 2777 2974 τε
2828 2924 2938 2984 τοῖς
2994 2921 3369 2992 ἀκροωμένοις
3434 2923 3841 2994 σπουδάσωμεν,
3877 2928 3930 2989 ὡς

2405 3004 2610 3086 ἑτέρως
2647 3014 2745 3085 μὲν
2792 3015 2953 3084 ἡμεῖς
3009 3015 3176 3083 ἐσμεν
3227 3014 3286 3067 ἐν
3338 3014 3413 3084 τῷ
3460 3015 3593 3086 Υίῴ,
3631 3018 3854 3087 ὲτεροίως
3882 3036 3924 3084 γε

2404 3107 2511 3177 μὴν
2545 3109 2572 3160 6
2602 3107 2729 3169 Υἱὸς
2782 3108 2839 3158 ἐν
2883 3104 2960 3174 τῷ
3000 3104 3116 3174 ἰδίῳ
3162 3107 3357 3177 ιιατρί.
3394 3108 3473 3159 Οὑ
3526 3108 3635 3178 γὰρ
3682 3112 3790 3171 ταῖς
3822 3110 3925 3161 κατὰ

703 3187 1032 3242 substantia:
1088 3186 1249 3255 ejus,
1302 3198 1470 3257 atque
1526 3191 1734 3244 ideirco
1777 3193 1830 3245 in
1874 3193 1995 3262 ipso
2030 3204 2153 3249 est:
2194 3195 2288 3251 sed

2412 3197 2616 3270 ὶέλησιν
2646 3200 2866 3265 ἀρεταῖς
2897 3198 3031 3268 πρὸς
3056 3199 3218 3251 αὑτὸν
3248 3200 3654 3272 μορφούμενος,
3680 3201 3824 3255 εἰκών
3840 3204 3921 3253 ἐστι

702 3278 853 3334 velut
900 3278 954 3331 in
1005 3276 1296 3333 identitate
1342 3280 1620 3342 naturali,
1666 3288 1721 3333 (ιι
1769 3290 2031 3352 tanquam
2080 3284 2293 3341 habens

702 3384 870 3424 unam
900 3384 1025 3423 cum
1056 3384 1121 3422 eo
1149 3369 1540 3424 substantiam.
1566 3371 1683 3435 Qua
1710 3372 1777 3426 de
1808 3389 1864 3427 re
1892 3374 2056 3445 799
2080 3377 2294 3445 sapien-

699 3462 950 3516 tissimus
982 3462 1071 3516 ille
1100 3460 1342 3518 Joannes
1374 3464 1531 3519 testis
1563 3464 1725 3518 nobis
1755 3466 2019 3534 prodeat,
2052 3466 2243 3523 dicens
2275 3488 2287 3523 :

704 3573 723 3605 ι
755 3552 821 3606 Et
868 3555 1105 3609 societas
1154 3564 1346 3608 nostra
1396 3556 1467 3608 sit
1519 3572 1643 3609 cum
1695 3554 1859 3610 Patre
1892 3566 1948 3611 et
1990 3576 2115 3613 cum
2149 3558 2290 3615 Filio

698 3646 818 3716 ejus
852 3644 979 3701 Jesu
1011 3644 1236 3700 Christo
1256 3646 1326 3698 ³⁷.
1356 3666 1373 3698 ι
1400 3646 1687 3713 Quomodo
1707 3664 1837 3719 ergo
1864 3649 2036 3714 aiunt,
2062 3661 2155 3705 aut
2176 3667 2289 3722 quo

696 3746 859 3809 pacto
884 3736 1233 3793 contendunt
1259 3737 1578 3792 societatem
1609 3740 1769 3793 nobis
1791 3755 1913 3794 esse
1936 3740 2135 3796 debere
2158 3759 2284 3798 cum

695 3826 858 3883 Patre
886 3835 940 3885 et
968 3843 1095 3881 cum
1128 3824 1269 3879 Filio
1296 3826 1415 3895 ejus
1449 3824 1579 3882 Jesu
1613 3826 1891 3883 Christo?
1918 3828 2053 3883 Nam
2086 3832 2133 3885 si
2164 3832 2287 3887 sub-

696 3922 955 3974 stantiam
988 3928 1238 3972 nostram
1283 3918 1691 3986 quodammodo
1730 3920 2029 3975 miscentes
2071 3937 2283 3981 natura:

694 4011 919 4074 divinae,
951 4010 1069 4064 sive
1091 4007 1241 4062 Patri
1267 4021 1319 4064 et
1344 4008 1507 4073 Filio,
1530 4009 1583 4062 in
1603 4012 1766 4066 nobis
1793 4027 1915 4067 esse
1939 4017 2278 4085 putabimus,

694 4118 760 4157 ac
791 4117 898 4155 non
936 4101 1120 4172 potius
1151 4102 1243 4155 illa
1275 4116 1379 4155 vox
1413 4102 1683 4157 societatis
1714 4104 1782 4158 ad
1812 4108 2163 4164 voluntatum
2199 4112 2280 4166 si-

692 4191 1061 4247 militudinem
1098 4203 1349 4263 spectat,
1383 4197 1659 4264 quomodo
1691 4211 1815 4251 eam
1853 4214 1979 4253 cum
2012 4198 2174 4255 Patre
2221 4212 2285 4261 et

690 4284 830 4339 Filio
862 4285 1190 4340 habebimus
1211 4326 1225 4350 ,
1255 4302 1376 4340 cum
1403 4302 1472 4341 ex
1502 4302 1694 4342 eorum
1722 4291 1994 4346 sententia
2027 4308 2138 4348 non
2167 4296 2278 4349 sint

689 4377 1381 4432 consubstantialesiAut
1426 4380 1574 4433 enim
1630 4396 1861 4437 necesse
1902 4393 1987 4438 est
2036 4386 2275 4443 ridicule

686 4467 868 4524 dicere
911 4485 1043 4533 nos,
1090 4471 1368 4541 propriam
1420 4479 1676 4526 naturam
1710 4483 1998 4542 secantes,
2034 4478 2271 4534 mediam

2396 3294 2496 3363 τῆς
2526 3294 2876 3356 ὑποστάσεως
2903 3293 3092 3356 αὑτοῦ,
3125 3294 3212 3346 διά
3236 3312 3295 3347 τε
3325 3295 3491 3349 τοῦτό
3530 3297 3674 3350 ἐστιν
3704 3299 3756 3349 ἐν
3784 3296 3919 3365 αὐτῷ·

2396 3382 2511 3434 ἀλλ’
2562 3382 2637 3446 ὠς
2685 3385 2743 3436 ὲν
2794 3384 3085 3453 ταυτότητι
3137 3387 3338 3454 φυσικῇ
3366 3424 3380 3445 ,
3432 3387 3529 3438 καὶ
3560 3385 3635 3448 ὡς
3668 3385 3783 3453 μίαν
3819 3384 3921 3453 ἔχων

2394 3474 2527 3543 πρὸς
2582 3475 2744 3528 αὑτὸν
2797 3475 2893 3545 τὴν
2954 3476 3163 3529 οὑσίαν.
3218 3477 3613 3549 Εἰσκεκλήσθω
3663 3477 3715 3529 δὲ
3759 3479 3921 3546 μάρτυς

2391 3567 2522 3637 ἡμῖν
2571 3567 2660 3619 ἐπὶ
2711 3566 2920 3630 τούτοις
2962 3570 2990 3621 6
3042 3568 3352 3636 σοφώτατος
3410 3571 3698 3643 Ἰωάννης,
3749 3570 3915 3638 λέγων’

2397 3677 2414 3709 ι
2452 3658 2562 3712 Καὶ
2606 3659 2926 3730 ἡκοινωνία
2974 3659 3030 3712 δὲ
3077 3662 3108 3729 ἡ
3158 3661 3403 3731 ἡμετέρα
3454 3662 3593 3733 μετά
3632 3661 3719 3715 τοῦ
3753 3661 3916 3730 [ἰατρὸς

2390 3750 2483 3803 καὶ
2514 3751 2653 3821 μετά
2676 3751 2768 3804 τοῦ
2812 3750 2941 3805 Υίοῦ
2968 3752 3132 3805 αὑτοῦ
3178 3754 3354 3824 Ἰησοῦ
3388 3754 3649 3827 Χριστοῦ.
3682 3774 3697 3805 ι
3724 3755 3827 3816 Πῶς
3847 3748 3914 3806 οὖν

2386 3842 2494 3914 ἄρα
2519 3844 2705 3912 φασὶν,
2740 3844 2772 3915 ἢ
2817 3846 2957 3898 κατὰ
2997 3845 3119 3899 τίνα
3155 3846 3589 3919 διισχυρίζονται
3614 3847 3792 3918 χρῆναι
3819 3844 3912 3913 τρία

2385 3949 2486 3984 πον
2512 3933 2611 4003 τὴν
2646 3935 2932 3989 κοινωνίαν
2961 3938 3111 4005 ἡμᾶς
3152 3938 3290 4007 μετά
3334 3938 3431 3991 τοῦ
3464 3939 3674 4011 Πατρὸς
3701 3938 3781 3991 καὶ
3808 3933 3910 4006 μετὰ

2382 4023 2477 4077 τοῦ
2498 4025 2630 4079 Υίοῦ
2658 4027 2821 4081 αὑτοῦ
2840 4028 3013 4099 Ἰησοῦ
3035 4031 3075 4081 Χ
3085 4031 3289 4101 ριστοῦς
3315 4032 3375 4084 El
3406 4033 3511 4102 μὲν
3530 4033 3636 4103 γάρ
3661 4031 3749 4101 τὴν
3768 4027 3909 4081 οὐσίαν

2381 4113 2570 4187 ὥσπερ
2608 4117 2707 4187 τὴν
2757 4118 2966 4172 ἑαυτῶν
3017 4121 3450 4190 ἀναμιγνύοντες
3497 4125 3564 4193 τῇ
3615 4121 3727 4192 Θείᾳ
3768 4119 3905 4189 φύσει,

2380 4209 2499 4280 ἦτοι
2527 4208 2605 4280 τῷ
2648 4210 2824 4281 Πατρὶ
2855 4212 2950 4265 καὶ
2980 4213 3058 4284 τῷ
3105 4214 3221 4285 rte;
3246 4254 3260 4279 ,
3293 4219 3349 4268 ἐν
3391 4217 3610 4279 ἐαυτοίς
3643 4210 3770 4268 εἶναι
3793 4210 3905 4265 νοούο

2382 4298 2519 4369 μεθα
2540 4341 2553 4363 ,
2600 4301 2694 4353 καὶ
2739 4303 2860 4373 οὐχὶ
2902 4304 3103 4374 μᾶλλον
3137 4306 3235 4377 τῆς
3265 4308 3585 4373 κοινωνίας
3605 4309 3632 4359 6
3658 4306 3822 4373 λόγος,
3848 4301 3905 4360 εἷς

2374 4392 2475 4463 τὴν
2503 4394 2611 4447 τῶν
2641 4394 2964 4465 θελημάτων
2998 4398 3291 4469 ὁμοιότητα
3325 4400 3538 4471 βλέπει,
3581 4401 3690 4462 πῶς
3718 4398 3773 4451 ἆν
3804 4395 3903 4464 ἔχοι-

2379 4500 2478 4552 μεν
2522 4484 2694 4556 αὑτὴν
2751 4486 2889 4556 μετά
2931 4487 3024 4539 τοῦ
3072 4489 3284 4559 Πατρὸς
3328 4491 3424 4543 καὶ
3476 4488 3613 4561 μετά
3658 4487 3741 4541 τοῦ
3785 4481 3898 4540 Υίοῦ.

686 4559 908 4629 quidem
935 4568 1146 4631 partem
1174 4559 1350 4626 Patri,
1383 4563 1615 4616 alteram
1642 4564 1803 4618 nobis
1837 4576 1890 4620 et
1920 4564 2060 4621 Filio
2087 4567 2272 4625 dedis-

2416 4576 2554 4629 αἱτοι
2586 4579 2704 4631 κατ’
2740 4579 2981 4643 ἐκείνους
3028 4581 3128 4633 οὑκ
3161 4580 3330 4634 ὄντων
3373 4581 3704 4652 ὁμοουσίων;
3742 4575 3799 4628 Ἦ
3821 4573 3900 4642 γὰρ

684 4667 775 4714 se,
809 4660 977 4722 atque
1010 4653 1083 4707 ita
1118 4654 1172 4707 in
1196 4655 1265 4708 iis
1297 4670 1421 4709 esse
1448 4669 1701 4723 censere;
1735 4665 1851 4722 aut,
1886 4659 2271 4729 stupidissima

683 4744 774 4797 illa
809 4746 1027 4799 ratione
1058 4744 1271 4815 rejecta
1292 4786 1305 4808 .
1338 4744 1576 4801 dicimus
1609 4747 1941 4803 voluntariis
1969 4750 2269 4808 virtutibus

680 4846 734 4889 et
768 4852 892 4889 cum
944 4837 1132 4890 divina
1181 4846 1344 4909 atque
1378 4837 1643 4893 ineffabili
1682 4840 2099 4910 pulchritudine
2133 4860 2269 4899 con-

682 4928 1015 4984 formatione
1052 4937 1301 4984 nostram
1340 4939 1576 4985 mentem
1615 4932 1925 4986 exhilarare
1964 4945 2268 5003 conantes,

680 5021 968 5075 societatis
1014 5023 1249 5091 gratiam
1295 5023 1461 5077 nobis
1503 5038 1849 5092 comparare.
1898 5025 1979 5079 An
2023 5042 2153 5097 ergo
2188 5030 2270 5084 sic

678 5108 927 5166 dicemus
958 5113 1230 5168 exsistere
1263 5114 1315 5167 in
1352 5112 1517 5169 Patre
1552 5113 1794 5179 Filium,
1835 5133 1934 5173 seu
1980 5122 2264 5179 relativam

677 5209 733 5258 et
767 5204 951 5258 studio
980 5207 1269 5275 quaasitam
1307 5206 1511 5262 habere
1545 5222 1670 5262 cum
1706 5207 1870 5266 Patre
1902 5213 2269 5271 sorietatem?

676 5295 745 5348 At
773 5310 871 5349 cur
903 5296 1124 5350 demum
1162 5312 1258 5367 per
1289 5298 1664 5367 aequalitatem
1702 5315 1931 5371 operum
1970 5318 2033 5359 ac
2068 5306 2266 5361 simili-

678 5386 919 5441 tudinem
954 5388 1152 5443 deduci
1190 5390 1306 5443 vult
1344 5398 1594 5444 nostram
1647 5400 1885 5447 mentem
1931 5394 1998 5448 ad
2042 5397 2265 5454 indubi-

674 5487 791 5534 tate
826 5480 1161 5536 credeudum
1200 5482 1381 5552 ipsum
1433 5483 1488 5537 in
1540 5482 1702 5539 Patre
1751 5486 1973 5557 quidem
2018 5506 2176 5557 esse,
2210 5502 2266 5547 et

676 5585 874 5625 rursus
908 5573 962 5625 in
995 5571 1180 5639 seipso
1216 5570 1419 5626 habere
1448 5571 1665 5626 Patrem
1693 5574 1717 5626 ἵ
1748 5576 1943 5627 Annon
1972 5578 2116 5630 enim
2145 5594 2261 5632 ma-

672 5659 1093 5717 nifeStissimum
1127 5672 1213 5716 est
1256 5664 1516 5720 omnibus
1548 5679 1609 5717 ac
1645 5680 1869 5731 verum,
1909 5668 2057 5736 quod
2090 5669 2256 5724 clari-

741 5838 786 5868 “
810 5837 942 5897 Jud.
972 5855 1014 5907 t,
1045 5838 1234 5896 l7-19.
1311 5843 1353 5870 "
1377 5840 1394 5895 l
1417 5840 1542 5896 Cor.
1578 5856 1673 5900 xu,
1703 5841 1766 5897 ὅ.
1837 5841 1918 5896 "l
1944 5842 2100 5900 Joan.
2137 5861 2173 5910 ι,
2199 5847 2252 5900 '5.

2377 4668 2591 4739 ἀνάγκη
2612 4669 2799 4722 λοιπὸν
2830 4672 2922 4723 καὶ
2945 4672 3093 4742 ἡμᾶς
3113 4672 3183 4724 τὰ
3206 4672 3441 4741 γέλωτος
3474 4672 3596 4737 ἄξια
3626 4664 3896 4741 φρονοῦντας

2376 4762 2549 4814 εἰπεῖν
2583 4762 2686 4825 ὅτι,
2719 4763 2816 4834 τὴν
2864 4764 3072 4817 οἰκείαν
3124 4765 3509 4827 διακόπτοντες
3540 4763 3709 4833 φύσιν,
3741 4758 3790 4811 τὸ
3821 4753 3895 4821 μέν

2374 4850 2547 4921 ἥμισυ
2575 4851 2653 4923 τῷ
2704 4853 2915 4925 Πατρὶ,
2952 4854 3013 4907 τὸ
3061 4855 3117 4908 δὲ
3165 4857 3351 4928 ἓτερον
3394 4858 3528 4927 ἡμῖν
3578 4854 3666 4909 καὶ
3708 4848 3775 4918 τῷ
3811 4841 3894 4908 1Ἷῴ

2371 4943 2681 5015 δεδώκαμεν
2708 4988 2723 5012 ,
2774 4947 2917 5001 οὑτω
2954 4966 3014 5001 τε
3048 4950 3106 5002 ἐν
3156 4950 3338 5014 αὑτοῖς
3386 4948 3526 5003 εἶναι
3563 4941 3830 5015 νοοῦμεθα’
3866 4932 3889 5001 ἦ

2371 5037 2799 5107 παραιτούμενοι
2845 5039 2943 5110 τὴν
2991 5041 3338 5112 ἀποπληξίαν
3392 5042 3485 5096 τοῦ
3535 5040 3713 5107 λόγου,
3752 5024 3890 5100 φαμὲν

2367 5124 2450 5178 ὃτι
2496 5128 2619 5191 ταῖς
2666 5129 2807 5184 κατὰ
2838 5130 3057 5201 Θέλησιν
3106 5132 3330 5202 ἀρεταῖς
3383 5134 3479 5185 καὶ
3518 5133 3581 5201 τῇ
3621 5115 3885 5194 συμμορφίᾳ

2367 5220 2432 5293 τῇ
2471 5219 2607 5287 πρὸς
2650 5220 2710 5272 τὸ
2747 5221 2889 5276 θεῖόν
2943 5240 3005 5275 τε
3060 5224 3154 5277 καί⁵
3196 5225 3507 5297 ἀπόρρητον
3547 5219 3726 5279 κάλλος
3752 5223 3884 5263 κατα·

2370 5311 2682 5380 φαιδρύνειν
2709 5314 2799 5368 τὸν
2831 5315 3029 5368 οἰκεῖον
3072 5316 3469 5382 σπουδάζοντες
3509 5312 3627 5369 νοῦν
3650 5350 3664 5373 ,
3701 5306 3785 5374 τὴν
3810 5298 3883 5365 τῆς

2367 5403 2653 5466 κοινωνίας
2703 5406 2917 5471 ἑαυτοῖς
2967 5410 3405 5479 περιποιοὺμεθα
3455 5409 3629 5479 χάριν.
3673 5397 3780 5467 Ἆρ’
3812 5384 3882 5443 οὖν

2364 5487 2535 5553 οὑτως
2571 5492 2803 5563 ἐροῦμεν
2838 5496 3104 5568 ὑπάρχειν
3140 5501 3197 5551 ἐν
3240 5499 3419 5569 Πατρὶ
3463 5498 3549 5551 τὸν
3592 5490 3724 5549 Υἱὸν,
3752 5486 3879 5554 ἤγουν

2364 5585 2622 5655 σχετικὴν
2648 5587 2739 5639 καὶ
2774 5588 3271 5662 ἐπιτετηδευμένην
3296 5590 3580 5645 κοινωνίαν
3619 5585 3746 5654 ἔχειν
3770 5570 3877 5669 πρξς

2360 5672 2451 5725 τὸν
2503 5678 2878 5747 γεννήσαντα;
2915 5681 3108 5734 Καίτοι
3155 5683 3207 5735 τί
3260 5683 3323 5755 δή
3375 5700 3499 5738 ποτε
3554 5677 3631 5733 διὰ
3674 5672 3758 5741 τῆς
3794 5675 3875 5715 των
