4096 6478
145 413 275 470 ιιι

1244 418 1312 472 ΙΝ
1339 417 1628 475 JOANNIS
1677 416 2120 475 EVANGELIUM
2163 419 2288 475 LIB.
2324 420 2415 476 IX.

3320 429 3426 485 2M

150 532 351 604 ἔργων
386 532 625 602 ίσότητός
657 549 715 585 τε
748 533 840 585 καὶ
882 535 1197 607 ὁμοιότητος
1233 537 1588 607 ποδηγεῖσθαι
1620 536 1741 607 βού-

1855 542 2011 591 tatem
2044 553 2271 608 operum
2303 554 2331 591 a
2362 539 2521 593 nobis
2549 539 2752 610 inquiri
2787 542 2977 597 volens
2997 583 3012 606 ,
3044 560 3144 599 suo
3173 545 3319 602 Patri
3350 566 3428 603 se-

148 620 322 677 λιται
353 621 444 675 τὸν
477 622 741 692 ἡμέτερον
786 622 910 675 νοῦν
952 625 1045 678 ἐπὶ
1089 625 1152 678 τὸ
1205 626 1404 696 χρῆναι
1464 630 1742 680 πιστεύειν

150 713 579 775 ἁνενδοιάστως,
620 713 696 775 ὡς
731 714 817 783 είη
863 716 961 783 μὲν
992 716 1152 777 αὐτὸς
1183 719 1240 769 ἐν
1280 718 1488 790 Πατρὶ,
1540 719 1653 787 ἔχει
1688 718 1744 773 δὲ

150 799 235 854 αὖ
269 801 430 855 πάλιν
460 803 518 854 ἐν
555 802 731 871 ἑαυτῷ
774 803 868 855 τὸν
914 805 1132 877 Πατέρα
1159 823 1173 871 ;
1212 804 1288 860 Ἦ
1320 810 1426 880 γὰρ
1457 809 1577 879 ούχὶ
1610 811 1744 862 πᾶσι

154 892 567 962 προδηλότατον
594 894 687 945 καὶ
723 893 923 963 ἀληθὲς
960 896 1204 967 ὑπάρχον
1240 900 1433 971 ὁρᾶται
1458 939 1473 961 ,
1521 901 1604 953 ὃτι
1644 900 1744 971 τὴν

151 984 278 1037 τῶν
308 984 486 1054 ἔργων
523 985 881 1057 λαμπρότητα
912 988 1042 1057 παρ’
1078 990 1230 1060 ἡμῶν
1262 989 1611 1056 ἐξετάζεσθαι
1663 992 1747 1047 θέ-

147 1074 297 1137 λων,
325 1076 574 1147 ίσοσθενῆ
607 1078 883 1133 δείκνυσιν
913 1082 1107 1134 ἐαυτὸν
1144 1082 1224 1152 τῷ
1266 1082 1381 1153 ἰδίῳ
1426 1084 1623 1154 Πατρὶ,
1668 1085 1745 1149 ὼς

148 1163 359 1218 οὐδένα
396 1165 555 1233 λόγον
582 1167 813 1238 ἐχούσης
844 1169 923 1221 ἔτι
972 1171 1069 1240 τῆς
1103 1173 1221 1224 κατ’
1251 1172 1441 1226 οὐσίαν
1479 1175 1745 1245 διακοπῆς

151 1261 265 1309 καὶ
312 1258 545 1328 φυσικῆς
591 1260 949 1331 ἑτερότητος,
1007 1265 1056 1316 εί
1105 1264 1217 1325 τοῖς
1270 1262 1404 1327 ἴσοις
1460 1267 1745 1335 ἐπαυχοῖεν

152 1346 588 1419 κατορθώμασιν
620 1350 782 1413 αὐτός
819 1368 877 1404 τε
919 1354 1013 1406 καὶ
1043 1356 1071 1407 ὁ
1110 1354 1335 1425 Πατήρς
1387 1356 1589 1409 Ἐννόει
1637 1357 1746 1428 γὰρ

150 1437 317 1499 ὅπως
375 1438 475 1490 οὐκ
519 1438 578 1491 ἐν
620 1436 830 1504 τούτοις
883 1442 1070 1511 ἡμεῖς,
1100 1442 1217 1495 ἀλλ’
1266 1443 1474 1517 ἑτέροις
1505 1447 1615 1499 τισὶ
1646 1447 1747 1520 τὴν

151 1527 309 1598 πρὸς
339 1528 431 1581 τὸν
458 1528 590 1581 Θεὸν
620 1531 970 1601 συμμορφίαν
1002 1533 1445 1605 ἐπιτηδεύοντες,
1472 1538 1574 1607 τῆς
1608 1539 1748 1609 πρὸς

152 1618 334 1671 αὐτὸν
390 1620 674 1683 κοινωνίας
733 1621 1053 1693 ἀξιούμεθα.
1120 1625 1583 1699 Ἐποικτείρσντες
1637 1630 1747 1703 γὰρ

155 1710 435 1782 ἀλλήλους
456 1752 471 1776 ,
512 1714 605 1767 καὶ
649 1714 756 1767 τῶν
784 1716 885 1786 τῆς
916 1717 1136 1786 ἀγάπης
1168 1717 1345 1789 ἔργων
1381 1721 1549 1793 ἀπρὶξ
1580 1720 1748 1792 ἐξημ-

160 1802 361 1871 μένοι,
402 1806 497 1858 καὶ
550 1806 732 1859 πᾶσαν
783 1807 1195 1877 ἐπιτηδεύοντες
1247 1812 1345 1881 τὴν
1390 1813 1449 1865 ἐν
1501 1812 1581 1884 τῷ
1622 1814 1746 1867 καθ’

153 1897 320 1965 ἡμᾶς
349 1895 449 1967 βίῳ
481 1898 813 1968 σεμνότητα,
849 1899 970 1953 τότε
1020 1902 1083 1971 δὴ
1134 1903 1288 1971 μόλις
1334 1905 1391 1957 ἐν
1435 1904 1555 1975 Θεῷ
1607 1901 1749 1960 εἶναι

156 1985 463 2056 λεγόμεθα.
503 1988 612 2040 Καὶ
635 1988 845 2059 μάρτυς
879 1990 1130 2061 Ἰωάννης
1156 1993 1330 2061 λέγων
1350 2010 1365 2025 ·
1401 2014 1419 2047 ι
1459 1996 1547 2049 Ἐν
1573 1996 1749 2067 τούτῳ

156 2078 512 2149 γινώσκομεν
559 2080 643 2133 ὅτι
689 2081 748 2133 ἐν
793 2082 942 2153 αὐτῷ
976 2084 1167 2153 ἐσμέν.
1215 2085 1274 2139 '0
1306 2086 1479 2155 λέγων
1510 2090 1567 2140 ἐν
1598 2087 1749 2159 αύτῷ

159 2168 394 2238 μένειν,
438 2171 677 2240 ὀφείλει,
726 2172 909 2238 καθὼς
947 2176 1155 2238 ἐκεῖνος
1186 2178 1558 2249 περιεπάτησε
1586 2221 1600 2245 ,
1654 2181 1751 2233 καὶ

155 2260 332 2325 αὐτὸς
377 2268 722 2335 περιπατεῖν.
774 2285 792 2317 ι
828 2266 940 2321 Καὶ
985 2268 1182 2322 πάλιν·
1237 2289 1255 2321 ι
1308 2271 1522 2342 Ὑμεῖς,
1560 2274 1747 2344 φησιν,

157 2353 189 2405 δ
220 2354 324 2408 ἀπ’
354 2356 529 2428 ἀρχῆς
554 2356 847 2427 ἠκούσατε,
877 2360 933 2413 ἐν
967 2360 1097 2431 ὑμῖν
1126 2362 1367 2431 μενέτω·
1401 2364 1496 2416 ἐὰν
1536 2365 1593 2418 ἐν
1620 2365 1750 2436 ὑμῖν

162 2447 333 2518 μείνῃ
360 2447 389 2500 ὃ
419 2449 512 2501 ἀπ’
544 2450 720 2520 ἀρχῆς
748 2451 1019 2520 ἠκούσατε
1044 2492 1061 2517 ,
1108 2454 1201 2508 καὶ
1238 2455 1396 2525 ὑμεῖς
1434 2457 1491 2509 ἐν
1522 2456 1599 2528 τῷ
1636 2457 1750 2529 Υίῷ

162 2540 268 2592 καὶ
312 2542 372 2592 ἐν
420 2539 498 2611 τῷ
531 2541 704 2612 Πατρὶ
737 2546 971 2612 μενεῖτε.
1010 2563 1027 2595 ι
1058 2545 1169 2598 Καὶ
1210 2546 1264 2599 τί
1313 2548 1373 2599 τὸ
1414 2548 1507 2600 ἀπ’
1552 2550 1749 2620 ἀρχῆς,

157 2630 309 2701 ὅπερ
348 2633 484 2700 ἡμῖν
528 2631 903 2687 διακελεύεται
935 2636 1152 2705 μένειν,
1199 2638 1285 2690 ἴνα
1321 2639 1480 2708 ἡμεῖς
1512 2637 1663 2711 ὦμεν
1693 2643 1753 2695 ἐν

155 2719 322 2789 Θεῷ,
354 2720 519 2783 αὐτὸς
550 2722 683 2792 ἡμῖν
712 2722 864 2775 οὐδὲν
897 2718 1060 2794 ἦττον
1111 2730 1367 2795 σαφηνιεῖ
1408 2725 1582 2793 λέγων
1608 2768 1623 2791 ,
1670 2729 1751 2781 ὅτι

163 2830 181 2861 ι
224 2809 382 2880 Δῦτη
413 2812 561 2863 ἐστὶν
599 2813 632 2881 ή
660 2813 961 2881 ἐπαγγελία
982 2856 997 2879 ,
1030 2815 1097 2885 ῆν
1126 2816 1397 2884 ἠκούσατε
1428 2818 1522 2870 ἀπ’
1552 2819 1749 2889 ἀρχῆς.

159 2905 261 2957 ἵνα
305 2904 559 2974 ἀγαπᾶτε
606 2903 887 2975 ἀλλήλους.
930 2925 947 2957 ι
996 2906 1238 2970 Ἀκούεις
1285 2908 1431 2971 ὅπως
1473 2909 1640 2980 ἐσμὲν
1696 2914 1753 2964 ἐν

155 2994 313 3064 Θεῷ,
343 2994 444 3066 τὴν
491 2994 712 3065 ἀγάπην
756 2995 995 3065 δηλονότι
1025 2997 1124 3068 τὴν
1163 2999 1242 3061 είς
1271 2998 1533 3069 ἀλλήλους
1566 3002 1753 3071 ἐπιτη-

155 3088 438 3151 δεύοντες,
490 3090 583 3142 καὶ
614 3089 713 3161 τὴν
749 3088 843 3141 τοῦ
893 3090 1143 3162 Σωτῆρος
1194 3091 1497 3161 ίχνηλατεῖν
1528 3093 1749 3165 ἀρετὴν,

158 3182 292 3236 καθ’
323 3184 450 3237 ὅσον
482 3184 592 3249 ενι,
642 3184 1035 3249 σπουδάζοντες
1056 3200 1071 3216 ⁸

156 3278 272 3346 τὴν
301 3277 361 3328 ἐν
394 3276 472 3346 τῷ
513 3275 769 3331 δύνασθαι
819 3279 1025 3343 κτίζειν
1075 3280 1343 3350 οὐρανοὺς
1383 3280 1415 3351 ἢ
1448 3282 1623 3333 ποιεῖν
1651 3282 1749 3349 ἀγ-

156 3368 365 3435 γέλους
392 3408 407 3431 ,
458 3368 490 3438 ἢ
522 3368 842 3442 καθιδρῦσαι
883 3371 986 3440 γῆν
1010 3414 1024 3435 ,
1068 3371 1101 3443 ἢ
1144 3372 1420 3427 θάλασσαν
1459 3372 1748 3439 ἑξαπλοῦν,

158 3459 294 3513 οὗτε
332 3458 440 3529 μὴν
473 3458 569 3529 τὴν
597 3461 655 3513 ἐν
696 3461 889 3532 ἐκείνῳ
912 3462 1034 3515 καθ’
1057 3459 1086 3514 ὃ
1116 3464 1341 3534 ἀρρήτῳ
1373 3464 1466 3517 καὶ
1498 3466 1750 3535 άπεριερ·

161 3554 362 3622 γάστῳ
383 3551 630 3616 δυνάμει.
659 3552 804 3623 λόγῳ
832 3554 952 3623 μὲν,
980 3555 1309 3625 πνευμάτων
1333 3554 1579 3625 ἐκοίμισε
1610 3556 1748 3624 βίας,

161 3642 416 3713 διανίστη
462 3642 518 3695 δέ
552 3644 679 3705 τοὺς
724 3643 1088 3714 τεθνηκότας,
1143 3645 1313 3716 ήγουν
1372 3648 1483 3709 τοῖς
1532 3645 1751 3713 τυφλοῖς

164 3734 463 3806 ἐχαρίζετο
505 3735 568 3788 τὸ
612 3734 869 3804 βλέπειν,
920 3736 952 3806 ἢ
1008 3735 1086 3807 τῷ
1132 3736 1319 3809 λεπρῷ
1362 3738 1754 3809 καθαρίζεσθαι

167 3826 315 3897 μετά
344 3826 548 3898 πολλῆς
593 3845 739 3891 τινος
767 3829 867 3899 τῆς
895 3827 1144 3893 ἐξουσίας
1177 3830 1470 3883 ἐπέταττεν
1496 3846 1508 3861 ⁸
1541 3830 1755 3901 ἐκείνην

161 3918 225 3972 δὲ
260 3919 466 3987 μᾶλλον
490 3920 635 3990 ἥπερ
664 3918 730 3972 ἂν
758 3920 1019 3991 άρμόττοι
1066 3923 1178 3983 τοῖς
1210 3922 1310 3991 τῆς
1337 3920 1754 3992 ἀνθρωπότητος

167 4012 421 4081 μέτροις.
469 4010 787 4083 Εύρήσομεν
842 4011 1040 4077 αὐτὸν,
1090 4010 1280 4081 ὥσπερ
1322 4008 1416 4068 οὖν
1462 4012 1491 4064 ὁ
1545 4013 1754 4078 Παῦλός

167 4120 343 4171 φησι,
388 4103 767 4174 λοιδορηθέντα
822 4106 921 4175 μὲν
970 4104 1123 4175 παρά
1172 4104 1283 4158 τῶν
1325 4106 1556 4159 ἀνοσίων
1620 4108 1755 4159 ’ἰου-

166 4195 341 4247 δαίων
370 4196 471 4249 οὐκ
497 4194 1007 4267 άντιλοιδορήσαντα
1037 4196 1115 4262 δὲ,
1140 4196 1275 4251 ἀλλά
1322 4198 1598 4269 πάσχοντα
1631 4198 1751 4268 μὲν,

166 4290 273 4342 οὐκ
311 4287 687 4358 ἀπειλήσαντα
731 4290 808 4355 δὲ,
846 4289 1164 4360 παραδόντα
1203 4289 1259 4342 δὲ
1294 4288 1495 4359 μᾶλλον
1520 4289 1600 4360 τῷ
1639 4290 1758 4359 κρί·

168 4396 321 4435 νοντι
374 4378 622 4442 δικαίως.
678 4380 1001 4451 Εὐρήσομεν
1054 4381 1218 4434 αὐτὸν
1270 4381 1502 4449 λέγοντα
1556 4382 1755 4436 πάλιν

173 4487 196 4520 ι
230 4467 453 4523 Μάοετε
497 4469 591 4521 ἀπ’
632 4469 767 4538 ἐμοῦ
799 4470 879 4522 ὅτι
917 4470 1094 4540 πρᾶός
1127 4471 1242 4539 εἰμι
1276 4472 1371 4523 καὶ
1404 4470 1660 4534 ταπεινὸς
1687 4473 1754 4542 τῇ

1125 3186 1327 3259 ἀρετὴν
1361 3188 1435 3253 δέ,
1467 3205 1639 3259 φημι,
1688 3188 1749 3240 οὐ
1778 3215 1823 3274 c

1846 628 2022 695 ipsum
2051 628 2317 698 aequalem
2348 631 2624 696 ostendit,
2663 632 2798 687 adeo
2828 642 2885 687 ut
2920 636 3124 688 nullam
3158 637 3425 693 rationem

1838 712 1953 782 jam
1988 714 2185 769 habeat
2218 716 2309 769 illa
2338 716 2725 775 substantialis
2748 730 2800 774 et
2826 722 3092 777 naturalis
3116 725 3422 790 distinctio,

1845 806 1888 858 si
1914 806 2219 874 aequalibus
2244 806 2403 863 factis
2429 808 2543 878 ipse
2566 817 2622 865 et
2644 808 2804 866 Pater
2829 814 3159 882 glorientur.
3182 815 3424 871 Observa

1845 896 1989 949 enim
2008 907 2187 951 utnon
2203 897 2256 951 in
2271 898 2357 954 his
2375 915 2496 967 nos,
2519 901 2613 957 sed
2630 902 2752 957 aliis
2768 904 3097 972 quibusdam
3115 907 3427 961 conforma-

1844 987 2049 1041 tionem
2073 989 2141 1042 ad
2167 987 2335 1045 Deum
2364 992 2634 1058 colentes,
2663 995 2925 1050 societate
2957 1012 3081 1051 cum
3110 998 3233 1068 ipso
3256 999 3429 1054 done-

1846 1092 1989 1131 mur.
2017 1079 2121 1132 Alii
2150 1081 2292 1133 enim
2315 1081 2460 1135 alios
2489 1083 2849 1147 miserantes,
2882 1096 2935 1140 et
2966 1086 3258 1143 charilatis
3296 1102 3425 1158 ope-

1846 1168 2006 1224 ribus
2036 1171 2321 1226 mordicus
2353 1172 2707 1241 inhaerentes,
2737 1193 3067 1247 onmemque
3102 1181 3153 1234 in
3183 1179 3285 1234 hac
3310 1182 3427 1235 vita

1846 1254 2184 1313 honestatem
2208 1267 2261 1313 et
2282 1262 2607 1329 gravitatem
2639 1264 2901 1327 colentes,
2925 1276 3054 1322 tunc
3076 1278 3227 1323 certe
3255 1270 3344 1324 vix
3370 1271 3424 1325 in

1848 1347 1959 1404 Deo
1992 1364 2117 1405 esse
2149 1350 2409 1407 dicimur.
2450 1353 2623 1426 Cujus
2659 1357 2735 1409 rei
2774 1358 2932 1412 testis
2960 1368 3045 1414 est
3068 1358 3309 1417 Joannes
3337 1364 3426 1417 di-

1847 1454 1978 1495 cens
2000 1458 2012 1495 :
2034 1460 2053 1494 ι
2077 1442 2132 1496 ln
2165 1443 2265 1497 hoc
2294 1445 2500 1501 scimus
2527 1447 2654 1516 quia
2686 1447 2739 1500 in
2772 1448 2890 1517 ipso
2917 1464 3132 1505 sumus.
3158 1453 3260 1517 Qui
3292 1453 3428 1506 dicit

1847 1548 1907 1587 se
1940 1534 1994 1587 in
2031 1535 2151 1603 ipso
2186 1552 2403 1593 manere
2427 1579 2441 1602 ,
2481 1538 2676 1602 debet,
2708 1539 2852 1595 sicut
2883 1543 2973 1596 ille
3003 1543 3343 1609 ambulavit,
3374 1556 3430 1601 et

1847 1623 1963 1695 ipse
1998 1626 2280 1682 ambulare
2311 1630 2410 1682 ".i
2456 1629 2521 1683 Et
2560 1647 2753 1688 rursus
2781 1649 2793 1683 :
2826 1652 2845 1683 ‹
2877 1632 3006 1694 Vos.
3036 1635 3249 1702 inquit,
3279 1635 3428 1707 quod

1848 1714 2083 1770 audistis
2113 1717 2182 1771 ab
2210 1717 2367 1772 initio
2389 1759 2401 1780 ,
2441 1719 2495 1773 in
2527 1721 2682 1775 vobis
2714 1732 3052 1791 permaneat.
3100 1724 3154 1779 Si
3186 1725 3238 1778 in
3275 1726 3431 1783 vobis

1851 1809 2216 1874 permanserit
2250 1810 2394 1879 quod
2432 1810 2667 1867 audistis
2698 1814 2766 1867 ab
2798 1814 2957 1868 initio
2981 1856 2994 1879 ,
3028 1824 3083 1869 et
3113 1831 3211 1871 vos
3243 1817 3297 1870 in
3334 1815 3431 1871 Fi-

1781 1882 1823 1937 Β
1852 1896 1925 1950 lio
1955 1905 2007 1951 et
2027 1896 2199 1953 Patre
2225 1900 2525 1958 manebitis
2555 1902 2621 1958 ".
2658 1923 2675 1955 ι
2703 1903 2767 1957 Et
2797 1906 2927 1975 quid
2961 1908 3031 1961 sit
3061 1908 3194 1961 illud
3226 1909 3293 1962 ab
3321 1910 3427 1963 ini-

1852 1989 1929 2043 tio
1952 2030 1965 2051 ,
1997 1990 2144 2059 quod
2175 1992 2228 2044 in
2259 1992 2419 2047 nobis
2454 2010 2676 2051 manere
2708 1997 2953 2066 jubetur,
3002 2009 3059 2053 ut
3107 2016 3208 2054 nos
3254 2002 3431 2057 simus

1851 2082 1907 2135 in
1945 2082 2086 2148 Deo,
2122 2084 2236 2154 ipse
2286 2086 2447 2140 nobis
2476 2086 2836 2144 nihilosecius
2866 2089 3168 2145 declarabit
3196 2091 3429 2149 dicens:

1857 2190 1875 2221 ι
1908 2168 2023 2224 Hoc
2067 2181 2151 2226 est
2203 2174 2558 2238 mandatum,
2617 2177 2765 2245 quod
2823 2177 3062 2235 audistis
3116 2180 3184 2234 ab
3237 2180 3429 2246 initio,

1849 2261 2015 2332 800
2048 2270 2107 2316 ut
2134 2262 2381 2334 diligatis
2414 2265 2652 2323 invicem
2688 2269 2753 2322 ⁸ο.
2787 2288 2804 2321 ι
2835 2270 3009 2326 Audis
3039 2272 3322 2341 quomodo
3357 2273 3433 2328 si-

1853 2369 1977 2409 mus
2014 2355 2069 2408 in
2111 2354 2257 2420 Deo,
2292 2358 2615 2415 charitatem
2659 2359 2920 2418 videlicet
2964 2365 3197 2420 invicem
3246 2365 3434 2422 colen-

1854 2456 1971 2508 tes,
2008 2455 2061 2500 et
2094 2446 2404 2506 Servatoris
2447 2452 2747 2517 virtutem,
2788 2455 2973 2525 quoad
3014 2456 3177 2521 licet,
3226 2458 3432 2512 sectari

1853 2546 2156 2603 conantes,
2190 2542 2453 2597 virtutem
2488 2543 2652 2606 dico,
2689 2561 2796 2599 non
2841 2546 2992 2599 illam
3036 2547 3304 2601 cwlorum
3341 2558 3436 2602 aut

1854 2631 2174 2699 angelorum
2208 2634 2533 2688 creatricem
2557 2672 2571 2696 ,
2610 2650 2719 2688 non
2754 2650 2859 2704 qua
2897 2643 3101 2690 terram
3142 2637 3393 2693 fillidaVil
3416 2678 3429 2701 ,

1855 2728 1951 2773 aut
1985 2736 2135 2776 mare
2163 2722 2443 2789 extendit,
2486 2739 2587 2778 nec
2620 2740 2739 2780 eam
2776 2741 2883 2796 qua
2932 2727 3192 2784 ineffabili
3242 2738 3298 2785 et
3346 2730 3433 2784 in-

1855 2813 2142 2868 scrutabili
2175 2822 2462 2882 potestate,
2497 2816 2665 2871 verbo
2709 2817 2961 2886 quidem,
3000 2828 3290 2874 ventorum
3323 2821 3432 2875 vim

1856 2902 2101 2965 sedavit,
2140 2910 2234 2956 aut
2266 2911 2515 2958 mortuos
2548 2906 2846 2973 excitavit,
2898 2918 2993 2962 aut
3036 2911 3200 2966 caecis
3253 2910 3433 2965 visum

1856 2991 2134 3057 restituit,
2173 2999 2268 3046 aut
2306 2993 2582 3063 leprosum
2621 2998 2872 3051 mumlari
2905 2998 3115 3066 jussit;
3153 3004 3245 3056 sed
3285 3002 3435 3057 illam

1857 3082 2043 3150 potius
2078 3098 2200 3152 qua:
2235 3083 2596 3141 humanitatis
2631 3088 2934 3144 conditioni
2968 3092 3248 3161 congruit.
3284 3092 3437 3146 luve-

1856 3172 2071 3227 niemus
2100 3188 2255 3238 eum,
2286 3175 2747 3243 quemadmodum
2774 3177 2978 3235 Paulus
3008 3180 3083 3234 ait
3107 3181 3174 3212 '°'
3196 3223 3212 3247 ,
3240 3180 3307 3234 ab
3335 3181 3436 3235 im-

1862 3266 1968 3337 piis
1989 3266 2211 3337 quidem
2246 3267 2448 3324 Judasis
2484 3272 2748 3327 conviciis
2772 3274 3028 3342 petitum,
3064 3262 3156 3330 sed
3194 3291 3302 3330 non
3340 3292 3436 3332 re.

1863 3360 2275 3416 maledicentem
2300 3400 2314 3424 ,
2344 3370 2399 3416 et
2426 3363 2720 3431 patientem
2752 3373 2806 3418 at
2835 3381 2943 3420 non
2978 3368 3302 3434 minantem,
3339 3368 3436 3423 sed

1865 3452 2172 3507 tradentem
2206 3456 2386 3521 potius
2411 3456 2563 3525 juste
2609 3456 2901 3526 judicanti.
2940 3459 3285 3515 Inveniemus
3311 3476 3433 3516 eum

1864 3554 2062 3595 rursus
2113 3542 2428 3598 dicentem:
2467 3562 2485 3594 ι
2514 3543 2721 3600 Discite
2755 3561 2783 3599 a
2819 3562 2907 3601 me
2939 3548 3068 3616 quia
3114 3549 3263 3605 mitis
3316 3564 3437 3605 sum

1861 3640 1915 3685 et
1942 3632 2169 3687 humilis
2197 3634 2394 3697 corde,
2427 3646 2482 3689 et
2512 3635 2808 3691 invenietis
2852 3638 3097 3706 requiem
3144 3640 3439 3697 animabus

1859 3725 2065 3778 vestris
2094 3725 2160 3777 ³¹.
2193 3745 2212 3777 ι
2240 3723 2407 3795 Igitur
2439 3735 2519 3780 tot
2550 3729 2830 3797 prmclaris
2864 3730 3125 3799 operibus
3155 3732 3439 3788 Christum

1859 3818 2042 3872 nuituis
2070 3818 2229 3873 nobis
2264 3820 2490 3875 virtutis
2518 3821 2714 3875 ducem
2765 3822 2967 3877 imitari
3021 3823 3339 3889 studentes,
3384 3832 3440 3880 et

1860 3909 1916 3963 in
1946 3907 2108 3963 Patre
2139 3916 2193 3963 et
2220 3909 2275 3963 in
2309 3911 2433 3979 ipso
2461 3925 2681 3965 manere
2726 3910 2985 3977 dicimur,
3016 3914 3296 3981 praemium
3325 3916 3438 3969 vel-

1865 3998 1944 4051 uti
1974 3997 2253 4067 quoddam
2285 4014 2352 4053 ac
2380 4000 2803 4055 retributionem
2842 4001 3149 4057 honestatis
3182 4003 3316 4058 illud
3350 4018 3440 4058 re-

1863 4096 2175 4159 portantes.
2214 4088 2389 4145 Filius
2416 4098 2596 4145 autem
2622 4131 2637 4157 ,
2666 4106 2776 4145 non
2806 4092 3027 4161 quidem
3060 4108 3125 4148 ex
3160 4091 3250 4149 his
3280 4108 3438 4148 suam

1863 4182 2098 4250 probare
2129 4184 2246 4236 vult
2277 4183 2624 4245 claritatem,
2672 4184 2768 4237 sed
2822 4183 3216 4238 miraculorum
3268 4185 3442 4256 maje-

1864 4279 2059 4326 statem
2090 4288 2197 4342 qua
2226 4274 2343 4329 lieri
2376 4280 2557 4344 potest
2580 4274 2810 4329 solertia
2850 4274 3217 4341 attendentes,
3255 4278 3441 4334 consi-

1863 4364 2060 4420 derare
2085 4366 2243 4435 jubet
2275 4367 2425 4421 nulla
2456 4383 2520 4421 ex
2554 4376 2709 4437 parte
2752 4368 3060 4422 variantem
3104 4385 3267 4439 quam
3309 4385 3439 4425 cum

1866 4472 1969 4512 suo
2002 4458 2165 4514 Patre
2198 4459 2364 4514 habet
2394 4460 2817 4515 similitudinem
2839 4502 2852 4523 ,
2886 4471 3051 4531 atque
3095 4464 3169 4517 ita
3217 4464 3443 4519 credere

169 4558 400 4628 καρδία,
426 4560 519 4612 καὶ
542 4560 803 4631 εὑρήσετε
834 4562 1139 4613 ἀνάπαυσιν
1166 4563 1285 4623 ταῖς
1310 4559 1508 4629 ψυχαῖς
1530 4560 1703 4630 ὑμῶν.
1735 4579 1751 4611 ι

1865 4551 2085 4607 demum
2116 4552 2260 4621 quod
2293 4567 2417 4606 cum
2469 4553 2542 4607 sit
2589 4554 3115 4618 consubstantialis,
3176 4555 3339 4609 habet
3386 4556 3441 4610 in

171 4649 391 4705 Οὐκοῦν
436 4650 523 4703 διὰ
561 4651 660 4721 μὲν
701 4652 811 4704 τῶν
850 4652 1123 4705 τοσούτων
1177 4652 1621 4722 κατορθωμάτων
1670 4670 1759 4723 μι-

174 4740 401 4808 μεῖσθαι
466 4740 858 4804 σπουδάζοντες
914 4742 1008 4794 τὸν
1066 4742 1285 4812 ἀπάσης
1358 4745 1490 4813 ἡμῖν
1556 4744 1759 4815 ἀρετῆς

173 4832 429 4902 ἡγεμόνα
465 4831 718 4901 Χριστὸν,
752 4830 808 4884 ἔν
833 4848 891 4884 τε
919 4830 995 4902 τῷ
1032 4833 1207 4901 Πατρὶ
1249 4833 1344 4886 καὶ
1380 4835 1437 4886 ἐν
1486 4834 1635 4904 αὐτῷ
1664 4836 1759 4905 μέ-

175 4940 290 4974 νειν
328 4923 623 4992 λεγόμεθα,
653 4923 821 4991 γέρας
852 4923 1043 4993 ὥσπερ
1078 4925 1167 4976 καὶ
1191 4925 1537 4994 ἀντιμισθίαν
1567 4929 1667 4996 τῆς
1700 4928 1758 4979 ἐν

178 5012 281 5082 βίῳ
337 5012 666 5083 σεμνότητος
709 5013 768 5066 τὸ
815 5015 1051 5083 πρᾶγμα
1114 5013 1508 5084 κερδαίνοντες.
1572 5016 1632 5068 ὐ
1701 5016 1758 5069 δὲ

178 5105 308 5167 Υἱὸς
334 5106 434 5157 οὐκ
466 5106 529 5157 ἐκ
555 5105 761 5158 τούτων
784 5107 931 5175 ἡμᾶς
954 5105 1051 5177 τὴν
1079 5105 1303 5160 ἐνοῦσαν
1335 5106 1483 5176 αὐτῷ
1513 5107 1759 5177 λαμπρό-

173 5212 316 5266 τητα
360 5196 676 5268 δοκιμάζειν
720 5196 1000 5267 βούλεται,
1052 5202 1117 5269 τῇ
1173 5199 1227 5252 δὲ
1278 5199 1387 5252 τῶν
1437 5198 1760 5271 παραδόξων

178 5288 562 5359 μεγαλειότητι
588 5290 725 5359 μετὰ
752 5291 847 5359 τῆς
883 5289 1105 5359 ἐνούσης
1140 5290 1421 5359 ἀγχινοίας
1451 5309 1757 5362 προσεσχη-

178 5380 343 5443 κότας
377 5382 799 5436 διασκέπτεσθαι
846 5382 957 5434 δεῖν
989 5382 1268 5434 ἐπιτάττει
1309 5384 1407 5453 τὴν
1438 5384 1759 5451 ἀπαράλλα-

178 5491 304 5526 κτον
328 5474 626 5544 ἐμφέρειαν
650 5473 716 5543 qv
738 5473 849 5541 ἔχει
876 5474 1011 5543 πρὸς
1042 5473 1130 5525 τὸν
1166 5474 1382 5543 Πατέρα
1416 5474 1506 5526 τὸν
1538 5474 1758 5539 ἑαυτοῦ,

178 5564 459 5618 πιστεύειν
494 5582 553 5617 τε
586 5564 727 5617 οὕτω
766 5566 951 5618 λοιπὸν
995 5565 1069 5628 ὡς
1096 5566 1329 5636 ἐπείπερ
1373 5567 1520 5619 ἐστὶν
1563 5568 1760 5637 ὁμοού-

181 5670 318 5717 σιος,
363 5654 479 5724 ἔχει
512 5654 612 5724 μὲν
649 5657 705 5707 έν
732 5654 909 5724 ἐαυτῷ
946 5654 1035 5707 τὸν
1465 5658 1760 5729 ἐνυπάρχει

259 5837 305 5867 ¹¹¹
345 5833 358 5886 Ι
390 5834 548 5891 Joau.
586 5851 645 5903 ιι,
679 5837 731 5904 5,
764 5837 814 5891 6.
896 5839 939 5870 "
984 5836 1116 5893 ibid.
1148 5838 1236 5893 Ἡ.
1320 5841 1361 5871 ³⁸
1405 5838 1432 5892 1.
1460 5838 1616 5895 Joan.
1658 5855 1739 5908 ιιι,

1855 5880 1865 5893 .
1950 5839 2012 5870 ³⁸⁸
2043 5837 2063 5892 l
2092 5836 2240 5895 Petr.
2274 5853 2347 5904 ιι,
2379 5838 2466 5894 25.

1866 4643 2051 4715 seipse
2076 4642 2411 4709 Genitorem,
2444 4654 2497 4700 et
2530 4646 2646 4715 ipse
2689 4648 2742 4700 in
2795 4663 2859 4701 eo
2905 4655 3013 4701 est.
3068 4648 3285 4717 Alioqui
3334 4650 3437 4703 do-

1866 4746 2027 4789 ceant
2054 4735 2237 4791 obiter
2269 4737 2568 4791 adversarii
2606 4739 2815 4807 pra’mii
2850 4739 3001 4802 loco,
3038 4738 3199 4792 sicuti
3244 4738 3402 4792 nobis
3424 4782 3437 4805 ,

1868 4827 1922 4883 id
1954 4827 2005 4881 ei
2037 4843 2257 4898 quoque
2288 4844 2446 4891 esse,
2492 4839 2546 4884 et
2598 4830 2979 4885 retributionis
3032 4832 3157 4887 vitae
3203 4844 3442 4901 evange-

1868 4918 2022 4980 licae,
2059 4919 2203 4989 quod
2256 4919 2311 4972 in
2358 4918 2522 4973 Patre
2565 4918 2910 4989 intelligitur.
2958 4918 3064 4973 Sed
3120 4920 3443 4990 neutiquam

1867 5009 2013 5065 istud
2045 5010 2126 5065 eis
2157 5026 2324 5080 grave
2350 5011 2485 5074 erit,
2518 5014 2738 5079 opinor.
2771 5009 2986 5075 Quibus
3016 5012 3161 5065 enim
3197 5014 3421 5082 petulan

1865 5103 1958 5158 tiae
1984 5104 2197 5157 nullum
2227 5119 2397 5171 genus
2426 5112 2509 5157 est
2539 5102 2904 5167 intentatum,
2930 5103 3190 5172 quidnam
3221 5103 3442 5159 absurdi

1866 5196 2137 5250 intactum
2181 5196 2549 5267 reliquerint?
2583 5195 3010 5265 Respondebant
3035 5212 3187 5267 ergo,
3238 5208 3295 5252 ut
3322 5212 3445 5252 crc-

1867 5290 2033 5344 dibile
2056 5298 2141 5345 est
2160 5331 2175 5355 ,
2199 5289 2401 5343 Filium
2431 5288 2638 5343 idcirco
2664 5288 2715 5341 in
2744 5288 2905 5343 Patre
2930 5305 3074 5353 esse,
3100 5298 3153 5345 et
3178 5289 3231 5342 in
3260 5290 3444 5359 selpso

1868 5398 2066 5437 rursus
2104 5382 2310 5437 habere
2340 5381 2592 5448 Patrem,
2625 5384 2753 5452 quia
2804 5384 3104 5439 virtutibus
3152 5398 3291 5453 quas
3340 5384 3443 5451 ipsi

1868 5490 2089 5545 quoque
2117 5475 2486 5544 assequimur,
2508 5474 2577 5527 ad
2609 5489 2731 5528 eum
2764 5475 3159 5529 conformatur.
3184 5475 3251 5527 At
3278 5475 3442 5543 quid-

1867 5569 1923 5621 ni
1956 5581 2150 5621 rursus
2172 5606 2185 5630 ,
2218 5566 2442 5634 inquam
2466 5605 2481 5627 ,
2522 5584 2555 5620 υ
2608 5565 2769 5629 boni,
2802 5580 2926 5619 cum
2973 5565 3263 5635 Philippus
3294 5564 3441 5619 dicc-

1868 5666 1950 5715 ret
2001 5677 2015 5713 :
2070 5677 2085 5708 ι
2120 5656 2381 5720 Domine,
2416 5653 2648 5712 ostende
2682 5657 2843 5712 nobis
2885 5656 3137 5722 Patrem,
3173 5677 3188 5708 ι
3218 5665 3444 5712 sanctos

2547 5839 2585 5869 ³¹
2629 5836 2819 5893 Matth.
2854 5850 2929 5903 XI,
2958 5835 3047 5895 i9.
