4096 6482
716 373 828 436 2-15
1716 377 1774 436 S.
1815 378 2095 436 CYRILLI
2148 380 2624 440 ALEXANDRINI
2664 387 2986 446 ARCHIEP.
3874 402 3952 462 ιιι

722 507 916 548 omnes
970 496 1250 564 apostolos
1303 496 1368 550 ad
1427 495 1718 567 imaginem
1774 507 1827 552 et
1878 499 2339 561 similitudinem,

2333 505 2377 561 Α
2405 501 2461 557 δὲ
2493 506 2588 558 καὶ
2621 506 2782 572 αὐτὸς
2813 509 2979 580 αύτῷ.
3012 512 3082 563 Ἣ
3107 511 3523 567 διδασκέτωσαν
3552 513 3892 585 παρελθόντες
3917 525 3950 575 ei

722 594 973 640 exactam
1012 586 1134 654 ejus
1169 587 1313 657 quod
1358 589 1411 642 in
1456 589 1638 642 animo
1685 589 1923 644 habebat
1974 591 2298 659 proferens,

2405 596 2471 649 δι’
2502 599 2750 663 ἐναντίας
2796 602 2876 653 ὅτι
2917 602 3086 673 γέρας
3117 603 3230 672 ἔχει
3251 642 3266 667 ,
3297 603 3567 674 καθάπερ
3596 605 3758 674 ἡμεῖς
3779 649 3793 672 ,
3826 611 3878 662 τὸ
3911 615 3950 665 ὲν

727 675 985 730 Christus
1007 678 1187 731 aiebat
1211 698 1223 732 :
1256 698 1271 729 ι
1286 677 1463 734 Tanto
1481 688 1728 748 tempore
1749 680 2038 736 nobiscum
2062 682 2299 737 invicem

2402 688 2481 759 τῷ
2514 691 2690 762 Πατρὶ
2740 694 2976 748 νοεῖσθαι
3025 697 3120 749 καὶ
3165 695 3370 760 αὐτὸς,
3421 696 3524 748 καὶ
3578 696 3844 764 πολιτείας
3881 705 3949 772 τῆς

719 782 935 832 sumus,
955 775 1136 822 etnon
1164 771 1472 839 cognovisti
1493 769 1751 825 Patrem?
1781 791 1800 824 ι
1827 774 1988 844 Atqui
2023 775 2296 830 neminem

2402 783 2542 836 κατὰ
2575 785 2740 854 νόμον
2770 785 3128 855 εύαγγελικὸν
3172 788 3516 860 ἀντίρροπον
3547 789 3803 860 ἀμοιὸήν.
3844 769 3947 847 Ἀλλ’

719 859 954 913 aliorum
989 875 1174 914 secum
1209 863 1473 926 assumit,
1509 863 1603 918 sed
1639 865 1818 918 solum
1855 866 2017 935 801
2054 882 2114 921 se
2143 865 2296 920 Patri

2399 874 2572 938 οὐδὲν,
2611 871 2785 945 οἶμαι,
2825 876 2998 931 δεινὸν
3022 880 3249 943 ἐκείνοις
3280 859 3544 950 φαίνεται
3577 881 3676 932 καὶ
3697 859 3858 940 τοῦτο.
3882 882 3948 951 Οἷς

718 947 821 1001 soli
851 963 1198 1018 comparans,
1232 959 1417 1006 nostra
1452 955 1726 1025 praeterit,
1761 963 1819 1008 ut
1850 958 2009 1010 valde
2039 967 2295 1028 angusta,

2399 964 2510 1034 γὰρ
2543 961 2680 1030 εἶδος
2713 967 2864 1022 οὐδὲν
2895 968 3276 1038 γλωσσαλγίας
3293 947 3773 1040 ἀνεπιτήδευτον,
3805 975 3849 1026 τί
3869 947 3947 1028 τῶν

715 1053 955 1109 cumque
993 1040 1047 1093 in
1082 1041 1166 1096 his
1196 1040 1443 1097 divinam
1472 1044 1844 1100 substantiam
1880 1056 2140 1105 accurate
2170 1049 2294 1103 nol-

2399 1055 2520 1110 λίαν
2570 1059 2968 1128 ἀπηχεστάτων
3017 1060 3114 1130 οὐχ
3159 1060 3509 1130 ίππήλατονς
3567 1060 3732 1124 Εἰκὸς
3771 1059 3854 1116 οὖν
3889 1066 3945 1119 δτι

713 1129 789 1182 let
818 1129 1164 1198 exprimere,
1200 1132 1302 1188 soli
1337 1134 1445 1188 sibi
1477 1135 1940 1204 perfectissimam
1973 1139 2295 1194 similitudi-

2398 1149 2622 1203 κάκεῖνο
2661 1149 2912 1222 ἐροῦσιν,
2945 1151 3021 1214 ὼς
3187 1129 3292 1221 μὲν
3338 1152 3368 1204 ὁ
3411 1149 3551 1214 Υἱὸς
3594 1153 3655 1205 ὲν
3695 1154 3856 1224 [lupi
3885 1157 3946 1211 διὰ

712 1236 834 1274 nem
870 1225 1175 1278 reservavit
1201 1242 1214 1278 :
1237 1245 1254 1275 ι
1279 1224 1385 1291 Qui
1419 1227 1563 1282 enim
1594 1245 1680 1285 me
1712 1230 1883 1296 vidit,
1914 1231 2124 1301 inquit,
2156 1233 2294 1288 vidit

2395 1240 2577 1307 τοῦτο,
2619 1241 2732 1312 ἔχοι
2767 1242 2823 1295 δὲ
2849 1237 2915 1296 αὖ
2955 1242 3116 1297 πάλιν
3143 1244 3201 1294 ὲν
3233 1241 3417 1314 ἑαυτῷ
3443 1241 3542 1296 τὸν
3573 1243 3810 1312 Πατέρα,
3833 1246 3945 1300 ἐπεί-

707 1318 759 1362 et
786 1308 1057 1367 Patrem.»
1092 1312 1296 1370 Deinde
1322 1317 1409 1372 his
1441 1318 1628 1373 statim
1659 1320 1982 1389 subjunxit:
2013 1341 2030 1374 ι
2052 1322 2294 1380 Creditis

2397 1349 2502 1404 περ
2527 1308 2782 1396 ταῖς-’καὶ
2819 1336 2950 1405 ἡμῖν
2977 1336 3229 1403 ὲφικταῖς
3258 1308 3494 1406 ἀρεταῖς
3519 1376 3534 1399 ,
3565 1333 3643 1397 ὡς
3670 1308 3799 1406 πρὸς
3821 1338 3943 1390 αὐτὴν

706 1402 835 1465 quia
858 1417 959 1473 ego
981 1404 1032 1456 in
1064 1404 1246 1470 Patre,
1267 1406 1499 1466 etPater
1523 1410 1576 1464 in
1602 1425 1687 1464 me
1712 1411 1833 1473 est?
1860 1412 2119 1478 iQuando
2140 1414 2288 1469 enim

2397 1402 2814 1495 σχηματίζεται.
2841 1402 2960 1479 *Καὶ
2979 1402 3033 1478 τί
3059 1426 3123 1496 δὴ
3159 1402 3344 1492 πάλιν,
3383 1419 3433 1477 ὦ
3463 1402 3754 1494 βέλτιστοι,
3784 1429 3941 1496 φαμὲν,

710 1493 1172 1568 perfectissimam
1229 1499 1281 1552 in
1313 1500 1570 1556 omnibus
1619 1502 1787 1559 habet
1827 1505 2286 1572 similitudinem,

2392 1493 2660 1568 Φιλίππου
2708 1515 2958 1584 λέγοντος
2984 1532 2997 1544 ·
3040 1534 3059 1567 ι
3112 1493 3285 1587 Κύριε
3307 1556 3322 1579 ,
3363 1493 3549 1578 δεῖξον
3584 1513 3714 1584 ἡμῖν
3750 1493 3828 1567 cev
3854 1493 3938 1568 ila-

705 1588 982 1655 quomodo
1010 1605 1116 1644 non
1149 1591 1308 1644 habet
1337 1591 1453 1661 ipse
1483 1593 1704 1648 demum
1732 1595 1786 1649 in
1820 1596 2003 1667 seipso
2031 1595 2248 1653 Patrem
2272 1639 2286 1664 ,

2391 1607 2559 1678 τέρα,
2599 1626 2619 1657 ι
2685 1607 2759 1677 μὴ
2815 1606 3026 1670 πάντας
3079 1607 3208 1670 τοὺς
3265 1606 3466 1675 ἁγίους
3529 1603 3849 1668 ἀποστόλους
3885 1609 3939 1672 εἰς

703 1679 802 1734 sed
834 1681 1243 1749 quodammodo
1275 1682 1507 1738 habetur
1533 1699 1561 1737 a
1589 1683 1797 1741 Patre?
1819 1687 1949 1743 Tale
1978 1689 2108 1759 quid
2139 1689 2286 1744 enim

2392 1700 2578 1753 εἰκόνα
2601 1700 2697 1753 καὶ
2725 1698 2985 1769 ὁμοίωσιν
3019 1699 3220 1770 ἀκριϐῆ
3257 1697 3352 1752 τοῦ
3385 1695 3688 1767 νοουμένου
3720 1699 3937 1769 παραθεὶς

702 1774 905 1842 cogita,
921 1781 973 1828 et
992 1774 1058 1828 ad
1077 1789 1269 1832 eorum
1295 1792 1420 1846 qua!
1441 1777 1588 1832 dicta
1613 1787 1739 1834 sunt
1757 1779 2286 1837 demonstrationem

2322 1859 2350 1861 _7
2393 1792 2634 1861 ἔφασκεν
2670 1793 2700 1844 ὁ
2739 1792 2975 1860 Χριστός
3000 1807 3014 1822 ⁸
3047 1787 3300 1861 Τοσούτῳ
3330 1790 3517 1861 χρόνῳ
3576 1787 3714 1859 μετά
3742 1788 3938 1858 ἀλλήλων

705 1881 860 1934 cape.
895 1865 1169 1936 Numquid
1200 1871 1384 1937 enim,
1419 1871 1465 1926 si
1496 1871 1730 1926 Abrahm
1751 1912 1765 1935 ,
1799 1880 1892 1926 aut
1925 1874 2156 1930 alterius
2189 1889 2286 1929 cu-
2319 1861 2322 1918 λ

2319 1859 2366 1920 Β
2393 1859 2582 1955 ἐσμὲν,
2627 1885 2723 1938 καὶ
2760 1859 2862 1938 ούκ
2895 1884 3140 1952 ἔγνωκας
3170 1859 3571 1955 τδνήΠατέρα;
3613 1881 3753 1935 Ἀλλ’
3788 1883 3935 1935 οὐδένα

700 1952 920 2019 jusdam
951 1955 1190 2014 hominis
1221 1957 1392 2012 [ilium
1426 1959 1626 2030 aliquis
1658 1962 1713 2015 in
1743 1963 1986 2016 medium
2018 1963 2286 2030 adducat,

2391 1977 2497 2031 τῶν
2514 1976 2689 2030 ἄλλων
2714 1976 2894 2047 ἐαυτῷ
2917 1976 3342 2046 συνεισδέχεται,
3377 1975 3550 2046 μόνον
3572 1973 3630 2027 δὲ
3654 1973 3793 2044 μόνῳ
3805 1991 3936 2045 παρα-

702 2053 817 2096 tmu
853 2047 1122 2112 genitoris
1149 2055 1399 2102 naturam
1421 2061 1652 2119 quaerat,
1677 2061 2143 2124 perconteturque
2165 2055 2289 2125 qui-

2392 2069 2504 2133 θεὶς
2537 2069 2617 2140 τῷ
2647 2069 2858 2140 Πατρὶ,
2894 2069 2970 2133 ὼς
3020 2067 3194 2140 μικρὰ
3249 2069 3347 2138 μὲν
3402 2067 3614 2137 κομιδῇ
3648 2066 3932 2138 παρατρέχει

701 2152 828 2188 nam
858 2143 912 2191 et
943 2139 1123 2208 qualis
1155 2141 1225 2194 sit
1257 2141 1304 2196 is
1332 2143 1429 2211 qui
1462 2145 1685 2213 genuit,
1719 2153 1869 2201 recte
1900 2147 2098 2217 utique
2129 2163 2285 2204 suam

2389 2163 2456 2216 τὰ
2480 2160 2725 2232 ἡμέτερα
2750 2139 2779 2225 ,7
2815 2162 2915 2214 ούκ
2960 2163 3018 2214 ὲν
3065 2139 3279 2224 τούτοις
3307 2160 3366 2214 δὲ
3408 2159 3662 2230 ἀκριϐῶς
3704 2159 3796 2229 τὴν
3820 2159 3933 2213 θείαν

701 2233 956 2280 naturam
1007 2230 1447 2298 demonstraret,
1497 2234 1693 2289 dicens
1725 2255 1738 2291 :
1769 2255 1787 2289 ι
1819 2235 1922 2303 Qui
1972 2238 2112 2294 vidit
2164 2256 2282 2308 me,

2388 2230 2575 2310 οὐσίαν
2609 2230 3033 2322 ὲξεικονίζεσθαι
3066 2254 3270 2320 θέλων,
3303 2253 3491 2324 ἐαυτῷ
3525 2253 3788 2323 τετήρηκε
3821 2254 3929 2324 μόνῳ

700 2319 838 2373 vidit
861 2329 915 2374 et
937 2324 1194 2391 patrem?
1231 2323 1344 2394 Ego
1372 2325 1425 2379 in
1455 2335 1631 2396 patre,
1657 2337 1710 2382 et
1747 2338 1904 2400 pater
1927 2331 1982 2385 in
2011 2347 2097 2387 me
2126 2340 2234 2389 est.
2261 2353 2281 2385 ι

2389 2349 2484 2421 τὴν
2518 2351 2598 2413 είς
2639 2319 2816 2420 ἀκραν
2854 2347 3186 2418 ἐμφέρειαν·
3225 2319 3263 2398 ιγ
3293 2346 3355 2397 '0
3398 2319 3515 2417 γάρ
3563 2319 3928 2415 ἑωρακὼς-ἐμέ,

702 2412 911 2470 Deinde
941 2425 994 2469 ut
1029 2417 1342 2472 ostenderet
1371 2434 1431 2473 se
1469 2435 1598 2474 vere
1627 2421 1800 2491 loqui,
1850 2424 2116 2494 numquid
2149 2439 2281 2479 con-

2388 2412 2540 2512 φησι,
2581 2412 2679 2495 τὸν
2705 2412 2923 2509 [irrepit
2943 2412 3220 2510 ⁷ιτὲιδρακεν.
3264 2458 3282 2490 ι
3318 2412 3462 2491 Εἶτα
3484 2412 3707 2498 τούτοις
3739 2412 3926 2506 ἐπήνεγ-

699 2505 988 2562 Venicnter
1017 2507 1240 2564 afferret
1272 2510 1326 2563 in
1355 2510 1617 2568 humanis
1650 2514 1912 2583 Operibus
1943 2525 2038 2570 aut
2070 2526 2286 2572 naturae

2517 2505 2708 2595 εύθύς’
2749 2553 2766 2584 ι
2813 2505 3108 2584 Πιστεύετε
3149 2532 3232 2584 ὅτι
3280 2528 3396 2598 ἐγὼ
3437 2530 3497 2581 ὲν
3539 2527 3617 2598 τῷ
3647 2505 3827 2598 Ila-cpi,
3859 2529 3927 2580 καὶ

699 2598 925 2652 dotibus
969 2598 1310 2656 identitatem
1336 2644 1350 2668 ,
1383 2603 1574 2660 dicens
1603 2625 1614 2659 :
1649 2623 1668 2656 ι
1697 2604 1932 2678 Propter
1964 2624 2130 2680 opera
2162 2611 2281 2680 ipsa

2384 2623 2413 2674 ὁ
2446 2621 2638 2694 Πατὴρ
2670 2622 2727 2675 δὲ
2759 2624 2816 2675 ὲν
2856 2621 2979 2691 ἐμοί
3019 2621 3202 2686 tactv;
3242 2639 3261 2672 ι
3298 2620 3483 2673 Ὅπου
3511 2617 3623 2690 γὰρ
3654 2616 3923 2688 ἀπαραλλάο

700 2687 836 2751 mihi
891 2690 1118 2745 credite.
1153 2709 1172 2743 ι
1202 2689 1414 2747 Cuncta
1445 2695 1590 2749 enim
1645 2697 1856 2764 habeo,
1908 2707 1963 2755 et
2014 2716 2282 2772 peragere

2385 2731 2526 2776 κτως
2562 2687 2674 2783 ἔχει
2707 2713 2848 2766 κατά
2876 2687 2940 2780 γε
2967 2711 3062 2782 τὴν
3095 2710 3326 2764 εἰσάπαν
3369 2687 3696 2781 ἐμφέρειαν,
3729 2687 3831 2772 πῶς
3851 2710 3924 2760 οὐκ

697 2789 900 2834 etmeta
933 2797 1075 2850 queo
1104 2798 1227 2853 qua:
1271 2791 1485 2840 natura:
1532 2786 1791 2848 humana:
1839 2791 2053 2847 insunt.
2110 2793 2279 2864 Atqui

2382 2807 2448 2860 ἂν
2496 2805 2608 2875 ἔχοι
2648 2804 2835 2857 λοιπὸν
2881 2802 3044 2862 αὐτὸς
3097 2802 3197 2872 μὲν
3245 2803 3302 2854 ὲν
3353 2800 3543 2872 ἐαυτῷ
3591 2799 3682 2853 τὸν
3728 2800 3920 2870 Πατέρα,

697 2888 828 2926 vera
857 2888 961 2930 nos
989 2874 1174 2931 dicere
1203 2891 1366 2931 nemo
1392 2894 1503 2933 non
1530 2921 1543 2945 ,
1579 2879 1796 2950 opinor,
1829 2881 1956 2952 jure
1994 2883 2277 2952 fatebitur,

2383 2874 2565 2969 ἔχεται
2607 2897 2664 2950 δὲ
2716 2896 2906 2966 ὥσπερ
2945 2895 3051 2948 ὑπὸ
3096 2898 3192 2951 τοῦ
3233 2894 3486 2965 Πατρός;
3541 2893 3737 2946 Ἐννόει
3765 2893 3856 2962 γάρ
3885 2909 3922 2967 τι

696 2977 753 3022 et
788 2965 1076 3022 identitate
1108 2970 1161 3022 in
1198 2970 1406 3026 nostris
1449 2971 1715 3041 operibus
1763 2975 1814 3028 id
1860 2985 2020 3030 acute
2051 2977 2281 3033 demen-

2381 2965 2642 3050 τοιοῦτον,
2686 2989 2780 3040 καὶ
2812 2965 2949 3055 πρὸς
2979 2986 3256 3052 ἀπόδειξιν
3291 2986 3452 3056 δέχου
3490 2984 3602 3038 τῶν
3643 2965 3918 3056 εἰρημένων,

697 3058 886 3120 strari.
920 3060 1123 3126 Quidni
1157 3077 1287 3132 ergo
1318 3063 1414 3133 qui
1445 3071 1594 3119 recta
1644 3075 1978 3135 pervertunt
2031 3070 2098 3137 ",
2132 3071 2276 3127 haud

2382 3076 2528 3152 τΑρα
2563 3079 2694 3149 γὰρ,
2746 3079 2799 3132 εί
2837 3096 2922 3141 τις
2955 3079 3014 3132 τὸ
3070 3077 3343 3148 Ἀϐραὰμ,
3388 3079 3561 3150 ἧγουν
3608 3077 3783 3148 ἑτέρου
3811 3075 3921 3137 τινδς

696 3161 904 3210 rectam
936 3153 1210 3209 doctrina:
1244 3157 1496 3210 semitam
1536 3158 1798 3214 insistere
1834 3162 1952 3216 suis
1984 3162 2276 3233 discipulis
2305 3215 2313 3256 ‘

2305 3206 2346 3263 ο
2381 3171 2670 3243 ἀνθρώπου
2692 3172 2854 3240 τυχὸν
2888 3172 2970 3234 εἰς
3010 3170 3173 3240 μέσον
3203 3171 3412 3238 ἀγάγοι
3458 3169 3691 3231 παιδίον,
3719 3163 3820 3263 εἶτα
3848 3167 3919 3263 την

698 3244 1072 3311 persuadent,
1106 3246 1203 3300 sed
1226 3291 1239 3313 ,
1277 3248 1470 3302 relicta
1501 3249 1589 3303 via
1620 3251 1770 3321 regia
1795 3291 1809 3317 ,
1844 3253 2192 3311 inaccessam
2223 3265 2278 3312 et
2307 3244 2315 3258 ’

2307 3244 2346 3263 υ
2381 3262 2474 3317 τοῦ
2499 3261 2748 3326 τεκόντος
2779 3262 2912 3314 αὐτὸ
2951 3261 3240 3331 διερωτοίη
3273 3260 3463 3330 φύσιν,
3495 3261 3578 3325 τίς
3615 3277 3673 3313 τε
3709 3259 3828 3321 ὅλως
3854 3257 3917 3326 είη

697 3351 949 3406 asperam
982 3340 1198 3395 calcare
1236 3356 1295 3394 se
1327 3341 1615 3410 ignorant,
1658 3350 1713 3397 et
1758 3358 1892 3400 suos
1937 3348 2182 3404 asseclas
2211 3365 2278 3405 eo

2381 3357 2475 3410 ita).
2504 3354 2742 3418 ποδαπὸς
2767 3356 2796 3407 ὁ
2830 3353 3007 3407 τεκὼν
3035 3353 3281 3424 βούλοιτο
3313 3353 3538 3424 μαθεῖν,
3577 3353 3675 3406 οὐκ
3712 3351 3770 3405 ἂν
3799 3349 3916 3402 εὐλό-

695 3429 1036 3498 compellunt
1065 3430 1088 3484 ?
1116 3429 1221 3486 Sed
1256 3448 1390 3497 nos,
1425 3433 1764 3502 cjuscemodi
1811 3437 1892 3490 via
1926 3439 2154 3505 relicta,
2183 3457 2280 3510 per

2384 3465 2495 3516 γως
2524 3446 2796 3516 ὲφώνησε,
2825 3445 3028 3514 μᾶλλον
3053 3445 3111 3498 δὲ
3135 3445 3233 3515 τὴν
3262 3445 3479 3498 οἰκείαν
3509 3443 3745 3508 ἐπέδειξε
3773 3441 3913 3510 φύσιν.

694 3529 902 3577 rectam
936 3521 1296 3584 incedemus.
1342 3531 1432 3588 et,
1475 3538 1763 3580 sacrarum
1809 3527 2138 3584 Litterarum
2183 3547 2278 3586 au-

2381 3539 2552 3608 λέγων
2577 3556 2590 3570 ο
2651 3556 2668 3588 ι
2732 3539 2790 3590 '0
2839 3537 3101 3608 ἑωρακὼς
3135 3536 3235 3606 ἐμὲ
3260 3577 3274 3600 ,
3324 3535 3546 3609 ἑώρακε
3584 3537 3674 3588 τὸν
3713 3531 3913 3602 πατέραζ

691 3611 951 3668 ctoritate
994 3615 1228 3677 muniti,
1281 3616 1707 3686 arquipotentem
1738 3625 1792 3674 et
1823 3621 2277 3677 consubstantia-

2399 3628 2538 3693 Ἐγὼ
2578 3630 2634 3682 ὲν
2679 3629 2756 3698 τῷ
2811 3630 3017 3698 πατρὶ,
3051 3629 3143 3682 καὶ
3177 3629 3204 3680 ὁ
3255 3628 3442 3700 πατὴρ
3489 3630 3547 3682 ὲν
3587 3627 3704 3698 ἐμοί
3735 3627 3908 3678 smmi

692 3703 801 3759 lem
854 3703 965 3760 Deo
1009 3721 1072 3760 ac
1113 3705 1262 3761 Patri
1306 3705 1507 3763 Filium
1537 3710 1660 3780 ejus
1689 3714 1994 3768 secundum
2025 3724 2276 3773 naturam

2382 3718 2513 3776 Εἶτα
2561 3722 2698 3792 πρὸς
2739 3720 3014 3785 ἀπόδειξιν
3045 3719 3137 3773 τοῦ
3185 3720 3283 3791 τὴν
3333 3720 3598 3792 ἀλήθειαν
3631 3719 3815 3777 εἰπεῖν,
3839 3715 3911 3766 οὐκ

690 3811 817 3854 esse
848 3799 1163 3864 credimus,
1194 3800 1428 3870 ejusque
1469 3803 1766 3874 imaginem
1808 3821 1931 3863 esse
1953 3849 1966 3874 ,
1999 3818 2164 3880 atque
2197 3811 2279 3865 id-

2370 3815 2438 3868 ἂν
2492 3813 2754 3885 παροίσαι
2805 3812 3127 3883 πρεπόντως
3181 3812 3282 3882 τὴν
3337 3813 3399 3865 ἐν
3439 3815 3552 3876 τοῖς
3605 3806 3909 3882 ἀνθρωπίνοις

689 3889 842 3946 circo
872 3890 926 3944 in
959 3890 1122 3945 Patre
1149 3906 1304 3957 esse,
1341 3899 1395 3947 et
1426 3894 1480 3947 in
1518 3896 1637 3962 ipso
1664 3895 1907 3955 Patrem.

2380 3905 2601 3975 ἔργοις,
2648 3904 2767 3974 ἢτοι
2829 3905 3081 3972 φυσικοῖς
3137 3904 3584 3976 πλεονεκτήμασι
3635 3899 3907 3966 ταυτότητι,

688 3983 896 4052 λέγων’
938 4005 954 4036 ι
993 3986 1092 4040 Διὰ
1125 3987 1199 4041 τὰ
1231 3987 1368 4058 ἔργα
1407 3989 1546 4043 αὐτὰ
1591 3992 1875 4047 πιστεύετέ
1910 4013 2019 4064 μοι.
2066 4017 2084 4048 ι
2125 3999 2275 4070 Ἔχω
2313 4001 2422 4072 γὰρ
2462 4001 2664 4064 πάντα,
2739 3998 2834 4055 καὶ
2875 4000 3117 4070 ἐνεργεῖν
3187 3998 3355 4069 ἰσχύω
3408 3999 3478 4052 τὰ
3529 4001 3592 4070 τῇ
3644 3993 3908 4066 ἀνθρωπείὲι

688 4081 964 4150 προσόντα
990 4083 1171 4150 φύσει.
1218 4084 1380 4150 Ἀλλ’,
1410 4081 1582 4156 οἶμαι,
1619 4091 1728 4151 πᾶς
1755 4107 1841 4153 τις
1865 4091 1983 4162 ἐρεῖ
2051 4096 2144 4148 καὶ
2211 4097 2516 4150 συναινέσει
2562 4092 2788 4155 δικαίως
2847 4092 2929 4145 δτι
2980 4091 3237 4162 λέγοιμεν
3284 4092 3506 4164 ἀληθῆ,
3579 4092 3809 4162 δριμεῖαν
3862 4084 3904 4136 δὲ

685 4171 797 4225 τῶν
842 4174 900 4224 ἒν
930 4175 1042 4237 τοῖς
1081 4174 1229 4239 ἰδίοις
1259 4174 1443 4246 ἔργοις
1491 4178 1768 4244 ἀπόδειξιν
1813 4182 1912 4252 τὴν
1953 4187 2262 4259 ταυτότητα
2298 4185 2702 4260 παρακομίσαι.
2740 4183 2804 4236 Τί
2841 4182 3131 4254 τοιγαροῦν
3158 4184 3207 4236 οῖ
3241 4183 3309 4236 τὰ
3339 4183 3520 4255 ὀρθῶς
3582 4182 3760 4252 ἔχοντα
3815 4176 3902 4229 δια·

687 4269 1032 4339 στρέφοντες,
1081 4271 1154 4341 μὴ
1194 4272 1294 4342 τὴν
1327 4272 1542 4326 εὐθεῖαν
1570 4275 1680 4328 τῶν
1720 4277 2092 4351 θεωρημάτων
2126 4284 2264 4338 ἱέναι
2300 4284 2485 4356 τρίϐον
2517 4283 2644 4346 τοὺς
2679 4279 2844 4343 ἰδίους
2910 4278 3262 4333 ἀναπείθουσι
3305 4277 3593 4351 φοιτητὰς,
3629 4274 3773 4340 ἀλλὰ,
3829 4270 3906 4338 τῆς

687 4363 970 4432 βασιλικῆς
995 4380 1054 4415 τε
1083 4365 1176 4416 καὶ
1196 4366 1565 4438 τετριμμένης
1596 4369 2264 4451 ὲξώσαντες,τὴνὰστι6ἦ
2338 4380 2433 4432 καὶ
2498 4378 2759 4448 τραχεῖαν
2811 4361 3096 4444 ἐρχόμενοι
3143 4372 3494 4442 διαλελήθασι
3549 4370 3647 4442 μὲν
3701 4364 3900 4424 ἑαυτοὺς,

685 4454 1028 4526 συντρίϐουσι
1093 4458 1149 4510 δὲ
1196 4459 1288 4512 καὶ
1335 4461 1465 4524 τοὺς
1520 4464 1750 4518 ἕπεσθαι
1805 4465 1917 4520 δεῖν
1976 4471 2260 4541 οἰομένους
2299 4473 2516 4535 αὐτοῖς
2561 4469 2700 4522 Ἀλλ’
2729 4471 2912 4539 ἡμεῖς,
2959 4468 3019 4521 οὐ
3062 4465 3270 4538 ταύτην
3299 4466 3586 4538 ἐρχόμενοι
3648 4461 3746 4554 dli

679 4545 781 4614 τὴν
831 4546 1089 4618 εύθυτενῆ
1138 4548 1505 4620 βαδιούμεθα,
1557 4555 1688 4624 καὶ,
1734 4561 1848 4623 τοῖς
1880 4561 2047 4633 ἱεροῖς
2113 4563 2423 4634 πειθόμενοι
2490 4561 2860 4633 Γρὰμμασιν,
2912 4558 3160 4628 ἰσοσθενῆ
3204 4559 3297 4612 καὶ
3365 4555 3648 4628 ὁμοούσιον
3683 4549 3752 4621 τῷ
3789 4545 3899 4649 ,θεῷ

681 4640 774 4693 καὶ
814 4641 989 4712 Πατρὶ
1038 4644 1366 4714 πιστεύομεν
1417 4643 1555 4703 εἶναι
1602 4651 1693 4705 τὸν
1741 4654 1798 4720 ἐξ
1853 4657 2019 4712 αὐτοῦ
2062 4662 2394 4734 γεννηθέντα
2461 4658 2602 4712 κατά
2648 4657 2808 4727 φύσιν
2851 4656 3013 4719 Υἱδν,
3079 4656 3264 4708 εἰκόνα
3312 4672 3371 4708 τε
3428 4655 3688 4726 ὑπάρχειν
3749 4647 3896 4704 αὐτου,

678 4728 768 4784 διά
792 4747 852 4784 τε
885 4730 1044 4786 τοῦτο
1075 4734 1238 4789 αὑτὸν
1267 4738 1368 4807 μὲν
1405 4733 1547 4793 εἶναι
1577 4742 1634 4796 ὲν
1666 4745 1862 4818 Πατρὶ,
1903 4748 1962 4802 ὲν
1991 4728 2171 4823 ἐαυτῷ
2202 4728 2259 4807 δὲ
2295 4752 2387 4806 τὸν
2421 4750 2662 4822 Πατέρα.

745 4820 886 4889 XIV,
922 4823 1010 4891 i2,
1044 4826 1129 4881 i5.
1160 4829 1346 4895 Amen,
1377 4849 1532 4888 amen
1557 4835 1674 4892 dico
1700 4839 1864 4906 vobis,
1890 4843 1981 4912 qui
2005 4820 2174 4899 credit
2198 4846 2253 4899 in
2287 4849 2329 4904 Ι)

2287 4849 2329 4904 D
2441 4820 2638 4910 Ἀμῆνκ
2671 4841 2834 4912 ἀμὴν
2863 4840 3019 4908 λέγω
3066 4840 3230 4910 ὑμῖν,
3282 4842 3316 4894 d
3353 4837 3652 4893 πιστεύων
3687 4826 3891 4931 εἱς-ἐμεῖ’

680 4928 760 4967 me
781 4951 796 4977 ,
842 4929 1000 4980 opera
1025 4934 1143 4986 qua:
1171 4936 1262 4989 ego
1280 4921 1422 4988 facio
1443 4966 1458 4988 ,
1501 4935 1551 4979 et
1585 4927 1697 4997 ipse
1723 4929 1913 4997 faciet,
1961 4944 2011 4988 et
2048 4937 2258 5006 majora

2360 4935 2432 4987 τὰ
2466 4933 2608 5002 ἔργα
2636 4931 2676 4986 ἁ
2714 4932 2828 5000 ἐγὼ
2875 4931 3042 4997 ποιῶ,
3093 4931 3373 4998 κάκεῖνος
3403 4928 3658 4995 ποιήσει,
3691 4923 3778 4976 καὶ
3796 4921 3892 4989 μεί-

679 5002 864 5056 horum
897 5004 1076 5072 faciet,
1104 5012 1230 5076 quia
1250 5028 1344 5080 ego
1368 5014 1438 5067 ad
1461 5013 1680 5072 Patrem
1705 5021 1859 5077 vado.
1891 5023 1959 5077 Et
1988 5002 2258 5095 quodcun-

2361 5025 2502 5086 ζονα
2539 5026 2768 5079 τούτων
2803 5023 3063 5089 ποιήσει,
3104 5023 3193 5076 ὅτι
3235 5022 3350 5091 ἐγὼ
3383 5021 3531 5090 πρὸς
3570 5017 3672 5073 τὸν
3706 5008 3891 5078 Πατέρα

677 5110 772 5162 que
803 5096 1064 5164 petieritis
1108 5100 1318 5156 Patrem
1357 5105 1411 5159 in.
1442 5111 1650 5164 nomine
1682 5129 1794 5166 meo
1817 5154 1832 5179 ,
1885 5115 1981 5171 hoc
2013 5117 2255 5187 faciam;

2360 5119 2706 5186 πορεύομαι.
2744 5117 2853 5170 Καὶ
2891 5115 2924 5168 ὅ
2954 5133 3007 5169 τι
3039 5115 3116 5168 ἂν
3155 5115 3446 5183 αἰτήσητε
3484 5113 3554 5167 ἐν
3589 5109 3665 5176 τῷ
3691 5100 3891 5173 ὀνόματί

680 5195 731 5238 ut
762 5187 1093 5258 gloriﬁcetur
1126 5190 1290 5248 Pater
1313 5199 1363 5251 in
1395 5197 1561 5256 Filio.

2355 5228 2496 5280 μου,
2531 5210 2706 5265 τοῦτο
2747 5208 3001 5275 ποιήσω,
3043 5209 3144 5263 ἵνα
3175 5207 3448 5276 δοξασθῇ
3477 5211 3509 5262 ὁ
3538 5201 3728 5270 Πατὴρ
3753 5189 3888 5255 ἐντῷ

743 5362 801 5418 Si
842 5366 968 5465 quis
1002 5384 1172 5465 quam
1216 5374 1380 5447 longe
1425 5389 1573 5450 patet
1621 5382 1726 5438 loci
1777 5385 1943 5456 hujus
1981 5392 2257 5460 expositio

2376 5307 2534 5462 Υιέίη
2565 5395 2663 5465 μὲν
2687 5394 2773 5458 ἃν,
2804 5393 2958 5464 εἴπερ
3005 5411 3081 5463 τῳ
3105 5393 3275 5456 δοκεῖ,
3320 5391 3398 5464 τῷ
3429 5391 3536 5445 τῶν
3565 5379 3883 5458 προκειμένων

675 5455 908 5512 dicendo
955 5463 1180 5518 extendi
1211 5469 1379 5531 velit,
1420 5471 1580 5543 longa
1617 5483 1666 5529 et
1710 5476 1819 5531 alta
1853 5455 2074 5550 quidem
2105 5493 2254 5538 esset

2364 5455 2681 5557 θεωρήματι
2712 5455 3150 5538 συνεκτείνεσθαι
3183 5455 3397 5546 πλάτεί,
3431 5455 3632 5554 μακρὸς
3651 5474 3732 5529 καὶ
3751 5467 3882 5557 βαθθς

673 5551 850 5603 oratio
882 5570 894 5604 :
931 5555 1024 5608 sed
1064 5557 1197 5626 quid
1232 5559 1285 5614 in
1315 5562 1480 5634 802
1518 5579 1629 5618 rem
1663 5569 1978 5626 auditorum
2012 5575 2083 5630 sit
2129 5577 2252 5630 ani-

2360 5576 2388 5628 δ
2421 5551 2596 5645 λέγὸὲ·
2625 5577 2684 5630 τὸ
2713 5577 2767 5630 δὲ
2798 5579 2910 5639 τοῖς
2939 5577 3312 5647 ἀκροωμένοις
3342 5551 3636 5634 ἐννοοῦντες
3663 5555 3879 5621 λυσιτελέ-

668 5655 758 5692 mo
791 5656 1070 5700 versantes
1093 5687 1106 5710 ,
1139 5651 1359 5722 dempta
1402 5659 1674 5714 sermonis
1716 5662 2030 5735 prolixitate
2052 5705 2067 5732 ,
2125 5683 2250 5723 eum

2365 5688 2450 5724 στε
2463 5689 2573 5742 ρον,
2603 5669 3028 5744 περιδρὰξασθαι
3063 5669 3172 5724 τῶν
3202 5668 3606 5742 σημαινομένων
3635 5648 3879 5737 οἰησόμεθα

739 5818 783 5858 δ’
823 5819 982 5883 lliich.
1023 5841 1118 5887 lli,
1153 5831 1208 5880 tl.
