4096 6504
227 421 341 476 213

1301 412 1366 468 IN
1403 413 1692 471 JOAN'NIS
1729 410 2183 469 EVANGELIUM
2226 409 2356 466 LIB.
2395 408 2485 464 IX.

3394 400 3497 458 2i6

215 533 476 604 πρέπειν,
524 531 585 584 τὸ
617 529 748 584 πολὺ
779 529 870 582 τοῦ
914 529 1072 596 λόγου
1108 529 1552 598 περιστείλαντες
1587 529 1760 599 μῆκος
1788 541 1804 559 ⁸

1911 526 2369 596 explanabimus:
2407 526 2514 580 erit
2545 521 2695 579 enim
2723 521 2813 578 hic
2844 521 3001 576 locus
3025 520 3132 575 isto
3159 508 3322 575 modo
3351 520 3498 574 mul-

209 622 306 692 εἴη
340 620 449 690 γὰρ
478 618 543 673 ἂν
576 619 718 672 οὕτω
751 621 985 691 μάλιστα
1018 621 1130 682 τοῖς
1161 620 1375 684 πολλοῖς
1403 621 1810 692 εύπαράδεκτον

208 714 284 765 τὸ
319 709 604 781 θεώρημα.
659 709 956 776 Ἐπιδεῖξαι
991 709 1280 782 τοιγαροῦν
1323 710 1584 781 ἐθελήσας
1620 711 1695 774 ὡς
1725 711 1809 782 εἴη

216 805 324 875 μὲν
369 803 655 874 ὀμοούσιος
687 802 765 873 τῷ
810 803 923 874 ἰδίῳ
954 803 1246 874 Γεννήτορι
1285 804 1380 856 καὶ
1413 805 1494 857 ὅτι
1525 805 1812 875 χαρακτήρ

211 898 369 950 ἐστιν
425 895 611 959 αὐτοῦ,
667 894 1001 968 φορούμενος
1054 895 1152 964 μὲν
1186 894 1261 958 ὼς
1301 895 1360 947 ὲν
1409 895 1704 967 ἀρχετύπῳ
1733 894 1812 967 τῷ

211 987 421 1058 Πατρὶ,
471 986 610 1057 ἔχων
655 1004 718 1055 γε
772 987 878 1057 μὴν
924 987 984 1038 ὲν
1034 986 1215 1056 ἐαυτῷ
1257 987 1318 1039 τὸ
1359 987 1691 1058 ἀρχέτυπον,
1735 988 1813 1052 ὼς

211 1079 510 1150 χαρακτὴρ
533 1077 777 1147 φυσικῶς
805 1095 863 1130 τε
889 1077 979 1130 καὶ
1000 1075 1292 1139 οὐσιωδῶς,
1319 1077 1414 1129 καὶ
1434 1077 1495 1129 οὒ
1522 1075 1666 1130 κατὰ
1691 1092 1814 1130 τινα

213 1169 606 1240 σχηματισμὸν
649 1167 740 1222 τὸν
785 1170 842 1220 ὲν
871 1167 1160 1221 διαπλάσει
1186 1166 1476 1238 νοούμενον
1527 1168 1676 1238 (ἄνω
1703 1166 1811 1239 γὰρ

213 1258 525 1328 σχημάτων
567 1258 628 1310 τὸ
667 1258 846 1322 Θεῖον,
900 1259 1022 1310 ἐπεὶ
1051 1259 1146 1311 καὶ
1177 1258 1527 1329 ἀσώματον),
1582 1278 1600 1308 ι
1643 1257 1808 1328 Ἐγὼ,

210 1351 410 1419 φησὶν,
437 1353 494 1403 ὲν
523 1349 599 1421 τῷ
624 1349 821 1420 Πατρὶ,
861 1351 954 1403 καὶ
983 1350 1012 1402 ὁ
1040 1349 1229 1420 Πατὴρ
1263 1349 1318 1402 δὲ
1346 1351 1403 1402 ὲν
1431 1351 1554 1420 ἐμοί
1585 1353 1752 1404 ἐστιν.
1787 1370 1806 1402 ›

224 1439 378 1493 Ἀλλ’
424 1443 510 1494 ἵνα
551 1441 650 1511 τῆς
696 1442 993 1511 ἐμφερείας
1039 1441 1138 1510 τὴν
1185 1440 1404 1511 ἰσότητα
1453 1442 1629 1495 καὶτὸ
1674 1442 1811 1513 σύμ-

211 1549 435 1604 μορφον
463 1535 902 1606 ἀπαραλλάκτως
933 1536 1008 1606 μὴ
1037 1535 1161 1588 καθ’
1190 1535 1380 1606 ἕτερόν
1404 1553 1526 1588 τινα
1559 1535 1812 1604 ζητῶμεν

205 1623 427 1692 τρόπον
453 1625 484 1696 ἢ
521 1626 583 1677 ὲκ
621 1624 798 1695 μόνων
829 1623 938 1678 τῶν
965 1627 1030 1696 τῇ
1062 1625 1221 1693 φύσει
1251 1624 1563 1695 προσόντων
1594 1624 1813 1679 πλεονε-

209 1714 523 1782 κτημάτων
567 1712 862 1776 (ὲντεῦθεν
892 1713 1003 1785 γὰρ
1044 1710 1111 1786 ἧν
1155 1714 1388 1785 οὐσιώδη
1435 1714 1529 1767 καὶ
1575 1713 1812 1784 φυσικὴν

207 1804 356 1876 δρᾷν
389 1805 486 1875 τὴν
513 1804 829 1876 ὁμοίωσιν),
890 1826 908 1856 ι
938 1806 1001 1859 El
1053 1806 1109 1859 δὲ
1163 1805 1258 1876 μὴ,
1310 1805 1508 1876 φησὶν,
1561 1805 1670 1859 ἀπὸ
1701 1807 1810 1859 τῶν

1917 618 1986 673 tis
2031 626 2194 687 captu
2243 617 2439 672 facilis.
2479 615 2682 671 Volens
2716 614 2887 685 igitur
2931 613 3224 668 ostendere
3273 626 3335 666 se
3375 625 3500 666 esse

1913 709 2136 781 quidem
2171 725 2271 765 suo
2297 708 2445 764 Patri
2475 707 3007 764 consubstantialem
3040 705 3278 776 ejusque
3305 704 3500 759 chara-

1913 813 2116 858 cterem
2136 845 2150 868 ,
2190 802 2283 872 qui
2323 802 2378 857 in
2409 801 2570 857 Patre
2600 809 2861 872 tanquam
2896 801 2952 855 in
2982 799 3286 869 archetypo
3319 796 3498 851 conti-

1915 905 2150 960 neatur,
2192 893 2388 948 habeat
2437 902 2623 949 tamen
2676 894 2731 948 iu
2784 893 2966 962 seipso
2998 890 3396 962 archetypum,
3439 895 3499 941 ut

1914 988 2204 1042 character
2252 995 2452 1041 natura
2508 994 2671 1056 atque
2729 985 3084 1053 substantia,
3142 1000 3258 1040 non
3311 991 3495 1038 autem

1916 1076 2091 1134 forma
2143 1095 2206 1134 ac
2258 1077 2430 1148 figura
2467 1078 2718 1150 (figuras
2765 1079 2910 1135 enim
2960 1077 3105 1133 Deus
3155 1091 3264 1131 non
3313 1075 3495 1145 capit,

1913 1184 2038 1224 cum
2075 1169 2146 1224 sit
2179 1170 2537 1240 incorporeus
2561 1172 2579 1240 )
2605 1209 2622 1235 ,
2664 1190 2682 1222 ι
2721 1170 2856 1242 Ego,
2887 1171 3095 1238 inquit,
3127 1167 3182 1222 in
3211 1166 3409 1230 Patre,
3445 1174 3498 1221 et

1915 1261 2074 1317 Pater
2121 1262 2176 1317 in
2227 1277 2312 1316 me
2351 1270 2456 1318 est.
2493 1281 2509 1312 ι
2553 1262 2656 1318 Sed
2707 1270 2765 1316 ut
2797 1261 3182 1317 similitudinis
3215 1261 3498 1330 aequalita-

1916 1361 2023 1408 tem
2067 1361 2120 1406 et
2154 1351 2599 1408 conformitatem
2653 1369 2748 1424 per
2780 1353 2968 1407 omnia
3004 1353 3240 1408 similem
3278 1352 3499 1408 aliunde

1915 1460 2028 1499 non
2062 1459 2372 1514 quaeramus
2403 1460 2567 1515 quam
2617 1461 2683 1499 ex
2715 1445 2847 1500 solis
2881 1453 3094 1499 naturae
3124 1444 3497 1515 prmrogativis

1915 1535 2086 1603 (hinc
2134 1537 2280 1592 enim
2322 1536 2747 1592 substantialcm
2801 1545 2855 1591 ct
2907 1537 3217 1592 naturalem
3270 1551 3497 1590 cernere

1916 1626 2038 1680 licet
2070 1625 2495 1682 similitudinem
2525 1631 2573 1692 ),
2612 1647 2630 1678 ‹
2659 1627 2902 1697 Alioqui,
2942 1627 3041 1689 ait,
3076 1634 3300 1697 propter
3331 1641 3496 1695 opera

1914 1717 2146 1772 credite.
2187 1738 2206 1769 ι
2243 1716 2410 1774 Recte
2441 1721 2643 1790 quippe
2678 1720 3031 1774 existimabat
3063 1719 3212 1789 quod
3238 1759 3252 1781 ,
3293 1718 3338 1773 si
3373 1719 3497 1787 quis

1916 1825 1975 1864 se
2008 1810 2311 1880 aequalibus
2340 1827 2465 1865 cum
2513 1810 2624 1866 Deo
2669 1827 2733 1866 ac
2769 1810 2934 1865 Patre
2977 1811 3238 1880 operibus
3273 1811 3496 1879 conspi-

207 1893 405 1965 ἔργων
451 1894 758 1949 πιστεύετε.
792 1916 810 1946 ι
861 1897 1021 1966 ’ῼετο
1064 1899 1171 1968 γὰρ
1220 1897 1283 1968 δὴ
1327 1897 1449 1950 λίαν
1490 1897 1668 1966 ὀρθῶς
1714 1899 1808 1962 ὼς,

1915 1915 2077 1954 cuum
2117 1903 2400 1970 spcctarit,
2431 1917 2530 1972 pro
2561 1902 2796 1956 naturali
2828 1903 3150 1957 charactere
3175 1914 3228 1956 et
3261 1902 3497 1970 imagine

208 1988 383 2060 εἴπερ
406 1991 542 2053 ὅλως
565 1989 821 2042 θεάσαιτό
849 2005 934 2051 τις
961 1989 1125 2042 αὐτὸν
1159 1991 1270 2052 τοῖς
1302 1989 1436 2052 ἴσοις
1461 1989 1812 2059 ἐκλάμποντα

210 2081 614 2152 κατορθώμασι
651 2082 725 2152 τῷ
759 2081 878 2153 Θεῷ
912 2081 1006 2136 καὶ
1039 2083 1235 2150 Πατρὶ,
1274 2085 1352 2146 εἰς
1388 2082 1616 2150 φυσικὸν
1644 2081 1812 2147 ὅντως

212 2173 594 2244 παραδέξαιτο
631 2173 956 2244 χαρακτῆρα
989 2173 1084 2226 καὶ
1118 2174 1305 2227 εἰκόνα
1347 2173 1449 2243 τῆς
1491 2174 1678 2238 οὐσίας
1711 2177 1812 2227 αύ-

209 2264 318 2316 τοῦ
345 2280 357 2292 ·
416 2263 476 2316 οὐ
512 2263 619 2335 γάρ
649 2265 714 2317 ἄν
767 2281 895 2317 ποτε
927 2264 1121 2336 δράσαι
1167 2263 1236 2316 τὰ
1267 2263 1357 2316 ἴσα
1391 2263 1466 2334 τῷ
1491 2263 1608 2334 Θεῷ
1636 2263 1696 2317 τὸ
1735 2263 1809 2334 μὴ

208 2355 286 2407 ὲκ
335 2354 470 2407 Θεοῦ
519 2355 657 2408 κατὰ
704 2354 884 2423 φύσιν,
934 2354 1048 2408 ἀλλ’
1082 2355 1190 2407 οὐδ’
1224 2355 1290 2408 ἂν
1322 2354 1673 2425 προσγένοιτό
1704 2373 1807 2408 τινι

209 2445 331 2497 τῶν
361 2444 606 2514 γενητῶν
637 2445 697 2496 τὸ
738 2445 794 2498 ἐν
844 2443 942 2515 ίσῳ
979 2445 1164 2516 μέτρῳ
1193 2448 1258 2516 τῇ
1295 2445 1414 2518 θείᾳ
1454 2446 1615 2516 φύσει
1647 2464 1809 2518 τερα-

211 2539 475 2607 τουργεῖν
521 2537 779 2590 δύνασθαί
819 2554 971 2595 ποτε.
1013 2538 1225 2592 Ἀϐατα
1260 2539 1369 2609 γὰρ
1415 2541 1509 2592 καὶ
1555 2540 1810 2609 ἀνέπαφα

212 2626 511 2691 παντελῶς
537 2630 650 2692 τοῖς
681 2626 742 2692 ἐξ
759 2628 856 2680 οὐκ
884 2628 1051 2680 ὄντων
1082 2630 1161 2693 είς
1193 2630 1254 2698 τὸ
1280 2626 1419 2682 εἶναι
1454 2631 1811 2701 κεκλημένοις

209 2720 288 2773 τὰ
321 2718 422 2772 τοῦ
454 2719 542 2772 ἀεὶ
574 2719 726 2784 ὄντος
761 2722 905 2785 ἰδίως
939 2722 1122 2790 ἀγαθά
1147 2741 1160 2753 ο
1211 2723 1306 2774 καὶ
1340 2723 1422 2774 ὅτι
1459 2723 1556 2791 μὲν
1607 2723 1812 2776 ἀλοιδό-

207 2828 389 2881 ρητος
440 2811 718 2875 παντελῶς
765 2814 917 2884 ποιρά
968 2831 1032 2882 γε
1065 2816 1176 2876 τοῖς
1219 2809 1277 2866 εὖ
1328 2813 1616 2886 φρονοῦσιν
1660 2817 1688 2868 ὁ
1719 2816 1809 2869 τοῦ

206 2903 477 2972 Σωτῆρος
505 2902 654 2956 ἔσται
683 2902 862 2973 λόγος,
906 2904 1206 2975 οὐδαμόθεν
1240 2906 1534 2959 ὲνδοιάσειν
1567 2906 1713 2971 εἰκὸς
1742 2903 1810 2978 ἦν

183 2983 391 3056 τινας
415 2994 634 3048 ἔσεσθαί
663 3013 725 3064 γε
749 2995 854 3066 μὴν
884 2999 996 3056 τοῖς
1025 2997 1283 3051 τάναντία
1302 2997 1612 3064 δοξάζουσιν
1629 3001 1810 3070 ἑτερο-

200 3085 566 3151 διδασκαλίας
614 3088 868 3159 ἀφορμὴν
904 3089 995 3143 καὶ
1043 3089 1316 3160 πρόφασιν
1376 3091 1469 3143 καὶ
1507 3091 1568 3143 τὸ
1630 3091 1811 3156 καλῶς

203 3179 535 3247 εἰρημένον,
569 3179 668 3232 ούκ
700 3180 989 3250 ἠγνόησεν,
1036 3181 1111 3245 ὡς
1145 3181 1296 3245 Θεός.
1348 3183 1465 3236 ’Ἰνα
1513 3183 1692 3238 τοίνυν
1731 3185 1804 3256 μὴ
1834 3229 1876 3285 C

201 3272 330 3332 τοῖς
364 3270 432 3322 τὰ
475 3269 610 3341 ὀρθὰ
643 3271 1059 3343 διαστρέφουσιν
1094 3272 1532 3344 ἀθυρογλωττίας
1577 3276 1635 3327 ὲν
1680 3276 1806 3328 τού-

163 3418 168 3421 ,
202 3377 331 3422 τοις
361 3361 742 3432 περιλείπηται
771 3362 950 3426 τόπος,
986 3363 1119 3433 μηδὲ
1143 3364 1351 3431 λέγοιεν
1373 3366 1454 3419 ὅτι
1476 3365 1808 3438 δημιουργὸς

202 3452 326 3505 τῶν
366 3452 660 3523 θαυμάτων
690 3454 913 3523 γέγονεν
946 3459 974 3510 ό
1006 3456 1133 3520 Υἱὸς
1183 3458 1283 3510 οὐκ
1328 3458 1392 3510 ὲκ
1439 3457 1540 3528 τῆς
1582 3459 1810 3530 ἐνούσης

209 3543 409 3614 ἰσχύος
439 3544 588 3617 αὐτῷ
630 3547 750 3601 οὐδὲ
779 3548 838 3614 ἐξ
890 3549 1026 3613 ἰδίας
1057 3549 1364 3622 δυνάμεως,
1411 3551 1526 3605 ἀλλ’
1578 3553 1809 3624 ἐπείπερ

207 3631 365 3706 εἶχεν
394 3637 452 3688 ἐν
485 3636 661 3706 ἑαυτῷ
688 3637 778 3690 τὸν
812 3638 1032 3710 Πατέρα
1062 3640 1318 3693 ποιοῦντα
1349 3639 1419 3693 τὰ
1447 3641 1606 3712 ἔργα,
1643 3641 1809 3696 καθά-

207 3744 327 3796 περ
358 3722 452 3780 οὖν
485 3727 644 3792 αὐτὸς
697 3727 799 3797 ἔφη
830 3729 924 3782 καὶ
956 3730 1351 3803 διισχυρίσατο,
1404 3731 1809 3803 τεθεράπευκεν

205 3817 537 3886 ἀναγκαίως
563 3819 591 3869 ὀ
623 3819 827 3888 Κύριος
853 3824 971 3883 ταῖς
1001 3823 1109 3875 τῶν
1139 3825 1426 3894 νοημάτων
1455 3827 1772 3896 ἐπαγωγαῖς
1790 3845 1804 3858 ο

206 3909 412 3962 ἑαυτὸν
449 3910 548 3979 μὲν
577 3911 686 3982 γὰρ
715 3911 771 3964 ἐν
796 3911 1006 3977 τούτοις
1031 3913 1250 3968 ἔσεσθαι
1278 3917 1514 3987 χορηγὸν
1543 3918 1810 3988 ἐπαγγέλ-

202 4002 371 4054 λεται
391 4004 505 4065 τοῖς
534 4004 882 4058 πιστεύουσιν
909 4008 987 4070 είς
1013 4007 1197 4072 αὐτὸν,
1222 4001 1406 4080 ὧνπερ
1434 4011 1499 4064 ἂν
1530 4012 1808 4068 ἐθέλουσιν

204 4096 413 4159 αἰτεῖν,
464 4096 559 4148 καὶ
593 4097 713 4168 οὐχὶ
749 4098 920 4170 μόνην
952 4101 1135 4165 αὐτοῖς
1169 4102 1568 4170 ἐπαγγέλλεται
1608 4107 1806 4159 τοσαύ-

201 4201 317 4254 την
352 4188 687 4257 χορηγήσειν
717 4189 947 4261 δύναμιν
982 4192 1077 4246 καὶ
1112 4192 1383 4257 ἐξουσίαν,
1415 4195 1552 4249 ἀλλὰ
1577 4197 1676 4268 τὴν
1713 4198 1808 4251 ἐπὶ

204 4277 354 4330 πολύ
379 4295 392 4308 ·
427 4279 649 4349 μείζονα
670 4280 798 4352 γὰρ,
828 4285 1012 4354 φησὶν,
1036 4278 1110 4338 ὧν
1135 4284 1245 4352 ἐγὼ
1269 4289 1546 4357 πεποίηκα
1567 4292 1803 4361 ποιήσει.

213 4370 392 4438 ὐρςᾷς
421 4365 515 4422 οὖν
547 4370 694 4435 ὅπως
740 4373 1038 4428 ἀνακόπτει
1070 4379 1356 4448 χρησίμως
1400 4380 1508 4434 τῶν
1553 4381 1622 4434 δι’
1656 4385 1805 4438 ἐναν-

1917 1991 2247 2046 substantiae
2298 1992 2420 2062 ejus
2460 1993 2506 2024 ³³
2567 1993 2747 2064 ipsum
2799 1995 3107 2064 susceperit
3151 2012 3163 2048 :
3214 2008 3492 2063 nunquam

1914 2082 2059 2137 enim
2103 2084 2257 2152 paria
2316 2099 2442 2138 cum
2491 2081 2601 2138 Deo
2645 2084 2815 2139 faciat
2847 2085 2939 2154 qui
2975 2101 3040 2139 ex
3093 2083 3202 2138 Deo
3252 2100 3363 2138 non
3411 2091 3496 2138 est

1915 2174 2218 2226 secundum
2267 2181 2557 2238 naturam,
2612 2173 2705 2226 sed
2766 2188 2942 2242 neque
2996 2180 3247 2225 creatura
3295 2169 3496 2225 divinae

1915 2272 2126 2318 natura:
2175 2263 2458 2319 miraculis
2492 2265 2777 2334 patrandis
2819 2280 2917 2334 par
2948 2279 3070 2319 esse
3105 2264 3296 2334 possit.
3345 2261 3492 2317 Bona

1915 2355 2062 2409 enim
2117 2363 2327 2408 natura:
2380 2355 2526 2408 illius
2569 2371 2688 2424 quae
2740 2369 2956 2423 semper
3016 2359 3100 2406 est
3149 2352 3364 2420 penitus
3406 2349 3493 2404 in-

1916 2461 2140 2501 accessa
2185 2454 2313 2502 sunt
2349 2447 2416 2500 iis
2448 2461 2570 2516 qua:
2605 2463 2669 2500 ex
2701 2445 2873 2500 nihilo
2915 2445 3181 2516 producta
3217 2452 3386 2508 sunt;
3442 2450 3494 2497 et

1913 2538 2260 2608 inculpatum
2303 2537 2522 2608 quidem
2567 2552 2795 2606 prorsus
2826 2534 2971 2606 apud
3014 2543 3164 2589 recte
3195 2533 3494 2589 sentientes

1916 2631 2227 2686 Servatoris
2279 2645 2594 2685 sermonem
2644 2628 2759 2683 fore
2785 2668 2800 2692 ,
2853 2627 3115 2682 credibile
3152 2635 3279 2680 erat
3315 2625 3493 2679 nulla~

1912 2732 2072 2778 tenus
2132 2722 2481 2778 dubitaturos
2539 2723 2793 2792 aliquos;
2841 2729 3218 2799 verumtamen
3273 2718 3494 2774 haereti-

1911 2831 2006 2870 cos
2061 2830 2215 2869 nova:
2263 2815 2536 2868 doctrinae
2569 2814 2926 2868 occasionem
2958 2819 3013 2868 et
3039 2819 3360 2884 praetextum
3401 2825 3490 2865 ar-

1912 2919 2166 2977 repturos
2189 2907 2351 2961 etiam
2380 2907 2429 2958 id
2459 2904 2606 2975 quod
2634 2913 2780 2959 recte
2804 2904 3014 2959 dictum
3039 2912 3176 2970 erat,
3204 2919 3313 2959 non
3339 2904 3491 2975 igno-

1912 3000 2088 3058 ravit,
2129 3006 2190 3052 ut
2235 2998 2397 3052 Deus.
2439 2997 2512 3052 Ne
2550 2996 2721 3066 igitur
2750 2996 2819 3049 iis
2854 2995 2947 3066 qui
2981 3003 3133 3051 recta
3175 3005 3492 3065 pervertunt

1913 3091 2234 3161 petulantia:
2287 3089 2440 3144 locus
2493 3089 2581 3144 hic
2627 3089 3037 3159 relinqueretur
3078 3089 3262 3152 ullus,
3314 3105 3491 3157 neque

1912 3185 2159 3238 dicereut
2192 3182 2452 3235 miracula
2492 3192 2744 3251 patrasse
2795 3179 2998 3234 Filium
3032 3195 3144 3234 non
3187 3179 3239 3232 vi
3268 3179 3490 3248 Quidem

1911 3291 1975 3330 ac
2007 3282 2278 3344 potestate
2322 3289 2452 3335 sua,
2501 3275 2596 3327 sed
2630 3274 2762 3342 quia
2802 3271 3038 3327 habebat
3077 3273 3132 3326 in
3172 3271 3352 3340 seipse
3388 3268 3478 3324 Pa-

1911 3376 2047 3422 trcm
2099 3366 2386 3421 facientem
2437 3380 2599 3434 opera
2627 3407 2642 3431 ,
2683 3363 3148 3434 quemadmodum
3198 3363 3316 3432 ipse
3353 3362 3490 3417 dixit

1910 3468 2095 3529 atque-
2117 3457 2465 3512 confirmavit
2487 3497 2501 3520 ,
2543 3456 2860 3510 necessario
2891 3453 3158 3508 Dominus
3189 3453 3488 3508 remedium

1910 3551 2110 3611 attulit,
2143 3550 2488 3619 subjungens
2519 3565 2577 3603 se
2606 3547 2960 3602 credentibus
2994 3547 3048 3600 in
3075 3562 3133 3601 se
3164 3545 3488 3616 largiturum

1908 3658 1970 3696 ea
2004 3657 2123 3711 quae
2151 3651 2335 3712 petere
2368 3641 2676 3705 voluerint;
2714 3655 2890 3709 neque
2918 3654 3052 3695 vero
3077 3645 3282 3693 tantam
3311 3654 3369 3694 se
3393 3639 3490 3694 da-

1909 3738 2093 3784 turum
2126 3731 2234 3783 vim
2282 3745 2346 3784 ac
2377 3737 2700 3799 potestatem
2746 3729 3054 3797 promittit,
3104 3728 3199 3783 sed
3257 3730 3492 3800 amplio-

1907 3836 2022 3874 rem
2051 3841 2064 3875 :
2097 3839 2115 3871 ι
2145 3821 2353 3891 Majora
2381 3822 2553 3885 enim,
2588 3822 2785 3890 inquit,
2825 3820 2991 3875 faciet
3021 3821 3106 3876 his
3134 3837 3255 3892 qua:
3275 3836 3376 3893 ego
3411 3823 3489 3875 fa-

1908 3914 2049 3968 cio.»
2082 3914 2245 3968 Vides
2278 3929 2406 3985 ergo
2428 3929 2537 3983 quo
2569 3923 2730 3984 pacto
2748 3913 3193 3968 adversariorum
3227 3912 3490 3984 infringat

1906 4006 2223 4070 audaciam,
2264 4014 2320 4060 et
2352 4015 2572 4061 revocet
2607 4005 3016 4075 quodammodo
3044 4021 3144 4060 eos
3171 4006 3266 4077 qui
3308 4006 3362 4060 in
3397 4022 3490 4076 pe-

1908 4107 2022 4153 tras
2046 4099 2176 4152 caeci
2210 4105 2396 4151 ruunt.
2422 4096 2574 4151 Dicet
2604 4098 2749 4151 enim
2776 4097 2858 4151 eis
2889 4096 3087 4166 aliquis
3115 4116 3127 4152 :
3163 4097 3207 4152 Ο
3239 4097 3394 4153 stulti
3425 4113 3490 4153 ac

1907 4193 2059 4256 caeci,
2081 4193 2172 4262 qui
2195 4191 2327 4244 nihil
2346 4207 2409 4244 ex
2431 4191 2612 4258 seipso
2632 4188 2826 4244 Filium
2850 4189 3030 4245 facere
3065 4205 3229 4260 posse
3259 4192 3482 4262 putatis.

1908 4284 2003 4339 sed
2032 4283 2080 4337 ei
2106 4282 2287 4338 datam
2315 4297 2436 4337 esse
2453 4281 2636 4350 potius
2664 4281 3053 4334 miraculorum
3079 4280 3242 4350 803
3267 4289 3488 4351 patran-

1907 4375 2101 4429 dorum
2135 4373 2244 4426 vim
2283 4386 2346 4425 ac
2381 4377 2706 4438 potestatem
2749 4386 2777 4423 a
2809 4369 2969 4424 Patre
2994 4410 3008 4433 ,
3052 4369 3328 4439 quomodo
3374 4386 3486 4424 ma-

201 4461 334 4524 τίας
377 4461 440 4514 τὸ
490 4461 711 4532 θράσος,
768 4467 863 4519 καὶ
916 4468 1267 4538 ἀνασειράζει
1296 4470 1499 4540 τρόπον
1543 4473 1664 4528 τινὰ
1694 4478 1807 4541 τοῖς

1910 4465 2020 4535 iora
2058 4464 2315 4519 daturum
2353 4479 2413 4518 se
2451 4463 2741 4532 pollicetur
2767 4461 3122 4516 credentibus
3178 4462 3232 4515 in
3263 4461 3491 4532 ipsum?

202 4552 462 4621 ἐλέγχοις
509 4555 839 4626 ἐρχομένους
884 4559 1025 4613 κατὰ
1078 4561 1313 4632 πετρῶν.
1381 4561 1527 4634 Ἑρεῖ
1568 4567 1676 4637 γάρ
1718 4585 1802 4632 τις

1910 4555 2193 4622 Quomodo
2220 4554 2366 4626 quod
2399 4569 2510 4606 non
2560 4553 2687 4607 fecit
2716 4554 2828 4622 ipse
2859 4592 2873 4615 ,
2913 4553 3054 4608 alter
3085 4553 3348 4624 perficiet,
3379 4555 3484 4607 vii»

202 4648 400 4710 αὐτοῖς
426 4665 438 4677 ⁸
482 4643 552 4700 Ὦ
588 4650 805 4721 ἀνόητοι
835 4652 928 4705 καὶ
955 4654 1168 4722 τυφλοὶ,
1203 4655 1370 4726 μηδὲν
1405 4656 1465 4722 ἐξ
1496 4659 1690 4713 ἑαυτοῦ
1721 4660 1804 4714 δε-

202 4735 474 4804 δυνῆσθαι
509 4739 810 4809 κατορθοῦν
841 4741 1201 4813 ὑπειληφότες
1247 4743 1338 4797 τὸν
1371 4745 1517 4812 Υἱὸν,
1574 4766 1802 4822 κεχορη-

202 4825 416 4894 γῆσθαι
444 4826 500 4880 δὲ
535 4831 735 4898 μᾶλλον
764 4831 862 4902 τὴν
897 4835 981 4902 ἐφ’
1011 4836 1182 4889 ἅπασι
1213 4841 1325 4900 τοῖς
1361 4839 1680 4910 παραδόξως
1713 4859 1801 4910 τετ

203 4917 560 4986 τελεσμένοις
586 4919 814 4992 δύναμίν
838 4941 895 4975 τε
923 4926 1016 4977 καὶ
1043 4925 1287 4990 ἐξουσίαν
1311 4929 1416 4982 ὑπὸ
1439 4907 1533 4982 τοῦ
1563 4907 1806 5003 Πατρὸςῖ

205 5009 329 5071 πῶς
377 5009 474 5061 καὶ
527 5012 752 5080 μείζονα
783 5016 1108 5087 κατορθοῦν,
1161 5020 1558 5089 ἐπαγγέλλεται
1606 5022 1799 5079 δώσειν

204 5101 320 5161 τοῖς
353 5101 701 5157 πιστεύουσιν
727 5107 808 5168 είς
841 5109 1003 5161 αὐτόν
1031 5127 1044 5174 ;
1097 5109 1219 5174 Πῶς
1247 5111 1275 5163 ὃ
1307 5113 1380 5183 μὴ
1414 5114 1672 5185 δέδρακεν
1698 5116 1798 5169 αύ-

205 5191 320 5253 τὸς,
346 5191 432 5244 ’ἑτε
443 5211 534 5263 ρος
562 5196 920 5266 κατορθώσει,
945 5201 1042 5271 τὴν
1069 5205 1199 5273 παρ’
1221 5205 1385 5258 αὑτοῦ
1415 5205 1799 5272 δανεισάμενος

206 5281 474 5352 δύναμιν;
531 5287 639 5340 Θέα
668 5287 778 5356 γὰρ
812 5291 959 5355 ὃπως
1000 5295 1100 5347 οῦκ
1133 5297 1353 5366 εἴρηκεν
1384 5299 1440 5349 ὲν
1468 5299 1677 5362 τούτοις
1714 5300 1797 5352 ὅτι

207 5376 509 5447 χορηγήσει
558 5382 671 5443 τοῖς
719 5383 1036 5438 πιστεύουσι
1085 5387 1312 5458 δύναμιν
1341 5391 1369 5442 ὁ
1402 5389 1624 5460 Πατὴρ,
1681 5391 1796 5444 ἀλλ’

214 5484 232 5515 ι
266 5466 338 5518 ’Ὀ
359 5483 411 5518 τι
456 5468 521 5520 ἂν
553 5472 811 5542 αἰτήσητε
861 5477 918 5528 ὲν
947 5477 1023 5547 τῷ
1054 5478 1282 5549 ὀνόματί
1327 5497 1451 5550 μου,
1502 5483 1732 5552 ποιήσω.
1771 5503 1787 5533 9

217 5557 277 5610 ’0
309 5558 368 5611 δὲ
398 5563 511 5623 τοῖς
541 5561 722 5630 ἄλλοις
751 5569 845 5620 καὶ
874 5568 944 5622 τά
972 5569 1143 5639 μείζω
1174 5571 1439 5626 δύνασθαι
1469 5573 1790 5645 κατορθοῦν,

206 5649 282 5711 ὡς
310 5649 464 5716 Θεὸς,
517 5654 808 5725 ἐπιδιδοὺς,
863 5661 978 5726 πῶς
1012 5661 1077 5716 διν
1109 5664 1269 5728 αὐτὸς
1301 5666 1612 5737 ἐχορηγήθη
1665 5669 1790 5738 παρ’

282 5831 328 5862 ³⁸
364 5831 530 5889 Hebr.
564 5851 604 5899 ι.
640 5838 692 5892 5.

1908 4657 2022 4704 tute
2051 4648 2119 4701 ab
2157 4662 2224 4702 eo
2255 4647 2545 4700 mutuata?
2573 4645 2826 4713 .Adverte
2855 4644 3000 4698 enim
3038 4652 3094 4697 ut
3135 4660 3244 4699 non
3273 4644 3372 4716 hic
3402 4648 3487 4698 di-

1902 4743 2040 4797 xerit
2071 4739 2284 4794 Patrem
2327 4739 2581 4794 fidelibus
2632 4739 2891 4793 virtutem
2943 4737 3299 4806 largiturum,
3351 4739 3471 4800 sed,

1911 4856 1929 4887 ι
1965 4833 2119 4900 Quod
2170 4831 2437 4903 petieritis
2494 4832 2550 4884 in
2606 4830 2830 4884 nomine
2873 4843 3015 4893 meo,
3049 4829 3152 4883 hoc
3203 4827 3424 4883 faciam.
3463 4850 3480 4880 ι

1905 4928 2008 4995 Qui
2034 4941 2163 4996 ergo
2187 4925 2330 4992 aliis,
2351 4932 2410 4978 ut
2430 4923 2592 4988 Deus,
2619 4922 2826 4992 majora
2851 4920 3102 4990 patrandi
3135 4921 3242 4975 vim
3265 4922 3479 4983 tribuit,

1903 5019 2178 5094 quomodo
2223 5019 2340 5088 ipse
2386 5018 2454 5070 ab
2498 5016 2619 5070 aliis
2648 5016 2750 5070 ista
2791 5012 3030 5068 faciendi
3064 5014 3325 5068 virtutem
3363 5029 3482 5068 mu-

1903 5112 2136 5170 tuetur?
2175 5110 2542 5176 Quamobrem
2570 5122 2726 5177 nugae
2756 5118 2884 5162 sunt
2923 5107 3108 5162 isthazc
3152 5122 3384 5177 prorsus
3419 5123 3481 5161 ac

1903 5202 2189 5259 diabolica:
2217 5198 2594 5269 perversitatis
2627 5197 2870 5251 inventa.
2900 5196 3010 5252 Nec
3051 5195 3199 5252 enim
3225 5194 3348 5251 Filii
3374 5197 3478 5250 vim

1903 5312 1966 5350 ac
1988 5301 2316 5365 potestatein
2349 5290 2558 5344 finitam
2592 5305 2815 5356 cernes,
2865 5297 2924 5343 ut
2961 5290 3027 5344 ad
3059 5289 3325 5344 nonnulla
3359 5289 3480 5359 qui-

1902 5384 2027 5439 dem
2050 5398 2108 5438 se
2136 5379 2416 5444 extendat,
2441 5378 2538 5433 sed
2564 5378 2866 5448 majoribus
2889 5394 3239 5450 nequaquam
3263 5393 3362 5450 par
3386 5379 3477 5444 sit,

1903 5491 2092 5531 verum
2124 5487 2467 5545 quaecunque
2498 5471 2625 5526 velit
2648 5470 2812 5526 facile
2851 5477 3196 5541 peragentem
3223 5509 3239 5531 ,
3270 5469 3479 5540 dignis-

1901 5584 2008 5641 que
2035 5569 2357 5639 largientem
2399 5573 2460 5620 ut
2489 5564 2793 5635 aqualibus
2841 5564 2956 5619 sive
2985 5564 3150 5618 etiam
3183 5562 3477 5617 altioribus

1903 5663 2059 5720 soliis
2094 5662 2417 5734 glorientur.
2455 5658 2640 5731 Neque
2669 5667 2855 5714 tamen
2881 5657 3170 5730 quisquam
3205 5664 3352 5728 putet
3373 5669 3496 5710 nos.
