4096 6490
676 337 775 393 247

1677 332 1734 387 S.
1758 330 2036 393 CYRILLI
2066 331 2342 393 ALEXAN
2354 330 2535 389 DRINI
2561 330 2883 397 ARCHIEP.
3816 352 3893 409 258

634 419 645 441 4
676 454 945 513 allirinare
969 452 1186 520 aliquos
1208 466 1401 509 eorum
1423 450 1515 520 qui
1549 449 1601 502 in
1628 465 1753 503 eum
1772 448 2029 510 credunt,
2063 462 2231 505 creant

2358 446 2545 518 ἑτέρου
2591 449 2651 501 τὸ
2696 449 2986 517 δύνασθαι;
3044 451 3254 509 Οὐκοῦν
3286 456 3456 525 λῆρος
3489 456 3588 525 μὲν
3620 458 3684 511 τὰ
3717 462 3892 520 ἐκείνων

676 543 732 598 di
763 545 953 609 cados,
978 543 1267 613 solemque
1288 558 1351 603 ac
1382 543 1563 601 lunam
1592 582 1605 603 ,
1643 549 1737 594 aut
1773 540 2041 595 illustrem
2078 546 2253 590 astro-

676 651 797 693 rum
825 637 1087 699 chorum,
1136 636 1217 701 vel
1242 636 1401 695 etiam
1439 635 1661 709 angelos
1689 673 1702 697 ,
1749 645 1841 691 aut
1872 641 2074 685 terram
2108 671 2121 695 ,
2159 637 2253 683 aut

674 743 798 801 qua:
840 728 895 784 in
951 744 1012 791 ea
1070 739 1220 793 sum,
1253 725 1524 781 condendi
1565 726 1614 780 vi
1671 725 1898 796 pollere.
1943 723 2055 777 Nec
2103 722 2249 777 enim

674 819 732 879 in
782 820 870 877 his
916 820 1183 879 orationis
1219 834 1417 889 scepus
1452 822 1719 880 vertitur,
1756 815 1849 871 sed
1889 814 1958 870 ad
2000 830 2120 883 qua:
2156 826 2254 883 par

672 918 757 969 est
786 911 1104 971 extenditur
1127 950 1141 975 ,
1177 919 1231 971 et
1265 911 1514 965 humanae
1540 909 1810 963 claritatis
1842 922 1965 979 quae
1993 907 2163 977 gloria
2198 912 2253 958 et

672 1002 1113 1065 sanctificatione
1167 1009 1388 1056 constat
1440 1000 1663 1055 modum
1723 1014 1833 1054 non
1883 996 2248 1053 transcendit.

671 1095 884 1155 Idcirco
915 1098 1061 1150 enim
1099 1098 1373 1153 sermonis
1415 1096 1732 1150 liberiorem
1768 1108 2069 1149 excursum
2104 1106 2245 1163 quo-

669 1187 962 1243 dammodo
1000 1189 1255 1244 inhibens
1284 1231 1297 1255 ,
1340 1195 1394 1243 et
1429 1187 1715 1242 miraculis
1757 1200 1786 1238 a
1842 1200 1902 1241 se
1956 1185 2009 1238 in
2057 1192 2203 1238 terra
2231 1218 2250 1248 ,

669 1281 889 1350 quando
937 1280 1115 1336 factus
1160 1290 1247 1335 est
1298 1280 1497 1346 homo,
1549 1279 1715 1333 editis
1758 1276 2024 1347 majorem
2082 1290 2250 1346 porro

668 1372 1103 1443 magnitudinem
1136 1388 1447 1445 apponens,
1488 1390 1505 1421 ‹
1550 1368 1683 1437 Qua:
1716 1386 1816 1441 ego
1849 1369 1983 1433 feci,
2025 1368 2246 1437 inquit,

666 1464 855 1532 faciet,
883 1475 935 1519 et
962 1467 1171 1536 majora
1205 1468 1309 1522 his.
1338 1487 1355 1518 ι
1392 1464 1510 1521 Non
1538 1466 1684 1521 enim
1710 1466 1869 1536 quasi
1901 1464 2111 1534 majora
2140 1478 2248 1518 non

666 1566 879 1628 posset,
910 1573 1066 1612 suam
1098 1566 1424 1626 potestatem
1448 1558 1613 1614 rebus
1642 1572 1671 1610 a
1700 1574 1758 1613 se
1786 1557 1949 1612 editis
1978 1556 2246 1623 definivit,

667 1650 763 1711 sed
796 1651 1036 1719 peractis
1080 1666 1201 1719 qua:
1242 1651 1528 1720 oportebat
1569 1659 1623 1709 et
1650 1664 2000 1721 quaecunque
2028 1659 2247 1719 temp-ts

665 1740 719 1793 in
760 1741 1001 1797 medium
1044 1742 1267 1807 attulit,
1302 1740 1919 1811 incomprehensibilem
1949 1739 2244 1809 potestatis

664 1848 781 1888 suae
831 1833 1265 1901 magnitudinem
1308 1832 1376 1887 iis
1416 1831 1621 1887 ﬁnibus
1665 1849 1774 1888 non
1824 1831 2111 1885 terminari
2158 1831 2243 1887 his

662 1922 850 1976 verbis
904 1923 1116 1978 utiliter
1160 1923 1378 1978 edocet.
1421 1921 1621 1978 Verum
1671 1931 1769 1988 ut,
1816 1923 1920 1980 loci
1970 1924 2239 1994 propositi

660 2014 910 2073 ordinem
964 2026 1290 2078 servantes,
1342 2014 1652 2070 auditorum
1688 2015 1905 2071 animos
1960 2016 2027 2071 ad
2076 2016 2243 2085 hujus

658 2106 793 2162 dicti
832 2107 1281 2163 observationem
1313 2107 1595 2177 erigamus
1642 2127 1655 2163 :

659 2200 784 2254 dico
816 2200 1005 2265 vobis,
1042 2200 1134 2270 qui
1166 2200 1343 2257 credit
1376 2199 1430 2253 in
1470 2216 1554 2253 me
1577 2238 1593 2262 ,
1621 2214 1789 2269 opera
1817 2216 1941 2269 quae
1970 2214 2071 2269 ego
2100 2199 2240 2255 facio

658 2302 713 2347 et
742 2291 859 2359 ipse
887 2290 1088 2355 faciet,
1114 2290 1245 2360 quia
1277 2304 1379 2360 ego
1409 2290 1475 2344 ad
1505 2288 1722 2344 Patrem
1751 2290 1912 2344 vado.
1953 2309 1971 2343 ι
2015 2290 2084 2347 At
2107 2288 2239 2358 quid

659 2382 735 2436 rei
773 2389 895 2448 est,
959 2382 1169 2452 inquiet
1212 2382 1414 2451 aliquis
1458 2380 1650 2435 forsan
1697 2381 2015 2437 auditorum
2072 2382 2238 2452 paulo

655 2472 873 2527 ueteris
905 2472 1137 2542 aequior,
1164 2472 1311 2545 quod
1338 2470 1514 2526 Filius
1544 2471 1659 2540 ipse
1688 2487 1747 2527 se
1780 2472 1846 2526 ad
1871 2471 2084 2527 Patrem
2114 2488 2239 2543 pros

655 2564 826 2619 ticisci
862 2565 1057 2634 inquit,
1091 2572 1149 2618 ut
1180 2564 1276 2636 qui
1302 2564 1535 2619 credunt
1568 2564 1624 2617 in
1650 2579 1775 2618 eum
1812 2566 2020 2635 majora
2051 2564 2236 2620 facere

656 2656 874 2724 possint
922 2671 1087 2725 quam
1139 2671 1261 2727 quae
1309 2656 1425 2725 ipse
1486 2655 1706 2710 edidit?
1758 2655 1904 2711 Sane
1955 2657 2232 2711 occultam

653 2747 950 2815 quamdam
973 2748 1025 2801 in
1050 2763 1108 2803 se
1128 2746 1469 2821 habetsoa
1489 2748 1698 2804 dictum
1734 2749 1866 2803 illud
1892 2750 2235 2818 contempla-

652 2842 880 2894 tionem.
915 2839 1056 2906 Quid
1087 2856 1216 2911 ergo
1240 2842 1308 2895 sit
1338 2841 1467 2895 illud
1505 2844 1651 2911 quod
1677 2842 1794 2903 ait,
1832 2843 2011 2911 ipsum
2044 2842 2235 2911 aceipe

654 2931 729 2987 ita
761 2933 1153 3002 propemodum
1181 2934 1555 3002 explicantem
1586 2952 1599 2987 :
1650 2932 1694 2988 Ο
1721 2949 2035 2987 sermonum
2081 2950 2232 2989 meo-

650 3040 773 3079 rum
813 3025 1049 3080 ministri
1083 3040 1144 3078 ac
1178 3026 1289 3080 veri
1324 3024 1612 3095 discipuli,
1654 3027 1897 3095 quandiu
1944 3026 2230 3082 vobiscum

1718 2126 1737 2160 ι
1776 2109 1947 2162 Amen
1973 2147 1989 2172 ,
2021 2108 2239 2178 inquit,
2309 2167 2319 2176 ,

2360 540 2636 604 παντελῶς
2666 540 2758 599 καὶ
2779 540 2934 605 ὕθλος
2958 542 3161 604 είκαῖος
3186 542 3279 595 καὶ
3307 544 3694 616 δαιμονιὼδους
3715 550 3893 621 cum.

2357 632 2488 695 πίας
2516 633 2819 703 εὑρέματα.
2869 633 3299 705 Πεπερασμένην
3330 634 3391 690 δὲ
3439 634 3690 706 οὐδαμῶς
3722 642 3805 710 τὴν
3827 648 3893 699 τες

2356 724 2485 778 Υίοῦ
2514 725 2744 797 δύναμιν
2791 726 3063 798 θεωρῆσαι
3092 743 3174 791 τις
3226 726 3313 790 ἂν,
3364 728 3490 782 οὐδὲ
3519 727 3797 796 διήκουσαν
3822 739 3893 803 μὲν

2355 817 2447 874 ὲπί
2472 836 2523 870 τι
2555 817 2662 871 τῶν
2692 817 2881 882 ὄντων,
2912 819 3013 875 ούκ
3044 818 3322 891 ἀρκοῦσαν
3354 818 3412 871 δὲ
3440 822 3553 885 τοῖς
3576 820 3652 873 ἔτι
3680 825 3893 891 μείζοσιν,

2352 909 2469 963 ἀλλ’
2512 912 2723 983 ὅσαπερ
2772 911 2838 968 ἂν
2873 910 3115 981 βούλοιτο
3143 910 3313 965 ταῦτα
3340 929 3400 964 τε
3436 910 3651 983 δρῶσαν
3679 915 3892 987 εὐκόλως,

2353 1004 2449 1057 καὶ
2478 1006 2589 1068 τοῖς
2620 1003 2791 1069 ἀξίοις
2820 1002 3186 1075 χαριζομένην
3206 1004 3265 1056 τὸ
3290 1006 3405 1067 τοῖς
3430 1006 3569 1068 ἴσοις
3595 1006 3743 1075 τυχὸν
3767 1010 3894 1077 ἤγουν

2350 1096 2448 1149 καὶ
2477 1095 2895 1169 ὑπερκειμένοις
2926 1095 3312 1167 ἐναϐρύνεσθαι
3348 1094 3575 1159 θώκοις.
3616 1098 3720 1151 Καὶ
3750 1103 3894 1172 μήτις

2351 1188 2547 1242 οἰέσθω
2576 1188 2755 1258 λέγειν
2787 1190 2938 1259 ἡμᾶς
2982 1189 3060 1243 ὅτι
3096 1187 3381 1260 περιέσται
3432 1188 3568 1240 ποτὲ
3600 1189 3659 1240 τὸ
3685 1190 3893 1248 δύνασθαί

2351 1301 2458 1347 τινι
2484 1282 2591 1335 τῶν
2620 1282 2717 1354 τὴν
2747 1284 2826 1346 εἰς
2862 1281 3023 1336 αὐτὸν
3056 1282 3237 1335 πίστιν
3263 1282 3647 1351 τετιμηκότων
3673 1282 3890 1358 δημιουρ-

2350 1376 2520 1447 γῆσαι
2551 1378 2648 1449 μὲν
2675 1376 2923 1446 οὐρανὸν,
2956 1376 3107 1446 ἥλιον
3134 1375 3189 1428 δὲ
3222 1374 3314 1428 καὶ
3357 1374 3617 1444 σελήνην,
3654 1378 3801 1447 ἤγουν
3826 1383 3893 1433 τὶν

2351 1468 2629 1540 περιφανῆ
2655 1469 2765 1522 τῶν
2792 1468 3036 1538 ἀστέρων
3070 1467 3228 1538 χορὸν
3256 1466 3553 1532 ἀναδεῖξαι,
3580 1467 3749 1521 κτίσαι
3769 1472 3891 1540 τυχὸν

2349 1562 2636 1632 ἀγγέλους,
2667 1562 2700 1632 ἢ
2732 1562 2856 1630 γῆν,
2890 1560 2922 1630 ἢ
2955 1559 3023 1613 τὰ
3055 1560 3112 1611 ὲν
3140 1560 3299 1630 αὐτῇ.
3352 1558 3670 1629 Τέτραπται
3698 1560 3794 1630 γὰρ
3815 1565 3889 1615 οὐκ

2349 1655 2409 1708 ὲν
2435 1653 2643 1716 τούτοις
2675 1655 2703 1707 ὁ
2732 1652 2826 1705 τού
2856 1651 3014 1719 λόγου
3044 1651 3263 1716 σκοπὸς,
3308 1650 3428 1705 ἀλλ’
3462 1649 3549 1718 ἐφ’
3587 1644 3664 1719 οἷς
3690 1647 3751 1723 ἦν
3780 1655 3890 1721 είκὴ

2353 1744 2709 1810 συντείνεται,
2743 1743 2838 1797 καὶ
2879 1742 2977 1811 τῆς
3014 1740 3527 1813 ἀνθρωποπρεποῦς
3555 1741 3889 1813 λαμπράτητος

2276 1794 2317 1848 Β
2346 1794 2405 1886 ὲν
2433 1794 2587 1905 δόξη,
2846 1794 3250 1904 καίίἀγιαῦσμῷ
3277 1794 3339 1887 τύ
3393 1794 3597 1903 μέτρον
3630 1794 3728 1903 ⁸οἶά

2343 1924 2547 1995 τρέχει.
2595 1926 2695 1978 Διὰ
2727 1923 2836 1994 γάρ
2862 1941 2945 1976 τοι
2990 1923 3150 1977 τοῦτο
3199 1923 3573 1993 περιστέλλων
3619 1922 3790 1995 ὥσπερ
3814 1927 3886 1979 τοῦ

2342 2018 2502 2086 λόγου
2556 2017 2645 2070 τὸν
2697 2017 2782 2087 ἐφ’
2830 2017 2967 2086 ὅπερ
3015 2016 3079 2069 ἀν
3125 2034 3209 2079 τις
3262 2015 3511 2085 βούλοιτο
3566 2015 3782 2087 δρόμον,
3818 2021 3886 2071 καὶ

2345 2110 2527 2182 μόνοις
2552 2112 2664 2173 τοῖς
2695 2108 2824 2177 παρ’
2860 2107 3023 2162 αὐτοῦ
3051 2107 3374 2179 παραδόξως
3405 2106 3792 2176 τετελεσμένοις
3815 2110 3885 2160 ἐπὶ

2339 2201 2438 2270 τῆς
2472 2200 2593 2269 γῆς,
2645 2200 2733 2253 ὅτε
2780 2198 2999 2266 γέγονεν
3041 2196 3350 2268 ἄνθρωπος,
3385 2195 3499 2250 τῶν
3545 2194 3623 2248 ἔτι
3671 2194 3886 2265 μειζόνων

2339 2289 2789 2361 ἀντιπαρεξάγων
2815 2288 2873 2340 τὸ
2900 2286 3149 2358 μέγεθος,
3178 2306 3196 2338 ι
3215 2288 3282 2340 ’Ἀ
3306 2286 3420 2356 ἐγὼ
3450 2286 3738 2357 πεποίηκα.
3761 2288 3881 2357 φησί,

2338 2384 2577 2452 ποιήσει,
2635 2380 2728 2434 καὶ
2765 2380 2988 2450 μείζονα
3024 2379 3252 2432 τούτων.
3298 2398 3315 2429 ι
3383 2379 3462 2431 Οὐ
3506 2378 3615 2450 γὰρ
3661 2379 3880 2448 ἀτονήσας

2339 2475 2469 2545 περὶ
2505 2474 2573 2527 τὰ
2608 2472 2779 2544 μείζω
2810 2474 2970 2544 μέχρι
2998 2472 3107 2526 τῶν
3136 2471 3566 2542 τετελεσμένων,
3593 2471 3687 2542 τὴν
3714 2473 3879 2523 οἰκείαν

2336 2567 2605 2638 ἐπέστησε
2640 2566 2901 2637 δύναμιν,
2958 2566 3275 2629 ἐπιτελέσας
3319 2565 3379 2619 δὲ
3431 2564 3577 2635 ἅπερ
3619 2562 3771 2632 ὲχρῆν
3809 2563 3880 2614 καί

2335 2658 2543 2727 ὅσαπερ
2572 2656 2734 2726 τυχὸν
2769 2660 2847 2719 είς
2900 2658 3066 2726 μέσον
3112 2656 3492 2727 παρεκόμισεν
3526 2658 3554 2709 ό
3584 2655 3776 2725 καιρὸς,
3815 2654 3875 2705 ὅτι

2339 2749 2412 2819 μὴ
2444 2749 2635 2819 μέχρις
2666 2748 2891 2803 ἐκείνων
2918 2748 3263 2817 ἀφικνεῖσθαι
3292 2748 3524 2801 δύναται
3561 2747 3659 2815 τῆς
3692 2745 3875 2815 ἐνούσης

2335 2841 2584 2907 ἐξουσίας
2629 2842 2778 2913 αὐτῷ
2826 2842 2886 2894 τὸ
2937 2842 3297 2912 ἀπερινόητον
3332 2840 3565 2911 μέγεθος
3616 2836 3873 2891 ἐκδιδάσκει

2333 2933 2619 3005 χρησίμως
2652 2933 2739 2986 διὰ
2783 2933 2890 2987 τῶν
2920 2932 3245 3005 εἰρημένων.
3309 2931 3454 2986 Ἀλλ’
3492 2931 3598 2994 ἵνα,
3641 2928 3729 3001 τὴν
3753 2925 3872 2993 τάξιν

2331 3027 2441 3079 τῶν
2476 3026 2850 3098 προκειμένων
2881 3027 3239 3097 τηρήσαντες,
3269 3028 3336 3096 τῇ
3368 3024 3469 3095 τῆς
3494 3022 3681 3087 λέξεως
3709 3020 3872 3089 θεωρίᾳ

652 3120 706 3171 in
755 3118 916 3171 terris
961 3119 1333 3174 conversabar
1357 3157 1372 3182 ,
1408 3117 1520 3171 vixi
1554 3126 1614 3172 ut
1649 3118 1814 3172 homo
1837 3158 1852 3179 ,
1887 3135 1994 3171 non
2041 3126 2225 3187 aperte

2341 3120 2443 3173 τῶν
2488 3118 2853 3191 ἀκροωμένων
2902 3118 2995 3171 τὸν
3036 3116 3161 3171 νοῦν
3207 3120 3613 3188 ἐπιστήσωμεν,
3670 3134 3686 3165 ι
3715 3112 3868 3181 Ἀμὴν,

649 3210 874 3267 nninino
922 3208 1080 3263 vobis
1134 3208 1358 3266 deitatis
1404 3224 1536 3264 mea:
1588 3218 1913 3280 potestatein
1963 3212 2226 3279 ostendi;

649 3302 748 3357 sed
788 3308 841 3356 et
877 3300 1098 3357 locutus
1134 3316 1298 3365 sum,
1349 3310 1404 3356 et
1441 3302 1543 3356 feci
1574 3303 1974 3357 convenienter
2008 3305 2230 3358 humili-

651 3394 782 3448 tatis
828 3393 1137 3448 conditioni
1186 3401 1241 3448 et
1292 3393 1484 3448 forma:
1534 3394 1747 3448 servili.
1784 3394 2056 3460 Quoniam
2099 3412 2229 3450 vero

648 3484 739 3537 illa
782 3484 1002 3539 demum
1053 3498 1155 3554 pro
1208 3499 1273 3537 eo
1321 3498 1385 3537 ac
1429 3484 1657 3539 decebat
1705 3494 1924 3554 peracta
1960 3497 2130 3550 sunt,
2175 3496 2229 3541 et

647 3576 928 3645 impletum
967 3575 1102 3630 mihi
1141 3583 1226 3629 est
1262 3574 1696 3643 dispensationis
1736 3592 1863 3630 cum
1906 3592 2070 3632 carne
2113 3594 2227 3648 my-

646 3667 878 3722 sterium
910 3666 1173 3736 (jamjam
1202 3667 1347 3721 enim
1373 3677 1602 3722 mortem
1631 3670 1930 3738 perpetiar,
1956 3678 2009 3723 et
2041 3685 2224 3724 resur-

645 3774 766 3830 gam
792 3758 809 3829 )
836 3801 851 3826 ,
893 3760 1161 3829 polliceor
1202 3775 1289 3813 me
1320 3760 1477 3815 vobis
1518 3760 1775 3814 daturum
1817 3762 2026 3832 majora
2062 3778 2225 3830 quam

643 3866 766 3920 quae
800 3866 895 3923 per
941 3866 1027 3905 me
1067 3849 1209 3905 facta
1243 3858 1403 3913 sunt,
1442 3849 1707 3904 miracula
1745 3849 1944 3905 edendi
1980 3857 2225 3919 potesta-

642 3951 777 4006 tein,
817 3943 1059 3997 instante
1083 3941 1197 4009 jam
1224 3949 1471 4013 tempore
1497 3950 1551 3995 et
1581 3941 1865 3996 voluntate
1888 3956 1949 3995 ea
1981 3941 2223 4011 largien-

642 4038 720 4093 di.
758 4036 851 4091 lbo
891 4037 1096 4106 quippe
1145 4034 1211 4089 ad
1252 4032 1472 4088 Patrem
1499 4075 1513 4099 ,
1554 4048 1927 4090 consessnrus
1968 4034 2225 4091 videlicet

641 4138 1198 4198 eonregnatnrnsque
1230 4142 1353 4181 cum
1389 4142 1454 4181 eo
1480 4134 1536 4179 ut
1570 4125 1714 4182 Dens
1745 4143 1811 4182 ex
1847 4126 1978 4189 Deo,
2014 4126 2224 4180 incom-

643 4222 918 4289 prehensa
966 4220 1170 4274 virtute
1218 4235 1283 4274 ac
1334 4226 1605 4289 potestate
1644 4219 1842 4275 amicis
1893 4218 2031 4273 meis
2078 4218 2219 4275 bona

640 4315 903 4383 largiens.
958 4332 974 4363 ι
1024 4312 1400 4383 Quodcunque
1431 4313 1704 4383 petieritis
1728 4353 1744 4376 ,
1776 4313 1956 4383 inquit
1983 4351 1996 4374 ,
2032 4313 2083 4366 in
2118 4328 2221 4367 no-

639 4407 789 4461 mine
828 4421 972 4473 meo,
1001 4406 1106 4460 hoc
1143 4404 1367 4468 faciam,
1391 4423 1407 4456 ι
1447 4414 1670 4473 peracto
1701 4418 1945 4476 tempore
1977 4421 2087 4475 quo
2119 4422 2218 4462 ne-

2335 3214 2491 3285 φησὶ,
2524 3213 2666 3280 λέγω
2693 3212 2842 3281 ὑμῖν,
2874 3212 2902 3263 ὁ
2932 3210 3203 3263 πιστεύων
3233 3211 3313 3272 εἰς
3339 3210 3464 3280 ἐμὲ,
3498 3208 3563 3261 τὰ
3590 3206 3714 3278 ἔργα
3738 3204 3767 3257 ἃ
3786 3202 3869 3270 ἐγὼ

2334 3304 2491 3371 ποιῶ,
2515 3307 2765 3368 κάκεῖνος
2796 3305 3035 3375 ποιήσει,
3068 3305 3160 3357 καὶ
3195 3301 3421 3374 μείζονα
3450 3300 3646 3379 τούτων
3673 3300 3866 3365 ποιήσει,

2330 3399 2412 3452 ὅτι
2433 3395 2544 3463 ἐγὼ
2565 3397 2703 3468 πρὸς
2725 3398 2817 3451 τὸν
2843 3396 3062 3466 Πατέρα
3087 3397 3414 3466 πορεύομαι.
3451 3414 3468 3446 ι
3505 3389 3634 3446 Εἶτα
3654 3391 3703 3444 τί
3721 3388 3864 3451 τοῦτο,

2331 3489 2555 3558 φήσειεν
2588 3487 2654 3541 ἄν
2686 3504 2769 3549 τις
2806 3484 2915 3538 τῶν
2950 3485 3317 3556 ἀκροωμένων
3360 3482 3747 3550 ἐπιεικέστερον
3776 3476 3863 3549 [γρ.

2331 3576 2778 3650 ἐπιεικέστερος],
2806 3576 2866 3630 τὸ
2894 3576 3223 3647 πορεύεσθαί
3254 3592 3401 3646 φημι
3424 3576 3559 3645 πρὸς
3588 3572 3671 3625 τὸν
3690 3570 3863 3638 Πατέρα

2329 3672 2419 3725 τὸν
2448 3671 2598 3733 Υἱὸν,
2658 3670 2794 3741 πρὸς
2837 3670 2897 3722 τὸ
2951 3668 3211 3722 δύνασθαι
3253 3666 3553 3739 κατορθοῦν
3602 3664 3689 3717 καὶ
3718 3660 3776 3714 τὰ
3801 3661 3862 3713 ἔτι

2331 3762 2501 3831 μείζω
2526 3763 2635 3815 τῶν
2668 3761 2796 3830 παρ’
2824 3760 2987 3813 αὐτοῦ
3018 3760 3377 3831 δεδειγμένων
3404 3760 3529 3821 τοὺς
3559 3754 3861 3813 πιστεύοντας

2327 3856 2405 3917 εἰς
2441 3853 2637 3919 αύτὸνς
2694 3852 2904 3907 Ούκοῦν
2939 3851 3329 3922 κεκρυμμένην
3366 3850 3489 3904 τινὰ
3536 3847 3750 3917 θεωρίαν
3775 3845 3861 3896 εἰσ-

2327 3944 2483 4015 φέρει
2508 3944 2570 3996 τὸ
2611 3944 2918 4016 εἰρημένον.
2969 3943 3034 3995 Τί
3078 3939 3170 3995 οὖν
3204 3944 3349 3995 ἐστιν
3384 3944 3413 3996 ὃ
3448 3957 3597 4010 φησι.
3630 3937 3766 4008 δέχου
3792 3932 3859 3984 λέ-

2326 4058 2490 4109 γοντα
2515 4040 2674 4109 τυχόν
2692 4056 2705 4070 ·
2749 4033 2816 4092 Ὦ
2844 4038 2951 4097 τῶν
2987 4040 3011 4091 ὲ
3021 4038 3134 4108 μῶν
3163 4036 3435 4109 ὑπηρέται
3460 4035 3627 4103 λόγων
3653 4031 3735 4085 καὶ
3759 4028 3858 4097 γνή-

2327 4152 2432 4187 σιοι
2489 4133 2762 4203 φοιτηταί,
2818 4134 2925 4196 ἕως
2987 4133 3085 4203 μὲν
3134 4134 3230 4187 σὺν
3293 4134 3425 4203 ὑμῖν
3479 4130 3575 4193 τὰς
3623 4121 3858 4193 διατριῦἀς

2326 4227 2628 4298 ἐποιούμην
2662 4228 2754 4280 ἐπὶ
2781 4226 2882 4295 τῆς
2916 4226 3051 4295 γῆς,
3105 4225 3541 4294 ὲπολιτευσὰμην
3582 4221 3653 4283 ὡς
3688 4215 3857 4281 ἀνομω-

2325 4336 2446 4385 πος,
2491 4320 2593 4372 ούκ
2638 4320 2873 4389 ἄκρατον
2918 4318 3047 4389 ὑμῖν
3092 4318 3190 4383 τῆς
3237 4316 3489 4389 θεότητος
3530 4316 3625 4385 τὴν
3652 4307 3855 4378 ἐξουσίαν

2324 4410 2688 4483 ἐπεδειξάμην
2717 4427 2730 4441 ·
2769 4406 2921 4465 εἶπόν
2946 4428 3007 4463 τε
3034 4412 3126 4465 καὶ
3156 4410 3418 4486 πέπραχα
3448 4407 3743 4480 πρεπόντως
3765 4414 3853 4459 πως

638 4510 796 4551 cesse
836 4503 993 4561 erat,
1034 4495 1255 4564 inquit,
1301 4496 1354 4550 in
1400 4495 1735 4552 humilitatis
1797 4495 1972 4550 forma
2018 4497 2216 4553 videri.

2341 4503 2422 4563 cal.
2451 4501 2530 4572 τῷ
2554 4503 2653 4572 τῆς
2686 4502 3071 4566 ταπεινώσεως
3105 4502 3288 4573 μέτρῳ
3319 4484 3415 4555 καὶ
3446 4498 3522 4571 τῷ
3554 4498 3768 4568 σχήματι
3795 4487 3853 4556 τῷ

638 4584 797 4651 Quod
839 4586 1071 4645 decebat.
1116 4584 1403 4643 observavi
1453 4594 1676 4657 propter
1701 4587 2213 4657 dispensationem:

638 4691 788 4732 nunc
813 4691 946 4731 vero
970 4678 1146 4747 palam
1191 4687 1247 4734 et
1294 4688 1482 4750 aperte
1522 4679 1789 4749 polliceor
1825 4695 1912 4735 me
1943 4678 2217 4735 facturum

636 4785 699 4825 ea
723 4785 843 4842 quae
869 4769 962 4827 Dei
996 4780 1148 4837 sunt,
1181 4774 1251 4827 ab
1280 4773 1383 4829 hac
1411 4782 1523 4828 tam
1556 4774 1758 4829 illustri
1786 4776 1964 4847 gloria
1997 4775 2214 4831 Patrem

636 4877 746 4915 non
780 4862 1082 4923 excludens
1108 4906 1121 4930 ,
1158 4863 1254 4919 sed
1307 4873 1365 4919 ut
1413 4864 1757 4937 gloriﬁcetnr
1793 4867 1846 4921 in
1881 4865 2041 4922 Filio.
2078 4866 2214 4924 Nam

637 4954 811 5011 Filius
849 4956 895 5011 si
939 4958 1300 5029 glorificetnr,
1347 4962 1575 5017 omnino
1609 4962 1663 5017 in
1695 4977 1763 5017 eo
1797 4976 2023 5035 quoque
2053 4961 2218 5021 Pater

635 5049 1059 5119 gloriﬂeabitur.
1092 5050 1295 5107 Filium
1320 5054 1525 5125 quippe
1550 5064 1745 5111 natura
1770 5072 1871 5110 sua
1897 5054 2064 5112 Deum
2091 5073 2215 5114 esse

636 5138 827 5194 multis
874 5146 1037 5197 antea
1081 5138 1197 5210 jam
1243 5141 1685 5201 demonstratum
1728 5152 1812 5200 est
1841 5165 1852 5199 :
1886 5146 1983 5201 sed
2016 5148 2211 5205 nihikh

637 5228 818 5283 ηιὶιιιιε
847 5230 1010 5287 etiam
1044 5230 1144 5289 hoc
1172 5248 1239 5289 ex
1269 5248 1335 5289 eo
1368 5243 1516 5304 patet
1542 5234 1692 5305 quod
1729 5245 2051 5293 sanctorum
2088 5254 2214 5294 ora—

634 5320 812 5376 tiones
836 5324 1091 5393 suscipit,
1120 5325 1311 5395 eisque
1338 5342 1466 5396 qua:
1518 5327 1776 5397 petierint
1809 5345 1877 5386 ae
1908 5332 2076 5388 velint
2102 5333 2216 5389 lar.

633 5414 799 5478 gitur.
834 5411 1121 5479 Quomodo
1152 5430 1287 5485 ergo
1321 5416 1483 5472 Pater
1515 5418 1567 5473 in
1604 5434 1670 5474 eo
1696 5436 1805 5475 non
1838 5422 2216 5491 gloriliretur?

637 5504 706 5560 lit
730 5507 876 5561 enim
897 5508 1024 5576 jure
1051 5508 1293 5564 dedecus
1324 5510 1371 5563 ei
1401 5510 1620 5580 aliquod
1650 5512 1969 5576 inferretur.
1996 5520 2039 5572 si
2072 5516 2214 5575 lleus

633 5613 739 5652 non
764 5607 910 5653 esset
934 5609 1132 5655 natura
1160 5600 1205 5655 is
1230 5602 1325 5668 qni
1357 5618 1420 5656 ex
1450 5604 1569 5673 ipso
1595 5608 1890 5675 processit,
1915 5609 1995 5663 sic
2026 5611 2215 5682 gloria:

634 5692 865 5744 multum
889 5691 1143 5760 accipiet,
1171 5694 1215 5746 si
1246 5693 1411 5747 Deum
1434 5712 1622 5750 verum
1647 5698 1865 5763 habeat,
1895 5710 1946 5753 et
1974 5702 2208 5755 fructum

633 5796 698 5836 ex
737 5785 1041 5838 substantia
1075 5799 1171 5837 sua
1209 5787 1632 5855 procedentem,
1677 5791 1767 5861 qui
1798 5798 1851 5846 et
1890 5801 2091 5847 cuncta
2127 5794 2210 5847 fa-

2317 4594 2689 4665 δουλοπρεπεῖ.
2738 4593 2954 4664 Ἐπειδὴ
2984 4594 3042 4647 δὲ
3094 4594 3278 4648 λοιπὸν
3327 4596 3509 4648 ἐκεῖνα
3554 4585 3852 4658 καθηκόντως

2316 4687 2646 4748 τετέλεσται.
2701 4688 2797 4741 καὶ
2831 4687 3187 4759 πεπλήρωται
3241 4703 3332 4756 μοι
3383 4687 3480 4757 τῆς
3517 4681 3647 4756 μετὰ
3690 4673 3851 4747 σαρκδς

2315 4778 2626 4848 οἰκονομίας
2653 4777 2713 4829 τὸ
2738 4778 3031 4848 μυστήριον
3055 4794 3068 4807 '
3123 4778 3382 4848 πείσομαι
3408 4777 3514 4848 γὰρ
3539 4776 3654 4827 ὅσον
3678 4764 3850 4821 οὐδέπω

2315 4870 2407 4921 τὸν
2448 4869 2700 4935 θάνατον,
2743 4870 2836 4924 καὶ
2874 4869 3281 4941 ὲγερθήσομαι·
3337 4865 3636 4941 χαριεῖσθαι
3673 4861 3723 4914 δὲ
3750 4856 3849 4925 ὑμῖν

2320 4962 2732 5033 ἐπαγγέλλομαι
2775 4962 2867 5015 καὶ
2892 4961 2958 5016 τὰ
2988 4962 3067 5015 ἒτι
3098 4962 3319 5034 μείζονα
3359 4962 3467 5015 τῶν
3504 4960 3568 5013 δι’
3602 4951 3724 5025 ἐμοῦ
3752 4948 3849 5001 eau-

2323 5058 2509 5126 μάτων
2545 5055 2803 5110 δύνασθαι
2838 5054 3114 5128 πληροῦν,
3165 5055 3430 5127 παρόντος
3477 5052 3552 5105 ἔτι
3581 5047 3667 5104 τού
3691 5037 3847 5110 καιροῦ

2320 5149 2414 5202 καὶ
2439 5148 2535 5218 τῆς
2566 5150 2655 5202 ἐπὶ
2676 5147 2883 5212 τούτοις
2914 5146 3243 5219 φιλοτιμίας.
3270 5144 3606 5217 Πορεύσομαι
3625 5138 3720 5208 γὰρ
3741 5127 3846 5198 πρὸς

2319 5240 2409 5297 τὸν
2440 5240 2680 5311 Πατέρα,
2733 5238 3105 5311 συνεδρεύσων
3155 5238 3305 5309 αὐτῷ
3355 5233 3593 5308 δηλονότι
3632 5226 3845 5311 micuis-

2321 5309 2678 5397 ϐασιλεύσων,
2707 5332 2783 5396 ὡς
2811 5309 2945 5396 Θεδς
2976 5334 3039 5385 ὲκ
3072 5330 3228 5395 Θεοῦ,
3267 5325 3690 5389 ἀκατακαλύπτῳ
3714 5309 3842 5366 δυνά·

2324 5443 2415 5496 μει
2452 5426 2546 5480 καὶ
2575 5423 2810 5496 ἐξουσίᾳ.
2856 5467 2867 5479 .
2910 5466 2925 5479 .
2970 5467 2982 5480 .
3030 5464 3043 5477 .
3088 5464 3102 5479 .
3175 5424 3275 5494 τῆς
3319 5418 3550 5494 ἐμαυτοῦ
3583 5411 3769 5483 φύσεως
3798 5402 3844 5453 τδ

2320 5516 2521 5575 διδόναι
2543 5520 2655 5582 τοῖς
2676 5516 2918 5588 γνησίοις
2943 5517 3012 5571 τὰ
3043 5516 3242 5586 ἀγαθά,
3282 5536 3301 5568 ‹
3330 5516 3505 5585 Ὅπερ
3526 5510 3587 5565 ἂν
3604 5501 3840 5569 αἰτήσητε.
3888 5536 3893 5543 .

2323 5610 2507 5681 φησιν,
2556 5611 2648 5664 ἐπὶ
2691 5610 2767 5681 τῷ
2812 5610 3036 5681 ὀνόματί
3072 5629 3194 5682 μου,
3226 5609 3382 5665 τοῦτο
3411 5605 3629 5674 ποιήσω,
3662 5614 3677 5644 ι

2320 5676 2581 5773 λεσμένου
2629 5676 2750 5755 τοῦ-
2770 5676 2959 5773 καιροῦ
2990 5676 3111 5757 καθ’
3144 5676 3199 5757 ὃν
3236 5703 3364 5759 ἔδει.
3397 5697 3570 5767 φησιν,
3600 5691 3650 5741 ἐν
3675 5679 3741 5749 τῷ
3761 5676 3837 5773 τῆς

2318 5794 2699 5859 ταπεινώσεως
2741 5797 3020 5865 φαίνεσθαι
3057 5799 3309 5866 σχήματι.
3347 5793 3617 5861 Τετήρηκα
3646 5776 3696 5831 τὸ
3729 5764 3834 5829 7.9“
