4096 6498
214 396 321 453 τις»

1206 387 1276 444 ΙΝ
1318 386 1608 447 JOANMS
1646 388 2094 448 EVANGELlUM
2135 391 2261 448 LIB.
2305 394 2393 451 IX.

3376 390 3485 447 250

214 532 316 567 πον
343 511 434 565 διὰ
468 511 568 581 τὴν
601 508 913 579 οἰκονομίαν
940 526 955 540 ·
1003 510 1119 561 νυνὶ
1151 508 1206 561 δὲ
1233 507 1418 562 λοιπὸν
1448 510 1767 564 ἀκατακαλύ

1897 528 2025 568 cere
2051 520 2105 567 et
2132 517 2348 570 caeteris
2382 525 2438 570 ut
2468 515 2604 570 mira
2629 516 2841 571 iaciant
2872 513 3061 585 largiri
3100 512 3298 582 possit.
3326 509 3481 575 Quod

213 621 388 667 πτως,
427 602 503 665 ὡς
531 600 684 665 Θεὸς,
720 601 1037 671 ὲνεργήσειν
1086 599 1493 670 ἐπαγγέλλομαι
1536 602 1603 654 τά
1637 601 1791 667 Θεοῦ,

206 696 274 749 οὐ
308 694 400 750 τὸν
451 692 672 763 Πατέρα
715 692 813 761 τῆς
842 692 985 746 οὑτω
1015 692 1332 765 πρεπούσης
1362 693 1520 765 δόξης
1562 696 1792 759 ἐξωθού-

211 805 396 857 μενος,
420 787 533 841 ἀλλ’
565 788 650 841 ἵνα
680 786 907 857 δοξασθῇ
941 788 999 839 ὲν
1024 786 1100 859 τῷ
1132 787 1265 858 Υίῷ.
1294 788 1660 859 Δοξαζομένου
1686 790 1793 861 γὰρ

203 880 303 933 τοῦ
324 881 685 950 γεννήματος,
714 878 1105 950 δοξασθήσεται
1138 878 1354 943 πάντως
1383 882 1441 932 ἐν
1468 880 1616 950 αὐτῷ
1645 882 1737 935 καὶ
1764 884 1793 935 6

202 973 477 1040 γεννήσας
521 971 702 1025 αὐτόν.
750 970 882 1034 Θεὸς
916 970 1026 1041 γὰρ
1058 970 1124 1024 ἂν
1158 973 1299 1025 κατὰ
1327 972 1488 1039 φύσιν
1529 973 1790 1044 ὑπάρχων

198 1063 234 1115 ὁ
278 1063 408 1126 Υίὸς
451 1064 544 1117 καὶ
577 1063 664 1117 διὰ
708 1062 917 1118 πολλῶν
957 1064 1054 1133 μὲν
1098 1061 1298 1134 ἑτέρων
1334 1065 1743 1134 καταπέφανται
1772 1082 1785 1095 ·

198 1154 359 1208 οὐδὲν
410 1154 464 1210 δὲ
507 1150 670 1226 ἧττον
718 1154 813 1208 καὶ
859 1153 947 1208 διὰ
980 1155 1073 1208 τοῦ
1117 1155 1367 1226 δέχεσθαι
1411 1155 1511 1226 μὲν
1553 1156 1649 1221 τὰς
1682 1158 1788 1211 τῶν

196 1246 380 1311 ἁγίων
411 1246 595 1316 εὐχὰς,
638 1249 893 1317 χορηγεῖν
937 1246 993 1300 δὲ
1036 1248 1248 1313 αὐτοῖς,
1300 1247 1443 1317 ἅπερ
1478 1248 1542 1301 ἂν
1589 1251 1788 1302 αἰτοῖεν

195 1337 302 1393 καὶ
332 1337 623 1407 βούλοιντο.
678 1338 803 1401 Πῶς
849 1334 942 1392 οὖν
989 1339 1087 1392 οὐκ
1139 1339 1204 1393 ἂν
1247 1341 1275 1393 6
1310 1341 1495 1409 Πατὴρ
1542 1343 1601 1393 ὲν
1637 1341 1788 1412 αὐτῷ

189 1426 511 1493 δοξάζοντος
547 1422 758 1498 Ὠσπερ
786 1428 897 1498 γὰρ
934 1427 1028 1481 καὶ
1074 1430 1298 1490 εἰκότως
1341 1428 1407 1481 ἂν
1452 1430 1783 1501 κατεψέχθη,

190 1516 341 1577 Θεοῦ
370 1518 510 1572 κατὰ
534 1519 696 1587 φύσιν
725 1520 824 1572 οὐκ
852 1519 1003 1583 ὄντος
1031 1519 1124 1572 τοῦ
1155 1520 1508 1590 προελθόντος
1535 1522 1591 1587 ἐξ
1619 1521 1783 1575 αὐτοῦ

187 1608 541 1678 γεννήματος
571 1624 583 1638 ·
635 1607 806 1673 οὓτως
838 1609 990 1662 ἔσται
1021 1609 1155 1664 πολὺ
1193 1610 1313 1664 λίαν
1358 1610 1605 1681 εὐκλεὴς,
1654 1612 1783 1665 Θεὸν

188 1698 341 1766 ἔχων
366 1698 639 1769 ἀληθινὸν,
679 1701 772 1754 καὶ
797 1700 867 1754 τά
907 1702 1086 1755 πάντα
1118 1701 1369 1772 ἰσχύοντα
1398 1702 1529 1775 δρᾷν
1556 1721 1615 1756 τε
1646 1705 1781 1775 ὁμοῦ

187 1790 295 1844 καὶ
325 1790 534 1862 ἑτέροις
562 1788 881 1861 χαρίζεσθαι
910 1792 998 1845 τὸν
1024 1794 1087 1847 ἐκ
1118 1793 1215 1864 τῆς
1247 1793 1434 1858 οὐσίας
1461 1795 1622 1849 αὐτοῦ
1651 1813 1782 1867 προ-

1904 605 1949 662 si
1983 605 2050 659 ad
2087 606 2316 675 gloriam
2353 607 2531 663 Patris
2558 618 2771 676 spectat
2807 606 3009 661 Filium
3044 603 3246 658 divinis
3281 616 3485 672 praero-

1902 698 2099 767 gativis
2121 713 2244 757 esse
2268 701 2649 769 conspicuum,
2677 714 2925 769 quaenam
2957 698 3096 752 ratio
3120 695 3324 749 vetabit
3347 710 3484 762 quo-

1902 789 2086 845 minus
2106 789 2416 860 puniendus
2444 792 2515 846 sit
2536 793 2845 857 haereticus,
2866 791 2960 860 qui
2989 787 3291 857 impudenti
3323 787 3468 840 blas-

1899 882 2114 951 phemia
2147 884 2337 938 multis
2366 899 2491 938 eum
2531 887 2710 940 modis
2758 886 2980 940 elevare
3003 898 3113 936 non
3137 880 3211 935 sit
3238 878 3485 933 veritus?

1897 960 2113 1027 Addam
2148 982 2203 1031 et
2234 975 2379 1029 aliud
2404 975 2547 1044 quod
2577 976 2795 1030 illorum
2827 972 3202 1046 ignorantiam
3230 978 3285 1024 et
3312 970 3483 1038 impe—

1900 1065 2079 1118 ritiam
2103 1080 2210 1119 non
2246 1067 2619 1130 mediocriter,
2654 1076 2711 1119 ut
2741 1084 2886 1131 reor,
2925 1070 3229 1135 Oppugnat.
3263 1058 3397 1115 Nam
3434 1059 3481 1115 si

1899 1154 2095 1209 Filium
2134 1171 2457 1224 precamur,
2498 1166 2550 1211 et
2582 1158 2650 1210 ah
2691 1173 2757 1212 eo
2790 1158 3082 1227 petitiones
3120 1153 3390 1224 petimus,
3426 1155 3483 1202 et

1896 1247 2014 1317 ipse
2059 1247 2316 1302 daturum
2372 1264 2431 1303 se
2488 1250 2812 1319 pollicetur,
2873 1245 3150 1317 quomodo
3205 1259 3314 1297 non
3375 1239 3483 1295 erit

1895 1349 2094 1393 natura
2130 1338 2275 1395 Deus
2326 1347 2381 1393 et
2414 1355 2477 1395 ex
2522 1341 2628 1395 Deo
2662 1339 2902 1393 naturali
2963 1334 3233 1406 genitus?
3268 1330 3398 1386 Nam
3432 1330 3480 1384 si

1895 1435 2211 1493 istiusmodi
2246 1435 2320 1490 ita
2355 1451 2415 1491 se
2453 1435 2652 1489 habere
2683 1450 2788 1487 non
2826 1430 3169 1490 existimant,
3200 1425 3295 1481 sed
3325 1436 3481 1477 crea-

1895 1535 2010 1581 tum
2048 1527 2278 1591 dicunt,
2304 1543 2415 1597 qua
2449 1529 2502 1582 in
2540 1543 2597 1582 re
2636 1525 2956 1582 dilleremus
2993 1520 3159 1593 805
3189 1520 3256 1573 ab
3285 1519 3352 1572 iis
3382 1516 3480 1586 qui

1892 1618 2084 1682 Solem,
2118 1625 2212 1670 aut
2236 1618 2459 1682 cmlum,
2489 1616 2608 1673 sive
2631 1627 3015 1670 creaturarum
3043 1614 3285 1681 aliquam
3316 1610 3477 1662 aliam

1891 1704 2189 1758 invocant?
2220 1706 2458 1761 Tametsi
2485 1706 2631 1762 enim
2660 1702 3147 1761 inconsiderantize
3181 1715 3294 1757 sum
3322 1698 3480 1752 dede.

1890 1810 2019 1851 core
2050 1798 2266 1854 confusi
2296 1806 2607 1853 creaturam
2646 1799 2862 1867 quidem
2893 1798 3071 1866 ipsum
3098 1809 3225 1850 esse
3248 1792 3475 1851 dicunt,

184 1883 421 1937 ελθόντα
441 1885 675 1955 καρπόν.
712 1885 774 1937 Εἰ
796 1884 852 1937 δὲ
879 1886 957 1948 εἰς
978 1884 1134 1950 δόξαν
1163 1884 1421 1939 συντείνει
1450 1884 1543 1938 τοῦ
1574 1886 1771 1956 Πατρὸς

1885 1887 2102 1945 ueteris
2131 1890 2419 1958 aequalem,
2458 1890 2551 1946 sed
2589 1906 2759 1959 supra
2789 1903 2980 1943 onmes
3006 1883 3307 1941 eminentia
3337 1896 3477 1947 qua.

182 1976 253 2028 τὸ
287 1978 346 2029 ὲν
379 1978 488 2038 τοῖς
519 1975 882 2046 θεοπρεπέσιν
916 1975 1221 2047 ἀξιώμασιν
1254 1977 1483 2047 ὁρᾶσθαι
1512 1977 1602 2031 τὸν
1631 1978 1777 2043 Υἰὸν,

182 2069 351 2132 ποῖος
393 2066 489 2122 τοῦ
527 2067 852 2133 κολάζεσθαι
885 2068 1039 2137 λόγος
1068 2068 1328 2135 ὲξελεῖται
1360 2069 1452 2123 τὸν
1483 2071 1776 2141 αἰρετικὸν,

181 2159 570 2230 ἀναισχύντοις
589 2159 919 2229 δυσφημίαις
942 2158 1407 2231 κατασμικρύνειν
1428 2160 1592 2214 αὐτὸν
1618 2160 1780 2214 πολυ⁸

179 2254 414 2323 τρόπεως
441 2254 502 2306 οὐ
530 2253 962 2319 καταδείσαντας
1002 2251 1146 2324 Ἐρῶ
1175 2252 1231 2305 δὲ
1258 2252 1395 2323 πρὸς
1424 2252 1633 2316 τούτοις
1658 2254 1775 2307 ἓτε-

181 2361 287 2413 ρον
324 2347 445 2409 ταῖς
480 2344 702 2399 ἐκείνων
739 2344 1118 2408 άπαιδευσίαις
1139 2343 1200 2397 οὐ
1239 2343 1498 2415 μετρίως,
1533 2345 1609 2407 ὡς
1635 2338 1775 2414 ὲγῷ-

184 2454 315 2505 μαι,
351 2437 680 2507 μαχόμενον.
724 2437 789 2491 Εἰ
818 2438 926 2507 γὰρ
953 2434 1227 2507 εὐχόμεθα
1252 2434 1329 2506 τῷ
1357 2434 1492 2506 Υίῷ,
1524 2437 1620 2490 καὶ
1646 2438 1777 2508 παρ’

1884 1979 2010 2035 dam
2036 1982 2325 2050 praeditum
2354 2021 2369 2047 ,
2397 1984 2578 2037 sciant
2609 1991 2791 2037 tamen
2850 1997 2909 2037 se
2966 1978 3333 2034 nihilominus
3370 1972 3476 2027 Pa-

1886 2072 1987 2126 tris
2016 2074 2249 2144 gloriam
2284 2075 2481 2131 laedere
2505 2115 2519 2138 ,
2574 2076 2624 2131 id
2660 2085 2744 2130 est
2779 2073 2984 2129 Filium
3014 2114 3029 2139 ,
3075 2070 3299 2141 quando
3332 2068 3478 2122 inter

1884 2173 2170 2221 creaturas
2199 2182 2324 2222 eum
2352 2167 2650 2224 collocant.
2678 2166 2791 2222 Nec
2824 2167 2968 2222 enim
2995 2165 3262 2235 quaeritur
3288 2170 3473 2215 utrum

1885 2271 2082 2326 magna
2111 2258 2206 2324 sit,
2242 2274 2311 2311 an
2339 2274 2507 2328 parva
2535 2269 2813 2323 creatura,
2843 2259 2937 2315 sed
2970 2274 3039 2313 an
3061 2257 3290 2312 omnino
3316 2267 3474 2309 crea-

1883 2356 2005 2405 tura
2050 2351 2143 2416 sit,
2174 2367 2244 2407 an
2293 2367 2401 2406 non
2433 2353 2622 2423 potius
2650 2354 2791 2409 Deus
2832 2351 3136 2409 secundum
3181 2357 3433 2404 naturam
3456 2384 3471 2410 ,

1883 2438 2030 2511 quod
2061 2456 2247 2499 verum
2274 2441 2499 2512 quidem
2526 2453 2630 2498 est.

183 2530 355 2585 αὐτοῦ
392 2529 662 2600 ζητοῦμεν
690 2529 759 2582 τὰ
786 2529 1082 2600 αἰτήματα,
1129 2528 1222 2582 καὶ
1251 2528 1412 2593 αὐτὸς
1477 2528 1676 2583 διδόναι
1745 2532 2268 2601 κατεπαγγέλλεται,
2315 2534 2432 2598 πῶς
2477 2535 2577 2589 οὐκ
2644 2534 2710 2589 ἂν
2770 2535 2853 2605 είη
2895 2532 3053 2602 φύσει
3092 2530 3223 2593 Θεὸς
3268 2528 3361 2581 καί
3409 2529 3473 2580 ὲκ

180 2625 326 2677 Θεοῦ
350 2625 442 2678 τοῦ
468 2625 609 2678 κατά
637 2624 798 2694 φύσιν
822 2623 1248 2693 γεγεννημένος;
1285 2622 1480 2694 Εἰγὰρ
1504 2623 1578 2694 μὴ
1639 2623 1811 2689 οὕτως
1885 2625 2032 2696 ἔχειν
2077 2627 2553 2699 ὑπολαμϐάνουσιν
2602 2627 2788 2687 αὐτὸν,
2834 2625 3058 2694 γενητὸν
3104 2624 3159 2675 δὲ
3204 2617 3344 2673 εἷναι
3386 2617 3473 2670 λέ-

178 2733 369 2785 γουσι,
411 2714 552 2768 κατά
577 2714 629 2767 τί
657 2715 927 2783 διοίσομεν
992 2712 1072 2766 ἔτι
1101 2713 1209 2765 τῶν
1243 2713 1692 2783 ἐπικαλουμένων
1750 2715 1843 2769 τὸν
1881 2716 2054 2786 ἥλιον,
2098 2717 2131 2789 ἢ
2168 2719 2257 2771 τὸν
2287 2717 2535 2791 οὐρανὸν,
2587 2717 2754 2788 ἤγουν
2786 2716 2971 2785 ἕτερόν
3004 2732 3056 2766 τι
3090 2712 3199 2764 τῶν
3234 2708 3465 2779 κτισμάσ

172 2822 329 2869 των;
367 2805 430 2858 Εἰ
449 2804 556 2876 γὰρ
584 2805 697 2869 καὶ,
726 2804 931 2875 σφόδρα
960 2803 1281 2873 κακούργως
1306 2804 1403 2874 τῆς
1434 2804 1641 2858 ἑαυτῶν
1664 2804 1887 2874 ἀλογίας
1911 2808 1972 2861 τὸ
2015 2809 2251 2872 ἀκαλλὲς
2310 2808 2745 2878 δυσωπούμενοι,
2782 2808 2987 2876 κτίσμα
3057 2806 3153 2875 μὲν
3223 2802 3471 2870 λέγουσιν

172 2896 350 2950 αὐτὸν
398 2898 456 2948 ὲν
492 2895 592 2965 ἰσῳ
624 2896 737 2958 τοῖς
769 2894 947 2951 ἄλλοις
981 2894 1294 2963 κτίσμασιν,
1332 2893 1663 2964 ἀσύγκριτον
1710 2896 1765 2949 δέ
1803 2913 1926 2950 τινα
1948 2898 2046 2967 τὴν
2079 2898 2222 2951 κατὰ
2245 2898 2462 2951 πάντων
2490 2898 2633 2968 ἔχειν
2659 2898 2933 2968 ὑπεροχήν
2959 2912 2971 2927 ·
3051 2893 3162 2945 ἀλλ’
3235 2892 3471 2945 ἴστωσαν

170 2992 256 3043 ὅτι
280 2988 445 3041 οὐδὲν
464 2981 625 3058 ἦττον
654 2984 900 3057 ὑδριοῦσι
930 2985 1030 3053 τὴν
1052 2985 1147 3038 τοῦ
1174 2984 1384 3056 Πατρὸς
1447 2985 1625 3051 δόξαν,
1688 2986 1835 3040 τοῦτ’
1872 2988 1991 3041 ἔστι
2009 2988 2101 3041 τὸν
2135 2989 2285 3051 Υἰὸν,
2318 2988 2432 3042 ἔστ’
2453 2988 2518 3043 ἂν
2544 2989 2708 3044 αὐτὸν
2738 2987 3050 3057 ἐναρίθμιον
3078 2984 3307 3049 λέγωσιν
3332 2980 3469 3042 εἶναι

170 3084 288 3145 τοῖς
342 3077 755 3149 πεποιημένοις.
806 3078 878 3129 Τὸ
907 3077 1014 3147 γὰρ
1049 3077 1378 3147 ζητούμενόν
1411 3080 1557 3132 ὲστιν
1586 3079 1686 3134 οὐκ
1720 3081 1768 3132 εἰ
1810 3080 1953 3150 μέγα
1991 3082 2153 3152 τυχόν
2197 3084 2345 3136 ἐστιν
2393 3081 2427 3152 ἢ
2488 3080 2682 3152 μικρὸν
2736 3079 2980 3149 ποίημα,
3031 3075 3144 3131 ἀλλ’
3212 3074 3260 3127 εἰ
3334 3076 3468 3141 ὅλως

171 3172 413 3243 γενητὸς
441 3170 535 3223 καὶ
567 3169 766 3239 μᾶλλον
805 3169 927 3237 οὐχὶ
953 3168 1084 3229 Θεὸς
1111 3168 1249 3222 κατά
1277 3167 1454 3235 φύσιν,
1487 3171 1624 3240 ὅπερ
1656 3171 1772 3224 ἐστί
1810 3172 1906 3224 καὶ
1936 3171 2156 3242 ἀληθές.

255 3260 413 3317 Ἐάν
454 3279 508 3314 τι
550 3259 834 3327 αἰτήσητε
875 3260 943 3312 ἐν
986 3258 1065 3325 τῷ
1112 3260 1359 3330 ὀνόματί
1392 3278 1541 3330 μου,
1591 3263 1767 3319 τοῦτο

1942 3263 2091 3327 XIV,
2146 3264 2227 3319 l4.
2285 3263 2347 3319 Si
2387 3262 2511 3333 quid
2564 3262 2822 3333 petieritis
2860 3262 2914 3317 in
2953 3262 3163 3316 nomine
3204 3277 3337 3326 meo,
3372 3261 3469 3314 hoc

172 3357 319 3423 soni
328 3372 444 3411 σω.

256 3446 771 3518 ’Δπημφιεσμένως
813 3447 914 3517 ήδη
963 3448 1127 3517 φησὶν
1171 3449 1283 3513 ὅτι,
1329 3449 1461 3513 Θεὸς
1509 3451 1771 3522 ὑπάρχων

172 3540 456 3611 ἀληθινὸς,
488 3537 831 3608 προσδέξεται
863 3538 959 3608 μὲν
983 3540 1075 3592 καὶ
1096 3538 1214 3593 λίαν
1234 3541 1478 3605 εὐπετῶς
1500 3543 1596 3605 τὰς
1620 3543 1771 3613 παρὰ

172 3633 282 3686 τῶν
323 3630 478 3687 ἰδίων
524 3630 710 3700 εὐχὰς.
763 3631 1063 3701 χορηγήσει
1096 3630 1151 3684 δὲ
1195 3632 1287 3685 καὶ
1323 3631 1527 3706 σφόδρα
1563 3633 1768 3703 προθύ-

177 3742 316 3796 μως,
372 3723 517 3792 ἅπερ
553 3722 618 3776 ἂν
657 3723 956 3793 βούλωνται
999 3722 1205 3787 λαϐεῖν,
1254 3723 1568 3794 χαρίσματα
1592 3725 1646 3779 δὲ
1672 3725 1766 3796 δη-

171 3818 356 3872 λονότι
387 3816 735 3888 πνευματικὰ
762 3816 858 3869 καὶ
903 3815 1003 3884 τῆς
1033 3815 1240 3869 ἄνωθεν
1272 3815 1581 3886 φιλοτιμίας
1620 3816 1763 3882 ἄξια.

173 3911 283 3964 Καὶ
319 3912 423 3979 οὐχ
452 3911 528 3971 ὡς
556 3910 655 3977 τῆς
691 3910 877 3980 ἐτέρου
913 3907 1322 3978 φιλανθρωπίας
1346 3908 1608 3974 διάκονος,
1643 3907 1764 3962 οὐτε

174 4004 280 4075 μὴν
317 4004 401 4068 ὡς
443 4002 732 4071 ἀλλοτρίας
762 4000 1101 4071 ἡμερότητος
1148 3999 1420 4071 ὑπουργὸς
1446 4001 1514 4053 τά
1541 4001 1768 4057 τοιαῦτά

172 4112 367 4165 φησιν,
402 4094 517 4147 ἀλλ’
546 4093 619 4156 ὡς
645 4093 782 4163 ἔχων
812 4093 870 4144 ὲν
897 4092 1114 4162 ἐξουσία
1139 4091 1205 4143 τά
1240 4090 1437 4153 πάντα,
1486 4091 1626 4161 μετά
1657 4093 1767 4147 Ila-

171 4187 297 4253 τρὸς
324 4186 428 4239 καὶ
460 4184 621 4247 αὐτὸς
654 4184 937 4254 ὑπάρχων,
969 4184 997 4236 6
1022 4182 1087 4235 δι’
1115 4176 1176 4236 οὗ
1205 4183 1272 4236 τὰ
1298 4182 1497 4247 πάντα,
1531 4183 1683 4254 παρά
1706 4201 1765 4239 τε

170 4279 333 4350 ήμῶν
365 4280 446 4338 εἰς
476 4276 631 4337 Θεὸν,
669 4276 763 4329 καὶ
788 4277 868 4339 εἰς
896 4276 1045 4345 ἡμᾶς
1083 4275 1214 4345 παρ’
1242 4274 1430 4329 αὐτοῦ.
1485 4275 1583 4329 Διὰ
1609 4276 1766 4331 τοῦτο

171 4371 262 4423 καὶ
317 4368 536 4431 Παῦλος
581 4369 669 4421 ἀεὶ
723 4366 1161 4436 συνεζευγμένας
1214 4365 1313 4428 τὰς
1374 4366 1483 4418 τῶν
1542 4366 1765 4434 ἀγαθῶν

170 4462 445 4533 χορηγίας
496 4463 611 4523 τοῖς
655 4459 827 4525 ἀξίοις
876 4458 1206 4527 ἐπεύχεται,
1260 4457 1475 4525 λέγων’
1540 4478 1557 4508 ι
1588 4458 1764 4529 Χάρις

170 4554 295 4624 ὑμῖν
324 4555 422 4607 καὶ
444 4553 633 4623 εἰρήνη
666 4552 775 4605 ἀπὸ
798 4551 1006 4622 Πατρὸς
1036 4549 1192 4620 ήμῶν
1221 4550 1314 4601 καὶ
1345 4549 1549 4621 Κυρίου
1586 4550 1762 4621 Ἰησοῦ

171 4646 435 4715 Χριστοῦ.
469 4664 488 4696 ι
537 4644 648 4697 Kal.
688 4645 753 4697 οὐ
796 4643 860 4712 δή
893 4659 975 4705 τις
1000 4641 1123 4694 νοῦν
1155 4640 1296 4711 ἔχων
1322 4642 1566 4711 οἰήσεται
1598 4641 1761 4695 πάλιν

169 4737 238 4799 ὠς
289 4735 407 4807 ἰδία
455 4735 553 4805 μέν
594 4752 715 4790 τινα
760 4734 920 4804 χάριν
968 4732 1180 4787 δίδωσιν
1228 4732 1257 4783 6
1296 4731 1507 4803 Πατὴρ,
1553 4732 1660 4804 ἰδίᾳ
1705 4733 1762 4789 δὲ

173 4829 366 4900 ὥσπερ
412 4829 507 4882 καὶ
537 4828 641 4883 ἀνά
677 4826 842 4898 μέρος
894 4821 961 4880 αὖ
1009 4825 1170 4879 πάλιν
1200 4827 1228 4879 6
1272 4824 1401 4887 Υἱός
1431 4843 1443 4855 ·
1498 4825 1613 4879 ἀλλ’
1645 4825 1762 4878 ἔστι

175 4919 269 4986 μὲν
321 4920 356 4989 ή
409 4919 547 4987 αὑτὴ
591 4920 685 4971 καὶ
738 4917 857 4987 μία,
907 4918 955 4969 εἰ
999 4917 1092 4969 καὶ
1145 4914 1213 4969 δι’
1265 4917 1467 4985 ἀμφοῖν
1516 4916 1756 4983 λέγεται.

174 5010 417 5063 Ποιεῖται
442 5009 572 5078 γοῦν
604 5012 754 5080 ὅμως
777 5009 844 5063 τὰ
891 5008 1070 5064 πάντα
1106 5009 1258 5078 παρὰ
1289 5010 1502 5080 Πατρὸς
1528 5010 1595 5063 δι’
1628 5010 1758 5064 Υἱοῦ

170 5102 276 5163 τοῖς
325 5098 500 5163 ἀξίοις
534 5099 601 5154 τὰ
631 5098 833 5168 ἀγαθά,
875 5099 968 5152 καὶ
998 5101 1031 5169 ή
1062 5099 1168 5152 τῶν
1211 5100 1372 5155 θείων
1402 5102 1759 5173 χαρισμάτων

171 5190 425 5262 διανομὴ,
476 5192 577 5246 οὐκ
626 5193 685 5244 ἐν
735 5191 1040 5262 ὑπουργίας
1080 5192 1231 5259 τάξει
1288 5193 1755 5264 παραληφθέντος,

172 5283 426 5355 καθάπερ
460 5286 794 5356 εἰρήκαμεν,
846 5283 961 5337 ἀλλ’
994 5284 1070 5347 ὡς
1104 5286 1428 5357 συνόοτῆρος
1475 5289 1570 5341 καὶ
1622 5304 1755 5356 συγ-

175 5376 409 5448 χορηγοῦ
437 5376 728 5447 νοουμένου
758 5394 815 5430 τε
842 5377 937 5430 καὶ
966 5376 1304 5449 ὑπάρχοντος
1359 5379 1465 5451 [αι.
1513 5380 1749 5452 ἐνυπάρο

172 5469 377 5540 κοντος]
413 5461 645 5541 άληθῶς.
692 5470 808 5524 Μία
836 5470 944 5539 γάρ
972 5473 1003 5538 ἠ
1037 5471 1140 5539 τῆς
1169 5470 1419 5541 θεότητος
1451 5470 1612 5539 φύσις
1637 5472 1753 5526 ἐστί

172 5575 227 5613 τε
269 5563 360 5617 »αἱ
399 5560 542 5615 οὕτω
580 5560 917 5614 πιστεύεται.
957 5560 1079 5614 Κᾶν
1108 5560 1218 5632 γάρ
1252 5562 1333 5624 είς
1364 5561 1583 5632 Πατέρα
1616 5563 1750 5615 πλα·

174 5653 392 5721 τύνηται
438 5654 531 5705 καὶ
573 5652 699 5705 Υἱὸν
740 5654 831 5705 καὶ
862 5653 939 5714 εἰς
982 5653 1041 5705 τὸ
1072 5653 1294 5723 Πνεῦμα
1321 5655 1381 5707 τὸ
1413 5656 1582 5724 Ξιγιον,
1634 5656 1749 5709 ἀλλ’

244 5829 285 5860 ³⁸
322 5829 336 5884 l
370 5831 497 5886 Cor.
536 5846 654 5896 rm,
694 5833 745 5884 ti.
828 5832 868 5862 ³⁸
909 5828 1143 5903 Philipp.
1184 5847 1223 5898 ι,
1265 5832 1317 5885 Ξ.

1873 3360 2090 3428 faciant.

1944 3452 2149 3520 Aperte
2187 3451 2302 3520 jam
2343 3450 2421 3503 ait
2460 3465 2521 3504 se
2547 3491 2562 3515 ,
2614 3464 2739 3504 cum
2776 3448 2917 3504 Deus
2955 3448 3030 3504 sit
3061 3462 3228 3501 verus
3254 3486 3269 3510 ,
3309 3446 3469 3503 facile

1872 3545 2092 3614 quidem
2135 3558 2364 3597 suorum
2414 3557 2606 3611 preces
2646 3548 3048 3610 accepturum,
3107 3550 3160 3592 et
3215 3547 3470 3607 prompte

1871 3636 2161 3690 admodum
2200 3634 2524 3703 largiturum
2550 3648 2673 3703 quae
2707 3631 2988 3701 petierint,
3027 3630 3297 3699 spiritalia
3324 3631 3467 3683 dona

1871 3728 2133 3783 nimirum
2164 3736 2218 3782 et
2252 3742 2495 3796 superna
2523 3723 2903 3779 muniﬁcentia
2935 3722 3119 3792 digna.
3149 3720 3337 3790 Neque
3369 3738 3465 3774 ve—

1871 3837 1931 3875 ro
1965 3831 2022 3873 ut
2049 3802 2239 3873 alienae
2267 3817 2627 3888 benignitatis
2657 3830 2722 3870 ac
2749 3814 3017 3869 bonitatis
3053 3812 3308 3866 minister
3351 3813 3467 3868 haac

1869 3914 1984 3976 ait,
2035 3912 2130 3966 sed
2177 3919 2235 3964 ut
2275 3911 2369 3979 qui
2411 3910 2465 3963 iu
2500 3916 2776 3979 potestate
2818 3922 2916 3962 sua
2972 3914 3176 3959 cuncta
3225 3904 3463 3971 habeat,

1868 4020 1990 4057 cum
2019 4002 2179 4057 Patre
2210 4009 2263 4056 ct
2301 4003 2416 4070 ipse
2449 4002 2730 4055 exsisteus
2754 4040 2768 4063 ,
2827 3998 2879 4053 is
2912 4012 3007 4067 per
3028 4011 3193 4065 quem
3228 3997 3414 4049 omnia
3445 4034 3463 4061 ,

1866 4103 1920 4150 et
1950 4112 1979 4149 a
2017 4097 2175 4150 nobis
2207 4096 2261 4149 in
2303 4095 2471 4149 Deum
2501 4134 2514 4158 ,
2550 4102 2605 4147 et
2638 4093 2691 4146 in
2734 4107 2836 4145 nos
2873 4090 2942 4143 ab
2974 4089 3097 4159 ipso
3128 4088 3195 4143 ³⁸.
3253 4087 3466 4144 Idcirco

1866 4188 2029 4241 etiam
2058 4188 2265 4242 Paulus
2298 4186 2631 4255 coniunctas
2666 4184 2873 4253 pariter
2910 4182 3181 4236 honorum
3216 4179 3466 4249 largitio-

1867 4295 1965 4333 nes
2003 4279 2187 4349 dignis
2218 4293 2434 4349 semper
2464 4285 2798 4345 apprecatur
2828 4314 2842 4337 ,
2897 4273 3091 4327 dicens
3138 4292 3150 4325 :
3210 4289 3228 4323 ι
3268 4270 3461 4325 Gratia

1864 4370 2023 4425 vobis
2072 4379 2127 4425 et
2176 4385 2277 4438 pax
2316 4384 2345 4421 a
2382 4370 2493 4423 Deo
2541 4366 2704 4421 Patre
2738 4372 2933 4419 nostro
2973 4372 3027 4418 ct
3068 4361 3300 4415 Domino
3332 4360 3462 4416 Jesu

1863 4464 2094 4519 Christo
2135 4463 2199 4515 ³⁵.
2241 4482 2259 4514 ι
2309 4460 2497 4531 Neque
2530 4475 2661 4515 vero
2708 4458 3005 4528 quisquam
3056 4471 3204 4509 sana:
3260 4455 3463 4513 mentis

1866 4556 2142 4625 putaverit
2195 4553 2416 4609 Patrem
2476 4552 2709 4609 seorsirn
2769 4550 2992 4620 quidem
3050 4548 3286 4616 gratiam
3352 4545 3460 4598 ali-

1865 4664 2028 4720 quam
2084 4664 2148 4702 ac
2198 4647 2435 4702 seorsim
2486 4645 2688 4698 Filium
2744 4641 3007 4710 elargiri,
3052 4642 3146 4693 sed
3193 4653 3356 4691 unam
3395 4651 3461 4692 ac

1865 4744 2112 4798 eamdem
2165 4757 2325 4805 esse,
2380 4741 2509 4794 licet
2562 4739 2630 4791 ah
2680 4747 2917 4804 utroque
2967 4732 3207 4786 dicatur.
3246 4730 3460 4785 Cuncta

1864 4839 2072 4908 quippe
2099 4836 2241 4889 bona
2268 4836 2451 4905 dignis
2494 4831 2792 4886 traduntur
2817 4844 2847 4882 a
2881 4826 3046 4880 Patre
3087 4838 3181 4894 per
3211 4821 3411 4876 Filium
3441 4864 3457 4889 ,

1863 4938 1917 4984 et
1947 4929 2260 4983 divinarum
2294 4926 2599 4997 gratiarum
2633 4924 2693 4976 ﬁt
2724 4919 3050 4976 distributio
3076 4958 3089 4981 ,
3123 4931 3233 4969 non
3267 4925 3452 4970 tamen

1865 5031 2124 5090 tanquam
2160 5036 2256 5088 per
2280 5019 2596 5073 ministrum
2628 5056 2641 5079 ,
2690 5013 2785 5069 sed
2818 5027 2916 5082 per
2951 5025 3075 5064 eum
3112 5008 3205 5077 qui
3238 5008 3459 5061 conlar-

1861 5111 2007 5179 gitor
2048 5110 2408 5181 intelligatur,
2446 5115 2500 5159 et
2538 5112 2622 5159 est
2648 5118 2795 5158 vere.
2831 5100 2950 5155 Una
2969 5100 3243 5169 siquidem
3280 5098 3457 5152 deita-

1860 5204 1933 5257 tis
1957 5212 2151 5257 natura
2187 5212 2270 5257 est
2300 5211 2465 5271 atque
2498 5201 2569 5252 ita
2596 5196 2865 5250 creditur.
2885 5194 3041 5249 Licet
3072 5193 3223 5247 enim
3252 5201 3450 5247 exteno

1859 5294 2025 5348 datur
2062 5294 2116 5347 in
2164 5292 2383 5347 Patrem
2420 5301 2473 5345 et
2504 5289 2706 5343 Filium
2745 5303 2808 5342 ac
2846 5294 3098 5342 sanctmn
3134 5283 3403 5355 Spiritum
3435 5322 3452 5348 ,

1858 5399 2205 5455 nequaquam
2264 5392 2448 5437 tamen
2508 5382 2904 5451 unusquisque
2954 5379 3024 5432 ah
3061 5380 3238 5431 altero
3290 5376 3453 5446 plane

1858 5475 2141 5532 diducitur
2169 5484 2332 5544 atque
2357 5483 2669 5544 separatur.
2705 5473 2879 5527 Recte
2911 5472 3121 5541 quippe
3145 5471 3449 5523 sentientes

1857 5569 2106 5624 dicemus
2135 5583 2200 5623 ex
2242 5567 2402 5623 Patre
2433 5584 2557 5624 esse
2592 5577 2648 5622 et
2700 5566 2756 5620 in
2786 5563 2956 5619 Patre
2994 5561 3319 5617 naturaliter
3352 5557 3444 5612 Fi-

1858 5661 2013 5728 lium,
2052 5676 2116 5717 ex
2148 5676 2323 5731 coque
2352 5669 2404 5715 ct
2437 5662 2491 5715 in
2522 5676 2610 5725 eo,
2640 5670 2691 5713 et
2718 5659 2811 5730 qui
2844 5654 3102 5726 proprius
3127 5653 3247 5721 ejus
3280 5658 3445 5720 atque
