4096 6486
706 400 807 453 251
1427 414 1449 438 ς
1700 389 1759 443 S.
1802 385 2079 443 CYRILLI
2121 386 2592 441 ALEXANDRINI
2637 386 2956 442 ARClllEl’.
3856 390 3928 445 952

694 507 821 559 Ιηῐῇ
849 512 937 559 est
966 512 1225 558 sanctum
1265 501 1557 572 Spiritum.
1590 499 1726 553 Cum
1757 500 1923 570 igitur
1957 516 2066 553 una
2114 502 2185 554 sit
2230 510 2284 553 ct

2313 504 2360 560 Α
2389 502 2488 553 οὐκ
2536 502 2646 570 ἔχει
2695 502 2787 557 τὸν
2842 503 3077 555 εἰσάπαν
3135 501 3226 552 καὶ
3285 496 3597 569 ὁλοκλήρως
3645 496 3926 571 διασπασμὸν

700 597 1049 665 intelligatur
1078 596 1386 650 secundum
1424 602 1676 646 naturam
1718 594 1895 646 deitas
1917 636 1931 658 ,
1963 608 2056 661 per
2093 590 2294 644 Filium

2399 594 2489 645 τὸν
2522 598 2599 657 εἰς
2629 596 2858 647 ἕκαστον
2896 594 3005 645 τῶν
3039 592 3454 663 σημαινομένων
3487 591 3653 662 φημί.
3705 593 3925 647 Διακεισό-

703 707 733 744 a
769 689 937 743 Patre
990 689 1045 742 in
1099 689 1305 758 Spiritu
1357 687 1537 757 dignis
1569 700 1762 739 eorum
1799 685 1939 739 dona
1989 686 2295 746 tradentur,

2403 687 2541 757 μεθα
2571 688 2679 757 γὰρ
2710 686 3030 757 φρονοῦντες
3079 685 3256 755 όρθῶς
3290 684 3363 747 ῶς
3409 684 3471 736 ὲκ
3509 682 3721 753 Πατρός
3759 684 3811 737 τέ
3848 689 3926 741 ἐστι

698 792 753 837 et
785 791 972 834 nostra
997 784 1047 834 in
1086 780 1251 833 Deum
1280 780 1609 841 referentur,
1635 778 1911 831 mediante
1935 777 2192 831 nimirum
2214 774 2299 829 Fi-

2400 780 2495 831 καὶ
2524 780 2581 830 ἐν
2630 778 2803 848 Πατρί
2856 776 3101 846 φυσικῶς
3146 778 3175 829 6
3218 774 3365 839 Υἱὸς,
3415 775 3473 839 ἐξ
3509 772 3677 828 αὐτοῦ
3712 792 3764 827 τε
3792 780 3926 832 καὶέν

700 874 793 926 lio.
818 873 985 926 Nemo
1011 873 1156 926 enim
1184 872 1329 925 venit
1351 870 1518 940 806
1548 870 1612 923 ad
1640 869 1878 935 Patrem,
1899 869 2004 923 nisi
2031 885 2126 939 per
2145 885 2294 937 eum,

2399 871 2569 941 αὐτῷ.
2625 871 2718 924 καὶ
2766 872 2826 923 τὸ
2856 872 2984 923 ῖδιον
3026 870 3191 923 αὐτοῦ
3219 886 3277 921 τε
3305 868 3399 921 καὶ
3444 866 3542 919 τοῦ
3580 866 3709 919 Υἰοῦ
3738 869 3924 940 Πνεῦμα,

700 963 845 1017 sicut
870 964 984 1033 ipse
1008 963 1264 1016 nimirum
1296 963 1469 1030 palam
1506 960 1794 1031 professus
1826 972 1929 1015 est.
1960 958 2136 1015 Jauua
2166 976 2295 1031 ergo

2396 964 2544 1016 τοῦτ’
2576 962 2710 1025 ἔστι,
2756 963 2816 1015 τὸ
2849 966 3020 1030 ἅγιον.
3073 964 3222 1025 Μιᾶς
3250 960 3543 1031 τοιγαροῦν
3591 958 3752 1028 οὐσης
3779 978 3829 1013 τε
3864 966 3926 1016 καὶ

699 1065 755 1109 et
782 1056 866 1108 via
900 1055 1153 1108 amicitia:
1181 1070 1305 1107 cum
1343 1052 1453 1107 Deo
1490 1069 1554 1107 ac
1583 1052 1747 1107 Patre
1776 1053 1875 1105 fuit
1906 1062 1960 1107 et
1988 1062 2074 1108 est
2097 1052 2293 1117 Filius,

2397 1056 2691 1125 νοουμένης
2738 1054 2839 1118 τῆς
2870 1053 3008 1106 κατά
3055 1054 3215 1122 φύσιν
3245 1052 3519 1122 θεότητος,
3571 1050 3637 1102 δι’
3667 1050 3785 1103 Υἰοῦ
3820 1058 3924 1123 παρὰ

699 1155 752 1200 et
783 1146 911 1200 doni
939 1146 1084 1214 quod
1108 1146 1178 1199 ab
1202 1146 1323 1216 ipso
1351 1147 1695 1216 conlargitor
1727 1147 1893 1201 simul
1923 1156 2088 1216 atque
2115 1147 2296 1201 distri-

2398 1148 2609 1217 Πατρὸς
2631 1148 2688 1199 ὲν
2715 1146 3132 1217 Πνεύματι,τοῖς
3167 1145 3336 1210 ἀξίοις
3360 1146 3428 1198 τά
3461 1145 3593 1208 παρ’
3620 1144 3791 1206 αὐτοῖς
3808 1163 3926 1216 χορῃο

697 1239 899 1303 butor,
942 1246 1002 1290 ut
1043 1252 1109 1291 ex
1143 1252 1249 1290 una
1299 1238 1463 1291 simul
1502 1245 1555 1290 ct
1608 1238 1889 1291 communi
1937 1238 2290 1306 benignitate.

2394 1238 2715 1306 γηθήσεται,
2769 1238 2861 1290 καὶ
2910 1236 2977 1289 τά
3024 1236 3152 1307 παρ’
3202 1236 3358 1306 ἡμῶν
3399 1236 3475 1296 εἰς
3519 1232 3655 1285 Θεὸν
3686 1235 3928 1305 ἀπενεχθῆ-

700 1326 817 1382 Una
844 1330 1044 1397 quippe
1072 1340 1154 1381 est
1184 1328 1408 1381 deitatis
1442 1338 1640 1381 natura
1674 1329 1726 1381 in
1762 1343 2001 1397 persona
2037 1338 2090 1381 et
2118 1329 2292 1399 hypo-

2397 1347 2570 1393 σεται,
2631 1330 3004 1400 μεσιτεύο-ηος
3044 1328 3285 1398 δηλονότι
3328 1327 3421 1380 τοῦ
3463 1326 3617 1379 Υἰοῦ.
3663 1328 3830 1390 Οὐδεὶς
3852 1332 3925 1404 γὰρ

698 1422 835 1475 stasi
870 1420 1054 1473 Patris
1092 1429 1147 1473 ct
1191 1419 1311 1473 Filii
1360 1420 1648 1489 sanctique
1679 1420 1940 1489 Spiritus.
1987 1420 2126 1487 Quia
2165 1438 2294 1476 vero

2394 1422 2615 1491 ἔρχεται
2646 1422 2782 1490 πρὸς
2814 1422 2906 1473 τὸν
2939 1421 3176 1493 Πατέρα,
3227 1422 3275 1472 εἰ
3309 1419 3384 1492 μὴ
3414 1419 3481 1472 δι’
3513 1417 3703 1480 αὐτοῦ,
3733 1420 3925 1492 καθάπερ

698 1513 1027 1565 inusitatum
1077 1511 1259 1565 adhuc
1299 1519 1417 1566 erat
1468 1512 1711 1580 antiquis
1747 1511 1962 1565 Patrem
2009 1513 2161 1565 adire
2198 1529 2294 1582 per

2394 1512 2589 1582 ἀμέλει
2643 1510 3016 1580 διωμολόγηκε
3055 1510 3147 1562 καί
3178 1510 3361 1573 αὐτός.
3391 1508 3545 1579 Θύρα
3576 1509 3838 1580 τοιγαροῦν
3862 1514 3924 1565 καὶ

700 1603 943 1667 Filium,
977 1604 1121 1658 istud
1149 1618 1369 1674 quoque
1412 1605 1618 1658 utiliter
1650 1604 1810 1658 docet
1834 1646 1848 1667 ,
1885 1620 1949 1658 ac
1973 1604 2123 1672 jacto
2146 1608 2292 1659 velut

2392 1605 2510 1668 ὁδὸς
2555 1605 2652 1674 τῆς
2687 1604 2822 1675 πρὸς
2852 1605 2985 1657 Θεὸν
3028 1604 3123 1656 καὶ
3154 1602 3370 1675 Πατέρα
3406 1601 3595 1670 φιλίας
3623 1619 3679 1654 τε
3708 1602 3826 1671 ὁμοῦ
3864 1607 3925 1656 καί

698 1696 943 1765 quodam
991 1697 1155 1751 istius
1188 1696 1263 1749 rei
1310 1696 1364 1749 in
1401 1698 1518 1750 suis
1560 1696 1857 1765 discipulis
1896 1694 2289 1764 fundamento,

2394 1699 2621 1769 προόδου
2671 1698 2859 1766 γέγονέ
2908 1714 2969 1750 τε
3017 1697 3112 1751 καὶ
3149 1696 3294 1771 ἔστιν
3321 1698 3349 1749 6
3396 1695 3550 1758 Υἰὸς,
3601 1694 3691 1747 και
3720 1696 3807 1764 τῆς
3834 1704 3923 1766 παρ’

698 1786 858 1842 ﬁdem
890 1803 951 1840 ac
984 1788 1339 1856 disciplinam
1372 1787 1536 1839 etiam
1574 1787 1628 1839 in
1671 1802 1773 1841 nos
1816 1787 1966 1855 ipsos
1996 1789 2287 1841 transmit-

2320 1847 2360 1863 ,-
2392 1791 2558 1845 αὐτοῦ
2592 1792 2802 1863 δωρεᾶς
2838 1792 3099 1861 συνδοτήρ
3147 1806 3207 1842 τε
3242 1789 3376 1860 ὁμοῦ
3408 1788 3503 1840 καὶ
3543 1788 3836 1856 διανομείκ,
3875 1790 3924 1851 ὡς

695 1878 786 1941 tit,
822 1894 885 1932 ac
922 1878 1257 1948 precationis
1289 1879 1509 1931 modum
1533 1885 1587 1931 et
1619 1894 1771 1948 spem
1796 1878 2137 1934 manifestat.
2170 1878 2287 1949 Ipse

2320 1847 2362 1903 Β
2395 1886 2459 1938 ὲκ
2495 1886 2624 1954 μιᾶς
2653 1847 2708 1936 τε
2739 1847 2854 1953 ἅμα
2904 1884 2995 1936 καὶ
3050 1847 3237 1951 κοινῆς
3275 1847 3611 1951 ἰριλοτιμίας.
3662 1847 3767 1934 blla

696 1988 935 2040 namque
966 1986 1087 2040 qua:
1136 1970 1360 2039 petituri
1397 1970 1607 2023 orando
1636 1985 1829 2035 sumus
1857 2013 1871 2037 ,
1919 1971 2180 2026 daturum
2227 1988 2287 2029 se

2393 1979 2492 2048 τῆς
2539 1976 2792 2046 θεότητος
2841 1975 3002 2044 φύσις
3050 1976 3108 2027 ὲν
3142 1974 3422 2046 προσώπῳ
3470 1991 3531 2028 τε
3570 1975 3664 2027 καὶ
3692 1974 3922 2027 ὑποστάσει

696 2066 1023 2134 pollicetur,
1070 2066 1119 2118 id
1163 2065 1390 2131 insuper
1431 2064 1640 2117 addens
1686 2079 1902 2132 quoque
1948 2064 2165 2118 creteris
2215 2064 2279 2118 ad

2394 2070 2608 2141 Πατρός
2653 2085 2713 2120 τε
2756 2068 2852 2120 καὶ
2880 2068 3010 2120 Υἰοῦ
3058 2068 3153 2121 καὶ
3183 2069 3339 2135 ἁγίου
3370 2067 3709 2137 Πνεῦματος.
3764 2068 3921 2138 Ἐπειδὴ

695 2157 1188 2212 demonstrandam
1237 2156 1344 2211 sibi
1384 2171 1413 2209 a
1449 2164 1645 2209 natura
1677 2156 1898 2210 insitam
1935 2155 2284 2212 divinitatem

2395 2161 2452 2213 δὲ
2474 2158 2742 2229 άσύνηθές
2769 2175 2887 2221 πως
2909 2159 3020 2221 τοῖς
3050 2158 3426 2230 ἀρχαιοτέροις
3454 2159 3549 2211 καὶ
3572 2159 3921 2229 ἀνεπιτήδευτον

693 2256 1136 2319 potestatemque
1172 2249 1399 2318 regiam.

2392 2248 2460 2323 ἦν
2492 2252 2657 2305 ἔτιτὸ
2682 2251 2749 2304 δι’
2785 2248 2917 2302 Υἰοῦ
2964 2250 3364 2321 προσέρχεσθαι
3395 2250 3474 2321 τῷ
3509 2252 3702 2320 Πατρί.
3738 2252 3920 2306 διδάσκει

694 2343 978 2399 καὶτοῦτο
1027 2343 1335 2415 χρησίμως,
1380 2342 1474 2395 καὶ
1516 2340 1707 2413 ῶσπερ
1751 2342 1873 2395 τινὰ
1907 2345 2147 2415 κρηπῖδα
2188 2346 2283 2400 τοῦ
2322 2347 2649 2419 πράγματος
2718 2346 2773 2397 ὲν
2803 2346 2915 2407 τοῖς
2989 2344 3137 2407 ἰδίοις
3179 2343 3448 2414 μαθηταῖς
3498 2344 3921 2413 προκαταϐάλλων.

693 2440 787 2493 καὶ
833 2439 929 2511 τὴν
961 2439 1055 2492 ἐπὶ
1087 2438 1262 2508 τούτῳ
1311 2438 1493 2491 πίστιν
1539 2453 1599 2488 τε
1636 2437 1728 2489 καὶ
1795 2437 2051 2508 μάθησιν,
2098 2442 2193 2494 καὶ
2244 2444 2326 2506 εἰς
2395 2444 2542 2512 ἡμᾶς
2590 2442 2787 2504 αὐτοὺς
2838 2440 3202 2511 παραπέμπει
3246 2442 3341 2494 καὶ
3392 2440 3488 2508 τῆς
3540 2442 3823 2511 προσευχῆς
3860 2441 3921 2495 τὸν

692 2533 894 2603 τρόπον
923 2532 1144 2601 καὶτῆς
1178 2530 1393 2592 ἐλπίδος
1418 2528 1516 2599 τὴν
1542 2528 1793 2599 δήλωσιν.
1838 2531 2154 2586 Ἐπιδώσειν
2180 2534 2290 2606 γὰρ
2328 2535 2491 2597 αὐτὸς
2534 2534 2601 2587 τὰ
2648 2536 2706 2586 ὲν
2744 2533 2927 2602 εὐχαῖς
2960 2534 3090 2602 ἡμῖν
3159 2532 3579 2599 ἐπαγγέλλεται,
3623 2531 3803 2602 δεῖγμα
3852 2534 3921 2602 τῆς

692 2625 834 2680 κατὰ
862 2625 1021 2694 φύσιν
1043 2623 1290 2693 θεότητος
1324 2621 1545 2688 καὶτῆς
1572 2621 1798 2691 ἐνούσης
1824 2622 1972 2693 αὐτῷ
1994 2623 2281 2695 βασιλικῆς
2320 2626 2573 2693 ἐξουσίας
2607 2625 2697 2678 καὶ
2730 2624 2889 2677 τοῦτο
2924 2628 3036 2688 τοῖς
3069 2623 3250 2687 ἄλλοις
3287 2624 3627 2694 προστιθείς.

764 2736 905 2799 XIV.
940 2738 1022 2792 l5.
1055 2736 1113 2791 Si
1146 2736 1375 2806 diligitis
1408 2752 1507 2801 me,
1544 2737 1803 2789 mandata
1833 2754 1947 2789 mea
1979 2750 2207 2794 servate.

2472 2744 2614 2800 Ἐὰν
2650 2742 2917 2815 ἀγαπᾶτέ
2949 2761 3047 2813 με,
3085 2743 3193 2809 τὰς
3220 2741 3478 2809 ἐντολάς
3511 2761 3631 2813 μου
3669 2745 3917 2812 τηρήσετε.

761 2873 897 2929 Cum
926 2870 1165 2943 jusserit
1184 2879 1243 2925 ut
1271 2871 1365 2942 qui
1392 2871 1614 2940 petituri
1647 2880 1801 2936 sunt,
1847 2871 1902 2924 in
1938 2873 2162 2930 nomine
2184 2890 2284 2931 suo

2460 2881 2675 2952 Χρῆναι
2704 2880 2800 2950 μὲν
2834 2881 3005 2933 αἰτεῖν
3035 2876 3364 2948 εὐχομένους
3398 2876 3495 2929 ἐπὶ
3522 2875 3600 2946 τῷ
3630 2876 3828 2945 ὀνόματι
3851 2877 3916 2930 αὐ-

690 2980 921 3041 petant,
969 2979 1020 3023 et
1056 2970 1374 3037 petentibus
1428 2967 1761 3037 largiturum
1809 2983 1869 3022 se
1912 2967 2287 3038 quodcunque

2388 2971 2481 3024 τοῦ
2528 2969 2881 3041 διατεταχὼς,
2932 2970 3259 3039 χορηγήσειν
3293 2967 3350 3019 δὲ
3386 2969 3504 3029 τοῖς
3547 2966 3775 3020 αἰτοῦσιν
3802 2966 3916 3029 αὐτὸς

694 3065 864 3118 velint
906 3064 1238 3133 polliceatur
1263 3103 1279 3127 ,
1327 3061 1380 3115 id
1413 3060 1688 3129 imprimis
1719 3066 1877 3114 cavet
1911 3075 1980 3114 ne
2017 3060 2288 3115 mentitus

2387 3063 2524 3132 ὅπερ
2556 3062 2621 3115 ἂν
2650 3062 2946 3132 βούλωνται
2995 3059 3180 3113 λαϐεῖν
3227 3059 3679 3129 ὑπισχνούμενος,
3722 3060 3914 3127 φροντίδι

696 3157 966 3220 videatur,
991 3162 1215 3224 propter
1253 3153 1457 3223 impias
1489 3152 1956 3205 calumniatorum
1989 3166 2172 3206 voces.
2199 3150 2276 3204 Ex

2320 3218 2351 3224 _
2400 3159 2633 3208 ποιεῖται
2665 3154 2863 3224 πολλὴν
2894 3152 2986 3205 τοῦ
3022 3152 3095 3222 μὴ
3124 3150 3507 3220 διαψεύδεσθαι
3537 3150 3726 3213 δοκεῖν,
3755 3151 3827 3203 διά
3848 3149 3914 3212 τὰς

691 3250 830 3319 ipsis
857 3250 1003 3305 enim
1045 3247 1221 3302 sacris
1255 3244 1483 3299 Litteris
1516 3242 1867 3313 potissimum
1901 3241 2085 3297 videre
2115 3244 2279 3306 licet,

2310 3218 2354 3276 ο
2391 3248 2500 3301 τῶν
2528 3247 2793 3300 εἰωθότων
2821 3218 3137 3314 ᾧιλοψογεῖν
3167 3218 3499 3305 καταλαλιάς
3528 3242 3776 3304 ἀνοσίους.
3805 3242 3913 3293 Ἐστι

694 3342 1001 3396 nonnullos
1033 3340 1189 3393 adire
1237 3336 1463 3407 quidem
1497 3336 1676 3405 ipsum
1714 3343 1769 3390 et
1802 3337 1858 3389 in
1902 3335 2021 3405 ejus
2065 3336 2288 3390 nomine

2388 3340 2497 3410 γὰρ
2536 3338 2680 3399 ἰδεῖν,
2730 3338 2824 3389 καὶ
2872 3336 2932 3400 ἐξ
2977 3335 3156 3389 αὐτῶν
3196 3334 3431 3404 μάλιστα
3467 3333 3578 3387 τῶν
3610 3333 3755 3401 ἱερῶν
3782 3333 3914 3401 Γραμ-

695 3444 881 3505 petere
908 3473 922 3496 ,
971 3444 1322 3500 nequaquam
1359 3436 1542 3481 tamen
1593 3428 1849 3497 accipere
1874 3468 1889 3490 ,
1926 3427 2059 3496 quid
2089 3427 2288 3497 cuique

2393 3432 2604 3501 μάτων,
2648 3430 2721 3492 ὼς
2756 3429 3017 3500 προσίασι
3056 3427 3154 3497 μὲν
3200 3426 3295 3479 καὶ
3338 3426 3676 3489 ὲξαιτοῦνταί
3706 3441 3826 3487 τινες
3852 3424 3913 3475 ἐπὶ

694 3526 992 3582 conveniat
1037 3532 1092 3575 et
1135 3521 1266 3588 quid
1312 3519 1630 3590 petentibus
1668 3521 1943 3574 conducat
1977 3534 2085 3572 non
2125 3518 2285 3588 igno-

2388 3523 2466 3594 τῷ
2515 3523 2739 3592 ὀνόματι
2788 3520 2986 3582 αὐτοῦ,
3042 3520 3285 3589 δέχονταί
3346 3536 3409 3587 γε
3462 3518 3572 3590 μὴν
3623 3516 3839 3586 οὐδαμῶς
3875 3515 3915 3565 τὸ

694 3624 855 3671 rante
890 3614 1000 3669 Deo
1026 3614 1092 3667 ³⁸.
1131 3612 1199 3666 Ut
1241 3627 1375 3682 ergo
1408 3610 1672 3666 Dominus
1701 3622 1888 3665 noster
1916 3609 2080 3666 Iesus
2123 3610 2287 3665 Chri-

2391 3616 2604 3685 ἑκάστῳ
2658 3614 2904 3686 πρέπον,
2963 3613 3056 3665 καὶ
3106 3615 3219 3675 τοῖς
3288 3611 3503 3665 αἰτοῦσι
3560 3609 3807 3671 λυσιτελὲς
3845 3608 3913 3659 οὐκ

695 3717 815 3764 stus
847 3707 1024 3777 palam
1054 3704 1372 3759 ostenderet
1397 3704 1464 3757 ad
1491 3718 1759 3772 quosnam
1788 3703 1953 3756 verba
1981 3703 2202 3765 faceret,
2236 3710 2289 3757 et

2390 3707 2721 3778 ὴγνοηκότος
2752 3705 2907 3759 Θεοῦ.
2943 3707 3061 3758 Ἵνα
3097 3704 3276 3759 τοίνυν
3306 3704 3556 3777 ἐπιδείξῃ
3588 3703 3757 3771 σαφῶς
3788 3703 3810 3753 6
3837 3699 3914 3752 Κύ-

694 3796 1028 3865 quibusnam
1070 3791 1461 3862 promissionis
1513 3792 1691 3861 gratia
1746 3790 2081 3854 deberetur,
2130 3799 2187 3844 et
2232 3791 2285 3843 in

2394 3818 2505 3870 ριος
2544 3800 2701 3869 ἡμῶν
2749 3798 2956 3868 Ἰησοῦς
2988 3801 3017 3852 ὁ
3059 3798 3314 3870 Χριστὸς,
3358 3798 3495 3869 πρὸς
3532 3797 3679 3857 τίνας
3706 3793 3829 3862 αὐτῷ
3848 3791 3910 3858 γέ·

694 3904 807 3957 quo
832 3902 960 3940 vere
993 3886 1183 3937 futura
1214 3891 1395 3945 esset,
1444 3882 1631 3935 statim
1680 3880 1982 3949 diligentes
2027 3897 2087 3937 se
2132 3881 2289 3935 exhi-

2389 3894 2513 3959 γονέ
2536 3909 2593 3945 τε
2621 3890 2715 3944 καὶ
2740 3890 2891 3943 ἔστιν
2912 3893 2940 3943 6
2964 3890 3141 3958 λόγος,
3166 3892 3259 3943 καὶ
3278 3891 3420 3943 τίσιν
3445 3891 3477 3960 ἡ
3509 3890 3607 3959 τῆς
3635 3886 3912 3956 ὑποσχέσεως

696 3978 815 4035 buit
838 4018 854 4040 ,
889 3987 943 4032 et
977 3984 1234 4030 exactum
1273 3973 1409 4043 legis
1436 3972 1722 4027 custodem
1759 3971 2015 4040 adiunxit
2038 4012 2054 4035 ,
2091 3981 2285 4027 osten-

2389 3984 2661 4052 ὀφείλεται
2692 3982 2872 4053 χάρις,
2922 3982 3004 4050 ἐφ’
3051 3976 3096 4050 ᾧ
3131 3982 3284 4035 ἔσται
3335 3983 3429 4035 καὶ
3461 3979 3696 4051 άληθῶς,
3733 3975 3912 4047 παρεκό-

697 4070 834 4124 deus
875 4084 983 4121 non
1019 4066 1086 4120 ad
1122 4066 1261 4119 alios
1292 4081 1457 4135 quam
1495 4065 1561 4118 ad
1598 4064 1748 4133 ipsos
1784 4063 1899 4119 fieri
1931 4064 2288 4135 benignitatis

2393 4090 2551 4144 μισεν
2593 4073 2756 4137 εὐθὺς
2805 4073 2913 4125 τῶν
2948 4072 3286 4141 ἀγαπώντων
3311 4072 3373 4124 τὸ
3418 4072 3724 4144 πρόσωπον,
3754 4065 3910 4120 καὶτὸν

698 4160 1126 4230 promissionem
1154 4167 1207 4212 et
1232 4158 1570 4227 spiritalium
1603 4156 1875 4210 bonorum
1914 4157 2285 4226 largitionem.

2388 4164 2589 4236 ἀκριϐῆ
2628 4163 2978 4235 νομοφύλακα
3010 4162 3418 4234 παραζεύγνυσι
3458 4162 3538 4234 τῷ
3578 4163 3728 4231 λόγῳ,
3754 4158 3910 4215 δεικψῦς

696 4251 835 4305 Nam
872 4252 1125 4306 contrahi
1160 4266 1303 4319 saepe
1339 4249 1433 4305 Dei
1478 4265 1734 4313 manum,
1780 4257 1835 4305 et
1867 4265 2050 4303 rerum
2094 4264 2289 4319 spera-

2389 4258 2471 4311 ότι
2502 4257 2637 4329 πρὸς
2686 4258 2883 4320 αὐτοὺς
2926 4256 3023 4310 καὶ
3067 4256 3165 4327 οὐχ
3199 4256 3417 4326 ἑτέρους
3454 4258 3485 4326 ὴ
3518 4259 3615 4325 τῆς
3644 4252 3909 4323 ἡμερότητος

696 4352 876 4398 tarum
915 4344 1121 4397 exitum
1166 4344 1234 4397 iis
1272 4343 1365 4411 qui
1411 4350 1561 4396 recte
1605 4350 1791 4411 petere
1830 4341 2079 4397 nesciant
2120 4342 2289 4394 inter-

2391 4349 2695 4417 ἐπαγγελία
2729 4350 2820 4402 καὶ
2854 4350 2886 4418 ἠ
2916 4349 3024 4402 τῶν
3055 4349 3443 4418 πνευματικῶν
3487 4349 3702 4418 ἀγαθῶν
3728 4344 3908 4402 ἐπίδοσις

696 4434 870 4500 cludi,
908 4435 1071 4500 facile
1106 4449 1377 4504 agnosces
1408 4450 1471 4487 ex
1499 4434 1568 4487 iis
1599 4450 1722 4503 qua:
1750 4433 1954 4487 Christi
1984 4432 2289 4502 discipulus

2390 4440 2457 4492 δι’
2489 4438 2654 4493 αὐτοῦ
2703 4442 2967 4510 κρατήσει
3012 4441 3107 4494 καὶ
3152 4441 3463 4510 γενήσεται.
3507 4442 3629 4496 Ὅτι
3672 4440 3764 4508 γὰρ
3807 4434 3908 4500 ὅκνφ

696 4527 892 4583 scribit
923 4528 975 4580 in
1010 4531 1155 4581 hunc
1189 4528 1410 4581 modum
1447 4544 1460 4580 :
1514 4546 1531 4576 ι
1564 4527 1753 4581 Petitis
1779 4568 1792 4593 ,
1834 4538 1887 4582 et
1930 4542 2041 4581 non
2074 4526 2287 4595 accipi—

2322 4566 2363 4620 υ
2394 4531 2652 4593 πολλάκις
2700 4532 2733 4600 ἡ
2764 4531 2999 4600 χορηγὸς
3028 4530 3374 4584 συστέλλεται
3404 4532 3528 4604 χεὶρ
3562 4531 3651 4587 τοῦ
3675 4527 3805 4620 Θεοῦ,
3831 4526 3908 4584 τοῖς

696 4620 807 4681 tis,
856 4636 922 4675 eo
956 4620 1102 4689 quod
1145 4622 1285 4674 male
1316 4622 1543 4689 petitis.
1607 4628 1665 4674 ut
1716 4621 1769 4674 in
1812 4620 2286 4691 concupiscentiis

2324 4619 2342 4620 ί
2393 4624 2493 4676 οὐκ
2547 4622 2723 4694 ὀρθῶς
2779 4621 3054 4675 ἐθέλουσιν
3113 4624 3284 4677 αἰτεῖν
3344 4624 3407 4677 τὸ
3462 4625 3573 4680 τῶν
3616 4619 3908 4678 ἐλπισθέντων

694 4712 893 4765 vestris
925 4714 1267 4765 consumatis
1300 4712 1364 4765 ³⁷.
1403 4732 1420 4762 ι
1463 4713 1676 4767 Idcirco
1706 4720 1759 4768 et
1788 4712 1855 4767 de
1888 4714 2081 4767 animo
2105 4712 2287 4782 dupli-

2394 4718 2759 4771 ἀποκλείουσα
2792 4717 2987 4788 πέρας,
3031 4717 3285 4788 συνήσεις
3312 4717 3553 4782 εὐκόλως
3580 4718 3635 4782 ἐξ
3663 4709 3731 4769 ὧν
3761 4716 3786 4766 ὁ
3816 4711 3909 4778 Χριο

693 4802 851 4856 cibus
884 4804 960 4855 ait
986 4820 998 4855 :
1043 4822 1059 4853 ‹
1086 4801 1205 4857 Non
1234 4819 1363 4873 ergo
1392 4804 1630 4859 restituet
1650 4804 1817 4859 homo
1846 4804 1936 4859 ille
1963 4805 2111 4875 quod
2140 4804 2287 4858 acci-

2395 4807 2521 4861 στοῦ
2571 4808 2819 4879 μαθητὴς
2866 4807 3215 4861 ἀποτείνεται
3262 4808 3492 4877 γράφων
3524 4809 3656 4862 ὡδί·
3704 4824 3723 4867 ι
3751 4802 3905 4855 Αἰτεῖτε

697 4892 809 4961 piat
840 4892 1043 4962 aliquid
1082 4910 1112 4947 a
1152 4892 1385 4947 Domino
1417 4910 1430 4946 :
1470 4895 1554 4948 vir
1582 4897 1727 4948 enim
1753 4894 1957 4965 duplex
1987 4896 2175 4949 animo
2204 4896 2287 4948 in-

2395 4900 2489 4952 καὶ
2518 4900 2579 4952 οὐ
2609 4900 2936 4970 λαμϐάνετε,
2988 4899 3124 4952 διότι
3171 4898 3358 4962 κακῶς
3392 4903 3615 4963 αἰτεῖτε,
3654 4900 3729 4951 ἵνα
3752 4898 3799 4948 ὲν
3823 4892 3906 4948 ταῖς

697 4994 964 5039 constans
1001 4993 1083 5039 est
1116 4985 1168 5039 iu
1203 4987 1463 5041 omnibus
1495 4987 1602 5042 viis
1635 4989 1751 5042 suis
1791 4988 1855 5039 ³⁸.
1894 5006 1909 5038 ι
1962 4986 2286 5042 Petentibus

2395 4990 2607 5060 ἡδοναῖς
2640 4990 2793 5060 ὑμῶν
2821 4990 3191 5059 δαπανήσητε.
3226 5009 3243 5041 ι
3283 4991 3373 5043 Διὸ
3407 4992 3500 5044 καὶ
3531 4991 3682 5044 πάλιν
3707 4977 3904 5055 περὶτῶν

697 5074 842 5130 enim
871 5091 1164 5144 supernam
1189 5079 1420 5147 gratiam
1456 5094 1566 5133 non
1597 5080 1663 5132 ad
1691 5079 1853 5148 807
1876 5078 2135 5131 virtutem
2165 5094 2287 5147 per-

2391 5080 2633 5151 διψυχεῖν
2665 5080 2929 5134 εἰωθότων
2957 5079 3089 5150 φησί
3115 5098 3131 5113 ·
3188 5101 3205 5132 ι
3236 5083 3327 5152 Μὴ
3355 5081 3465 5153 γὰρ
3490 5082 3679 5136 οἰέσθω
3705 5081 3730 5131 6
3748 5075 3904 5141 ἄνθρω-

700 5165 989 5220 ﬁciendam
1014 5205 1029 5229 ,
1058 5167 1154 5220 sed
1179 5170 1243 5221 ad
1276 5174 1463 5225 carnis
1501 5171 1838 5239 voluptatem
1885 5178 1938 5225 et
1976 5171 2288 5226 mundanas

2285 5205 2288 5221 .
2392 5189 2492 5233 πος
2525 5174 2749 5235 ἐκεῖνος,
2775 5172 2856 5223 ὃτι
2886 5170 3115 5242 λήψεταί
3144 5189 3197 5224 τι
3231 5172 3384 5243 παρὰ
3430 5172 3524 5226 τοῦ
3554 5171 3739 5242 Κυρίου
3760 5182 3772 5195 ’
3802 5160 3902 5229 ἀνὴρ

700 5258 1026 5327 cupiditates
1064 5258 1327 5314 fruendas
1352 5300 1367 5326 ,
1417 5279 1607 5318 aurem
1641 5271 1854 5316 tantum
1892 5277 1998 5315 non
2052 5262 2293 5317 occludit

2285 5273 2293 5316 ι
2393 5262 2500 5331 γὰρ
2554 5262 2809 5332 δίψυχος,
2865 5264 3247 5328 ἀκατάστατος
3300 5265 3357 5317 ὲν
3414 5265 3613 5329 πάσαις
3662 5263 3764 5322 ταῖς
3804 5255 3902 5311 ὁδοῖς

701 5346 865 5411 Deus,
894 5363 957 5401 ac
990 5350 1125 5403 nihil
1156 5366 1383 5420 prorsus
1414 5354 1685 5424 elargitur
1721 5373 1742 5407 ι»
1781 5369 1903 5423 qua:
1932 5354 2078 5407 enim
2106 5356 2291 5409 renuit

2284 5372 2291 5408 ι
2393 5350 2579 5403 αὐτοῦ.
2612 5372 2629 5403 ι
2666 5351 2790 5414 Τοῖς
2828 5354 2927 5422 μὲν
2956 5352 3064 5424 γὰρ
3092 5354 3372 5425 ἐρωτῶσιν
3398 5356 3499 5409 οὐκ
3530 5358 3607 5419 εἰς
3634 5346 3901 5419 κατόρθωσιν

701 5454 766 5493 ac
792 5447 1051 5509 tanquam
1085 5443 1406 5499 detestanda
1451 5447 1662 5515 rejicit,
1694 5446 1974 5516 quomodo
2008 5448 2290 5503 nonnullis

2285 5465 2290 5500 ι
2394 5440 2595 5511 ἀρετῆς
2624 5443 2722 5514 τὴν
2753 5444 2959 5498 ἄνωθεν
2991 5446 3169 5515 χάριν,
3201 5446 3318 5498 ἀλλ’
3352 5448 3433 5510 εἰς
3457 5448 3739 5501 ἀπόλαυσιν
3762 5450 3902 5504 ea?”

700 5532 996 5602 largietur?
1023 5542 1114 5587 aut
1134 5536 1413 5603 quomodo
1440 5537 1565 5591 fons
1589 5539 1773 5592 omnis
1799 5536 2109 5591 dulcedinis
2138 5552 2288 5589 ama-

2281 5566 2288 5577 ’
2397 5531 2497 5599 κῆς
2530 5533 2723 5602 ἡδονῆς
2765 5536 2860 5588 καὶ
2889 5536 3172 5605 κοσμικῶν
3203 5537 3530 5607 ἐπιθυμιῶν,
3570 5530 3813 5608 μονονουχί
3834 5524 3898 5577 καὶ

700 5623 745 5677 ri
793 5624 1071 5694 quidpiam
1128 5629 1428 5683 emiserit?
1486 5628 1641 5693 Quod
1704 5638 1887 5681 autem
1955 5628 2285 5696 Spiritalium

2283 5657 2285 5679 ι
2396 5623 2731 5694 ἀποφράττει
2784 5628 2842 5680 τὸ
2898 5625 2990 5692 οῦς
3038 5630 3065 5681 6
3124 5628 3277 5693 Θεὸς,
3328 5635 3555 5701 χορηγεῖ
3596 5632 3646 5685 δὲ
3688 5616 3900 5679 παντελῶς

774 5805 818 5838 “
844 5805 863 5860 l
892 5806 1050 5865 Joan.
1086 5824 1141 5879 ν,
1184 5810 1264 5864 H.
1345 5810 1388 5840 "
1428 5806 1546 5862 Jac.
1591 5821 1664 5873 iv,
1693 5808 1745 5861 3.
1825 5808 1865 5837 ³⁸
1895 5804 2012 5861 Jac.
2050 5821 2087 5869 ι,
2114 5806 2168 5866 7.
2196 5806 2244 5860 8.
