4096 6474
184 415 313 472 253

1201 406 1270 463 ΙΝ
1297 400 1583 463 JOANNIS
1618 389 2070 452 EVANGELIUI
2112 396 2243 452 LIB.
2274 397 2372 452 1X.

3361 392 3471 446 256

186 533 388 587 οὐδέν’
436 530 473 586 ἃ
521 530 629 603 γὰρ
677 530 743 584 ἂν
790 529 1085 599 ἀποφάσκῃ
1114 528 1208 580 καὶ
1240 524 1522 593 ἀπόϐλητα
1564 517 1783 586 ποιῆται

1894 514 2192 581 gratiarum
2244 512 2592 589 amatoribus
2642 510 2814 566 divite
2869 523 2934 562 ac
2992 513 3248 577 wornpta
3286 522 3464 560 manu

182 622 283 677 διὰ
312 624 408 695 τὴν
433 624 658 675 ἐνοῦσαν
684 623 867 682 αὐτοῖς
899 619 1200 689 βδελυρίαν,
1230 615 1347 679 πῶς
1378 617 1444 667 ἀν
1475 612 1779 683 χορηγῆσαι

184 715 377 774 τισίν;
430 714 464 783 ἡ
496 713 552 765 δὲ
582 713 799 782 ἀπάσης
836 710 1176 779 γλυκύτητος
1210 708 1360 777 πηγὴ
1395 706 1513 767 πῶς
1543 706 1608 757 ἂν
1641 699 1781 770 αὐτὴ

185 808 395 879 πικρὸν
426 806 727 861 ἀναὸλύσαι
762 805 942 874 νᾶμα;
989 804 1112 856 Ὅτι
1140 801 1197 853 δὲ
1239 801 1352 860 τοῖς
1390 796 1499 849 τῶν
1538 808 1781 861 πνευμα-

184 901 368 954 τικῶν
396 898 756 971 χαρισμάτων
785 896 1043 967 ἐρασταῖς
1087 892 1318 962 πλουσίᾳ
1345 907 1404 943 τε
1449 887 1545 941 καὶ
1582 883 1783 955 προθυ-

190 992 411 1064 μοτάτῃ
459 991 602 1061 χειρὶ
643 988 884 1058 διανέμει
928 987 998 1041 τὰ
1047 984 1244 1053 ἀγαθὰ,
1297 980 1521 1050 κατόψει
1557 978 1780 1050 ῥαδίως,

184 1084 325 1137 ὅταν
346 1081 586 1153 ἀκούσῃς
611 1081 860 1148 λέγοντος
883 1078 971 1132 διὰ
1001 1078 1098 1148 μὲν
1137 1076 1361 1129 Ἡσαΐου
1384 1072 1477 1126 τού
1504 1070 1782 1144 προφήτου

186 1176 337 1245 πρὸς
365 1173 559 1238 αύτούς
586 1191 600 1205 ο
636 1193 653 1224 ι
682 1173 802 1225 Ἔτι
833 1170 925 1224 σού
961 1168 1265 1232 λαλούιντος,
1294 1165 1405 1237 ὲρῶ
1429 1179 1442 1192 ·
1480 1163 1544 1215 Τί
1576 1163 1725 1223 tam;
1756 1176 1776 1209 ι

184 1267 298 1319 Διά
343 1266 401 1319 δὲ
447 1267 545 1335 τῆς
586 1264 681 1318 τοῦ
716 1264 1026 1325 Ψάλλοντος
1072 1260 1255 1331 φωνῆς
1285 1259 1366 1312 ὃτι
1428 1274 1446 1308 ι
1484 1252 1785 1323 Ὀφθαλμοὶ

184 1358 407 1430 Κυρίου
442 1360 534 1411 ἐπὶ
575 1357 836 1419 δικαίους,
885 1356 979 1408 καί
1005 1348 1121 1407 ὦτα
1154 1349 1319 1406 αὑτοῦ
1358 1352 1437 1412 εἰς
1466 1348 1651 1418 δέησιν
1687 1344 1785 1397 αύ-

184 1453 326 1507 τῶν.
365 1472 384 1503 ι
430 1450 788 1522 Ὀρισάμενος
817 1448 998 1502 τοίνυν
1036 1448 1130 1501 καὶ
1162 1444 1463 1517 διαρρήδην
1496 1439 1665 1494 εἰπὼν
1703 1439 1784 1491 ὅτι

184 1547 310 1607 τοῖς
349 1543 640 1612 ἀγαπῶσιν
679 1540 842 1595 αὐτὸν
875 1538 1150 1610 ὀφείλεται
1191 1554 1249 1590 τε
1302 1536 1397 1589 καὶ
1447 1531 1677 1602 ὑπάρξει
1722 1528 1786 1600 δὴ

188 1637 419 1698 πάντως
462 1634 525 1687 τὸ
550 1636 662 1697 τοῖς
707 1632 912 1687 ἀνωθεν
946 1630 1216 1701 ὲντρυφᾷν
1245 1626 1491 1695 ἀγαθοῖς,
1523 1623 1590 1677 δι’
1620 1620 1784 1674 αὐτοῦ

186 1726 444 1794 δηλονότι
492 1723 918 1797 χορηγουμένοις
959 1724 1110 1794 παρά
1156 1718 1390 1790 Πατρὸς,
1441 1713 1786 1785 καταγράφει

187 1818 545 1889 παραχρῆμα
573 1817 667 1871 καὶ
694 1817 793 1885 τῆς
827 1816 1047 1884 ἀγάπης
1076 1813 1175 1883 τὴν
1200 1811 1459 1880 δύναμιν,
1509 1807 1604 1861 καὶ
1637 1807 1787 1867 ὅπως

187 1913 256 1967 ἂν
287 1913 462 1981 αὐτὴν
492 1909 966 1980 ὲπιτηδεύσαιμεν,
996 1907 1194 1978 ἄριστά
1220 1921 1280 1957 τε
1316 1903 1410 1957 καὶ
1435 1899 1782 1969 ἀνεγκλήτως

185 2005 438 2058 διδάσκει
483 2002 571 2055 διὰ
615 2001 676 2054 τὺ
717 2001 1005 2071 χρήσιμον.
1059 1998 1132 2051 Οὐ
1163 1999 1273 2066 γὰρ
1304 1995 1356 2046 εἴ
1392 2010 1478 2056 τις
1514 1992 1661 2059 λέγοι
1691 1988 1783 2042 τὸν

187 2097 329 2150 Θεὸν
356 2097 599 2165 ἀγαπᾷν,
633 2094 848 2156 πάντως
868 2092 931 2163 δὴ
962 2092 1057 2145 καὶ
1079 2090 1178 2159 τὴν
1204 2086 1299 2140 τοῦ
1326 2084 1540 2156 άληθῶς
1564 2082 1783 2151 ἀγαπᾷν

188 2188 484 2244 ἀποίσεται
520 2189 697 2254 δόξαν,
746 2188 869 2240 ἐπεὶ
902 2185 976 2255 μὴ
1021 2185 1079 2237 ἐν
1111 2182 1254 2251 λόγῳ
1286 2179 1427 2250 ψιλῷ
1454 2178 1554 2247 τῆς
1583 2175 1783 2247 ἀρετῆς

189 2283 225 2351 ἡ
271 2279 532 2348 δύναμις,
582 2279 718 2349 μήτε
752 2276 860 2348 μὴν
890 2277 948 2328 ὲν
973 2275 1202 2343 γυμνοῖς
1249 2269 1553 2343 μορφοῦται
1579 2269 1785 2351 ῥήμασι

190 2340 291 2441 τῆς
326 2340 891 2435 είςνθεὸντύσεόείας
924 2340 996 2420 τὸ-
1014 2340 1230 2428 κάλλος,
1252 2340 1377 2417 ἀλλ’
1411 2362 1443 2432 ἢ
1476 2359 1535 2423 ἐξ
1564 2340 1785 2425 ἀγᾶθῶν

193 2463 659 2533 ἀποτελεσμάτων
690 2461 783 2515 καὶ
814 2459 1074 2530 φιληκόου
1122 2456 1349 2528 γνώμης
1394 2449 1453 2507 εὖ
1500 2451 1645 2524 μάλα
1673 2450 1786 2502 δια-

195 2557 563 2627 γινώσκεται,
615 2558 711 2611 καὶ
749 2555 856 2609 τῶν
885 2554 1044 2608 θείων
1076 2550 1368 2619 ὲντολῶνή
1408 2549 1641 2621 τήρησις
1688 2543 1788 2613 τὴν

194 2648 274 2709 εἰς
318 2646 388 2699 τὸ
434 2646 576 2699 θεῖον
624 2645 842 2715 ἀγάπην
887 2644 1084 2715 ἀριστα
1130 2640 1431 2711 ζωγραφεῖ.
1480 2636 1575 2689 καὶ
1607 2634 1786 2698 ζῶσαν

193 2735 335 2798 ὅλως
381 2736 475 2788 καί
518 2733 692 2805 ἀληθῆ
742 2732 1071 2803 παρίστησιν
1110 2728 1334 2800 ἀρετὴν,
1380 2725 1481 2779 ούκ
1510 2725 1566 2776 ὲν
1599 2722 1788 2793 μόναις

196 2826 721 2898 σκιαγραφουμένην
771 2826 891 2888 ταῖς
942 2823 1051 2877 ἀπὸ
1102 2823 1201 2892 τῆς
1254 2819 1499 2889 γλώττης
1550 2818 1787 2887 φωναῖς,

194 2918 460 2990 καθάπερ
481 2921 801 2990 εἰρήκαμεν,
827 2917 1071 2987 φαιδροῖς
1096 2915 1151 2967 δὲ
1174 2913 1362 2982 ὥσπερ
1384 2909 1788 2980 διαπρέπουσαν

193 3008 461 3078 χρώμασι
513 3011 636 3071 ταῖς
696 3006 805 3059 τῶν
857 3005 1035 3075 ἔργων
1101 3003 1287 3065 ἰδέαις,
1342 2999 1437 3053 καὶ
1481 2997 1789 3067 ὁλοκλήρως

197 3105 621 3174 ἑκλάμπουσαν.
670 3100 779 3153 Καὶ
811 3097 943 3167 γοῦν
975 3098 1003 3150 6
1046 3094 1251 3167 Κύριος
1294 3093 1454 3164 ἡμῶν
1511 3089 1719 3161 Ἰησοῦς
1762 3091 1790 3142 6

194 3198 443 3270 Χριστὸς
472 3194 656 3264 σαφῶς
686 3194 821 3263 ἡμῖν
848 3190 1007 3244 τοῦτο
1041 3188 1428 3259 παραδεικνὺς,
1475 3204 1491 3235 ι
1519 3185 1593 3237 Ού
1622 3184 1728 3246 πᾶς
1761 3183 1788 3234 6

194 3293 383 3361 λέγων
418 3307 529 3360 μοι,
580 3286 773 3358 Κύριε,
821 3284 1019 3355 Κύριε,
1073 3282 1256 3353 φησιν,
1303 3276 1671 3333 εἰσελεύσεται
1713 3277 1793 3338 εἰς

195 3384 294 3454 τὴν
344 3380 619 3452 βασιλείαν
651 3378 759 3431 τῶν
788 3375 1055 3450 οὐρανῶν,
1088 3374 1202 3427 ἀλλ’
1228 3374 1256 3426 6
1288 3370 1467 3447 mu'bv
1487 3371 1547 3422 τὸ
1581 3367 1793 3436 θέλημα

195 3472 290 3528 τοῦ
322 3470 543 3540 Πατρός
569 3486 669 3539 μου
699 3467 793 3520 τοῦ
828 3469 885 3519 ὲν
916 3464 1183 3535 οὐρανοῖς.
1219 3480 1237 3512 ι
1273 3461 1348 3514 Οὐ
1382 3458 1491 3528 γὰρ
1514 3460 1571 3510 ὲν
1596 3457 1794 3527 ἀργαῖς

202 3564 474 3638 ῥημάτων
506 3558 818 3622 κολακείαις
842 3560 876 3629 ἡ
903 3557 1109 3620 πίστις,
1140 3554 1255 3609 ἀλλ’
1289 3554 1347 3605 ἐν
1377 3554 1495 3614 ταῖς
1523 3550 1629 3604 τῶν
1658 3548 1797 3618 δρω-

204 3634 387 3728 μένων
417 3653 664 3723 ποιότησι
700 3647 1053 3719 δοκιμάζεται
1082 3664 1095 3677 ·
1139 3646 1234 3699 καὶ
1262 3643 1391 3714 γοῦν
1422 3640 1621 3712 νεκράν
1654 3634 1795 3692 εἶναι

200 3749 415 3818 ταύτην
460 3746 520 3799 ού
567 3742 966 3815 παρεπομένων
1018 3739 1127 3793 τῶν
1177 3738 1356 3809 ἔργων
1404 3737 1436 3807 ὴ
1483 3734 1602 3787 θεία
1647 3733 1795 3793 λέγει

200 3840 420 3911 Γραφή.
446 3839 518 3891 Τὸ
538 3837 633 3907 μὲν
648 3835 755 3906 γάρ
776 3834 993 3897 εἰδέναι,
1013 3832 1197 3903 φησιν,
1222 3830 1347 3894 ὃτι-ό
1368 3827 1499 3890 Θεὸς
1526 3822 1605 3888 εἷς
1623 3829 1793 3887 ἐστιν,

201 3933 297 3985 οὐκ
334 3933 395 3983 ὲν
422 3928 676 3991 διανοίαις
703 3924 1072 3997 ἀνθρωπίναις
1104 3922 1410 3993 εὑρήσομεν
1442 3919 1624 3989 μόνον,
1662 3915 1798 3970 ἀλλά

201 4026 293 4079 καὶ
321 4026 386 4076 ὲν
413 4024 595 4084 αὐτοῖς
623 4022 736 4085 τοῖς
766 4018 1103 4089 ἀκαθάρτοις
1129 4014 1399 4086 δαίμοσιν,
1442 4011 1477 4066 ἃ
1523 4012 1614 4065 καὶ
1641 4011 1799 4083 φρίτ-

200 4132 281 4170 τει
316 4115 421 4169 καὶ
448 4115 545 4184 οὐχ
574 4113 765 4166 ἑκόντα
807 4112 905 4180 τὴν
940 4108 1036 4163 τοῦ
1073 4109 1405 4179 ποιήσαντος
1435 4104 1684 4175 δύναμιν.
1726 4103 1798 4156 Τό

202 4225 263 4277 γε
297 4206 415 4278 μὴν
452 4205 747 4275 σύνδρομον
776 4202 1045 4257 ποιεῖσθαι
1086 4203 1150 4270 τῇ
1204 4197 1385 4252 πίστει
1429 4198 1526 4268 τὴν
1555 4197 1661 4249 ἀπὸ
1688 4193 1799 4248 τῶν

202 4298 501 4370 δρωμένων
538 4295 888 4366 φαιδρότητα,
925 4293 1107 4364 μόνοις
1136 4291 1203 4346 ἂν
1236 4291 1448 4363 πρέπον
1471 4289 1567 4344 καὶ
1596 4288 1798 4359 ἐλλάμ-

204 4406 301 4442 πον
339 4387 518 4458 ὁρῷτο
562 4389 673 4449 τοῖς
718 4384 932 4457 ἀληθῶς
978 4382 1234 4451 ἀγαπῶσι
1264 4382 1357 4435 τὸν
1388 4380 1540 4435 Θεόν.
1589 4377 1800 4433 Οὐκοῦν

205 4481 488 4545 ἀπόδειξις
521 4480 622 4550 τῆς
646 4480 868 4549 ἀγάπης
904 4478 997 4532 καὶ
1040 4475 1373 4538 τελεώτατος
1419 4475 1520 4546 τῆς
1565 4474 1800 4537 πίστεως

1884 603 2023 655 bona
2048 605 2317 673 largiatur
2339 648 2351 669 ,
2400 603 2562 658 facile
2593 601 2895 671 perspicies
2916 639 2931 663 ,
2952 608 3102 651 “cum
3146 611 3239 663 per
3270 594 3467 647 lsaiam

1884 696 2201 766 prophetam
2239 696 2306 749 ad
2337 712 2433 750 eos
2464 697 2778 763 loquentem
2813 690 3002 745 audies
3044 711 3057 742 :
3105 706 3121 738 ι
3163 686 3354 739 Adhuc
3387 686 3467 736 lo-

1883 797 2083 858 quente
2123 795 2195 853 te,
2230 788 2409 841 dicam
2446 805 2459 838 :
2489 787 2630 853 Quid
2651 792 2735 840 est
2759 784 2844 835 39?
2877 801 2894 832 ι
2936 781 3002 835 Ει
3040 796 3138 850 per
3168 776 3471 833 Psalinista:

1883 896 2073 936 vocem
2102 901 2113 934 :
2156 899 2173 932 ι
2202 878 2357 934 Oculi
2394 879 2607 933 Domini
2643 892 2808 947 super
2833 874 3036 944 justos,
3071 879 3123 926 et
3153 886 3314 923 aures
3348 869 3470 936 ejus

1885 975 1939 1028 in
1981 990 2172 1044 preces
2198 989 2389 1028 eorum
2414 974 2481 1026 “.
2520 992 2538 1023 ι
2585 971 2879 1041 Postquam
2903 982 3032 1036 ergo
3063 965 3254 1020 statuit
3280 978 3342 1015 ac
3377 977 3472 1030 pa-

1884 1068 1990 1122 lam
2026 1078 2080 1122 et
2124 1076 2309 1136 aperte
2351 1065 2493 1119 dixit
2531 1064 2827 1133 diligentes
2880 1076 2941 1115 se
2997 1060 3052 1112 in
3101 1068 3469 1125 supernorum

1883 1160 2156 1215 bonorum
2186 1158 2399 1213 deliciis
2428 1159 2555 1225 jure
2583 1163 2907 1210 versaturos
2937 1192 2949 1213 ,
3004 1166 3124 1221 qua:
3155 1165 3253 1219 per
3291 1148 3469 1217 ipsum

1886 1251 2067 1306 danda
2097 1251 2324 1305 veniant
2357 1265 2386 1302 a
2426 1248 2590 1303 Patre
2614 1288 2629 1312 ,
2659 1246 2949 1300 charitatis
2989 1244 3099 1297 vim
3148 1242 3334 1297 statim
3376 1241 3472 1294 de-

1887 1344 2116 1409 scribit,
2145 1352 2200 1397 et
2226 1357 2336 1412 quo
2368 1348 2530 1412 pacto
2562 1356 2682 1395 eam
2723 1345 2872 1393 recte
2920 1346 2974 1391 et
3004 1335 3290 1405 inculpate
3321 1332 3472 1385 cola-

1888 1454 2011 1492 mus
2052 1436 2120 1490 ad
2157 1444 2407 1491 nostram
2446 1434 2738 1487 utilitatem
2766 1469 2780 1493 ,
2836 1429 3052 1483 edocet.
3085 1427 3197 1481 Nec
3239 1426 3383 1479 enim
3425 1422 3471 1476 si

1887 1526 2014 1597 quis
2061 1526 2230 1579 Deum
2278 1539 2464 1578 amare
2502 1537 2560 1577 se
2602 1522 2788 1583 dicat,
2829 1517 3061 1574 omnino
3111 1516 3277 1571 etiam
3329 1527 3475 1567 vene

1888 1620 2208 1675 dilectionis
2243 1619 2482 1690 gloriam
2524 1615 2852 1687 reportabit,
2885 1627 3008 1666 cum
3050 1625 3161 1664 non
3201 1608 3255 1662 in
3292 1606 3474 1660 verbis

1889 1711 2056 1766 nudis
2085 1711 2306 1765 virtutis
2343 1709 2489 1764 vires
2517 1708 2862 1770 consistant,
2903 1718 3007 1758 nec
3043 1702 3099 1755 in
3131 1700 3266 1755 solis
3304 1712 3474 1750 voca-

1889 1804 2032 1860 bulis
2061 1805 2281 1873 pietatis
2318 1804 2371 1857 in
2410 1801 2577 1857 Deum
2620 1800 2891 1854 formetur
2930 1795 3124 1859 decus,
3155 1792 3250 1847 sed
3280 1806 3345 1845 ex
3380 1790 3476 1843 ho-

1892 1899 1980 1952 nis
2021 1897 2284 1965 operibus
2334 1901 2385 1949 et
2436 1892 2618 1947 animo
2673 1887 2930 1944 audiendi
2992 1884 3194 1956 cupido
3240 1882 3476 1936 maxime

1891 1988 2261 2059 dignoscitur,
2297 1994 2352 2040 et
2386 1986 2700 2040 divinorum
2731 1979 3120 2036 mandatorum
3155 1972 3477 2031 observatio

1891 2082 2218 2135 charitatem
2271 2082 2325 2133 in
2379 2077 2545 2131 Deum
2596 2075 2802 2144 optime
2849 2070 3139 2142 depingit,
3192 2075 3246 2122 et
3300 2066 3475 2119 vivam

1893 2188 2121 2247 prorsus
2151 2186 2215 2226 ac
2247 2184 2431 2225 veram
2458 2168 2717 2221 virtutem
2757 2164 3016 2226 exhibet,
3054 2177 3164 2215 non
3204 2161 3257 2215 in
3310 2160 3477 2213 nudis

1895 2281 2105 2325 tantum
2148 2267 2347 2335 linguae
2380 2260 2610 2316 vocibus
2644 2257 3030 2312 adumbratam
3053 2293 3066 2316 ,
3105 2261 3159 2306 ul
3199 2251 3475 2313 diximus,

1894 2361 1990 2417 sed
2022 2359 2188 2413 claris
2222 2354 2387 2410 veluti
2421 2350 2725 2412 coloribus,
2754 2362 2981 2418 operum
3012 2345 3270 2399 nimirum
3295 2342 3479 2411 specie

1894 2452 2250 2506 relucentem.
2284 2445 2345 2498 Et
2371 2443 2594 2513 quidem
2627 2440 2895 2494 Dominus
2920 2435 3289 2492 riostchesus
3315 2434 3480 2513 Chri-

1895 2553 2016 2599 stus
2045 2539 2191 2595 istud
2227 2538 2388 2592 nobis
2415 2536 2564 2589 clare.
2586 2532 2887 2587 ostendens
2908 2569 2923 2594 ,
2971 2548 2989 2581 ι
3022 2528 3140 2605 Non
3168 2527 3353 2581 omnis
3386 2508 3480 2594 qui

1895 2640 2033 2696 dicit
2064 2636 2232 2698 mihi,
2273 2633 2539 2695 Domine,
2594 2628 2853 2690 Domine,
2894 2626 3109 2695 inquit,
3158 2622 3387 2677 intrabit
3424 2621 3478 2673 in

1896 2746 2123 2801 regnum
2159 2727 2423 2782 caelorum
2455 2744 2467 2779 :
2508 2723 2604 2779 sed
2627 2723 2718 2792 qui
2749 2722 2879 2775 facit
2928 2720 3263 2773 voluntatem
3300 2714 3483 2769 Patris

1898 2822 2001 2876 mei
2040 2821 2136 2890 qui
2188 2819 2240 2871 in
2274 2816 2432 2871 ctelis
2478 2822 2563 2869 est
2595 2814 2662 2866 δ’.
2703 2830 2720 2862 ι
2763 2808 2873 2863 Nec
2902 2809 3047 2863 enim
3088 2808 3143 2861 in
3176 2805 3331 2860 vanis
3358 2820 3480 2858 vcr-

1897 2914 2092 2968 borum
2125 2907 2598 2965 assentationibns
2634 2904 2786 2964 fides,
2822 2901 2914 2957 s"d
2959 2900 3013 2953 in
3043 2898 3314 2952 factorum
3344 2910 3483 2966 qua-

1898 3005 2150 3059 litatibus
2178 3003 2440 3072 probatur
2470 3018 2483 3053 :
2526 2998 2668 3051 unde
2697 3003 2969 3048 mortuam
3009 2993 3151 3045 hanc
3184 3006 3309 3045 esse
3335 3030 3348 3051 ,
3374 2990 3482 3043 nisi

1896 3114 2014 3153 eam
2043 3110 2207 3166 Opera
2246 3094 2580 3149 comitentur
2601 3116 2637 3153 ,ο
2662 3088 2845 3142 divina
2886 3086 3176 3155 Scriptura
3225 3083 3386 3137 docet
3414 3085 3482 3136 δ’.

1821 3212 1864 3270 C
1900 3191 2054 3244 Scire
2084 3189 2252 3253 enim,
2278 3185 2477 3254 inquit,
2508 3181 2655 3253 quod
2690 3194 2837 3234 unus
2871 3179 3011 3233 Deus
3042 3178 3138 3240 sit,
3177 3191 3287 3229 non
3323 3190 3482 3228 men-

1899 3285 1968 3339 tis
1999 3284 2267 3336 duntaxat
2312 3281 2563 3333 humana:
2612 3290 2735 3330 esse
2783 3268 3232 3342 comperiemus,
3290 3267 3383 3323 sed
3431 3274 3487 3321 et

1897 3377 2239 3444 impurorum
2275 3372 2580 3425 daemonum
2604 3408 2619 3432 ,
2662 3366 2753 3437 qui
2802 3365 2964 3418 etiam
3010 3362 3166 3416 inviti
3198 3360 3485 3416 Creatoris

1899 3467 2155 3518 virtutem
2192 3464 2624 3531 perhorrescunt
2650 3458 2716 3511 ⁵³.
2754 3455 2858 3510 Sed
2886 3453 3214 3509 charitatem
3252 3467 3483 3521 operum

1898 3573 2022 3612 cum
2054 3557 2157 3610 fide
2186 3555 2556 3623 conjungere,
2592 3551 2660 3605 iis
2693 3556 2905 3601 tantum
2942 3543 3201 3614 congruit
3237 3543 3329 3613 qui
3359 3553 3487 3596 vere

1897 3651 2132 3721 diligunt
2164 3649 2356 3703 Deum.
2389 3643 2659 3710 Quocirca
2688 3637 3089 3694 demonstratio
3114 3634 3406 3689 charitatis
3432 3640 3487 3686 et

1898 3742 2304 3816 perfectissima
2340 3738 2482 3791 ratio
2527 3734 2653 3788 fidei
2681 3729 3231 3799 estevangelicorum
3261 3726 3490 3796 dogma-

1898 3847 2012 3892 tum
2044 3835 2213 3906 808
2250 3832 2671 3896 divinorumque
2706 3832 3107 3894 praeceptorum
3149 3817 3484 3873 observatio.

1897 3929 2017 3984 Non
2049 3934 2199 3982 esset
2222 3922 2440 3977 difficile
2474 3921 2581 3973 alia
2615 3918 2699 3971 bis
2733 3914 2913 3969 aflinia
2961 3912 3244 3982 proferre,
3290 3907 3386 3964 sed
3421 3923 3487 3962 ea

1900 4021 2169 4091 temporis
2200 4016 2364 4084 hujus
2395 4027 2517 4068 esse
2549 4025 2655 4064 non
2688 4008 2952 4061 arbitror.
2994 4003 3206 4058 Idcirco
3241 4001 3485 4056 eundum

1899 4127 2095 4170 rursus
2152 4109 2218 4163 ad
2262 4123 2326 4163 ea
2373 4120 2493 4175 qua!
2546 4100 2833 4172 proposito
2886 4105 3079 4152 nostro
3132 4094 3309 4164 magis
3354 4107 3488 4147 eon-

1902 4211 2106 4278 gruuut
2143 4221 2156 4257 :
2200 4219 2218 4251 ι
2252 4198 2309 4253 Si
2350 4194 2583 4266 diligitis
2633 4208 2718 4247 me
2744 4233 2758 4255 ,
2805 4189 3026 4260 inquit,
3071 4186 3330 4239 mandata
3370 4198 3489 4237 mea

1903 4277 2137 4355 servate.
2174 4314 2192 4346 ›
2232 4289 2626 4345 Animadverte
2655 4283 2805 4339 enim
2852 4296 3050 4336 rursus
3093 4285 3147 4334 et
3194 4277 3248 4330 in
3281 4291 3490 4330 memo-

1902 4392 2042 4446 riam
2073 4401 2271 4442 revoca
2303 4381 2449 4454 quod
2481 4397 2604 4435 cum
2636 4393 2780 4447 saepe
2810 4390 2942 4430 suos
2972 4371 3279 4442 discipulos
3307 4370 3489 4439 ipsos-

1903 4498 2009 4553 que
2035 4480 2256 4535 Judaeos
2278 4476 2677 4544 alloqueretur,
2709 4468 2889 4522 aiebat
2920 4484 2932 4519 :
2977 4484 2995 4517 ι
3030 4462 3207 4519 Verba
3240 4476 3364 4531 qua:
3392 4476 3492 4530 ego

206 4575 357 4645 ὅρος,
385 4572 492 4626 τῶν
526 4570 894 4639 εύαγγελικῶν
917 4568 1203 4639 δογμάτων
1229 4569 1262 4639 ἡ
1300 4568 1533 4638 τήρησις
1568 4565 1664 4619 καὶ
1688 4565 1790 4619 τῶν

1905 4576 2123 4643 loquor,
2164 4585 2271 4623 non
2296 4574 2425 4623 sunt
2456 4578 2574 4618 mea
2602 4602 2616 4625 ,
2653 4560 2748 4615 sed
2779 4558 2902 4629 ejus
2938 4557 3031 4628 qui
3062 4557 3212 4611 misit
3251 4570 3340 4609 me
3365 4552 3432 4605 “.
3466 4570 3486 4602 ι

209 4666 373 4720 θείων
422 4664 649 4718 ἐντολῶν
699 4665 731 4734 ἡ
774 4662 1013 4731 φυλακή.
1067 4660 1179 4714 Καὶ
1229 4659 1466 4729 χαλεπὸν
1521 4658 1618 4729 μὲν
1667 4658 1797 4720 ἴσως

208 4760 365 4813 οὐδὲν
394 4758 557 4830 ἔτερα
592 4757 726 4826 πρὸς
750 4753 959 4817 τούτοις
990 4754 1162 4805 εἰπεῖν
1195 4750 1431 4819 συγγενῆ
1459 4767 1575 4814 πως
1604 4749 1796 4820 ἔχοντα

210 4851 302 4921 τὴν
342 4850 600 4913 διάνοιαν,
648 4847 786 4918 πλὴν
837 4847 898 4900 οὐ
936 4844 1032 4899 τοῦ
1081 4843 1347 4916 παρόντος
1390 4838 1540 4914 οἶμαι
1576 4839 1795 4912 καιροῦ.

1900 4665 1967 4721 Ει
1998 4679 2196 4719 rursus
2224 4680 2236 4716 :
2288 4679 2306 4711 ι
2344 4661 2419 4713 Ex
2457 4656 2669 4726 meipso
2696 4667 2801 4707 non
2832 4651 3053 4720 loquor,
3084 4648 3176 4703 sed
3212 4647 3308 4716 qui
3341 4645 3494 4699 misit

1900 4775 1987 4814 me
2019 4757 2196 4820 Pater,
2235 4758 2352 4825 ipse
2401 4750 2533 4805 mihi
2571 4749 2891 4802 mandatum
2934 4743 3085 4799 dedit
3123 4740 3254 4809 quid
3305 4738 3489 4792 dicam

1898 4850 2109 4918 etquid
2160 4849 2351 4916 loquar
2376 4843 2476 4898 “.i
2520 4839 2676 4894 Nunc
2729 4848 2935 4899 autem,
2968 4834 3096 4888 licet
3146 4831 3242 4886 Dei
3290 4845 3353 4885 ac
3383 4829 3491 4883 Pa—

211 4944 299 4996 Διδ
339 4941 403 5012 δὴ
446 4941 609 4995 πάλιν
655 4940 794 4993 ίτέον
843 4938 935 4991 ἐπὶ
976 4936 1046 4990 τὰ
1077 4939 1189 4999 τοῖς
1237 4935 1620 5007 προκειμένοις
1662 4934 1790 5004 ἡμῖν

1896 4942 2000 4999 tris
2056 4951 2456 5008 usquequaque
2506 4932 2673 4988 verba
2732 4944 2859 4984 esse
2908 4926 3110 4979 dixerit
3143 4938 3206 4977 ea
3260 4936 3381 4992 quae
3424 4921 3491 4975 ad

214 5034 639 5106 πρεπωδέστερα
664 5048 677 5064 ο
717 5050 735 5083 ι
775 5031 900 5085 Ἐὰν
929 5029 1177 5099 ἀγαπᾶτέ
1210 5046 1299 5101 με,
1344 5029 1497 5099 φησὶ,
1526 5027 1627 5090 τὰς
1652 5028 1801 5080 ὲντο-

215 5129 307 5192 λάς
344 5144 449 5199 μου
482 5128 768 5196 τηρήσετε.
803 5144 822 5176 ι
884 5123 1049 5186 Σύνες
1093 5122 1204 5192 γάρ
1254 5120 1317 5192 δὴ
1353 5120 1513 5175 πάλιν
1554 5120 1649 5174 καὶ
1687 5119 1801 5172 δια-

221 5223 467 5289 μέμνησο
515 5216 695 5279 καλῶς
737 5217 820 5271 ὅτι
855 5215 1114 5278 πολλάκις
1147 5216 1259 5278 τοῖς
1291 5211 1488 5266 ἑαυτοῦ
1532 5210 1801 5283 μαθηταῖς

219 5308 735 5380 προσδιαλεγόμενος
804 5307 836 5378 ἢ
905 5307 1001 5360 καὶ
1076 5306 1261 5368 αὐτοῖς
1342 5307 1454 5368 τοῖς
1527 5302 1801 5365 Ἰουδαίοις

218 5400 424 5468 εφασκε
450 5417 463 5431 ⁸
502 5421 520 5453 ι
550 5400 630 5455 Τά
660 5400 882 5472 ῥήματα
913 5398 949 5453 ἀ
977 5397 1087 5467 ἐγὼ
1119 5397 1286 5461 λαλῶ,
1336 5397 1436 5451 οὐκ
1474 5395 1621 5450 ἐστιν
1666 5394 1797 5466 ὲμά,

220 5491 356 5545 ἀλλά
410 5492 504 5545 τού
565 5490 881 5562 πέμψαντός
948 5505 1035 5559 με.
1075 5510 1093 5541 ι
1156 5489 1267 5543 Καὶ
1333 5487 1496 5543 πάλιν
1523 5505 1536 5517 ·
1609 5507 1627 5539 ι
1678 5488 1800 5540 Ἀπ’

224 5583 459 5653 ἐμαυτοῦ
507 5585 568 5637 ού
620 5583 785 5644 λαλῶ,
830 5581 948 5636 ἀλλ’
993 5583 1021 5634 6
1068 5580 1292 5651 πέμψας
1347 5598 1414 5650 με
1447 5578 1677 5650 Πατὴρ,
1703 5579 1801 5632 αύ-

224 5673 311 5736 τός
366 5692 456 5745 μοι
486 5674 705 5746 ἐντολὴν
732 5674 932 5729 δέδωκε
997 5672 1050 5725 τί
1108 5674 1247 5727 εἴπω
1295 5674 1390 5725 καὶ
1443 5671 1495 5724 τί
1553 5670 1795 5743 λαλήσω.

1905 5050 2009 5090 nos
2041 5031 2200 5093 fecit,
2234 5044 2334 5084 sua
2361 5038 2545 5082 tamen
2578 5029 2853 5092 praecepta
2888 5035 3013 5076 esse
3044 5018 3120 5072 ait
3147 5030 3495 5088 quaecunque

1904 5124 2069 5180 nobis
2091 5122 2310 5176 locutus
2329 5126 2412 5172 est
2439 5134 2451 5170 :
2499 5128 2677 5182 neque
2703 5126 2832 5166 vero
2852 5110 3146 5181 quisquam
3173 5121 3319 5161 sana:
3341 5120 3494 5160 men-

1906 5219 1976 5271 tis
2021 5229 2146 5269 eum
2192 5211 2328 5266 falsa
2366 5208 2515 5277 loqui
2560 5204 2797 5274 putabit.
2843 5202 2955 5258 Nec
2991 5203 3136 5257 enim
3168 5198 3494 5254 Christiano

1905 5306 2040 5363 illud
2075 5318 2312 5375 unquam
2360 5298 2625 5362 subierit;
2662 5296 2758 5351 sed
2795 5310 2922 5350 vere
2954 5280 3222 5364 loquitur,
3255 5290 3494 5345 maxime

1908 5414 2034 5454 cum
2067 5406 2122 5453 et
2158 5398 2277 5467 ipse
2314 5392 2516 5447 veritas
2550 5390 2641 5443 sit.
2676 5388 2792 5444 Non
2828 5388 2973 5443 enim
3012 5393 3070 5440 ut
3102 5384 3491 5457 prophetarum

1908 5505 2054 5545 unus
2099 5486 2339 5542 ministri
2394 5493 2487 5537 aut
2523 5481 2708 5536 famuli
2784 5481 2905 5535 loco
2940 5492 3245 5535 sermonem
3279 5474 3434 5530 nobis
3462 5489 3492 5527 a

1908 5582 2072 5637 Patre
2113 5578 2350 5641 detulit,
2405 5575 2502 5631 sed
2541 5582 2600 5629 ut
2629 5573 2724 5644 qui
2765 5589 2893 5628 cum
2933 5573 3055 5643 ipso
3090 5579 3294 5625 tantam
3331 5568 3495 5621 habet

1910 5671 2353 5735 similitudinem,
2379 5677 2438 5724 ut
2470 5685 2540 5724 nc
2579 5668 2749 5723 verbo
2770 5665 2988 5738 quidem
3023 5663 3341 5730 discrepare
3371 5674 3493 5713 cer-

298 5790 338 5861 ’_’
364 5787 463 5843 lsa.
492 5774 614 5853 ιιιν,
654 5788 745 5861 2L
824 5788 865 5821 ³ο
901 5787 1043 5846 l‘sal.
1080 5802 1273 5853 χχχιιι,
1314 5785 1393 5842 16.
1476 5787 1515 5818 “
1554 5785 1743 5843 Matth.
1778 5804 1790 5834 ι

1906 5791 1998 5846 21.
2076 5790 2120 5822 δ’
2156 5786 2268 5843 Jac.
2309 5802 2370 5852 ιι,
2407 5784 2498 5841 ‘20.
2582 5782 2627 5816 "‘
2650 5781 2791 5840 ibid.
2828 5780 2910 5835 ιι).
2989 5777 3031 5810 θ’
3065 5774 3229 5833 Joan.
3259 5788 3372 5841 xiv,
3404 5773 3494 5828 ιο.

233 5858 273 5892 ³³
305 5858 457 5917 Joan.
511 5876 608 5927 xu,
646 5860 734 5916 49.
