4096 6550
627 382 738 445 255

1672 384 1730 443 S.
1770 382 2044 440 οϊιιιιιι
2077 386 2200 441 ALE

2304 384 2554 440 .NDBIM
2592 382 2908 441 ARClllEP.
3824 383 3912 441 258

628 514 795 561 natur
822 547 837 571 ,
883 505 977 561 sed
1008 506 1082 560 ita
1110 518 1302 560 natura
1336 506 1594 574 loquatur
1620 507 1765 560 sicut
1804 514 1861 560 et
1898 506 2016 575 ipse
2054 506 2200 561 Patet

2319 508 2456 562 Novi.
2484 508 2539 561 δὲ
2586 508 2648 578 δὴ
2682 506 2865 565 πάλιν.
2901 506 3074 558 καίτοι
3105 502 3195 555 τοῦ
3241 503 3376 558 Θεοῦ
3412 502 3519 556 καὶ
3556 498 3781 571 Πατρὸς
3816 500 3909 557 ἂνω

633 600 895 669 loquitur.
926 599 1193 653 ldentitas
1217 599 1419 666 quippe
1453 596 1779 649 substantiae
1812 612 1913 650 nos
1943 597 2115 666 adigit
2155 605 2215 651 ut

629 690 923 743 credamus
950 688 1140 744 eadem
1177 686 1325 756 loqui
1358 702 1486 740 cum
1511 683 1772 739 Genitore
1813 683 2039 739 Filium.
2072 685 2212 740 Cum

628 791 809 836 autem
852 782 925 835 sit
969 781 1086 851 ipse
1126 778 1363 833 Verbum
1397 785 1451 832 et
1483 777 1768 846 Sapientia
1804 792 1869 830 ac
1903 776 1997 831 Dei
2029 776 2213 832 Patris

631 873 911 936 voluntas,
942 873 1018 925 ait
1048 887 1111 926 se
1143 870 1461 924 mandatum
1498 869 1781 938 accepisse
1812 870 1946 938 quid
1980 869 2126 925 dicat
2157 880 2213 927 et

627 965 759 1029 quid
810 965 1087 1034 loquatur.
1130 961 1267 1015 Nam
1317 969 1371 1017 et
1418 976 1519 1015 nos
1560 961 1662 1029 ipsi
1697 970 1944 1016 nostram
1975 962 2211 1032 quisque

628 1068 864 1112 mentem
888 1097 903 1119 ,
948 1056 1115 1109 verbo
1154 1054 1501 1109 enuntiativo
1536 1052 1685 1108 foras
1718 1054 2051 1123 erumpenti,
2085 1068 2211 1123 pro-

630 1149 919 1218 pemodum
949 1148 1145 1216 jubere
1175 1146 1428 1201 videmus
1462 1153 1520 1199 ut
1548 1160 1671 1215 qua:
1700 1145 1753 1199 in
1784 1160 1846 1200 ea
1877 1154 2009 1200 sunt
2036 1146 2211 1215 expll-

629 1247 735 1294 cet.
769 1238 1099 1309 Quanquam
1151 1239 1343 1307 jejuna
1394 1237 1619 1307 quidem
1667 1244 1752 1292 est
1796 1237 1943 1291 illius
1972 1237 2210 1306 exempli

628 1332 712 1383 vis
736 1339 789 1382 et
812 1332 953 1385 ratio
982 1329 1047 1385 ad
1075 1329 1243 1384 Deum
1278 1331 1483 1385 relata:
1514 1338 1890 1383 verumtamen
1917 1328 2211 1399 imaginem

628 1438 656 1475 a
691 1423 849 1477 nobis
875 1424 940 1477 ad
970 1423 1500 1480 demonstrationem
1530 1437 1723 1476 eorum
1755 1437 1876 1491 qua:
1904 1436 2077 1491 supra
2110 1436 2213 1477 nos

628 1521 757 1566 sunt
788 1514 1070 1582 capientes
1091 1556 1105 1575 ,
1139 1523 1395 1583 tanquam
1425 1514 1479 1567 in
1508 1513 1733 1582 specillo
1764 1522 1819 1568 et
1853 1514 1908 1566 in
1943 1513 2211 1584 aenigma-

626 1612 681 1658 te
710 1604 755 1636 “
775 1643 791 1667 ,
833 1605 1021 1660 divina
1048 1606 1309 1676 mysteria
1346 1604 1532 1657 animo
1566 1602 2113 1670 comprehendimus.

2321 617 2381 651 τε
2428 601 2520 652 καὶ
2552 600 2705 654 κάτω
2748 599 2874 661 τοὺς
2919 598 3113 665 λόγους
3157 592 3298 648 εἶναι
3342 590 3795 665 διωμολογηκὼς
3832 593 3909 656 οὓς

2321 692 2614 761 ἐποιήσατο
2664 691 2800 761 πρὸς
2851 692 3025 760 ἡμᾶς,
3078 689 3217 749 ίδίας
3263 686 3495 748 ἐντολὰς
3555 679 3709 736 είναί
3766 701 3909 754 φησιν

2321 782 2463 851 ᾇπερ
2491 784 2624 852 ἡμῖν
2656 780 2918 851 λελάληκε
2942 799 2954 811 ο
3005 780 3098 834 καὶ
3123 780 3185 834 οῦ
3218 779 3281 849 δή
3318 795 3399 838 τις
3427 776 3615 831 αὑτὸν
3643 775 3773 827 νοῦν
3794 777 3908 845 ἔχων

2320 874 2563 943 οἰήσεται
2604 872 2983 943 ψευδομυθεῖν.
3026 873 3117 941 Μὴ
3158 871 3269 942 γὰρ
3297 868 3546 922 εἰσέλθοι
3594 866 3761 920 τοῦτο
3795 868 3905 940 Χριο

2320 962 2531 1015 στιανόν
2559 978 2571 991 ⁸
2634 960 2921 1032 ἀληθεύσει
2976 960 3034 1014 δὲ
3085 959 3280 1018 πάλιν.
3343 958 3437 1011 ἅτε
3492 953 3567 1024 δὴ
3624 955 3723 1007 καὶ
3768 955 3907 1021 αὐτὸς

2319 1054 2635 1125 ὑπάρχωνή
2662 1054 2906 1125 ἀλήθεια.
2940 1054 3015 1107 Ui)
3046 1056 3152 1123 γὰρ
3186 1051 3309 1106 καθ’
3337 1050 3435 1105 ἕνα
3467 1049 3592 1102 τῶν
3629 1050 3906 1118 προφητῶν

2315 1146 2391 1209 ὡς
2423 1148 2480 1200 ἐν
2505 1147 2752 1200 διακόνου
2775 1146 2927 1211 τάξει
2954 1146 3049 1200 καὶ
3083 1145 3359 1215 ὑπηρέτου
3384 1143 3479 1197 τὸν
3515 1141 3682 1212 παρὰ
3715 1144 3903 1211 Πατρὶς

2318 1240 2449 1307 ἡμῖν
2491 1238 2882 1310 διεπόρθμευσε
2909 1237 3091 1306 λόγον.
3126 1237 3241 1290 ἀλλ’
3281 1236 3356 1299 ὠς
3404 1235 3560 1305 ἔχων
3594 1233 3737 1303 πρὸς
3766 1231 3904 1287 αὐτὸν

2314 1330 2413 1399 τὴν
2461 1330 2761 1400 ἐμφέρειαν
2810 1331 2885 1393 ὡς
2935 1329 3075 1400 μηδὲ
3118 1328 3265 1398 λόγῳ
3310 1328 3473 1399 τυχὸν
3526 1326 3772 1398 ὁρᾶσθαι
3812 1327 3906 1382 διὰ-

2314 1437 2500 1491 φορον,
2544 1421 2657 1474 ἀλλ’
2691 1419 2835 1475 οὕτω
2877 1422 3182 1490 πεφυκέναι
3230 1420 3439 1478 λαλεῖν,
3465 1419 3679 1487 ὥσπερ
3721 1418 3784 1471 ἂν
3829 1421 3905 1473 καὶ

2310 1511 2473 1570 αὐτὸς
2500 1513 2529 1563 ὁ
2563 1512 2751 1583 Πατὴρ
2798 1512 2959 1582 τυχὸν
3010 1512 3334 1580 διαλέγοιτο.
3395 1510 3473 1564 Τὸ
3509 1509 3633 1580 γὰρ
3679 1509 3904 1577 ἀπαράλ-

2311 1603 2509 1656 λακτον
2552 1604 2651 1671 τῆς
2694 1605 2881 1668 οὐσίας
2930 1606 3025 1658 καὶ
3079 1605 3432 1672 ταυτολογεϊν
3498 1601 3800 1657 ἀναπείθει
3842 1602 3905 1671 τῷ

626 1696 949 1766 γεννήσαντι
998 1696 1091 1749 τὸν
1142 1682 1285 1749 Υίόν.
1346 1695 1433 1757 Ὠς
1480 1694 1537 1747 δὲ
1578 1693 1748 1761 Λόγος
1796 1691 1870 1747 ὢν
1905 1694 2068 1756 αὐτὸς
2115 1694 2206 1749 xal.
2248 1696 2413 1764 σοφία
2458 1696 2551 1750 καὶ
2594 1696 2846 1768 βούλησις
2893 1696 2988 1750 τοῦ
3021 1696 3159 1750 Θεοῦ
3188 1696 3284 1749 καὶ
3355 1694 3611 1765 Πατρὸς,
3682 1692 3901 1763 δεδέχθιιι

627 1791 794 1860 φησὶν
839 1791 1057 1862 ἐντολὴν
1110 1792 1163 1843 τί
1207 1790 1336 1862 εἴπῃ
1381 1790 1476 1843 καὶ
1520 1788 1572 1842 τί
1616 1788 1860 1858 λαλήσει.
1924 1788 2077 1842 Ἐπεὶ
2115 1792 2208 1843 καὶ
2248 1792 2406 1861 ήμεῖς
2437 1791 2589 1845 αὐτοὶ
2622 1791 2712 1845 τὸν
2738 1792 2936 1845 οίκεῖον
2967 1792 3190 1845 ἕκαστοι
3220 1788 3367 1847 νοῦν,
3434 1786 3522 1857 τῷ
3578 1786 3727 1840 κατὰ
3790 1802 3901 1855 προ-

626 1886 799 1955 φορὰν
827 1887 927 1956 τὴν
965 1885 1052 1939 διὰ
1085 1884 1344 1956 ῥημάτων
1374 1884 1538 1955 λόγῳ,
1575 1884 1856 1954 μονονουχὶ
1894 1885 1987 1936 καὶ
2031 1885 2406 1954 ἐντελλόμενον
2439 1886 2709 1956 βλέπομεν
2751 1884 2888 1958 πρὸς
2958 1886 3013 1938 τὸ
3080 1882 3183 1948 ἔξω
3248 1882 3523 1953 βαδίζοντι
3604 1878 3900 1948 διερμηνεῦ⁶

625 1996 716 2031 σαι
742 1978 810 2031 τὰ
836 1981 894 2031 ὲν
925 1980 1092 2049 αὐτῷ.
1131 1979 1246 2032 Καὶ
1277 1981 1448 2050 μικρᾷ
1480 1978 1593 2051 [γρ.
1631 1980 1827 2052 μικρὰ]
1858 1980 1955 2050 μὲν
1978 1981 2053 2044 ὡς
2116 1982 2252 2052 πρὸς
2287 1982 2420 2034 Θεὸν
2484 1984 2517 2051 ή
2550 1983 2644 2035 τοῦ
2690 1981 3135 2053 παραδείγματος
3165 1979 3416 2049 δύναμις,
3456 1975 3659 2029 εἰκόνα
3695 1974 3751 2027 δὲ
3779 1975 3900 2043 ὅμως

621 2073 720 2141 τὴν
767 2075 825 2125 ὲν
872 2074 984 2136 τοῖς
1038 2072 1159 2125 καθ’
1208 2073 1377 2142 ἡμᾶς,
1428 2074 1509 2135 είς
1551 2072 1650 2144 τὴν
1698 2074 1807 2127 τῶν
1849 2074 1991 2145 ὑπὲρ
2038 2074 2212 2126 ταῦτα
2254 2073 2627 2145 πληροφορίαν
2660 2074 2963 2145 δεχόμενοι,
3009 2071 3262 2142 καθάπερ
3291 2072 3349 2123 ὲν
3379 2070 3648 2140 ἐσόπτρῳ
3714 2068 3803 2120 καὶ
3854 2068 3897 2124 ἐν

620 2164 923 2233 αἰνίγματι,
952 2163 1022 2217 τὰ
1046 2164 1165 2217 θεῖα
1191 2162 1422 2234 νοοῦμεν
1457 2168 1755 2237 μυστήρια.

693 2245 832 2318 XIV,
859 2256 947 2322 16,
982 2257 1066 2311 l7.
1112 2255 1177 2309 Et
1205 2274 1299 2326 ego
1327 2258 1520 2326 rogabo
1550 2256 1791 2321 Patrem,
1821 2268 1871 2312 et
1900 2260 2066 2312 alium
2095 2258 2196 2312 Pa-

2370 2258 2543 2329 Κάγὼ
2596 2253 2874 2323 ἐρωτήσω
2906 2254 3014 2306 τὸν
3065 2251 3319 2320 Πατέρα,
3353 2252 3457 2306 καὶ
3492 2251 3703 2308 ἄλλον
3722 2254 3894 2321 Παρά-

620 2348 876 2403 racletum
906 2349 1055 2401 dabit
1096 2348 1274 2411 vobis,
1310 2359 1369 2401 ut
1408 2362 1620 2403 maneat
1654 2350 1920 2403 vobiscum
1959 2352 2013 2403 iu
2047 2360 2200 2405 aeter—

2305 2358 2532 2421 κλητον
2583 2348 2763 2404 δώσει
2810 2346 2953 2413 ὑμῖν
2983 2385 2997 2407 .
3029 2345 3129 2398 ἵνα
3172 2339 3215 2415 ᾖ
3247 2344 3376 2413 μεθ’
3436 2342 3617 2413 ὑμῶν
3671 2346 3759 2409 εις
3810 2345 3897 2399 τὸν

619 2457 777 2499 num.
812 2439 1071 2506 Spiritum
1108 2441 1368 2504 veritatis,
1406 2457 1561 2510 quem
1603 2440 1832 2495 mumius
1882 2458 1988 2495 non
2033 2452 2200 2509 potest

2304 2445 2509 2506 αίῶνα,
2545 2442 2612 2496 τὸ
2646 2439 2890 2507 Πνεῦμα
2936 2435 3048 2505 τῆς
3096 2436 3385 2503 ἀληθείας
3418 2434 3451 2489 ὃ
3487 2438 3524 2490 ό
3571 2437 3797 2505 κόσμος
3835 2440 3892 2491 οὐ

617 2516 872 2600 accipere,
894 2533 1019 2601 quia
1043 2549 1145 2585 non
1170 2532 1305 2586 videt
1332 2549 1475 2596 eum,
1503 2550 1594 2586 nec
1616 2534 1714 2587 scit
1741 2550 1892 2586 eum:
1914 2550 1998 2588 vos
2027 2544 2200 2587 autem

2304 2538 2553 2591 δύναται
2580 2530 2807 2594 λαϐεῖν,
2826 2529 2915 2583 ὅτι
2952 2529 3022 2583 οὐ
3048 2527 3256 2597 θεωρεῖ
3287 2528 3437 2582 αὐτὸ
3465 2525 3620 2579 οὐδὲ
3643 2526 3893 2593 γινώσκει

616 2626 929 2693 cognoscitis
956 2642 1075 2679 eum
1096 2670 1109 2691 ,
1144 2626 1271 2696 quia
1306 2625 1447 2694 apud
1473 2642 1562 2683 vos
1594 2625 1825 2679 manebit
1848 2666 1865 2691 ,
1894 2637 1943 2680 et
1974 2627 2029 2680 in
2060 2628 2200 2681 vobis

2304 2629 2452 2682 αὑτό
2476 2644 2490 2658 °
2545 2624 2712 2694 ὑμεῖς
2741 2623 2809 2676 δὲ
2854 2620 3176 2691 γινώσκετε
3227 2619 3397 2682 αὐτὸ,
3431 2617 3529 2672 ὅτι
3573 2619 3727 2687 παρ’
3763 2618 3883 2687 ὑμῖν

613 2719 739 2770 erit.
2299 2724 2491 2792 μένει,
2523 2718 2621 2772 καὶ
2655 2717 2724 2769 ἐν
2756 2714 2899 2783 ὑμῖν
2926 2713 3119 2767 ἔσται.

690 2804 879 2861 Miscet
918 2822 1113 2861 rursus
1142 2806 1334 2860 divino
1372 2805 1675 2861 humanum
1703 2848 1717 2868 ,
1766 2823 1869 2862 nec
1903 2807 1968 2861 ad
2009 2822 2200 2876 puram

2390 2810 2706 2881 ’Λναμίσγει
2750 2807 2911 2861 πάλιν
2955 2804 3031 2875 τῷ
3080 2805 3381 2873 θεοπρεπεί
3423 2805 3489 2856 τὸ
3550 2801 3882 2873 ἀνθρώπινον,

615 2897 841 2952 deitzitis
872 2898 1104 2967 gloriam
1146 2900 1461 2963 revertitur,
1500 2914 1679 2968 neque
1711 2899 1855 2951 intra
1890 2899 2200 2951 humanita-

2305 2905 2398 2958 καὶ
2423 2903 2546 2956 οὗτε
2571 2900 2705 2972 πρὸς
2737 2900 2975 2969 ἄκρατον
3013 2899 3282 2967 ὰναιροιτᾷ
3310 2898 3409 2967 τῆς
3438 2896 3703 2967 θεότητος
3732 2895 3883 2962 δόξαν,

616 2990 689 3045 tis
741 2991 960 3042 modum
1014 3006 1243 3058 prorsus
1283 2997 1565 3053 versatur,
1615 2988 1709 3043 sed
1768 3004 1864 3057 per
1910 2996 2205 3057 utrumque

617 3090 782 3139 meat,
806 3079 973 3150 809
1000 3080 1329 3134 mirabiliter
1362 3079 1529 3134 simul
1549 3086 1603 3134 et
1631 3079 1858 3141 mistim,
1896 3079 2023 3146 quia
2049 3079 2206 3133 nimi-

617 3183 737 3223 rum
784 3168 924 3223 idem
975 3178 1056 3225 est
1091 3167 1237 3224 Deus
1271 3179 1324 3223 et
1364 3170 1547 3223 homo.
1584 3169 1797 3238 Quippe
1830 3176 2022 3222 natura
2061 3170 2203 3226 Deus

613 3268 740 3322 est,
780 3270 1056 3329 quatenus
1100 3276 1163 3314 ex
1214 3260 1375 3313 Patre
1420 3258 1638 3323 fructus
1680 3270 1733 3314 et
1773 3259 2035 3328 splendor
2080 3260 2205 3315 sub-

614 3352 836 3407 stantiae
877 3351 1002 3420 ejus
1049 3360 1134 3406 est
1168 3368 1182 3405 :
1229 3351 1394 3405 homo
1444 3360 1625 3405 autem
1662 3366 1893 3412 rursus,
1930 3361 2203 3420 quatenus

615 3445 794 3499 factus
827 3452 913 3498 est
946 3459 1098 3498 caro.
1155 3443 1429 3511 Loquitur
1474 3458 1607 3513 ergo
1652 3450 1712 3495 ut
1760 3442 1903 3498 Deus
1945 3444 2110 3498 simul
2149 3452 2204 3498 et

2305 2996 2428 3051 οὕτε
2466 2994 2573 3066 μὴν
2604 2992 2913 3063 ὁλοκλήρως
2948 2993 3063 3053 τοῖς
3094 2991 3197 3059 τῆς
3242 2989 3676 3061 ἀνθμυπότητος
3696 2989 3883 3061 μέτροκ

2306 3087 2692 3156 ἐμφιλοχωρεϊ,
2738 3082 2957 3153 ἔρχεται
3006 3082 3063 3134 δὲ
3102 3081 3171 3134 δι’
3216 3083 3458 3149 ἀμφοῖν,
3502 3080 3881 3153 παραδόξωςτς

2305 3173 2423 3243 ἅμα
2445 3173 2541 3225 καὶ
2568 3170 2949 3240 κεκραμένως,
2973 3169 3207 3240 ἐπείπερ
3227 3170 3375 3221 ἐστὶν
3406 3172 3466 3223 ὲν
3484 3169 3673 3240 ταυτῷ
3700 3169 3820 3233 Θεός
3836 3186 3879 3222 τι

2306 3266 2399 3319 καὶ
2436 3264 2742 3334 ἄνθρωπος.
2775 3262 2907 3325 Θεὸς
2963 3262 3060 3332 μὲν
3088 3261 3201 3331 γὰρ
3226 3258 3295 3333 ἦν
3339 3265 3407 3333 τῇ
3441 3262 3632 3330 φύσει,
3665 3262 3878 3330 καθόπτρ

2305 3360 2369 3411 ὲκ
2398 3356 2609 3426 Πατρὸς
2640 3356 2851 3427 καρπὸς
2881 3356 2976 3409 καὶ
3003 3355 3349 3423 ἀπαύγασμα
3376 3356 3479 3421 τῆς
3506 3354 3698 3417 οὐσίας
3717 3351 3873 3407 αὐτοῦ’

2304 3451 2589 3521 ἄνθρωπος
2611 3450 2670 3502 δὲ
2714 3450 2908 3515 πάλιν,
2938 3449 3075 3503 καθὸ
3131 3450 3323 3517 γέγονε
3378 3448 3542 3521 σὰρξ.
3592 3449 3753 3505 Λαλεί
3789 3464 3877 3500 τοι·

614 3538 823 3590 bnmo:
872 3538 954 3591 sic
999 3536 1148 3589 enim
1200 3535 1305 3589 rite
1352 3550 1575 3590 servare
1626 3535 1754 3590 licet
1796 3535 2199 3605 dispensationi

2305 3541 2508 3610 γαροῦν
2532 3543 2608 3605 ὡς
2636 3541 2768 3604 Θεός
2790 3559 2848 3594 τε
2878 3540 3014 3610 ὁμοῦ
3047 3540 3140 3593 καὶ
3166 3540 3456 3610 ἄνθρωπος
3479 3560 3493 3574 ·
3520 3542 3671 3595 οὕτω
3698 3541 3796 3611 γὰρ
3821 3536 3876 3609 ἦν

612 3644 738 3683 cum
792 3644 961 3682 carne
1009 3627 1409 3682 convenientes
1458 3627 1724 3681 rationes.
1772 3626 2197 3695 Verumtamen,

2304 3604 2540 3704 τηρῆσαι
2581 3633 2762 3696 καλῶς
2783 3636 2847 3703 τῇ
2879 3604 3018 3702 μετὰ
3054 3604 3595 3707 σαρκὸς-οἰκονομίᾳ
3619 3604 3739 3698 τοὺς

612 3721 718 3775 1οεὶ
754 3721 1022 3790 propositi
1069 3734 1296 3773 sensum
1336 3719 1715 3787 inquirentes,
1748 3719 1982 3774 dicimus
2017 3719 2203 3773 Domi-

611 3828 743 3869 num
776 3821 1032 3866 nostrum
1079 3810 1171 3864 Dei
1223 3825 1287 3864 ac
1338 3809 1522 3863 Patris
1576 3812 1898 3866 necessario
1946 3812 2202 3869 intulisse

612 3904 972 3963 mentionem,
1014 3901 1069 3953 in
1097 3899 1521 3954 adiﬁcationem
1547 3900 1670 3954 ﬁdei
1696 3910 1753 3956 et
1778 3901 2072 3957 maximam
2105 3918 2201 3957 au-

609 3994 853 4051 ditorum
905 3993 1239 4053 utilitatem,
1298 3991 1761 4060 quemadmodum
1818 3992 1872 4046 in
1926 3994 2201 4053 sermonis

613 4102 909 4155 progressu
953 4084 1482 4141 demonstrabimus.
1515 4083 1655 4153 Quia
1685 4085 1832 4140 enim
1872 4095 2059 4155 petere
2096 4104 2199 4145 nos

605 4178 774 4247 jussit
803 4179 857 4231 in
890 4177 1112 4231 nomine
1138 4176 1262 4245 ejus
1290 4176 1335 4209 "
1360 4220 1374 4243 ,
1415 4187 1471 4231 et
1502 4177 1823 4233 inusitatum
1853 4179 2198 4247 precationis

613 4266 834 4320 modum
879 4266 1023 4320 inter
1062 4275 1262 4321 caztera
1300 4268 1646 4337 praescripsit
1668 4269 1744 4336 ⁸⁸,
1796 4270 2079 4339 pollicitus
2138 4288 2198 4328 se

610 4366 866 4428 prompto
892 4357 1079 4411 animo
1109 4358 1365 4415 daturum
1406 4376 1528 4430 quae
1562 4361 1800 4417 velimus
1832 4380 1845 4418 :
1885 4379 1952 4417 ne
1978 4364 2196 4419 videre-

607 4460 700 4502 tur
722 4465 817 4517 per
846 4449 964 4503 haec
996 4448 1090 4505 Dei
1127 4465 1190 4503 ac
1218 4449 1398 4507 Patris
1427 4467 1721 4522 personam
1753 4454 2070 4519 excludere,
2097 4466 2194 4511 aut

608 4550 938 4610 potestatem
975 4542 1186 4596 sanctis
1220 4542 1493 4613 largiendi
1514 4546 1563 4599 ei
1604 4543 1900 4602 detrahere
1924 4588 1939 4611 ,
1967 4548 2192 4604 conlar-

602 4636 840 4701 gitorem
873 4650 935 4689 se
972 4633 1089 4689 fore
1129 4643 1183 4689 et
1229 4634 1573 4690 Paracletum
1617 4637 1781 4692 simul
1825 4639 1984 4694 nobis
2024 4639 2188 4694 datu-

605 4741 727 4777 rum
758 4725 917 4787 dixit,
947 4726 1083 4780 illud
1116 4726 1443 4781 vocabulum
1482 4728 1677 4794 rogabo
1716 4746 1913 4785 rursus
1952 4732 2189 4800 subjun-

602 4833 758 4883 gens,
792 4829 849 4871 ut
876 4819 1062 4881 homo.
1092 4819 1192 4871 toti
1230 4806 1429 4872 divine
1458 4827 1513 4873 et
1544 4819 1806 4876 ineffabili
1843 4831 2055 4876 natura:
2086 4837 2183 4890 pe-

2304 3742 2504 3788 ποντας
2536 3724 2745 3792 λόγους.
2778 3724 2922 3795 Πλὴν
2954 3725 3129 3777 ἐκεῖνό
3164 3742 3365 3793 φαμεν,
3401 3726 3504 3794 τὴν
3564 3725 3658 3779 τοῦ
3691 3741 3873 3795 προκει-

2308 3818 2469 3887 μένου
2512 3816 2897 3886 διερευνῶντες
2940 3815 3204 3886 δύναμιν,
3246 3818 3327 3870 ὅτι
3375 3819 3473 3870 καὶ
3515 3818 3659 3871 νῦνό
3698 3817 3867 3887 Κύριος

2303 3910 2459 3978 ήμῶν
2490 3908 2805 3977 ἀναγκαίως
2833 3906 2931 3978 τὴν
2952 3908 3081 3979 περὶ
3114 3908 3206 3961 τοῦ
3239 3908 3375 3961 Θεοῦ
3398 3909 3497 3963 καὶ
3530 3909 3739 3979 Πατρὸς
3766 3909 3867 3959 είσ·

2302 3998 2566 4067 κεκόμικε
2625 3997 2844 4067 μνήμην
2870 4038 2883 4059 ,
2916 3998 2996 4059 είς
3029 3997 3320 4067 οίκοδομὴν
3378 3998 3484 4068 τῆς
3537 4001 3762 4059 πίστεως
3792 3996 3865 4048 καὶ

2300 4092 2380 4154 είς
2414 4090 2471 4142 τὸ
2506 4090 2710 4160 σφόδρα
2746 4088 3023 4152 λυσιτελὲς
3056 4092 3168 4151 τοῖς
3214 4091 3613 4161 ἀκροωμένοις,
3650 4090 3864 4158 καθάπερ

2299 4182 2571 4247 ἀποδείξει
2613 4182 2816 4252 προῖὼν
2849 4184 2877 4233 ὁ
2932 4182 3111 4249 λόγος.
3154 4182 3372 4254 Ἐπειδὴ
3406 4185 3520 4253 γὰρ
3558 4186 3719 4237 αίτείν
3744 4181 3862 4251 ἡμᾶς

2299 4275 2589 4327 ἐκέλευσεν
2636 4276 2729 4326 ἐπὶ
2765 4272 2844 4344 τῷ
2891 4273 3120 4343 ὀνόματι
3155 4274 3324 4328 αὐτοῦ
3352 4316 3366 4339 ,
3398 4276 3497 4327 καὶ
3534 4275 3624 4328 τὸν
3655 4276 3757 4336 τοῖς
3780 4272 3859 4341 ἀρα

2300 4368 2477 4439 χαίοις
2526 4366 2772 4438 ἀσυνήθη
2804 4365 3006 4436 τρόπον
3036 4366 3136 4429 τῆς
3165 4366 3479 4437 προσευχῆς
3516 4366 3650 4437 μετὰ
3675 4364 3769 4417 τῶν
3787 4363 3858 4416 ἄλ-

2299 4461 2406 4515 λων
2454 4461 2732 4523 ἐθέσπισε,
2766 4458 2959 4512 δώσειν
2992 4458 3582 4529 κατεπαγγειλᾰιμενος
3612 4459 3699 4512 καὶ
3740 4455 3857 4526 μάλα

2296 4552 2593 4625 προθύμως
2637 4552 2783 4622 ἅπερ
2810 4550 2875 4603 ἂν
2909 4549 3189 4619 ἐθέλωμεν
3228 4550 3413 4603 λαϐεῖν
3435 4568 3449 4582 ·
3490 4552 3578 4605 ῐνα
3604 4545 3854 4621 μὴ’δοκοίη

2293 4645 2382 4700 διὰ
2435 4645 2641 4698 τούτων
2690 4644 2751 4697 τὸ
2794 4644 2889 4697 τοῦ
2942 4643 3079 4696 Θεοῦ
3114 4644 3208 4696 καὶ
3252 4645 3469 4714 Πατρὸς
3520 4640 3852 4716 παρωθεῖσθαι

2292 4736 2619 4806 πρόσωπον,
2670 4736 2838 4804 ἦγουν
2891 4734 3281 4805 παραιρεῖσθαι
3334 4734 3434 4804 τὴν
3492 4735 3587 4789 τοῦ
3646 4731 3855 4791 τεκόντος

2291 4829 2454 4883 αὑτὸν
2508 4828 2756 4892 ἐξουσίαν
2815 4826 2912 4895 τὴν
2972 4828 3063 4879 ἐπὶ
3110 4830 3234 4889 ταῖς
3283 4827 3392 4878 τῶν
3455 4830 3629 4895 ἁγίων
3684 4824 3852 4893 φιλοτι-

601 4909 882 4965 enliariter
906 4912 1193 4965 vindicans
1233 4909 1377 4980 quod
1404 4911 1452 4964 ei
1488 4912 1727 4965 maxime
1758 4914 2040 4977 convenit,
2073 4921 2187 4967 tan-

2304 4920 2478 4990 μίαις,
2515 4920 2693 4989 φημὶ,
2740 4921 3010 4989 χρήσιμον
3054 4919 3218 4972 αὐτὸν
3282 4921 3626 4989 συγχορηγὸν
3671 4913 3849 4969 ἔσεσθαι

603 5017 765 5069 quam
807 5003 860 5054 in
904 5018 1137 5072 persona
1175 5002 1267 5057 Dei
1306 5019 1373 5057 ac
1413 5004 1613 5058 Patris.
1666 5003 1723 5057 ld
1759 5004 1903 5058 enim
1938 5004 1989 5057 ei
2018 5005 2187 5060 moris

2304 5009 2389 5063 καὶ
2420 5008 2803 5062 συνεπιδώσειν
2832 5012 2961 5079 ἡμῖν
2987 5010 3077 5062 τὸν
3103 5011 3466 5081 Παράκλητον
3507 5012 3631 5081 ἔψη,
3656 5009 3711 5061 τὸ
3737 5006 3848 5072 ἐρωο

601 5108 725 5146 csse
757 5094 869 5161 jam
903 5103 1068 5150 antea
1108 5112 1254 5164 saepe
1297 5096 1563 5151 diximus.
1601 5096 1784 5149 Alium
1818 5110 1980 5161 porro
2013 5094 2187 5149 Para-

601 5188 805 5240 rletutn
850 5187 1115 5255 Spiritum
1155 5198 1317 5243 vocat
1342 5190 1435 5243 Dei
1486 5203 1551 5243 ac
1590 5186 1774 5241 Patris
1815 5188 2184 5251 substantitn,

603 5282 720 5332 sive
737 5294 866 5331 sum.
892 5278 1005 5333 Una
1025 5282 1172 5335 enim
1206 5284 1258 5337 in
1279 5282 1550 5336 ambobus
1568 5290 1651 5335 est
1679 5280 2002 5334 substantiae
2022 5282 2187 5346 ratio,

602 5386 727 5439 quae
759 5372 939 5436 ipsum
982 5390 1089 5427 non
1122 5374 1400 5433 excludit.
1433 5373 1527 5428 sed
1559 5371 1728 5425 allicit
1774 5380 1832 5423 ut
1866 5372 2187 5426 distinctius

601 5473 817 5518 tantum
857 5465 1195 5537 intelligatur
1240 5470 1294 5522 iu
1337 5484 1402 5521 eo
1444 5467 1591 5535 quod
1628 5466 1680 5518 in
1719 5464 1943 5534 propria
1974 5464 2196 5518 exsistit

605 5555 913 5625 liypostasi.
965 5557 1076 5613 Nec
1121 5560 1269 5613 enim
1317 5556 1491 5609 Filius
1525 5555 1770 5624 Spiritus
1817 5563 1940 5618 est,
1992 5556 2087 5611 sed
2136 5572 2195 5609 re

604 5663 731 5701 vera
762 5658 817 5703 et
848 5652 1067 5719 prpprie
1094 5666 1217 5705 esse
1258 5658 1311 5703 et
1344 5649 1619 5703 exsistere
1660 5649 1712 5703 id
1750 5649 1898 5719 quod
1936 5656 2018 5702 est
2044 5687 2059 5710 ,
2095 5648 2198 5703 [ide

722 5830 762 5860 ⁸⁸
804 5831 974 5886 lCor.
1008 5846 1133 5897 xm,
1162 5830 1243 5884 l2.

2293 5099 2461 5165 τήσω
2489 5098 2650 5153 πάλιν
2681 5099 2870 5163 ἐπιὼν,
2894 5099 2968 5162 ὠς
2995 5099 3303 5171 ἄνθρωπος,
3326 5098 3512 5163 ίδικῶς
3537 5117 3593 5153 τε
3620 5089 3848 5151 ἀνατιθεὶς

2295 5193 2491 5264 ὃλῃτῇ
2524 5193 2645 5263 θεία
2684 5210 2742 5245 τε
2769 5194 2863 5246 καὶ
2908 5193 3133 5263 ἀρρήτῳ
3179 5193 3339 5261 φύσει
3371 5194 3435 5246 τὸ
3467 5195 3604 5262 αὐτῇ
3651 5187 3846 5259 μάλιστα

2296 5285 2525 5353 πρέπον,
2557 5284 2633 5345 ὡς
2659 5287 2716 5338 ἐν
2744 5284 3024 5356 προσώπῳ
3057 5284 3151 5337 τοῦ
3174 5284 3311 5338 Θεοῦ
3344 5286 3439 5338 καὶ
3464 5282 3688 5356 Πατρός.
3707 5273 3843 5328 Τοῦτο

2297 5375 2406 5444 γὰρ
2439 5375 2558 5438 ἔθος
2590 5376 2769 5445 αὐτῷ.
2798 5376 2939 5429 καθὰ
2982 5376 3077 5428 καὶ
3107 5375 3367 5437 πολλάκις
3393 5376 3497 5445 ήδη
3534 5366 3842 5446 προλαϐόντες

2292 5468 2616 5537 είρήκαμεν.
2651 5467 2842 5519 Ἀλλον
2885 5484 2948 5534 γε
2995 5467 3103 5539 μὴν
3152 5466 3525 5537 Παρὰκλητον
3566 5465 3623 5517 τὸ
3660 5454 3840 5521 Πνεῦμα

2297 5556 2452 5610 καλεῖ
2490 5558 2591 5626 τῆς
2620 5558 2715 5610 τοῦ
2768 5557 2904 5611 Θεοῦ
2962 5559 3057 5611 καὶ
3114 5558 3331 5628 Πατρὸς
3385 5553 3728 5622 οὐσίας,ήτοι
3759 5542 3835 5609 τῆς

2297 5650 2510 5701 ἑαυτοῦ.
2539 5645 2629 5712 Εἷς
2662 5652 2768 5719 γὰρ
2807 5653 2891 5703 ἐπ’
2923 5653 3125 5721 ἀμφοῖν
3170 5653 3266 5721 τῆς
3298 5651 3487 5713 οὐσίας
3523 5650 3551 5700 ὁ
3588 5645 3737 5711 λόγος.
3759 5634 3835 5687 θῧπ

1326 5830 1365 5863 ³⁷
1388 5827 1546 5885 Joan.
1574 5845 1687 5897 XVI,
1717 5828 1807 5893 25,
1842 5830 1932 5883 εει.
2011 5830 2054 5861 ³⁸
2090 5827 2286 5884 Matth.
2320 5828 2559 5894 v1.9-l5.
