4096 6478
168 415 288 471 257

1241 413 1305 470 ΙΝ
1327 415 1614 474 JOANNIS
1649 414 2097 473 EVANGELIUM
2131 418 2261 474 LIB.
2302 417 2395 474 lx.

3351 423 3458 480 253

168 533 287 599 [Eoi
319 530 489 595 τιθεὶς
518 530 670 596 αὐτὸ,
690 532 783 585 τὸν
808 529 866 585 δὲ
889 531 986 602 τῆς
1008 532 1327 604 ἑτερότητος
1354 534 1512 604 λόγον
1539 539 1599 590 ιν
1629 539 1771 608 μόνῳ

1879 536 2176 593 credimus.
2210 536 2452 607 Spiritus
2478 536 2681 607 quippe
2712 542 2794 591 est
2834 534 3016 591 Patris
3059 543 3112 591 et
3159 535 3280 592 Filii
3310 555 3325 603 ;
3361 541 3458 595 sed

167 623 417 677 νοεῖσθαι
456 623 634 685 διδοὺς
662 622 739 694 τῷ
777 618 915 677 εἶναι
955 625 1050 679 καὶ
1084 626 1350 699 ὑπάρχειν
1386 629 1769 694 ίδιοσυστάτως

167 716 332 769 αῦτό.
376 716 451 768 Ub
498 716 608 785 γάρ
665 716 793 779 Tib;
846 717 907 770 τὸ
956 715 1183 789 Πνεῦμά
1242 722 1424 781 ἐστιν,
1458 719 1767 784 ἀλλ’όντως

170 807 323 869 ιδίως
353 824 411 859 τε
445 807 505 859 ὃν
560 808 652 861 καὶ
682 808 929 879 ὑπάρχον
955 809 1102 863 τοῦθ’
1137 810 1273 880 ὅπερ
1298 811 1447 863 ἐστὶν
1480 814 1537 863 ὲν
1584 810 1767 864 πίστει

166 899 619 970 παραδεξόμεθα.
654 901 878 973 Πνεῦμα
902 905 1011 974 γάρ
1040 905 1157 956 ἐστι
1185 903 1280 973 τοῦ
1306 904 1517 975 Πατρὺς
1552 905 1647 957 καὶ
1672 904 1765 958 τοῦ

170 991 308 1045 Υίοῦ
330 1008 343 1021 ·
359 991 514 1056 εἰδὼς
540 992 597 1045 δὲ
622 994 703 1048 ὅτι
732 996 823 1049 καὶ
848 996 1010 1060 αὐτὸς
1032 997 1384 1068 Παράκλητός
1404 998 1519 1050 ὲστί
1541 1015 1600 1050 τε
1625 997 1768 1051 κατὰ

164 1084 458 1157 ἀλήθειαν,
489 1087 583 1140 καὶ
625 1088 682 1139 ὲν
719 1090 833 1150 τοῖς
881 1090 1049 1160 ἱεροῖς
1088 1089 1406 1160 ὠνόμασται
1446 1091 1765 1161 Γράμμασι,

164 1178 542 1250 Παράκλητον
582 1180 742 1232 ἄλλον
775 1180 839 1234 τὸ
869 1180 1094 1251 Πνεῦμα
1139 1181 1315 1243 καλεῖ,
1350 1182 1447 1252 οὐχ
1474 1182 1549 1245 ὼς
1582 1181 1767 1253 ἕτερόν

163 1288 221 1324 τι
263 1273 428 1342 τυχὸν
465 1272 709 1342 ἐνεργεῖν
749 1274 805 1325 ὲν
833 1275 944 1336 τοῖς
980 1273 1155 1341 ἁγίοις
1185 1272 1320 1336 είδὸς
1355 1272 1549 1344 ἢὸπερ
1582 1272 1648 1326 ἂν
1674 1273 1769 1325 καὶ

164 1364 361 1427 αὐτὸς,
401 1356 462 1417 οὗ
506 1365 601 1417 καὶ
628 1364 745 1417 ἔστι
780 1366 876 1420 καὶ⁵
908 1366 1127 1433 λέγεται
1153 1364 1400 1435 Πνεῦμα.
1434 1365 1556 1420 Ὅτι
1588 1366 1645 1418 δὲ
1675 1366 1769 1419 καὶ

163 1456 339 1517 αὐτὸς
387 1457 749 1527 Παράκλητος
786 1458 1082 1529 ὠνομάσθη
1130 1476 1189 1512 τε
1226 1460 1320 1511 καὶ
1368 1458 1515 1511 ἔστιν
1548 1460 1576 1512 ὁ
1622 1457 1767 1522 Υἱδςν

166 1551 521 1622 μαρτυρήσει
541 1550 716 1617 λέγων
741 1550 771 1601 6
810 1550 1097 1617 Ἰωὰνννης
1121 1552 1177 1603 ὲν
1207 1548 1365 1613 ίδίαις
1384 1553 1727 1620 συγγραφαῖς
1751 1566 1765 1581 ο

170 1659 189 1692 ι
234 1642 428 1695 Ταῦτα
456 1641 620 1709 λέγω,
648 1641 832 1710 φησὶν,
854 1641 983 1712 ὑμῖν
1003 1682 1017 1705 ,
1048 1642 1136 1695 ἵνα
1162 1640 1239 1712 μὴ
1256 1642 1626 1714 ἁμαρτάνητε.
1645 1642 1770 1696 Ἐάν

162 1751 252 1797 τις
281 1734 340 1787 δὲ
370 1736 612 1807 ἁμάρτῃ,
638 1735 988 1807 παράκλητον
1018 1734 1213 1805 ἔχομεν
1242 1736 1376 1806 πρὸς
1406 1736 1496 1788 τὸν
1529 1737 1767 1808 Πατέρα,

179 1826 399 1896 Ἰησοῦν
452 1827 688 1897 Χριστὸν
734 1828 983 1893 δίκαιον,
1028 1830 1124 1881 καὶ
1173 1828 1337 1891 αὐτὸς
1376 1828 1602 1896 ἱλασμός
1652 1830 1767 1882 ἐστι

166 1916 303 1986 περὶ
332 1916 444 1969 τῶν
467 1917 752 1987 ἁμαρτιῶν
776 1917 953 1988 ήμῶν,
971 1936 988 1968 ι
1031 1918 1226 1971 Ἀλλον
1255 1918 1436 1971 τοίνυν
1486 1920 1779 1992 Παράκλη·

162 2026 261 2061 τον
290 2009 357 2061 τὸ
391 2007 614 2078 Πνεῦμα
646 2008 822 2072 καλεῖ,
854 2011 913 2062 ἐν
948 2009 1104 2073 ἰδίαις
1139 2009 1238 2080 μὲν
1272 2010 1604 2063 ὑποστάσεσι
1629 2014 1766 2064 νοεῖ·-

166 2099 298 2152 σθαι
316 2099 491 2153 θέλων
517 2100 671 2163 αὐτὸ,
690 2101 957 2171 τοσαύτην
972 2118 1034 2170 γε
1060 2102 1168 2172 μὴν
1196 2100 1318 2171 ἔχον
1341 2101 1440 2173 τὴν
1464 2103 1767 2173 ἐμφέρειαν
1800 2090 1801 2093 η

162 2192 242 2256 ὡς
290 2192 434 2263 πρὸς
469 2193 653 2257 αὑτὸν,
697 2194 793 2247 καὶ
830 2193 1270 2264 ἀπαραλλάκτως
1309 2193 1483 2258 οὕτως
1521 2196 1767 2266 ἐνεργεῖν

167 2284 362 2355 ἰσχύον
386 2285 529 2358 ἅπερ
552 2286 619 2340 ἂν
663 2287 753 2340 καὶ
790 2287 953 2350 αὐτὸς
991 2286 1240 2357 ὲνεργοίη
1278 2288 1458 2357 τυχὸν,
1485 2287 1559 2349 ὡς
1603 2287 1767 2340 αὑτὸν

162 2373 311 2431 εἶναι
342 2378 523 2432 δοκεῖν
550 2379 644 2432 τὸν
680 2380 828 2442 Υίὸν,
856 2381 950 2432 καὶ
978 2379 1163 2450 ἕτερον
1195 2379 1368 2432 οὐδέν.
1404 2378 1627 2449 Πνεῦμα
1658 2378 1766 2450 γάρ

164 2474 319 2526 ἐστιν
353 2472 545 2526 αὐτοῦ.
587 2474 696 2526 Καὶ
747 2472 880 2542 γοῦν
926 2474 1029 2543 τῆς
1066 2472 1324 2544 ἀληθείας
1354 2472 1484 2525 αὐτὸ
1527 2474 1768 2525 κατωνό-

169 2579 315 2632 μασε
351 2562 581 2630 Πνεῦμα
603 2565 699 2616 καὶ
728 2564 815 2617 διὰ
835 2563 944 2616 τῶν
980 2565 1359 2634 προκειμένων
1399 2563 1588 2616 ἑαυτὸν
1626 2560 1766 2617 εἶναι

162 2654 264 2726 τὴν
304 2654 565 2725 ἀλήθειαν
587 2655 782 2721 λέγων.
820 2656 961 2709 Ἀλλ’
983 2658 1100 2726 ὲρεῖ
1120 2674 1203 2719 τις
1226 2656 1451 2719 εἰκότως
1472 2659 1583 2718 τοῖς
1613 2656 1768 2709 ἁλλόο

162 2763 322 2817 τριον
358 2743 501 2799 εἶναι
530 2748 813 2818 νομίξουσι
842 2746 933 2801 τὸν
964 2747 1088 2800 Υίὸν
1120 2747 1220 2819 τῆς
1250 2747 1343 2801 τοῦ
1376 2747 1515 2800 Θεοῦ
1532 2749 1627 2801 καὶ
1656 2748 1767 2800 Παο

162 2838 298 2909 τρὸς
346 2839 572 2903 οὐσίας’
606 2841 716 2893 Καὶ
764 2839 902 2902 πῶς.
943 2838 1064 2892 είπέ
1112 2857 1242 2910 μοι,
1269 2839 1331 2891 τὸ
1363 2840 1461 2909 τῆς
1506 2838 1767 2908 ἀληθείας

164 2926 404 3002 Πνεῦμα
428 2972 442 2994 ,
476 2931 620 2985 τοῦτ’
656 2932 771 2984 ἐστι
809 2933 871 2985 τὸ
904 2931 1002 2986 τοῦ
1051 2932 1201 2994 Υίοῦ,
1240 2932 1455 2986 δίδωσιν
1494 2933 1522 2983 6
1554 2931 1765 3002 Πατὴρ,

160 3024 262 3094 οὐχ
315 3023 401 3086 ὡς
460 3024 673 3095 ξένονῆ
713 3025 1015 3096 ἀλλότριον,
1048 3025 1163 3077 ἀλλ’
1201 3025 1277 3086 ὡς
1336 3024 1465 3076 ἴδιον
1520 3025 1765 3095 Πνεῦμα,

161 3116 352 3169 καίτοι
390 3115 512 3168 καθ’
558 3117 705 3186 ἡμᾶς
749 3117 1104 3199 διωρισμένον
1151 3116 1290 3186 ἔχων
1315 3117 1417 3187 τῆς
1457 3118 1647 3181 οὐσίας
1676 3118 1768 3171 τὸν

162 3209 347 3279 Λόγον
379 3209 516 3280 πρὸς
550 3209 640 3262 τὸν
676 3209 834 3273 Υίὸν,
867 3211 963 3263 καὶ
997 3208 1128 3263 Υίοῦ
1150 3210 1211 3262 τὸ
1247 3209 1471 3280 Πνεῦμά
1506 3212 1767 3279 ὲστινςού
1797 3248 1838 3303 C

161 3302 275 3374 γὰρ
331 3303 420 3356 ὅτι
470 3302 793 3373 ἀμφίλογον.
843 3301 967 3365 Πῶς
995 3303 1050 3356 δὲ
1085 3298 1150 3355 αὗ
1198 3302 1383 3366 πάλιν,
1430 3304 1589 3375 εἴπερ
1624 3305 1769 3357 ἐστὶν

164 3393 519 3465 ιτεροούσιος
537 3396 564 3446 6
588 3394 737 3457 Υἱὸς,
756 3394 817 3446 τὸ
846 3394 941 3445 τοῦ
965 3392 1177 3463 Πατρὸς
1211 3391 1433 3463 Πνεῦμα
1454 3391 1667 3447 δίδωσιν
1695 3393 1771 3457 ὼς

164 3482 403 3546 ἑαυτοῦς
424 3484 739 3554 Γέγραπται
768 3484 877 3555 γὰρ
896 3485 979 3537 ὅτι
1007 3482 1311 3553 ἐνεφύσησε
1332 3486 1444 3548 τοῖς
1478 3484 1770 3555 μαθηταῖς,

165 3574 349 3643 λέγων
375 3592 390 3606 ο
426 3594 444 3627 ι
476 3577 683 3629 Λάϐετε
722 3575 948 3645 Πνεῦμα
975 3576 1147 3643 ἅγιον.
1194 3593 1212 3625 ι
1244 3571 1367 3646 ⁷Λρ*
1398 3571 1493 3629 οὖν
1524 3576 1624 3629 οὐκ
1654 3576 1771 3646 οίή-

170 3670 327 3721 σεταί
388 3684 474 3731 τις
508 3667 603 3721 καὶ
648 3666 795 3737 μάλα
847 3667 1093 3730 δικαίως,
1127 3665 1329 3733 μᾶλλον
1380 3668 1435 3720 δὲ
1485 3668 1771 3739 ἀραρότως

167 3759 515 3814 διακείσεται
546 3761 651 3819 ὅτι.
686 3760 796 3813 τῶν
844 3760 938 3813 τοῦ
969 3759 1107 3813 Θεοῦ
1147 3760 1241 3813 καὶ
1276 3760 1488 3832 Πατρὸς
1525 3760 1771 3830 φυσικῶν

168 3852 402 3920 ἀγαθῶν
442 3850 721 3913 ούσιωδῶς
761 3851 1024 3922 ὑπάρχων
1055 3850 1331 3913 κοινωνὸς,
1355 3852 1383 3904 6
1412 3850 1538 3914 Υἱὸς
1570 3850 1682 3920 ἔχει
1711 3851 1771 3903 τὸ

170 3944 407 4013 Πνεῦμα
437 3945 580 3995 κατὰ
598 3943 786 3995 τοῦτον
817 3943 906 3996 τὸν
933 3942 1133 4011 τρόπον
1167 3940 1473 4011 καθ’ὄνπερ
1507 3940 1572 3994 ἂν
1598 3942 1772 3995 νοοῖτο

170 4033 264 4087 καὶ
295 4035 331 4086 ό
370 4034 580 4103 Πατὴρ,
604 4033 706 4086 ούκ
733 4032 969 4086 ἐπακτὸν
998 4032 1118 4085 οὐδὲ
1156 4030 1376 4097 ἔξωθεν·
1408 4030 1605 4102 εὔηθες
1637 4032 1768 4100 γάρ,

172 4126 385 4195 μᾶλλον
428 4127 485 4179 δὲ
535 4125 761 4196 μανικὸν
818 4125 879 4178 τὸ
929 4124 1071 4179 οὕτω
1130 4128 1347 4195 φρονεῖν
1374 4168 1389 4190 ,
1430 4125 1547 4177 ἀλλ’
1580 4124 1770 4197 ὥσπερ

170 4219 334 4288 ἡμῶν
386 4218 619 4281 ῑκαστος
656 4218 717 4271 τὸ
769 4218 897 4273 ἴδιον
946 4219 1005 4271 ὲν
1047 4217 1229 4288 ἐαυτῷ
1259 4218 1477 4289 πνεῦμα
1536 4219 1767 4289 συνέχει,

172 4314 265 4365 καὶ
295 4316 370 4365 ὲκ
426 4311 535 4365 τῶν
562 4311 864 4366 ὲνδοτάτων
915 4310 1243 4381 σπλάγχνων
1288 4312 1368 4374 είς
1395 4310 1456 4364 τὸ
1492 4310 1597 4375 ἔξω
1635 4329 1771 4383 προ-

173 4404 308 4473 χέει.
387 4403 486 4455 Διὰ
515 4402 624 4473 γάρ
662 4418 741 4455 τοι
794 4401 955 4455 τοῦτο
997 4400 1329 4469 σωματικῶς
1380 4400 1713 4472 ἐνεφύσησεν
1743 4403 1772 4456 6

172 4489 439 4559 Χριστὸς,
472 4489 687 4552 δεικνὺς
723 4490 807 4542 ὅτι
862 4488 1117 4559 καθάπερ
1149 4490 1212 4542 ἐκ
1247 4489 1513 4559 στόματος
1555 4490 1648 4543 τοῦ
1677 4493 1775 4545 άν-

1875 643 2002 681 cum
2038 643 2097 683 se
2130 643 2351 697 quoque
2386 626 2734 682 Paracletum
2766 641 2892 682 esse
2919 641 3109 682 revera
3139 640 3365 694 nosset,
3405 640 3460 685 et

1877 718 1932 772 in
1964 720 2143 774 sacris
2180 718 2404 774 Litteris
2457 719 2532 772 ita
2574 735 2702 774 esse
2746 726 3126 790 nuncupatum
3150 760 3165 783 ,
3202 718 3461 777 Paraele-

1876 821 1991 866 tum
2033 814 2206 867 aliutn
2253 813 2522 882 Spiritum
2570 813 2855 882 appellat,
2899 828 3011 867 non
3050 814 3209 883 quasi
3248 812 3455 883 aliquid

1876 906 2025 962 aliud
2061 906 2115 959 in
2152 907 2365 959 sanctis
2398 907 2614 975 operari
2644 907 2851 975 possit,
2885 920 3047 976 quam
3077 905 3223 977 quod
3253 915 3307 961 et
3341 906 3459 977 ipse

1874 998 2037 1066 cujus
2074 1004 2131 1052 et
2165 1007 2250 1051 est
2292 1005 2350 1051 et
2386 996 2593 1051 dicitur
2634 998 2899 1066 Spiritus.
2929 998 3084 1064 Quod
3124 1008 3305 1054 autem
3340 1000 3459 1069 ipse

1874 1086 2047 1142 Filius
2091 1086 2413 1142 Paracletus
2471 1099 2828 1158 nuncupetur
2873 1097 2929 1143 et
2987 1088 3104 1152 sit.
3164 1089 3459 1145 testabitur

1873 1177 2117 1234 Joannes
2150 1178 2403 1234 scribens
2439 1195 2453 1231 :
2501 1198 2519 1230 ι
2554 1179 2678 1233 Haec
2707 1180 2832 1234 dico
2856 1220 2870 1243 ,
2908 1180 3131 1250 inquit,
3173 1181 3361 1244 vobis.
3397 1190 3458 1236 ut

1876 1285 1986 1326 non
2018 1272 2282 1342 peccetis.
2316 1271 2423 1326 Sed
2454 1279 2508 1325 et
2538 1273 2585 1327 si
2614 1273 2742 1342 quis
2766 1275 3098 1342 peccaverit,
3126 1274 3456 1328 advocatum

1876 1361 2143 1417 habemus
2181 1362 2327 1431 apud
2368 1362 2587 1416 Patrem
2636 1362 2825 1418 Jesum
2877 1362 3158 1418 Christum
3199 1364 3453 1432 justum:

1875 1465 1929 1508 et
1978 1454 2099 1523 ipse
2145 1463 2231 1510 est
2284 1455 2605 1524 propitiatio
2656 1470 2756 1524 pro
2808 1456 3049 1524 peccatis
3098 1457 3307 1512 nostris
3329 1456 3398 1512 δ’.
3432 1475 3451 1507 ι

1874 1544 2054 1599 Alium
2090 1545 2277 1615 itaque
2317 1544 2663 1600 Paracletum
2700 1544 2968 1615 Spiritum
3001 1557 3203 1613 vocat,
3245 1549 3300 1602 in
3331 1563 3460 1618 pro-

1876 1635 1993 1704 pria
2029 1636 2252 1706 quidem
2307 1637 2589 1707 liypostasi
2638 1637 2828 1693 volens
2868 1653 2993 1693 eum
3052 1639 3322 1709 intelligi,
3360 1640 3458 1710 qui

1878 1736 2089 1781 tantam
2141 1739 2321 1783 tamen
2369 1745 2493 1784 cum
2558 1731 2678 1800 ipso
2735 1732 3164 1786 similitudinem
3220 1733 3458 1795 habeat.

1878 1827 2102 1889 tamque
2129 1834 2225 1890 per
2251 1821 2438 1875 omnia
2483 1821 2648 1876 simili
2679 1823 2899 1877 ratione
2934 1823 3151 1893 operari
3184 1824 3360 1893 possit
3394 1842 3458 1879 ea

1810 1910 1852 1966 Β
1882 1928 2005 1981 qua:
2051 1920 2105 1966 et
2138 1912 2251 1982 ipse
2282 1921 2546 1982 operatur
2568 1954 2584 1979 ,
2621 1924 2679 1968 ut
2707 1915 2874 1984 810
2910 1915 3028 1985 ipse
3056 1915 3307 1971 videatur
3337 1931 3462 1971 esse

1869 2002 2064 2068 Filius,
2100 2017 2165 2057 ac
2192 2004 2332 2057 nihil
2365 2004 2535 2058 aliud.
2565 2006 2809 2075 Spiritus
2839 2008 2985 2060 enim
3012 2007 3133 2078 ejus
3163 2014 3269 2062 est.
3300 2007 3461 2063 Unde

1868 2096 2121 2150 veritatis
2172 2093 2442 2165 Spiritum
2476 2097 2632 2151 illum
2668 2098 3009 2162 nominavit,
3040 2101 3285 2170 seipsum
3315 2105 3459 2155 veri-

1868 2195 2035 2242 tatem
2069 2203 2195 2243 esse
2225 2189 2442 2246 dicens.
2475 2189 2544 2244 At
2574 2190 2720 2244 enim
2759 2191 2830 2245 iis
2858 2190 2949 2260 qui
2982 2189 3181 2245 Filium
3216 2206 3245 2244 a
3282 2189 3375 2245 Dei
3404 2200 3458 2245 et

1866 2278 2048 2333 Patris
2080 2281 2392 2335 substantia
2432 2281 2675 2336 alienum
2718 2296 2843 2336 esse
2879 2289 3123 2351 putant,
3155 2283 3279 2351 jure
3308 2283 3459 2337 dicet

1868 2371 2104 2441 aliquis:
2144 2371 2440 2438 Quomodo
2465 2414 2480 2437 ,
2522 2389 2749 2442 quaeso,
2788 2376 3038 2429 veritatis
3076 2372 3367 2443 Spiritum,
3402 2376 3456 2429 id

1867 2472 1953 2518 est
1982 2462 2137 2528 Filii,
2167 2464 2262 2518 dat
2290 2463 2492 2531 Pater,
2522 2480 2632 2519 non
2669 2473 2932 2535 tanquam
2971 2467 3322 2535 peregrinum
3363 2476 3458 2519 aut

1868 2552 2130 2617 alienum,
2163 2552 2258 2607 sed
2285 2560 2343 2605 ut
2366 2553 2647 2622 proprium
2677 2552 2972 2622 Spiritum,
2998 2553 3455 2609 cumsecunduin

1869 2661 1966 2701 vos
1993 2645 2315 2700 distinctum
2365 2646 2560 2699 habeat
2607 2661 2637 2698 a
2677 2661 2776 2700 sua
2816 2646 3129 2700 substantia
3166 2644 3453 2709 Verbum,

1869 2738 1985 2791 sive
2012 2736 2233 2800 Filium,
2261 2744 2316 2791 et
2356 2736 2622 2806 Spiritum
2654 2752 2778 2792 esse
2807 2736 2934 2791 Filii
2970 2739 3157 2793 nullus
3190 2738 3453 2809 ambigat.

1869 2828 2083 2885 Rursus
2114 2847 2244 2884 vero
2284 2831 2566 2901 quomodo
2591 2872 2605 2897 ,
2646 2830 2694 2886 si
2728 2831 2957 2887 alterius
3000 2839 3087 2886 est
3126 2833 3458 2887 substantiae

1870 2926 2066 2991 Filius,
2100 2928 2280 2983 Patris
2318 2929 2588 2997 Spiritum
2635 2928 2805 2981 tradit
2852 2939 2910 2982 ut
2937 2930 3141 2983 suum?
3173 2929 3455 3000 Scriptum

1867 3029 1952 3073 est
1979 3020 2129 3072 enim
2161 3018 2474 3074 insumasse
2496 3018 2787 3088 discipulis
2828 3018 2967 3081 suis,
2998 3017 3259 3083 dicendo,
3296 3038 3316 3073 ι
3342 3019 3457 3074 Δου-

1868 3112 2035 3182 cipite
2055 3111 2320 3182 Spiritum
2350 3120 2600 3167 sanctum
2617 3112 2719 3166 ".i
2746 3109 3027 3180 Numquid
3046 3127 3182 3182 ergo
3202 3112 3327 3181 jure
3353 3126 3455 3181 pu-

1871 3204 2011 3258 tabit
2032 3203 2233 3273 aliquis
2261 3245 2276 3269 ,
2306 3206 2415 3257 imo
2439 3218 2571 3257 vero
2602 3202 2835 3258 ﬁrmiter
2865 3202 3053 3258 credet
3079 3241 3093 3267 ,
3127 3217 3252 3257 cum
3288 3212 3455 3257 natu-

1874 3296 2070 3349 ralium
2106 3295 2199 3349 Dei
2232 3310 2296 3349 ac
2329 3293 2511 3349 Patris
2543 3294 2815 3349 bonorum
2852 3294 3297 3351 substantialiter
3324 3310 3455 3366 par-

1872 3386 2046 3454 ticeps
2078 3385 2149 3438 sit
2188 3382 2361 3438 Filius
2388 3423 2403 3447 ,
2458 3382 2654 3456 [eum]
2690 3383 2958 3454 Spiritum
2987 3399 3053 3439 eo
3086 3384 3251 3439 modo
3303 3385 3456 3457 [quo

1871 3484 1927 3531 et
1966 3474 2166 3546 Pater]
2202 3475 2403 3529 habere
2432 3485 2710 3540 censetur,
2744 3490 2852 3529 non
2878 3475 3243 3529 adventitium
3278 3492 3457 3546 neque

1872 3565 2218 3620 extrinsecus
2244 3606 2257 3629 ,
2307 3562 2466 3617 furor
2495 3566 2645 3618 enim
2680 3573 2766 3619 est
2803 3564 2877 3618 ita
2917 3567 3121 3619 sentire
3151 3582 3166 3627 ;
3208 3564 3305 3619 sed
3341 3581 3454 3634 quo

1873 3657 2035 3711 modo
2068 3658 2451 3727 unusquisque
2481 3664 2735 3710 nostrum
2776 3670 2936 3709 suum
2984 3656 3037 3709 in
3079 3657 3266 3725 seipso
3293 3658 3457 3725 spiri-

1872 3756 1989 3803 tum
2033 3749 2310 3813 continet,
2359 3756 2412 3801 et
2444 3762 2512 3801 ex
2544 3746 2757 3800 intimis
2793 3745 3101 3800 visceribus
3135 3746 3283 3801 foras
3318 3762 3456 3814 pro-

1874 3840 2090 3896 fundit?
2115 3840 2328 3895 ldcirco
2358 3838 2504 3894 enim
2536 3839 2793 3894 Christus
2826 3837 3123 3893 insutilavit
3146 3840 3454 3908 corporali-

1872 3942 1957 3987 ter
1980 3971 1995 3995 ,
2029 3932 2324 3988 ostendens
2354 3930 2506 4001 quod
2545 3931 2691 3986 sicut
2720 3944 2787 3984 ex
2819 3944 2915 3984 ore
2948 3929 3190 3984 humano
3223 3930 3457 3999 spiritus

1873 4025 2057 4096 prodit
2100 4025 2467 4095 corporaliter
2497 4064 2513 4089 ,
2566 4023 2649 4078 sic
2700 4030 2756 4078 et
2803 4038 2870 4077 ex
2919 4022 3105 4077 divina
3146 4022 3455 4078 substantia

1874 4118 2063 4173 deitati
2094 4118 2491 4173 convenienter
2519 4114 2760 4185 Spiritus
2787 4154 2801 4177 ,
2835 4116 2926 4184 qui
2968 4131 3036 4170 ex
3075 4131 3140 4169 eo
3169 4125 3252 4171 est
3280 4155 3293 4178 .
3330 4131 3458 4185 pro-

1873 4210 2143 4265 funditur.
2175 4210 2312 4264 Cum
2345 4222 2479 4279 ergo
2512 4206 2752 4278 Spiritus
2788 4209 2906 4277 ipse
2953 4207 3047 4263 Dei
3080 4208 3263 4265 Patris
3293 4211 3364 4265 sit
3392 4225 3457 4265 ac

1873 4301 2038 4368 Filii,
2074 4301 2353 4372 quomodo
2388 4317 2498 4355 non
2530 4315 2694 4355 unam
2736 4301 2969 4356 omnino
3002 4301 3282 4357 habebunt
3322 4304 3458 4357 sub-

1873 4395 2131 4450 stantiam
2162 4404 2217 4450 et
2245 4395 2508 4450 distincte
2545 4393 2707 4450 simul
2750 4401 2916 4465 atque
2943 4395 3322 4463 conjunctim?
3352 4394 3456 4448 Pa-

1874 4496 1959 4541 ter
1991 4487 2138 4540 enim
2188 4486 2351 4542 Pater
2381 4494 2463 4543 est
2491 4526 2506 4551 ,
2546 4501 2611 4541 ac
2662 4503 2771 4542 non
2826 4486 3036 4547 Filius.
3074 4496 3129 4540 et
3171 4485 3343 4540 Filius
3372 4498 3458 4540 est

176 4580 461 4650 θρωπίνου
499 4581 714 4651 πρόεισι
744 4581 805 4634 τὸ
863 4581 1082 4649 πνεῦμα
1116 4580 1468 4650 σωματικῶς,
1507 4581 1649 4635 οὕτω
1680 4583 1771 4636 καὶ

1876 4579 2053 4635 Filius
2079 4620 2094 4643 ,
2136 4594 2201 4633 ac
2238 4596 2345 4634 non
2384 4579 2568 4635 Pater.
2601 4579 2994 4636 Verumtamen
3025 4580 3190 4633 Pater
3227 4581 3279 4633 in
3316 4577 3460 4632 Filio

175 4673 238 4723 ὲκ
269 4672 381 4740 τῆς
425 4671 575 4735 θείας
612 4671 797 4735 οὐσίας
828 4671 1152 4744 θεοπρεπῶς
1184 4675 1467 4743 προχεῖται
1500 4672 1560 4725 τὸ
1582 4673 1638 4739 ἐξ
1677 4674 1777 4726 αὐ-

174 4763 287 4817 τοῦ.
306 4764 447 4816 Ὀτε
467 4764 648 4817 τοίνυν
680 4765 812 4817 αύτὸ
837 4765 897 4818 τὺ
918 4765 1143 4836 Πνεῦμα
1171 4764 1264 4818 τοῦ
1295 4782 1355 4817 τε
1385 4764 1521 4817 Θεοῦ
1553 4766 1646 4818 καὶ
1662 4766 1777 4821 Ila-

176 4856 301 4925 τρός
349 4859 497 4909 ἐστιν
548 4857 775 4911 καὶτοῦ
825 4857 996 4921 Υἱοῦ,
1030 4857 1148 4923 πῶς
1196 4858 1318 4929 ούχὶ
1370 4859 1588 4922 πάντως
1644 4860 1775 4929 μίαν

176 4946 363 5011 ἕξουσι
406 4950 505 5018 τὴν
539 4949 790 5014 ἐξουσίαν
836 4951 1183 5023 διῃρημένως
1218 4967 1276 5004 τε
1307 4950 1423 5021 ἅμα
1448 4953 1542 5004 καὶ
1569 4969 1776 5023 συνημ-

180 5042 361 5110 μένως
384 5059 397 5105 ;
424 5042 614 5112 Πατὴρ
644 5042 817 5113 γὰρ,ό
855 5044 1045 5112 Πατὴρ
1075 5043 1170 5095 καὶ
1194 5043 1293 5112 οὐχ
1326 5042 1475 5106 Υἱὸς,
1500 5044 1592 5096 καὶ
1623 5044 1773 5109 Υἱὸς,

174 5130 203 5181 6
236 5129 371 5193 Υἱὸς
406 5131 500 5184 καὶ
532 5132 653 5200 οὐχὶ
686 5132 895 5202 Πατήρ.
952 5132 1100 5201 Πλὴν
1132 5133 1160 5185 6
1202 5133 1385 5204 πατὴρ
1417 5135 1475 5185 ἐν
1508 5133 1641 5204 Υίῷ,
1681 5137 1776 5190 καὶ

178 5218 207 5269 6
252 5218 388 5281 Υἱὸς
443 5222 499 5272 ὲν
556 5219 750 5291 Πατρί.
788 5220 984 5274 Δίδωσί
1028 5238 1090 5289 γε
1140 5221 1247 5292 μὴν
1277 5221 1366 5275 τὸν
1393 5223 1772 5294 Παράκλητον,

178 5310 298 5377 ἦτοι
322 5310 384 5362 τὸ
407 5310 630 5381 Πνεῦμα
654 5311 717 5365 τὸ
751 5311 926 5380 ἅγιον,
957 5314 1058 5367 οὐκ
1096 5314 1201 5385 ἰδίᾳ
1243 5315 1341 5384 μὲν
1371 5316 1400 5367 6
1430 5315 1641 5387 Πατὴρ,
1669 5317 1777 5390 ίδίᾳ

179 5400 234 5459 δὲ
266 5403 294 5453 6
324 5402 475 5467 Υἱὸς,
516 5406 834 5474 χορηγεῖται
882 5404 938 5456 δὲ
987 5405 1186 5475 μᾶλλον
1236 5408 1349 5470 τεῖς
1393 5407 1567 5476 άγίοις
1619 5410 1774 5481 παρὰ

181 5491 397 5564 Πατρός
428 5493 496 5546 δι’
537 5495 689 5549 Υίοῦ.
732 5495 833 5549 Διὰ
872 5496 980 5567 γάρ
1002 5513 1084 5549 τοι
1109 5496 1287 5562 τοῦτο,
1326 5497 1522 5552 διδόναι
1546 5500 1773 5572 λεγομέ-

181 5599 272 5635 νου
308 5584 403 5637 τοῦ
433 5585 667 5656 Πατρός,
699 5587 727 5639 6
767 5587 834 5641 δι’
870 5582 932 5640 οὗ
959 5590 1028 5642 τά
1084 5589 1261 5642 πάντα
1309 5590 1522 5643 δίδωσιν
1550 5594 1579 5645 ὀ
1603 5592 1731 5658 Υἱός
1755 5612 1769 5625 ο

187 5678 302 5742 καὶ,
335 5676 535 5731 διδόναι
581 5678 874 5751 λεγομένου
925 5680 1020 5735 τοῦ
1053 5682 1205 5747 Υἱοῦ,
1236 5684 1265 5736 6
1305 5683 1365 5749 ἐξ
1398 5678 1458 5739 οὗ
1500 5685 1563 5740 τὰ
1593 5689 1771 5744 πάντα

263 5852 311 5884 δ’
397 5851 557 5909 Joan.
604 5870 675 5921 ιι,
710 5854 760 5910 1.
840 5858 884 5888 ’θ
926 5855 1086 5916 Joan.
1117 5874 1208 5924 iu,
1238 5859 1326 5914 22.

1876 4683 1932 4729 et
1961 4673 2134 4729 Filius
2164 4683 2251 4729 est
2292 4676 2344 4730 in
2383 4675 2562 4729 Patre.
2612 4675 2713 4729 Dat
2755 4691 2885 4730 vero
2923 4673 3266 4728 Paracletum
3291 4713 3305 4734 ,
3342 4674 3459 4726 sive

1880 4766 2143 4836 Spiritum
2192 4777 2479 4833 sanctum,
2530 4783 2638 4822 non
2688 4768 2919 4823 seorsim
2974 4765 3195 4836 quidem
3248 4764 3457 4826 Pater,

1877 4861 2111 4917 seorsim
2142 4876 2273 4915 vero
2301 4860 2491 4925 Filius,
2524 4861 2618 4915 sed
2654 4862 2832 4930 potius
2866 4859 3073 4912 sanctis
3106 4874 3133 4911 a
3170 4857 3329 4911 Patre
3353 4865 3460 4911 tra-

1876 4953 2024 5009 ditur
2056 4969 2153 5024 per
2188 4952 2408 5008 Filium.
2459 4951 2674 5006 Idcirco
2720 4952 2906 5010 enim,
2952 4965 3076 5004 cum
3128 4948 3285 5003 Pater
3327 4949 3460 5004 dare

1877 5047 2116 5107 dicitur,
2155 5045 2202 5099 is
2236 5060 2333 5116 per
2360 5059 2521 5114 quem
2553 5042 2736 5096 omnia
2781 5040 3074 5095 traduntur
3110 5041 3203 5096 dat
3238 5056 3460 5110 quoque

1880 5137 2091 5192 Filius:
2125 5147 2200 5203 et,
2235 5152 2360 5191 cum
2396 5134 2603 5190 dicitur
2636 5133 2766 5188 dare
2796 5132 2991 5194 Filius,
3031 5133 3077 5187 is
3108 5147 3173 5185 ex
3200 5147 3308 5200 quo
3337 5148 3457 5185 om-

1877 5231 1966 5285 nia
1992 5232 2085 5285 dat
2118 5229 2298 5284 Pater.
2329 5226 2485 5295 Quod
2518 5234 2700 5280 autem
2732 5225 2955 5280 divinus
2986 5239 3050 5277 ac
3081 5240 3189 5277 nun
3228 5224 3459 5279 diverse

1876 5324 1947 5378 ab
1977 5324 2098 5393 ipso
2125 5321 2289 5376 Patre
2319 5332 2371 5375 et
2400 5319 2538 5374 Filio
2569 5318 2893 5372 substantia:
2929 5320 3000 5371 sit
3038 5314 3277 5385 Spiritus
3299 5354 3314 5377 ,
3357 5332 3453 5371 nc-

1876 5416 2013 5471 mini
2062 5430 2211 5470 sanie
2244 5412 2444 5468 mentis
2473 5412 2701 5467 dubium
2739 5425 2862 5466 esse
2897 5420 3058 5477 puto.
3093 5416 3258 5477 atque
3310 5414 3369 5461 ut
3404 5407 3454 5460 id

1880 5507 2176 5562 credamus
2199 5504 2340 5559 ratio
2364 5502 2680 5558 necessaria
2714 5516 2817 5556 nos
2846 5500 3046 5569 adiget.
3081 5497 3137 5552 Si
3162 5499 3286 5567 quis
3308 5496 3454 5550 enim

1878 5615 2001 5656 eum
2036 5614 2099 5653 ex
2132 5598 2442 5654 substantia
2476 5595 2569 5651 Dei
2600 5610 2723 5650 esse
2759 5599 2955 5663 negat,
2997 5589 3271 5661 quomodo
3300 5601 3459 5640 crea-

1879 5698 2001 5747 tura
2037 5690 2257 5747 demum
2296 5690 2402 5746 erit
2443 5687 2537 5744 Dei
2580 5686 2857 5757 particeps
2883 5724 2899 5750 ,
2928 5690 3158 5751 accepto
3207 5675 3461 5749 Spiritu?
