4096 6490
664 379 776 437 2‘59
860 425 865 430 .

1630 378 1689 434 S.
1731 376 2009 434 CYRIILI
2050 376 2523 434 ALEXANDRINI
2561 375 2886 434 ARCHIEP.
3834 384 3917 438 260

668 498 777 549 Aut
795 494 1072 564 quomodo
1102 494 1303 565 templa
1340 493 1430 548 Dei
1461 493 1908 562 nuncupabiinur
1930 502 1985 547 et
2012 495 2245 559 erimus,

2357 494 2611 549 δίδωσινὸ
2634 494 2844 565 Πατήρ.
2876 495 3001 547 Ὅτι
3028 493 3084 546 δὲ
3118 490 3262 547 θεῖόν
3286 507 3344 545 τε
3379 491 3483 546 καὶ
3508 490 3571 544 τὸ
3600 490 3816 563 Πνεῦμα
3846 504 3916 555 καὶ

670 590 717 643 si
752 596 999 642 creatum
1037 596 1130 642 aut
1164 588 1526 656 alienigenam
1578 586 1831 656 spiritum
1873 584 2251 654 accipiamus,

671 697 781 737 non
814 689 994 735 autem
1030 681 1181 733 illum
1222 680 1316 748 qui
1365 694 1428 732 ex
1474 677 1582 731 Deo
1610 677 1737 732 est?
1768 675 2061 742 Quomodo
2092 684 2255 730 natu-

670 790 745 828 ra:
788 774 987 827 divinae
1031 778 1319 826 consortes
1364 769 1408 801 ³⁸
1439 808 1453 831 ,
1515 769 1670 837 juxta
1728 779 2047 825 sanctorum
2095 782 2257 823 voces

672 865 799 938 [qui
825 864 1064 934 Spiritus
1084 863 1381 934 participes
1408 862 1545 915 fiunt
1570 861 1685 935 ⁸⁶],
1716 864 1762 916 si
1795 863 1849 915 in
1874 871 2255 916 creaturarum

670 971 903 1009 numero
935 955 1238 1009 collocatur
1263 993 1279 1019 ,
1330 968 1394 1008 ac
1437 971 1545 1008 non
1576 956 1764 1025 potius
1803 971 1869 1010 ex
1911 956 2031 1025 ipsa
2061 964 2257 1009 natura

668 1048 829 1117 811
867 1046 1052 1100 divina
1081 1045 1356 1115 procedit,
1376 1047 1470 1115 qui
1502 1062 1610 1099 non
1640 1058 1698 1100 ut
1721 1047 1936 1101 alienus
1964 1061 2059 1115 per
2083 1046 2257 1114 ipsam

672 1140 724 1192 in
766 1154 867 1192 nos
905 1138 1179 1208 pervenit,
1223 1137 1344 1201 sed,
1375 1147 1433 1192 ut
1473 1141 1550 1191 ita
1591 1137 2057 1206 dicam,qualitas
2091 1136 2259 1191 veluti

668 1231 917 1300 quaedam
969 1230 1196 1286 deitatis
1223 1238 1311 1286 est
1345 1230 1399 1284 in
1446 1231 1627 1294 nobis,
1680 1237 1735 1285 et
1768 1231 1820 1283 in
1854 1230 2065 1285 sanctis
2100 1230 2261 1283 habia

669 1334 769 1385 tat,
815 1330 1107 1392 manetque
1157 1338 1396 1393 semper,
1428 1322 1472 1377 si
1524 1339 1638 1377 sua:
1682 1322 1883 1376 mentis
1919 1323 2140 1376 oculum
2163 1338 2259 1392 per

667 1430 832 1469 oume
852 1414 1142 1484 probitatis
1162 1430 1337 1485 genus
1360 1422 1678 1485 purgantes,
1705 1423 1758 1468 et
1776 1428 1872 1483 per
1889 1413 2112 1467 virtutis
2128 1414 2258 1483 juge

667 1515 724 1562 et
770 1506 1111 1562 indefessum
1158 1507 1401 1561 studium
1463 1509 1695 1577 gratiam
1738 1507 1841 1562 sibi
1897 1514 2253 1561 conservent.

669 1598 851 1668 Ipsum
874 1599 1077 1669 quippe
1099 1602 1166 1653 ab
1198 1600 1272 1655 iis
1302 1600 1394 1669 qui
1421 1600 1472 1653 in
1509 1600 1712 1653 mundo
1734 1605 1865 1654 sunt
1890 1614 1989 1653 nec
2008 1599 2128 1668 capi
2153 1613 2257 1653 nec

668 1690 1066 1762 comprehendi
1112 1706 1278 1761 posse
1318 1692 1583 1747 Christus
1631 1692 1734 1753 ait,
1768 1691 1873 1746 hoc
1921 1700 2008 1745 est
2053 1693 2121 1746 iis
2160 1692 2255 1761 qui

668 1801 792 1855 qua:
832 1784 1025 1839 mundi
1078 1792 1207 1839 sunt
1246 1786 1471 1855 sapiunt
1529 1800 1595 1839 ac
1642 1792 1866 1839 terrena
1919 1783 2160 1853 diligunt
2181 1784 2252 1848 ⁸⁷,

2356 588 2455 656 οὐχ
2475 585 2812 657 ἑτεροούσιον
2840 586 2923 649 ὡς
2950 587 3086 656 πρὸς
3117 586 3279 640 αὐτόν
3318 586 3377 638 τέ
3423 600 3576 654 φημι
3610 584 3699 637 τὸν
3738 588 3917 660 Πατέρα

2357 680 2451 732 καὶ
2480 679 2571 732 τὸν
2582 678 2729 743 Υἱὸν,
2745 680 2923 733 οὐδενὶ
2946 680 3045 751 μὲν
3068 676 3222 750 οἶμαι
3252 678 3361 732 τῶν
3390 674 3455 732 εὖ
3480 678 3817 749 φρονούντων
3843 684 3917 737 ὑπο

2359 771 2553 842 ἀρχειν
2580 771 2901 843 ἀμφίϐολον,
2928 772 3024 826 καὶ
3052 771 3347 839 ἀναγκαῖος
3374 770 3437 824 δὲ
3476 771 3630 840 ἡμᾶς
3678 771 3917 829 ἀναπείσει

2357 862 2532 927 λόγος.
2561 865 2623 916 Εἰ
2650 863 2758 935 γάρ
2787 864 2886 916 οὐκ
2914 861 3051 916 εἷναί
3078 880 3162 925 τις
3182 863 3313 916 αὑτό
3350 879 3527 934 φησιν
3558 861 3624 914 ὲκ
3654 860 3748 931 τῆς
3770 864 3917 930 οὐσίας

2357 955 2453 1009 τοῦ
2509 956 2668 1020 Θεοῦ,
2702 956 2822 1019 πῶς
2861 955 2927 1008 ἂν
2977 954 3064 1024 εἴη
3097 954 3233 1008 Θεοῦ
3288 954 3525 1026 μέτοχος
3572 954 3607 1024 ὴ
3641 954 3833 1018 κτίσις,
3858 959 3916 1011 ἔτι

2356 1047 2597 1102 λαϐοῦσα
2626 1048 2687 1101 τὸ
2718 1048 2941 1118 Πνεῦμα
2965 1064 2980 1113 ;
3008 1047 3162 1101 Κατά
3192 1047 3311 1101 τίνα
3351 1048 3407 1101 δὲ
3444 1046 3658 1118 τρόπον
3681 1048 3789 1100 ναοὶ
3814 1048 3915 1106 θεοῦ

2358 1158 2463 1212 χρη
2474 1139 2778 1211 ματιοῦμεν
2811 1141 2907 1194 καὶ
2934 1138 3192 1209 ἐσόμεθα,
3224 1140 3444 1193 κτιστὸν
3476 1139 3510 1209 ἦ
3546 1139 3821 1207 ἀλλογενὲς
3847 1160 3917 1195 ιο-

2362 1239 2643 1310 μιζόμενοι
2695 1238 2939 1309 Πνεῦμα,
2990 1240 3084 1293 καὶ
3130 1239 3248 1308 οὒχι
3290 1236 3501 1308 μᾶλλον
3554 1235 3619 1288 τὸ
3669 1236 3730 1289 ἐκ
3777 1236 3914 1306 Θεοῦ;

2358 1331 2483 1395 Πῶς
2515 1331 2572 1383 δὲ
2594 1331 2743 1395 Θείας
2776 1330 2992 1401 φύσεως
3020 1331 3290 1395 κοινωνοὶ,
3328 1328 3480 1383 κατὰ
3501 1328 3608 1391 τὰς
3649 1328 3753 1381 τῶν
3782 1331 3915 1397 ἁγίων

2359 1423 2562 1493 φωνὰς,
2599 1424 2644 1475 oi
2693 1424 3009 1494 Πνεῦματος
3046 1422 3286 1493 μέτοχοι,
3322 1423 3372 1474 εί
3399 1423 3521 1483 τοῖς
3572 1424 3813 1491 γενητοῖς
3850 1426 3914 1476 ἐν·

2357 1516 2617 1588 αρίθμιόν
2647 1516 2796 1581 ἐστι,
2828 1516 2921 1569 καὶ
2955 1516 3079 1585 οὐχὶ
3123 1514 3323 1585 μᾶλλον
3364 1514 3424 1581 ἐξ
3478 1513 3657 1582 αὐτῆς
3690 1516 3808 1583 ἡμῖν
3842 1516 3915 1581 τῆς

2359 1605 2507 1671 θείας
2534 1605 2749 1675 φύσεως
2779 1607 3045 1677 πρόεισιν,
3067 1606 3128 1659 οῦ
3160 1604 3592 1675 διακονούμενον
3607 1604 3673 1656 δι’
3689 1605 3841 1674 αὐτῆς
3856 1609 3915 1671 si;

2357 1700 2390 1770 ἡ
2399 1700 2504 1771 μᾶς
2520 1699 2595 1762 ὡς
2609 1697 2911 1769 ἀλλότριον,
2934 1698 3142 1758 ἀλλ’.ῖν’
3157 1697 3329 1760 οὕτως
3346 1697 3516 1761 εἴπω,
3535 1697 3754 1767 ποιότης
3767 1699 3912 1769 ὥσπερ

2357 1809 2441 1855 τις
2466 1792 2563 1861 τῆς
2590 1790 2838 1861 θεότητος
2868 1792 2925 1844 έν
2953 1792 3085 1861 ἡμῖν
3102 1790 3413 1861 γινόμενον,
3440 1789 3541 1842 καὶ
3567 1790 3626 1842 ὲν
3655 1792 3760 1853 τοῖς
3778 1790 3913 1857 ἁγίοις

671 1851 769 1932 sed
823 1893 853 1930 a
910 1877 1119 1931 sanctis
1171 1851 1401 1946 capi'et
1437 1876 1676 1945 perspici
1714 1883 1915 1945 potest.
1947 1851 2122 1940 Quam
2182 1873 2249 1927 ob

2358 1884 2667 1947 κατοικοῦν,
2704 1883 2798 1936 καὶ
2830 1882 3103 1951 ἀπομένον
3146 1882 3233 1936 διὰ
3261 1882 3492 1944 παντὸς.
3527 1883 3575 1933 εἰ
3624 1882 3720 1951 τῆς
3746 1884 3909 1935 ἑαυτῶν

668 1968 931 2023 causam?
960 1966 1041 2021 Illi
1073 1968 1279 2038 quippe
1311 1967 1632 2037 impnritate
1663 1982 1783 2036 qua?
1807 1968 1894 2021 vix
1928 1967 2038 2021 elui
2082 1966 2255 2035 possit

608 2057 616 2064 ’
670 2060 967 2131 inquinati,
1017 2068 1071 2113 et
1128 2060 1365 2129 quadam
1426 2061 1589 2114 veluti
1650 2059 1987 2131 lippitudine
2041 2058 2254 2113 suffuso

669 2154 868 2207 mentis
899 2152 1088 2215 oculo,
1121 2159 1332 2205 naturae
1380 2167 1497 2205 suae
1526 2151 1698 2206 decus
1733 2167 1843 2205 non
1884 2150 2252 2220 perspiciunt,

670 2262 849 2315 neque
888 2244 1134 2316 Spiritus
1183 2245 1359 2313 legem
1407 2245 1713 2314 accipiunt,
1749 2245 1938 2298 carnis
1974 2243 2254 2312 cupidita-

671 2338 825 2393 tibus
881 2337 1112 2392 omnino
1160 2338 1379 2391 subacti
1420 2352 1433 2387 ι
1474 2337 1528 2389 hi
1583 2352 1714 2391 vero
1767 2337 1924 2407 probi
1958 2343 2014 2390 et
2060 2335 2252 2398 sobrii,

668 2445 908 2483 vacuum
954 2429 1142 2483 mundi
1195 2428 1357 2483 malis
1409 2443 1507 2482 cor
1560 2428 1827 2483 habentes
1888 2426 2253 2481 introducunt

666 2523 887 2593 quidem
924 2523 979 2576 in
1021 2536 1081 2577 se
1137 2522 1285 2575 ultro
1343 2520 1712 2586 Paracletum,
1744 2536 1983 2591 cumque
2033 2526 2254 2576 servant

666 2625 1012 2687 susceptum,
1058 2626 1116 2671 et
1150 2623 1421 2685 quantum
1470 2615 1797 2670 hominibus
1831 2615 2052 2683 assequi
2104 2613 2250 2675 licet,

666 2710 946 2764 intellectu
1013 2708 1504 2778 contemplantur,
1562 2724 1818 2779 magnum
1886 2707 2013 2761 inde
2069 2720 2254 2775 Opera:

666 2800 905 2869 pretium
960 2808 1331 2869 reportantes.
1369 2798 1755 2853 Sanctificabit
1798 2797 1944 2850 enim
1981 2810 2098 2859 eos,
2131 2810 2255 2848 om-

667 2891 938 2959 niumque
975 2888 1141 2943 simul
1177 2890 1450 2943 bonorum
1482 2888 1724 2943 factores
1755 2888 1967 2956 redd’et,
2012 2902 2098 2952 ac,
2137 2902 2255 2942 ser-

666 2986 860 3040 vitutis
913 2985 1171 3039 humanae
1218 2985 1425 3055 probro
1504 2983 1785 3053 adempto,
1840 2982 2111 3052 dignitate
2157 2982 2254 3035 ad-

665 3075 917 3143 optionis
948 3074 1192 3129 ornabit.
1226 3074 1397 3144 Cujus
1426 3075 1503 3129 rei
1532 3076 1691 3129 testis
1721 3075 1827 3129 erit
1859 3074 2015 3129 nobis
2050 3072 2253 3128 Paulus

2355 1970 2593 2034 διανοίας
2650 1970 2741 2024 τὸν
2795 1970 3077 2041 ὀφθαλμὸν
3128 1970 3217 2023 διά
3269 1970 3456 2041 πάσης
3484 1972 3779 2034 ἐπιεικείας
3819 1974 3912 2025 ἀτο-

2358 2061 2735 2130 καθαίροντες,
2763 2061 2859 2114 καὶ
2892 2060 2980 2114 διὰ
3015 2062 3114 2131 τῆς
3158 2062 3239 2124 είς
3273 2063 3457 2115 πᾶσαν
3490 2062 3692 2133 ἀρετὴν
3740 2064 3910 2117 ἀνενδό·

2356 2170 2448 2206 του
2484 2153 2722 2223 σπουδῆς
2754 2156 3073 2222 συντηροῑεν
3105 2155 3319 2216 ἑαυτοῖς
3342 2152 3444 2223 τὴν
3468 2153 3667 2223 χάρινς
3713 2154 3911 2225 Ἀχώρη-

2354 2261 2446 2298 τον
2483 2244 2580 2315 μὲν
2610 2243 2721 2315 γὰρ
2753 2245 2847 2297 καὶ
2883 2243 3194 2316 ἀθεώρητον
3226 2244 3358 2297 αὐτὸ
3392 2247 3512 2308 τοῖς
3555 2246 3613 2298 ἐν
3640 2246 3813 2317 κόσμῳ
3834 2266 3910 2315 φη-

2358 2336 2443 2389 σὶν
2481 2336 2509 2388 ὁ
2538 2336 2792 2408 Χριστὸς,
2818 2335 2963 2389 τοῦτ’
2990 2336 3106 2389 ἔστι
3136 2338 3250 2400 τοῖς
3274 2336 3342 2389 τὰ
3378 2338 3439 2390 ἐν
3476 2338 3669 2409 κόσμῳ
3698 2340 3910 2409 φρονοῦσι

2356 2429 2449 2481 καὶ
2495 2428 2719 2498 ἀγαπᾷν
2755 2427 3034 2495 ἑλομένοις
3062 2427 3132 2480 τά
3174 2427 3395 2495 ἐπίγεια
3423 2469 3437 2488 ,
3469 2428 3718 2499 χωρητόν
3744 2447 3798 2497 γε
3830 2430 3907 2501 μὴν

2356 2519 2450 2571 καὶ
2483 2518 2819 2572 εὐκάτοπτον
2875 2521 2989 2580 τοῖς
3036 2516 3229 2585 ἁγίοις.
3261 2516 3359 2570 Διά
3418 2517 3584 2570 ποίαν
3634 2519 3905 2583 αἰτίανςυὶ

2359 2608 2458 2678 μὲν
2498 2608 2606 2677 γὰρ
2656 2607 3024 2661 δυσέκπλυτον
3056 2606 3272 2676 ἔχοντες
3300 2606 3402 2676 τὴν
3456 2606 3808 2677 ἀκαθαρσίαν,
3838 2610 3905 2660 καὶ

2354 2699 2535 2771 λήμης
2576 2699 2765 2771 ὥσπερ
2798 2698 2943 2761 τινὸς
2988 2699 3081 2751 τὸν
3122 2699 3325 2751 οἰκεῖον
3360 2698 3770 2767 ἀναπλήσαντες
3793 2698 3905 2763 νοῦν,

2354 2794 2414 2846 τὸ
2442 2794 2539 2863 τῆς
2593 2792 2743 2855 θείας
2795 2789 3013 2859 φύσεως
3051 2791 3110 2843 οῦ
3147 2790 3518 2862 περιαθροῦσι
3570 2790 3782 2856 κάλλος,
3811 2790 3902 2842 οὔτε

2359 2884 2466 2956 μὴν
2500 2883 2563 2936 τὸ
2605 2882 2700 2936 τοῦ
2738 2883 3053 2952 Πνεῦματος
3084 2882 3485 2953 καταδέχονται
3518 2883 3697 2949 νόμον,
3726 2882 3900 2952 nam.

2358 2994 2475 3038 πως
2512 2979 2622 3039 τοῖς
2655 2976 2753 3043 τῆς
2793 2974 2995 3044 σαρκὸς
3038 2974 3469 3045 τυραννούμενοι
3519 2976 3741 3028 πάθεσιν
3764 2992 3777 3006 ’
3804 2974 3902 3027 eiii

2356 3067 2552 3136 ἀγαθοὶ
2578 3068 2671 3122 καὶ
2693 3066 2974 3137 νηφαλέοι,
3008 3065 3375 3136 σχολάζουσαν
3403 3066 3518 3119 τῶν
3550 3068 3608 3119 ἐν
3644 3067 3813 3136 κόσμῳ
3828 3082 3900 3116 κα-

664 3168 859 3223 dicens
894 3185 907 3223 :
946 3186 965 3219 ι
1003 3166 1281 3232 Quoniam
1322 3175 1504 3221 autem
1558 3167 1694 3221 estis
1746 3165 1866 3231 filii,
1900 3166 2052 3221 misit
2108 3165 2249 3221 Deus

2357 3162 2467 3216 κῶν
2494 3161 2706 3231 ἔχοντες
2730 3159 2828 3230 τὴν
2860 3159 3106 3228 καρδίαν,
3136 3156 3494 3223 είσοικίζουσι
3532 3158 3630 3228 μὲν
3655 3159 3709 3209 ἐν
3733 3159 3901 3218 ἑαυτοῖς

668 3258 940 3328 Spiritum
981 3259 1107 3313 Filii
1135 3260 1221 3315 sui
1266 3259 1321 3313 in
1368 3259 1538 3314 corda
1596 3268 1799 3324 vestra,
1856 3260 2188 3314 clamantem
2233 3277 2248 3315 :

664 3352 845 3417 Abba,
883 3351 1045 3405 Pater
1076 3353 1143 3405 ⁵⁸.
1188 3370 1206 3401 ι

2361 3254 2604 3307 ἐθελοντὶ
2640 3252 2733 3304 τὸν
2784 3250 3177 3321 Παράκλητον,
3204 3249 3540 3313 διασώζουσι
3577 3249 3636 3302 δὲ
3676 3249 3899 3308 λαϐόντες,

2358 3348 2453 3401 καὶ
2508 3344 2739 3397 καθόσον
2774 3341 3082 3413 ἀνθρώποις
3136 3342 3388 3411 ἐφικτὸν,
3424 3340 3633 3412 νοητῶς
3662 3338 3897 3409 Θεωροῦσι,

666 3445 800 3498 πολύ
839 3464 889 3498 τι
934 3446 1031 3498 καὶ
1081 3445 1244 3514 μέγα,
1290 3445 1383 3498 καὶ
1420 3445 1785 3517 ἀξιοζήλωτον
1838 3446 2088 3500 ἐντεῦθεν
2121 3442 2582 3517 ἀποκομιζόμενοι
2632 3440 2818 3508 γέρας.
2850 3438 3094 3505 Ἀγιάσει
3120 3438 3229 3507 γὰρ
3290 3439 3515 3503 αὐτοὺς,
3577 3438 3667 3490 καὶ
3726 3435 3896 3488 πάντων

662 3536 799 3606 ὁμοῦ
831 3539 935 3589 τῶν
954 3535 1176 3604 ἀγαθῶν
1198 3537 1566 3600 ἀποτελεστάς
1603 3538 1898 3605 ἀποδείξει,
1926 3540 2021 3593 καί⁸
2034 3539 2094 3591 τὸ
2122 3539 2221 3610 μὲν
2253 3539 2349 3608 τῆς
2366 3530 2870 3604 ἀνθρωποπρεποῦς
2906 3530 3148 3593 δουλείας
3176 3523 3365 3598 αἶσχος
3393 3530 3551 3597 ἀφιεῖ
3584 3527 3688 3599 [γρ.
3710 3524 3895 3595 ἀφελεῖ]⁹

661 3629 742 3700 τῷ
774 3630 828 3682 δὲ
867 3630 966 3700 τῆς
1000 3630 1273 3694 υἱοθεσίας
1330 3630 1606 3702 ἀξιώματι
1675 3632 1983 3704 περιϐαλεῖ.
2033 3635 2145 3687 Καὶ
2198 3631 2545 3704 μαρτυρήσει
2619 3630 2797 3696 λέγων
2845 3628 2867 3679 5
2911 3625 3158 3689 [Ia-5106'
3194 3644 3213 3676 ε
3252 3626 3375 3678 Ὅτι
3432 3625 3491 3678 δέ
3528 3628 3646 3678 ἐστε
3695 3625 3804 3687 υἱοὶ,
3831 3621 3895 3684 ἐξ·

660 3723 979 3777 απέστειλεν
1026 3724 1054 3775 ὁ
1105 3723 1236 3788 Θεὸς
1270 3731 1330 3778 τὸ
1370 3728 1593 3800 Πνεῦμα
1641 3729 1737 3782 τοῦ
1773 3730 1904 3783 Υίοῦ
1940 3729 2105 3783 αὑτοῦ
2142 3731 2222 3792 εἰς
2256 3730 2353 3792 τάς
2381 3727 2611 3797 καρδίαις
2640 3724 2815 3794 ὑμῶν.
2848 3721 3053 3793 κρᾶζον
3078 3739 3091 3754 ⁸
3146 3720 3336 3783 ’Ᾱδδᾶν
3371 3723 3400 3775 ὁ
3435 3722 3646 3792 Πατήρο
3686 3740 3701 3772 ³

738 3813 876 3879 XIV,
927 3816 1011 3870 18.
1047 3814 1167 3867 Non
1207 3815 1504 3886 relinquam
1560 3835 1649 3872 vos
1698 3818 1963 3885 orplmnos
1998 3835 2015 3872 :
2045 3820 2249 3872 veniam

662 3905 732 3959 ad
764 3923 871 3959 vos.

645 3984 653 3991 ’
733 3996 1062 4052 Necessario
1094 4012 1316 4067 quoque
1353 4013 1499 4052 nunc
1553 3996 1819 4053 Dominus
1850 4009 2035 4053 noster
2089 3995 2250 4052 Iesus

663 4090 917 4144 Christus
981 4088 1049 4143 de
1100 4097 1294 4143 sancta
1340 4098 1395 4143 et
1453 4089 1915 4143 consubstantiali
1974 4089 2249 4144 Trinitatc

664 4196 979 4237 sermonem
1030 4182 1299 4236 contexit.
1349 4180 1469 4236 Jam
1504 4181 1650 4236 enim
1692 4182 1848 4252 prius
1887 4182 2249 4253 diligentibus

666 4292 747 4341 se,
778 4276 963 4330 allatis
1005 4276 1072 4329 ad
1126 4276 1422 4330 certiorem
1489 4274 1650 4328 fidem
1704 4276 1889 4331 verbis
1943 4292 2006 4331 ac
2056 4276 2246 4339 rebus,

663 4367 909 4423 ostendit
947 4368 1251 4423 secundum
1301 4377 1556 4422 naturam
1588 4383 1647 4423 se
1687 4369 1858 4422 Deum
1911 4385 2058 4435 esse,
2093 4382 2146 4425 et
2180 4386 2246 4423 ex

667 4457 775 4509 Deo
803 4456 966 4512 Patre
995 4458 1269 4528 genitum,
1292 4458 1598 4529 eademque
1626 4474 1751 4513 cum
1786 4460 1881 4513 illo
1911 4461 2150 4530 potentia
2184 4475 2247 4515 ac

2428 3818 2547 3869 Οὐκ
2610 3812 2827 3882 ἀφήσω
2888 3810 3042 3881 ὑμᾶς
3103 3810 3408 3879 ὀρφανούς
3440 3826 3453 3840 ·
3490 3811 3727 3879 ἔρχομαι
3781 3806 3893 3874 πρὸς

2354 3905 2529 3975 ὑμᾶς.
3181 3959 3187 3965 .

2386 4038 2392 4043 .
2438 3996 2780 4065 Ἀναγκαίως
2801 3995 2896 4048 καὶ
2926 3993 3020 4048 νῦν
3047 3996 3076 4049 ὁ
3105 3994 3308 4068 Κύριος
3331 3996 3493 4065 ἡμῶν
3526 3993 3720 4067 Ἰησοῦς
3743 3994 3767 4046 ὁ
3792 3991 3889 4058 Χρι-

2354 4091 2479 4154 στὸς
2508 4090 2599 4143 τὸν
2637 4090 2765 4160 περὶ
2811 4088 2911 4159 τῆς
2942 4088 3107 4156 ἁγίας
3150 4105 3211 4141 τε
3257 4088 3354 4141 καὶ
3391 4086 3676 4158 ὀμοουσίου
3708 4082 3890 4153 Τριάδος

2356 4184 2633 4253 ὲξυφαίνει
2686 4183 2866 4251 λόγον.
2908 4182 3126 4251 Δέδειχε
3193 4182 3292 4251 μὲν
3347 4182 3460 4251 γὰρ
3502 4180 3601 4251 ἤδη
3653 4176 3884 4248 πρότερον,

2356 4277 2625 4349 παραθεὶς
2666 4277 2746 4340 είς
2781 4274 3157 4345 πληροφορίαν
3179 4273 3374 4342 λόγους
3399 4290 3462 4326 τε
3490 4272 3584 4326 καὶ
3617 4269 3883 4339 πράγματα.

2352 4374 2464 4435 τοῖς
2489 4368 2776 4439 ἀγαπῶσιν
2810 4367 2992 4431 αὑτὸν,
3025 4367 3107 4419 ὅτι
3141 4383 3200 4419 τε
3232 4366 3327 4419 καὶ
3344 4366 3582 4434 ὑπάρχοι
3603 4361 3730 4415 κατὰ
3761 4357 3883 4424 φύσιν

2353 4462 2505 4526 Θεὸς,
2531 4460 2623 4514 καὶ
2669 4462 2733 4512 ὲκ
2774 4459 2911 4512 Θεοῦ
2938 4458 3262 4529 γεγέννηται
3294 4460 3533 4529 Πατρὸς,
3570 4452 3817 4516 ίσοσθενής
3837 4448 3881 4497 τέ

663 4549 948 4604 voluntate
998 4550 1313 4621 praeditum.
1354 4550 1571 4605 Idcirco
1627 4552 1775 4606 enim
1844 4554 2026 4607 aiebat
2085 4551 2249 4606 modo

2357 4555 2470 4606 ἐστι
2497 4553 2595 4606 καὶ
2628 4550 2947 4621 ίσογνὼμων
2965 4550 3133 4620 αὐτῷ.
3151 4550 3250 4603 Διὰ.
3281 4550 3389 4621 γὰρ
3427 4550 3585 4603 τοῦτο
3608 4547 3693 4599 καὶ
3720 4545 3879 4611 ἔφασκε

660 4642 883 4711 quidem
919 4660 931 4696 :
969 4661 989 4693 ι
1024 4641 1166 4709 Quia
1215 4658 1321 4712 ego
1371 4643 1518 4712 quod
1555 4643 1774 4710 loquor,
1809 4658 1838 4696 a
1880 4645 2090 4713 meipso
2131 4658 2236 4697 non

661 4736 896 4803 loquor;
932 4754 950 4787 ι
986 4736 1152 4789 modo
1182 4750 1313 4788 vero
1341 4750 1573 4789 rursus:
1613 4754 1631 4784 ι
1667 4734 1861 4788 Sinon
1895 4734 2038 4789 facio
2073 4749 2240 4803 Opera

659 4824 842 4880 Patris
890 4826 1017 4890 mei,
1054 4827 1223 4881 nolite
1250 4828 1480 4881 credere
1517 4825 1650 4879 mihi
1687 4845 1699 4879 :
1734 4827 1818 4880 sin
1856 4834 2038 4880 autem
2074 4824 2239 4891 facio,

659 4926 714 4970 et
738 4918 784 4971 si
819 4918 953 4971 mihi
988 4934 1097 4971 non
1133 4919 1380 4983 creditis,
1417 4918 1683 4988 operibus
1713 4918 1849 4973 meis
1876 4915 2085 4971 credite
2116 4917 2182 4969 ⁸⁸.
2217 4935 2235 4968 ι

661 5010 771 5065 Sed
820 5025 1050 5066 necesse
1079 5018 1199 5066 erat
1250 5022 1516 5081 praeterea
1551 5013 1618 5068 de
1651 5020 1844 5066 sancto
1882 5012 2002 5081 ipso
2034 5008 2241 5080 Spiritu

662 5110 811 5158 recte
862 5110 918 5158 et
968 5103 1252 5173 inculpate
1298 5106 1530 5159 sentire.
1576 5105 1674 5159 Sic
1731 5105 1878 5161 enim
1927 5104 2242 5159 auditorum

662 5204 874 5250 mentes
928 5210 1159 5265 prorsus
1209 5194 1277 5248 ad
1334 5211 1541 5250 reetam
1588 5196 1714 5251 fidei
1762 5197 2037 5251 rationem
2079 5195 2243 5266 dirigi

661 5297 933 5360 poterant.
968 5287 1110 5356 Quid
1168 5304 1301 5358 ergo
1352 5304 1454 5344 nos
1510 5290 1676 5359 812
1708 5289 1967 5346 Christus
2016 5304 2081 5344 ex
2137 5288 2244 5343 hoc

659 5384 780 5438 loco
826 5382 1044 5450 doceat,
1070 5382 1262 5452 paucis
1300 5396 1605 5450 exponam.
1642 5382 1822 5435 Alium
1857 5382 2017 5437 nobis
2069 5396 2098 5436 a
2132 5380 2242 5435 Deo

655 5484 708 5530 et
735 5473 896 5530 Patre
930 5474 1158 5529 missum
1191 5474 1257 5527 iri
1292 5471 1507 5536 dicens,
1540 5474 1804 5543 singulari
1833 5475 2074 5529 consilio
2112 5472 2234 5529 fidei

656 5567 964 5621 doctrinam
1003 5566 1205 5619 firmat.
1253 5562 1523 5617 Futurum
1557 5563 1703 5618 enim
1754 5574 1872 5617 erat
1923 5572 2001 5627 ut,
2038 5580 2235 5634 perpe-

659 5673 776 5712 ram
848 5656 1055 5711 dictum
1123 5656 1255 5709 illud
1318 5655 1540 5726 quidam
1596 5656 1914 5725 capientes,
1978 5666 2236 5727 putarent

2355 4644 2484 4698 ποτὲ
2521 4644 2619 4715 μέν
2649 4663 2663 4674 ·
2710 4662 2728 4696 ι
2762 4644 2883 4695 Ὅτι
2940 4641 3052 4710 ἐγὼ
3077 4642 3105 4694 ὃ
3144 4642 3311 4705 λαλῶ,
3347 4644 3443 4695 ἀπ’
3482 4636 3707 4711 ἐμαυτοῦ
3732 4636 3783 4687 οὺ
3809 4631 3879 4682 λα·

2353 4736 2450 4799 λῶ,
2478 4757 2495 4788 ι
2528 4737 2656 4789 ποτὲ
2695 4735 2751 4788 δὲ
2785 4734 2945 4788 πάλιν
2973 4750 2986 4763 ·
3028 4752 3046 4784 ι
3090 4735 3152 4787 Ei
3183 4736 3243 4787 οὐ
3279 4734 3415 4787 ποιῶ
3442 4734 3511 4787 τά
3541 4733 3669 4802 ἔργα
3694 4724 3773 4779 τοῦ
3796 4724 3876 4776 Πι-

2353 4829 2483 4901 τρός
2521 4845 2642 4899 μου,
2683 4828 2756 4899 μὴ
2812 4827 3098 4880 πιστεύετέ
3133 4842 3254 4897 μοι·
3290 4828 3338 4879 εἰ
3382 4826 3438 4878 δὲ
3473 4824 3625 4886 ποιῶ,
3657 4818 3747 4872 κᾶν
3786 4808 3877 4881 ἐμοὶ

2359 4922 2433 4992 μὴ
2469 4920 2758 4990 πιστεύητε
2785 4961 2800 4984 9
2830 4925 2942 4982 τοῖς
2988 4918 3172 4990 ἔργοις
3233 4937 3335 4988 μου
3371 4916 3667 4971 πιστεύετε.
3710 4929 3725 4960 ι
3768 4901 3874 4992 ’Ᾱλλξ

2346 5011 2412 5085 ἦν
2461 5015 2551 5066 ἐπὶ
2591 5013 2803 5076 τούτοις
2845 5013 2906 5065 οὐ
2946 5012 3183 5082 μετρίως
3230 5013 3526 5079 ἀναγκαῖον
3577 5006 3633 5058 τὸ
3683 5000 3763 5054 καὶ
3811 4989 3873 5085 ὲβ

2347 5083 2496 5177 αὐτῷ
2521 5105 2598 5176 τῷ
2621 5105 2763 5175 ἁγίῳ
2796 5103 3073 5173 Πνεῦματι
3101 5104 3198 5174 τὴν
3228 5102 3402 5173 ὀρθῶς
3441 5119 3498 5154 τε
3530 5098 3618 5152 καὶ
3655 5083 3848 5155 ἀνεγκλή

2345 5217 2452 5262 τως
2481 5199 2712 5270 ἔχουσαν
2740 5197 2989 5267 δέχεσθαι
3011 5196 3187 5260 δόξαν.
3212 5196 3371 5249 Οῦτω
3400 5196 3504 5266 γὰρ
3529 5188 3595 5261 ἦν
3620 5180 3872 5275 ὁλοκλήρξῆ

2347 5294 2425 5354 είς
2454 5267 2719 5361 ὀρθότητα
2747 5290 2983 5353 πίστεως
3010 5289 3101 5343 τὸν
3147 5288 3258 5341 τῶν
3307 5285 3661 5361 ἀκροωμένων
3688 5267 3870 5329 ἀπευθύ-

2345 5385 2532 5439 νεσθαι
2561 5386 2703 5439 νοῦν.
2754 5386 2818 5437 Τί
2862 5384 3040 5438 τοίνυν
3091 5384 3237 5453 ἡμᾶς
3270 5382 3359 5435 διὰ
3406 5381 3511 5433 τῶν
3551 5364 3869 5445 προκειμένων

2346 5478 2586 5531 διδάσκει
2621 5476 2878 5548 Χριστὸς,
2915 5476 2990 5539 ὼς
3016 5477 3075 5528 ὲν
3111 5474 3313 5543 ὀλίγοις
3342 5473 3650 5542 ἐκθήσομαι·
3686 5459 3865 5548 "Et?"

2346 5571 2479 5641 ἡμῖν
2509 5539 2788 5641 παρὰυτοῦ
2827 5567 2961 5621 Θεοῦ
3004 5567 3095 5621 καὶ
3129 5539 3341 5637 ﬂat-pb;
3381 5539 3763 5641 πεμφθήσεσθαι
3801 5539 3865 5640 λέ

2347 5677 2480 5730 γιον,
2513 5660 2869 5729 ἀσφαλίζεται
2905 5658 3067 5713 πάλιν
3114 5656 3470 5727 οἰκονομικῶς
3501 5652 3586 5705 τὸν
3610 5643 3691 5699 ἐπὶ
3713 5639 3765 5707 τῇ
3796 5645 3864 5681 π¹’

726 5836 773 5867 ³’
807 5835 846 5890 Il
877 5834 1026 5894 Petr.
1070 5854 1108 5905 ι,
1153 5836 1197 5891 ι.
1276 5836 1508 5891 "Hebr.
1553 5851 1624 5903 γι,
1658 5836 1708 5890 ί.
1786 5838 1828 5868 ⁸7
1866 5834 2101 5908 Philipp.
2154 5855 2235 5906 ιιι,

2357 5883 2359 5892 ,
2439 5841 2484 5872 ⁵⁸
2524 5840 2699 5896 Galat.
2736 5856 2809 5906 tv,
2839 5838 2891 5893 ϐ.
2975 5838 3017 5870 ⁸³
3054 5837 3214 5894 Joan.
3253 5855 3301 5901 ι,
3343 5838 3429 5893 '37.
