4096 6494
119 433 251 489 261
1214 426 1279 482 ΙΝ
1313 425 1601 482 JOANNIS
1639 424 1769 478 ΕγΑ

1878 422 2091 479 ELIUM
2135 424 2264 479 LIB.
2308 422 2374 479 IX
2388 468 2399 478 .
3218 442 3222 446 ‘
3349 430 3459 486 ἓ(ἱῇ

127 568 279 606 στει
317 544 623 619 λόγονῙΠν
639 549 745 622 γὰρ
771 550 835 621 δή
856 567 1007 613 τινας
1037 548 1181 612 είκὸς
1202 550 1301 603 οὐκ
1332 549 1508 619 ὀρθῶς
1532 548 1769 601 νοοῦντας

1892 546 2072 615 ipsum
2104 546 2291 601 dicere
2321 562 2433 601 non
2461 561 2586 603 esse
2618 561 2684 602 ex
2719 545 2811 601 Dei
2862 547 3174 603 substantia
3216 561 3465 607 sanctum

126 644 204 695 τὸ
222 644 372 712 είρη
384 641 547 712 μένον
570 641 850 713 οἰήσεσθαι
882 641 1065 711 λέγειν
1084 641 1247 696 αὑτὸν
1269 642 1370 694 οὐκ
1392 643 1455 694 ὲκ
1479 640 1578 709 τῆς
1595 639 1769 702 ούσίας

1886 636 2176 706 Spiritum,
2225 638 2388 693 siculi
2447 639 2736 694 nonnullis
2781 638 2959 694 visum
3022 649 3106 695 est
3166 642 3464 711 imperitis,

126 732 304 788 εἶναι
364 735 467 787 τοῦ
525 733 661 787 Θεοῦ
702 734 763 787 τὺ
812 734 1037 804 Πνεῦμα
1076 733 1139 787 τὸ
1178 734 1356 802 ἅγιον,
1404 732 1658 802 καθάπερ
1687 727 1781 784 οὖν

130 822 313 889 εδοξε
347 823 465 877 τῶν
508 824 783 877 ἀσυνέτων
814 825 980 888 τισὶν,
999 824 1115 876 ἀλλ’
1145 823 1334 895 ἔτερόν
1363 840 1414 876 τι
1444 822 1585 875 κατὰ
1617 821 1780 892 φύσιν

132 917 451 987 ὑπάρχειν
483 916 617 969 αὐτό
640 934 654 947 ·
677 916 739 969 τὸ
771 916 880 987 γὰρ
910 915 1104 969 ἄλλον
1133 917 1326 980 εἰπεῖν,
1361 915 1515 985 παρὰ
1552 931 1615 982 γε
1666 915 1778 977 τοῖς

133 1008 581 1080 ἀμαθεστέροις
630 1007 886 1078 τοιαύτης
936 1005 1078 1070 τινὸς
1131 1007 1310 1069 αἰτίας
1341 1004 1580 1075 ἔμφασιν
1606 1006 1780 1057 εἰσκο·

140 1100 392 1170 μίσειεν
430 1100 516 1153 ἂν.
546 1101 663 1154 Ἵνα
707 1099 891 1153 τοίνυν
940 1098 1186 1172 ἐπιδείξῃ
1228 1098 1411 1166 σαφῶς
1450 1099 1532 1151 ὅτι
1554 1097 1646 1151 τὸν
1679 1098 1778 1167 τῆς

138 1193 503 1261 ἑτερότητος
539 1191 695 1260 λόγον
742 1191 804 1245 ού
849 1191 970 1245 καθ’
1005 1191 1196 1262 ἔτερόν
1226 1208 1347 1243 τινα
1384 1189 1620 1243 νοεῖσθαι
1654 1188 1779 1259 βού-

138 1284 320 1337 λεται
352 1285 584 1355 τρόπον,
633 1284 770 1338 ἀλλὰ
816 1283 959 1337 κατὰ
994 1283 1152 1353 μόνον
1203 1282 1267 1335 τὸ
1319 1281 1462 1345 ἰδίως
1506 1281 1775 1351 ὑπάρχειν

141 1375 300 1429 αὐτὸ
335 1376 594 1448 (Πνεῦμα
625 1375 734 1447 γὰρ
756 1415 770 1439 ,
795 1375 855 1429 τὸ
886 1375 1111 1445 Πνεῦμα
1141 1375 1234 1428 καὶ
1272 1375 1371 1444 οὐχ
1393 1374 1522 1435 Υἱός
1542 1389 1555 1403 ·
1585 1371 1775 1443 ὥσπερ

1883 730 1980 784 sed
2021 730 2302 785 diversum
2345 730 2609 801 quiddam
2661 748 2786 787 eum
2843 731 3151 787 secundum
3206 742 3463 788 naturam

1881 822 2193 878 exsistere:
2232 838 2357 877 natn
2399 825 2545 893 quod
2578 824 2745 879 alium
2815 824 2977 891 dixit,
3014 827 3069 880 in
3110 840 3281 880 causa
3325 825 3465 880 forte

1882 913 2049 969 fuerit
2091 930 2190 968 cur
2237 916 2291 969 id
2355 917 2597 971 sentiant
2649 919 2915 987 imperiti.
2960 919 3028 974 Ut
3072 935 3203 991 ergo
3254 918 3465 991 liquido

1881 1013 2220 1060 monstraret
2277 1007 2447 1061 alium
2523 1024 2555 1062 a
2612 1024 2684 1065 se
2757 1010 2866 1065 dici
2929 1027 3037 1065 non
3112 1012 3223 1065 alio
3300 1013 3466 1066 modo

1879 1111 2043 1165 quam
2094 1096 2242 1166 qttod
2282 1097 2399 1165 ipse
2450 1099 2671 1166 proprie
2706 1099 2967 1154 subsistit
2998 1100 3262 1173 (Spiritus
3312 1102 3461 1155 enim

1876 1197 1964 1243 est
1996 1187 2263 1259 Spiritus.
2297 1205 2361 1243 ac
2391 1204 2497 1244 non
2530 1188 2728 1253 Filius,
2753 1193 2918 1247 sicuti
2950 1193 3126 1249 Filius
3152 1203 3236 1249 est
3264 1193 3460 1256 Filius,

1877 1294 1943 1332 ac
2004 1295 2116 1333 non
2170 1279 2378 1347 Pater),
2430 1281 2662 1336 missum
2725 1282 2790 1336 iri
2840 1282 3184 1340 Paracletum
3240 1286 3460 1351 dicens,

1877 1370 1994 1441 ipse
2027 1379 2324 1427 venturum
2361 1389 2420 1427 se
2465 1373 2781 1442 pollicetur,
2812 1390 2920 1428 non
2955 1376 3123 1431 alium
3156 1393 3186 1431 a
3219 1394 3279 1433 se
3335 1377 3462 1447 Spi-

144 1463 254 1520 οὖν
288 1466 447 1532 Υἱὸς,
481 1469 510 1521 ὁ
545 1467 673 1531 Υἱὸς
734 1468 828 1520 καὶ
874 1467 995 1537 οὐχὶ
1041 1465 1274 1536 Πατὴρ),
1300 1462 1773 1534 ἁποσταλήσεσθαι

143 1559 252 1612 τὸν
310 1559 679 1630 Παράκλητον
716 1558 909 1623 εἰπὼν,
945 1559 1106 1622 αὐτὸς
1148 1557 1299 1628 ἥξειν
1352 1555 1770 1625 ἐπαγγέλλεται,

146 1650 263 1720 οὐχ
298 1649 499 1720 ’ἑτερόν
533 1668 585 1703 τι
619 1651 681 1704 τὸ
712 1650 937 1721 Πνεῦμα
974 1650 1191 1713 δεικνὺς
1220 1650 1252 1720 ἢ
1292 1652 1430 1719 ὅπερ
1466 1648 1616 1702 ἐστὶν
1675 1648 1774 1701 αύ-

148 1744 281 1806 τδς,
328 1744 569 1814 ἐπείπερ
602 1744 751 1797 ἐστὶν
779 1744 844 1796 ἐκ
878 1742 971 1795 τοῦ
1004 1743 1215 1812 Πατρὸς
1250 1743 1379 1795 ἴδιον
1410 1739 1635 1811 Πνεῦμα
1674 1741 1771 1793 καὶ

153 1830 341 1884 αὐτοῦ
377 1834 579 1884 νοεῖται
611 1833 703 1885 καὶ
739 1831 882 1895 Νοῦς
910 1830 1073 1884 αὑτοῦ
1104 1831 1192 1884 διὰ
1237 1830 1396 1883 τοῦτο
1430 1830 1763 1899 ὠνόμασται.

1876 1464 2043 1516 ritum
2088 1464 2413 1528 ostendens,
2439 1466 2885 1537 quandoquidem
2925 1476 3011 1522 est
3042 1485 3105 1524 ex
3144 1469 3303 1524 Patre
3334 1486 3463 1540 pro-

1876 1555 2031 1625 prius
2047 1555 2379 1626 Spiritus,et
2402 1558 2524 1628 ejus
2552 1574 2675 1613 esse
2700 1559 3043 1630 intelligitur,
3063 1569 3117 1616 et
3150 1560 3302 1617 Mens
3334 1563 3456 1631 ejus

1872 1646 2083 1701 idcirco
2131 1658 2217 1703 est
2256 1659 2637 1719 nuncupatus.
2670 1649 2828 1707 Unde
2859 1652 3063 1707 Paulus
3109 1653 3346 1722 idipsum
3380 1655 3460 1710 si-

1872 1739 2163 1809 gniﬁcans,
2208 1741 2288 1794 ait
2330 1760 2343 1795 :
2381 1762 2398 1793 ι
2433 1740 2545 1799 Nos
2591 1755 2776 1798 autem
2817 1742 3026 1799 Christi
3079 1760 3306 1799 sensum
3358 1746 3459 1799 ha-

1874 1832 2065 1887 bemus
2100 1833 2163 1885 ⁸ο.
2206 1851 2224 1883 i
2265 1834 2434 1888 Recte
2470 1834 2657 1905 itaque
2696 1842 2751 1889 et
2803 1836 3082 1905 inculpate
3133 1838 3457 1903 sentientes,

154 1924 280 1976 Καὶ
315 1923 453 1991 γοῦν
481 1925 509 1976 ὁ
536 1922 747 1985 Παῦλός
786 1940 950 1992 φησιν
988 1921 1121 1976 αὐτὸ
1160 1922 1223 1993 δὴ
1252 1920 1412 1974 τοῦτο
1445 1920 1724 1990 σημαίνων
1749 1935 1763 1949 ’

1875 1930 1929 1976 et
1962 1923 2108 1977 omni
2144 1939 2333 1978 errore
2380 1924 2619 1994 abjecto,
2655 1940 2941 1980 sacrarum
2994 1925 3325 1980 Litterarum
3361 1928 3461 1981 do-

163 2030 182 2062 ι
241 2013 451 2084 Ἡμεῖς
482 2013 537 2066 δὲ
567 2012 690 2067 νοῦν
715 2013 954 2084 Χριστοῦ
989 2013 1205 2084 ἔχομεν.
1240 2032 1258 2065 ι
1291 2014 1572 2077 Συνιὲντες
1593 2014 1771 2066 τοίνυν

156 2102 352 2175 ὀρθῶς
380 2121 438 2156 τε
476 2104 569 2156 καὶ⁸
597 2103 872 2167 ἀπλανῶς,
899 2106 994 2158 καὶ
1026 2105 1087 2158 τὸ
1116 2104 1481 2176 ὲκτρέπεσθαί
1510 2122 1599 2157 ποι
1621 2104 1773 2176 παρὰ

157 2196 225 2249 τὸ
262 2197 445 2260 εἰκὸς,
474 2197 549 2260 ὡς
583 2197 839 2261 ἀκαλλὲς,
870 2196 1243 2267 διωθούμενοι,
1276 2199 1371 2252 καὶ
1396 2201 1508 2261 τοῖς
1532 2200 1629 2269 τῆς
1654 2198 1771 2251 θεο-

161 2287 448 2341 πνεύστου
470 2288 694 2360 Γραφῆς
717 2289 975 2359 ἑπόμενοι
1002 2288 1202 2357 λόγοις,
1231 2290 1411 2360 φαμὲν
1432 2291 1513 2344 ὃτι
1530 2291 1628 2361 οὐχ
1653 2290 1772 2343 ἓτε-

166 2380 265 2451 ρόν
299 2398 357 2435 τι
410 2382 542 2450 παρ’
569 2381 753 2446 αὐτὸν,
786 2383 909 2435 ὅσον
949 2378 1085 2454 ἧκεν
1117 2384 1291 2435 εἰπεῖν
1332 2383 1413 2446 είς
1465 2383 1770 2452 ταυτότητα

166 2474 417 2544 φυσικὴν
446 2515 462 2540 ,
495 2474 843 2547 διῃρημένως
892 2492 949 2528 τε
989 2474 1085 2528 καὶ
1142 2474 1545 2539 ίδιοσυστάτως.
1602 2474 1771 2529 Τοῦτο

166 2564 280 2636 γὰρ
309 2560 540 2636 ,οἶμαι,
577 2567 757 2628 συνεὶς
808 2568 903 2620 καὶ
928 2569 957 2621 ὁ
1002 2566 1286 2630 θεσπέσιος
1330 2567 1541 2629 Παῦλος
1588 2585 1770 2639 παρα-

170 2658 365 2729 μίσγει
411 2657 702 2722 πολλάκις,
734 2659 829 2712 καὶ
858 2659 933 2722 ὡς
968 2658 1165 2713 ταυτὸν
1198 2657 1256 2711 ὃν
1286 2657 1547 2728 ἑκάτερον
1581 2657 1770 2726 εἰσφέ-

172 2768 279 2821 ρει,
319 2749 413 2804 τὺν
450 2751 810 2820 Παράκλητόν
867 2768 1008 2821 φημι
1053 2750 1146 2803 καὶ
1179 2750 1270 2802 τὸν
1318 2750 1463 2803 Υίόν.
1501 2750 1770 2821 Εὑρήσεις

168 2842 281 2912 γὰρ
315 2841 546 2910 λέγοντα
570 2858 583 2871 ’
632 2861 650 2893 ι
684 2843 747 2894 Εἰ
779 2841 835 2895 δέ
867 2858 952 2904 τις
980 2841 1207 2911 Πνεῦμα
1231 2840 1466 2912 Χριστοῦ
1496 2841 1596 2893 οὐκ
1633 2840 1766 2911 ἔχει,

163 2928 327 2997 οὗτος
358 2934 459 2987 οὐκ
497 2933 642 2986 ἔστιν
666 2932 885 2986 αὑτοῦ.»
913 2934 1025 2985 Καὶ
1051 2933 1212 2987 πάλιν
1233 2932 1396 2995 εὐθύς
1414 2948 1427 2959 ·
1462 2933 1526 2985 Εἰ
1552 2932 1607 2984 δὲ
1632 2934 1768 3003 Χριο

162 3025 297 3088 «ea;
333 3026 394 3077 ἐν
434 3025 597 3095 ὑμῖν,
624 3023 687 3077 τὸ
717 3026 813 3095 μὲν
846 3024 1004 3093 σῶμα
1035 3024 1224 3094 νεκρὸν
1256 3023 1343 3076 διὰ
1377 3025 1671 3095 ἁμαρτίαν,
1707 3025 1770 3079 τὸ

161 3117 224 3171 δὲ
276 3116 508 3188 Πνεῦμα
556 3117 669 3186 ζωὴ
721 3116 809 3169 διὰ
866 3115 1238 3186 δικαιοσύνην.
1280 3135 1299 3164 ι
1348 3116 1593 3179 Ἀκούεις
1650 3116 1769 3181 πῶς

162 3207 414 3277 Χριστὸν
465 3208 610 3276 ἔχειν
664 3205 961 3277 διαρρήδην
990 3204 1245 3274 ὁμολογεῖ
1284 3206 1411 3268 τοὺς
1450 3205 1512 3257 τὸ
1542 3206 1765 3275 Πνεῦμα
1795 3244 1837 3301 c

162 3300 443 3363 λαϐόντας
494 3299 660 3352 αὑτοῦ
694 3316 709 3365 ;
742 3299 881 3369 Φησὶ
932 3297 990 3350 δὲ
1041 3298 1132 3351 καὶ
1173 3301 1231 3352 ὲν
1284 3297 1524 3368 ἑτέροις·
1560 3317 1578 3349 ι
1613 3298 1766 3351 Δοκῶ

164 3388 280 3461 γὰρ
337 3387 493 3453 κάγὼ
529 3387 753 3458 Πνεῦμα
784 3388 918 3441 Θεοῦ
951 3388 1117 3458 ἔχειν.
1158 3406 1178 3440 ›
1233 3388 1292 3441 '0
1329 3387 1387 3441 δὲ
1432 3387 1591 3441 τοῦτο
1630 3388 1766 3459 πρὸς

165 3482 322 3552 ἡμᾶς
344 3479 514 3534 εἰπών
548 3498 562 3512 ·
594 3500 612 3531 ι
644 3481 706 3533 El
734 3480 963 3552 δοκιμὴν
990 3481 1225 3550 ζητεῖτε,
1252 3481 1405 3551 φησὶ,
1438 3478 1531 3532 τοῦ
1558 3481 1614 3532 ὲν
1643 3480 1767 3550 ἐμοὶ

168 3570 465 3634 λαλοῦντος
494 3570 759 3640 Χριστοῦ,
803 3589 821 3623 ›
865 3572 960 3624 καὶ
990 3572 1121 3642 ἡμῖν
1151 3572 1210 3626 δὲ
1249 3574 1363 3635 τοῖς
1402 3572 1768 3625 πεπιστευκό-

172 3680 263 3717 σιν
310 3662 592 3733 ἐνοικῆσαι
655 3663 888 3734 Χριστὸν
934 3663 1024 3717 διὰ
1074 3663 1173 3733 τῆς
1222 3662 1459 3727 πίστεως
1506 3662 1767 3728 πολλάκις

170 3753 511 3833 ἐπεύχεται,
546 3753 726 3807 καίτοι
769 3753 829 3807 τὸ
885 3754 1109 3825 Πνεῦμα
1153 3754 1441 3825 δεχόμενος
1481 3755 1541 3808 τὸ
1589 3756 1764 3823 ἅγιον.

171 3847 289 3900 Καὶ
321 3848 395 3916 μή
424 3863 508 3907 τις
555 3846 749 3899 οἰέσθω
790 3846 967 3915 λέγειν
1016 3848 1167 3918 ἡμᾶς
1213 3847 1297 3899 ὅτι
1342 3846 1450 3900 τῶν
1488 3847 1768 3917 ὀνομάτων

171 3939 298 4009 ἦτοι
326 3938 432 3992 τῶν
466 3938 774 4011 προσώπων
801 3940 1014 4011 ἀναιρεί
1038 3938 1136 4009 τὴν
1156 3940 1236 4002 είς
1267 3939 1523 4010 ὲκὰτερον
1555 3939 1764 4004 στάσιν,

173 4033 205 4103 ἦ
236 4034 319 4085 ὅτι
358 4033 450 4085 τὸν
490 4032 621 4085 Υίὸν
648 4033 746 4103 ούχ
787 4033 914 4086 Υἱὸν
949 4028 1089 4086 εἷναί
1130 4049 1316 4103 φησιν,
1350 4030 1487 4083 ἀλλὰ
1518 4030 1765 4102 Πνεῦμα,

174 4124 347 4194 ἧγουν
383 4124 445 4176 τὺ
478 4121 721 4194 Πνεῦμα,
773 4123 997 4193 Πνεῦμα
1051 4123 1151 4195 μὲν
1183 4124 1285 4176 οὐκ
1347 4117 1507 4188 οἶδεν,
1538 4122 1668 4175 Υίὸν
1710 4123 1769 4176 δὲ

177 4212 319 4269 εἷναί
348 4232 512 4285 φησιν
533 4232 546 4245 ο
588 4217 648 4268 ού
672 4213 780 4286 γὰρ
821 4209 973 4278 οὗτος
995 4216 1060 4286 ἦν
1086 4217 1143 4269 ὲν
1178 4214 1371 4285 ἐκείνῳ
1401 4215 1624 4279 σκοπὸς,
1650 4214 1766 4268 ἀλλ’

173 4304 301 4357 οὐδὲ
327 4303 499 4367 οὓτως
526 4305 872 4376 πιστεύομεν.
896 4300 1016 4357 Οἵδε
1034 4303 1142 4376 γὰρ
1164 4300 1262 4374 τῆς
1288 4304 1448 4372 ἁγίας
1465 4304 1558 4356 καὶ⁴
1583 4305 1769 4374 ὀμοου-

179 4398 299 4451 σίου
328 4396 557 4467 Τριάδος
582 4395 679 4466 τὴν
711 4394 1110 4467 ἀπαρίθμησιν,
1138 4397 1233 4450 καὶ
1262 4396 1368 4467 ἰδίᾳ
1393 4397 1493 4467 μὲν
1535 4396 1767 4450 ἕκαστον

177 4487 288 4540 τῶν
318 4488 730 4559 σημαινομένων
757 4488 1057 4557 ὑφεστάναι
1082 4488 1322 4542 διδάσκει
1341 4506 1353 4518 '
1383 4489 1442 4541 τό
1475 4506 1538 4555 γε
1572 4488 1677 4559 μὴν
1711 4488 1768 4540 ὲν

1871 2017 2117 2069 ctrinam
2155 2026 2468 2083 sequentes,
2499 2016 2739 2072 dicimus
2781 2032 2887 2072 non
2939 2033 3065 2073 esse
3107 2019 3255 2072 aliud
3293 2019 3459 2088 quid-

1870 2105 1994 2159 dam
2028 2106 2096 2160 ab
2129 2106 2272 2176 ipso,
2325 2107 2508 2177 quoad
2558 2109 2868 2163 naturalem
2915 2109 3261 2163 identitateui
3302 2112 3456 2165 vide-

1871 2196 2023 2259 licet,
2069 2196 2406 2267 divisimque
2453 2212 2517 2253 ac
2571 2198 2829 2253 seorsim.
2881 2196 2996 2253 Hoc
3040 2199 3186 2253 enim
3236 2200 3458 2255 divinus

1869 2301 2090 2357 quoque
2141 2286 2348 2343 Paulus
2398 2288 2717 2359 intelligens
2771 2289 2966 2343 miscet
3018 2290 3367 2360 plerumque,
3403 2301 3459 2346 et

1871 2385 2169 2446 utrumque
2217 2378 2367 2432 velut
2416 2378 2671 2433 eumdem
2718 2378 2956 2444 inducit,
2987 2378 3337 2434 Paracletum
3374 2383 3457 2435 ni-

1870 2471 2068 2523 mirum
2102 2479 2156 2523 et
2187 2468 2411 2524 Filium.
2444 2470 2703 2526 Invenies
2732 2472 2941 2542 quippe
2971 2472 3053 2527 sic
3088 2475 3401 2542 loquentem
3439 2494 3452 2530 :

1876 2578 1893 2611 ι
1944 2558 2002 2613 Si
2032 2560 2157 2630 quis
2188 2560 2455 2629 Spiritum
2486 2560 2694 2617 Christi
2734 2578 2841 2617 non
2887 2564 3070 2629 habet,
3098 2564 3187 2621 hic
3226 2582 3332 2619 non
3372 2576 3457 2621 est

1868 2651 2009 2719 ejus.
2042 2670 2060 2703 ι
2100 2650 2162 2705 Ει
2186 2653 2372 2707 statim
2399 2668 2591 2707 rursus
2624 2671 2635 2708 :
2677 2674 2694 2705 ι
2724 2652 2778 2707 Si
2808 2653 3064 2709 Christus
3089 2656 3142 2709 in
3166 2656 3322 2712 vobis
3349 2666 3455 2722 est,

1869 2758 2071 2813 corpus
2112 2744 2334 2812 quidem
2394 2753 2671 2799 mortuum
2724 2752 2809 2800 est
2865 2756 3089 2816 propter
3144 2758 3452 2817 peccatum,

1869 2836 2098 2904 spiritus
2145 2850 2278 2890 vero
2329 2835 2464 2890 vivit
2524 2845 2752 2905 propter
2796 2836 3075 2906 justitiam
3101 2839 3167 2892 ⁶¹.
3214 2860 3232 2891 ι
3280 2840 3456 2895 Audis

1867 2942 1977 2995 quo
2027 2936 2183 2996 pacto
2219 2926 2499 2981 Christum
2536 2927 2739 2982 habere
2775 2936 2964 2997 aperte
3010 2929 3333 2999 profiteatur
3362 2947 3456 2985 eos

1869 3019 1960 3087 qui
1992 3016 2263 3087 Spiritum
2299 3018 2421 3086 ejus
2458 3018 2849 3090 susceperint?
2882 3020 3027 3085 Quin
3064 3030 3118 3075 et
3154 3022 3288 3076 alibi
3322 3038 3457 3092 quo-

1870 3126 1976 3180 que
2011 3112 2086 3164 ait
2121 3130 2132 3164 :
2167 3130 2185 3161 ‹
2223 3110 2362 3164 Ριιιο
2407 3123 2590 3167 autem
2641 3112 2787 3182 quod
2828 3121 2881 3166 et
2920 3111 3187 3181 Spiritum
3231 3115 3322 3170 Dei
3362 3117 3457 3169 ha-

1869 3201 2026 3257 beam
2055 3202 2120 3256 “.
2157 3221 2173 3252 ι
2211 3201 2313 3268 Qui
2342 3209 2524 3256 autem
2554 3202 2660 3257 hoc
2687 3204 2851 3258 nobis
2892 3204 3034 3259 dixit
3067 3221 3081 3260 :
3120 3223 3139 3256 ι
3177 3208 3257 3260 An
3290 3223 3453 3278 expe-

1869 3291 2166 3344 rimentum
2235 3291 2486 3360 quaeritis
2559 3293 2683 3360 ejus
2748 3293 2844 3363 qui
2922 3294 3170 3364 loquitur
3243 3297 3298 3350 in
3371 3314 3456 3353 nte

1868 3383 2124 3439 Christus
2158 3383 2248 3437 “?
2283 3403 2300 3435 ι
2336 3384 2479 3439 idem
2513 3394 2567 3440 et
2610 3386 2663 3439 iit
2707 3387 2864 3441 nobis
2895 3387 3249 3444 credentibus
3297 3389 3457 3445 Chri-

1869 3485 2013 3530 stum
2067 3477 2381 3532 inhabitare
2429 3493 2525 3548 per
2583 3478 2743 3532 ﬁdem
2797 3495 2940 3549 swpe
2999 3491 3276 3550 precatur,
3325 3483 3456 3539 licet

1871 3570 2139 3640 Spiritum
2180 3579 2433 3625 sanctum
2480 3571 2737 3641 accipiat.
2773 3571 2959 3641 Neque
2990 3589 3121 3629 vero
3158 3576 3452 3645 quisquam

1869 3659 2051 3735 dicere
2084 3675 2185 3714 nos
2217 3661 2499 3716 existimet
2529 3676 2654 3715 eum
2694 3664 2981 3717 nominum
3035 3674 3129 3718 aut
3187 3683 3455 3737 persona-

1870 3767 1991 3805 rum
2033 3760 2331 3822 utrumque
2378 3759 2583 3806 statum
2618 3762 2902 3819 evertere,
2950 3764 3045 3809 aut
3088 3757 3287 3812 Filium
3343 3775 3452 3814 non

1867 3860 1992 3901 esse
2023 3843 2223 3897 Filium
2258 3844 2619 3908 contendere,
2659 3845 2755 3900 sed
2789 3845 3095 3916 Spiritum;
3129 3858 3224 3903 aut
3276 3850 3450 3920 Spiri-

1868 3942 1983 3989 tum
2022 3934 2291 4006 Spiritum
2326 3936 2546 4004 quidem
2599 3952 2710 3989 non
2758 3952 3080 4008 agnoscere,
3108 3940 3201 3993 sed
3249 3938 3450 3997 Filium

1868 4042 1992 4083 esse
2018 4029 2209 4083 dicere
2240 4046 2253 4081 :
2284 4044 2392 4081 non
2429 4028 2573 4082 enim
2613 4028 2664 4082 id
2704 4038 2821 4083 erat
2858 4031 2909 4083 ei
2965 4031 3326 4099 propositum,
3358 4049 3453 4088 ne-
3492 4044 3495 4047 '

1867 4135 1975 4191 que
2007 4136 2170 4190 porro
2203 4136 2304 4175 nos
2334 4120 2409 4174 ita
2457 4121 2756 4175 credimus.
2786 4121 3008 4178 Sciebat
3051 4124 3197 4177 cnim
3247 4136 3452 4182 sanctae

1866 4220 1921 4267 et
1974 4211 2474 4266 consubstantialis
2521 4211 2816 4267 Trinitatis
2856 4217 3356 4281 enumerationem,
3399 4225 3452 4273 et

1868 4302 2120 4372 singulas
2145 4301 2369 4372 quidem
2407 4317 2677 4372 personas
2705 4301 2870 4358 docet
2905 4303 2958 4357 in
2993 4319 3094 4358 sua
3122 4321 3246 4362 esse
3279 4308 3449 4379 hypo-

1870 4394 2026 4456 stasi,
2057 4401 2439 4449 verumtamen
2486 4402 2736 4450 sanctam
2769 4392 3102 4452 Trinitatem
3139 4400 3196 4454 in
3246 4401 3450 4456 identi-

1872 4497 1982 4541 tate
2001 4485 2322 4541 nullatenus
2340 4487 2592 4543 variante
2619 4489 2781 4542 sitam
2807 4503 2932 4544 esse
2952 4498 3141 4559 aperte
3166 4493 3450 4561 praedicat.

177 4577 586 4647 ἁπαραλλάκτῳ
634 4578 846 4631 κεῖσθαι
895 4579 1183 4648 ταυτότητι
1237 4578 1333 4649 τὴν
1368 4578 1526 4646 ἁγίαν
1559 4578 1766 4648 Τριάδα

1871 4580 2037 4649 813
2065 4577 2289 4648 Alioqui
2323 4575 2601 4644 quomodo
2635 4574 2880 4646 Spiritus
2919 4584 3004 4632 est
3038 4594 3101 4633 ac
3138 4582 3449 4635 nominatur

179 4667 527 4735 δωκὴρύττει
555 4667 761 4736 σαφῶς.
809 4670 960 4722 Ἐπεὶ
993 4669 1110 4732 πῶς
1144 4669 1204 4721 τὸ
1235 4669 1463 4739 Πνεῦμα
1490 4669 1624 4732 Θεὸς
1654 4669 1769 4722 ἔστι

182 4761 275 4812 καὶ
315 4756 642 4828 ὀνομάζεται
677 4775 691 4823 ;
731 4777 749 4810 ι
781 4760 893 4813 Ούκ
926 4759 1105 4814 οἴδατε
1139 4760 1248 4831 γὰρ
1274 4800 1287 4821 ,
1319 4761 1510 4830 φησὶν,
1538 4761 1619 4814 ὅτι
1644 4761 1769 4825 ναὸς

184 4850 313 4905 Θεοῦ
348 4852 493 4916 ἐστε,
531 4852 624 4904 καὶ
657 4849 716 4903 τὸ
744 4849 968 4919 Πνεῦμα
1011 4851 1104 4905 τοῦ
1136 4851 1271 4905 Θεοῦ
1308 4853 1363 4905 ὲν
1394 4853 1522 4923 ὑμῖν
1550 4854 1721 4920 οίκεί;
1743 4871 1761 4904 ι

184 4942 241 4994 Ei
266 4942 347 5004 δὲ,
369 4941 601 5012 ἐπείπερ
631 4942 689 4993 ὲν
712 4942 845 5011 ἡμῖν
865 4942 1006 4995 οίκεί
1033 4941 1094 4993 τὸ
1120 4939 1366 5011 Πνεῦμα,
1388 4943 1506 4995 ναοὶ
1536 4942 1767 5011 γεγόνα-

187 5050 280 5101 μεν
308 5030 398 5084 τοῦ
445 5030 601 5097 Θεοῦ,
634 5031 751 5095 πῶς
800 5032 899 5085 οὐκ
943 5033 1007 5083 ὲκ
1055 5031 1189 5084 Θεοῦ
1237 5033 1297 5085 τὸ
1350 5032 1595 5103 Πνεῦμα,
1617 5031 1761 5086 τοῦτ’

185 5124 347 5188 ἔστιν,
380 5124 445 5176 ἐκ
471 5124 570 5193 τῆς
620 5122 807 5187 οὐσίας
836 5123 1002 5176 αὐτοῦ
1020 5161 1034 5187 ,
1063 5123 1196 5176 Θεὸν
1219 5124 1277 5177 ἐν
1305 5126 1438 5195 ἡμῖν
1462 5124 1666 5190 οίκίζον
1693 5125 1761 5178 δι’

187 5214 373 5271 ἑαυτοῦ
397 5233 412 5280 ;
442 5215 651 5270 Οὐκοῦν
683 5217 783 5270 οὐκ
810 5215 1089 5285 ἀλλότριον
1121 5215 1219 5286 τῆς
1247 5216 1381 5280 ἰδίας
1403 5216 1616 5285 φύσεως
1639 5217 1762 5269 δει-

189 5309 313 5371 κνὺς
342 5307 402 5359 τὸ
428 5307 649 5378 Πνεῦμα
680 5311 709 5361 ό
741 5308 1073 5378 Μονογενὴς,
1116 5308 1268 5379 παρὰ
1297 5308 1391 5362 τοῦ
1423 5309 1633 5379 Πατρὸς
1669 5311 1759 5362 ὲκ-

191 5399 491 5470 πέμπεσθαι
519 5402 630 5462 τοῖς
668 5400 845 5468 ἁγίοις
876 5398 1044 5453 εἰπὼν
1081 5400 1171 5452 τὸν
1194 5399 1570 5471 Παράκλητον,
1601 5401 1762 5465 αὐτὸς

190 5490 329 5560 ἥξειν
381 5491 775 5560 ἐπαγγέλλεται
803 5532 817 5557 ,
856 5492 950 5544 καὶ
982 5491 1080 5563 τὴν
1135 5494 1339 5564 πατρὸς
1393 5494 1544 5559 τάξιν
1577 5496 1761 5558 αὐτοῖς

194 5582 655 5655 ἁποπληροῦν,ίνα
686 5584 761 5655 μὴ
797 5584 1049 5656 καθάπερ
1098 5585 1244 5646 τινὲς
1269 5586 1497 5655 ὀρφανοὶ
1534 5586 1631 5657 τῆς
1665 5587 1759 5659 τοῦ

194 5674 574 5745 προεστηκότος
602 5677 922 5748 ἐπικουρίας
949 5676 1145 5748 ἔρημοι
1171 5676 1259 5730 διά
1292 5694 1350 5729 τε
1380 5676 1537 5729 τοῦτο
1572 5677 1756 5731 λοιπὸν

1872 4668 2049 4723 Deus?
2084 4687 2102 4719 ι
2141 4666 2382 4723 Nescitis
2412 4667 2585 4728 enim.
2629 4666 2831 4735 inquit,
2875 4668 3003 4736 quia
3044 4671 3305 4737 templum
3360 4669 3449 4727 Dei

1870 4761 2027 4823 estis,
2058 4768 2114 4814 et
2165 4759 2407 4828 Spiritus
2442 4757 2537 4814 Dei
2589 4757 2802 4811 habitat
2844 4759 2898 4812 in
2936 4758 3089 4813 vobis
3115 4759 3197 4811 “?
3237 4780 3255 4812 ι
3295 4760 3448 4826 Quod

1872 4854 1916 4909 si
1966 4869 2033 4907 ex
2079 4868 2146 4907 eo
2193 4854 2338 4924 quod
2391 4852 2635 4923 Spiritus
2676 4851 2730 4905 in
2778 4852 2940 4907 nobis
2981 4851 3214 4915 habitat,
3252 4854 3455 4924 templa,

1870 4947 1998 5001 facti
2040 4961 2232 5001 sumus
2267 4945 2383 5005 Dei,
2412 4944 2690 5015 quomodo
2725 4960 2831 4998 non
2861 4960 2928 4999 ex
2962 4944 3071 4999 Deo
3099 4943 3358 5013 Spiritus,
3396 4946 3447 5002 id

1870 5045 1955 5092 cst
1986 5052 2047 5091 ex
2078 5035 2386 5092 substantia
2417 5035 2558 5104 ejus,
2588 5034 2681 5104 qui
2719 5033 2886 5089 Deum
2917 5036 2970 5087 in
3010 5035 3171 5089 nobis
3205 5035 3447 5093 habitare

1870 5127 2005 5183 facit
2048 5143 2144 5198 per
2195 5126 2495 5197 scipsum?
2535 5126 2811 5192 Quocirca
2850 5142 2958 5180 non
3015 5126 3256 5181 alienum
3289 5143 3317 5181 a
3350 5145 3446 5185 sua

1871 5229 2064 5274 natura
2096 5219 2395 5275 ostendens
2431 5216 2697 5287 Spiritum
2751 5218 3101 5288 Unigenitus,
3154 5229 3445 5290 postquam

1868 5312 2008 5367 dixit
2040 5327 2070 5365 a
2101 5312 2263 5366 Patre
2299 5309 2444 5364 mitti
2480 5319 2730 5364 sanctum
2773 5307 3141 5374 Paracletum,
3167 5311 3281 5378 ipse
3316 5328 3444 5367 vcn-

1870 5414 2053 5459 turum
2109 5420 2169 5459 se
2208 5403 2522 5473 pollicetur,
2579 5410 2633 5457 ct
2685 5402 2857 5469 patris
2915 5402 3038 5455 loco
3083 5402 3151 5458 iis
3189 5402 3338 5464 fore.
3383 5402 3443 5457 nc

1869 5496 2020 5550 velut
2062 5494 2296 5563 orphani
2337 5494 2562 5563 quidam
2619 5493 2818 5547 tutoris
2869 5491 3126 5561 praesidio
3172 5493 3421 5547 destituti

1867 5585 2076 5640 idcirco
2104 5584 2311 5639 diaboli
2362 5583 2579 5652 laqueis
2629 5588 2872 5652 pateant,
2904 5591 2957 5635 et
2994 5582 3183 5635 mundi
3214 5580 3436 5635 scanda—

1872 5680 1959 5743 lis,
1997 5677 2172 5747 iisque
2216 5675 2405 5730 multis
2440 5690 2505 5729 ac
2530 5677 2676 5729 velut
2727 5672 3052 5728 necessitate
3082 5671 3318 5741 quadam
3361 5670 3432 5724 in-

260 5851 301 5881 “
338 5850 353 5903 l
388 5852 512 5909 Cor.
560 5870 627 5920 ιι,
686 5855 761 5910 lb'.
841 5856 881 5888 ⁶¹
925 5854 1084 5911 Rom.
1125 5872 1243 5925 vm,
1274 5853 1327 5922 9,
1368 5857 1453 5911 lli.
1530 5857 1570 5889 “
1603 5854 1620 5908 I
1659 5854 1767 5910 Cor

1879 5871 1916 5921 t,
1960 5854 2048 5909 it).
2130 5854 2171 5884 ⁸³
2208 5852 2248 5906 ιι
2282 5851 2411 5908 Cor.
2448 5867 2566 5919 xm,
2604 5851 2657 5906 ὅ.
2738 5851 2781 5881 ⁸³
2819 5849 2835 5903 l
2873 5849 3000 5905 Cor.
3040 5864 3123 5905 in.
3166 5838 3256 5900 1οζ
