4096 6558
573 427 680 484 263
1569 420 1627 476 S.
1666 418 1955 479 CYRILLI.
1983 419 2449 478 ALEXANDRINI
2490 416 2814 476 ARCIIIEP.
3756 418 3885 476 254

576 548 922 620 gruemibus,
969 558 1080 617 pra:
1124 554 1315 611 eorum
1349 555 1377 594 a
1413 538 1617 609 quibus
1649 538 1968 594 inferuntur
2003 539 2164 595 ἐπιθο-

2279 544 2383 604 ιαῖς
2407 539 2502 593 τοῦ
2525 538 2772 591 διαδόλου
2818 536 3043 605 παγίσιν
3078 535 3361 597 εὐάλωτοι.
3396 537 3491 590 καὶ
3533 540 3647 600 τοῖς
3679 537 3737 590 ἐν
3770 538 3887 589 κό-

578 656 709 699 nato
740 645 945 698 furore.
967 643 1135 694 Arma
1166 638 1349 706 itaque
1368 643 1422 689 et
1439 634 1840 689 munimentum
1867 634 2165 689 infractum

2279 650 2399 703 σμῳ
2433 631 2753 694 σκανδάλοις
2780 630 3183 700 εὐεπιχείρητοι
3209 629 3328 682 λίαν
3352 630 3719 700 εὑρίσκονται.
3742 628 3887 681 καί-

579 736 791 792 nostris
856 732 1139 788 mentibus
1201 729 1352 782 dedit
1412 725 1573 780 Pater
1610 724 1815 780 Christi
1871 724 2163 795 Spiritum,

2279 740 2355 777 τοι
2397 723 2613 787 πολλοῖς
2654 719 2774 776 οὖσι
2814 722 2910 776 καὶ
2938 721 3014 785 ὼς
3061 721 3121 785 ἐξ
3147 722 3393 792 ἀνάγκης
3431 721 3756 792 ἐρχομένοις
3779 720 3887 773 διὰ

581 829 676 900 qui
707 825 939 897 gratiam
974 823 1098 891 ejus
1127 828 1182 875 et
1231 818 1580 887 praesentiam
1620 827 1784 887 atque
1822 817 2077 871 virtutem
2110 818 2166 872 in

2279 816 2373 889 τὴν
2401 815 2704 870 ἀκάθεκτον
2743 815 2853 868 τῶν
2897 816 3216 883 ἐπαγόντων
3266 815 3484 886 μανίαν.
3517 813 3724 868 Ὄπλον
3773 810 3887 867 οὖν

581 919 743 974 nobis
778 916 986 985 implet.
1022 912 1169 966 Fieri
1210 910 1353 964 enim
1396 909 1589 978 nequit
1618 917 1676 960 ut
1707 909 1948 962 hominis
1982 910 2165 961 anima

2279 908 2384 980 ἄρα
2415 909 2511 962 καὶ⁸
2559 907 2860 977 ἀσφάλειαν
2900 905 3121 978 ἀρραγῆ
3173 908 3295 968 ταῖς
3326 904 3625 975 ἡμετέραις
3660 904 3887 973 ψυχαῖς

580 1012 711 1068 boni
754 1007 1055 1079 quidquam
1098 1012 1248 1074 agat,
1278 1011 1372 1056 aut
1404 1016 1536 1056 suas
1564 1000 1894 1070 cupiditates
1923 1006 2164 1071 superet,

2279 1001 2505 1054 δέδωκεν
2550 1014 2578 1054 ο
2614 1001 2805 1071 Πατὴρ
2850 999 2911 1052 τὸ
2951 998 3175 1068 Πνεῦμα
3223 996 3464 1068 Χριστοῦ
3490 1037 3507 1062 ,
3538 998 3636 1066 τὴν
3692 994 3889 1049 αὐτοῦ

580 1107 677 1153 aut
701 1111 856 1151 acres
883 1094 1087 1149 diaboli
1124 1094 1352 1162 laqueos
1373 1092 1559 1157 evitet,
1591 1091 1693 1144 nisi
1720 1092 1895 1144 sancti
1925 1090 2168 1160 Spiritus

2279 1092 2436 1163 χάριν
2470 1110 2530 1146 τε
2582 1095 2678 1146 καὶ
2725 1090 3032 1163 παρουσίαν
3072 1090 3168 1142 καὶ
3207 1089 3437 1159 δύναμιν
3466 1088 3523 1144 ἐν
3552 1091 3677 1160 ἡμῖν
3725 1089 3887 1141 ἀπο·

580 1191 756 1261 gratia
817 1188 1030 1240 munita
1080 1188 1191 1249 sit,
1237 1186 1533 1255 ipsumque
1581 1186 1639 1238 in
1698 1185 1903 1255 seipsa,
1940 1185 2171 1255 proinde

579 1283 894 1345 Christum,
932 1280 1152 1332 habeat.
1178 1275 1333 1333 Unde
1372 1276 1586 1332 Psaltes
1616 1276 1708 1331 ille
1734 1277 1952 1331 divinus
1984 1287 2171 1347 gratu-

582 1371 781 1425 latoria
829 1370 1078 1423 carmina
1132 1383 1232 1438 pro
1276 1382 1373 1423 sua
1407 1368 1678 1438 sapientia
1729 1382 2064 1437 componens
2101 1367 2169 1421 ad

584 1464 751 1519 Deum
804 1464 1119 1517 clamabat:
1152 1479 1171 1512 ι
1211 1460 1463 1523 Domine,
1502 1469 1561 1513 ut
1595 1466 1757 1514 scuto
1794 1460 1951 1514 bona:
1979 1463 2172 1515 volun-

584 1558 713 1611 tatis
764 1566 873 1610 tuae
902 1554 1187 1610 coronasti
1225 1568 1327 1607 nos
1360 1553 1427 1617 ",
1460 1569 1478 1603 ι
1518 1561 1734 1606 scutum
1788 1553 1946 1607 bonae
1978 1554 2170 1607 volun-

586 1653 714 1705 tatis
747 1649 893 1703 aliud
928 1647 1063 1701 nihil
1092 1661 1215 1702 esse
1249 1644 1442 1700 dicens
1461 1659 1628 1714 quam
1661 1653 2037 1715 protegentem
2068 1656 2168 1700 nos

587 1752 842 1797 sanctum
880 1740 1173 1805 Spiritum,
1204 1747 1259 1793 et
1313 1737 1623 1792 incredibili
1655 1749 1756 1793 sua
1797 1746 2068 1807 potestate
2112 1744 2171 1792 ut

582 1833 732 1904 quod
792 1835 899 1887 Deo
962 1832 1224 1903 placitum
1287 1841 1373 1886 est
1428 1832 1665 1885 velimus
1721 1832 2167 1885 conﬁrmantem.

2275 1183 2383 1254 πλη
2394 1184 2537 1254 ροῦν.
2556 1184 2862 1256 Ἀμήχανον
2881 1183 2988 1254 γὰρ
3007 1180 3297 1253 ἀνθρώπου
3318 1182 3494 1254 ψυχὴν
3519 1184 3892 1256 κατορθῶσαί

2276 1290 2327 1329 τι
2356 1276 2464 1329 τῶν
2485 1276 2705 1344 ἀγαθῶν
2721 1317 2735 1341 ,
2750 1278 2915 1347 ῆγουν
2931 1277 3042 1332 τῶν
3059 1275 3273 1330 οἰκείων
3296 1278 3569 1347 κρατῆσαι
3601 1276 3830 1336 παθῶν,
3847 1275 3888 1345 ἢ

2276 1368 2372 1438 τῆς
2388 1366 2480 1421 τοῦ
2497 1363 2743 1422 διαϐόλου
2769 1370 2999 1437 παγίδος
3020 1370 3200 1437 ὀξείας
3220 1369 3499 1439 διαδράναι
3521 1366 3580 1422 τὸ
3605 1368 3887 1439 μέγεθος,

2279 1464 2356 1533 μὴ
2389 1464 2456 1533 τῇ
2495 1461 2587 1515 τοῦ
2622 1461 2780 1529 ἁγίου
2833 1462 3148 1532 Πνεύματος
3197 1459 3603 1532 τετειχισμένην
3650 1460 3885 1531 χάριτι,

2277 1556 2372 1608 καὶ
2394 1555 2555 1607 αὐτὸν
2582 1555 2814 1625 ἔχουσαν
2848 1556 2906 1606 ἐν
2957 1557 3124 1625 ἐαυτῇ
3154 1555 3244 1609 διὰ
3276 1555 3435 1608 τοῦτο
3459 1554 3715 1625 Χριστόν,
3759 1553 3890 1605 Καὶ

2277 1646 2406 1715 γοῦν
2435 1649 2463 1700 ὁ
2496 1645 2781 1708 θεσπέσιος
2816 1648 2946 1717 ἡμῖν
2989 1646 3241 1717 Μελῳδὸς
3270 1646 3339 1699 τὰ
3366 1646 3507 1717 ὑπὲρ
3539 1644 3736 1699 τούτου
3770 1659 3889 1713 χα-

2280 1740 2535 1811 ριστήρια
2597 1738 2687 1793 διὰ
2729 1738 2831 1808 τῆς
2885 1739 3112 1809 ἐνούσης
3158 1739 3309 1809 αὐτῷ
3357 1739 3545 1807 σοφίας
3590 1737 3888 1798 συντιθεὶς

2278 1831 2545 1901 ἁνεφώνει
2576 1832 2710 1903 πρὸς
2765 1831 2900 1884 Θεόν
2933 1848 2948 1861 ⁸
2992 1850 3010 1881 ι
3057 1831 3230 1901 Κύριε
3260 1872 3273 1894 ,
3305 1832 3382 1895 ὡς
3420 1831 3567 1901 ὅπλῳ
3610 1829 3888 1890 εὐδοκίας

586 1924 757 1996 Igitur
792 1924 1107 1979 adfuturum
1137 1937 1195 1977 se
1218 1929 1271 1975 et
1310 1922 1593 1991 suppetias
1618 1923 1859 1975 laturum
1894 1921 2172 1975 credenti-

2279 1924 2659 1992 ἐστεφάνωσας
2681 1925 2844 1993 ἡμᾶς·
2861 1944 2880 1976 ι
2901 1923 3065 1977 ὅπλον
3083 1923 3327 1985 εὐδοκίας
3345 1922 3499 1976 οὐδὲν
3522 1922 3607 1975 ’ἐτε
3616 1939 3702 1992 ρον
3724 1915 3889 1973 εἶναι

508 2032 521 2040 ’
588 2019 693 2072 bus
725 2019 777 2071 in
806 2033 865 2072 se
897 2015 1259 2070 nihilominus
1287 2015 1877 2084 pollicetur,quamvis
1911 2014 1965 2066 in
2000 2015 2172 2069 eteius

589 2112 742 2181 ipsos
792 2117 919 2179 post
967 2108 1437 2163 resurrectionem
1496 2122 1562 2160 ex
1610 2106 1845 2161 mortuis
1887 2107 2168 2166 ascendat.

591 2209 649 2255 ut
681 2211 944 2271 appareat
974 2213 1121 2253 nunc
1153 2198 1327 2252 vultui
1361 2196 1455 2252 Dei
1487 2212 1586 2267 pro
1619 2198 1801 2263 nobis,
1835 2197 1993 2267 juxta
2017 2198 2169 2250 Pauli

587 2307 777 2346 vocem
806 2293 873 2345 ⁵⁸.

2280 2016 2455 2083 λέγων
2481 2016 2513 2086 ἢ
2536 2015 2595 2067 τὸ
2619 2016 2958 2086 προασπίζον
2991 2014 3146 2085 ἡμῶν
3177 2015 3333 2083 ἅγιον
3358 2014 3598 2082 Πνεῦμα.
3615 2013 3713 2065 καὶ
3745 2012 3891 2064 ὁδου

2278 2108 2432 2177 κήτῳ
2480 2106 2722 2177 συνέχων
2922 2106 3168 2177 συνέχον]
3211 2106 3357 2175 ἰσχύῖ
3406 2106 3543 2176 πρὸς
3576 2104 3637 2158 τὸ
3672 2102 3894 2156 δοκοῦν

2275 2198 2353 2268 τῷ
2382 2194 2521 2268 Θεῷ.
2559 2197 2768 2251 Οὐκοῦν
2806 2200 2887 2252 ὅτι
2921 2201 3191 2268 παρέσται
3224 2200 3316 2251 καὶ
3360 2196 3615 2267 βοηθήσει
3648 2196 3742 2249 διὰ
3779 2194 3891 2246 τοῦ

2277 2289 2594 2359 Πνεύματος
2638 2292 2748 2353 τοῖς
2799 2289 3148 2342 πιστεύουσιν
3178 2293 3257 2353 εἰς
3306 2290 3469 2343 αὐτὸν
3520 2289 3670 2342 οὐδὲν
3703 2284 3894 2360 ἦττον
3932 2312 3940 2317 ’

587 2384 999 2453 ἐπαγγέλλεται,
1032 2383 1136 2437 κᾶν
1174 2384 1255 2445 είς
1295 2383 1494 2445 αὐτοὺς
1543 2381 1808 2453 ἀναϐαίνῃ
1850 2382 1975 2446 τοὺς
2008 2382 2290 2452 οὐρανοὺς,
2328 2381 2464 2451 μετὰ
2485 2380 2581 2451 τὴν
2620 2382 2683 2433 ἐκ
2746 2382 2954 2453 νεκρῶν
2989 2381 3306 2446 ἀναϐίωσιν,
3375 2380 3470 2435 νῦν
3532 2381 3895 2451 ἐμφανισθήο

588 2480 778 2536 σεσθαι
807 2480 886 2553 τῷ
927 2481 1205 2553 προσώπῳ
1246 2483 1339 2534 τοῦ
1375 2478 1508 2534 Θεοῦ
1543 2480 1684 2549 ὑπὲρ
1714 2480 1896 2550 ἡμῶν,
1923 2479 2064 2533 κατὰ
2093 2479 2191 2550 τὴν
2229 2478 2322 2531 τοῦ
2358 2479 2567 2531 Παύλου
2598 2480 2801 2549 φωνήν.

660 2575 801 2641 XIV,
874 2575 960 2631 19.
1004 2576 1189 2631 Adhuc
1234 2575 1529 2639 modicum,
1579 2584 1629 2629 et
1675 2576 1905 2629 mundus
1940 2590 2020 2628 me
2060 2575 2170 2640 iam

587 2683 690 2723 non
723 2669 862 2723 videt
894 2685 910 2722 :
941 2685 1028 2722 vos
1061 2675 1236 2720 autent
1283 2665 1470 2720 videtis
1524 2681 1639 2729 me,
1670 2667 1797 2736 quia
1836 2668 1969 2730 vivo,
1997 2674 2047 2719 et
2082 2680 2171 2719 vos

584 2762 789 2817 eivetis.
1595 2754 1598 2758 λ

660 2852 901 2907 Instante
923 2850 1036 2919 jam
1066 2848 1280 2903 foribus
1302 2848 1439 2918 ipsis
1462 2850 1746 2919 passione,
1769 2857 1821 2903 et
1845 2849 2176 2917 assumptio-

588 2944 677 2997 nis
720 2954 939 3011 tempus
968 2956 1153 2995 secum
1190 2941 1510 3003 invehente,
1545 2940 1875 2994 iuvisibilem
1907 2954 1966 2995 se
2012 2956 2172 2993 mun-

589 3038 661 3089 do
692 3034 807 3088 fore
839 3034 934 3095 ait,
968 3032 1071 3086 hoc
1112 3043 1197 3086 est
1231 3034 1298 3086 iis
1332 3033 1427 3102 qui
1480 3034 1815 3102 temporaria
1852 3033 1994 3087 bona
2029 3034 2171 3088 divi-

2351 2573 2478 2628 Ἕτι
2520 2574 2757 2642 μικρὸν,
2810 2574 2905 2627 καὶ
2943 2576 2977 2628 d
3028 2575 3257 2641 κόσμος
3284 2589 3361 2642 με
3387 2571 3588 2626 οὐκέτι
3636 2568 3890 2638 θεωρεῖ·

2276 2661 2446 2731 ὑμεῖς
2472 2661 2540 2715 δὲ
2586 2662 2852 2731 θεωρεῖτέ
2886 2680 2981 2732 με,
3030 2662 3119 2715 ὅτι
3150 2661 3266 2731 ἐγὼ
3296 2660 3388 2727 ζῶ,
3424 2663 3521 2715 καὶ
3549 2660 3723 2731 ὑμεῖς
3778 2660 3891 2729 ξιξ-

2278 2756 2485 2807 σεσθε.

2364 2845 2488 2898 Ἐπὶ
2520 2844 2712 2917 θύραις
2739 2846 2891 2908 ὄντος
2920 2844 3014 2898 τοῦ
3043 2845 3269 2911 πάθους,
3306 2847 3399 2899 καὶ
3421 2846 3513 2898 τὸν
3537 2846 3639 2916 τῆς
3677 2846 3893 2917 ἀναλή-

2280 2938 2428 3008 ψεως
2483 2939 2673 3010 καιρὸν
2730 2937 3161 3007 συνεισάγοντος,
3218 2939 3464 3001 ἄποπτος
3517 2937 3737 2991 ἔσεσθαι
3804 2937 3891 3006 τῷ

2282 3031 2472 3102 κόσμῳ
2505 3033 2659 3102 φησὶ,
2688 3032 2831 3084 τοῦτ’
2854 3030 2971 3084 ἐστι
2992 3032 3105 3095 τοῖς
3128 3030 3236 3084 τῶν
3266 3032 3426 3084 θείων
3464 3034 3892 3102 προτιμήσασα

591 3126 678 3180 nis
701 3132 754 3178 et
782 3123 1100 3177 coelestibus
1128 3131 1343 3176 terrena
1374 3132 1720 3193 prteponunt.
1750 3124 1816 3179 Et
1836 3141 1936 3180 nos
1953 3126 2171 3197 quidem

2279 3121 2500 3191 ἀγαθῶν
2533 3122 2757 3192 τὴντῶν
2805 3122 3155 3194 προσκαίρων
3186 3122 3481 3174 ἀπόλαυσιν
3520 3121 3616 3174 καὶ
3646 3121 3753 3173 τῶν
3788 3121 3889 3173 οὖα

590 3215 977 3285 superioribus
1011 3225 1303 3282 cognatum
1357 3229 1578 3267 sensum
1628 3223 1892 3278 terentes,
1927 3232 2032 3271 non
2088 3225 2170 3272 te-

591 3323 741 3361 mere
778 3306 1026 3360 dicemus
1054 3303 1221 3359 Deuiu
1253 3312 1306 3359 et
1337 3303 1552 3359 Patrem
1596 3303 1937 3360 Paraeletum
1959 3349 1973 3372 ,
1998 3307 2050 3361 id
2088 3316 2169 3362 est

593 3398 858 3467 Spiritum
892 3402 1179 3460 sanctum,
1214 3395 1463 3461 dedisse,
1513 3411 1608 3465 per
1651 3395 1847 3450 Filium
1893 3398 2170 3452 nimirum.

589 3486 759 3559 814
784 3487 977 3541 Omnia
1019 3486 1223 3556 quippe
1267 3501 1363 3555 per
1394 3486 1573 3554 ipsum
1615 3501 1644 3538 a
1679 3486 1863 3543 Patre.
1902 3487 2065 3543 Venit
2095 3498 2177 3543 ta-

593 3596 717 3635 nien
766 3595 876 3634 non
914 3580 967 3632 in
1017 3592 1209 3631 omnes
1249 3578 1427 3631 bonos
1457 3592 1521 3631 at:
1568 3578 1745 3633 malos
1778 3578 2175 3646 indiﬂ'erenter,

593 3671 691 3727 sed
723 3673 777 3726 in
809 3684 948 3741 quos
976 3684 1099 3724 eum
1126 3670 1314 3724 venire
1342 3669 1592 3725 decebat.
1621 3670 1900 3736 Quantum
1931 3673 2078 3726 enim
2112 3673 2179 3727 ad

593 3763 778 3819 dantis
834 3760 1331 3832 locupletissimam
1383 3768 1437 3816 et
1484 3761 2015 3817 abundantissimam
2064 3780 2181 3833 gra-

594 3856 727 3907 tiam
774 3854 992 3914 attinet.
1027 3852 1214 3906 nullus
1257 3852 1575 3907 mortalium
1616 3856 1885 3907 remansit
1914 3870 1976 3908 ea
2016 3857 2180 3909 desti-

595 3955 750 4002 tutus
782 3965 794 4000 :
830 3967 846 3998 ι
883 3945 1174 4000 Effundam
1227 3947 1405 4011 enim,
1444 3945 1625 4017 inquit
1675 3947 1729 4001 in
1763 3949 2067 4016 prophetis,
2113 3948 2179 4004 de

595 4040 793 4110 Spiritu
829 4055 952 4093 meo
983 4055 1153 4110 super
1189 4054 1408 4094 omnem
1452 4056 1677 4095 carnem
1709 4042 1775 4094 ⁸⁷.
1813 4061 1830 4092 ι
1872 4042 2179 4110 Unusquis-

595 4147 703 4200 que
735 4141 917 4183 tamen
950 4130 1054 4184 sibi
1107 4130 1209 4200 ipsi
1248 4140 1445 4184 auctor
1486 4140 1572 4185 est
1609 4131 1826 4185 fruendi
1865 4132 1991 4185 boni
2031 4130 2177 4187 illius

595 4223 870 4277 divinitus
912 4224 1046 4286 dati,
1083 4230 1178 4277 aut
1218 4238 1284 4277 eo
1327 4222 1547 4292 penitus
1573 4222 1817 4276 carendi.
1853 4222 2178 4291 Quicunque

595 4311 743 4365 enim
778 4327 871 4380 per
903 4326 1065 4364 omne
1088 4310 1377 4383 probitatis
1404 4326 1577 4381 genus
1604 4319 1836 4368 mentem
1866 4328 2020 4367 suam
2050 4328 2178 4382 pur-

597 4415 728 4471 gare
760 4402 972 4465 nolunt,
1001 4401 1095 4455 sed
1131 4401 1183 4456 in
1214 4402 1401 4457 mundi
1427 4404 1587 4459 malis
1616 4405 1955 4471 volutantur,
1991 4406 2175 4461 divina

598 4494 772 4560 gratia
810 4493 965 4545 vacui
1013 4494 1395 4561 remanebunt,
1445 4511 1556 4549 non
1589 4496 1854 4551 videbunt
1897 4497 2176 4553 Christum

597 4584 653 4638 in
693 4584 913 4652 seipsis,
953 4584 1274 4638 destitutum
1309 4584 1519 4655 Spiritu
1552 4600 1650 4640 cor
1692 4587 1975 4643 habentes.
2009 4587 2177 4642 Idcir-

596 4688 661 4729 co
695 4686 749 4729 et
778 4677 1153 4745 orphanorum
1207 4677 1383 4730 instar
1436 4678 1708 4747 cujusvis,
1759 4689 1817 4733 nt
1856 4681 1927 4732 ita
1970 4680 2169 4745 dicam,

2283 3212 2484 3284 ρανίων
2509 3214 2578 3267 τὰ
2611 3214 2828 3283 ἐπίγεια
2858 3215 3203 3284 ποιουμένοις
3228 3217 3285 3267 ἐν
3315 3214 3584 3284 ἀμείνοσι.
3626 3213 3737 3266 Καὶ
3755 3217 3892 3277 τάς

2284 3306 2382 3375 μὲν
2404 3304 2503 3377 ἤδη
2530 3305 2950 3377 προειρημένοις
2984 3306 3219 3375 ἀδελφήν
3249 3321 3308 3357 τε
3330 3306 3424 3358 καὶ
3449 3305 3745 3375 σύνδρομον
3773 3306 3890 3375 τὴν

2286 3392 2524 3450 διάνοιαν
2572 3393 2968 3465 ἐξυφαίνοντες,
2998 3395 3229 3467 ἐροῦμεν
3253 3395 3491 3465 εὐλόγως
3520 3397 3603 3449 ὅτι
3630 3395 3721 3449 τὸν
3774 3397 3889 3465 μὲν

2283 3486 2658 3559 Παράκλητον.
2685 3486 2830 3541 τοῦτ’
2861 3487 2977 3541 ἐστι
3000 3488 3059 3541 τὸ
3094 3486 3320 3557 Πνεῦμα
3351 3488 3411 3540 τὸ
3437 3488 3613 3557 ἅγιον,
3639 3486 3891 3542 δέδωκεν

2280 3581 2310 3632 ὁ
2374 3578 2509 3642 Θεὸς
2577 3582 2671 3633 καὶ
2741 3580 2952 3651 Πατὴρ,
3020 3579 3088 3633 δι’
3148 3580 3276 3632 Υίοῦ
3341 3580 3603 3649 δηλονότι.
3688 3583 3887 3635 Πάντα

2281 3671 2389 3743 γὰρ
2417 3671 2484 3725 δι’
2519 3670 2686 3726 αὐτοῦ
2736 3673 2887 3744 παρὰ
2931 3672 3166 3742 Πατρός.
3223 3671 3477 3745 Ἐλήλυθέ
3518 3689 3582 3742 γε
3625 3675 3734 3744 μὴν
3768 3676 3885 3727 οὐκ

2282 3764 2376 3817 ἐπὶ
2426 3763 2635 3828 πάντας
2684 3764 3011 3836 ἀδιακρίτως
3068 3766 3339 3838 πονηρούς
3358 3784 3417 3818 τε
3464 3768 3559 3820 καὶ
3606 3765 3884 3835 ἀγαθοῖν,

2280 3854 2394 3908 ἀλλ’
2426 3856 2509 3923 ἐφ’
2541 3856 2634 3919 οὒς
2675 3851 2743 3929 ἦν
2770 3854 2918 3928 αὐτῷ
2962 3855 3260 3926 βαδιεῖσθαι
3300 3859 3531 3929 πρέπον.
3566 3859 3734 3910 Ὅσον
3770 3858 3886 3928 μὲν

2281 3949 2388 4022 γὰρ
2428 3946 2562 4023 ἧκεν
2596 3953 2676 4014 εἰς
2706 3952 2805 4023 τὴν
2839 3951 2933 4003 τοῦ
2964 3950 3195 4014 διδόντος
3226 3952 3638 4021 πλουσιωτάτην
3673 3968 3733 4005 τε
3773 3955 3883 4006 καὶ

2281 4040 2511 4110 ἄφθονον
2570 4040 2746 4111 χάριν,
2808 4040 2984 4104 οὐδεὶς
3033 4040 3245 4111 ἔμεινεν
3297 4040 3563 4112 ἀμέτοχος
3616 4042 3726 4097 τῶν
3776 4044 3883 4095 ἐπὶ

2280 4133 2380 4201 τῆς
2407 4132 2530 4203 γῆς’
2554 4152 2572 4185 ι
2595 4130 2798 4204 Ἐκχεῶ
2822 4136 2931 4206 γὰρ
2953 4175 2966 4196 ,
2999 4134 3164 4204 φησὶν
3196 4135 3253 4188 ἐν
3278 4137 3606 4207 προφήταις,
3637 4136 3746 4189 ἀπὸ
3776 4137 3882 4191 τοῦ

2281 4221 2590 4292 πνεύματός
2631 4239 2730 4294 μου
2760 4224 2850 4276 ἐπὶ
2882 4226 3060 4278 πᾶσαν
3096 4225 3294 4297 σάρκαο
3337 4244 3354 4276 ›
3402 4228 3635 4292 ἔκαστός
3662 4246 3726 4297 γε
3764 4231 3883 4300 μὴν

2281 4314 2458 4384 ἐαυτῷ
2483 4315 2774 4385 παραίτιος
2802 4317 3007 4384 γίνεται
3036 4318 3130 4371 τοῦ
3161 4318 3459 4389 κεκτῆσθαι
3495 4320 3554 4372 τὸ
3593 4320 3881 4374 θεόσδοτον

2280 4403 2502 4473 ἀγαθὸν,
2532 4407 2565 4477 ἢ
2598 4408 2691 4481 καὶ⁹
2722 4407 2966 4477 μηδόλως
3012 4409 3171 4462 ἐλεῖν.
3205 4410 3267 4462 Oi
3301 4410 3397 4480 μὲν
3430 4411 3539 4481 γὰρ
3571 4410 3663 4464 διὰ
3690 4414 3878 4483 πάσης

2280 4495 2577 4560 ἐπιεικείας
2618 4496 2708 4551 τὸν
2769 4499 2967 4552 οἰκεῖον
3031 4500 3497 4571 ἀποκαθαίροντες
3542 4500 3668 4555 νοῦν
3709 4505 3877 4557 οὐδα-

2252 4588 2419 4660 μῶς,
2483 4589 2983 4661 ἐμφιλοχωροῦντες
3018 4592 3074 4644 δὲ
3129 4592 3249 4645 λίαν
3278 4597 3391 4657 τοῖς
3434 4595 3491 4645 ἐν
3548 4595 3739 4665 κόσμῳ
3773 4612 3877 4646 καο

2281 4684 2415 4744 κοῖς,
2465 4681 2720 4751 ἀμέτοχοι
2769 4682 2866 4751 τῆς
2916 4681 3063 4746 θείας
3108 4683 3441 4753 ἀπομενοῦσι
3488 4685 3731 4755 χάριτος,
3770 4686 3874 4739 οὐκ

595 4742 932 4820 immanitate
966 4768 1335 4835 alnipittntur,
1373 4742 1812 4837 perturbatione,
1844 4780 1939 4824 aut
1974 4742 2167 4827 damno-

2279 4770 2499 4840 ῢψονται
2547 4773 2778 4842 Χριστὸν
2807 4775 2865 4825 ἐν
2908 4775 3138 4838 ἑαυτοῖς,
3178 4776 3393 4846 ἐρήμην
3427 4777 3519 4829 τοῦ
3550 4777 3874 4848 Πνεύματος

591 4870 700 4919 ne,
748 4858 865 4911 sive
903 4858 1006 4909 alia
1058 4856 1295 4927 quadam
1350 4861 1630 4914 mundana
1699 4860 2017 4931 cupiditate,
2080 4872 2172 4917 aut

2279 4863 2493 4934 ἔχοντες
2521 4866 2618 4935 τὴν
2640 4864 2884 4935 καρδίαν.
2913 4867 3010 4919 Διά
3029 4885 3109 4919 τοι
3133 4868 3291 4919 τοῦτο
3322 4869 3415 4919 καὶ
3446 4871 3501 4921 ἐν
3528 4868 3680 4933 τάξει
3705 4887 3872 4938 γεγο-

592 4948 788 5017 quavis
818 4961 877 4999 re
911 4947 1163 5000 trahente
1193 4948 1600 5015 quodammodo
1630 4960 1683 5003 et
1712 4950 1759 5002 vi
1788 4951 1855 5004 ad
1888 4960 2172 5020 peccatum

2279 4953 2426 5014 νότες
2455 4953 2531 5023 τῷ
2586 4956 2860 5025 προστάτῃ
2893 4955 3000 5007 τῶν
3030 4956 3300 5026 ὀρφανῶν,
3360 4959 3463 5011 οπδ
3519 4958 3742 5022 παντὸς,
3793 4960 3871 5024 ὡς

2275 5046 2406 5109 ἔπος
2452 5047 2644 5109 εἰπεῖν,
2686 5045 3076 5115 διαρπάζονται
3123 5047 3215 5100 τοῦ
3253 5049 3594 5104 πλεονεκτεῖν
3655 5053 3867 5123 ἰσχύον-

2275 5152 2386 5202 τος,
2424 5136 2455 5207 ἢ
2499 5137 2723 5200 πάθους,
2769 5136 2801 5206 ἦ
2833 5137 3102 5209 δαίμονος,
3146 5140 3311 5210 ἤγουν
3346 5141 3535 5213 ἐτέρας
3564 5144 3709 5207 τινὸς
3746 5147 3866 5197 ἐπι-

2274 5229 2471 5300 Θυμίας
2526 5231 2813 5300 κοσμικῆς,
2870 5231 2963 5282 καὶ
3026 5231 3226 5292 παντὸς
3283 5236 3608 5304 πράγματος
3668 5236 3864 5289 καθέλ-

2272 5340 2457 5386 κοντος
2495 5322 2681 5393 ῶσπερ
2730 5323 2821 5375 καὶ
2850 5323 3172 5393 βιαζομένου
3206 5325 3343 5397 πρὸς
3392 5329 3690 5398 ἁμαρτίαν.
3738 5329 3863 5392 Τοῖς

2272 5431 2335 5483 γε
2373 5414 2477 5485 μὴν
2535 5417 2700 5478 ὁσίοις
2732 5416 2823 5468 καὶ
2855 5416 3178 5486 ἐπιτηδείως
3205 5417 3417 5487 ἔχουσιν
3452 5421 3530 5481 είς
3571 5418 3632 5471 τὸ
3678 5420 3861 5472 λαϐεῖν

2273 5504 2433 5557 αὐτὸν
2464 5506 2686 5568 είκότως
2716 5505 2972 5574 ἔφασκεν,
3005 5505 3194 5575 ἐπειδὴ
3224 5506 3427 5559 τούτων
3471 5507 3698 5578 ἔμελλον
3729 5508 3858 5561 ὐποι

2278 5596 2458 5665 μένειν
2487 5595 2659 5648 οὐδέν’
2704 5615 2722 5647 ι
2758 5596 2872 5650 υύκ
2901 5597 3098 5667 ἀφήσω
3132 5597 3276 5667 ὑμᾶς
3305 5597 3596 5668 ὀρφανοὺς,
3630 5600 3857 5669 ἔρχομαι

2274 5686 2411 5755 πρὸς
2434 5687 2596 5757 ὑμᾶς.
2650 5705 2668 5739 ›
2698 5687 2905 5740 Οὐκοῦν
2944 5688 3186 5753 ἄποπτος
3221 5688 3321 5761 μὲν
3366 5692 3458 5744 καὶ
3488 5691 3719 5755 ἀθέατος
3772 5710 3858 5744 ,εο-

595 5037 929 5105 impellente.
981 5034 1178 5089 Verum
1225 5039 1433 5092 sanctis
1467 5046 1521 5092 et
1556 5038 1622 5091 ad
1676 5055 1802 5093 cum
1856 5041 2173 5109 suscipien-

593 5130 722 5184 dum
773 5130 980 5197 paratis
1022 5129 1146 5198 jure
1202 5131 1402 5194 aiebat,
1442 5148 1568 5185 cum
1600 5133 1737 5185 nihil
1771 5134 2000 5188 istorum
2050 5149 2171 5203 per-

594 5219 809 5288 pessuri
842 5230 1026 5273 essent
1061 5239 1073 5273 :
1108 5238 1128 5269 (
1181 5219 1300 5273 Non
1350 5222 1656 5292 relinquam
1703 5238 1800 5278 vos
1850 5226 2168 5294 orphanos;

599 5311 815 5363 veniam
864 5311 930 5363 ad
965 5328 1063 5365 vos
1093 5312 1159 5363 "'.
1202 5330 1220 5363 ι
1258 5311 1430 5380 Igitur
1478 5314 1809 5369 invisibilem
1845 5317 2068 5386 quidem
2115 5326 2171 5372 et

592 5402 1080 5473 inconspicabilem
1116 5406 1184 5458 iis
1217 5407 1310 5475 qui
1361 5421 1482 5475 quae
1528 5409 1716 5462 tnundi
1773 5420 1901 5463 sunt
1950 5412 2171 5480 sapiunt

606 5493 725 5550 fore
758 5511 816 5550 se
852 5496 1060 5566 inquit,
1096 5506 1386 5567 postquam
1435 5500 1560 5554 hinc
1610 5502 1957 5572 migraverit,
1990 5503 2041 5556 id
2086 5510 2171 5557 est

590 5594 877 5658 postquam
915 5589 968 5641 in
999 5590 1170 5643 etnlos
1197 5590 1445 5644 redierit.
1499 5590 1605 5647 Sed
1643 5595 1909 5649 visibilem
1956 5597 2164 5650 sanctis

590 5677 869 5732 inventum
902 5678 969 5733 iri
1003 5679 1097 5742 ait,
1128 5678 1372 5734 divinum
1402 5684 1690 5752 quemdam
1732 5696 1783 5739 et
1819 5686 2163 5740 intellectua-

654 5854 697 5885 ⁸⁸
732 5852 879 5910 Psal.
917 5871 967 5923 ν,
1002 5854 1089 5911 15.
1167 5854 1212 5887 ⁸⁸
1257 5855 1420 5915 Hebr.
1457 5877 1533 5924 ιε,
1575 5860 1663 5914 ἓί.
1740 5864 1781 5893 ⁸⁷
1827 5862 2039 5928 Jocl.tt,
2076 5864 2163 5918 18.

2279 5863 2287 5894 ⁵
2360 5862 2518 5919 Joan.
2570 5855 2722 5933 xvnt,
2770 5868 2852 5921 li.
