4096 6474
196 408 304 464 265

1221 397 1284 451 ΙΝ
1315 399 1604 456 JOANNIS
1647 397 2094 455 EVANGELIUM
2135 399 2261 454 LIB.
2300 399 2389 456 ιχ.

3333 404 3438 460 966

197 519 320 594 μιδῇ
383 520 495 581 τοῖς
545 517 613 570 τά
660 517 717 569 tv
763 516 950 586 κόσμῳ
989 514 1243 586 φρονοῦσι
1289 517 1621 588 χρηματίσαι
1668 530 1762 584 φη-

1874 511 1975 565 lem
2007 511 2267 581 fulgorem
2296 528 2485 566 eorum
2523 513 2708 568 cordis
2743 514 2918 570 oculis
2948 514 3271 572 inlundente
3312 532 3442 573 san-

193 613 264 670 σὶ,
299 609 441 680 μετά
482 607 576 680 τὴν
610 607 855 662 ἐντεῦθεν
907 607 1237 678 ἀποδημίαν,
1267 609 1411 679 φημὶ
1453 607 1517 678 δὴ
1549 607 1645 676 τὴν
1683 607 1763 668 είς

189 702 451 773 οὐρανοὺς
494 700 863 772 ἁναφοίτησιν.
904 698 1129 770 Ὀρατδς
1170 699 1226 751 δὲ
1258 701 1371 762 τοῖς
1398 699 1571 765 ἁγίοις
1606 698 1763 767 εὑρε-

191 792 452 864 θήσεσθαι
486 793 650 861 λέγει,
682 791 830 844 θείαν
864 791 923 843 τέ
951 808 1072 844 τινα
1097 792 1189 844 καὶ
1215 791 1409 861 νοητὴν
1464 789 1764 852 ἐντιθέντος

193 885 558 956 μαρμαρυγὴν
596 886 710 945 τοῖς
750 882 848 952 τῆς
879 881 1106 953 καρδίας
1143 881 1320 934 αὐτῶν
1349 880 1644 951 ὀφθαλμοῖς
1670 877 1761 931 τοῦ

188 974 337 1042 ἁγίου
361 972 676 1041 Πνεύματος
699 973 794 1026 καὶ
819 972 995 1025 πᾶσαν
1012 972 1218 1042 εἴδησιν
1244 972 1617 1041 ἑνσπείροντος
1633 973 1767 1039 ἀγα-

187 1065 302 1138 θην.
336 1065 410 1117 Ἦ
441 1063 550 1134 γάρ
578 1062 750 1126 οὕτως
779 1064 939 1116 αὐτὸν
961 1061 1258 1133 οίησόμεθα
1277 1062 1456 1130 λέγειν
1485 1062 1566 1126 τὸ,
1595 1082 1613 1113 ι
1643 1061 1763 1116 Ἔτι

189 1155 403 1226 μικρὸν,
441 1155 531 1208 καὶ
550 1156 578 1208 ό
598 1153 799 1224 κόσμος
820 1169 886 1222 με
909 1152 1088 1206 οὐκέτι
1119 1153 1330 1222 θεωρεῖ,
1364 1153 1521 1222 ὑμεῖς
1547 1153 1603 1207 δὲ
1628 1153 1762 1206 θεω-

189 1243 327 1314 ρεῖτέ
382 1259 471 1312 με·
525 1262 544 1295 ι
602 1243 768 1313 ῆγουν
806 1242 890 1310 ἐφ’
936 1243 1125 1309 ἑτέραν
1168 1242 1288 1294 τινὰ
1344 1242 1764 1311 παρακλίνοντες

187 1335 457 1404 θεωρίαν,
512 1332 728 1403 μάλισθ’
775 1334 854 1386 ὅτι
911 1333 1308 1404 προσπλέκεται
1364 1335 1476 1395 τοῖς
1535 1333 1763 1404 εἰρημέ-

183 1441 288 1488 νοις
312 1425 444 1493 παρ’
472 1424 637 1477 αὐτοῦ
683 1423 762 1487 τὸ,
801 1443 820 1475 ι
851 1424 971 1476 Ὅτι
1002 1422 1112 1490 ἐγὼ
1160 1423 1258 1487 ζῶ,
1294 1424 1388 1475 καὶ
1421 1424 1577 1492 ὑμεῖς
1607 1424 1764 1492 ζήσε-

189 1515 298 1580 σθε,
322 1535 339 1566 ι
363 1515 689 1584 λογιζόμεθά
708 1532 759 1567 τι
781 1513 1036 1567 τοιοῦτον.
1055 1515 1208 1568 Μετά
1223 1515 1330 1584 γὰρ
1346 1515 1443 1585 τὴν
1470 1516 1533 1567 ἐκ
1555 1515 1763 1586 νεκρῶν

186 1606 499 1666 ἀναϐίωσιν,
550 1603 894 1673 κατορθώσας
940 1606 1004 1674 τῇ
1059 1603 1302 1674 ἡμετέρα
1348 1603 1504 1671 φύσει
1540 1604 1638 1673 τὴν
1685 1603 1764 1665 εἰς

186 1698 314 1767 ὅπερ
358 1690 427 1765 ἦν
466 1695 528 1759 ἐξ
564 1695 735 1766 ἀρχῆς
765 1695 1166 1765 ὲπαναδρομὴν,
1227 1695 1320 1747 καὶ
1350 1694 1635 1760 ἀποδείξας
1673 1693 1764 1746 τὸν

187 1786 463 1856 ἄνθρωπον
498 1783 792 1856 ἄφθαρτον,
822 1785 897 1849 ὡς
935 1788 991 1838 tv
1025 1786 1272 1855 ἀπαρχῇ,
1310 1785 1403 1838 καὶ
1448 1784 1649 1856 πρώτῳ
1687 1783 1763 1854 τῷ

1867 609 1956 654 cto
2002 600 2229 670 Spiritu,
2259 616 2585 673 omnemque
2633 605 2830 658 bonam
2873 607 3242 676 cognitionem
3296 608 3440 662 inse-

1866 700 2040 744 rente.
2073 691 2166 744 Vel
2204 693 2349 744 enim
2400 692 2582 749 dicere
2632 695 2810 764 ipsum
2874 695 3192 765 putabimus
3245 697 3378 750 illud
3424 715 3438 752 :

1871 794 1889 828 ι
1928 778 2118 830 Adhuc
2148 780 2442 845 modicum,
2477 789 2532 835 et
2563 784 2800 836 mundus
2833 799 2918 837 me
2953 783 3066 852 jam
3107 799 3216 838 non
3246 785 3394 838 videt
3424 800 3440 839 :

1863 883 1961 922 vos
1985 879 2163 921 autem
2191 869 2386 923 videtis
2436 887 2553 936 tne;
2590 891 2607 923 ι
2644 885 2735 926 aut
2771 882 2921 928 certe
2951 875 3018 928 ad
3057 876 3216 929 aliam
3247 892 3442 946 quam-

1864 957 1988 1011 dam
2022 959 2459 1016 observationem
2496 965 2771 1030 conversi,
2823 967 3056 1020 maxime
3102 968 3246 1038 quod
3294 969 3441 1022 istud

1864 1050 2296 1118 praecedentibus
2336 1051 2673 1123 adjungitur,
2712 1073 2730 1106 ‹
2774 1055 2913 1122 Quia
2949 1072 3052 1126 ego
3080 1059 3226 1123 vivo,
3259 1067 3312 1116 et
3341 1074 3440 1114 vos

1863 1139 2079 1202 vivetis,
2113 1157 2131 1190 ι
2203 1140 2513 1194 istiusmodi
2571 1142 2830 1208 quiddam
2892 1145 3077 1197 animo
3135 1159 3441 1200 versamus.

1865 1227 2070 1298 Nempe
2099 1238 2221 1299 post
2251 1231 2716 1284 resurrectionem
2747 1246 2811 1284 ex
2849 1233 3077 1287 mortuis
3100 1241 3355 1286 revocata
3385 1234 3442 1289 in

1865 1320 2158 1388 pristinum
2193 1328 2397 1374 statum
2428 1329 2614 1376 nostra
2655 1325 2870 1383 natura,
2903 1331 2957 1375 et
2996 1323 3216 1378 homine
3244 1339 3442 1378 corru-

1864 1413 2050 1477 ptione
2080 1411 2328 1470 liberato.
2374 1421 2434 1465 ut
2464 1413 2518 1465 in
2567 1411 2826 1480 primitiis
2858 1422 2911 1464 et
2943 1413 3119 1482 primo
3151 1429 3252 1467 suo
3303 1422 3444 1468 tem-

1863 1500 1972 1568 plo,
2008 1501 2256 1554 ascendit
2294 1501 2361 1555 ad
2399 1503 2616 1556 Patrem
2651 1502 2817 1555 Deum
2867 1505 2959 1570 qui
2992 1504 3046 1555 in
3089 1504 3248 1558 caelis
3281 1521 3294 1570 ;
3342 1505 3438 1558 sed

1861 1598 2056 1644 exacto
2085 1591 2301 1644 modico
2333 1593 2600 1663 temporis
2633 1594 2923 1647 intervallo
2975 1593 3274 1648 descendet
3327 1610 3445 1648 rur-

1864 1695 1983 1743 sus,
2032 1689 2091 1733 ut
2133 1682 2435 1744 credimus,
2487 1698 2551 1736 ac
2584 1691 2891 1738 revertetur
2921 1683 3102 1737 denuo
3136 1683 3201 1735 ad
3237 1698 3337 1737 nos
3389 1684 3441 1736 in

1866 1772 2036 1842 gloria
2070 1772 2250 1827 Patris
2286 1775 2391 1839 sui,
2432 1789 2556 1828 cum
2589 1775 2799 1830 sanctis
2840 1775 3072 1844 angelis,
3100 1785 3152 1828 et
3179 1782 3446 1844 proponet

192 1875 297 1944 ἰδίῳ
321 1874 454 1945 ναῷ,
501 1875 666 1945 ἀνέϐη
699 1877 833 1946 πρὸς
877 1876 967 1928 τὸν
1016 1876 1073 1928 tv
1103 1879 1211 1939 τοῖς
1261 1877 1507 1946 οὐρανοῖς
1543 1875 1760 1944 Πατέρα

1865 1867 2084 1937 quidem
2125 1867 2382 1920 omnibus
2414 1867 2751 1921 tremendum
2803 1866 3070 1928 tribunal,
3105 1881 3227 1919 cntn
3260 1865 3443 1928 malis,

188 1966 327 2017 Θεόν·
368 1964 486 2017 ἀλλ’
529 1965 704 2034 ὀλίγον
755 1965 957 2034 μεταξὺ
1000 1964 1306 2028 διατελέσας
1344 1963 1554 2032 χρόνον,
1599 1978 1768 2014 κατα-

189 2053 403 2124 ϐήσεται
449 2053 636 2116 πάλιν,
678 2054 926 2124 καθάπερ
969 2051 1321 2122 πιστεύομεν,
1361 2052 1454 2106 καὶ
1510 2049 1766 2119 ἐπανήξει

192 2143 340 2196 πάλιν
397 2142 540 2214 πρὸς
585 2144 732 2214 ἡμᾶς
783 2144 840 2194 tv
886 2144 952 2212 τῇ
1002 2140 1128 2213 δόξῃ
1179 2139 1272 2194 τοῦ
1320 2139 1533 2210 Πατρὸς
1579 2135 1765 2201 αὐτοῦ,

192 2233 317 2303 μετά
343 2234 452 2286 τῶν
504 2232 678 2301 ἀγίων
731 2233 979 2301 ἀγγέλων
1006 2270 1021 2295 ,
1049 2232 1145 2284 καὶ
1172 2230 1435 2300 προθήσει
1463 2227 1561 2299 μὲν
1595 2227 1768 2284 ἅπασι

189 2324 244 2378 τὸ
287 2323 726 2394 φρικωδέστατον
783 2322 935 2392 βῆμα
979 2323 1235 2391 πονηροῖς
1263 2337 1325 2372 τε
1376 2320 1469 2372 καὶ
1521 2317 1764 2384 ἀγαθοῖς.

190 2415 404 2485 Σύμπαν
434 2413 550 2485 γὰρ
571 2414 693 2484 ἥξει
719 2413 783 2466 τὸ
817 2412 1038 2482 ποιηθὲν
1071 2413 1152 2474 είς
1174 2410 1376 2482 κρίσιν’
1406 2409 1682 2477 ἀναλόγως
1710 2408 1769 2462 δὲ

191 2510 290 2570 τοῖς
343 2507 563 2577 ἑκάστῳ
617 2505 969 2577 βεϐιωμένοις
1015 2502 1299 2565 ἀποδιδοὺς
1345 2503 1416 2558 τὰ
1466 2499 1765 2573 πρέποντα,

191 2601 291 2662 τοῖς
313 2599 408 2670 μὲν
437 2597 500 2663 ἐξ
522 2598 818 2668 εὐωνύμων
849 2598 984 2668 ἐρεῖ,
1015 2595 1158 2649 τοῦτ’
1197 2594 1312 2647 ἐστι
1341 2595 1454 2656 τοῖς
1499 2592 1567 2646 τὰ
1588 2594 1642 2644 tv
1672 2590 1766 2644 x6-

194 2705 304 2760 σμῳ
355 2688 902 2760 πεφρονηκόσιποτέηο
942 2705 960 2739 ι
996 2685 1298 2758 Πορεύεσθε
1317 2684 1412 2738 ἀπ’
1444 2682 1598 2753 ἐμοῦ,
1636 2698 1772 2735 κατ·-

192 2780 457 2851 ηραμένοι,
517 2783 603 2844 είς
648 2780 710 2834 τὸ
742 2780 854 2852 πῦρ
884 2781 946 2834 τὸ
978 2777 1217 2844 αἰώνιον,
1274 2777 1336 2830 τὸ
1372 2773 1770 2846 ἡτοιμασμένον

192 2873 263 2941 τῷ
303 2871 535 2942 διαϐόλῳ
562 2874 658 2926 καὶ
704 2875 817 2935 τοῖς
866 2872 1119 2940 ἀγγέλοις
1159 2867 1356 2923 αὐτοῦ·
1380 2887 1397 2917 ι
1429 2868 1542 2929 τοῖς
1567 2881 1630 2934 γε
1667 2865 1773 2934 μὴν

191 2963 249 3016 ὲκ
273 2962 477 3028 δεξιῶν,
515 2963 656 3019 τοῦτ’
684 2963 800 3015 ἔστι
835 2966 944 3025 τοῖς
979 2962 1147 3024 όσίοις
1176 2959 1269 3014 καὶ
1311 2957 1554 3026 ἀγαθοῖςο
1590 2974 1608 3006 ι
1639 2953 1774 3006 Δεῦ-

192 3067 263 3112 τε,
289 3053 335 3103 οί
381 3052 739 3123 εὐλογημένοι
765 3052 858 3106 τοῦ
916 3053 1127 3122 Πατρός
1161 3067 1284 3120 μου,
1329 3045 1775 3119 κληρονομήσατε

1870 1968 1983 2011 tum
2023 1959 2204 2012 bonis.
2238 1957 2448 2010 Cuncta
2493 1957 2636 2012 enim
2668 1965 2921 2012 creatura
2959 1957 3013 2010 in
3046 1957 3316 2025 judicium
3349 1971 3443 2010 ve-

1867 2047 1982 2101 niet
2022 2061 2036 2098 :
2066 2053 2122 2099 et
2163 2061 2260 2116 pro
2297 2047 2422 2100 vitae
2449 2047 2719 2115 cujusque
2767 2047 2966 2099 merito
3007 2061 3127 2116 quae
3158 2046 3315 2099 decet
3349 2060 3438 2099 re-

1867 2137 2137 2200 tribuens,
2175 2137 2245 2192 iis
2295 2137 2387 2207 qui
2434 2152 2464 2191 a
2496 2137 2742 2192 sinistris
2791 2144 2973 2199 erunt,
3026 2137 3080 2191 id
3126 2147 3210 2191 est
3249 2137 3316 2190 iis
3348 2137 3444 2205 qui

1867 2226 2142 2280 mundana
2172 2226 2451 2295 quondam
2489 2227 2774 2295 sapuerint
2813 2226 3002 2280 dicet:
3052 2243 3070 2277 ι
3111 2224 3383 2280 Discedite
3413 2237 3442 2276 a

1867 2333 1975 2378 me.
2017 2317 2327 2382 maledicti,
2365 2318 2530 2389 815
2565 2318 2619 2372 in
2657 2319 2836 2387 ignem
2880 2325 3171 2379 aeternum,
3223 2316 3314 2385 qui
3350 2331 3444 2385 pa-

1866 2417 2022 2464 ratus
2058 2416 2144 2464 est
2197 2409 2416 2464 diabolo
2464 2420 2517 2464 et
2551 2409 2759 2479 angelis
2789 2409 2913 2478 ejus
2939 2409 3015 2474 ⁶⁹;
3070 2426 3088 2459 ι
3149 2408 3220 2462 iis
3260 2415 3441 2462 autem

1867 2501 2029 2569 quia
2071 2498 2282 2556 dextris
2332 2509 2532 2561 erunt,
2593 2500 2646 2554 id
2703 2507 2790 2554 est
2840 2500 3053 2554 sanctis
3107 2514 3170 2553 ac
3222 2499 3382 2554 bonis
3425 2515 3438 2552 :

1872 2608 1891 2642 ι
1925 2589 2139 2655 Venite,
2186 2590 2455 2644 benedicti
2491 2589 2672 2643 Patris
2706 2590 2834 2655 mei,
2881 2589 3161 2659 possidete
3194 2596 3444 2668 paratum

1869 2681 2026 2736 vobis
2064 2696 2288 2750 regnum
2333 2695 2362 2734 a
2394 2681 2790 2735 constitutione
2819 2680 3007 2734 mundi
3039 2679 3110 2734 ".
3148 2698 3166 2731 ι
3198 2679 3442 2734 εοηνειν·

1871 2772 2144 2828 sabuntur
2175 2771 2320 2826 enim
2362 2779 2420 2826 et
2472 2772 2896 2841 eonregnabust
2947 2785 3072 2825 cum
3113 2771 3356 2838 Christo,
3390 2779 3446 2826 et

1871 2864 2201 2919 caelestibus
2237 2864 2395 2918 bonis
2428 2877 2642 2917 summa
2678 2877 2804 2916 cum
2843 2862 3125 2931 voluptate
3165 2862 3443 2930 fruentur,

1873 2954 2190 3010 eonformes
2216 2952 2345 3007 facti
2389 2953 2992 3022 resurrectionisejus,
3019 2962 3076 3006 et
3101 2954 3302 3009 veteris
3327 2968 3428 3008 cor

1873 3046 2151 3117 rnptionis
2199 3046 2416 3118 laqueis
2459 3045 2668 3112 vitatis,
2721 3046 2882 3115 longa
2929 3051 2984 3100 et
3018 3044 3287 3100 ineﬁabili
3330 3046 3444 3100 vita

191 3140 280 3211 τὴν
325 3141 736 3213 ἡτοιμασμένην
801 3141 932 3212 ὑμῖν
982 3139 1258 3210 βασιλείαν
1301 3138 1409 3192 ἀπὸ
1469 3136 1762 3207 καταϐολῆς

1874 3139 2227 3202 circumdati,
2263 3147 2428 3210 atque
2459 3153 2582 3192 cum
2631 3153 2851 3210 semper
2880 3138 3096 3191 vivente
3130 3137 3362 3192 Domino
3390 3138 3445 3192 in

195 3232 399 3302 κόσμου.
437 3251 460 3283 θ
519 3212 834 3288 Συνέσονται
879 3231 988 3302 γὰρ
1027 3231 1122 3284 καὶ
1166 3229 1655 3301 συμϐασιλεύσουσι
1683 3227 1758 3298 τῷ

1865 3236 2129 3284 aeternum
2166 3229 2391 3283 victuri.
2412 3229 2572 3293 Quod
2591 3229 2734 3282 enim
2752 3243 2874 3282 cum
2892 3227 3444 3283 Christoindesinen-

194 3322 412 3393 Χριστῷ,
443 3325 546 3376 καὶ
587 3326 702 3388 τοῖς
752 3322 1021 3395 οὐρανίοις
1059 3323 1484 3392 ὲντρυφήτουσιν
1515 3321 1756 3388 ἀγαθοῖς,

197 3410 487 3481 σύμμορφοι
515 3412 796 3479 γεγονότες
831 3411 929 3481 τῆς
961 3411 1310 3473 ἀναστάσεως
1335 3409 1522 3474 αὑτοῦ,
1549 3411 1642 3463 καὶ
1662 3410 1761 3478 τῆς

197 3503 284 3570 μὲν
347 3503 587 3573 ἀρχαίας
648 3502 854 3574 φθορᾶς
917 3501 1230 3572 διαδράντες
1301 3501 1429 3564 τοὺς
1512 3499 1758 3570 βρόχους,

197 3595 362 3664 μακρᾷ
405 3594 461 3647 δὲ
521 3594 612 3648 καὶ⁵
671 3594 936 3664 ἀμυθήτῳ
983 3591 1402 3664 περιϐληθέντες
1453 3591 1564 3660 ζωῇ
1595 3631 1608 3652 ,
1667 3591 1762 3642 καὶ

196 3684 548 3755 ἀτελευτήτως
601 3683 678 3754 τῷ
755 3685 842 3740 ἀεὶ
913 3682 1075 3747 ζῶντι
1145 3680 1418 3746 συζῶντες
1492 3679 1760 3751 Δεσπότῃ.

198 3775 303 3829 Ὀτι
337 3778 443 3847 γὰρ
478 3778 536 3828 ot
568 3775 788 3846 θεοφιλῆ
836 3777 928 3836 καὶ
956 3775 1228 3847 ἐξαίρετον
1271 3774 1615 3844 ἀσκήσαντες
1647 3772 1761 3841 βίον

196 3866 521 3939 ἀδιαλήπτως
549 3867 662 3940 [γρ.
681 3866 1056 3938 ἀδιαλείπτως]
1102 3866 1414 3928 συνέσονται
1430 3865 1506 3934 τῷ
1519 3863 1759 3936 Χριστῷ,

195 3953 504 4026 θεωροῦντες
531 3957 772 4027 δηλονότι
801 3957 864 4009 τὸ
887 3956 1027 4010 θεῖον
1056 3954 1219 4010 αὑτοῦ
1245 3955 1340 4008 καὶ
1363 3953 1600 4026 ἀρρητον
1634 3954 1762 4008 κάλ-

196 4043 290 4110 λος,
321 4049 572 4116 σαφηνιεῖ
608 4046 779 4115 λέγων
809 4047 838 4100 ό
871 4045 1079 4107 Παῦλος
1099 4062 1113 4077 ·
1161 4063 1180 4098 ι
1216 4045 1336 4097 Ὀτι
1371 4044 1532 4106 αὐτὸς
1564 4043 1763 4114 Κύριος

195 4136 245 4186 tv
274 4135 617 4207 κελεύσματι,
643 4140 704 4190 tv
734 4138 882 4207 φωνῇ
915 4135 1256 4206 ἀρχαγγέλου
1301 4133 1394 4187 καὶ
1422 4135 1479 4185 tv
1502 4132 1762 4200 σάλπιγγι

195 4221 314 4278 Θεοῦ
344 4225 714 4295 καταϐήσεται
747 4225 853 4277 ἀπὸ
893 4222 1144 4293 ούρανοῦ,
1192 4222 1288 4276 καὶ
1331 4223 1380 4274 οἱ
1416 4221 1599 4292 νεκροὶ
1621 4223 1670 4273 οἱ
1705 4223 1762 4274 tv

195 4311 392 4382 Χριστῷ
419 4315 817 4384 ἀναστήσονται
846 4313 1073 4383 πρῶτον
1109 4313 1302 4366 ἔπειτα
1329 4313 1509 4381 ἡμεῖς.
1546 4313 1595 4366 οἱ
1627 4310 1762 4372 ζῶν-

196 4417 291 4468 τις,
343 4405 389 4457 οὶ
443 4404 906 4476 περιλειπόμενοι,
966 4405 1062 4458 σὺν
1107 4404 1289 4466 αὐτοῖς
1331 4401 1764 4471 ἁρπαγησόμεθα

199 4492 247 4543 ἐν
267 4495 504 4563 νεφέλαις
527 4498 612 4558 εἰς
650 4496 952 4565 ἀπάντησιν
994 4493 1087 4550 τοῦ
1117 4493 1322 4563 Κυρίου
1361 4495 1439 4555 εἰς
1475 4493 1633 4561 ἀέρα,
1669 4489 1764 4546 καὶ

1864 3328 1948 3375 ter
1971 3321 2172 3375 victuri
2203 3319 2422 3389 sintqui
2448 3321 2593 3389 piam
2621 3327 2673 3374 et
2700 3319 2956 3374 eximiam
2985 3321 3152 3374 vitam
3178 3335 3444 3374 exercue-

1864 3415 1996 3475 rint,
2029 3413 2472 3482 contemplantes
2505 3412 2767 3465 nimirum
2818 3411 3061 3465 divinam
3097 3411 3218 3478 ejus
3263 3421 3315 3466 et
3361 3413 3444 3466 in-

1861 3504 2134 3558 ell'abilem
2195 3502 2690 3569 pulchritudinem,
2744 3501 3060 3556 declarabit
3109 3500 3333 3566 Paulus,
3366 3503 3445 3556 di.

1861 3609 1995 3650 cens
2032 3611 2045 3648 :
2083 3611 2101 3644 ι
2155 3593 2294 3657 Quia
2352 3595 2468 3663 ipse
2506 3592 2770 3646 Dominus
2827 3593 2883 3646 in
2930 3594 3089 3660 jussu
3125 3602 3179 3647 et
3227 3593 3280 3648 in
3313 3609 3444 3648 voce

1863 3686 2186 3754 archangeli
2220 3693 2276 3739 et
2318 3685 2372 3738 in
2406 3684 2534 3737 tuba
2577 3682 2672 3736 Dei
2711 3683 3015 3738 descendet
3047 3683 3114 3736 de
3145 3685 3286 3738 cmlo
3324 3703 3337 3737 :
3387 3695 3443 3739 et

1863 3779 2092 3841 mortui,
2121 3778 2216 3846 qui
2268 3779 2320 3830 in
2376 3775 2605 3831 Christo
2654 3783 2806 3838 sunt,
2866 3783 3160 3844 resurgent
3215 3775 3376 3846 primi
3423 3794 3438 3831 :

1863 3869 2061 3924 deinde
2108 3883 2230 3930 nos,
2269 3868 2361 3938 qui
2396 3867 2655 3927 vivimus.
2704 3867 2797 3936 qui
2852 3855 3240 3934 relinquimur,
3277 3866 3440 3922 simul

1863 3960 2140 4029 rapiemur
2171 3973 2294 4012 cum
2337 3958 2446 4011 illis
2480 3956 2532 4010 in
2568 3957 2806 4011 nubibus
2859 3956 3077 4011 obviam
3123 3956 3358 4012 Domino
3385 3957 3438 4010 in

1863 4065 2013 4114 aera,
2057 4057 2111 4104 et
2142 4050 2223 4104 sic
2269 4063 2490 4118 semper
2523 4063 2650 4102 cum
2701 4047 2932 4102 Domino
2966 4048 3177 4103 erimus
3203 4049 3272 4103 ³⁸.
3316 4067 3334 4100 ι
3375 4048 3442 4102 Et

1865 4157 2060 4197 rursus
2095 4141 2162 4195 ad
2198 4155 2296 4196 eos
2347 4141 2439 4209 qui
2498 4140 2833 4194 mortiﬁcare
2885 4141 3202 4195 studuerint
3251 4141 3439 4196 mundi

1863 4234 2197 4303 cupiditates
2227 4251 2240 4285 :
2279 4250 2298 4283 ι
2326 4231 2521 4285 Mortui
2553 4231 2702 4286 enim
2733 4231 2887 4295 estis,
2919 4239 2974 4286 et
3007 4234 3115 4285 vita
3146 4240 3324 4288 vestra
3356 4243 3436 4289 est

1865 4322 2191 4377 abscondita
2227 4335 2350 4374 eum
2385 4321 2610 4375 Christo
2640 4321 2694 4375 in
2723 4320 2867 4386 Deo;
2903 4337 3028 4377 cum
3061 4321 3315 4379 Christus
3345 4339 3441 4396 ap-

1868 4411 2131 4480 paruerit,
2159 4411 2267 4465 vita
2303 4421 2507 4475 vestra,
2544 4419 2677 4466 tunc
2715 4422 2768 4468 et
2796 4428 2895 4468 vos
2942 4414 3281 4484 apparebitis
3313 4430 3438 4469 cum

1867 4504 1988 4572 ipso
2017 4503 2070 4556 in
2105 4504 2278 4573 gloria
2336 4505 2402 4556 ".
2450 4522 2468 4555 ι
2519 4503 2813 4570 Quocirca,
2860 4513 2919 4558 ut
2967 4507 3074 4560 vim
3131 4513 3188 4561 et
3217 4521 3439 4561 sensum

199 4581 348 4648 οὕτως
368 4585 597 4640 πάντοτε
628 4587 724 4641 σὺν
753 4585 939 4656 Κυρίῳ
961 4583 1215 4654 ἐσόμεθα.
1249 4601 1270 4636 ι
1295 4583 1406 4638 Καὶ
1435 4583 1598 4644 πάλιν
1623 4583 1758 4654 πρὸς

1865 4567 1966 4648 loci
1988 4567 2157 4662 hujus
2188 4594 2240 4649 in
2266 4567 2921 4658 sutnmatnvcontraham,
2955 4596 3047 4667 qui
3074 4595 3263 4650 mundi
3296 4595 3438 4648 mala

199 4675 307 4738 τοὺς
355 4677 581 4747 νεκροῦν
625 4677 917 4750 ,ἑλομένους
945 4676 1011 4732 τὰ
1037 4677 1095 4729 tv
1118 4675 1306 4746 κόσμῳ
1345 4675 1514 4746 πάθη’
1559 4695 1577 4728 ι
1629 4678 1756 4731 Ἀπ-

200 4760 393 4820 εθάνετε
433 4767 563 4838 γὰρ,
615 4766 708 4824 καὶ
755 4769 789 4838 ὴ
835 4765 947 4836 ζωὴ
993 4764 1146 4836 ὑμῶν
1182 4764 1495 4836 κέκρυπται
1535 4766 1633 4819 σὺν
1678 4764 1756 4837 τῷ

200 4852 396 4925 Χριστῷ
442 4859 510 4914 ,ἐν
555 4857 632 4926 τῷ
671 4857 816 4928 θεῷ,
868 4857 994 4919 ὅταν
1041 4858 1070 4908 ὁ
1111 4855 1345 4929 Χριστὸς
1381 4855 1754 4927 φαπρωθῇιή

200 4942 296 5017 ζωὴ
331 4947 502 5022 ὑμῶν,
551 4949 672 5006 τότε
707 4949 800 5018 καὶ
841 4949 994 5018 ὑμεῖς
1024 4946 1473 5017 φανερωθήσεσθε
1514 4945 1612 4998 σὺν
1652 4947 1753 4999 αύ-

1861 4685 2098 4753 dilignnt
2133 4686 2189 4740 in
2222 4685 2498 4740 infernum
2532 4686 2753 4750 cadent,
2804 4695 2858 4740 et
2911 4688 3106 4759 procul
3152 4701 3182 4740 a
3229 4685 3438 4742 Christi

1863 4783 2161 4845 conspectu
2197 4777 2638 4832 amandahnnlur
2667 4796 2679 4830 :
2735 4779 2962 4833 virtutis
2993 4791 3125 4831 vero
3177 4775 3435 4844 studiosi,

1863 4878 1918 4924 et
1955 4875 2233 4938 quotquot
2260 4869 2628 4923 arrhabonem
2678 4867 2917 4935 Spiritus
2944 4868 3216 4939 integrum
3248 4882 3437 4923 serva-

1864 4961 1999 5023 rint,
2036 4960 2518 5015 conversabuntur
2545 4977 2667 5014 cum
2703 4976 2768 5015 eo
2817 4966 2872 5013 et
2919 4960 3081 5015 simul
3118 4959 3322 5022 vivent,
3373 4975 3438 5016 ac

200 5034 265 5105 τῷ
295 5039 349 5093 tv
387 5040 533 5113 δόξῃ.
575 5059 595 5093 ι
637 5039 846 5101 Οὐκοῦν
889 5036 1462 5118 (ἀνακεφαλαιώσομαι
1510 5039 1619 5109 γὰρ
1660 5037 1756 5092 τοῦ

1865 5050 2101 5108 divinam
2163 5049 2286 5119 ejus
2359 5051 2887 5120 contemplabuntur
2948 5051 3433 5121 pulchritudinem.

200 5124 336 5194 λόγου
355 5129 454 5202 τὴν
478 5130 814 5200 δύναμιν),οί
848 5129 946 5199 μὲν
965 5129 1072 5182 τῶν
1098 5129 1156 5181 tv
1193 5127 1382 5198 κόσμῳ
1415 5128 1601 5181 κακῶν
1628 5130 1758 5198 ἐρα-

1861 5158 1880 5192 ι
1917 5139 2034 5194 Erit
2083 5140 2228 5196 enim
2264 5141 2389 5206 tibi,
2429 5142 2629 5209 inquit,
2682 5139 2949 5198 Dominus
2985 5142 3076 5196 lux
3117 5152 3344 5209 eterna,
3382 5152 3436 5198 et

203 5216 308 5270 σταὶ
332 5222 734 5291 κατοιχήσονται
763 5221 900 5288 πρὸς
935 5219 1026 5274 τὸν
1050 5217 1204 5288 ᾅδην,
1241 5216 1336 5269 καὶ
1361 5219 1432 5272 ἐκ
1466 5216 1757 5288 προσώπου

1865 5230 2002 5286 Deus
2036 5230 2210 5300 gloria
2249 5238 2340 5284 tua
2372 5231 2438 5284 ".
2475 5249 2493 5281 ι
2537 5229 2691 5296 Quod
2718 5230 2939 5300 quidem
2968 5233 3280 5302 significare
3298 5235 3435 5307 velle

200 5312 487 5378 γενήσονται
540 5309 797 5382 Χριστοῦ·
853 5308 1169 5371 συνέσογταί
1221 5323 1285 5374 γε
1319 5308 1430 5379 μὴν
1471 5307 1621 5379 αύτῷ
1663 5309 1758 5364 καὶ

1865 5320 2127 5375 Dominus
2181 5320 2404 5375 videtur
2455 5336 2580 5376 cum
2621 5322 2896 5378 dicentem
2949 5307 3074 5378 eum
3123 5325 3429 5380 audimus:

204 5402 630 5474 συνδιαιτήσονται
673 5403 764 5457 διὰ
819 5402 1018 5465 παντὸς
1065 5403 1112 5454 ot
1141 5401 1238 5471 τῆς
1275 5401 1474 5471 ἀρετῆς
1505 5401 1751 5470 ἐρασταὶ,

201 5491 283 5544 καὶ
306 5492 391 5558 τὸν
409 5494 698 5566 ἀρραϐῶνα
745 5494 839 5552 τοῦ
880 5491 1188 5562 Πνεῦματος
1215 5491 1372 5560 ἀσινῆ
1392 5493 1747 5563 τηρήσαντες,

204 5584 426 5648 συνόντες
469 5587 810 5654 δὲδηλονότι,
869 5586 957 5640 καὶ
976 5585 1035 5637 τὸ
1083 5583 1383 5653 θεοπρεπὲς
1433 5583 1595 5642 αὑτοῦ
1621 5603 1751 5638 κατ·

295 5766 333 5795 "
369 5767 543 5824 Matth.
574 5788 700 5836 xxv,
740 5773 826 5826 41.
904 5771 949 5802 ὀ
992 5769 1122 5820 lhid.
1163 5770 1251 5824 54.

429 5865 688 5927 ΡΑτιιοι..
714 5867 827 5926 Gn.
868 5864 1120 5923 LXXIV.

1331 5773 1370 5802 ⁷¹
1404 5773 1416 5825 l
1449 5771 1651 5827 Thess.
1687 5788 1757 5834 tv,
1801 5770 1881 5831 l3,
1919 5771 2001 5824 ιϐ.

1863 5431 1882 5463 ι
1923 5411 2120 5465 Adhuc
2151 5412 2452 5476 modicum,
2485 5422 2538 5468 et
2565 5413 2805 5469 mundus
2840 5429 2926 5470 me
2959 5415 3072 5484 jam
3101 5431 3213 5470 non
3243 5416 3386 5471 videt
3414 5433 3429 5481 ;

1862 5516 1960 5558 vos
1988 5507 2170 5554 autem
2200 5500 2400 5557 videtis
2429 5517 2515 5557 me
2544 5541 2561 5566 ,
2589 5506 2718 5574 quia
2762 5520 2867 5576 ego
2897 5506 3044 5568 vivo,
3075 5514 3132 5561 et
3157 5521 3254 5561 vos
3290 5506 3433 5559 vive-

1995 5591 2404 5662 t’Neqmquam
2459 5610 2589 5653 vero
2649 5598 2938 5660 mentitur,
2992 5613 3116 5652 cum
3171 5599 3426 5667 exiguum

2082 5771 2126 5801 ⁷¹
2178 5772 2387 5827 Coloss.
2425 5789 2505 5836 Ill,
2539 5773 2589 5826 ὅ.
2666 5775 2709 5804 ⁷³
2751 5773 2856 5826 lsa.
2885 5791 2973 5832 ιτ,
3012 5773 3100 5826 17.

2949 5869 2982 5924 9
