4096 6504
621 386 727 441 267
1146 384 1149 387 ’
1647 381 1700 434 S.
1744 379 2014 435 CYlillJJ
2056 378 2524 435 ALEXANDRINI
2562 377 2880 434 ARCIIIEP.
3768 378 3895 432 263

615 499 953 557 intercedere
1000 507 1215 568 tempus
1258 495 1323 549 ad
1373 510 1528 550 suam
1580 511 1751 564 usque
1790 496 2183 549 revelationem
2215 508 2232 557 Α

2288 496 2508 565 όψονται
2564 496 2759 559 κάλλος
2778 494 3178 559 ἀδιακωλύτως.
3204 495 3432 550 «Ἔσται
3456 495 3564 567 γάρ
3585 511 3692 559 σοι,
3716 493 3893 563 φησι,

612 593 710 646 ait.
751 588 996 661 Longum
1035 590 1185 644 enim
1235 594 1451 657 tempus
1507 586 1652 656 apud
1700 600 1800 641 nos
1853 600 1955 655 pro
2010 584 2184 639 nihilo

2281 586 2487 657 Κύριος
2541 587 2657 657 φῶς
2702 586 2938 653 αἰώνιον,
2988 588 3083 641 καὶ
3110 588 3139 639 6
3194 588 3327 651 Θεὸς
3374 587 3499 652 δόξα
3546 603 3661 639 σου.
3713 603 3732 636 a
3766 583 3896 637 Καὶ

614 684 758 754 apud
786 682 952 736 Deum
984 680 1076 751 qui
1107 694 1326 749 semper
1353 688 1439 733 est
1478 678 1733 733 habetur.
1769 675 1926 744 Quod
1959 674 2188 731 testabi-

2283 674 2429 738 είκὸς
2455 674 2511 728 δὲ
2558 675 2716 728 τοῦτο
2770 675 3053 746 βούλεσθαι
3101 675 3294 746 δηλοῦν
3328 676 3419 731 τὸν
3468 675 3691 746 Κύριον,
3750 673 3898 725 ὅταν

615 782 704 829 tur
740 772 1051 835 Psalmista.
1088 770 1325 825 dicens:
1367 787 1387 821 ι
1439 767 1711 835 Quoniam
1764 768 1914 823 mille
1958 766 2087 820 anni
2131 765 2186 819 in

2284 764 2571 835 ἀκούωμεν
2619 766 2888 836 λέγοντος*
2930 788 2948 818 ι
2991 769 3113 820 Ἔτι
3142 766 3355 840 μικρὸν,
3400 768 3491 820 καὶ
3517 769 3545 821 6
3575 765 3784 835 κόσμος
3812 780 3895 834 με

616 864 799 918 oculis
827 862 958 928 tuis,
1009 860 1272 925 Domine,
1325 866 1589 930 tanquam
1623 859 1742 915 dies
1774 858 2037 915 hesterna
2067 872 2189 928 quae

2285 857 2469 911 οὐκέτι
2498 857 2709 929 θεωρεῖ,
2738 858 2895 929 ὑμεῖς
2919 859 2975 912 δὲ
2994 859 3249 930 θεωρεῖτέ
3276 877 3363 929 με,
3397 860 3477 912 ὅτι
3508 858 3619 927 ἐγὼ
3652 856 3753 921 ζῶ,
3790 856 3902 909 καὶ

616 954 896 1024 praeteriit,
926 958 980 1006 et
1011 951 1260 1005 custodia
1288 950 1343 1005 in
1368 958 1533 1007 nocte
1563 951 1632 1005 ⁷⁸.
1674 970 1692 1002 ι
2166 999 2171 1005 ,

2288 948 2445 1019 ὑμεῖς
2479 949 2729 1019 ζήσεσθε.
2784 969 2802 1000 ι
2836 949 3193 1019 Διαψεύσεταί
3224 966 3289 1018 γε
3324 949 3429 1021 μὴν
3474 948 3751 1019 οὐδαμῶς,
3792 964 3863 1016 μι
3884 974 3899 982 ο

616 1039 766 1108 κρὸν-
786 1038 922 1093 εἶναι
951 1038 1125 1106 λέγων
1155 1037 1245 1091 τὸν
1277 1037 1480 1108 μεταξὺ
1518 1037 1708 1108 χρόνον
1737 1039 1832 1109 τῆς
1865 1038 2028 1091 οἱονεὶ
2067 1036 2462 1107 ἀποκαλύψεως
2498 1036 2685 1091 αὐτοῦ.
2717 1037 2836 1108 Θεῷ
2856 1039 2963 1109 γὰρ
2999 1038 3078 1109 τῷ
3110 1038 3198 1093 ἀεὶ
3239 1038 3353 1092 ὄντι
3412 1039 3505 1092 acui.
3570 1040 3598 1091 6
3669 1037 3906 1109 patpr

616 1130 908 1201 καθ’ήμᾶς
941 1129 1132 1199 χρόνος
1183 1130 1239 1181 ὲν
1288 1126 1367 1198 τῷ
1405 1128 1597 1199 μηδενὶ
1628 1128 1864 1181 τέθειται
1897 1128 2194 1191 παντελῶς.
2235 1130 2344 1182 Καὶ
2378 1130 2714 1200 μαρτυρήσει
2749 1129 2923 1198 λέγων
2960 1131 2988 1184 6
3019 1130 3290 1202 Μελῳδός·
3331 1149 3350 1184 ι
3388 1130 3510 1184 Ὀτι
3570 1128 3712 1201 χίλια
3790 1129 3903 1199 ἐτη

616 1227 675 1281 ὲν
705 1226 999 1295 ὀφθαλμοῖς
1023 1240 1138 1285 σου,
1159 1222 1444 1295 Κύριε,ὼς
1467 1223 1704 1295 ήμέραή
1741 1224 1865 1294 χθὲς
1884 1225 2004 1294 ἥτις
2031 1223 2237 1293 διῆλθε,
2276 1225 2369 1278 acati
2404 1225 2617 1295 φυλακὴ
2648 1226 2706 1280 ὲν
2740 1225 2913 1279 νυκτί.
2945 1244 2964 1278 ι

689 1319 827 1378 XIV,
862 1319 953 1372 ‘20.
1003 1317 1065 1371 In
1100 1319 1193 1372 illo
1218 1318 1301 1372 die
1328 1335 1414 1372 vos
1448 1322 1772 1389 cognoscetis
1803 1323 1928 1390 quia
1957 1336 2049 1388 ego
2074 1336 2190 1374 sum

2383 1322 2477 1374 Ἑν
2517 1323 2720 1390 ἐκείνῃ
2753 1321 2828 1391 τῇ
2869 1320 3077 1391 ἡμέρᾳ,
3109 1320 3277 1391 ὑμεῖς
3314 1319 3619 1390 γνώσεσθε
3643 1319 3734 1373 ὅτι
3774 1318 3909 1386 ἐγὼ

619 1412 670 1461 in
706 1410 867 1462 Patre
903 1424 1038 1472 meo,
1070 1417 1118 1461 et
1153 1424 1238 1460 vos
1270 1409 1325 1461 in
1354 1424 1452 1474 me,
1485 1419 1534 1463 et
1570 1426 1660 1479 ego
1688 1410 1741 1463 in
1778 1410 1942 1464 vobis.

2296 1409 2366 1463 ἐν
2406 1407 2485 1474 τῷ
2528 1411 2713 1477 Harp!
2744 1426 2885 1479 μου,
2930 1410 3027 1462 καὶ
3087 1408 3256 1478 ὑμεῖς
3306 1408 3377 1461 ὲν
3418 1408 3567 1476 ἐμοὶ,
3627 1406 3800 1477 κάγὼ
3828 1406 3909 1457 ἐν

2297 1519 2459 1572 mur.

688 1586 858 1657 316
925 1584 1163 1642 Diﬂicilis
1219 1594 1304 1641 est
1360 1586 1465 1641 loci
1520 1586 1685 1657 hujus
1737 1588 2090 1653 intellectus,
2139 1598 2196 1643 et

2367 1593 2699 1659 Δυσέφικτον
2728 1588 2826 1659 μέν
2856 1587 2970 1653 πώς
3011 1588 3126 1640 ἐστι
3159 1586 3220 1639 τὸ
3274 1587 3333 1640 ὲν
3364 1588 3475 1649 τοῖς
3506 1586 3908 1658 προκειμένοις

620 1695 807 1745 acrem
843 1680 1132 1749 requirens
1166 1679 1501 1751 indaginem,
1533 1689 1588 1734 et
1630 1682 1686 1734 in
1744 1695 1855 1749 quo
1903 1680 2195 1736 enodando

2298 1681 2578 1753 θεώρημα,
2630 1679 2722 1734 καὶ
2768 1679 3016 1751 δριμεῖαν
3066 1678 3253 1749 ὥσπερ
3295 1676 3538 1743 ὲξαιτοῦν
3588 1678 3669 1745 ἐφ’
3705 1676 3912 1745 ἑαυτῷ

624 1787 781 1827 mens
808 1770 958 1826 haud
1011 1787 1204 1841 parum
1240 1772 1456 1826 laboret
1489 1788 1502 1824 :
1549 1770 1829 1825 Christum
1866 1778 2048 1826 tamen
2098 1787 2198 1827 nos

2297 1775 2396 1847 τὴν
2444 1773 2697 1843 βάσανον,
2727 1772 2882 1825 ὄκνον
2936 1787 2997 1822 τε
3042 1770 3294 1841 τῷλόγῳ
3323 1767 3638 1839 περιποιοῦν
3689 1768 3913 1822 ἱκανώ-

624 1877 822 1919 rursus
858 1862 925 1916 ad
952 1861 1234 1917 veritatem
1274 1861 1612 1917 directurum
1638 1861 1934 1916 credimus.
1962 1860 2194 1927 Quidam
2229 1925 2241 1935 Ι

2298 1882 2456 1918 τατον
2485 1882 2498 1895 ·
2536 1863 2844 1935 κατευθύνῃ
2896 1879 2958 1931 γε
2995 1862 3102 1932 μὴν
3140 1860 3222 1914 ὅτι
3257 1860 3419 1915 πάλιν
3469 1861 3615 1930 ἡμᾶς
3644 1861 3719 1923 εἰς
3758 1861 3915 1928 ἀλή-

622 1970 777 2024 ergo,
809 1953 1024 2009 tametsi
1059 1953 1266 2024 primas
1297 1955 1425 2008 olim
1461 1954 1610 2009 inter
1660 1954 1859 2025 impios
1908 1925 2196 2011 haereticos
2227 1925 2239 1978 Ῑ

2302 1957 2450 2011 θειαν
2482 1958 2510 2010 6
2539 1957 2791 2029 Χριστὸς,
2814 1925 3194 2023 Ππίστέύόμεν.
3230 1950 3388 2014 Τινὲς
3592 1946 3681 2004 οὖν
3701 1992 3714 2016 ,
3775 1925 3913 2003 καί-

625 2053 893 2108 tenentes,
919 2060 986 2100 ex
1016 2044 1329 2101 substantia
1363 2044 1459 2100 Dei
1492 2060 1556 2099 ac
1600 2044 1781 2101 Patris
1827 2045 2021 2100 Filium
2051 2063 2196 2113 esse,

2300 2067 2383 2103 τοι
2430 2049 2537 2103 τῶν
2598 2047 2854 2119 προύχειν
2905 2043 3329 2115 ὑποληφθέντων
3381 2043 3513 2096 ποτὲ
3568 2044 3717 2113 παρὰ
3786 2044 3914 2105 τοῖς

624 2143 791 2206 atque
819 2134 1027 2190 idcirco
1057 2136 1113 2190 in
1147 2149 1214 2191 eo
1242 2135 1512 2191 exsistere
1542 2137 1790 2192 nolentes
1817 2138 2088 2201 conﬁteri,
2116 2153 2201 2193 re-

2303 2139 2535 2203 ἀνοσίοις
2555 2141 2871 2212 αἱρετικοῖς,
2893 2136 3159 2209 παραιτοῦ
3169 2153 3319 2207 μενοι
3339 2134 3569 2205 πονηρὸς
3588 2133 3702 2205 [γρ.
3722 2150 3914 2203 πονη-

625 2224 847 2280 lativam
877 2225 1171 2296 quamdam
1206 2233 1262 2281 et
1300 2242 1409 2280 non
1454 2228 1765 2281 naturalem
1813 2228 2072 2284 unionem
2105 2244 2200 2283 ex-

2306 2232 2440 2304 ρῶς]
2467 2233 2528 2285 τὸ
2557 2234 2621 2284 ὲκ
2649 2231 2749 2301 τῆς
2775 2230 2961 2296 οὐσίας
3013 2227 3107 2283 τοῦ
3141 2227 3275 2281 Θεοῦ
3312 2225 3407 2280 καὶ
3449 2225 3660 2296 Πατρὸς
3700 2224 3916 2294 ὁμολο-

625 2317 893 2387 cogitant.
948 2314 1015 2370 Et
1058 2316 1285 2387 quidem
1317 2318 1686 2387 scripserunt,
1721 2325 2041 2374 eructantes
2079 2334 2203 2389 quae

2303 2327 2420 2391 γείν
2440 2323 2531 2376 τὸν
2561 2322 2707 2386 Υἱὸν,
2740 2322 2830 2375 διά
2857 2338 2916 2374 τε
2938 2321 3094 2373 τοῦτο
3122 2318 3389 2389 ὑπάρχειν
3419 2318 3476 2369 ἐν
3510 2314 3681 2386 αὐτῷ,
3712 2331 3913 2385 σχετιο

628 2423 743 2464 sua:
795 2407 1073 2478 opinionis
1132 2415 1316 2471 erant,
1376 2424 1484 2463 non
1533 2424 1656 2479 qua:
1705 2411 1884 2466 sancti
1941 2411 2201 2481 Spiritus,

2304 2414 2407 2484 κήν
2450 2430 2570 2465 τινα
2597 2412 2690 2466 καὶ
2720 2413 2780 2465 οὐ
2814 2410 3049 2480 φυσικὴν
3083 2406 3369 2461 ὑπονοοῦσι
3409 2406 3510 2477 τὴν
3538 2405 3751 2457 ἕνωσιν.
3797 2403 3920 2455 Καὶ

629 2499 759 2568 quia
794 2496 967 2554 Filius
1005 2514 1040 2553 a
1070 2498 1233 2555 Patre
1259 2498 1528 2571 diligitur,
1563 2502 1681 2569 ipse
1715 2516 1842 2555 vero
1878 2517 2071 2557 rursus
2104 2501 2207 2557 Pa-

2306 2500 2369 2572 δὴ
2413 2500 2507 2554 καὶ
2543 2500 2948 2570 γεγραφήκασι,
2981 2497 3051 2550 τὰ
3082 2498 3147 2551 ὲκ
3170 2497 3271 2566 τῆς
3298 2495 3505 2558 οίκείας
3546 2491 3917 2564 ἐρευγόμενοι

632 2599 771 2645 trem
802 2589 1004 2661 diligit,
1053 2589 1163 2645 hoc
1222 2590 1430 2645 idcirco
1482 2591 1645 2645 modo
1691 2591 1743 2645 in
1798 2607 1865 2647 eo
1913 2607 2057 2648 esse.
2123 2593 2205 2648 Ad

2307 2594 2553 2665 γνώμης,
2583 2596 2643 2647 οὐ
2673 2594 2740 2646 τὰ
2768 2594 2827 2657 ἐξ
2850 2591 3006 2661 ἁγίου
3037 2589 3374 2659 Πνεῦματος,
3402 2588 3478 2651 ὡς
3506 2586 3735 2655 ἐπείπερ
3758 2586 3920 2652 ἁγα-

628 2685 774 2754 quod
821 2682 1325 2739 demonstrandum
1378 2682 1648 2738 invictum
1699 2685 1868 2740 veluti
1928 2686 2207 2756 quoddam

2309 2688 2475 2740 πᾶται
2504 2686 2602 2755 μὲν
2651 2688 2679 2738 6
2709 2684 2836 2748 Υἱὸς
2884 2683 3035 2756 παρά
3081 2683 3177 2736 τοῦ
3228 2682 3461 2753 Πατρὸς,
3510 2682 3699 2750 ἀγαπᾷ
3722 2680 3787 2732 δὲ
3847 2674 3917 2731 αὖ

630 2783 1013 2847 argumentum
1045 2775 1203 2832 stulti
1246 2784 1567 2847 proponunt
1607 2777 1660 2832 id
1694 2777 1840 2848 quod
1887 2776 2015 2831 huic
2061 2777 2209 2832 dicto

2310 2777 2473 2831 πάλιν
2499 2777 2661 2839 αὐτὸς
2697 2775 2787 2829 τὸν
2819 2776 3056 2844 Πατέρα,
3091 2772 3235 2827 κατά
3278 2772 3465 2826 τοῦτόν
3509 2774 3624 2825 ἐστι
3651 2771 3744 2823 τὸν
3773 2771 3921 2840 τρόο

630 2870 699 2925 de
732 2870 892 2925 nobis
924 2876 979 2924 et
1010 2868 1131 2939 ipso
1165 2869 1540 2940 subiungitur,
1565 2869 1775 2939 virgam
1808 2870 1973 2926 veluti
2015 2886 2210 2942 quam-

2311 2884 2412 2920 πον
2429 2868 2485 2919 ὲν
2506 2865 2670 2937 αὐτῷ.
2692 2867 2803 2920 Καὶ
2825 2865 3098 2932 ἀπόδειξιν
3110 2864 3301 2935 ὥσπερ
3319 2862 3441 2916 τινὰ
3465 2861 3922 2931 δυσανάτρεπτον

631 2960 759 3015 dam
817 2959 1183 3015 arundineam
1238 2960 1357 3015 suis
1405 2959 1765 3030 blasphemiis
1791 2971 2207 3033 supponentes,

2311 2958 2713 3028 εἰσκομίςουσιν
2758 2960 2807 3011 οἱ
2859 2957 3208 3030 παράφρονες
3253 2954 3315 3007 τό
3344 2972 3404 3008 τε
3436 2953 3515 3024 τῷ
3556 2952 3920 3023 προκειμένῳ

635 3065 835 3121 nempe
868 3052 1014 3120 quod
1047 3049 1208 3109 sicuti
1242 3063 1344 3105 nos
1375 3050 1431 3104 in
1478 3065 1545 3106 eo
1567 3065 1693 3106 esse
1722 3051 1983 3120 dicimur,
2008 3055 2211 3124 ipsum-

2313 3049 2756 3122 παρεζευγμένον
2814 3048 2962 3119 ρητῷ
3009 3046 3135 3118 περί
3167 3062 3225 3098 τε
3268 3044 3425 3115 ἡμῶν
3471 3044 3565 3096 καὶ
3594 3041 3782 3096 αὐτοῦ·
3819 3043 3922 3094 καὶ

636 3156 744 3210 que
792 3139 848 3195 in
883 3140 1045 3205 nobis
1104 3139 1373 3195 habemus
1396 3180 1411 3205 ,
1446 3155 1623 3210 neque
1655 3148 1838 3198 tamen
1889 3145 2212 3201 substantias

2311 3143 2373 3212 δή
2417 3159 2571 3211 φασι,
2602 3139 2906 3210 καλαμίνην
2939 3138 3127 3210 ὥσπερ
3157 3136 3280 3190 τινὰ
3315 3135 3506 3207 ρἀδον
3543 3136 3663 3197 ταῖς
3691 3132 3923 3185 ἑαυτῶν

637 3231 853 3299 ratione
883 3230 1127 3294 unimur,
1158 3230 1258 3285 sed
1290 3230 1512 3286 unionis
1542 3230 1739 3288 modus
1769 3233 1825 3287 in
1860 3248 1927 3289 eo
1959 3237 2214 3291 consistit
2240 3268 2254 3319 ε

2315 3232 2717 3301 ὑποστήσαντες
2749 3229 3103 3299 δυσφημίαις,
3132 3229 3214 3281 ὅτι
3242 3224 3429 3295 ὥσπερ
3462 3225 3623 3294 ἡμεῖς
3666 3226 3725 3278 ὲν
3757 3220 3923 3292 αὐτῷ

640 3330 700 3378 ιιι
730 3322 1027 3392 diligamus
1053 3336 1120 3377 ac
1147 3321 1395 3378 vicissim
1429 3322 1730 3393 diligamur
1764 3343 1777 3379 :
1810 3326 1906 3392 ita,
1936 3328 2213 3398 inquiunt,
2248 3313 2257 3320 ’

2322 3319 2459 3376 εἶναι
2496 3320 2784 3391 λεγόμεθα,
2819 3318 3014 3389 ἔχομέν
3049 3335 3107 3371 τε
3156 3316 3318 3370 αὑτὸν
3350 3317 3407 3368 ἐν
3433 3315 3668 3379 ἑαυτοῖς,
3718 3314 3822 3365 καὶ
3859 3313 3921 3365 οὐ

639 3422 695 3469 et
729 3412 900 3470 Filius
938 3429 1053 3468 non
1096 3412 1153 3467 in
1182 3413 1493 3469 substantia
1522 3416 1713 3485 utique
1763 3424 1849 3472 est
1880 3417 1974 3473 Dei
2018 3433 2083 3474 ac
2110 3420 2217 3474 Pa-

2323 3415 2464 3469 κατά
2480 3414 2570 3467 τὸν
2603 3415 2701 3483 τῆς
2738 3412 2924 3474 οὐσίας
2951 3409 3107 3478 λόγον
3157 3406 3445 3477 ἑνούμεθα,
3472 3405 3671 3476 τρόπος
3716 3403 3772 3456 δὲ
3818 3403 3923 3471 τῆς

642 3504 762 3569 tris,
796 3504 890 3559 sed
914 3503 1209 3560 distinctus
1231 3505 1455 3559 omnino
1487 3505 1699 3562 ratione
1722 3515 1951 3573 naturae,
1982 3522 2221 3581 cumque

2324 3506 2567 3568 ὲνὼσεως
2598 3502 2738 3558 καθὰ
2774 3501 3092 3571 πεφύκαμεν
3128 3499 3347 3569 ἀγαπᾷν
3378 3514 3437 3549 τε
3472 3496 3565 3549 καὶ
3594 3494 3924 3561 ἀνταγαπᾶ-

641 3596 864 3650 diverso
893 3594 1055 3666 plane
1080 3594 1243 3650 modo
1270 3609 1330 3651 se
1358 3596 1578 3659 habeat,
1609 3597 1727 3652 sola
1747 3597 2059 3655 dilectionis
2078 3599 2219 3670 lege,

2326 3597 2469 3650 σθαι·
2502 3595 2666 3660 οὑτω,
2700 3593 2853 3664 φησι,
2897 3592 2989 3645 καὶ
3020 3594 3049 3644 6
3073 3591 3218 3653 Υἱὸς,
3254 3590 3354 3641 οὐκ
3385 3589 3443 3640 ὲν
3463 3589 3530 3657 τῇ
3579 3584 3739 3656 οὐσίᾳ
3782 3583 3908 3637 πάν

645 3685 923 3757 inquiunt,
970 3685 1028 3740 in
1076 3684 1240 3742 Patre
1286 3702 1412 3743 esse
1467 3688 1803 3759 concipitur.
1868 3688 2224 3760 Propositum

2324 3706 2431 3751 τως
2476 3688 2594 3739 ἐστὶ
2643 3685 2735 3739 τοῦ
2780 3683 2915 3738 Θεοῦ
2961 3684 3054 3737 καὶ
3096 3680 3330 3753 Πατρὺς,
3389 3675 3802 3747 διακεκριμένος
3869 3674 3922 3726 δὲ

641 3776 790 3830 enim
834 3775 917 3831 eis
961 3784 1067 3839 est,
1114 3783 1175 3828 ut
1212 3776 1375 3831 modo
1416 3777 1678 3840 diximus,
1715 3776 1897 3831 facere
1931 3788 1990 3831 ut
2026 3776 2226 3848 Unigc-

2328 3779 2605 3842 παντελῶς
2654 3778 2796 3832 κατά
2827 3794 2889 3845 γε
2917 3778 3007 3830 τὸν
3036 3776 3135 3845 τῆς
3162 3774 3375 3845 φύσεως
3426 3772 3605 3839 λόγον,
3652 3769 3748 3822 καὶ
3796 3769 3914 3820 ἑτε·

644 3869 799 3924 nitus
834 3866 1048 3923 factura
1077 3877 1134 3922 et
1170 3875 1428 3922 creatura
1453 3883 1578 3923 esse
1610 3869 1891 3933 credatur,
1917 3881 1974 3926 et
2006 3880 2228 3926 creatu-

2330 3872 2489 3943 ροίως
2540 3871 2678 3940 ἔχων
2740 3867 2956 3938 κομιδῇ,
3000 3867 3144 3919 κατά
3196 3866 3353 3937 μόνον
3418 3862 3509 3914 τὸν
3553 3859 3656 3929 τῆς
3694 3857 3923 3926 ἀγάπης

645 3960 725 4015 ris
757 3958 981 4029 quidem
1014 3959 1234 4013 caeteris
1265 3958 1564 4013 eminentia
1599 3959 1893 4030 dignitatis
1925 3960 2223 4025 excellere,

2330 3964 2530 4033 θεσμὸν
2560 3964 2781 4022 νοεῖται,
2805 3959 2992 4030 φησιν,
3018 3960 3076 4012 ὲν
3102 3958 3180 4029 τῷ
3227 3954 3418 4027 Πατρί.
3452 3951 3661 4014 Σκοπὸς
3689 3950 3799 4020 γάρ
3822 3949 3926 4001 αὐ-

646 4049 743 4105 sed
775 4057 932 4119 extra
961 4047 1057 4103 Dei
1083 4062 1149 4103 ac
1178 4047 1361 4103 Patris
1394 4049 1766 4106 substantiam
1796 4061 1939 4109 esse.
1974 4050 2111 4107 Cum
2135 4067 2228 4107 au-

2327 4059 2460 4121 τοῖς,
2502 4052 2751 4123 καθάπερ
2782 4051 2991 4121 ἔφαμεν
3022 4048 3242 4120 ἀρτίως,
3278 4048 3506 4116 ποίημα,
3540 4044 3637 4097 καὶ
3688 4041 3924 4110 κτίσμα,

648 4151 757 4196 tem
787 4140 997 4211 prolixe
1019 4138 1087 4195 de
1112 4140 1217 4194 hoc
1246 4147 1406 4195 antea
1440 4139 1933 4210 disputaverimus,
1969 4150 2024 4197 et
2042 4159 2223 4212 quau-

2331 4148 2426 4201 καὶ
2452 4143 2699 4216 γενητὸν,
2727 4143 2822 4197 καὶ
2872 4142 3061 4213 μόναις
3097 4140 3194 4210 μὲν
3241 4141 3362 4201 ταῖς
3404 4135 3547 4190 κατά
3590 4133 3702 4187 τῶν
3742 4130 3927 4186 ἄλλων

651 4244 768 4287 tum
792 4232 845 4313 in
880 4231 1037 4286 nobis
1059 4241 1180 4286 erat
1207 4231 1616 4288 ostenderimus
1638 4232 1943 4287 secundum
1974 4241 2225 4288 naturam

2332 4237 2647 4306 κτισμάτων
2672 4220 2972 4305 ὑπεροχαῖς
2992 4231 3317 4301 τιμώμενονο
3350 4226 3455 4293 ἔξω
3478 4243 3541 4295 γε
3573 4224 3679 4296 μὴν
3698 4223 3801 4293 τῆς
3834 4221 3925 4313 οὑ-

650 4337 774 4377 esse
801 4310 997 4374 Filium
1027 4320 1081 4374 in
1117 4320 1303 4386 Patre,
1328 4328 1383 4375 et
1407 4321 1831 4376 substantialem
1871 4322 2073 4377 habere
2099 4338 2225 4377 cum

2336 4328 2455 4391 σίας
2488 4327 2800 4399 ὑπάρχοντα
2831 4324 2924 4378 τοῦ
2950 4322 3085 4375 Θεοῦ
3120 4322 3214 4375 καὶ
3265 4319 3498 4388 Πατρός,
3531 4316 3808 4383 ἀποφῆναι
3830 4310 3926 4364 τὸν

651 4431 718 4471 eo
753 4414 1032 4477 unionem,
1062 4412 1129 4468 de
1167 4412 1272 4467 hoc
1307 4412 1361 4467 in
1405 4428 1651 4483 praesens
1690 4414 2027 4470 contendere
2065 4415 2231 4469 omit-

2336 4418 2632 4488 Μονογενῆ.
2652 4415 2876 4487 Μακροῦ
2907 4414 3122 4485 δὲ’ήμῖν
3142 4412 3243 4483 ήδη
3270 4410 3398 4480 περὶ
3425 4407 3613 4462 τούτου
3639 4403 3926 4472 γεγονότος

652 4514 852 4560 temus.
886 4501 1276 4557 Verumtamen
1309 4503 1651 4558 adversarios
1685 4518 1794 4558 non
1827 4505 2051 4559 omnino
2080 4506 2227 4560 sine-

2335 4510 2516 4578 λόγου,
2548 4510 2613 4562 δι’
2645 4503 2705 4563 οὐ
2763 4508 2902 4561 κατά
2942 4522 3006 4574 γε
3036 4504 3132 4574 τὴν
3158 4501 3380 4556 ἐνοῦσαν
3412 4501 3544 4570 ἡμῖν
3577 4492 3925 4562 ὲὸεικνύομεν

654 4610 778 4649 mus
810 4594 881 4661 in
914 4609 1017 4649 nos
1051 4592 1209 4663 quasi
1258 4592 1481 4648 deserto
1515 4596 1831 4648 vadimonio
1880 4596 2082 4660 invehi,
2134 4597 2227 4652 sed
2264 4610 2271 4663 ι

2333 4603 2663 4673 δύναμιν,ὃτι
2689 4601 2831 4655 κατὰ
2856 4599 3016 4668 φύσιν
3042 4596 3191 4651 ἐστὶν
3216 4597 3244 4649 6
3267 4593 3389 4656 Υίδς
3411 4594 3467 4645 ὲν
3490 4588 3569 4660 τῷ
3599 4587 3797 4655 Πατρὶ,
3829 4585 3926 4636 καὶ

655 4686 923 4757 prodituri
954 4700 1147 4742 sumus
1177 4685 1231 4739 in
1265 4685 1463 4749 aciem,
1503 4686 1711 4754 paucis,
1741 4695 2006 4755 quantum
2043 4687 2095 4741 in
2125 4703 2229 4741 no-

2335 4693 2568 4763 οὐσιώδη
2601 4692 2737 4763 πρὸς
2764 4691 2925 4745 αὐτὸν
2964 4689 3076 4760 ἔχει
3108 4687 3205 4758 τὴν
3232 4685 3447 4746 ἕνωσιν,
3474 4680 3795 4752 παρήσομεν
3842 4675 3923 4726 ἔτι

655 4781 739 4834 bis
766 4786 872 4843 est,
906 4776 1277 4847 improbitatis
1323 4789 1517 4830 eorum
1566 4776 1886 4834 detestabile
1933 4779 2227 4833 artiﬁcium

2334 4785 2398 4838 τὸ
2429 4785 2557 4856 περὶ
2582 4783 2771 4837 τούτου
2799 4782 2939 4845 τέως
2974 4784 3055 4844 εἰς
3078 4780 3140 4833 τὸ
3167 4777 3340 4849 παρὸν
3365 4771 3748 4828 διατείνεσθαι.
3781 4766 3923 4837 Πλὴν

657 4868 1013 4940 malignitatis
1032 4878 1087 4923 et
1115 4867 1404 4938 imperitiae
1427 4865 1646 4938 plenum
1673 4870 2051 4927 ostendentes.
2071 4870 2229 4937 Quod

2338 4878 2436 4948 οὐχ
2473 4877 2778 4947 ὁλοκλήρως
2809 4872 3178 4945 ἐπιτρέψομεν
3207 4869 3419 4939 ἐρήμην
3440 4865 3629 4934 ὥσπερ
3655 4859 3924 4928 καταδρα-

657 4963 715 5013 in
750 4960 896 5016 hunc
921 4962 1144 5017 modum
1177 4961 1443 5017 faciemus
1477 4979 1491 5017 :

2346 4947 2464 5040 μεῖν
2500 4969 2591 5021 τοῦ
2619 4968 2776 5036 λόγου
2809 4967 2935 5029 τοὺς
2976 4964 3042 5018 δι’
3074 4962 3341 5023 ἐναντίας,
3379 4947 3924 5026 ἀπιπαραταξόμεθα

653 5051 730 5112 δὲ,
760 5049 826 5103 δι’
860 5050 1077 5120 ὀλίγων,
1102 5054 1177 5115 ὡς
1205 5048 1315 5106 οἶόν
1352 5070 1411 5108 τε
1451 5053 1965 5125 κεκακουργημένον
1998 5055 2114 5126 ἅμα
2143 5057 2237 5111 καὶ
2274 5058 2482 5127 ἀμαθὲς
2504 5058 2892 5127 ἀποφαίνοντες
2916 5055 3015 5127 τῆς
3041 5055 3305 5125 πονῇρίας
3331 5049 3510 5107 αὐτῶν
3560 5046 3624 5100 τὸ
3686 5041 3923 5115 μυσαρὸν

656 5142 1047 5214 φιλοτέχνημα.
1073 5144 1183 5198 Καὶ
1205 5144 1269 5215 δὴ
1309 5149 1401 5199 καὶ
1429 5146 1681 5217 ἐροῦμεν·
2206 5180 2207 5183 η
2962 5178 2966 5181 Α

730 5231 790 5287 Si
850 5235 1232 5289 tantummodo
1276 5250 1344 5290 ex
1378 5251 1444 5290 eo
1491 5236 1637 5305 quod
1687 5237 1937 5307 diligitur
1966 5240 2029 5293 ac
2062 5239 2239 5310 diligit

2408 5237 2468 5288 Εἰ
2498 5234 2585 5289 διὰ
2619 5235 2778 5303 μόνον
2830 5235 2893 5287 τὸ
2946 5233 3265 5304 ἀγαπᾶσθαι
3325 5232 3422 5284 καὶ
3471 5228 3696 5298 ἀγαπᾷν
3729 5228 3758 5280 6
3803 5228 3923 5291 Υἱὸς

659 5324 829 5380 Filius
861 5325 1008 5380 inest
1040 5325 1213 5395 Patri,
1275 5329 1471 5385 eadem
1514 5330 1731 5385 ratione
1781 5341 1838 5386 et
1884 5345 1984 5386 nos
2020 5333 2073 5386 in
2114 5331 2237 5401 ipso

2334 5327 2508 5379 ἔνεστι
2541 5325 2620 5397 τῷ
2647 5326 2841 5397 Πατρὶ,
2877 5324 3017 5378 κατά
3044 5325 3134 5378 τὸν
3155 5322 3314 5377 αὐτὸν
3344 5321 3533 5374 τοῦτον
3558 5319 3740 5388 λόγον,
3772 5320 3925 5389 ἡμεῖς

656 5426 711 5471 et
743 5417 856 5487 ipse
884 5417 940 5472 in
972 5418 1156 5483 nobis,
1202 5435 1306 5473 nec
1343 5420 1491 5475 aliud
1521 5420 1689 5476 ullum
1717 5421 2000 5477 vinculum
2034 5422 2237 5489 reperi.

2332 5433 2389 5469 τε
2419 5417 2477 5468 ὲν
2502 5415 2650 5485 αὐτῴ
2682 5415 2775 5469 καὶ
2808 5416 2971 5478 αὐτὸς
2999 5416 3056 5467 ὲν
3082 5416 3234 5484 ἡμῖν,
3267 5412 3363 5467 καὶ
3386 5409 3597 5480 ’δεσμὸς
3626 5408 3729 5479 μὲν
3756 5407 3922 5469 οὐδεὶς

659 5518 749 5564 tur
778 5509 925 5579 quod
951 5511 1255 5582 conjungat
1288 5512 1373 5568 vel
1418 5510 1566 5567 Patri
1600 5511 1825 5578 Filium,
1854 5513 1940 5567 vel
1974 5527 2078 5568 nos
2108 5512 2233 5582 ipsi,

2334 5511 2619 5564 συνάπτων
2649 5510 2841 5581 ὁρᾶται
2880 5509 3085 5579 ἕτερος,
3109 5507 3143 5577 ἢ
3170 5506 3249 5577 τῷ
3272 5503 3446 5575 Πατρὶ
3463 5502 3553 5555 τὸν
3570 5500 3721 5565 Υῑὸν,
3763 5500 3922 5570 ἤγουν

657 5610 712 5656 et
748 5601 927 5672 ipsum
956 5602 1115 5659 nobis
1149 5621 1163 5657 :
1198 5604 1496 5674 quomodo,
1526 5620 1735 5674 quaeso,
1769 5614 1993 5676 autqua
2022 5605 2235 5659 ratione

2333 5606 2481 5675 ἡμᾶς
2523 5604 2693 5675 αὐτῷ,
2735 5603 2829 5657 καὶ
2856 5601 3017 5656 αὐτὸν
3057 5602 3207 5672 ήμῖν·
3238 5598 3353 5661 πῶς
3385 5597 3419 5667 ἢ
3448 5595 3535 5650 διὰ
3554 5592 3676 5647 τίνα
3706 5591 3946 5662 τρόπον,’

733 5780 786 5811 ’⁷⁵
810 5777 958 5833 Psal.
984 5793 1208 5839 Luxu,
1240 5778 1294 5834 ό.
