4096 6474
173 412 297 469 269

1194 411 1263 467 IN
1300 409 1585 469 JOANNIS
1618 406 2063 467 EVANGELIUM
2101 407 2230 467 LIB.
2270 406 2361 466 IX.

3378 413 3483 476 270

176 532 311 587 είπέ
366 548 480 605 μοι,
512 534 696 605 φησιν,
744 532 822 596 ὡς
850 532 907 586 ὲν
944 528 1128 602 ἐκείνῃ
1165 531 1231 601 τῇ
1260 530 1446 601 ἡμέρᾳ
1467 526 1776 599 γνωσόμεθα

1893 525 1949 580 in
1996 526 2091 580 illo
2136 528 2225 583 die
2268 538 2671 599 cognoscemus
2708 526 2872 600 hujus
2912 527 3279 603 mysterium?
3314 529 3472 591 Non-

172 624 245 678 τὸ
278 625 412 696 περὶ
438 624 628 678 τούτου
652 625 950 695 μυστήριον
973 639 988 687 ;
1019 620 1172 676 οῦπω
1201 622 1329 692 γάρ,
1360 622 1501 674 κατά
1529 618 1590 673 τὸ
1615 619 1783 683 είκδς,

173 716 512 784 ἐγνώκαμεν
548 718 630 769 ὅτι
655 717 683 769 6
710 715 900 787 Πατὴρ
937 714 1035 785 μὲν
1058 713 1149 766 τὸν
1171 712 1299 765 Υίδν
1347 713 1560 783 ἀγαπᾷ,
1596 712 1785 782 ἀγαπᾷ

174 804 237 859 δὲ
262 806 359 859 καὶ
382 805 543 869 αὐτὸς
586 806 677 859 τὸν
698 806 939 876 Πατέρω
976 803 1092 857 ἀλλ’
1123 804 1233 857 οὐδ’
1257 802 1415 872 ἴσμεν
1440 820 1525 857 πω
1549 802 1692 871 τάχα
1718 801 1787 855 τὰ

177 895 310 949 καθ’
336 897 585 960 ἑαυτοὺς,
614 896 870 967 λογισμὸς
900 896 956 949 δὲ
971 897 1119 966 ἡμᾶς
1134 893 1407 959 διαπαίζει
1430 892 1584 957 κενὸς
1603 887 1786 963 οίομέ-

177 1003 312 1050 νους
343 988 428 1041 ὃτι
463 987 711 1058 ἡγάπησε
742 986 840 1058 μὲν
872 986 1021 1057 ἡμᾶς
1049 984 1078 1038 6
1101 983 1249 1049 Υἱὸς,
1277 984 1372 1038 καὶ
1406 984 1493 1037 διά
1522 982 1682 1037 τοῦτο
1709 982 1787 1052 τῷ

179 1079 367 1152 Πατρὶ
394 1082 787 1150 κατεκτήσατο,
812 1080 1199 1151 ἡγαπὴσαμεν.
1224 1078 1281 1133 δὲ
1304 1079 1395 1131 καὶ
1417 1075 1576 1149 ἡμεῖς
1599 1074 1783 1129 αὐτόν.

177 1170 376 1239 Λόγων
408 1171 516 1243 γὰρ
548 1171 627 1236 τὸ,
664 1189 682 1223 ι
724 1169 814 1223 Ἐν
842 1170 1024 1241 ἐκείνῃ
1068 1171 1134 1240 τῇ
1202 1169 1387 1239 ἡμέρα
1428 1166 1723 1236 γνώσεσθε,
1763 1185 1781 1218 ι

178 1260 338 1316 οὔπω
394 1262 640 1335 παρόντα
685 1261 919 1316 δεικνύει
976 1259 1068 1314 τὸν
1108 1260 1208 1330 τῆς
1258 1258 1520 1329 είδὴσεως
1572 1252 1784 1328 χρόνον.

179 1351 316 1407 Εἶτα
343 1352 397 1406 τί
431 1354 607 1425 μάτην
627 1352 772 1424 ἡμᾶς
802 1347 1132 1405 κατεκτύπει
1153 1350 1331 1418 λέγων
1350 1352 1379 1403 6
1402 1348 1624 1420 Κύριοςο
1662 1366 1681 1399 ι
1728 1344 1788 1401 Ὁ

180 1444 378 1515 Πατὴρ
406 1444 593 1515 ἀγαπᾷ
623 1444 712 1497 τὸν
751 1442 946 1506 mw
989 1442 1121 1495 Ὂττ
1147 1446 1256 1512 γὰρ
1285 1440 1379 1494 καὶ
1412 1435 1573 1503 αὐτὸς
1600 1440 1788 1509 ἀγαπᾷ

181 1538 275 1590 τὸν
307 1537 550 1607 Πατέρα,
580 1533 662 1598 τίς
691 1533 790 1587 οὐκ
825 1533 977 1605 ὲρεί;
1014 1533 1137 1597 Πῶς
1161 1534 1238 1596 δὲ,
1270 1533 1391 1585 εἰπέ
1430 1548 1540 1601 μοι,
1572 1526 1788 1600 καὶτῆς

182 1628 264 1692 εἰς
286 1628 438 1699 ἡμᾶς
474 1626 746 1691 ἀπόδειξιν
775 1628 1013 1679 ἐποιεῖτο
1058 1625 1204 1696 σαφῆ
1246 1625 1308 1678 τὸ
1349 1623 1564 1678 ἑλέσθαι
1596 1621 1788 1675 παθεῖν

183 1721 326 1791 ὑπὲρ
359 1720 547 1790 ἡμῶν;
588 1738 607 1770 α
644 1718 830 1783 Μείξω
860 1718 990 1790 γὰρ,
1020 1714 1175 1787 φησὶ,
1202 1712 1406 1785 ταύτης
1438 1712 1536 1785 τῆς
1568 1712 1790 1783 ἀγάπης

181 1810 360 1874 οὐδεὶς
395 1810 535 1881 ἔχει,
589 1811 675 1864 ἵνα
724 1824 811 1872 τις
855 1808 956 1878 τὴν
985 1806 1161 1879 ψυχὴν
1197 1806 1362 1860 αὐτοῦ
1398 1805 1463 1876 θῇ
1505 1804 1644 1875 ὑπὲρ
1682 1804 1790 1857 τῶν

1888 616 2019 690 dum
2054 619 2223 683 enim,
2255 628 2314 673 ut
2350 621 2585 690 videtur,
2627 622 3013 694 cognoscimus
3046 625 3263 682 Patrem
3303 629 3470 699 817

1888 709 2108 778 quidem
2143 708 2374 781 diligere
2411 711 2634 778 Filium,
2665 721 2720 767 et
2749 714 2896 769 hunc
2952 715 3184 787 diligere
3214 715 3433 773 Patrem
3462 737 3477 785 ;

1888 800 1983 853 sed
2030 814 2099 854 ne
2135 813 2233 856 nos
2277 801 2498 871 quidem
2539 806 2914 874 agnoscimus,
2948 822 3141 862 verum
3190 811 3336 864 ratio
3374 826 3477 865 nos

1886 902 2028 944 vana
2064 890 2296 953 deludit,
2330 893 2421 962 qui
2454 903 2711 963 putamus
2739 892 2936 953 Filium
2986 915 3089 955 nos
3121 898 3385 956 dilexisse
3416 917 3480 957 ac

1887 981 2118 1050 proinde
2152 980 2302 1037 Patri
2345 986 2731 1055 acquisivisse,
2780 1004 2992 1060 nosque
3034 1006 3159 1045 eum
3196 992 3477 1049 dilexisse.

1888 1070 2088 1129 Dicens
2132 1075 2282 1130 enim
2321 1094 2334 1130 :
2374 1090 2393 1127 ι
2432 1075 2491 1130 ln
2540 1077 2635 1133 illo
2681 1079 2770 1133 die
2816 1084 3185 1151 cognoscetis,
3233 1102 3253 1137 ι
3288 1088 3477 1155 εοειιίο
3512 1104 3520 1122 κ

1888 1163 2059 1221 tionis
2091 1174 2307 1236 tempus
2351 1169 2596 1223 nondum
2623 1170 2817 1225 adesse
2859 1173 3127 1229 ostendit.
3173 1173 3315 1239 Quid
3345 1190 3478 1247 ergo

1890 1253 2097 1309 frustra
2149 1257 2313 1312 nobis
2370 1258 2592 1313 insonat
2626 1258 2915 1328 Dominus,
2952 1264 3185 1319 dicens:
3238 1284 3257 1316 ι
3314 1261 3477 1320 Pater

1889 1344 2066 1417 diligit
2096 1345 2299 1402 Filium
2347 1344 2413 1404 ⁷⁸.
2452 1368 2471 1401 ι
2506 1342 2643 1405 Nam
2673 1360 2729 1407 et
2762 1352 2941 1421 ipsum
2981 1355 3210 1427 diligere
3255 1355 3475 1412 Patrem

1888 1438 2015 1507 quis
2050 1455 2159 1493 non
2183 1440 2364 1495 dicet?
2390 1439 2679 1507 Quomodo
2706 1452 2912 1507 autem,
2939 1461 3147 1515 quaeso,
3171 1449 3335 1503 etiam
3362 1465 3476 1504 suae

1891 1526 1948 1581 in
1984 1544 2084 1583 nos
2132 1528 2452 1586 dilectionis
2506 1531 2859 1587 manifestum
2908 1534 3175 1589 indicium
3213 1536 3475 1593 afferebat

1890 1617 2035 1687 quod
2074 1634 2171 1688 pro
2219 1620 2381 1675 nobis
2416 1623 2526 1690 pati
2583 1623 2892 1678 voluisset?
2927 1643 2945 1677 ι
2998 1624 3259 1695 Majorem
3290 1630 3473 1694 enim,

1892 1713 2091 1780 inquit,
2142 1713 2244 1767 hac
2289 1714 2641 1770 dilectionem
2684 1733 2842 1771 nemo
2888 1718 3086 1783 habet,
3128 1731 3185 1774 ut
3234 1723 3471 1776 animam

1892 1815 2048 1854 suam
2090 1812 2256 1870 ponat
2284 1803 2407 1871 quis
2448 1818 2545 1872 pro
2574 1804 2867 1860 amicism.
2917 1824 2935 1855 ι
2969 1807 3075 1859 Aut
3103 1822 3203 1861 cur
3232 1808 3383 1879 diligi
3414 1824 3474 1863 se

184 1902 354 1970 φίλων
382 1898 569 1954 αὑτοῦ.
610 1920 629 1949 ι
665 1898 731 1952 Τί
763 1900 821 1954 δὲ
856 1899 984 1970 παρ’
1016 1898 1174 1969 ἡμῶν
1191 1898 1294 1969 τὴν
1319 1899 1401 1962 είς
1430 1898 1621 1951 ἑαυτὸν
1647 1897 1776 1966 ἀγά-

1890 1907 1918 1945 a
1952 1894 2111 1947 nobis
2163 1895 2456 1951 manifeste
2491 1898 2733 1965 petebat,
2785 1905 2951 1967 atque
3003 1898 3078 1951 ita
3129 1898 3465 1954 voluntatem

185 2011 292 2063 πην
326 1992 509 2064 ἐζήτει
537 1990 742 2061 σαφῶς,
794 1991 881 2045 διά
907 2007 967 2043 τε
996 1988 1154 2042 τοῦτο
1191 1988 1434 2060 πληροῦν
1469 1988 1784 2056 ἐπείγεσθαι

184 2088 248 2140 τά
294 2084 558 2139 δοκοῦντα
584 2082 767 2154 αὑτῷ;
806 2102 824 2134 ι
870 2084 929 2136 Ὀ
960 2083 1064 2152 γὰρ
1094 2081 1321 2150 ἀγαπῶν
1356 2098 1444 2152 με,
1501 2082 1655 2151 φησι,
1684 2080 1785 2143 τὰς

182 2178 401 2241 ἐντολάς
448 2194 549 2247 μου
578 2177 827 2248 τηρήσει.
866 2195 885 2226 ι
926 2175 1063 2228 Πότε
1102 2174 1210 2246 γὰρ
1236 2173 1335 2245 τὴν
1381 2173 1530 2228 θείαν
1562 2173 1781 2245 ἐντολὴν

180 2273 514 2350 τηρήσομεν,
568 2271 647 2334 είς
678 2269 739 2322 τὸ
772 2268 944 2340 παρὸν
978 2268 1383 2337 ἀλογήσαντες;
1429 2266 1556 2321 Ὅτε
1604 2266 1783 2319 τοίνυν

184 2361 477 2416 πιστεῦσαι
532 2360 632 2432 μὲν
674 2361 844 2427 ἀξιον,
878 2360 959 2413 ὅτι
998 2358 1145 2428 φιλεῖ
1171 2358 1199 2412 6
1229 2359 1356 2422 Υἱὸς
1397 2357 1488 2412 τδν
1537 2358 1780 2429 Πατέρα,

186 2454 377 2524 ἀγαπᾷ
404 2453 462 2505 δὲ
496 2453 662 2524 ἡμᾶς,
686 2453 782 2505 καὶ
823 2451 951 2521 παρ’
998 2449 1155 2522 ἡμῶν
1196 2451 1501 2518 ἀγαπᾶται,
1530 2449 1646 2513 πῶς
1678 2450 1780 2503 οὐκ

190 2543 479 2597 ἀκόλουθον
494 2542 692 2595 ἐννοεῖν
706 2541 956 2613 ἓτερόντι
989 2539 1244 2611 βεϐουλεῦ
1252 2540 1372 2593 σθαι
1391 2552 1602 2610 καταση
1612 2539 1778 2609 μῆναι

184 2633 273 2687 τὸν
290 2633 443 2697 Υἱὸν,
463 2632 661 2688 καὶτὸν
674 2634 771 2706 τῆς
788 2631 1032 2695 ἐνώσεως
1050 2631 1253 2703 τρόπον
1274 2632 1333 2684 οὐ
1359 2629 1545 2702 τῷτῆς
1560 2632 1779 2699 ἀγάπης

183 2725 465 2797 ὁρίζεσθαι
512 2726 685 2796 νόμῳ,
742 2724 944 2795 μᾶλλον
970 2723 1027 2776 δὲ
1054 2722 1178 2777 καθ’
1210 2722 1398 2795 ἕτερόν
1422 2740 1544 2775 τινα
1578 2722 1779 2792 τρόπον

183 2835 206 2868 ε
217 2815 625 2887 ξσκεκομικέναι
641 2814 977 2883 σαφῶς,ὄταν
988 2814 1123 2887 λέγῃ
1138 2814 1273 2886 πρὸς
1288 2814 1454 2884 ἡμᾶς.
1467 2834 1482 2862 ι
1495 2813 1585 2867 Ἐν
1598 2814 1781 2886 ἐκείνῃ

180 2913 248 2981 τῇ
277 2910 464 2981 ἡμέρᾳ
516 2907 789 2978 γνώσεσθε
827 2910 908 2962 ὅτι
962 2906 1074 2976 ἐγὼ
1106 2909 1162 2960 ὲν
1192 2906 1269 2978 τῷ
1316 2907 1493 2978 Πατρί
1525 2922 1649 2975 μου,
1679 2908 1776 2959 καὶ

182 3003 345 3073 ὑμεῖς
383 3004 439 3054 ὲν
468 3002 610 3072 ἐμοὶ,
642 2998 799 3068 κάγὼ
835 3000 894 3052 ὲν
921 2998 1086 3068 ὑμῖν;
1121 3017 1139 3048 ι

263 3091 407 3144 Ἀλλ’
447 3092 563 3161 ὲρεῖ
607 3089 742 3161 πρὸς
786 3086 943 3141 τοῦτο
984 3085 1145 3156 τυχὸν
1187 3085 1215 3138 6
1262 3084 1329 3139 δι’
1358 3085 1631 3149 ἐναντίας,
1688 3084 1772 3139 ὅτι

1893 1999 2051 2038 suam
2094 2001 2123 2038 a
2162 1986 2321 2039 nobis
2353 1986 2613 2057 impleri?
2659 1983 2817 2053 Nam,
2859 2007 2877 2039 ι
2906 1987 2961 2041 Si
2997 1989 3122 2059 quis
3140 1988 3314 2060 diligit
3346 2007 3469 2055 me,

1890 2076 2089 2144 inquit,
2126 2076 2384 2130 mandata
2433 2093 2551 2132 mea
2600 2079 2845 2133 servabit
2875 2080 2943 2132 ".
3000 2100 3018 2132 ι
3062 2081 3292 2147 Quando
3323 2083 3469 2137 enim

1890 2166 2139 2220 divinum
2191 2169 2512 2222 mandatum
2554 2170 2920 2235 servabimus,
2969 2171 3066 2241 qui
3124 2188 3181 2226 in
3228 2189 3471 2244 praesens

1894 2256 2030 2312 illud
2076 2259 2454 2330 negligamus?
2500 2260 2637 2314 Cum
2688 2274 2819 2331 ergo
2865 2263 3093 2319 credere
3139 2280 3366 2321 necesse
3399 2268 3471 2321 sit

1890 2346 2087 2402 Filium
2120 2350 2345 2420 diligere
2384 2346 2628 2414 Patrem,
2670 2366 2881 2422 nosque
2918 2355 2988 2408 ab
3022 2354 3162 2425 ipso,
3191 2362 3245 2411 et
3287 2357 3466 2427 ipsum

1888 2454 1919 2493 a
1953 2441 2111 2496 nobis
2141 2442 2294 2513 diligi
2317 2482 2331 2505 ,
2374 2442 2652 2513 quomodo
2687 2458 2798 2497 non
2839 2446 3190 2515 cogitandum
3221 2451 3471 2518 sequitur

1885 2533 2033 2587 aliud
2068 2533 2331 2604 quiddam
2374 2533 2684 2604 significare
2710 2535 2950 2591 voluisse
2982 2533 3202 2605 Filium,
3232 2549 3286 2594 et
3314 2542 3470 2594 unio-

1886 2621 1972 2677 nis
2013 2623 2236 2677 modum
2282 2638 2392 2677 non
2433 2624 2748 2679 dilectionis
2788 2627 2910 2698 lege
2945 2627 3197 2697 delinire,
3227 2630 3325 2685 sed
3359 2633 3468 2686 alia

1884 2712 2122 2783 quadam
2170 2713 2388 2769 ratione
2434 2715 2582 2770 clare
2630 2718 2977 2786 exposuisse,
3032 2735 3157 2776 cum
3191 2723 3316 2780 ait:
3355 2746 3373 2778 ι
3410 2726 3464 2780 In

1883 2805 1980 2859 illo
2012 2804 2100 2859 die
2130 2807 2498 2874 cegnoscetis,
2530 2808 2659 2876 quia
2696 2823 2798 2879 ego
2828 2808 2885 2863 in
2914 2808 3079 2867 Patre
3109 2828 3252 2878 meo,
3281 2824 3336 2870 et
3364 2830 3466 2872 vos

1888 2891 1941 2946 in
1974 2906 2081 2958 me,
2125 2904 2179 2947 et
2208 2907 2311 2960 ego
2342 2894 2396 2947 in
2428 2894 2625 2950 vobis?

1951 3071 2059 3128 Sed
2096 3072 2286 3129 forsan
2331 3075 2399 3128 ad
2430 3074 2535 3130 hoc
2581 3074 2731 3131 dicet
2769 3076 3151 3143 adversarius,
3179 3078 3464 3137 Christum

180 3185 294 3253 πρὸ
333 3184 434 3254 μὲν
482 3182 576 3236 τοῦ
618 3180 825 3245 πάθους
851 3179 917 3233 τά
944 3177 1164 3233 τοιαῦτα
1198 3178 1335 3249 πρὸς
1362 3180 1507 3248 ἡμᾶς
1542 3178 1759 3251 λελάλη-

1879 3173 2002 3221 ante
2048 3167 2362 3236 passionem
2401 3167 2624 3237 quidem
2658 3169 2778 3223 liaac
2801 3170 2870 3224 ad
2900 3186 3003 3225 nos
3038 3171 3283 3227 locutum
3315 3190 3465 3239 esse,

181 3290 280 3326 κεν
304 3274 333 3325 6
360 3270 616 3343 Χριστὸς,
647 3268 723 3333 ὡς
746 3270 934 3339 ἀγαπᾷ
961 3267 1062 3339 μὲν
1092 3267 1253 3331 αὐτὸς
1284 3266 1374 3320 τὸν
1402 3268 1640 3340 Πατέρα,
1678 3268 1770 3322 καὶ

179 3364 564 3431 ἀνταγαπᾶται
598 3362 748 3433 παρὰ
789 3358 882 3414 τοῦ
915 3360 1145 3430 Πατρὸς,
1176 3361 1367 3432 ἀγαπᾷ
1396 3361 1452 3414 δὲ
1483 3362 1578 3414 καὶ
1603 3362 1772 3432 ἡμᾶς,

178 3453 278 3508 καὶ
309 3455 469 3525 ἡμεῖς
497 3453 660 3507 αὐτόν
687 3469 705 3487 ο
741 3452 880 3523 μετά
908 3451 965 3504 δέ
999 3468 1062 3520 γε
1106 3451 1167 3504 τὸ
1213 3451 1384 3516 πάθος
1430 3452 1523 3507 καὶ
1564 3451 1663 3523 τὴν
1707 3452 1773 3506 ἐκ

180 3545 394 3615 νεκρῶν
429 3543 744 3608 ἀναϐίωσιν,
777 3540 1009 3614 ἐπείπερ
1038 3542 1252 3613 εἴδομεν
1291 3542 1661 3614 διαρῤἡξαντα
1705 3543 1775 3598 τὰ

179 3630 276 3686 τοῦ
315 3631 546 3686 θανάτου
584 3630 781 3702 δεσμὰ,
807 3630 1130 3702 ἐγνώκαμεν
1173 3633 1254 3685 ὅτι
1288 3633 1344 3684 ὲν
1381 3632 1554 3703 Πατρί
1599 3634 1769 3698 ἐστιν,

180 3726 280 3779 ἀτε
310 3724 374 3797 δὴ
403 3725 497 3778 καὶ
527 3722 909 3795 ἀγαπώμενος,
937 3723 1027 3777 διά
1054 3740 1112 3777 τε
1138 3722 1296 3776 τοῦτο
1322 3724 1414 3776 καὶ
1440 3723 1678 3787 ἀναστὰς
1709 3725 1773 3777 ἐκ

177 3817 425 3887 νεκρῶνο
458 3814 546 3869 διὰ
584 3815 742 3869 τοῦτο
774 3814 869 3868 καὶ
915 3815 1078 3879 αὐτὸς
1116 3816 1172 3867 ἐν
1204 3816 1334 3886 ἡμῖν
1380 3815 1474 3868 κα)⁸
1509 3816 1668 3886 ἡμεῖς
1714 3817 1772 3868 ὲν

176 3908 353 3979 αὐτῷ,
386 3908 527 3962 κατά
558 3907 648 3961 τὸν
681 3906 843 3962 αὑτὸν
881 3908 978 3979 τῆς
1011 3907 1232 3977 ἀγάπης
1261 3906 1437 3975 λόγον.
1486 3907 1677 3978 Ἡμεῖς
1715 3906 1771 3960 δὲ

175 3997 320 4069 πρὸς
352 3997 507 4051 τοῦτό
546 4015 747 4069 φαμεν,
782 3997 1019 4070 μάλιστα
1073 3998 1172 4069 μὲν
1222 3997 1469 4070 ληρώδης
1511 4000 1639 4069 ὑμῖν
1679 4000 1773 4054 καὶ

175 4089 441 4154 ἀσύνετος
490 4090 791 4157 παντελῶς,
829 4090 922 4143 καὶ
970 4090 1058 4145 διὰ
1110 4089 1327 4161 σαθρῶν
1364 4088 1468 4143 είσι
1517 4089 1691 4159 λόγων
1735 4093 1768 4163 ἡ

174 4183 474 4248 ἀντίθεσις.
523 4184 692 4255 Πλὴν,
734 4179 779 4240 ῶ
809 4187 1068 4255 γενναῖοι,
1100 4184 1464 4255 διασκέψασθε
1498 4186 1660 4240 πάλιν
1688 4188 1769 4240 ὅτι

175 4278 285 4350 πρὸ
314 4278 415 4349 τῆς
446 4280 509 4331 εκ
555 4279 764 4349 νεκρῶν
793 4278 1142 4342 ἀναστάσεως
1170 4280 1307 4350 ὅπερ
1346 4279 1593 4351 ἔγνωμεν
1633 4281 1766 4351 ἀλη-

177 4368 307 4433 θῶς,
358 4370 459 4421 οὒκ
511 4369 615 4420 ἔδει
669 4368 858 4439 μαθεῖν
894 4368 1031 4438 μετά
1068 4368 1165 4439 τὴν
1213 4370 1525 4426 ἀνάστασιν.
1565 4372 1624 4424 Ei
1667 4372 1767 4442 μὲν

175 4459 285 4529 γὰρ
340 4458 547 4520 ἀτελῶς
594 4457 950 4528 ἐπιστεύομεν
994 4458 1085 4509 τὸν
1131 4456 1259 4510 Υίὸν
1311 4460 1625 4527 ἀγαπᾶσθαι
1667 4460 1764 4531 μὲν

176 4551 333 4622 παρὰ
366 4550 458 4603 τοῦ
495 4550 623 4605 ίδὶου
670 4550 902 4620 Πατρὸς,
946 4549 1164 4618 ἀγαπᾷν
1216 4549 1273 4602 δὲ
1327 4549 1419 4603 καὶ
1472 4553 1631 4605 αὑτὸν
1670 4554 1763 4604 τὸν
1797 4589 1840 4645 D

180 4641 422 4712 Πατέρα,
454 4640 765 4711 περιμένειν
797 4639 969 4702 δντως
1001 4639 1168 4709 ἐχρῆν
1205 4638 1302 4710 τὴν
1331 4639 1643 4703 ἀνάστασιν,
1677 4641 1764 4694 ἵνα

174 4735 272 4804 τῆς
301 4733 559 4801 γνώσεως
591 4731 802 4802 ἔχωμεν
839 4730 1043 4784 ἐκεῖθεν
1077 4730 1174 4800 τὴν
1202 4730 1535 4803 τελειότητα.
1586 4732 1647 4785 Et
1707 4730 1763 4784 δὲ

178 4826 494 4889 ἀξιόπιστος
531 4826 559 4877 6
591 4825 780 4895 Πατὴρ
803 4863 818 4889 ,
868 4824 963 4876 καὶ
1006 4820 1111 4893 πρὸ
1150 4820 1246 4893 τῆς
1290 4823 1638 4887 ἀναστάσεως
1674 4823 1764 4876 λέ-

178 4935 321 4984 γωνο
356 4935 374 4969 ι
404 4917 574 4980 Αὐτός
613 4918 759 4970 ἐστιν
803 4918 831 4970 6
871 4915 968 4969 Υίό
1047 4934 1150 4987 μου
1200 4917 1229 4968 6
1262 4916 1565 4987 ἀγαπητὸς,
1601 4937 1618 4969 ι
1645 4918 1767 4989 ἀλη-

179 5009 328 5063 θεύει
383 5008 438 5061 δὲ
483 5008 578 5061 καὶ
622 5006 785 5070 αὐτὸς
839 5007 868 5059 6
913 5007 1127 5079 Σωτὴρ,
1165 5006 1371 5076 λέγων,
1409 5026 1427 5059 ι
1480 5008 1536 5061 Ὀ
1579 5009 1766 5082 Πατὴρ

177 5100 369 5171 ἀγαπᾷ
410 5100 501 5153 τὸν
548 5098 695 5153 Υίόν·
737 5118 756 5151 ι
807 5096 836 5150 6
879 5098 937 5152 δὲ
983 5098 1081 5169 τῆς
1124 5099 1345 5169 ἀγάπης
1391 5097 1548 5166 λόγος
1600 5100 1657 5152 ὲν
1700 5103 1765 5172 τῇ

179 5192 318 5247 κατά
352 5194 462 5246 πᾶν
500 5190 793 5263 τελειότητι
837 5192 1036 5243 νοεῖται
1083 5191 1436 5261 πρεπόντως’
1476 5191 1528 5242 τί
1558 5191 1762 5262 φληνά-

178 5302 289 5353 φως
317 5286 466 5355 ἡμᾶς
495 5286 880 5354 κατακροτείτε
910 5281 1128 5350 λόγοις;
1160 5280 1224 5335 Τί
1274 5280 1352 5349 δὲ,
1395 5282 1456 5335 τὸ
1492 5284 1589 5354 τῆς
1628 5283 1727 5354 ἀλη
1747 5311 1763 5324 ο

181 5374 332 5437 θείας
377 5371 789 5444 παρωθούμενοι
832 5369 1048 5437 κάλλος,
1095 5370 1155 5423 τὸ
1194 5370 1432 5434 δυσειδὲς
1467 5372 1597 5442 ἡμῖν
1628 5373 1759 5425 ἀνα-

183 5468 444 5524 πλάττετε
496 5465 708 5534 ψεῦδος,
758 5464 1067 5529 ὲξέλκοντες
1120 5462 1216 5533 μὲν
1263 5464 1362 5533 τῆς
1415 5464 1508 5516 τοῦ
1552 5464 1761 5535 Πατρὸς

180 5556 359 5621 οὐσίας
389 5555 480 5608 τὸν
512 5554 570 5620 ἐξ
617 5554 779 5609 αὑτοῦ
824 5554 916 5607 καὶ
954 5551 1021 5607 δι’
1051 5553 1215 5607 αὑτοῦ
1258 5552 1406 5617 Υῐὺν,
1441 5552 1673 5624 σαθροὺς
1705 5552 1761 5607 δὲ

180 5643 292 5702 λίαν
331 5646 705 5717 ὲπινοούμενοι
752 5647 963 5715 λόγους,
1000 5646 1093 5698 καὶ
1134 5644 1371 5715 στροφάς
1392 5645 1607 5697 ἀτόπων
1640 5646 1760 5697 ὲπι-

180 5737 421 5802 νοοῦντες
477 5736 887 5807 συλλογισμῶν;
921 5737 1043 5788 Ὅτι
1106 5733 1214 5805 γὰρ
1275 5733 1562 5805 ἠγάπησεν
1612 5735 1759 5806 ἡμᾶς

1876 3272 2075 3328 nempe
2092 3260 2240 3328 quod
2261 3260 2381 3328 ipse
2412 3260 2631 3329 quidem
2657 3258 2877 3316 Patrem
2912 3261 3109 3334 diligat
3134 3271 3186 3318 et
3213 3265 3461 3321 vicissim

1878 3350 2142 3420 diligatur
2182 3366 2213 3405 a
2250 3350 2439 3419 Patre,
2486 3352 2740 3421 adeoque
2772 3368 2875 3408 nos
2908 3354 3027 3423 ipse
3058 3355 3248 3427 diligat
3268 3352 3333 3412 et
3361 3374 3464 3415 nos

1878 3442 2098 3512 ipsum;
2147 3442 2242 3497 sed
2291 3450 2422 3515 post
2463 3444 2780 3513 passionem
2829 3452 2885 3500 et
2926 3448 3391 3503 resurrectionem
3432 3465 3464 3504 a

1877 3535 2137 3596 mortuis,
2198 3544 2492 3603 postquam
2547 3535 2880 3605 agnovimus
2935 3551 3061 3591 eum
3119 3538 3317 3596 mortis
3368 3553 3465 3594 ru-

1876 3622 2023 3694 pisse
2054 3623 2298 3689 vincula,
2342 3633 2701 3694 perspectum
2748 3626 2913 3682 nobis
2949 3625 3125 3683 fuisse
3176 3646 3301 3685 eum
3338 3649 3464 3687 esse

1876 3715 1931 3769 iu
1976 3713 2165 3781 Patre,
2211 3724 2401 3786 utpote
2450 3716 2718 3771 dilectum
2760 3731 2825 3771 ac
2870 3718 3105 3788 proinde
3152 3735 3182 3773 a
3227 3724 3460 3777 mortuis

1873 3807 2211 3873 excitatum;
2243 3807 2458 3862 idcirco
2487 3816 2542 3863 et
2581 3808 2765 3878 ipsum
2804 3822 2929 3864 esse
2976 3810 3032 3864 in
3068 3810 3230 3867 nobis
3260 3821 3317 3867 et
3357 3829 3461 3870 nos

1874 3898 1931 3952 in
1964 3899 2107 3969 ipso,
2123 3899 2422 3955 secundum
2441 3898 2688 3954 eamdem
2704 3900 3017 3957 dilectionis
3038 3905 3460 3963 rationem.Nos
3490 3888 3494 3893 ’

1849 4036 1852 4038 .
1874 3994 2057 4044 autem
2074 3989 2470 4060 respondemus
2486 3988 2737 4047 frivolam
2752 4009 2875 4049 esse
2892 4003 2945 4050 et
2966 3996 3209 4065 putidam
3228 4013 3459 4068 prorsus

1872 4080 2234 4150 objectionem
2245 4082 2657 4140 .Verumtamen
2672 4087 3019 4145 considerate
3033 4106 3248 4158 rursus,
3261 4109 3294 4148 ο
3306 4094 3457 4162 boni,

1871 4187 1982 4227 non
2017 4172 2193 4231 fuisse
2226 4175 2388 4232 nobis
2426 4192 2566 4247 opus
2600 4186 2727 4249 post
2756 4182 3458 4242 resurrectionemdiscere

1871 4262 2019 4332 quod
2042 4273 2169 4320 ante
2182 4267 2644 4323 resurrectionem
2669 4285 2796 4325 vere
2820 4271 3205 4340 cognovimus.
3230 4273 3287 4330 Si
3306 4278 3452 4333 enim

1870 4354 2190 4425 imperfecte
2207 4358 2572 4414 credebamus
2598 4359 2753 4431 diligi
2790 4376 2818 4415 a
2853 4378 2953 4417 suo
2976 4360 3139 4421 Patre
3170 4363 3368 4422 Filium
3401 4379 3455 4424 et

1868 4449 2019 4503 hunc
2049 4450 2293 4506 vicissim
2330 4452 2547 4507 Patrem
2578 4453 2824 4525 diligere,
2858 4458 3229 4528 exspectanda
3262 4460 3454 4531 utique.

1868 4550 1988 4595 erat
2017 4542 2379 4609 resurrectio,
2432 4555 2490 4599 ut
2533 4545 2869 4617 cognitionis
2901 4548 3293 4619 perfectionem
3326 4550 3454 4609 inde

1871 4651 2361 4706 consequeremur.
2394 4637 2552 4703 Quod
2587 4639 2634 4694 si
2680 4656 2846 4695 verax
2893 4649 3011 4696 erat
3054 4638 3252 4704 Pater,
3284 4644 3449 4698 etiam

1872 4741 1996 4779 cum
2028 4735 2157 4780 ante
2180 4729 2654 4783 resurrectionem
2690 4729 2903 4785 diceret
2937 4747 2949 4784 :
2986 4749 3005 4782 ι
3035 4730 3135 4785 Hic
3165 4744 3246 4786 est
3276 4731 3452 4788 Filius

1874 4833 2031 4874 meus
2060 4817 2300 4874 dilectus
2324 4819 2391 4883 ⁷⁷,
2419 4840 2437 4872 ι
2475 4828 2531 4874 et
2562 4820 2823 4875 Servator
2853 4820 2975 4890 ipse
3002 4838 3129 4875 vere
3177 4823 3446 4892 loquitur,

1873 4925 1997 4964 cum
2044 4910 2122 4965 ait
2168 4930 2181 4965 :
2225 4908 2430 4967 «Pater
2482 4910 2668 4983 diligit
2724 4909 2924 4966 Filium
2958 4912 3029 4977 ⁷⁸,
3063 4931 3081 4964 ι
3125 4910 3447 4969 dilectionis

1876 5011 2057 5057 autem
2100 5001 2270 5074 818
2299 5003 2566 5058 rationem
2597 5002 3053 5074 perfectissimam
3098 5003 3314 5060 censeri
3347 5006 3445 5060 de-

1874 5102 1961 5148 cet
1990 5112 2004 5148 :
2037 5109 2139 5149 cur
2190 5111 2291 5151 nos
2325 5093 2540 5151 frivolis
2578 5092 2929 5150 sermonibus
2964 5092 3320 5150 obtunditis?
3353 5104 3448 5150 aut

1871 5200 1997 5251 cur,
2039 5185 2295 5241 veritatis
2324 5186 2737 5257 pulchritudine
2770 5186 2997 5255 rejecta,
3033 5187 3237 5243 infame
3284 5189 3446 5243 nobis
3544 5256 3549 5261 τ

1868 5276 2219 5331 mendacium
2271 5276 2499 5348 fingitis,
2547 5277 2615 5333 de
2660 5278 2974 5333 substantia
3023 5276 3205 5335 Patris
3253 5276 3445 5334 detru-

1868 5365 2065 5421 dentes
2107 5384 2231 5422 eum
2262 5370 2356 5439 qui
2386 5386 2452 5425 ex
2494 5371 2616 5441 ipso
2658 5378 2712 5425 et
2754 5385 2852 5441 per
2887 5370 3068 5441 ipsum
3104 5377 3187 5450 est
3220 5368 3443 5438 Filium,

1870 5460 2198 5529 excogitatis
2227 5461 2433 5530 putidis
2462 5460 2775 5519 rationibus
2805 5471 2860 5518 et
2886 5461 3253 5519 absurdorum
3283 5478 3446 5533 arguo

1870 5558 2181 5605 mentorum
2237 5553 2530 5622 strophis?
2603 5552 2763 5621 Quod
2821 5553 2969 5611 enim
3027 5552 3284 5610 dilexerit
3338 5569 3442 5608 nos

1869 5638 2199 5712 Unigenitus
2233 5658 2470 5714 eumque
2520 5660 2621 5700 nos
2670 5643 3059 5710 dilexerimus,
3092 5645 3267 5699 cuivis
3315 5658 3441 5713 per-

1867 5734 2079 5804 spicere
2132 5734 2337 5799 licebit,
2385 5739 2558 5807 ipsam
2594 5738 2844 5791 veritatis
2896 5745 3145 5791 naturam
3184 5734 3441 5793 conside-

252 5853 310 5901 ⁷³.
336 5853 485 5911 lcan.
512 5870 604 5915 ιιι,
636 5853 724 5910 55.
808 5854 875 5887 ’δ’
916 5849 1080 5907 Joan.
1111 5867 1205 5917 xv,
1236 5851 1324 5908 15.
1399 5849 1630 5923 ⁷⁵40811.
1660 5867 1773 5917 xiv,

1879 5855 1903 5906 ὲ.
1984 5850 2037 5924 ’⁷,
2071 5849 2257 5908 Matth.
2290 5871 2423 5922 mi,
2458 5856 2509 5914 5.
2588 5857 2634 5890 ⁷⁸
2666 5854 2823 5911 Joan.
2869 5869 2953 5916 Iit,
2990 5853 3081 5907 55.
