4096 6474
643 356 741 411 271

1634 365 1689 418 s.
1731 364 2007 423 CYRtLLl
2047 368 2519 424 ALEXANDRINI
2556 356 2879 427 ARCHIEP.

3798 385 3915 441 ΥΕ

644 492 767 532 rare
815 477 1040 533 volenti.
1082 498 1100 529 ι
1127 476 1260 533 Nam
1312 496 1436 537 cum
1466 482 1521 537 in
1558 482 1731 538 forma
1780 487 1874 541 Dei
1920 504 1985 541 ac
2029 489 2211 544 Patris

2316 492 2344 544 6
2367 490 2697 559 Μονογενὴς,
2723 490 3090 561 ἠγαπήσαμεν
3115 489 3172 542 δὲ
3212 491 3308 545 καὶ
3341 493 3500 563 ἡμεῖς
3531 495 3717 562 αὑτὸν,
3745 500 3917 552 παντί

641 576 810 632 esset,
841 585 950 623 non
982 572 1229 639 rapinam
1259 574 1558 629 arbitratus
1588 584 1671 629 est
1698 592 1821 633 esse
1851 594 1913 634 se
1938 581 2214 650 aequalem

651 658 783 719 “eo.
836 662 929 715 sed
1004 663 1363 732 semetipsum
1422 666 1734 722 exinanivit
1780 668 2016 726 formam
2062 674 2217 728 aservi

644 750 925 820 accipiens
952 752 1020 807 τ’.
1051 771 1068 802 ι
1106 754 1173 806 At
1205 770 1481 824 quaenam,
1520 746 1775 824 obsecro,
1811 762 2009 816 horum
2046 778 2215 820 causa

647 842 790 895 fuit?
816 841 1005 897 Nonne
1037 844 1352 902 dilectionis
1384 862 1513 918 erga
1550 864 1652 905 nos
1687 851 1867 907 ratio?
1896 854 1968 907 At
1994 854 2213 909 cuinam

643 931 871 985 dubium
923 932 1069 987 istud
1102 950 1226 990 esse
1265 940 1517 1006 poterit?
1548 941 1703 1005 Quod
1738 952 1918 998 autem
1948 960 2051 1001 nos
2075 959 2215 1013 quo-

642 1035 751 1091 que
788 1036 888 1090 pro
931 1023 1156 1079 Christo
1192 1027 1368 1097 ipsum
1408 1031 1557 1086 ultro
1604 1032 1840 1088 animam
1877 1051 2217 1107 persequen-

643 1115 792 1170 tibus
842 1114 1161 1185 objicimus,
1209 1136 1278 1174 ne
1330 1121 1622 1178 Dominum
1673 1134 1922 1181 nostrum
1974 1129 2214 1200 abnege-

644 1222 789 1269 mus,
834 1210 1087 1278 nunquid
1132 1212 1426 1269 manifesto
1460 1216 1778 1274 dilectionis
1823 1208 1879 1274 in
1905 1222 2090 1290 ipsum
2122 1237 2213 1277 ar-

642 1308 902 1367 gumento
942 1307 995 1354 et
1031 1302 1242 1356 indicio
1276 1303 1478 1360 fuerit?
1505 1309 1671 1379 Atqui
1703 1313 1786 1366 vel
1831 1313 1976 1368 istud
2024 1330 2212 1369 verum

636 1405 763 1444 esse
822 1390 1105 1457 fateberis,
1160 1397 1241 1450 vel
1292 1408 1521 1454 sanctos
1575 1413 1848 1475 martyres
1901 1406 2212 1469 damnabis,

638 1484 800 1551 quasi
843 1481 1048 1537 frustra
1088 1498 1309 1555 propter
1359 1489 1642 1546 Christum
1699 1495 1848 1565 passi
1894 1497 2047 1562 sint,
2091 1505 2216 1550 tan-

639 1579 867 1639 tumque
899 1573 1202 1641 periculum
1230 1580 1403 1646 gratis
1429 1588 1482 1634 et
1523 1583 1643 1638 sine
1678 1587 1928 1640 mercede
1969 1588 2216 1655 pertule-

641 1661 772 1714 rint.
801 1660 937 1716 Cum
967 1680 1096 1735 ergo
1125 1670 1414 1738 perspicue
1445 1671 1739 1729 admodum
1773 1678 2212 1733 demonstratum

640 1752 713 1805 sit
751 1752 968 1808 l‘atrem
1025 1757 1322 1824 perfectam
1386 1762 1605 1831 quidem
1650 1766 1704 1819 in
1756 1765 1953 1821 Filium
2014 1769 2215 1824 habere

2317 600 2396 651 τῳ
2428 581 2776 652 προκείσεται
2828 583 2924 634 καὶ
2966 580 3091 635 λίαν
3141 582 3372 652 ἑτοίμως
3414 585 3565 650 ίδεῖν,
3604 588 3779 660 αὑτὴν
3808 590 3916 644 ἐπ-

2316 672 2505 743 αθρεῖν
2530 671 2763 725 ἐθέλοντι
2780 670 3162 742 τῆςνάληθείας
3193 671 3291 743 τὴν
3320 672 3503 741 φύσιν.
3541 694 3558 727 ι
3602 677 3691 728 Ἐν
3716 682 3920 750 μορςῇ

2316 764 2427 834 γὰρ
2460 762 2719 833 ὑπάρχων
2752 761 2845 816 τοῦ
2884 761 3019 815 Θεοῦ
3054 764 3149 815 καὶ
3192 764 3427 836 Πατρὸς,
3473 767 3571 836 οὑχ
3610 768 3922 837 ἁρπαγμὸν

2316 855 2560 925 ἡγήσατο
2584 854 2642 907 τὸ
2672 850 2809 907 εἶναι
2843 854 2934 906 ίσα
2964 853 3108 923 Θεῷ,
3152 855 3267 909 ἀλλ’
3292 856 3480 909 ἑαυτὰ)
3520 858 3760 912 tum”;
3786 858 3921 910 δού-

2315 947 2408 999 λου
2437 945 2649 1017 μορφὴν
2669 945 2868 1002 λαϐὼν.
2910 966 2929 996 ι
2955 941 3088 999 Εἶτα
3115 947 3220 1011 τίς,
3244 949 3365 1001 είπέ
3392 965 3507 1018 μοι,
3525 950 3632 1003 τῶν
3648 949 3923 1004 τοιούτων

2315 1038 2349 1107 ἡ
2379 1037 2689 1107 πρόφασις;
2726 1033 2850 1108 Ἆρ’
2879 1038 2939 1090 οὑ
2972 1036 3072 1107 τῆς
3105 1039 3185 1101 εἰς
3213 1040 3360 1109 ἡμᾶς
3393 1040 3611 1111 ἀγάπης
3637 1043 3665 1096 6
3714 1042 3921 1110 λόγοςς

2319 1128 2428 1180 Καὶ
2466 1126 2585 1189 πῶς
2620 1127 2766 1179 ἔστιν
2797 1128 3161 1198 ἀμφιϐαλεῖνς
3200 1129 3273 1181 Τὸ
3301 1129 3359 1182 δὲ
3391 1131 3489 1183 καὶ
3515 1132 3660 1202 ἡμᾶς
3695 1132 3924 1184 ἐθέλειν

2316 1216 2457 1286 ὑπὲρ
2491 1216 2729 1286 Χριστοῦ
2762 1217 2852 1269 καὶ
2884 1217 3052 1289 αὐτὴν
3080 1219 3307 1289 ἑτοίμως
3328 1218 3474 1290 ἔχειν
3496 1220 3925 1292 καταπροέσθαι

2314 1312 2425 1372 τοῖς
2444 1308 2698 1363 διώκουσι
2737 1310 2837 1380 τὴν
2866 1308 3071 1381 ψυχὴν,
3106 1311 3191 1364 ἵνα
3234 1311 3311 1382 μὴ
3353 1312 3445 1367 τὸν
3490 1314 3693 1368 ἑαυτῶν
3732 1316 3925 1384 ἀρνη-

2318 1399 2538 1471 σώμεθα
2589 1400 2812 1471 Κύριον,
2859 1397 2949 1475 ἆρ’
2987 1402 3087 1454 οὑκ
3136 1401 3203 1456 ἂν
3252 1403 3561 1471 είσκομίσαι
3610 1405 3762 1475 σαφῆ
3815 1404 3926 1474 τὴν

2315 1488 2588 1555 ἀπόδειξιν
2636 1490 2739 1559 τῆς
2784 1493 2863 1553 είς
2907 1491 3069 1544 αὑτὸν
3113 1492 3370 1563 άγάπης;
3422 1493 3557 1545 Ἀλλ’
3597 1494 3631 1564 ἡ
3680 1495 3926 1559 πάντως

2315 1580 2512 1650 ἀληθὲς
2550 1581 2665 1649 ὲρεῖ
2714 1597 2800 1644 τις
2860 1579 2953 1633 καὶ
2998 1579 3173 1646 τοῦτο,
3220 1583 3254 1652 ἡ
3305 1580 3417 1652 [71).
3462 1581 3520 1654 ἡ]
3572 1583 3678 1635 τῶν
3730 1582 3926 1651 ἁγίων

2315 1671 2736 1741 καταψηφιεῖται
2768 1671 3080 1743 μαρτύρων,
3118 1672 3194 1735 ὡς
3244 1674 3331 1726 ἐπ’
3361 1672 3535 1726 οὑδενὶ
3563 1673 3671 1726 τῶν
3698 1676 3925 1745 χρησί-

2319 1778 2435 1832 μων
2474 1761 2837 1830 διηθληκότων
2887 1762 2976 1814 διὰ
3025 1762 3259 1833 Χριστὸν
3299 1763 3394 1816 καὶ
3428 1763 3619 1834 ἀμισθὶ
3645 1764 3925 1817 τοσοῦτον

640 1842 996 1910 charitatem,
1028 1856 1077 1898 et
1112 1848 1277 1901 simili
1329 1853 1490 1906 modo
1538 1870 1663 1908 eum
1697 1856 1914 1911 Patrem
1949 1859 2202 1929 diligere,

2319 1854 2734 1925 ἁνατλησάντων
2780 1853 3039 1908 κίνδυνον.
3084 1854 3557 1924 Ἀποδεδειγμένου
3587 1855 3921 1928 τοιγαροῦν,

638 1942 692 1985 et
723 1949 826 1987 nos
859 1950 1005 2000 eum,
1035 1953 1244 2006 nusque
1284 1941 1354 1995 ab
1374 1957 1444 1997 eo
1477 1944 1651 2016 diligi,
1681 1950 1812 2017 quid
1864 1951 2095 2006 rationis
2119 1950 2215 2005 dc-

640 2040 787 2077 mum
820 2037 903 2080 est
939 2037 1130 2095 putare
1159 2029 1228 2083 ad
1262 2032 1369 2085 alia
1400 2039 1650 2105 tempora
1693 2037 1857 2106 hujus
1900 2040 1977 2093 rei
2017 2042 2211 2111 cogni«

639 2116 840 2171 tionem
871 2117 1148 2182 devolare.
1186 2137 1312 2177 cum
1342 2123 1613 2181 Dominus
1644 2128 1788 2182 dicat
1827 2150 1839 2184 :
1876 2150 1892 2183 ι
1916 2130 1972 2185 ιιι
2005 2133 2096 2187 illa
2126 2133 2214 2187 die

636 2211 1004 2277 cognoscetis,
1036 2213 1165 2280 quia
1192 2228 1293 2283 ego
1313 2214 1369 2269 in
1402 2215 1586 2281 Patre,
1615 2228 1668 2272 et
1695 2238 1790 2275 vos
1819 2224 1870 2275 in
1901 2238 2006 2287 me,
2026 2233 2079 2278 et
2106 2241 2207 2292 ego

638 2300 694 2354 in
740 2302 916 2356 vobis.
950 2321 969 2354 ι
1008 2301 1240 2359 Valeant
1278 2309 1427 2362 enim
1466 2310 1685 2364 illorum
1729 2329 1886 2382 nugae
1914 2325 1969 2369 et
2016 2316 2209 2384 impia-

640 2407 757 2444 run
814 2393 1300 2450 ratiocinationum
1360 2409 1669 2454 commenta
1724 2419 1737 2454 :
1796 2418 1918 2469 nos,
1972 2404 2217 2474 Spiritus

637 2483 1007 2539 illustratione
1036 2487 1253 2551 confisi,
1287 2488 1469 2544 dicere
1506 2506 1616 2546 non
1649 2494 1961 2549 verebimur
1994 2512 2117 2565 qua:
2145 2497 2214 2549 ad

635 2575 957 2642 quaestionis
987 2576 1151 2647 hujus
1176 2578 1594 2648 explicationem
1636 2597 1785 2640 recte
1810 2600 1873 2641 se
1900 2586 2103 2643 habere
2133 2589 2216 2642 vi-

634 2665 936 2719 debuntur.

2320 1948 2413 2001 καὶ
2451 1946 2595 2016 μάλα
2630 1944 2838 2014 σαφῶς,
2867 1944 2943 2007 ὡς
2984 1945 3194 1997 τελείαν
3243 1944 3341 2016 μὲν
3391 1948 3420 1998 6
3464 1946 3650 2015 Πατὴρ
3687 1950 3779 2007 είς
3822 1947 3923 1999 τὸν

2321 2039 2447 2092 Υἱδν
2496 2038 2608 2108 ἔχει
2670 2037 2768 2108 τὴν
2811 2026 3066 2106 ἀγάπην,
3125 2038 3423 2108 ίσοτρόπως
3471 2037 3527 2090 δὲ
3580 2040 3673 2091 καὶ
3729 2039 3923 2100 αὐτὸς

2319 2132 2509 2201 ἀγαπᾷ
2548 2129 2638 2181 τὸν
2672 2126 2913 2199 Πατέρα,
2957 2127 3052 2179 καὶ
3079 2128 3240 2196 ἡμεῖς
3278 2126 3378 2196 μὲν
3426 2126 3607 2191 αὑτὸν,
3645 2127 3824 2190 αὑτὸς
3861 2126 3923 2179 δὲ

2317 2223 2482 2292 ἡμᾶς,
2513 2224 2661 2273 ποῖον
2692 2219 2754 2273 ἂν
2776 2218 2891 2289 ἔχοι
2916 2217 3070 2287 λόγον
3094 2218 3153 2270 τὸ
3184 2219 3263 2281 είς
3290 2218 3509 2289 ἑτέρους
3531 2217 3735 2273 οἴεσθαι
3780 2217 3927 2289 χρό-

2315 2332 2436 2377 νους
2456 2314 2791 2366 ἀνάπτεσθαι
2828 2311 2987 2381 τυχὸν
3017 2310 3114 2380 τὴν
3148 2310 3242 2362 ἐπὶ
3266 2310 3403 2380 τῷδε
3430 2308 3730 2379 διάγνωσιν,
3775 2311 3926 2363 ὅταν

2312 2406 2446 2477 λέγῃ
2490 2405 2517 2457 6
2566 2403 2798 2473 Κύριος·
2834 2421 2853 2453 ι
2898 2405 2986 2456 Ἑν
3037 2401 3219 2472 ἐκείνῃ
3254 2404 3321 2472 τῇ
3378 2400 3562 2472 ἡμέρᾳ
3616 2399 3921 2468 γνώσεσθε

2315 2500 2396 2551 ὅτι
2438 2496 2549 2566 ἐγὼ
2583 2498 2641 2548 ὲν
2671 2498 2748 2567 τῷ
2786 2497 2980 2568 Πατρὶ,
3023 2498 3117 2550 καὶ
3159 2497 3315 2566 ὑμεῖς
3358 2497 3419 2547 ὲν
3456 2496 3598 2563 ἐμοὶ,
3638 2494 3812 2560 κάγὼ
3863 2496 3927 2546 ἐν

2318 2589 2481 2657 ὑμῖν;
2507 2607 2525 2639 ι
2567 2586 2724 2639 Ἀλλὰ
2750 2587 2857 2657 γὰρ
2885 2587 3093 2658 ἐρρέτω
3124 2588 3221 2656 μὲν
3253 2585 3321 2639 τὰ
3349 2586 3572 2639 ἐκείνων
3607 2585 3928 2655 ληρήματα

2316 2682 2414 2733 καὶ
2445 2679 2553 2732 τῶν
2580 2679 2846 2750 μισοθέων
2872 2679 3145 2749 λογισμῶν
3176 2680 3208 2749 ἡ
3250 2677 3609 2749 οιιιαρεύρεσις⁸
3632 2678 3807 2747 ἡμεῖς
3839 2677 3926 2735 δὲ.

631 2762 699 2830 τῇ
727 2758 821 2812 τοῦ
852 2760 1178 2831 ,Πνεύματος
1209 2762 1459 2836 δᾳδουχίᾳ
1493 2765 1886 2840 θαρσήσαντες,
1913 2772 2084 2826 εἰπεῖν
2109 2773 2209 2827 οὑκ
2245 2774 2545 2845 ὀκνήσομεν
2580 2773 2723 2846 άπερ
2760 2772 2937 2837 ἔδοξεν
2984 2772 3127 2843 ἔχειν
3189 2771 3363 2842 ὀρθῶς
3423 2772 3562 2841 ὑπὲρ
3604 2770 3927 2839 σαφηνείας

634 2850 743 2903 τῶν
775 2850 1139 2922 ζητουμένων.

704 2940 841 2994 Cum
872 2934 1005 3011 ergo
1040 2943 1397 3011 praemisisset
1431 2964 1444 2998 ι
1484 2964 1503 2997 ‹
1535 2946 1669 3017 Ego,
1704 2957 1780 3014 et,
1804 2965 1903 3005 vos
1940 2952 2158 3015 vivetis,
2188 2972 2205 3003 ι

636 3033 819 3089 statim
880 3034 966 3088 his
1023 3034 1306 3106 subjungit
1348 3054 1361 3091 ι
1408 3056 1425 3088 ι
1456 3037 1511 3092 In
1558 3041 1653 3094 illo
1709 3041 1799 3096 die
1853 3044 2210 3111 cognoscetis

2388 2943 2741 3017 Προειρηκὼς
2765 2943 3078 3014 τοιγαροῦν,
3111 2944 3192 2997 ὅτι
3231 2962 3249 2996 ι
3290 2943 3441 3014 Ἐγὼ
3481 2945 3576 2998 καὶ
3615 2946 3776 3017 ὑμεῖς
3818 2947 3929 3020 (ﬁ-

2317 3038 2510 3103 σεσθε;
2543 3056 2561 3088 ι
2597 3037 2937 3107 παραχρῆμα
2969 3036 3177 3101 τούτοις
3206 3036 3520 3105 ἐπενεγκὼν
3553 3038 3884 3107 εὑρίσκεται
3906 3057 3922 3071 ·

636 3127 765 3196 quia
805 3140 908 3197 ego
932 3127 987 3179 in
1015 3123 1177 3182 Patre
1225 3143 1347 3183 meo
1376 3137 1429 3183 et
1457 3146 1555 3185 vos
1582 3133 1640 3184 in
1668 3148 1776 3197 me,
1808 3141 1862 3185 et
1894 3148 1995 3203 ego
2015 3134 2081 3189 .in
2118 3149 2211 3187 vo-

2323 3149 2342 3181 ι
2385 3130 2473 3182 Ἐν
2494 3129 2672 3200 ἐκείνῃ
2697 3131 2761 3199 τῇ
2788 3128 2970 3199 ἡμέρᾳ
2988 3126 3263 3195 γνώσεσθε
3292 3130 3374 3182 ὅτι
3405 3127 3515 3197 ἐγὼ
3545 3131 3601 3182 ὲν
3623 3128 3702 3199 τῷ
3731 3130 3928 3201 Πατρί

638 3219 743 3273 his.
778 3238 796 3270 ι
841 3219 910 3272 At
939 3220 1156 3272 cuinam
1191 3220 1422 3275 omnino
1463 3237 1652 3276 eorum
1688 3224 1779 3292 qui
1815 3232 1943 3277 sunt
1972 3239 2039 3279 ac
2067 3235 2214 3279 recte

637 3310 881 3363 sentiunt
909 3324 1017 3363 non
1044 3310 1196 3365 valde
1218 3312 1573 3382 perspicuum
1608 3313 1681 3366 sit
1704 3314 1846 3366 diem
1872 3317 2213 3386 cognitionis

638 3402 1025 3464 determinare,
1069 3416 1178 3471 quo
1228 3417 1328 3457 nos
1370 3404 1535 3458 etiam
1586 3404 1651 3456 ad
1700 3404 1881 3473 ipsum
1930 3404 2215 3458 reformati

638 3493 705 3547 ad
736 3493 902 3546 vitam
943 3493 1232 3548 ascensuri
1266 3509 1460 3548 sumus
1490 3503 1773 3557 aeternam,
1809 3494 2003 3549 mortis
2042 3494 2213 3548 male-

635 3584 880 3639 dictione
916 3583 1124 3638 vitata?
1154 3582 1219 3636 Et
1262 3584 1484 3653 quidem
1524 3584 1658 3637 mihi
1690 3585 1797 3639 tale
1825 3584 1957 3653 quid
2003 3584 2215 3654 signifi-

634 3691 765 3730 care
792 3674 1009 3730 videtur
1041 3673 1265 3739 Paulus,
1301 3690 1425 3729 cum
1462 3674 1708 3728 divinum
1756 3676 1920 3729 nobis
1962 3676 2213 3729 revelans

635 3764 959 3837 mysterium
1011 3764 1075 3818 ad
1131 3764 1430 3819 nonnullos
1483 3764 1724 3819 scribit:
1767 3784 1784 3814 ι
1820 3763 2016 3817 Mortui
2064 3764 2211 3816 enim

631 3857 788 3923 estis,
811 3863 866 3909 et
890 3856 999 3909 vita
1039 3865 1219 3909 vestra
1255 3863 1341 3909 est
1377 3854 1700 3907 abscondita
1729 3870 1854 3907 cum
1902 3855 2127 3908 Christo
2154 3854 2209 3907 in

633 3948 765 4001 Deo.
796 3944 1030 4012 Quando
1070 3960 1201 4014 ergo
1237 3944 1494 3998 Christus
1529 3945 1851 4012 apparuerit
1886 3945 2055 4015 819
2100 3944 2211 3998 vita

631 4049 836 4101 vestra,
888 4043 1020 4089 tunc
1062 4042 1117 4088 et
1164 4050 1259 4088 vos
1302 4035 1646 4103 apparebitis
1678 4050 1800 4088 cum
1837 4038 1958 4104 ipso
1999 4039 2050 4088 in
2095 4037 2212 4105 glo-

633 4124 1206 4183 ria'°.—-Beformahit
1223 4126 1364 4178 enim
1381 4141 1582 4193 corpus
1599 4127 1928 4181 humilitatis
1950 4138 2203 4190 nostrae,»

634 4220 739 4273 hoc
784 4217 1044 4271 nimirum
1078 4230 1142 4269 ac
1184 4231 1289 4269 non
1330 4215 1502 4276 aliud,
1542 4234 1559 4266 ι
1585 4216 1987 4286 configuratum
2021 4218 2212 4286 gloriae

633 4325 746 4367 sua:
767 4309 866 4371 “,i
894 4308 1021 4362 etin
1046 4306 1339 4376 pristinum
1370 4313 1573 4361 statum
1602 4307 1923 4363 reformabit
1950 4307 2209 4363 incﬂ'abili

631 4401 839 4455 virtute
860 4397 1105 4451 hominis
1130 4404 1413 4460 ﬂaturam,
1447 4399 1631 4453 omnia
1668 4399 1826 4454 facile
1859 4400 2209 4455 transferens

2320 3240 2443 3293 μου,
2480 3225 2573 3275 καὶ
2600 3221 2757 3291 ὑμεῖς
2801 3220 2858 3272 ὲν
2904 3220 3048 3291 ἐμοὶ,
3083 3218 3239 3287 κάγὼ
3284 3220 3341 3273 ὲν
3395 3220 3543 3289 ὑμῖν.
3582 3240 3599 3271 ι
3629 3216 3760 3273 Εἶτα
3806 3222 3926 3276 τίνι

2314 3313 2423 3366 τῶν
2452 3312 2619 3365 όντων
2663 3312 2758 3365 καὶ
2808 3314 3023 3381 φρονεῖν
3067 3310 3334 3364 εἰωθότων
3370 3310 3548 3383 ὀρθῶς
3575 3312 3675 3365 οὑκ
3719 3314 3791 3366 ἂν
3828 3314 3927 3381 γέ-

2315 3420 2459 3457 νοιτο
2510 3403 2602 3455 καὶ
2653 3401 2797 3473 μάλα
2842 3401 3012 3470 σαφὲς
3051 3402 3126 3465 ὡς
3171 3401 3384 3472 ἡμέρας
3437 3401 3610 3474 ὁρίζει
3656 3404 3755 3472 τῆς
3822 3402 3927 3455 ἐπὶ

2312 3493 2487 3564 τούτῳ
2511 3491 2761 3562 γνώσεως
2791 3492 2886 3545 τὸν
2919 3491 3131 3563 καίρδν,
3166 3491 3289 3545 καθ’
3320 3493 3378 3544 ὃν
3405 3493 3470 3546 ἂν
3502 3493 3595 3545 καὶ
3626 3494 3790 3563 ἡμεῖς
3819 3494 3928 3546 αὑ-

2312 3584 2395 3636 τοὶ
2429 3582 2565 3653 πρὸς
2593 3581 2755 3635 αὑτὸν
2786 3581 3263 3651 άναμορφούμενοι
3292 3581 3426 3651 πρὸς
3454 3583 3599 3653 ζωὴν
3631 3583 3925 3654 ἀναδησά-

2316 3674 2457 3746 μεθα
2480 3674 2578 3744 τὴν
2608 3672 2845 3735 αἰώνιον,
2879 3674 2977 3743 τὴν
3000 3672 3093 3725 τοῦ
3125 3672 3355 3726 θανάτου
3379 3673 3701 3743 ’διαδράντες
3731 3675 3922 3743 άράνς

2313 3764 2423 3819 Καί
2459 3782 2547 3834 μοι
2579 3765 2723 3817 δοκεῖ
2761 3763 3001 3817 τοιοῦτόν
3029 3782 3082 3816 τι
3113 3764 3401 3835 σημαίνειν
3435 3764 3461 3817 ὃ
3489 3766 3726 3835 Χριστός
3750 3783 3921 3835 φησι,

2313 3858 2456 3925 φημὶ
2499 3856 2555 3908 δὲ
2594 3856 2683 3907 τὸν
2722 3854 2952 3919 Παῦλον,
3000 3854 3126 3907 ὃταν
3166 3856 3225 3907 τὸ
3274 3854 3413 3908 θεῖον
3452 3858 3585 3926 ἡμῖν
3629 3857 3925 3910 άποκαλύ·

2313 3962 2463 3998 πτων
2491 3948 2788 4017 μυστήριον
2818 3946 3105 4015 ἐπιστέλλῃ
3132 3946 3268 4017 πρός
3291 3964 3469 4011 τινας·
3509 3966 3527 3998 ι
3572 3948 3922 4002 Ἀπεθάυετε

2311 4036 2440 4108 γὰρ,
2482 4037 2575 4090 καὶ⁸
2604 4037 2636 4107 ἡ
2673 4036 2785 4108 ζωὴ
2819 4035 2974 4106 ὑμῶν
3020 4037 3325 4107 κέκρυπται
3350 4039 3452 4091 σὺν
3480 4037 3559 4109 τῷ
3590 4039 3821 4110 Χριστῷ
3852 4041 3920 4092 tv

2309 4129 2388 4198 τῷ
2436 4126 2572 4197 Θεῷ.
2608 4127 2774 4182 Ὅταν
2838 4124 2930 4181 οὖν
2982 4128 3010 4179 6
3058 4127 3292 4199 Χριστὸς
3359 4130 3646 4203 φανερωθῇ
3707 4130 3741 4200 ἡ
3787 4129 3921 4201 ζωὴ

2312 4220 2488 4289 ὑμῶν,
2537 4220 2655 4272 τότε
2709 4220 2802 4274 καὶ
2849 4220 3004 4289 ὑμεῖς
3038 4220 3493 4291 φανερωθήσεσθε
3529 4222 3627 4274 σὺν
3663 4220 3818 4289 αὑτῷ
3855 4222 3921 4273 ὲν

2308 4312 2454 4383 δόξῃ.
2490 4311 2974 4382 Μετασχηματίσει
3026 4310 3134 4380 γὰρ
3166 4311 3228 4363 τὸ
3287 4310 3447 4381 σῶμα
3486 4310 3588 4380 τῆς
3642 4311 3920 4364 ταπεινώ-

2311 4419 2447 4466 σεως
2502 4402 2674 4473 ἡμῶν,
2729 4421 2746 4453 ι
2797 4401 2953 4455 τοῦτο
3006 4402 3070 4473 δὴ
3125 4403 3361 4466 πάντως,
3402 4401 3497 4454 καὶ⁵
3543 4400 3643 4471 οὑχ
3692 4400 3915 4471 ἕτερον,

631 4494 686 4546 in
735 4489 1105 4561 quodcunque
1146 4489 1388 4543 voluerit
1428 4508 1441 4543 :
1484 4509 1502 4541 ι
1527 4490 1668 4546 Deus
1711 4492 1859 4545 enim
1900 4501 1984 4546 est
2024 4508 2210 4556 verus,

2324 4511 2342 4545 ι
2389 4493 2710 4566 σύμμορφον
2754 4493 2853 4564 τῆς
2897 4493 3055 4564 δόξης
3082 4492 3303 4556 αὑτοῦ,
3350 4512 3368 4543 ι
3423 4491 3517 4545 καὶ
3566 4490 3915 4562 μεταπλάσει

630 4584 725 4655 qui
782 4583 915 4639 facit
962 4582 1147 4637 omnia
1182 4588 1236 4635 et
1271 4582 1651 4647 transformat,
1683 4603 1701 4634 ι
1746 4585 1890 4638 sicut
1939 4585 2206 4655 scriptum

628 4685 713 4732 est
736 4673 805 4730 ⁸¹.
838 4675 999 4731 Circa
1026 4675 1181 4729 illum
1206 4675 1350 4731 diem
1381 4675 1569 4747 igitur,
1605 4676 1724 4733 sive
1759 4686 1995 4747 tempus,
2022 4694 2131 4747 quo
2155 4687 2210 4733 et

618 4774 727 4824 vos
752 4767 857 4837 ipsi
881 4766 1081 4821 vivetis
1106 4766 1253 4837 (vivo
1275 4767 1419 4823 enim
1436 4782 1557 4840 ego,
1576 4767 1830 4837 quamvis
1856 4768 2019 4823 homo
2043 4771 2211 4824 sicuti

628 4873 729 4912 vos
764 4856 973 4921 factus,
1007 4864 1063 4910 et
1100 4873 1337 4928 corpore
1377 4858 1721 4928 corruptioni
1752 4867 1948 4911 natura
1978 4874 2078 4914 sua
2117 4861 2214 4915 ob-

632 4948 800 4999 noxio
838 4946 1113 5013 indutus),
1164 4949 1313 5002 clare
1366 4950 1782 5017 tcognoscetis,
1832 4949 2032 5018 inquit,
2083 4966 2210 5019 quia

629 5051 730 5104 ego
759 5036 817 5088 in
861 5033 1047 5101 Patre,
1087 5044 1139 5090 et
1172 5053 1267 5093 vos
1305 5038 1359 5091 in
1408 5054 1494 5091 me
1523 5046 1575 5091 et
1605 5054 1705 5108 ego
1733 5040 1786 5092 in
1831 5039 2006 5094 vobis.
2032 5058 2049 5090 ι
2088 5041 2211 5093 Sta-

633 5136 850 5182 tbemus
890 5138 1069 5182 autem
1111 5130 1225 5183 haec
1258 5130 1322 5184 ad
1362 5145 1463 5184 nos
1496 5128 1784 5185 Dominum
1837 5130 2065 5195 dixisse,
2101 5149 2208 5186 non

633 5228 690 5271 ut
739 5219 1122 5276 existimemus
1168 5237 1293 5277 eum
1346 5237 1472 5277 esse
1515 5222 1569 5275 in
1625 5222 1790 5277 Patre
1846 5222 2060 5278 ratione
2118 5224 2207 5277 di-

631 5311 905 5376 lectionis,
935 5312 1097 5367 sicuti
1134 5312 1467 5368 adversariis
1499 5313 1702 5383 placet,
1736 5314 1830 5369 sed
1865 5315 2079 5372 ratione
2112 5317 2205 5370 alti

632 5403 900 5472 mysterii,
933 5403 1081 5473 quod
1113 5419 1213 5457 nec
1258 5413 1439 5458 mente
1474 5405 1765 5475 concipere
1810 5421 1911 5460 nec
1957 5409 2210 5461 oratione

631 5492 909 5563 explicare
934 5503 1019 5550 est
1040 5494 1221 5560 facile,
1235 5502 1635 5560 verumtamen,
1651 5498 1831 5565 quoad
1849 5507 2059 5568 potero,
2077 5499 2209 5553 illud

630 5602 901 5657 exponere
946 5589 1217 5642 conabor.
1251 5584 1518 5651 Quamvis
1563 5602 1695 5659 ergo
1742 5589 1990 5659 cujusvis
2029 5591 2212 5645 homio

2313 4586 2449 4656 πρὸς
2480 4585 2540 4638 τὸ
2567 4586 2792 4658 ἀρχαῖον
2826 4586 3051 4657 ἀρρήτῳ
3090 4585 3316 4654 δυνάμει
3347 4582 3446 4655 τὴν
3481 4581 3771 4653 ἀνθρώπου
3808 4582 3915 4646 φῦ·

2315 4693 2420 4742 σιν,
2459 4677 2638 4731 πάντα
2689 4677 3000 4747 μετατιθεὶς
3048 4676 3285 4737 εὐκόλως
3332 4674 3468 4744 πρὸς
3506 4673 3644 4743 ὅπερ
3683 4673 3749 4725 ἂν
3779 4670 3915 4741 βοῦς

2314 4770 2478 4834 λοιτο,
2511 4767 2902 4831 διακωλύοντος
2941 4765 3150 4831 οὐδενός
3171 4784 3183 4798 ·
3215 4785 3233 4818 ι
3269 4765 3401 4829 Θεὸς
3434 4766 3542 4838 γάρ
3582 4765 3731 4818 ἐστιν
3768 4763 3914 4834 65.1;-

2317 4861 2481 4924 θινδς,
2528 4859 2696 4913 ποιῶν
2742 4859 2940 4924 πάντα,
2974 4859 3069 4912 καὶ
3124 4856 3567 4928 μετασκευάζων,
3605 4874 3625 4907 ι
3661 4854 3802 4909 κατὰ
3848 4857 3914 4908 τὸ

2316 4950 2722 5022 γεγραμμένον.
2745 4949 2882 5002 Κατ’
2907 4948 3119 5016 ἐκείνην
3148 4943 3241 5000 οῦν
3263 4948 3370 5021 ἄρα
3401 4945 3757 5018 τὴνοὴμέραν,
3782 4946 3911 5014 ἡτοι

2316 5041 2407 5093 τὸν
2459 5043 2671 5113 καιρὸν,
2714 5041 2835 5095 καθ’
2876 5040 2933 5092 ὃν
2985 5042 3077 5093 καὶ
3125 5039 3281 5109 ὑμεῖς
3331 5038 3483 5090 αὑτοὶ
3530 5037 3763 5104 ζήσεσθε
3798 5036 3909 5105 (ζῶ

2312 5131 2426 5203 γὰρ
2466 5132 2574 5200 ἐγὼ
2619 5113 2793 5185 καίτοι
2841 5129 2962 5183 καθ’
3005 5132 3147 5200 ὑμᾶς
3186 5129 3469 5201 ἄνθρωπος
3500 5126 3766 5197 γεγονὼς,
3807 5129 3913 5179 καὶ

2315 5225 2376 5278 τό
2426 5224 2730 5278 ὑποπίπτον
2755 5226 2821 5294 τῇ
2880 5222 3055 5293 φθορᾷ
3103 5220 3243 5274 κατά
3290 5237 3354 5289 γε
3408 5221 3505 5290 τὴν
3550 5218 3688 5271 ἰδίαν
3739 5216 3910 5287 φύσιν

2317 5316 2679 5386 ἐνδυσάμενος
2726 5313 2931 5386 σῶμα),
2960 5313 3169 5383 σαφῶς,
3202 5334 3219 5363 ι
3242 5311 3667 5381 Ἐπιγνὼσεσθε,
3712 5311 3907 5381 φησὶν,

2316 5410 2399 5462 ὅτι
2428 5407 2538 5476 ἐγὼ
2572 5406 2670 5478 μὲν
2697 5408 2755 5460 ὲν
2783 5406 2861 5477 τῷ
2891 5406 3086 5474 Πατρὶ,
3120 5406 3272 5476 ὑμεῖς
3299 5403 3355 5457 δὲ
3388 5404 3445 5455 ὲν
3475 5404 3621 5473 ἐμοὶ,
3651 5401 3811 5470 κάγὼ
3848 5404 3910 5455 ὲν

2318 5500 2466 5571 ὑμῖν.
2499 5517 2518 5550 ι
2546 5497 2941 5569 Διακεισόμεθα
2973 5497 3030 5551 δὲ
3061 5497 3217 5551 ταυτὶ
3240 5495 3377 5567 πρὸς
3404 5495 3551 5565 ἡμᾶς
3575 5496 3668 5547 τὸν
3697 5494 3912 5565 Κύριον

2317 5592 2511 5654 εἰπεῖν,
2536 5591 2632 5657 οὑχ
2666 5590 2751 5644 ἵνα
2784 5589 3092 5660 νομίζωμεν
3121 5588 3384 5660 ὑπάρχειν
3418 5586 3583 5642 αὑτὸν
3616 5588 3677 5641 ἐν
3701 5587 3930 5657 Hatp‘t,‘

702 5763 747 5795 τ’
777 5762 1011 5834 Philipp.
1043 5778 1102 5830 ιι,
1135 5760 1188 5828 6,
1221 5762 1273 5817 7.
1350 5763 1395 5796 ⁸⁸
1427 5762 1642 5821 Coloss.
1667 5780 1749 5831 ιιι,
1785 5767 1839 5833 ’5,
1870 5766 1922 5821 4.
2001 5768 2042 5800 ⁸¹
2074 5764 2207 5820 Phili

2345 5779 2429 5833 ιιι,
2460 5765 2550 5820 2|.
2620 5732 2675 5799 7"
2701 5765 2869 5821 Amos
2898 5780 2953 5833 ν,
2993 5764 3048 5821 8.
