4096 6472
193 361 314 420 I73

1219 376 1293 431 IN
1326 372 1612 431 JOANNIS
1655 370 2111 432 EVANGELIUM
2149 370 2278 426 LIB.
2314 372 2408 426 rx.

3359 370 3468 430 276

190 478 351 532 κατά
400 496 463 547 γε
503 481 593 535 τὸν
636 484 733 553 τῆς
775 486 994 558 ἀγάπης
1042 487 1219 556 λόγον,
1262 489 1448 561 ὥσπερ
1493 486 1585 544 οὖν
1620 490 1771 543 ἰδόκε

1896 488 1987 543 nis
2026 493 2265 541 mentem
2301 487 2426 541 huic
2457 493 2714 543 accurate
2741 466 3258 557 explicando'longe
3287 486 3467 557 impa-

192 573 317 633 τοῖς
356 570 426 623 δι’
472 573 716 638 ἐναντίας
755 581 1003 645 φρονεῖν,
1051 579 1187 633 ἀλλά
1238 582 1380 634 κατὰ
1412 581 1638 651 δύναμιν
1680 598 1784 649 μυ-

195 658 432 728 στηρίου
464 661 673 731 βαθέος,
725 664 753 717 6
799 668 890 719 καὶ
930 668 1121 738 νοῆσαι
1167 670 1265 739 μὲν
1315 671 1491 724 ἐκεῖνο
1531 668 1783 739 χαλεπὸν,

196 750 414 821 φράσαι
441 752 497 806 δὲ
525 754 587 807 οὐ
621 755 824 827 pastor
846 758 984 830 πλὴν
1012 760 1160 824 ὅπως
1178 760 1243 814 ἂν
1272 755 1384 825 οἷός
1418 778 1477 813 τε
1512 754 1786 830 ὦ,διηγεί-

198 838 331 893 σθαι
384 843 735 914 πειράσομαι.
781 848 893 919 Τῆς
933 849 1033 919 μὲν
1079 846 1173 904 οὖν
1217 850 1477 922 ἀκριϐοῦς
1516 849 1785 915 ἐκθέσεως

196 932 339 985 πολὺ
394 933 514 989 λίαν
557 937 821 1008 ἡττῆσθαι
863 942 1040 995 πάντα
1086 943 1212 996 νοῦν
1263 943 1632 1014 ὑπολαμϐάνω
1676 943 1784 995 τῶν

196 1024 295 1077 ἰπὶ
343 1025 468 1096 γῆς,
512 1028 590 1099 τῷ
641 1048 704 1099 γε
754 1033 861 1104 μὴν
905 1033 1092 1106 θερμῷ
1122 1035 1220 1106 τῆς
1251 1036 1490 1105 ἀγάπης,
1527 1036 1632 1089 κᾶν
1657 1035 1787 1104 γοῦν

200 1115 444 1186 μετρίως
489 1119 613 1173 ἰδεῖν
663 1139 722 1175 τε
772 1124 862 1176 καὶ
922 1126 1126 1197 φράσαι
1172 1126 1653 1198 παραθησόμενος,
1694 1127 1788 1180 νῦν

197 1206 405 1277 ἴδωμεν
436 1211 536 1281 τῆς
566 1213 660 1267 τοῦ
694 1215 1028 1285 Μονογενοῦς
1054 1218 1518 1289 ὲνανθρωπήσεως
1547 1218 1638 1272 τὸν
1663 1236 1779 1272 σκου

196 1296 321 1352 πόν.
349 1300 489 1372 Φέρε
520 1303 906 1378 δοκιμάσωμεν
934 1310 1033 1381 τὴν
1079 1310 1280 1376 αἰτίαν,
1317 1311 1386 1364 δι’
1408 1312 1474 1381 ἢν
1507 1312 1565 1364 ὲν
1602 1314 1784 1383 μορφῇ

195 1386 289 1439 τοῦ
321 1388 463 1443 Θεοῦ
499 1393 591 1445 καὶ
629 1396 840 1468 Πατρὸς
873 1399 1156 1471 ὑπάρχων,
1184 1401 1259 1465 ὡς
1290 1400 1445 1465 Θεὸς,
1475 1403 1574 1472 οὐχ
1609 1402 1783 1472 ἁρπα-

195 1478 337 1547 γμὸν
368 1482 610 1553 ἡγήσατο
633 1486 694 1540 τὸ
717 1484 857 1542 εἶναι
887 1490 979 1545 ἴσα
1005 1490 1142 1562 Θεῷ,
1166 1491 1281 1546 ἀλλ’
1304 1493 1495 1546 ἑαυτὸν
1520 1492 1775 1557 ἐκένωσε,

197 1574 630 1646 μρφὴννῶύλου
666 1580 866 1648 λαϐὼν,
906 1585 997 1636 καὶ
1031 1582 1290 1654 ὑπέμεινε
1326 1584 1559 1656 σταυρὸν
1594 1584 1782 1653 αἰσχύ-

196 1679 292 1732 νης
322 1672 762 1742 καταφρονήσας.
808 1675 997 1727 Ἔσται
1040 1676 1148 1746 γὰρ
1180 1675 1331 1729 οὕτω
1364 1679 1457 1730 καὶ
1493 1677 1645 1747 μόλις
1687 1676 1779 1728 εύ-

198 1755 483 1823 σύνοπτον,
514 1766 654 1817 κατά
695 1780 755 1832 γε
804 1765 864 1817 τὸ
913 1766 1209 1837 ἐγχωροῦν,
1253 1768 1371 1821 τῶν
1406 1769 1780 1840 προκειμένων

1891 593 2006 633 rem
2046 577 2378 641 existimem,
2423 577 2711 633 charitatis
2743 585 2926 631 tamen
2966 576 3179 632 fervore
3206 576 3341 633 illud
3368 592 3470 647 pro

1890 678 2081 724 nostra
2133 667 2511 724 mediocritate
2558 669 2886 739 exposituri,
2937 683 3085 723 nunc
3133 666 3469 723 incarnatio-

1889 760 1979 816 nis
2002 758 2285 831 ‘Unigeniti
2313 774 2541 831 scopum
2561 760 2865 815 videamus.
2896 759 3025 829 Age,
3056 772 3279 813 causam
3311 772 3468 812 scru~

1892 861 2096 915 temur,
2127 850 2200 905 ob
2228 866 2391 920 quam
2437 852 2490 905 in
2534 851 2713 906 forma
2750 849 2841 906 Dei
2883 866 2949 904 ac
2998 850 3177 905 Patris
3209 864 3341 904 cum
3376 864 3467 905 ean-

1890 956 1995 1008 set,
2027 950 2219 1012 utpote
2260 944 2422 1008 Deus,
2453 958 2563 999 non
2598 944 2846 1014 rapinam
2888 944 3192 997 arbitratus
3231 942 3306 998 sit
3343 955 3468 997 esse

1890 1053 1950 1093 se
2004 1035 2271 1105 aequalem
2337 1034 2469 1098 Deo,
2530 1036 2629 1090 sed
2689 1038 3046 1105 semetipsum
3108 1033 3467 1099 exinanierit,

1891 1127 2067 1181 forma
2119 1124 2265 1180 servi
2320 1135 2573 1195 accepta,
2606 1134 2659 1180 et
2707 1141 2929 1181 crucem
2991 1125 3289 1196 ignominia
3333 1139 3467 1179 con-

1892 1228 2096 1288 tempta
2147 1216 2453 1287 pertulerit.
2488 1215 2582 1272 Sic
2616 1217 2761 1272 enim
2810 1217 2890 1273 rei
2937 1218 3256 1287 propositas,
3289 1231 3467 1286 quan-

1890 1317 2007 1364 tum
2048 1319 2254 1366 nostrai
2293 1311 2442 1366 vires
2485 1311 2701 1373 ferunt,
2745 1310 2981 1365 altitudo
3026 1310 3251 1379 patebit.
3284 1311 3467 1380 Agno-

1890 1415 2116 1456 scemus
2151 1410 2332 1457 autem
2375 1402 2653 1471 quomodo
2689 1402 2763 1456 sit
2800 1400 2974 1455 Filius
3010 1402 3063 1453 in
3096 1399 3276 1464 Patre,
3307 1405 3466 1452 natu-

1889 1490 2083 1544 raliter
2112 1491 2397 1557 nimirum,
2438 1507 2549 1547 non
2585 1503 2766 1546 autem
2796 1490 2954 1561 juxta
3005 1492 3184 1544 [ictam
3216 1490 3362 1543 illam
3393 1487 3465 1541 ab

1887 1582 2223 1638 adversariis
2270 1600 2336 1640 ex
2381 1600 2450 1641 eo
2494 1584 2644 1655 quod
2692 1583 2873 1653 diligit
2907 1598 2970 1636 ac
3022 1581 3273 1650 diligitur
3318 1578 3463 1633 rela-

1888 1675 2116 1730 tionem.
2155 1674 2424 1731 Similiter
2464 1685 2519 1732 et
2552 1693 2654 1731 nos
2698 1674 2890 1730 eodem
2935 1673 3100 1727 modo
3131 1674 3182 1725 in
3231 1670 3373 1739 ipso,
3410 1678 3467 1723 et

1888 1769 2005 1838 ipse
2037 1770 2091 1822 im
2127 1769 2305 1825 nobis.

192 1852 252 1905 τὸ
286 1853 469 1923 βάθος.
517 1858 842 1929 Γνωσόμεθα
884 1862 937 1914 δὲ
993 1862 1113 1925 πῶς
1153 1864 1253 1934 μέν
1296 1866 1443 1917 ἔστιν
1482 1865 1510 1916 6
1579 1864 1706 1927 Υἱὸς
1757 1864 1815 1916 ἐν
1853 1864 2053 1933 Πατρὶ,
2085 1863 2327 1931 φυσικῶς
2358 1863 2596 1935 δηλονότι
2660 1863 2753 1916 καὶ
2788 1862 2849 1915 οὐ
2879 1861 3021 1915 κατά
3052 1876 3113 1926 γε
3143 1859 3241 1928 τὴν
3274 1860 3338 1910 ἐκ
3368 1857 3463 1910 τοῦ

193 1942 507 2011 ἀγαπᾶσθαι
561 1950 653 2002 καὶ
703 1950 921 2021 ἀγαπᾷν
963 1952 1341 2024 ὲπινοηθεῖσαν
1389 1953 1572 2023 σχέσιν
1624 1952 1776 2024 παρὰ
1812 1952 1920 2005 τῶν
1947 1953 2014 2006 δι’
2048 1952 2315 2017 ἐναντίας.
2360 1954 2545 2023 Ἡμεῖς
2578 1953 2635 2006 δὲ
2663 1948 2729 2005 αὖ
2774 1952 2938 2006 πάλιν
2980 1953 3036 2003 ἐν
3104 1949 3254 2020 αὐτῷ
3319 1942 3463 2001 κατὰ

192 2036 430 2093 τὸν-ἶσον
468 2044 689 2113 τρόπον,
732 2046 824 2099 καὶ
858 2048 1017 2109 αὐτὸς
1047 2048 1105 2100 ὲν
1134 2049 1285 2118 ἡμῖν.

259 2132 472 2185 οὐκοῦν
504 2135 631 2203 μίαν
667 2137 775 2205 μὲνι
808 2136 998 2209 ὥσπερ
1039 2139 1209 2210 ἀληθῆ
1246 2157 1305 2193 τε
1352 2142 1445 2194 καὶ
1478 2142 1773 2209 γενικωτά-

1948 2133 2231 2199 Quocirca
2256 2150 2421 2189 unam
2461 2134 2682 2204 quidem
2714 2150 2899 2189 veram
2944 2141 2996 2187 et
3033 2134 3342 2203 generalem
3371 2135 3459 2191 in-

190 2240 288 2291 την
342 2226 519 2278 αίτὲαν
568 2229 664 2298 τῆς
723 2230 1184 2301 ἑνανθρωπήσεως
1233 2232 1326 2286 τοῦ
1366 2233 1703 2303 Μονογενοῦς
1749 2234 1779 2285 ὁ

193 2314 355 2381 σοφὸς
404 2318 534 2385 ήμίν
580 2319 939 2391 ἐξηγούμενος
977 2323 1187 2388 Παῦλος
1239 2324 1512 2393 ἔφασικενο
1559 2345 1573 2376 ι
1618 2325 1778 2378 Εὐδό-

194 2422 329 2474 κησε
370 2406 481 2478 γὰρ
514 2409 543 2462 6
580 2409 713 2473 Θεὸς
750 2412 843 2464 καὶ
875 2413 1067 2485 Πατὴρ
1098 2416 1682 2485 ἀνακεφαλαιώσασθαι
1710 2417 1779 2470 τά

194 2498 371 2550 πάντα
404 2499 462 2551 ὲν
492 2498 570 2570 τῷ
596 2501 838 2573 Χριστῷ.
884 2523 906 2555 ι
933 2505 1043 2559 Καὶ
1091 2505 1172 2559 ὅτι
1229 2507 1291 2560 τὸ
1343 2508 1443 2576 τῆς
1475 2509 1775 2578 ἀνακεφα-

193 2590 497 2658 λαιώσσως
526 2592 699 2662 ϐνομά
740 2611 801 2648 τε
833 2595 927 2649 καὶ
959 2598 1196 2669 πρᾶγμα
1235 2598 1389 2667 δηλοῖ
1417 2599 1478 2653 τὸ
1512 2599 1777 2670 ἀνακομί-

195 2697 285 2733 σαι
309 2681 474 2735 πάλιν
500 2684 595 2737 καὶ
620 2683 909 2738 ἀναλαϐεῖν
934 2687 1013 2751 είς
1041 2688 1179 2759 ὅπερ
1205 2683 1275 2759 ἦν
1294 2690 1351 2741 ὲν
1378 2690 1522 2762 ἀρχῇ
1545 2690 1615 2744 τὰ
1639 2691 1775 2763 πρὸς

188 2772 453 2841 ἀνόμοιον
476 2774 865 2830 ικτιεπτωκότα
891 2776 1062 2841 τέλος.
1092 2775 1225 2831 Εἶτα
1263 2779 1389 2843 τοὺς
1414 2783 1513 2852 τῆς
1563 2783 1764 2836 ἀνακε-

188 2862 546 2931 φαλαιώσεως
586 2867 823 2937 τρόπους
844 2867 948 2922 ἀνά
977 2869 1141 2940 μέρος
1193 2871 1324 2940 ἡμῖν
1364 2872 1775 2928 ἀπολευκαίνειν

187 2955 410 3021 ἐθέλων,
453 2958 583 3011 ποτὶ
636 2960 735 3028 μὲν
771 2959 1007 3029 ἔφασκν
1048 2980 1068 3013 ι
1104 2961 1178 3015 Τὸ
1229 2963 1336 3035 γὰρ
1382 2962 1642 3018 ἀδύνατον
1680 2966 1772 3019 τοῦ

186 3047 377 3117 νόμου,
425 3050 485 3103 ιν
525 3042 570 3118 ᾧ
608 3050 825 3121 ήσθένει
868 3052 957 3106 διὰ
1006 3052 1106 3122 τῆς
1161 3055 1391 3127 σαρκὸς,
1431 3058 1461 3110 6
1512 3058 1643 3123 Θεὸς
1680 3059 1772 3113 τὸν

186 3137 386 3191 ἑαυτοῦ
417 3138 547 3193 Υίδν
575 3141 799 3210 πέμψας
842 3143 899 3195 ὲν
931 3144 1234 3215 ὁμοιώματι
1273 3148 1473 3217 σαρκὸς
1500 3149 1773 3219 ἁμαρτίας

184 3229 281 3281 καὶ
312 3229 441 3300 περὶ
470 3231 775 3301 ζάμαρτίας,
809 3234 1096 3305 κατέκρινε
1134 3235 1233 3306 τὴν
1276 3236 1553 3308 ἁμαρτίαν
1598 3242 1656 3294 ὲν
1700 3244 1770 3312 τῇ

188 3321 378 3388 σαρκὶ,
408 3320 497 3373 ἶνα
523 3321 585 3374 τὸ
604 3320 874 3394 δικαίωμα
917 3324 1011 3377 τοῦ
1041 3324 1205 3395 νόμου
1240 3327 1503 3401 πληρωθῇ
1534 3331 1591 3383 ὲν
1617 3332 1769 3402 ήμίν,

185 3412 301 3474 τοῖς
340 3411 416 3480 μὴ
446 3413 587 3466 κατά
609 3414 787 3486 σάρκα
819 3418 1230 3487 περιπατοῦσιν,
1257 3420 1392 3475 ἀλλὰ
1426 3421 1565 3474 κατὰ
1596 3423 1764 3476 πνεῦ-

1879 2227 2221 2282 carnationis
2258 2226 2539 2298 Unigeniti
2579 2242 2817 2283 causam
2842 2228 3064 2282 divinus
3109 2227 3313 2283 Paulus
3362 2246 3461 2284 no-

1879 2318 1964 2373 bis
1990 2333 2293 2388 exponens,
2328 2321 2510 2375 aiebat
2541 2339 2559 2374 :
2594 2338 2612 2371 ι
2642 2320 2853 2375 Placuit
2890 2320 3038 2373 enim
3074 2319 3184 2374 Deo
3211 2336 3275 2375 ac
3306 2320 3459 2377 Patri

1878 2407 2193 2465 instaurare
2228 2411 2415 2464 omnia
2453 2411 2512 2466 in
2546 2410 2773 2467 Christo
2792 2410 3008 2466 ".pUbi
3045 2412 3353 2468 instaurare
3373 2415 3456 2469 si-

1878 2505 2103 2573 gniﬁcat
2138 2506 2191 2559 in
2226 2506 2526 2576 pristinum
2585 2515 2789 2562 statum
2837 2522 3106 2562 revocare
3136 2524 3257 2577 qua:
3288 2508 3343 2563 in
3373 2509 3459 2564 di-

1879 2608 2099 2647 versum
2128 2595 2292 2664 plane
2322 2595 2531 2648 exitum
2565 2595 2902 2651 ceciderant.
2938 2596 3207 2653 Praeterea
3238 2597 3454 2652 instau-

1878 2684 2112 2739 rationis
2151 2684 2346 2739 modos
2395 2685 2682 2754 sigillatim
2720 2686 2879 2741 nobis
2927 2687 3117 2743 volens
3150 2689 3455 2758 explicare,

1877 2776 2042 2830 modo
2100 2776 2322 2845 quidem
2376 2777 2600 2832 aiebat:
2666 2777 2843 2832 «Nam
2907 2779 3055 2849 quod
3113 2780 3460 2851 impossibile

1875 2871 1996 2918 erat
2040 2865 2168 2935 legi,
2204 2866 2259 2920 in
2300 2882 2411 2935 quo
2461 2867 2845 2921 inﬂrmabalur
2895 2884 2993 2937 per
3023 2884 3270 2933 carnem,
3310 2869 3456 2926 Deus

1878 2954 2076 3011 Filium
2102 2972 2263 3012 suum
2300 2959 2529 3013 mittens
2564 2959 2618 3011 in
2655 2959 3073 3015 similitudinem
3108 2960 3293 3016 carnis
3323 2976 3453 3030 pec-

1877 3048 1985 3102 rati
2018 3056 2072 3103 et
2100 3048 2171 3105 de
2215 3056 2470 3117 peccatu,
2500 3048 2675 3118 820
2720 3050 3000 3104 damnavit
3053 3058 3340 3121 peccatum
3394 3052 3461 3105 in

1875 3155 2063 3203 carne,
2099 3148 2160 3195 ut
2184 3138 2512 3209 iustiﬁcatio
2545 3140 2680 3209 legis
2715 3139 3034 3210 impleretur
3056 3143 3113 3195 in
3144 3142 3323 3207 nobis,
3352 3143 3453 3212 qui

1877 3247 1984 3285 non
2018 3230 2325 3287 secundum
2372 3244 2603 3287 carnem
2626 3231 2995 3294 ambulamus,
3024 3233 3119 3288 sed
3144 3232 3453 3289 secundum

1878 3322 2143 3391 Spiritum
2167 3322 2248 3390 “;
2274 3341 2294 3374 ι
2329 3323 2492 3378 modo
2516 3337 2647 3377 vero
2673 3340 2866 3377 rursus
2892 3342 2905 3377 :
2939 3325 3106 3389 «Quia
3138 3339 3270 3395 ergo
3295 3326 3447 3394 pueri

1874 3414 2426 3470 communicaverunt
2457 3418 2614 3470 carni
2644 3424 2699 3471 et
2738 3417 3014 3486 sanguini,
3045 3425 3099 3471 et
3126 3416 3244 3487 ipse
3288 3416 3447 3471 simi-

189 3514 290 3566 μα’
334 3518 356 3551 ι
385 3500 517 3554 ποτὲ
561 3501 618 3555 δὲ
660 3503 875 3556 πάλιν-·-
900 3521 920 3555 ι
967 3504 1186 3577 Ἐπειδὴ
1215 3505 1325 3578 γάρ
1354 3506 1425 3561 τά
1458 3507 1645 3560 παιδία
1678 3525 1769 3561 κε·

1879 3506 2009 3561 liter
2043 3508 2394 3577 participavit
2423 3507 2656 3571 eisdem,
2692 3518 2752 3562 ut
2788 3523 2887 3579 per
2930 3516 3163 3563 mortem
3198 3508 3449 3564 destrue-

185 3589 491 3662 κοινώνηκε
522 3594 724 3665 σαρκὸς
750 3594 843 3648 καὶ
880 3597 1131 3666 αἵματος,
1167 3597 1257 3652 διὰ
1285 3598 1444 3653 τοῦτο
1483 3601 1577 3653 καὶ
1611 3601 1773 3664 αὐτὸς

188 3682 586 3752 παραπλησίως
620 3686 850 3758 μετέσχε
882 3688 990 3741 τῶν
1018 3688 1221 3753 αὐτῶν,
1252 3690 1340 3743 ἵνα
1370 3690 1460 3744 διὰ
1487 3691 1582 3745 τοῦ
1604 3691 1770 3745 θανά-

185 3790 287 3826 του
327 3777 653 3847 καταργήσῃ
679 3777 770 3829 τὸν
812 3778 874 3831 τδ
914 3780 1112 3850 κράτος
1149 3780 1342 3851 ἔχοντα
1385 3781 1481 3835 τοῦ
1518 3781 1768 3848 θανάτου,

184 3865 335 3918 τοῦτ’
363 3865 480 3919 ἐστι
509 3867 602 3919 τὸν
628 3868 889 3931 διάϐολον,
920 3872 1013 3924 καὶ
1054 3871 1337 3944 ἀπαλλάξῃ
1374 3872 1616 3939 τούτους,
1657 3875 1770 3929 ὅσοι

184 3956 343 4026 φόϐῳ
369 3956 597 4011 θανάτου
627 3958 715 4013 διὰ
756 3962 953 4024 παντὸς
996 3962 1091 4016 τοῦ
1132 3961 1232 4035 ζῇν
1275 3964 1451 4034 ἔνοχοι
1482 3960 1622 4036 ἦσαν
1653 3966 1772 4019 δου-

184 4047 363 4111 λείας.
388 4066 411 4099 ι
442 4050 555 4103 Καὶ
576 4050 670 4103 δύο
707 4050 805 4121 μιν
827 4053 1049 4114 τούτους
1080 4054 1331 4127 ἡμῖνλτῆς
1358 4056 1772 4125 ἀνακεφαλαιώο

185 4156 331 4203 σεως
372 4140 609 4211 τρόπους
653 4143 966 4212 ἀναγκαίως
1012 4144 1236 4215 ἔχοντας
1278 4147 1379 4217 τῆς
1420 4149 1768 4222 ὲνανθρωπή-

186 4247 329 4293 οξως
347 4227 453 4284 τοῦ
474 4232 811 4301 Μονογενοῦς
832 4234 923 4287 τὸν
952 4234 1109 4300 λόγον
1141 4237 1170 4289 6
1200 4236 1412 4299 Παῦλος
1435 4236 1767 4309 ἐξηγήσατο·

183 4322 395 4392 τρόπον
436 4322 493 4375 δὲ
534 4323 630 4377 ἐπὶ
670 4324 878 4388 τούτοις
922 4325 1031 4379 τῶν
1081 4326 1282 4398 ἑτέρων
1324 4330 1691 4400 περιεκτικὸν,
1742 4332 1771 4384 6

158 4413 359 4493 τσοφὸς
384 4414 773 4487 ιύαγγελιστὴς
810 4417 1081 4487 Ἰωάννης.
1103 4419 1308 4490 Γράφει
1336 4422 1444 4490 γάρ
1475 4421 1618 4475 οὕτω
1644 4424 1771 4494 περὶ

186 4503 465 4575 Χριστοῦο
498 4525 519 4557 ι
554 4507 648 4569 Εἰς
682 4507 751 4559 τά
801 4507 908 4561 ίδια
935 4503 1087 4579 ἦλθε,
1136 4507 1229 4562 καὶ
1268 4512 1317 4563 oi
1350 4509 1469 4563 ίδιοι
1508 4511 1669 4565 αὑτὸν
1708 4512 1767 4565 οὐ

187 4594 537 4664 παρέλαϐον⁸
562 4597 677 4651 ἇσοι
707 4597 764 4650 δὲ
795 4597 987 4651 ἔλαϐον
1030 4599 1213 4661 αὑτὸν,
1239 4599 1437 4653 ἔδωκεν
1468 4602 1650 4665 αὐτοῖς
1680 4603 1767 4667 ἑξ-

185 4686 382 4741 ουσίαν
427 4686 591 4740 τέκνα
636 4686 771 4741 Θεοῦ
825 4690 1097 4758 γενέσθαι,
1137 4694 1250 4754 τοῖς
1304 4674 1648 4747 πιστεύουσιν
1690 4696 1768 4758 είς

186 4779 239 4831 vi;
269 4777 654 4848 Menandrum
684 4780 734 4832 οἶ
761 4780 863 4834 οὐκ
887 4780 946 4845 ἐξ
968 4783 1234 4852 αἱμάτων,
1258 4783 1383 4836 οὐδὲ
1420 4786 1483 4837 ὲκ
1528 4784 1767 4855 θελήμα-

1876 3605 1959 3653 ret
1985 3613 2109 3651 eum
2156 3599 2249 3667 qui
2278 3598 2515 3653 habebat
2546 3600 2747 3654 mortis
2780 3599 3089 3669 imperium,
3123 3599 3185 3654 id:
3218 3608 3303 3655 est
3329 3599 3450 3654 dia-

1874 3688 2083 3753 bolum,
2108 3694 2163 3743 et
2193 3688 2452 3743 liberaret
2487 3701 2607 3749 eos,
2634 3688 2728 3758 qui
2758 3687 2959 3742 timore
3003 3688 3199 3742 mortis
3229 3703 3326 3758 per
3356 3694 3451 3742 to-

1874 3789 1985 3834 tam
2014 3779 2182 3833 vitam
2213 3778 2435 3833 obnoxii
2463 3786 2619 3834 erant
2649 3779 2901 3834 servituti
2925 3778 2995 3831 3‘.
3021 3796 3040 3829 ι
3070 3779 3136 3832 Et
3155 3778 3294 3832 duos
3317 3778 3449 3847 qui-

1874 3869 1999 3925 dem
2034 3870 2139 3924 hos
2174 3869 2337 3924 nobis
2374 3868 2793 3925 instaurationis
2828 3869 3019 3923 modus
3048 3866 3449 3923 incarnationis

1875 3960 2157 4032 Unigeniti
2200 3961 2476 4014 rationem
2508 3960 2825 4014 necessario
2852 3960 3203 4013 continentes
3239 3956 3449 4013 Paulus

1874 4054 2170 4126 exposuit;
2205 4054 2299 4109 sed
2358 4054 2581 4123 sapiens
2630 4053 2971 4124 evangelista
3020 4051 3279 4117 Joannes,
3324 4067 3451 4107 mo-

1873 4148 2004 4202 dum
2053 4154 2317 4216 prasterea
2358 4145 2454 4216 qui
2487 4153 2714 4201 caeteros
2747 4145 3146 4214 complectitur.
3176 4142 3267 4197 Sic
3295 4142 3444 4198 enim

1873 4237 2070 4294 scribit
2096 4236 2165 4292 de
2192 4234 2412 4291 Christo
2447 4252 2461 4289 :
2501 4253 2520 4286 ι
2548 4233 2608 4287 In
2653 4235 2876 4304 pmpria
2907 4234 3075 4297 venit,
3105 4242 3160 4289 et
3193 4234 3278 4288 sui
3316 4247 3455 4288 eum

1873 4341 1984 4381 non
2015 4332 2341 4395 receperunt
2373 4342 2385 4377 ε
2420 4330 2694 4393 (1110142111οι
2724 4332 2909 4377 autem
2942 4330 3269 4392 receperunt
3293 4338 3455 4388 eum,

1872 4414 2023 4469 dedit
2068 4414 2150 4469 eis
2205 4422 2528 4483 potestatem
2573 4412 2717 4466 ﬁlios
2752 4411 2846 4466 Dei
2887 4410 3023 4476 fieri,
3072 4411 3157 4464 his
3189 4412 3283 4481 qui
3322 4428 3444 4467 cre-

1871 4507 2015 4561 dunt
2064 4506 2120 4561 in
2174 4507 2396 4559 nomine
2447 4503 2615 4572 ejus:
2649 4503 2742 4574 qui
2795 4519 2907 4558 non
2952 4520 3016 4558 ex
3054 4505 3441 4573 sanguinibus,

1871 4612 2051 4667 neque
2069 4611 2139 4652 ex
2161 4596 2445 4652 voluntate
2469 4595 2676 4657 carnis,
2707 4609 2887 4663 neque
2913 4609 2981 4649 ex
3007 4594 3289 4649 voluntate
3314 4594 3443 4653 viri,

1872 4688 1966 4745 sed
1998 4705 2066 4743 ex
2096 4687 2208 4742 Deo
2242 4688 2357 4742 nati
2392 4695 2527 4743 sunt
2555 4688 2623 4742 “.
2654 4706 2681 4739 ι.
2716 4684 3064 4741 Manifestum
3098 4692 3184 4740 est
3226 4686 3445 4739 cunctis

1873 4782 2041 4852 igitur
2085 4795 2182 4836 eas
2230 4780 2469 4836 maxime
2516 4782 2588 4836 ob
2636 4795 2839 4835 causas
2890 4778 3268 4847 Unigenitum,
3314 4792 3459 4831 cum.

185 4886 273 4931 τος
319 4870 544 4940 σαρκὸς,
572 4870 693 4925 οὐδὲ
736 4872 801 4929 ἐκ
829 4871 1132 4942 θελήματος
1160 4873 1372 4945 ἀνδρὸς,
1396 4874 1517 4928 ἀλλ’
1539 4876 1603 4928 ὲκ
1630 4876 1765 4930 Θεοῦ

1879 4874 2017 4928 Deus
2049 4872 2121 4927 sit
2144 4882 2198 4927 et
2224 4886 2289 4926 ex
2320 4870 2433 4927 Deo
2458 4871 2759 4927 secundum
2796 4878 3051 4924 naturam
3076 4867 3329 4933 exsistat,
3357 4867 3441 4922 fa-

187 4960 580 5031 ἑγεννήθησαν.
621 4980 641 5013 ι
676 4962 948 5033 Πρόδηλον
975 4959 1068 5018 οὖν
1096 4963 1204 5035 ἄρα
1247 4964 1342 5017 καὶ
1375 4965 1561 5030 πᾶσιν,
1587 4958 1764 5035 οἶμαι,

186 5051 443 5120 διαφανὲς
474 5053 556 5106 ὅτι
586 5052 793 5106 τούτων
821 5052 985 5107 ῑνεκα
1027 5052 1092 5124 δὴ
1142 5053 1373 5124 μάλιστα
1402 5054 1511 5107 τῶν
1557 5056 1765 5120 αἰτιῶν,

188 5143 325 5206 Θεὸς
352 5142 448 5198 καὶ
482 5144 549 5197 ὲκ
586 5133 723 5197 Θεοῦ
780 5144 923 5198 κατὰ
960 5144 1122 5213 φύσιν
1171 5146 1451 5217 ὑπάρχων,
1485 5146 1770 5217 ἄνθρωπος

191 5234 414 5300 γέγονεν
454 5237 484 5288 6
525 5236 855 5305 Μονογενὴς,
893 5237 980 5290 ἵνα
1020 5235 1259 5307 δηλονότι
1314 5238 1618 5309 κατακρίνη
1670 5237 1767 5308 μὲν

192 5324 286 5395 τὴν
336 5326 607 5397 ἁμαρτίαν
640 5330 697 5379 ὲν
725 5330 795 5397 τῇ
847 5329 1028 5398 σαρκὶ,
1064 5330 1315 5402 νεκρὼσῃ
1342 5329 1399 5382 δὲ
1420 5329 1498 5399 τῷ
1531 5329 1645 5399 ἰδίῳ
1674 5328 1769 5381 θα-

192 5418 344 5487 νάτῳ
378 5418 472 5470 τὸν
500 5417 749 5485 θάνατον,
800 5419 895 5473 καὶ
940 5421 1090 5484 υἱοὺς
1126 5422 1272 5492 ἡμᾶς
1301 5420 1559 5494 ἀποδείξῃ
1605 5420 1763 5483 Θεοῦ,

195 5508 333 5576 πρὸς
358 5507 421 5561 τὸ
446 5508 587 5580 ὑπὲρ
612 5509 773 5578 φύσιν
800 5509 1017 5581 ἀξίωμα
1045 5513 1171 5575 τοὺς
1213 5512 1372 5576 ὄντας
1407 5513 1499 5567 ἐπὶ
1536 5512 1635 5583 τῆς
1656 5504 1768 5583 ’γῆς

196 5598 565 5670 ἀναγεννήσας
627 5601 687 5652 ὲν
734 5600 1031 5671 Πνεύματι.
1072 5598 1179 5655 Ἦν
1234 5602 1342 5674 γὰρ
1394 5602 1566 5675 δήπου
1591 5644 1606 5671 ,
1677 5604 1769 5661 καὶ

1873 4974 2022 5018 ctum
2049 4978 2172 5019 esse
2212 4963 2507 5027 hominem,
2540 4974 2599 5018 ut
2630 4962 2889 5016 nimirum
2918 4960 3209 5015 damnaret
3240 4976 3439 5030 pecca-

1874 5061 1989 5107 tum
2036 5054 2099 5106 iu
2136 5067 2309 5106 came
2345 5061 2400 5105 et
2444 5060 2619 5106 morte
2657 5066 2754 5106 sua
2815 5058 3051 5113 mortem
3107 5049 3438 5112 destrueret,

1877 5161 2087 5214 nosque
2137 5144 2229 5198 Dei
2278 5144 2419 5199 ﬁlios
2457 5142 2718 5209 alliceret,
2749 5158 2815 5197 ex
2850 5149 3069 5197 terrena
3115 5140 3443 5197 conditione

1876 5242 2233 5305 regeneratus
2260 5235 2318 5289 in
2350 5233 2583 5304 Spiritu.
2610 5231 2725 5289 Hoc
2764 5234 2911 5289 enim
2957 5231 3147 5303 utique
3178 5231 3342 5288 modo
3377 5232 3442 5286 li-

1876 5328 2034 5386 cebat
2081 5326 2398 5381 instaurare
2429 5332 2483 5381 et
2511 5324 2566 5380 in
2605 5324 2896 5395 pristinum
2941 5332 3145 5379 statum
3181 5338 3443 5379 revocare

1877 5422 2092 5490 lapsum
2141 5433 2316 5488 genus
2348 5416 2654 5473 hominum.
2693 5414 2909 5472 Rursus
2950 5430 3281 5484 unaquaque
3312 5429 3444 5469 cau-

1876 5526 2061 5571 sarum
2084 5510 2311 5565 istarum
2344 5508 2399 5563 in
2433 5507 2616 5563 medio
2643 5511 2876 5579 prolata,
2901 5514 3269 5564 consentanea
3300 5521 3444 5577 quaa-

1875 5599 2000 5658 dam
2026 5602 2295 5658 dicamus.

203 5689 343 5755 μάλα
368 5689 567 5755 καλῶς,
596 5691 736 5745 κατά
770 5693 979 5750 τουτονὶ
1015 5694 1109 5745 τὸν
1142 5695 1338 5764 τρόπον
1369 5694 1949 5763 ἀνακεφαλαιώσασθαι
2025 5693 2186 5745 πάλιν
2235 5694 2325 5746 καὶ
2376 5695 2456 5753 εἰς
2520 5692 2586 5749 ηδ
2619 5694 2841 5761 ἀρχαῖον
2911 5687 3196 5743 ἁναλαϐειν
3262 5701 3321 5738 το
3365 5684 3440 5739 δι-

268 5799 314 5831 ”
344 5798 544 5870 Ephes.
573 5818 613 5867 ι,
652 5804 734 5860 10.
818 5806 863 5836 ⁸³
894 5804 1053 5862 Rom.
1090 5822 1209 5873 νιιι,
1242 5809 1296 5872 3.
1331 5810 1381 5864 εί.
1461 5810 1503 5844 ⁵³
1538 5808 1700 5865 Hebr.
1740 5826 1773 5863 ιι

1879 5810 1927 5872 ι,
1961 5810 2047 5864 15.
2118 5809 2163 5837 ⁸⁸
2203 5807 2360 5860 Juan.
2403 5823 2437 5869 ι,
2477 5807 2659 5860 Η-ιδι
