4096 6480
191 360 300 416 277

193 564 331 617 ἀλλὰ
363 564 495 618 κατὰ
522 565 777 629 πολλούς·
812 569 978 640 μέρος
1012 588 1077 639 γε
1115 571 1222 643 μὴν
1244 573 1303 626 τὸ
1324 572 1432 626 τῶν
1461 574 1634 627 ἄλλων
1668 575 1770 645 μά·

197 664 354 707 Αιστα
392 652 815 722 διαφανέστατον
851 660 949 729 τῆς
994 661 1131 733 πρὸς
1175 662 1266 717 τὸν
1305 666 1606 735 ποιήσαντα
1637 665 1772 718 Θεὸν

198 744 511 815 ἐμφερείας,
554 746 615 799 τὸ
645 748 918 819 ἄφθαρτον
967 754 1061 806 καὶ
1110 754 1432 826 ἀνώλεθρον.
1481 755 1617 808 Ἀλλ’
1674 757 1774 808 οῦκ

198 832 280 895 ἂν,
314 828 490 904 οἶμαι,
515 836 643 888 ποτὲ
673 837 807 907 πρὸς
829 838 891 891 τὸ
912 839 1085 906 οὕτως
1115 842 1257 913 ἔχειν
1273 844 1531 899 δύνασθαι
1559 846 1617 897 τὸ
1635 846 1774 911 ζῶον

198 925 490 995 ἐξήρκεσεν
528 924 725 996 ἐαυτῷ,
777 928 919 983 κατά
978 948 1042 999 γε
1094 933 1186 986 τὸν
1237 938 1336 1005 τῆς
1387 935 1521 998 ίδίας
1560 935 1774 1004 φύσεως

198 1013 374 1081 λόγον.
403 1013 527 1077 Πῶς
553 1014 661 1085 γάρ
697 1015 764 1070 ἂν
798 1018 827 1070 6
865 1019 971 1072 άπὸ
1002 1021 1106 1089 γῆς
1137 1024 1194 1075 ἐν
1228 1023 1331 1094 ίδίᾳ
1380 1024 1538 1093 φύσει
1578 1026 1638 1078 τδ
1674 1026 1777 1095 τῆς

200 1106 505 1177 ἀφθαρσίας
528 1107 737 1179 ἐδείχθη
767 1108 904 1179 ἔχων
933 1111 1212 1183 καύχημα,
1247 1114 1320 1184 μὴ
1356 1115 1474 1185 οὐχὶ
1500 1115 1649 1186 παρὰ
1680 1115 1774 1169 τοῦ

201 1198 341 1251 κατὰ
373 1197 535 1266 φύσιν
577 1198 854 1270 ἀφθάρτου
895 1219 953 1255 τε
1004 1204 1099 1258 καὶ
1142 1204 1450 1276 ἁνωλέθρου
1483 1207 1638 1271 Θεοῦ,
1682 1207 1777 1260 καὶ

200 1287 461 1352 ὡσαύτως
484 1289 653 1353 δντως
682 1290 791 1355 ἀεὶ,
820 1292 948 1346 καθ’
963 1294 1251 1367 ὁμοιότητα
1295 1298 1402 1350 τῶν
1444 1297 1618 1351 ἄλλων
1644 1299 1781 1367 ἁγα-

200 1378 309 1430 θῶν
352 1380 449 1431 καὶ
473 1378 628 1433 τοῦτο
670 1380 1098 1453 πεπλουτηκώς;
1147 1404 1166 1435 ‹
1188 1385 1253 1438 ΤΞ
1292 1385 1399 1456 7&9
1432 1386 1595 1456 ἔχεις,
1623 1388 1651 1440 6
1679 1389 1780 1442 οῦκ

201 1470 392 1533 ἔλαϐες
418 1488 432 1535 ;
469 1490 485 1521 ι
518 1471 743 1535 εἰκότως
769 1489 833 1542 γε
863 1474 1064 1546 σφόδρα
1091 1478 1183 1530 καὶ
1208 1478 1427 1549 άληθῶς
1461 1480 1597 1550 πρὸς
1630 1481 1779 1549 ἡμᾶς

204 1560 305 1613 πού
339 1577 507 1632 φησιν
536 1563 565 1615 6
590 1560 875 1627 θεσπέσιος
899 1564 1125 1629 Παῦλος.
1154 1568 1272 1622 Ἵνα
1304 1568 1481 1623 τοίνυν
1513 1569 1571 1623 τὸ
1596 1570 1659 1623 ἐκ
1688 1569 1780 1622 τοῦ

208 1652 280 1721 μὴ
308 1652 465 1714 ὄντος
502 1653 795 1724 παροισθέν
818 1655 899 1717 είς
918 1656 1132 1723 γένεσιν
1160 1658 1233 1728 μὴ
1280 1659 1414 1729 πρὸς
1446 1660 1545 1730 τὴν
1576 1658 1781 1712 οίκείαν

206 1742 579 1809 ὑποωστῆσαν
606 1743 800 1814 ἀρχὴν,
832 1746 992 1799 πάλιν
1041 1748 1257 1819 οἴχηται
1309 1751 1445 1821 πρὸς
1483 1752 1543 1804 τὸ
1592 1751 1777 1822 μηδὲν,

208 1834 445 1905 σώζηται
482 1836 538 1889 δὲ
586 1838 782 1906 μᾶλλον
823 1816 1300 1913 διηνεκῶςλοῦτος
1353 1816 1465 1913 7&9
1512 1816 1667 1914 ἦν’ὁ-
1688 1844 1781 1897 τοῦ
1816 1816 1855 1871 Β

210 1927 506 1990 κτίσαντος
538 1928 779 1998 σκοπός)’
823 1930 1046 1999 μέτοχον
1078 1932 1239 1985 αὑτὸν
1272 1936 1369 2004 τῆς
1400 1935 1534 1998 ίδίας
1573 1936 1642 2004 φύ
1656 1953 1785 2001 ςεως

208 2014 462 2067 ἀποτελεῖ
497 2016 647 2080 Θεός.
690 2037 709 2069 ι
758 2019 1085 2090 Ἐνεφύσησε
1125 2022 1233 2094 7&9
1278 2024 1358 2086 είς
1408 2023 1467 2076 τὸ
1498 2025 1786 2095 πρόσωπον

210 2108 370 2160 αὑτοῦ
401 2109 571 2181 πνοὴν
596 2112 761 2181 ζωῆς,
798 2131 816 2163 ι
846 2113 990 2167 τοῦτ’
1019 2114 1134 2167 ἐστι
1172 2115 1231 2169 τὸ
1261 2114 1485 2186 Πνεῦμα
1508 2118 1602 2171 τοῦ
1633 2118 1782 2172 Υίοῦ.

211 2199 312 2250 Καὶ
341 2198 457 2267 γάρ
488 2201 634 2253 ἐστιν
666 2201 826 2265 αὐτὸς
874 2204 907 2273 ἡ
954 2201 1066 2273 ζωὴ
1100 2204 1237 2273 μετά
1284 2206 1516 2276 Πατρδς,
1548 2208 1787 2277 συνέχων

212 2290 285 2352 εἰς
310 2289 371 2342 τὸ
416 2286 557 2343 εἶναι
590 2291 658 2345 τὰ
683 2293 879 2347 πάντα.
917 2294 1161 2347 Κινεῐται
1188 2296 1297 2366 7&9
1338 2299 1395 2349 ἐν
1421 2298 1567 2368 αὐτῷ
1598 2316 1655 2351 τε
1695 2301 1791 2353 καὶ

214 2379 275 2449 ζῇ
302 2379 371 2431 τὰ
414 2380 562 2450 ζωῆς
589 2381 833 2447 δεκτικὰ,
861 2385 1003 2439 κατὰ
1054 2385 1152 2456 τὴν
1193 2386 1286 2439 τοῦ
1324 2388 1538 2441 Παύλου
1582 2392 1785 2462 φωνην.

214 2474 319 2525 Καὶ
351 2475 429 2543 μή
466 2490 550 2537 τις
571 2474 728 2543 ἡμῶν
765 2477 860 2529 ἐπὶ
879 2476 1051 2548 τούτῳ
1082 2478 1249 2549 ψευδῆ
1286 2481 1590 2551 κατηχείτω
1612 2482 1786 2549 λόγον,

216 2565 415 2632 οἰηθεὶς
447 2568 620 2619 εἰπεῖν
652 2568 712 2620 τὸ
746 2568 886 2621 θεῖον
917 2568 1221 2640 ἐμφύσημα
1248 2572 1530 2639 γεγονέναι
1570 2574 1645 2643 τῷ

216 2654 423 2725 ψυχήν⁸
465 2657 621 2710 τοῦτο
647 2658 755 2728 7&9
801 2660 862 2711 οὐ
901 2660 1099 2730 φαμὲν,
1142 2661 1385 2732 λογισμῷ
1425 2663 1624 2733 τοσῷδε
1656 2665 1793 2736 πρὸς

216 2748 308 2816 τὴν
348 2746 451 2799 τοῦ
506 2749 829 2819 πράγματος
873 2750 1134 2821 ἀλήθειαν
1178 2753 1703 2825 διακυϐερνώμενοι.·
1730 2757 1793 2809 Ei

219 2840 321 2910 7&9
351 2840 558 2894 οἴονταί
598 2857 742 2903 τινες
785 2840 845 2893 τὸ
883 2840 1024 2895 θεῖον
1064 2843 1365 2914 ἐμφύσημα
1401 2845 1649 2913 γενέσθαι
1686 2846 1793 2916 ψυ-

220 2928 335 2997 χὴν,
371 2927 681 2996 λεγέτωσαν
726 2932 858 3001 ἡμῖν
902 2933 1128 3003 πότερόν
1163 2950 1293 2986 ποτε
1324 2936 1647 3007 παρετράπη
1696 2938 1795 3007 τῆς

224 3018 353 3082 ἰδίας
406 3018 625 3088 φύσεως
670 3022 761 3075 καὶ
798 3022 1019 3090 γέγονεν
1069 3026 1146 3087 είς
1190 3024 1443 3097 ψυχὴν,ἢ
1488 3027 1794 3097 μεμένηκεν

1234 364 1304 419 IN
1338 365 1621 422 JOANNIS
1660 363 2105 421 EVANGELIUM
2142 364 2269 419 LIB.
2319 363 2408 419 IX.

191 475 291 543 τῆς
320 474 525 540 εἰκόνος
561 478 592 532 6
636 476 821 547 λόγος·
850 479 1014 535 είκὼν
1051 480 1161 553 7&9
1187 485 1247 535 οῦ
1289 484 1521 537 καθ’ἓνα
1549 484 1767 554 τρόπον,
1799 487 1843 541 Α
1874 480 2125 550 imaginis

3336 378 3443 434 278

2171 500 2183 536 ε
2242 482 2425 552 imago
2475 482 2677 551 quippe
2710 490 2795 537 est
2833 497 2942 538 non
2974 498 3084 539 uno
3114 485 3313 551 modo.
3348 493 3449 547 sed

1875 572 2166 641 pluribus;
2203 569 2297 627 sed
2327 587 2453 626 cum
2485 573 2681 644 opilice
2721 575 2828 631 Deo
2857 577 3445 637 similitudinismaxi-

1874 678 1960 716 me
1982 662 2216 719 illustris
2244 678 2370 733 pars
2392 678 2455 719 ea
2482 674 2586 731 est,
2618 667 2977 738 corruptione
3000 670 3261 725 nimirum
3285 680 3450 742 atque

1875 751 2103 806 interitu
2133 768 2350 808 vacare.
2380 753 2580 810 Verum
2615 772 2721 814 non
2752 759 3012 814 existimo
3036 762 3261 827 animal,
3295 774 3354 819 ut
3381 766 3461 820 ad

1874 861 1999 900 eum
2031 854 2237 901 statum
2266 849 2556 916 pervenire
2591 851 2810 921 possit,
2845 862 3058 909 natura:
3087 870 3201 911 sum
3233 856 3453 912 ratione

1876 952 1976 1007 par
2021 954 2262 1009 unquam
2302 939 2438 995 fore.
2479 941 2766 1007 Quomodo
2798 946 2944 1000 enim
2990 956 3246 1004 terrenus
3288 950 3454 1005 homo

1878 1036 2076 1084 natura
2110 1044 2209 1086 sua
2236 1030 2308 1084 ita
2332 1042 2687 1101 comparatus
2712 1035 2807 1098 sit,
2840 1044 2899 1089 ut
2932 1036 3456 1108 incorruptibilitate

1879 1123 2169 1192 glorietur,
2201 1123 2313 1177 nisi
2343 1138 2463 1178 eam
2498 1125 2569 1180 ab
2602 1125 2695 1181 illo
2728 1127 2822 1197 qui
2857 1128 3163 1183 secundum
3202 1139 3455 1184 naturam

1880 1230 2036 1270 suam
2096 1214 2533 1284 incorruptibilis
2582 1225 2639 1271 et
2696 1215 3025 1274 immortalis
3072 1229 3200 1286 est,
3252 1219 3459 1290 quique

1878 1305 2068 1362 eodem
2106 1321 2168 1363 se
2202 1305 2367 1362 modo
2409 1321 2631 1378 semper
2675 1307 2870 1372 habet,
2910 1310 3076 1380 822
3117 1310 3181 1365 ad
3218 1311 3450 1366 aliorum

1880 1400 2149 1454 bonorum
2186 1399 2609 1455 similitudinem
2655 1401 2821 1455 etiam
2871 1403 2974 1456 hoc
3012 1403 3085 1457 sit
3127 1405 3454 1460 assecutus?

1889 1509 1907 1541 ι
1926 1490 2065 1556 Quid
2084 1491 2230 1545 enim
2252 1490 2445 1555 habes,
2463 1491 2608 1562 quod
2636 1506 2746 1546 non
2783 1493 3063 1562 recepisti,
3091 1512 3108 1544 ι
3130 1496 3254 1561 jure
3284 1494 3452 1548 meri-

1883 1590 1939 1636 to
1969 1597 2033 1635 ac
2064 1597 2188 1636 vere
2222 1582 2400 1651 inquit
2420 1582 2489 1637 ad
2520 1597 2624 1637 nos
2656 1583 2885 1638 divinus
2912 1582 3117 1639 Paulus
3143 1584 3349 1640 alicubi
3376 1583 3461 1636 ⁸ίῖ

1881 1671 1962 1728 Νε
1990 1673 2158 1743 igitur
2182 1673 2234 1727 id
2264 1673 2409 1743 quod
2455 1688 2488 1727 e
2531 1673 2711 1727 nihilo
2743 1674 2798 1728 in
2831 1680 3015 1728 ortum
3043 1673 3304 1729 eductum
3336 1682 3459 1734 est.

1885 1766 1951 1820 ad
2003 1765 2337 1836 principium
2385 1780 2547 1820 suum
2603 1764 2858 1831 rediens,
2917 1780 3112 1821 rursus
3144 1765 3199 1820 in
3232 1764 3460 1820 nihilum

1885 1855 2045 1909 abeat
2071 1896 2089 1920 ,
2122 1855 2214 1911 sed
2248 1855 2429 1926 potius
2457 1864 2729 1926 perpetuo
2756 1864 3123 1910 conservetur
3150 1859 3167 1925 (
3192 1855 3281 1909 hic
3311 1856 3459 1910 enim

1892 1946 2174 2002 Creatoris
2197 1938 2401 2017 scapus
2433 1946 2561 2018 est),
2579 1946 2919 2018 'participem
2946 1962 3071 2002 eum
3110 1947 3292 2002 reddit
3318 1946 3471 2002 Deus

1887 2051 2000 2090 suae
2050 2044 2282 2091 naturm.
2332 2056 2351 2089 ι
2386 2036 2731 2093 1ηευίιιενίιι
2770 2038 2917 2092 enim
2952 2038 3049 2091 «in
3094 2037 3292 2093 faciem
3342 2037 3468 2107 ejus

1886 2128 2223 2195 spiraculum
2253 2127 2379 2183 vitae
2407 2130 2453 2160 "
2478 2168 2493 2192 ,
2524 2148 2554 2180 ι.
2588 2128 2692 2182 hoc
2723 2138 2805 2183 est
2840 2127 2961 2182 Eilii
3004 2126 3320 2197 Spiritum..
3346 2131 3467 2198 Ipso

1887 2218 2033 2270 enim
2061 2219 2170 2271 vita
2200 2229 2286 2273 est
2317 2234 2453 2272 cum,
2492 2217 2673 2282 Patre,
2700 2206 2753 2272 in
2782 2234 2905 2274 esse
2933 2219 3119 2272 omnia
3149 2223 3464 2275 contineat.

1890 2307 1953 2361 In
1975 2323 2042 2362 eo
2073 2307 2276 2379 quippe
2315 2318 2605 2365 moventur
2640 2324 2704 2364 ac
2739 2310 2931 2363 vivunt
2960 2324 3311 2381 quacunque
3342 2311 3483 2365 vitae

1890 2403 2019 2450 sunt
2060 2395 2285 2465 capacia
2314 2435 2328 2458 ,
2371 2395 2528 2465 juxta
2582 2394 2744 2451 Pauli
2782 2411 2973 2452 vocem
3010 2397 3075 2451 ”.
3112 2395 3304 2467 Neque
3337 2412 3473 2453 vero

1891 2486 2183 2556 quisquam
2217 2486 2311 2541 hic
2346 2487 2509 2543 nobis
2536 2486 2857 2557 obganniat,
2891 2503 3070 2558 neque
3104 2488 3208 2543 sibi
3241 2503 3472 2558 persua-
3500 2503 3519 2517 ·

1891 2579 2019 2634 deat
2070 2593 2173 2633 nos
2223 2578 2408 2633 dicere
2444 2578 2705 2633 divinum
2743 2578 2896 2634 illum
2954 2578 3199 2633 inﬂatum
3244 2579 3471 2635 animali

1892 2671 2175 2726 exstitisse
2199 2670 2436 2724 animam
2471 2686 2484 2723 :
2517 2682 2864 2739 nequaquam
2894 2668 3040 2723 enim
3070 2668 3176 2723 hoc
3209 2667 3497 2731 dicimus,-

1894 2758 2207 2814 istiusmodi
2239 2758 2448 2813 ratione
2474 2758 2541 2811 ad
2568 2758 2647 2812 rei
2670 2758 2950 2813 veritatem
2984 2756 3310 2811 ininstituti.
3333 2753 3496 2810 Nam.

1895 2851 1943 2906 si
1982 2849 2227 2904 divinum
2290 2849 2540 2904 inﬂatum
2600 2849 2840 2903 animam
2888 2849 3135 2902 nonnulli
3174 2848 3347 2902 fuisse
3373 2862 3474 2916 pu-

1896 2950 2016 2997 tant
2048 2982 2064 3008 ,
2101 2943 2288 2998 dicant
2329 2943 2492 2998 nobis
2519 2950 2701 2998 utrum
2735 2958 2764 2996 a
2802 2952 3002 2998 natura
3036 2957 3136 2998 sua
3177 2942 3476 2999 desciverit

1898 3042 1953 3090 et
1984 3034 2036 3088 in
2070 3034 2308 3089 animam
2344 3041 2587 3089 mutatus
2614 3033 2711 3098 sit,
2743 3048 2813 3089 an
2847 3034 2990 3089 idem
3015 3034 3070 3088 in
3098 3049 3158 3090 se
3186 3048 3473 3089 remanse-

222 3111 277 3163 ἐν
314 3112 604 3183 ταυτότητι
646 3116 711 3184 τῇ
759 3114 976 3169 ἐαυτοῦ.
1008 3117 1069 3169 El
1118 3117 1215 3187 μὲν
1246 3118 1354 3189 γὰρ
1402 3118 1583 3191 ἐροῦσι
1632 3138 1795 3191 μετα-

1900 3125 1990 3179 rit.
2020 3123 2154 3179 Nam
2184 3125 2230 3181 si
2260 3126 2611 3180 immutatum
2648 3139 2775 3180 esse
2812 3124 3003 3179 dicunt
3032 3133 3088 3180 et
3114 3140 3230 3181 sua:
3262 3133 3476 3180 natura:

221 3204 521 3273 τετράφθαι
555 3221 643 3257 ⁴πτοι
676 3206 770 3258 καὶ
817 3206 907 3258 τὸν
935 3207 1032 3278 τῆς
1084 3208 1217 3272 ἰδίας
1249 3208 1462 3278 φύσεως
1494 3212 1798 3281 παρελάσαι

225 3296 445 3365 θεσμὸν,
498 3296 903 3367 δυσφημοῦντες
953 3298 1282 3352 ἁλώσονταιν
1319 3303 1555 3373 τρεπτὴν
1602 3304 1708 3374 7&9
1752 3306 1802 3358 εἰ

226 3383 332 3457 [γρ.
362 3381 532 3457 εἶναι]
581 3387 796 3452 πάντως
842 3388 1048 3458 ἐροῦσι,
1099 3390 1197 3460 τὴν
1242 3391 1507 3461 ἄτρεπτον
1557 3395 1649 3446 καὶ
1692 3394 1802 3448 ὠσ-

228 3477 399 3542 αύτως
434 3478 660 3549 ἔχουσαν
683 3480 769 3532 ἀεὶ
797 3482 977 3549 φύσιν.
1006 3482 1067 3534 El
1096 3481 1150 3534 δὲ
1181 3484 1504 3556 παρετράπη
1531 3485 1801 3556 οὐδαμῶς,

227 3568 593 3639 διαμεμένηκε
626 3570 679 3623 δὲ
720 3570 863 3623 τοῦθ’
892 3573 1028 3645 ὅπερ
1071 3569 1139 3644 ἧν
1172 3575 1257 3627 ἀεὶ
1286 3575 1544 3645 προελθὸν
1576 3580 1639 3630 ὲκ
1668 3578 1803 3631 Θεοῦ

229 3662 285 3714 τὸ
312 3662 621 3733 ἐμφύσημα
650 3662 835 3729 αὐτοῦ,
864 3665 980 3727 πῶς
1009 3665 1200 3735 ἐξέστη
1241 3667 1375 3737 πρὸς
1407 3669 1680 3738 ἁμαρτίαν
1712 3670 1806 3723 καὶ

231 3753 496 3823 τοσαύτης
530 3754 714 3806 παθῶν
744 3755 1006 3825 διαφορᾶς
1050 3756 1240 3824 γέγονε
1275 3758 1554 3825 δεκτικόν;
1586 3760 1659 3812 Οὐ
1698 3760 1808 3831 7&9

231 3845 395 3915 δήπου
466 3848 622 3915 φαῖεν
654 3846 720 3902 ἂν
773 3846 849 3909 ὡς
892 3847 1095 3901 ἔνεστιν
1124 3849 1261 3913 ὅλως
1292 3852 1358 3919 τῇ
1407 3849 1524 3920 θεία
1558 3850 1715 3918 φύσει
1748 3851 1808 3904 τὸ

231 3936 488 3990 δύνασθαι
536 3938 893 4008 πλημμελεῖν.
934 3940 1074 3991 Ἀλλ’
1116 3940 1204 3993 ἵνα
1264 3939 1339 4010 μὴ
1385 3944 1620 4011 μακραῖς
1676 3942 1809 3994 ἀπο-

233 4028 461 4095 δείξεσιν
491 4030 584 4082 ἐπὶ
620 4030 793 4101 τούτῳ
827 4030 1097 4103 χρώμενοι
1140 4031 1231 4083 τὸν
1278 4034 1390 4095 τοῖς
1431 4033 1810 4105 προκειμένοις

234 4122 674 4193 χρεωστούμενον
706 4123 1101 4195 παρελάσωμεν
1129 4122 1305 4191 λόγον,
1331 4124 1475 4195 φημὶ
1501 4125 1608 4177 δεῖν
1637 4127 1811 4179 ἐκεῖνο

236 4215 389 4268 πάλιν
419 4214 790 4278 ἀναλαόόντας
816 4215 1012 4279 είπεῖν,
1039 4213 1113 4278 ὼς
1159 4214 1259 4267 οὐκ
1291 4213 1377 4276 ἂν,
1403 4212 1576 4286 οἶμαι,
1613 4217 1695 4279 τὶς
1724 4218 1811 4269 εύ-

237 4307 450 4377 φρονῶν
476 4307 537 4361 τὸ
564 4308 627 4359 ἐκ
661 4306 760 4377 τῆς
790 4306 937 4370 θείας
978 4306 1165 4370 οὐσίας
1208 4305 1468 4377 προελθὸν
1513 4306 1812 4378 ἐμφύσημα

236 4398 403 4470 ψυχὴν
436 4400 599 4453 οἴοιτο
630 4398 881 4466 γενέσθαι
914 4396 990 4468 τῷ
1016 4396 1160 4469 ζὼῳ,
1186 4397 1491 4468 ψυχωθέντι
1521 4398 1576 4450 δὲ
1611 4398 1812 4469 μᾶλλον

1902 3216 2072 3287 legem
2104 3226 2548 3287 praetergressum
2578 3254 2594 3280 ,
2652 3214 3003 3284 blasphemia:
3033 3216 3432 3270 convincentur
3457 3233 3475 3268 :

1903 3307 2218 3363 mutabilem
2250 3308 2398 3363 enim
2434 3306 2632 3377 utique
2669 3306 2863 3361 dicent,
2897 3305 3296 3360 immutabilem
3328 3305 3475 3359 illam

1903 3408 1957 3454 et
1986 3399 2154 3454 simili
2186 3398 2351 3453 modo
2385 3413 2601 3468 semper
2646 3412 2707 3454 se
2740 3396 3033 3452 habentem
3068 3405 3344 3451 naturam.
3377 3394 3476 3449 Sin

1904 3497 2086 3544 autem
2141 3489 2291 3544 nullo
2324 3489 2503 3545 modo
2528 3494 2774 3542 mutatus
2810 3496 2923 3551 est,
2973 3487 3069 3542 sed
3121 3484 3387 3542 remansit
3421 3483 3479 3538 id

1903 3580 2050 3651 quod
2077 3590 2195 3634 erat
2224 3596 2441 3651 semper
2464 3596 2530 3635 ex
2567 3579 2678 3635 Deo
2710 3578 3019 3650 procedens
3049 3578 3141 3633 ille
3168 3576 3290 3647 ejus
3319 3574 3483 3630 inﬂa-

1906 3681 2015 3734 tus.
2047 3671 2327 3743 quomodo
2354 3671 2706 3742 degeneravit
2742 3670 2799 3723 in
2840 3676 3123 3739 peccatum
3164 3677 3219 3723 et
3270 3674 3477 3721 tantam

1907 3764 1963 3818 in
1998 3779 2057 3819 se
2095 3765 2376 3818 malorum
2397 3764 2719 3817 varietatem
2753 3760 3042 3831 suscepit?
3080 3758 3191 3814 Nec
3222 3760 3369 3815 enim
3396 3758 3481 3813 diq-

1909 3856 2127 3919 xerint,
2178 3856 2414 3925 opinor,
2448 3863 2704 3909 naturam
2745 3852 2989 3909 divinam
3028 3866 3259 3923 peccare
3291 3865 3489 3920 posset-

1911 3946 2021 4003 Sed
2060 3963 2127 4002 ne
2165 3946 2345 4016 longis
2378 3944 2961 4001 demonstrationihus
2983 3950 3201 3999 utentes
3238 3940 3479 3998 debitam

1910 4037 2041 4092 huic
2090 4037 2211 4091 loco
2250 4037 2518 4091 rationem
2558 4042 2983 4105 praetereamus,
3023 4033 3157 4089 illud
3187 4032 3369 4088 denuo
3396 4046 3482 4087 rc-

1911 4136 2037 4199 peto
2062 4168 2081 4193 ,
2128 4128 2402 4183 neminem
2455 4143 2603 4183 sana:
2652 4127 2855 4183 mentis
2894 4126 3338 4182 existimaturum
3378 4139 3483 4178 un-

1910 4234 2074 4289 quam
2112 4216 2380 4282 inﬂatum,
2408 4234 2476 4273 ex
2504 4218 2689 4274 divina
2724 4217 3034 4273 substantia
3072 4215 3507 4286 procedentem,

1912 4291 2134 4360 animali
2166 4306 2449 4362 exstitisse
2472 4308 2733 4372 animam,
2768 4304 2866 4362 sed
2891 4305 3133 4360 animato
3166 4303 3350 4374 potius
3373 4340 3389 4366 ,
3430 4308 3487 4357 et

1915 4397 1982 4451 ad
2015 4398 2404 4468 proprietatem
2432 4406 2642 4453 natura:
2675 4397 2928 4468 perfecta:
2956 4413 3023 4453 ex
3049 4396 3233 4451 anima
3263 4402 3321 4450 et
3355 4409 3483 4449 cor-

240 4489 330 4541 καὶ
375 4488 519 4559 πρὸς
568 4488 806 4559 ἰδιότητα
845 4489 943 4558 τῆς
987 4488 1199 4550 τελείας
1253 4488 1467 4557 φύσεως
1513 4487 1579 4541 δι’
1614 4490 1798 4559 άμφοῖι

1922 4502 2053 4557 pore
2090 4486 2364 4551 deducto,
2393 4497 2605 4544 natura:
2632 4502 2746 4543 suae
2790 4486 3064 4558 quoddam
3096 4485 3265 4541 veluti
3302 4484 3486 4554 signa-

240 4577 547 4649 ἁφιγμένῳ,
576 4578 751 4649 ψυχῆς
799 4578 863 4649 δὴ
912 4577 1054 4647 λέγω
1096 4578 1192 4631 καὶ
1246 4577 1516 4649 σώματος,
1564 4578 1813 4650 καθάπερ

241 4670 356 4723 τινα
406 4670 680 4740 σφραγῖδα
727 4672 826 4740 τῆς
870 4669 1061 4723 ἐαυτοῦ
1101 4669 1312 4739 φύσεως
1352 4670 1613 4740 ὲνέπηξεν
1644 4673 1672 4723 6
1713 4673 1815 4741 Δη-

246 4758 505 4829 μιουργδς
534 4759 593 4811 τὸ
632 4758 855 4828 Πνεῦμα
882 4758 942 4811 τὸ
975 4760 1147 4825 ἅγιον,
1180 4758 1323 4810 τοῦτ’
1353 4758 1486 4822 ἔστι,
1520 4758 1614 4828 τὴν
1646 4761 1814 4831 πνοὴν

244 4851 336 4920 τῆς
386 4850 560 4919 ζωῆς,
605 4850 670 4903 δι’
700 4844 769 4921 ἦς
817 4850 953 4920 πρὸς
1009 4849 1070 4903 τὸ
1123 4851 1427 4920 ἀρχέτυπον
1471 4849 1817 4905 διεπλάττετο

248 4944 465 5009 κάλλος,
504 4942 814 4997 άπετελεῖτο
868 4942 926 4996 δὲ
969 4943 1088 4996 κατ’
1127 4942 1308 4996 εἰκόνα
1358 4941 1451 4993 τοῦ
1494 4942 1816 5007 κτίσαντος,

252 5038 381 5107 πρὸς
411 5039 593 5091 πᾶσαν
638 5035 778 5089 ίδέαν
827 5035 1025 5105 ἀρετῆς
1053 5035 1277 5106 δυνάμει
1307 5034 1401 5088 τοῦ
1428 5034 1819 5101 ἐνοικισθέντος

253 5127 395 5197 αὺτῷ
433 5126 892 5197 διακρατούμενος
939 5125 1270 5197 Πνεῦματος.
1312 5126 1529 5197 Ἐπειδὴ
1563 5126 1620 5180 δὲ
1659 5126 1819 5179 αῦτοο

255 5218 571 5289 προαίρετος
602 5216 698 5280 ὢν,
726 5219 820 5272 καὶ¹
849 5217 947 5281 τάς
979 5218 1088 5270 τῶν
1132 5218 1274 5271 ἰδίων
1306 5216 1628 5289 θελημάτων
1657 5235 1821 5272 πεπιο

259 5310 543 5377 στευμένος
573 5311 729 5379 ἡνίας
757 5309 944 5379 (μοῖρα
990 5309 1097 5378 γὰρ
1135 5309 1233 5379 τῆς
1279 5310 1485 5373 εἰκόνος
1528 5310 1619 5364 καὶ
1655 5309 1823 5379 αὐτή*

260 5400 657 5465 κατεξουσιάζει
700 5399 807 5471 7&9
849 5401 957 5453 τῶν
1010 5401 1225 5453 οἰκείων
1279 5400 1600 5471 θελημάτων
1646 5401 1823 5467 Θεὸς),

260 5490 468 5561 ἐτράπη
518 5492 611 5545 καὶ
667 5493 923 5545 πέπτωκε
973 5492 1052 5562 (τὸ
1092 5492 1148 5544 δὲ
1198 5493 1365 5556 ὅπως,
1400 5494 1435 5563 ἡ
1477 5492 1591 5547 Θεία
1636 5493 1675 5545 Γ
1682 5492 1823 5564 ραφὴ

262 5582 572 5638 διδασκέτω·
603 5586 776 5656 σαφὴς
803 5585 910 5656 γάρ
951 5586 979 5637 6
1025 5585 1154 5656 περὶ
1184 5584 1375 5639 τούτου
1406 5584 1536 5656 παρ’
1564 5586 1701 5657 αὐτῇ
1736 5585 1823 5639 λό-

344 5758 384 5793 "
428 5761 594 5817 ICor.
628 5779 698 5827 tv,
736 5762 783 5815 7.
861 5763 902 5796 ⁹¹
943 5764 1076 5818 Gen.
1113 5778 1171 5827 ιι,
1203 5761 1252 5815 7.
1332 5763 1375 5795 ⁸³
1416 5762 1535 5816 Act.
1570 5778 1700 5825 xvn,
1725 5763 1815 5818 28.

1919 4577 2104 4631 culum
2137 4576 2456 4633 Creatorem
2485 4577 2873 4649 impressisse,
2908 4584 3160 4633 sanctum
3197 4574 3507 4645 Spiritum,

1920 4669 1971 4723 id
2009 4677 2094 4724 est
2122 4670 2459 4739 spiraculum
2485 4672 2644 4735 vitae,
2690 4685 2790 4741 per
2814 4670 2971 4739 'quod
3009 4669 3077 4723 ad
3118 4667 3509 4737 exemplarem-

1922 4759 2201 4830 archetypi
2235 4759 2697 4830 pulchritudinem
2729 4758 3023 4815 l‘ormatum
3051 4765 3158 4820 est,
3182 4763 3239 4812 et
3268 4755 3335 4808 ad
3361 4756 3488 4808 ima-
3512 4790 3517 4795 ι

1918 4851 2101 4920 ginem
2125 4850 2405 4907 Creatoris
2439 4850 2744 4921 perfectum
2776 4849 2845 4903 ad
2876 4864 3096 4904 omnem
3122 4846 3343 4901 virtutis
3368 4860 3488 4915 spe-

1923 4942 2065 4997 ciem
2100 4941 2153 4996 vi
2189 4941 2554 4997 inhahitantis
2585 4940 2641 4995 in
2676 4954 2742 4996 eo
2785 4938 3024 5010 Spiritus
3050 4937 3503 4995 corroboratum..

1926 5032 2032 5089 Sed
2068 5042 2380 5104 postquam,
2412 5048 2527 5089 suae
2550 5032 2764 5103 spontis
2793 5047 2918 5087 cum
2950 5040 3097 5089 esset
3137 5044 3359 5101 suaaque
3393 5042 3490 5083 vo-

1926 5126 2161 5182 luntatis
2189 5126 2435 5183 habenas
2470 5132 2682 5181 teneret
2731 5125 2905 5195 (pars
2938 5124 3087 5180 enim
3125 5122 3230 5179 ista
3271 5133 3493 5191 quoque

1924 5227 2009 5274 est
2041 5219 2336 5289 imaginis:
2382 5234 2511 5275 nam
2558 5233 2674 5275 suae
2702 5217 2969 5273 voluntati
2997 5215 3143 5273 Deus
3177 5210 3491 5285 imperat).

1926 5320 2195 5367 mutatum
2240 5319 2327 5367 est
2367 5324 2434 5365 ac
2480 5310 2687 5365 cecidit
2735 5309 2885 5380 (quo
2920 5316 3079 5379 pacto
3103 5320 3231 5363 vero
3254 5346 3270 5370 ,
3308 5302 3525 5360 divina~

1928 5402 2213 5473 Scriptura
2234 5403 2449 5470 doceat,
2484 5403 2541 5457 in
2570 5416 2677 5473 qua
2704 5401 2757 5457 id
2780 5401 3072 5459 manifeste
3094 5397 3425 5455 describitur
3440 5395 3517 5465 )4.

1926 5494 1981 5548 in
2024 5495 2188 5565 823
2236 5493 2532 5565 pristinum
2583 5500 2787 5548 statum
2832 5499 3084 5545 naturam
3135 5487 3505 5543 hominis-in-

1926 5594 2178 5641 staurare
2208 5585 2393 5641 denuo
2417 5584 2660 5641 decrevit
2709 5591 2763 5640 ct
2795 5577 3368 5655 aggressusestDous
3394 5640 3403 5645 ,
3425 5590 3492 5631 ac
