  <div class='ocr_page' id='page_1' title='image "/cluster/home/n/w/nwhite01/storage/ocr_20150623/74/hvd.32044019207919/159.png"; bbox 0 0 4096 6482; ppageno 0'>
   <div class='ocr_carea' id='block_1_1' title="bbox 673 310 777 367">
    <p class='ocr_par' dir='ltr' id='par_1_1' title="bbox 673 310 777 367">
     <span class='ocr_line' id='line_1_1' title="bbox 673 310 777 367; baseline -0.038 -1"><span class='ocrx_word' id='word_1_1' title='bbox 673 310 777 367; x_wconf 70' lang='lat' dir='ltr'><strong>I79</strong></span> 
     </span>
    </p>
   </div>
   <div class='ocr_carea' id='block_1_2' title="bbox 1667 315 3882 384">
    <p class='ocr_par' dir='ltr' id='par_1_2' title="bbox 1667 315 3882 384">
     <span class='ocr_line' id='line_1_2' title="bbox 1667 315 3882 384; baseline 0.008 -17"><span class='ocrx_word' id='word_1_2' title='bbox 1667 315 1722 370; x_wconf 88' lang='lat' dir='ltr'><strong>S.</strong></span> <span class='ocrx_word' id='word_1_3' title='bbox 1767 315 2038 370; x_wconf 76' lang='lat' dir='ltr'><strong>CYRILLI</strong></span> <span class='ocrx_word' id='word_1_4' title='bbox 2077 317 2542 376; x_wconf 78' lang='lat' dir='ltr'><strong>ALEXANDRINI</strong></span> <span class='ocrx_word' id='word_1_5' title='bbox 2581 319 2901 377; x_wconf 77' lang='lat' dir='ltr'><strong>ARCIIIEP.</strong></span> <span class='ocrx_word' id='word_1_6' title='bbox 3797 325 3882 384; x_wconf 63' lang='lat'><strong>380</strong></span> 
     </span>
    </p>
   </div>
   <div class='ocr_carea' id='block_1_3' title="bbox 672 422 2244 510">
    <p class='ocr_par' dir='ltr' id='par_1_3' title="bbox 672 422 2237 503">
     <span class='ocr_line' id='line_1_3' title="bbox 672 422 2237 503; baseline 0.006 -24"><span class='ocrx_word' id='word_1_7' title='bbox 672 423 832 479; x_wconf 84' lang='lat' dir='ltr'><strong>Pater</strong></span> <span class='ocrx_word' id='word_1_8' title='bbox 863 422 916 478; x_wconf 91' lang='lat' dir='ltr'><strong>iu</strong></span> <span class='ocrx_word' id='word_1_9' title='bbox 941 423 1157 483; x_wconf 82' lang='lat' dir='ltr'><strong>Christo</strong></span> <span class='ocrx_word' id='word_1_10' title='bbox 1177 428 1224 460; x_wconf 76' lang='lat'><strong>“</strong></span> <span class='ocrx_word' id='word_1_11' title='bbox 1245 468 1261 493; x_wconf 94' lang='lat'><strong>,</strong></span> <span class='ocrx_word' id='word_1_12' title='bbox 1295 437 1349 484; x_wconf 91' lang='lat' dir='ltr'><strong>et</strong></span> <span class='ocrx_word' id='word_1_13' title='bbox 1377 431 1524 500; x_wconf 87' lang='lat' dir='ltr'><strong>quod</strong></span> <span class='ocrx_word' id='word_1_14' title='bbox 1561 433 1771 500; x_wconf 89' lang='lat' dir='ltr'><strong>voluit,</strong></span> <span class='ocrx_word' id='word_1_15' title='bbox 1802 433 2055 503; x_wconf 78' lang='lat' dir='ltr'><strong>perfecit.</strong></span> <span class='ocrx_word' id='word_1_16' title='bbox 2090 435 2237 500; x_wconf 88' lang='lat' dir='ltr'><strong>Quo-</strong></span> 
     </span>
    </p>
   </div>
   <div class='ocr_carea' id='block_1_4' title="bbox 2343 422 3884 510">
    <p class='ocr_par' dir='ltr' id='par_1_4' title="bbox 2343 436 3884 510">
     <span class='ocr_line' id='line_1_4' title="bbox 2343 436 3884 510; baseline 0.004 -18"><span class='ocrx_word' id='word_1_17' title='bbox 2343 441 2478 509; x_wconf 89' lang='grc' dir='ltr'>γος)·</span> <span class='ocrx_word' id='word_1_18' title='bbox 2505 440 3086 508; x_wconf 77' lang='grc' dir='ltr'><strong>ἀνακεφαλαιώσασθαι</strong></span> <span class='ocrx_word' id='word_1_19' title='bbox 3121 439 3283 492; x_wconf 76' lang='grc' dir='ltr'>πάλιν</span> <span class='ocrx_word' id='word_1_20' title='bbox 3311 438 3408 510; x_wconf 82' lang='grc' dir='ltr'>τὴν</span> <span class='ocrx_word' id='word_1_21' title='bbox 3440 436 3729 508; x_wconf 74' lang='grc' dir='ltr'>ἀνθρώπου</span> <span class='ocrx_word' id='word_1_22' title='bbox 3753 443 3884 510; x_wconf 78' lang='grc' dir='ltr'>φύσιν</span> 
     </span>
    </p>
   </div>
   <div class='ocr_carea' id='block_1_5' title="bbox 673 514 2239 585">
    <p class='ocr_par' dir='ltr' id='par_1_5' title="bbox 673 514 2239 585">
     <span class='ocr_line' id='line_1_5' title="bbox 673 514 2239 585; baseline 0.006 -15"><span class='ocrx_word' id='word_1_23' title='bbox 673 528 798 570; x_wconf 82' lang='lat' dir='ltr'><strong>nam</strong></span> <span class='ocrx_word' id='word_1_24' title='bbox 832 514 999 585; x_wconf 90' lang='lat' dir='ltr'><strong>igitur</strong></span> <span class='ocrx_word' id='word_1_25' title='bbox 1038 518 1202 573; x_wconf 91' lang='lat' dir='ltr'><strong>modo</strong></span> <span class='ocrx_word' id='word_1_26' title='bbox 1226 516 1428 574; x_wconf 79' lang='lat' dir='ltr'><strong>factum</strong></span> <span class='ocrx_word' id='word_1_27' title='bbox 1466 519 1517 575; x_wconf 88' lang='lat' dir='ltr'><strong>id</strong></span> <span class='ocrx_word' id='word_1_28' title='bbox 1552 521 1760 585; x_wconf 76' lang='lat' dir='ltr'><strong>fuerit,</strong></span> <span class='ocrx_word' id='word_1_29' title='bbox 1805 535 2239 580; x_wconf 77' lang='lat' dir='ltr'><strong>consentaneum</strong></span> 
     </span>
    </p>
   </div>
   <div class='ocr_carea' id='block_1_6' title="bbox 670 607 2242 680">
    <p class='ocr_par' dir='ltr' id='par_1_6' title="bbox 670 607 2242 680">
     <span class='ocr_line' id='line_1_6' title="bbox 670 607 2242 680; baseline 0.008 -22"><span class='ocrx_word' id='word_1_30' title='bbox 670 611 756 658; x_wconf 84' lang='lat' dir='ltr'><strong>est</strong></span> <span class='ocrx_word' id='word_1_31' title='bbox 778 607 1114 676; x_wconf 78' lang='lat' dir='ltr'><strong>perspicere.</strong></span> <span class='ocrx_word' id='word_1_32' title='bbox 1134 608 1249 664; x_wconf 86' lang='lat' dir='ltr'><strong>Non</strong></span> <span class='ocrx_word' id='word_1_33' title='bbox 1270 618 1484 680; x_wconf 85' lang='lat' dir='ltr'><strong>poterat</strong></span> <span class='ocrx_word' id='word_1_34' title='bbox 1507 612 1691 679; x_wconf 92' lang='lat' dir='ltr'><strong>homo,</strong></span> <span class='ocrx_word' id='word_1_35' title='bbox 1711 623 1920 669; x_wconf 76' lang='lat' dir='ltr'><strong>natura:</strong></span> <span class='ocrx_word' id='word_1_36' title='bbox 1947 631 2071 669; x_wconf 91' lang='lat' dir='ltr'><strong>cum</strong></span> <span class='ocrx_word' id='word_1_37' title='bbox 2096 625 2242 671; x_wconf 87' lang='lat' dir='ltr'><strong>esset</strong></span> 
     </span>
    </p>
   </div>
   <div class='ocr_carea' id='block_1_7' title="bbox 673 700 2240 774">
    <p class='ocr_par' dir='ltr' id='par_1_7' title="bbox 673 700 2240 774">
     <span class='ocr_line' id='line_1_7' title="bbox 673 700 2240 774; baseline 0.007 -23"><span class='ocrx_word' id='word_1_38' title='bbox 673 700 1071 768; x_wconf 88' lang='lat' dir='ltr'><strong>corruptibilis,</strong></span> <span class='ocrx_word' id='word_1_39' title='bbox 1119 701 1344 757; x_wconf 87' lang='lat' dir='ltr'><strong>m&#39;ortem</strong></span> <span class='ocrx_word' id='word_1_40' title='bbox 1374 702 1631 774; x_wconf 80' lang='lat' dir='ltr'><strong>ell‘ugere,</strong></span> <span class='ocrx_word' id='word_1_41' title='bbox 1675 706 1780 760; x_wconf 84' lang='lat' dir='ltr'><strong>nisi</strong></span> <span class='ocrx_word' id='word_1_42' title='bbox 1817 717 2050 762; x_wconf 79' lang='lat' dir='ltr'><strong>veterem</strong></span> <span class='ocrx_word' id='word_1_43' title='bbox 2091 709 2240 762; x_wconf 86' lang='lat' dir='ltr'><strong>illam</strong></span> 
     </span>
    </p>
   </div>
   <div class='ocr_carea' id='block_1_8' title="bbox 671 786 2241 866">
    <p class='ocr_par' dir='ltr' id='par_1_8' title="bbox 671 786 2241 866">
     <span class='ocr_line' id='line_1_8' title="bbox 671 786 2241 866; baseline 0.01 -30"><span class='ocrx_word' id='word_1_44' title='bbox 671 786 902 853; x_wconf 86' lang='lat' dir='ltr'><strong>gratiam</strong></span> <span class='ocrx_word' id='word_1_45' title='bbox 932 789 1223 858; x_wconf 85' lang='lat' dir='ltr'><strong>reciperet,</strong></span> <span class='ocrx_word' id='word_1_46' title='bbox 1251 801 1303 845; x_wconf 91' lang='lat' dir='ltr'><strong>et</strong></span> <span class='ocrx_word' id='word_1_47' title='bbox 1329 793 1600 862; x_wconf 86' lang='lat' dir='ltr'><strong>particeps</strong></span> <span class='ocrx_word' id='word_1_48' title='bbox 1621 793 1712 848; x_wconf 91' lang='lat' dir='ltr'><strong>Dei</strong></span> <span class='ocrx_word' id='word_1_49' title='bbox 1741 795 1890 849; x_wconf 74' lang='lat' dir='ltr'><strong>fieret</strong></span> <span class='ocrx_word' id='word_1_50' title='bbox 1913 797 2007 866; x_wconf 88' lang='lat' dir='ltr'><strong>qui</strong></span> <span class='ocrx_word' id='word_1_51' title='bbox 2041 797 2094 850; x_wconf 89' lang='lat' dir='ltr'><strong>in</strong></span> <span class='ocrx_word' id='word_1_52' title='bbox 2120 814 2241 852; x_wconf 89' lang='lat' dir='ltr'><strong>esse</strong></span> 
     </span>
    </p>
   </div>
   <div class='ocr_carea' id='block_1_9' title="bbox 672 879 2238 958">
    <p class='ocr_par' dir='ltr' id='par_1_9' title="bbox 672 879 2238 958">
     <span class='ocr_line' id='line_1_9' title="bbox 672 879 2238 958; baseline 0.008 -30"><span class='ocrx_word' id='word_1_53' title='bbox 672 883 869 930; x_wconf 86' lang='lat' dir='ltr'><strong>cuncta</strong></span> <span class='ocrx_word' id='word_1_54' title='bbox 899 879 1166 945; x_wconf 86' lang='lat' dir='ltr'><strong>continet,</strong></span> <span class='ocrx_word' id='word_1_55' title='bbox 1202 895 1264 934; x_wconf 92' lang='lat' dir='ltr'><strong>ac</strong></span> <span class='ocrx_word' id='word_1_56' title='bbox 1303 880 1540 936; x_wconf 87' lang='lat' dir='ltr'><strong>vivillcat</strong></span> <span class='ocrx_word' id='word_1_57' title='bbox 1574 899 1668 953; x_wconf 89' lang='lat' dir='ltr'><strong>per</strong></span> <span class='ocrx_word' id='word_1_58' title='bbox 1692 883 1888 938; x_wconf 86' lang='lat' dir='ltr'><strong>Filium</strong></span> <span class='ocrx_word' id='word_1_59' title='bbox 1923 886 1974 939; x_wconf 91' lang='lat' dir='ltr'><strong>in</strong></span> <span class='ocrx_word' id='word_1_60' title='bbox 2006 883 2238 958; x_wconf 85' lang='lat' dir='ltr'><strong>Spiritu.</strong></span> 
     </span>
    </p>
   </div>
   <div class='ocr_carea' id='block_1_10' title="bbox 671 964 2242 1044">
    <p class='ocr_par' dir='ltr' id='par_1_10' title="bbox 671 964 2242 1044">
     <span class='ocr_line' id='line_1_10' title="bbox 671 964 2242 1044; baseline 0.01 -27"><span class='ocrx_word' id='word_1_61' title='bbox 671 964 1105 1023; x_wconf 85' lang='lat' dir='ltr'><strong>Communicavit</strong></span> <span class='ocrx_word' id='word_1_62' title='bbox 1144 971 1308 1040; x_wconf 79' lang='lat' dir='ltr'><strong>igitur</strong></span> <span class='ocrx_word' id='word_1_63' title='bbox 1350 974 1502 1026; x_wconf 87' lang='lat' dir='ltr'><strong>carni</strong></span> <span class='ocrx_word' id='word_1_64' title='bbox 1547 983 1598 1028; x_wconf 93' lang='lat' dir='ltr'><strong>et</strong></span> <span class='ocrx_word' id='word_1_65' title='bbox 1648 976 1901 1044; x_wconf 81' lang='lat' dir='ltr'><strong>sanguini</strong></span> <span class='ocrx_word' id='word_1_66' title='bbox 1935 977 1981 1009; x_wconf 83' lang='lat'><strong>&quot;</strong></span> <span class='ocrx_word' id='word_1_67' title='bbox 2014 1018 2029 1040; x_wconf 86' lang='lat'><strong>,</strong></span> <span class='ocrx_word' id='word_1_68' title='bbox 2074 978 2124 1032; x_wconf 87' lang='lat' dir='ltr'><strong>id</strong></span> <span class='ocrx_word' id='word_1_69' title='bbox 2158 988 2242 1032; x_wconf 81' lang='lat' dir='ltr'><strong>est</strong></span> 
     </span>
    </p>
   </div>
   <div class='ocr_carea' id='block_1_11' title="bbox 674 1055 2244 1122">
    <p class='ocr_par' dir='ltr' id='par_1_11' title="bbox 674 1055 2244 1122">
     <span class='ocr_line' id='line_1_11' title="bbox 674 1055 2244 1122; baseline 0.008 -14"><span class='ocrx_word' id='word_1_70' title='bbox 674 1055 842 1110; x_wconf 79' lang='lat' dir='ltr'><strong>homo</strong></span> <span class='ocrx_word' id='word_1_71' title='bbox 887 1057 1063 1112; x_wconf 79' lang='lat' dir='ltr'><strong>factus</strong></span> <span class='ocrx_word' id='word_1_72' title='bbox 1110 1068 1222 1122; x_wconf 90' lang='lat' dir='ltr'><strong>est,</strong></span> <span class='ocrx_word' id='word_1_73' title='bbox 1277 1063 1383 1114; x_wconf 82' lang='lat' dir='ltr'><strong>vita</strong></span> <span class='ocrx_word' id='word_1_74' title='bbox 1435 1079 1561 1117; x_wconf 90' lang='lat' dir='ltr'><strong>cum</strong></span> <span class='ocrx_word' id='word_1_75' title='bbox 1609 1065 1680 1117; x_wconf 88' lang='lat' dir='ltr'><strong>sit</strong></span> <span class='ocrx_word' id='word_1_76' title='bbox 1728 1065 2034 1120; x_wconf 89' lang='lat' dir='ltr'><strong>secundum</strong></span> <span class='ocrx_word' id='word_1_77' title='bbox 2083 1077 2244 1121; x_wconf 83' lang='lat' dir='ltr'><strong>natu-</strong></span> 
     </span>
    </p>
   </div>
   <div class='ocr_carea' id='block_1_12' title="bbox 677 1149 2243 1225">
    <p class='ocr_par' dir='ltr' id='par_1_12' title="bbox 677 1149 2243 1225">
     <span class='ocr_line' id='line_1_12' title="bbox 677 1149 2243 1225; baseline 0.008 -27"><span class='ocrx_word' id='word_1_78' title='bbox 677 1158 822 1210; x_wconf 85' lang='lat' dir='ltr'><strong>ram,</strong></span> <span class='ocrx_word' id='word_1_79' title='bbox 856 1154 909 1201; x_wconf 83' lang='lat' dir='ltr'><strong>et</strong></span> <span class='ocrx_word' id='word_1_80' title='bbox 938 1163 1002 1203; x_wconf 83' lang='lat' dir='ltr'><strong>ex</strong></span> <span class='ocrx_word' id='word_1_81' title='bbox 1028 1149 1136 1202; x_wconf 83' lang='lat' dir='ltr'><strong>vita</strong></span> <span class='ocrx_word' id='word_1_82' title='bbox 1182 1153 1482 1207; x_wconf 88' lang='lat' dir='ltr'><strong>secundum</strong></span> <span class='ocrx_word' id='word_1_83' title='bbox 1513 1161 1766 1208; x_wconf 91' lang='lat' dir='ltr'><strong>naturam</strong></span> <span class='ocrx_word' id='word_1_84' title='bbox 1803 1155 2042 1225; x_wconf 87' lang='lat' dir='ltr'><strong>genitus,</strong></span> <span class='ocrx_word' id='word_1_85' title='bbox 2076 1158 2126 1211; x_wconf 89' lang='lat' dir='ltr'><strong>id</strong></span> <span class='ocrx_word' id='word_1_86' title='bbox 2159 1167 2243 1211; x_wconf 92' lang='lat' dir='ltr'><strong>est</strong></span> 
     </span>
    </p>
   </div>
   <div class='ocr_carea' id='block_1_13' title="bbox 670 1237 2242 1315">
    <p class='ocr_par' dir='ltr' id='par_1_13' title="bbox 670 1237 2242 1315">
     <span class='ocr_line' id='line_1_13' title="bbox 670 1237 2242 1315; baseline 0.006 -25"><span class='ocrx_word' id='word_1_87' title='bbox 670 1250 737 1291; x_wconf 77' lang='lat' dir='ltr'><strong>ex</strong></span> <span class='ocrx_word' id='word_1_88' title='bbox 770 1237 879 1293; x_wconf 92' lang='lat' dir='ltr'><strong>Deo</strong></span> <span class='ocrx_word' id='word_1_89' title='bbox 915 1250 978 1294; x_wconf 90' lang='lat' dir='ltr'><strong>ac</strong></span> <span class='ocrx_word' id='word_1_90' title='bbox 1013 1241 1174 1297; x_wconf 88' lang='lat' dir='ltr'><strong>Patre</strong></span> <span class='ocrx_word' id='word_1_91' title='bbox 1206 1245 1543 1314; x_wconf 77' lang='lat' dir='ltr'><strong>unigenitum</strong></span> <span class='ocrx_word' id='word_1_92' title='bbox 1583 1246 1703 1315; x_wconf 86' lang='lat' dir='ltr'><strong>ejus</strong></span> <span class='ocrx_word' id='word_1_93' title='bbox 1735 1245 2000 1312; x_wconf 82' lang='lat' dir='ltr'><strong>Verbum,</strong></span> <span class='ocrx_word' id='word_1_94' title='bbox 2029 1256 2087 1300; x_wconf 93' lang='lat' dir='ltr'><strong>ut</strong></span> <span class='ocrx_word' id='word_1_95' title='bbox 2119 1262 2242 1301; x_wconf 81' lang='lat' dir='ltr'><strong>cor-</strong></span> 
     </span>
    </p>
   </div>
   <div class='ocr_carea' id='block_1_14' title="bbox 671 1331 2241 1400">
    <p class='ocr_par' dir='ltr' id='par_1_14' title="bbox 671 1331 2241 1400">
     <span class='ocr_line' id='line_1_14' title="bbox 671 1331 2241 1400; baseline 0.006 -19"><span class='ocrx_word' id='word_1_96' title='bbox 671 1331 915 1399; x_wconf 88' lang='lat' dir='ltr'><strong>ruptibili</strong></span> <span class='ocrx_word' id='word_1_97' title='bbox 973 1334 1166 1400; x_wconf 88' lang='lat' dir='ltr'><strong>carni,</strong></span> <span class='ocrx_word' id='word_1_98' title='bbox 1236 1337 1446 1390; x_wconf 85' lang='lat' dir='ltr'><strong>ratione</strong></span> <span class='ocrx_word' id='word_1_99' title='bbox 1502 1351 1615 1392; x_wconf 63' lang='lat' dir='ltr'><strong>sua:</strong></span> <span class='ocrx_word' id='word_1_100' title='bbox 1678 1344 1890 1392; x_wconf 63' lang='lat' dir='ltr'><strong>naturae</strong></span> <span class='ocrx_word' id='word_1_101' title='bbox 1951 1336 2241 1391; x_wconf 76' lang='lat' dir='ltr'><strong>inell‘abili-</strong></span> 
     </span>
    </p>
   </div>
   <div class='ocr_carea' id='block_1_15' title="bbox 671 1426 2244 1500">
    <p class='ocr_par' dir='ltr' id='par_1_15' title="bbox 671 1426 2244 1500">
     <span class='ocr_line' id='line_1_15' title="bbox 671 1426 2244 1500; baseline 0.007 -27"><span class='ocrx_word' id='word_1_102' title='bbox 671 1427 782 1486; x_wconf 92' lang='lat' dir='ltr'><strong>ter,</strong></span> <span class='ocrx_word' id='word_1_103' title='bbox 819 1431 874 1477; x_wconf 88' lang='lat' dir='ltr'><strong>et</strong></span> <span class='ocrx_word' id='word_1_104' title='bbox 926 1426 1087 1480; x_wconf 93' lang='lat' dir='ltr'><strong>modo</strong></span> <span class='ocrx_word' id='word_1_105' title='bbox 1121 1427 1356 1497; x_wconf 80' lang='lat' dir='ltr'><strong>qundam</strong></span> <span class='ocrx_word' id='word_1_106' title='bbox 1385 1443 1622 1492; x_wconf 88' lang='lat' dir='ltr'><strong>arcano,</strong></span> <span class='ocrx_word' id='word_1_107' title='bbox 1677 1439 1729 1484; x_wconf 92' lang='lat' dir='ltr'><strong>et</strong></span> <span class='ocrx_word' id='word_1_108' title='bbox 1755 1445 1916 1500; x_wconf 88' lang='lat' dir='ltr'><strong>quem</strong></span> <span class='ocrx_word' id='word_1_109' title='bbox 1949 1430 2100 1484; x_wconf 90' lang='lat' dir='ltr'><strong>solus</strong></span> <span class='ocrx_word' id='word_1_110' title='bbox 2130 1431 2244 1498; x_wconf 87' lang='lat' dir='ltr'><strong>ipse</strong></span> 
     </span>
    </p>
   </div>
   <div class='ocr_carea' id='block_1_16' title="bbox 673 1513 2244 1590">
    <p class='ocr_par' dir='ltr' id='par_1_16' title="bbox 673 1513 2244 1590">
     <span class='ocr_line' id='line_1_16' title="bbox 673 1513 2244 1590; baseline 0.005 -25"><span class='ocrx_word' id='word_1_111' title='bbox 673 1513 846 1580; x_wconf 82' lang='lat' dir='ltr'><strong>novit,</strong></span> <span class='ocrx_word' id='word_1_112' title='bbox 879 1515 1120 1584; x_wconf 85' lang='lat' dir='ltr'><strong>seipsum</strong></span> <span class='ocrx_word' id='word_1_113' title='bbox 1155 1519 1371 1584; x_wconf 89' lang='lat' dir='ltr'><strong>uniens,</strong></span> <span class='ocrx_word' id='word_1_114' title='bbox 1402 1519 1465 1573; x_wconf 92' lang='lat' dir='ltr'><strong>ad</strong></span> <span class='ocrx_word' id='word_1_115' title='bbox 1496 1535 1651 1574; x_wconf 82' lang='lat' dir='ltr'><strong>suam</strong></span> <span class='ocrx_word' id='word_1_116' title='bbox 1685 1521 1862 1590; x_wconf 86' lang='lat' dir='ltr'><strong>ipsius</strong></span> <span class='ocrx_word' id='word_1_117' title='bbox 1895 1521 2062 1574; x_wconf 90' lang='lat' dir='ltr'><strong>vitam</strong></span> <span class='ocrx_word' id='word_1_118' title='bbox 2089 1536 2244 1574; x_wconf 71' lang='lat' dir='ltr'><strong>ret-o-</strong></span> 
     </span>
    </p>
   </div>
   <div class='ocr_carea' id='block_1_17' title="bbox 671 1607 2242 1678">
    <p class='ocr_par' dir='ltr' id='par_1_17' title="bbox 671 1607 2242 1678">
     <span class='ocr_line' id='line_1_17' title="bbox 671 1607 2242 1678; baseline 0.006 -23"><span class='ocrx_word' id='word_1_119' title='bbox 671 1611 826 1657; x_wconf 85' lang='lat' dir='ltr'><strong>caret</strong></span> <span class='ocrx_word' id='word_1_120' title='bbox 855 1641 870 1666; x_wconf 89' lang='lat'><strong>,</strong></span> <span class='ocrx_word' id='word_1_121' title='bbox 916 1619 980 1660; x_wconf 87' lang='lat' dir='ltr'><strong>ac</strong></span> <span class='ocrx_word' id='word_1_122' title='bbox 1023 1607 1339 1677; x_wconf 83' lang='lat' dir='ltr'><strong>participem</strong></span> <span class='ocrx_word' id='word_1_123' title='bbox 1389 1624 1482 1678; x_wconf 91' lang='lat' dir='ltr'><strong>per</strong></span> <span class='ocrx_word' id='word_1_124' title='bbox 1530 1607 1769 1677; x_wconf 82' lang='lat' dir='ltr'><strong>scipsum</strong></span> <span class='ocrx_word' id='word_1_125' title='bbox 1822 1609 1914 1664; x_wconf 89' lang='lat' dir='ltr'><strong>Dei</strong></span> <span class='ocrx_word' id='word_1_126' title='bbox 1965 1625 2029 1662; x_wconf 87' lang='lat' dir='ltr'><strong>ac</strong></span> <span class='ocrx_word' id='word_1_127' title='bbox 2060 1608 2242 1664; x_wconf 84' lang='lat' dir='ltr'><strong>Patris</strong></span> 
     </span>
    </p>
   </div>
   <div class='ocr_carea' id='block_1_18' title="bbox 672 1694 2239 1765">
    <p class='ocr_par' dir='ltr' id='par_1_18' title="bbox 672 1694 2239 1765">
     <span class='ocr_line' id='line_1_18' title="bbox 672 1694 2239 1765; baseline 0.003 -17"><span class='ocrx_word' id='word_1_128' title='bbox 672 1694 926 1751; x_wconf 79' lang='lat' dir='ltr'><strong>emceret.</strong></span> <span class='ocrx_word' id='word_1_129' title='bbox 974 1696 1235 1752; x_wconf 81' lang='lat' dir='ltr'><strong>Mediator</strong></span> <span class='ocrx_word' id='word_1_130' title='bbox 1265 1698 1408 1753; x_wconf 88' lang='lat' dir='ltr'><strong>enim</strong></span> <span class='ocrx_word' id='word_1_131' title='bbox 1448 1707 1530 1753; x_wconf 83' lang='lat' dir='ltr'><strong>est</strong></span> <span class='ocrx_word' id='word_1_132' title='bbox 1572 1697 1664 1753; x_wconf 87' lang='lat' dir='ltr'><strong>Dei</strong></span> <span class='ocrx_word' id='word_1_133' title='bbox 1691 1707 1744 1754; x_wconf 89' lang='lat' dir='ltr'><strong>ct</strong></span> <span class='ocrx_word' id='word_1_134' title='bbox 1780 1700 2095 1765; x_wconf 84' lang='lat' dir='ltr'><strong>hominum,</strong></span> <span class='ocrx_word' id='word_1_135' title='bbox 2131 1701 2239 1755; x_wconf 89' lang='lat' dir='ltr'><strong>sic-</strong></span> 
     </span>
    </p>
   </div>
   <div class='ocr_carea' id='block_1_19' title="bbox 2342 529 3884 601">
    <p class='ocr_par' dir='ltr' id='par_1_19' title="bbox 2342 529 3884 601">
     <span class='ocr_line' id='line_1_19' title="bbox 2342 529 3884 601; baseline 0.005 -20"><span class='ocrx_word' id='word_1_136' title='bbox 2342 533 2419 592; x_wconf 84' lang='grc' dir='ltr'><strong>είς</strong></span> <span class='ocrx_word' id='word_1_137' title='bbox 2444 530 2503 583; x_wconf 88' lang='grc' dir='ltr'>τὸ</span> <span class='ocrx_word' id='word_1_138' title='bbox 2535 531 2758 601; x_wconf 78' lang='grc' dir='ltr'>ἀρχαῖον</span> <span class='ocrx_word' id='word_1_139' title='bbox 2789 529 3142 584; x_wconf 76' lang='grc' dir='ltr'>ἐδουλεύσατὸ</span> <span class='ocrx_word' id='word_1_140' title='bbox 3181 545 3239 582; x_wconf 82' lang='grc' dir='ltr'><strong>τε</strong></span> <span class='ocrx_word' id='word_1_141' title='bbox 3281 529 3374 583; x_wconf 75' lang='grc' dir='ltr'>καὶ</span> <span class='ocrx_word' id='word_1_142' title='bbox 3423 529 3823 600; x_wconf 70' lang='grc' dir='ltr'><strong>ἐπικεχείρηκεν</strong></span> <span class='ocrx_word' id='word_1_143' title='bbox 3861 538 3884 588; x_wconf 76' lang='grc' dir='ltr'><strong>ό</strong></span> 
     </span>
    </p>
   </div>
   <div class='ocr_carea' id='block_1_20' title="bbox 2341 616 3881 691">
    <p class='ocr_par' dir='ltr' id='par_1_20' title="bbox 2341 616 3881 691">
     <span class='ocr_line' id='line_1_20' title="bbox 2341 616 3881 691; baseline 0.003 -21"><span class='ocrx_word' id='word_1_144' title='bbox 2341 618 2470 681; x_wconf 84' lang='grc' dir='ltr'><strong>Θεὸς</strong></span> <span class='ocrx_word' id='word_1_145' title='bbox 2502 621 2594 672; x_wconf 79' lang='grc' dir='ltr'>καὶ</span> <span class='ocrx_word' id='word_1_146' title='bbox 2627 621 2815 691; x_wconf 82' lang='grc' dir='ltr'>Πατὴρ</span> <span class='ocrx_word' id='word_1_147' title='bbox 2851 620 2910 673; x_wconf 84' lang='lat' dir='ltr'><strong>tv</strong></span> <span class='ocrx_word' id='word_1_148' title='bbox 2953 616 3192 690; x_wconf 84' lang='grc' dir='ltr'><strong>Χριστῷ,</strong></span> <span class='ocrx_word' id='word_1_149' title='bbox 3238 618 3333 672; x_wconf 82' lang='grc' dir='ltr'>καὶ</span> <span class='ocrx_word' id='word_1_150' title='bbox 3387 618 3630 688; x_wconf 85' lang='grc' dir='ltr'>θελήσας</span> <span class='ocrx_word' id='word_1_151' title='bbox 3673 619 3881 690; x_wconf 65' lang='grc' dir='ltr'>ἐξήνυσε.</span> 
     </span>
    </p>
   </div>
   <div class='ocr_carea' id='block_1_21' title="bbox 2342 704 3886 784">
    <p class='ocr_par' dir='ltr' id='par_1_21' title="bbox 2342 704 3886 784">
     <span class='ocr_line' id='line_1_21' title="bbox 2342 704 3886 784; baseline 0.005 -24"><span class='ocrx_word' id='word_1_152' title='bbox 2342 708 2466 772; x_wconf 84' lang='grc' dir='ltr'><strong>Πῶς</strong></span> <span class='ocrx_word' id='word_1_153' title='bbox 2499 704 2590 762; x_wconf 83' lang='grc' dir='ltr'>οῦν</span> <span class='ocrx_word' id='word_1_154' title='bbox 2626 711 2730 779; x_wconf 83' lang='grc' dir='ltr'><strong>ἀρα</strong></span> <span class='ocrx_word' id='word_1_155' title='bbox 2768 711 3010 778; x_wconf 87' lang='grc' dir='ltr'>γέγονεν,</span> <span class='ocrx_word' id='word_1_156' title='bbox 3057 709 3346 764; x_wconf 85' lang='grc' dir='ltr'>ἀκόλουθον</span> <span class='ocrx_word' id='word_1_157' title='bbox 3394 709 3639 763; x_wconf 79' lang='grc' dir='ltr'>κατιδεῖν</span> <span class='ocrx_word' id='word_1_158' title='bbox 3662 725 3674 739; x_wconf 88' lang='grc'><strong>·</strong></span> <span class='ocrx_word' id='word_1_159' title='bbox 3711 711 3810 765; x_wconf 63' lang='lat' dir='ltr'><strong>Oti:</strong></span> <span class='ocrx_word' id='word_1_160' title='bbox 3832 709 3886 784; x_wconf 75' lang='grc' dir='ltr'>ἦν</span> 
     </span>
    </p>
   </div>
   <div class='ocr_carea' id='block_1_22' title="bbox 2342 799 3884 872">
    <p class='ocr_par' dir='ltr' id='par_1_22' title="bbox 2342 799 3884 872">
     <span class='ocr_line' id='line_1_22' title="bbox 2342 799 3884 872; baseline 0.003 -22"><span class='ocrx_word' id='word_1_161' title='bbox 2342 800 2544 868; x_wconf 80' lang='grc' dir='ltr'>ἑτέρως</span> <span class='ocrx_word' id='word_1_162' title='bbox 2592 799 2865 872; x_wconf 84' lang='grc' dir='ltr'>διαδράναι</span> <span class='ocrx_word' id='word_1_163' title='bbox 2920 801 3010 854; x_wconf 87' lang='grc' dir='ltr'>τὸν</span> <span class='ocrx_word' id='word_1_164' title='bbox 3073 801 3300 855; x_wconf 81' lang='grc' dir='ltr'>θάνατον</span> <span class='ocrx_word' id='word_1_165' title='bbox 3349 801 3569 868; x_wconf 80' lang='grc' dir='ltr'>φύσεως</span> <span class='ocrx_word' id='word_1_166' title='bbox 3628 800 3751 852; x_wconf 74' lang='grc' dir='ltr'>ὄντα</span> <span class='ocrx_word' id='word_1_167' title='bbox 3806 804 3884 871; x_wconf 69' lang='grc' dir='ltr'>τῆς</span> 
     </span>
    </p>
   </div>
   <div class='ocr_carea' id='block_1_23' title="bbox 2344 888 3882 962">
    <p class='ocr_par' dir='ltr' id='par_1_23' title="bbox 2344 888 3882 962">
     <span class='ocr_line' id='line_1_23' title="bbox 2344 888 3882 962; baseline 0.006 -23"><span class='ocrx_word' id='word_1_168' title='bbox 2344 888 2704 960; x_wconf 79' lang='grc' dir='ltr'><strong>φθειρομένης</strong></span> <span class='ocrx_word' id='word_1_169' title='bbox 2733 891 2824 943; x_wconf 90' lang='grc' dir='ltr'>τὸν</span> <span class='ocrx_word' id='word_1_170' title='bbox 2853 891 3155 960; x_wconf 79' lang='grc' dir='ltr'>ἄνθρωπον,</span> <span class='ocrx_word' id='word_1_171' title='bbox 3185 892 3235 944; x_wconf 76' lang='grc' dir='ltr'><strong>εἰ</strong></span> <span class='ocrx_word' id='word_1_172' title='bbox 3266 891 3344 961; x_wconf 84' lang='grc' dir='ltr'>μὴ</span> <span class='ocrx_word' id='word_1_173' title='bbox 3383 892 3488 962; x_wconf 86' lang='grc' dir='ltr'>τὴν</span> <span class='ocrx_word' id='word_1_174' title='bbox 3519 891 3746 960; x_wconf 76' lang='grc' dir='ltr'>ἀρχαίαν</span> <span class='ocrx_word' id='word_1_175' title='bbox 3773 895 3882 948; x_wconf 73' lang='grc' dir='ltr'>ὲκεί-</span> 
     </span>
    </p>
   </div>
   <div class='ocr_carea' id='block_1_24' title="bbox 2343 980 3882 1053">
    <p class='ocr_par' dir='ltr' id='par_1_24' title="bbox 2343 980 3882 1053">
     <span class='ocr_line' id='line_1_24' title="bbox 2343 980 3882 1053; baseline 0.004 -21"><span class='ocrx_word' id='word_1_176' title='bbox 2343 997 2438 1048; x_wconf 87' lang='grc' dir='ltr'><strong>νην</strong></span> <span class='ocrx_word' id='word_1_177' title='bbox 2479 981 2839 1050; x_wconf 77' lang='grc' dir='ltr'><strong>ἀνεκομίσατο</strong></span> <span class='ocrx_word' id='word_1_178' title='bbox 2863 982 3044 1052; x_wconf 79' lang='grc' dir='ltr'>χάριν,</span> <span class='ocrx_word' id='word_1_179' title='bbox 3078 983 3172 1035; x_wconf 70' lang='grc' dir='ltr'>καὶ</span> <span class='ocrx_word' id='word_1_180' title='bbox 3214 981 3440 1053; x_wconf 80' lang='grc' dir='ltr'><strong>μετέσχε</strong></span> <span class='ocrx_word' id='word_1_181' title='bbox 3489 980 3586 1034; x_wconf 89' lang='grc' dir='ltr'>τοῦ</span> <span class='ocrx_word' id='word_1_182' title='bbox 3630 983 3699 1035; x_wconf 77' lang='grc' dir='ltr'><strong>τὰ</strong></span> <span class='ocrx_word' id='word_1_183' title='bbox 3740 983 3882 1038; x_wconf 76' lang='grc' dir='ltr'>πάντα</span> 
     </span>
    </p>
   </div>
   <div class='ocr_carea' id='block_1_25' title="bbox 2344 1068 3883 1142">
    <p class='ocr_par' dir='ltr' id='par_1_25' title="bbox 2344 1068 3883 1142">
     <span class='ocr_line' id='line_1_25' title="bbox 2344 1068 3883 1142; baseline 0.003 -19"><span class='ocrx_word' id='word_1_184' title='bbox 2344 1073 2480 1142; x_wconf 81' lang='grc' dir='ltr'>πρὸς</span> <span class='ocrx_word' id='word_1_185' title='bbox 2507 1071 2567 1124; x_wconf 90' lang='grc' dir='ltr'>τὸ</span> <span class='ocrx_word' id='word_1_186' title='bbox 2606 1068 2742 1125; x_wconf 72' lang='grc' dir='ltr'>εἶναι</span> <span class='ocrx_word' id='word_1_187' title='bbox 2773 1071 3082 1142; x_wconf 78' lang='grc' dir='ltr'><strong>συνέχοντος</strong></span> <span class='ocrx_word' id='word_1_188' title='bbox 3111 1073 3268 1136; x_wconf 86' lang='grc' dir='ltr'>Θεοῦ,</span> <span class='ocrx_word' id='word_1_189' title='bbox 3299 1074 3391 1126; x_wconf 76' lang='grc' dir='ltr'>καὶ</span> <span class='ocrx_word' id='word_1_190' title='bbox 3431 1071 3812 1140; x_wconf 79' lang='grc' dir='ltr'><strong>ζωογονοῦντος</strong></span> <span class='ocrx_word' id='word_1_191' title='bbox 3831 1076 3883 1128; x_wconf 81' lang='grc' dir='ltr'>δι’</span> 
     </span>
    </p>
   </div>
   <div class='ocr_carea' id='block_1_26' title="bbox 2347 1162 3882 1234">
    <p class='ocr_par' dir='ltr' id='par_1_26' title="bbox 2347 1162 3882 1234">
     <span class='ocr_line' id='line_1_26' title="bbox 2347 1162 3882 1234; baseline 0.003 -20"><span class='ocrx_word' id='word_1_192' title='bbox 2347 1162 2475 1215; x_wconf 84' lang='grc' dir='ltr'>Υίοῦ</span> <span class='ocrx_word' id='word_1_193' title='bbox 2513 1163 2571 1216; x_wconf 81' lang='lat' dir='ltr'><strong>tv</strong></span> <span class='ocrx_word' id='word_1_194' title='bbox 2605 1162 2898 1232; x_wconf 84' lang='grc' dir='ltr'>Πνεὺματι.</span> <span class='ocrx_word' id='word_1_195' title='bbox 2931 1163 3306 1234; x_wconf 80' lang='grc' dir='ltr'>Κεκοινώνηκε</span> <span class='ocrx_word' id='word_1_196' title='bbox 3350 1164 3532 1217; x_wconf 80' lang='grc' dir='ltr'>τοίνυν</span> <span class='ocrx_word' id='word_1_197' title='bbox 3570 1163 3784 1233; x_wconf 74' lang='grc' dir='ltr'>αἵματος</span> <span class='ocrx_word' id='word_1_198' title='bbox 3811 1169 3882 1218; x_wconf 76' lang='grc' dir='ltr'>καὶ</span> 
     </span>
    </p>
   </div>
   <div class='ocr_carea' id='block_1_27' title="bbox 2347 1252 3884 1326">
    <p class='ocr_par' dir='ltr' id='par_1_27' title="bbox 2347 1252 3884 1326">
     <span class='ocr_line' id='line_1_27' title="bbox 2347 1252 3884 1326; baseline 0.001 -20"><span class='ocrx_word' id='word_1_199' title='bbox 2347 1253 2587 1324; x_wconf 85' lang='grc' dir='ltr'>σαρκὸς,</span> <span class='ocrx_word' id='word_1_200' title='bbox 2635 1252 2781 1306; x_wconf 75' lang='grc' dir='ltr'>τοῦτ’</span> <span class='ocrx_word' id='word_1_201' title='bbox 2831 1253 2946 1306; x_wconf 75' lang='grc' dir='ltr'>ἔστι</span> <span class='ocrx_word' id='word_1_202' title='bbox 3012 1253 3234 1322; x_wconf 85' lang='grc' dir='ltr'>γέγονεν</span> <span class='ocrx_word' id='word_1_203' title='bbox 3288 1252 3596 1326; x_wconf 77' lang='grc' dir='ltr'>ἄνθρωπος,</span> <span class='ocrx_word' id='word_1_204' title='bbox 3628 1253 3734 1322; x_wconf 73' lang='grc' dir='ltr'><strong>ζ’ωὴ</strong></span> <span class='ocrx_word' id='word_1_205' title='bbox 3773 1258 3884 1308; x_wconf 75' lang='grc' dir='ltr'><strong>κατά</strong></span> 
     </span>
    </p>
   </div>
   <div class='ocr_carea' id='block_1_28' title="bbox 2346 1344 3882 1416">
    <p class='ocr_par' dir='ltr' id='par_1_28' title="bbox 2346 1344 3882 1416">
     <span class='ocr_line' id='line_1_28' title="bbox 2346 1344 3882 1416; baseline 0 -18"><span class='ocrx_word' id='word_1_206' title='bbox 2346 1345 2504 1414; x_wconf 76' lang='grc' dir='ltr'>φύσιν</span> <span class='ocrx_word' id='word_1_207' title='bbox 2549 1345 2831 1416; x_wconf 83' lang='grc' dir='ltr'><strong>ὑπάρχων,</strong></span> <span class='ocrx_word' id='word_1_208' title='bbox 2871 1345 2964 1398; x_wconf 77' lang='grc' dir='ltr'>καὶ</span> <span class='ocrx_word' id='word_1_209' title='bbox 3009 1347 3076 1398; x_wconf 81' lang='grc' dir='ltr'>ὲκ</span> <span class='ocrx_word' id='word_1_210' title='bbox 3117 1344 3260 1415; x_wconf 76' lang='grc' dir='ltr'>ζωῆς</span> <span class='ocrx_word' id='word_1_211' title='bbox 3301 1344 3398 1414; x_wconf 81' lang='grc' dir='ltr'>τῆς</span> <span class='ocrx_word' id='word_1_212' title='bbox 3448 1344 3592 1398; x_wconf 83' lang='grc' dir='ltr'><strong>κατά</strong></span> <span class='ocrx_word' id='word_1_213' title='bbox 3633 1344 3779 1413; x_wconf 85' lang='grc' dir='ltr'>φύσιν</span> <span class='ocrx_word' id='word_1_214' title='bbox 3819 1365 3882 1414; x_wconf 83' lang='grc' dir='ltr'><strong>γε·</strong></span> 
     </span>
    </p>
   </div>
   <div class='ocr_carea' id='block_1_29' title="bbox 2345 1431 3882 1505">
    <p class='ocr_par' dir='ltr' id='par_1_29' title="bbox 2345 1431 3882 1505">
     <span class='ocr_line' id='line_1_29' title="bbox 2345 1431 3882 1505; baseline 0.002 -20"><span class='ocrx_word' id='word_1_215' title='bbox 2345 1433 2672 1505; x_wconf 83' lang='grc' dir='ltr'>γεννημένος</span> <span class='ocrx_word' id='word_1_216' title='bbox 2699 1473 2712 1496; x_wconf 91' lang='grc'>,</span> <span class='ocrx_word' id='word_1_217' title='bbox 2777 1433 2920 1487; x_wconf 88' lang='grc' dir='ltr'>τοῦτ’</span> <span class='ocrx_word' id='word_1_218' title='bbox 2965 1434 3081 1488; x_wconf 77' lang='grc' dir='ltr'>ἔστι</span> <span class='ocrx_word' id='word_1_219' title='bbox 3124 1433 3217 1486; x_wconf 88' lang='grc' dir='ltr'><strong>τοῦ</strong></span> <span class='ocrx_word' id='word_1_220' title='bbox 3282 1431 3415 1486; x_wconf 89' lang='grc' dir='ltr'>Θεοῦ</span> <span class='ocrx_word' id='word_1_221' title='bbox 3475 1433 3574 1485; x_wconf 70' lang='grc' dir='ltr'>καὶ</span> <span class='ocrx_word' id='word_1_222' title='bbox 3631 1434 3882 1504; x_wconf 83' lang='grc' dir='ltr'>Πατρὸςό</span> 
     </span>
    </p>
   </div>
   <div class='ocr_carea' id='block_1_30' title="bbox 2349 1523 3878 1596">
    <p class='ocr_par' dir='ltr' id='par_1_30' title="bbox 2349 1523 3878 1596">
     <span class='ocr_line' id='line_1_30' title="bbox 2349 1523 3878 1596; baseline -0.002 -18"><span class='ocrx_word' id='word_1_223' title='bbox 2349 1525 2642 1596; x_wconf 84' lang='grc' dir='ltr'>μονογενὴς</span> <span class='ocrx_word' id='word_1_224' title='bbox 2704 1525 2866 1578; x_wconf 87' lang='grc' dir='ltr'>αὑτοῦ</span> <span class='ocrx_word' id='word_1_225' title='bbox 2904 1525 3098 1593; x_wconf 81' lang='grc' dir='ltr'><strong>Λόγος,</strong></span> <span class='ocrx_word' id='word_1_226' title='bbox 3131 1525 3220 1578; x_wconf 82' lang='grc' dir='ltr'>ἵνα</span> <span class='ocrx_word' id='word_1_227' title='bbox 3262 1527 3328 1594; x_wconf 81' lang='grc' dir='ltr'><strong>τῇ</strong></span> <span class='ocrx_word' id='word_1_228' title='bbox 3369 1523 3699 1595; x_wconf 68' lang='grc' dir='ltr'>φθειρομένη</span> <span class='ocrx_word' id='word_1_229' title='bbox 3727 1530 3878 1594; x_wconf 76' lang='grc' dir='ltr'>σαρκὶ,</span> 
     </span>
    </p>
   </div>
   <div class='ocr_carea' id='block_1_31' title="bbox 2346 1614 3884 1685">
    <p class='ocr_par' dir='ltr' id='par_1_31' title="bbox 2346 1614 3884 1685">
     <span class='ocr_line' id='line_1_31' title="bbox 2346 1614 3884 1685; baseline -0.002 -15"><span class='ocrx_word' id='word_1_230' title='bbox 2346 1617 2486 1670; x_wconf 86' lang='grc' dir='ltr'><strong>κατά</strong></span> <span class='ocrx_word' id='word_1_231' title='bbox 2512 1634 2572 1685; x_wconf 86' lang='grc' dir='ltr'><strong>γε</strong></span> <span class='ocrx_word' id='word_1_232' title='bbox 2606 1615 2694 1669; x_wconf 91' lang='grc' dir='ltr'>τὸν</span> <span class='ocrx_word' id='word_1_233' title='bbox 2719 1616 2874 1684; x_wconf 84' lang='grc' dir='ltr'>λόγον</span> <span class='ocrx_word' id='word_1_234' title='bbox 2899 1615 2995 1684; x_wconf 84' lang='grc' dir='ltr'><strong>τῆς</strong></span> <span class='ocrx_word' id='word_1_235' title='bbox 3028 1616 3162 1678; x_wconf 88' lang='grc' dir='ltr'>ίδίας</span> <span class='ocrx_word' id='word_1_236' title='bbox 3189 1614 3423 1684; x_wconf 76' lang='grc' dir='ltr'>φύσεως,</span> <span class='ocrx_word' id='word_1_237' title='bbox 3459 1615 3712 1684; x_wconf 75' lang='grc' dir='ltr'>ἀρρήτως</span> <span class='ocrx_word' id='word_1_238' title='bbox 3735 1631 3785 1666; x_wconf 82' lang='grc' dir='ltr'><strong>τε</strong></span> <span class='ocrx_word' id='word_1_239' title='bbox 3808 1617 3884 1667; x_wconf 80' lang='grc' dir='ltr'>καὶ</span> 
     </span>
    </p>
   </div>
   <div class='ocr_carea' id='block_1_32' title="bbox 2345 1703 3878 1779">
    <p class='ocr_par' dir='ltr' id='par_1_32' title="bbox 2345 1703 3878 1779">
     <span class='ocr_line' id='line_1_32' title="bbox 2345 1703 3878 1779; baseline -0.005 -17"><span class='ocrx_word' id='word_1_240' title='bbox 2345 1709 2657 1779; x_wconf 77' lang='grc' dir='ltr'>ἀφράστως,</span> <span class='ocrx_word' id='word_1_241' title='bbox 2689 1709 2783 1761; x_wconf 72' lang='grc' dir='ltr'>καὶ</span> <span class='ocrx_word' id='word_1_242' title='bbox 2816 1707 2889 1769; x_wconf 86' lang='grc' dir='ltr'>ῶς</span> <span class='ocrx_word' id='word_1_243' title='bbox 2918 1707 3078 1768; x_wconf 83' lang='grc' dir='ltr'>αὑτὸς</span> <span class='ocrx_word' id='word_1_244' title='bbox 3107 1706 3310 1774; x_wconf 82' lang='grc' dir='ltr'>ἔγνωκε</span> <span class='ocrx_word' id='word_1_245' title='bbox 3345 1705 3530 1775; x_wconf 84' lang='grc' dir='ltr'><strong>μόνος,</strong></span> <span class='ocrx_word' id='word_1_246' title='bbox 3561 1703 3741 1757; x_wconf 74' lang='grc' dir='ltr'>ἑαυτὸν</span> <span class='ocrx_word' id='word_1_247' title='bbox 3774 1706 3878 1756; x_wconf 77' lang='grc' dir='ltr'><strong>ἐνώ-</strong></span> 
     </span>
    </p>
   </div>
   <div class='ocr_carea' id='block_1_33' title="bbox 675 1773 2244 1868">
    <p class='ocr_par' dir='ltr' id='par_1_33' title="bbox 675 1788 2232 1860">
     <span class='ocr_line' id='line_1_33' title="bbox 675 1788 2232 1860; baseline 0.004 -20"><span class='ocrx_word' id='word_1_248' title='bbox 675 1789 752 1842; x_wconf 83' lang='grc' dir='ltr'><strong>υιί</strong></span> <span class='ocrx_word' id='word_1_249' title='bbox 792 1788 1056 1860; x_wconf 86' lang='lat' dir='ltr'><strong>scrlptum</strong></span> <span class='ocrx_word' id='word_1_250' title='bbox 1108 1798 1191 1846; x_wconf 88' lang='lat' dir='ltr'><strong>est</strong></span> <span class='ocrx_word' id='word_1_251' title='bbox 1225 1792 1270 1824; x_wconf 76' lang='grc'><strong>’⁸</strong></span> <span class='ocrx_word' id='word_1_252' title='bbox 1296 1830 1311 1854; x_wconf 93' lang='grc'>,</span> <span class='ocrx_word' id='word_1_253' title='bbox 1349 1788 1459 1845; x_wconf 80' lang='lat' dir='ltr'><strong>Deo</strong></span> <span class='ocrx_word' id='word_1_254' title='bbox 1493 1791 1713 1860; x_wconf 78' lang='lat' dir='ltr'><strong>quidem</strong></span> <span class='ocrx_word' id='word_1_255' title='bbox 1749 1805 1812 1845; x_wconf 87' lang='lat' dir='ltr'><strong>ac</strong></span> <span class='ocrx_word' id='word_1_256' title='bbox 1844 1791 1992 1845; x_wconf 88' lang='lat' dir='ltr'><strong>Patri</strong></span> <span class='ocrx_word' id='word_1_257' title='bbox 2020 1801 2232 1846; x_wconf 81' lang='lat' dir='ltr'><strong>natura-</strong></span> 
     </span>
    </p>
   </div>
   <div class='ocr_carea' id='block_1_34' title="bbox 2343 1773 3880 1868">
    <p class='ocr_par' dir='ltr' id='par_1_34' title="bbox 2347 1773 3880 1868">
     <span class='ocr_line' id='line_1_34' title="bbox 2347 1773 3880 1868; baseline -0.001 -18"><span class='ocrx_word' id='word_1_258' title='bbox 2347 1773 2444 1862; x_wconf 74' lang='grc' dir='ltr'><strong>σας</strong></span> <span class='ocrx_word' id='word_1_259' title='bbox 2472 1799 2610 1868; x_wconf 87' lang='grc' dir='ltr'>πρὸς</span> <span class='ocrx_word' id='word_1_260' title='bbox 2639 1799 2735 1867; x_wconf 85' lang='grc' dir='ltr'><strong>τὴν</strong></span> <span class='ocrx_word' id='word_1_261' title='bbox 2775 1797 2908 1850; x_wconf 85' lang='grc' dir='ltr'>ίδίαν</span> <span class='ocrx_word' id='word_1_262' title='bbox 2934 1797 3098 1851; x_wconf 80' lang='grc' dir='ltr'>αὑτοῦ</span> <span class='ocrx_word' id='word_1_263' title='bbox 3125 1773 3436 1866; x_wconf 82' lang='grc' dir='ltr'>ἀνακομίσῃ</span> <span class='ocrx_word' id='word_1_264' title='bbox 3471 1795 3639 1864; x_wconf 78' lang='grc' dir='ltr'>ζωὴν,</span> <span class='ocrx_word' id='word_1_265' title='bbox 3672 1796 3759 1848; x_wconf 79' lang='grc' dir='ltr'>καὶ</span> <span class='ocrx_word' id='word_1_266' title='bbox 3787 1797 3880 1864; x_wconf 69' lang='grc' dir='ltr'>μέτα</span> 
     </span>
    </p>
   </div>
   <div class='ocr_carea' id='block_1_35' title="bbox 675 1879 2244 1958">
    <p class='ocr_par' dir='ltr' id='par_1_35' title="bbox 675 1879 2240 1951">
     <span class='ocr_line' id='line_1_35' title="bbox 675 1879 2240 1951; baseline 0.003 -19"><span class='ocrx_word' id='word_1_267' title='bbox 675 1879 799 1932; x_wconf 87' lang='lat' dir='ltr'><strong>liter</strong></span> <span class='ocrx_word' id='word_1_268' title='bbox 825 1919 840 1941; x_wconf 91' lang='lat'><strong>,</strong></span> <span class='ocrx_word' id='word_1_269' title='bbox 884 1887 942 1932; x_wconf 92' lang='lat' dir='ltr'><strong>ut</strong></span> <span class='ocrx_word' id='word_1_270' title='bbox 978 1879 1156 1943; x_wconf 87' lang='lat' dir='ltr'><strong>Deus,</strong></span> <span class='ocrx_word' id='word_1_271' title='bbox 1211 1889 1264 1935; x_wconf 89' lang='lat' dir='ltr'><strong>et</strong></span> <span class='ocrx_word' id='word_1_272' title='bbox 1297 1889 1355 1936; x_wconf 90' lang='lat' dir='ltr'><strong>ut</strong></span> <span class='ocrx_word' id='word_1_273' title='bbox 1387 1883 1478 1951; x_wconf 90' lang='lat' dir='ltr'><strong>qui</strong></span> <span class='ocrx_word' id='word_1_274' title='bbox 1519 1897 1582 1936; x_wconf 81' lang='lat' dir='ltr'><strong>ex</strong></span> <span class='ocrx_word' id='word_1_275' title='bbox 1623 1897 1686 1936; x_wconf 87' lang='lat' dir='ltr'><strong>eo</strong></span> <span class='ocrx_word' id='word_1_276' title='bbox 1709 1922 1721 1943; x_wconf 89' lang='lat'><strong>,</strong></span> <span class='ocrx_word' id='word_1_277' title='bbox 1757 1882 2103 1951; x_wconf 89' lang='lat' dir='ltr'><strong>conjunctus,</strong></span> <span class='ocrx_word' id='word_1_278' title='bbox 2143 1883 2240 1937; x_wconf 88' lang='lat' dir='ltr'><strong>sed</strong></span> 
     </span>
    </p>
   </div>
   <div class='ocr_carea' id='block_1_36' title="bbox 2343 1879 3878 1958">
    <p class='ocr_par' dir='ltr' id='par_1_36' title="bbox 2343 1885 3878 1958">
     <span class='ocr_line' id='line_1_36' title="bbox 2343 1885 3878 1958; baseline -0.002 -17"><span class='ocrx_word' id='word_1_279' title='bbox 2343 1907 2466 1958; x_wconf 88' lang='grc' dir='ltr'>οχον</span> <span class='ocrx_word' id='word_1_280' title='bbox 2492 1887 2746 1958; x_wconf 80' lang='grc' dir='ltr'>ἀποδείξῃ</span> <span class='ocrx_word' id='word_1_281' title='bbox 2788 1887 2853 1940; x_wconf 83' lang='grc' dir='ltr'>δι’</span> <span class='ocrx_word' id='word_1_282' title='bbox 2884 1886 3076 1940; x_wconf 76' lang='grc' dir='ltr'>ἑαυτοῦ</span> <span class='ocrx_word' id='word_1_283' title='bbox 3110 1885 3204 1939; x_wconf 89' lang='grc' dir='ltr'><strong>τοῦ</strong></span> <span class='ocrx_word' id='word_1_284' title='bbox 3249 1885 3382 1938; x_wconf 89' lang='grc' dir='ltr'>Θεοῦ</span> <span class='ocrx_word' id='word_1_285' title='bbox 3416 1885 3516 1939; x_wconf 74' lang='grc' dir='ltr'>καὶ</span> <span class='ocrx_word' id='word_1_286' title='bbox 3556 1885 3771 1955; x_wconf 80' lang='grc' dir='ltr'>Πατρός.</span> <span class='ocrx_word' id='word_1_287' title='bbox 3794 1887 3878 1939; x_wconf 83' lang='grc' dir='ltr'><strong>Με-</strong></span> 
     </span>
    </p>
   </div>
   <div class='ocr_carea' id='block_1_37' title="bbox 673 1966 2241 2042">
    <p class='ocr_par' dir='ltr' id='par_1_37' title="bbox 673 1966 2241 2042">
     <span class='ocr_line' id='line_1_37' title="bbox 673 1966 2241 2042; baseline 0.004 -22"><span class='ocrx_word' id='word_1_288' title='bbox 673 1966 990 2023; x_wconf 82' lang='lat' dir='ltr'><strong>hominibus</strong></span> <span class='ocrx_word' id='word_1_289' title='bbox 1031 1986 1246 2032; x_wconf 88' lang='lat' dir='ltr'><strong>rursus,</strong></span> <span class='ocrx_word' id='word_1_290' title='bbox 1287 1980 1345 2026; x_wconf 93' lang='lat' dir='ltr'><strong>ut</strong></span> <span class='ocrx_word' id='word_1_291' title='bbox 1372 1973 1536 2026; x_wconf 92' lang='lat' dir='ltr'><strong>homo</strong></span> <span class='ocrx_word' id='word_1_292' title='bbox 1563 2012 1577 2036; x_wconf 92' lang='lat'><strong>,</strong></span> <span class='ocrx_word' id='word_1_293' title='bbox 1609 1983 1662 2026; x_wconf 88' lang='lat' dir='ltr'><strong>et</strong></span> <span class='ocrx_word' id='word_1_294' title='bbox 1691 1972 1898 2027; x_wconf 81' lang='lat' dir='ltr'><strong>habens</strong></span> <span class='ocrx_word' id='word_1_295' title='bbox 1925 1971 2147 2042; x_wconf 87' lang='lat' dir='ltr'><strong>quidem</strong></span> <span class='ocrx_word' id='word_1_296' title='bbox 2187 1975 2241 2028; x_wconf 89' lang='lat' dir='ltr'><strong>iu</strong></span> 
     </span>
    </p>
   </div>
   <div class='ocr_carea' id='block_1_38' title="bbox 673 2057 2242 2131">
    <p class='ocr_par' dir='ltr' id='par_1_38' title="bbox 673 2057 2242 2131">
     <span class='ocr_line' id='line_1_38' title="bbox 673 2057 2242 2131; baseline 0.004 -20"><span class='ocrx_word' id='word_1_297' title='bbox 673 2057 856 2126; x_wconf 88' lang='lat' dir='ltr'><strong>seipso</strong></span> <span class='ocrx_word' id='word_1_298' title='bbox 887 2057 1101 2114; x_wconf 85' lang='lat' dir='ltr'><strong>Patrem</strong></span> <span class='ocrx_word' id='word_1_299' title='bbox 1129 2103 1141 2124; x_wconf 82' lang='lat'>.</span> <span class='ocrx_word' id='word_1_300' title='bbox 1194 2070 1246 2115; x_wconf 92' lang='lat' dir='ltr'><strong>et</strong></span> <span class='ocrx_word' id='word_1_301' title='bbox 1282 2062 1397 2131; x_wconf 91' lang='lat' dir='ltr'><strong>ipse</strong></span> <span class='ocrx_word' id='word_1_302' title='bbox 1427 2063 1482 2116; x_wconf 93' lang='lat' dir='ltr'><strong>in</strong></span> <span class='ocrx_word' id='word_1_303' title='bbox 1509 2059 1672 2118; x_wconf 83' lang='lat' dir='ltr'><strong>Patre</strong></span> <span class='ocrx_word' id='word_1_304' title='bbox 1701 2064 1998 2118; x_wconf 76' lang='lat' dir='ltr'><strong>exsistens.</strong></span> <span class='ocrx_word' id='word_1_305' title='bbox 2031 2065 2242 2118; x_wconf 82' lang='lat' dir='ltr'><strong>Chara-</strong></span> 
     </span>
    </p>
   </div>
   <div class='ocr_carea' id='block_1_39' title="bbox 672 2149 2243 2222">
    <p class='ocr_par' dir='ltr' id='par_1_39' title="bbox 672 2149 2243 2222">
     <span class='ocr_line' id='line_1_39' title="bbox 672 2149 2243 2222; baseline 0.006 -22"><span class='ocrx_word' id='word_1_306' title='bbox 672 2157 786 2201; x_wconf 89' lang='lat' dir='ltr'><strong>cter</strong></span> <span class='ocrx_word' id='word_1_307' title='bbox 815 2149 958 2203; x_wconf 78' lang='lat' dir='ltr'><strong>enim</strong></span> <span class='ocrx_word' id='word_1_308' title='bbox 986 2159 1074 2204; x_wconf 88' lang='lat' dir='ltr'><strong>est</strong></span> <span class='ocrx_word' id='word_1_309' title='bbox 1128 2167 1192 2206; x_wconf 91' lang='lat' dir='ltr'><strong>ac</strong></span> <span class='ocrx_word' id='word_1_310' title='bbox 1222 2152 1481 2221; x_wconf 89' lang='lat' dir='ltr'><strong>splendor</strong></span> <span class='ocrx_word' id='word_1_311' title='bbox 1506 2154 1831 2208; x_wconf 72' lang='lat' dir='ltr'><strong>substantia:</strong></span> <span class='ocrx_word' id='word_1_312' title='bbox 1857 2155 1978 2222; x_wconf 90' lang='lat' dir='ltr'><strong>ejus</strong></span> <span class='ocrx_word' id='word_1_313' title='bbox 2004 2156 2046 2186; x_wconf 82' lang='lat'><strong>&quot;</strong></span> <span class='ocrx_word' id='word_1_314' title='bbox 2079 2196 2093 2220; x_wconf 97' lang='lat'><strong>,</strong></span> <span class='ocrx_word' id='word_1_315' title='bbox 2136 2171 2243 2209; x_wconf 81' lang='lat' dir='ltr'><strong>non</strong></span> 
     </span>
    </p>
   </div>
   <div class='ocr_carea' id='block_1_40' title="bbox 672 2240 2246 2316">
    <p class='ocr_par' dir='ltr' id='par_1_40' title="bbox 672 2240 2246 2316">
     <span class='ocr_line' id='line_1_40' title="bbox 672 2240 2246 2316; baseline 0.004 -22"><span class='ocrx_word' id='word_1_316' title='bbox 672 2254 703 2294; x_wconf 81' lang='lat' dir='ltr'><strong>a</strong></span> <span class='ocrx_word' id='word_1_317' title='bbox 738 2240 1046 2297; x_wconf 80' lang='lat' dir='ltr'><strong>substantia</strong></span> <span class='ocrx_word' id='word_1_318' title='bbox 1073 2287 1085 2307; x_wconf 91' lang='lat'><strong>,</strong></span> <span class='ocrx_word' id='word_1_319' title='bbox 1119 2242 1276 2313; x_wconf 86' lang='lat' dir='ltr'><strong>cujus</strong></span> <span class='ocrx_word' id='word_1_320' title='bbox 1302 2254 1383 2299; x_wconf 88' lang='lat' dir='ltr'><strong>est</strong></span> <span class='ocrx_word' id='word_1_321' title='bbox 1416 2245 1708 2300; x_wconf 89' lang='lat' dir='ltr'><strong>character</strong></span> <span class='ocrx_word' id='word_1_322' title='bbox 1738 2254 1790 2300; x_wconf 94' lang='lat' dir='ltr'><strong>et</strong></span> <span class='ocrx_word' id='word_1_323' title='bbox 1825 2261 1889 2300; x_wconf 79' lang='lat' dir='ltr'><strong>ex</strong></span> <span class='ocrx_word' id='word_1_324' title='bbox 1921 2262 2025 2316; x_wconf 90' lang='lat' dir='ltr'><strong>qua</strong></span> <span class='ocrx_word' id='word_1_325' title='bbox 2056 2263 2246 2316; x_wconf 85' lang='lat' dir='ltr'><strong>proce-</strong></span> 
     </span>
    </p>
   </div>
   <div class='ocr_carea' id='block_1_41' title="bbox 673 2332 2244 2409">
    <p class='ocr_par' dir='ltr' id='par_1_41' title="bbox 673 2332 2244 2409">
     <span class='ocr_line' id='line_1_41' title="bbox 673 2332 2244 2409; baseline 0.004 -23"><span class='ocrx_word' id='word_1_326' title='bbox 673 2332 775 2395; x_wconf 88' lang='lat' dir='ltr'><strong>dit,</strong></span> <span class='ocrx_word' id='word_1_327' title='bbox 807 2340 867 2386; x_wconf 93' lang='lat' dir='ltr'><strong>ut</strong></span> <span class='ocrx_word' id='word_1_328' title='bbox 901 2334 1178 2404; x_wconf 78' lang='lat' dir='ltr'><strong>splendor,</strong></span> <span class='ocrx_word' id='word_1_329' title='bbox 1212 2336 1444 2402; x_wconf 90' lang='lat' dir='ltr'><strong>alienus,</strong></span> <span class='ocrx_word' id='word_1_330' title='bbox 1484 2339 1580 2394; x_wconf 86' lang='lat' dir='ltr'><strong>sed</strong></span> <span class='ocrx_word' id='word_1_331' title='bbox 1608 2340 1659 2393; x_wconf 86' lang='lat' dir='ltr'><strong>in</strong></span> <span class='ocrx_word' id='word_1_332' title='bbox 1688 2354 1750 2394; x_wconf 92' lang='lat' dir='ltr'><strong>ea</strong></span> <span class='ocrx_word' id='word_1_333' title='bbox 1784 2340 1900 2409; x_wconf 86' lang='lat' dir='ltr'><strong>ipse</strong></span> <span class='ocrx_word' id='word_1_334' title='bbox 1929 2340 2204 2394; x_wconf 81' lang='lat' dir='ltr'><strong>exsistens</strong></span> <span class='ocrx_word' id='word_1_335' title='bbox 2229 2381 2244 2405; x_wconf 97' lang='lat'><strong>,</strong></span> 
     </span>
    </p>
   </div>
   <div class='ocr_carea' id='block_1_42' title="bbox 673 2422 2246 2500">
    <p class='ocr_par' dir='ltr' id='par_1_42' title="bbox 673 2422 2246 2500">
     <span class='ocr_line' id='line_1_42' title="bbox 673 2422 2246 2500; baseline 0.002 -21"><span class='ocrx_word' id='word_1_336' title='bbox 673 2435 725 2479; x_wconf 89' lang='lat' dir='ltr'><strong>et</strong></span> <span class='ocrx_word' id='word_1_337' title='bbox 755 2422 965 2479; x_wconf 85' lang='lat' dir='ltr'><strong>habens</strong></span> <span class='ocrx_word' id='word_1_338' title='bbox 996 2440 1114 2480; x_wconf 85' lang='lat' dir='ltr'><strong>eam</strong></span> <span class='ocrx_word' id='word_1_339' title='bbox 1139 2428 1192 2481; x_wconf 89' lang='lat' dir='ltr'><strong>in</strong></span> <span class='ocrx_word' id='word_1_340' title='bbox 1225 2429 1429 2498; x_wconf 85' lang='lat' dir='ltr'><strong>seipso.</strong></span> <span class='ocrx_word' id='word_1_341' title='bbox 1459 2445 1669 2500; x_wconf 88' lang='lat' dir='ltr'><strong>nosque</strong></span> <span class='ocrx_word' id='word_1_342' title='bbox 1694 2447 1885 2486; x_wconf 83' lang='lat' dir='ltr'><strong>rursus</strong></span> <span class='ocrx_word' id='word_1_343' title='bbox 1917 2433 1969 2484; x_wconf 92' lang='lat' dir='ltr'><strong>in</strong></span> <span class='ocrx_word' id='word_1_344' title='bbox 2001 2445 2079 2495; x_wconf 90' lang='lat' dir='ltr'><strong>se,</strong></span> <span class='ocrx_word' id='word_1_345' title='bbox 2110 2446 2246 2499; x_wconf 84' lang='lat' dir='ltr'><strong>qua-</strong></span> 
     </span>
    </p>
   </div>
   <div class='ocr_carea' id='block_1_43' title="bbox 673 2516 2244 2589">
    <p class='ocr_par' dir='ltr' id='par_1_43' title="bbox 673 2516 2244 2589">
     <span class='ocr_line' id='line_1_43' title="bbox 673 2516 2244 2589; baseline 0.003 -21"><span class='ocrx_word' id='word_1_346' title='bbox 673 2523 836 2569; x_wconf 87' lang='lat' dir='ltr'><strong>tenus</strong></span> <span class='ocrx_word' id='word_1_347' title='bbox 867 2521 1108 2569; x_wconf 90' lang='lat' dir='ltr'><strong>nostram</strong></span> <span class='ocrx_word' id='word_1_348' title='bbox 1143 2516 1377 2585; x_wconf 78' lang='lat' dir='ltr'><strong>gestavit</strong></span> <span class='ocrx_word' id='word_1_349' title='bbox 1410 2526 1660 2572; x_wconf 88' lang='lat' dir='ltr'><strong>naturam</strong></span> <span class='ocrx_word' id='word_1_350' title='bbox 1688 2561 1702 2583; x_wconf 91' lang='lat'><strong>,</strong></span> <span class='ocrx_word' id='word_1_351' title='bbox 1743 2526 1797 2574; x_wconf 90' lang='lat' dir='ltr'><strong>et</strong></span> <span class='ocrx_word' id='word_1_352' title='bbox 1845 2535 2046 2589; x_wconf 91' lang='lat' dir='ltr'><strong>corpus</strong></span> <span class='ocrx_word' id='word_1_353' title='bbox 2079 2519 2244 2574; x_wconf 85' lang='lat' dir='ltr'><strong>Verbi</strong></span> 
     </span>
    </p>
   </div>
   <div class='ocr_carea' id='block_1_44' title="bbox 674 2608 2244 2676">
    <p class='ocr_par' dir='ltr' id='par_1_44' title="bbox 674 2608 2244 2676">
     <span class='ocr_line' id='line_1_44' title="bbox 674 2608 2244 2676; baseline 0.003 -16"><span class='ocrx_word' id='word_1_354' title='bbox 674 2613 923 2660; x_wconf 86' lang='lat' dir='ltr'><strong>nostrum</strong></span> <span class='ocrx_word' id='word_1_355' title='bbox 946 2620 1149 2676; x_wconf 89' lang='lat' dir='ltr'><strong>corpus</strong></span> <span class='ocrx_word' id='word_1_356' title='bbox 1181 2608 1373 2663; x_wconf 91' lang='lat' dir='ltr'><strong>audiit.</strong></span> <span class='ocrx_word' id='word_1_357' title='bbox 1405 2609 1548 2663; x_wconf 90' lang='lat' dir='ltr'><strong>Caro</strong></span> <span class='ocrx_word' id='word_1_358' title='bbox 1584 2611 1729 2664; x_wconf 90' lang='lat' dir='ltr'><strong>enim</strong></span> <span class='ocrx_word' id='word_1_359' title='bbox 1767 2610 2002 2666; x_wconf 83' lang='lat' dir='ltr'><strong>Verbum</strong></span> <span class='ocrx_word' id='word_1_360' title='bbox 2042 2610 2244 2667; x_wconf 71' lang='lat' dir='ltr'><strong>factum</strong></span> 
     </span>
    </p>
   </div>
   <div class='ocr_carea' id='block_1_45' title="bbox 672 2693 2245 2766">
    <p class='ocr_par' dir='ltr' id='par_1_45' title="bbox 672 2693 2245 2766">
     <span class='ocr_line' id='line_1_45' title="bbox 672 2693 2245 2766; baseline 0.002 -16"><span class='ocrx_word' id='word_1_361' title='bbox 672 2703 776 2763; x_wconf 84' lang='lat' dir='ltr'><strong>est,</strong></span> <span class='ocrx_word' id='word_1_362' title='bbox 794 2695 950 2766; x_wconf 81' lang='lat' dir='ltr'><strong>juxta</strong></span> <span class='ocrx_word' id='word_1_363' title='bbox 971 2693 1201 2752; x_wconf 84' lang='lat' dir='ltr'><strong>Joannis</strong></span> <span class='ocrx_word' id='word_1_364' title='bbox 1231 2712 1418 2752; x_wconf 90' lang='lat' dir='ltr'><strong>vocem</strong></span> <span class='ocrx_word' id='word_1_365' title='bbox 1435 2699 1501 2752; x_wconf 86' lang='lat'><strong>&quot;.</strong></span> <span class='ocrx_word' id='word_1_366' title='bbox 1526 2700 1672 2753; x_wconf 88' lang='lat' dir='ltr'><strong>Tulit</strong></span> <span class='ocrx_word' id='word_1_367' title='bbox 1695 2709 1939 2756; x_wconf 91' lang='lat' dir='ltr'><strong>nostram</strong></span> <span class='ocrx_word' id='word_1_368' title='bbox 1970 2710 2245 2766; x_wconf 83' lang='lat' dir='ltr'><strong>naturam,</strong></span> 
     </span>
    </p>
   </div>
   <div class='ocr_carea' id='block_1_46' title="bbox 675 2786 2249 2860">
    <p class='ocr_par' dir='ltr' id='par_1_46' title="bbox 675 2786 2249 2860">
     <span class='ocr_line' id='line_1_46' title="bbox 675 2786 2249 2860; baseline 0.002 -19"><span class='ocrx_word' id='word_1_369' title='bbox 675 2787 740 2841; x_wconf 86' lang='lat' dir='ltr'><strong>ad</strong></span> <span class='ocrx_word' id='word_1_370' title='bbox 761 2801 914 2841; x_wconf 85' lang='lat' dir='ltr'><strong>suam</strong></span> <span class='ocrx_word' id='word_1_371' title='bbox 937 2787 1102 2840; x_wconf 83' lang='lat' dir='ltr'><strong>vitam</strong></span> <span class='ocrx_word' id='word_1_372' title='bbox 1124 2802 1242 2840; x_wconf 87' lang='lat' dir='ltr'><strong>eam</strong></span> <span class='ocrx_word' id='word_1_373' title='bbox 1271 2786 1597 2844; x_wconf 85' lang='lat' dir='ltr'><strong>relormans.</strong></span> <span class='ocrx_word' id='word_1_374' title='bbox 1624 2788 1718 2844; x_wconf 85' lang='lat' dir='ltr'><strong>Est</strong></span> <span class='ocrx_word' id='word_1_375' title='bbox 1738 2799 1917 2845; x_wconf 88' lang='lat' dir='ltr'><strong>autem</strong></span> <span class='ocrx_word' id='word_1_376' title='bbox 1945 2791 2108 2845; x_wconf 91' lang='lat' dir='ltr'><strong>etiam</strong></span> <span class='ocrx_word' id='word_1_377' title='bbox 2135 2791 2249 2860; x_wconf 89' lang='lat' dir='ltr'><strong>ipse</strong></span> 
     </span>
    </p>
   </div>
   <div class='ocr_carea' id='block_1_47' title="bbox 675 2877 2248 2948">
    <p class='ocr_par' dir='ltr' id='par_1_47' title="bbox 675 2877 2248 2948">
     <span class='ocr_line' id='line_1_47' title="bbox 675 2877 2248 2948; baseline 0.002 -16"><span class='ocrx_word' id='word_1_378' title='bbox 675 2879 730 2932; x_wconf 92' lang='lat' dir='ltr'><strong>in</strong></span> <span class='ocrx_word' id='word_1_379' title='bbox 780 2877 939 2932; x_wconf 83' lang='lat' dir='ltr'><strong>nobis</strong></span> <span class='ocrx_word' id='word_1_380' title='bbox 975 2895 987 2930; x_wconf 93' lang='lat'><strong>:</strong></span> <span class='ocrx_word' id='word_1_381' title='bbox 1039 2877 1332 2947; x_wconf 87' lang='lat' dir='ltr'><strong>participes</strong></span> <span class='ocrx_word' id='word_1_382' title='bbox 1381 2879 1525 2931; x_wconf 88' lang='lat' dir='ltr'><strong>enim</strong></span> <span class='ocrx_word' id='word_1_383' title='bbox 1559 2880 1678 2948; x_wconf 86' lang='lat' dir='ltr'><strong>ejus</strong></span> <span class='ocrx_word' id='word_1_384' title='bbox 1710 2880 1935 2934; x_wconf 88' lang='lat' dir='ltr'><strong>omnino</strong></span> <span class='ocrx_word' id='word_1_385' title='bbox 1972 2879 2101 2935; x_wconf 79' lang='lat' dir='ltr'><strong>facti</strong></span> <span class='ocrx_word' id='word_1_386' title='bbox 2151 2896 2248 2935; x_wconf 90' lang='lat' dir='ltr'><strong>su-</strong></span> 
     </span>
    </p>
   </div>
   <div class='ocr_carea' id='block_1_48' title="bbox 677 2967 2245 3040">
    <p class='ocr_par' dir='ltr' id='par_1_48' title="bbox 677 2967 2245 3040">
     <span class='ocr_line' id='line_1_48' title="bbox 677 2967 2245 3040; baseline 0.003 -19"><span class='ocrx_word' id='word_1_387' title='bbox 677 2983 822 3033; x_wconf 88' lang='lat' dir='ltr'><strong>mus,</strong></span> <span class='ocrx_word' id='word_1_388' title='bbox 879 2982 1118 3035; x_wconf 85' lang='lat' dir='ltr'><strong>eumque</strong></span> <span class='ocrx_word' id='word_1_389' title='bbox 1174 2968 1229 3022; x_wconf 92' lang='lat' dir='ltr'><strong>in</strong></span> <span class='ocrx_word' id='word_1_390' title='bbox 1284 2967 1444 3024; x_wconf 88' lang='lat' dir='ltr'><strong>nobis</strong></span> <span class='ocrx_word' id='word_1_391' title='bbox 1495 2984 1592 3038; x_wconf 90' lang='lat' dir='ltr'><strong>per</strong></span> <span class='ocrx_word' id='word_1_392' title='bbox 1645 2969 1910 3040; x_wconf 88' lang='lat' dir='ltr'><strong>Spiritum</strong></span> <span class='ocrx_word' id='word_1_393' title='bbox 1953 2971 2245 3026; x_wconf 88' lang='lat' dir='ltr'><strong>habemus.</strong></span> 
     </span>
    </p>
   </div>
   <div class='ocr_carea' id='block_1_49' title="bbox 678 3059 2250 3118">
    <p class='ocr_par' dir='ltr' id='par_1_49' title="bbox 678 3059 2250 3118">
     <span class='ocr_line' id='line_1_49' title="bbox 678 3059 2250 3118; baseline 0.003 -7"><span class='ocrx_word' id='word_1_394' title='bbox 678 3059 887 3114; x_wconf 85' lang='lat' dir='ltr'><strong>Idcirco</strong></span> <span class='ocrx_word' id='word_1_395' title='bbox 918 3059 1062 3113; x_wconf 90' lang='lat' dir='ltr'><strong>enim</strong></span> <span class='ocrx_word' id='word_1_396' title='bbox 1115 3068 1170 3114; x_wconf 88' lang='lat' dir='ltr'><strong>et</strong></span> <span class='ocrx_word' id='word_1_397' title='bbox 1210 3060 1407 3113; x_wconf 68' lang='lat' dir='ltr'><strong>divina:</strong></span> <span class='ocrx_word' id='word_1_398' title='bbox 1438 3060 1565 3114; x_wconf 84' lang='lat' dir='ltr'><strong>lacti</strong></span> <span class='ocrx_word' id='word_1_399' title='bbox 1602 3077 1795 3115; x_wconf 90' lang='lat' dir='ltr'><strong>sumus</strong></span> <span class='ocrx_word' id='word_1_400' title='bbox 1841 3073 2126 3118; x_wconf 87' lang='lat' dir='ltr'><strong>consortes</strong></span> <span class='ocrx_word' id='word_1_401' title='bbox 2154 3077 2250 3117; x_wconf 85' lang='lat' dir='ltr'><strong>na-</strong></span> 
     </span>
    </p>
   </div>
   <div class='ocr_carea' id='block_1_50' title="bbox 677 3149 2245 3225">
    <p class='ocr_par' dir='ltr' id='par_1_50' title="bbox 677 3149 2245 3225">
     <span class='ocr_line' id='line_1_50' title="bbox 677 3149 2245 3225; baseline 0.003 -20"><span class='ocrx_word' id='word_1_402' title='bbox 677 3159 815 3205; x_wconf 65' lang='lat' dir='ltr'><strong>tura:</strong></span> <span class='ocrx_word' id='word_1_403' title='bbox 843 3151 888 3183; x_wconf 81' lang='lat'><strong>”</strong></span> <span class='ocrx_word' id='word_1_404' title='bbox 919 3158 972 3204; x_wconf 90' lang='lat' dir='ltr'><strong>et</strong></span> <span class='ocrx_word' id='word_1_405' title='bbox 996 3149 1092 3206; x_wconf 85' lang='lat' dir='ltr'><strong>ﬂlii</strong></span> <span class='ocrx_word' id='word_1_406' title='bbox 1123 3151 1462 3221; x_wconf 87' lang='lat' dir='ltr'><strong>appellamur</strong></span> <span class='ocrx_word' id='word_1_407' title='bbox 1493 3151 1510 3182; x_wconf 78' lang='grc'>⁸</span> <span class='ocrx_word' id='word_1_408' title='bbox 1537 3191 1551 3215; x_wconf 96' lang='grc'>,</span> <span class='ocrx_word' id='word_1_409' title='bbox 1585 3153 1760 3221; x_wconf 91' lang='lat' dir='ltr'><strong>ipsum</strong></span> <span class='ocrx_word' id='word_1_410' title='bbox 1783 3168 2003 3225; x_wconf 89' lang='lat' dir='ltr'><strong>quoque</strong></span> <span class='ocrx_word' id='word_1_411' title='bbox 2031 3153 2245 3209; x_wconf 89' lang='lat' dir='ltr'><strong>Patrem</strong></span> 
     </span>
    </p>
   </div>
   <div class='ocr_carea' id='block_1_51' title="bbox 678 3241 2248 3311">
    <p class='ocr_par' dir='ltr' id='par_1_51' title="bbox 678 3241 2248 3311">
     <span class='ocr_line' id='line_1_51' title="bbox 678 3241 2248 3311; baseline 0.001 -13"><span class='ocrx_word' id='word_1_412' title='bbox 678 3241 936 3298; x_wconf 75' lang='lat' dir='ltr'><strong>similiter</strong></span> <span class='ocrx_word' id='word_1_413' title='bbox 968 3242 1023 3296; x_wconf 90' lang='lat' dir='ltr'><strong>in</strong></span> <span class='ocrx_word' id='word_1_414' title='bbox 1063 3241 1224 3296; x_wconf 90' lang='lat' dir='ltr'><strong>nobis</strong></span> <span class='ocrx_word' id='word_1_415' title='bbox 1255 3242 1516 3296; x_wconf 87' lang='lat' dir='ltr'><strong>habentes</strong></span> <span class='ocrx_word' id='word_1_416' title='bbox 1545 3256 1640 3311; x_wconf 88' lang='lat' dir='ltr'><strong>per</strong></span> <span class='ocrx_word' id='word_1_417' title='bbox 1669 3242 1888 3306; x_wconf 85' lang='lat' dir='ltr'><strong>Filium,</strong></span> <span class='ocrx_word' id='word_1_418' title='bbox 1917 3245 1996 3298; x_wconf 94' lang='lat' dir='ltr'><strong>uti</strong></span> <span class='ocrx_word' id='word_1_419' title='bbox 2023 3253 2076 3299; x_wconf 90' lang='lat' dir='ltr'><strong>et</strong></span> <span class='ocrx_word' id='word_1_420' title='bbox 2107 3247 2248 3300; x_wconf 82' lang='lat' dir='ltr'><strong>Pau-</strong></span> 
     </span>
    </p>
   </div>
   <div class='ocr_carea' id='block_1_52' title="bbox 678 3331 2246 3402">
    <p class='ocr_par' dir='ltr' id='par_1_52' title="bbox 678 3331 2246 3402">
     <span class='ocr_line' id='line_1_52' title="bbox 678 3331 2246 3402; baseline 0 -12"><span class='ocrx_word' id='word_1_421' title='bbox 678 3335 766 3391; x_wconf 83' lang='lat' dir='ltr'><strong>lus</strong></span> <span class='ocrx_word' id='word_1_422' title='bbox 791 3341 1029 3388; x_wconf 84' lang='lat' dir='ltr'><strong>testatur</strong></span> <span class='ocrx_word' id='word_1_423' title='bbox 1056 3331 1246 3387; x_wconf 88' lang='lat' dir='ltr'><strong>dicens</strong></span> <span class='ocrx_word' id='word_1_424' title='bbox 1282 3351 1294 3386; x_wconf 88' lang='lat'><strong>:</strong></span> <span class='ocrx_word' id='word_1_425' title='bbox 1353 3350 1372 3380; x_wconf 83' lang='grc' dir='ltr'><strong>ι</strong></span> <span class='ocrx_word' id='word_1_426' title='bbox 1405 3331 1678 3398; x_wconf 84' lang='lat' dir='ltr'><strong>Quoniam</strong></span> <span class='ocrx_word' id='word_1_427' title='bbox 1728 3342 1907 3388; x_wconf 88' lang='lat' dir='ltr'><strong>autem</strong></span> <span class='ocrx_word' id='word_1_428' title='bbox 1943 3336 2078 3390; x_wconf 87' lang='lat' dir='ltr'><strong>estis</strong></span> <span class='ocrx_word' id='word_1_429' title='bbox 2113 3335 2246 3402; x_wconf 80' lang='lat' dir='ltr'><strong>lilii,</strong></span> 
     </span>
    </p>
   </div>
   <div class='ocr_carea' id='block_1_53' title="bbox 679 3420 2248 3493">
    <p class='ocr_par' dir='ltr' id='par_1_53' title="bbox 679 3420 2248 3493">
     <span class='ocr_line' id='line_1_53' title="bbox 679 3420 2248 3493; baseline -0.001 -13"><span class='ocrx_word' id='word_1_430' title='bbox 679 3425 832 3480; x_wconf 85' lang='lat' dir='ltr'><strong>misit</strong></span> <span class='ocrx_word' id='word_1_431' title='bbox 863 3423 1004 3479; x_wconf 91' lang='lat' dir='ltr'><strong>Deus</strong></span> <span class='ocrx_word' id='word_1_432' title='bbox 1032 3422 1300 3493; x_wconf 88' lang='lat' dir='ltr'><strong>Spiritum</strong></span> <span class='ocrx_word' id='word_1_433' title='bbox 1332 3420 1462 3477; x_wconf 82' lang='lat' dir='ltr'><strong>Filii</strong></span> <span class='ocrx_word' id='word_1_434' title='bbox 1496 3425 1580 3478; x_wconf 89' lang='lat' dir='ltr'><strong>sui</strong></span> <span class='ocrx_word' id='word_1_435' title='bbox 1609 3424 1664 3477; x_wconf 88' lang='lat' dir='ltr'><strong>in</strong></span> <span class='ocrx_word' id='word_1_436' title='bbox 1698 3425 1862 3480; x_wconf 92' lang='lat' dir='ltr'><strong>corda</strong></span> <span class='ocrx_word' id='word_1_437' title='bbox 1891 3433 2070 3481; x_wconf 91' lang='lat' dir='ltr'><strong>vestra</strong></span> <span class='ocrx_word' id='word_1_438' title='bbox 2094 3465 2109 3490; x_wconf 88' lang='lat'><strong>,</strong></span> <span class='ocrx_word' id='word_1_439' title='bbox 2141 3427 2248 3480; x_wconf 87' lang='lat' dir='ltr'><strong>cla-</strong></span> 
     </span>
    </p>
   </div>
   <div class='ocr_carea' id='block_1_54' title="bbox 679 3500 2245 3579">
    <p class='ocr_par' dir='ltr' id='par_1_54' title="bbox 679 3500 2245 3579">
     <span class='ocr_line' id='line_1_54' title="bbox 679 3500 2245 3579; baseline 0.001 -9"><span class='ocrx_word' id='word_1_440' title='bbox 679 3524 918 3570; x_wconf 77' lang='lat' dir='ltr'><strong>mantem</strong></span> <span class='ocrx_word' id='word_1_441' title='bbox 972 3533 987 3570; x_wconf 89' lang='lat'><strong>:</strong></span> <span class='ocrx_word' id='word_1_442' title='bbox 1046 3513 1200 3570; x_wconf 79' lang='lat' dir='ltr'><strong>Abba</strong></span> <span class='ocrx_word' id='word_1_443' title='bbox 1227 3555 1241 3579; x_wconf 92' lang='lat'><strong>,</strong></span> <span class='ocrx_word' id='word_1_444' title='bbox 1278 3500 1440 3568; x_wconf 84' lang='lat' dir='ltr'><strong>Pater</strong></span> <span class='ocrx_word' id='word_1_445' title='bbox 1471 3518 1516 3570; x_wconf 80' lang='lat'><strong>‘.</strong></span> <span class='ocrx_word' id='word_1_446' title='bbox 1557 3535 1574 3567; x_wconf 79' lang='grc' dir='ltr'><strong>ι</strong></span> <span class='ocrx_word' id='word_1_447' title='bbox 1621 3514 1740 3570; x_wconf 84' lang='grc' dir='ltr'><strong>Νοη</strong></span> <span class='ocrx_word' id='word_1_448' title='bbox 1787 3517 1932 3571; x_wconf 87' lang='lat' dir='ltr'><strong>enim</strong></span> <span class='ocrx_word' id='word_1_449' title='bbox 1969 3516 2245 3571; x_wconf 90' lang='lat' dir='ltr'><strong>diversum</strong></span> 
     </span>
    </p>
   </div>
   <div class='ocr_carea' id='block_1_55' title="bbox 679 3605 2249 3677">
    <p class='ocr_par' dir='ltr' id='par_1_55' title="bbox 679 3605 2249 3677">
     <span class='ocr_line' id='line_1_55' title="bbox 679 3605 2249 3677; baseline 0.002 -17"><span class='ocrx_word' id='word_1_450' title='bbox 679 3607 811 3677; x_wconf 85' lang='lat' dir='ltr'><strong>quid</strong></span> <span class='ocrx_word' id='word_1_451' title='bbox 857 3621 886 3661; x_wconf 74' lang='grc' dir='ltr'><strong>α</strong></span> <span class='ocrx_word' id='word_1_452' title='bbox 933 3606 1072 3661; x_wconf 87' lang='lat' dir='ltr'><strong>Filio</strong></span> <span class='ocrx_word' id='word_1_453' title='bbox 1107 3615 1192 3662; x_wconf 88' lang='lat' dir='ltr'><strong>est</strong></span> <span class='ocrx_word' id='word_1_454' title='bbox 1232 3605 1475 3677; x_wconf 85' lang='lat' dir='ltr'><strong>Spiritus</strong></span> <span class='ocrx_word' id='word_1_455' title='bbox 1514 3607 1633 3677; x_wconf 89' lang='lat' dir='ltr'><strong>ejus</strong></span> <span class='ocrx_word' id='word_1_456' title='bbox 1660 3649 1674 3671; x_wconf 97' lang='lat'><strong>,</strong></span> <span class='ocrx_word' id='word_1_457' title='bbox 1714 3608 2015 3663; x_wconf 89' lang='lat' dir='ltr'><strong>secundum</strong></span> <span class='ocrx_word' id='word_1_458' title='bbox 2052 3608 2249 3664; x_wconf 89' lang='lat' dir='ltr'><strong>identi-</strong></span> 
     </span>
    </p>
   </div>
   <div class='ocr_carea' id='block_1_56' title="bbox 679 3695 2248 3767">
    <p class='ocr_par' dir='ltr' id='par_1_56' title="bbox 679 3695 2248 3767">
     <span class='ocr_line' id='line_1_56' title="bbox 679 3695 2248 3767; baseline 0 -16"><span class='ocrx_word' id='word_1_459' title='bbox 679 3703 839 3751; x_wconf 89' lang='lat' dir='ltr'><strong>tatem</strong></span> <span class='ocrx_word' id='word_1_460' title='bbox 896 3701 1108 3751; x_wconf 65' lang='lat' dir='ltr'><strong>natura:</strong></span> <span class='ocrx_word' id='word_1_461' title='bbox 1168 3696 1442 3751; x_wconf 79' lang='lat' dir='ltr'><strong>videlicet.</strong></span> <span class='ocrx_word' id='word_1_462' title='bbox 1485 3695 1580 3751; x_wconf 84' lang='lat' dir='ltr'><strong>llis</strong></span> <span class='ocrx_word' id='word_1_463' title='bbox 1638 3698 1710 3751; x_wconf 92' lang='lat' dir='ltr'><strong>ita</strong></span> <span class='ocrx_word' id='word_1_464' title='bbox 1780 3697 2090 3767; x_wconf 76' lang='lat' dir='ltr'><strong>expositis,</strong></span> <span class='ocrx_word' id='word_1_465' title='bbox 2127 3712 2248 3767; x_wconf 89' lang='lat' dir='ltr'><strong>age,</strong></span> 
     </span>
    </p>
   </div>
   <div class='ocr_carea' id='block_1_57' title="bbox 680 3786 2252 3858">
    <p class='ocr_par' dir='ltr' id='par_1_57' title="bbox 680 3786 2252 3858">
     <span class='ocr_line' id='line_1_57' title="bbox 680 3786 2252 3858; baseline 0.002 -18"><span class='ocrx_word' id='word_1_466' title='bbox 680 3787 946 3858; x_wconf 84' lang='lat' dir='ltr'><strong>propositi</strong></span> <span class='ocrx_word' id='word_1_467' title='bbox 982 3788 1087 3842; x_wconf 89' lang='lat' dir='ltr'><strong>loci</strong></span> <span class='ocrx_word' id='word_1_468' title='bbox 1119 3802 1343 3842; x_wconf 85' lang='lat' dir='ltr'><strong>sensum</strong></span> <span class='ocrx_word' id='word_1_469' title='bbox 1372 3786 1735 3858; x_wconf 84' lang='lat' dir='ltr'><strong>proferentes,</strong></span> <span class='ocrx_word' id='word_1_470' title='bbox 1769 3787 2078 3843; x_wconf 87' lang='lat' dir='ltr'><strong>Servatoris</strong></span> <span class='ocrx_word' id='word_1_471' title='bbox 2103 3788 2252 3843; x_wconf 77' lang='lat' dir='ltr'><strong>voci-</strong></span> 
     </span>
    </p>
   </div>
   <div class='ocr_carea' id='block_1_58' title="bbox 680 3876 1467 3934">
    <p class='ocr_par' dir='ltr' id='par_1_58' title="bbox 680 3876 1467 3934">
     <span class='ocr_line' id='line_1_58' title="bbox 680 3876 1467 3934; baseline -0.003 -1"><span class='ocrx_word' id='word_1_472' title='bbox 680 3879 784 3934; x_wconf 89' lang='lat' dir='ltr'><strong>bus</strong></span> <span class='ocrx_word' id='word_1_473' title='bbox 812 3893 939 3933; x_wconf 88' lang='lat' dir='ltr'><strong>eum</strong></span> <span class='ocrx_word' id='word_1_474' title='bbox 964 3876 1467 3932; x_wconf 86' lang='lat' dir='ltr'><strong>accommodemus.</strong></span> 
     </span>
    </p>
   </div>
   <div class='ocr_carea' id='block_1_59' title="bbox 2346 1974 3881 2047">
    <p class='ocr_par' dir='ltr' id='par_1_59' title="bbox 2346 1974 3881 2047">
     <span class='ocr_line' id='line_1_59' title="bbox 2346 1974 3881 2047; baseline -0.004 -17"><span class='ocrx_word' id='word_1_475' title='bbox 2346 1978 2497 2047; x_wconf 80' lang='grc' dir='ltr'>σίτης</span> <span class='ocrx_word' id='word_1_476' title='bbox 2523 1977 2629 2046; x_wconf 86' lang='grc' dir='ltr'>γάρ</span> <span class='ocrx_word' id='word_1_477' title='bbox 2656 1977 2770 2028; x_wconf 73' lang='grc' dir='ltr'>ἐστι</span> <span class='ocrx_word' id='word_1_478' title='bbox 2797 1974 2928 2028; x_wconf 83' lang='grc' dir='ltr'>Θεοῦ</span> <span class='ocrx_word' id='word_1_479' title='bbox 2964 1976 3057 2028; x_wconf 74' lang='grc' dir='ltr'>καὶ</span> <span class='ocrx_word' id='word_1_480' title='bbox 3081 1974 3401 2042; x_wconf 86' lang='grc' dir='ltr'>ἀνθρώπων,</span> <span class='ocrx_word' id='word_1_481' title='bbox 3434 1974 3578 2028; x_wconf 78' lang='grc' dir='ltr'><strong>κατά</strong></span> <span class='ocrx_word' id='word_1_482' title='bbox 3599 1975 3657 2025; x_wconf 86' lang='grc' dir='ltr'>τὸ</span> <span class='ocrx_word' id='word_1_483' title='bbox 3679 1991 3881 2044; x_wconf 75' lang='grc' dir='ltr'>γεγραμο</span> 
     </span>
    </p>
   </div>
   <div class='ocr_carea' id='block_1_60' title="bbox 2347 2065 3878 2138">
    <p class='ocr_par' dir='ltr' id='par_1_60' title="bbox 2347 2065 3878 2138">
     <span class='ocr_line' id='line_1_60' title="bbox 2347 2065 3878 2138; baseline -0.004 -15"><span class='ocrx_word' id='word_1_484' title='bbox 2347 2070 2525 2138; x_wconf 79' lang='grc' dir='ltr'>μένον,</span> <span class='ocrx_word' id='word_1_485' title='bbox 2551 2067 2626 2137; x_wconf 82' lang='grc' dir='ltr'>τῷ</span> <span class='ocrx_word' id='word_1_486' title='bbox 2654 2068 2752 2137; x_wconf 86' lang='grc' dir='ltr'>μὲν</span> <span class='ocrx_word' id='word_1_487' title='bbox 2777 2066 2894 2138; x_wconf 83' lang='grc' dir='ltr'>Θεῷ</span> <span class='ocrx_word' id='word_1_488' title='bbox 2919 2067 3012 2120; x_wconf 68' lang='grc' dir='ltr'>καὶ</span> <span class='ocrx_word' id='word_1_489' title='bbox 3042 2066 3216 2138; x_wconf 81' lang='grc' dir='ltr'>Πατρὶ</span> <span class='ocrx_word' id='word_1_490' title='bbox 3242 2065 3510 2135; x_wconf 80' lang='grc' dir='ltr'>φυσικῶς,</span> <span class='ocrx_word' id='word_1_491' title='bbox 3539 2065 3613 2128; x_wconf 84' lang='grc' dir='ltr'>ὡς</span> <span class='ocrx_word' id='word_1_492' title='bbox 3641 2065 3780 2130; x_wconf 85' lang='grc' dir='ltr'>Θεὸς,</span> <span class='ocrx_word' id='word_1_493' title='bbox 3807 2065 3878 2118; x_wconf 74' lang='grc' dir='ltr'>καὶ</span> 
     </span>
    </p>
   </div>
   <div class='ocr_carea' id='block_1_61' title="bbox 2346 2155 3881 2228">
    <p class='ocr_par' dir='ltr' id='par_1_61' title="bbox 2346 2155 3881 2228">
     <span class='ocr_line' id='line_1_61' title="bbox 2346 2155 3881 2228; baseline -0.004 -16"><span class='ocrx_word' id='word_1_494' title='bbox 2346 2159 2403 2225; x_wconf 78' lang='grc' dir='ltr'><strong>ἐξ</strong></span> <span class='ocrx_word' id='word_1_495' title='bbox 2437 2157 2598 2213; x_wconf 83' lang='grc' dir='ltr'>αὑτοῦ</span> <span class='ocrx_word' id='word_1_496' title='bbox 2638 2159 3061 2228; x_wconf 86' lang='grc' dir='ltr'>συναπτόμενος.</span> <span class='ocrx_word' id='word_1_497' title='bbox 3086 2156 3394 2228; x_wconf 85' lang='grc' dir='ltr'>ἀνθρώποις</span> <span class='ocrx_word' id='word_1_498' title='bbox 3427 2156 3486 2208; x_wconf 79' lang='grc' dir='ltr'>δὲ</span> <span class='ocrx_word' id='word_1_499' title='bbox 3511 2155 3690 2221; x_wconf 80' lang='grc' dir='ltr'>πάλιν,</span> <span class='ocrx_word' id='word_1_500' title='bbox 3723 2155 3788 2217; x_wconf 81' lang='grc' dir='ltr'>ὡς</span> <span class='ocrx_word' id='word_1_501' title='bbox 3814 2156 3881 2208; x_wconf 73' lang='lat' dir='ltr'><strong>6v-</strong></span> 
     </span>
    </p>
   </div>
   <div class='ocr_carea' id='block_1_62' title="bbox 2346 2245 3879 2320">
    <p class='ocr_par' dir='ltr' id='par_1_62' title="bbox 2346 2245 3879 2320">
     <span class='ocr_line' id='line_1_62' title="bbox 2346 2245 3879 2320; baseline -0.003 -18"><span class='ocrx_word' id='word_1_502' title='bbox 2346 2251 2600 2320; x_wconf 86' lang='grc' dir='ltr'>θρωπος,</span> <span class='ocrx_word' id='word_1_503' title='bbox 2637 2249 2734 2302; x_wconf 73' lang='grc' dir='ltr'>καὶ</span> <span class='ocrx_word' id='word_1_504' title='bbox 2788 2249 2925 2318; x_wconf 76' lang='grc' dir='ltr'>ἔχων</span> <span class='ocrx_word' id='word_1_505' title='bbox 2970 2248 3067 2317; x_wconf 78' lang='grc' dir='ltr'>μὲν</span> <span class='ocrx_word' id='word_1_506' title='bbox 3107 2250 3165 2300; x_wconf 90' lang='lat' dir='ltr'><strong>tv</strong></span> <span class='ocrx_word' id='word_1_507' title='bbox 3217 2246 3394 2316; x_wconf 81' lang='grc' dir='ltr'>ἑαυτῷ</span> <span class='ocrx_word' id='word_1_508' title='bbox 3426 2247 3518 2298; x_wconf 91' lang='grc' dir='ltr'>τὸν</span> <span class='ocrx_word' id='word_1_509' title='bbox 3558 2245 3777 2314; x_wconf 85' lang='grc' dir='ltr'>Πατέρα,</span> <span class='ocrx_word' id='word_1_510' title='bbox 3808 2248 3879 2297; x_wconf 77' lang='grc' dir='ltr'>καὶ</span> 
     </span>
    </p>
   </div>
   <div class='ocr_carea' id='block_1_63' title="bbox 2346 2334 3881 2407">
    <p class='ocr_par' dir='ltr' id='par_1_63' title="bbox 2346 2334 3881 2407">
     <span class='ocr_line' id='line_1_63' title="bbox 2346 2334 3881 2407; baseline -0.003 -17"><span class='ocrx_word' id='word_1_511' title='bbox 2346 2338 2420 2390; x_wconf 82' lang='grc' dir='ltr'>ὢν</span> <span class='ocrx_word' id='word_1_512' title='bbox 2456 2339 2615 2402; x_wconf 87' lang='grc' dir='ltr'>αὑτὸς</span> <span class='ocrx_word' id='word_1_513' title='bbox 2669 2339 2726 2391; x_wconf 80' lang='lat' dir='ltr'><strong>tv</strong></span> <span class='ocrx_word' id='word_1_514' title='bbox 2768 2337 2846 2407; x_wconf 80' lang='grc' dir='ltr'>τῷ</span> <span class='ocrx_word' id='word_1_515' title='bbox 2901 2335 3095 2406; x_wconf 84' lang='grc' dir='ltr'>Πατρί.</span> <span class='ocrx_word' id='word_1_516' title='bbox 3150 2334 3451 2406; x_wconf 80' lang='grc' dir='ltr'>Χαρακτὴρ</span> <span class='ocrx_word' id='word_1_517' title='bbox 3497 2334 3607 2402; x_wconf 85' lang='grc' dir='ltr'>γάρ</span> <span class='ocrx_word' id='word_1_518' title='bbox 3655 2336 3760 2386; x_wconf 76' lang='grc' dir='ltr'>ἐστι</span> <span class='ocrx_word' id='word_1_519' title='bbox 3807 2334 3881 2386; x_wconf 81' lang='grc' dir='ltr'>καὶ</span> 
     </span>
    </p>
   </div>
   <div class='ocr_carea' id='block_1_64' title="bbox 2345 2423 3879 2499">
    <p class='ocr_par' dir='ltr' id='par_1_64' title="bbox 2345 2423 3879 2499">
     <span class='ocr_line' id='line_1_64' title="bbox 2345 2423 3879 2499; baseline -0.006 -16"><span class='ocrx_word' id='word_1_520' title='bbox 2345 2429 2684 2498; x_wconf 79' lang='grc' dir='ltr'>ἀπαύγασμα</span> <span class='ocrx_word' id='word_1_521' title='bbox 2721 2431 2818 2499; x_wconf 78' lang='grc' dir='ltr'>τῆς</span> <span class='ocrx_word' id='word_1_522' title='bbox 2863 2427 3212 2485; x_wconf 83' lang='grc' dir='ltr'>ὑποστάσεως</span> <span class='ocrx_word' id='word_1_523' title='bbox 3244 2426 3431 2488; x_wconf 84' lang='grc' dir='ltr'>αὑτοῦ,</span> <span class='ocrx_word' id='word_1_524' title='bbox 3477 2425 3539 2477; x_wconf 90' lang='grc' dir='ltr'><strong>οὑ</strong></span> <span class='ocrx_word' id='word_1_525' title='bbox 3573 2423 3879 2494; x_wconf 81' lang='grc' dir='ltr'>διωρισμένος</span> 
     </span>
    </p>
   </div>
   <div class='ocr_carea' id='block_1_65' title="bbox 2345 2508 3878 2590">
    <p class='ocr_par' dir='ltr' id='par_1_65' title="bbox 2345 2508 3878 2590">
     <span class='ocr_line' id='line_1_65' title="bbox 2345 2508 3878 2590; baseline -0.008 -17"><span class='ocrx_word' id='word_1_526' title='bbox 2345 2519 2447 2590; x_wconf 81' lang='grc' dir='ltr'>τῆς</span> <span class='ocrx_word' id='word_1_527' title='bbox 2475 2517 2682 2583; x_wconf 91' lang='grc' dir='ltr'>οὑσίας,</span> <span class='ocrx_word' id='word_1_528' title='bbox 2716 2512 2780 2588; x_wconf 77' lang='grc' dir='ltr'><strong>ἧς</strong></span> <span class='ocrx_word' id='word_1_529' title='bbox 2825 2518 2937 2569; x_wconf 73' lang='grc' dir='ltr'>ἐστι</span> <span class='ocrx_word' id='word_1_530' title='bbox 2967 2515 3270 2588; x_wconf 77' lang='grc' dir='ltr'>χαρακτὴρ,</span> <span class='ocrx_word' id='word_1_531' title='bbox 3317 2514 3413 2568; x_wconf 74' lang='grc' dir='ltr'>καὶ</span> <span class='ocrx_word' id='word_1_532' title='bbox 3448 2511 3508 2577; x_wconf 78' lang='grc' dir='ltr'><strong>ἐξ</strong></span> <span class='ocrx_word' id='word_1_533' title='bbox 3549 2508 3616 2585; x_wconf 76' lang='grc' dir='ltr'>ἧς</span> <span class='ocrx_word' id='word_1_534' title='bbox 3657 2512 3878 2581; x_wconf 84' lang='grc' dir='ltr'>πρόεισιν,</span> 
     </span>
    </p>
   </div>
   <div class='ocr_carea' id='block_1_66' title="bbox 2346 2599 3878 2676">
    <p class='ocr_par' dir='ltr' id='par_1_66' title="bbox 2346 2599 3878 2676">
     <span class='ocr_line' id='line_1_66' title="bbox 2346 2599 3878 2676; baseline -0.008 -14"><span class='ocrx_word' id='word_1_535' title='bbox 2346 2610 2421 2670; x_wconf 85' lang='grc' dir='ltr'><strong>ὡς</strong></span> <span class='ocrx_word' id='word_1_536' title='bbox 2451 2608 2808 2676; x_wconf 78' lang='grc' dir='ltr'>ἀπαύγασμα,</span> <span class='ocrx_word' id='word_1_537' title='bbox 2843 2605 2955 2659; x_wconf 79' lang='grc' dir='ltr'>ἀλλ’</span> <span class='ocrx_word' id='word_1_538' title='bbox 3000 2608 3058 2659; x_wconf 88' lang='lat' dir='ltr'><strong>tv</strong></span> <span class='ocrx_word' id='word_1_539' title='bbox 3099 2606 3236 2675; x_wconf 84' lang='grc' dir='ltr'>αὑτῇ</span> <span class='ocrx_word' id='word_1_540' title='bbox 3268 2621 3324 2656; x_wconf 91' lang='grc' dir='ltr'><strong>τε</strong></span> <span class='ocrx_word' id='word_1_541' title='bbox 3351 2603 3429 2657; x_wconf 86' lang='grc' dir='ltr'>ῶν</span> <span class='ocrx_word' id='word_1_542' title='bbox 3455 2603 3634 2664; x_wconf 87' lang='grc' dir='ltr'>αὑτὸς,</span> <span class='ocrx_word' id='word_1_543' title='bbox 3663 2599 3748 2654; x_wconf 74' lang='grc' dir='ltr'>καὶ</span> <span class='ocrx_word' id='word_1_544' title='bbox 3773 2599 3878 2668; x_wconf 75' lang='grc' dir='ltr'>ἔχων</span> 
     </span>
    </p>
   </div>
   <div class='ocr_carea' id='block_1_67' title="bbox 2347 2687 3878 2770">
    <p class='ocr_par' dir='ltr' id='par_1_67' title="bbox 2347 2687 3878 2770">
     <span class='ocr_line' id='line_1_67' title="bbox 2347 2687 3878 2770; baseline -0.009 -17"><span class='ocrx_word' id='word_1_545' title='bbox 2347 2699 2516 2770; x_wconf 82' lang='grc' dir='ltr'>αὑτὴν</span> <span class='ocrx_word' id='word_1_546' title='bbox 2547 2700 2603 2751; x_wconf 93' lang='lat' dir='ltr'><strong>tv</strong></span> <span class='ocrx_word' id='word_1_547' title='bbox 2630 2697 2830 2767; x_wconf 78' lang='grc' dir='ltr'>ἑαυτῷ,</span> <span class='ocrx_word' id='word_1_548' title='bbox 2854 2698 2998 2767; x_wconf 81' lang='grc' dir='ltr'>ἡμᾶς</span> <span class='ocrx_word' id='word_1_549' title='bbox 3027 2696 3083 2748; x_wconf 82' lang='grc' dir='ltr'>δὲ</span> <span class='ocrx_word' id='word_1_550' title='bbox 3109 2695 3269 2748; x_wconf 85' lang='grc' dir='ltr'>πάλιν</span> <span class='ocrx_word' id='word_1_551' title='bbox 3302 2695 3441 2765; x_wconf 78' lang='grc' dir='ltr'>ἔχων</span> <span class='ocrx_word' id='word_1_552' title='bbox 3484 2695 3541 2746; x_wconf 86' lang='lat' dir='ltr'><strong>tv</strong></span> <span class='ocrx_word' id='word_1_553' title='bbox 3573 2690 3754 2760; x_wconf 79' lang='grc' dir='ltr'>ἐαυτῷ,</span> <span class='ocrx_word' id='word_1_554' title='bbox 3773 2687 3878 2740; x_wconf 77' lang='grc' dir='ltr'>καθὸ</span> 
     </span>
    </p>
   </div>
   <div class='ocr_carea' id='block_1_68' title="bbox 2347 2781 3878 2861">
    <p class='ocr_par' dir='ltr' id='par_1_68' title="bbox 2347 2781 3878 2861">
     <span class='ocr_line' id='line_1_68' title="bbox 2347 2781 3878 2861; baseline -0.007 -18"><span class='ocrx_word' id='word_1_555' title='bbox 2347 2793 2445 2860; x_wconf 81' lang='grc' dir='ltr'>τὴν</span> <span class='ocrx_word' id='word_1_556' title='bbox 2475 2789 2747 2861; x_wconf 80' lang='grc' dir='ltr'><strong>ἡμετέραν</strong></span> <span class='ocrx_word' id='word_1_557' title='bbox 2778 2788 3058 2860; x_wconf 84' lang='grc' dir='ltr'>πεφόρηκε</span> <span class='ocrx_word' id='word_1_558' title='bbox 3093 2787 3278 2856; x_wconf 84' lang='grc' dir='ltr'>φύσιν,</span> <span class='ocrx_word' id='word_1_559' title='bbox 3310 2787 3406 2839; x_wconf 74' lang='grc' dir='ltr'>καὶ</span> <span class='ocrx_word' id='word_1_560' title='bbox 3435 2787 3595 2856; x_wconf 85' lang='grc' dir='ltr'>σῶμα</span> <span class='ocrx_word' id='word_1_561' title='bbox 3620 2782 3706 2836; x_wconf 88' lang='grc' dir='ltr'>τοῦ</span> <span class='ocrx_word' id='word_1_562' title='bbox 3740 2781 3878 2848; x_wconf 83' lang='grc' dir='ltr'>Λόγου</span> 
     </span>
    </p>
   </div>
   <div class='ocr_carea' id='block_1_69' title="bbox 2349 2870 3878 2951">
    <p class='ocr_par' dir='ltr' id='par_1_69' title="bbox 2349 2870 3878 2951">
     <span class='ocr_line' id='line_1_69' title="bbox 2349 2870 3878 2951; baseline -0.008 -17"><span class='ocrx_word' id='word_1_563' title='bbox 2349 2879 2724 2951; x_wconf 80' lang='grc' dir='ltr'>κεχρημάτικε</span> <span class='ocrx_word' id='word_1_564' title='bbox 2753 2879 2814 2932; x_wconf 89' lang='grc' dir='ltr'>τὸ</span> <span class='ocrx_word' id='word_1_565' title='bbox 2839 2879 3106 2948; x_wconf 86' lang='grc' dir='ltr'>ἡμέτερον</span> <span class='ocrx_word' id='word_1_566' title='bbox 3156 2877 3332 2947; x_wconf 88' lang='grc' dir='ltr'>σῶμα.</span> <span class='ocrx_word' id='word_1_567' title='bbox 3363 2875 3512 2946; x_wconf 81' lang='grc' dir='ltr'>Σάρξ</span> <span class='ocrx_word' id='word_1_568' title='bbox 3562 2873 3665 2943; x_wconf 84' lang='grc' dir='ltr'><strong>γάρ</strong></span> <span class='ocrx_word' id='word_1_569' title='bbox 3690 2873 3715 2924; x_wconf 86' lang='grc' dir='ltr'>ὁ</span> <span class='ocrx_word' id='word_1_570' title='bbox 3743 2870 3878 2937; x_wconf 80' lang='grc' dir='ltr'>Λόγος</span> 
     </span>
    </p>
   </div>
   <div class='ocr_carea' id='block_1_70' title="bbox 2350 2958 3880 3040">
    <p class='ocr_par' dir='ltr' id='par_1_70' title="bbox 2350 2958 3880 3040">
     <span class='ocr_line' id='line_1_70' title="bbox 2350 2958 3880 3040; baseline -0.009 -16"><span class='ocrx_word' id='word_1_571' title='bbox 2350 2971 2584 3038; x_wconf 75' lang='grc' dir='ltr'>ἐγένετο,</span> <span class='ocrx_word' id='word_1_572' title='bbox 2613 2968 2754 3023; x_wconf 87' lang='grc' dir='ltr'><strong>κατά</strong></span> <span class='ocrx_word' id='word_1_573' title='bbox 2781 2969 2878 3040; x_wconf 81' lang='grc' dir='ltr'>τὴν</span> <span class='ocrx_word' id='word_1_574' title='bbox 2919 2969 3165 3023; x_wconf 82' lang='grc' dir='ltr'>Ἰωάννου</span> <span class='ocrx_word' id='word_1_575' title='bbox 3196 2968 3399 3037; x_wconf 87' lang='grc' dir='ltr'>φωνήν.</span> <span class='ocrx_word' id='word_1_576' title='bbox 3436 2964 3715 3034; x_wconf 86' lang='grc' dir='ltr'>Πεφόρηκε</span> <span class='ocrx_word' id='word_1_577' title='bbox 3736 2961 3784 3012; x_wconf 73' lang='grc' dir='ltr'>δὲ</span> <span class='ocrx_word' id='word_1_578' title='bbox 3806 2958 3880 3028; x_wconf 76' lang='grc' dir='ltr'><strong>τὴν</strong></span> 
     </span>
    </p>
   </div>
   <div class='ocr_carea' id='block_1_71' title="bbox 2351 3053 3880 3131">
    <p class='ocr_par' dir='ltr' id='par_1_71' title="bbox 2351 3053 3880 3131">
     <span class='ocr_line' id='line_1_71' title="bbox 2351 3053 3880 3131; baseline -0.009 -17"><span class='ocrx_word' id='word_1_579' title='bbox 2351 3060 2624 3131; x_wconf 80' lang='grc' dir='ltr'><strong>ἡμετέραν</strong></span> <span class='ocrx_word' id='word_1_580' title='bbox 2655 3060 2837 3128; x_wconf 83' lang='grc' dir='ltr'>φύσιν,</span> <span class='ocrx_word' id='word_1_581' title='bbox 2875 3060 3010 3130; x_wconf 86' lang='grc' dir='ltr'>πρὸς</span> <span class='ocrx_word' id='word_1_582' title='bbox 3055 3062 3152 3131; x_wconf 84' lang='grc' dir='ltr'><strong>τὴν</strong></span> <span class='ocrx_word' id='word_1_583' title='bbox 3201 3059 3334 3113; x_wconf 84' lang='grc' dir='ltr'>ίδίαν</span> <span class='ocrx_word' id='word_1_584' title='bbox 3367 3057 3542 3126; x_wconf 76' lang='grc' dir='ltr'>αὐτὴν</span> <span class='ocrx_word' id='word_1_585' title='bbox 3579 3053 3880 3108; x_wconf 77' lang='grc' dir='ltr'>ἀναπλάττων</span> 
     </span>
    </p>
   </div>
   <div class='ocr_carea' id='block_1_72' title="bbox 2355 3139 3879 3220">
    <p class='ocr_par' dir='ltr' id='par_1_72' title="bbox 2355 3139 3879 3220">
     <span class='ocr_line' id='line_1_72' title="bbox 2355 3139 3879 3220; baseline -0.009 -16"><span class='ocrx_word' id='word_1_586' title='bbox 2355 3150 2520 3220; x_wconf 74' lang='grc' dir='ltr'>ζωήν.</span> <span class='ocrx_word' id='word_1_587' title='bbox 2550 3151 2703 3203; x_wconf 83' lang='grc' dir='ltr'>Ἐστι</span> <span class='ocrx_word' id='word_1_588' title='bbox 2729 3149 2785 3203; x_wconf 86' lang='grc' dir='ltr'>δὲ</span> <span class='ocrx_word' id='word_1_589' title='bbox 2811 3149 2902 3204; x_wconf 73' lang='grc' dir='ltr'>καὶ</span> <span class='ocrx_word' id='word_1_590' title='bbox 2929 3149 3089 3213; x_wconf 88' lang='grc' dir='ltr'>αὑτὸς</span> <span class='ocrx_word' id='word_1_591' title='bbox 3115 3151 3172 3202; x_wconf 87' lang='grc' dir='ltr'>ὲν</span> <span class='ocrx_word' id='word_1_592' title='bbox 3200 3149 3328 3220; x_wconf 83' lang='grc' dir='ltr'>ἡμῖν</span> <span class='ocrx_word' id='word_1_593' title='bbox 3347 3165 3360 3177; x_wconf 91' lang='grc'><strong>·</strong></span> <span class='ocrx_word' id='word_1_594' title='bbox 3392 3147 3606 3219; x_wconf 82' lang='grc' dir='ltr'>μέτοχοι</span> <span class='ocrx_word' id='word_1_595' title='bbox 3631 3143 3729 3214; x_wconf 79' lang='grc' dir='ltr'><strong>γὰρ</strong></span> <span class='ocrx_word' id='word_1_596' title='bbox 3751 3139 3879 3195; x_wconf 84' lang='grc' dir='ltr'>αὑτοῦ</span> 
     </span>
    </p>
   </div>
   <div class='ocr_carea' id='block_1_73' title="bbox 2355 3231 3880 3314">
    <p class='ocr_par' dir='ltr' id='par_1_73' title="bbox 2355 3231 3880 3314">
     <span class='ocr_line' id='line_1_73' title="bbox 2355 3231 3880 3314; baseline -0.009 -18"><span class='ocrx_word' id='word_1_597' title='bbox 2355 3245 2571 3306; x_wconf 84' lang='grc' dir='ltr'>πάντως</span> <span class='ocrx_word' id='word_1_598' title='bbox 2603 3244 2926 3314; x_wconf 75' lang='grc' dir='ltr'>γεγόναμεν,</span> <span class='ocrx_word' id='word_1_599' title='bbox 2955 3241 3050 3295; x_wconf 77' lang='grc' dir='ltr'>καὶ</span> <span class='ocrx_word' id='word_1_600' title='bbox 3099 3242 3263 3297; x_wconf 88' lang='grc' dir='ltr'>αὑτὸν</span> <span class='ocrx_word' id='word_1_601' title='bbox 3295 3240 3492 3311; x_wconf 78' lang='grc' dir='ltr'>ἔχομεν</span> <span class='ocrx_word' id='word_1_602' title='bbox 3523 3240 3577 3292; x_wconf 88' lang='lat' dir='ltr'><strong>tv</strong></span> <span class='ocrx_word' id='word_1_603' title='bbox 3605 3237 3793 3296; x_wconf 76' lang='grc' dir='ltr'>ἑαυτοῖς</span> <span class='ocrx_word' id='word_1_604' title='bbox 3813 3231 3880 3284; x_wconf 79' lang='grc' dir='ltr'><strong>διὰ</strong></span> 
     </span>
    </p>
   </div>
   <div class='ocr_carea' id='block_1_74' title="bbox 2354 3324 3880 3404">
    <p class='ocr_par' dir='ltr' id='par_1_74' title="bbox 2354 3324 3880 3404">
     <span class='ocr_line' id='line_1_74' title="bbox 2354 3324 3880 3404; baseline -0.008 -18"><span class='ocrx_word' id='word_1_605' title='bbox 2354 3334 2446 3386; x_wconf 91' lang='grc' dir='ltr'>τοῦ</span> <span class='ocrx_word' id='word_1_606' title='bbox 2495 3333 2828 3404; x_wconf 86' lang='grc' dir='ltr'>Πνεὺματος.</span> <span class='ocrx_word' id='word_1_607' title='bbox 2863 3334 2960 3386; x_wconf 82' lang='grc' dir='ltr'>Διά</span> <span class='ocrx_word' id='word_1_608' title='bbox 3012 3333 3121 3401; x_wconf 87' lang='grc' dir='ltr'><strong>γάρ</strong></span> <span class='ocrx_word' id='word_1_609' title='bbox 3164 3332 3340 3396; x_wconf 88' lang='grc' dir='ltr'>τοῦτο,</span> <span class='ocrx_word' id='word_1_610' title='bbox 3393 3332 3491 3384; x_wconf 67' lang='grc' dir='ltr'>καὶ</span> <span class='ocrx_word' id='word_1_611' title='bbox 3543 3329 3684 3392; x_wconf 81' lang='grc' dir='ltr'>Θείας</span> <span class='ocrx_word' id='word_1_612' title='bbox 3709 3324 3880 3394; x_wconf 77' lang='grc' dir='ltr'>φύσεως</span> 
     </span>
    </p>
   </div>
   <div class='ocr_carea' id='block_1_75' title="bbox 2353 3412 3880 3493">
    <p class='ocr_par' dir='ltr' id='par_1_75' title="bbox 2353 3412 3880 3493">
     <span class='ocr_line' id='line_1_75' title="bbox 2353 3412 3880 3493; baseline -0.012 -12"><span class='ocrx_word' id='word_1_613' title='bbox 2353 3425 2656 3493; x_wconf 81' lang='grc' dir='ltr'><strong>γεγόναμεν</strong></span> <span class='ocrx_word' id='word_1_614' title='bbox 2696 3425 2965 3488; x_wconf 77' lang='grc' dir='ltr'>κοινωνοὶ,</span> <span class='ocrx_word' id='word_1_615' title='bbox 3015 3425 3110 3477; x_wconf 77' lang='grc' dir='ltr'>καὶ</span> <span class='ocrx_word' id='word_1_616' title='bbox 3174 3423 3280 3476; x_wconf 74' lang='grc' dir='ltr'>υίοὶ</span> <span class='ocrx_word' id='word_1_617' title='bbox 3317 3417 3736 3493; x_wconf 76' lang='grc' dir='ltr'>χρηματίζομεν,</span> <span class='ocrx_word' id='word_1_618' title='bbox 3771 3412 3880 3464; x_wconf 79' lang='grc' dir='ltr'>οὕτω</span> 
     </span>
    </p>
   </div>
   <div class='ocr_carea' id='block_1_76' title="bbox 2355 3498 3879 3586">
    <p class='ocr_par' dir='ltr' id='par_1_76' title="bbox 2355 3498 3879 3586">
     <span class='ocr_line' id='line_1_76' title="bbox 2355 3498 3879 3586; baseline -0.009 -19"><span class='ocrx_word' id='word_1_619' title='bbox 2355 3514 2449 3567; x_wconf 71' lang='grc' dir='ltr'><strong>καὶ</strong></span> <span class='ocrx_word' id='word_1_620' title='bbox 2503 3515 2663 3568; x_wconf 89' lang='grc' dir='ltr'>αὑτὸν</span> <span class='ocrx_word' id='word_1_621' title='bbox 2712 3515 2925 3586; x_wconf 79' lang='grc' dir='ltr'>ἔχοντες</span> <span class='ocrx_word' id='word_1_622' title='bbox 2971 3516 3025 3567; x_wconf 93' lang='lat' dir='ltr'><strong>tv</strong></span> <span class='ocrx_word' id='word_1_623' title='bbox 3065 3516 3275 3577; x_wconf 79' lang='grc' dir='ltr'>ἑαυτοῖς</span> <span class='ocrx_word' id='word_1_624' title='bbox 3319 3515 3408 3567; x_wconf 87' lang='grc' dir='ltr'>τὸν</span> <span class='ocrx_word' id='word_1_625' title='bbox 3456 3510 3668 3579; x_wconf 87' lang='grc' dir='ltr'>Πατέρα</span> <span class='ocrx_word' id='word_1_626' title='bbox 3709 3503 3784 3558; x_wconf 83' lang='grc' dir='ltr'>διὰ</span> <span class='ocrx_word' id='word_1_627' title='bbox 3809 3498 3879 3554; x_wconf 80' lang='grc' dir='ltr'><strong>τοῦ</strong></span> 
     </span>
    </p>
   </div>
   <div class='ocr_carea' id='block_1_77' title="bbox 2356 3597 3878 3678">
    <p class='ocr_par' dir='ltr' id='par_1_77' title="bbox 2356 3597 3878 3678">
     <span class='ocr_line' id='line_1_77' title="bbox 2356 3597 3878 3678; baseline -0.01 -19"><span class='ocrx_word' id='word_1_628' title='bbox 2356 3607 2506 3667; x_wconf 84' lang='grc' dir='ltr'>Υίοῦ,</span> <span class='ocrx_word' id='word_1_629' title='bbox 2543 3607 2638 3660; x_wconf 73' lang='grc' dir='ltr'>καὶ</span> <span class='ocrx_word' id='word_1_630' title='bbox 2671 3609 3008 3678; x_wconf 83' lang='grc' dir='ltr'>μαρτυρήσει</span> <span class='ocrx_word' id='word_1_631' title='bbox 3034 3609 3206 3674; x_wconf 84' lang='grc' dir='ltr'>λέγων</span> <span class='ocrx_word' id='word_1_632' title='bbox 3236 3608 3264 3659; x_wconf 82' lang='grc' dir='ltr'>ὁ</span> <span class='ocrx_word' id='word_1_633' title='bbox 3291 3603 3526 3667; x_wconf 77' lang='grc' dir='ltr'>Παῦλοςο</span> <span class='ocrx_word' id='word_1_634' title='bbox 3549 3603 3692 3653; x_wconf 80' lang='grc' dir='ltr'>«Ὅτι</span> <span class='ocrx_word' id='word_1_635' title='bbox 3713 3597 3762 3651; x_wconf 81' lang='grc' dir='ltr'><strong>δέ</strong></span> <span class='ocrx_word' id='word_1_636' title='bbox 3785 3597 3878 3647; x_wconf 78' lang='grc' dir='ltr'>ἐστε</span> 
     </span>
    </p>
   </div>
   <div class='ocr_carea' id='block_1_78' title="bbox 2356 3685 3879 3766">
    <p class='ocr_par' dir='ltr' id='par_1_78' title="bbox 2356 3685 3879 3766">
     <span class='ocr_line' id='line_1_78' title="bbox 2356 3685 3879 3766; baseline -0.009 -16"><span class='ocrx_word' id='word_1_637' title='bbox 2356 3699 2479 3761; x_wconf 68' lang='grc' dir='ltr'>υἱοὶ,</span> <span class='ocrx_word' id='word_1_638' title='bbox 2505 3695 2886 3762; x_wconf 77' lang='grc' dir='ltr'>ἐξαπέστειλεν</span> <span class='ocrx_word' id='word_1_639' title='bbox 2917 3701 2944 3751; x_wconf 84' lang='grc'>6</span> <span class='ocrx_word' id='word_1_640' title='bbox 2975 3698 3106 3762; x_wconf 90' lang='grc' dir='ltr'>Θεὸς</span> <span class='ocrx_word' id='word_1_641' title='bbox 3137 3698 3195 3750; x_wconf 86' lang='grc' dir='ltr'>τὸ</span> <span class='ocrx_word' id='word_1_642' title='bbox 3221 3695 3447 3766; x_wconf 80' lang='grc' dir='ltr'>Πνεῦμα</span> <span class='ocrx_word' id='word_1_643' title='bbox 3472 3693 3564 3748; x_wconf 88' lang='grc' dir='ltr'>τοῦ</span> <span class='ocrx_word' id='word_1_644' title='bbox 3602 3689 3722 3744; x_wconf 82' lang='grc' dir='ltr'>Υίοῦ</span> <span class='ocrx_word' id='word_1_645' title='bbox 3751 3685 3879 3740; x_wconf 78' lang='grc' dir='ltr'>αὐτοῦ</span> 
     </span>
    </p>
   </div>
   <div class='ocr_carea' id='block_1_79' title="bbox 2357 3777 3874 3856">
    <p class='ocr_par' dir='ltr' id='par_1_79' title="bbox 2357 3777 3874 3856">
     <span class='ocr_line' id='line_1_79' title="bbox 2357 3777 3874 3856; baseline -0.003 -19"><span class='ocrx_word' id='word_1_646' title='bbox 2357 3787 2436 3849; x_wconf 81' lang='grc' dir='ltr'>είς</span> <span class='ocrx_word' id='word_1_647' title='bbox 2478 3785 2576 3848; x_wconf 79' lang='grc' dir='ltr'>τὰς</span> <span class='ocrx_word' id='word_1_648' title='bbox 2615 3785 2839 3855; x_wconf 79' lang='grc' dir='ltr'>καρδίας</span> <span class='ocrx_word' id='word_1_649' title='bbox 2881 3785 3056 3856; x_wconf 87' lang='grc' dir='ltr'>ὑμῶν,</span> <span class='ocrx_word' id='word_1_650' title='bbox 3101 3785 3333 3856; x_wconf 81' lang='grc' dir='ltr'>κράζον·</span> <span class='ocrx_word' id='word_1_651' title='bbox 3380 3782 3619 3844; x_wconf 78' lang='grc' dir='ltr'><strong>Ἀ66ἆ,ὁ</strong></span> <span class='ocrx_word' id='word_1_652' title='bbox 3649 3777 3827 3846; x_wconf 77' lang='grc' dir='ltr'>Πατήρ.</span> <span class='ocrx_word' id='word_1_653' title='bbox 3860 3791 3874 3823; x_wconf 70' lang='grc' dir='ltr'><strong><em>υ</em></strong></span> 
     </span>
    </p>
   </div>
   <div class='ocr_carea' id='block_1_80' title="bbox 2359 3863 3875 3950">
    <p class='ocr_par' dir='ltr' id='par_1_80' title="bbox 2359 3863 3875 3950">
     <span class='ocr_line' id='line_1_80' title="bbox 2359 3863 3875 3950; baseline -0.01 -19"><span class='ocrx_word' id='word_1_654' title='bbox 2359 3879 2434 3931; x_wconf 89' lang='grc' dir='ltr'>Οὑ</span> <span class='ocrx_word' id='word_1_655' title='bbox 2460 3877 2567 3949; x_wconf 83' lang='grc' dir='ltr'><strong>γὰρ</strong></span> <span class='ocrx_word' id='word_1_656' title='bbox 2587 3878 2772 3949; x_wconf 74' lang='grc' dir='ltr'>ἔτερόν</span> <span class='ocrx_word' id='word_1_657' title='bbox 2801 3896 2852 3931; x_wconf 86' lang='grc' dir='ltr'><strong>τι</strong></span> <span class='ocrx_word' id='word_1_658' title='bbox 2885 3877 3037 3950; x_wconf 87' lang='grc' dir='ltr'><strong>παρά</strong></span> <span class='ocrx_word' id='word_1_659' title='bbox 3065 3877 3155 3932; x_wconf 83' lang='grc' dir='ltr'>τὸν</span> <span class='ocrx_word' id='word_1_660' title='bbox 3189 3877 3316 3932; x_wconf 82' lang='grc' dir='ltr'>Υίὸν</span> <span class='ocrx_word' id='word_1_661' title='bbox 3369 3876 3430 3929; x_wconf 88' lang='grc' dir='ltr'>τὸ</span> <span class='ocrx_word' id='word_1_662' title='bbox 3487 3871 3702 3942; x_wconf 84' lang='grc' dir='ltr'>Πνεῦμα</span> <span class='ocrx_word' id='word_1_663' title='bbox 3725 3863 3875 3924; x_wconf 83' lang='grc' dir='ltr'>αὑτοῦ.</span> 
     </span>
    </p>
   </div>
   <div class='ocr_carea' id='block_1_81' title="bbox 683 3962 3878 4044">
    <p class='ocr_par' dir='ltr' id='par_1_81' title="bbox 683 3962 3878 4044">
     <span class='ocr_line' id='line_1_81' title="bbox 683 3962 3878 4044; baseline -0.002 -18"><span class='ocrx_word' id='word_1_664' title='bbox 683 3969 830 4026; x_wconf 75' lang='grc' dir='ltr'><strong>κατά</strong></span> <span class='ocrx_word' id='word_1_665' title='bbox 871 3985 936 4037; x_wconf 82' lang='grc' dir='ltr'><strong>γε</strong></span> <span class='ocrx_word' id='word_1_666' title='bbox 971 3969 1063 4022; x_wconf 89' lang='grc' dir='ltr'>τὸν</span> <span class='ocrx_word' id='word_1_667' title='bbox 1095 3969 1152 4020; x_wconf 83' lang='lat' dir='ltr'><strong>tv</strong></span> <span class='ocrx_word' id='word_1_668' title='bbox 1181 3967 1468 4037; x_wconf 79' lang='grc' dir='ltr'>ταυτότητι</span> <span class='ocrx_word' id='word_1_669' title='bbox 1503 3965 1680 4036; x_wconf 83' lang='grc' dir='ltr'>λόγον,</span> <span class='ocrx_word' id='word_1_670' title='bbox 1717 3968 1861 4038; x_wconf 76' lang='grc' dir='ltr'>φημὶ</span> <span class='ocrx_word' id='word_1_671' title='bbox 1903 3969 1960 4022; x_wconf 78' lang='lat' dir='ltr'><strong>6t</strong></span> <span class='ocrx_word' id='word_1_672' title='bbox 2005 3973 2068 4041; x_wconf 80' lang='grc' dir='ltr'>τῇ</span> <span class='ocrx_word' id='word_1_673' title='bbox 2123 3973 2345 4042; x_wconf 79' lang='grc' dir='ltr'>φυσικῇ.</span> <span class='ocrx_word' id='word_1_674' title='bbox 2387 3971 2543 4024; x_wconf 85' lang='grc' dir='ltr'>Οῦτω</span> <span class='ocrx_word' id='word_1_675' title='bbox 2605 3972 2661 4024; x_wconf 81' lang='grc' dir='ltr'>δὲ</span> <span class='ocrx_word' id='word_1_676' title='bbox 2708 3975 2840 4044; x_wconf 82' lang='grc' dir='ltr'>ἡμῖν</span> <span class='ocrx_word' id='word_1_677' title='bbox 2889 3972 2983 4026; x_wconf 83' lang='grc' dir='ltr'>τοῦ</span> <span class='ocrx_word' id='word_1_678' title='bbox 3039 3975 3167 4042; x_wconf 65' lang='grc' dir='ltr'>περὶ</span> <span class='ocrx_word' id='word_1_679' title='bbox 3211 3969 3414 4024; x_wconf 83' lang='grc' dir='ltr'>τούτων</span> <span class='ocrx_word' id='word_1_680' title='bbox 3449 3962 3878 4042; x_wconf 77' lang='grc' dir='ltr'>προκεχωρηκότοῖ</span> 
     </span>
    </p>
   </div>
   <div class='ocr_carea' id='block_1_82' title="bbox 680 4056 3876 4135">
    <p class='ocr_par' dir='ltr' id='par_1_82' title="bbox 680 4056 3876 4135">
     <span class='ocr_line' id='line_1_82' title="bbox 680 4056 3876 4135; baseline 0.002 -20"><span class='ocrx_word' id='word_1_681' title='bbox 680 4063 863 4130; x_wconf 74' lang='grc' dir='ltr'>λόγου,</span> <span class='ocrx_word' id='word_1_682' title='bbox 905 4062 1037 4132; x_wconf 84' lang='grc' dir='ltr'>φέρε</span> <span class='ocrx_word' id='word_1_683' title='bbox 1098 4061 1195 4132; x_wconf 82' lang='grc' dir='ltr'>τὴν</span> <span class='ocrx_word' id='word_1_684' title='bbox 1242 4061 1350 4116; x_wconf 88' lang='grc' dir='ltr'><strong>τῶν</strong></span> <span class='ocrx_word' id='word_1_685' title='bbox 1397 4063 1770 4133; x_wconf 86' lang='grc' dir='ltr'>προκειμένων</span> <span class='ocrx_word' id='word_1_686' title='bbox 1821 4064 2155 4134; x_wconf 83' lang='grc' dir='ltr'>παραθέντες</span> <span class='ocrx_word' id='word_1_687' title='bbox 2203 4065 2463 4128; x_wconf 83' lang='grc' dir='ltr'>διάνοιαν,</span> <span class='ocrx_word' id='word_1_688' title='bbox 2496 4069 2614 4129; x_wconf 81' lang='grc' dir='ltr'>ταῖς</span> <span class='ocrx_word' id='word_1_689' title='bbox 2643 4065 2736 4119; x_wconf 87' lang='grc' dir='ltr'><strong>τοῦ</strong></span> <span class='ocrx_word' id='word_1_690' title='bbox 2789 4066 3038 4135; x_wconf 75' lang='grc' dir='ltr'>Σωτῆρος</span> <span class='ocrx_word' id='word_1_691' title='bbox 3087 4065 3287 4132; x_wconf 83' lang='grc' dir='ltr'>φωναῖς</span> <span class='ocrx_word' id='word_1_692' title='bbox 3315 4061 3486 4132; x_wconf 71' lang='grc' dir='ltr'>αὐτὴν</span> <span class='ocrx_word' id='word_1_693' title='bbox 3514 4056 3876 4128; x_wconf 68' lang='grc' dir='ltr'><strong>ἐφαρμόσωμεν’</strong></span> 
     </span>
    </p>
   </div>
   <div class='ocr_carea' id='block_1_83' title="bbox 758 4143 2244 4228">
    <p class='ocr_par' dir='ltr' id='par_1_83' title="bbox 758 4151 2244 4224">
     <span class='ocr_line' id='line_1_83' title="bbox 758 4151 2244 4224; baseline 0.003 -20"><span class='ocrx_word' id='word_1_694' title='bbox 758 4170 777 4204; x_wconf 81' lang='grc' dir='ltr'><strong>ι</strong></span> <span class='ocrx_word' id='word_1_695' title='bbox 811 4151 868 4205; x_wconf 90' lang='lat' dir='ltr'><strong>lu</strong></span> <span class='ocrx_word' id='word_1_696' title='bbox 901 4152 991 4206; x_wconf 90' lang='lat' dir='ltr'><strong>illa</strong></span> <span class='ocrx_word' id='word_1_697' title='bbox 1022 4151 1133 4216; x_wconf 90' lang='lat' dir='ltr'><strong>die,</strong></span> <span class='ocrx_word' id='word_1_698' title='bbox 1170 4151 1370 4222; x_wconf 88' lang='lat' dir='ltr'><strong>inquit,</strong></span> <span class='ocrx_word' id='word_1_699' title='bbox 1392 4155 1735 4223; x_wconf 87' lang='lat' dir='ltr'><strong>cognoscetis</strong></span> <span class='ocrx_word' id='word_1_700' title='bbox 1763 4155 1888 4223; x_wconf 89' lang='lat' dir='ltr'><strong>quia</strong></span> <span class='ocrx_word' id='word_1_701' title='bbox 1914 4171 2014 4224; x_wconf 78' lang='lat' dir='ltr'><strong>ego</strong></span> <span class='ocrx_word' id='word_1_702' title='bbox 2041 4172 2162 4210; x_wconf 90' lang='lat' dir='ltr'><strong>sum</strong></span> <span class='ocrx_word' id='word_1_703' title='bbox 2202 4156 2244 4209; x_wconf 78' lang='lat' dir='ltr'><strong>ir</strong></span> 
     </span>
    </p>
   </div>
   <div class='ocr_carea' id='block_1_84' title="bbox 2343 4143 3878 4228">
    <p class='ocr_par' dir='ltr' id='par_1_84' title="bbox 2441 4143 3878 4228">
     <span class='ocr_line' id='line_1_84' title="bbox 2441 4143 3878 4228; baseline -0.013 -18"><span class='ocrx_word' id='word_1_704' title='bbox 2441 4179 2458 4210; x_wconf 84' lang='grc' dir='ltr'><strong>ι</strong></span> <span class='ocrx_word' id='word_1_705' title='bbox 2496 4159 2583 4212; x_wconf 89' lang='grc' dir='ltr'><strong>Ἐν</strong></span> <span class='ocrx_word' id='word_1_706' title='bbox 2610 4158 2788 4228; x_wconf 73' lang='grc' dir='ltr'>ἐκείνῃ</span> <span class='ocrx_word' id='word_1_707' title='bbox 2813 4156 2921 4226; x_wconf 84' lang='grc' dir='ltr'>γὰρ</span> <span class='ocrx_word' id='word_1_708' title='bbox 2954 4157 3019 4225; x_wconf 79' lang='grc' dir='ltr'>τῇ</span> <span class='ocrx_word' id='word_1_709' title='bbox 3056 4155 3260 4225; x_wconf 78' lang='grc' dir='ltr'>ἡμέρᾳ,</span> <span class='ocrx_word' id='word_1_710' title='bbox 3288 4151 3590 4221; x_wconf 82' lang='grc' dir='ltr'>γνώσεσθε,</span> <span class='ocrx_word' id='word_1_711' title='bbox 3625 4148 3793 4218; x_wconf 64' lang='grc' dir='ltr'>φησιν,</span> <span class='ocrx_word' id='word_1_712' title='bbox 3817 4143 3878 4193; x_wconf 78' lang='grc' dir='ltr'>ὅτι</span> 
     </span>
    </p>
   </div>
   <div class='ocr_carea' id='block_1_85' title="bbox 685 4236 2244 4322">
    <p class='ocr_par' dir='ltr' id='par_1_85' title="bbox 685 4241 2244 4316">
     <span class='ocr_line' id='line_1_85' title="bbox 685 4241 2244 4316; baseline 0.001 -21"><span class='ocrx_word' id='word_1_713' title='bbox 685 4241 847 4295; x_wconf 87' lang='lat' dir='ltr'><strong>Patre</strong></span> <span class='ocrx_word' id='word_1_714' title='bbox 880 4255 1039 4302; x_wconf 87' lang='lat' dir='ltr'><strong>meo,</strong></span> <span class='ocrx_word' id='word_1_715' title='bbox 1086 4247 1141 4295; x_wconf 91' lang='lat' dir='ltr'><strong>et</strong></span> <span class='ocrx_word' id='word_1_716' title='bbox 1171 4255 1268 4296; x_wconf 82' lang='lat' dir='ltr'><strong>vos</strong></span> <span class='ocrx_word' id='word_1_717' title='bbox 1300 4242 1352 4295; x_wconf 92' lang='lat' dir='ltr'><strong>in</strong></span> <span class='ocrx_word' id='word_1_718' title='bbox 1390 4257 1510 4306; x_wconf 91' lang='lat' dir='ltr'><strong>me,</strong></span> <span class='ocrx_word' id='word_1_719' title='bbox 1545 4251 1598 4297; x_wconf 91' lang='lat' dir='ltr'><strong>et</strong></span> <span class='ocrx_word' id='word_1_720' title='bbox 1636 4258 1737 4312; x_wconf 87' lang='lat' dir='ltr'><strong>ego</strong></span> <span class='ocrx_word' id='word_1_721' title='bbox 1785 4246 1840 4298; x_wconf 94' lang='lat' dir='ltr'><strong>in</strong></span> <span class='ocrx_word' id='word_1_722' title='bbox 1876 4245 2050 4299; x_wconf 86' lang='lat' dir='ltr'><strong>vobis.</strong></span> <span class='ocrx_word' id='word_1_723' title='bbox 2089 4265 2106 4296; x_wconf 78' lang='grc' dir='ltr'><strong>ι</strong></span> <span class='ocrx_word' id='word_1_724' title='bbox 2145 4245 2244 4316; x_wconf 78' lang='lat' dir='ltr'><strong>Egr</strong></span> 
     </span>
    </p>
   </div>
   <div class='ocr_carea' id='block_1_86' title="bbox 2343 4236 3873 4322">
    <p class='ocr_par' dir='ltr' id='par_1_86' title="bbox 2363 4236 3873 4322">
     <span class='ocr_line' id='line_1_86' title="bbox 2363 4236 3873 4322; baseline -0.021 -5"><span class='ocrx_word' id='word_1_725' title='bbox 2363 4251 2472 4319; x_wconf 81' lang='grc' dir='ltr'><strong>ἐγὼ</strong></span> <span class='ocrx_word' id='word_1_726' title='bbox 2500 4253 2554 4304; x_wconf 67' lang='grc' dir='ltr'>ἐν</span> <span class='ocrx_word' id='word_1_727' title='bbox 2585 4251 2660 4322; x_wconf 85' lang='grc' dir='ltr'>τῷ</span> <span class='ocrx_word' id='word_1_728' title='bbox 2689 4249 2883 4317; x_wconf 74' lang='grc' dir='ltr'>Πατρὶ,</span> <span class='ocrx_word' id='word_1_729' title='bbox 2903 4248 2997 4301; x_wconf 68' lang='grc' dir='ltr'>καὶ</span> <span class='ocrx_word' id='word_1_730' title='bbox 3027 4248 3181 4316; x_wconf 83' lang='grc' dir='ltr'>ὑμεῖς</span> <span class='ocrx_word' id='word_1_731' title='bbox 3204 4247 3261 4298; x_wconf 86' lang='lat' dir='ltr'><strong>tv</strong></span> <span class='ocrx_word' id='word_1_732' title='bbox 3293 4245 3434 4313; x_wconf 67' lang='grc' dir='ltr'>ἐμοὶ,</span> <span class='ocrx_word' id='word_1_733' title='bbox 3465 4241 3615 4310; x_wconf 76' lang='grc' dir='ltr'>κάγὼ</span> <span class='ocrx_word' id='word_1_734' title='bbox 3652 4240 3702 4290; x_wconf 87' lang='lat' dir='ltr'><strong>tv</strong></span> <span class='ocrx_word' id='word_1_735' title='bbox 3725 4236 3873 4305; x_wconf 73' lang='grc' dir='ltr'>ὑμῖν.»</span> 
     </span>
    </p>
   </div>
   <div class='ocr_carea' id='block_1_87' title="bbox 684 4323 2244 4411">
    <p class='ocr_par' dir='ltr' id='par_1_87' title="bbox 684 4333 2244 4404">
     <span class='ocr_line' id='line_1_87' title="bbox 684 4333 2244 4404; baseline 0.002 -15"><span class='ocrx_word' id='word_1_736' title='bbox 684 4334 831 4389; x_wconf 87' lang='lat' dir='ltr'><strong>enim</strong></span> <span class='ocrx_word' id='word_1_737' title='bbox 863 4333 986 4388; x_wconf 83' lang='lat' dir='ltr'><strong>vivo</strong></span> <span class='ocrx_word' id='word_1_738' title='bbox 1010 4374 1024 4397; x_wconf 91' lang='lat'><strong>,</strong></span> <span class='ocrx_word' id='word_1_739' title='bbox 1059 4333 1242 4404; x_wconf 87' lang='lat' dir='ltr'><strong>inquit</strong></span> <span class='ocrx_word' id='word_1_740' title='bbox 1283 4352 1298 4391; x_wconf 92' lang='lat'><strong>:</strong></span> <span class='ocrx_word' id='word_1_741' title='bbox 1336 4334 1447 4388; x_wconf 86' lang='lat' dir='ltr'><strong>vita</strong></span> <span class='ocrx_word' id='word_1_742' title='bbox 1475 4335 1621 4388; x_wconf 86' lang='lat' dir='ltr'><strong>enim</strong></span> <span class='ocrx_word' id='word_1_743' title='bbox 1661 4350 1782 4389; x_wconf 91' lang='lat' dir='ltr'><strong>sum</strong></span> <span class='ocrx_word' id='word_1_744' title='bbox 1819 4337 2124 4392; x_wconf 89' lang='lat' dir='ltr'><strong>secundum</strong></span> <span class='ocrx_word' id='word_1_745' title='bbox 2160 4355 2244 4392; x_wconf 88' lang='lat' dir='ltr'><strong>na-</strong></span> 
     </span>
    </p>
   </div>
   <div class='ocr_carea' id='block_1_88' title="bbox 2343 4323 3875 4411">
    <p class='ocr_par' dir='ltr' id='par_1_88' title="bbox 2376 4323 3875 4411">
     <span class='ocr_line' id='line_1_88' title="bbox 2376 4323 3875 4411; baseline -0.019 -4"><span class='ocrx_word' id='word_1_746' title='bbox 2376 4342 2515 4409; x_wconf 86' lang='grc' dir='ltr'><strong>Ἐγὼ</strong></span> <span class='ocrx_word' id='word_1_747' title='bbox 2553 4341 2651 4410; x_wconf 84' lang='grc' dir='ltr'><strong>μὲν</strong></span> <span class='ocrx_word' id='word_1_748' title='bbox 2685 4340 2793 4411; x_wconf 82' lang='grc' dir='ltr'>γὰρ</span> <span class='ocrx_word' id='word_1_749' title='bbox 2833 4338 2937 4404; x_wconf 77' lang='grc' dir='ltr'><strong>ζῶ,</strong></span> <span class='ocrx_word' id='word_1_750' title='bbox 2967 4337 3097 4406; x_wconf 74' lang='grc' dir='ltr'>φησί</span> <span class='ocrx_word' id='word_1_751' title='bbox 3118 4354 3129 4365; x_wconf 87' lang='grc'><strong>·</strong></span> <span class='ocrx_word' id='word_1_752' title='bbox 3160 4335 3272 4404; x_wconf 79' lang='grc' dir='ltr'><strong>ζωὴ</strong></span> <span class='ocrx_word' id='word_1_753' title='bbox 3304 4334 3412 4405; x_wconf 84' lang='grc' dir='ltr'>γάρ</span> <span class='ocrx_word' id='word_1_754' title='bbox 3442 4335 3558 4404; x_wconf 80' lang='grc' dir='ltr'>εἶμι</span> <span class='ocrx_word' id='word_1_755' title='bbox 3586 4327 3716 4383; x_wconf 86' lang='grc' dir='ltr'><strong>κατά</strong></span> <span class='ocrx_word' id='word_1_756' title='bbox 3735 4323 3875 4411; x_wconf 77' lang='grc' dir='ltr'>φύσιν.</span> 
     </span>
    </p>
   </div>
   <div class='ocr_carea' id='block_1_89' title="bbox 687 4410 2244 4500">
    <p class='ocr_par' dir='ltr' id='par_1_89' title="bbox 687 4423 2244 4495">
     <span class='ocr_line' id='line_1_89' title="bbox 687 4423 2244 4495; baseline 0 -13"><span class='ocrx_word' id='word_1_757' title='bbox 687 4435 889 4490; x_wconf 85' lang='lat' dir='ltr'><strong>turam,</strong></span> <span class='ocrx_word' id='word_1_758' title='bbox 922 4433 974 4480; x_wconf 89' lang='lat' dir='ltr'><strong>et</strong></span> <span class='ocrx_word' id='word_1_759' title='bbox 1008 4423 1198 4479; x_wconf 78' lang='lat' dir='ltr'><strong>vivens</strong></span> <span class='ocrx_word' id='word_1_760' title='bbox 1223 4439 1345 4480; x_wconf 86' lang='lat' dir='ltr'><strong>esse</strong></span> <span class='ocrx_word' id='word_1_761' title='bbox 1377 4440 1559 4480; x_wconf 89' lang='lat' dir='ltr'><strong>meum</strong></span> <span class='ocrx_word' id='word_1_762' title='bbox 1593 4428 1853 4495; x_wconf 90' lang='lat' dir='ltr'><strong>templum</strong></span> <span class='ocrx_word' id='word_1_763' title='bbox 1877 4428 2114 4482; x_wconf 87' lang='lat' dir='ltr'><strong>ostendi.</strong></span> <span class='ocrx_word' id='word_1_764' title='bbox 2152 4426 2244 4482; x_wconf 84' lang='lat' dir='ltr'><strong>Sed</strong></span> 
     </span>
    </p>
   </div>
   <div class='ocr_carea' id='block_1_90' title="bbox 2343 4410 3877 4500">
    <p class='ocr_par' dir='ltr' id='par_1_90' title="bbox 2363 4410 3877 4500">
     <span class='ocr_line' id='line_1_90' title="bbox 2363 4410 3877 4500; baseline -0.015 -17"><span class='ocrx_word' id='word_1_765' title='bbox 2363 4432 2458 4483; x_wconf 82' lang='grc' dir='ltr'>καὶ</span> <span class='ocrx_word' id='word_1_766' title='bbox 2487 4430 2665 4495; x_wconf 77' lang='grc' dir='ltr'>ζῶντα</span> <span class='ocrx_word' id='word_1_767' title='bbox 2695 4410 2784 4483; x_wconf 86' lang='grc' dir='ltr'>τὸν</span> <span class='ocrx_word' id='word_1_768' title='bbox 2830 4426 3066 4500; x_wconf 72' lang='grc' dir='ltr'>ἐμαυτοῦ</span> <span class='ocrx_word' id='word_1_769' title='bbox 3095 4426 3304 4496; x_wconf 90' lang='grc' dir='ltr'>δέδειχα</span> <span class='ocrx_word' id='word_1_770' title='bbox 3337 4425 3484 4478; x_wconf 84' lang='grc' dir='ltr'>ναόν.</span> <span class='ocrx_word' id='word_1_771' title='bbox 3524 4420 3657 4475; x_wconf 81' lang='grc' dir='ltr'>Ἀλλ’</span> <span class='ocrx_word' id='word_1_772' title='bbox 3679 4419 3786 4471; x_wconf 82' lang='grc' dir='ltr'>ὅταν</span> <span class='ocrx_word' id='word_1_773' title='bbox 3808 4410 3877 4463; x_wconf 78' lang='grc' dir='ltr'>καὶ</span> 
     </span>
    </p>
   </div>
   <div class='ocr_carea' id='block_1_91' title="bbox 685 4503 2244 4591">
    <p class='ocr_par' dir='ltr' id='par_1_91' title="bbox 685 4515 2244 4587">
     <span class='ocr_line' id='line_1_91' title="bbox 685 4515 2244 4587; baseline 0.001 -16"><span class='ocrx_word' id='word_1_774' title='bbox 685 4531 810 4571; x_wconf 89' lang='lat' dir='ltr'><strong>cum</strong></span> <span class='ocrx_word' id='word_1_775' title='bbox 842 4516 945 4585; x_wconf 91' lang='lat' dir='ltr'><strong>ipsi</strong></span> <span class='ocrx_word' id='word_1_776' title='bbox 977 4515 1140 4571; x_wconf 88' lang='lat' dir='ltr'><strong>etiam</strong></span> <span class='ocrx_word' id='word_1_777' title='bbox 1176 4532 1294 4583; x_wconf 90' lang='lat' dir='ltr'><strong>vos,</strong></span> <span class='ocrx_word' id='word_1_778' title='bbox 1326 4518 1416 4585; x_wconf 92' lang='lat' dir='ltr'><strong>qui</strong></span> <span class='ocrx_word' id='word_1_779' title='bbox 1453 4518 1832 4587; x_wconf 89' lang='lat' dir='ltr'><strong>corruptibilis</strong></span> <span class='ocrx_word' id='word_1_780' title='bbox 1865 4525 2074 4572; x_wconf 54' lang='lat' dir='ltr'><strong>naturae.</strong></span> <span class='ocrx_word' id='word_1_781' title='bbox 2099 4519 2244 4584; x_wconf 75' lang='lat' dir='ltr'><strong>estis1</strong></span> 
     </span>
    </p>
   </div>
   <div class='ocr_carea' id='block_1_92' title="bbox 2343 4503 3878 4591">
    <p class='ocr_par' dir='ltr' id='par_1_92' title="bbox 2363 4503 3878 4591">
     <span class='ocr_line' id='line_1_92' title="bbox 2363 4503 3878 4591; baseline -0.015 -16"><span class='ocrx_word' id='word_1_782' title='bbox 2363 4523 2518 4591; x_wconf 77' lang='grc' dir='ltr'>ὑμεῖς</span> <span class='ocrx_word' id='word_1_783' title='bbox 2548 4520 2717 4586; x_wconf 69' lang='grc' dir='ltr'>αὑτοὶ,</span> <span class='ocrx_word' id='word_1_784' title='bbox 2743 4519 2988 4590; x_wconf 81' lang='grc' dir='ltr'>φθαρτῆς</span> <span class='ocrx_word' id='word_1_785' title='bbox 3017 4519 3168 4580; x_wconf 70' lang='grc' dir='ltr'>ὄντες</span> <span class='ocrx_word' id='word_1_786' title='bbox 3196 4516 3429 4586; x_wconf 84' lang='grc' dir='ltr'>φύσεως,</span> <span class='ocrx_word' id='word_1_787' title='bbox 3458 4515 3658 4582; x_wconf 76' lang='grc' dir='ltr'>ζῶντας</span> <span class='ocrx_word' id='word_1_788' title='bbox 3697 4503 3878 4591; x_wconf 75' lang='grc' dir='ltr'>ἑαυτοὺς</span> 
     </span>
    </p>
   </div>
   <div class='ocr_carea' id='block_1_93' title="bbox 683 4586 2244 4683">
    <p class='ocr_par' dir='ltr' id='par_1_93' title="bbox 683 4607 2244 4683">
     <span class='ocr_line' id='line_1_93' title="bbox 683 4607 2244 4683; baseline 0.001 -22"><span class='ocrx_word' id='word_1_789' title='bbox 683 4608 936 4662; x_wconf 82' lang='lat' dir='ltr'><strong>viventes</strong></span> <span class='ocrx_word' id='word_1_790' title='bbox 971 4607 1248 4675; x_wconf 85' lang='lat' dir='ltr'><strong>videritis,</strong></span> <span class='ocrx_word' id='word_1_791' title='bbox 1289 4607 1456 4683; x_wconf 62' lang='grc'><strong>824</strong></span> <span class='ocrx_word' id='word_1_792' title='bbox 1500 4608 1568 4662; x_wconf 89' lang='lat' dir='ltr'><strong>ad</strong></span> <span class='ocrx_word' id='word_1_793' title='bbox 1609 4610 1715 4664; x_wconf 88' lang='lat' dir='ltr'><strong>mei</strong></span> <span class='ocrx_word' id='word_1_794' title='bbox 1755 4609 2018 4665; x_wconf 89' lang='lat' dir='ltr'><strong>nimirum</strong></span> <span class='ocrx_word' id='word_1_795' title='bbox 2058 4609 2244 4664; x_wconf 89' lang='lat' dir='ltr'><strong>simili-</strong></span> 
     </span>
    </p>
   </div>
   <div class='ocr_carea' id='block_1_94' title="bbox 2343 4586 3874 4683">
    <p class='ocr_par' dir='ltr' id='par_1_94' title="bbox 2362 4586 3874 4680">
     <span class='ocr_line' id='line_1_94' title="bbox 2362 4586 3874 4680; baseline -0.004 -18"><span class='ocrx_word' id='word_1_796' title='bbox 2362 4586 2712 4680; x_wconf 62' lang='grc' dir='ltr'>θεῖυρὴσητε,</span> <span class='ocrx_word' id='word_1_797' title='bbox 2757 4586 2885 4662; x_wconf 66' lang='grc' dir='ltr'><strong>⁷καθ’</strong></span> <span class='ocrx_word' id='word_1_798' title='bbox 2929 4586 3222 4678; x_wconf 76' lang='grc' dir='ltr'>δμοιότητα</span> <span class='ocrx_word' id='word_1_799' title='bbox 3265 4606 3363 4677; x_wconf 79' lang='grc' dir='ltr'>τὴν</span> <span class='ocrx_word' id='word_1_800' title='bbox 3407 4606 3542 4677; x_wconf 83' lang='grc' dir='ltr'>πρός</span> <span class='ocrx_word' id='word_1_801' title='bbox 3577 4616 3674 4673; x_wconf 83' lang='grc' dir='ltr'>με·</span> <span class='ocrx_word' id='word_1_802' title='bbox 3711 4595 3810 4649; x_wconf 76' lang='grc' dir='ltr'>τότε</span> <span class='ocrx_word' id='word_1_803' title='bbox 3828 4589 3874 4656; x_wconf 66' lang='grc' dir='ltr'><strong>δὴ</strong></span> 
     </span>
    </p>
   </div>
   <div class='ocr_carea' id='block_1_95' title="bbox 685 4683 2244 4780">
    <p class='ocr_par' dir='ltr' id='par_1_95' title="bbox 685 4697 2244 4771">
     <span class='ocr_line' id='line_1_95' title="bbox 685 4697 2244 4771; baseline -0.001 -17"><span class='ocrx_word' id='word_1_804' title='bbox 685 4698 934 4754; x_wconf 88' lang='lat' dir='ltr'><strong>tudinem</strong></span> <span class='ocrx_word' id='word_1_805' title='bbox 961 4737 976 4761; x_wconf 86' lang='lat'><strong>,</strong></span> <span class='ocrx_word' id='word_1_806' title='bbox 1013 4705 1145 4753; x_wconf 88' lang='lat' dir='ltr'><strong>tunc</strong></span> <span class='ocrx_word' id='word_1_807' title='bbox 1177 4697 1372 4768; x_wconf 90' lang='lat' dir='ltr'><strong>utique</strong></span> <span class='ocrx_word' id='word_1_808' title='bbox 1403 4699 1699 4755; x_wconf 83' lang='lat' dir='ltr'><strong>manifeste</strong></span> <span class='ocrx_word' id='word_1_809' title='bbox 1725 4699 2095 4771; x_wconf 85' lang='lat' dir='ltr'><strong>cognoscetis,</strong></span> <span class='ocrx_word' id='word_1_810' title='bbox 2128 4699 2244 4768; x_wconf 73' lang='lat' dir='ltr'><strong>qui:</strong></span> 
     </span>
    </p>
   </div>
   <div class='ocr_carea' id='block_1_96' title="bbox 2343 4683 3875 4780">
    <p class='ocr_par' dir='ltr' id='par_1_96' title="bbox 2359 4683 3875 4780">
     <span class='ocr_line' id='line_1_96' title="bbox 2359 4683 3875 4780; baseline -0.012 -27"><span class='ocrx_word' id='word_1_811' title='bbox 2359 4699 2664 4768; x_wconf 84' lang='grc' dir='ltr'>γνώσεσθε,</span> <span class='ocrx_word' id='word_1_812' title='bbox 2692 4699 2786 4751; x_wconf 74' lang='grc' dir='ltr'>καὶ</span> <span class='ocrx_word' id='word_1_813' title='bbox 2814 4698 2957 4768; x_wconf 84' lang='grc' dir='ltr'>μάλα</span> <span class='ocrx_word' id='word_1_814' title='bbox 2994 4697 3206 4766; x_wconf 83' lang='grc' dir='ltr'>σαφῶς,</span> <span class='ocrx_word' id='word_1_815' title='bbox 3230 4697 3312 4750; x_wconf 84' lang='grc' dir='ltr'>ὅτι</span> <span class='ocrx_word' id='word_1_816' title='bbox 3335 4695 3448 4767; x_wconf 74' lang='grc' dir='ltr'>ζωὴ</span> <span class='ocrx_word' id='word_1_817' title='bbox 3478 4692 3615 4749; x_wconf 84' lang='grc' dir='ltr'><strong>κατά</strong></span> <span class='ocrx_word' id='word_1_818' title='bbox 3637 4688 3776 4780; x_wconf 79' lang='grc' dir='ltr'>φὺσιν</span> <span class='ocrx_word' id='word_1_819' title='bbox 3799 4683 3875 4780; x_wconf 67' lang='lat' dir='ltr'><strong>im:</strong></span> 
     </span>
    </p>
   </div>
   <div class='ocr_carea' id='block_1_97' title="bbox 687 4779 2244 4863">
    <p class='ocr_par' dir='ltr' id='par_1_97' title="bbox 687 4787 2240 4856">
     <span class='ocr_line' id='line_1_97' title="bbox 687 4787 2240 4856; baseline -0.003 -10"><span class='ocrx_word' id='word_1_820' title='bbox 687 4791 798 4846; x_wconf 84' lang='lat' dir='ltr'><strong>vlta</strong></span> <span class='ocrx_word' id='word_1_821' title='bbox 841 4791 1117 4846; x_wconf 79' lang='lat' dir='ltr'><strong>exsistens</strong></span> <span class='ocrx_word' id='word_1_822' title='bbox 1163 4787 1470 4844; x_wconf 88' lang='lat' dir='ltr'><strong>secundum</strong></span> <span class='ocrx_word' id='word_1_823' title='bbox 1517 4797 1808 4856; x_wconf 89' lang='lat' dir='ltr'><strong>naturam,</strong></span> <span class='ocrx_word' id='word_1_824' title='bbox 1855 4790 1964 4844; x_wconf 92' lang='lat' dir='ltr'><strong>Deo</strong></span> <span class='ocrx_word' id='word_1_825' title='bbox 2003 4805 2066 4846; x_wconf 88' lang='lat' dir='ltr'><strong>ac</strong></span> <span class='ocrx_word' id='word_1_826' title='bbox 2110 4789 2240 4842; x_wconf 89' lang='lat' dir='ltr'><strong>Patr</strong></span> 
     </span>
    </p>
   </div>
   <div class='ocr_carea' id='block_1_98' title="bbox 2343 4779 3873 4863">
    <p class='ocr_par' dir='ltr' id='par_1_98' title="bbox 2360 4779 3873 4863">
     <span class='ocr_line' id='line_1_98' title="bbox 2360 4779 3873 4863; baseline -0.006 -17"><span class='ocrx_word' id='word_1_827' title='bbox 2360 4793 2544 4863; x_wconf 82' lang='grc' dir='ltr'>ἅρχων</span> <span class='ocrx_word' id='word_1_828' title='bbox 2568 4833 2581 4854; x_wconf 96' lang='grc'>,</span> <span class='ocrx_word' id='word_1_829' title='bbox 2619 4790 2916 4861; x_wconf 87' lang='grc' dir='ltr'>ὑπάρχοντι</span> <span class='ocrx_word' id='word_1_830' title='bbox 2966 4789 3060 4842; x_wconf 75' lang='grc' dir='ltr'>καὶ</span> <span class='ocrx_word' id='word_1_831' title='bbox 3096 4789 3243 4862; x_wconf 82' lang='grc' dir='ltr'>αὑτῷ</span> <span class='ocrx_word' id='word_1_832' title='bbox 3280 4790 3394 4858; x_wconf 79' lang='grc' dir='ltr'>ζωῇ</span> <span class='ocrx_word' id='word_1_833' title='bbox 3442 4786 3580 4842; x_wconf 80' lang='grc' dir='ltr'><strong>κατά</strong></span> <span class='ocrx_word' id='word_1_834' title='bbox 3627 4779 3767 4849; x_wconf 81' lang='grc' dir='ltr'>φύσιν</span> <span class='ocrx_word' id='word_1_835' title='bbox 3815 4779 3873 4837; x_wconf 65' lang='grc' dir='ltr'><strong>τῷ</strong></span> 
     </span>
    </p>
   </div>
   <div class='ocr_carea' id='block_1_99' title="bbox 686 4865 2244 4959">
    <p class='ocr_par' dir='ltr' id='par_1_99' title="bbox 686 4879 2235 4951">
     <span class='ocr_line' id='line_1_99' title="bbox 686 4879 2235 4951; baseline -0.001 -16"><span class='ocrx_word' id='word_1_836' title='bbox 686 4882 782 4950; x_wconf 86' lang='lat' dir='ltr'><strong>qui</strong></span> <span class='ocrx_word' id='word_1_837' title='bbox 826 4889 880 4936; x_wconf 89' lang='lat' dir='ltr'><strong>et</strong></span> <span class='ocrx_word' id='word_1_838' title='bbox 925 4882 1042 4951; x_wconf 86' lang='lat' dir='ltr'><strong>ipse</strong></span> <span class='ocrx_word' id='word_1_839' title='bbox 1084 4881 1197 4935; x_wconf 89' lang='lat' dir='ltr'><strong>vlta</strong></span> <span class='ocrx_word' id='word_1_840' title='bbox 1231 4887 1316 4935; x_wconf 84' lang='lat' dir='ltr'><strong>est</strong></span> <span class='ocrx_word' id='word_1_841' title='bbox 1357 4881 1663 4936; x_wconf 88' lang='lat' dir='ltr'><strong>secundum</strong></span> <span class='ocrx_word' id='word_1_842' title='bbox 1700 4889 1952 4935; x_wconf 89' lang='lat' dir='ltr'><strong>naturam</strong></span> <span class='ocrx_word' id='word_1_843' title='bbox 1994 4879 2235 4949; x_wconf 77' lang='lat' dir='ltr'><strong>conjunx</strong></span> 
     </span>
    </p>
   </div>
   <div class='ocr_carea' id='block_1_100' title="bbox 2343 4865 3874 4959">
    <p class='ocr_par' dir='ltr' id='par_1_100' title="bbox 2358 4865 3874 4959">
     <span class='ocr_line' id='line_1_100' title="bbox 2358 4865 3874 4959; baseline -0.009 -23"><span class='ocrx_word' id='word_1_844' title='bbox 2358 4883 2477 4954; x_wconf 86' lang='grc' dir='ltr'>Θεῷ</span> <span class='ocrx_word' id='word_1_845' title='bbox 2508 4883 2600 4937; x_wconf 70' lang='grc' dir='ltr'>καὶ</span> <span class='ocrx_word' id='word_1_846' title='bbox 2632 4882 2804 4950; x_wconf 73' lang='grc' dir='ltr'>Πατρὶ</span> <span class='ocrx_word' id='word_1_847' title='bbox 2829 4879 3039 4951; x_wconf 74' lang='grc' dir='ltr'>συνῆψα</span> <span class='ocrx_word' id='word_1_848' title='bbox 3066 4880 3132 4936; x_wconf 83' lang='grc' dir='ltr'><strong>δι’</strong></span> <span class='ocrx_word' id='word_1_849' title='bbox 3163 4879 3418 4950; x_wconf 74' lang='grc' dir='ltr'>ἐμαυτοῦ,</span> <span class='ocrx_word' id='word_1_850' title='bbox 3441 4872 3711 4959; x_wconf 67' lang='grc' dir='ltr'>κοινωνοὺς</span> <span class='ocrx_word' id='word_1_851' title='bbox 3726 4865 3874 4959; x_wconf 51' lang='grc' dir='ltr'>ὥςπερ</span> 
     </span>
    </p>
   </div>
   <div class='ocr_carea' id='block_1_101' title="bbox 689 4950 2244 5045">
    <p class='ocr_par' dir='ltr' id='par_1_101' title="bbox 689 4950 2244 5044">
     <span class='ocr_line' id='line_1_101' title="bbox 689 4950 2244 5044; baseline 0.001 -20"><span class='ocrx_word' id='word_1_852' title='bbox 689 4986 787 5042; x_wconf 87' lang='lat' dir='ltr'><strong>per</strong></span> <span class='ocrx_word' id='word_1_853' title='bbox 820 4950 1087 5041; x_wconf 84' lang='lat' dir='ltr'><strong>meipsum</strong></span> <span class='ocrx_word' id='word_1_854' title='bbox 1109 5013 1124 5034; x_wconf 88' lang='lat'><strong>,</strong></span> <span class='ocrx_word' id='word_1_855' title='bbox 1163 4982 1451 5028; x_wconf 82' lang='lat' dir='ltr'><strong>consortes</strong></span> <span class='ocrx_word' id='word_1_856' title='bbox 1485 4971 1894 5043; x_wconf 90' lang='lat' dir='ltr'><strong>quodammodo</strong></span> <span class='ocrx_word' id='word_1_857' title='bbox 1927 4987 1990 5026; x_wconf 90' lang='lat' dir='ltr'><strong>ac</strong></span> <span class='ocrx_word' id='word_1_858' title='bbox 2026 4971 2244 5044; x_wconf 84' lang='lat' dir='ltr'><strong>partici-</strong></span> 
     </span>
    </p>
   </div>
   <div class='ocr_carea' id='block_1_102' title="bbox 2343 4950 3871 5045">
    <p class='ocr_par' dir='ltr' id='par_1_102' title="bbox 2365 4950 3871 5045">
     <span class='ocr_line' id='line_1_102' title="bbox 2365 4950 3871 5045; baseline -0.016 -18"><span class='ocrx_word' id='word_1_859' title='bbox 2365 4950 2459 5027; x_wconf 61' lang='grc' dir='ltr'><strong>καί</strong></span> <span class='ocrx_word' id='word_1_860' title='bbox 2495 4971 2753 5043; x_wconf 86' lang='grc' dir='ltr'>μετόχους</span> <span class='ocrx_word' id='word_1_861' title='bbox 2785 4950 3064 5024; x_wconf 83' lang='grc' dir='ltr'>ἀποτελῶν</span> <span class='ocrx_word' id='word_1_862' title='bbox 3096 4968 3194 5038; x_wconf 78' lang='grc' dir='ltr'><strong>τῆς</strong></span> <span class='ocrx_word' id='word_1_863' title='bbox 3221 4966 3525 5037; x_wconf 83' lang='grc' dir='ltr'>ἀφθαρσίας</span> <span class='ocrx_word' id='word_1_864' title='bbox 3555 4956 3723 5015; x_wconf 85' lang='grc' dir='ltr'>αὑτοῦ.</span> <span class='ocrx_word' id='word_1_865' title='bbox 3763 4950 3871 5045; x_wconf 45' lang='grc' dir='ltr'><strong>Ἐγὼ</strong></span> 
     </span>
    </p>
   </div>
   <div class='ocr_carea' id='block_1_103' title="bbox 691 5045 2244 5134">
    <p class='ocr_par' dir='ltr' id='par_1_103' title="bbox 691 5062 2244 5134">
     <span class='ocr_line' id='line_1_103' title="bbox 691 5062 2244 5134; baseline -0.002 -16"><span class='ocrx_word' id='word_1_866' title='bbox 691 5077 789 5133; x_wconf 91' lang='lat' dir='ltr'><strong>pes</strong></span> <span class='ocrx_word' id='word_1_867' title='bbox 813 5063 1052 5118; x_wconf 87' lang='lat' dir='ltr'><strong>reddens</strong></span> <span class='ocrx_word' id='word_1_868' title='bbox 1082 5062 1515 5119; x_wconf 89' lang='lat' dir='ltr'><strong>immortalitatis</strong></span> <span class='ocrx_word' id='word_1_869' title='bbox 1543 5063 1682 5132; x_wconf 86' lang='lat' dir='ltr'><strong>ejus.</strong></span> <span class='ocrx_word' id='word_1_870' title='bbox 1716 5062 1827 5134; x_wconf 85' lang='lat' dir='ltr'><strong>Ego</strong></span> <span class='ocrx_word' id='word_1_871' title='bbox 1857 5063 2133 5133; x_wconf 89' lang='lat' dir='ltr'><strong>siquidem</strong></span> <span class='ocrx_word' id='word_1_872' title='bbox 2165 5077 2244 5116; x_wconf 88' lang='lat' dir='ltr'><strong>na-</strong></span> 
     </span>
    </p>
   </div>
   <div class='ocr_carea' id='block_1_104' title="bbox 2343 5045 3872 5134">
    <p class='ocr_par' dir='ltr' id='par_1_104' title="bbox 2367 5045 3872 5134">
     <span class='ocr_line' id='line_1_104' title="bbox 2367 5045 3872 5134; baseline -0.021 -12"><span class='ocrx_word' id='word_1_873' title='bbox 2367 5063 2466 5134; x_wconf 80' lang='grc' dir='ltr'>μὲν</span> <span class='ocrx_word' id='word_1_874' title='bbox 2495 5061 2604 5133; x_wconf 84' lang='grc' dir='ltr'><strong>γὰρ</strong></span> <span class='ocrx_word' id='word_1_875' title='bbox 2647 5058 2893 5130; x_wconf 83' lang='grc' dir='ltr'>φυσικῶς</span> <span class='ocrx_word' id='word_1_876' title='bbox 2934 5060 2990 5112; x_wconf 88' lang='lat' dir='ltr'><strong>tv</strong></span> <span class='ocrx_word' id='word_1_877' title='bbox 3038 5057 3243 5128; x_wconf 77' lang='grc' dir='ltr'>Πατρί’</span> <span class='ocrx_word' id='word_1_878' title='bbox 3283 5053 3490 5125; x_wconf 87' lang='grc' dir='ltr'>καρπὸς</span> <span class='ocrx_word' id='word_1_879' title='bbox 3529 5050 3629 5119; x_wconf 83' lang='grc' dir='ltr'>γάρ</span> <span class='ocrx_word' id='word_1_880' title='bbox 3665 5045 3764 5111; x_wconf 78' lang='grc' dir='ltr'>εἰμι</span> <span class='ocrx_word' id='word_1_881' title='bbox 3799 5047 3872 5102; x_wconf 76' lang='grc' dir='ltr'><strong>της</strong></span> 
     </span>
    </p>
   </div>
   <div class='ocr_carea' id='block_1_105' title="bbox 691 5136 2244 5227">
    <p class='ocr_par' dir='ltr' id='par_1_105' title="bbox 691 5136 2244 5227">
     <span class='ocr_line' id='line_1_105' title="bbox 691 5136 2244 5227; baseline -0.003 -15"><span class='ocrx_word' id='word_1_882' title='bbox 691 5155 950 5212; x_wconf 88' lang='lat' dir='ltr'><strong>turaliter</strong></span> <span class='ocrx_word' id='word_1_883' title='bbox 977 5155 1032 5210; x_wconf 89' lang='lat' dir='ltr'><strong>in</strong></span> <span class='ocrx_word' id='word_1_884' title='bbox 1056 5136 1219 5209; x_wconf 80' lang='lat' dir='ltr'><strong>Patre</strong></span> <span class='ocrx_word' id='word_1_885' title='bbox 1251 5173 1264 5208; x_wconf 93' lang='lat'>:</span> <span class='ocrx_word' id='word_1_886' title='bbox 1296 5154 1514 5211; x_wconf 84' lang='lat' dir='ltr'><strong>fructus</strong></span> <span class='ocrx_word' id='word_1_887' title='bbox 1544 5155 1747 5227; x_wconf 89' lang='lat' dir='ltr'><strong>quippe</strong></span> <span class='ocrx_word' id='word_1_888' title='bbox 1775 5170 1893 5210; x_wconf 90' lang='lat' dir='ltr'><strong>sum</strong></span> <span class='ocrx_word' id='word_1_889' title='bbox 1931 5153 2244 5209; x_wconf 65' lang='lat' dir='ltr'><strong>substantiam</strong></span> 
     </span>
    </p>
   </div>
   <div class='ocr_carea' id='block_1_106' title="bbox 2343 5136 3869 5227">
    <p class='ocr_par' dir='ltr' id='par_1_106' title="bbox 2361 5138 3869 5227">
     <span class='ocr_line' id='line_1_106' title="bbox 2361 5138 3869 5227; baseline -0.022 -7"><span class='ocrx_word' id='word_1_890' title='bbox 2361 5155 2547 5216; x_wconf 80' lang='grc' dir='ltr'>οὐσίας</span> <span class='ocrx_word' id='word_1_891' title='bbox 2575 5151 2739 5206; x_wconf 89' lang='grc' dir='ltr'>αὑτοῦ</span> <span class='ocrx_word' id='word_1_892' title='bbox 2761 5193 2778 5219; x_wconf 89' lang='grc'>,</span> <span class='ocrx_word' id='word_1_893' title='bbox 2807 5152 2903 5207; x_wconf 76' lang='grc' dir='ltr'>καὶ</span> <span class='ocrx_word' id='word_1_894' title='bbox 2942 5153 3163 5221; x_wconf 79' lang='grc' dir='ltr'>γνήσιον</span> <span class='ocrx_word' id='word_1_895' title='bbox 3193 5149 3436 5218; x_wconf 83' lang='grc' dir='ltr'>γέννημα</span> <span class='ocrx_word' id='word_1_896' title='bbox 3455 5186 3470 5208; x_wconf 90' lang='grc'>,</span> <span class='ocrx_word' id='word_1_897' title='bbox 3519 5138 3800 5227; x_wconf 57' lang='lat' dir='ltr'><strong>tvm:deus</strong></span> <span class='ocrx_word' id='word_1_898' title='bbox 3826 5138 3869 5227; x_wconf 67' lang='grc' dir='ltr'><strong>ξε</strong></span> 
     </span>
    </p>
   </div>
   <div class='ocr_carea' id='block_1_107' title="bbox 690 5215 2244 5319">
    <p class='ocr_par' dir='ltr' id='par_1_107' title="bbox 690 5244 2244 5317">
     <span class='ocr_line' id='line_1_107' title="bbox 690 5244 2244 5317; baseline -0.003 -16"><span class='ocrx_word' id='word_1_899' title='bbox 690 5246 813 5316; x_wconf 88' lang='lat' dir='ltr'><strong>ejus</strong></span> <span class='ocrx_word' id='word_1_900' title='bbox 836 5286 851 5310; x_wconf 93' lang='lat'><strong>,</strong></span> <span class='ocrx_word' id='word_1_901' title='bbox 885 5261 950 5300; x_wconf 82' lang='lat' dir='ltr'><strong>ac</strong></span> <span class='ocrx_word' id='word_1_902' title='bbox 983 5260 1119 5301; x_wconf 87' lang='lat' dir='ltr'><strong>vera</strong></span> <span class='ocrx_word' id='word_1_903' title='bbox 1146 5245 1405 5317; x_wconf 82' lang='lat' dir='ltr'><strong>genitura</strong></span> <span class='ocrx_word' id='word_1_904' title='bbox 1426 5285 1442 5312; x_wconf 90' lang='lat'><strong>,</strong></span> <span class='ocrx_word' id='word_1_905' title='bbox 1474 5245 1530 5300; x_wconf 82' lang='lat' dir='ltr'><strong>in</strong></span> <span class='ocrx_word' id='word_1_906' title='bbox 1560 5261 1627 5302; x_wconf 89' lang='lat' dir='ltr'><strong>eo</strong></span> <span class='ocrx_word' id='word_1_907' title='bbox 1657 5244 1931 5301; x_wconf 71' lang='lat' dir='ltr'><strong>exsistens</strong></span> <span class='ocrx_word' id='word_1_908' title='bbox 1953 5285 1968 5311; x_wconf 92' lang='lat'><strong>,</strong></span> <span class='ocrx_word' id='word_1_909' title='bbox 2003 5251 2057 5298; x_wconf 92' lang='lat' dir='ltr'><strong>et</strong></span> <span class='ocrx_word' id='word_1_910' title='bbox 2090 5259 2154 5298; x_wconf 76' lang='lat' dir='ltr'><strong>ex</strong></span> <span class='ocrx_word' id='word_1_911' title='bbox 2188 5257 2244 5298; x_wconf 79' lang='lat' dir='ltr'><strong>eo</strong></span> 
     </span>
    </p>
   </div>
   <div class='ocr_carea' id='block_1_108' title="bbox 2343 5215 3896 5319">
    <p class='ocr_par' dir='ltr' id='par_1_108' title="bbox 2362 5215 3896 5319">
     <span class='ocr_line' id='line_1_108' title="bbox 2362 5215 3896 5319; baseline 0.013 -20"><span class='ocrx_word' id='word_1_912' title='bbox 2362 5244 2458 5299; x_wconf 75' lang='grc' dir='ltr'>καὶ</span> <span class='ocrx_word' id='word_1_913' title='bbox 2486 5215 2544 5310; x_wconf 67' lang='grc' dir='ltr'><strong>ἐξ</strong></span> <span class='ocrx_word' id='word_1_914' title='bbox 2587 5215 3074 5313; x_wconf 31' lang='grc' dir='ltr'>αὑτοῦ-πεφηνὼξν</span> <span class='ocrx_word' id='word_1_915' title='bbox 3127 5215 3241 5308; x_wconf 73' lang='grc' dir='ltr'><strong>ξωῆ</strong></span> <span class='ocrx_word' id='word_1_916' title='bbox 3269 5215 3506 5306; x_wconf 50' lang='lat' dir='ltr'><strong>Eximit:</strong></span> <span class='ocrx_word' id='word_1_917' title='bbox 3527 5272 3542 5297; x_wconf 76' lang='grc' dir='ltr'><strong>ν</strong></span> <span class='ocrx_word' id='word_1_918' title='bbox 3588 5227 3727 5298; x_wconf 64' lang='grc' dir='ltr'>ὑμεῖς</span> <span class='ocrx_word' id='word_1_919' title='bbox 3827 5215 3896 5319; x_wconf 46' lang='grc' dir='ltr'><strong>ἓν.</strong></span> 
     </span>
    </p>
   </div>
   <div class='ocr_carea' id='block_1_109' title="bbox 691 5311 2244 5415">
    <p class='ocr_par' dir='ltr' id='par_1_109' title="bbox 691 5335 2244 5405">
     <span class='ocr_line' id='line_1_109' title="bbox 691 5335 2244 5405; baseline -0.002 -15"><span class='ocrx_word' id='word_1_920' title='bbox 691 5337 981 5401; x_wconf 76' lang='lat' dir='ltr'><strong>exsistens,</strong></span> <span class='ocrx_word' id='word_1_921' title='bbox 1013 5337 1129 5391; x_wconf 89' lang='lat' dir='ltr'><strong>vita</strong></span> <span class='ocrx_word' id='word_1_922' title='bbox 1159 5352 1225 5391; x_wconf 84' lang='lat' dir='ltr'><strong>ex</strong></span> <span class='ocrx_word' id='word_1_923' title='bbox 1263 5339 1368 5391; x_wconf 87' lang='lat' dir='ltr'><strong>vita</strong></span> <span class='ocrx_word' id='word_1_924' title='bbox 1397 5357 1409 5391; x_wconf 85' lang='lat'>:</span> <span class='ocrx_word' id='word_1_925' title='bbox 1440 5351 1538 5391; x_wconf 86' lang='lat' dir='ltr'><strong>vos</strong></span> <span class='ocrx_word' id='word_1_926' title='bbox 1563 5345 1746 5392; x_wconf 80' lang='lat' dir='ltr'><strong>autem</strong></span> <span class='ocrx_word' id='word_1_927' title='bbox 1769 5337 1824 5391; x_wconf 93' lang='lat' dir='ltr'><strong>in</strong></span> <span class='ocrx_word' id='word_1_928' title='bbox 1851 5351 1956 5400; x_wconf 88' lang='lat' dir='ltr'><strong>me,</strong></span> <span class='ocrx_word' id='word_1_929' title='bbox 1984 5344 2038 5389; x_wconf 91' lang='lat' dir='ltr'><strong>et</strong></span> <span class='ocrx_word' id='word_1_930' title='bbox 2067 5349 2168 5405; x_wconf 89' lang='lat' dir='ltr'><strong>ego</strong></span> <span class='ocrx_word' id='word_1_931' title='bbox 2203 5335 2244 5388; x_wconf 76' lang='lat' dir='ltr'><strong>ir</strong></span> 
     </span>
    </p>
   </div>
   <div class='ocr_carea' id='block_1_110' title="bbox 2343 5311 3867 5415">
    <p class='ocr_par' dir='ltr' id='par_1_110' title="bbox 2365 5311 3867 5415">
     <span class='ocr_line' id='line_1_110' title="bbox 2365 5311 3867 5415; baseline 0.014 -25"><span class='ocrx_word' id='word_1_932' title='bbox 2365 5335 2507 5406; x_wconf 69' lang='grc' dir='ltr'>ἐμοὶ,</span> <span class='ocrx_word' id='word_1_933' title='bbox 2535 5333 2691 5402; x_wconf 86' lang='grc' dir='ltr'>κάγὼ</span> <span class='ocrx_word' id='word_1_934' title='bbox 2713 5335 2770 5386; x_wconf 87' lang='lat' dir='ltr'><strong>tv</strong></span> <span class='ocrx_word' id='word_1_935' title='bbox 2801 5311 2948 5403; x_wconf 59' lang='grc' dir='ltr'>ὑμῖν,</span> <span class='ocrx_word' id='word_1_936' title='bbox 2979 5329 3114 5385; x_wconf 80' lang='grc' dir='ltr'>καθδ</span> <span class='ocrx_word' id='word_1_937' title='bbox 3143 5329 3358 5399; x_wconf 79' lang='grc' dir='ltr'>πέφηνα</span> <span class='ocrx_word' id='word_1_938' title='bbox 3386 5327 3482 5397; x_wconf 62' lang='grc' dir='ltr'><strong>μὲν</strong></span> <span class='ocrx_word' id='word_1_939' title='bbox 3504 5321 3756 5415; x_wconf 38' lang='lat' dir='ltr'><strong>“om;</strong></span> <span class='ocrx_word' id='word_1_940' title='bbox 3769 5311 3867 5415; x_wconf 44' lang='grc' dir='ltr'><strong>ἐγιῗξ</strong></span> 
     </span>
    </p>
   </div>
   <div class='ocr_carea' id='block_1_111' title="bbox 689 5391 2244 5502">
    <p class='ocr_par' dir='ltr' id='par_1_111' title="bbox 689 5391 2244 5502">
     <span class='ocr_line' id='line_1_111' title="bbox 689 5391 2244 5502; baseline 0.001 -22"><span class='ocrx_word' id='word_1_941' title='bbox 689 5427 884 5490; x_wconf 83' lang='lat' dir='ltr'><strong>vobis,</strong></span> <span class='ocrx_word' id='word_1_942' title='bbox 933 5391 1209 5497; x_wconf 72' lang='lat' dir='ltr'><strong>quatenus</strong></span> <span class='ocrx_word' id='word_1_943' title='bbox 1234 5444 1335 5502; x_wconf 88' lang='lat' dir='ltr'><strong>ego</strong></span> <span class='ocrx_word' id='word_1_944' title='bbox 1368 5429 1586 5500; x_wconf 86' lang='lat' dir='ltr'><strong>quidem</strong></span> <span class='ocrx_word' id='word_1_945' title='bbox 1618 5391 1783 5486; x_wconf 84' lang='lat' dir='ltr'><strong>homo</strong></span> <span class='ocrx_word' id='word_1_946' title='bbox 1812 5391 2037 5499; x_wconf 41' lang='lat' dir='ltr'><strong>appa&#39;rui</strong></span> <span class='ocrx_word' id='word_1_947' title='bbox 2072 5391 2244 5482; x_wconf 51' lang='lat' dir='ltr'><strong>:vcon-</strong></span> 
     </span>
    </p>
   </div>
   <div class='ocr_carea' id='block_1_112' title="bbox 2343 5391 3891 5502">
    <p class='ocr_par' dir='ltr' id='par_1_112' title="bbox 2367 5391 3891 5494">
     <span class='ocr_line' id='line_1_112' title="bbox 2367 5391 3891 5494; baseline -0.021 -9"><span class='ocrx_word' id='word_1_948' title='bbox 2367 5391 2655 5489; x_wconf 64' lang='grc' dir='ltr'>κὸινωνοῦς</span> <span class='ocrx_word' id='word_1_949' title='bbox 2690 5425 2747 5481; x_wconf 75' lang='grc' dir='ltr'>δὲ</span> <span class='ocrx_word' id='word_1_950' title='bbox 2786 5391 2946 5488; x_wconf 40' lang='grc' dir='ltr'>θείας,</span> <span class='ocrx_word' id='word_1_951' title='bbox 2961 5423 3176 5494; x_wconf 85' lang='grc' dir='ltr'>φύσεως</span> <span class='ocrx_word' id='word_1_952' title='bbox 3209 5391 3489 5484; x_wconf 67' lang='grc' dir='ltr'>ἀπέδειξα,</span> <span class='ocrx_word' id='word_1_953' title='bbox 3531 5413 3588 5466; x_wconf 84' lang='grc' dir='ltr'>τὸ</span> <span class='ocrx_word' id='word_1_954' title='bbox 3616 5404 3805 5471; x_wconf 78' lang='grc' dir='ltr'>Πνεῦμα</span> <span class='ocrx_word' id='word_1_955' title='bbox 3826 5391 3891 5450; x_wconf 74' lang='grc' dir='ltr'>τδι</span> 
     </span>
    </p>
   </div>
   <div class='ocr_carea' id='block_1_113' title="bbox 761 5605 2244 5714">
    <p class='ocr_par' dir='ltr' id='par_1_113' title="bbox 761 5641 2244 5714">
     <span class='ocr_line' id='line_1_113' title="bbox 761 5641 2244 5714; baseline -0.003 -17"><span class='ocrx_word' id='word_1_956' title='bbox 761 5641 1030 5714; x_wconf 25' lang='lat' dir='ltr'><strong>&quot;‘Ephes.</strong></span> <span class='ocrx_word' id='word_1_957' title='bbox 1061 5663 1098 5708; x_wconf 85' lang='grc' dir='ltr'><strong>ι,</strong></span> <span class='ocrx_word' id='word_1_958' title='bbox 1130 5647 1210 5700; x_wconf 87' lang='lat' dir='ltr'><strong>l0.</strong></span> <span class='ocrx_word' id='word_1_959' title='bbox 1288 5647 1334 5675; x_wconf 82' lang='lat'>&quot;</span> <span class='ocrx_word' id='word_1_960' title='bbox 1359 5644 1520 5698; x_wconf 83' lang='lat' dir='ltr'><strong>Ilcbr.</strong></span> <span class='ocrx_word' id='word_1_961' title='bbox 1566 5662 1623 5705; x_wconf 87' lang='grc' dir='ltr'><strong>ιι,</strong></span> <span class='ocrx_word' id='word_1_962' title='bbox 1653 5646 1732 5699; x_wconf 80' lang='grc' dir='ltr'><strong>Η.</strong></span> <span class='ocrx_word' id='word_1_963' title='bbox 1812 5649 1855 5677; x_wconf 71' lang='grc'><strong>’⁸</strong></span> <span class='ocrx_word' id='word_1_964' title='bbox 1883 5647 1902 5702; x_wconf 92' lang='lat' dir='ltr'><strong>l</strong></span> <span class='ocrx_word' id='word_1_965' title='bbox 1933 5646 2075 5700; x_wconf 85' lang='lat' dir='ltr'><strong>Tim.</strong></span> <span class='ocrx_word' id='word_1_966' title='bbox 2129 5661 2186 5710; x_wconf 82' lang='grc' dir='ltr'><strong>ιι,</strong></span> <span class='ocrx_word' id='word_1_967' title='bbox 2220 5644 2244 5696; x_wconf 74' lang='grc' dir='ltr'>Ξ</span> 
     </span>
    </p>
   </div>
   <div class='ocr_carea' id='block_1_114' title="bbox 2343 5605 3864 5714">
    <p class='ocr_par' dir='ltr' id='par_1_114' title="bbox 2352 5605 3864 5710">
     <span class='ocr_line' id='line_1_114' title="bbox 2352 5605 3864 5710; baseline -0.018 -10"><span class='ocrx_word' id='word_1_968' title='bbox 2352 5643 2658 5710; x_wconf 69' lang='lat' dir='ltr'><strong>&quot;Hebr...</strong></span> <span class='ocrx_word' id='word_1_969' title='bbox 2701 5645 2752 5700; x_wconf 72' lang='grc' dir='ltr'><strong>δ.</strong></span> <span class='ocrx_word' id='word_1_970' title='bbox 2831 5643 2874 5676; x_wconf 72' lang='grc' dir='ltr'>ι·</span> <span class='ocrx_word' id='word_1_971' title='bbox 2914 5643 3069 5698; x_wconf 81' lang='lat' dir='ltr'><strong>Joun.</strong></span> <span class='ocrx_word' id='word_1_972' title='bbox 3133 5657 3168 5702; x_wconf 89' lang='grc' dir='ltr'>ι,</span> <span class='ocrx_word' id='word_1_973' title='bbox 3230 5639 3312 5694; x_wconf 69' lang='grc' dir='ltr'>ιι.</span> <span class='ocrx_word' id='word_1_974' title='bbox 3387 5639 3430 5669; x_wconf 64' lang='grc' dir='ltr'>ε·</span> <span class='ocrx_word' id='word_1_975' title='bbox 3481 5631 3517 5685; x_wconf 89' lang='grc' dir='ltr'><strong>ιι</strong></span> <span class='ocrx_word' id='word_1_976' title='bbox 3555 5627 3688 5682; x_wconf 87' lang='lat' dir='ltr'><strong>Petr.</strong></span> <span class='ocrx_word' id='word_1_977' title='bbox 3755 5605 3864 5670; x_wconf 70' lang='grc' dir='ltr'>ιρι-</span> 
     </span>
    </p>
   </div>
   <div class='ocr_carea' id='block_1_115' title="bbox 696 5711 1670 5781">
    <p class='ocr_par' dir='ltr' id='par_1_115' title="bbox 696 5711 1670 5781">
     <span class='ocr_line' id='line_1_115' title="bbox 696 5711 1670 5781; baseline -0.006 -7"><span class='ocrx_word' id='word_1_978' title='bbox 696 5715 710 5754; x_wconf 74' lang='grc'><strong>¹</strong></span> <span class='ocrx_word' id='word_1_979' title='bbox 750 5711 954 5775; x_wconf 60' lang='lat' dir='ltr'><strong>Noun.</strong></span> <span class='ocrx_word' id='word_1_980' title='bbox 989 5731 1071 5781; x_wconf 87' lang='grc' dir='ltr'>ιιι,</span> <span class='ocrx_word' id='word_1_981' title='bbox 1105 5717 1157 5773; x_wconf 73' lang='grc' dir='ltr'>ί,</span> <span class='ocrx_word' id='word_1_982' title='bbox 1233 5717 1250 5745; x_wconf 83' lang='grc'>¹</span> <span class='ocrx_word' id='word_1_983' title='bbox 1292 5714 1469 5768; x_wconf 82' lang='lat' dir='ltr'><strong>Galat.</strong></span> <span class='ocrx_word' id='word_1_984' title='bbox 1511 5731 1584 5781; x_wconf 80' lang='lat' dir='ltr'><strong>Iv,</strong></span> <span class='ocrx_word' id='word_1_985' title='bbox 1619 5717 1670 5768; x_wconf 86' lang='lat'><strong>6.</strong></span> 
     </span>
    </p>
   </div>
  </div>
