4096 6472
685 384 794 441 285

1676 375 1735 431 S.
1766 373 2038 430 CYRILLI
2078 371 2549 428 ALEXANDRINI
2586 369 2906 426 ARCHIEP.

3842 361 3935 417 285

698 531 3931 567 _________________________.______________________..

1244 718 1415 804 ΕΙΣ
1461 718 1607 802 ΤΟ
1686 716 1987 803 ΚΑΤΑ
2077 715 2582 801 ΙΩΑΝΝΗΝ
2682 711 3380 799 ΕΥΑΓΓΕΛΙΟΝ

1790 930 2231 1018 ΒΙΒΛΙΟΝ
2272 926 2827 1016 ΔΕΚΑΤΟΝ.

1026 1321 1148 1408 1N
1204 1318 1714 1410 JOANNIS
1784 1320 2567 1412 EVANGELIUM
2641 1322 2993 1409 LIBER
3059 1319 3625 1413 DECIMUS.

753 1703 1058 1776 825-26
1090 1701 1232 1769 XIV,
1268 1703 1361 1757 21.
1402 1701 1510 1769 Qui
1535 1702 1691 1759 habet
1749 1703 2009 1758 mandata
2037 1720 2155 1759 mea
2205 1712 2254 1760 et
2284 1707 2330 1765 Α

685 1806 958 1861 servatea,
991 1796 1172 1863 ille'est
1197 1796 1287 1865 qui
1315 1794 1494 1865 diligit
1518 1812 1623 1861 me;
1648 1795 1742 1866 qui
1761 1807 1935 1851 autem
1958 1796 2138 1867 diligit
2156 1814 2258 1860 me,

685 1887 937 1958 diligetur
967 1905 999 1941 a
1031 1887 1194 1940 Patre
1218 1903 1329 1941 meo
1359 1896 1453 1953 :et
1481 1904 1575 1959 ego
1605 1886 1737 1960 dilig
1756 1904 1828 1941 tm
1844 1904 1987 1953 eum,
2009 1898 2061 1943 et
2082 1890 2259 1943 mani-

685 1982 891 2050 [estabo
913 1982 963 2034 ei
996 1981 1270 2047 meipsum.

698 2068 999 2165 Jysterii
1052 2068 1444 2123 revelationem
1497 2075 1630 2123 tunc
1660 2070 1967 2140 praesertim
2024 2068 2261 2127 manife-

684 2161 823 2215 stam
862 2162 977 2216 fore
1010 2161 1224 2223 dicens,
1259 2176 1385 2215 cum
1432 2176 1534 2217 nos
1568 2161 1637 2215 ad
1681 2163 1806 2231 ejus
1840 2161 2257 2218 similitudinem

685 2254 929 2308 viventes
957 2253 1413 2323 conspexerimus
1445 2272 1459 2308 :
1494 2272 1513 2305 ι
1550 2251 1689 2309 Vivo
1728 2254 1874 2309 enim
1902 2268 2028 2324 ego,
2059 2256 2257 2324 inquit,

684 2355 739 2399 et
762 2359 863 2400 vos
916 2344 1114 2400 vivetis
1146 2345 1165 2376 ⁷
1203 2362 1217 2398 :
1253 2364 1271 2397 ι
1301 2344 1463 2415 cujus
1507 2345 1583 2400 rei
1635 2344 1772 2400 fides
1815 2345 2115 2416 unicuique
2170 2347 2261 2402 fiet

682 2450 792 2489 non
826 2451 891 2491 ex
942 2436 1011 2490 iis
1057 2450 1178 2505 quae
1217 2436 1492 2503 audierit,
1539 2436 1635 2492 sed
1673 2451 1739 2492 ex
1788 2452 1971 2493 rerum
2009 2440 2256 2509 ipsarum

684 2526 1037 2595 possessione
1063 2525 1454 2597 promissionis
1500 2526 1709 2581 exitum
1745 2529 2069 2597 reportanti.
2110 2528 2259 2585 Prte-

681 2625 793 2672 stat
822 2618 968 2673 enim
1002 2617 1441 2689 experimentum
1480 2618 1668 2674 verbis
1706 2619 1775 2674 ad
1810 2621 2255 2690 persuadendum

684 2710 955 2780 fidemque
981 2718 1136 2764 certo
1163 2708 1494 2765 faciendam.
1533 2707 1733 2765 Verum
1766 2726 1835 2766 ne
1869 2718 1979 2766 tam
2019 2723 2256 2783 augusto

682 2802 830 2857 dono
859 2812 1092 2859 cunctos
1130 2802 1339 2874 passim
1376 2802 1484 2857 frui
1526 2818 1689 2873 posse
1723 2812 2001 2874 putemus,
2033 2808 2255 2864 tametsi

684 2895 840 2965 probi
867 2910 978 2950 non
1007 2895 1120 2949 sint
1146 2910 1211 2949 ac
1240 2895 1430 2950 divino
1460 2903 1609 2950 metu
1637 2895 1921 2962 illustrati,
1954 2913 2254 2969 personam

684 3003 877 3042 corum
908 3003 938 3040 a
968 2988 1169 3058 quibus
1207 2987 1458 3058 diligitur
1482 2987 1666 3042 statim
1712 2986 2036 3057 subiiciens,
2076 2991 2254 3046 mani-

2439 1702 2494 1755 '0
2522 1702 2680 1773 ἔχων
2720 1704 2827 1769 τὰς
2874 1700 3129 1768 ἐντολάς
3176 1718 3298 1770 μου
3342 1700 3440 1754 καὶ
3484 1701 3686 1768 τηρῶν
3741 1702 3934 1767 αὑτὰς,

2362 1795 2592 1860 ἐκεῖνός
2616 1796 2784 1849 ἐστιν
2811 1798 2843 1849 ό
2863 1790 3109 1863 ἀγαπῶν
3124 1809 3201 1862 με
3219 1808 3234 1824 ο
3258 1795 3292 1847 ό
3313 1790 3382 1845 δὲ
3405 1789 3654 1861 ἀγαπῶν
3676 1807 3784 1860 με.
3808 1793 3934 1855 ἀγα·

2362 1883 2696 1952 πηθήσετιιι
2721 1884 2839 1939 ὑπὸ
2869 1883 2981 1938 τοῦ
3006 1884 3236 1951 Πατρός
3253 1900 3373 1952 μου
3394 1900 3408 1913 ·
3457 1882 3620 1953 κάγὼ
3648 1882 3935 1950 ἀγαπήσω

2360 1976 2568 2040 αὐτὸν,
2596 1976 2695 2030 καὶ
2713 1976 3027 2046 ἐμφανίσω
3048 1975 3210 2042 αὑτῷ
3240 1976 3519 2046 ἐμαυτόν.

2427 2069 2815 2140 Φανερωτέραν
2844 2069 3060 2123 ἔσεσθαι
3080 2068 3176 2123 τοῦ
3210 2070 3511 2139 μυστηρίου
3537 2070 3637 2139 τὴν
3658 2070 3931 2123 ἀποκάλυ-

2360 2161 2451 2232 ψιν
2477 2162 2599 2215 τότε
2645 2161 2708 2230 δὴ
2754 2161 2994 2231 μάλιστα
3034 2161 3208 2230 λέγων
3234 2163 3291 2215 ὲν
3319 2164 3487 2232 ἡμῖν,
3535 2162 3665 2216 ὅταν
3719 2164 3932 2224 ἑαυτοὺς

2360 2252 2768 2324 ἀπαθρήσωμεν
2808 2251 3019 2317 ζῶντας
3064 2252 3187 2306 καθ’
3238 2253 3532 2324 ὁμοιότητα
3575 2254 3676 2323 τὴν
3735 2252 3931 2306 αὐτοῦ’

2367 2363 2386 2395 ι
2417 2344 2502 2397 Ζῶ
2529 2344 2635 2415 γὰρ
2664 2342 2838 2412 κάγὼ,
2868 2346 3021 2413 φησὶ,
3061 2344 3291 2415 ζήσεσθε
3322 2343 3378 2398 δὲ
3408 2346 3502 2398 καὶ
3526 2345 3709 2415 ὑμεῖς.
3747 2364 3767 2395 ι
3807 2346 3935 2413 [ἰλη-

2362 2436 2768 2507 ροφορουμένης
2796 2435 2984 2507 ὥσπερ
3004 2436 3103 2507 τῆς
3123 2436 3353 2490 ἑκάστου
3371 2436 3629 2501 διανοίας,
3654 2437 3765 2490 οὐκ
3793 2436 3851 2499 ἐξ
3871 2431 3934 2489 ὧν

2355 2527 2685 2599 ἠκροάσατο,
2710 2528 2804 2581 καὶ⁸
2830 2527 3159 2581 πεπίστευκε
3183 2528 3362 2598 μόνον,
3387 2527 3501 2581 ἀλλ’
3531 2527 3592 2592 ἐξ
3624 2521 3702 2580 ὧν
3732 2526 3802 2580 ἂν
3830 2527 3929 2595 ἔχοι

2361 2620 2590 2691 μᾶλλον,
2625 2620 2989 2691 κομισάμενος
3020 2620 3121 2691 ἤδη
3148 2619 3249 2689 τῆς
3280 2621 3613 2689 ἐπαγγελίας
3645 2620 3711 2674 τὸ
3752 2622 3931 2690 πέρας.

2358 2713 2528 2782 Πεῖρα
2561 2711 2672 2782 γάρ
2710 2711 2885 2779 λόγων
2916 2710 3309 2782 εὐσθενεστέρα
3351 2712 3488 2782 πρὸς
3529 2711 3594 2764 τὸ
3624 2709 3932 2765 ἀναπείθειν

2355 2802 2612 2855 δύνασθαι
2658 2801 2754 2855 καὶ
2798 2801 3179 2873 πληροφορεῖν.
3238 2803 3356 2855 Ἵνα
3411 2801 3488 2872 μὴ
3540 2804 3711 2854 πᾶσιν
3735 2799 3934 2865 Ῑάπλῶς

2358 2893 2678 2965 προκεῖσθαι
2730 2892 3038 2964 νομίζωμεν
3080 2892 3141 2946 τὸ
3186 2892 3390 2957 ἐξεῖναι
3440 2892 3602 2962 τυχὸν
3646 2892 3755 2961 τῆς
3808 2891 3933 2945 οὕτω

2358 2986 2562 3056 σεπτῆς
2577 2983 2879 3039 ἀπολαῦσαι
2903 2985 3133 3056 δωρεᾶς,
3148 2984 3244 3038 καὶ
3264 2984 3313 3037 εί
3336 2984 3410 3055 μή
3432 3000 3577 3047 τινες
3600 2979 3709 3036 εἶεν
3728 2984 3933 3051 ἀγαθοὶ,

682 3078 824 3134 feste
875 3054 1117 3135 ostendit
1168 3054 1348 3133 nullos
1401 3078 1543 3134 alios
1601 3085 1713 3132 tam
1769 3054 2254 3151 incomparabilem

2361 3078 2455 3132 καὶ
2480 3054 2558 3147 τῷ
2583 3077 2712 3149 θείῳ
2735 3054 3213 3147 λελαμπρυσμένοι
3408 3115 3423 3139 ,
3462 3075 3523 3128 τὺ
3543 3075 3656 3128 τῶν
3682 3076 3933 3144 ἀγαπιὶςν-

682 3166 918 3236 gratiam
972 3166 1257 3237 suscipere
1311 3181 1495 3235 posse,
1547 3166 1655 3223 nisi
1711 3168 1805 3238 qui
1859 3180 2009 3225 recte
2041 3170 2257 3227 vivendi

683 3257 830 3309 viam
873 3256 1220 3313 institerint:
1264 3256 1319 3311 hi
1354 3258 1501 3312 enim
1525 3265 1657 3313 sunt
1696 3259 1787 3329 qui
1834 3259 2075 3331 diligunt
2104 3278 2253 3319 eum.

682 3347 837 3404 Licet
862 3349 1009 3404 enim
1039 3349 1298 3405 Christus
1329 3352 1578 3405 omnium
1628 3366 1865 3422 corpora
1911 3356 2257 3412 excitaturus

685 3438 761 3495 sit
791 3438 1107 3510 (resurgent
1134 3440 1283 3495 enim
1337 3441 1502 3512 827
1538 3441 1666 3496 boni
1708 3452 1873 3513 atque
1917 3445 2094 3513 mali),
2146 3462 2257 3502 non

682 3537 867 3585 tamen
899 3530 1163 3586 omnibus
1196 3530 1570 3588 iudill'erenter
1605 3532 1671 3588 ad
1711 3534 1941 3604 gloriam
1990 3546 2084 3591 aut
2117 3538 2256 3594 deli-

684 3621 805 3678 cias
887 3621 1219 3678 reviviscere
1268 3622 1510 3680 dabitur.
1573 3623 1925 3681 Manifestum
1979 3629 2126 3684 enim
2176 3640 2262 3687 est

682 3712 832 3784 quod
882 3713 937 3768 hi
982 3714 1205 3783 quidem
1250 3714 1476 3771 excitati
1512 3723 1721 3771 tantum
1764 3719 1833 3773 ad
1879 3721 2255 3790 supplicium,

684 3807 836 3862 omni
878 3815 1057 3864 morte
1087 3809 1255 3862 vitam
1286 3807 1653 3865 crudeliorem
1689 3810 1932 3867 habituri
1978 3822 2131 3879 sunt,
2176 3813 2257 3867 illi

682 3914 816 3956 vero
844 3898 901 3954 in
946 3899 1212 3956 felicitate
1251 3900 1475 3972 longum
1506 3900 1771 3973 degentes
1806 3918 2005 3970 aevum,
2045 3905 2260 3974 optabi-

682 3991 789 4045 lem
825 3992 881 4046 in
921 3991 1150 4047 Christo
1195 3999 1250 4047 et
1295 4003 1543 4048 sanctam
1574 3994 1741 4048 vitam
1794 4010 1987 4051 revera
2047 3997 2257 4053 vivent.

687 4080 845 4147 Quod
897 4082 1043 4138 enim
1082 4082 1140 4136 hi
1196 4083 1291 4153 qui
1342 4091 1588 4154 tempore
1633 4084 1829 4155 iudicii
1888 4088 2178 4157 suppliciis
2228 4106 2259 4146 a

683 4173 905 4230 Christo
935 4181 1065 4231 sunt
1094 4174 1409 4240 addicendi,
1440 4184 1692 4232 exsortes
1717 4176 1894 4233 beatae
1922 4179 2046 4235 vita:
2087 4178 2257 4236 futuri

685 4266 819 4329 sint,
856 4265 1110 4335 quamvis
1154 4280 1501 4321 communem
1530 4267 1737 4323 sanctis
1778 4269 2255 4327 resurrectionem

2360 3187 2467 3223 των
2487 3168 2650 3223 αὑτὸν
2677 3169 2968 3240 πρόσωπον
2991 3166 3340 3238 παραζεύξας
3366 3166 3528 3229 εὐθὺς
3548 3167 3626 3236 τῷ
3658 3166 3836 3237 λόγῳ,
3863 3167 3934 3219 δέ-

2357 3262 2534 3331 δειχεν
2554 3259 2799 3332 ἐναργῶς
2822 3261 2898 3323 ὡς
2916 3260 3015 3330 οὐχ
3039 3258 3244 3330 ἑτέροις
3263 3259 3403 3312 ἑλεῖν
3435 3258 3535 3330 τὴν
3564 3258 3745 3321 οὕτως
3776 3258 3933 3326 ἀσύγ-

2359 3369 2544 3423 κριτον
2562 3352 2776 3419 ἐξέσται
2800 3351 2980 3422 χάριν,
3010 3353 3059 3405 εί
3082 3351 3157 3423 μὴ
3176 3352 3287 3416 τοῖς
3320 3351 3518 3422 ἄριστα
3540 3350 3740 3421 διαζῇν
3763 3351 3934 3421 ἑλομέ-

2358 3458 2468 3507 νοις
2485 3458 2502 3475 ο
2517 3438 2659 3498 οὗτοι
2674 3442 2781 3513 γὰρ
2799 3441 2865 3496 ἂν
2889 3437 2997 3496 εἶεν
3016 3442 3065 3495 οἱ
3086 3441 3406 3511 ἀγαπῶντες
3425 3441 3608 3496 αὐτόν.
3634 3442 3696 3494 Ei
3722 3444 3834 3510 γὰρ
3854 3442 3934 3495 καὶ

2361 3535 2429 3589 τὰ
2476 3535 2694 3589 πάντων
2732 3532 2894 3604 τυχδν
2936 3533 3181 3605 διεγείρῃ
3230 3531 3459 3603 σώματα
3500 3532 3738 3603 Χριστὸς
3784 3534 3931 3603 (ἀνα-

2360 3625 2645 3696 στήσονται
2673 3623 2782 3694 γάρ
2814 3622 3041 3693 πονηροὶ
3068 3621 3164 3675 καὶ
3185 3619 3427 3690 ἀγαθοὶ),
3471 3621 3588 3675 ἀλλ’
3611 3622 3709 3692 οὐχ
3744 3622 3931 3675 ἅπασιν

2359 3712 2685 3784 ἀδιακρίτως
2716 3710 2853 3783 πρὸς
2894 3710 3053 3777 δόξαν
3077 3710 3111 3781 ἢ
3133 3709 3342 3782 τρυφὴν
3370 3710 3431 3762 τὸ
3459 3708 3765 3764 ἀναόιῶναι
3795 3711 3931 3778 δοθή-

2362 3823 2537 3860 σεται.
2565 3803 2837 3876 Πρόδηλον
2886 3802 2997 3875 γὰρ
3038 3802 3122 3856 ὅτι
3165 3803 3213 3855 oi
3246 3802 3345 3872 μὲν
3382 3800 3477 3853 ἐπὶ
3510 3801 3571 3854 τὸ
3612 3800 3927 3866 κολάζεσθαι

2363 3896 2523 3968 μόνον
2582 3894 2834 3958 λαδόντες
2886 3892 3002 3965 τὴν,
3035 3893 3329 3947 ἀνάστασιν
3354 3931 3370 3957 ,
3442 3891 3677 3945 θανάτου
3741 3892 3929 3954 παντὸς

2358 3986 2736 4060 ἀπηνεστέραν
2777 3985 2959 4051 ἕξουσι
2994 3984 3093 4057 τὴν
3146 3983 3290 4055 ζωὴν
3316 4023 3333 4048 ,
3385 3984 3435 4036 oi
3489 3983 3546 4036 δὲ
3595 3984 3843 4055 μακροὺς
3878 3985 3929 4035 ἐν

2363 4080 2723 4152 μακαριότητι
2781 4077 3060 4149 τρίϐοντες
3116 4075 3341 4146 χρόνους
3374 4113 3391 4138 ,
3458 4076 3719 4145 ζήσουσιν
3776 4076 3929 4136 ὅντως

2358 4170 2457 4241 τὴν
2487 4171 2545 4223 ὲν
2582 4165 2804 4237 Χριστῷ
2829 4163 3158 4217 πολύευκτόν
3190 4179 3250 4215 τε
3284 4162 3381 4216 καὶ
3410 4162 3574 4231 ἁγίαν
3600 4160 3769 4234 ζωήν.
3820 4162 3927 4214 Ὀτι

2360 4261 2470 4332 γὰρ
2500 4259 2553 4313 οι
2581 4258 2679 4329 τὴν
2703 4257 2796 4311 ἐπὶ
2824 4255 2902 4325 τῷ
2922 4252 3244 4317 κολάξεσθαι
3276 4252 3456 4323 ψῆφον
3488 4250 3921 4323 ἀποκομίζεσθαι

686 4358 1014 4422 sortiantur,
1045 4357 1288 4414 ostendit
1309 4357 1529 4415 dicens:
1569 4379 1588 4411 ι
1616 4358 1721 4426 Qui
1743 4362 1920 4417 credit
1950 4361 2003 4416 in
2034 4361 2255 4427 Filium.

2364 4352 2652 4423 μέλλοντες
2692 4349 2843 4420 παρά
2871 4345 3109 4418 Χριστοῦ
3134 4385 3150 4411 ,
3181 4344 3325 4400 κατὰ
3350 4345 3442 4400 τὸν
3472 4346 3668 4418 καιρὸν
3690 4345 3791 4416 τῆς
3823 4343 3927 4413 κρί-

684 4450 851 4506 habet
884 4450 1051 4506 vitam
1086 4461 1345 4506 aeternam
1378 4470 1391 4507 :
1444 4452 1537 4522 qui
1578 4460 1761 4508 autem
1817 4453 2142 4511 incredulus
2171 4464 2259 4511 est

685 4539 847 4605 Filio,
883 4557 993 4597 non
1024 4542 1233 4598 videbit
1266 4543 1453 4608 vitam,
1487 4543 1582 4598 sed
1623 4544 1707 4598 ira
1736 4543 1830 4600 Dei
1874 4556 2060 4601 manet
2093 4561 2261 4617 super

683 4647 808 4687 eum
837 4633 878 4685 '.
918 4652 937 4686 ι
976 4633 1368 4688 Animadverte
1414 4635 1560 4689 enim
1595 4650 1706 4706 quo
1738 4642 1922 4705 pacto,
1972 4635 2099 4690 licet
2141 4651 2261 4690 om.

684 4739 784 4780 nes
837 4722 966 4779 boni
1005 4739 1070 4778 ac
1121 4725 1251 4779 mali
1300 4724 1611 4781 suscitandi
1663 4726 1798 4790 sint,
1854 4725 2258 4783 incredulitatis

682 4822 865 4868 tamen
899 4828 1027 4869 reos
1062 4828 1132 4870 ne
1162 4814 1383 4869 visuros
1412 4814 1635 4884 quidem
1674 4814 1842 4870 vitam
1881 4814 2052 4879 dicat,
2088 4815 2256 4870 vitam

684 4920 809 4961 esse
834 4904 1115 4976 inquiens,
1154 4921 1261 4961 non
1315 4907 1508 4977 utique
1552 4922 1846 4977 resurgere
1881 4913 2115 4970 tantum,
2164 4906 2259 4962 sed

687 4996 859 5059 illam,
894 4998 1108 5066 opinor,
1133 5012 1257 5067 qua:
1288 4997 1343 5053 in
1379 4998 1571 5068 requie
1607 5007 1661 5053 et
1697 4997 1892 5068 gloria,
1940 4998 2261 5069 deliciisque

687 5085 1054 5155 spiritalibus,
1093 5104 1201 5142 non
1242 5096 1429 5144 autem
1476 5090 1601 5145 aliis
1634 5098 1911 5144 versatur.
1932 5087 2259 5144 Deliciarum

686 5186 867 5233 autem
887 5178 1155 5249 spiritalis
1174 5181 1369 5236 modus
1396 5189 1501 5244 est,
1526 5179 1773 5251 perfecta
1795 5178 1889 5236 Dei
1912 5180 2173 5251 cognitio,
2209 5190 2263 5236 et

687 5270 1071 5340 mysteriorum
1091 5270 1540 5329 Christianorum
1566 5271 1811 5342 perfecta
1838 5272 2124 5335 revelatio,
2149 5288 2260 5327 non

687 5360 745 5415 in
784 5364 1008 5432 speculo
1055 5379 1253 5421 rursus
1300 5372 1354 5419 et
1398 5364 1453 5417 in
1495 5363 1783 5435 aenigmate
1811 5366 1868 5428 ⁸,
1904 5362 2067 5419 sicuti
2116 5376 2264 5417 nunc

687 5452 956 5511 obscuros
1013 5471 1199 5511 rerum
1256 5455 1618 5525 quaesitarum
1668 5456 2025 5511 characteres
2065 5454 2260 5519 edens,

688 5543 783 5597 sed
816 5550 924 5598 tota
960 5561 1096 5614 pure
1123 5547 1176 5601 in
1209 5546 1370 5603 nobis
1401 5546 1629 5601 elucens
1657 5555 1712 5601 et
1743 5548 2015 5613 emicans,
2058 5555 2111 5600 et
2139 5560 2262 5615 per-

689 5636 1047 5694 fortissimam
1115 5642 1366 5696 notitiam
1422 5640 1692 5697 inserens.
1731 5661 1749 5691 ι
1792 5641 1948 5707 Quod
1997 5641 2145 5696 enim
2190 5650 2255 5693 cx

763 5823 781 5851 ⁷
816 5819 1105 5884 Ῑυειιι.χιν,
1144 5820 1221 5872 l9.
1300 5821 1317 5847 '
1357 5815 1515 5872 Joan.
1557 5829 1639 5871 ιιι.
1670 5816 1756 5870 36.

1834 5815 1853 5844 ⁹
1894 5812 1911 5867 Ι
1947 5813 2074 5869 Cur.
2110 5825 2231 5877 Mli,
2271 5810 2352 5865 ιι.

2360 4460 2517 4508 σεως,
2542 4442 2798 4511 ἄγευστοι
2834 4438 3057 4510 μενοῦσι
3084 4436 3184 4508 τῆς
3225 4436 3503 4507 μακαρίας
3530 4436 3715 4507 ζωῆς,
3764 4436 3925 4490 καίτοι

2358 4537 2537 4589 κοινὸν
2565 4534 2676 4595 τοῖς
2714 4530 2891 4599 ἁγίοις
2931 4528 2993 4581 τὸ
3030 4526 3329 4582 ἀναϐιῶναι
3362 4526 3653 4598 λαχόντες,
3696 4526 3927 4597 παραδη-

2357 4626 2440 4680 λοῖ
2463 4625 2636 4695 λέγων
2659 4641 2703 4675 ἰ
2734 4622 2794 4676 '0
2816 4619 3089 4674 πιστεύων
3114 4620 3194 4683 είς
3216 4619 3306 4673 τὸν
3330 4618 3481 4683 Υίὸν,
3503 4618 3616 4690 ἔχει
3644 4618 3789 4689 ζωὴν
3810 4614 3924 4671 aid»-

2357 4734 2471 4772 νιον
2494 4733 2509 4748 ο
2548 4718 2577 4771 ὁ
2607 4716 2663 4769 δὲ
2696 4712 2936 4769 ἀπειθῶν
2959 4710 3038 4782 τῷ
3069 4708 3219 4781 Υίῷ,
3262 4710 3365 4764 οὐκ
3397 4710 3590 4779 ὄψεται
3631 4710 3735 4780 τὴν
3766 4708 3917 4778 ζωὴν,

2359 4810 2471 4863 ἀλλ’
2503 4810 2538 4880 ἡ
2584 4808 2723 4881 ὀργὴ
2767 4807 2863 4860 τοῦ
2897 4805 3033 4859 Θεοῦ
3063 4806 3216 4875 μενεῖ
3238 4804 3323 4856 ἐπ’
3350 4802 3531 4857 αὐτόν.
3564 4819 3582 4851 ι
3632 4800 3797 4864 Σύνες
3826 4800 3921 4867 γὰρ

2357 4903 2526 4966 ὅπως,
2560 4899 2738 4955 καίτοι
2769 4898 2986 4952 πάντων
3012 4895 3263 4967 πονηρῶν
3312 4910 3375 4947 τε
3417 4893 3512 4947 καὶ
3545 4892 3774 4959 ἀγαθῶν
3804 4892 3921 4943 ἀνα-

2360 4993 2652 5066 στήσεσθαι
2701 4988 3201 5064 προσδοκωμένων,
3240 4986 3367 5049 τοὺς
3412 4984 3633 5054 ἐνόχους
3681 4985 3791 5045 τοῖς
3832 4979 3921 5047 τῆς

2358 5084 2643 5149 ἀπειθείας
2671 5083 3046 5155 ἐγκλήμασιν,
3097 5078 3220 5133 οὐδὲ
3264 5078 3390 5132 ὅσον
3423 5073 3747 5144 ἀπαθρῆσαι
3781 5072 3921 5144 μόνον

2360 5179 2495 5250 φησὶ
2521 5178 2617 5249 τὴν
2659 5175 2804 5246 ζωὴν
2824 5217 2839 5241 ,
2868 5174 3014 5239 ζωὴν
3050 5168 3190 5226 εἶναι
3223 5170 3431 5239 λέγων,
3477 5166 3601 5238 οὐχὶ
3640 5166 3852 5226 πάντως
3869 5164 3921 5215 τὸ

2360 5267 2658 5337 ἀναστῆναι
2683 5265 2840 5337 μόνον
2857 5304 2872 5329 ,
2920 5261 3037 5317 ἀλλ’
3066 5260 3314 5331 ἐκείνην,
3342 5252 3526 5327 οἶμαι,
3556 5257 3656 5309 καὶ
3690 5255 3828 5326 μάλα
3856 5254 3921 5304 εξ-

2362 5359 2533 5423 κότως
2555 5399 2570 5423 ,
2617 5357 2716 5428 τὴν
2760 5357 2818 5409 ὲν
2864 5352 3171 5409 ἀναπαύσει
3226 5352 3322 5406 καὶ⁵
3364 5349 3490 5419 δόξῃ
3538 5349 3635 5401 καὶ
3681 5346 3916 5417 τρυφαῖς,

2361 5451 2762 5521 πνευματικαῖς
2788 5449 2845 5503 δὲ
2881 5445 3144 5518 δηλονότι,
3178 5444 3275 5499 καὶ
3300 5443 3399 5513 οὐχ
3426 5442 3662 5512 ἑτέραις.
3715 5436 3919 5509 Τρυφῆς

2360 5544 2419 5597 δὲ
2445 5543 2646 5615 τρόπος
2680 5538 3049 5611 πνευματικὸς
3070 5578 3085 5604 ,
3114 5538 3148 5607 ὴ
3176 5536 3359 5589 τελεία
3390 5536 3517 5603 περὶ
3546 5531 3685 5585 Θεοῦ
3716 5530 3915 5598 γνῶσις,

2362 5634 2458 5689 καὶ
2494 5631 2603 5687 τῶν
2630 5631 2723 5686 ἐπὶ
2753 5627 2972 5703 Χριστῷ
2998 5626 3313 5699 μυστηρίων
3335 5626 3369 5696 ἡ
3392 5621 3626 5695 ἀκριϐὴς
3657 5616 3916 5674 ἀποκάλυ-
