4096 6478
216 384 326 448 285

1290 378 1359 440 ΙΝ
1388 384 1683 441 JOANNIS
1722 382 2177 441 EVANGELIUM
2246 383 2379 440 LIB.
2414 384 2484 441 X.

3266 432 3268 435 ,
3376 384 3486 440 286

214 506 331 573 ψις,
363 504 466 557 ούκ
501 503 558 557 έν
592 501 841 574 ισὸπτρῳ
874 498 1055 556 πάλιν
1082 500 1176 555 καὶ
1207 501 1265 554 ὲν
1294 502 1599 573 αἰνίγματι,
1630 501 1795 556 καθά-

1910 512 2067 571 parte
2086 510 2171 557 est
2203 502 2591 569 evacuabitur,
2625 522 2643 555 ι
2674 502 2830 573 juxta
2859 500 3018 557 Pauli
3044 516 3233 557 vocem
3261 501 3327 555 ίο.
3348 499 3485 553 Cum

216 613 324 667 περ
363 594 460 648 καὶ⁸
509 594 604 648 νῦν
630 594 909 665 ἀμυδροὺς
946 595 1079 664 ἡμῖν
1122 592 1230 646 τῶν
1274 590 1625 664 ζητουμένων
1675 595 1804 657 τοὺς

214 687 576 758 χαρακτῆρας
617 685 957 756 ἐμφαίνουσα
977 724 992 749 ,
1028 684 1143 738 ἀλλ’
1172 684 1268 756 δλη
1304 684 1563 755 καθαρῶς
1587 686 1644 740 ὲν
1670 686 1805 756 ἡμῖν

214 776 610 848 διαφαινομένη
645 794 705 830 τε
743 777 836 831 καὶ
865 777 1179 846 λάμπουσα,
1206 776 1300 829 καὶ
1326 777 1675 847 τελειοτάτην
1703 778 1805 845 6p.-

216 868 451 921 ποιοῦσα
481 868 581 939 τὴν
616 866 843 939 εἴδησιν.
882 886 900 917 ι
952 868 1025 921 Τὸ
1048 869 1158 938 γὰρ
1191 869 1255 920 ὲκ
1289 868 1491 937 μέρους
1521 884 1804 939 καταργη-

214 959 484 1030 θήσεται,
524 980 542 1012 ›
587 959 731 1014 κατά
769 960 869 1029 τὴν
912 958 1005 1012 τοῦ
1034 958 1247 1012 Παύλου
1283 960 1485 1029 φωνήν.
1527 958 1803 1012 Διδάσκων

212 1049 509 1121 τοιγαροῦν
559 1051 707 1121 ἡμᾶς
754 1048 783 1101 6
814 1048 1017 1120 Κύριος
1051 1046 1208 1117 ἡμῶν
1248 1048 1457 1118 Ἰησοῦς
1491 1048 1520 1100 6
1568 1047 1804 1118 Χριστὸς

211 1142 297 1194 ὅτι
323 1144 439 1206 τοῖς
471 1143 692 1213 ἀγαπᾷν
724 1140 998 1211 ἑλομένοις
1032 1138 1215 1199 αὑτὸν,
1247 1140 1340 1192 καὶ
1368 1143 1482 1201 τοῖς
1502 1138 1611 1191 τῶν
1642 1140 1803 1193 θείων

212 1232 384 1286 αὐτοῦ
437 1231 809 1303 κηρυγμάτων
860 1231 1145 1300 ἐργάταις,
1182 1230 1343 1299 ήτῆς
1405 1230 1804 1298 ἀποκαλύψεως

210 1324 533 1394 ὑπόσχεσις,
553 1319 977 1396 πρεπωδεστέρα
999 1321 1058 1375 τέ
1080 1324 1218 1386 ἐστι,
1238 1322 1334 1374 καὶ
1360 1322 1579 1386 οίκείως
1603 1322 1805 1393 ἔχουσα

215 1413 455 1482 μᾶλλον,
507 1414 567 1467 ού
606 1415 712 1486 μὴν
755 1415 867 1476 τοῖς
904 1412 1166 1467 τάναντία
1208 1413 1579 1484 πεφροντικόσι
1612 1431 1671 1467 τε
1711 1414 1805 1467 καὶ

209 1503 948 1574 δεδρακόσι,χρησιμώτατα
992 1504 1106 1565 τοῖς
1152 1502 1466 1573 εἰρημένοις
1502 1504 1801 1572 ἐπήνεγκε,

210 1594 392 1662 λέγων
417 1612 429 1625 ·
482 1613 501 1647 ι
544 1594 602 1647 Ὀ
637 1594 776 1665 ἔχων
803 1592 903 1658 τὰς
929 1592 1151 1657 ἐντολάς
1196 1611 1328 1664 μου,
1370 1593 1466 1646 καὶ
1501 1594 1685 1665 τηρῶν
1707 1595 1804 1649 αὐ·-

210 1686 337 1747 τάς,
370 1679 525 1748 οὗτός
551 1686 698 1739 ἐστιν
723 1686 753 1737 6
772 1682 1002 1752 ἀγαπῶν
1035 1701 1121 1753 με.
1154 1702 1173 1735 ι
1214 1684 1369 1754 Ἔχει
1391 1684 1450 1738 δέ
1482 1701 1565 1749 τις
1587 1684 1687 1749 τάς
1718 1685 1804 1739 ὲν-

210 1772 404 1839 τολάς,
448 1774 549 1844 τὴν
587 1772 770 1826 πίστιν
811 1773 1294 1844 παραδεξάμενος,
1328 1774 1424 1827 καὶ
1454 1774 1543 1828 διὰ
1578 1776 1802 1845 μνήμης

1902 608 2037 664 ergo
2065 595 2292 651 doceret
2332 610 2435 652 nos
2466 594 2733 653 Dominus
2782 603 2973 652 noster
3017 593 3182 650 Jesus
3232 592 3487 648 Christus

1900 685 2262 758 diligentibus
2311 702 2373 743 se
2417 696 2475 742 et
2501 687 2689 741 divina
2745 687 2869 757 ejus
2926 685 3191 741 mandata
3225 682 3486 737 facienti-

1899 776 2008 831 bus
2032 776 2395 831 revelationis
2428 778 2860 847 promissionem
2903 775 3225 839 convenire,
3269 780 3323 828 et
3355 786 3484 843 pro-

1905 870 2082 939 priam
2118 884 2243 924 esse
2276 869 2459 938 potius
2494 885 2660 939 quam
2695 870 2764 925 iis
2802 869 2895 940 qui
2926 868 3211 924 contraria
3238 865 3487 921 sentiunt

1904 973 1969 1014 ac
2009 959 2242 1025 faciunt,
2280 960 2490 1015 utiliter
2531 961 2696 1016 dictis
2729 960 3038 1030 subjunxit,
3064 959 3300 1013 dicens:
3335 974 3353 1008 ι
3380 956 3485 1021 Qui

1905 1051 2074 1106 habet
2106 1050 2365 1106 mandata
2401 1068 2543 1117 mea,
2573 1060 2629 1108 et
2672 1061 2858 1109 servat
2885 1066 2969 1117 ca,
3004 1051 3096 1107 ille
3121 1058 3205 1105 est
3236 1048 3329 1118 qui
3361 1047 3486 1102 dili-

1905 1143 1981 1213 git
2007 1158 2096 1198 me
2134 1144 2200 1196 ¹¹.
2238 1162 2257 1195 ι
2295 1141 2346 1198 Is
2393 1151 2576 1199 autem
2625 1144 2791 1198 habet
2837 1143 3119 1204 mandata,
3165 1140 3486 1210 quicunque

1905 1235 2066 1292 ﬁdem
2102 1236 2372 1307 suscepit,
2408 1244 2463 1292 et
2487 1252 2585 1307 per
2620 1237 2820 1290 bonam
2861 1236 3182 1290 memoriam
3209 1230 3485 1302 evangeli-

1904 1340 2095 1381 corum
2129 1334 2531 1396 praceptorum
2582 1326 2894 1381 doctrinam
2934 1340 3126 1395 puram
3155 1340 3223 1377 ac
3255 1322 3481 1378 nitidam

1903 1428 2086 1471 mente
2120 1417 2330 1483 hausit,
2380 1434 2558 1490 eaque
2596 1428 2725 1473 actu
2776 1427 2831 1473 et
2865 1432 3033 1488 opere
3088 1416 3377 1486 adimplet.
3429 1420 3503 1467 et,

1901 1504 2176 1561 {actorum
2211 1508 2508 1577 splendore
2541 1510 2756 1564 clarere
2806 1506 3011 1563 studet.
3057 1506 3338 1561 Perfectus
3374 1507 3483 1559 ita-

1903 1611 2013 1668 que
2048 1605 2313 1669 totusque
2341 1599 2407 1654 ad
2439 1600 2698 1670 pietatem
2736 1599 3007 1654 formatus
3041 1599 3130 1654 ille
3160 1603 3246 1653 est
3289 1597 3383 1667 qui
3415 1614 3482 1650 ex

1902 1685 1991 1742 his
2026 1686 2266 1753 duobus,
2322 1690 2430 1745 title
2479 1690 2745 1743 nimirum
2804 1700 2859 1745 et
2911 1704 3103 1760 Opere,
3173 1687 3484 1742 sanctitatis

1904 1777 2238 1835 Christiana:
2292 1780 2675 1835 testimonium
2732 1780 2941 1836 habet:
3005 1800 3023 1833 ι
3078 1778 3136 1835 1η
3190 1795 3287 1833 ore
3338 1780 3483 1833 enim

209 1864 429 1935 ἀγαθῆς
452 1866 532 1929 είς
555 1864 646 1918 τὸν
668 1866 865 1918 οίκείον
894 1864 1327 1935 είσοικισάμενος
1354 1864 1477 1919 νοῦν
1497 1906 1513 1931 ,
1549 1866 1647 1938 τὴν
1669 1844 1795 1921 ἀθό-

1902 1871 2135 1923 duorum
2165 1880 2260 1923 aut
2301 1871 2466 1926 trium
2499 1871 2724 1925 testium
2764 1870 2934 1926 stabit
2964 1885 3127 1925 omne
3163 1869 3415 1932 verbum,
3460 1887 3479 1920 ο

210 1956 387 2010 λωτόν
410 1974 468 2010 τε
495 1956 590 2011 καὶ
617 1956 788 2027 διειδῆ
816 1957 925 2009 τῶν
950 1956 1326 2025 εὐαγγελικῶν
1354 1958 1643 2029 δογμάτων
1672 1959 1798 2013 παί-

207 2047 431 2114 δευσιν’,
466 2048 668 2118 πληροῖ
709 2048 766 2102 δὲ
805 2048 978 2110 αὑτάς
1022 2049 1346 2119 πρακτικῶς
1378 2051 1651 2122 ἐνεργῶν,
1702 2052 1797 2107 καὶ

206 2141 279 2211 τῇ
328 2139 438 2193 τῶν
482 2139 776 2211 δρωμένων
824 2138 1171 2211 λαμπρότητι
1209 2141 1517 2214 διαπρεπὴς
1565 2143 1797 2214 ὁρᾶσθαι

207 2235 551 2301 σπουδάζων.
590 2235 808 2299 Τέλειος
834 2231 927 2290 οὖν
960 2236 1070 2308 ἀρα
1102 2236 1525 2307 καὶόλοκλήρως
1556 2240 1794 2308 ἀπηρτι-

207 2326 409 2394 σμένος
458 2327 539 2389 είς
570 2325 881 2388 εύσέὸειαν,
928 2327 956 2379 6
1002 2326 1180 2379 πίστει
1233 2344 1315 2395 τε,
1343 2327 1437 2381 καὶ
1483 2328 1682 2398 πράξει
1726 2328 1795 2381 δι’

204 2419 437 2489 ἀμφοῖν,
459 2416 649 2488 ῶσπερ
673 2418 763 2470 ἐπὶ
792 2417 1032 2488 ὁσιότητι
1061 2420 1126 2487 τῇ
1154 2417 1297 2471 κατά
1325 2419 1562 2488 Χριστὸν
1594 2436 1799 2490 μαρτυ-

209 2508 497 2580 ρούμενος.
535 2526 555 2561 ι
592 2508 717 2562 Ἐπὶ
744 2508 1011 2579 στόματος
1038 2508 1148 2579 γὰρ
1176 2508 1269 2562 δύο
1316 2508 1349 2578 ἢ
1382 2508 1549 2578 τριῶν
1591 2509 1798 2580 μαρτύ-

206 2616 323 2669 ρων
376 2599 705 2670 σταθήσεται
734 2600 843 2652 πᾶν
868 2602 1037 2671 ῥῆμα,
1069 2616 1086 2647 ι
1127 2598 1269 2652 κατά
1296 2598 1357 2651 τὸ
1385 2601 1793 2669 γεγραμμένον.

205 2690 314 2743 Τὸν
336 2690 399 2744 δὲ
419 2691 484 2762 δὴ
504 2690 769 2755 τοιοῦτον,
802 2690 1028 2753 εἰκότως
1055 2689 1334 2759 ἀγαπήσει
1364 2689 1463 2758 μὲν
1494 2691 1521 2740 6
1542 2689 1674 2753 Θεὸς
1700 2690 1796 2743 καὶ

204 2781 426 2854 Πατὴρ,
466 2782 742 2852 ἀγαπήσει
774 2782 831 2835 δὲ
864 2780 1015 2835 οὐδὲν
1040 2776 1202 2851 ἦττον
1227 2780 1371 2834 καὶὸ
1399 2779 1546 2843 Υίός.
1583 2780 1793 2853 Ὥσπερ

201 2873 319 2942 γάρ
389 2876 537 2929 ἐστιν
592 2873 907 2946 δμοούσιος,
950 2872 1094 2926 οὕτω
1163 2874 1260 2927 καὶ
1311 2872 1669 2943 συνεθελητὴς
1713 2874 1793 2944 τῷ

204 2967 329 3037 ίδίῳ
350 2969 649 3039 γεννήτορι.
677 2968 823 3030 Μιάς
842 2965 950 3037 γὰρ
971 2966 1157 3028 οὐσίας
1179 2965 1236 3017 ἒν
1258 2965 1429 3034 δήπου
1471 2965 1532 3017 τὸ
1559 2964 1789 3034 θέλημα,

199 3058 303 3112 καὶ
336 3058 537 3120 σκοπὸς
572 3059 655 3127 ἐφ’
681 3057 885 3111 ἅπασιν
923 3053 1023 3121 εἷς,
1060 3057 1155 3109 καὶ
1186 3056 1248 3109 τὸ
1284 3054 1585 3123 διαφωνοῦν
1618 3056 1787 3119 οὐδὲν,

198 3149 378 3218 ἧγουν
401 3148 480 3211 είς
503 3147 696 3219 ἑτέραν
730 3147 826 3200 καὶ
848 3147 1041 3218 ἑτέραν
1061 3144 1388 3215 κατασχίξον
1410 3144 1647 3216 θέλησιν.
1664 3147 1788 3209 Τοῖς
1816 3184 1858 3241 C

197 3256 272 3307 γε
301 3239 411 3309 μὴν
430 3238 532 3307 τῆς
553 3238 703 3300 θείας
722 3237 943 3306 ἀγάπης
972 3236 1294 3307 ἠξιωμένοις
1316 3234 1569 3307 λαμπρὸν
1594 3236 1789 3289 ἐπιδῶ·

201 3349 325 3385 σειν
357 3334 420 3385 τδ
442 3332 611 3402 γέρας
643 3329 1060 3398 ἐπαγγέλλεται,
1091 3330 1185 3381 καὶ
1217 3328 1298 3381 ὅτι
1324 3330 1443 3390 ταῖς
1463 3328 1603 3399 ὑπὲρ
1633 3328 1789 3397 λόγον

197 3422 407 3485 αὐτοὺς
432 3420 762 3490 καταστέψει
789 3419 1040 3489 δωρεαῖς.
1067 3437 1083 3468 ι
1108 3417 1423 3487 Ἐμφανίσω
1443 3418 1572 3489 γὰρ,
1599 3421 1785 3488 φησὶν,

199 3512 360 3582 αὐτῷ
399 3510 658 3582 ἐμαυτόν.
704 3529 723 3561 ι
768 3508 1017 3580 Καθαροὶ
1051 3508 1159 3576 γάρ
1197 3506 1346 3576 παρά
1379 3511 1493 3571 τοῖς
1531 3510 1792 3581 καθαροῖς

201 3606 257 3658 τί
287 3604 419 3674 περὶ
440 3603 542 3673 τῆς
580 3600 837 3664 θεοπτίας
870 3600 1083 3653 ἔσονται
1120 3598 1269 3666 λόγοι
1289 3615 1304 3630 °
1347 3598 1645 3668 διαλάμπει
1678 3601 1735 3654 δὲ
1762 3603 1791 3655 ό

200 3694 443 3766 Χριστὸς
471 3694 528 3748 ἔν
560 3692 743 3755 αὐτοῖς
762 3733 776 3755 ,
808 3690 895 3745 διὰ
921 3689 1013 3744 τοῦ
1046 3690 1174 3743 ίδίου
1204 3688 1443 3759 δηλονότι
1471 3691 1789 3762 Πνεύματος

200 3789 290 3849 είς
321 3786 530 3839 ἕκαστα
562 3782 669 3837 τῶν
695 3782 922 3836 δεόντων
968 3780 1321 3850 φωταγωγῶν
1340 3822 1355 3846 ,
1392 3782 1486 3835 καὶ
1528 3784 1790 3854 ἀρρήτοις

198 3877 319 3930 τισὶ
337 3874 644 3947 δᾳδουχίαις
664 3874 783 3935 ταῖς
805 3871 945 3925 κατά
960 3871 1052 3925 τὸν
1067 3870 1192 3924 νοῦν
1211 3871 1406 3924 ἑαυτὸν
1423 3872 1785 3927 έκκαλύπτων

198 3970 301 4023 καὶ
340 3967 559 4037 ἐμφανῆ
590 3964 871 4027 καθιστάς.
906 3963 969 4018 Ol
998 3962 1055 4017 δὲ
1090 3963 1235 4027 ἀπαξ
1262 3962 1497 4027 ἑλόντες,
1524 3965 1785 4037 μακάριοί

194 4078 265 4113 τε
308 4060 406 4113 καὶ
452 4056 703 4125 ζηλωτοί.
758 4054 868 4109 Καί
910 4072 1001 4125 μοι
1049 4054 1198 4108 δοκεῖ
1236 4054 1475 4119 τοιοῦτός
1518 4073 1603 4120 τις
1643 4053 1783 4113 εἶναι

194 4150 383 4217 λέγων
407 4151 436 4202 6
476 4147 760 4219 προφήτης
792 4144 988 4198 Δαϐίδο
1030 4162 1049 4197 ι
1098 4145 1427 4215 Ἀκούσομαι
1461 4146 1516 4200 τί
1551 4147 1785 4219 λαλήσεν

195 4242 261 4293 ὲν
292 4242 422 4311 ἐμοὶ
452 4238 655 4309 Κύριος
682 4238 711 4290 6
735 4235 887 4300 Θεός.
916 4254 934 4288 ι
986 4236 1098 4289 Καὶ
1130 4236 1235 4307 μὴν
1269 4237 1362 4289 καὶ
1391 4237 1554 4301 αὐτὸς
1589 4239 1722 4309 ἡμῖν
1756 4240 1784 4293 6

1897 1968 1960 2014 ut
1985 1962 2255 2031 scriptum
2285 1969 2374 2016 est
2414 1962 2478 2016 η.
2508 1961 2840 2032 Quicunque
2873 1978 3005 2017 vero
3037 1961 3165 2017 talis
3208 1960 3302 2025 sit,
3337 1960 3485 2014 hunc

1893 2049 2021 2120 jure
2044 2051 2190 2107 Deus
2221 2066 2285 2107 ac
2308 2050 2473 2108 Pater
2500 2053 2711 2124 diliget.
2746 2070 2848 2107 nec
2894 2054 3080 2109 minus
3113 2055 3243 2109 item
3279 2051 3481 2111 Filius.

1901 2140 1971 2197 Ut
1998 2143 2143 2197 enim
2177 2143 2349 2213 828
2377 2151 2463 2199 est
2494 2144 3010 2209 consubstantialis,
3046 2145 3121 2198 ita
3155 2152 3210 2199 et
3232 2144 3481 2211 ejusdem

1895 2242 1982 2289 est
2008 2249 2134 2288 cum
2160 2234 2421 2291 Genitore
2449 2251 2554 2291 suo
2584 2236 2908 2291 voluntatis.
2949 2236 3131 2293 Unius
3160 2237 3308 2291 enim
3350 2236 3484 2290 sub-

1897 2325 2117 2379 stantia:
2160 2339 2267 2379 uua
2307 2325 2505 2396 utique
2536 2334 2628 2382 est
2658 2327 2940 2393 voluntas,
2976 2342 3236 2397 unusque
3276 2342 3482 2396 scopus

1898 2414 1953 2467 in
1981 2413 2262 2478 omnibus,
2298 2429 2403 2470 nec
2442 2414 2816 2486 discrepantia
2846 2416 2978 2479 ulla,
3004 2431 3114 2484 qua
3158 2415 3212 2469 in
3260 2415 3481 2470 diversa

1898 2504 2168 2559 ferantur.
2226 2504 2602 2577 Quoscunque
2658 2523 2791 2564 vero
2840 2507 3140 2564 dilectione
3193 2522 3293 2562 sua
3335 2505 3481 2560 Deus

1894 2595 2153 2667 dignatus
2186 2593 2375 2660 fuerit,
2410 2595 2480 2649 iis
2524 2597 2741 2650 clarum
2779 2596 3067 2667 praemium
3108 2595 3370 2651 daturum
3420 2612 3481 2652 se

1896 2686 2211 2755 pollicetur,
2244 2701 2454 2755 eosque
2484 2686 2650 2741 donis
2700 2688 2852 2741 omni
2890 2687 3141 2742 oratione
3174 2686 3479 2755 majoribus

1894 2786 2310 2831 coronaturum.
2353 2796 2372 2829 ι
2418 2775 2788 2832 Manifestabo
2818 2778 2990 2841 enim,
3022 2777 3228 2849 inquit,
3272 2778 3321 2832 ei
3365 2793 3479 2831 me-

1894 2868 2095 2938 ipsum.
2130 2886 2149 2919 ›
2186 2867 2317 2922 Puri
2356 2868 2506 2924 enim
2564 2869 2712 2939 apud
2752 2884 2922 2939 puros
2950 2876 3113 2925 erunt
3160 2868 3229 2923 de
3262 2867 3355 2922 Dei
3394 2866 3480 2920 v'.-

1892 2960 2047 3016 sione
2083 2975 2409 3016 sermones:
2446 2960 2763 3030 resplendet
2789 2977 2924 3015 vero
2955 2959 3217 3015 Christus
3262 2960 3320 3015 in
3365 2960 3476 3023 iis,

1891 3067 1988 3121 per
2038 3066 2199 3105 suum
2234 3066 2432 3121 nempe
2468 3050 2735 3120 Spiritum
2777 3051 2848 3105 ad
2889 3050 3071 3105 ofﬁcia
3115 3050 3332 3122 singula
3380 3064 3478 3105 eos

1890 3140 2188 3204 deducens,
2213 3150 2271 3196 et
2303 3141 2569 3197 ineli‘abili
2602 3142 2978 3197 illustratione
3008 3141 3251 3211 seipsum
3285 3155 3477 3195 eorum

1895 3232 2172 3289 mentibus
2226 3233 2485 3289 revelans
2547 3241 2714 3302 atque
2762 3233 3155 3288 manifestans.
3204 3230 3311 3298 Qui
3344 3245 3479 3285 vero

1895 3324 2063 3379 semel
2099 3340 2222 3379 eum
2268 3324 2637 3393 susceperint,
2670 3324 2814 3379 beati
2849 3335 2904 3379 et
2935 3324 3268 3395 spectabiles
3292 3332 3476 3378 erunt.

1895 3413 2048 3469 Talis
2073 3414 2204 3468 mihi
2238 3415 2458 3469 videtur
2488 3414 2657 3471 David
2693 3416 2981 3485 propheta,
3013 3432 3138 3471 cum
3165 3415 3241 3469 ait
3276 3431 3289 3467 :
3330 3418 3479 3467 «Au-

1895 3505 2041 3560 diam
2092 3505 2222 3574 quid
2276 3505 2534 3575 loquatur
2575 3507 2629 3561 in
2675 3523 2761 3563 me
2819 3507 3089 3563 Dominus
3144 3505 3291 3561 Deus
3327 3505 3391 3559 ¹³.
3451 3523 3469 3556 ι

1895 3596 2041 3663 Quin
2096 3607 2151 3651 et
2198 3597 2320 3667 ipse
2367 3596 2590 3652 divinus
2643 3598 2949 3668 Apostolus
2992 3599 3289 3653 scribens:
3332 3616 3350 3648 ι
3391 3600 3475 3651 An

1892 3688 2327 3758 experimentum
2368 3688 2619 3759 quaeritis
2656 3692 2778 3759 ejus
2828 3690 2921 3760 qui
2977 3690 3031 3743 in
3090 3706 3178 3745 me
3229 3690 3476 3758 loquitur

1892 3780 2150 3835 Christus
2182 3780 2272 3834 “?
2307 3798 2327 3833 ι
2357 3778 2630 3850 Loquitur
2667 3782 2811 3837 enim
2842 3783 2894 3836 in
2924 3785 3131 3838 sanctis
3162 3797 3260 3852 per
3295 3780 3472 3852 Spiri-

1895 3878 2030 3933 tum,
2053 3877 2169 3923 tum
2188 3885 2309 3933 sua,
2338 3878 2451 3924 tum
2474 3871 2580 3925 alia
2614 3880 2875 3942 praeterea
2908 3874 3163 3930 revelans
3183 3875 3472 3946 mysteria.

1890 3960 2104 4017 Idcirco
2141 3963 2292 4017 enim
2350 3969 2406 4018 et
2460 3972 2722 4021 accurate
2778 3980 2841 4021 ea
2900 3966 3275 4037 intelligentes
3332 3966 3475 4022 alias

1888 4054 2111 4125 quidem
2145 4056 2298 4110 aiunt
2329 4074 2344 4110 :
2383 4073 2404 4108 ι
2442 4054 2613 4112 Nobis
2659 4060 2919 4114 revelavit
2952 4057 3101 4116 Dens
3149 4075 3248 4130 per
3299 4057 3476 4128 Spiri-

1890 4158 2006 4204 tum
2024 4151 2091 4217 ¹⁸;
2107 4152 2278 4206 ralias
2297 4167 2431 4206 vero
2451 4170 2495 4206 τε
2511 4151 2617 4207 Nos
2634 4152 2837 4208 Christi
2856 4169 3078 4210 sensum
3100 4152 3434 4217 habemus“,
3449 4171 3468 4205 ι

1890 4256 2115 4295 sensum
2149 4240 2355 4297 Christi
2384 4240 2654 4312 Spiritum
2687 4244 2809 4313 ejus
2835 4261 2961 4301 esse
2986 4246 3257 4302 dicentes.

195 4334 350 4396 θεῖος
382 4329 710 4384 ἐπιστέλλων
752 4327 1070 4391 Ἀπόστολος
1095 4344 1108 4359 ο
1163 4347 1180 4378 ι
1215 4328 1277 4380 Ei
1303 4328 1533 4397 δοκιμὴν
1564 4328 1781 4399 ζητεῖτε
1818 4329 1913 4384 τοῦ
1945 4333 2003 4384 έν
2029 4331 2155 4401 ἐμοὶ
2182 4332 2475 4399 λαλοῦντος
2502 4336 2776 4406 Χριστοῦς
2818 4357 2836 4390 ι
2875 4339 3043 4392 Λαλεῖ
3100 4338 3208 4410 γάρ
3244 4337 3303 4390 ὲν
3362 4336 3475 4399 τοῖς

195 4426 387 4493 ἀγίοις
416 4423 505 4478 διὰ
530 4422 623 4476 τοῦ
652 4421 970 4490 Πνεύματος
997 4420 1069 4473 τά
1096 4419 1215 4474 καθ’
1252 4420 1463 4483 ἑαυτὸν,
1493 4422 1588 4473 καὶ
1621 4423 1785 4492 ἔτερα
1818 4424 1876 4476 δὲ
1905 4424 2041 4495 πρὸς
2062 4423 2271 4488 τούτοις
2300 4426 2701 4481 ἀποκαλύπτων
2768 4432 3062 4502 μυστήρια.
3130 4429 3230 4483 Διά
3253 4426 3363 4497 γάρ
3390 4441 3474 4479 τοι

193 4518 388 4581 τοῦτο,
418 4516 513 4570 καὶ
543 4513 792 4575 συνέντες
830 4511 1070 4583 ἀκριδῶς
1107 4510 1282 4577 αὐτὰ,
1345 4512 1476 4565 ποτὲ
1533 4513 1634 4583 μὲν
1700 4515 1987 4584 λέγουσιν,
2032 4516 2114 4569 ὅτι
2186 4536 2205 4568 ι
2252 4517 2415 4589 Ἡμῖν
2472 4520 2571 4590 μὲν
2605 4520 2955 4592 ἀπεκάλυψεν
2995 4524 3023 4576 6
3062 4521 3198 4585 Θεὸς
3248 4522 3335 4575 διὰ
3377 4519 3473 4573 τοῦ

194 4608 557 4679 Πνεύματος,
588 4626 607 4659 ι
661 4607 789 4660 ποτὲ
820 4606 877 4659 δὲ
901 4606 1093 4672 πάλιν,
1124 4626 1142 4657 ι
1194 4607 1386 4677 Ἡμεῖς
1412 4609 1470 4661 δὲ
1501 4608 1627 4662 νοῦν
1656 4606 1894 4678 Χριστοῦ
1919 4606 2135 4677 ἔχομεν,
2169 4626 2187 4659 ι
2218 4608 2344 4662 νοῦν
2375 4603 2515 4663 εἶναι
2547 4611 2801 4680 λέγοντες
2864 4613 2925 4667 τὸ
2984 4611 3207 4681 Πνεῦμα
3282 4611 3468 4664 αὐτοῦ.

270 4699 446 4769 Λέγει
474 4698 635 4765 αὺτῷ
670 4700 891 4766 Ἰούδας
911 4739 925 4761 ,
956 4702 1068 4767 οὐχ
1099 4700 1519 4769 όῚσκαριώτης
1538 4717 1553 4732 ο
1586 4703 1784 4769 Κύριε,

1964 4699 2105 4766 XIV,
2138 4700 2229 4757 22.
2264 4702 2405 4756 Dicit
2427 4705 2475 4757 ei
2502 4702 2698 4767 Iudas,
2731 4722 2836 4759 non
2874 4706 2965 4759 ille
2996 4704 3281 4758 lscariotes
3305 4720 3324 4757 :
3355 4703 3471 4757 Do—

193 4793 259 4846 τί
283 4791 556 4861 γέγονεν,
587 4790 673 4843 ὅτι
692 4791 834 4861 ἡμῖν
860 4791 1109 4861 μέλλεις
1132 4791 1473 4861 ἐμφανίζειν
1498 4793 1783 4858 σεαυτὸν,

196 4884 299 4938 καὶ
331 4881 471 4950 οὐχὶ
497 4880 577 4947 τῷ
607 4883 850 4952 κόσμῳ;

282 4975 378 5041 Ἐξ
414 4973 636 5043 ἀγάπης
685 4973 783 5043 μὲν
823 4972 1037 5046 πρόεισι
1076 4973 1527 5046 φιλοπευστήσων
1557 4974 1585 5027 6
1611 4975 1787 5045 μαθη-

204 5065 331 5136 τὴς,
368 5064 511 5135 πλὴν
551 5064 652 5117 οὐκ
677 5064 923 5135 ἀκριϐῶς
965 5066 1159 5137 δρᾶται
1204 5068 1385 5131 συνεὶς
1411 5066 1506 5120 τοῦ
1535 5069 1787 5139 Σωτῆρος

195 5157 291 5211 τὸν
325 5156 507 5224 λόγον.
566 5156 626 5210 Ὀ
661 5156 761 5226 μὲν
794 5157 904 5228 γὰρ
927 5157 1134 5226 Κύριος
1161 5158 1317 5228 ἡμῶν
1352 5158 1559 5229 Ἰησοῦς
1601 5160 1629 5211 6
1654 5161 1787 5229 Χρι-

195 5245 326 5309 στὸς
351 5245 627 5316 ἐξαίρετόν
644 5263 767 5299 τινα
787 5248 899 5311 τοῖς
915 5245 1089 5315 ἁγίοις
1110 5248 1421 5318 ὑπισχνεῖτο
1442 5248 1541 5319 τὴν
1562 5249 1785 5317 γνῶσιν,

196 5338 293 5390 καὶ
306 5338 432 5405 οὐχὶ
448 5339 513 5408 τῇ
526 5336 634 5389 τῶν
649 5336 825 5391 ἄλλων
846 5339 1547 5411 παρεικασμένην.’1σχνότε
1556 5357 1639 5411 ροι
1679 5348 1788 5413 γὰρ

196 5428 293 5481 καὶ
326 5427 471 5481 κατὰ
505 5429 638 5481 πολὺ
670 5429 1015 5501 διειδέστεροι
1045 5431 1155 5483 τῶν
1182 5430 1340 5485 θείων
1372 5434 1687 5503 μυστηρίων
1734 5435 1783 5487 oi

195 5520 553 5591 χαρακτῆρες
582 5522 641 5574 έν
669 5523 781 5584 τοῖς
810 5521 1119 5593 ἀνθρώποις
1143 5526 1255 5587 τοῖς
1278 5523 1443 5589 θείοις
1474 5525 1785 5596 ἐκλάμπου-

1891 4791 2051 4851 mine,
2081 4792 2207 4861 quid
2248 4792 2449 4861 factum
2480 4805 2559 4849 rat
2599 4796 2727 4865 quia
2763 4797 3204 4865 manifestatum:
3232 4810 3287 4849 es
3319 4794 3469 4848 nobis

1893 4882 2151 4951 teipsum,
2190 4891 2240 4937 et
2268 4899 2371 4937 non
2402 4884 2597 4937 mundo
2617 4887 2643 4940 Ρ

1966 4971 2334 5030 Siscitaturus
2390 4974 2613 5046 quidem
2660 4973 2975 5031 dilectionis
3031 4973 3083 5029 vi
3139 4980 3195 5029 et
3226 4972 3467 5044 impulsu

1892 5066 2105 5120 accedit
2138 5064 2465 5136 discipulus,
2525 5068 2623 5123 sed
2682 5083 2793 5123 non
2842 5076 3099 5122 accurate
3159 5064 3469 5122 Servatoris

1884 5173 2194 5213 sermonem
2230 5173 2430 5229 capere
2459 5158 2697 5213 videtur.
2744 5156 3011 5214 Dominus
3072 5157 3219 5213 enim
3278 5166 3470 5213 noster

1882 5246 2045 5304 Jesus
2073 5248 2332 5303 Christus
2377 5248 2642 5303 eximiam
2678 5248 2979 5319 quamdam
3015 5248 3226 5305 sanctis
3278 5249 3468 5321 οι)εηὶ-

1883 5340 2091 5395 tionem
2116 5341 2515 5409 pollicebatur,
2543 5357 2647 5397 uec
2690 5343 2926 5398 aliorum
2971 5341 3276 5413 cognitioni
3312 5342 3468 5398 simi-

1882 5431 2011 5487 lem.
2045 5429 2375 5489 Subtiliores
2403 5433 2607 5503 quippe
2633 5449 2696 5489 ac
2726 5434 2897 5489 multo
2938 5434 3206 5490 clariores
3245 5432 3467 5488 divino-

1890 5538 2012 5578 rum
2046 5523 2435 5595 mysteriorum
2470 5525 2823 5584 characteres
2861 5527 2916 5582 in
2967 5526 3174 5583 divinis
3231 5524 3468 5580 homini-

270 5719 315 5746 "
360 5716 535 5793 |_Cor._
558 5734 675 5793 sui.
720 5720 799 5774 l0.
881 5722 931 5793 '7',
967 5719 1120 5793 Joan.
1157 5722 1376 5781 χιιῖι.
1458 5725 1497 5758 υ
1534 5723 1689 5781 Deut.
1728 5742 1840 5793 xu,
1870 5725 1957 5793 l5;
1990 5723 2176 5780 Matth.
2212 5740 2366 5791 xvm,
2413 5729 2487 5783 l6.
2569 5728 2610 5762 "
2646 5727 2788 5783 Psal.
2812 5742 3029 5788 Lxxxw,
3064 5726 3117 5781 θ.
3197 5723 3307 5781 ¹⁶11
3332 5723 3462 5782 Cor.

201 5802 326 5853 xui,
359 5787 416 5844 5.
494 5789 536 5820 ¹⁵
576 5788 750 5843 lCor.
781 5807 841 5850 ιι.
885 5792 945 5845 10
1023 5793 1063 5822 ¹⁶
1100 5791 1234 5847 llud.
1272 5794 1352 5849 lli.
