4096 6496
622 386 731 446 sua

1612 385 1671 440 S'.
1696 380 1973 439 CYRILLI
2012 374 2481 435 ALEXANDRINI
2520 378 2842 435 ARCIIJEP.

622 506 730 562 bus
754 504 972 560 elucent
996 523 1010 560 :
1039 504 1094 559 in
1127 504 1196 561 iis
1224 519 1357 560 vero
1385 504 1478 575 qui
1512 505 1756 559 nondum
1782 503 1849 557 ad
1880 516 2000 557 eam
2036 514 2189 554 men-

2297 514 2378 551 σιν
2404 513 2420 527 ο
2479 500 2538 553 ὲν
2557 499 2616 553 δὲ
2639 500 2760 563 τοῖς
2776 496 2939 553 οῦπωι-
2963 496 3101 570 πρὸς
3128 495 3299 553 τοῦτο
3320 496 3538 566 φρενῶν
3562 495 3883 569 καθαρός-ηρ

624 596 698 649 tis
727 595 1018 666 puritatem
1077 596 1444 665 pervenerint,
1480 603 1539 648 ut
1590 594 1960 664 cognitionem
1998 607 2196 648 eorum

623 700 749 755 quae
779 686 1082 740 orationem
1122 692 1385 754 superant
1426 683 1572 738 dono
1605 682 1849 753 Spiritus
1874 683 2021 737 clare
2068 695 2195 751 per-

623 777 811 847 cipere
841 788 1069 847 queant,
1108 776 1339 846 simplex
1370 776 1612 847 cognitio
1641 784 1940 845 spectatur,
1982 790 2107 846 quas
2137 775 2197 830 in

622 884 692 924 eo
727 876 937 923 tantum
960 869 1100 924 forte
1138 877 1391 924 versatur
1432 870 1577 939 quod
1612 869 1799 924 sciunt
1844 868 2012 923 Deum
2070 883 2194 925 esse

623 960 921 1026 Christum,
943 968 998 1015 et
1028 959 1225 1014 Filium
1250 976 1445 1016 revera
1460 961 1761 1016 secundum
1791 969 2044 1015 naturam
2073 958 2193 1015 Dei.

621 1049 759 1105 Cum
795 1052 963 1119 igitur
993 1060 1206 1107 tantum
1228 1052 1570 1108 discriminis
1606 1052 1927 1117 intercedat,
1968 1060 2025 1109 et
2067 1054 2192 1105 vul-

624 1141 836 1210 garium
871 1142 1155 1197 hominum
1190 1142 1434 1211 cognitio
1473 1143 1703 1197 multum
1758 1142 1827 1197 ab
1854 1156 1917 1197 ea
1965 1157 2087 1211 quae
2135 1141 2192 1196 in

623 1233 837 1287 sanctis
864 1233 1111 1287 cernitur
1136 1234 1429 1296 dissideat,
1456 1233 1610 1287 nullo
1641 1242 1821 1288 tamen
1872 1232 2192 1288 discrimine

620 1319 929 1390 discipulus
960 1323 1173 1377 accedit
1196 1338 1395 1393 rogans
1414 1322 1771 1392 quamobrem
1799 1338 1905 1377 non
1934 1323 2194 1379 omnibus

619 1412 958 1479 hominibus,
1001 1414 1093 1468 sed
1128 1412 1264 1468 solis
1311 1420 1521 1466 tantum
1559 1412 1769 1467 sanctis
1820 1413 2193 1467 revelaturum

620 1518 681 1558 se
710 1503 1056 1572 polliceatur.
1087 1502 1220 1557 Illud
1250 1517 1403 1566 vero,
1432 1520 1451 1553 ι
1485 1502 1617 1572 quid
1646 1500 1850 1556 factum
1876 1513 1979 1564 est,
2019 1522 2039 1556 ι
2066 1515 2193 1557 cum

620 1595 735 1657 ait,
787 1593 954 1663 829
1011 1594 1117 1649 tale
1169 1593 1430 1663 quiddam
1481 1592 1715 1648 innuere
1760 1593 1898 1648 velle
1929 1592 2189 1648 videtur:

620 1686 836 1756 Scopus
870 1688 947 1739 tui
993 1684 1059 1739 ad
1107 1700 1208 1739 nos
1243 1684 1512 1740 adventus
1570 1684 1675 1741 tibi
1712 1693 1816 1749 est,
1847 1698 1881 1738 ο
1925 1682 2193 1750 Domine,

619 1789 731 1830 non
794 1782 853 1827 ut
904 1773 1184 1843 aliquibus
1238 1772 1470 1829 seorsim
1523 1783 1686 1828 notus
1738 1771 1875 1836 llas,
1914 1773 2192 1842 aliquibus

618 1884 732 1924 non
767 1869 931 1923 item:
966 1867 1277 1923 audivimus
1315 1867 1518 1937 quippe
1550 1868 1600 1921 in
1635 1867 1957 1937 prophetis:
1991 1884 2012 1919 ι
2048 1866 2187 1933 Quia

617 1959 825 2015 videbit
871 1960 1054 2015 oritois
1091 1974 1222 2014 caro
1258 1960 1501 2015 salutare
1527 1959 1686 2013 Dei"
1716 1976 1732 2026 ;
1786 1977 1809 2011 ι
1851 1959 1953 2014 sed
1984 1967 2041 2013 et
2071 1959 2195 2029 ipse

617 2052 894 2108 clamabas
933 2051 1163 2107 dicens:
1207 2070 1225 2103 ι
1281 2050 1471 2106 Gaude
1499 2061 1554 2106 et
1612 2051 1819 2115 lauare,
1867 2050 1977 2105 tilia
2031 2049 2186 2114 Sion,

618 2144 749 2213 quia
776 2159 907 2198 ecce
938 2158 1042 2213 ego
1064 2143 1244 2205 venio,
1272 2152 1327 2198 et
1351 2143 1617 2198 habitabo
1637 2144 1691 2198 in
1719 2143 1902 2200 medio
1928 2145 2027 2206 tui,
2053 2143 2191 2198 dicit

619 2233 905 2299 Dominus,
937 2241 991 2289 et
1020 2235 1339 2305 confugient
1371 2242 1564 2305 gentes
1585 2236 1771 2290 multae
1794 2236 1862 2290 ad
1894 2234 2199 2289 Dominum.

618 2326 676 2381 in
704 2324 794 2381 die
820 2326 934 2389 illa,
958 2336 1012 2382 et
1033 2336 1194 2381 erunt
1213 2326 1262 2380 ci
1299 2328 1351 2380 in
1378 2327 1639 2396 populum
1666 2328 1728 2382 ⁸⁸.
1777 2345 1795 2379 ι
1832 2326 1938 2398 Ipsi
1973 2344 2198 2399 quoque

617 2416 937 2486 congregati
993 2416 1222 2470 auribus
1276 2417 1485 2471 nostris
1540 2416 1888 2481 audivimus,
1944 2432 2069 2471 cum
2121 2416 2193 2471 ad

618 2520 723 2562 nos
752 2504 1003 2560 diceres:
1044 2526 1063 2557 ο
1100 2505 1336 2571 Quando
1386 2506 1659 2560 exaltatns
1694 2506 1848 2561 fuero
1908 2506 1976 2563 de
2023 2517 2195 2574 terra,

618 2596 809 2654 omnia
836 2596 1057 2651 traham.
1074 2596 1141 2650 ad
1177 2597 1445 2667 meipsum
1469 2598 1533 2650 ¹⁹.
1568 2616 1586 2649 ι
1621 2597 1764 2663 Quin
1796 2607 1851 2653 et
1875 2597 1943 2653 ad
1971 2597 2197 2655 Judteos

617 2691 804 2747 dixisti
844 2710 856 2745 :
894 2710 913 2743 ι
934 2689 1071 2757 Quia
1096 2701 1149 2747 et
1178 2693 1313 2747 alias
1338 2708 1467 2747 oves
1489 2693 1666 2764 habeo
1686 2708 1807 2763 quae
1832 2708 1941 2749 non
1968 2704 2097 2749 sunt
2124 2711 2193 2750 est

617 2782 725 2838 hoc
755 2782 926 2837 ovili:
966 2791 1023 2839 et
1076 2782 1200 2838 illas
1254 2792 1471 2854 oportet
1534 2800 1620 2839 me
1659 2784 1956 2851 adducere,
1988 2795 2045 2841 et
2103 2787 2198 2842 ﬁet

617 2888 792 2927 unum
833 2873 1001 2937 ovile,
1051 2882 1107 2929 et
1151 2890 1294 2929 unus
1341 2876 1616 2944 pastor”.
1667 2893 1686 2927 ι
1729 2874 1867 2931 Cum
1922 2876 2089 2946 igitur
2136 2879 2191 2934 iu

618 2978 813 3020 omnes
845 2964 1023 3034 gratia
1054 2980 1147 3034 per
1180 2977 1233 3019 te
1260 2972 1550 3019 manatura
1585 2973 1864 3035 speretur,
1894 2981 2195 3037 omnesque

620 3055 689 3110 ad
720 3055 818 3111 Dei
855 3055 1227 3127 cognitionem
1260 3065 1652 3127 congregatum
1680 3058 1747 3113 iri
1780 3065 1836 3112 tu
1867 3060 2026 3115 nobis
2049 3061 2197 3114 clare

2292 606 2386 653 τος
2414 590 2756 661 ἀφιγμένοις,
2783 590 2858 654 ὡς
2877 589 3021 645 ελείν
3034 587 3296 643 δύνασθαι
3316 587 3586 659 λαμπρῶς
3597 587 3709 641 τῶν
3733 589 3885 659 ὑπὲρ

2292 680 2448 752 λόγον
2473 681 2571 753 τὴν
2599 680 2804 752 εἴδησιν
2837 681 2927 736 διὰ
2953 683 3055 752 τῆς
3088 680 3180 734 τοῦ
3203 680 3521 751 Πνεύματος
3556 679 3797 751 δωρεᾶς,
3826 682 3885 732 ὲν

2293 774 2487 838 ἁπλοῖς-
2514 775 2556 845 ἡ
2598 772 2799 842 γνῶσις
2827 773 3021 845 ὁρᾶται
3043 772 3324 841 λογισμοῖς
3344 809 3359 834 ,
3412 773 3507 826 καὶ
3538 771 3688 825 κατὰ
3715 773 3883 839 μόνον

2293 864 2411 917 ἐστὶ
2439 864 2500 918 τὸ
2543 864 2743 918 εἰδέναι
2770 865 2929 935 τυχὸν
2963 865 3047 917 ὃτι
3071 863 3205 925 Θεός
3237 864 3386 915 ἐστιν
3413 865 3442 916 6
3482 862 3740 933 Χριστὸς,
3788 862 3885 915 καὶ

2293 954 2423 1016 Υἱὸς
2444 953 2659 1023 άληθῶς
2688 953 2783 1007 τοῦ
2818 953 2959 1008 κατὰ
2981 952 3142 1023 φύσιν
3164 951 3327 1006 Θεοῦ.
3347 952 3629 1022 Τοσαύτης
3657 967 3886 1019 τοιγαρ-

2291 1043 2386 1098 οῦν
2411 1044 2612 1114 μεταξὺ
2646 1043 2932 1115 χωρούσης
2975 1044 3074 1113 τῆς
3096 1042 3366 1112 διαφορᾶς
3386 1083 3399 1104 .
3443 1043 3538 1096 καὶ
3562 1040 3707 1096 κατὰ
3741 1040 3885 1094 πολὺ

2290 1138 2635 1210 διειργούσης
2667 1139 2774 1192 τῶν
2813 1137 3083 1206 ἀγελαίων
3124 1137 3225 1207 τὴν
3266 1136 3468 1205 γνῶσιν
3507 1135 3609 1205 τῆς
3651 1136 3713 1186 ὲν
3761 1135 3885 1194 τοῖς

2294 1229 2469 1297 ἁγίοις
2499 1227 2910 1299 θεωρουμένης,
2953 1227 3325 1299 άδιαφορήσας
3366 1228 3395 1280 6
3430 1225 3686 1296 μαθητὴς
3713 1224 3884 1293 πρόσ-

2292 1337 2431 1375 εισιν
2452 1319 2677 1391 ἐρωτῶν
2692 1319 2806 1373 ἀνθ’
2833 1320 2957 1373 ὅτου
2979 1319 3053 1390 μὴ
3077 1321 3246 1373 πᾶσιν
3273 1321 3389 1381 τοῖς,
3406 1317 3548 1372 κατὰ
3575 1318 3677 1387 τὴν
3701 1318 3883 1371 οἰκον-

2296 1410 2467 1481 μένην
2517 1409 2890 1479 ἁποκαλύψειν
2928 1409 3154 1473 ἑαυτὸν,
3216 1409 3399 1480 μόνοις
3433 1409 3491 1462 δὲ
3535 1411 3655 1473 τοῖς,
3699 1408 3882 1475 ἁγίοις

2292 1501 2709 1571 ἐπαγγέλλεται.
2765 1502 2841 1555 Τὸ
2869 1501 2926 1555 δὲ
2963 1522 2981 1553 ι
3011 1501 3064 1554 τί
3094 1501 3316 1570 γέγονεν
3347 1519 3371 1553 ι
3402 1500 3684 1563 άναὸοῶν,
3733 1498 3883 1551 ἑοικέ

2290 1612 2345 1648 τι
2374 1593 2616 1647 τοιοῦτον
2645 1592 3054 1647 ύπαινίττεσθαι
3094 1591 3293 1647 θέλειν.
3348 1591 3555 1653 Σκοπός
3591 1607 3698 1653 σοι,
3718 1592 3879 1661 φησι,

2291 1690 2389 1757 τῆς
2417 1688 2503 1750 εἰς
2531 1687 2678 1756 ἡμᾶς
2714 1684 2987 1753 ἀφίξεως,
3017 1678 3061 1737 ὧ
3100 1684 3382 1746 Δέσποτα,
3411 1682 3473 1737 τὸ
3518 1683 3595 1754 μὴ
3628 1684 3745 1735 τισὶ
3782 1684 3883 1752 μὲν

2293 1777 2399 1834 ἀνά
2428 1776 2591 1848 μέρος
2610 1775 2994 1844 γινώσκεσθαι,
3018 1775 3130 1828 τισὶ
3149 1774 3203 1827 δὲ
3222 1774 3407 1827 οὐκέτι
3431 1790 3443 1803 ·
3470 1774 3749 1843 ἠκούομεν
3770 1774 3883 1841 γὰρ

2292 1873 2350 1923 ὲν
2377 1870 2714 1941 προφήταις·
2750 1887 2768 1919 ι
2800 1869 2923 1920 Ὅτι
2952 1866 3144 1935 ἅψεται
3171 1867 3324 1920 πᾶσα
3351 1864 3490 1936 σὰρξ
3510 1865 3572 1918 τὸ
3605 1866 3882 1934 σωτήριον

2288 1962 2392 2015 τοῦ
2418 1960 2583 2015 Θεοῦ,
2612 1981 2631 2013 ι
2661 1960 2822 2013 ’Δλλά
2848 1960 2943 2013 καὶ
2968 1959 3135 2023 αὐτὸς
3155 1958 3387 2027 eminet;
3416 1957 3585 2028 βοῶν·
3615 1976 3644 2010 ι
3661 1957 3881 2027 Τὲριωυ

2290 2056 2389 2108 καὶ⁵
2409 2054 2732 2125 εὐφραίνου,
2763 2052 3005 2123 θύγατερ
3023 2052 3186 2115 Σιὼν,
3217 2051 3300 2104 ὅτι
3331 2050 3446 2105 ίδοὴ
3469 2048 3582 2118 ἐγὼ
3606 2049 3879 2119 ἔρχομαι,

2291 2148 2384 2201 καὶ
2427 2145 2836 2216 κατασκηνώσω
2868 2147 2926 2199 ὲν
2964 2145 3115 2215 μέσῳ
3149 2161 3274 2207 σου,
3328 2143 3478 2211 λέγει
3516 2142 3763 2210 Κύριος,
3785 2142 3881 2194 καὶ

2291 2238 2720 2305 καταφεύξονται
2761 2237 2888 2307 ἔθνη
2931 2236 3101 2289 πολλὰ
3146 2236 3282 2307 πρὸς
3325 2235 3417 2289 τὸν
3446 2235 3652 2305 Κύριον
3700 2236 3761 2288 ὲν
3813 2237 3880 2305 τῇ

2292 2332 2474 2401 ἡμέρᾳ
2505 2330 2708 2402 ἐκείνῃ,
2736 2346 2830 2382 και
2853 2328 3069 2381 ἔσονται
3103 2326 3253 2397 αύτῷ
3285 2328 3365 2388 εἰς
3385 2325 3534 2381 λαόν.
3561 2344 3581 2377 ι
3617 2324 3884 2385 Συνόντες

2290 2424 2347 2476 δὲ
2380 2424 2475 2477 καὶ
2504 2421 2967 2493 συνδιατρίϐοντες
3013 2422 3271 2490 αὐτήκοοι
3292 2419 3395 2489 τῆς
3440 2420 3545 2487 σῆς
3572 2415 3885 2485 γεγενημέα

2291 2531 2372 2567 νοι
2398 2512 2621 2581 φωνῆς,
2664 2513 2791 2567 ὅταν
2847 2511 2984 2582 πρὸς
3016 2511 3165 2581 ἡμᾶς
3203 2509 3373 2579 ἔφης·
3422 2528 3440 2560 ι
3465 2509 3638 2563 Ὅταν
3676 2506 3882 2575 ὑψωθῶ

2291 2605 2357 2657 ὲκ
2379 2601 2479 2670 τῆς
2515 2602 2622 2672 γῆς
2642 2642 2658 2666 ,
2710 2601 2917 2664 πάντας
2948 2600 3163 2654 ἑλκύσω
3196 2600 3333 2670 πρὸς
3362 2599 3621 2670 ἐμαυτόν.
3653 2616 3679 2655 ι
3720 2597 3883 2650 Ἀλλά

2292 2694 2390 2748 καὶ
2420 2694 2553 2764 πρὸς
2583 2693 2782 2754 αὐτοὺς
2804 2691 3026 2762 εἴρηκεν
3059 2691 3377 2754 Ἰουδαίους-ο
3414 2710 3435 2742 r
3464 2691 3590 2746 Ὀτι
3623 2689 3726 2743 καὶ
3747 2689 3881 2743 ἄλλα

2293 2785 2540 2858 πρόῦατα
2560 2783 2727 2854 exos
2744 2785 2846 2837 οὐκ
2865 2784 3011 2837 ἐστιν
3027 2784 3092 2837 ὲκ
3106 2782 3206 2852 τῆς
3223 2782 3393 2854 αὐλῆς
3409 2780 3882 2852 ταύτης.κάκεῖνά

2297 2890 2365 2943 με
2392 2873 2472 2926 δεῖ
2491 2873 2749 2940 ἀγαγεῖν,
2781 2873 2876 2925 καὶ
2900 2872 3228 2942 γενήσονται·
3251 2871 3349 2942 μία
3370 2871 3576 2942 ποίμνη
3594 2910 3611 2936 ,
3644 2865 3729 2935 εἷς
3761 2889 3881 2925 ποι-

2298 2966 2423 3037 μήν.
2465 2985 2485 3018 ι
2521 2965 2731 3021 Οὐκοῦν
2773 2966 2866 3020 ἐπὶ
2899 2966 3106 3030 πάντας
3158 2965 3380 3021 ἔσεσθαι
3415 2965 3882 3036 προσδοκωμένης

2294 3059 2391 3129 τῆς
2415 3058 2504 3112 διά
2540 3058 2634 3111 σοῦ
2680 3058 2932 3129 χάριτος,
2979 3058 3073 3111 καὶ
3121 3058 3327 3121 πάντας
3374 3056 3882 3127 σαγηνευθήσεσθαι

620 3146 985 3219 promiseris,
1036 3157 1092 3205 et
1150 3158 1470 3204 sanctorum
1517 3151 1915 3220 prophetarum
1960 3153 2014 3207 id
2061 3169 2195 3209 voce

2299 3150 2435 3219 πρὸς
2453 3149 2803 3217 θεογνωσίαν,
2826 3149 2921 3203 σοῦ
2944 3167 3003 3203 τε
3027 3150 3156 3221 ἡμῖν
3178 3148 3652 3220 ἐπαγγειλαμένου
3671 3148 3881 3217 σαφῶς,

619 3237 1006 3303 conﬁrmetur,
1037 3239 1171 3311 quid
1206 3240 1412 3295 factum
1448 3243 1574 3299 est?
1602 3257 1843 3313 quonam
1893 3244 2061 3311 abiit,
2111 3246 2196 3299 in-

619 3330 766 3402 quit,
819 3339 915 3387 aut
967 3347 1208 3402 quonam
1274 3332 1581 3388 translatus
1647 3343 1734 3390 est
1803 3336 2195 3404 promissionis

620 3423 872 3491 κοριιεῖ
912 3437 1014 3479 cur
1056 3438 1190 3479 vero
1235 3439 1345 3479 non
1399 3425 1658 3480 omnibus
1710 3426 2048 3494 hominibus,
2099 3428 2192 3483 sed

620 3512 784 3569 nobis
810 3512 1079 3568 duntaxat
1101 3523 1155 3570 te
1182 3515 1547 3572 manifestas?
1570 3514 1673 3572 Hic
1701 3532 1833 3587 ergo
1864 3533 2058 3575 sensus
2088 3527 2193 3585 est,

620 3603 849 3673 opinor,
888 3604 1183 3660 verborum
1234 3604 1495 3675 discipuli
1535 3606 1708 3677 :quid
1751 3617 1934 3665 autem
1984 3624 2015 3663 a
2066 3625 2195 3665 vera

622 3695 896 3749 sententia
919 3710 1043 3751 eum
1080 3696 1392 3763 abduxerit,
1417 3714 1599 3767 opera:
1640 3700 1875 3769 pretium
1902 3709 1987 3757 est
2019 3711 2199 3758 osten-

621 3785 771 3842 dere.
792 3786 1054 3843 Dominus
1078 3796 1266 3845 noster
1284 3789 1446 3847 Jesus
1463 3790 1730 3847 Christus
1758 3793 2005 3849 dixerat:
2034 3814 2052 3847 ι
2084 3793 2199 3849 Mo-

621 3878 829 3943 dicum,
854 3887 910 3934 et
954 3882 1195 3937 mundus
1237 3898 1325 3938 me
1374 3884 1489 3952 jam
1551 3899 1659 3938 non
1708 3884 1900 3951 videt;
1966 3902 2063 3942 vos
2108 3901 2201 3942 au-

622 3974 732 4023 tem
792 3967 993 4023 videtis
1042 3986 1130 4024 me
1161 3972 1231 4026 ²¹.
1282 3990 1311 4023 ι
1352 3972 1519 4043 Atqui
1574 3972 1931 4029 manifestum
1994 3983 2079 4031 est
2124 3976 2199 4031 ibi

622 4073 751 4113 eum
781 4060 1046 4116 mundum
1075 4061 1281 4129 dicere,
1323 4079 1431 4118 non
1466 4079 1656 4120 omnes
1687 4065 1783 4134 qui
1819 4066 1874 4120 in
1915 4074 2062 4122 terra
2099 4067 2200 4124 de-

626 4158 761 4221 gnnt
813 4152 1066 4208 homines
1098 4170 1112 4207 :
1154 4169 1344 4209 omnes
1378 4155 1581 4225 quippe
1622 4154 1750 4210 boni
1786 4172 1852 4212 ac
1889 4158 2016 4213 mali
2070 4167 2202 4214 sunt

626 4244 683 4298 in
714 4244 817 4299 hoc
844 4245 1082 4313 mundo;
1112 4248 1208 4302 sed
1245 4247 1509 4303 mundum
1537 4263 1635 4303 eos
1663 4252 1987 4305 nominasse
2016 4253 2200 4321 potius

627 4335 721 4403 qui
754 4341 978 4391 terrena
1017 4339 1241 4407 sapiunt
1262 4341 1331 4401 “,
1361 4347 1417 4395 et
1436 4340 1530 4411 qui
1564 4341 1793 4396 vanitati
1825 4344 2018 4399 mundi
2043 4361 2199 4400 suam

627 4434 864 4482 mentem
897 4428 1217 4496 subjiciunt.
1260 4428 1378 4485 Hoc
1410 4430 1578 4502 igitur
1601 4447 1729 4487 cum
1760 4449 1869 4488 non
1916 4436 2056 4492 satis
2104 4451 2199 4490 ca-

629 4526 785 4588 peret
840 4520 1184 4590 discipulus,
1231 4522 1569 4577 existimavit
1620 4526 1801 4595 ipsum
1857 4526 2087 4591 dicere,
2140 4543 2200 4583 se

628 4609 966 4678 reliquorum
999 4613 1247 4668 omnium
1284 4613 1567 4669 hominum
1607 4617 1808 4678 oculis,
1846 4617 2199 4675 interioribus

630 4700 932 4767 nimirum,
982 4712 1190 4760 tectum
1253 4707 1362 4773 iri,
1422 4715 1478 4764 et
1545 4710 2034 4780 inconspicabilem
2084 4712 2200 4766 fore

628 4808 883 4864 prorsus,
918 4812 1023 4852 nec
1048 4799 1143 4853 ulli
1178 4801 1459 4871 cognitum
1503 4802 1570 4857 iri
1617 4803 1723 4858 nisi
1775 4803 1892 4858 suis
1931 4801 2201 4856 duntaxat

630 4887 950 4959 discipulis:
986 4890 1101 4947 haec
1130 4892 1495 4963 ignorationls
1531 4894 1583 4949 ei
1613 4910 1783 4950 causa
1826 4894 1955 4948 fuit.
1988 4893 2206 4963 Quippe

630 4979 683 5033 si
709 4978 1069 5037 intellexisset
1119 4983 1303 5053 initio,
1354 5001 1466 5041 non
1495 4986 1688 5057 utique
1731 4985 2063 5041 accessisset
2110 5001 2205 5039 ro—

630 5082 813 5139 gans:
851 5088 875 5122 ι
898 5069 1038 5137 Quid
1072 5072 1276 5129 factum
1315 5084 1422 5143 est,
1472 5076 1604 5146 quia
1653 5074 2110 5129 manifestaturus
2147 5089 2208 5130 es

631 5160 794 5216 nobis
820 5161 1079 5233 teipsum,
1113 5172 1169 5220 et
1201 5182 1311 5222 non
1338 5167 1579 5221 mundo?
1602 5187 1619 5217 ι
1649 5169 1710 5219 In
1729 5181 1848 5221 eam
1878 5164 2047 5235 igitur
2075 5180 2205 5219 sen-

631 5250 859 5305 tentiam
907 5251 1175 5310 adductus
1224 5265 1352 5321 est,
1396 5257 1554 5326 juxta
1589 5257 1773 5310 tritam
1827 5266 1881 5309 et
1926 5254 2209 5323 vulgatam

636 5340 896 5409 loquendi
923 5347 1384 5403 consuetudinem
1422 5347 1575 5402 vocis
1606 5346 1771 5415 hujus
1802 5343 2206 5414 signiﬁcatione

634 5432 934 5489 intellecta.
980 5436 1245 5493 Mundum
1297 5438 1505 5507 quippe
1542 5438 1707 5508 vulgo
1743 5439 2031 5491 nominare
2063 5436 2208 5491 sole-

634 5535 778 5584 mus,
826 5538 1019 5581 omnes
1066 5528 1161 5598 qui
1211 5529 1267 5583 in
1301 5528 1567 5582 universo
1613 5528 1820 5583 mundo
1859 5534 2010 5593 sunt,
2064 5533 2127 5580 ut
2160 5523 2208 5580 si

708 5697 747 5725 "
773 5695 892 5769 _|_s:t.
924 5684 1011 5769 ιι,
1043 5704 1095 5758 δ.

1208 5704 1250 5734 ιθ
1290 5700 1522 5757 Zachar.
1558 5715 1618 5767 ll,
1651 5701 1732 5763 10,
1779 5702 1861 5756 Η.

637 5779 727 5831 ιιι,
768 5765 850 5820 l9.

1982 5702 2023 5733 ¹⁹
2061 5699 2218 5755 Joun.
2257 5714 2286 5752 χ
2312 5738 2324 5761 ,
2360 5695 2448 5750 3‘3.

2296 3243 2392 3296 καὶ
2434 3243 2533 3313 τῆς
2584 3243 2692 3296 τῶν
2746 3242 2918 3311 ἁγίων
2976 3241 3274 3312 προφητῶν
3326 3241 3884 3313 διαμαρτυρουμένης

2297 3333 2503 3404 φωνῆς,
2534 3333 2586 3386 τί
2612 3334 2802 3401 γέγονε
2821 3373 2836 3397 ,
2892 3335 2966 3403 πῆ
2998 3334 3062 3404 δὴ
3093 3333 3359 3403 μετέστη,
3386 3331 3554 3403 φησι,
3584 3331 3687 3386 καὶ
3717 3348 3883 3402 μετα·

2296 3424 2533 3478 τέθειται
2556 3428 2656 3495 τῆς
2696 3424 3027 3493 δπαγγελίας
3050 3426 3078 3478 ὁ
3102 3424 3303 3487 σκοπός
3327 3441 3343 3490 ;
3393 3425 3460 3477 Τί
3482 3423 3543 3477 δὲ
3576 3423 3679 3495 ούχ
3708 3425 3883 3479 ἅπασι

2296 3517 2409 3578 τοῖς
2437 3514 2578 3568 κατὰ
2597 3514 2687 3569 τὸν
2709 3515 2911 3585 κόσμον
2931 3514 3248 3585 ἐμφανίζεις
3271 3514 3517 3576 σεαυτὸν,
3539 3514 3681 3568 ἀλλὰ
3699 3516 3883 3585 μόνοις

2298 3609 2429 3679 ἡμῖν
2455 3625 2470 3673 ;
2507 3600 2676 3670 Οὗτος
2700 3606 2797 3676 μὲν
2826 3602 2938 3672 οὖν,
2970 3608 3064 3660 καὶ
3092 3608 3191 3677 οὐχ
3212 3607 3418 3677 ἕτερος.
3449 3602 3627 3676 οῐμαι,
3655 3608 3767 3661 τῶν
3788 3607 3881 3661 τοῦ

2302 3697 2545 3771 μαθητοῦ
2584 3698 2843 3771 ῥημάτων
2872 3699 2902 3751 6
2938 3696 3060 3760 νοῦς
3079 3714 3094 3729 ’
3135 3698 3187 3750 τί
3212 3697 3270 3751 δὲ
3296 3698 3403 3769 ἄρα
3445 3697 3505 3751 τὸ
3529 3697 3881 3768 άποκομίσαν

2298 3791 2461 3846 αὑτὸν
2509 3788 2609 3859 τῆς
2654 3786 2888 3858 ἀληθοῦς
2933 3788 3270 3859 διαλήψεως,
3312 3789 3639 3859 παραδεῖξαι
3692 3789 3877 3843 καλόν.

2311 3882 2369 3935 '0
2407 3882 2506 3952 μὲν
2533 3880 2641 3951 γὰρ
2670 3878 2873 3950 Κύριος
2894 3879 3054 3949 ήμῶν
3087 3878 3295 3949 Ἰησοῦς
3322 3879 3355 3931 6
3384 3879 3619 3952 Χριστὸς
3646 3878 3878 3947 ἔφασκε·

2306 3989 2325 4023 ι
2356 3969 2568 4041 Μικρὸν
2590 4009 2607 4034 ,
2649 3968 2745 4022 καὶ
2768 3971 2799 4023 6
2824 3968 3029 4039 κόσμος
3063 3986 3132 4039 με
3152 3969 3336 4023 οὐκέτι
3366 3969 3591 4042 θεωρεῖ,
3634 3971 3796 4040 ὑμεῖς
3822 3969 3878 4023 δὲ

2300 4062 2557 4133 θεωρεῖτέ
2593 4078 2678 4131 με.
2711 4079 2730 4114 ι
2775 4060 2912 4114 Ἀλλ’
2938 4056 3007 4132 ἦν
3037 4061 3205 4131 δήπου
3231 4061 3327 4115 καὶ
3353 4061 3500 4130 μάλα
3539 4061 3729 4129 σαφῶς
3766 4060 3873 4132 [Ian

2303 4153 2512 4224 σαφὲς],
2533 4154 2615 4206 ὅτι
2641 4153 2843 4223 κόσμον
2870 4153 2928 4205 ὲν
2947 4152 3178 4216 τούτοις,
3194 4151 3314 4222 οὐχὶ
3338 4153 3546 4215 πάντας
3573 4154 3701 4216 τοὺς
3721 4153 3877 4215 ὂντας

2301 4246 2358 4297 ἓν
2386 4244 2522 4314 τῷδε
2542 4243 2619 4314 τῷ
2650 4243 2750 4313 βίῳ
2790 4243 2975 4312 φησὶν,
2998 4243 3116 4312 ἦτοι
3148 4242 3448 4307 διαζῶντας
3474 4244 3569 4296 ἐπὶ
3597 4245 3699 4312 τῆς
3731 4241 3837 4312 γῆς
3858 4259 3873 4271 ’

2300 4335 2505 4398 πάντες
2538 4334 2646 4405 γάρ
2677 4335 2815 4387 εἰσιν
2846 4334 2904 4386 ἑν
2936 4332 3071 4403 τῷδε
3116 4333 3195 4404 τῷ
3224 4333 3414 4403 κόσμῳ
3441 4335 3671 4405 πονηροί
3701 4350 3763 4387 τε
3788 4333 3878 4386 καὶ

2302 4423 2495 4493 ἀγαθοί
2514 4440 2528 4455 ο
2574 4424 2777 4495 κόσμον
2804 4424 2861 4477 δὲ
2893 4423 3148 4494 ὠνόμασε
3177 4422 3374 4495 μᾶλλον
3401 4424 3528 4487 τοὺς
3574 4425 3643 4478 τὰ
3664 4425 3877 4493 ἐπίγεια

2303 4518 2519 4587 φρονεῖν
2565 4514 3103 4585 ἀναπεπεισμένους,
3161 4514 3259 4569 καὶ
3297 4517 3363 4584 τῇ
3414 4514 3740 4584 ματαιότητι
3784 4513 3880 4567 τοῦ

2304 4607 2510 4676 κόσμου
2538 4606 2597 4659 τὸ
2622 4607 2818 4660 οίκεῖον
2842 4604 3236 4670 ὑποζεύξαντες
3273 4605 3542 4675 φρόνημα.
3570 4605 3744 4659 Τοῦτο
3772 4622 3878 4659 τοι.

2305 4697 2509 4769 γαροῦν
2558 4699 2620 4751 ού
2652 4698 2855 4769 σφόδρα
2897 4698 3076 4760 συνεὶς
3120 4698 3148 4749 ὁ
3192 4695 3467 4767 μαθητὴς,
3511 4696 3666 4767 ᾠήθη
3703 4697 3879 4764 λέγειν

2305 4789 2499 4852 αὐτὸν.
2543 4789 2762 4843 ὅτιτῶν
2789 4790 2887 4859 μὲν
2929 4788 3101 4843 ἄλλων
3145 4789 3402 4842 ἁπάντων
3448 4787 3791 4859 ἀνθρώπων.
3834 4788 3879 4843 οἳ

2310 4879 2404 4933 καὶ
2432 4879 2579 4933 τόνδε
2607 4880 2697 4932 τὸν
2724 4878 2995 4948 περίγειον
3018 4877 3224 4931 οἰκοῦσι
3255 4877 3451 4947 χῶρον,
3482 4879 3575 4930 τὸν
3602 4878 3881 4947 ὀφθαλμὸν

2307 4970 2648 5040 διαλήσεται,
2695 4970 2840 5040 φημὶ
2868 4969 2925 5022 δὲ
2958 4968 3050 5022 τὸν
3079 4969 3188 5027 ἔσω
3218 4969 3313 5023 καὶ
3343 4967 3767 5038 κεκρυμμένον,
3792 4969 3882 5021 καὶ

2308 5062 2550 5126 ἄποπτος
2574 5062 2725 5119 ἔσται
2748 5057 3047 5123 παντελῶς,
3073 5058 3249 5113 οὐδενὶ
3268 5057 3378 5111 τῶν
3412 5058 3591 5113 ὄντων
3614 5058 3881 5125 γινωσκό-

2314 5170 2493 5224 μενος,
2524 5152 2662 5221 π).ὴν
2688 5151 2869 5221 μόνοις
2896 5152 3009 5212 τοῖς
3034 5148 3229 5207 ἑαυτοῦ
3257 5148 3528 5218 μαθηταῖς
3551 5164 3564 5179 ·
3595 5146 3760 5205 τοῦτο
3790 5149 3883 5217 τῆς

2309 5244 2531 5313 ἀγνοίας
2574 5242 2721 5313 αὐτῷ
2766 5242 2988 5310 γέγονεν
3015 5239 3207 5295 αἴτιον.
3264 5238 3331 5298 Εἰ
3373 5238 3485 5310 γὰρ
3542 5238 3780 5309 συνῆκεν
3828 5241 3881 5293 ἐν

2307 5336 2637 5406 άρχαῖς,ούκ
2662 5335 2727 5387 ἂν
2750 5332 2885 5394 ὅλως
2910 5330 3215 5403 προσῆλθεν
3232 5330 3471 5401 ἐρωτῶν·
3505 5348 3524 5379 ι
3549 5330 3613 5380 Τί
3642 5330 3881 5399 γέγονεν,

2306 5429 2390 5483 ὅτι
2438 5428 2569 5498 ἡμῖν
2600 5424 2815 5496 μέλλεις
2858 5422 3181 5492 ἐμφανίζειν
3228 5420 3489 5484 σεαυτὸν,
3530 5420 3631 5479 καὶ
3656 5420 3779 5489 ούχὶ
3808 5419 3879 5487 τῷ

2311 5520 2530 5588 κόσμῳ;
2566 5536 2584 5573 ι
2605 5514 2914 5585 Ὑπηνέχθη
2941 5513 3040 5584 μὲν
3066 5508 3157 5569 οὖν
3181 5512 3242 5566 τὸ
3266 5512 3393 5584 τῇδε
3424 5513 3585 5576 νοεῖν,
3614 5510 3808 5573 κοινῶς
3823 5526 3877 5561 τε

2563 5694 2606 5723 ὀ
2649 5691 2781 5744 laid.
2822 5690 2905 5745 16.
2986 5692 3026 5725 ’⁸
3070 5688 3227 5749 Ισιιιη.
3282 5706 3392 5751 xw.
3429 5691 3513 5747 l9.
3574 5685 3864 5755 “Philipp:
