4096 6478
200 353 313 411 289

1197 349 1264 408 ΙΝ
1301 349 1592 408 iOANNlS
1630 347 2080 406 EVANGEUUM
2121 349 2249 405 LIB.
2297 348 2362 405 X.

3349 355 3458 410 290

199 470 300 524 καὶ
323 467 651 539 εἰθισμένως
671 469 783 531 τοῖς
802 467 984 533 ἄλλοις
1003 467 1099 539 τὴν
1115 471 1182 522 ἐκ
1204 469 1300 522 τοῦ
1327 470 1590 540 ὀνόματος
1617 487 1682 540 ση
1694 486 1778 540 μα¹

1896 466 2023 534 quis
2059 464 2346 518 civitatem
2382 464 2646 528 nominet,
2701 463 2872 518 totius
2911 463 3152 520 civitatis
3173 446 3346 536 83o
3382 469 3454 521 in-

197 561 327 614 σίαν
360 559 630 614 ἐκλαδών.
688 559 908 630 Κόσμον
947 560 1054 630 γὰρ
1095 559 1217 623 ἔθος
1250 560 1396 614 ἐστὶν
1425 562 1557 630 ἡμῖν
1584 560 1785 630 όνομάο

197 652 348 715 ζειν,
391 651 535 704 κατά
571 666 635 717 γε
681 651 769 703 τὸν
810 650 1036 721 εὑτριϐῆ
1083 651 1178 704 καὶ
1220 654 1333 714 τοῖς
1381 651 1562 714 ἄλλοις
1614 651 1786 705 ἅπασι

197 739 567 808 προκείμενον
603 739 759 806 λόγον
781 779 794 799 ,
839 741 965 802 τοὺς
997 742 1058 793 ἐν
1085 742 1246 794 παντὶ
1277 741 1352 811 τῷ
1383 743 1574 810 κόσμῳ
1600 742 1782 812 τυχὸν,

196 830 395 901 ῶσπερ
420 833 473 885 ετ
491 849 575 894 τις
605 833 696 884 καὶ
721 831 874 886 πόλιν
893 831 1062 900 λέγοι,
1086 834 1210 898 τοὺς
1226 833 1352 903 ὃλην
1380 833 1660 895 οἰκοῦντας
1687 834 1785 904 τὴν

195 921 375 973 πόλιν.
407 922 552 992 Πλὴν
569 923 926 993 ἀξιοζήλωτος
951 925 1044 977 καὶ
1072 924 1239 978 ταῦτα
1259 925 1432 993 λέγων
1457 927 1483 978 6
1509 924 1781 996 μαθητής.

200 1011 398 1081 Ἀθρει
426 1013 534 1083 γὰρ
581 1014 730 1076 ὅπως
777 1013 930 1082 ἡλίου
977 1014 1133 1083 δίκην
1184 1018 1296 1078 τοῖς
1345 1016 1445 1068 ἀνὰ
1477 1018 1654 1069 πᾶσαν
1683 1015 1783 1086 τὴν

194 1103 304 1170 γῆν
336 1105 436 1173 τὴν
477 1104 572 1158 τοῦ
603 1105 856 1176 Σωτῆρος
907 1105 1286 1173 διαφαίνεσθαι
1314 1106 1472 1170 δόξαν
1503 1108 1780 1177 ἐπιθυμεῖ,

192 1193 380 1244 καίτοι
415 1192 524 1244 τῶν
557 1193 681 1246 καθ’
714 1193 906 1246 ἑαυτὸν
934 1195 984 1245 εί
1021 1192 1182 1263 μόνον
1234 1194 1468 1245 ἐποιεῖτο
1498 1193 1778 1262 πρόνοιαν,

193 1283 328 1351 ἐξῆν
361 1283 554 1351 ἔχοντα
587 1283 686 1352 τῆς
719 1282 974 1351 γνώσεως
996 1283 1094 1353 τὴν
1134 1284 1446 1353 ὑπόσχεσιν,
1473 1285 1566 1336 ἐπὶ
1601 1282 1782 1353 μόνοις

190 1377 310 1437 τοῖς
358 1375 509 1438 ἰδίοις
539 1374 766 1444 ἥδεσθαι
797 1376 1003 1439 καλοῖς.
1057 1375 1195 1428 Ἀλλ’
1241 1377 1343 1429 οὐκ
1393 1375 1615 1446 ἐξήρκει
1643 1375 1779 1445 πρὸς

192 1467 470 1536 θυμηδίαν
518 1467 577 1519 τὸ
623 1467 935 1530 ἰδιαζόντως
989 1466 1178 1538 ῶσπερ
1222 1466 1372 1537 αὐτῷ
1419 1466 1780 1537 δοθησόμε-νον

190 1557 403 1624 ἀγαθόν
432 1575 445 1588 ·
479 1558 667 1628 ἐπειδὴ
702 1558 757 1609 δέ
791 1554 859 1628 ἦν
891 1557 1137 1625 φιλόθεός
1160 1576 1217 1612 τε
1252 1559 1388 1629 ὁμοῦ
1413 1560 1508 1612 καὶ
1541 1559 1782 1627 φιλάδελ-

1895 558 2069 612 colas.
2103 555 2492 610 Verumtamen
2526 555 2690 610 laude
2720 569 2940 625 quoque
2969 555 3170 626 dignus
3215 566 3300 612 est
3342 573 3468 611 cum

1895 647 2011 701 hac
2039 646 2117 700 ait
2140 646 2464 716 discipulus.
2494 644 2632 701 Vide
2661 645 2808 701 enim
2834 660 2945 716 quo
2973 654 3136 715 pacto
3162 645 3471 704 Servatoris

1894 738 2122 808 gloriam
2152 737 2289 793 solis
2329 737 2507 792 instar
2539 751 2637 806 per
2684 737 3000 792 universam
3029 748 3236 791 terram
3287 738 3470 792 lucere

1892 830 2099 899 cupiat,
2139 843 2263 884 cum
2289 829 2336 882 ei
2368 828 2556 882 liceret
2583 828 2703 883 suis
2735 829 3118 883 tantummodo
3160 829 3320 883 bonis
3367 828 3468 882 ob-

1892 921 2116 982 iectari,
2150 919 2485 988 cognitionis
2529 919 2954 987 promissionem
2992 919 3233 981 habenti,
3271 918 3320 972 si
3381 917 3467 973 sui

1890 1020 2100 1066 tantum
2129 1026 2318 1064 curam
2359 1010 2608 1064 haberet.
2644 1009 2751 1064 Sed
2785 1011 2986 1064 bonum
3025 1011 3130 1065 sibi
3173 1010 3270 1064 uni
3305 1024 3469 1078 pecu-

1890 1103 2103 1158 liariter
2125 1103 2294 1157 tribui
2329 1116 2677 1171 nequaquam
2717 1100 2783 1154 ad
2819 1099 3134 1155 felicitatem
3179 1101 3316 1154 satis
3343 1113 3469 1154 esse

1888 1195 2150 1265 putabat:
2183 1209 2372 1249 verum
2399 1208 2530 1246 cum
2573 1191 2668 1245 Dei
2707 1191 2870 1245 simul
2906 1207 2970 1245 ac
3008 1191 3238 1245 fratrum
3271 1204 3470 1245 amans

1887 1286 1980 1350 sit,
2006 1285 2171 1354 longe
2203 1285 2418 1353 lateque
2437 1283 2662 1337 extendi
2695 1282 3007 1338 Servatoris
3035 1284 3269 1351 gloriam
3293 1281 3467 1351 cupit,

1885 1388 1941 1433 et
1994 1378 2266 1432 fratribus
2307 1378 2543 1447 gratiam
2607 1377 2665 1430 in
2717 1391 3010 1430 commune
3075 1376 3334 1445 proponi.
3384 1372 3464 1428 Ad

1887 1475 2136 1524 exactam
2175 1469 2377 1536 quippe
2412 1465 2506 1520 Dei
2532 1465 2902 1535 cognitionem
2950 1466 3160 1531 vocari,
3203 1465 3467 1534 quidnam

1895 1561 2058 1613 habet
2089 1558 2233 1628 quod
2277 1573 2400 1612 cum
2440 1573 2508 1612 eo
2542 1557 2853 1626 comparari
2887 1556 3105 1626 possit?

192 1650 782 1718 φος,.ἐκπλατύνεσθαι
808 1649 904 1703 τοῦ
953 1650 1208 1720 Σωτῆρος
1240 1649 1515 1720 τὴνδόξαν
1539 1651 1820 1720 ἐπιθυμεῖ,
1863 1647 2050 1718 κοινὴν
2093 1649 2152 1701 δὲ
2195 1650 2308 1711 τοῖς
2355 1647 2606 1715 ἀδελφοῖς
2644 1647 2977 1717 προκεῖσθαι
3014 1646 3124 1716 ’τὴν
3174 1646 3355 1718 χάριν.
3395 1646 3470 1700 Τὸ

191 1743 308 1812 γὰρ
334 1743 417 1804 εἰς
455 1741 655 1810 γνῶσιν
689 1741 893 1811 ἀκριϐῆ
938 1740 1222 1794 καλεῖσθαι
1255 1741 1416 1806 Θεοῦ,
1456 1741 1508 1794 τί
1538 1742 1603 1796 ἂν
1623 1741 1736 1811 ἒχοι
1764 1739 1826 1792 τὸ
1858 1738 2198 1803 ἱσοστατοῦνς

280 1856 589 1924 Ἀπεκρίθη
632 1856 898 1923 Ἰησοῦς,
939 1857 1036 1911 καὶ
1072 1859 1240 1912 εἶπεν
1268 1855 1428 1922 αὐτῷ
1456 1873 1470 1886 ·
1525 1855 1661 1909 Ἐάν
1691 1872 1781 1920 τις

1954 1853 2097 1919 XIV,
2134 1856 2223 1909 23.
2272 1853 2564 1923 Respondit
2606 1852 2799 1918 Iesus,
2834 1864 2886 1909 et
2936 1855 3074 1909 dixit
3112 1857 3160 1909 ei
3189 1871 3206 1908 :
3238 1856 3298 1910 Si
3349 1855 3466 1924 quis

191 1945 403 2017 ἀγαπᾷ
426 1962 533 2014 με,
574 1945 682 1998 τὸν
706 1949 896 2015 λόγον
913 1965 1033 2015 μου
1057 1948 1311 2015 τηρήσει
1331 1987 1345 2010 ,
1379 1946 1479 2000 καὶ
1513 1948 1545 1998 ὀ
1571 1944 1773 2013 Πατήρ

1885 1946 2048 2018 iiligit
2080 1965 2182 2008 me,
2216 1964 2507 2001 sermonem
2541 1964 2711 1999 meum
2741 1949 2964 2001 servabit
2993 1965 3009 2000 :
3035 1959 3081 2001 et
3112 1949 3275 2002 Pater
3321 1965 3466 2000 meus

186 2058 314 2109 μου
338 2038 642 2108 ἀταπήσει
667 2039 872 2102 αὐτὸν,
891 2039 990 2094 καὶ
1012 2040 1161 2108 πρὸς
1175 2040 1364 2094 αὐτὸν
1384 2039 1776 2106 ἐλευσόμεθα,

191 2130 296 2183 καὶ
316 2130 520 2199 μονὴν
549 2129 684 2197 παρ’
710 2128 871 2194 αὐτῷ
891 2132 1282 2199 ποιησόμεθα.

269 2243 344 2293 Οὐ
375 2242 582 2310 σφόδρα
605 2243 831 2296 συνέντα
854 2243 1140 2312 θεωρήσας
1167 2244 1259 2296 τὸν
1291 2243 1539 2314 μαθητήν
1561 2286 1575 2308 ,
1615 2243 1781 2297 ἐπάν-

193 2349 306 2384 εισι
336 2333 501 2385 πάλιν
532 2334 622 2385 ἐπὶ
660 2335 719 2385 τὸ
749 2335 807 2385 ἐν
841 2335 1036 2404 ἀρχαῖς
1066 2335 1388 2405 εἰρημένον,
1419 2336 1514 2387 καὶ
1541 2334 1780 2386 διδάσκει

198 2422 421 2491 σαφῶς,
458 2423 533 2485 ὡς
569 2425 630 2476 οὐ
667 2425 808 2478 κατά
836 2425 1004 2495 μόνην
1026 2425 1122 2496 τὴν
1155 2427 1213 2478 ἐν
1239 2425 1440 2496 είδήσει
1487 2425 1781 2495 νοουμένην

197 2514 496 2581 ἐπίγνωσιν
529 2515 720 2568 ἑαυτὸν
765 2515 1059 2585 ἐμφανίσει
1097 2517 1212 2578 τοῖς
1248 2515 1518 2586 γνησίοις.
1555 2514 1670 2568 ἀλλ’
1695 2513 1784 2578 ἐξ·

196 2605 420 2675 αίρετός
450 2623 534 2669 τις
577 2606 760 2668 αὐτοῖς
801 2608 898 2658 καὶ
931 2607 1052 2675 οὐχὶ
1099 2609 1210 2670 τοῖς
1256 2605 1436 2669 ἀλλοις
1477 2605 1729 2676 ἐπριὸὴς
1754 2605 1783 2656 6

193 2694 301 2763 τῆς
335 2693 653 2764 ἐλλάμψεως
673 2694 904 2766 ὑπάρξει
933 2697 1151 2766 τρόπος.
1181 2697 1243 2750 Οί
1282 2698 1378 2767 μὲν
1400 2697 1509 2767 γὰρ
1539 2697 1782 2764 ἀγελαῖοι

193 2785 387 2855 τυχὸν,
419 2786 512 2838 καὶ
542 2785 667 2857 ἄρτι
696 2786 858 2854 τυχὸν
880 2789 980 2856 τῆς
1005 2787 1114 2839 τῶν
1138 2787 1374 2840 εἰδώλων
1399 2787 1615 2857 ἀπάτης
1650 2789 1782 2840 ἀπο-

193 2875 588 2943 φοιτήσαντες,
649 2874 978 2944 κεκλημένοι
1018 2891 1078 2927 τε
1130 2874 1268 2946 πρὸς
1330 2874 1629 2942 ἐπίγνωσιν
1686 2875 1780 2928 τοῦ

191 2965 343 3017 κατά
391 2964 554 3032 φύσιν
607 2965 760 3029 ὄντος
816 2965 984 3031 Θεοῦ,
1031 2967 1088 3021 ἐν
1113 2966 1286 3035 ψιλοῖς
1339 2967 1433 3019 καὶ
1489 2965 1782 3037 ἀζητήτοις

190 3055 385 3124 ἔχουσι
417 3055 698 3126 λογισμοῖς
727 3055 825 3127 τὴν
859 3057 1077 3120 πίστιν,
1123 3056 1258 3109 αὐτὸ
1292 3057 1356 3128 δὴ
1386 3055 1544 3109 τοῦτο
1577 3056 1779 3126 μαθόν-

186 3163 289 3208 τες
323 3149 572 3218 φρονεῖν,
622 3147 698 3209 ὡς
727 3147 878 3201 οὐδὲν
919 3147 1134 3199 εἴδωλον
1165 3150 1222 3199 ἐν
1258 3147 1448 3218 κόσμῳ
1472 3148 1667 3217 τυχὸν,
1700 3142 1781 3208 εἷς

187 3238 252 3291 ἃ
279 3241 442 3308 μόνος
471 3241 499 3291 ό
530 3239 690 3308 φύσει
721 3238 874 3302 Θεός.
929 3241 990 3292 Ol
1019 3239 1075 3291 δὲ
1125 3239 1213 3292 διὰ
1251 3239 1430 3310 πάσης
1459 3241 1660 3311 ἀρετῆς
1690 3238 1781 3292 τὸν

191 3331 400 3382 οἰκεῖον
428 3329 986 3400 καταλαμπρύνοντες
1014 3330 1157 3393 νοῦν,
1184 3330 1400 3401 ἔχοντές
1433 3349 1490 3384 τε
1512 3332 1612 3401 ήδη
1639 3331 1776 3402 πρὸς

189 3423 257 3474 τὸ
289 3420 586 3491 μανθάνειν
613 3422 937 3491 ἐπιτηδείως
965 3421 1034 3472 τὰ
1062 3421 1179 3474 θεῖά
1209 3439 1268 3473 τε
1295 3421 1389 3474 καὶ
1419 3422 1777 3492 κεκρυμμένα

194 3515 504 3585 μυστήρια,
539 3514 639 3583 τὴν
670 3513 760 3566 διὰ
796 3513 891 3566 τοῦ
928 3513 1248 3583 Πνεύματος
1287 3513 1546 3583 λήψονται
1593 3513 1777 3582 δᾳδου-

188 3606 343 3676 χίαν,
385 3607 480 3658 καὶ
509 3605 671 3658 αὑτὸν
701 3607 756 3656 ἐν
794 3606 1006 3668 ἐαυτοῖς
1034 3605 1419 3658 ἐναυλισθέντα
1447 3605 1536 3657 τὸν
1571 3603 1777 3674 Κύριον

189 3699 306 3759 τοῖς
336 3699 436 3766 τῆς
484 3695 720 3758 διανοίας
763 3695 1183 3768 ἐπαθροίσουσιν
1220 3696 1336 3767 [γρ.
1382 3693 1776 3767 ἐπαθρήσουσι]

188 3787 518 3856 ὀφθαλμοῖς.
575 3785 786 3839 Οὐκοῦν
817 3787 879 3838 οὐ
915 3786 1067 3857 κοινὴ
1099 3789 1208 3850 τοῖς
1252 3786 1431 3849 ἄλλοις
1459 3785 1568 3837 τῶν
1606 3784 1778 3853 ἀγίων

190 3881 228 3950 ἡ
259 3881 494 3947 γνῶσις,
547 3879 662 3933 ἀλλ’
697 3879 973 3951 ἐξαίρετός
1010 3896 1093 3941 τις
1126 3881 1220 3932 καὶ
1260 3878 1622 3948 διωρισμένη,
1684 3877 1778 3930 καὶ

191 3972 401 4042 πολλὴν
466 3971 666 4041 ἔχουσα
710 3973 810 4041 τὴν
857 3971 1142 4042 διαφοράν.
1225 3969 1437 4036 Ὠφελεῖ
1483 3967 1776 4038 τοιγαροῦν

187 4063 280 4115 διὰ
309 4063 512 4126 παντὸς
546 4065 694 4134 ἡμᾶς
722 4063 882 4131 λόγου
903 4079 963 4114 τε
984 4063 1078 4116 καὶ
1105 4062 1309 4133 τρόπου
1337 4061 1593 4133 Χριστός.
1628 4059 1777 4131 Πρῶ-

187 4172 286 4208 τον
319 4155 420 4225 μὲν
449 4156 558 4226 γάρ
584 4155 667 4219 τίς
691 4158 720 4208 ό
746 4155 907 4209 αὑτὸν
936 4155 1165 4223 ἀγαπῶν
1193 4150 1251 4208 εὗ
1288 4155 1431 4224 μάλα
1460 4154 1774 4222 διορίζεται,

185 4247 431 4310 δεικνὺς,
463 4246 537 4310 ῶς
570 4247 634 4315 γέ
667 4264 758 4317 μοι
783 4246 1146 4314 φαίνεταικαὶ
1170 4249 1311 4300 νοεῖν
1345 4247 1552 4298 ἔπεισιν
1576 4245 1773 4316 ὀρθῶς,

187 4337 270 4399 ῶς
304 4338 405 4407 οὐχ
439 4337 640 4390 ἅπασιν
684 4337 897 4403 ἐφεῖται
946 4337 1132 4389 λαϐεῖν
1167 4337 1266 4408 τὴν
1315 4337 1407 4389 τοῦ
1444 4336 1776 4407 χαρίσματος

186 4429 457 4498 δύναμιν,
511 4429 624 4481 ἀλλ’
675 4423 866 4498 οἷσπερ
913 4427 976 4481 ἀν
1030 4428 1332 4499 ἐνυπάρχον
1366 4427 1540 4498 ὁρῷτο
1581 4425 1641 4479 τὸ
1676 4425 1777 4490 τῆς

189 4523 274 4583 εἰς
331 4520 492 4573 αὑτὸν
533 4520 888 4589 γνησιότητος
947 4519 1207 4589 καύχημα
1271 4519 1358 4572 διὰ
1398 4518 1490 4573 τοῦ
1537 4521 1775 4588 τηρῆσαι

1882 2040 2064 2109 diliget
2096 2056 2235 2102 eum,
2271 2049 2319 2093 et
2347 2039 2416 2092 ad
2440 2057 2558 2092 eum
2584 2041 2866 2102 veniemus,
2892 2049 2940 2093 et
2970 2042 3296 2094 mansionem
3325 2029 3472 2108 apud.

1882 2146 2000 2183 eum
2028 2131 2308 2197 faciemus.

1952 2240 2087 2293 Cum
2109 2256 2394 2295 sermones
2424 2256 2556 2295 suos
2584 2241 2912 2310 discipulum
2938 2242 3084 2296 haud
3111 2245 3248 2298 satis
3273 2260 3469 2315 capere

1882 2329 2117 2394 videret,
2157 2332 2222 2384 ad
2273 2332 2326 2385 id
2365 2332 2510 2401 quod
2569 2332 2728 2386 initio
2771 2333 2979 2386 dictum
3017 2343 3099 2388 est
3152 2338 3465 2400 revertitur,

1883 2421 2141 2490 clareque
2195 2421 2358 2475 docet
2414 2437 2526 2475 non
2585 2423 2892 2476 secundum
2954 2423 3125 2477 solam
3185 2442 3304 2494 qua:
3347 2429 3466 2482 visu

1884 2517 2102 2564 constat
2134 2510 2505 2578 cognitionem
2537 2511 2653 2566 suis
2675 2527 2799 2566 sese
2831 2514 3338 2578 manifestaturum,
3370 2518 3466 2572 sed

1884 2599 2234 2654 eminentiori
2267 2600 2506 2669 quodam
2539 2616 2638 2654 nec
2672 2603 2797 2656 aliis
2827 2603 3031 2656 usitato
3077 2604 3467 2661 illustrationis

1885 2690 2068 2744 modo.
2104 2687 2376 2746 Rudiores
2421 2692 2566 2745 enim
2617 2707 2680 2744 ac
2717 2693 2981 2762 imperiti,
3033 2702 3086 2748 et
3127 2695 3218 2764 qui
3275 2712 3467 2752 recens

1885 2783 1956 2837 ab
1987 2781 2260 2836 idolorum
2285 2782 2477 2837 fraude
2513 2792 2884 2846 recesserunt,
2915 2795 3077 2854 atque
3104 2786 3169 2840 ad
3197 2788 3468 2844 naturalis

1886 2873 1982 2929 Dei
2020 2875 2389 2946 cognitionem
2421 2876 2598 2928 vocati
2625 2885 2778 2940 sunt,
2807 2877 2860 2928 ln
2896 2877 3041 2929 nuda
3076 2884 3128 2930 et
3153 2877 3464 2934 indiscussa

1886 2967 2102 3021 ratione
2137 2967 2297 3020 ﬁdem
2345 2965 2572 3028 habent,
2624 2966 2677 3017 id
2715 2965 2977 3018 nimirum
3017 2967 3228 3020 sentire
3261 2968 3465 3031 cdocti,

1887 3059 2094 3112 nullum
2139 3073 2263 3113 esse
2309 3057 2513 3110 idolum
2566 3055 2620 3108 in
2652 3056 2881 3118 mundo,
2915 3056 3009 3109 sed
3067 3073 3236 3110 unum
3270 3069 3468 3114 natura

1889 3149 2077 3204 Deum.
2115 3147 2441 3217 Quicunque.
2490 3162 2621 3200 vero
2668 3162 2763 3216 per
2808 3162 2970 3201 omne
3018 3148 3245 3202 virtutis
3293 3166 3468 3220 genus

1887 3255 2041 3294 suam
2078 3247 2314 3293 mentem
2358 3238 2653 3301 illustrant,
2691 3247 2744 3292 et
2777 3243 2840 3291 ad
2875 3236 3141 3294 discenda
3175 3239 3364 3294 divina
3413 3251 3468 3297 et

1885 3345 2082 3385 arcana
2117 3330 2376 3400 mysteria
2420 3337 2548 3384 sunt
2587 3327 2787 3389 idonei,
2829 3329 3257 3385 illustrationem
3293 3331 3466 3402 Spiri-

1885 3431 1973 3478 tus
2007 3423 2300 3492 accipient,
2329 3422 2620 3491 ipsumque
2642 3423 2696 3476 in
2719 3423 3034 3492 semetipsis
3065 3423 3464 3479 inhabitantem

1885 3516 2183 3570 Dominum
2261 3517 2463 3570 mentis
2520 3516 2697 3570 oculis
2766 3518 3204 3573 contuebuntur.
3281 3517 3466 3588 Itaque

1884 3607 2197 3663 communis
2237 3607 2361 3661 aliis
2396 3621 2502 3659 non
2536 3615 2621 3660 est
2663 3615 2984 3662 sanctorum
3042 3610 3308 3678 cognitio,
3367 3610 3462 3664 sed

1885 3701 2084 3757 eximia
2108 3707 2161 3755 et
2191 3699 2474 3765 distincta,
2511 3699 2778 3768 longeque
2826 3700 2893 3752 ab
2936 3699 3030 3752 illa
3064 3701 3340 3753 communi
3383 3701 3465 3754 di-

1884 3807 2062 3848 versa.
2097 3792 2187 3846 Sic
2218 3791 2363 3844 omni
2397 3789 2559 3844 modo
2589 3801 2641 3844 et
2670 3791 2883 3844 ratione
2926 3789 3183 3846 Christus
3228 3806 3328 3846 nos
3362 3792 3458 3844 ad-

1883 3885 2062 3954 juvat.
2087 3883 2367 3953 lmprimis
2392 3883 2536 3936 enim
2574 3880 2763 3935 definit
2795 3883 2919 3951 quis
2951 3883 3021 3936 sit
3045 3883 3135 3936 ille
3164 3883 3254 3952 qui
3288 3883 3464 3950 diligit

1885 3992 2034 4039 eum,
2073 3974 2396 4035 ostendens,
2432 3983 2488 4025 ut
2528 3972 2747 4041 opinor,
2795 3988 2904 4026 non
2940 3974 3196 4028 omnibus
3234 3975 3459 4027 concedi

1885 4076 1945 4120 ut
1995 4066 2185 4138 gratia:
2243 4065 2497 4117 virtutem
2560 4064 2857 4128 accipiant,
2916 4065 3008 4117 sed
3065 4065 3158 4133 qui
3209 4064 3458 4117 mandata

1885 4159 2159 4214 servando
2212 4154 2436 4227 genuini
2493 4153 2614 4224 ejus
2660 4155 2822 4208 amici
2857 4169 2978 4208 esse
3018 4155 3456 4223 comperiuntur.

1886 4251 2092 4306 Deinde
2134 4265 2374 4320 quonam
2418 4248 2582 4304 modo
2615 4248 2826 4317 fulgere
2881 4249 2934 4301 in
2970 4248 3038 4302 iis
3087 4248 3312 4311 debeat,
3368 4258 3461 4302 aut

1884 4361 1993 4416 quo
2022 4353 2182 4413 pacto
2211 4343 2280 4398 sit
2320 4343 2375 4396 in
2411 4343 2481 4397 iis
2530 4342 2902 4402 habitaturus.
2939 4341 3200 4405 declarat,
3233 4342 3455 4395 dicens:

1890 4456 1907 4489 ι
1943 4436 2106 4490 Pater
2130 4450 2284 4488 meus
2316 4434 2502 4502 diliget
2528 4449 2671 4486 eum.
2704 4450 2721 4482 ι
2752 4431 2853 4496 Qui
2883 4431 3026 4485 enim
3048 4431 3151 4486 fide
3179 4432 3231 4485 in
3263 4430 3459 4487 Filium

1886 4521 2100 4576 Patrem
2136 4519 2515 4583 honoraverit,
2549 4520 2901 4575 dilectionem
2941 4520 3057 4587 ejus
3087 4536 3186 4574 ceu
3219 4521 3456 4574 fructum

186 4611 293 4673 τὰς
329 4609 567 4673 ἐντολάς.
629 4605 762 4663 Εἶτα
816 4609 937 4662 τίνα
974 4610 1174 4679 τρόπον
1222 4608 1403 4672 αὐτοῖς
1453 4607 1773 4676 ἐπιλάμψει,

1885 4614 2045 4686 831
2083 4612 2208 4666 inde
2233 4611 2560 4680 reportabit.
2607 4611 2892 4664 Postremo
2922 4611 3052 4679 quid
3082 4612 3216 4665 lucri
3250 4612 3458 4666 obven-

188 4702 315 4765 πῶς
336 4701 391 4753 δέ
421 4702 602 4763 αὐτοῖς
625 4701 1191 4772 ἐγκατοικισθήσεται,
1210 4700 1358 4770 λέγει
1381 4717 1392 4730 ·
1424 4717 1442 4751 ι
1475 4700 1777 4769 Ἀγαπήσει

190 4795 306 4866 γὰρ
333 4794 492 4846 αὑτὸν
524 4795 552 4845 6
580 4794 769 4865 Πατήρ
796 4810 919 4863 μου,
955 4811 972 4843 ι
1008 4792 1159 4863 φησί.
1211 4792 1538 4863 Τετιμηκὼς
1569 4791 1677 4860 γὰρ
1711 4792 1776 4844 δι’

189 4882 506 4946 εὐπειθείας
534 4884 631 4953 τῆς
664 4884 743 4946 εἰς
767 4883 857 4935 τὸν
890 4883 1018 4936 Υἱὸν
1039 4924 1053 4946 ,
1087 4884 1179 4937 τὸν
1211 4884 1268 4948 ἐξ
1297 4879 1467 4954 οὗπερ
1501 4884 1616 4936 ἐστὶ
1645 4884 1775 4935 Γεν-

189 4977 417 5046 νήτορα,
453 4974 660 5046 καρπὸν
685 4973 798 5038 ἕξει
826 4974 920 5027 τοῦ
964 4975 1286 5046 πράγματος
1333 4975 1434 5044 τὴν
1476 4975 1773 5044 ἀγάπησιν.

189 5063 330 5122 Εἶτα
357 5068 411 5121 τί
441 5068 500 5120 τὸ
533 5067 787 5121 ἐντεῦθεν
823 5068 1107 5130 ἀνατελεῖ,
1162 5071 1313 5121 ποῖον
1345 5068 1399 5120 δὲ
1432 5067 1580 5138 αὐτῷ
1615 5083 1767 5137 περι-

186 5161 350 5213 έσται
397 5161 457 5213 τὸ
503 5162 692 5232 κέρδος
742 5161 911 5230 σαφὲς
952 5161 1252 5228 καθιστὰς,
1312 5181 1330 5212 ι
1390 5161 1773 5231 Ἐλευσόμεθα,

190 5255 360 5324 φησὶ,
393 5253 528 5324 πρὸς
557 5252 718 5306 αὑτὸν
751 5252 862 5322 ἐγὼ
893 5255 987 5306 καὶ
1020 5256 1047 5306 ὁ
1069 5253 1285 5324 Πατὴρ,
1323 5253 1416 5307 καὶ
1451 5251 1618 5323 μονὴν
1647 5253 1774 5322 παρ’

187 5345 344 5416 αὐτῷ
375 5345 733 5416 ποιησόμεθα.
769 5364 785 5397 ι
822 5345 1263 5417 Κατοικήσαντος
1287 5345 1396 5415 γὰρ
1429 5346 1487 5398 ἐν
1517 5347 1647 5415 ήμίν
1681 5343 1773 5396 τοῦ

188 5438 450 5510 Σωτῆρος
488 5437 647 5508 ήμῶν
690 5437 927 5508 Χριστοῦ
974 5437 1060 5490 διὰ
1096 5436 1190 5490 τοῦ
1240 5438 1400 5506 ἁγίου
1436 5437 1773 5508 Πνεῦματος,

189 5530 450 5583 συνέσται
479 5529 648 5600 δήπου
672 5529 891 5592 πάντως
909 5530 1001 5582 καὶ
1028 5531 1054 5582 6
1070 5530 1336 5600 γεννήσας
1351 5529 1531 5582 αὐτόν’
1553 5529 1776 5600 Πνεῦμα

187 5621 304 5691 γὰρ
334 5621 430 5673 καὶ
458 5621 622 5674 αὑτοῦ
649 5620 742 5673 τοῦ
771 5621 1010 5692 Πατρὸς,
1040 5621 1099 5673 τὸ
1131 5621 1352 5691 Πνεῦμα
1380 5620 1639 5693 Χριστοῦ.
1669 5622 1777 5674 Καὶ

186 5710 323 5780 γοῦν
353 5711 383 5764 ὁ
418 5710 702 5775 θεσπέσιος
724 5710 964 5776 Παῦλος,
1013 5711 1089 5781 πῆ
1124 5711 1222 5781 μὲν
1253 5711 1380 5765 ἴδιον
1408 5712 1501 5765 τοῦ
1535 5713 1767 5783 Πατρὸς,

1883 4717 2067 4760 turum
2103 4704 2231 4758 hinc
2265 4703 2313 4756 ei
2348 4703 2444 4764 sit,
2497 4703 2721 4773 planum
2780 4701 3028 4755 faciens:
3075 4719 3092 4752 ι
3140 4699 3456 4763 Veniemus,

1882 4798 2079 4869 inquit.
2107 4796 2172 4850 ad
2207 4811 2331 4850 eum
2387 4809 2488 4864 ego
2535 4802 2590 4848 et
2623 4792 2806 4852 Pater.
2853 4800 2906 4846 et
2936 4792 3275 4846 mansionem
3313 4793 3456 4861 apud

1880 4906 2002 4946 eum
2038 4888 2324 4943 faciemus.
2386 4905 2404 4936 ›
2446 4884 2741 4939 l‘labitante
2787 4883 2988 4952 quippe
3023 4882 3075 4936 in
3127 4882 3288 4936 nobis
3323 4880 3458 4936 Ser-

1878 4992 2074 5038 vatore
2107 4989 2295 5035 nostro
2329 4977 2551 5036 Christo
2582 4992 2676 5046 per
2708 4983 2960 5030 sanctum
2996 4973 3261 5044 Spiritum
3284 5016 3298 5040 ,
3354 4977 3457 5030 erit

1883 5087 2102 5145 quoque
2147 5071 2374 5125 omnino
2425 5069 2714 5123 nobiscum
2746 5074 2802 5121 et
2833 5065 3108 5122 Genitor:
3143 5081 3269 5120 nam
3335 5065 3459 5135 Spi-

1884 5169 2024 5220 ritus
2059 5163 2269 5218 Christi
2294 5161 2436 5215 idem
2461 5165 2625 5214 estet
2659 5157 2858 5212 Patris.
2891 5156 3049 5212 Unde
3085 5157 3288 5211 Paulus
3315 5157 3457 5211 divi-

1884 5271 2010 5320 nus,
2045 5255 2184 5309 alias
2230 5252 2454 5323 quidem
2484 5250 2688 5312 Patris,
2735 5249 2875 5304 alias
2922 5259 3103 5304 autem
3155 5247 3279 5302 Filii
3328 5263 3457 5317 pro-

1887 5347 2070 5420 prium
2123 5343 2390 5415 Spiritum
2427 5341 2524 5407 ait,
2574 5355 2925 5412 nequaquam
2962 5327 3087 5394 'sibi
3121 5352 3452 5408 repugnans.

1883 5439 1976 5497 sed
2003 5440 2057 5494 in
2093 5448 2327 5506 utroque
2359 5449 2548 5490 verum
2571 5432 2758 5488 dicens
2784 5450 2798 5487 :
2837 5432 2911 5487 ita
2939 5432 3140 5504 quippe
3170 5439 3365 5487 natura
3397 5446 3458 5486 se

1884 5531 2068 5586 habet.
2105 5528 2309 5584 Scribit
2335 5543 2467 5597 ergo
2517 5525 2584 5580 ad
2631 5526 2886 5597 aliquos:
2951 5541 2969 5574 ι
3017 5521 3120 5602 Qui
3166 5521 3458 5577 suscitavit

1883 5621 2068 5676 Jesum
2096 5619 2378 5675 Christum
2415 5633 2444 5671 a
2492 5619 2745 5681 mortuis,
2780 5614 3074 5670 viviﬁcabit
3109 5621 3163 5667 ct
3201 5610 3454 5666 mortalia

1882 5726 2118 5783 corpora
2150 5719 2330 5767 vestra
2365 5725 2463 5782 per
2495 5709 2893 5764 inbabitantem
2928 5704 3193 5776 Spiritum
3247 5701 3368 5772 ejus
3399 5702 3453 5755 in
