4096 6486
662 357 763 414 29!

1621 353 1677 409 S.
1719 350 1997 407 CYRILLI
2032 350 2502 408 ALEXANDRINI
2539 351 2855 408 ARCHIEP.
3805 346 3885 402 9.31

663 473 822 528 vobis
845 471 912 525 ”.
954 491 971 524 ι
1007 469 1321 524 Praeterea:
1362 486 1380 520 ι
1422 466 1688 534 Quoniam
1731 475 1918 522 autem
1957 469 2093 522 estis
2117 465 2235 530 ﬁlii,

2362 468 2414 520 εἰ
2449 468 2504 521 δέ
2539 467 2630 521 τοῦ
2653 467 2780 521 Υίοῦ
2809 467 2870 520 τὸ
2892 463 3120 533 Πνεῦμά
3148 476 3337 534 φησιν,
3364 459 3429 513 οὐ
3466 458 3584 520 τοῖς
3619 456 3758 520 ίδίοις
3777 459 3884 512 ἀντι-

668 563 823 618 misit
847 562 992 618 Deus
1027 562 1294 631 Spiritum
1336 558 1457 612 Filii
1496 558 1580 612 sui
1619 558 1672 611 in
1704 557 1870 611 corda
1898 567 2100 621 vestra,
2129 559 2242 612 cla-

669 662 908 709 mantem
937 672 950 708 :
992 653 1169 718 Abba,
1200 650 1363 704 Pater
1387 649 1452 703 “.
1496 669 1512 699 ι
1544 648 1714 704 Vides
1750 656 1810 702 ut
1861 649 2001 704 idem
2040 649 2111 704 sit
2142 647 2244 702 Pa-

673 746 776 800 tris
805 760 868 798 ac
900 743 1022 798 Filii
1056 742 1299 812 Spiritus
1325 741 1348 792 ξ’
1374 740 1722 796 lnhabitante
1753 742 1938 810 itaque
1973 741 2026 793 in
2058 739 2245 794 cordi-

671 839 774 892 bus
803 836 1014 890 nostris
1052 833 1364 903 Unigenito,
1436 847 1785 902 nequaquam
1837 833 1992 888 abest
2033 830 2194 886 Pater
2228 849 2240 884 :

670 927 835 982 habet
867 928 1011 982 enim
1043 925 1216 978 Filius
1252 924 1306 977 in
1341 925 1526 993 scipso
1558 924 1894 986 Genitorem.
1915 926 2077 978 unius
2105 923 2248 977 exsi-

671 1025 826 1072 stens
863 1031 987 1070 cum
1017 1031 1084 1070 eo
1115 1015 1461 1078 substantiae,
1498 1015 1594 1069 sed
1627 1023 1682 1070 et
1717 1018 1832 1085 ipse
1863 1023 1946 1068 est
1976 1015 2031 1068 in
2089 1014 2249 1068 Patre

669 1107 1020 1162 naturaliter.
1049 1103 1200 1158 Fidei
1242 1118 1377 1173 ergo
1415 1103 1669 1156 deﬁnitio
1697 1113 1752 1158 et
1784 1103 2066 1172 inculpata
2107 1102 2248 1155 ratio

674 1199 790 1253 hac
843 1207 945 1251 est.
989 1196 1256 1250 Libenter
1312 1203 1497 1249 autem
1536 1195 1990 1265 interrogaverim
2031 1210 2125 1250 eos
2155 1194 2248 1264 qui

674 1304 785 1359 prae
835 1288 1004 1341 multa
1073 1288 1295 1341 inscitia
1339 1286 1597 1341 haaresim
1662 1287 1930 1355 complexi
1984 1285 2251 1340 adversus

672 1380 900 1449 gloriam
939 1377 1180 1446 Spiritus
1205 1393 1362 1430 suam
1391 1378 1636 1446 linguam
1669 1385 1908 1430 armant.
1934 1375 2075 1440 Quid
2103 1375 2252 1430 enim

673 1466 995 1536 responsuri
1023 1473 1175 1530 sunt,
1216 1480 1342 1518 eum
1373 1466 1455 1519 eis
1481 1464 1732 1520 dicemus
1759 1482 1773 1518 :
1816 1464 1871 1518 Si
1904 1475 2119 1519 creatus
2167 1472 2254 1518 est

677 1556 937 1627 Spiritus,
981 1566 1038 1610 et
1093 1571 1123 1609 a
1159 1556 1251 1609 Dei
1286 1556 1618 1618 substantia,
1674 1563 1735 1608 ut
1778 1555 1971 1617 vultis,
2017 1556 2253 1618 alienus,

675 1650 954 1718 quomodo
988 1649 1200 1702 habitat
1239 1648 1294 1700 in
1345 1647 1506 1701 nobis
1546 1663 1646 1716 per
1701 1647 1882 1715 ipsum
1917 1645 2104 1701 Deus?
2161 1653 2256 1700 aut

676 1740 956 1810 quomodo
991 1739 1086 1794 Dei
1140 1747 1223 1793 est
1261 1740 1563 1808 particeps,
1605 1739 1701 1808 qui
1739 1739 2004 1808 Spiritum
2065 1752 2256 1793 susce-

679 1806 865 1902 perit?
895 1829 1030 1883 Nam
1065 1829 1112 1884 si
1155 1806 1275 1883 ﬁeri
1303 1806 1490 1898 potest
1511 1837 1571 1881 ut
1601 1806 1700 1897 per
1743 1806 1982 1882 creatam
2016 1829 2254 1898 aliquam
2288 1806 2330 1860 Β

681 1920 1050 1976 substantiam
1083 1919 1281 1972 divina:
1305 1925 1359 1972 et
1382 1917 1670 1972 ineﬂ'abilis
1702 1928 1912 1973 natura:
1959 1920 2257 1989 participes

679 2009 1010 2074 elliciamur,
1042 2008 1174 2078 quid
1242 2009 1452 2062 vetabit
1497 2011 1797 2078 quominus
1852 2010 2022 2073 Deus,
2055 2011 2258 2078 reiecto

683 2100 916 2168 Spiritu,
961 2113 1060 2169 per
1103 2098 1346 2168 aliquam
1398 2098 1562 2152 aliam
1612 2115 1999 2169 quamcunque
2026 2100 2261 2153 voluerit

679 2198 990 2244 creaturam
1045 2189 1100 2242 in
1145 2189 1303 2242 nobis
1355 2190 1428 2242 sit
1472 2205 1685 2258 nosque
1730 2191 2087 2244 sanctiﬂcet?
2154 2189 2262 2243 Sed

683 2282 787 2336 hoc
821 2281 1158 2351 impossibile
1186 2301 1198 2336 :
1241 2295 1342 2333 nec
1373 2281 1518 2334 enim
1543 2281 1637 2336 Del
1674 2281 1977 2335 secundum
2006 2291 2260 2334 naturam

685 2372 966 2442 particeps
997 2373 1123 2439 quis
1161 2386 1403 2439 unquam
1453 2370 1639 2436 fuerit,
1676 2373 1784 2425 nisi
1817 2387 1914 2441 per
1961 2371 2260 2439 Spiritum:

688 2462 832 2517 Deus
884 2462 1049 2532 igitur
1079 2471 1132 2515 et
1189 2477 1256 2516 ex
1311 2459 1422 2515 Deo
1459 2470 1550 2516 est
1603 2461 1883 2531 Spiritus,
1932 2477 2148 2532 neque,
2206 2469 2264 2515 ut

688 2554 967 2607 nonnullis
1006 2554 1184 2607 visum
1219 2561 1328 2618 est,
1381 2566 1411 2606 e
1445 2567 1676 2607 numero
1719 2562 2116 2608 creaturarum.
2157 2553 2264 2607 Sed

686 2654 741 2699 et
769 2643 903 2698 illud
936 2632 1102 2714 porro
1158 2643 1622 2698 considerandum
1677 2645 1848 2698 venit.
1886 2645 2044 2710 Quod
2100 2644 2267 2713 parti-

689 2748 820 2802 ceps
847 2732 1081 2802 alicujus
1127 2740 1232 2798 est,
1281 2739 1341 2785 ut
1390 2733 1621 2801 potioris
1665 2733 1970 2788 secundum
2007 2733 2268 2788 substan-

688 2823 820 2878 tiam
852 2829 906 2878 et
937 2823 1170 2877 alterius
1200 2823 1270 2877 ab
1303 2823 1426 2893 ipso
1464 2825 1707 2894 generis,
1743 2824 1891 2878 aliud
1931 2840 2158 2879 necesse
2186 2834 2269 2880 est

689 2929 815 2968 esse
859 2913 1162 2968 secundum
1205 2922 1458 2967 naturam
1491 2915 1561 2968 ah
1600 2931 1666 2969 eo
1701 2915 1845 2984 quod
1889 2916 2266 2985 participatur.

692 3005 752 3059 Si
793 3020 924 3074 ergo
952 3015 1170 3060 creatus
1209 3014 1302 3058 aut
1343 3005 1520 3061 factus
1551 3015 1636 3061 cst
1685 3005 1945 3075 Spiritus,
1980 3008 2267 3076 cujusnam

692 3096 801 3148 erit
849 3094 1067 3147 demum
1128 3105 1383 3149 creatura
1422 3097 1745 3166 particeps?
1794 3099 1990 3151 Annon
2046 3099 2270 3152 omnino

695 3185 1005 3255 sniipsius?
1062 3201 1361 3239 commune
1453 3188 1659 3255 quippe
1736 3187 1951 3241 videtur
2001 3188 2269 3244 ambobus

694 3293 818 3332 esse
850 3278 996 3346 quod
1023 3285 1272 3330 creatum
1304 3287 1408 3332 est.
1447 3277 1552 3331 Sed
1603 3286 1657 3332 et
1691 3279 1859 3333 creati
1894 3287 1947 3334 et
1995 3278 2120 3333 l‘acti
2173 3295 2269 3334 na-

695 3379 817 3423 tura
843 3377 1031 3423 nostra
1062 3383 1186 3422 cutn
1216 3383 1319 3423 nos
1355 3368 1548 3433 simus,
1583 3367 1707 3422 facti
1738 3385 1930 3424 sumus
1977 3371 2270 3440 participes

697 3461 942 3529 Spiritus
976 3473 1006 3512 a
1063 3459 1224 3513 nobis
1273 3465 1470 3512 natura
1524 3458 1727 3514 diversi
1759 3479 1771 3514 :
1803 3460 1965 3530 832
2003 3476 2106 3514 non
2142 3475 2272 3532 ergo

698 3560 922 3606 creatus
947 3557 1033 3604 est
1069 3548 1333 3619 Spiritus.
1374 3549 1530 3615 Quod
1563 3551 1607 3606 si
1644 3567 1834 3605 verum
1866 3561 1972 3613 est,
2012 3561 2069 3605 ut
2120 3560 2273 3607 certe

697 3651 805 3705 est,
840 3642 982 3696 Deus
1006 3649 1062 3696 et
1094 3656 1161 3695 ex
1210 3638 1323 3694 Deo
1366 3649 1450 3695 est
1487 3641 1747 3711 Spiritus,
1791 3643 1955 3696 sicuti
2009 3643 2270 3698 diximus.

699 3731 846 3787 Nihil
871 3733 1015 3787 enim
1047 3732 1349 3786 increatum
1395 3746 1519 3785 esse
1549 3731 1832 3800 putabitur
1864 3747 2126 3799 unquam,
2167 3732 2270 3785 nisi

700 3824 850 3876 solus
905 3831 1099 3876 natura
1137 3821 1300 3884 Deus,
1334 3837 1397 3874 ex
1449 3837 1557 3890 quo
1615 3821 1868 3876 videlicet
1924 3821 2275 3876 incﬂ'abilitcr

702 3914 1004 3984 procedens
1055 3920 1282 3968 sanctus
1322 3911 1580 3981 Spiritus,
1635 3922 1692 3966 ut
1750 3914 1869 3983 ipse
1926 3928 1992 3966 ex
2026 3927 2135 3981 quo
2167 3919 2271 3977 est,

703 4004 915 4057 habitat
962 4002 1015 4055 in
1067 4003 1248 4055 nobis.
1303 4000 1564 4070 Proprius
1617 4003 1763 4056 enim
1826 4009 1912 4057 est
1954 4002 2276 4056 substantiae

703 4093 840 4156 ejus,
883 4100 938 4145 et
975 4091 1215 4159 qualitas
1265 4092 1430 4144 veluti
1478 4092 1724 4160 quaedam
1761 4092 2074 4148 sanctitatis
2131 4090 2272 4160 ejus.

705 4184 884 4252 Atque
920 4182 1033 4236 haac
1063 4181 1281 4250 quidem
1330 4181 1382 4234 in
1416 4183 1552 4237 istos
1583 4183 1729 4236 dicta
1764 4191 1969 4236 sunto:
2007 4182 2276 4238 adversus

706 4276 1000 4327 Anouimos
1030 4283 1231 4336 autem,
1269 4274 1361 4341 qui
1389 4272 1526 4326 Filio
1556 4274 1753 4327 bellum
1784 4273 2123 4338 indixerunt,
2154 4273 2276 4342 qui-

705 4380 812 4433 que
838 4365 1028 4418 eodem
1064 4376 1225 4432 quem
1257 4372 1416 4417 antea
1457 4364 1700 4419 diximus
1735 4364 1927 4418 furore
1971 4365 2275 4426 insaniunt,

2342 558 2552 610 τάττων
2575 555 2773 626 λόγοις,
2808 555 3091 627 ἀληθεύων
3121 553 3178 608 δὲ
3215 550 3424 623 μᾶλλον
3475 547 3604 601 καθ’
3633 549 3883 617 ἑκάτερον·

2344 647 2456 717 ἔχει
2490 647 2596 719 γὰρ
2637 646 2778 701 οὕτω
2811 651 2874 719 τῇ
2911 646 3094 716 φύσει.
3151 644 3317 712 Λέγει
3361 640 3553 695 τοίνυν
3584 639 3715 708 πρός
3741 656 3884 704 τινας⁹

2351 758 2369 791 ι
2399 740 2522 792 Ὀτι
2552 741 2772 811 ἐγείρας
2802 740 3038 811 Χριστὸν
3077 735 3287 808 Ἰησοῦν
3317 735 3383 787 ἐκ
3410 731 3651 801 νεκρῶν,
3680 728 3889 801 (annosi.-

2348 845 2430 881 σει
2460 829 2554 882 καὶ
2586 829 2654 883 τὰ
2679 829 2847 899 θνητά
2877 829 3105 898 σώματα
3134 823 3312 897 ὑμῶν,
3345 823 3437 877 διὰ
3474 819 3573 873 τοῦ
3605 819 3891 884 ἐνοικοῦντκ

2346 917 2510 971 αὐτοῦ
2544 919 2861 990 Πνεῦματος
2895 921 2953 971 ἐν
2992 919 3141 988 ὑμῖν.
3171 935 3192 970 ι
3230 909 3364 968 Εἶτα
3407 913 3584 965 πάλιν
3607 927 3622 941 ο
3681 929 3698 961 ι
3727 912 3830 962 Ὀτι
3853 914 3890 966 δέ

2349 1011 2471 1062 ἐστε
2499 1013 2605 1063 υίοὶ
2628 1052 2643 1078 ,
2691 1011 3074 1077 ἐξαπέστειλεν
3107 1011 3135 1063 6
3163 1007 3298 1071 Θεὸς
3333 1006 3394 1058 τὸ
3427 1002 3661 1073 Πνεῦμα
3687 1001 3771 1054 τοῦ
3796 1003 3891 1055 Υἱοῦ

2357 1098 2523 1152 αὑτοῦ
2559 1101 2638 1162 είς
2666 1099 2762 1163 τὰς
2795 1099 3023 1170 καρδίας
3057 1095 3231 1168 ὑμῶν,
3260 1093 3470 1165 κράζον
3494 1107 3510 1122 ο
3559 1088 3891 1152 1665,6112-

2348 1190 2470 1259 τήρ.
2500 1210 2517 1240 ι
2567 1191 2729 1260 Ὁρᾷς
2757 1191 2906 1254 ὅπως
2951 1189 3011 1242 τὸ
3041 1189 3173 1243 αὐτὸ
3211 1185 3445 1255 Πνεῦμα
3495 1180 3597 1234 τοῦ
3646 1197 3703 1231 τε
3729 1182 3895 1248 Πατρός

2351 1281 2582 1333 ἐστικαὶ
2613 1280 2705 1334 τοῦ
2738 1281 2869 1334 Υίοῦ
2895 1299 2907 1346 ;
2948 1278 3348 1339 Κατοικοῦντος
3371 1271 3468 1329 οὖν
3495 1272 3608 1342 ἄρα
3639 1269 3728 1324 τοῦ
3759 1273 3893 1324 Mavo-

2351 1372 2541 1442 γενοῦς
2574 1374 2631 1425 ἐν
2653 1376 2775 1434 ταῖς
2803 1373 3050 1443 καρδίαις
3078 1371 3255 1441 ἡμῶν,
3283 1369 3385 1421 οὐκ
3411 1367 3650 1421 ἄπεστιν
3672 1363 3894 1432 ὁΠατήρ·

2354 1465 2465 1534 ἔχει
2494 1465 2601 1534 γὰρ
2627 1467 2654 1518 6
2677 1464 2803 1528 Υἱὸς
2833 1465 2891 1516 ἐν
2920 1463 3099 1533 ἐαυτῷ
3125 1462 3216 1516 τὸν
3241 1459 3592 1530 Γεννήτορα,
3647 1457 3767 1524 μιᾶς
3794 1457 3895 1525 7:96;

2354 1555 2514 1608 αὐτὸν
2557 1555 2818 1624 ὑπάρχων
2851 1554 3067 1616 οὐσίας,
3125 1551 3241 1604 ἐστι
3267 1550 3324 1602 δέ
3356 1548 3454 1601 καὶ
3485 1544 3652 1606 αὐτὸς
3681 1546 3733 1596 ἐν
3763 1545 3898 1614 Harp!

2357 1646 2619 1716 φυσικῶς.
2659 1649 2717 1699 Ὀ
2746 1647 2843 1716 μὲν
2874 1641 2967 1698 οὖν
2999 1645 3098 1710 τῆς
3122 1642 3360 1703 πίστεως
3387 1640 3521 1709 ὄρος
3548 1653 3607 1688 τε
3643 1637 3732 1688 καὶ
3753 1636 3891 1689 dwa-

2356 1737 2526 1800 αίτιος
2552 1732 2706 1800 οὗτος
2731 1737 2796 1790 ἀν
2826 1735 2909 1806 εἴη
2941 1735 3118 1802 λόγος.
3176 1732 3442 1803 Ἐροίμην
3472 1729 3520 1780 δ’
3553 1727 3619 1780 ἂν
3653 1727 3740 1778 ἐπὶ
3767 1727 3897 1795 τούτῳ

2358 1827 2452 1879 καὶ
2485 1827 2604 1879 λίαν
2635 1828 2805 1898 ⁴ἡδέως
2843 1829 2966 1888 τοὺς
2997 1827 3062 1878 ἐκ
3103 1823 3304 1891 πολλῆς
3333 1820 3588 1891 ἀμαθίας
3625 1817 3896 1889 ἐτεροδοξείν

2359 1915 2673 1985 ἐλομένους,
2706 1919 2800 1971 καὶ
2828 1919 2892 1986 τῇ
2945 1914 3038 1967 τοῦ
3077 1912 3399 1983 Πνεύματος
3428 1908 3562 1980 δόξῃ
3603 1909 3701 1979 τὴν
3734 1910 3898 1961 οἰκείαν

2359 2005 2736 2071 ἐξοπλίζοντας
2769 2006 3032 2074 γλῶτταν.
3081 2004 3147 2056 Τί
3175 2003 3284 2070 γὰρ
3326 2002 3392 2072 δὴ
3433 2000 3534 2052 καὶ
3581 2001 3759 2066 φαῖεν,
3804 1999 3898 2051 ὅταν

2360 2097 2606 2166 λέγωμεν
2635 2099 2846 2160 αὐτοῖς·
2891 2099 2952 2150 Εἰ
2979 2095 3196 2148 κτιστὸν
3222 2094 3283 2147 τὸ
3310 2092 3546 2161 Πνεῦμά
3575 2093 3710 2152 ἐστι,
3740 2090 3818 2143 καὶ
3835 2091 3900 2142 cii-

2362 2189 2572 2258 λότριον
2605 2191 2703 2259 τῆς
2745 2190 2929 2252 οὐσίας
2958 2189 3050 2242 τοῦ
3080 2186 3240 2250 Θεοῦ,
3268 2186 3390 2239 καθ’
3426 2188 3602 2254 ὑμᾶς,
3639 2183 3747 2244 πῶς
3778 2182 3830 2236 ἂν
3861 2186 3900 2234 ὲν

2363 2283 2493 2350 ἡμῖν
2525 2280 2590 2332 δι’
2640 2281 2807 2333 αὐτοῦ
2845 2280 3169 2350 κατοικῆσαι
3199 2278 3332 2341 Θεός
3361 2295 3375 2343 ;
3411 2276 3538 2339 πῶς
3565 2276 3622 2327 δέ
3654 2274 3776 2326 Θεοῦ
3809 2275 3903 2343 μέτ-

2364 2390 2486 2443 οχος
2531 2377 2558 2427 ό
2589 2375 2649 2427 τὸ
2679 2372 2902 2444 Πνεῦμα
2933 2374 3147 2439 λαϐώνς
3198 2373 3258 2426 Et
3285 2373 3387 2443 μὲν
3432 2372 3549 2442 γάρ
3581 2373 3693 2423 ἐστι
3722 2371 3814 2422 τῶν
3841 2372 3903 2420 ἐν·

2364 2464 2666 2534 δεχομένων
2698 2465 2787 2518 διά
2813 2482 2957 2529 τινος
2981 2467 3118 2529 ὅλως
3148 2464 3418 2533 γεννητῆς
3446 2463 3644 2524 οὐσίας
3672 2461 3761 2528 τῆς
3791 2461 3904 2522 Θείας

2366 2571 2424 2606 τε
2450 2555 2542 2607 καὶ
2572 2555 2812 2626 ἀρρήτου
2845 2556 3061 2624 φύσεως
3083 2557 3233 2626 ἡμᾶς
3278 2555 3618 2626 μεταλαχεῖν
3637 2594 3650 2617 ,
3692 2551 3738 2604 τί
3764 2552 3817 2604 ἂν
3848 2552 3904 2602 ἔτι

2366 2646 2425 2698 τὸ
2461 2646 2665 2698 κωλὺον
2697 2646 2869 2717 ὁρῷτο
2914 2647 3005 2700 τὸν
3054 2647 3185 2702 Θεὸν
3231 2648 3324 2699 καὶ
3359 2646 3587 2715 Πατέρα
3627 2643 3686 2696 τὸ
3727 2643 3906 2709 Πνεῦμα

2369 2734 2764 2804 παρωσάμενον
2803 2735 2895 2788 καὶ
2927 2735 2993 2787 δι’
3020 2735 3210 2806 ἐτέρου
3237 2735 3381 2797 τινὸς
3410 2728 3548 2787 οὗπε
3557 2751 3589 2803 ρ
3621 2733 3685 2785 ἀν
3711 2731 3907 2801 βούλοιτο

2368 2823 2664 2892 κτίσματος
2708 2826 2763 2876 ἐν
2793 2826 2923 2894 ἡμῖν
2984 2826 3259 2893 γίνεσθαι,
3312 2825 3405 2877 καὶ
3455 2824 3712 2890 ἀγιάζειν
3759 2821 3905 2890 ἡμᾶςς

2384 2912 2545 2966 Ἀλλά
2588 2915 2743 2966 τοῦτο
2787 2915 3046 2969 ἀδύνατον
3071 2933 3086 2946 ·
3145 2916 3205 2969 οὐ
3232 2916 3340 2986 γὰρ
3374 2916 3438 2968 ἂν
3473 2913 3684 2982 γένοιτό
3709 2929 3781 2974 τις
3808 2911 3908 2962 Θεοῦ

2373 3005 2438 3076 δὴ
2467 3005 2559 3058 τοῦ
2599 3007 2738 3060 κατὰ
2763 3007 2925 3075 φύσιν
2962 3008 3188 3078 μέτοχος
3215 3009 3281 3061 δι’
3313 3008 3540 3078 ἐτέρου,
3577 3008 3623 3058 εί
3661 3006 3728 3074 μὴ
3749 3003 3822 3056 διὰ
3842 3003 3908 3055 τοῦ

2373 3094 2688 3166 Πνεύματος
2708 3114 2722 3129 ο
2769 3097 2901 3160 Θεὸς
2932 3099 3039 3168 ἄρα
3069 3101 3165 3152 καὶ
3197 3101 3260 3151 ἐκ
3287 3098 3425 3151 Θεοῦ
3465 3098 3531 3150 τὸ
3566 3096 3806 3164 Πνεῦμα,
3845 3094 3911 3144 καὶ

2372 3186 2434 3238 οὐ
2465 3189 2578 3249 τοῖς
2611 3189 2892 3255 γεγονόσιν
2929 3189 3278 3259 ἐναρίθμιον,
3323 3189 3581 3258 καθάπερ
3615 3186 3754 3250 ἔδοξέ
3785 3203 3909 3237 τισιν.

2377 3277 2583 3341 Ἀλλως
2612 3296 2670 3330 τε
2707 3279 2925 3331 κάκεῖνο
2955 3279 3091 3349 πρὸς
3119 3279 3279 3334 τοῦτο
3305 3280 3688 3334 διασκεπτέον.
3728 3279 3792 3331 Τὸ
3818 3279 3912 3346 ps“.-

2373 3364 2495 3433 οχόν
2543 3382 2689 3428 τινος
2710 3405 2723 3427 ,
2775 3367 2851 3429 ὡς
2882 3368 3188 3437 κρείττονος
3231 3373 3354 3424 κατ’
3385 3371 3578 3423 οὐσίαν
3599 3411 3612 3433 ,
3657 3369 3745 3423 καὶ
3779 3371 3912 3436 ἑτερο-

2376 3454 2543 3524 φυοῦς
2581 3456 2613 3526 ἢ
2646 3458 2783 3528 ὅπερ
2813 3458 2960 3512 ἐστὶν
2991 3459 3154 3523 αὐτὸ,
3203 3461 3391 3532 ἕτερον
3441 3461 3589 3515 εἶναι
3619 3460 3753 3515 κατά
3790 3459 3914 3528 φύσιν

2376 3551 2589 3619 ἀνάγκη
2606 3551 2697 3604 τοῦ
2720 3554 3107 3624 μετεχομένου.
3131 3553 3192 3604 Ei
3210 3553 3390 3604 τοίνυν
3419 3554 3641 3606 κτιστὸν
3677 3552 3707 3622 ἢ
3737 3551 3913 3618 ποιητὸν

2375 3643 2436 3694 τὸ
2472 3643 2715 3712 Πνεῦμα,
2740 3645 2883 3708 τίνος
2918 3645 3069 3698 ἔσται
3093 3644 3280 3697 λοιπὸν
3305 3645 3337 3714 ἡ
3362 3645 3546 3708 κτίσις
3573 3644 3785 3714 μέτοχος
3803 3638 3914 3710 ςτΔρ⁹

2376 3733 2494 3802 οὐχὶ
2535 3733 2748 3796 πάντως
2778 3735 3015 3804 ἐαυτῆς;
3065 3735 3244 3788 κοινὸν
3276 3735 3388 3804 γὰρ
3420 3737 3617 3804 ὁρᾶται
3659 3735 3685 3787 ὃ
3715 3735 3913 3787 ἔκτισται

2376 3823 2558 3877 λοιπὸν
2593 3827 2678 3877 ἐπ’
2724 3826 2942 3895 ἀμφοῖν.
3004 3826 3167 3879 Ἀλλά
3203 3827 3300 3879 καὶ
3357 3832 3576 3879 κτιστοὶ
3623 3828 3711 3880 καὶ
3739 3824 3916 3892 γενητοὶ

2378 3917 2518 3969 κατὰ
2543 3914 2702 3984 φύσιν
2735 3917 2886 3981 ὄντες
2908 3920 3069 3988 ἡμεῖς
3089 3959 3102 3978 ,
3153 3917 3228 3980 ὡς
3255 3918 3448 3989 ἐτέρου
3494 3917 3640 3971 κατὰ
3670 3916 3814 3986 φύσιν
3836 3917 3914 3966 ὺπ-

2379 4008 2637 4078 ἀρχοντος
2665 4009 2697 4079 ἢ
2733 4009 2868 4079 ὅπερ
2901 4012 3064 4078 ἡμεῖς
3086 4049 3101 4071 ,
3132 4009 3227 4062 τοῦ
3265 4008 3594 4080 Πνεῦματος
3629 4008 3916 4079 μετεσχήκα-

2383 4116 2482 4169 μεν
2507 4115 2520 4128 ’
2557 4101 2656 4151 οὐκ
2684 4099 2788 4170 ἀρα
2828 4101 3043 4153 κτιστὸν
3073 4103 3135 4154 τὸ
3166 4101 3392 4171 Πνεῦμά
3414 4103 3588 4154 ἐστιν.
3636 4101 3694 4153 El
3723 4098 3773 4151 δέ
3796 4097 3916 4149 τοῦτο

2379 4189 2606 4257 ἀληθὲς,
2661 4189 2848 4261 ὥσπερ
2893 4187 2984 4244 οὖν
3030 4192 3260 4262 ἀληθὲς,
3311 4193 3446 4256 Θεὸς
3489 4194 3589 4246 καὶ
3640 4193 3700 4244 ἐκ
3727 4188 3841 4241 Θεοῦ
3873 4186 3916 4236 τὸ

2382 4274 2626 4343 Πνεῦμα,
2656 4275 2905 4348 καθάπερ
2941 4279 3263 4349 εἰρήκαμεν.
3314 4281 3677 4350 Διαφεύξεται
3709 4280 3807 4347 γὰρ
3837 4276 3917 4327 τῶν

2382 4365 2548 4418 ὄντων
2577 4367 2727 4418 οὐδὲν
2756 4365 2852 4436 τὴν
2878 4366 2970 4420 τοῦ
3008 4370 3338 4440 πεποιῆσθαι
3368 4371 3561 4436 δόξαν,
3622 4372 3667 4422 εί
3697 4369 3764 4438 μὴ
3794 4368 3918 4436 μόνος

707 4455 962 4510 nonnihil
999 4454 1144 4523 quod
1177 4469 1356 4520 Operae
1387 4456 1619 4524 pretium
1645 4457 1716 4510 sit
1755 4456 1954 4509 dicam.
2003 4473 2021 4505 ι
2066 4455 2122 4507 Si
2156 4456 2266 4521 quis

2383 4455 2410 4506 δ
2452 4455 2608 4522 φύσει
2642 4453 2801 4518 Θεὸς,
2857 4457 2917 4522 ἐξ
2963 4452 3023 4511 οὗ
3068 4459 3310 4528 δηλονότι
3365 4462 3561 4530 προϊὸν
3607 4461 3836 4532 ἀρρήτως
3873 4455 3918 4505 τὸ

705 4545 884 4613 diligit
935 4559 1039 4608 nte,
1093 4559 1406 4598 sermonem
1462 4559 1641 4597 meum
1679 4544 1957 4607 scrvahit,
2012 4551 2065 4595 et
2119 4540 2279 4596 Pater

708 4651 862 4690 meus
890 4635 1077 4705 diliget
1107 4651 1253 4696 cuni,
1276 4643 1329 4688 ct
1369 4636 1432 4687 ad
1467 4651 1588 4688 eum
1624 4636 1925 4697 veniemus,
1955 4644 2007 4686 et
2040 4633 2279 4686 mansio-

706 4742 830 4781 nem
861 4725 1003 4794 apud
1038 4741 1163 4779 eum
1195 4725 1483 4780 iaciemus.
1525 4745 1542 4776 ι
1571 4725 1712 4789 Quid
1742 4741 1873 4793 ergo
1906 4722 2274 4793 respondens,

706 4834 740 4872 ο
775 4818 983 4872 strenui
1019 4817 1155 4878 viri,
1191 4817 1235 4870 si
1274 4817 1400 4885 quis
1439 4816 1757 4870 sciscitatur
1796 4830 1826 4867 a
1861 4815 2036 4878 vobis,
2097 4821 2277 4865 utrum

707 4912 848 4962 duos
897 4907 1137 4961 habituri
1195 4907 1374 4962 simus
1431 4906 1563 4961 deos
1608 4906 2009 4966 inhabitantes,
2056 4901 2277 4955 Patrem

709 4999 973 5054 nimirum
1003 5008 1059 5054 et
1087 4997 1284 5052 Filium
1317 5017 1329 5053 :
1379 5013 1448 5052 an
1490 5011 1620 5050 vero
1658 4994 1801 5049 Deus
1850 5011 1992 5048 unus
2029 4994 2082 5046 in
2119 4994 2279 5048 nobis

712 5087 1049 5156 intelligatur
1075 5102 1140 5141 ac
1170 5103 1296 5141 vere
1349 5088 1459 5142 sit?
1503 5083 1638 5137 Nam
1673 5084 1718 5136 si
1775 5090 1967 5135 natura
2025 5082 2279 5139 diversus

711 5185 798 5230 est
825 5176 1045 5231 omnino
1099 5175 1272 5230 Filius
1319 5185 1373 5230 et
1415 5175 1468 5226 in
1506 5171 1725 5241 propria
1789 5170 2025 5240 quadam
2085 5182 2280 5226 natura

715 5267 1058 5336 intelligitur,
1095 5266 1376 5336 quomodo
1426 5277 1658 5317 necesse
1699 5268 1920 5314 nonest
1963 5260 2103 5315 duos
2149 5261 2280 5318 deos

715 5360 770 5412 in
802 5359 960 5413 nobis
992 5373 1115 5413 esse
1148 5356 1391 5419 credere,
1423 5353 1678 5405 mandata
1705 5351 2103 5406 servantibus?
2127 5352 2280 5416 Quod

715 5452 760 5506 si
792 5453 954 5506 unius
995 5467 1100 5504 non
1134 5457 1314 5502 autem
1346 5445 1581 5499 duorum
1614 5445 1840 5499 deorum
1887 5445 2086 5514 templa
2138 5445 2276 5499 dici-

713 5557 858 5603 mur,
885 5540 1046 5595 Patre
1069 5555 1131 5593 ac
1164 5537 1302 5591 Filio
1333 5538 1388 5592 in
1418 5536 1578 5590 nobis
1607 5535 2004 5603 habitantibus,
2030 5551 2278 5608 quaenam

783 5716 828 5748 ³³
865 5713 1026 5768 Rom.
1066 5727 1181 5772 viti,
1218 5711 1297 5762 ll.
1372 5711 1416 5741 ¹¹⁵
1451 5709 1628 5762 Galat.
1662 5724 1725 5773 lV_
1763 5709 1789 5760 .‘i

2386 4544 2609 4614 Πνεῦμα
2639 4543 2698 4597 τὸ
2720 4546 2874 4614 ἀγιον
2897 4590 2911 4612 ,
2944 4548 3018 4612 ὡς
3053 4551 3216 4612 αὐτὸς
3249 4549 3306 4613 ἐξ
3335 4547 3510 4620 οὗπέρ
3541 4555 3712 4613 ἐστιν,
3744 4550 3794 4600 ἐν
3819 4548 3917 4613 ἡμῖν

2387 4639 2649 4687 κατοικεῖ.
2674 4636 2833 4688 Ἱδιον
2864 4638 2971 4707 γάρ
3003 4641 3115 4690 ἐστι
3145 4639 3244 4708 τῆς
3274 4640 3464 4702 οὐσίας
3493 4638 3680 4702 αὑτοῦ,
3707 4636 3791 4690 καὶ
3811 4633 3918 4686 ποιό-

2385 4739 2484 4792 της
2516 4722 2704 4794 ὥσπερ
2739 4725 2839 4794 τῆς
2865 4727 3149 4797 ἁγιότητος
3173 4728 3362 4782 αὑτοῦ.
3396 4730 3507 4781 Καὶ
3542 4728 3708 4782 ταῦτα
3735 4725 3819 4795 μὲν
3842 4721 3918 4790 ἤδη

2387 4813 2522 4884 πρὸς
2539 4815 2758 4879 τούτους
2782 4834 2796 4847 ⁸
2846 4817 2980 4888 πρὸς
3007 4818 3063 4870 δέ
3095 4835 3158 4886 γε
3203 4823 3331 4882 τοὺς
3375 4820 3708 4889 Ἀνομοίους,
3735 4815 3816 4868 καὶ
3843 4828 3917 4862 πο-

2387 4904 2569 4973 λεμεῖν
2599 4907 2905 4974 ἐγνωκότας
2932 4909 3008 4978 τῷ
3049 4907 3193 4978 Υἱῷ,
3229 4911 3278 4963 οἳ
3316 4911 3409 4961 καὶ
3436 4910 3701 4977 ἀδελφὴν,
3728 4906 3808 4958 καὶ
3830 4901 3918 4968 γεί-

2390 5011 2516 5046 τονα
2555 5000 2667 5058 τοῖς
2695 4999 3002 5068 εἰρημένοις
3042 5001 3172 5069 ἡμῖν
3215 5001 3422 5070 ἀρτίως
3472 5000 3689 5052 νοσοῦσι
3737 4993 3918 5065 μανίαν,

2392 5086 2503 5155 ἐρῶ
2532 5104 2584 5138 τι
2604 5087 2710 5139 τῶν
2731 5091 3061 5157 ἀναγκαίων.
3089 5109 3106 5140 ι
3132 5090 3257 5142 Ἐάν
3281 5107 3365 5153 τις
3383 5091 3577 5160 ἀγαπᾷ
3602 5106 3686 5160 με,
3704 5084 3916 5148 τὸνλόγον

2392 5192 2492 5244 μου
2520 5178 2769 5246 τηρήσει,
2804 5181 2894 5232 καὶ
2925 5183 2952 5233 6
2986 5182 3174 5252 Πατήρ
3210 5199 3313 5250 μου
3350 5183 3630 5250 ἀγαπήσει
3661 5177 3825 5236 αὑτὸν,
3850 5172 3921 5224 καὶ

2390 5264 2526 5332 πρὸς
2559 5266 2719 5318 αὑτὸν
2757 5269 3112 5340 ἐλευσόμεθα,
3147 5271 3239 5325 καὶ
3273 5272 3441 5341 μονὴν
3464 5271 3594 5341 παρ’
3621 5265 3757 5336 αὑτῷ
3793 5277 3918 5324 ποιη-

2392 5353 2616 5421 σόμεθα.
2634 5375 2650 5407 ι
2683 5359 2747 5410 Τί
2767 5356 2879 5427 οὖν,
2899 5356 2942 5414 ὦ
2970 5365 3229 5427 γενναῖοι,
3247 5363 3408 5432 φατὲ,
3441 5358 3782 5416 διαπυθέσθαι
3808 5350 3919 5408 τινὸς

2390 5442 2663 5509 ἐθέλοντος
2692 5451 2785 5502 καὶ
2816 5450 3003 5519 μαθεῖν
3049 5452 3329 5516 ἀξιοῦντος
3369 5455 3502 5523 παρ’
3532 5451 3701 5523 ὑμῶν.
3734 5439 3918 5510 πότερὼ

2391 5548 2518 5585 ποτε
2545 5529 2636 5588 δῦο
2665 5537 2818 5603 θεοὺς
2843 5540 3037 5612 ἕξομεν
3073 5544 3420 5606 ἐνοικοῦντας
3442 5586 3456 5611 ,
3498 5543 3588 5597 τὸν
3622 5537 3821 5606 Πατέρα
3847 5528 3919 5583 καὶ
