4096 6540
130 398 288 457 293

1228 400 1295 457 IN
1316 399 1601 457 JOANNIS
1630 399 2079 457 EVANGELIL‘M
2124 400 2248 456 LIB.
2292 399 2359 454 Χ,

3351 397 3458 455 294

127 493 263 549 τὸν
306 496 437 550 Υίόν
462 512 478 528 ο
534 495 730 567 ἢΘέὸς
765 492 845 558 εἷς
890 495 949 549 ὲν
989 497 1121 567 ήμῖν
1150 498 1349 550 νοεῖταί
1377 514 1438 551 τε
1484 499 1581 551 καὶ
1626 498 1774 552 ἐστιν

1885 497 2032 552 ratio
2062 499 2118 551 in
2147 497 2309 552 nobis
2336 497 2478 551 duos
2513 494 2638 552 illos
2669 492 2737 548 ad
2770 494 3034 549 unitatem
3056 493 3274 566 redigit,
3307 491 3455 550 eum

128 583 447 657 amnem;
495 588 559 641 Εί
592 587 691 657 μὲν
718 586 826 657 γὰρ
855 586 1041 658 ἕτερός
1067 589 1186 642 ἐστι
1220 588 1362 642 κατά
1394 588 1557 658 φύσιν
1589 590 1618 643 6
1649 589 1777 653 Υίὸς

1885 589 2031 659 iuxta
2054 596 2288 645 vestram
2314 588 2668 650 dementiam,
2696 585 2971 641 identitati
2999 584 3323 640 substantia:
3343 601 3454 640 non

132 675 470 736 παντελῶς
508 674 601 728 καὶ
645 677 704 728 ὲν
744 675 851 746 ἰδίᾳ
897 677 1004 728 τινὶ
1047 676 1210 745 φύσει
1263 676 1596 748 νοούμενος,
1658 677 1777 741 πῶς

131 764 283 819 οὐκ
320 767 534 836 ἀνάγκη
560 765 726 819 δυάδα
766 765 906 820 θεῶν
939 768 998 820 ὲν
1027 768 1159 837 ἡμῖν
1186 767 1441 834 γενέσθαι
1477 767 1775 832 πιστεύειν,

133 855 317 910 ὅταν
347 859 606 927 τηρῶ-μεν
640 857 740 921 τὰς
763 857 984 921 ἐντολάς
1016 875 1030 924 ;
1087 859 1149 911 Ei
1180 858 1237 912 δὲ
1288 860 1407 912 ναοὶ
1435 859 1775 931 χρηματίζο-

144 964 313 1016 μεν,
338 950 458 1012 ἐνὸς
474 949 718 1020 δηλονότι
744 948 839 1003 καὶ
859 949 921 1002 οὐ
943 948 1037 1002 δύο
1061 949 1220 1013 θεῶν,
1243 951 1370 1003 ὃταν
1390 952 1521 1021 ἡμῖν
1546 952 1573 1003 6
1590 950 1778 1021 Πατὴρ

141 1039 282 1093 καὶ
325 1041 507 1105 όΥίὸς
558 1040 973 1106 ὲναυλίζωνται,
1022 1043 1172 1105 ποῖος
1203 1044 1260 1096 έν
1304 1044 1439 1112 ήμῖν
1494 1041 1574 1095 ἔτι
1619 1041 1780 1111 λόγος

147 1133 474 1186 συστέλλει
509 1133 644 1203 πρὸς
684 1134 913 1205 ἑνότητα
960 1134 1088 1198 τοὺς
1127 1134 1249 1198 δύο,
1298 1133 1400 1205 τῆς
1429 1136 1549 1189 κατ’
1590 1134 1780 1200 οὐσίας

145 1223 523 1293 ταυτότητος
562 1223 664 1276 οὐκ
692 1222 922 1293 ἐχούσης
948 1222 1114 1276 τόπον
1133 1264 1147 1288 ,
1189 1222 1333 1276 κατά
1362 1239 1425 1291 γε
1454 1222 1553 1292 τὴν
1583 1222 1781 1292 ὑμετέ-

154 1330 292 1383 ραν
356 1312 823 1383 φρενοδλάδειανς
874 1315 943 1367 Ἢ
992 1314 1101 1385 γὰρ
1166 1314 1381 1386 ἀνάγκη
1429 1315 1651 1383 λέγειν,
1697 1315 1779 1368 ὅτι

147 1402 363 1473 ψευδῆ
396 1404 534 1475 πρὸς
559 1404 707 1473 ἡμᾶς
750 1402 1047 1473 λελάληκεν
1077 1407 1105 1459 6
1137 1406 1404 1476 Χριστὸς,
1451 1404 1781 1469 ἐνοικίζεται

150 1492 228 1547 δὲ
298 1497 465 1567 μόνον
497 1499 628 1568 ἡμῖν
662 1499 691 1551 6
722 1499 915 1569 Πατὴρ
958 1500 1045 1553 διὰ
1087 1499 1182 1554 τοῦ
1212 1502 1531 1573 Πνεύματος
1551 1517 1568 1533 ο
1612 1502 1780 1573 ήγουν

156 1587 397 1641 ἐνοικεῖ
424 1588 522 1658 μὲν
547 1588 742 1653 αὐτὸς,
794 1588 989 1644 ἄπεστι
1018 1591 1074 1643 δὲ
1100 1594 1129 1645 6
1158 1593 1372 1664 Πατήρ.
1425 1593 1586 1646 Ἀλλά
1623 1593 1781 1646 τοῦτο

160 1678 396 1733 ἄτοπον
418 1696 432 1710 ·
484 1676 566 1744 εἷς
595 1680 651 1733 δὲ
681 1680 814 1745 Θεὸς
842 1684 900 1735 ὲν
943 1685 1104 1754 ήμῖν,
1140 1685 1269 1737 ὅταν
1301 1685 1469 1755 ἄμφω
1501 1685 1776 1756 λάϐωμεν.

162 1769 307 1840 Οὐχ
336 1770 678 1843 ἑτεροούσιος
702 1772 811 1840 ἄρα
840 1773 979 1845 πρὸς
1013 1774 1104 1828 τὸν
1132 1775 1575 1848 έαυτοῦᾙατέρα
1603 1778 1783 1845 φανεῖ-

1880 679 1953 736 sit
1970 679 2155 735 locus?
2173 678 2270 733 Vel
2297 679 2442 733 enim
2460 693 2686 734 necesse
2705 685 2790 733 est
2810 676 2993 732 dicere
3012 677 3290 733 Christum
3316 676 3453 733 falsa

1880 770 2042 825 nobis
2078 785 2203 825 esse
2239 770 2513 833 locutum,
2538 779 2592 825 et
2622 769 2929 824 inhabitare
2958 776 3167 824 tantum
3212 769 3267 823 in
3297 767 3457 823 nobis

1880 861 2095 917 Patrem
2125 877 2222 933 per
2246 861 2512 928 Spiritum
2535 880 2551 926 ;
2575 862 2659 916 vel
2685 862 2993 917 inhabitare
3015 861 3232 932 quidem
3254 861 3456 931 ipsum,

1880 956 2076 1011 abesse
2093 969 2226 1009 vero
2242 953 2485 1009 Patrem.
2501 953 2570 1007 At
2595 953 2697 1007 hoc
2726 953 3023 1009 absurdum
3047 971 3060 1007 :
3084 967 3228 1007 unus
3259 951 3460 1022 quippe

1881 1046 2026 1102 Deus
2065 1053 2151 1102 est
2182 1046 2237 1100 in
2269 1044 2451 1110 nobis,
2497 1059 2621 1100 cum
2664 1044 2859 1100 ambos
2906 1044 3276 1112 suscepimus.
3338 1040 3460 1095 Non

1881 1152 2012 1207 ergo
2061 1138 2294 1193 diversa:
2339 1151 2371 1190 a
2430 1136 2594 1192 Patre
2652 1151 2755 1191 suo
2802 1135 3129 1192 substantia:
3179 1134 3462 1204 apparebit

1884 1224 2234 1297 Unigenitus.
2271 1226 2366 1281 sed
2399 1241 2464 1280 ex
2496 1225 2705 1295 seipse,
2732 1234 2786 1280 et
2831 1225 2885 1279 in
2923 1226 3062 1296 ipso,
3094 1225 3242 1279 sicut
3274 1223 3326 1278 in
3376 1224 3461 1275 Iu-

1882 1317 2029 1371 mine
2067 1315 2332 1388 splendor
2375 1317 2469 1387 qui
2509 1332 2574 1370 ex
2633 1330 2741 1371 eo:
2792 1314 2897 1370 hoc
2945 1318 3091 1371 enim
3142 1315 3327 1377 modo,
3352 1329 3463 1367 non

1882 1418 2066 1463 autem
2121 1408 2251 1471 alio,
2285 1408 2530 1479 mysterii
2563 1407 2648 1461 vis
2675 1414 2731 1462 et
2788 1407 2932 1460 ratio
2987 1422 3114 1462 vera
3162 1405 3346 1459 fuerit.
3400 1402 3465 1456 Et

1884 1500 2104 1570 quidem
2130 1500 2356 1555 divinus
2399 1498 2605 1555 Paulus
2644 1515 2755 1554 non
2792 1498 3026 1554 duorum
3058 1497 3285 1552 deorum
3331 1505 3465 1551 tem-

1883 1594 1972 1663 pla
2004 1607 2105 1648 nos
2139 1592 2453 1662 appellavit,
2496 1591 2592 1647 sed
2621 1592 2786 1646 unius
2817 1608 2831 1644 :
2868 1609 2885 1641 ι
2941 1589 3203 1656 Nescitis,
3266 1588 3466 1659 inquit,

1883 1685 2011 1755 quia
2033 1685 2297 1754 templum
2327 1683 2420 1739 Dei
2458 1684 2618 1747 estis,
2653 1693 2706 1738 et
2732 1682 2978 1754 Spiritus
3015 1682 3109 1737 Dei
3149 1682 3360 1736 habitat
3412 1682 3467 1733 in

1884 1776 2041 1831 vobis
2063 1775 2147 1828 "2
2175 1795 2193 1828 ι
2231 1774 2392 1831 Vides
2424 1785 2515 1842 ut,
2553 1776 2608 1831 in
2643 1775 2965 1831 substantia:
3008 1774 3347 1830 identitatem
3374 1772 3471 1826 Pa-

160 1876 280 1913 ται
325 1860 518 1915 λοιπὸν
560 1864 588 1916 6
635 1864 979 1934 Μονογενὴς,
1035 1866 1148 1919 ἀλλ’
1193 1865 1254 1931 ἐξ
1302 1867 1533 1932 ἑαυτοῦ,
1582 1870 1676 1922 καὶ
1725 1869 1784 1922 ὲν

1889 1872 1970 1917 tre
1998 1871 2053 1918 et
2100 1863 2238 1919 Filio
2265 1864 2503 1929 collatis,
2564 1865 2766 1935 templa
2806 1880 2909 1921 nos
2958 1864 3138 1920 factos
3187 1879 3310 1919 esse
3358 1864 3469 1926 ait,

162 1952 373 2023 αὐτῷ,
417 1953 669 2025 καθάπερ
710 1957 768 2009 ἐν
821 1956 898 2026 τῷ
946 1958 1087 2026 φωτὶ
1122 1957 1181 2011 τὸ
1225 1959 1570 2030 ἀπαύγασμα
1615 1961 1674 2014 τὸ
1720 1961 1779 2028 ἐξ

161 2043 387 2098 αὑτοῦ·
438 2045 525 2117 εἴη
555 2045 663 2118 γάρ
698 2046 764 2100 ἂν
793 2046 938 2101 οὕτω
977 2048 1069 2101 καὶ
1099 2050 1196 2120 οὐχ
1243 2051 1447 2121 ἑτέρως
1481 2053 1514 2122 ή
1552 2051 1647 2104 τοῦ
1682 2069 1781 2121 μυ-

165 2137 418 2207 στηρίου
447 2137 679 2208 δύναμις
702 2137 931 2209 ἀληθής.
975 2141 1085 2193 Καὶ
1106 2140 1239 2209 γοῦν
1267 2144 1295 2195 6
1320 2142 1609 2206 θεσπέσιος
1632 2142 1780 2196 Παῦ-

160 2225 275 2291 λος
298 2266 315 2290 ,
363 2229 488 2298 οὐχὶ
515 2229 607 2283 δύο
630 2229 766 2283 θεῶν
792 2233 825 2300 ή
836 2231 944 2300 μᾶς
970 2231 1223 2303 ὠνόμασε
1255 2234 1417 2297 ναοὺς
1434 2275 1449 2297 ,
1511 2234 1626 2287 ἀλλ’
1662 2233 1780 2297 ἐνὸς

1887 1971 1995 2011 non
2026 1957 2277 2022 deorum,
2317 1956 2412 2012 sed
2450 1956 2566 2010 Dei.
2592 1955 2704 2011 Cur
2738 1957 2891 2012 vanis
2926 1957 3091 2027 igitur
3134 1957 3472 2010 ratiunculis

1885 2046 2141 2102 veritatis
2188 2047 2298 2101 vim
2335 2047 2665 2112 concutitis,
2716 2055 2769 2102 et
2806 2047 3105 2117 impietatis
3151 2056 3347 2102 vestra:
3377 2062 3473 2101 ve-

1888 2154 2094 2194 nenum
2116 2139 2185 2194 iis
2216 2138 2510 2194 infunditis
2538 2139 2632 2209 qui
2657 2153 2847 2194 sacras
2878 2137 3205 2209 divinasque
3236 2136 3474 2193 Litteras

1889 2231 2361 2287 inconsideratius
2388 2232 2658 2303 attingere
2689 2230 2914 2286 solent?

162 2318 432 2388 δηλονότι
470 2324 563 2378 καὶ
617 2324 805 2380 αὐτοῦ.
837 2345 857 2378 ι
907 2328 1023 2381 υύκ
1051 2328 1227 2382 οίδατε
1247 2370 1261 2391 .
1290 2332 1484 2401 φησὶν,
1529 2332 1612 2384 ὅτι
1646 2330 1773 2394 ναὸς
1810 2328 1947 2383 Θεοῦ
1973 2331 2095 2383 ἐστε
2117 2370 2133 2395 ,
2168 2330 2263 2383 καὶ
2288 2329 2350 2383 τὸ
2374 2330 2600 2402 Πνεῦμα
2631 2330 2725 2384 τοῦ
2753 2329 2888 2384 Θεοῦ
2923 2330 3062 2384 οἰκεῖ
3128 2331 3185 2383 ἒν
3254 2330 3418 2400 ῠμϊν;
3451 2354 3471 2388 ι

180 2409 365 2484 Ὁρᾷς
394 2416 479 2468 ὅτι
497 2456 513 2480 ,
553 2418 980 2487 συνεισενεγκὼν
1012 2423 1092 2484 είς
1119 2422 1305 2485 οὐσίας
1339 2424 1647 2494 ταυτότητά
1681 2423 1774 2477 τὸν
1813 2422 2033 2493 Πατέρα
2055 2422 2148 2476 καὶ
2166 2423 2256 2475 τὸν
2276 2423 2425 2489 Υίὸν,
2444 2424 2605 2485 ναοὺς
2629 2424 2777 2493 ἡμᾶς
2839 2421 3215 2491 ἀποδεδεῖχθαί
3287 2436 3476 2492 φησιν,

165 2503 239 2555 οὐ
274 2503 421 2557 θεῶν
444 2506 669 2575 μᾶλλον.
694 2509 832 2562 ἀλλὰ
856 2509 1016 2564 Θεοῦ.
1078 2513 1144 2565 Τί
1216 2514 1398 2567 τοίνυν
1455 2514 1685 2577 είκαίοις
1746 2513 2164 2585 παρακρούεσθε
2198 2513 2478 2585 λογισμοῖς
2524 2514 2626 2583 τῆς
2672 2512 2927 2583 ἀληθείας
2964 2512 3061 2583 τὴν
3089 2513 3349 2581 δύναμιν,
3383 2503 3477 2562 καὶ

168 2593 288 2662 τῆς
309 2595 522 2650 ἑαυτῶν
552 2598 873 2664 δυσσεϐείας
899 2600 990 2656 τὸν
1024 2601 1100 2655 ίὸν
1123 2604 1474 2677 ὲπισπείρετε
1506 2607 1619 2668 τοῖς
1651 2603 1992 2675 ἀλογώτερον
2019 2604 2236 2659 είωθόσι
2266 2605 2627 2676 προσϐάλλειν
2649 2607 2765 2669 τοῖς
2816 2607 2981 2676 ἱεροῖς
3038 2622 3100 2658 τε
3161 2604 3256 2670 καὶ
3310 2602 3477 2658 θείοις

168 2684 220 2735 Γ
221 2685 527 2756 βάμμασιν
552 2706 568 2755 ;

270 2779 336 2832 ’0
369 2780 458 2849 μὴ
498 2782 748 2851 ἀγαπῶν
764 2802 862 2855 με,
896 2786 1040 2853 τοὺς
1067 2788 1292 2857 λόγους
1313 2807 1430 2859 μου
1458 2791 1530 2845 οὐ
1556 2788 1740 2859 τηρεῖ.

252 2958 669 3028 Προαποδείξας
733 2958 792 3017 εὖ
852 2963 996 3033 μάλα
1047 2965 1142 3019 καὶ
1185 2965 1562 3036 διορισάμενος
1606 2968 1782 3040 ὀρθῶς

166 3049 333 3115 τίνες
365 3051 433 3105 ἂν
462 3048 572 3105 εἷεν
597 3056 646 3107 οἱ
675 3055 998 3123 ἀγαπῶντες
1019 3058 1204 3121 αὐτὸν,
1238 3058 1502 3128 μεθέξωσι
1533 3059 1587 3112 δὲ
1612 3062 1783 3114 ποίων

169 3140 436 3210 ἀγαθῶν,
471 3144 713 3215 μέτεισιν
746 3146 908 3210 εὐθὺς
929 3148 1014 3218 ἐφ’
1037 3148 1257 3220 ἑτέρους
1285 3151 1411 3213 τοὺς
1436 3149 1589 3203 οῦπω
1607 3150 1782 3218 φιλεῖν

170 3233 505 3304 ἑλομένους.
540 3237 616 3290 Οὐ
647 3237 755 3309 γὰρ
785 3238 997 3292 ἔσονται
1031 3239 1291 3308 φύλακες,
1326 3242 1482 3309 φησὶ,
1520 3243 1781 3313 ῥημάτων

169 3325 298 3378 τῶν
326 3326 480 3396 ἐμῶν
503 3340 518 3355 °
557 3327 716 3382 τοῦτο
748 3330 856 3401 γάρ
884 3331 1000 3384 ἐστι
1028 3330 1109 3392 τὸ,
1141 3331 1216 3385 Οὐ
1244 3332 1476 3404 τηρήσει
1502 3332 1593 3386 τὸν
1624 3333 1782 3403 λόγον

177 3435 318 3488 μου,
376 3419 453 3484 ὡς
483 3419 605 3475 καθ’
643 3420 762 3486 ἑνὸς
809 3423 842 3493 ἦ
892 3423 1021 3495 περὶ
1077 3423 1195 3488 ἐνὸς
1240 3424 1553 3495 λεγόμενον.
1606 3426 1654 3478 εί
1689 3427 1785 3479 καὶ

175 3509 454 3565 πλατεῖαν
502 3531 619 3577 me;
649 3513 763 3585 ἔχει
799 3516 890 3569 καὶ
925 3515 1151 3588 γενικὴν
1182 3517 1284 3588 τὴν
1322 3517 1572 3589 δήλωσιν.
1631 3519 1786 3571 Ἀκο-

174 3602 397 3668 λούθως
423 3605 483 3658 δὲ
513 3607 716 3679 σφόδρα
762 3608 857 3662 καὶ
883 3608 1042 3662 τοῦτό
1069 3626 1256 3681 φησιν.
1308 3611 1369 3663 Ei
1420 3610 1530 3681 γὰρ
1573 3611 1672 3682 τῆς
1705 3613 1787 3675 είς

177 3693 353 3747 αὑτὸν
387 3696 611 3767 ἀγάπης
636 3698 911 3764 ἀπόδειξις
939 3699 1093 3753 ἔσται
1123 3701 1301 3771 σαφὴς
1329 3701 1390 3755 τὸ
1417 3701 1656 3773 τηρῆσαι
1688 3702 1787 3766 τὰς

180 3785 567 3858 ὲντολάς,ήτοι
592 3788 685 3847 τὸν
708 3793 837 3862 παρ’
866 3791 1030 3845 αὑτοῦ
1054 3790 1232 3859 λόγον,
1265 3793 1351 3862 εἴη
1375 3792 1546 3863 δήπου
1567 3794 1785 3858 πάντως

176 3876 247 3930 ὃν
281 3877 488 3948 ἀληθὲς
519 3880 614 3933 καὶ
638 3880 700 3934 τὸ
733 3882 997 3936 ἐναντίον.
1026 3885 1237 3955 Δεῖγμα
1267 3883 1376 3953 γὰρ
1408 3884 1559 3938 ἔσται
1585 3885 1680 3939 τοῦ
1709 3884 1786 3956 μὴ

180 3966 414 4021 ἑλέσθαι
467 3968 663 4037 φιλεῖν,
712 3971 774 4024 τὸ
823 3970 892 4024 δι’
924 3971 1137 4037 οὐδενὸς
1175 3972 1448 4027 ποιεῖσθαι
1494 3973 1654 4043 λόγου
1686 3974 1786 4045 τὴν

180 4060 436 4131 ἐντολὴν,
472 4060 846 4132 παρωθεῖσθαι
877 4062 1018 4117 δὲτὸ
1051 4063 1501 4135 κεκελευσμένον,
1535 4065 1786 4137 καθάπερ

178 4171 239 4205 τι
280 4152 394 4207 τῶν
435 4153 641 4207 ἀδικεῖν
682 4154 970 4212 εἰωθότων.
1014 4155 1153 4210 Ἀλλ’
1186 4154 1376 4227 ῶσπερ
1408 4160 1520 4219 τοῖς
1551 4156 1787 4227 νομοφύ-

179 4245 341 4310 λαξιν
372 4245 661 4299 ὲνοικίσειν
686 4246 879 4300 ἑαυτὸν
903 4247 1038 4319 ὁμοῦ
1066 4246 1145 4318 τῷ
1173 4247 1291 4318 Θεῷ
1318 4246 1414 4301 καὶ
1442 4249 1617 4318 ῐιατρὶ
1646 4264 1786 4301 κατ‹

180 4335 563 4406 επηγγέλλετο
588 4352 601 4366 ·
643 4336 785 4390 κατὰ
812 4335 905 4390 τὸν
940 4337 1126 4400 αὐτὸν,
1158 4333 1333 4408 οἶμαι,
1367 4338 1523 4407 λόγον
1564 4338 1674 4391 τῶν
1706 4339 1783 4410 μὴ

180 4426 453 4479 τοιούτων
478 4428 931 4497 ἀπαναστήσεται
962 4430 1055 4482 καὶ
1094 4431 1456 4501 ἀποφοιτήσει
1485 4430 1783 4493 παντελῶς.

198 4517 520 4589 ’Λληθεύσει
550 4521 659 4590 γάρ
688 4519 863 4588 λέγων
890 4522 918 4573 6
951 4520 1203 4592 Σολομὼν
1229 4521 1311 4574 ὅτι
1343 4522 1423 4584 είς
1456 4521 1786 4590 κακότεχνον

184 4610 372 4679 ψυχὴν
402 4610 565 4678 σοφία
592 4612 692 4663 οὐκ
724 4610 1113 4674 εἰσελεύσεται,
1146 4612 1265 4666 οὐδὲ
1297 4616 1543 4666 κατοικεῖ
1576 4615 1634 4665 ἐν
1680 4610 1785 4665 σώ-

188 4719 327 4771 ματι
356 4703 648 4772 κατάχρεῳ
683 4703 978 4774 ἁμαρτίας.
1008 4705 1118 4757 Καὶ
1144 4703 1254 4774 γάρ
1284 4722 1366 4757 τοι
1391 4705 1485 4758 καὶ
1516 4705 1601 4773 ἐφ’
1625 4704 1785 4775 ήμῶν
1817 4733 1860 4787 υ

184 4792 367 4856 οὕτως
416 4794 649 4864 ἔχουσαν
677 4796 931 4867 εὑρήσεις
965 4795 1059 4849 τοῦ
1095 4796 1419 4866 πράγματος
1463 4796 1566 4866 τὴν
1599 4795 1782 4865 φύσιν.

189 4886 263 4936 Ἦ
290 4884 404 4954 γάρ
433 4886 553 4954 οὐχὶ
580 4888 694 4949 τοῖς
723 4886 988 4958 ὁμόφροσι
1021 4887 1116 4939 καὶ
1142 4886 1469 4959 ὀμοτροπεῖν
1510 4888 1787 4958 ἑλομένοις

186 4975 251 5027 τὶ,
280 4975 690 5031 συνδιαιτᾶσθαι
723 4978 924 5048 μᾶλλον
954 4978 1121 5048 ήγουν
1152 4981 1265 5043 τοῖς
1291 4979 1497 5049 ἑτέροις
1526 4980 1689 5033 παντί
1706 4997 1788 5051 τῳ

185 5067 513 5137 τετίμηνται
738 5068 1110 5140 τετίμηται];
1182 5087 1201 5120 ι
1233 5070 1428 5123 Καίτοι
1483 5072 1590 5123 πᾶν
1648 5070 1786 5134 ζῶον

184 5159 384 5229 ἀγαπᾷ
408 5159 471 5211 τὸ
493 5160 676 5229 ὅμοιον
702 5159 873 5230 αὐτῷ,
903 5162 1044 5214 κατά
1070 5160 1130 5213 τὸ
1154 5162 1563 5231 γεγραμμένον,
1591 5164 1685 5215 καὶ
1701 5162 1781 5232 τῷ

183 5250 364 5319 ὁμοίῳ
396 5249 547 5320 αὐτῷ
578 5250 1116 5322 προσκολληθήσεται
1144 5252 1303 5322 ἀνήρ.
1337 5271 1356 5304 ι
1416 5253 1478 5305 Εί
1512 5252 1568 5305 δὲ
1601 5254 1695 5308 καὶ
1722 5257 1780 5307 ὲν

184 5345 323 5412 ἡμῖν
352 5343 540 5405 αὐτοῖς
571 5343 831 5413 όμοήθεσι
880 5347 1117 5397 συνεῖναι
1155 5343 1296 5397 κατὰ
1333 5344 1532 5398 ταυτὸν
1562 5346 1669 5399 τῶν
1698 5346 1779 5400 ὄτι

188 5432 433 5501 μάλιστα
463 5432 553 5486 διά
587 5432 823 5503 σπουδῆς
869 5429 1008 5487 εἶναι
1056 5434 1223 5498 δοκεῖ,
1278 5434 1396 5498 πῶς
1419 5435 1541 5506 οὐχὶ
1577 5436 1780 5506 μᾶλλον

183 5524 362 5587 οὕτως
415 5523 561 5594 ἔχειν
618 5526 709 5579 ἐπὶ
761 5524 895 5578 Θεοῦ
945 5524 1321 5595 λογιούμεθα;
1389 5527 1616 5596 Ἀγαθὺς
1672 5527 1782 5601 γὰρ

186 5614 457 5683 ὑπάρχων
504 5616 573 5685 τῇ
621 5614 814 5683 φύσει,
864 5616 956 5668 καὶ
1005 5616 1207 5687 ἀρετῆς
1262 5618 1479 5687 ἀπάσης
1512 5617 1782 5689 ἀρχὴκαὶ

186 5706 426 5773 γένεσις,
478 5705 601 5775 οὐχὶ
632 5708 730 5777 τῆς
784 5706 1118 5777 φαυλότητος
1162 5708 1443 5777 ἐρασταῖς,
1497 5707 1634 5761 ἀλλὰ
1675 5710 1776 5781 τῆς

261 5817 307 5847 ’⁵
336 5817 355 5872 l
380 5816 512 5874 Cor.
548 5834 631 5884 ιιι,
668 5819 751 5874 ίϋ.
830 5821 875 5851 ’⁸
902 5819 1032 5889 Sap.
1074 5836 1111 5887 l,
1149 5821 1200 5875 4.
1281 5820 1325 5853 ¹⁷
1354 5810 1527 5877 Eecli.
1560 5836 1674 5890 xm,
1718 5825 1805 5884 i9.

1960 2783 2099 2850 XIV,
2135 2784 2227 2838 24.
2258 2782 2363 2850 Qui
2393 2800 2498 2837 non
2528 2783 2707 2854 diligit
2747 2798 2850 2850 me,
2882 2798 3149 2837 sermones
3196 2799 3338 2838 meo:
3368 2800 3475 2839 non

1885 2883 2078 2929 servat.

1960 2968 2259 3037 Postquam
2290 2968 2539 3022 ostendit
2560 2981 2624 3021 ac
2658 2974 2807 3022 recte
2851 2964 3099 3021 deﬁnivit
3147 2967 3311 3038 833
3348 2969 3475 3039 qui-

1890 3076 2015 3113 nam
2052 3061 2165 3115 sint
2195 3060 2290 3129 qui
2323 3059 2562 3130 diligunt
2603 3073 2751 3124 eum,
2802 3066 2859 3112 et
2903 3058 3144 3128 qualium
3204 3060 3474 3114 bonorum

1889 3152 2001 3208 sint
2053 3154 2386 3222 participes,
2441 3151 2507 3204 ad
2559 3151 2701 3206 alios
2756 3150 2945 3205 statim
2994 3166 3053 3205 se
3118 3152 3336 3207 confert
3381 3152 3476 3222 qui

1891 3244 2139 3300 nondum
2172 3243 2400 3313 diligere
2432 3256 2557 3295 eum
2593 3241 2646 3293 in
2684 3240 2931 3295 animum
2967 3242 3332 3299 induxerunt.
3362 3241 3476 3299 Nec

1889 3332 2061 3392 enim,
2094 3331 2292 3400 inquit,
2330 3329 2493 3384 verba
2536 3343 2655 3382 mea
2696 3330 3051 3385 custodierit:
3084 3332 3189 3385 hoc
3224 3341 3330 3395 est,
3355 3331 3477 3388 Non

1886 3423 2126 3478 servabit
2157 3437 2475 3477 sermonem
2509 3438 2715 3488 meum,
2742 3422 2889 3492 quod
2944 3423 3103 3491 quasi
3151 3423 3219 3477 de
3250 3438 3359 3478 uno
3389 3425 3476 3478 di-

1886 3513 2184 3576 citur,|icet
2243 3512 2481 3581 amplam
2555 3510 2969 3580 quodammodo
3040 3520 3095 3566 et
3167 3513 3475 3581 generalem

1887 3604 2350 3675 signiﬁcationem
2399 3603 2621 3657 haheat.
2668 3601 2839 3657 Valde
2871 3612 3055 3657 autem
3103 3616 3478 3660 consentanea

1887 3695 2035 3751 istud
2082 3695 2247 3750 etiam
2287 3694 2427 3750 iniit.
2478 3693 2612 3747 Nam
2653 3695 2699 3750 si
2746 3694 3001 3749 mandata
3032 3694 3115 3749 vel
3165 3711 3476 3751 sermonem

1886 3786 2008 3853 ejus
2043 3799 2265 3839 servare
2311 3784 2631 3839 dilectionis
2665 3786 2718 3838 in
2763 3784 2941 3854 ipsum
2998 3784 3355 3841 manifestum
3392 3794 3479 3841 est

1886 3866 2270 3946 argumentum
2322 3884 2487 3945 atque
2537 3875 2845 3941 indicium,
2894 3877 2999 3931 erit
3034 3878 3223 3947 utique
3286 3895 3473 3935 verum

1884 3968 2249 4023 contrarium.
2303 3966 2618 4022 Mandatum
2668 3970 2815 4021 enim
2855 3982 2958 4037 pro
3007 3968 3181 4023 nihilo
3230 3970 3474 4037 habere,

1886 4066 1941 4114 et
1972 4060 2117 4129 quod
2142 4060 2361 4128 iussum
2392 4066 2478 4114 est
2515 4060 2663 4114 velut
2703 4059 2965 4116 infestum
2996 4060 3276 4131 quidpiam
3309 4077 3475 4118 aver-

1888 4152 2022 4215 sari,
2089 4151 2295 4206 indicio
2349 4158 2436 4205 est
2485 4152 2617 4205 nihil
2679 4166 2805 4206 esse
2871 4150 3206 4206 dilectionis.
3273 4150 3475 4208 Verum

1886 4242 2347 4310 quemadmodum
2392 4242 2447 4297 in
2503 4243 2682 4311 legum
2728 4241 3177 4296 observatoribus
3231 4242 3474 4312 seipsmn

1887 4349 1995 4388 una
2031 4349 2156 4389 eum
2209 4333 2321 4388 Deo
2359 4348 2424 4388 ac
2474 4331 2639 4389 Patre
2685 4333 3123 4388 inhabitaturum
3174 4335 3472 4404 promisit:

1885 4426 2107 4488 eodem,
2143 4426 2361 4495 opinor,
2398 4425 2560 4479 modo
2616 4425 2686 4479 ab
2732 4425 2801 4480 iis
2857 4424 2952 4495 qui
3007 4426 3144 4481 tales
3193 4442 3300 4481 non
3347 4436 3476 4483 sunt

1887 4532 2118 4588 prorsus
2146 4517 2387 4572 recedet.
2423 4515 2562 4572 Vere
2603 4517 2751 4571 enim
2785 4518 3006 4572 loeutus
3050 4528 3136 4573 est
3190 4517 3472 4583 Salomon,

1887 4622 2013 4661 cum
2043 4606 2206 4672 dixit,
2235 4608 2287 4661 in
2323 4607 2648 4662 malevolam
2691 4608 2931 4663 animam
2966 4625 3075 4663 non
3120 4610 3471 4664 introituram

1890 4698 2240 4768 sapientiam,
2278 4713 2377 4752 nec
2412 4697 2661 4754 habitare
2696 4702 2751 4754 in
2790 4716 3023 4771 corpore
3065 4702 3307 4757 obnoxio
3344 4718 3471 4771 pec-

1888 4791 2027 4845 eatis
2050 4791 2117 4843 ’⁸.
2150 4788 2368 4845 Etenim
2408 4791 2483 4844 ita
2516 4805 2577 4845 se
2612 4791 2688 4844 rei
2726 4801 2979 4845 naturam
3014 4791 3066 4845 in
3108 4793 3269 4847 nobis
3303 4791 3468 4845 etiam

1884 4880 2085 4938 habere
2105 4884 2433 4953 comperies.
2484 4882 2742 4952 Nunquid
2792 4884 2940 4938 enim
2971 4898 3094 4937 cum
3153 4882 3223 4937 iis
3258 4883 3467 4937 versari

1884 4978 2120 5048 quisque
2147 4979 2383 5032 maxime
2417 4978 2570 5048 cupit
2601 4993 2742 5048 quos
2770 4978 2964 5033 iisdem
3003 4989 3188 5029 secum
3222 4974 3470 5030 moribus

1886 5084 1950 5123 ac
1979 5069 2032 5123 in
2062 5070 2254 5125 eadem
2279 5070 2547 5125 sententia
2571 5085 2697 5126 esse
2726 5067 2978 5123 noverit?
3006 5066 3218 5137 Quippe
3259 5084 3278 5116 ι
3307 5080 3469 5121 omne

1888 5165 2087 5217 animal
2118 5164 2296 5234 diligit
2318 5162 2499 5219 simile
2526 5163 2652 5226 sibi,
2689 5170 2747 5216 ut
2770 5160 3037 5229 scriptum
3068 5167 3175 5222 est,
3210 5168 3264 5213 et
3286 5157 3467 5213 omnis

1889 5251 2054 5307 homo
2095 5256 2404 5324 proximum
2441 5253 2546 5309 sibi
2568 5254 2636 5306 ".
2694 5271 2713 5303 ι
2772 5250 2929 5318 Quod
2966 5251 3014 5306 si
3065 5262 3119 5305 et
3171 5249 3315 5320 apud
3362 5264 3466 5304 nos

1890 5349 2045 5418 ipsos
2076 5362 2305 5402 summa:
2329 5360 2479 5401 curae
2510 5360 2635 5402 esse
2667 5343 2883 5400 videtur
2916 5353 2976 5399 ut
3001 5359 3126 5399 cum
3150 5341 3466 5397 hominibus

1888 5439 2083 5494 iisdem
2116 5438 2362 5494 moribus
2396 5437 2643 5510 prmditis
2675 5452 2959 5494 versemur
2980 5477 2996 5501 ,
3047 5436 3323 5506 quomodo
3354 5448 3464 5487 non

1891 5531 2066 5603 magis
2101 5532 2180 5585 ita
2226 5547 2342 5588 rem
2375 5533 2429 5587 in
2463 5532 2573 5589 Deo
2616 5548 2736 5588 esse
2788 5526 3307 5601 putabimus?Nam
3338 5541 3463 5580 cum

1890 5625 1962 5680 sit
2003 5629 2200 5678 natura
2229 5625 2431 5691 bonus,
2465 5635 2521 5681 et
2546 5624 2727 5680 omnis
2760 5623 2982 5680 virtutis
3006 5629 3172 5691 caput
3204 5627 3259 5674 et
3286 5616 3461 5687 origo,

1884 5730 2234 5787 nequaquam
2266 5717 2321 5773 in
2353 5718 2696 5775 amatoribus
2738 5714 3019 5787 nequitiae,
3052 5710 3146 5769 sed
3198 5711 3253 5765 in
3287 5708 3461 5762 facto-
