4096 6500
646 376 750 431 295

1659 375 1717 431 S.
1755 375 2026 432 CY‘Ri-LLI
2064 376 2527 436 ALEXANDRINI
2566 378 2883 435 ARCHIEP.

3809 375 3927 432 296

649 487 803 542 ribus
860 485 1070 541 virtutis
1128 484 1418 551 inhabitat,
1473 493 1527 541 et
1577 486 1825 557 impuros
1891 486 2202 557 cumprimis

2316 491 2517 562 ἀρετῆς
2570 492 2829 561 ἐργάταις
2876 492 3242 559 ἐναυλίζεται,
3284 494 3635 563 παραιτεῖται
3688 489 3757 543 δὲ
3810 491 3924 559 τὴν

649 586 948 633 aversatur.
994 576 1461 643 Quemadmodum
1513 591 1644 648 ergo
1686 592 1786 631 nos
1823 578 1925 646 ipsi
1984 578 2107 649 luto
2154 591 2217 631 ac

650 670 903 725 sordibus
951 676 1166 724 nostras
1200 684 1433 739 purgare
1461 666 1656 723 domos
1690 682 1975 731 curamus,
2027 682 2127 721 nec
2161 669 2213 720 in

650 761 716 815 iis
748 762 793 815 si
821 760 953 831 quid
990 760 1064 815 sit
1098 759 1408 814 istiusmodi
1440 758 1689 813 habitare
1720 759 2009 822 volumus,
2073 774 2216 812 nun-

646 853 777 924 quid
820 853 988 907 multo
1023 852 1192 922 magis
1235 867 1406 921 purus
1436 852 1527 906 ille
1562 858 1619 906 et
1649 849 2038 905 sanctissimus
2069 848 2215 904 Deus

647 954 833 999 noster
862 945 1127 1013 impuram
1153 943 1390 996 animam
1417 941 1764 996 aversabitur
1799 948 1853 995 et
1883 955 1980 995 cor
2003 940 2215 1010 peccati

647 1036 761 1089 luto
792 1036 1135 1104 inquinatum
1186 1032 1577 1089 aversabitur?
1636 1031 1822 1087 Talem
1858 1032 2060 1102 quippe
2098 1032 2218 1088 fore

643 1139 768 1178 eum
800 1126 890 1193 qui
922 1124 1234 1178 mandatum
1257 1138 1365 1178 non
1397 1124 1695 1178 servaverit
1732 1124 2025 1193 (impurus
2066 1122 2213 1177 enim

642 1223 727 1269 est
757 1229 821 1269 ac
858 1215 955 1267 luti
988 1228 1181 1270 amans
1207 1216 1250 1284 ),
1292 1214 1411 1286 ipsa
1446 1221 1500 1270 te
1542 1214 1647 1269 loci
1677 1213 1843 1283 hujus
1873 1213 1956 1268 vis
1988 1220 2041 1268 et
2075 1213 2215 1266 ratio

641 1306 883 1361 docebit.
916 1307 978 1361 In
1009 1305 1325 1360 divinorum
1359 1307 1563 1361 etenim
1606 1307 1988 1360 mandatorum
2026 1302 2211 1373 negle-

640 1406 729 1452 ctu
761 1399 939 1454 omnis
976 1400 1185 1468 peccati
1239 1396 1362 1453 l‘ons
1405 1406 1461 1452 et
1492 1399 1647 1469 origo
1692 1397 1959 1453 cernitur.
2008 1394 2214 1461 Quem-

640 1490 932 1545 admodum
972 1491 1115 1545 enim
1166 1490 1312 1545 lucis
1360 1489 1593 1560 privatio
1627 1488 1793 1545 infert
1847 1488 2208 1552 contrarium,

638 1580 693 1634 id
734 1590 819 1636 est
844 1581 1120 1646 tenebras,
1146 1582 1226 1636 sic
1258 1581 1403 1634 nolle
1432 1580 1690 1634 virtutem
1743 1593 2023 1641 exercere,
2057 1577 2213 1646 prin-

638 1674 840 1743 cipium
880 1683 934 1728 et
958 1674 1110 1745 origo
1141 1684 1224 1728 est
1256 1672 1534 1742 nequitias.
1578 1669 1868 1739 Nunquam
1912 1667 2059 1723 enim
2090 1681 2213 1737 quae

637 1763 1042 1818 contrariorum
1073 1772 1155 1819 est
1190 1763 1353 1829 ratio,
1400 1763 1456 1816 in
1489 1777 1597 1817 uno
1621 1760 1927 1829 eodemque
1960 1758 2208 1829 subjecto

635 1854 801 1927 834
833 1858 1151 1925 contingent
1189 1870 1251 1909 ea
1287 1870 1406 1924 quae
1438 1856 1578 1908 inter
1609 1871 1669 1908 se
1698 1853 1958 1922 qualitate
1993 1850 2204 1906 discre—

636 1952 790 2014 pant.
820 1942 1020 1997 Vitium
1058 1952 1112 2000 et
1143 1945 1337 2010 virtus,
1371 1945 1668 1999 contrariis
1710 1944 1854 1998 inter
1884 1958 1943 1999 se
1969 1944 2206 2013 qualita-

635 2037 804 2100 tibus,
837 2044 932 2089 aut
969 2037 1076 2089 alio
1105 2035 1304 2106 quovis
1330 2036 1745 2090 contrarietatis
1777 2034 1938 2088 modo
1966 2035 2206 2088 maxime

632 2128 872 2184 distant:
904 2143 1064 2183 neruo
1091 2137 1273 2183 tamen
1303 2142 1366 2181 ea
1399 2127 1564 2183 simul
1600 2140 1665 2180 ac
1694 2125 1861 2180 semel
1888 2125 2069 2178 inesse
2108 2123 2203 2176 ulli

636 2219 844 2273 homini
895 2219 1207 2288 putaverit,
1258 2224 1353 2270 aut
1395 2216 1588 2272 eodem
1644 2223 1767 2269 actu
1816 2210 2052 2281 impleri.
2100 2212 2206 2263 Aut

633 2310 780 2362 enim
808 2310 983 2363 malus
1013 2317 1096 2362 est
1125 2306 1349 2376 aliquis,
1388 2313 1487 2359 aut
1512 2304 1716 2366 bonus,
1756 2304 1882 2356 licet
1910 2317 2021 2355 non
2050 2314 2207 2354 sutu-

635 2413 778 2453 mam
821 2399 1005 2452 forsan
1050 2397 1351 2467 nequitiam
1407 2402 1502 2450 aut
1562 2395 1859 2449 bonitatem
1893 2399 2204 2447 assecutus.

630 2486 757 2541 Uno
812 2489 976 2557 igitur
1028 2488 1084 2541 in
1116 2486 1273 2541 nobis
1317 2485 1673 2555 pmvalente,
1733 2483 1967 2537 alterum
2012 2479 2205 2549 utique

630 2578 869 2642 deﬁciet,
900 2576 954 2631 id
982 2586 1067 2633 est
1092 2578 1458 2631 cmitmrium.
1480 2574 1637 2640 Quod
1667 2573 1713 2629 si
1737 2573 1793 2627 in
1819 2569 2206 2626 observatione

631 2671 1013 2724 mandatorum
1057 2670 1267 2740 species
1315 2669 1535 2722 virtutis
1578 2675 1687 2727 est.
1743 2662 1991 2734 nunquid
2026 2660 2203 2716 mani-

628 2760 992 2818 festissimum
1032 2772 1117 2817 est
1146 2762 1200 2815 in
1229 2776 1419 2815 eorum
1448 2759 1695 2828 neglectu
1721 2757 2050 2825 principium
2077 2766 2203 2808 esse

631 2853 932 2922 nequitia?
967 2851 1122 2907 Sicut
1156 2862 1335 2906 autem
1368 2851 1664 2921 repositum
1710 2858 1794 2905 est
1837 2848 1888 2902 ei
1921 2847 2014 2916 qui
2048 2860 2205 2900 man-

633 2945 759 2999 data
790 2946 1092 2999 servaverit
1125 2945 1181 2997 in
1208 2945 1391 3013 seipso
1423 2943 1625 2996 habere
1654 2939 1871 2993 Patrem
1902 2944 1958 2992 et
1982 2936 2203 3003 Filium,

635 3037 781 3106 quod
821 3036 1002 3090 omnis
1043 3034 1327 3089 felicitatis
1355 3042 1411 3089 et
1445 3032 1632 3103 gloria:
1662 3030 1874 3085 initium
1919 3037 2004 3084 est
2036 3037 2205 3098 atque

630 3127 1050 3183 fundamentum
1080 3140 1096 3179 :
1123 3127 1198 3180 ita
1226 3135 1279 3181 et
1306 3125 1354 3180 ci
1388 3125 1481 3194 qui
1525 3140 1633 3178 non
1656 3121 1978 3185 servaverit,
2007 3119 2204 3175 divinae
2232 3165 2274 3221 Ο

632 3228 687 3275 et
727 3217 1020 3272 ineﬂabilis
1065 3223 1281 3270 natura:
1326 3214 1750 3285 participatione
1788 3224 1994 3274 carere,
2052 3208 2198 3279 quod

631 3318 717 3364 est
751 3306 932 3362 omnis
963 3307 1189 3359 omnino
1228 3304 1353 3359 boni
1390 3303 1648 3358 fruitione
1673 3301 1897 3372 privari.
1931 3301 2200 3367 Quocirca

633 3400 681 3457 si
756 3400 843 3455 oui
902 3399 1221 3470 praeclarum
1274 3404 1328 3451 et
1375 3394 1675 3464 optandum
1728 3393 1943 3448 videtur
1994 3400 2204 3447 natura:

634 3491 833 3546 divinae
865 3490 980 3545 fieri
1006 3488 1325 3559 participem
1345 3486 1417 3554 ",
1452 3486 1582 3541 etin
1618 3484 1802 3541 cordis
1830 3486 2200 3555 penetralibus

631 3592 942 3638 versantem
980 3588 1034 3636 et
1072 3580 1469 3634 inhabitantem
1509 3578 1711 3634 habere
1751 3578 1993 3633 universi
2031 3577 2200 3631 Deum

632 3689 697 3728 ac
717 3673 940 3727 Patrem
998 3687 1095 3742 per
1142 3670 1341 3725 Filium
1401 3670 1457 3723 in
1515 3667 1745 3739 Spiritu,
1800 3676 1995 3740 purget
2042 3682 2198 3722 suam

631 3769 891 3830 animam,
920 3773 973 3820 et
1002 3763 1370 3833 improbitatis
1402 3762 1595 3817 sordes
1624 3762 1825 3832 quibus
1860 3761 2034 3830 possit
2079 3774 2203 3814 mo-

630 3857 739 3919 dis,
772 3856 884 3911 imo
925 3869 1053 3909 vero
1099 3869 1193 3923 per
1241 3868 1401 3908 omne
1445 3853 1649 3907 bonum
1698 3868 1842 3922 opus
1900 3853 2196 3921 ahstergat.

624 3947 787 4002 Tunc
809 3948 952 4001 enim
976 3961 1164 4000 revera
1192 3944 1290 4000 Dei
1319 3946 1579 4015 templum
1606 3945 1914 4008 vocabitur,
1944 3954 1998 3999 et
2019 3944 2199 3998 diver-

632 4039 844 4093 sabitur
873 4037 927 4091 in
957 4052 1021 4091 eo
1048 4045 1209 4105 atque
1239 4036 1593 4101 inhabitabit,
1621 4044 1681 4091 ut
1711 4036 1980 4105 scriptum
2010 4042 2096 4089 est
2126 4034 2194 4089 ".

630 4125 742 4181 Nec
770 4127 914 4181 enim
966 4125 1165 4180 similis
1198 4126 1302 4178 erit
1340 4126 1411 4189 ei,
1463 4125 1621 4193 cujus
1672 4125 1732 4179 in
1785 4123 2092 4194 Evangeliis
2136 4122 2196 4177 ﬁt

632 4219 856 4280 mentio,
890 4217 1023 4287 legis
1067 4215 1299 4283 doctori,
1331 4217 1424 4289 qui
1476 4231 1585 4271 non
1638 4224 1948 4287 exspectata
1990 4215 2193 4270 Serva-

624 4309 768 4362 toris
789 4308 964 4377 gratia
988 4315 1136 4360 motu
1159 4322 1261 4362 suo
1287 4307 1353 4359 ad
1379 4322 1503 4360 eum
1533 4306 1873 4377 sequendum
1908 4306 2193 4360 incitatum

629 4412 689 4452 se
727 4397 926 4460 aiebat,
956 4411 1191 4465 eumque
1232 4396 1337 4451 sibi
1383 4397 1644 4450 honorem
1673 4396 1947 4460 arripiens
1979 4415 1993 4450 :
2026 4416 2046 4448 ί
2083 4395 2195 4450 Ma-

2322 581 2436 654 [γρ.
2465 582 2548 654 τὸ]
2597 584 2934 655 ἀκάθαρτον,
2979 583 3072 637 καὶ
3109 583 3226 637 λίαν
3253 584 3448 655 ὀρθῶς.
3494 582 3781 651 Καθάπερ
3817 574 3922 633 οὖν

2320 674 2510 744 ἀμέλει
2531 676 2626 728 καὶ
2646 677 2806 745 ἡμεῖς
2835 675 2987 728 αὐτοὶ
3018 674 3276 745 βορϐόρου
3306 673 3401 727 καὶ
3424 672 3691 735 δυσωδίας
3720 668 3921 740 ἀπηλ-

2318 765 2511 836 λάχθαι
2548 767 2647 831 τάς
2673 768 2879 821 ἑαυτῶν
2908 765 3168 839 οίκ[ε]ίας
3197 762 3589 834 σπουδάζομεν,
3640 761 3819 830 εἰπερ
3859 777 3917 813 τι

2265 878 2271 884 ·
2316 857 2426 911 τῶν
2469 857 2723 912 τοιούτων
2767 858 2903 923 ὅλως
2947 858 3082 929 ἔχοι,
3130 857 3192 911 τὸ
3243 860 3301 911 ἐν
3338 856 3530 919 αὐταῖς
3576 850 3917 920 αὐλίζεσθαι

2318 946 2780 1016 παραιτούμενοι·
2828 942 2917 1015 ἆρ’
2948 942 3042 1000 οὖν
3091 945 3154 1000 ού
3192 943 3455 1017 μειζόνως
3484 945 3513 999 ὁ
3557 940 3812 1015 καθαρός
3848 955 3914 992 τε

2318 1035 2413 1089 καὶ
2459 1036 2722 1105 πανάγιος
2748 1038 2906 1108 ἡμῶν
2949 1035 3081 1100 Θεὸς
3124 1036 3224 1106 τὴν
3256 1036 3681 1107 μεμολυσμένην
3712 1032 3916 1103 ψυχὴν

2317 1129 2715 1199 παραιτήσεται
2753 1128 2848 1181 καὶ
2872 1127 3352 1198 καταμυσάττεται
3398 1125 3628 1194 καρδίαν
3680 1123 3767 1191 τῷ
3803 1121 3915 1191 τῆς

2316 1218 2590 1289 ἁμαρτίας
2620 1218 2865 1290 βορϐόρῳ
2892 1216 3369 1289 κατηφανισμένην
3397 1234 3412 1283 ;
3456 1214 3596 1269 Ἀλλ’
3625 1213 3785 1269 ἔστιν
3806 1214 3914 1266 οὐκ

2314 1309 2632 1378 ἀμφίϐολον.
2663 1310 2785 1364 Ὅτι
2813 1310 2920 1381 γὰρ
2940 1312 2998 1364 ἐν
3026 1308 3234 1373 τούτοις
3258 1308 3411 1362 ἔσται
3437 1307 3533 1360 καὶ
3558 1307 3661 1377 οὐχ
3684 1304 3915 1375 ἑτέροις

2313 1400 2342 1453 ὀ
2378 1402 2452 1471 μὴ
2480 1402 2724 1473 τηρήσας
2752 1400 2850 1471 τὴν
2877 1400 3091 1471 ἐντολὴν
3119 1400 3445 1474 (ἀκάθαρτος
3476 1398 3587 1469 γὰρ
3617 1397 3716 1452 καὶ
3746 1395 3911 1469 φιλο-

2314 1492 2614 1564 ϐὁρϐορος),
2656 1494 2791 1564 αύτή
2827 1510 2885 1546 σε
2911 1493 3073 1547 πάλιν
3101 1495 3135 1563 ἡ
3165 1492 3258 1546 τοῦ
3290 1491 3651 1563 θεωρήματος
3690 1486 3909 1552 διδάξει

2310 1582 2558 1653 δύναμις.
2601 1583 2686 1635 Ἐν
2710 1583 2820 1654 γὰρ
2847 1582 2922 1653 τῷ
2949 1582 3025 1653 μὴ
3054 1582 3291 1652 τηρῆσαι
3332 1578 3432 1642 τὰς
3472 1578 3630 1642 θείας
3672 1575 3907 1637 ἐντολὰς

2311 1675 2345 1744 ἡ
2374 1673 2471 1743 τῆς
2496 1673 2770 1745 ἁμαρτίας
2798 1672 3108 1744 εὑρίσκεται
3128 1672 3364 1739 γένεσις.
3394 1669 3607 1739 Ὀνπερ
3638 1665 3754 1737 γὰρ
3772 1666 3905 1736 τρό-

2312 1781 2414 1819 πον
2441 1768 2473 1835 ἡ
2504 1764 2600 1817 τοῦ
2648 1763 2823 1835 φωτὸς
2866 1763 3120 1837 στέρησις
3162 1760 3487 1833 παρεισάγει
3531 1760 3594 1813 τδ
3622 1758 3899 1819 ἐναντίον,

2312 1856 2453 1925 φημὶ
2497 1855 2553 1908 δὲ
2592 1854 2683 1908 τὸν
2715 1855 2926 1908 σκότον’
2979 1852 3123 1907 οὕτω
3164 1853 3227 1905 τὸ
3259 1853 3334 1923 μὴ
3364 1852 3497 1921 δρᾷν
3541 1848 3756 1901 ἐθέλειν
3800 1846 3904 1915 τὴν

2311 1946 2538 2017 ἀρετὴν,
2597 1945 2694 2016 τὴν
2743 1946 2843 2015 τῆς
2892 1944 3223 2014 φαυλότητος
3272 1941 3601 2012 παρεισάγει
3650 1938 3898 2000 γένεσιν.

2311 2034 2448 2088 Καθ’
2478 2036 2534 2087 ἐν
2570 2035 2680 2107 γάρ
2734 2053 2788 2088 τι
2833 2034 2892 2088 τὸ
2942 2033 3261 2087 ὑποκεῖσθαι
3293 2031 3607 2102 νοούμενον,
3661 2029 3769 2083 ούκ
3810 2027 3899 2092 ἂν,

2310 2122 2484 2196 οἶμαι,
2535 2126 2675 2181 κατὰ
2704 2127 2901 2180 ταυτὸν
2933 2124 3173 2197 συμϐαίη
3222 2124 3354 2178 ποτέ
3385 2124 3455 2178 τά
3501 2122 3606 2192 τῆς
3648 2120 3901 2191 ἀλλήλων

2309 2215 2640 2287 διωρισμένα
2673 2218 2977 2288 ποιότητος,
3034 2218 3177 2272 κατά
3201 2234 3267 2287 γε
3292 2215 3389 2271 τὸν
3415 2215 3579 2284 λόγον
3603 2213 3703 2267 τοῦ
3741 2216 3903 2265 ἐναν-

2290 2302 2440 2370 ’τίως
2467 2306 2631 2377 ἔχειν.
2666 2309 2852 2362 Κακία
2896 2310 2989 2363 καὶ
3036 2309 3206 2381 ἀρετὴ
3234 2304 3517 2378 διώρισταί
3545 2321 3606 2359 τε
3631 2303 3734 2357 καὶ
3756 2304 3900 2356 πολῦ

2308 2397 2557 2469 διέστηκε
2605 2399 2739 2468 πρὸς
2769 2399 2829 2453 τὸ
2858 2399 3117 2463 ἐναντίον,
3164 2399 3266 2469 τῆς
3292 2397 3544 2467 ἀλλήλων
3581 2396 3899 2464 ποιότητος.

2309 2487 2343 2559 ἢ
2370 2488 2518 2551 ὅπως
2547 2488 2613 2542 ἀν
2642 2506 2725 2553 τις
2758 2488 2930 2542 εἰπὼν
2957 2489 3058 2543 οὐκ
3085 2489 3151 2543 ἃν
3181 2488 3418 2561 ἁμάρτοι
3437 2486 3621 2557 τυχὸν,
3650 2484 3772 2539 ἀλλ’
3792 2485 3900 2536 οὐκ

2308 2580 2375 2634 ἄν
2408 2596 2518 2633 τινι
2548 2580 2659 2633 τῶν
2686 2580 2855 2635 ὄντων
2884 2580 3007 2634 καθ’
3036 2583 3185 2652 ἡμᾶς
3212 2580 3485 2652 προσόντα
3512 2578 3717 2649 φανείη
3752 2574 3898 2631 κατὰ

2308 2670 2505 2723 ταυτὸν
2544 2670 2834 2742 ἀμφότερα
2863 2672 2959 2725 καὶ
2990 2672 3056 2725 δι’
3081 2671 3360 2744 ἐνεργείας
3390 2668 3772 2741 πληρούμενα.
3825 2666 3897 2719 Ἤ

2309 2762 2419 2833 γὰρ
2467 2761 2704 2833 πονηρός
2752 2763 2835 2826 τίς
2883 2764 3054 2827 ἐστιν,
3092 2762 3127 2834 ἢ
3176 2762 3405 2831 ἀγαθὸς,
3450 2764 3500 2814 εί
3528 2761 3628 2814 καὶ
3664 2758 3774 2812 οὐκ
3812 2759 3897 2820 είς

2310 2852 2478 2924 ἀκρον
2505 2852 2768 2924 πονηρίας
2794 2855 2976 2924 τυχὸν,
3008 2855 3127 2925 ἦτοι
3172 2853 3270 2922 τῆς
3299 2852 3658 2922 ἀγαθότητος.
3684 2847 3896 2903 Οὐκοῦν

2313 2946 2589 3017 ἰσχύοντος
2639 2946 2696 2999 ἐν
2743 2948 2878 3017 ἡμῖν
2921 2946 3014 2999 τοῦ
3065 2945 3213 3009 ἐνὸς,
3260 2945 3514 3015 ἀτονήσει
3558 2943 3783 3005 πάντως
3835 2942 3895 2992 τὸ

2310 3035 2517 3104 ἕτερον,
2567 3034 2713 3090 τοῦτ’
2760 3035 2876 3089 ἔστι
2919 3034 2981 3089 τὸ
3022 3035 3278 3098 ἐναντίως
3324 3033 3469 3104 ἔχον.
3521 3034 3585 3086 Ei
3632 3032 3693 3086 δὲ
3722 3033 3784 3084 ἐν
3815 3028 3894 3099 τῷ

2312 3127 2545 3197 τηρῆσαι
2570 3125 2670 3192 τὰς
2697 3126 2916 3190 ἐντολὰς
2941 3125 3003 3179 τὸ
3043 3126 3147 3196 τῆς
3191 3123 3394 3195 ἀρετῆς
3427 3119 3567 3186 εἶδός
3602 3123 3745 3185 ἐστι,
3776 3120 3896 3181 πῶς

2305 3217 2425 3287 οὐχὶ
2449 3217 2846 3289 προδηλότατον
2884 3218 2961 3281 ὡς
2987 3219 3050 3271 ἐν
3076 3215 3155 3286 τῷ
3176 3215 3257 3287 μὴ
3280 3214 3525 3286 τηρῆσαι
3554 3214 3662 3283 τῆς
3691 3212 3893 3273 κακίας

2304 3308 2337 3377 ἡ
2376 3308 2625 3375 γένεσιςς
2683 3308 2995 3363 ’Δπόκειται
3024 3307 3085 3360 δὲ
3126 3306 3316 3376 ὥσπερ
3345 3306 3425 3376 τῷ
3454 3306 3789 3376 τετηρηκότι
3836 3305 3892 3357 τὸ

2303 3398 2447 3467 ἔχειν
2475 3401 2533 3452 ἐν
2552 3399 2737 3469 ἐαυτῷ
2761 3399 2852 3453 τὸν
2886 3399 3105 3470 Πατέρα
3134 3399 3227 3452 καὶ
3254 3398 3345 3453 τὸν
3378 3396 3529 3460 Υίὸν,
3572 3397 3717 3467 ὅπερ
3747 3397 3892 3449 ἐστὶν

2302 3490 2522 3561 ἁπάσης
2547 3490 2815 3561 Θυμηδίας
2843 3507 2902 3544 τε
2933 3490 3027 3544 καὶ
3064 3489 3225 3560 δόξης
3252 3488 3401 3561 ἀρχὴ
3442 3489 3543 3541 καὶ
3588 3489 3852 3551 ὑτιόθεςις
3874 3503 3888 3518 ι

2300 3579 2442 3633 οὕτω
2472 3581 2566 3633 καὶ
2586 3580 2651 3633 τὸ
2670 3579 2792 3652 [φρ.
2822 3580 2923 3652 τῷ]
2964 3579 3043 3651 μὴ
3071 3581 3374 3651 τηρήσαντι
3398 3579 3461 3633 τὸ
3490 3579 3695 3649 ἥκιστα
3727 3596 3891 3648 μετα-

2303 3671 2451 3739 σχεῖν
2486 3670 2587 3739 τῆς
2620 3668 2771 3733 θείας
2807 3687 2869 3722 τε
2899 3672 2991 3723 καὶ
3010 3671 3253 3741 ἀρρήτου
3280 3670 3523 3739 φύσεως,
3567 3671 3715 3740 ὅπερ
3743 3671 3890 3722 ἐστὶν

2299 3759 2512 3823 οὐδενὸς
2541 3760 2602 3813 τὸ
2644 3759 2868 3830 σύμπαν
2894 3760 3194 3825 ἀπόλαυσις
3226 3760 3459 3830 ἀγαθοῦ.
3492 3761 3711 3816 Οὐκοῦν
3736 3761 3791 3813 εί
3812 3777 3888 3829 τῳ

2301 3850 2463 3909 καλὸν
2491 3850 2585 3904 καὶ
2606 3850 2926 3921 ἀξιέραστον
2950 3846 3088 3905 εἶναι
3116 3851 3346 3905 δοκεῖτὸ
3360 3852 3466 3921 τῆς
3492 3851 3654 3915 θείας
3670 3852 3889 3921 φύσεως

2303 3940 2657 4011 μεταλαχείν,
2711 3938 3124 4009 ἐνδιαιτώμενόν
3170 3957 3233 3994 τε
3284 3941 3379 3994 καὶ
3413 3940 3738 3996 ἐνοικοῦντα
3779 3944 3886 4003 τοῖς

2298 4033 2397 4103 τῆς
2428 4031 2653 4101 καρδίας
2679 4032 2928 4101 ταμείοις
2951 4032 3044 4085 τὸν
3067 4031 3177 4085 τῶν
3207 4032 3344 4087 ὅλων
3372 4032 3522 4104 ἔχειν
3552 4033 3776 4104 Πατέρα
3798 4033 3883 4086 καὶ

2297 4122 2429 4175 Θεὸν
2452 4108 2539 4174 ’δι’
2586 4120 2713 4173 Υἱοῧ
2748 4122 2808 4174 ἐν
2853 4120 3153 4193 Πνεύματι,
3206 4122 3494 4188 διανιςότω
3534 4123 3639 4194 τὴν
3689 4122 3880 4178 ἑαυτοῦ

2296 4212 2493 4284 ψυχὴν,
2524 4214 2617 4266 καὶ
2650 4212 2752 4284 τὴν
2772 4213 2837 4266 ἐκ
2867 4214 2966 4283 τῆς
2994 4213 3348 4285 φαυλότητος,
3376 4213 3445 4268 δι’
3467 4209 3547 4269 ὧν
3572 4215 3645 4269 ἂν
3662 4216 3881 4270 δύναιτο

2296 4305 2532 4376 τρόπων,
2582 4304 2779 4374 μᾶλλον
2804 4303 2861 4356 δὲ
2889 4304 2957 4357 δι’
2985 4304 3207 4377 ἀπάσης
3235 4305 3614 4377 ἀγαθουργίας
3654 4309 3878 4377 ἀποτρι-

2298 4392 2438 4446 ϐέτω
2468 4391 2680 4463 κηλῖδα.
2717 4393 3027 4461 Χρηματιεῖ
3057 4392 3167 4464 γάρ
3195 4393 3317 4446 τότε
3347 4395 3476 4457 ναὸς
3502 4396 3676 4457 ὅντως
3694 4396 3838 4449 θεοῦ
3862 4412 3875 4427 ⁸

623 4487 819 4556 gister,
852 4488 1049 4556 inquit,
1083 4502 1283 4556 sequar
1318 4496 1367 4541 te
1414 4501 1748 4555 quocunque
1798 4486 2012 4541 ieris”.
2050 4506 2068 4538 ι
2128 4487 2196 4540 At

2304 4482 2669 4536 ἀναπαύσεται
2722 4482 2781 4534 δὲ
2833 4483 2892 4535 ἐν
2921 4482 3072 4553 αύτῷ
3121 4484 3215 4537 καὶ
3263 4485 3587 4550 καταλύσει,
3634 4488 3781 4541 κατὰ
3824 4488 3881 4540 οδ

624 4575 757 4646 quid
782 4576 845 4630 ad
872 4590 997 4630 eum
1038 4576 1347 4630 Dominus?
1376 4574 1745 4646 Aﬁnigmatice
1774 4582 1830 4629 et
1879 4590 1975 4644 per
2023 4590 2190 4645 para-

625 4667 841 4722 bolam:
875 4684 893 4716 ι
938 4666 1139 4735 Vulpes
1184 4664 1371 4721 foveas
1402 4666 1626 4732 habent,
1677 4673 1733 4720 et
1768 4668 2021 4720 volucres
2061 4667 2188 4721 caeli

623 4757 825 4811 nidos:
858 4755 1028 4811 Filius
1062 4770 1243 4811 autem
1289 4758 1529 4812 hominis
1560 4772 1672 4811 non
1706 4757 1871 4810 habet
1905 4757 1995 4810 ubi
2028 4766 2190 4827 caput

624 4852 940 4907 reclinet“.
983 4871 1000 4903 ι
1031 4851 1234 4921 Vulpes
1269 4861 1449 4907 autem
1502 4859 1558 4906 et
1586 4850 1708 4905 σοιΙί
1758 4864 1887 4904 aves
1921 4851 2189 4921 malignos

622 4951 677 4996 et
708 4942 950 5011 impuros
981 4943 1316 5013 nuncupavit
1342 4941 1644 5003 daemonas,
1699 4947 1753 4994 et
1810 4940 1974 4994 hosce
2029 4956 2191 4995 mun-

621 5032 795 5085 danos
818 5042 986 5101 atque
1014 5033 1195 5088 aerios
1224 5031 1475 5103 spiritus,
1510 5031 1609 5100 qui
1664 5031 1717 5083 in
1770 5028 2190 5085 libidinosorum

622 5122 883 5177 cordibus
911 5134 1195 5179 versantur
1228 5135 1392 5193 atque
1438 5122 1773 5184 inhabitant,
1826 5136 1940 5176 suae
1993 5122 2187 5176 volun-

620 5213 750 5268 tatis
797 5213 1001 5269 exitum
1039 5215 1350 5277 consecmi,
1386 5215 1739 5282 miserasque
1768 5226 1964 5266 eorum
2006 5228 2037 5266 a
2064 5213 2190 5282 qui-

621 5303 726 5359 bus
752 5306 1126 5377 suscipiuntur
1158 5305 1370 5360 animas
1398 5304 1453 5358 in
1480 5311 1699 5357 aratum
1734 5303 1872 5357 adeo
1895 5312 2181 5373 cogentes.

620 5402 680 5447 ut
717 5396 923 5450 nullum
971 5413 1207 5467 prorsus
1241 5397 1297 5450 in
1329 5395 1399 5450 iis
1447 5394 1826 5465 requiescendi
1863 5395 2015 5449 locus
2073 5393 2184 5451 Deo

618 5484 963 5556 relinquatur
986 5507 1002 5542 :
1032 5486 1085 5540 id
1113 5488 1261 5542 enim
1286 5487 1587 5556 signiﬁcat,
1612 5507 1639 5540 4
1664 5487 1931 5543 reclinare
1952 5494 2139 5557 caput.
2162 5506 2181 5538 ε

614 5572 920 5646 Purgemus
948 5577 1145 5646 itaque
1177 5575 1347 5630 corda
1378 5585 1574 5633 nostra
1604 5580 1680 5635 ab
1724 5580 1874 5634 omni
1907 5579 2066 5634 labe:
2104 5579 2186 5634 sic

684 5748 730 5779 "
765 5747 812 5801 ll
843 5747 984 5803 Petr.
1021 5764 1059 5811 ι,
1091 5749 1143 5804 4.
1220 5750 1314 5803 ¹²⁹Ι
1362 5751 1487 5805 Cor.
1540 5769 1619 5813 ιιι,
1663 5753 1743 5807 16.

2296 4573 2701 4644 γεγραμμένον.
2736 4574 2814 4627 Oti
2844 4573 2952 4644 γάρ
2980 4573 3136 4628 ἔσται
3165 4578 3286 4629 κατ’
3311 4578 3520 4631 ἐκεῖνον
3544 4578 3649 4636 τῶν
3676 4580 3739 4631 ἐν
3775 4582 3881 4641 τοῖς

2296 4665 2649 4734 Εὐαγγελίοις
2680 4666 2903 4737 νομικὸν
2931 4666 3340 4737 ὠνομασμένον,
3386 4669 3446 4732 ὃς
3473 4669 3578 4740 τὴν
3601 4670 3762 4741 παρὰ
3786 4668 3879 4723 τοῦ

2296 4757 2546 4828 Σωτῆρος
2574 4758 2637 4813 οὐ
2667 4758 2988 4830 περιμείνας
3013 4759 3195 4831 χάριν,
3222 4760 3560 4829 αὐτόκλητος
3576 4758 3728 4817 εἶναι
3746 4762 3881 4831 πρὸς

2294 4848 2652 4919 amcam
2675 4848 2802 4920 ἔφη,
2820 4850 2921 4903 καὶ
2941 4851 3039 4920 τὴν
3058 4850 3233 4915 οὕτως
3256 4850 3591 4919 άξιάγαστον
3615 4852 3881 4925 ἁρπάζων

2296 4939 2487 5009 τιμὴν,
2518 4940 2686 5009 φησί·
2718 4940 3074 5003 «Διδάσκαλε,
3105 4940 3455 5012 ἀκολουθήσω
3486 4960 3598 5009 σοι,
3624 4944 3768 4996 ὅπου
3791 4945 3882 4998 ἐὰν

2297 5031 2532 5101 ἀπέρχῃ.
2568 5050 2585 5082 ι
2658 5032 2819 5085 Ἀλλά
2848 5033 2903 5085 τί
2937 5034 3074 5105 πρὸς
3102 5033 3269 5090 αὐτὸν
3304 5036 3342 5087 ό
3393 5034 3639 5105 Κύριος;
3709 5035 3799 5101 Ὠς
3829 5040 3883 5091 ἐν

2298 5123 2581 5193 παραϐολῇ
2631 5125 2725 5183 καὶ
2770 5124 3054 5194 αἰνίγματι
3078 5140 3092 5156 ’
3146 5143 3165 5176 ε
3193 5125 3260 5177 Δί
3302 5124 3600 5191 ἀλώπεκες
3642 5126 3883 5197 φωλεοὺς

2296 5213 2501 5283 ἔχουσι,
2522 5216 2615 5267 καὶ
2638 5215 2708 5267 τὰ
2731 5216 2949 5269 πετεινά
2974 5215 3068 5269 τοῦ
3098 5216 3330 5287 οὐρανοῦ
3354 5218 3834 5289 κατασκηνώσεις·
3854 5220 3882 5271 ό

2287 5305 2347 5359 δὲ
2364 5306 2491 5369 Υἱὸς
2510 5307 2603 5360 τοῦ
2619 5306 2906 5378 ἀνθρώπου
2921 5307 3271 5378 οὐκσέχειλκοῦ
3288 5308 3388 5379 τὴν
3404 5308 3845 5381 κεφαλὴνκλίνῃ.
3856 5329 3872 5359 ι

2301 5396 2617 5463 ’Δλὼπεκας
2646 5399 2706 5452 δὲ
2739 5400 2833 5452 καὶ
2860 5401 3094 5471 οὐρανοῦ
3121 5400 3348 5460 πετεινὰ
3376 5403 3511 5465 τοὺς
3537 5403 3876 5472 πανούργους

2291 5489 2385 5546 καὶ
2400 5490 2747 5563 ἀκαθάρτους
2772 5491 3029 5562 ὠνόμασε
3060 5492 3344 5563 δαίμονας,
3377 5492 3471 5545 καὶ
3499 5495 3571 5546 τὰ
3602 5494 3873 5563 ἐγηκόσνμια

2291 5580 2447 5633 ταυτὶ
2488 5582 2581 5634 καὶ
2639 5583 2799 5653 ἀέρια
2846 5582 3150 5653 πνεύματα,
3194 5584 3229 5637 ἃ
3260 5585 3381 5647 ταῖς
3410 5583 3719 5654 φιληδόνων
3742 5601 3873 5654 καρ-

1838 5755 1879 5786 ³⁰
1912 5754 2096 5807 Matth.
2159 5768 2274 5808 vm.
2312 5752 2400 5806 19.
2442 5753 2478 5783 ³³
2513 5755 2649 5809 lhid.
2691 5752 2779 5810 ‘30.
