4096 6520
210 462 320 517 207
1268 459 1335 515 ΙΝ
1373 458 1658 517 JOANNIS
1702 458 1778 512 EV

1889 454 2153 512 GELIUM
2196 455 2328 510 LIB.
2372 455 2442 510 Χ.
3361 461 3464 515 298

202 578 345 639 δίαις
385 576 751 646 ἐμφιλοχωρεῖ
785 592 843 628 τε
875 575 969 627 καὶ
1005 573 1367 641 ἐναυλίζεται,
1388 576 1487 645 τὴν
1507 573 1616 627 τῶν
1643 572 1778 625 ίδίωιι

1890 567 2060 631 enim,
2104 567 2187 622 sic
2215 575 2268 622 et
2304 569 2357 621 in
2397 565 2556 621 nobis
2593 564 2863 620 habitabit
2895 565 3056 631 Deus,
3089 574 3143 622 et
3166 570 3321 622 omni
3357 571 3466 625 dia-

203 667 528 737 θελημάτων
555 665 743 735 ἔχοντα
769 664 1075 735 πλήρωσιν,
1105 663 1539 735 στενοχωροῦντά
1560 680 1617 715 τε
1639 661 1778 713 οὕτω

1891 659 2072 713 holico
2104 659 2311 711 insultu
2346 658 2659 727 superiores
2702 657 2917 723 etiiciet,
2947 658 3247 730 beatosque
3293 676 3355 716 ac
3387 663 3467 718 fe-

199 760 303 822 τάς
336 759 529 821 ἀθλίας
571 756 680 809 τῶν
709 756 1012 827 δεχομένων
1042 755 1238 825 ψυχὰς,
1276 756 1351 818 ὡς
1394 758 1559 807 τόπον
1590 752 1778 805 οὐδένα

1888 752 2027 805 lices
2060 749 2273 812 reddet,
2299 750 2463 821 835
2500 758 2663 821 atque
2692 750 2891 805 divinae
2922 761 2977 805 et
3008 750 3303 808 ineffabilis
3352 770 3466 810 suae

200 850 486 913 παντελῶς
509 849 866 911 ἀναπαύσεως
889 848 947 900 ἐν
973 848 1168 910 αὐταῖς
1200 846 1474 917 εὑρίσκειν
1497 844 1588 896 τὸν
1618 843 1749 895 Θεόν
1764 858 1777 871 ·

1887 850 2097 896 naturae
2125 841 2443 911 participes.

195 940 359 993 τοῦτο
391 942 501 1013 γάρ
528 943 644 995 ἐστι
683 940 743 993 τὸ
778 940 957 994 κλῖναι
1003 938 1100 1010 τὴν
1143 939 1403 1008 κεφαλήν.
1433 936 1837 1009 Καθαρίσωμεν
1874 935 2051 989 τοίνυν
2083 935 2189 988 ἀπὸ
2237 935 2439 995 παντὸς
2481 935 2758 1006 μολυσμοῦ
2799 937 2899 999 τὰς
2942 936 3149 989 ἑαυτῶν
3196 939 3424 1007 καρδίας
3451 957 3462 967 '

194 1032 343 1088 οῦτω
378 1034 507 1105 γὰρ,
539 1031 682 1085 οὕτω
726 1032 818 1084 καὶ
853 1034 912 1085 ὲν
962 1033 1096 1101 ἡμῖν
1151 1033 1359 1101 οἰκήσει
1398 1030 1550 1093 Θεὸς,
1590 1030 1688 1082 καί
1723 1029 1982 1097 ἀμείνους
2021 1030 2167 1099 ἡμᾶς
2217 1029 2435 1097 ἀπάσης
2503 1029 2768 1100 ἐπηρείας
2814 1031 3083 1099 ἀποφανεί
3129 1031 3462 1102 διαϐολικῆς,

196 1123 507 1193 μακαρίους
533 1138 593 1173 τε
624 1120 719 1173 καὶ
758 1118 1031 1190 ζηλωτοὺς
1066 1119 1379 1190 ἐργάσεται,
1427 1118 1521 1173 καὶ
1555 1117 1845 1179 κοινωνοὺς
1875 1117 2146 1181 ἀποδείξει
2173 1118 2271 1187 τῆς
2306 1117 2455 1179 θείας
2497 1117 2659 1170 αὐτοῦ
2691 1119 2783 1171 καί
2812 1121 3050 1191 ἀρρήτου
3086 1120 3320 1189 φύσεως.

268 1214 381 1268 Kal
421 1215 454 1267 ὁ
481 1213 664 1281 λόγος
696 1211 769 1264 ὃν
793 1211 1041 1264 ἀκούετε
1083 1212 1191 1264 οὐκ
1230 1210 1400 1263 ἔστιν
1425 1209 1588 1279 ἐμὸς,
1615 1208 1778 1264 ἀλλὰ

1956 1207 2094 1271 λιν,
2126 1208 2216 1263 24.
2254 1206 2323 1260 Et
2357 1224 2530 1262 sermo
2583 1225 2734 1277 quem
2775 1211 2971 1263 auditis
3009 1228 3109 1263 non
3164 1222 3242 1265 est
3292 1229 3458 1277 meus,

192 1309 306 1362 τοῦ
334 1306 687 1377 πέμψαντός
715 1322 793 1374 με
825 1304 1071 1371 Πατρός.

1884 1300 1975 1355 sed
2009 1301 2123 1370 ejus
2156 1300 2248 1370 qui
2276 1301 2421 1354 misit
2454 1316 2535 1354 me
2566 1298 2771 1355 Patris.

269 1400 563 1467 Οἰκονομεῖ
585 1415 637 1449 τι
664 1395 825 1449 πάλιν
845 1395 955 1448 τῶν
984 1394 1317 1463 ἀναγκαίων,
1350 1394 1443 1446 καὶ
1471 1393 1776 1446 καλούντων

1953 1390 2335 1448 Necessarium
2372 1392 2578 1462 aliquid
2629 1407 2827 1446 rursus
2869 1392 3128 1458 instituit,
3182 1396 3326 1463 quod
3392 1399 3460 1451 ad

188 1490 277 1551 εἰς
306 1487 576 1558 ὀρθότητα
602 1484 898 1555 λογισμῶν,
925 1484 1019 1537 καὶ
1037 1483 1101 1535 δι’
1124 1477 1199 1537 ὧν
1225 1483 1446 1554 ἔμελλεν
1479 1482 1588 1554 [ἵσ.
1616 1482 1778 1554 ἔμελ-

1884 1496 2091 1539 rectam
2126 1485 2251 1539 ﬁdei
2281 1485 2523 1554 regulam
2553 1484 2809 1550 deducat,
2834 1498 3005 1554 eaque
3034 1501 3227 1541 rursus
3255 1487 3463 1556 profert

187 1581 321 1653 λον]
367 1579 773 1651 εὐμαθεστέραν
822 1577 965 1647 ἔχειν
1015 1577 1254 1630 διάνοιαν
1299 1577 1379 1639 εἰς
1428 1575 1489 1628 τὸ
1536 1575 1777 1630 συνιέναι

1885 1577 1939 1631 in
1973 1577 2215 1632 medium
2246 1592 2343 1647 per
2366 1592 2487 1646 quae
2519 1576 2585 1630 ad
2611 1586 2758 1631 recte
2783 1576 3189 1646 percipiendam
3216 1580 3461 1647 mysterii

190 1673 382 1736 καλῶς
412 1673 509 1725 τοῦ
554 1670 853 1742 μυστηρίου
883 1669 943 1722 τὸ
988 1668 1170 1738 βάθος,
1208 1666 1578 1740 παρακομίζει
1615 1667 1777 1719 πάλιν

1887 1667 2233 1723 altitudinem
2264 1667 2485 1723 animus
2519 1667 2740 1724 facilius
2773 1667 3058 1722 evebatur.
3094 1666 3300 1722 Firmat
3333 1686 3464 1726 vero

190 1767 276 1829 εἰς
318 1767 501 1836 μέσον.
552 1762 803 1835 Στηρίζει
839 1761 896 1815 δὲ
947 1763 1054 1814 τῶν
1100 1760 1465 1832 ἀκροωμένων
1497 1760 1587 1813 τὸν
1630 1759 1774 1824 νοῦν,

1886 1765 2125 1813 mentem
2152 1757 2486 1821 auditorum,
2527 1773 2595 1812 ne
2618 1757 2935 1813 Judmorum
2991 1760 3209 1813 inscitia
3242 1762 3462 1830 quidam

194 1858 290 1910 ἵνα
316 1858 391 1928 μὴ
426 1858 542 1918 ταῖς
582 1854 851 1907 Ἰουδαίων
879 1852 1143 1922 ἀμαθίαις
1172 1850 1663 1920 συγκαθελκόμενοι
1688 1849 1778 1902 καὶ

1886 1848 2100 1918 abrepti
2150 1864 2451 1920 eorumque
2496 1852 2739 1905 furorem
2782 1859 2837 1905 et
2888 1851 3161 1904 insaniam
3200 1851 3461 1915 aemulati,

185 1952 315 2012 ταῖς
361 1948 585 2001 ἐκείνων
635 1945 912 2007 ὑπονοίαις
952 1943 1020 1997 τὰ
1061 1946 1154 1997 ἴσα
1197 1945 1335 1996 νοεῖν
1369 1943 1773 2013 ἀγαπήσαντες,

187 2043 294 2112 τὴν
349 2042 510 2109 ἁγίαν
553 2039 645 2093 καὶ
695 2038 1060 2109 εὐαγγελικήν
1109 2053 1252 2098 τινες
1286 2033 1604 2105 ἀτιμάζοιεν
1650 2033 1777 2086 παί-

187 2136 396 2188 δευσιν.
439 2134 504 2185 Ὃ
533 2132 589 2185 δὲ
628 2132 799 2183 εἰπεῖν
834 2129 1116 2200 βούλομαι,
1153 2126 1339 2197 σαφῶς
1368 2129 1483 2179 ἐστι
1512 2125 1773 2179 τοιοῦτον.

201 2226 265 2279 Ὀ
298 2226 465 2295 νόμος
500 2225 596 2293 μὲν
621 2222 731 2293 γὰρ
758 2221 913 2274 σκιὰν
942 2219 1082 2290 ἔχων
1111 2222 1204 2272 καὶ
1236 2218 1406 2271 τύπον
1450 2217 1613 2288 μέχρι
1651 2234 1774 2270 και-

190 2315 293 2383 ροῦ
329 2312 667 2385 διορθώσεως
711 2309 1079 2379 ἐπικείμενον,
1129 2307 1272 2360 κατά
1304 2308 1400 2377 τὴν
1434 2305 1527 2359 τοῦ
1557 2305 1773 2359 Παύλου

189 2406 407 2477 φωνὴν,
458 2402 799 2471 παιδαγωγὸς
836 2401 994 2471 ἡμῶν
1021 2399 1246 2468 γέγονεν
1274 2400 1353 2462 εἰς
1385 2398 1640 2469 Χριστὸν,
1682 2398 1776 2450 καὶ

192 2495 603 2566 προμελέτησιν
633 2491 819 2564 ὥσπερ
844 2490 968 2543 τινὰ
991 2490 1092 2559 τῆς
1121 2492 1241 2544 κατ’
1271 2489 1549 2542 εὐσέϐειαν
1574 2490 1775 2560 ἀρετῆς

190 2583 529 2653 εἰσεκόμιζε.
561 2581 970 2653 Προγύμνασμα
1001 2579 1181 2633 τοίνυν
1206 2579 1307 2649 τῆς
1335 2578 1565 2651 ἀληθοῦς
1599 2583 1692 2633 καὶ
1718 2580 1775 2630 ἐν

189 2676 473 2745 τβθεύματι
500 2674 755 2744 λατρείας
783 2672 851 2725 τά
873 2671 963 2725 διὰ
988 2672 1229 2734 Μωσέως
1257 2671 1426 2724 εἰπών
1451 2688 1555 2734 τις,
1584 2671 1683 2723 οὐκ
1710 2670 1775 2723 ἂν

186 2767 432 2835 ἁμάρτοι
457 2765 549 2818 τοῦ
577 2765 901 2834 πρέποντος.
926 2762 1023 2816 Διά
1048 2764 1155 2834 γάρ
1179 2780 1260 2816 τοι
1291 2762 1448 2816 τοῦτο
1492 2761 1774 2815 τετελείω-

186 2874 288 2910 κεν
321 2858 351 2908 ὁ
398 2856 562 2927 νόμος
606 2856 779 2910 οὐδέν.
842 2855 899 2907 '0
944 2854 1001 2906 δὲ
1043 2853 1246 2924 Κύριος
1293 2852 1448 2924 ήμῶν
1505 2851 1710 2923 Ἰησοῦς
1748 2854 1776 2905 ὁ

185 2948 436 3019 Χριστὸς
495 2947 677 3001 οὐκέτι
750 2946 1095 3017 πραγμάτων
1143 2945 1392 3008 εἰκόνας,
1443 2944 1556 2997 ἀλλ’
1606 2944 1776 3014 αὐτὴν

185 3041 328 3111 ἡμῖν
352 3037 652 3109 ἀναφανδὸν
675 3036 921 3104 ὑπέδειξε
949 3035 1047 3107 τὴν
1077 3034 1351 3107 ἀλήθειαν,
1377 3034 1476 3088 οὐκ
1504 3034 1559 3088 ἐν
1582 3033 1774 3096 τύποις

183 3130 273 3184 ἔτι
307 3130 403 3183 καὶ
435 3129 672 3200 σχήματι
712 3128 772 3181 τὸ
809 3129 910 3198 τῆς
954 3126 1157 3199 ἀρετῆς
1203 3125 1575 3197 καταγράφων
1610 3122 1771 3188 εἶδος,

1882 1949 2133 1997 sanctam
2165 1949 2220 1995 et
2259 1942 2631 2013 evangelicam
2669 1942 2977 1995 doctrinam
3024 1950 3458 1998 contemnerent.

1880 2032 2036 2099 Quod
2063 2038 2245 2087 autem
2273 2034 2399 2088 volo
2427 2042 2510 2089 est
2538 2034 2868 2089 istiusmodi.
2917 2034 3025 2090 Lex
3058 2037 3310 2091 umbram
3361 2039 3461 2093 ha-

1878 2124 2014 2179 bens
2048 2134 2100 2178 et
2135 2124 2361 2193 figuram
2387 2127 2431 2157 ³⁸
2459 2142 2637 2196 usque
2674 2126 2740 2180 ad
2769 2136 2985 2197 tempus
3013 2130 3371 2184 correctionis
3391 2131 3458 2193 ³³,

1875 2215 2032 2284 juxta
2062 2214 2218 2270 Pauli
2253 2232 2462 2280 vocem,
2496 2218 2827 2289 pwdagogus
2880 2220 3038 2275 nobis
3068 2219 3173 2273 fuit
3214 2220 3271 2274 in
3302 2220 3463 2275 Chri-

1878 2318 1965 2362 sto
1990 2308 2054 2372 “,
2086 2316 2141 2363 et
2187 2311 2717 2378 prtemeditationem
2761 2314 2933 2366 veJuti
2988 2315 3281 2382 quamdam
3322 2332 3461 2370 verae

1878 2399 2100 2469 pietatis
2144 2400 2380 2453 induxit.
2418 2401 2475 2454 Si
2501 2403 2626 2471 quis
2659 2418 2788 2472 ergo
2822 2403 3113 2459 Mosaicam
3143 2408 3318 2476 legem
3346 2410 3459 2463 veri

1880 2499 1933 2543 et
1959 2492 2229 2561 spiritalis
2268 2493 2454 2547 cultus
2495 2494 3102 2563 prmexercitamentum
3146 2514 3268 2551 esse
3309 2500 3461 2552 dixe-

1879 2583 1974 2646 rit,
2008 2599 2115 2638 non
2147 2585 2354 2638 errabit
2395 2601 2425 2638 a
2462 2602 2609 2640 vero.
2650 2585 2861 2641 Idcirco
2891 2590 3034 2641 enim
3074 2591 3207 2642 nihil
3239 2592 3303 2644 ad
3338 2607 3459 2659 per-

1882 2672 2084 2729 fectum
2115 2674 2345 2728 adduxit
2369 2675 2452 2728 lex
2476 2675 2543 2731 ³⁸.
2580 2675 2849 2731 Dominus
2877 2688 3056 2732 autem
3083 2687 3272 2733 noster
3298 2680 3458 2735 Jesus

1879 2763 2136 2821 Christus
2166 2780 2276 2820 non
2308 2767 2549 2836 amplius
2585 2783 2768 2822 rerum
2804 2770 3086 2838 imagines,
3135 2771 3231 2824 sed
3283 2774 3456 2841 ipsam

1880 2854 2042 2909 nobis
2072 2862 2258 2924 aperte
2281 2857 2520 2910 ostendit
2544 2859 2854 2923 veritatem,
2897 2874 3004 2913 non
3042 2860 3154 2927 jam
3212 2862 3263 2914 in
3315 2864 3460 2932 typis

1881 2959 1944 2999 ac
1970 2946 2163 3016 tiguri‘s
2188 2947 2410 3004 virtutis
2436 2951 2674 3018 speciem
2700 2949 3022 3019 depingens,
3051 2952 3195 3019 quod
3225 2951 3460 3007 faciebat

1880 3036 2084 3102 Moses,
2125 3038 2221 3093 sed
2273 3039 2480 3093 nudam
2530 3040 2939 3108 quodammodo
2975 3052 3029 3096 et
3060 3052 3303 3110 apertam
3348 3053 3456 3097 sta-

1881 3136 2063 3188 tuens,
2100 3127 2485 3200 hominemque
2514 3130 2581 3185 ad
2612 3131 2870 3199 pietatem
2920 3131 3138 3198 plenum
3174 3146 3239 3185 ac
3272 3132 3457 3201 perfe-

186 3225 330 3294 ὅπερ
356 3191 775 3292 emisi-Metam,
818 3191 953 3275 ἀλλὰ
983 3191 1195 3289 γυμνὴν
1225 3191 1414 3289 ὥσπερ
1439 3191 1534 3271 καὶ
1556 3218 1772 3288 ἐμφανῆ

1883 3225 2030 3285 ctum
2074 3218 2335 3275 reddens.
2372 3218 2670 3288 Disciplina
2703 3219 2869 3289 igitur
2919 3221 3216 3274 verborum
3253 3222 3459 3277 Christi

186 3312 485 3381 καθιστὰς,
530 3315 621 3368 καὶ
662 3312 843 3383 πλήρη
882 3311 1017 3383 πρὸς
1048 3309 1328 3363 εὐσέϐειαν
1363 3308 1455 3362 τὸν
1488 3308 1776 3379 ἄνθρωπον

187 3405 501 3461 ἀποτελῶν.
550 3400 658 3458 Ἦν
706 3401 800 3456 οῦν
845 3403 953 3473 ἄρα
1004 3401 1113 3454 τῶν
1151 3400 1339 3455 τύπων
1389 3402 1469 3463 εἰς
1517 3399 1775 3471 ἀλήθειαν

192 3494 583 3567 μεταχώρησις
629 3494 723 3547 καὶ
756 3492 1090 3563 μετάπλασις
1122 3490 1231 3543 τῶν
1277 3490 1364 3543 διὰ
1404 3488 1640 3561 Χριστοῦ
1674 3492 1776 3560 ρη-

194 3590 388 3660 μάτων
435 3590 471 3657 ή
516 3585 819 3649 παίδευσις.
882 3582 1101 3654 Ἐπειδὴ
1143 3582 1200 3634 δὲ
1244 3585 1345 3653 τῆς
1381 3581 1641 3653 ἀληθείας
1675 3583 1775 3654 ἤδη

193 3680 648 3753 διαλαμπούσης,
708 3676 963 3749 περιττὸν
1011 3672 1080 3746 ἦν
1133 3673 1212 3727 ἔτι
1264 3674 1628 3743 κρατύνεσθαι
1678 3675 1777 3743 τὴν

197 3771 398 3834 σκιάν,
458 3770 641 3822 οὐκέτι
702 3769 814 3830 τοῖς
865 3767 1108 3835 νομικοῖς
1158 3763 1351 3826 τύποις
1402 3764 1778 3816 πολιτεύεσθαι

195 3863 512 3933 ἐνομοθέτει
554 3860 784 3932 Χριστὸς
827 3859 952 3920 τοὺς
997 3856 1322 3928 προσιόντας
1363 3856 1514 3926 αὐτῷ
1552 3856 1639 3910 διὰ
1679 3858 1781 3927 τῆς

196 3954 463 4015 πίστεως.
511 3951 680 4004 Τοῦτο
706 3950 825 4002 λίαν
868 3947 1056 4001 ἐλύπει
1085 3949 1214 4010 τοὺς
1269 3946 1579 4011 Ἰουδαίους,
1609 3945 1778 4018 ᾤοντό

196 4064 259 4098 τε
288 4047 376 4098 ὅτι
410 4044 502 4097 τὸν
530 4043 756 4114 ἀρχαῖον
790 4040 1109 4094 καταλύσων
1134 4039 1297 4108 νόμον
1326 4038 1724 4109 ἐπιδεδήμηκεν
1749 4040 1779 4092 ὁ

194 4134 463 4206 Χριστὸς,
485 4133 659 4185 καίτοι
688 4130 981 4203 διαρρήδην
1004 4128 1231 4200 βοῶντος
1252 4127 1540 4191 ἀκούοντες
1563 4142 1578 4158 ο
1621 4146 1641 4180 ι
1667 4129 1780 4182 Οὐκ

197 4225 370 4297 ἦλθον
402 4222 702 4278 καταλῦσαι
731 4222 822 4276 τὸν
859 4223 1043 4288 νόμον,
1089 4220 1225 4274 ἀλλά
1261 4219 1569 4290 πληρῶσαι.
1621 4220 1781 4288 Λέγω

194 4320 310 4391 γὰρ
341 4319 492 4388 ὑμῖν,
520 4317 602 4369 ὃτι
638 4314 770 4368 ἰῶτα
804 4314 883 4377 ἓν,
917 4313 950 4384 ἢ
985 4313 1083 4384 μία
1112 4313 1307 4383 κεραία
1332 4312 1394 4365 οὐ
1427 4312 1502 4383 μὴ
1536 4311 1779 4383 παρέλθῃ

200 4411 313 4465 ἀπὸ
349 4408 447 4461 τοῦ
476 4408 661 4479 νόμου,
704 4406 810 4468 ἕως
850 4404 917 4459 ἂν
956 4405 1132 4458 πάντα
1157 4404 1400 4474 γένηται.
1430 4422 1452 4455 ι
1500 4403 1782 4475 Πλήρωμα

1877 3311 2291 3366 transformatio
2324 3322 2377 3367 et
2402 3314 2691 3368 conversio
2717 3312 3009 3383 figurarum
3030 3322 3149 3367 erat
3183 3314 3236 3367 in
3260 3315 3461 3369 verita-

1879 3410 2009 3457 tem.
2043 3402 2181 3457 Cum
2213 3413 2393 3458 autem
2440 3405 2671 3459 veritate
2717 3403 2935 3458 demum
2972 3404 3224 3459 elucente
3269 3421 3461 3476 super-

1880 3493 2049 3547 fluum
2086 3504 2237 3549 esset
2269 3496 2517 3549 umbram
2547 3494 2757 3550 diutius
2793 3497 3065 3562 obtinere,
3105 3513 3216 3552 non
3250 3498 3364 3566 jam
3404 3501 3459 3553 in

1882 3584 2153 3655 legalibus
2210 3586 2357 3657 typis
2402 3586 2588 3641 vivere
2650 3587 3005 3655 praecipiebat
3054 3588 3310 3644 Christus
3363 3605 3458 3644 eos

1880 3677 1973 3745 qui
2009 3676 2073 3729 ad
2107 3676 2284 3746 ipsum
2318 3693 2416 3748 per
2453 3676 2614 3731 ﬁdem
2654 3686 3028 3732 accesserant.
3081 3678 3193 3734 Hoc
3242 3679 3458 3736 Judazos

1879 3768 2231 3823 vehementer
2261 3770 2560 3839 pungebat,
2594 3769 2809 3838 sibique
2850 3770 3253 3839 persuadebant
3297 3770 3462 3825 Chri-

1881 3874 2024 3918 stum
2053 3864 2341 3918 advenisse
2384 3871 2442 3916 ut
2476 3863 2651 3932 legem
2686 3862 2949 3927 solveret,
2982 3862 3110 3917 licet
3139 3872 3326 3932 aperte
3347 3864 3459 3918 cla-

1881 3964 2122 4010 mantem
2165 3955 2463 4009 audirent:
2502 3973 2519 4004 (
2559 3952 2674 4007 Non
2704 3953 2830 4007 veni
2870 3952 3083 4007 solvere
3127 3954 3323 4024 legem,
3361 3954 3455 4008 sed

1884 4047 2204 4116 adimplere.
2234 4044 2381 4100 Dic0'
2413 4047 2560 4100 enim
2609 4044 2787 4108 vobis,
2818 4044 2967 4113 quod
3008 4045 3117 4098 iota
3161 4061 3329 4099 unum
3365 4056 3458 4099 aut

1883 4151 2026 4191 unus
2059 4151 2197 4206 apex
2249 4152 2360 4191 non
2421 4136 2722 4205 praeteribit
2771 4150 2801 4189 a
2854 4136 2992 4207 lege,
3052 4137 3228 4192 donec
3274 4139 3459 4192 omnia

1882 4228 2014 4282 ﬁant
2038 4228 2105 4283 ³⁸.
2141 4246 2159 4281 ι
2187 4227 2328 4284 Vera
2352 4229 2498 4284 enim
2523 4229 2700 4283 virtus
2722 4243 2819 4298 per
2839 4227 3043 4283 Christi
3067 4229 3213 4300 leges
3240 4229 3459 4285 inducta

1881 4320 2075 4390 legalis
2103 4322 2311 4375 umbrae
2359 4320 2761 4391 plenitudinem
2796 4320 3064 4375 continet.
3106 4320 3462 4392 Quandoqui-

1883 4414 2007 4469 dem
2036 4412 2181 4470 erim
2212 4412 2475 4483 praecipiti
2536 4411 2724 4467 furore
2749 4412 2806 4466 in
2850 4411 3291 4467 incredulitatem
3325 4414 3460 4482 lapsi

200 4501 312 4572 γὰρ
341 4500 454 4570 ἔχει
476 4502 572 4567 τῆς
594 4497 689 4550 τοῦ
719 4497 885 4565 νόμου
912 4497 1068 4558 σκιᾶς
1094 4498 1128 4565 ἡ
1159 4493 1299 4549 κατά
1328 4494 1585 4565 ἀλήθειαν
1609 4493 1776 4564 ἀρετὴ

1886 4511 1940 4558 et
1962 4503 2019 4557 in
2058 4499 2234 4557 zeium
2266 4502 2410 4573 legis
2448 4501 2635 4567 delati,
2667 4517 2778 4556 non
2812 4502 3115 4556 secundum
3150 4502 3459 4567 scientiam,

197 4593 291 4645 διὰ
342 4591 454 4643 τῶν
502 4588 734 4661 Χριστοῦ
776 4588 957 4659 νόμων
986 4585 1474 4657 εἰσκεκομισμένη,
1528 4585 1779 4657 καθάπερ

200 4685 413 4755 ἀρτίως
463 4682 740 4752 ἐλέγομεν.
799 4679 1016 4746 Ἐπειδὴ
1069 4678 1178 4748 γὰρ
1230 4677 1442 4748 ἀκρίτῳ
1496 4676 1650 4747 θυμῷ
1703 4677 1783 4731 δι-

200 4776 577 4847 ωλισθηκότες
622 4776 702 4838 είς
730 4772 1011 4828 ἀπείθειαν
1053 4772 1148 4825 καὶ
1186 4773 1265 4833 εἰς
1298 4769 1455 4840 ζῆλον
1494 4770 1663 4833 ἰόντες
1687 4768 1782 4822 τοῦ

201 4870 411 4938 νόμου,
462 4866 521 4918 οὐ
574 4866 695 4918 κατ’
730 4864 1025 4931 ἐπίγνωσιν
1072 4860 1390 4931 συνηγορεῖν
1441 4858 1660 4912 ἐδόκουν
1701 4858 1781 4929 τῷ

201 4961 379 5029 νόμῳ,
407 4958 476 5009 τά
505 4956 594 5008 διὰ
616 4954 850 5025 Χριστοῦ
881 4951 1315 5023 παρωθούμενοι,
1348 4950 1437 5002 διά
1461 4949 1618 5003 τοῦτο
1648 4968 1782 5020 χρη-

206 5052 423 5120 σίμως,
476 5049 563 5105 ἵνα
609 5045 687 5117 μὴ
728 5045 909 5114 δοκοίη
939 5043 1051 5096 τισὶ
1084 5040 1304 5104 καινούς
1350 5057 1502 5103 τινας
1543 5041 1577 5111 ἦ
1616 5041 1781 5104 ἰδίους

205 5143 364 5213 παρὰ
390 5142 489 5210 τὴν
511 5139 736 5195 ἐνοῦσαν
767 5137 1019 5208 βούλησιν
1049 5133 1126 5204 τῷ
1152 5133 1272 5204 Θεῷ
1292 5134 1386 5187 καὶ
1416 5134 1591 5203 Πατρὶ
1614 5132 1783 5203 διορί-

202 5235 323 5298 ζειν
353 5232 580 5302 νόμους,
616 5229 928 5298 ἀναγκαίως
959 5226 1283 5297 ἐπήνεγκεν,
1311 5226 1392 5278 ὃτι
1420 5242 1439 5274 ι
1463 5224 1519 5276 Ὀ
1548 5223 1704 5291 λόγος
1724 5223 1784 5276 ὃν

202 5324 438 5378 ἀκούετε
473 5323 573 5376 οὐκ
632 5322 780 5376 ἐστιν
808 5319 960 5391 ἐμὸς,
1007 5317 1142 5371 ἀλλά
1165 5315 1260 5370 τοῦ
1289 5315 1601 5386 πέμψαντός
1633 5332 1721 5387 με·
1757 5336 1776 5369 ι

208 5418 287 5488 μὴ
321 5415 432 5486 γὰρ
475 5415 541 5484 δή
571 5430 657 5477 τις
685 5412 903 5476 οἰέσθω,
945 5413 1107 5483 φησὶ,
1146 5411 1254 5464 τῶν
1290 5410 1620 5480 προσιόντων
1659 5410 1784 5480 ἐμοὶ

204 5508 299 5562 διὰ
321 5508 424 5577 τῆς
456 5507 710 5569 πίστεως,
760 5506 837 5568 ὼς
861 5504 1073 5574 ἀπῳδόν
1105 5520 1226 5557 τινα
1249 5502 1405 5571 λόγον
1439 5503 1785 5573 ἐποιησάμην

202 5597 285 5668 τῷ
318 5596 442 5667 Θεῷ
475 5594 570 5649 καὶ
593 5595 790 5667 Πατρί.
826 5592 1004 5647 Αὐτοῦ
1050 5591 1213 5645 πάλιν
1245 5590 1339 5643 καὶ
1383 5591 1480 5661 οὐχ
1512 5591 1697 5659 ἑτέρου
1724 5590 1785 5643 τὸ

204 5686 567 5759 εὐαγγελικόν
588 5688 705 5740 ἐστι
729 5688 1010 5757 κήρυγμα,
1034 5684 1133 5737 οὐκ
1155 5682 1577 5755 ἐρυθριάσαντος
1596 5682 1785 5753 ὥσπερ

1885 4593 2089 4649 Christi
2136 4593 2389 4648 doctrina
2434 4594 2741 4663 repudiata,
2788 4594 3123 4664 patrocinari
3159 4595 3261 4663 legi
3312 4594 3462 4648 vide-

1884 4685 2123 4751 bantur;
2174 4684 2402 4750 idcirco,
2451 4700 2519 4739 ne
2583 4685 2911 4755 quibusdam
2953 4684 3230 4738 videretur
3289 4699 3460 4738 novas

1887 4773 2155 4844 quasdam
2198 4782 2291 4827 aut
2331 4774 2584 4843 proprias
2632 4782 2831 4843 praeter
2864 4772 3197 4826 voluntatem
3253 4770 3363 4825 Deo
3397 4786 3460 4825 ac

1888 4865 2039 4920 Patri
2090 4866 2238 4937 leges
2303 4865 2701 4936 praescribere,
2755 4863 3066 4919 necessario
3126 4862 3459 4930 subiunxit:

1893 4956 2143 5027 QSermo
2191 4970 2352 5025 quem
2401 4954 2602 5008 auditis
2649 4952 2817 5023 836
2866 4966 2977 5006 non
3010 4960 3096 5006 est
3130 4966 3308 5016 meus,
3366 4953 3457 5006 sed

1887 5047 2007 5117 ejus
2051 5048 2145 5118 qui
2180 5046 2332 5101 misit
2362 5062 2449 5101 me
2494 5046 2690 5100 Patris.
2731 5064 2750 5095 ι
2793 5044 2872 5100 Ne
2901 5044 3026 5114 quis
3070 5046 3213 5099 enim
3269 5060 3458 5099 eorum

1889 5139 1983 5207 qui
2010 5152 2104 5207 per
2142 5137 2301 5191 ﬁdem
2330 5137 2397 5191 ad
2429 5150 2516 5190 me
2549 5143 2910 5191 accesserunt
2938 5135 3238 5198 existimet,
3263 5136 3439 5205 inquit

1890 5241 1977 5282 me
1998 5242 2311 5282 sermonem
2342 5226 2539 5281 fecisse
2572 5226 2683 5281 Deo
2731 5241 2795 5281 ac
2826 5226 2973 5280 Patri
3025 5226 3436 5285 dissentaneum

1890 5320 2106 5375 Rursus
2137 5329 2315 5373 autem
2343 5318 2463 5387 ejus
2487 5325 2573 5372 est
2594 5357 2610 5381 ,
2640 5332 2748 5372 non
2783 5332 2915 5373 vero
2947 5318 3195 5381 alterius,
3226 5330 3461 5385 evange—

1891 5408 1995 5463 lica
2020 5406 2350 5477 praedicatio,
2375 5408 2467 5476 qui
2496 5422 2605 5461 non
2628 5406 2923 5473 erubescit,
2956 5414 3015 5461 ut
3044 5408 3116 5460 ita
3149 5406 3352 5471 dicam,
3393 5406 3462 5461 ob

1890 5499 2038 5568 leges
2070 5498 2346 5567 antiquas,
2382 5513 2496 5554 nec
2524 5499 2683 5570 quasi
2735 5499 2847 5569 jam
2886 5507 3161 5569 repertum
3194 5499 3293 5573 ‘sit
3326 5513 3462 5567 pra:-

1892 5590 2131 5647 stantius
2168 5590 2511 5655 mandatum,
2566 5592 2661 5647 sed
2696 5602 2952 5660 tanquam
2986 5592 3039 5644 in
3096 5599 3337 5659 tempore
3363 5602 3462 5655 op-

1892 5691 2151 5754 portuno,
2191 5684 2458 5738 translata
2505 5683 2572 5737 ad
2608 5684 2893 5738 veritatem
2951 5684 3141 5754 figura.
3176 5681 3276 5749 Qui
3312 5679 3457 5734 enim

282 5867 329 5899 ”
359 5864 528 5919 Hebr.
566 5879 623 5928 ι,
656 5864 709 5917 1.
785 5864 828 5896 ³³
850 5861 1015 5917 Hebr.
1043 5878 1119 5923 ιι,
1152 5861 1241 5915 t0.
1314 5860 1357 5893 “
1395 5860 1570 5915 Galat.
1601 5875 1685 5927 ιιι,
1719 5858 1778 5914 24

1883 5861 1930 5893 ⁸⁸
1969 5859 2135 5916 Hebr.
2170 5875 2263 5925 vn,
2299 5860 2384 5915 19.
2463 5859 2509 5891 ³⁸
2539 5859 2731 5913 Matth.
2764 5876 2817 5922 v,
2850 5859 2935 5924 17,
2968 5859 3053 5911 18.

458 5958 729 6016 ΡΑτιιοι..
763 5957 880 6016 (iu.
915 5954 1186 6016 LXXIV.

3048 5947 3111 6008 10
