  <div class='ocr_page' id='page_1' title='image "/cluster/home/n/w/nwhite01/storage/ocr_20150623/74/hvd.32044019207919/169.png"; bbox 0 0 4096 6508; ppageno 0'>
   <div class='ocr_carea' id='block_1_1' title="bbox 701 395 806 452">
    <p class='ocr_par' dir='ltr' id='par_1_1' title="bbox 701 395 806 452">
     <span class='ocr_line' id='line_1_1' title="bbox 701 395 806 452; baseline 0.019 -2"><span class='ocrx_word' id='word_1_1' title='bbox 701 395 806 452; x_wconf 62' lang='grc' dir='ltr'><strong>ἳθξ)</strong></span> 
     </span>
    </p>
   </div>
   <div class='ocr_carea' id='block_1_2' title="bbox 1731 388 3917 450">
    <p class='ocr_par' dir='ltr' id='par_1_2' title="bbox 1731 388 3917 450">
     <span class='ocr_line' id='line_1_2' title="bbox 1731 388 3917 450; baseline 0.002 -5"><span class='ocrx_word' id='word_1_2' title='bbox 1731 391 1787 445; x_wconf 88' lang='lat' dir='ltr'><strong>S.</strong></span> <span class='ocrx_word' id='word_1_3' title='bbox 1822 388 2099 445; x_wconf 74' lang='lat' dir='ltr'><strong>CYRILLI</strong></span> <span class='ocrx_word' id='word_1_4' title='bbox 2143 389 2616 446; x_wconf 78' lang='lat' dir='ltr'><strong>ALEXANDRINI</strong></span> <span class='ocrx_word' id='word_1_5' title='bbox 2641 388 2959 446; x_wconf 82' lang='lat' dir='ltr'><strong>ARCHIEP.</strong></span> <span class='ocrx_word' id='word_1_6' title='bbox 3835 394 3917 450; x_wconf 70' lang='lat'><strong>300</strong></span> 
     </span>
    </p>
   </div>
   <div class='ocr_carea' id='block_1_3' title="bbox 701 504 2271 585">
    <p class='ocr_par' dir='ltr' id='par_1_3' title="bbox 701 507 2271 585">
     <span class='ocr_line' id='line_1_3' title="bbox 701 507 2271 585; baseline -0.006 -16"><span class='ocrx_word' id='word_1_7' title='bbox 701 530 799 585; x_wconf 89' lang='lat' dir='ltr'><strong>per</strong></span> <span class='ocrx_word' id='word_1_8' title='bbox 827 527 913 568; x_wconf 91' lang='lat' dir='ltr'><strong>me</strong></span> <span class='ocrx_word' id='word_1_9' title='bbox 940 519 1073 566; x_wconf 88' lang='lat' dir='ltr'><strong>tunc</strong></span> <span class='ocrx_word' id='word_1_10' title='bbox 1094 510 1183 565; x_wconf 72' lang='lat' dir='ltr'><strong>ulla</strong></span> <span class='ocrx_word' id='word_1_11' title='bbox 1218 510 1493 566; x_wconf 78' lang='lat' dir='ltr'><strong>veteribus</strong></span> <span class='ocrx_word' id='word_1_12' title='bbox 1520 510 1739 563; x_wconf 88' lang='lat' dir='ltr'><strong>locutus</strong></span> <span class='ocrx_word' id='word_1_13' title='bbox 1768 516 1871 573; x_wconf 89' lang='lat' dir='ltr'><strong>est,</strong></span> <span class='ocrx_word' id='word_1_14' title='bbox 1905 507 2097 562; x_wconf 90' lang='lat' dir='ltr'><strong>eadem</strong></span> <span class='ocrx_word' id='word_1_15' title='bbox 2121 514 2175 562; x_wconf 88' lang='lat' dir='ltr'><strong>et</strong></span> <span class='ocrx_word' id='word_1_16' title='bbox 2208 507 2271 560; x_wconf 90' lang='lat' dir='ltr'><strong>ad</strong></span> 
     </span>
    </p>
   </div>
   <div class='ocr_carea' id='block_1_4' title="bbox 2376 504 3917 585">
    <p class='ocr_par' dir='ltr' id='par_1_4' title="bbox 2381 504 3917 581">
     <span class='ocr_line' id='line_1_4' title="bbox 2381 504 3917 581; baseline -0.004 -20"><span class='ocrx_word' id='word_1_17' title='bbox 2381 510 2473 561; x_wconf 76' lang='grc' dir='ltr'>ἐπὶ</span> <span class='ocrx_word' id='word_1_18' title='bbox 2505 511 2617 572; x_wconf 84' lang='grc' dir='ltr'>τοῖς</span> <span class='ocrx_word' id='word_1_19' title='bbox 2646 510 3020 581; x_wconf 79' lang='grc' dir='ltr'><strong>ἀρχαιοτέροις</strong></span> <span class='ocrx_word' id='word_1_20' title='bbox 3054 507 3298 577; x_wconf 86' lang='grc' dir='ltr'>θεσμοῖς,</span> <span class='ocrx_word' id='word_1_21' title='bbox 3350 506 3464 558; x_wconf 80' lang='grc' dir='ltr'>ἀλλ’</span> <span class='ocrx_word' id='word_1_22' title='bbox 3493 504 3616 558; x_wconf 81' lang='grc' dir='ltr'><strong>ούδέ</strong></span> <span class='ocrx_word' id='word_1_23' title='bbox 3648 506 3719 568; x_wconf 77' lang='grc' dir='ltr'>ὡς</span> <span class='ocrx_word' id='word_1_24' title='bbox 3746 508 3827 561; x_wconf 90' lang='grc' dir='ltr'><strong>νῦν</strong></span> <span class='ocrx_word' id='word_1_25' title='bbox 3847 515 3917 581; x_wconf 54' lang='grc' dir='ltr'>ηιξ.</span> 
     </span>
    </p>
   </div>
   <div class='ocr_carea' id='block_1_5' title="bbox 700 601 2279 676">
    <p class='ocr_par' dir='ltr' id='par_1_5' title="bbox 700 601 2279 676">
     <span class='ocr_line' id='line_1_5' title="bbox 700 601 2279 676; baseline -0.006 -13"><span class='ocrx_word' id='word_1_26' title='bbox 700 624 799 665; x_wconf 89' lang='lat' dir='ltr'><strong>vos</strong></span> <span class='ocrx_word' id='word_1_27' title='bbox 846 622 995 662; x_wconf 88' lang='lat' dir='ltr'><strong>nunc</strong></span> <span class='ocrx_word' id='word_1_28' title='bbox 1052 605 1314 676; x_wconf 93' lang='lat' dir='ltr'><strong>loquitur.</strong></span> <span class='ocrx_word' id='word_1_29' title='bbox 1370 602 1608 658; x_wconf 79' lang='lat' dir='ltr'><strong>Verbum</strong></span> <span class='ocrx_word' id='word_1_30' title='bbox 1663 602 1865 655; x_wconf 90' lang='lat' dir='ltr'><strong>etenim</strong></span> <span class='ocrx_word' id='word_1_31' title='bbox 1925 614 2047 654; x_wconf 92' lang='lat' dir='ltr'><strong>sum</strong></span> <span class='ocrx_word' id='word_1_32' title='bbox 2087 601 2279 655; x_wconf 78' lang='lat' dir='ltr'><strong>vivens</strong></span> 
     </span>
    </p>
   </div>
   <div class='ocr_carea' id='block_1_6' title="bbox 701 688 2280 759">
    <p class='ocr_par' dir='ltr' id='par_1_6' title="bbox 701 688 2280 759">
     <span class='ocr_line' id='line_1_6' title="bbox 701 688 2280 759; baseline -0.007 -5"><span class='ocrx_word' id='word_1_33' title='bbox 701 700 799 756; x_wconf 85' lang='lat' dir='ltr'><strong>Dei</strong></span> <span class='ocrx_word' id='word_1_34' title='bbox 832 714 896 753; x_wconf 89' lang='lat' dir='ltr'><strong>ac</strong></span> <span class='ocrx_word' id='word_1_35' title='bbox 922 697 1101 752; x_wconf 91' lang='lat' dir='ltr'><strong>Patris</strong></span> <span class='ocrx_word' id='word_1_36' title='bbox 1127 695 1419 751; x_wconf 75' lang='lat' dir='ltr'><strong>ineil‘abilis</strong></span> <span class='ocrx_word' id='word_1_37' title='bbox 1451 693 1751 747; x_wconf 77' lang='lat' dir='ltr'><strong>voluntatis</strong></span> <span class='ocrx_word' id='word_1_38' title='bbox 1786 692 2092 759; x_wconf 78' lang='lat' dir='ltr'><strong>interpres:</strong></span> <span class='ocrx_word' id='word_1_39' title='bbox 2130 688 2280 744; x_wconf 89' lang='lat' dir='ltr'><strong>ideo-</strong></span> 
     </span>
    </p>
   </div>
   <div class='ocr_carea' id='block_1_7' title="bbox 700 781 2280 862">
    <p class='ocr_par' dir='ltr' id='par_1_7' title="bbox 700 781 2280 862">
     <span class='ocr_line' id='line_1_7' title="bbox 700 781 2280 862; baseline -0.008 -16"><span class='ocrx_word' id='word_1_40' title='bbox 700 806 809 862; x_wconf 86' lang='lat' dir='ltr'><strong>que</strong></span> <span class='ocrx_word' id='word_1_41' title='bbox 850 796 1078 844; x_wconf 89' lang='lat' dir='ltr'><strong>vocatus</strong></span> <span class='ocrx_word' id='word_1_42' title='bbox 1128 802 1248 842; x_wconf 91' lang='lat' dir='ltr'><strong>sum</strong></span> <span class='ocrx_word' id='word_1_43' title='bbox 1295 785 1472 855; x_wconf 81' lang='lat' dir='ltr'><strong>magni</strong></span> <span class='ocrx_word' id='word_1_44' title='bbox 1524 783 1741 838; x_wconf 82' lang='lat' dir='ltr'><strong>consilii</strong></span> <span class='ocrx_word' id='word_1_45' title='bbox 1782 782 2024 852; x_wconf 80' lang='lat' dir='ltr'><strong>Angelus</strong></span> <span class='ocrx_word' id='word_1_46' title='bbox 2048 781 2114 833; x_wconf 73' lang='lat'><strong>&#39;7.</strong></span> <span class='ocrx_word' id='word_1_47' title='bbox 2172 783 2280 835; x_wconf 84' lang='lat' dir='ltr'><strong>Aut</strong></span> 
     </span>
    </p>
   </div>
   <div class='ocr_carea' id='block_1_8' title="bbox 698 875 2277 944">
    <p class='ocr_par' dir='ltr' id='par_1_8' title="bbox 698 875 2277 944">
     <span class='ocr_line' id='line_1_8' title="bbox 698 875 2277 944; baseline -0.008 -5"><span class='ocrx_word' id='word_1_48' title='bbox 698 885 844 939; x_wconf 91' lang='lat' dir='ltr'><strong>enim</strong></span> <span class='ocrx_word' id='word_1_49' title='bbox 874 884 977 937; x_wconf 88' lang='lat' dir='ltr'><strong>hac</strong></span> <span class='ocrx_word' id='word_1_50' title='bbox 1005 881 1213 935; x_wconf 85' lang='lat' dir='ltr'><strong>ratione</strong></span> <span class='ocrx_word' id='word_1_51' title='bbox 1246 878 1454 932; x_wconf 89' lang='lat' dir='ltr'><strong>dictum</strong></span> <span class='ocrx_word' id='word_1_52' title='bbox 1489 876 1623 930; x_wconf 88' lang='lat' dir='ltr'><strong>illud</strong></span> <span class='ocrx_word' id='word_1_53' title='bbox 1655 875 2010 944; x_wconf 85' lang='lat' dir='ltr'><strong>accipiemus,</strong></span> <span class='ocrx_word' id='word_1_54' title='bbox 2040 887 2277 942; x_wconf 87' lang='lat' dir='ltr'><strong>nempe:</strong></span> 
     </span>
    </p>
   </div>
   <div class='ocr_carea' id='block_1_9' title="bbox 703 962 2277 1041">
    <p class='ocr_par' dir='ltr' id='par_1_9' title="bbox 703 962 2277 1041">
     <span class='ocr_line' id='line_1_9' title="bbox 703 962 2277 1041; baseline -0.007 -14"><span class='ocrx_word' id='word_1_55' title='bbox 703 995 722 1027; x_wconf 89' lang='grc'><em>‹</em></span> <span class='ocrx_word' id='word_1_56' title='bbox 782 973 1101 1029; x_wconf 87' lang='lat' dir='ltr'><strong>Sermonem</strong></span> <span class='ocrx_word' id='word_1_57' title='bbox 1138 985 1299 1041; x_wconf 89' lang='lat' dir='ltr'><strong>quem</strong></span> <span class='ocrx_word' id='word_1_58' title='bbox 1358 968 1619 1030; x_wconf 84' lang='lat' dir='ltr'><strong>audistis,</strong></span> <span class='ocrx_word' id='word_1_59' title='bbox 1676 982 1783 1018; x_wconf 91' lang='lat' dir='ltr'><strong>non</strong></span> <span class='ocrx_word' id='word_1_60' title='bbox 1815 973 1897 1020; x_wconf 90' lang='lat' dir='ltr'><strong>est</strong></span> <span class='ocrx_word' id='word_1_61' title='bbox 1933 978 2127 1022; x_wconf 89' lang='lat' dir='ltr'><strong>meus.</strong></span> <span class='ocrx_word' id='word_1_62' title='bbox 2185 962 2277 1016; x_wconf 61' lang='lat' dir='ltr'><strong>sui</strong></span> 
     </span>
    </p>
   </div>
   <div class='ocr_carea' id='block_1_10' title="bbox 696 1054 2281 1132">
    <p class='ocr_par' dir='ltr' id='par_1_10' title="bbox 696 1054 2281 1132">
     <span class='ocr_line' id='line_1_10' title="bbox 696 1054 2281 1132; baseline -0.008 -14"><span class='ocrx_word' id='word_1_63' title='bbox 696 1064 817 1132; x_wconf 87' lang='lat' dir='ltr'><strong>ejus</strong></span> <span class='ocrx_word' id='word_1_64' title='bbox 849 1062 943 1131; x_wconf 88' lang='lat' dir='ltr'><strong>qui</strong></span> <span class='ocrx_word' id='word_1_65' title='bbox 972 1060 1121 1115; x_wconf 89' lang='lat' dir='ltr'><strong>misit</strong></span> <span class='ocrx_word' id='word_1_66' title='bbox 1150 1074 1256 1122; x_wconf 92' lang='lat' dir='ltr'><strong>me,</strong></span> <span class='ocrx_word' id='word_1_67' title='bbox 1282 1057 1493 1122; x_wconf 89' lang='lat' dir='ltr'><strong>Patris;</strong></span> <span class='ocrx_word' id='word_1_68' title='bbox 1524 1076 1541 1106; x_wconf 72' lang='grc' dir='ltr'><strong>ι</strong></span> <span class='ocrx_word' id='word_1_69' title='bbox 1575 1064 1671 1108; x_wconf 94' lang='lat' dir='ltr'><strong>aut</strong></span> <span class='ocrx_word' id='word_1_70' title='bbox 1692 1064 1843 1108; x_wconf 83' lang='lat' dir='ltr'><strong>certe</strong></span> <span class='ocrx_word' id='word_1_71' title='bbox 1873 1054 2032 1108; x_wconf 83' lang='lat' dir='ltr'><strong>aliter</strong></span> <span class='ocrx_word' id='word_1_72' title='bbox 2060 1067 2281 1122; x_wconf 85' lang='lat' dir='ltr'><strong>quoque</strong></span> 
     </span>
    </p>
   </div>
   <div class='ocr_carea' id='block_1_11' title="bbox 697 1147 2279 1224">
    <p class='ocr_par' dir='ltr' id='par_1_11' title="bbox 697 1147 2279 1224">
     <span class='ocr_line' id='line_1_11' title="bbox 697 1147 2279 1224; baseline -0.009 -14"><span class='ocrx_word' id='word_1_73' title='bbox 697 1156 1091 1224; x_wconf 75' lang='lat' dir='ltr'><strong>intelligemus.</strong></span> <span class='ocrx_word' id='word_1_74' title='bbox 1130 1150 1224 1205; x_wconf 90' lang='lat' dir='ltr'><strong>Dei</strong></span> <span class='ocrx_word' id='word_1_75' title='bbox 1268 1151 1412 1205; x_wconf 86' lang='lat' dir='ltr'><strong>enim</strong></span> <span class='ocrx_word' id='word_1_76' title='bbox 1448 1165 1513 1204; x_wconf 90' lang='lat' dir='ltr'><strong>ac</strong></span> <span class='ocrx_word' id='word_1_77' title='bbox 1556 1147 1736 1201; x_wconf 86' lang='lat' dir='ltr'><strong>Patris</strong></span> <span class='ocrx_word' id='word_1_78' title='bbox 1770 1160 1931 1201; x_wconf 84' lang='lat' dir='ltr'><strong>suum</strong></span> <span class='ocrx_word' id='word_1_79' title='bbox 1968 1158 2279 1199; x_wconf 90' lang='lat' dir='ltr'><strong>sermonem</strong></span> 
     </span>
    </p>
   </div>
   <div class='ocr_carea' id='block_1_12' title="bbox 694 1236 2278 1314">
    <p class='ocr_par' dir='ltr' id='par_1_12' title="bbox 694 1236 2278 1314">
     <span class='ocr_line' id='line_1_12' title="bbox 694 1236 2278 1314; baseline -0.008 -13"><span class='ocrx_word' id='word_1_80' title='bbox 694 1248 850 1312; x_wconf 81' lang='lat' dir='ltr'><strong>dicit,</strong></span> <span class='ocrx_word' id='word_1_81' title='bbox 887 1252 945 1299; x_wconf 91' lang='lat' dir='ltr'><strong>ut</strong></span> <span class='ocrx_word' id='word_1_82' title='bbox 970 1244 1065 1314; x_wconf 87' lang='lat' dir='ltr'><strong>qui</strong></span> <span class='ocrx_word' id='word_1_83' title='bbox 1094 1258 1219 1298; x_wconf 90' lang='lat' dir='ltr'><strong>eum</strong></span> <span class='ocrx_word' id='word_1_84' title='bbox 1244 1249 1467 1297; x_wconf 81' lang='lat' dir='ltr'><strong>servant</strong></span> <span class='ocrx_word' id='word_1_85' title='bbox 1498 1239 1680 1295; x_wconf 87' lang='lat' dir='ltr'><strong>sciant</strong></span> <span class='ocrx_word' id='word_1_86' title='bbox 1703 1253 1763 1293; x_wconf 93' lang='lat' dir='ltr'><strong>se</strong></span> <span class='ocrx_word' id='word_1_87' title='bbox 1796 1237 1963 1291; x_wconf 88' lang='lat' dir='ltr'><strong>Deum</strong></span> <span class='ocrx_word' id='word_1_88' title='bbox 1988 1236 2278 1299; x_wconf 88' lang='lat' dir='ltr'><strong>honorare,</strong></span> 
     </span>
    </p>
   </div>
   <div class='ocr_carea' id='block_1_13' title="bbox 692 1327 2277 1406">
    <p class='ocr_par' dir='ltr' id='par_1_13' title="bbox 692 1327 2277 1406">
     <span class='ocr_line' id='line_1_13' title="bbox 692 1327 2277 1406; baseline -0.012 -9"><span class='ocrx_word' id='word_1_89' title='bbox 692 1339 1042 1397; x_wconf 85' lang='lat' dir='ltr'><strong>sermonibus</strong></span> <span class='ocrx_word' id='word_1_90' title='bbox 1074 1337 1197 1406; x_wconf 84' lang='lat' dir='ltr'><strong>ejus</strong></span> <span class='ocrx_word' id='word_1_91' title='bbox 1228 1334 1501 1405; x_wconf 87' lang='lat' dir='ltr'><strong>persuasi.</strong></span> <span class='ocrx_word' id='word_1_92' title='bbox 1542 1331 1647 1398; x_wconf 86' lang='lat' dir='ltr'><strong>Qui</strong></span> <span class='ocrx_word' id='word_1_93' title='bbox 1682 1346 1814 1386; x_wconf 90' lang='lat' dir='ltr'><strong>vero</strong></span> <span class='ocrx_word' id='word_1_94' title='bbox 1850 1329 1906 1383; x_wconf 93' lang='lat' dir='ltr'><strong>in</strong></span> <span class='ocrx_word' id='word_1_95' title='bbox 1940 1327 2277 1383; x_wconf 88' lang='lat' dir='ltr'><strong>contrarium</strong></span> 
     </span>
    </p>
   </div>
   <div class='ocr_carea' id='block_1_14' title="bbox 693 1418 2277 1487">
    <p class='ocr_par' dir='ltr' id='par_1_14' title="bbox 693 1418 2277 1487">
     <span class='ocr_line' id='line_1_14' title="bbox 693 1418 2277 1487; baseline -0.011 0"><span class='ocrx_word' id='word_1_96' title='bbox 693 1431 1016 1487; x_wconf 89' lang='lat' dir='ltr'><strong>ceciderunt</strong></span> <span class='ocrx_word' id='word_1_97' title='bbox 1055 1436 1111 1482; x_wconf 91' lang='lat' dir='ltr'><strong>et</strong></span> <span class='ocrx_word' id='word_1_98' title='bbox 1153 1426 1537 1482; x_wconf 86' lang='lat' dir='ltr'><strong>incredulitate</strong></span> <span class='ocrx_word' id='word_1_99' title='bbox 1577 1438 1676 1477; x_wconf 89' lang='lat' dir='ltr'><strong>sua</strong></span> <span class='ocrx_word' id='word_1_100' title='bbox 1707 1420 1896 1475; x_wconf 91' lang='lat' dir='ltr'><strong>datum</strong></span> <span class='ocrx_word' id='word_1_101' title='bbox 1952 1418 2277 1472; x_wconf 85' lang='lat' dir='ltr'><strong>mandatum</strong></span> 
     </span>
    </p>
   </div>
   <div class='ocr_carea' id='block_1_15' title="bbox 694 1507 2277 1581">
    <p class='ocr_par' dir='ltr' id='par_1_15' title="bbox 694 1507 2277 1581">
     <span class='ocr_line' id='line_1_15' title="bbox 694 1507 2277 1581; baseline -0.009 -6"><span class='ocrx_word' id='word_1_102' title='bbox 694 1522 899 1576; x_wconf 88' lang='lat' dir='ltr'><strong>violare</strong></span> <span class='ocrx_word' id='word_1_103' title='bbox 932 1534 1045 1573; x_wconf 91' lang='lat' dir='ltr'><strong>non</strong></span> <span class='ocrx_word' id='word_1_104' title='bbox 1080 1523 1363 1581; x_wconf 87' lang='lat' dir='ltr'><strong>verentur,</strong></span> <span class='ocrx_word' id='word_1_105' title='bbox 1399 1514 1452 1567; x_wconf 90' lang='lat' dir='ltr'><strong>in</strong></span> <span class='ocrx_word' id='word_1_106' title='bbox 1503 1513 1677 1581; x_wconf 87' lang='lat' dir='ltr'><strong>ipsam</strong></span> <span class='ocrx_word' id='word_1_107' title='bbox 1744 1518 1978 1580; x_wconf 84' lang='lat' dir='ltr'><strong>peccant</strong></span> <span class='ocrx_word' id='word_1_108' title='bbox 2028 1507 2277 1562; x_wconf 92' lang='lat' dir='ltr'><strong>omnium</strong></span> 
     </span>
    </p>
   </div>
   <div class='ocr_carea' id='block_1_16' title="bbox 694 1596 2275 1679">
    <p class='ocr_par' dir='ltr' id='par_1_16' title="bbox 694 1596 2275 1679">
     <span class='ocr_line' id='line_1_16' title="bbox 694 1596 2275 1679; baseline -0.011 -14"><span class='ocrx_word' id='word_1_109' title='bbox 694 1610 939 1679; x_wconf 79' lang='lat' dir='ltr'><strong>reginam</strong></span> <span class='ocrx_word' id='word_1_110' title='bbox 968 1614 1245 1662; x_wconf 90' lang='lat' dir='ltr'><strong>naturam.</strong></span> <span class='ocrx_word' id='word_1_111' title='bbox 1281 1602 1501 1657; x_wconf 91' lang='lat' dir='ltr'><strong>Duobus</strong></span> <span class='ocrx_word' id='word_1_112' title='bbox 1536 1607 1719 1655; x_wconf 90' lang='lat' dir='ltr'><strong>autem</strong></span> <span class='ocrx_word' id='word_1_113' title='bbox 1756 1597 1935 1652; x_wconf 88' lang='lat' dir='ltr'><strong>modis</strong></span> <span class='ocrx_word' id='word_1_114' title='bbox 1962 1596 2275 1650; x_wconf 89' lang='lat' dir='ltr'><strong>auditorum</strong></span> 
     </span>
    </p>
   </div>
   <div class='ocr_carea' id='block_1_17' title="bbox 695 1687 2277 1766">
    <p class='ocr_par' dir='ltr' id='par_1_17' title="bbox 695 1687 2277 1766">
     <span class='ocr_line' id='line_1_17' title="bbox 695 1687 2277 1766; baseline -0.01 -9"><span class='ocrx_word' id='word_1_115' title='bbox 695 1703 913 1757; x_wconf 83' lang='lat' dir='ltr'><strong>animus</strong></span> <span class='ocrx_word' id='word_1_116' title='bbox 946 1693 1509 1766; x_wconf 75' lang='lat' dir='ltr'><strong>conﬁrmari&#39;potcst:</strong></span> <span class='ocrx_word' id='word_1_117' title='bbox 1544 1702 1637 1746; x_wconf 82' lang='lat' dir='ltr'><strong>aut</strong></span> <span class='ocrx_word' id='word_1_118' title='bbox 1661 1690 1807 1745; x_wconf 91' lang='lat' dir='ltr'><strong>enim</strong></span> <span class='ocrx_word' id='word_1_119' title='bbox 1843 1688 2150 1743; x_wconf 89' lang='lat' dir='ltr'><strong>honorandi</strong></span> <span class='ocrx_word' id='word_1_120' title='bbox 2182 1687 2277 1743; x_wconf 89' lang='lat' dir='ltr'><strong>Dei</strong></span> 
     </span>
    </p>
   </div>
   <div class='ocr_carea' id='block_1_18' title="bbox 692 1782 2277 1853">
    <p class='ocr_par' dir='ltr' id='par_1_18' title="bbox 692 1782 2277 1853">
     <span class='ocr_line' id='line_1_18' title="bbox 692 1782 2277 1853; baseline -0.01 -4"><span class='ocrx_word' id='word_1_121' title='bbox 692 1795 960 1849; x_wconf 88' lang='lat' dir='ltr'><strong>voluntas</strong></span> <span class='ocrx_word' id='word_1_122' title='bbox 991 1791 1057 1845; x_wconf 90' lang='lat' dir='ltr'><strong>ad</strong></span> <span class='ocrx_word' id='word_1_123' title='bbox 1086 1787 1419 1844; x_wconf 89' lang='lat' dir='ltr'><strong>credendum</strong></span> <span class='ocrx_word' id='word_1_124' title='bbox 1450 1784 1642 1853; x_wconf 86' lang='lat' dir='ltr'><strong>utique</strong></span> <span class='ocrx_word' id='word_1_125' title='bbox 1666 1782 1969 1852; x_wconf 82' lang='lat' dir='ltr'><strong>impulerit,</strong></span> <span class='ocrx_word' id='word_1_126' title='bbox 2003 1788 2098 1835; x_wconf 91' lang='lat' dir='ltr'><strong>aut</strong></span> <span class='ocrx_word' id='word_1_127' title='bbox 2125 1787 2277 1834; x_wconf 89' lang='lat' dir='ltr'><strong>certe</strong></span> 
     </span>
    </p>
   </div>
   <div class='ocr_carea' id='block_1_19' title="bbox 2383 597 3920 674">
    <p class='ocr_par' dir='ltr' id='par_1_19' title="bbox 2383 597 3920 674">
     <span class='ocr_line' id='line_1_19' title="bbox 2383 597 3920 674; baseline 0.001 -24"><span class='ocrx_word' id='word_1_128' title='bbox 2383 598 2628 669; x_wconf 86' lang='grc' dir='ltr'>ρημένης</span> <span class='ocrx_word' id='word_1_129' title='bbox 2650 603 2751 668; x_wconf 79' lang='grc' dir='ltr'><strong>τῆς</strong></span> <span class='ocrx_word' id='word_1_130' title='bbox 2775 598 3057 669; x_wconf 79' lang='grc' dir='ltr'>ἀμείνονος</span> <span class='ocrx_word' id='word_1_131' title='bbox 3080 598 3322 668; x_wconf 75' lang='grc' dir='ltr'><strong>ἐντολῆς,</strong></span> <span class='ocrx_word' id='word_1_132' title='bbox 3349 597 3463 650; x_wconf 78' lang='grc' dir='ltr'>ἀλλ’</span> <span class='ocrx_word' id='word_1_133' title='bbox 3497 598 3573 660; x_wconf 82' lang='grc' dir='ltr'>ὡς</span> <span class='ocrx_word' id='word_1_134' title='bbox 3604 597 3659 649; x_wconf 76' lang='grc' dir='ltr'><strong>ἐν</strong></span> <span class='ocrx_word' id='word_1_135' title='bbox 3688 602 3845 671; x_wconf 78' lang='grc' dir='ltr'>καιρῷ</span> <span class='ocrx_word' id='word_1_136' title='bbox 3863 606 3920 674; x_wconf 71' lang='grc' dir='ltr'>τῷ</span> 
     </span>
    </p>
   </div>
   <div class='ocr_carea' id='block_1_20' title="bbox 2379 682 3917 762">
    <p class='ocr_par' dir='ltr' id='par_1_20' title="bbox 2379 682 3917 762">
     <span class='ocr_line' id='line_1_20' title="bbox 2379 682 3917 762; baseline 0.003 -19"><span class='ocrx_word' id='word_1_137' title='bbox 2379 690 2549 743; x_wconf 82' lang='grc' dir='ltr'>δέοντι</span> <span class='ocrx_word' id='word_1_138' title='bbox 2586 691 3112 761; x_wconf 85' lang='grc' dir='ltr'>μεταπεπλασμένου</span> <span class='ocrx_word' id='word_1_139' title='bbox 3162 690 3256 743; x_wconf 86' lang='grc' dir='ltr'><strong>τοῦ</strong></span> <span class='ocrx_word' id='word_1_140' title='bbox 3300 690 3473 743; x_wconf 87' lang='grc' dir='ltr'>τύπου</span> <span class='ocrx_word' id='word_1_141' title='bbox 3518 682 3655 761; x_wconf 78' lang='grc' dir='ltr'>πρὸς</span> <span class='ocrx_word' id='word_1_142' title='bbox 3684 692 3917 762; x_wconf 78' lang='grc' dir='ltr'>ἀλήθειαν.</span> 
     </span>
    </p>
   </div>
   <div class='ocr_carea' id='block_1_21' title="bbox 2392 780 3919 855">
    <p class='ocr_par' dir='ltr' id='par_1_21' title="bbox 2392 780 3919 855">
     <span class='ocr_line' id='line_1_21' title="bbox 2392 780 3919 855; baseline 0.002 -21"><span class='ocrx_word' id='word_1_143' title='bbox 2392 781 2450 834; x_wconf 82' lang='grc' dir='ltr'><strong>Ὀ</strong></span> <span class='ocrx_word' id='word_1_144' title='bbox 2480 782 2585 852; x_wconf 86' lang='grc' dir='ltr'><strong>γὰρ</strong></span> <span class='ocrx_word' id='word_1_145' title='bbox 2629 784 2809 834; x_wconf 83' lang='grc' dir='ltr'>ἐκεῖνα</span> <span class='ocrx_word' id='word_1_146' title='bbox 2856 782 3096 851; x_wconf 76' lang='grc' dir='ltr'><strong>λαλήσας</strong></span> <span class='ocrx_word' id='word_1_147' title='bbox 3142 781 3209 834; x_wconf 82' lang='grc' dir='ltr'>δι’</span> <span class='ocrx_word' id='word_1_148' title='bbox 3246 780 3381 851; x_wconf 86' lang='grc' dir='ltr'>ἐμοῦ</span> <span class='ocrx_word' id='word_1_149' title='bbox 3423 784 3541 843; x_wconf 86' lang='grc' dir='ltr'>τοῖς</span> <span class='ocrx_word' id='word_1_150' title='bbox 3594 782 3919 855; x_wconf 68' lang='grc' dir='ltr'>ἀρχαιοτέροις</span> 
     </span>
    </p>
   </div>
   <div class='ocr_carea' id='block_1_22' title="bbox 2380 872 3919 944">
    <p class='ocr_par' dir='ltr' id='par_1_22' title="bbox 2380 872 3919 944">
     <span class='ocr_line' id='line_1_22' title="bbox 2380 872 3919 944; baseline 0.005 -20"><span class='ocrx_word' id='word_1_151' title='bbox 2380 872 2521 937; x_wconf 87' lang='grc' dir='ltr'>τότε,</span> <span class='ocrx_word' id='word_1_152' title='bbox 2552 872 2841 925; x_wconf 70' lang='grc' dir='ltr'>καὶταῦτα</span> <span class='ocrx_word' id='word_1_153' title='bbox 2872 874 2991 925; x_wconf 74' lang='grc' dir='ltr'>νυνὶ</span> <span class='ocrx_word' id='word_1_154' title='bbox 3013 873 3149 943; x_wconf 71' lang='grc' dir='ltr'>πρὸς</span> <span class='ocrx_word' id='word_1_155' title='bbox 3179 874 3343 942; x_wconf 78' lang='grc' dir='ltr'>ὑμᾶς.</span> <span class='ocrx_word' id='word_1_156' title='bbox 3371 873 3551 940; x_wconf 81' lang='grc' dir='ltr'>Λόγος</span> <span class='ocrx_word' id='word_1_157' title='bbox 3581 874 3688 943; x_wconf 88' lang='grc' dir='ltr'><strong>γάρ</strong></span> <span class='ocrx_word' id='word_1_158' title='bbox 3718 877 3819 944; x_wconf 84' lang='grc' dir='ltr'>εἰμι</span> <span class='ocrx_word' id='word_1_159' title='bbox 3840 877 3919 942; x_wconf 77' lang='grc' dir='ltr'><strong>ζῶν</strong></span> 
     </span>
    </p>
   </div>
   <div class='ocr_carea' id='block_1_23' title="bbox 2379 964 3921 1039">
    <p class='ocr_par' dir='ltr' id='par_1_23' title="bbox 2379 964 3921 1039">
     <span class='ocr_line' id='line_1_23' title="bbox 2379 964 3921 1039; baseline 0.004 -23"><span class='ocrx_word' id='word_1_160' title='bbox 2379 967 2477 1035; x_wconf 82' lang='grc' dir='ltr'><strong>τῆς</strong></span> <span class='ocrx_word' id='word_1_161' title='bbox 2498 964 2589 1017; x_wconf 87' lang='grc' dir='ltr'><strong>τοῦ</strong></span> <span class='ocrx_word' id='word_1_162' title='bbox 2620 964 2751 1017; x_wconf 82' lang='grc' dir='ltr'>Θεοῦ</span> <span class='ocrx_word' id='word_1_163' title='bbox 2777 966 2869 1017; x_wconf 72' lang='grc' dir='ltr'><strong>καὶ</strong></span> <span class='ocrx_word' id='word_1_164' title='bbox 2889 966 3099 1033; x_wconf 73' lang='grc' dir='ltr'>Πατρδς</span> <span class='ocrx_word' id='word_1_165' title='bbox 3124 966 3368 1035; x_wconf 73' lang='grc' dir='ltr'>ἀρρήτου</span> <span class='ocrx_word' id='word_1_166' title='bbox 3405 964 3683 1035; x_wconf 80' lang='grc' dir='ltr'>θελήσεως</span> <span class='ocrx_word' id='word_1_167' title='bbox 3707 968 3921 1039; x_wconf 68' lang='grc' dir='ltr'>ἑρμηνευ-</span> 
     </span>
    </p>
   </div>
   <div class='ocr_carea' id='block_1_24' title="bbox 2380 1053 3917 1125">
    <p class='ocr_par' dir='ltr' id='par_1_24' title="bbox 2380 1053 3917 1125">
     <span class='ocr_line' id='line_1_24' title="bbox 2380 1053 3917 1125; baseline 0.005 -20"><span class='ocrx_word' id='word_1_168' title='bbox 2380 1053 2550 1115; x_wconf 81' lang='grc' dir='ltr'>τικὸς,</span> <span class='ocrx_word' id='word_1_169' title='bbox 2583 1053 2663 1105; x_wconf 83' lang='grc' dir='ltr'><strong>διὸ</strong></span> <span class='ocrx_word' id='word_1_170' title='bbox 2688 1053 2779 1106; x_wconf 74' lang='grc' dir='ltr'><strong>καὶ</strong></span> <span class='ocrx_word' id='word_1_171' title='bbox 2824 1053 3097 1123; x_wconf 83' lang='grc' dir='ltr'>κέκλημαι</span> <span class='ocrx_word' id='word_1_172' title='bbox 3146 1054 3392 1123; x_wconf 74' lang='grc' dir='ltr'>μεγάλης</span> <span class='ocrx_word' id='word_1_173' title='bbox 3439 1054 3643 1124; x_wconf 76' lang='grc' dir='ltr'>βουλῆς</span> <span class='ocrx_word' id='word_1_174' title='bbox 3679 1056 3917 1125; x_wconf 73' lang='grc' dir='ltr'>Ἄγγελος.</span> 
     </span>
    </p>
   </div>
   <div class='ocr_carea' id='block_1_25' title="bbox 2386 1145 3918 1221">
    <p class='ocr_par' dir='ltr' id='par_1_25' title="bbox 2386 1145 3918 1221">
     <span class='ocr_line' id='line_1_25' title="bbox 2386 1145 3918 1221; baseline 0.003 -22"><span class='ocrx_word' id='word_1_175' title='bbox 2386 1145 2455 1199; x_wconf 85' lang='grc' dir='ltr'><em>Ἦ</em></span> <span class='ocrx_word' id='word_1_176' title='bbox 2489 1146 2595 1215; x_wconf 85' lang='grc' dir='ltr'>γὰρ</span> <span class='ocrx_word' id='word_1_177' title='bbox 2625 1146 2764 1199; x_wconf 87' lang='grc' dir='ltr'><strong>κατά</strong></span> <span class='ocrx_word' id='word_1_178' title='bbox 2788 1146 2974 1200; x_wconf 87' lang='grc' dir='ltr'>τοῦτον</span> <span class='ocrx_word' id='word_1_179' title='bbox 2998 1147 3090 1199; x_wconf 75' lang='grc' dir='ltr'>τὸν</span> <span class='ocrx_word' id='word_1_180' title='bbox 3129 1147 3329 1216; x_wconf 81' lang='grc' dir='ltr'>τρόπον</span> <span class='ocrx_word' id='word_1_181' title='bbox 3361 1145 3697 1217; x_wconf 40' lang='lat' dir='ltr'><strong>exaggerata:</strong></span> <span class='ocrx_word' id='word_1_182' title='bbox 3719 1150 3775 1201; x_wconf 72' lang='grc' dir='ltr'>τὸ</span> <span class='ocrx_word' id='word_1_183' title='bbox 3802 1154 3918 1221; x_wconf 67' lang='grc' dir='ltr'>εἰρη-</span> 
     </span>
    </p>
   </div>
   <div class='ocr_carea' id='block_1_26' title="bbox 2383 1237 3920 1309">
    <p class='ocr_par' dir='ltr' id='par_1_26' title="bbox 2383 1237 3920 1309">
     <span class='ocr_line' id='line_1_26' title="bbox 2383 1237 3920 1309; baseline 0.004 -20"><span class='ocrx_word' id='word_1_184' title='bbox 2383 1237 2565 1307; x_wconf 80' lang='grc' dir='ltr'>μένον,</span> <span class='ocrx_word' id='word_1_185' title='bbox 2594 1238 2736 1309; x_wconf 70' lang='grc' dir='ltr'>φημὶ</span> <span class='ocrx_word' id='word_1_186' title='bbox 2773 1239 2828 1292; x_wconf 88' lang='grc' dir='ltr'>δὲ</span> <span class='ocrx_word' id='word_1_187' title='bbox 2858 1238 2939 1302; x_wconf 81' lang='grc' dir='ltr'><strong>τὸ,</strong></span> <span class='ocrx_word' id='word_1_188' title='bbox 2986 1258 3004 1289; x_wconf 73' lang='grc' dir='ltr'><strong>ι</strong></span> <span class='ocrx_word' id='word_1_189' title='bbox 3041 1240 3097 1292; x_wconf 86' lang='lat'><strong>&#39;0</strong></span> <span class='ocrx_word' id='word_1_190' title='bbox 3127 1238 3286 1307; x_wconf 82' lang='grc' dir='ltr'>λόγος</span> <span class='ocrx_word' id='word_1_191' title='bbox 3310 1238 3369 1291; x_wconf 86' lang='grc' dir='ltr'>ὃν</span> <span class='ocrx_word' id='word_1_192' title='bbox 3400 1238 3660 1305; x_wconf 86' lang='grc' dir='ltr'>ἀκούετε,</span> <span class='ocrx_word' id='word_1_193' title='bbox 3692 1240 3783 1293; x_wconf 73' lang='grc' dir='ltr'><strong>οὐκ</strong></span> <span class='ocrx_word' id='word_1_194' title='bbox 3810 1242 3920 1295; x_wconf 78' lang='grc' dir='ltr'>ἐστιν</span> 
     </span>
    </p>
   </div>
   <div class='ocr_carea' id='block_1_27' title="bbox 2379 1312 3916 1400">
    <p class='ocr_par' dir='ltr' id='par_1_27' title="bbox 2379 1312 3916 1400">
     <span class='ocr_line' id='line_1_27' title="bbox 2379 1312 3916 1400; baseline 0.006 -22"><span class='ocrx_word' id='word_1_195' title='bbox 2379 1326 2532 1396; x_wconf 75' lang='grc' dir='ltr'>ἐμὸς,</span> <span class='ocrx_word' id='word_1_196' title='bbox 2580 1327 2714 1381; x_wconf 88' lang='grc' dir='ltr'><strong>ἀλλά</strong></span> <span class='ocrx_word' id='word_1_197' title='bbox 2742 1328 2836 1381; x_wconf 87' lang='grc' dir='ltr'><strong>τοῦ</strong></span> <span class='ocrx_word' id='word_1_198' title='bbox 2869 1312 3181 1400; x_wconf 68' lang='grc' dir='ltr'>πέμψαντός</span> <span class='ocrx_word' id='word_1_199' title='bbox 3231 1347 3297 1399; x_wconf 87' lang='grc' dir='ltr'><strong>με</strong></span> <span class='ocrx_word' id='word_1_200' title='bbox 3334 1329 3577 1400; x_wconf 84' lang='grc' dir='ltr'>Πατρὺς,</span> <span class='ocrx_word' id='word_1_201' title='bbox 3608 1350 3626 1379; x_wconf 71' lang='grc' dir='ltr'><strong>ι</strong></span> <span class='ocrx_word' id='word_1_202' title='bbox 3673 1332 3823 1400; x_wconf 72' lang='grc' dir='ltr'>ἤγουν</span> <span class='ocrx_word' id='word_1_203' title='bbox 3852 1339 3916 1387; x_wconf 76' lang='grc' dir='ltr'><strong>καί</strong></span> 
     </span>
    </p>
   </div>
   <div class='ocr_carea' id='block_1_28' title="bbox 2379 1417 3917 1493">
    <p class='ocr_par' dir='ltr' id='par_1_28' title="bbox 2379 1417 3917 1493">
     <span class='ocr_line' id='line_1_28' title="bbox 2379 1417 3917 1493; baseline 0.005 -23"><span class='ocrx_word' id='word_1_204' title='bbox 2379 1417 2579 1489; x_wconf 81' lang='grc' dir='ltr'>ἑτέρως</span> <span class='ocrx_word' id='word_1_205' title='bbox 2634 1420 2921 1490; x_wconf 81' lang='grc' dir='ltr'>νοήσομεν.</span> <span class='ocrx_word' id='word_1_206' title='bbox 2972 1420 3081 1473; x_wconf 89' lang='grc' dir='ltr'><strong>Τοῦ</strong></span> <span class='ocrx_word' id='word_1_207' title='bbox 3129 1421 3239 1491; x_wconf 82' lang='grc' dir='ltr'>γὰρ</span> <span class='ocrx_word' id='word_1_208' title='bbox 3291 1420 3430 1474; x_wconf 82' lang='grc' dir='ltr'>Θεοῦ</span> <span class='ocrx_word' id='word_1_209' title='bbox 3480 1422 3579 1475; x_wconf 74' lang='grc' dir='ltr'><strong>καὶ</strong></span> <span class='ocrx_word' id='word_1_210' title='bbox 3624 1423 3821 1493; x_wconf 77' lang='grc' dir='ltr'>Πατρδς</span> <span class='ocrx_word' id='word_1_211' title='bbox 3853 1426 3917 1478; x_wconf 66' lang='grc' dir='ltr'>τὸν</span> 
     </span>
    </p>
   </div>
   <div class='ocr_carea' id='block_1_29' title="bbox 2378 1508 3918 1581">
    <p class='ocr_par' dir='ltr' id='par_1_29' title="bbox 2378 1508 3918 1581">
     <span class='ocr_line' id='line_1_29' title="bbox 2378 1508 3918 1581; baseline 0.006 -21"><span class='ocrx_word' id='word_1_212' title='bbox 2378 1508 2573 1561; x_wconf 88' lang='grc' dir='ltr'>ἐαυτοῦ</span> <span class='ocrx_word' id='word_1_213' title='bbox 2618 1509 2774 1578; x_wconf 90' lang='grc' dir='ltr'>λόγον</span> <span class='ocrx_word' id='word_1_214' title='bbox 2821 1511 3019 1581; x_wconf 68' lang='grc' dir='ltr'>φησὶν,</span> <span class='ocrx_word' id='word_1_215' title='bbox 3070 1512 3160 1563; x_wconf 82' lang='grc' dir='ltr'><strong>ἵνα</strong></span> <span class='ocrx_word' id='word_1_216' title='bbox 3190 1512 3239 1563; x_wconf 75' lang='grc' dir='ltr'><strong>οἱ</strong></span> <span class='ocrx_word' id='word_1_217' title='bbox 3291 1513 3390 1581; x_wconf 83' lang='grc' dir='ltr'>μὲν</span> <span class='ocrx_word' id='word_1_218' title='bbox 3446 1512 3743 1581; x_wconf 82' lang='grc' dir='ltr'>τηροῦντες</span> <span class='ocrx_word' id='word_1_219' title='bbox 3773 1516 3918 1569; x_wconf 78' lang='grc' dir='ltr'>εἰδεῖεν</span> 
     </span>
    </p>
   </div>
   <div class='ocr_carea' id='block_1_30' title="bbox 2377 1597 3917 1671">
    <p class='ocr_par' dir='ltr' id='par_1_30' title="bbox 2377 1597 3917 1671">
     <span class='ocr_line' id='line_1_30' title="bbox 2377 1597 3917 1671; baseline 0.007 -21"><span class='ocrx_word' id='word_1_220' title='bbox 2377 1598 2457 1651; x_wconf 82' lang='grc' dir='ltr'>ὅτι</span> <span class='ocrx_word' id='word_1_221' title='bbox 2472 1597 2612 1651; x_wconf 82' lang='grc' dir='ltr'>Θεὸν</span> <span class='ocrx_word' id='word_1_222' title='bbox 2634 1600 2981 1670; x_wconf 78' lang='grc' dir='ltr'>τετιμήκασι,</span> <span class='ocrx_word' id='word_1_223' title='bbox 3008 1602 3122 1659; x_wconf 84' lang='grc' dir='ltr'>τοῖς</span> <span class='ocrx_word' id='word_1_224' title='bbox 3151 1601 3281 1671; x_wconf 82' lang='grc' dir='ltr'>παρ’</span> <span class='ocrx_word' id='word_1_225' title='bbox 3315 1601 3486 1655; x_wconf 79' lang='grc' dir='ltr'>αὑτοῦ</span> <span class='ocrx_word' id='word_1_226' title='bbox 3518 1605 3763 1671; x_wconf 76' lang='grc' dir='ltr'>γεγονόσι</span> <span class='ocrx_word' id='word_1_227' title='bbox 3787 1624 3917 1662; x_wconf 80' lang='grc' dir='ltr'>κατα-</span> 
     </span>
    </p>
   </div>
   <div class='ocr_carea' id='block_1_31' title="bbox 2377 1688 3916 1761">
    <p class='ocr_par' dir='ltr' id='par_1_31' title="bbox 2377 1688 3916 1761">
     <span class='ocr_line' id='line_1_31' title="bbox 2377 1688 3916 1761; baseline 0.005 -20"><span class='ocrx_word' id='word_1_228' title='bbox 2377 1688 2690 1759; x_wconf 76' lang='grc' dir='ltr'>πειθόμενοι</span> <span class='ocrx_word' id='word_1_229' title='bbox 2720 1688 2919 1756; x_wconf 85' lang='grc' dir='ltr'>λόγοις.</span> <span class='ocrx_word' id='word_1_230' title='bbox 2956 1690 3018 1742; x_wconf 90' lang='grc' dir='ltr'>Οἰ</span> <span class='ocrx_word' id='word_1_231' title='bbox 3046 1688 3103 1741; x_wconf 85' lang='grc' dir='ltr'><strong>δέ</strong></span> <span class='ocrx_word' id='word_1_232' title='bbox 3140 1706 3203 1756; x_wconf 88' lang='grc' dir='ltr'><strong>γε</strong></span> <span class='ocrx_word' id='word_1_233' title='bbox 3236 1690 3374 1761; x_wconf 81' lang='grc' dir='ltr'>πρὸς</span> <span class='ocrx_word' id='word_1_234' title='bbox 3402 1691 3465 1743; x_wconf 86' lang='grc' dir='ltr'><strong>τὸ</strong></span> <span class='ocrx_word' id='word_1_235' title='bbox 3498 1691 3676 1761; x_wconf 86' lang='grc' dir='ltr'>τούτῳ</span> <span class='ocrx_word' id='word_1_236' title='bbox 3712 1697 3916 1760; x_wconf 77' lang='grc' dir='ltr'>πεσόντες</span> 
     </span>
    </p>
   </div>
   <div class='ocr_carea' id='block_1_32' title="bbox 2377 1780 3917 1856">
    <p class='ocr_par' dir='ltr' id='par_1_32' title="bbox 2377 1780 3917 1856">
     <span class='ocr_line' id='line_1_32' title="bbox 2377 1780 3917 1856; baseline 0.006 -24"><span class='ocrx_word' id='word_1_237' title='bbox 2377 1780 2639 1843; x_wconf 83' lang='grc' dir='ltr'>ἐναντίον,</span> <span class='ocrx_word' id='word_1_238' title='bbox 2676 1782 2770 1834; x_wconf 80' lang='grc' dir='ltr'><strong>καὶ</strong></span> <span class='ocrx_word' id='word_1_239' title='bbox 2818 1783 2936 1844; x_wconf 85' lang='grc' dir='ltr'>ταῖς</span> <span class='ocrx_word' id='word_1_240' title='bbox 2979 1781 3290 1845; x_wconf 86' lang='grc' dir='ltr'>ἀπειθείαις</span> <span class='ocrx_word' id='word_1_241' title='bbox 3334 1782 3434 1854; x_wconf 78' lang='grc' dir='ltr'><strong>τὴν</strong></span> <span class='ocrx_word' id='word_1_242' title='bbox 3468 1783 3719 1837; x_wconf 87' lang='grc' dir='ltr'>δοθεῖσαν</span> <span class='ocrx_word' id='word_1_243' title='bbox 3747 1789 3917 1856; x_wconf 74' lang='grc' dir='ltr'>ἐντολὴν</span> 
     </span>
    </p>
   </div>
   <div class='ocr_carea' id='block_1_33' title="bbox 694 1854 2271 1946">
    <p class='ocr_par' dir='ltr' id='par_1_33' title="bbox 694 1872 2271 1946">
     <span class='ocr_line' id='line_1_33' title="bbox 694 1872 2271 1946; baseline -0.01 -5"><span class='ocrx_word' id='word_1_244' title='bbox 694 1887 842 1941; x_wconf 91' lang='lat' dir='ltr'><strong>illius</strong></span> <span class='ocrx_word' id='word_1_245' title='bbox 871 1881 1177 1938; x_wconf 80' lang='lat' dir='ltr'><strong>oﬂ‘endendi</strong></span> <span class='ocrx_word' id='word_1_246' title='bbox 1200 1886 1378 1933; x_wconf 91' lang='lat' dir='ltr'><strong>metus</strong></span> <span class='ocrx_word' id='word_1_247' title='bbox 1409 1875 1647 1946; x_wconf 87' lang='lat' dir='ltr'><strong>idipsum</strong></span> <span class='ocrx_word' id='word_1_248' title='bbox 1677 1873 1896 1928; x_wconf 82' lang='lat' dir='ltr'><strong>eﬂiciet.</strong></span> <span class='ocrx_word' id='word_1_249' title='bbox 1933 1872 1993 1926; x_wconf 85' lang='lat' dir='ltr'><strong>In</strong></span> <span class='ocrx_word' id='word_1_250' title='bbox 2037 1879 2271 1942; x_wconf 88' lang='lat' dir='ltr'><strong>utroque</strong></span> 
     </span>
    </p>
   </div>
   <div class='ocr_carea' id='block_1_34' title="bbox 2376 1854 3913 1946">
    <p class='ocr_par' dir='ltr' id='par_1_34' title="bbox 2376 1869 3913 1946">
     <span class='ocr_line' id='line_1_34' title="bbox 2376 1869 3913 1946; baseline 0.006 -24"><span class='ocrx_word' id='word_1_251' title='bbox 2376 1869 2678 1941; x_wconf 78' lang='grc' dir='ltr'>ἐξυϐρίζειν</span> <span class='ocrx_word' id='word_1_252' title='bbox 2702 1870 2761 1923; x_wconf 83' lang='grc' dir='ltr'><strong>ού</strong></span> <span class='ocrx_word' id='word_1_253' title='bbox 2796 1871 3246 1942; x_wconf 83' lang='grc' dir='ltr'>παραιτούμενοι,</span> <span class='ocrx_word' id='word_1_254' title='bbox 3281 1874 3362 1935; x_wconf 88' lang='grc' dir='ltr'><strong>εἰς</strong></span> <span class='ocrx_word' id='word_1_255' title='bbox 3395 1874 3571 1943; x_wconf 78' lang='grc' dir='ltr'>αὐτὴν</span> <span class='ocrx_word' id='word_1_256' title='bbox 3598 1875 3913 1946; x_wconf 70' lang='grc' dir='ltr'>ἁμαρτάνουσι</span> 
     </span>
    </p>
   </div>
   <div class='ocr_carea' id='block_1_35' title="bbox 690 1964 2275 2037">
    <p class='ocr_par' dir='ltr' id='par_1_35' title="bbox 690 1964 2275 2037">
     <span class='ocr_line' id='line_1_35' title="bbox 690 1964 2275 2037; baseline -0.011 -3"><span class='ocrx_word' id='word_1_257' title='bbox 690 1979 836 2034; x_wconf 91' lang='lat' dir='ltr'><strong>enim</strong></span> <span class='ocrx_word' id='word_1_258' title='bbox 868 1985 1014 2031; x_wconf 85' lang='lat' dir='ltr'><strong>certa</strong></span> <span class='ocrx_word' id='word_1_259' title='bbox 1066 1970 1316 2027; x_wconf 86' lang='lat' dir='ltr'><strong>utilitatis</strong></span> <span class='ocrx_word' id='word_1_260' title='bbox 1351 1969 1490 2023; x_wconf 88' lang='lat' dir='ltr'><strong>ratio</strong></span> <span class='ocrx_word' id='word_1_261' title='bbox 1550 1973 1853 2037; x_wconf 85' lang='lat' dir='ltr'><strong>spectatur.</strong></span> <span class='ocrx_word' id='word_1_262' title='bbox 1909 1964 2049 2020; x_wconf 89' lang='lat' dir='ltr'><strong>Cum</strong></span> <span class='ocrx_word' id='word_1_263' title='bbox 2091 1972 2275 2018; x_wconf 89' lang='lat' dir='ltr'><strong>autem</strong></span> 
     </span>
    </p>
   </div>
   <div class='ocr_carea' id='block_1_36' title="bbox 690 2055 2279 2131">
    <p class='ocr_par' dir='ltr' id='par_1_36' title="bbox 690 2055 2279 2131">
     <span class='ocr_line' id='line_1_36' title="bbox 690 2055 2279 2131; baseline -0.009 -8"><span class='ocrx_word' id='word_1_264' title='bbox 690 2068 788 2131; x_wconf 88' lang='lat' dir='ltr'><strong>ait,</strong></span> <span class='ocrx_word' id='word_1_265' title='bbox 828 2086 845 2117; x_wconf 84' lang='grc'><em>‹</em></span> <span class='ocrx_word' id='word_1_266' title='bbox 887 2063 1003 2117; x_wconf 69' lang='lat' dir='ltr'><strong>Non</strong></span> <span class='ocrx_word' id='word_1_267' title='bbox 1036 2069 1121 2118; x_wconf 90' lang='lat' dir='ltr'><strong>est</strong></span> <span class='ocrx_word' id='word_1_268' title='bbox 1160 2074 1342 2116; x_wconf 87' lang='lat' dir='ltr'><strong>sermo</strong></span> <span class='ocrx_word' id='word_1_269' title='bbox 1373 2073 1552 2121; x_wconf 88' lang='lat' dir='ltr'><strong>meus,</strong></span> <span class='ocrx_word' id='word_1_270' title='bbox 1614 2075 1631 2107; x_wconf 87' lang='grc'><strong>›</strong></span> <span class='ocrx_word' id='word_1_271' title='bbox 1669 2055 2094 2126; x_wconf 86' lang='lat' dir='ltr'><strong>haudquaquam</strong></span> <span class='ocrx_word' id='word_1_272' title='bbox 2130 2064 2279 2108; x_wconf 87' lang='lat' dir='ltr'><strong>certe</strong></span> 
     </span>
    </p>
   </div>
   <div class='ocr_carea' id='block_1_37' title="bbox 691 2143 2273 2223">
    <p class='ocr_par' dir='ltr' id='par_1_37' title="bbox 691 2143 2273 2223">
     <span class='ocr_line' id='line_1_37' title="bbox 691 2143 2273 2223; baseline -0.011 -9"><span class='ocrx_word' id='word_1_273' title='bbox 691 2173 794 2213; x_wconf 90' lang='lat' dir='ltr'><strong>nos</strong></span> <span class='ocrx_word' id='word_1_274' title='bbox 818 2171 846 2210; x_wconf 89' lang='lat' dir='ltr'><strong>a</strong></span> <span class='ocrx_word' id='word_1_275' title='bbox 870 2169 968 2211; x_wconf 90' lang='lat' dir='ltr'><strong>sua</strong></span> <span class='ocrx_word' id='word_1_276' title='bbox 999 2165 1233 2223; x_wconf 88' lang='lat' dir='ltr'><strong>persona</strong></span> <span class='ocrx_word' id='word_1_277' title='bbox 1260 2156 1453 2202; x_wconf 91' lang='lat' dir='ltr'><strong>avocat</strong></span> <span class='ocrx_word' id='word_1_278' title='bbox 1484 2161 1591 2216; x_wconf 90' lang='lat' dir='ltr'><strong>qua</strong></span> <span class='ocrx_word' id='word_1_279' title='bbox 1624 2144 1862 2200; x_wconf 89' lang='lat' dir='ltr'><strong>Verbum</strong></span> <span class='ocrx_word' id='word_1_280' title='bbox 1888 2156 1971 2199; x_wconf 90' lang='lat' dir='ltr'><strong>est</strong></span> <span class='ocrx_word' id='word_1_281' title='bbox 2002 2159 2066 2198; x_wconf 91' lang='lat' dir='ltr'><strong>ac</strong></span> <span class='ocrx_word' id='word_1_282' title='bbox 2092 2143 2273 2198; x_wconf 87' lang='lat' dir='ltr'><strong>Deus:</strong></span> 
     </span>
    </p>
   </div>
   <div class='ocr_carea' id='block_1_38' title="bbox 692 2234 2277 2318">
    <p class='ocr_par' dir='ltr' id='par_1_38' title="bbox 692 2234 2277 2318">
     <span class='ocr_line' id='line_1_38' title="bbox 692 2234 2277 2318; baseline -0.012 -12"><span class='ocrx_word' id='word_1_283' title='bbox 692 2251 788 2306; x_wconf 87' lang='lat' dir='ltr'><strong>sed</strong></span> <span class='ocrx_word' id='word_1_284' title='bbox 813 2249 943 2318; x_wconf 86' lang='lat' dir='ltr'><strong>quia</strong></span> <span class='ocrx_word' id='word_1_285' title='bbox 979 2245 1235 2302; x_wconf 83' lang='lat' dir='ltr'><strong>servilem</strong></span> <span class='ocrx_word' id='word_1_286' title='bbox 1278 2242 1509 2296; x_wconf 79' lang='lat' dir='ltr'><strong>formam</strong></span> <span class='ocrx_word' id='word_1_287' title='bbox 1548 2240 1601 2293; x_wconf 95' lang='lat' dir='ltr'><strong>in</strong></span> <span class='ocrx_word' id='word_1_288' title='bbox 1650 2253 1711 2293; x_wconf 88' lang='lat' dir='ltr'><strong>se</strong></span> <span class='ocrx_word' id='word_1_289' title='bbox 1761 2237 1972 2291; x_wconf 84' lang='lat' dir='ltr'><strong>habens</strong></span> <span class='ocrx_word' id='word_1_290' title='bbox 2004 2245 2060 2289; x_wconf 82' lang='lat' dir='ltr'><strong>et</strong></span> <span class='ocrx_word' id='word_1_291' title='bbox 2115 2234 2277 2288; x_wconf 85' lang='lat' dir='ltr'><strong>homo</strong></span> 
     </span>
    </p>
   </div>
   <div class='ocr_carea' id='block_1_39' title="bbox 570 2328 2275 2399">
    <p class='ocr_par' dir='ltr' id='par_1_39' title="bbox 570 2328 2275 2399">
     <span class='ocr_line' id='line_1_39' title="bbox 570 2328 2275 2399; baseline -0.013 0"><span class='ocrx_word' id='word_1_292' title='bbox 570 2369 607 2399; x_wconf 62' lang='grc' dir='ltr'><strong>ςι,</strong></span> <span class='ocrx_word' id='word_1_293' title='bbox 691 2342 854 2397; x_wconf 83' lang='lat' dir='ltr'><strong>sicuti</strong></span> <span class='ocrx_word' id='word_1_294' title='bbox 890 2353 991 2393; x_wconf 86' lang='lat' dir='ltr'><strong>nos</strong></span> <span class='ocrx_word' id='word_1_295' title='bbox 1023 2332 1383 2394; x_wconf 76' lang='lat' dir='ltr'><strong>exsistens”,</strong></span> <span class='ocrx_word' id='word_1_296' title='bbox 1431 2330 1543 2384; x_wconf 72' lang='lat' dir='ltr'><strong>haec</strong></span> <span class='ocrx_word' id='word_1_297' title='bbox 1583 2328 1680 2393; x_wconf 90' lang='lat' dir='ltr'><strong>ait,</strong></span> <span class='ocrx_word' id='word_1_298' title='bbox 1740 2340 2053 2381; x_wconf 90' lang='lat' dir='ltr'><strong>sermonem</strong></span> <span class='ocrx_word' id='word_1_299' title='bbox 2112 2338 2275 2378; x_wconf 91' lang='lat' dir='ltr'><strong>suum</strong></span> 
     </span>
    </p>
   </div>
   <div class='ocr_carea' id='block_1_40' title="bbox 691 2417 2276 2488">
    <p class='ocr_par' dir='ltr' id='par_1_40' title="bbox 691 2417 2276 2488">
     <span class='ocr_line' id='line_1_40' title="bbox 691 2417 2276 2488; baseline -0.014 0"><span class='ocrx_word' id='word_1_300' title='bbox 691 2448 801 2488; x_wconf 90' lang='lat' dir='ltr'><strong>non</strong></span> <span class='ocrx_word' id='word_1_301' title='bbox 837 2431 956 2486; x_wconf 89' lang='lat' dir='ltr'><strong>vult</strong></span> <span class='ocrx_word' id='word_1_302' title='bbox 996 2428 1296 2481; x_wconf 90' lang='lat' dir='ltr'><strong>humanum</strong></span> <span class='ocrx_word' id='word_1_303' title='bbox 1343 2420 1579 2485; x_wconf 87' lang='lat' dir='ltr'><strong>censeri,</strong></span> <span class='ocrx_word' id='word_1_304' title='bbox 1636 2417 1730 2473; x_wconf 91' lang='lat' dir='ltr'><strong>sed</strong></span> <span class='ocrx_word' id='word_1_305' title='bbox 1771 2417 2021 2471; x_wconf 87' lang='lat' dir='ltr'><strong>divinum</strong></span> <span class='ocrx_word' id='word_1_306' title='bbox 2084 2430 2276 2469; x_wconf 84' lang='lat' dir='ltr'><strong>revera</strong></span> 
     </span>
    </p>
   </div>
   <div class='ocr_carea' id='block_1_41' title="bbox 689 2510 2275 2593">
    <p class='ocr_par' dir='ltr' id='par_1_41' title="bbox 689 2510 2275 2593">
     <span class='ocr_line' id='line_1_41' title="bbox 689 2510 2275 2593; baseline -0.013 -12"><span class='ocrx_word' id='word_1_307' title='bbox 689 2534 745 2581; x_wconf 86' lang='lat' dir='ltr'><strong>et</strong></span> <span class='ocrx_word' id='word_1_308' title='bbox 777 2522 1011 2593; x_wconf 87' lang='lat' dir='ltr'><strong>regium,</strong></span> <span class='ocrx_word' id='word_1_309' title='bbox 1042 2533 1166 2574; x_wconf 91' lang='lat' dir='ltr'><strong>eum</strong></span> <span class='ocrx_word' id='word_1_310' title='bbox 1198 2514 1512 2571; x_wconf 88' lang='lat' dir='ltr'><strong>necessario</strong></span> <span class='ocrx_word' id='word_1_311' title='bbox 1538 2512 1606 2567; x_wconf 92' lang='lat' dir='ltr'><strong>ad</strong></span> <span class='ocrx_word' id='word_1_312' title='bbox 1646 2510 1826 2564; x_wconf 89' lang='lat' dir='ltr'><strong>Patris</strong></span> <span class='ocrx_word' id='word_1_313' title='bbox 1862 2522 2155 2579; x_wconf 85' lang='lat' dir='ltr'><strong>personam</strong></span> <span class='ocrx_word' id='word_1_314' title='bbox 2193 2521 2275 2560; x_wconf 81' lang='lat' dir='ltr'><strong>re-</strong></span> 
     </span>
    </p>
   </div>
   <div class='ocr_carea' id='block_1_42' title="bbox 690 2600 2275 2677">
    <p class='ocr_par' dir='ltr' id='par_1_42' title="bbox 690 2600 2275 2677">
     <span class='ocr_line' id='line_1_42' title="bbox 690 2600 2275 2677; baseline -0.013 -6"><span class='ocrx_word' id='word_1_315' title='bbox 690 2615 899 2675; x_wconf 78' lang='lat' dir='ltr'><strong>ferens,</strong></span> <span class='ocrx_word' id='word_1_316' title='bbox 944 2626 1035 2675; x_wconf 91' lang='lat' dir='ltr'><strong>ne,</strong></span> <span class='ocrx_word' id='word_1_317' title='bbox 1073 2609 1119 2664; x_wconf 91' lang='lat' dir='ltr'><strong>si</strong></span> <span class='ocrx_word' id='word_1_318' title='bbox 1171 2606 1418 2677; x_wconf 89' lang='lat' dir='ltr'><strong>seipsum</strong></span> <span class='ocrx_word' id='word_1_319' title='bbox 1455 2603 1752 2665; x_wconf 85' lang='lat' dir='ltr'><strong>divideret.</strong></span> <span class='ocrx_word' id='word_1_320' title='bbox 1789 2617 1979 2657; x_wconf 87' lang='lat' dir='ltr'><strong>ansam</strong></span> <span class='ocrx_word' id='word_1_321' title='bbox 2008 2600 2275 2671; x_wconf 74' lang='lat' dir='ltr'><strong>praeberet</strong></span> 
     </span>
    </p>
   </div>
   <div class='ocr_carea' id='block_1_43' title="bbox 687 2693 2275 2769">
    <p class='ocr_par' dir='ltr' id='par_1_43' title="bbox 687 2693 2275 2769">
     <span class='ocr_line' id='line_1_43' title="bbox 687 2693 2275 2769; baseline -0.014 -4"><span class='ocrx_word' id='word_1_322' title='bbox 687 2710 829 2765; x_wconf 93' lang='lat' dir='ltr'><strong>duos</strong></span> <span class='ocrx_word' id='word_1_323' title='bbox 861 2706 1001 2760; x_wconf 81' lang='lat' dir='ltr'><strong>ﬁlios</strong></span> <span class='ocrx_word' id='word_1_324' title='bbox 1036 2698 1400 2769; x_wconf 83' lang='lat' dir='ltr'><strong>intelligendi,</strong></span> <span class='ocrx_word' id='word_1_325' title='bbox 1441 2712 1567 2751; x_wconf 91' lang='lat' dir='ltr'><strong>cum</strong></span> <span class='ocrx_word' id='word_1_326' title='bbox 1604 2703 1732 2751; x_wconf 92' lang='lat' dir='ltr'><strong>ante</strong></span> <span class='ocrx_word' id='word_1_327' title='bbox 1774 2702 1829 2749; x_wconf 88' lang='lat' dir='ltr'><strong>et</strong></span> <span class='ocrx_word' id='word_1_328' title='bbox 1865 2701 1987 2765; x_wconf 89' lang='lat' dir='ltr'><strong>post</strong></span> <span class='ocrx_word' id='word_1_329' title='bbox 2024 2693 2275 2746; x_wconf 91' lang='lat' dir='ltr'><strong>incarna-</strong></span> 
     </span>
    </p>
   </div>
   <div class='ocr_carea' id='block_1_44' title="bbox 687 2785 2274 2855">
    <p class='ocr_par' dir='ltr' id='par_1_44' title="bbox 687 2785 2274 2855">
     <span class='ocr_line' id='line_1_44' title="bbox 687 2785 2274 2855; baseline -0.011 0"><span class='ocrx_word' id='word_1_330' title='bbox 687 2802 892 2855; x_wconf 87' lang='lat' dir='ltr'><strong>tionem</strong></span> <span class='ocrx_word' id='word_1_331' title='bbox 923 2810 1063 2851; x_wconf 88' lang='lat' dir='ltr'><strong>unus</strong></span> <span class='ocrx_word' id='word_1_332' title='bbox 1096 2794 1168 2850; x_wconf 88' lang='lat' dir='ltr'><strong>sit</strong></span> <span class='ocrx_word' id='word_1_333' title='bbox 1192 2792 1387 2847; x_wconf 83' lang='lat' dir='ltr'><strong>Filius.</strong></span> <span class='ocrx_word' id='word_1_334' title='bbox 1422 2787 1580 2846; x_wconf 77' lang='lat' dir='ltr'><strong>Unus</strong></span> <span class='ocrx_word' id='word_1_335' title='bbox 1610 2789 1757 2844; x_wconf 86' lang='lat' dir='ltr'><strong>enim</strong></span> <span class='ocrx_word' id='word_1_336' title='bbox 1787 2795 1872 2842; x_wconf 87' lang='lat' dir='ltr'><strong>est</strong></span> <span class='ocrx_word' id='word_1_337' title='bbox 1903 2785 2180 2850; x_wconf 76' lang='lat' dir='ltr'><strong>Christus,</strong></span> <span class='ocrx_word' id='word_1_338' title='bbox 2210 2798 2274 2837; x_wconf 87' lang='lat' dir='ltr'><strong>ac</strong></span> 
     </span>
    </p>
   </div>
   <div class='ocr_carea' id='block_1_45' title="bbox 688 2877 2274 2950">
    <p class='ocr_par' dir='ltr' id='par_1_45' title="bbox 688 2877 2274 2950">
     <span class='ocr_line' id='line_1_45' title="bbox 688 2877 2274 2950; baseline -0.007 -7"><span class='ocrx_word' id='word_1_339' title='bbox 688 2904 797 2943; x_wconf 92' lang='lat' dir='ltr'><strong>non</strong></span> <span class='ocrx_word' id='word_1_340' title='bbox 831 2886 958 2949; x_wconf 87' lang='lat' dir='ltr'><strong>duo,</strong></span> <span class='ocrx_word' id='word_1_341' title='bbox 999 2883 1165 2940; x_wconf 90' lang='lat' dir='ltr'><strong>sicuti</strong></span> <span class='ocrx_word' id='word_1_342' title='bbox 1200 2883 1394 2937; x_wconf 86' lang='lat' dir='ltr'><strong>volunt</strong></span> <span class='ocrx_word' id='word_1_343' title='bbox 1424 2881 1620 2950; x_wconf 88' lang='lat' dir='ltr'><strong>aliqui.</strong></span> <span class='ocrx_word' id='word_1_344' title='bbox 1656 2879 1801 2935; x_wconf 83' lang='lat' dir='ltr'><strong>Deus</strong></span> <span class='ocrx_word' id='word_1_345' title='bbox 1832 2879 1974 2933; x_wconf 92' lang='lat' dir='ltr'><strong>enim</strong></span> <span class='ocrx_word' id='word_1_346' title='bbox 2000 2877 2274 2933; x_wconf 83' lang='lat' dir='ltr'><strong>exsistens</strong></span> 
     </span>
    </p>
   </div>
   <div class='ocr_carea' id='block_1_46' title="bbox 690 2966 2273 3039">
    <p class='ocr_par' dir='ltr' id='par_1_46' title="bbox 690 2966 2273 3039">
     <span class='ocr_line' id='line_1_46' title="bbox 690 2966 2273 3039; baseline -0.004 -7"><span class='ocrx_word' id='word_1_347' title='bbox 690 2978 930 3033; x_wconf 79' lang='lat' dir='ltr'><strong>Verbum</strong></span> <span class='ocrx_word' id='word_1_348' title='bbox 986 2992 1053 3031; x_wconf 70' lang='lat' dir='ltr'><strong>ex</strong></span> <span class='ocrx_word' id='word_1_349' title='bbox 1092 2975 1257 3029; x_wconf 86' lang='lat' dir='ltr'><strong>Patre</strong></span> <span class='ocrx_word' id='word_1_350' title='bbox 1293 2987 1424 3028; x_wconf 86' lang='lat' dir='ltr'><strong>caro</strong></span> <span class='ocrx_word' id='word_1_351' title='bbox 1457 2971 1663 3025; x_wconf 83' lang='lat' dir='ltr'><strong>factum</strong></span> <span class='ocrx_word' id='word_1_352' title='bbox 1707 2979 1814 3037; x_wconf 89' lang='lat' dir='ltr'><strong>est,</strong></span> <span class='ocrx_word' id='word_1_353' title='bbox 1844 2970 2001 3039; x_wconf 82' lang='lat' dir='ltr'><strong>juxta</strong></span> <span class='ocrx_word' id='word_1_354' title='bbox 2041 2966 2273 3025; x_wconf 83' lang='lat' dir='ltr'><strong>Joannis</strong></span> 
     </span>
    </p>
   </div>
   <div class='ocr_carea' id='block_1_47' title="bbox 690 3058 2271 3132">
    <p class='ocr_par' dir='ltr' id='par_1_47' title="bbox 690 3058 2271 3132">
     <span class='ocr_line' id='line_1_47' title="bbox 690 3058 2271 3132; baseline -0.007 -8"><span class='ocrx_word' id='word_1_355' title='bbox 690 3084 880 3124; x_wconf 90' lang='lat' dir='ltr'><strong>vocem</strong></span> <span class='ocrx_word' id='word_1_356' title='bbox 903 3068 972 3132; x_wconf 84' lang='grc'><strong>³⁹,</strong></span> <span class='ocrx_word' id='word_1_357' title='bbox 1003 3082 1112 3121; x_wconf 90' lang='lat' dir='ltr'><strong>non</strong></span> <span class='ocrx_word' id='word_1_358' title='bbox 1144 3065 1199 3119; x_wconf 92' lang='lat' dir='ltr'><strong>in</strong></span> <span class='ocrx_word' id='word_1_359' title='bbox 1230 3079 1398 3120; x_wconf 89' lang='lat' dir='ltr'><strong>carne</strong></span> <span class='ocrx_word' id='word_1_360' title='bbox 1434 3068 1892 3124; x_wconf 91' lang='lat' dir='ltr'><strong>transmutatum,</strong></span> <span class='ocrx_word' id='word_1_361' title='bbox 1918 3058 2016 3115; x_wconf 90' lang='lat' dir='ltr'><strong>sed</strong></span> <span class='ocrx_word' id='word_1_362' title='bbox 2047 3059 2271 3129; x_wconf 87' lang='lat' dir='ltr'><strong>templo,</strong></span> 
     </span>
    </p>
   </div>
   <div class='ocr_carea' id='block_1_48' title="bbox 688 3153 2272 3226">
    <p class='ocr_par' dir='ltr' id='par_1_48' title="bbox 688 3153 2272 3226">
     <span class='ocr_line' id='line_1_48' title="bbox 688 3153 2272 3226; baseline -0.008 -8"><span class='ocrx_word' id='word_1_363' title='bbox 688 3162 743 3218; x_wconf 89' lang='lat' dir='ltr'><strong>id</strong></span> <span class='ocrx_word' id='word_1_364' title='bbox 772 3168 856 3217; x_wconf 91' lang='lat' dir='ltr'><strong>est</strong></span> <span class='ocrx_word' id='word_1_365' title='bbox 895 3174 1092 3226; x_wconf 87' lang='lat' dir='ltr'><strong>carne,</strong></span> <span class='ocrx_word' id='word_1_366' title='bbox 1118 3173 1182 3213; x_wconf 84' lang='lat' dir='ltr'><strong>ex</strong></span> <span class='ocrx_word' id='word_1_367' title='bbox 1218 3165 1412 3213; x_wconf 91' lang='lat' dir='ltr'><strong>sancta</strong></span> <span class='ocrx_word' id='word_1_368' title='bbox 1445 3155 1670 3225; x_wconf 86' lang='lat' dir='ltr'><strong>Virgine</strong></span> <span class='ocrx_word' id='word_1_369' title='bbox 1691 3153 1797 3209; x_wconf 89' lang='lat' dir='ltr'><strong>sibi</strong></span> <span class='ocrx_word' id='word_1_370' title='bbox 1833 3160 2137 3222; x_wconf 89' lang='lat' dir='ltr'><strong>assumpto.</strong></span> <span class='ocrx_word' id='word_1_371' title='bbox 2188 3153 2272 3205; x_wconf 88' lang='lat' dir='ltr'><strong>Ne</strong></span> 
     </span>
    </p>
   </div>
   <div class='ocr_carea' id='block_1_49' title="bbox 2379 1959 3915 2035">
    <p class='ocr_par' dir='ltr' id='par_1_49' title="bbox 2379 1959 3915 2035">
     <span class='ocr_line' id='line_1_49' title="bbox 2379 1959 3915 2035; baseline 0.005 -22"><span class='ocrx_word' id='word_1_372' title='bbox 2379 1961 2479 2030; x_wconf 78' lang='grc' dir='ltr'><strong>τὴν</strong></span> <span class='ocrx_word' id='word_1_373' title='bbox 2509 1963 2724 2017; x_wconf 86' lang='grc' dir='ltr'>πάντων</span> <span class='ocrx_word' id='word_1_374' title='bbox 2768 1962 3016 2033; x_wconf 82' lang='grc' dir='ltr'>βασιλίδα</span> <span class='ocrx_word' id='word_1_375' title='bbox 3061 1963 3246 2031; x_wconf 85' lang='grc' dir='ltr'>φύσιν.</span> <span class='ocrx_word' id='word_1_376' title='bbox 3288 1959 3397 2016; x_wconf 84' lang='grc' dir='ltr'>Ἦν</span> <span class='ocrx_word' id='word_1_377' title='bbox 3434 1965 3494 2017; x_wconf 87' lang='grc' dir='ltr'><strong>δέ</strong></span> <span class='ocrx_word' id='word_1_378' title='bbox 3522 1965 3588 2035; x_wconf 83' lang='grc' dir='ltr'>δὴ</span> <span class='ocrx_word' id='word_1_379' title='bbox 3630 1966 3779 2018; x_wconf 80' lang='grc' dir='ltr'>πάλιν</span> <span class='ocrx_word' id='word_1_380' title='bbox 3811 1970 3915 2020; x_wconf 70' lang='grc' dir='ltr'>κατὰ</span> 
     </span>
    </p>
   </div>
   <div class='ocr_carea' id='block_1_50' title="bbox 2378 2053 3913 2126">
    <p class='ocr_par' dir='ltr' id='par_1_50' title="bbox 2378 2053 3913 2126">
     <span class='ocr_line' id='line_1_50' title="bbox 2378 2053 3913 2126; baseline 0.003 -20"><span class='ocrx_word' id='word_1_381' title='bbox 2378 2053 2472 2107; x_wconf 83' lang='grc' dir='ltr'><strong>δύο</strong></span> <span class='ocrx_word' id='word_1_382' title='bbox 2520 2055 2753 2125; x_wconf 82' lang='grc' dir='ltr'>τρόπους</span> <span class='ocrx_word' id='word_1_383' title='bbox 2820 2055 2909 2108; x_wconf 76' lang='grc' dir='ltr'>τὸν</span> <span class='ocrx_word' id='word_1_384' title='bbox 2972 2054 3081 2108; x_wconf 83' lang='grc' dir='ltr'>τῶν</span> <span class='ocrx_word' id='word_1_385' title='bbox 3140 2056 3516 2126; x_wconf 76' lang='grc' dir='ltr'>ἀκροωμένων</span> <span class='ocrx_word' id='word_1_386' title='bbox 3566 2058 3913 2126; x_wconf 71' lang='grc' dir='ltr'>ἀσφαλίσασθαι</span> 
     </span>
    </p>
   </div>
   <div class='ocr_carea' id='block_1_51' title="bbox 2378 2143 3914 2219">
    <p class='ocr_par' dir='ltr' id='par_1_51' title="bbox 2378 2143 3914 2219">
     <span class='ocr_line' id='line_1_51' title="bbox 2378 2143 3914 2219; baseline 0.004 -24"><span class='ocrx_word' id='word_1_387' title='bbox 2378 2143 2522 2195; x_wconf 82' lang='grc' dir='ltr'>νοῦν.</span> <span class='ocrx_word' id='word_1_388' title='bbox 2570 2144 2639 2195; x_wconf 72' lang='lat' dir='ltr'><strong>&quot;ll</strong></span> <span class='ocrx_word' id='word_1_389' title='bbox 2670 2144 2777 2213; x_wconf 66' lang='grc' dir='ltr'><strong>γάρ</strong></span> <span class='ocrx_word' id='word_1_390' title='bbox 2805 2143 2864 2195; x_wconf 78' lang='grc' dir='ltr'><strong>τὸ</strong></span> <span class='ocrx_word' id='word_1_391' title='bbox 2900 2143 3074 2196; x_wconf 86' lang='grc' dir='ltr'>θέλειν</span> <span class='ocrx_word' id='word_1_392' title='bbox 3112 2146 3337 2214; x_wconf 74' lang='grc' dir='ltr'>τιμῆσαι</span> <span class='ocrx_word' id='word_1_393' title='bbox 3368 2146 3463 2198; x_wconf 76' lang='grc' dir='ltr'><strong>τὸν</strong></span> <span class='ocrx_word' id='word_1_394' title='bbox 3498 2145 3632 2199; x_wconf 73' lang='grc' dir='ltr'>Θεὸν</span> <span class='ocrx_word' id='word_1_395' title='bbox 3667 2151 3914 2219; x_wconf 58' lang='grc' dir='ltr'>προτρέψαι</span> 
     </span>
    </p>
   </div>
   <div class='ocr_carea' id='block_1_52' title="bbox 2380 2234 3913 2310">
    <p class='ocr_par' dir='ltr' id='par_1_52' title="bbox 2380 2234 3913 2310">
     <span class='ocr_line' id='line_1_52' title="bbox 2380 2234 3913 2310; baseline 0.005 -25"><span class='ocrx_word' id='word_1_396' title='bbox 2380 2234 2595 2296; x_wconf 81' lang='grc' dir='ltr'>πάντως</span> <span class='ocrx_word' id='word_1_397' title='bbox 2617 2235 2693 2296; x_wconf 78' lang='grc' dir='ltr'>εἰς</span> <span class='ocrx_word' id='word_1_398' title='bbox 2718 2235 3049 2299; x_wconf 81' lang='grc' dir='ltr'>εὐπείθειαν,</span> <span class='ocrx_word' id='word_1_399' title='bbox 3075 2237 3242 2305; x_wconf 75' lang='grc' dir='ltr'>ἤγουν</span> <span class='ocrx_word' id='word_1_400' title='bbox 3268 2236 3328 2289; x_wconf 80' lang='grc' dir='ltr'>τὸ</span> <span class='ocrx_word' id='word_1_401' title='bbox 3350 2236 3585 2291; x_wconf 80' lang='grc' dir='ltr'>δεδιέναι</span> <span class='ocrx_word' id='word_1_402' title='bbox 3610 2242 3913 2310; x_wconf 77' lang='grc' dir='ltr'>προσκρούειν</span> 
     </span>
    </p>
   </div>
   <div class='ocr_carea' id='block_1_53' title="bbox 2378 2324 3913 2401">
    <p class='ocr_par' dir='ltr' id='par_1_53' title="bbox 2378 2324 3913 2401">
     <span class='ocr_line' id='line_1_53' title="bbox 2378 2324 3913 2401; baseline 0.004 -22"><span class='ocrx_word' id='word_1_403' title='bbox 2378 2324 2523 2395; x_wconf 70' lang='grc' dir='ltr'>αὐτῷ</span> <span class='ocrx_word' id='word_1_404' title='bbox 2556 2325 2711 2377; x_wconf 84' lang='grc' dir='ltr'>τοῦτο</span> <span class='ocrx_word' id='word_1_405' title='bbox 2736 2324 2799 2395; x_wconf 85' lang='grc' dir='ltr'>δὴ</span> <span class='ocrx_word' id='word_1_406' title='bbox 2831 2326 2992 2378; x_wconf 85' lang='grc' dir='ltr'>πάλιν</span> <span class='ocrx_word' id='word_1_407' title='bbox 3032 2328 3349 2396; x_wconf 81' lang='grc' dir='ltr'>ἐργάσεται.</span> <span class='ocrx_word' id='word_1_408' title='bbox 3378 2325 3503 2382; x_wconf 68' lang='lat' dir='ltr'><strong>Eia:</strong></span> <span class='ocrx_word' id='word_1_409' title='bbox 3533 2331 3641 2401; x_wconf 79' lang='grc' dir='ltr'>γὰρ</span> <span class='ocrx_word' id='word_1_410' title='bbox 3668 2332 3729 2383; x_wconf 89' lang='grc' dir='ltr'>δι’</span> <span class='ocrx_word' id='word_1_411' title='bbox 3758 2334 3913 2401; x_wconf 81' lang='grc' dir='ltr'>ἀμφοῖν</span> 
     </span>
    </p>
   </div>
   <div class='ocr_carea' id='block_1_54' title="bbox 2376 2418 3911 2494">
    <p class='ocr_par' dir='ltr' id='par_1_54' title="bbox 2376 2418 3911 2494">
     <span class='ocr_line' id='line_1_54' title="bbox 2376 2418 3911 2494; baseline 0.006 -24"><span class='ocrx_word' id='word_1_412' title='bbox 2376 2420 2404 2470; x_wconf 90' lang='grc' dir='ltr'><strong>ό</strong></span> <span class='ocrx_word' id='word_1_413' title='bbox 2436 2419 2528 2469; x_wconf 82' lang='grc' dir='ltr'><strong>τοῦ</strong></span> <span class='ocrx_word' id='word_1_414' title='bbox 2556 2418 2824 2488; x_wconf 76' lang='grc' dir='ltr'>χρησίμου</span> <span class='ocrx_word' id='word_1_415' title='bbox 2849 2435 2907 2471; x_wconf 91' lang='grc' dir='ltr'><strong>τε</strong></span> <span class='ocrx_word' id='word_1_416' title='bbox 2932 2419 3030 2471; x_wconf 74' lang='grc' dir='ltr'><strong>καὶ</strong></span> <span class='ocrx_word' id='word_1_417' title='bbox 3056 2420 3437 2491; x_wconf 79' lang='grc' dir='ltr'>συμφέροντος</span> <span class='ocrx_word' id='word_1_418' title='bbox 3463 2422 3739 2494; x_wconf 85' lang='grc' dir='ltr'>λογισμός.</span> <span class='ocrx_word' id='word_1_419' title='bbox 3766 2425 3911 2493; x_wconf 82' lang='grc' dir='ltr'>Λέγων</span> 
     </span>
    </p>
   </div>
   <div class='ocr_carea' id='block_1_55' title="bbox 2376 2510 3911 2585">
    <p class='ocr_par' dir='ltr' id='par_1_55' title="bbox 2376 2510 3911 2585">
     <span class='ocr_line' id='line_1_55' title="bbox 2376 2510 3911 2585; baseline 0.006 -23"><span class='ocrx_word' id='word_1_420' title='bbox 2376 2510 2431 2562; x_wconf 77' lang='grc' dir='ltr'>δὲ</span> <span class='ocrx_word' id='word_1_421' title='bbox 2462 2511 2541 2562; x_wconf 83' lang='grc' dir='ltr'><strong>δτι</strong></span> <span class='ocrx_word' id='word_1_422' title='bbox 2595 2528 2611 2559; x_wconf 82' lang='grc' dir='ltr'><strong>ι</strong></span> <span class='ocrx_word' id='word_1_423' title='bbox 2646 2512 2757 2562; x_wconf 81' lang='grc' dir='ltr'>Οὐκ</span> <span class='ocrx_word' id='word_1_424' title='bbox 2791 2510 2937 2563; x_wconf 80' lang='grc' dir='ltr'>ἔστιν</span> <span class='ocrx_word' id='word_1_425' title='bbox 2982 2511 3111 2581; x_wconf 82' lang='grc' dir='ltr'>ἐμὸς</span> <span class='ocrx_word' id='word_1_426' title='bbox 3141 2513 3169 2564; x_wconf 88' lang='grc' dir='ltr'><strong>ό</strong></span> <span class='ocrx_word' id='word_1_427' title='bbox 3204 2512 3383 2581; x_wconf 87' lang='grc' dir='ltr'>λόγος,</span> <span class='ocrx_word' id='word_1_428' title='bbox 3418 2532 3439 2565; x_wconf 76' lang='grc' dir='ltr'><strong>ι</strong></span> <span class='ocrx_word' id='word_1_429' title='bbox 3493 2517 3618 2585; x_wconf 71' lang='grc' dir='ltr'>ούχῖ</span> <span class='ocrx_word' id='word_1_430' title='bbox 3647 2516 3707 2585; x_wconf 74' lang='grc' dir='ltr'>δὴ</span> <span class='ocrx_word' id='word_1_431' title='bbox 3744 2518 3911 2579; x_wconf 79' lang='grc' dir='ltr'>πάντως</span> 
     </span>
    </p>
   </div>
   <div class='ocr_carea' id='block_1_56' title="bbox 2375 2602 3911 2679">
    <p class='ocr_par' dir='ltr' id='par_1_56' title="bbox 2375 2602 3911 2679">
     <span class='ocr_line' id='line_1_56' title="bbox 2375 2602 3911 2679; baseline 0.003 -23"><span class='ocrx_word' id='word_1_432' title='bbox 2375 2604 2522 2671; x_wconf 72' lang='grc' dir='ltr'>ἡμᾶς</span> <span class='ocrx_word' id='word_1_433' title='bbox 2564 2602 2805 2671; x_wconf 79' lang='grc' dir='ltr'>ἐξίστησι</span> <span class='ocrx_word' id='word_1_434' title='bbox 2852 2603 2945 2656; x_wconf 80' lang='grc' dir='ltr'><strong>τοῦ</strong></span> <span class='ocrx_word' id='word_1_435' title='bbox 3010 2604 3141 2657; x_wconf 90' lang='grc' dir='ltr'>ἰδίου</span> <span class='ocrx_word' id='word_1_436' title='bbox 3190 2605 3493 2675; x_wconf 84' lang='grc' dir='ltr'>προσώπου</span> <span class='ocrx_word' id='word_1_437' title='bbox 3556 2608 3785 2679; x_wconf 70' lang='grc' dir='ltr'>καθάπερ</span> <span class='ocrx_word' id='word_1_438' title='bbox 3826 2611 3911 2662; x_wconf 77' lang='grc' dir='ltr'>ἐστὶ</span> 
     </span>
    </p>
   </div>
   <div class='ocr_carea' id='block_1_57' title="bbox 2378 2693 3911 2771">
    <p class='ocr_par' dir='ltr' id='par_1_57' title="bbox 2378 2693 3911 2771">
     <span class='ocr_line' id='line_1_57' title="bbox 2378 2693 3911 2771; baseline 0.003 -24"><span class='ocrx_word' id='word_1_439' title='bbox 2378 2695 2548 2761; x_wconf 86' lang='grc' dir='ltr'>Λόγος</span> <span class='ocrx_word' id='word_1_440' title='bbox 2577 2696 2667 2746; x_wconf 73' lang='grc' dir='ltr'><strong>καὶ</strong></span> <span class='ocrx_word' id='word_1_441' title='bbox 2701 2693 2832 2756; x_wconf 83' lang='grc' dir='ltr'>Θεός</span> <span class='ocrx_word' id='word_1_442' title='bbox 2862 2710 2873 2721; x_wconf 90' lang='grc'><strong>·</strong></span> <span class='ocrx_word' id='word_1_443' title='bbox 2922 2695 3108 2765; x_wconf 81' lang='grc' dir='ltr'>ἐπειδὴ</span> <span class='ocrx_word' id='word_1_444' title='bbox 3140 2695 3197 2749; x_wconf 82' lang='grc' dir='ltr'>δὲ</span> <span class='ocrx_word' id='word_1_445' title='bbox 3225 2697 3325 2766; x_wconf 73' lang='grc' dir='ltr'>τὴν</span> <span class='ocrx_word' id='word_1_446' title='bbox 3356 2699 3641 2768; x_wconf 79' lang='grc' dir='ltr'>οἰκετικὴν</span> <span class='ocrx_word' id='word_1_447' title='bbox 3670 2700 3791 2769; x_wconf 78' lang='grc' dir='ltr'>ἔχων</span> <span class='ocrx_word' id='word_1_448' title='bbox 3816 2720 3911 2771; x_wconf 74' lang='grc' dir='ltr'>μορ·</span> 
     </span>
    </p>
   </div>
   <div class='ocr_carea' id='block_1_58' title="bbox 2379 2784 3911 2861">
    <p class='ocr_par' dir='ltr' id='par_1_58' title="bbox 2379 2784 3911 2861">
     <span class='ocr_line' id='line_1_58' title="bbox 2379 2784 3911 2861; baseline 0.005 -25"><span class='ocrx_word' id='word_1_449' title='bbox 2379 2784 2484 2855; x_wconf 80' lang='grc' dir='ltr'><strong>φὴν</strong></span> <span class='ocrx_word' id='word_1_450' title='bbox 2518 2784 2597 2836; x_wconf 79' lang='grc' dir='ltr'>ἔτι</span> <span class='ocrx_word' id='word_1_451' title='bbox 2640 2785 2735 2838; x_wconf 71' lang='grc' dir='ltr'>καὶ</span> <span class='ocrx_word' id='word_1_452' title='bbox 2778 2786 2836 2836; x_wconf 85' lang='grc' dir='ltr'><strong>ἐν</strong></span> <span class='ocrx_word' id='word_1_453' title='bbox 2874 2786 3198 2857; x_wconf 79' lang='grc' dir='ltr'>ἀνθρωπίνῳ</span> <span class='ocrx_word' id='word_1_454' title='bbox 3240 2789 3575 2859; x_wconf 85' lang='grc' dir='ltr'>φαινόμενος</span> <span class='ocrx_word' id='word_1_455' title='bbox 3606 2793 3821 2861; x_wconf 78' lang='grc' dir='ltr'>σχήματι</span> <span class='ocrx_word' id='word_1_456' title='bbox 3846 2794 3911 2844; x_wconf 81' lang='grc' dir='ltr'><strong>καὶ</strong></span> 
     </span>
    </p>
   </div>
   <div class='ocr_carea' id='block_1_59' title="bbox 2378 2872 3909 2950">
    <p class='ocr_par' dir='ltr' id='par_1_59' title="bbox 2378 2872 3909 2950">
     <span class='ocr_line' id='line_1_59' title="bbox 2378 2872 3909 2950; baseline 0.001 -19"><span class='ocrx_word' id='word_1_457' title='bbox 2378 2879 2637 2950; x_wconf 84' lang='grc' dir='ltr'>ὑπάρχων</span> <span class='ocrx_word' id='word_1_458' title='bbox 2693 2879 2909 2949; x_wconf 81' lang='grc' dir='ltr'>ἀληθῶς</span> <span class='ocrx_word' id='word_1_459' title='bbox 2956 2878 3081 2932; x_wconf 83' lang='grc' dir='ltr'>καθ’</span> <span class='ocrx_word' id='word_1_460' title='bbox 3130 2880 3299 2950; x_wconf 81' lang='grc' dir='ltr'>ἡμᾶς,</span> <span class='ocrx_word' id='word_1_461' title='bbox 3365 2872 3437 2933; x_wconf 77' lang='grc' dir='ltr'>τὰ</span> <span class='ocrx_word' id='word_1_462' title='bbox 3510 2880 3729 2934; x_wconf 83' lang='grc' dir='ltr'>τοιαῦτά</span> <span class='ocrx_word' id='word_1_463' title='bbox 3768 2898 3909 2949; x_wconf 81' lang='grc' dir='ltr'>φησιν,</span> 
     </span>
    </p>
   </div>
   <div class='ocr_carea' id='block_1_60' title="bbox 2376 2969 3906 3042">
    <p class='ocr_par' dir='ltr' id='par_1_60' title="bbox 2376 2969 3906 3042">
     <span class='ocr_line' id='line_1_60' title="bbox 2376 2969 3906 3042; baseline 0.001 -19"><span class='ocrx_word' id='word_1_464' title='bbox 2376 2971 2475 3024; x_wconf 72' lang='grc' dir='ltr'><strong>οὐκ</strong></span> <span class='ocrx_word' id='word_1_465' title='bbox 2502 2969 2839 3040; x_wconf 85' lang='grc' dir='ltr'>ἀνθρώπινον</span> <span class='ocrx_word' id='word_1_466' title='bbox 2866 2970 2957 3023; x_wconf 71' lang='grc' dir='ltr'>τὸν</span> <span class='ocrx_word' id='word_1_467' title='bbox 2989 2970 3185 3023; x_wconf 82' lang='grc' dir='ltr'>ἑαυτοῦ</span> <span class='ocrx_word' id='word_1_468' title='bbox 3221 2971 3464 3025; x_wconf 84' lang='grc' dir='ltr'>νοεῖσθαι</span> <span class='ocrx_word' id='word_1_469' title='bbox 3503 2972 3740 3042; x_wconf 87' lang='grc' dir='ltr'>βούλεται</span> <span class='ocrx_word' id='word_1_470' title='bbox 3772 2972 3906 3040; x_wconf 85' lang='grc' dir='ltr'>λόγον,</span> 
     </span>
    </p>
   </div>
   <div class='ocr_carea' id='block_1_61' title="bbox 2374 3061 3906 3135">
    <p class='ocr_par' dir='ltr' id='par_1_61' title="bbox 2374 3061 3906 3135">
     <span class='ocr_line' id='line_1_61' title="bbox 2374 3061 3906 3135; baseline 0.001 -20"><span class='ocrx_word' id='word_1_471' title='bbox 2374 3061 2509 3115; x_wconf 84' lang='grc' dir='ltr'><strong>ἀλλά</strong></span> <span class='ocrx_word' id='word_1_472' title='bbox 2541 3062 2681 3115; x_wconf 83' lang='grc' dir='ltr'>θεῖον</span> <span class='ocrx_word' id='word_1_473' title='bbox 2710 3062 2882 3124; x_wconf 82' lang='grc' dir='ltr'>ὅντως</span> <span class='ocrx_word' id='word_1_474' title='bbox 2924 3062 3020 3115; x_wconf 73' lang='grc' dir='ltr'><strong>καὶ</strong></span> <span class='ocrx_word' id='word_1_475' title='bbox 3050 3062 3353 3133; x_wconf 83' lang='grc' dir='ltr'>βασιλικὸν,</span> <span class='ocrx_word' id='word_1_476' title='bbox 3388 3064 3753 3135; x_wconf 87' lang='grc' dir='ltr'>περιενεγκὼν</span> <span class='ocrx_word' id='word_1_477' title='bbox 3778 3066 3906 3131; x_wconf 80' lang='grc' dir='ltr'>ἀναγο</span> 
     </span>
    </p>
   </div>
   <div class='ocr_carea' id='block_1_62' title="bbox 2375 3151 3908 3226">
    <p class='ocr_par' dir='ltr' id='par_1_62' title="bbox 2375 3151 3908 3226">
     <span class='ocr_line' id='line_1_62' title="bbox 2375 3151 3908 3226; baseline 0.001 -21"><span class='ocrx_word' id='word_1_478' title='bbox 2375 3153 2545 3216; x_wconf 89' lang='grc' dir='ltr'>καίως</span> <span class='ocrx_word' id='word_1_479' title='bbox 2576 3155 2655 3215; x_wconf 89' lang='grc' dir='ltr'><strong>εἰς</strong></span> <span class='ocrx_word' id='word_1_480' title='bbox 2686 3151 2745 3205; x_wconf 78' lang='grc' dir='ltr'>τὸ</span> <span class='ocrx_word' id='word_1_481' title='bbox 2786 3153 2879 3205; x_wconf 86' lang='grc' dir='ltr'><strong>τοῦ</strong></span> <span class='ocrx_word' id='word_1_482' title='bbox 2914 3154 3129 3224; x_wconf 86' lang='grc' dir='ltr'>Πατρδς</span> <span class='ocrx_word' id='word_1_483' title='bbox 3171 3154 3492 3225; x_wconf 89' lang='grc' dir='ltr'>πρόσωπον,</span> <span class='ocrx_word' id='word_1_484' title='bbox 3528 3156 3619 3209; x_wconf 79' lang='grc' dir='ltr'><strong>ἵνα</strong></span> <span class='ocrx_word' id='word_1_485' title='bbox 3647 3155 3736 3226; x_wconf 85' lang='grc' dir='ltr'><strong>μὴ,</strong></span> <span class='ocrx_word' id='word_1_486' title='bbox 3764 3155 3908 3207; x_wconf 78' lang='grc' dir='ltr'>διελὼν</span> 
     </span>
    </p>
   </div>
   <div class='ocr_carea' id='block_1_63' title="bbox 685 3219 2271 3324">
    <p class='ocr_par' dir='ltr' id='par_1_63' title="bbox 685 3242 2271 3324">
     <span class='ocr_line' id='line_1_63' title="bbox 685 3242 2271 3324; baseline -0.009 -14"><span class='ocrx_word' id='word_1_487' title='bbox 685 3268 819 3324; x_wconf 88' lang='lat' dir='ltr'><strong>ergo</strong></span> <span class='ocrx_word' id='word_1_488' title='bbox 848 3264 1146 3306; x_wconf 80' lang='lat' dir='ltr'><strong>humanum</strong></span> <span class='ocrx_word' id='word_1_489' title='bbox 1176 3264 1300 3304; x_wconf 90' lang='lat' dir='ltr'><strong>esse</strong></span> <span class='ocrx_word' id='word_1_490' title='bbox 1336 3255 1596 3319; x_wconf 88' lang='lat' dir='ltr'><strong>putemus</strong></span> <span class='ocrx_word' id='word_1_491' title='bbox 1640 3258 1953 3300; x_wconf 89' lang='lat' dir='ltr'><strong>sermonem</strong></span> <span class='ocrx_word' id='word_1_492' title='bbox 1981 3242 2119 3312; x_wconf 79' lang='lat' dir='ltr'><strong>ejus,</strong></span> <span class='ocrx_word' id='word_1_493' title='bbox 2170 3256 2271 3297; x_wconf 89' lang='lat' dir='ltr'><strong>nec</strong></span> 
     </span>
    </p>
   </div>
   <div class='ocr_carea' id='block_1_64' title="bbox 2376 3219 3905 3324">
    <p class='ocr_par' dir='ltr' id='par_1_64' title="bbox 2376 3241 3905 3319">
     <span class='ocr_line' id='line_1_64' title="bbox 2376 3241 3905 3319; baseline 0.001 -23"><span class='ocrx_word' id='word_1_494' title='bbox 2376 3243 2585 3308; x_wconf 76' lang='grc' dir='ltr'>ἑαυτὸν,</span> <span class='ocrx_word' id='word_1_495' title='bbox 2616 3244 2707 3297; x_wconf 85' lang='grc' dir='ltr'><strong>δύο</strong></span> <span class='ocrx_word' id='word_1_496' title='bbox 2746 3243 2931 3297; x_wconf 87' lang='grc' dir='ltr'>λοιπὸν</span> <span class='ocrx_word' id='word_1_497' title='bbox 2972 3245 3121 3309; x_wconf 74' lang='grc' dir='ltr'>υἱοὺς</span> <span class='ocrx_word' id='word_1_498' title='bbox 3157 3245 3394 3299; x_wconf 86' lang='grc' dir='ltr'>νοεῖσθαι</span> <span class='ocrx_word' id='word_1_499' title='bbox 3431 3249 3825 3319; x_wconf 71' lang='grc' dir='ltr'>παρασκευάσῃ,</span> <span class='ocrx_word' id='word_1_500' title='bbox 3850 3241 3905 3309; x_wconf 77' lang='grc' dir='ltr'>εἷς</span> 
     </span>
    </p>
   </div>
   <div class='ocr_carea' id='block_1_65' title="bbox 684 3333 2271 3407">
    <p class='ocr_par' dir='ltr' id='par_1_65' title="bbox 684 3333 2271 3407">
     <span class='ocr_line' id='line_1_65' title="bbox 684 3333 2271 3407; baseline -0.009 -7"><span class='ocrx_word' id='word_1_501' title='bbox 684 3361 714 3400; x_wconf 92' lang='lat' dir='ltr'><strong>a</strong></span> <span class='ocrx_word' id='word_1_502' title='bbox 752 3352 950 3399; x_wconf 90' lang='lat' dir='ltr'><strong>natura</strong></span> <span class='ocrx_word' id='word_1_503' title='bbox 986 3342 1172 3395; x_wconf 85' lang='lat' dir='ltr'><strong>divina</strong></span> <span class='ocrx_word' id='word_1_504' title='bbox 1224 3338 1577 3407; x_wconf 82' lang='lat' dir='ltr'><strong>disciplinam</strong></span> <span class='ocrx_word' id='word_1_505' title='bbox 1625 3334 2002 3405; x_wconf 88' lang='lat' dir='ltr'><strong>evangelicam</strong></span> <span class='ocrx_word' id='word_1_506' title='bbox 2053 3333 2271 3388; x_wconf 81' lang='lat' dir='ltr'><strong>abstra-</strong></span> 
     </span>
    </p>
   </div>
   <div class='ocr_carea' id='block_1_66' title="bbox 682 3422 2271 3501">
    <p class='ocr_par' dir='ltr' id='par_1_66' title="bbox 682 3422 2271 3501">
     <span class='ocr_line' id='line_1_66' title="bbox 682 3422 2271 3501; baseline -0.01 -11"><span class='ocrx_word' id='word_1_507' title='bbox 682 3435 906 3498; x_wconf 90' lang='lat' dir='ltr'><strong>hamus,</strong></span> <span class='ocrx_word' id='word_1_508' title='bbox 939 3430 1035 3487; x_wconf 91' lang='lat' dir='ltr'><strong>sed</strong></span> <span class='ocrx_word' id='word_1_509' title='bbox 1070 3430 1163 3484; x_wconf 89' lang='lat' dir='ltr'><strong>Dei</strong></span> <span class='ocrx_word' id='word_1_510' title='bbox 1200 3426 1440 3501; x_wconf 91' lang='lat' dir='ltr'><strong>supremi</strong></span> <span class='ocrx_word' id='word_1_511' title='bbox 1490 3440 1614 3480; x_wconf 90' lang='lat' dir='ltr'><strong>esse</strong></span> <span class='ocrx_word' id='word_1_512' title='bbox 1643 3425 1954 3487; x_wconf 85' lang='lat' dir='ltr'><strong>credamus,</strong></span> <span class='ocrx_word' id='word_1_513' title='bbox 2006 3422 2271 3492; x_wconf 84' lang='lat' dir='ltr'><strong>singulari</strong></span> 
     </span>
    </p>
   </div>
   <div class='ocr_carea' id='block_1_67' title="bbox 684 3514 2271 3592">
    <p class='ocr_par' dir='ltr' id='par_1_67' title="bbox 684 3514 2271 3592">
     <span class='ocr_line' id='line_1_67' title="bbox 684 3514 2271 3592; baseline -0.01 -10"><span class='ocrx_word' id='word_1_514' title='bbox 684 3525 919 3582; x_wconf 87' lang='lat' dir='ltr'><strong>consilio</strong></span> <span class='ocrx_word' id='word_1_515' title='bbox 956 3530 1217 3592; x_wconf 88' lang='lat' dir='ltr'><strong>recteque</strong></span> <span class='ocrx_word' id='word_1_516' title='bbox 1244 3519 1563 3583; x_wconf 87' lang='lat' dir='ltr'><strong>admodum,</strong></span> <span class='ocrx_word' id='word_1_517' title='bbox 1603 3524 1797 3588; x_wconf 87' lang='lat' dir='ltr'><strong>utpote</strong></span> <span class='ocrx_word' id='word_1_518' title='bbox 1839 3530 1963 3569; x_wconf 91' lang='lat' dir='ltr'><strong>cum</strong></span> <span class='ocrx_word' id='word_1_519' title='bbox 1992 3522 2045 3570; x_wconf 89' lang='lat' dir='ltr'><strong>et</strong></span> <span class='ocrx_word' id='word_1_520' title='bbox 2079 3516 2132 3568; x_wconf 91' lang='lat' dir='ltr'><strong>in</strong></span> <span class='ocrx_word' id='word_1_521' title='bbox 2171 3514 2271 3567; x_wconf 89' lang='lat' dir='ltr'><strong>hu-</strong></span> 
     </span>
    </p>
   </div>
   <div class='ocr_carea' id='block_1_68' title="bbox 684 3605 2270 3683">
    <p class='ocr_par' dir='ltr' id='par_1_68' title="bbox 684 3605 2270 3683">
     <span class='ocr_line' id='line_1_68' title="bbox 684 3605 2270 3683; baseline -0.009 -11"><span class='ocrx_word' id='word_1_522' title='bbox 684 3631 847 3672; x_wconf 87' lang='lat' dir='ltr'><strong>mana</strong></span> <span class='ocrx_word' id='word_1_523' title='bbox 884 3614 1060 3670; x_wconf 78' lang='lat' dir='ltr'><strong>forma</strong></span> <span class='ocrx_word' id='word_1_524' title='bbox 1106 3618 1416 3683; x_wconf 90' lang='lat' dir='ltr'><strong>appareret,</strong></span> <span class='ocrx_word' id='word_1_525' title='bbox 1460 3616 1673 3662; x_wconf 69' lang='lat' dir='ltr'><strong>naturae</strong></span> <span class='ocrx_word' id='word_1_526' title='bbox 1731 3605 1929 3660; x_wconf 72' lang='lat' dir='ltr'><strong>divina:</strong></span> <span class='ocrx_word' id='word_1_527' title='bbox 1961 3621 2270 3660; x_wconf 84' lang='lat' dir='ltr'><strong>sermonem</strong></span> 
     </span>
    </p>
   </div>
   <div class='ocr_carea' id='block_1_69' title="bbox 682 3697 2265 3773">
    <p class='ocr_par' dir='ltr' id='par_1_69' title="bbox 682 3697 2265 3773">
     <span class='ocr_line' id='line_1_69' title="bbox 682 3697 2265 3773; baseline -0.008 -9"><span class='ocrx_word' id='word_1_528' title='bbox 682 3724 878 3764; x_wconf 91' lang='lat' dir='ltr'><strong>rursus</strong></span> <span class='ocrx_word' id='word_1_529' title='bbox 911 3706 1127 3769; x_wconf 86' lang='lat' dir='ltr'><strong>tribuit,</strong></span> <span class='ocrx_word' id='word_1_530' title='bbox 1155 3712 1419 3773; x_wconf 89' lang='lat' dir='ltr'><strong>tanquam</strong></span> <span class='ocrx_word' id='word_1_531' title='bbox 1453 3702 1509 3755; x_wconf 89' lang='lat' dir='ltr'><strong>in</strong></span> <span class='ocrx_word' id='word_1_532' title='bbox 1557 3714 1794 3771; x_wconf 89' lang='lat' dir='ltr'><strong>persona</strong></span> <span class='ocrx_word' id='word_1_533' title='bbox 1826 3698 1919 3753; x_wconf 92' lang='lat' dir='ltr'><strong>Dei</strong></span> <span class='ocrx_word' id='word_1_534' title='bbox 1944 3713 2009 3753; x_wconf 88' lang='lat' dir='ltr'><strong>ac</strong></span> <span class='ocrx_word' id='word_1_535' title='bbox 2064 3697 2265 3761; x_wconf 88' lang='lat' dir='ltr'><strong>Patris,</strong></span> 
     </span>
    </p>
   </div>
   <div class='ocr_carea' id='block_1_70' title="bbox 684 3789 2267 3871">
    <p class='ocr_par' dir='ltr' id='par_1_70' title="bbox 684 3789 2267 3871">
     <span class='ocr_line' id='line_1_70' title="bbox 684 3789 2267 3871; baseline -0.009 -16"><span class='ocrx_word' id='word_1_536' title='bbox 684 3817 749 3856; x_wconf 76' lang='lat' dir='ltr'><strong>ex</strong></span> <span class='ocrx_word' id='word_1_537' title='bbox 779 3816 887 3871; x_wconf 89' lang='lat' dir='ltr'><strong>quo</strong></span> <span class='ocrx_word' id='word_1_538' title='bbox 913 3810 967 3853; x_wconf 91' lang='lat' dir='ltr'><strong>et</strong></span> <span class='ocrx_word' id='word_1_539' title='bbox 994 3800 1046 3852; x_wconf 92' lang='lat' dir='ltr'><strong>in</strong></span> <span class='ocrx_word' id='word_1_540' title='bbox 1077 3812 1186 3867; x_wconf 92' lang='lat' dir='ltr'><strong>quo</strong></span> <span class='ocrx_word' id='word_1_541' title='bbox 1218 3794 1524 3851; x_wconf 88' lang='lat' dir='ltr'><strong>secundum</strong></span> <span class='ocrx_word' id='word_1_542' title='bbox 1555 3801 1811 3846; x_wconf 90' lang='lat' dir='ltr'><strong>naturam</strong></span> <span class='ocrx_word' id='word_1_543' title='bbox 1842 3797 1947 3852; x_wconf 90' lang='lat' dir='ltr'><strong>est,</strong></span> <span class='ocrx_word' id='word_1_544' title='bbox 1987 3797 2048 3842; x_wconf 90' lang='lat' dir='ltr'><strong>ut</strong></span> <span class='ocrx_word' id='word_1_545' title='bbox 2082 3789 2267 3858; x_wconf 90' lang='lat' dir='ltr'><strong>splen-</strong></span> 
     </span>
    </p>
   </div>
   <div class='ocr_carea' id='block_1_71' title="bbox 685 3880 2267 3955">
    <p class='ocr_par' dir='ltr' id='par_1_71' title="bbox 685 3880 2267 3955">
     <span class='ocr_line' id='line_1_71' title="bbox 685 3880 2267 3955; baseline -0.006 -11"><span class='ocrx_word' id='word_1_546' title='bbox 685 3891 786 3945; x_wconf 92' lang='lat' dir='ltr'><strong>dor</strong></span> <span class='ocrx_word' id='word_1_547' title='bbox 814 3901 869 3944; x_wconf 90' lang='lat' dir='ltr'><strong>et</strong></span> <span class='ocrx_word' id='word_1_548' title='bbox 904 3888 1142 3943; x_wconf 88' lang='lat' dir='ltr'><strong>Verbum</strong></span> <span class='ocrx_word' id='word_1_549' title='bbox 1173 3885 1335 3955; x_wconf 81' lang='lat'><strong>837</strong></span> <span class='ocrx_word' id='word_1_550' title='bbox 1372 3884 1515 3953; x_wconf 85' lang='lat' dir='ltr'><strong>ejus,</strong></span> <span class='ocrx_word' id='word_1_551' title='bbox 1557 3891 1610 3937; x_wconf 92' lang='lat' dir='ltr'><strong>et</strong></span> <span class='ocrx_word' id='word_1_552' title='bbox 1653 3882 1942 3936; x_wconf 88' lang='lat' dir='ltr'><strong>character</strong></span> <span class='ocrx_word' id='word_1_553' title='bbox 1976 3881 2099 3950; x_wconf 81' lang='lat' dir='ltr'><strong>ejus</strong></span> <span class='ocrx_word' id='word_1_554' title='bbox 2138 3880 2267 3934; x_wconf 85' lang='lat' dir='ltr'><strong>sub-</strong></span> 
     </span>
    </p>
   </div>
   <div class='ocr_carea' id='block_1_72' title="bbox 686 3980 993 4036">
    <p class='ocr_par' dir='ltr' id='par_1_72' title="bbox 686 3980 993 4036">
     <span class='ocr_line' id='line_1_72' title="bbox 686 3980 993 4036; baseline -0.016 0"><span class='ocrx_word' id='word_1_555' title='bbox 686 3981 906 4036; x_wconf 77' lang='lat' dir='ltr'><strong>stantia:</strong></span> <span class='ocrx_word' id='word_1_556' title='bbox 924 3980 993 4031; x_wconf 67' lang='lat'><strong>‘°.</strong></span> 
     </span>
    </p>
   </div>
   <div class='ocr_carea' id='block_1_73' title="bbox 2369 3334 3904 3410">
    <p class='ocr_par' dir='ltr' id='par_1_73' title="bbox 2369 3334 3904 3410">
     <span class='ocr_line' id='line_1_73' title="bbox 2369 3334 3904 3410; baseline 0 -21"><span class='ocrx_word' id='word_1_557' title='bbox 2369 3334 2444 3389; x_wconf 84' lang='grc' dir='ltr'>ὢν</span> <span class='ocrx_word' id='word_1_558' title='bbox 2483 3336 2646 3401; x_wconf 83' lang='grc' dir='ltr'>Υἱὸς,</span> <span class='ocrx_word' id='word_1_559' title='bbox 2699 3336 2794 3388; x_wconf 75' lang='grc' dir='ltr'>καὶ</span> <span class='ocrx_word' id='word_1_560' title='bbox 2836 3336 2941 3407; x_wconf 88' lang='grc' dir='ltr'><strong>πρὸ</strong></span> <span class='ocrx_word' id='word_1_561' title='bbox 2978 3336 3077 3406; x_wconf 80' lang='grc' dir='ltr'><strong>τῆς</strong></span> <span class='ocrx_word' id='word_1_562' title='bbox 3136 3339 3473 3407; x_wconf 79' lang='grc' dir='ltr'>σαρκώσεως</span> <span class='ocrx_word' id='word_1_563' title='bbox 3525 3341 3619 3393; x_wconf 76' lang='grc' dir='ltr'><strong>καὶ</strong></span> <span class='ocrx_word' id='word_1_564' title='bbox 3667 3341 3788 3410; x_wconf 75' lang='grc' dir='ltr'>μετὰ</span> <span class='ocrx_word' id='word_1_565' title='bbox 3829 3342 3904 3408; x_wconf 79' lang='grc' dir='ltr'><strong>τὴν</strong></span> 
     </span>
    </p>
   </div>
   <div class='ocr_carea' id='block_1_74' title="bbox 2372 3424 3903 3501">
    <p class='ocr_par' dir='ltr' id='par_1_74' title="bbox 2372 3424 3903 3501">
     <span class='ocr_line' id='line_1_74' title="bbox 2372 3424 3903 3501; baseline 0.002 -20"><span class='ocrx_word' id='word_1_566' title='bbox 2372 3429 2665 3499; x_wconf 88' lang='grc' dir='ltr'>σάρκωσιν.</span> <span class='ocrx_word' id='word_1_567' title='bbox 2694 3424 2787 3492; x_wconf 79' lang='grc' dir='ltr'><strong>Εἷς</strong></span> <span class='ocrx_word' id='word_1_568' title='bbox 2808 3428 2917 3499; x_wconf 84' lang='grc' dir='ltr'><strong>γὰρ</strong></span> <span class='ocrx_word' id='word_1_569' title='bbox 2939 3431 2967 3483; x_wconf 91' lang='grc' dir='ltr'><strong>ό</strong></span> <span class='ocrx_word' id='word_1_570' title='bbox 2993 3431 3249 3501; x_wconf 77' lang='grc' dir='ltr'>Χριστὸς,</span> <span class='ocrx_word' id='word_1_571' title='bbox 3278 3433 3373 3484; x_wconf 74' lang='grc' dir='ltr'><strong>καὶ</strong></span> <span class='ocrx_word' id='word_1_572' title='bbox 3393 3433 3455 3485; x_wconf 82' lang='grc' dir='ltr'><strong>οὑ</strong></span> <span class='ocrx_word' id='word_1_573' title='bbox 3476 3433 3599 3498; x_wconf 76' lang='grc' dir='ltr'>δύο,</span> <span class='ocrx_word' id='word_1_574' title='bbox 3622 3434 3751 3487; x_wconf 81' lang='grc' dir='ltr'>κατά</span> <span class='ocrx_word' id='word_1_575' title='bbox 3772 3450 3903 3493; x_wconf 76' lang='grc' dir='ltr'>τινας.</span> 
     </span>
    </p>
   </div>
   <div class='ocr_carea' id='block_1_75' title="bbox 2370 3520 3905 3595">
    <p class='ocr_par' dir='ltr' id='par_1_75' title="bbox 2370 3520 3905 3595">
     <span class='ocr_line' id='line_1_75' title="bbox 2370 3520 3905 3595; baseline 0.001 -21"><span class='ocrx_word' id='word_1_576' title='bbox 2370 3522 2501 3585; x_wconf 78' lang='grc' dir='ltr'>Θεὸς</span> <span class='ocrx_word' id='word_1_577' title='bbox 2531 3522 2638 3591; x_wconf 86' lang='grc' dir='ltr'>γὰρ</span> <span class='ocrx_word' id='word_1_578' title='bbox 2666 3520 2740 3574; x_wconf 81' lang='grc' dir='ltr'>ὣν</span> <span class='ocrx_word' id='word_1_579' title='bbox 2770 3522 2797 3573; x_wconf 86' lang='grc' dir='ltr'><strong>ό</strong></span> <span class='ocrx_word' id='word_1_580' title='bbox 2831 3522 3002 3587; x_wconf 88' lang='grc' dir='ltr'>Λόγος</span> <span class='ocrx_word' id='word_1_581' title='bbox 3032 3523 3096 3575; x_wconf 87' lang='grc' dir='ltr'><strong>ἐκ</strong></span> <span class='ocrx_word' id='word_1_582' title='bbox 3129 3524 3345 3593; x_wconf 73' lang='grc' dir='ltr'>Πατρός</span> <span class='ocrx_word' id='word_1_583' title='bbox 3378 3525 3578 3592; x_wconf 80' lang='grc' dir='ltr'>γέγονε</span> <span class='ocrx_word' id='word_1_584' title='bbox 3619 3524 3762 3595; x_wconf 78' lang='grc' dir='ltr'>σὰρξ,</span> <span class='ocrx_word' id='word_1_585' title='bbox 3802 3525 3905 3576; x_wconf 71' lang='grc' dir='ltr'>κατὰ</span> 
     </span>
    </p>
   </div>
   <div class='ocr_carea' id='block_1_76' title="bbox 2369 3610 3903 3686">
    <p class='ocr_par' dir='ltr' id='par_1_76' title="bbox 2369 3610 3903 3686">
     <span class='ocr_line' id='line_1_76' title="bbox 2369 3610 3903 3686; baseline 0.003 -24"><span class='ocrx_word' id='word_1_586' title='bbox 2369 3610 2466 3680; x_wconf 77' lang='grc' dir='ltr'>τὴν</span> <span class='ocrx_word' id='word_1_587' title='bbox 2503 3610 2749 3664; x_wconf 85' lang='grc' dir='ltr'>Ἰωάννου</span> <span class='ocrx_word' id='word_1_588' title='bbox 2774 3611 2978 3681; x_wconf 80' lang='grc' dir='ltr'>φωνὴν,</span> <span class='ocrx_word' id='word_1_589' title='bbox 3011 3613 3111 3665; x_wconf 72' lang='grc' dir='ltr'><strong>οὐκ</strong></span> <span class='ocrx_word' id='word_1_590' title='bbox 3142 3614 3222 3675; x_wconf 86' lang='grc' dir='ltr'>εἰς</span> <span class='ocrx_word' id='word_1_591' title='bbox 3251 3613 3431 3683; x_wconf 82' lang='grc' dir='ltr'>σάρκα</span> <span class='ocrx_word' id='word_1_592' title='bbox 3463 3616 3903 3686; x_wconf 79' lang='grc' dir='ltr'>μεταῦεϐλημένος,</span> 
     </span>
    </p>
   </div>
   <div class='ocr_carea' id='block_1_77' title="bbox 2367 3702 3905 3778">
    <p class='ocr_par' dir='ltr' id='par_1_77' title="bbox 2367 3702 3905 3778">
     <span class='ocr_line' id='line_1_77' title="bbox 2367 3702 3905 3778; baseline 0.002 -22"><span class='ocrx_word' id='word_1_593' title='bbox 2367 3703 2481 3756; x_wconf 86' lang='grc' dir='ltr'>ἀλλ’</span> <span class='ocrx_word' id='word_1_594' title='bbox 2514 3702 2649 3755; x_wconf 86' lang='grc' dir='ltr'>ἰδίαν</span> <span class='ocrx_word' id='word_1_595' title='bbox 2675 3702 3045 3772; x_wconf 83' lang='grc' dir='ltr'>ποιησάμενος</span> <span class='ocrx_word' id='word_1_596' title='bbox 3068 3704 3249 3774; x_wconf 84' lang='grc' dir='ltr'>σάρκα</span> <span class='ocrx_word' id='word_1_597' title='bbox 3278 3707 3370 3758; x_wconf 76' lang='grc' dir='ltr'><strong>τὸν</strong></span> <span class='ocrx_word' id='word_1_598' title='bbox 3392 3708 3459 3761; x_wconf 84' lang='grc' dir='ltr'><strong>ἐκ</strong></span> <span class='ocrx_word' id='word_1_599' title='bbox 3493 3709 3592 3778; x_wconf 82' lang='grc' dir='ltr'>τῆς</span> <span class='ocrx_word' id='word_1_600' title='bbox 3624 3709 3771 3777; x_wconf 80' lang='grc' dir='ltr'>ἁγίας</span> <span class='ocrx_word' id='word_1_601' title='bbox 3795 3708 3905 3775; x_wconf 77' lang='lat' dir='ltr'><strong>[Iap-</strong></span> 
     </span>
    </p>
   </div>
   <div class='ocr_carea' id='block_1_78' title="bbox 2366 3793 3902 3866">
    <p class='ocr_par' dir='ltr' id='par_1_78' title="bbox 2366 3793 3902 3866">
     <span class='ocr_line' id='line_1_78' title="bbox 2366 3793 3902 3866; baseline 0 -20"><span class='ocrx_word' id='word_1_602' title='bbox 2366 3794 2519 3846; x_wconf 83' lang='grc' dir='ltr'>θένου</span> <span class='ocrx_word' id='word_1_603' title='bbox 2574 3793 2720 3846; x_wconf 90' lang='grc' dir='ltr'>ναόν.</span> <span class='ocrx_word' id='word_1_604' title='bbox 2774 3793 2893 3846; x_wconf 80' lang='grc' dir='ltr'>Ἵνα</span> <span class='ocrx_word' id='word_1_605' title='bbox 2938 3794 3116 3848; x_wconf 89' lang='grc' dir='ltr'>τοίνυν</span> <span class='ocrx_word' id='word_1_606' title='bbox 3152 3794 3227 3865; x_wconf 82' lang='grc' dir='ltr'>μὴ</span> <span class='ocrx_word' id='word_1_607' title='bbox 3260 3795 3608 3866; x_wconf 80' lang='grc' dir='ltr'>ἀνθρώπινον</span> <span class='ocrx_word' id='word_1_608' title='bbox 3635 3793 3761 3851; x_wconf 78' lang='grc' dir='ltr'>εἶναι</span> <span class='ocrx_word' id='word_1_609' title='bbox 3785 3796 3902 3865; x_wconf 79' lang='grc' dir='ltr'>νομί-</span> 
     </span>
    </p>
   </div>
   <div class='ocr_carea' id='block_1_79' title="bbox 2365 3880 3903 3955">
    <p class='ocr_par' dir='ltr' id='par_1_79' title="bbox 2365 3880 3903 3955">
     <span class='ocr_line' id='line_1_79' title="bbox 2365 3880 3903 3955; baseline -0.001 -20"><span class='ocrx_word' id='word_1_610' title='bbox 2365 3880 2547 3952; x_wconf 82' lang='grc' dir='ltr'>ζωμεν</span> <span class='ocrx_word' id='word_1_611' title='bbox 2578 3882 2668 3935; x_wconf 78' lang='grc' dir='ltr'><strong>τὸν</strong></span> <span class='ocrx_word' id='word_1_612' title='bbox 2698 3881 2855 3949; x_wconf 86' lang='grc' dir='ltr'>λόγον</span> <span class='ocrx_word' id='word_1_613' title='bbox 2887 3882 3072 3948; x_wconf 81' lang='grc' dir='ltr'>αὑτοῦ,</span> <span class='ocrx_word' id='word_1_614' title='bbox 3112 3884 3246 3953; x_wconf 86' lang='grc' dir='ltr'><strong>μηδέ</strong></span> <span class='ocrx_word' id='word_1_615' title='bbox 3279 3883 3380 3954; x_wconf 72' lang='grc' dir='ltr'><strong>τῆς</strong></span> <span class='ocrx_word' id='word_1_616' title='bbox 3410 3885 3565 3950; x_wconf 85' lang='grc' dir='ltr'>θείας</span> <span class='ocrx_word' id='word_1_617' title='bbox 3600 3887 3903 3955; x_wconf 80' lang='grc' dir='ltr'>ἐκστήσωμεν</span> 
     </span>
    </p>
   </div>
   <div class='ocr_carea' id='block_1_80' title="bbox 2363 3974 3901 4046">
    <p class='ocr_par' dir='ltr' id='par_1_80' title="bbox 2363 3974 3901 4046">
     <span class='ocr_line' id='line_1_80' title="bbox 2363 3974 3901 4046; baseline 0.001 -21"><span class='ocrx_word' id='word_1_618' title='bbox 2363 3974 2577 4043; x_wconf 88' lang='grc' dir='ltr'>φύσεως</span> <span class='ocrx_word' id='word_1_619' title='bbox 2622 3974 2684 4027; x_wconf 77' lang='grc' dir='ltr'><strong>τὸ</strong></span> <span class='ocrx_word' id='word_1_620' title='bbox 2733 3974 2964 4043; x_wconf 82' lang='grc' dir='ltr'>μάθημα</span> <span class='ocrx_word' id='word_1_621' title='bbox 3000 3974 3059 4027; x_wconf 81' lang='grc' dir='ltr'><strong>τὸ</strong></span> <span class='ocrx_word' id='word_1_622' title='bbox 3087 3976 3469 4046; x_wconf 84' lang='grc' dir='ltr'>εὐαγγελικὺν,</span> <span class='ocrx_word' id='word_1_623' title='bbox 3515 3978 3649 4032; x_wconf 87' lang='grc' dir='ltr'><strong>ἀλλά</strong></span> <span class='ocrx_word' id='word_1_624' title='bbox 3693 3979 3809 4031; x_wconf 76' lang='grc' dir='ltr'>Θεοῦ</span> <span class='ocrx_word' id='word_1_625' title='bbox 3832 3975 3901 4027; x_wconf 74' lang='grc' dir='ltr'><strong>τοῦ</strong></span> 
     </span>
    </p>
   </div>
   <div class='ocr_carea' id='block_1_81' title="bbox 685 4064 3902 4143">
    <p class='ocr_par' dir='ltr' id='par_1_81' title="bbox 685 4064 3902 4143">
     <span class='ocr_line' id='line_1_81' title="bbox 685 4064 3902 4143; baseline -0.001 -16"><span class='ocrx_word' id='word_1_626' title='bbox 685 4074 779 4127; x_wconf 72' lang='grc' dir='ltr'><strong>ἐπὶ</strong></span> <span class='ocrx_word' id='word_1_627' title='bbox 827 4072 1035 4134; x_wconf 85' lang='grc' dir='ltr'>πάντας</span> <span class='ocrx_word' id='word_1_628' title='bbox 1076 4066 1213 4123; x_wconf 80' lang='grc' dir='ltr'>εἶναι</span> <span class='ocrx_word' id='word_1_629' title='bbox 1260 4067 1627 4138; x_wconf 83' lang='grc' dir='ltr'>πιστεύωμεν,</span> <span class='ocrx_word' id='word_1_630' title='bbox 1672 4064 2032 4136; x_wconf 79' lang='grc' dir='ltr'>οἰκονομικῶς</span> <span class='ocrx_word' id='word_1_631' title='bbox 2084 4068 2177 4117; x_wconf 80' lang='grc' dir='ltr'><strong>καὶ</strong></span> <span class='ocrx_word' id='word_1_632' title='bbox 2218 4066 2420 4139; x_wconf 80' lang='grc' dir='ltr'>σφόδρα</span> <span class='ocrx_word' id='word_1_633' title='bbox 2486 4066 2687 4131; x_wconf 80' lang='grc' dir='ltr'>καλῶς,</span> <span class='ocrx_word' id='word_1_634' title='bbox 2736 4067 2831 4119; x_wconf 56' lang='lat' dir='ltr'><strong>an</strong></span> <span class='ocrx_word' id='word_1_635' title='bbox 2874 4068 2939 4138; x_wconf 83' lang='grc' dir='ltr'>δὴ</span> <span class='ocrx_word' id='word_1_636' title='bbox 2988 4068 3085 4122; x_wconf 73' lang='grc' dir='ltr'><strong>καὶ</strong></span> <span class='ocrx_word' id='word_1_637' title='bbox 3144 4070 3203 4121; x_wconf 86' lang='grc' dir='ltr'><strong>ἐν</strong></span> <span class='ocrx_word' id='word_1_638' title='bbox 3252 4069 3587 4143; x_wconf 82' lang='grc' dir='ltr'>ἀνθρωπίνῳ</span> <span class='ocrx_word' id='word_1_639' title='bbox 3636 4073 3902 4141; x_wconf 73' lang='grc' dir='ltr'>φαινόμενος</span> 
     </span>
    </p>
   </div>
   <div class='ocr_carea' id='block_1_82' title="bbox 686 4156 3901 4233">
    <p class='ocr_par' dir='ltr' id='par_1_82' title="bbox 686 4156 3901 4233">
     <span class='ocr_line' id='line_1_82' title="bbox 686 4156 3901 4233; baseline -0.001 -17"><span class='ocrx_word' id='word_1_640' title='bbox 686 4164 946 4233; x_wconf 83' lang='grc' dir='ltr'>σχήματι,</span> <span class='ocrx_word' id='word_1_641' title='bbox 993 4163 1058 4230; x_wconf 85' lang='grc' dir='ltr'>τῇ</span> <span class='ocrx_word' id='word_1_642' title='bbox 1109 4159 1230 4229; x_wconf 69' lang='grc' dir='ltr'>θείᾳ</span> <span class='ocrx_word' id='word_1_643' title='bbox 1274 4157 1433 4227; x_wconf 82' lang='grc' dir='ltr'>φύσει</span> <span class='ocrx_word' id='word_1_644' title='bbox 1471 4156 1737 4226; x_wconf 83' lang='grc' dir='ltr'>ἀπονέμει</span> <span class='ocrx_word' id='word_1_645' title='bbox 1770 4157 1929 4210; x_wconf 85' lang='grc' dir='ltr'>πάλιν</span> <span class='ocrx_word' id='word_1_646' title='bbox 1964 4156 2055 4208; x_wconf 85' lang='grc' dir='ltr'><strong>τὸν</strong></span> <span class='ocrx_word' id='word_1_647' title='bbox 2084 4156 2263 4224; x_wconf 88' lang='grc' dir='ltr'>λόγον,</span> <span class='ocrx_word' id='word_1_648' title='bbox 2299 4157 2373 4220; x_wconf 81' lang='grc' dir='ltr'>ὡς</span> <span class='ocrx_word' id='word_1_649' title='bbox 2406 4159 2464 4211; x_wconf 90' lang='grc' dir='ltr'><strong>ἐν</strong></span> <span class='ocrx_word' id='word_1_650' title='bbox 2498 4157 2776 4229; x_wconf 86' lang='grc' dir='ltr'>προσώπῳ</span> <span class='ocrx_word' id='word_1_651' title='bbox 2804 4158 2898 4211; x_wconf 89' lang='grc' dir='ltr'><strong>τοῦ</strong></span> <span class='ocrx_word' id='word_1_652' title='bbox 2939 4160 3076 4213; x_wconf 88' lang='grc' dir='ltr'>Θεοῦ</span> <span class='ocrx_word' id='word_1_653' title='bbox 3127 4163 3221 4214; x_wconf 77' lang='grc' dir='ltr'><strong>καὶ</strong></span> <span class='ocrx_word' id='word_1_654' title='bbox 3278 4163 3520 4233; x_wconf 71' lang='grc' dir='ltr'>Πατρός,</span> <span class='ocrx_word' id='word_1_655' title='bbox 3564 4165 3621 4231; x_wconf 76' lang='grc' dir='ltr'><strong>ἐξ</strong></span> <span class='ocrx_word' id='word_1_656' title='bbox 3653 4159 3711 4219; x_wconf 77' lang='grc' dir='ltr'>οὗ</span> <span class='ocrx_word' id='word_1_657' title='bbox 3748 4163 3825 4217; x_wconf 76' lang='grc' dir='ltr'><strong>καὶ</strong></span> <span class='ocrx_word' id='word_1_658' title='bbox 3859 4164 3901 4214; x_wconf 85' lang='grc' dir='ltr'>ὲν</span> 
     </span>
    </p>
   </div>
   <div class='ocr_carea' id='block_1_83' title="bbox 683 4248 3455 4325">
    <p class='ocr_par' dir='ltr' id='par_1_83' title="bbox 683 4248 3455 4325">
     <span class='ocr_line' id='line_1_83' title="bbox 683 4248 3455 4325; baseline -0.001 -17"><span class='ocrx_word' id='word_1_659' title='bbox 683 4248 729 4322; x_wconf 78' lang='grc' dir='ltr'>ᾧ</span> <span class='ocrx_word' id='word_1_660' title='bbox 756 4253 896 4307; x_wconf 87' lang='grc' dir='ltr'><strong>κατά</strong></span> <span class='ocrx_word' id='word_1_661' title='bbox 925 4252 1084 4321; x_wconf 87' lang='grc' dir='ltr'>φύσιν</span> <span class='ocrx_word' id='word_1_662' title='bbox 1112 4251 1281 4313; x_wconf 73' lang='grc' dir='ltr'>ἐστὶν,</span> <span class='ocrx_word' id='word_1_663' title='bbox 1310 4250 1386 4313; x_wconf 81' lang='grc' dir='ltr'>ὡς</span> <span class='ocrx_word' id='word_1_664' title='bbox 1422 4248 1763 4319; x_wconf 81' lang='grc' dir='ltr'>ἀπαύγασμα</span> <span class='ocrx_word' id='word_1_665' title='bbox 1794 4249 1885 4302; x_wconf 78' lang='grc' dir='ltr'>καὶ</span> <span class='ocrx_word' id='word_1_666' title='bbox 1911 4249 2081 4316; x_wconf 84' lang='grc' dir='ltr'>Λόγος</span> <span class='ocrx_word' id='word_1_667' title='bbox 2106 4248 2273 4303; x_wconf 79' lang='grc' dir='ltr'>αὐτοῦ</span> <span class='ocrx_word' id='word_1_668' title='bbox 2314 4251 2409 4303; x_wconf 78' lang='grc' dir='ltr'>καὶ</span> <span class='ocrx_word' id='word_1_669' title='bbox 2438 4250 2539 4320; x_wconf 82' lang='grc' dir='ltr'>τῆς</span> <span class='ocrx_word' id='word_1_670' title='bbox 2571 4251 2922 4315; x_wconf 83' lang='grc' dir='ltr'>ὑποστάσεως</span> <span class='ocrx_word' id='word_1_671' title='bbox 2947 4253 3113 4306; x_wconf 79' lang='grc' dir='ltr'>αὐτοῦ</span> <span class='ocrx_word' id='word_1_672' title='bbox 3143 4257 3455 4325; x_wconf 76' lang='grc' dir='ltr'>χαρακτήρ,</span> 
     </span>
    </p>
   </div>
   <div class='ocr_carea' id='block_1_84' title="bbox 754 4341 2259 4410">
    <p class='ocr_par' dir='ltr' id='par_1_84' title="bbox 754 4341 2259 4410">
     <span class='ocr_line' id='line_1_84' title="bbox 754 4341 2259 4410; baseline -0.003 -12"><span class='ocrx_word' id='word_1_673' title='bbox 754 4344 896 4409; x_wconf 79' lang='lat' dir='ltr'><strong>XIV,</strong></span> <span class='ocrx_word' id='word_1_674' title='bbox 921 4343 1014 4406; x_wconf 72' lang='lat'><strong>25,</strong></span> <span class='ocrx_word' id='word_1_675' title='bbox 1051 4342 1141 4397; x_wconf 70' lang='lat'><strong>26.</strong></span> <span class='ocrx_word' id='word_1_676' title='bbox 1178 4342 1301 4396; x_wconf 70' lang='lat' dir='ltr'><strong><em>Ilaec</em></strong></span> <span class='ocrx_word' id='word_1_677' title='bbox 1344 4341 1550 4395; x_wconf 81' lang='lat' dir='ltr'><strong>locutus</strong></span> <span class='ocrx_word' id='word_1_678' title='bbox 1603 4358 1717 4395; x_wconf 78' lang='lat' dir='ltr'><strong>sum</strong></span> <span class='ocrx_word' id='word_1_679' title='bbox 1773 4341 1951 4405; x_wconf 81' lang='lat' dir='ltr'><strong>vobis,</strong></span> <span class='ocrx_word' id='word_1_680' title='bbox 1990 4342 2131 4410; x_wconf 80' lang='lat' dir='ltr'><strong>apud</strong></span> <span class='ocrx_word' id='word_1_681' title='bbox 2172 4357 2259 4394; x_wconf 85' lang='lat' dir='ltr'><strong>vos</strong></span> 
     </span>
    </p>
   </div>
   <div class='ocr_carea' id='block_1_85' title="bbox 685 4429 2259 4501">
    <p class='ocr_par' dir='ltr' id='par_1_85' title="bbox 685 4429 2259 4501">
     <span class='ocr_line' id='line_1_85' title="bbox 685 4429 2259 4501; baseline -0.004 -10"><span class='ocrx_word' id='word_1_682' title='bbox 685 4452 925 4491; x_wconf 79' lang='lat' dir='ltr'><strong>manens.</strong></span> <span class='ocrx_word' id='word_1_683' title='bbox 961 4432 1279 4487; x_wconf 81' lang='lat' dir='ltr'><strong>Paracletus</strong></span> <span class='ocrx_word' id='word_1_684' title='bbox 1318 4441 1491 4486; x_wconf 85' lang='lat' dir='ltr'><strong>autem</strong></span> <span class='ocrx_word' id='word_1_685' title='bbox 1544 4429 1777 4500; x_wconf 76' lang='lat' dir='ltr'><strong>Spiritus</strong></span> <span class='ocrx_word' id='word_1_686' title='bbox 1829 4443 2068 4496; x_wconf 78' lang='lat' dir='ltr'><strong>sanctus,</strong></span> <span class='ocrx_word' id='word_1_687' title='bbox 2110 4448 2259 4501; x_wconf 85' lang='lat' dir='ltr'><strong>quem</strong></span> 
     </span>
    </p>
   </div>
   <div class='ocr_carea' id='block_1_86' title="bbox 2443 4342 3900 4418">
    <p class='ocr_par' dir='ltr' id='par_1_86' title="bbox 2443 4342 3900 4418">
     <span class='ocr_line' id='line_1_86' title="bbox 2443 4342 3900 4418; baseline 0 -21"><span class='ocrx_word' id='word_1_688' title='bbox 2443 4342 2634 4398; x_wconf 81' lang='grc' dir='ltr'>Ταῦτα</span> <span class='ocrx_word' id='word_1_689' title='bbox 2662 4343 2974 4411; x_wconf 75' lang='grc' dir='ltr'>λελάληκα</span> <span class='ocrx_word' id='word_1_690' title='bbox 3001 4344 3167 4414; x_wconf 77' lang='grc' dir='ltr'>ὑμῖν,</span> <span class='ocrx_word' id='word_1_691' title='bbox 3200 4347 3336 4414; x_wconf 79' lang='grc' dir='ltr'>παρ’</span> <span class='ocrx_word' id='word_1_692' title='bbox 3360 4347 3508 4417; x_wconf 82' lang='grc' dir='ltr'><strong>ὑμῖν</strong></span> <span class='ocrx_word' id='word_1_693' title='bbox 3534 4348 3742 4418; x_wconf 81' lang='grc' dir='ltr'>μένων.</span> <span class='ocrx_word' id='word_1_694' title='bbox 3782 4348 3830 4399; x_wconf 90' lang='lat'><strong>&#39;0</strong></span> <span class='ocrx_word' id='word_1_695' title='bbox 3852 4345 3900 4398; x_wconf 78' lang='grc' dir='ltr'>δὲ</span> 
     </span>
    </p>
   </div>
   <div class='ocr_carea' id='block_1_87' title="bbox 2367 4434 3899 4510">
    <p class='ocr_par' dir='ltr' id='par_1_87' title="bbox 2367 4434 3899 4510">
     <span class='ocr_line' id='line_1_87' title="bbox 2367 4434 3899 4510; baseline 0.002 -23"><span class='ocrx_word' id='word_1_696' title='bbox 2367 4435 2755 4502; x_wconf 79' lang='grc' dir='ltr'>Παράκλητος</span> <span class='ocrx_word' id='word_1_697' title='bbox 2784 4434 2851 4488; x_wconf 82' lang='grc' dir='ltr'>τὸ</span> <span class='ocrx_word' id='word_1_698' title='bbox 2872 4435 3117 4505; x_wconf 83' lang='grc' dir='ltr'>Πνεῦμα</span> <span class='ocrx_word' id='word_1_699' title='bbox 3154 4437 3221 4491; x_wconf 79' lang='grc' dir='ltr'>τὸ</span> <span class='ocrx_word' id='word_1_700' title='bbox 3259 4438 3451 4507; x_wconf 79' lang='grc' dir='ltr'>ἅγιον,</span> <span class='ocrx_word' id='word_1_701' title='bbox 3502 4440 3534 4495; x_wconf 86' lang='grc' dir='ltr'><strong><em>ὃ</em></strong></span> <span class='ocrx_word' id='word_1_702' title='bbox 3568 4442 3771 4510; x_wconf 68' lang='grc' dir='ltr'>πέμψει</span> <span class='ocrx_word' id='word_1_703' title='bbox 3793 4438 3899 4507; x_wconf 76' lang='grc' dir='ltr'>ὑμῖν</span> 
     </span>
    </p>
   </div>
   <div class='ocr_carea' id='block_1_88' title="bbox 684 4523 2271 4609">
    <p class='ocr_par' dir='ltr' id='par_1_88' title="bbox 684 4523 2255 4590">
     <span class='ocr_line' id='line_1_88' title="bbox 684 4523 2255 4590; baseline -0.004 -7"><span class='ocrx_word' id='word_1_704' title='bbox 684 4531 855 4584; x_wconf 79' lang='lat' dir='ltr'><strong>mittet</strong></span> <span class='ocrx_word' id='word_1_705' title='bbox 884 4527 1051 4582; x_wconf 77' lang='lat' dir='ltr'><strong>Pater</strong></span> <span class='ocrx_word' id='word_1_706' title='bbox 1080 4527 1137 4580; x_wconf 83' lang='lat' dir='ltr'><strong>in</strong></span> <span class='ocrx_word' id='word_1_707' title='bbox 1172 4525 1383 4580; x_wconf 81' lang='lat' dir='ltr'><strong>nomine</strong></span> <span class='ocrx_word' id='word_1_708' title='bbox 1417 4541 1551 4589; x_wconf 87' lang='lat' dir='ltr'><strong>meo,</strong></span> <span class='ocrx_word' id='word_1_709' title='bbox 1577 4525 1667 4579; x_wconf 85' lang='lat' dir='ltr'><strong>ille</strong></span> <span class='ocrx_word' id='word_1_710' title='bbox 1697 4542 1785 4579; x_wconf 87' lang='lat' dir='ltr'><strong>vos</strong></span> <span class='ocrx_word' id='word_1_711' title='bbox 1816 4523 2021 4579; x_wconf 80' lang='lat' dir='ltr'><strong>docebit</strong></span> <span class='ocrx_word' id='word_1_712' title='bbox 2055 4525 2255 4590; x_wconf 81' lang='lat' dir='ltr'><strong>omnia,</strong></span> 
     </span>
    </p>
   </div>
   <div class='ocr_carea' id='block_1_89' title="bbox 2376 4523 3896 4609">
    <p class='ocr_par' dir='ltr' id='par_1_89' title="bbox 2376 4525 3896 4599">
     <span class='ocr_line' id='line_1_89' title="bbox 2376 4525 3896 4599; baseline 0.002 -20"><span class='ocrx_word' id='word_1_713' title='bbox 2376 4528 2400 4579; x_wconf 80' lang='grc' dir='ltr'><strong>ό</strong></span> <span class='ocrx_word' id='word_1_714' title='bbox 2445 4525 2646 4595; x_wconf 82' lang='grc' dir='ltr'>Πατὴρ</span> <span class='ocrx_word' id='word_1_715' title='bbox 2680 4526 2752 4580; x_wconf 78' lang='grc' dir='ltr'>ἐν</span> <span class='ocrx_word' id='word_1_716' title='bbox 2792 4525 2873 4591; x_wconf 79' lang='grc' dir='ltr'>τῷ</span> <span class='ocrx_word' id='word_1_717' title='bbox 2914 4528 3160 4597; x_wconf 81' lang='grc' dir='ltr'>ὀνόματί</span> <span class='ocrx_word' id='word_1_718' title='bbox 3195 4547 3337 4598; x_wconf 82' lang='grc' dir='ltr'>μου,</span> <span class='ocrx_word' id='word_1_719' title='bbox 3381 4532 3613 4599; x_wconf 75' lang='grc' dir='ltr'>ἐκεῖνος</span> <span class='ocrx_word' id='word_1_720' title='bbox 3658 4532 3797 4598; x_wconf 83' lang='grc' dir='ltr'>ὐιιᾶς</span> <span class='ocrx_word' id='word_1_721' title='bbox 3824 4532 3896 4583; x_wconf 80' lang='grc' dir='ltr'>δι-</span> 
     </span>
    </p>
   </div>
   <div class='ocr_carea' id='block_1_90' title="bbox 681 4618 2155 4695">
    <p class='ocr_par' dir='ltr' id='par_1_90' title="bbox 681 4618 2155 4695">
     <span class='ocr_line' id='line_1_90' title="bbox 681 4618 2155 4695; baseline -0.005 -15"><span class='ocrx_word' id='word_1_722' title='bbox 681 4634 732 4681; x_wconf 77' lang='lat' dir='ltr'><strong>et</strong></span> <span class='ocrx_word' id='word_1_723' title='bbox 764 4633 1004 4695; x_wconf 76' lang='lat' dir='ltr'><strong>suggeret</strong></span> <span class='ocrx_word' id='word_1_724' title='bbox 1034 4621 1176 4676; x_wconf 81' lang='lat' dir='ltr'><strong>vobis</strong></span> <span class='ocrx_word' id='word_1_725' title='bbox 1206 4621 1389 4675; x_wconf 85' lang='lat' dir='ltr'><strong>omnia</strong></span> <span class='ocrx_word' id='word_1_726' title='bbox 1419 4635 1740 4691; x_wconf 73' lang='lat' dir='ltr'><strong>quwcunque</strong></span> <span class='ocrx_word' id='word_1_727' title='bbox 1771 4618 1957 4674; x_wconf 74' lang='lat' dir='ltr'><strong>dixero</strong></span> <span class='ocrx_word' id='word_1_728' title='bbox 1986 4618 2155 4673; x_wconf 79' lang='lat' dir='ltr'><strong>vobis.</strong></span> 
     </span>
    </p>
   </div>
   <div class='ocr_carea' id='block_1_91' title="bbox 752 4794 2265 4863">
    <p class='ocr_par' dir='ltr' id='par_1_91' title="bbox 752 4794 2265 4863">
     <span class='ocr_line' id='line_1_91' title="bbox 752 4794 2265 4863; baseline -0.003 -11"><span class='ocrx_word' id='word_1_729' title='bbox 752 4796 932 4853; x_wconf 82' lang='lat' dir='ltr'><strong>Habet</strong></span> <span class='ocrx_word' id='word_1_730' title='bbox 964 4812 1160 4852; x_wconf 90' lang='lat' dir='ltr'><strong>rursus</strong></span> <span class='ocrx_word' id='word_1_731' title='bbox 1193 4796 1284 4850; x_wconf 93' lang='lat' dir='ltr'><strong>hic</strong></span> <span class='ocrx_word' id='word_1_732' title='bbox 1327 4811 1509 4851; x_wconf 90' lang='lat' dir='ltr'><strong>sermo</strong></span> <span class='ocrx_word' id='word_1_733' title='bbox 1542 4795 1910 4850; x_wconf 89' lang='lat' dir='ltr'><strong>humanitatis</strong></span> <span class='ocrx_word' id='word_1_734' title='bbox 1950 4794 2265 4863; x_wconf 78' lang='lat' dir='ltr'><strong>expressio-</strong></span> 
     </span>
    </p>
   </div>
   <div class='ocr_carea' id='block_1_92' title="bbox 678 4886 2260 4952">
    <p class='ocr_par' dir='ltr' id='par_1_92' title="bbox 678 4886 2260 4952">
     <span class='ocr_line' id='line_1_92' title="bbox 678 4886 2260 4952; baseline -0.002 -10"><span class='ocrx_word' id='word_1_735' title='bbox 678 4903 830 4952; x_wconf 87' lang='lat' dir='ltr'><strong>nem,</strong></span> <span class='ocrx_word' id='word_1_736' title='bbox 856 4895 910 4942; x_wconf 87' lang='lat' dir='ltr'><strong>et</strong></span> <span class='ocrx_word' id='word_1_737' title='bbox 952 4904 981 4940; x_wconf 91' lang='lat' dir='ltr'><strong>a</strong></span> <span class='ocrx_word' id='word_1_738' title='bbox 1013 4896 1205 4943; x_wconf 90' lang='lat' dir='ltr'><strong>nostra</strong></span> <span class='ocrx_word' id='word_1_739' title='bbox 1240 4887 1561 4942; x_wconf 89' lang='lat' dir='ltr'><strong>conditione</strong></span> <span class='ocrx_word' id='word_1_740' title='bbox 1587 4902 1701 4942; x_wconf 90' lang='lat' dir='ltr'><strong>non</strong></span> <span class='ocrx_word' id='word_1_741' title='bbox 1738 4887 2037 4942; x_wconf 90' lang='lat' dir='ltr'><strong>admodum</strong></span> <span class='ocrx_word' id='word_1_742' title='bbox 2068 4886 2260 4951; x_wconf 83' lang='lat' dir='ltr'><strong>distat,</strong></span> 
     </span>
    </p>
   </div>
   <div class='ocr_carea' id='block_1_93' title="bbox 676 4977 2259 5050">
    <p class='ocr_par' dir='ltr' id='par_1_93' title="bbox 676 4977 2259 5050">
     <span class='ocr_line' id='line_1_93' title="bbox 676 4977 2259 5050; baseline 0 -17"><span class='ocrx_word' id='word_1_743' title='bbox 676 4982 720 5033; x_wconf 90' lang='lat' dir='ltr'><strong>si</strong></span> <span class='ocrx_word' id='word_1_744' title='bbox 778 4978 889 5033; x_wconf 89' lang='lat' dir='ltr'><strong>loci</strong></span> <span class='ocrx_word' id='word_1_745' title='bbox 934 4977 1101 5047; x_wconf 90' lang='lat' dir='ltr'><strong>hujus</strong></span> <span class='ocrx_word' id='word_1_746' title='bbox 1163 4995 1388 5035; x_wconf 88' lang='lat' dir='ltr'><strong>sensum</strong></span> <span class='ocrx_word' id='word_1_747' title='bbox 1440 4981 1865 5035; x_wconf 87' lang='lat' dir='ltr'><strong>convenientem</strong></span> <span class='ocrx_word' id='word_1_748' title='bbox 1921 4987 2259 5050; x_wconf 87' lang='lat' dir='ltr'><strong>spectemus.</strong></span> 
     </span>
    </p>
   </div>
   <div class='ocr_carea' id='block_1_94' title="bbox 676 5068 2265 5141">
    <p class='ocr_par' dir='ltr' id='par_1_94' title="bbox 676 5068 2265 5141">
     <span class='ocr_line' id='line_1_94' title="bbox 676 5068 2265 5141; baseline 0.003 -19"><span class='ocrx_word' id='word_1_749' title='bbox 676 5068 1043 5135; x_wconf 86' lang='lat' dir='ltr'><strong>Quandonam</strong></span> <span class='ocrx_word' id='word_1_750' title='bbox 1071 5071 1242 5137; x_wconf 91' lang='lat' dir='ltr'><strong>enim,</strong></span> <span class='ocrx_word' id='word_1_751' title='bbox 1276 5073 1492 5141; x_wconf 90' lang='lat' dir='ltr'><strong>inquiet</strong></span> <span class='ocrx_word' id='word_1_752' title='bbox 1537 5072 1668 5141; x_wconf 91' lang='lat' dir='ltr'><strong>jure</strong></span> <span class='ocrx_word' id='word_1_753' title='bbox 1713 5070 1942 5140; x_wconf 91' lang='lat' dir='ltr'><strong>aliquis,</strong></span> <span class='ocrx_word' id='word_1_754' title='bbox 1985 5072 2129 5141; x_wconf 91' lang='lat' dir='ltr'><strong>apud</strong></span> <span class='ocrx_word' id='word_1_755' title='bbox 2162 5088 2265 5126; x_wconf 83' lang='lat' dir='ltr'><strong>nos</strong></span> 
     </span>
    </p>
   </div>
   <div class='ocr_carea' id='block_1_95' title="bbox 675 5160 2266 5233">
    <p class='ocr_par' dir='ltr' id='par_1_95' title="bbox 675 5160 2266 5233">
     <span class='ocr_line' id='line_1_95' title="bbox 675 5160 2266 5233; baseline 0.004 -19"><span class='ocrx_word' id='word_1_756' title='bbox 675 5160 939 5218; x_wconf 88' lang='lat' dir='ltr'><strong>Christus</strong></span> <span class='ocrx_word' id='word_1_757' title='bbox 989 5177 1100 5219; x_wconf 90' lang='lat' dir='ltr'><strong>non</strong></span> <span class='ocrx_word' id='word_1_758' title='bbox 1166 5173 1275 5229; x_wconf 92' lang='lat' dir='ltr'><strong>est,</strong></span> <span class='ocrx_word' id='word_1_759' title='bbox 1311 5164 1537 5219; x_wconf 87' lang='lat' dir='ltr'><strong>deitatis</strong></span> <span class='ocrx_word' id='word_1_760' title='bbox 1587 5162 1853 5218; x_wconf 90' lang='lat' dir='ltr'><strong>nimirum</strong></span> <span class='ocrx_word' id='word_1_761' title='bbox 1914 5164 2162 5233; x_wconf 89' lang='lat' dir='ltr'><strong>potentia</strong></span> <span class='ocrx_word' id='word_1_762' title='bbox 2202 5180 2266 5220; x_wconf 90' lang='lat' dir='ltr'><strong>ac</strong></span> 
     </span>
    </p>
   </div>
   <div class='ocr_carea' id='block_1_96' title="bbox 678 5255 2266 5326">
    <p class='ocr_par' dir='ltr' id='par_1_96' title="bbox 678 5255 2266 5326">
     <span class='ocr_line' id='line_1_96' title="bbox 678 5255 2266 5326; baseline 0.003 -21"><span class='ocrx_word' id='word_1_763' title='bbox 678 5255 921 5320; x_wconf 79' lang='lat' dir='ltr'><strong>virtute,</strong></span> <span class='ocrx_word' id='word_1_764' title='bbox 958 5256 1153 5326; x_wconf 80' lang='lat' dir='ltr'><strong>implet</strong></span> <span class='ocrx_word' id='word_1_765' title='bbox 1189 5256 1396 5326; x_wconf 91' lang='lat' dir='ltr'><strong>quippe</strong></span> <span class='ocrx_word' id='word_1_766' title='bbox 1441 5256 1862 5321; x_wconf 89' lang='lat' dir='ltr'><strong>universa,nec</strong></span> <span class='ocrx_word' id='word_1_767' title='bbox 1916 5255 1985 5310; x_wconf 90' lang='lat' dir='ltr'><strong>ab</strong></span> <span class='ocrx_word' id='word_1_768' title='bbox 2042 5255 2152 5309; x_wconf 89' lang='lat' dir='ltr'><strong>ulla</strong></span> <span class='ocrx_word' id='word_1_769' title='bbox 2206 5271 2266 5310; x_wconf 90' lang='lat' dir='ltr'><strong>re</strong></span> 
     </span>
    </p>
   </div>
   <div class='ocr_carea' id='block_1_97' title="bbox 677 5344 2263 5414">
    <p class='ocr_par' dir='ltr' id='par_1_97' title="bbox 677 5344 2263 5414">
     <span class='ocr_line' id='line_1_97' title="bbox 677 5344 2263 5414; baseline 0.001 -17"><span class='ocrx_word' id='word_1_770' title='bbox 677 5344 843 5413; x_wconf 89' lang='lat' dir='ltr'><strong>plane</strong></span> <span class='ocrx_word' id='word_1_771' title='bbox 899 5346 1080 5412; x_wconf 90' lang='lat' dir='ltr'><strong>abest,</strong></span> <span class='ocrx_word' id='word_1_772' title='bbox 1110 5346 1205 5402; x_wconf 90' lang='lat' dir='ltr'><strong>sed</strong></span> <span class='ocrx_word' id='word_1_773' title='bbox 1258 5344 1521 5401; x_wconf 73' lang='lat' dir='ltr'><strong>ineﬂabili</strong></span> <span class='ocrx_word' id='word_1_774' title='bbox 1563 5345 1773 5399; x_wconf 83' lang='lat' dir='ltr'><strong>virtute</strong></span> <span class='ocrx_word' id='word_1_775' title='bbox 1821 5345 2005 5414; x_wconf 89' lang='lat' dir='ltr'><strong>potius</strong></span> <span class='ocrx_word' id='word_1_776' title='bbox 2062 5354 2263 5399; x_wconf 88' lang='lat' dir='ltr'><strong>cuncta</strong></span> 
     </span>
    </p>
   </div>
   <div class='ocr_carea' id='block_1_98' title="bbox 2366 4615 3897 4692">
    <p class='ocr_par' dir='ltr' id='par_1_98' title="bbox 2366 4615 3897 4692">
     <span class='ocr_line' id='line_1_98' title="bbox 2366 4615 3897 4692; baseline 0.002 -23"><span class='ocrx_word' id='word_1_777' title='bbox 2366 4615 2535 4681; x_wconf 74' lang='grc' dir='ltr'>δάξει</span> <span class='ocrx_word' id='word_1_778' title='bbox 2565 4616 2783 4683; x_wconf 78' lang='grc' dir='ltr'>πάντα,</span> <span class='ocrx_word' id='word_1_779' title='bbox 2821 4618 2920 4672; x_wconf 82' lang='grc' dir='ltr'><strong>καί</strong></span> <span class='ocrx_word' id='word_1_780' title='bbox 2946 4619 3286 4689; x_wconf 68' lang='grc' dir='ltr'>ὑπομνήσει</span> <span class='ocrx_word' id='word_1_781' title='bbox 3321 4624 3479 4692; x_wconf 78' lang='grc' dir='ltr'><strong>ὑμᾶς</strong></span> <span class='ocrx_word' id='word_1_782' title='bbox 3501 4626 3691 4679; x_wconf 77' lang='grc' dir='ltr'>πάντα</span> <span class='ocrx_word' id='word_1_783' title='bbox 3712 4624 3743 4678; x_wconf 76' lang='lat' dir='ltr'><strong>d</strong></span> <span class='ocrx_word' id='word_1_784' title='bbox 3767 4619 3897 4677; x_wconf 68' lang='grc' dir='ltr'>εἶπεν</span> 
     </span>
    </p>
   </div>
   <div class='ocr_carea' id='block_1_99' title="bbox 2362 4706 2496 4777">
    <p class='ocr_par' dir='ltr' id='par_1_99' title="bbox 2362 4706 2496 4777">
     <span class='ocr_line' id='line_1_99' title="bbox 2362 4706 2496 4777; baseline -0.007 -16"><span class='ocrx_word' id='word_1_785' title='bbox 2362 4706 2496 4777; x_wconf 77' lang='grc' dir='ltr'><strong>ἐγώ.</strong></span> 
     </span>
    </p>
   </div>
   <div class='ocr_carea' id='block_1_100' title="bbox 2437 4798 3893 4877">
    <p class='ocr_par' dir='ltr' id='par_1_100' title="bbox 2437 4798 3893 4877">
     <span class='ocr_line' id='line_1_100' title="bbox 2437 4798 3893 4877; baseline 0.003 -27"><span class='ocrx_word' id='word_1_786' title='bbox 2437 4799 2588 4868; x_wconf 82' lang='grc' dir='ltr'>Ἔχει</span> <span class='ocrx_word' id='word_1_787' title='bbox 2622 4798 2783 4853; x_wconf 87' lang='grc' dir='ltr'>πάλιν</span> <span class='ocrx_word' id='word_1_788' title='bbox 2808 4802 2834 4853; x_wconf 90' lang='grc' dir='ltr'>ὁ</span> <span class='ocrx_word' id='word_1_789' title='bbox 2866 4799 3021 4870; x_wconf 87' lang='grc' dir='ltr'>λόγος</span> <span class='ocrx_word' id='word_1_790' title='bbox 3051 4804 3110 4855; x_wconf 85' lang='grc' dir='ltr'><strong>τὸ</strong></span> <span class='ocrx_word' id='word_1_791' title='bbox 3145 4803 3512 4877; x_wconf 85' lang='grc' dir='ltr'>ἀνθρώπινον,</span> <span class='ocrx_word' id='word_1_792' title='bbox 3564 4805 3655 4858; x_wconf 69' lang='grc' dir='ltr'><strong>καὶ</strong></span> <span class='ocrx_word' id='word_1_793' title='bbox 3682 4803 3775 4856; x_wconf 81' lang='grc' dir='ltr'>τῶν</span> <span class='ocrx_word' id='word_1_794' title='bbox 3804 4798 3893 4853; x_wconf 70' lang='grc' dir='ltr'>καθ’</span> 
     </span>
    </p>
   </div>
   <div class='ocr_carea' id='block_1_101' title="bbox 2364 4888 3891 4968">
    <p class='ocr_par' dir='ltr' id='par_1_101' title="bbox 2364 4888 3891 4968">
     <span class='ocr_line' id='line_1_101' title="bbox 2364 4888 3891 4968; baseline 0.001 -27"><span class='ocrx_word' id='word_1_795' title='bbox 2364 4889 2509 4958; x_wconf 80' lang='grc' dir='ltr'>ἡμᾶς</span> <span class='ocrx_word' id='word_1_796' title='bbox 2529 4890 2590 4941; x_wconf 84' lang='grc' dir='ltr'><strong>οὐ</strong></span> <span class='ocrx_word' id='word_1_797' title='bbox 2618 4890 2738 4943; x_wconf 85' lang='grc' dir='ltr'>λίαν</span> <span class='ocrx_word' id='word_1_798' title='bbox 2768 4890 3114 4962; x_wconf 85' lang='grc' dir='ltr'>ἀπήλλακται</span> <span class='ocrx_word' id='word_1_799' title='bbox 3146 4894 3383 4963; x_wconf 85' lang='grc' dir='ltr'>μέτρων,</span> <span class='ocrx_word' id='word_1_800' title='bbox 3414 4898 3540 4949; x_wconf 85' lang='grc' dir='ltr'>ὅσον</span> <span class='ocrx_word' id='word_1_801' title='bbox 3571 4892 3697 4968; x_wconf 77' lang='grc' dir='ltr'>ἧκεν</span> <span class='ocrx_word' id='word_1_802' title='bbox 3718 4894 3784 4954; x_wconf 84' lang='grc' dir='ltr'>εἰς</span> <span class='ocrx_word' id='word_1_803' title='bbox 3800 4888 3891 4943; x_wconf 78' lang='grc' dir='ltr'>νοῦν</span> 
     </span>
    </p>
   </div>
   <div class='ocr_carea' id='block_1_102' title="bbox 2361 4982 3888 5059">
    <p class='ocr_par' dir='ltr' id='par_1_102' title="bbox 2361 4982 3888 5059">
     <span class='ocr_line' id='line_1_102' title="bbox 2361 4982 3888 5059; baseline 0.003 -26"><span class='ocrx_word' id='word_1_804' title='bbox 2361 4984 2474 5045; x_wconf 86' lang='grc' dir='ltr'>τοῖς</span> <span class='ocrx_word' id='word_1_805' title='bbox 2504 4982 2886 5051; x_wconf 86' lang='grc' dir='ltr'>προκειμένοις</span> <span class='ocrx_word' id='word_1_806' title='bbox 2914 4985 3006 5038; x_wconf 79' lang='grc' dir='ltr'><strong>τὸν</strong></span> <span class='ocrx_word' id='word_1_807' title='bbox 3046 4986 3345 5056; x_wconf 87' lang='grc' dir='ltr'>πρέποντα.</span> <span class='ocrx_word' id='word_1_808' title='bbox 3382 4990 3523 5041; x_wconf 87' lang='grc' dir='ltr'>Πότε</span> <span class='ocrx_word' id='word_1_809' title='bbox 3551 4990 3674 5059; x_wconf 83' lang='grc' dir='ltr'>γὰρ,</span> <span class='ocrx_word' id='word_1_810' title='bbox 3704 4985 3888 5048; x_wconf 74' lang='grc' dir='ltr'>εὐλόγως</span> 
     </span>
    </p>
   </div>
   <div class='ocr_carea' id='block_1_103' title="bbox 2363 5072 3887 5150">
    <p class='ocr_par' dir='ltr' id='par_1_103' title="bbox 2363 5072 3887 5150">
     <span class='ocr_line' id='line_1_103' title="bbox 2363 5072 3887 5150; baseline 0.009 -28"><span class='ocrx_word' id='word_1_811' title='bbox 2363 5072 2479 5139; x_wconf 81' lang='grc' dir='ltr'>ἐρεῖ</span> <span class='ocrx_word' id='word_1_812' title='bbox 2521 5089 2624 5134; x_wconf 89' lang='grc' dir='ltr'>τις,</span> <span class='ocrx_word' id='word_1_813' title='bbox 2660 5073 2734 5136; x_wconf 84' lang='grc' dir='ltr'>ὡς</span> <span class='ocrx_word' id='word_1_814' title='bbox 2762 5075 2822 5126; x_wconf 83' lang='grc' dir='ltr'><strong>οὐ</strong></span> <span class='ocrx_word' id='word_1_815' title='bbox 2874 5075 3005 5145; x_wconf 84' lang='grc' dir='ltr'>παρ’</span> <span class='ocrx_word' id='word_1_816' title='bbox 3036 5077 3169 5145; x_wconf 83' lang='grc' dir='ltr'>ἡμῖν</span> <span class='ocrx_word' id='word_1_817' title='bbox 3200 5079 3347 5131; x_wconf 89' lang='grc' dir='ltr'>ἐστιν</span> <span class='ocrx_word' id='word_1_818' title='bbox 3376 5079 3405 5130; x_wconf 79' lang='grc' dir='ltr'><strong>ό</strong></span> <span class='ocrx_word' id='word_1_819' title='bbox 3437 5078 3687 5150; x_wconf 77' lang='grc' dir='ltr'>Χριστὸς,</span> <span class='ocrx_word' id='word_1_820' title='bbox 3710 5074 3826 5128; x_wconf 80' lang='grc' dir='ltr'>κατά</span> <span class='ocrx_word' id='word_1_821' title='bbox 3845 5086 3887 5135; x_wconf 69' lang='grc' dir='ltr'>ἴε</span> 
     </span>
    </p>
   </div>
   <div class='ocr_carea' id='block_1_104' title="bbox 2363 5162 3889 5241">
    <p class='ocr_par' dir='ltr' id='par_1_104' title="bbox 2363 5162 3889 5241">
     <span class='ocr_line' id='line_1_104' title="bbox 2363 5162 3889 5241; baseline 0.004 -28"><span class='ocrx_word' id='word_1_822' title='bbox 2363 5162 2462 5232; x_wconf 84' lang='grc' dir='ltr'><strong>τὴν</strong></span> <span class='ocrx_word' id='word_1_823' title='bbox 2503 5164 2602 5232; x_wconf 76' lang='grc' dir='ltr'>τῆς</span> <span class='ocrx_word' id='word_1_824' title='bbox 2649 5164 2898 5234; x_wconf 89' lang='grc' dir='ltr'>θεότητος</span> <span class='ocrx_word' id='word_1_825' title='bbox 2942 5168 3194 5239; x_wconf 82' lang='grc' dir='ltr'>δύναμιν,</span> <span class='ocrx_word' id='word_1_826' title='bbox 3247 5172 3426 5223; x_wconf 87' lang='grc' dir='ltr'>καίτοι</span> <span class='ocrx_word' id='word_1_827' title='bbox 3476 5172 3667 5241; x_wconf 86' lang='grc' dir='ltr'>πληροῖ</span> <span class='ocrx_word' id='word_1_828' title='bbox 3716 5167 3799 5237; x_wconf 83' lang='grc' dir='ltr'><strong>μὲν</strong></span> <span class='ocrx_word' id='word_1_829' title='bbox 3841 5162 3889 5211; x_wconf 67' lang='grc' dir='ltr'>τὰ</span> 
     </span>
    </p>
   </div>
   <div class='ocr_carea' id='block_1_105' title="bbox 2365 5252 3887 5333">
    <p class='ocr_par' dir='ltr' id='par_1_105' title="bbox 2365 5252 3887 5333">
     <span class='ocr_line' id='line_1_105' title="bbox 2365 5252 3887 5333; baseline -0.001 -29"><span class='ocrx_word' id='word_1_830' title='bbox 2365 5253 2562 5316; x_wconf 83' lang='grc' dir='ltr'>πάντα,</span> <span class='ocrx_word' id='word_1_831' title='bbox 2589 5255 2683 5307; x_wconf 68' lang='grc' dir='ltr'><strong>κα)⁵</strong></span> <span class='ocrx_word' id='word_1_832' title='bbox 2710 5257 2923 5320; x_wconf 83' lang='grc' dir='ltr'>οὐδενὸς</span> <span class='ocrx_word' id='word_1_833' title='bbox 2950 5258 3011 5311; x_wconf 83' lang='grc' dir='ltr'><strong>τὸ</strong></span> <span class='ocrx_word' id='word_1_834' title='bbox 3044 5260 3267 5331; x_wconf 86' lang='grc' dir='ltr'>σύμπαν</span> <span class='ocrx_word' id='word_1_835' title='bbox 3293 5262 3588 5333; x_wconf 80' lang='grc' dir='ltr'>ἀποδημεῖ,</span> <span class='ocrx_word' id='word_1_836' title='bbox 3611 5258 3828 5329; x_wconf 81' lang='grc' dir='ltr'>περιέπει</span> <span class='ocrx_word' id='word_1_837' title='bbox 3848 5252 3887 5303; x_wconf 80' lang='grc' dir='ltr'><strong>δὲ</strong></span> 
     </span>
    </p>
   </div>
   <div class='ocr_carea' id='block_1_106' title="bbox 2367 5341 3884 5425">
    <p class='ocr_par' dir='ltr' id='par_1_106' title="bbox 2367 5341 3884 5425">
     <span class='ocr_line' id='line_1_106' title="bbox 2367 5341 3884 5425; baseline -0.011 -16"><span class='ocrx_word' id='word_1_838' title='bbox 2367 5341 2566 5409; x_wconf 70' lang='grc' dir='ltr'>μᾶλλον</span> <span class='ocrx_word' id='word_1_839' title='bbox 2596 5346 2821 5417; x_wconf 76' lang='grc' dir='ltr'>ἀρῤήτῳ</span> <span class='ocrx_word' id='word_1_840' title='bbox 2848 5348 3095 5419; x_wconf 83' lang='grc' dir='ltr'>δυνάμει,</span> <span class='ocrx_word' id='word_1_841' title='bbox 3125 5352 3231 5421; x_wconf 87' lang='grc' dir='ltr'>γῆν</span> <span class='ocrx_word' id='word_1_842' title='bbox 3264 5370 3324 5405; x_wconf 88' lang='grc' dir='ltr'><strong>τε</strong></span> <span class='ocrx_word' id='word_1_843' title='bbox 3360 5354 3457 5407; x_wconf 73' lang='grc' dir='ltr'>καὶ</span> <span class='ocrx_word' id='word_1_844' title='bbox 3486 5352 3719 5425; x_wconf 78' lang='grc' dir='ltr'>οὐρανὸν,</span> <span class='ocrx_word' id='word_1_845' title='bbox 3742 5343 3884 5401; x_wconf 79' lang='grc' dir='ltr'>τῶνδὲ</span> 
     </span>
    </p>
   </div>
   <div class='ocr_carea' id='block_1_107' title="bbox 678 5432 2271 5513">
    <p class='ocr_par' dir='ltr' id='par_1_107' title="bbox 678 5435 2259 5505">
     <span class='ocr_line' id='line_1_107' title="bbox 678 5435 2259 5505; baseline -0.003 -14"><span class='ocrx_word' id='word_1_846' title='bbox 678 5445 945 5505; x_wconf 90' lang='lat' dir='ltr'><strong>permeat,</strong></span> <span class='ocrx_word' id='word_1_847' title='bbox 981 5448 1184 5491; x_wconf 89' lang='lat' dir='ltr'><strong>terram</strong></span> <span class='ocrx_word' id='word_1_848' title='bbox 1220 5451 1283 5490; x_wconf 85' lang='lat' dir='ltr'><strong>ac</strong></span> <span class='ocrx_word' id='word_1_849' title='bbox 1320 5436 1543 5496; x_wconf 61' lang='lat' dir='ltr'><strong>caelum,</strong></span> <span class='ocrx_word' id='word_1_850' title='bbox 1578 5450 1682 5490; x_wconf 89' lang='lat' dir='ltr'><strong>nec</strong></span> <span class='ocrx_word' id='word_1_851' title='bbox 1733 5435 1889 5489; x_wconf 85' lang='lat' dir='ltr'><strong>abest</strong></span> <span class='ocrx_word' id='word_1_852' title='bbox 1939 5450 1968 5487; x_wconf 89' lang='lat' dir='ltr'><strong>a</strong></span> <span class='ocrx_word' id='word_1_853' title='bbox 2002 5446 2259 5504; x_wconf 89' lang='lat' dir='ltr'><strong>penetra-</strong></span> 
     </span>
    </p>
   </div>
   <div class='ocr_carea' id='block_1_108' title="bbox 2376 5432 3883 5513">
    <p class='ocr_par' dir='ltr' id='par_1_108' title="bbox 2376 5432 3883 5513">
     <span class='ocr_line' id='line_1_108' title="bbox 2376 5432 3883 5513; baseline 0.003 -30"><span class='ocrx_word' id='word_1_854' title='bbox 2376 5432 2591 5487; x_wconf 81' lang='grc' dir='ltr'>ιϐύσσου</span> <span class='ocrx_word' id='word_1_855' title='bbox 2620 5439 2804 5506; x_wconf 79' lang='grc' dir='ltr'>μυχῶν</span> <span class='ocrx_word' id='word_1_856' title='bbox 2826 5439 2923 5492; x_wconf 79' lang='grc' dir='ltr'><strong>οὐκ</strong></span> <span class='ocrx_word' id='word_1_857' title='bbox 2948 5441 3423 5513; x_wconf 78' lang='grc' dir='ltr'>ἀπολιμπάνεταις</span> <span class='ocrx_word' id='word_1_858' title='bbox 3454 5446 3559 5499; x_wconf 79' lang='grc' dir='ltr'><strong>Ποῦ</strong></span> <span class='ocrx_word' id='word_1_859' title='bbox 3585 5444 3685 5513; x_wconf 80' lang='grc' dir='ltr'>γὰρ</span> <span class='ocrx_word' id='word_1_860' title='bbox 3700 5441 3783 5494; x_wconf 78' lang='grc' dir='ltr'><strong>οὐκ</strong></span> <span class='ocrx_word' id='word_1_861' title='bbox 3799 5436 3883 5487; x_wconf 78' lang='grc' dir='ltr'>ἐστι</span> 
     </span>
    </p>
   </div>
   <div class='ocr_carea' id='block_1_109' title="bbox 680 5524 2260 5599">
    <p class='ocr_par' dir='ltr' id='par_1_109' title="bbox 680 5524 2260 5599">
     <span class='ocr_line' id='line_1_109' title="bbox 680 5524 2260 5599; baseline -0.003 -17"><span class='ocrx_word' id='word_1_862' title='bbox 680 5529 825 5583; x_wconf 91' lang='lat' dir='ltr'><strong>libus</strong></span> <span class='ocrx_word' id='word_1_863' title='bbox 856 5530 1087 5599; x_wconf 84' lang='lat' dir='ltr'><strong>abyssi?</strong></span> <span class='ocrx_word' id='word_1_864' title='bbox 1120 5526 1221 5580; x_wconf 88' lang='lat' dir='ltr'><strong>Ubi</strong></span> <span class='ocrx_word' id='word_1_865' title='bbox 1246 5526 1391 5581; x_wconf 90' lang='lat' dir='ltr'><strong>enim</strong></span> <span class='ocrx_word' id='word_1_866' title='bbox 1425 5542 1531 5580; x_wconf 94' lang='lat' dir='ltr'><strong>non</strong></span> <span class='ocrx_word' id='word_1_867' title='bbox 1568 5534 1654 5581; x_wconf 91' lang='lat' dir='ltr'><strong>est</strong></span> <span class='ocrx_word' id='word_1_868' title='bbox 1696 5525 1876 5579; x_wconf 91' lang='lat' dir='ltr'><strong>Deus?</strong></span> <span class='ocrx_word' id='word_1_869' title='bbox 1908 5524 2042 5579; x_wconf 91' lang='lat' dir='ltr'><strong>Cum</strong></span> <span class='ocrx_word' id='word_1_870' title='bbox 2093 5525 2260 5594; x_wconf 90' lang='lat' dir='ltr'><strong>igitur</strong></span> 
     </span>
    </p>
   </div>
   <div class='ocr_carea' id='block_1_110' title="bbox 680 5616 2250 5686">
    <p class='ocr_par' dir='ltr' id='par_1_110' title="bbox 680 5616 2250 5686">
     <span class='ocr_line' id='line_1_110' title="bbox 680 5616 2250 5686; baseline -0.003 -15"><span class='ocrx_word' id='word_1_871' title='bbox 680 5620 757 5675; x_wconf 84' lang='lat' dir='ltr'><strong>ait</strong></span> <span class='ocrx_word' id='word_1_872' title='bbox 792 5639 804 5674; x_wconf 92' lang='lat'>:</span> <span class='ocrx_word' id='word_1_873' title='bbox 845 5638 863 5669; x_wconf 83' lang='grc' dir='ltr'><strong>ι</strong></span> <span class='ocrx_word' id='word_1_874' title='bbox 900 5618 1026 5672; x_wconf 65' lang='lat' dir='ltr'><strong>Haec</strong></span> <span class='ocrx_word' id='word_1_875' title='bbox 1053 5619 1273 5672; x_wconf 86' lang='lat' dir='ltr'><strong>locutus</strong></span> <span class='ocrx_word' id='word_1_876' title='bbox 1296 5632 1418 5673; x_wconf 88' lang='lat' dir='ltr'><strong>sum</strong></span> <span class='ocrx_word' id='word_1_877' title='bbox 1440 5616 1620 5680; x_wconf 84' lang='lat' dir='ltr'><strong>vobis,</strong></span> <span class='ocrx_word' id='word_1_878' title='bbox 1645 5616 1789 5686; x_wconf 89' lang='lat' dir='ltr'><strong>apud</strong></span> <span class='ocrx_word' id='word_1_879' title='bbox 1820 5631 1915 5670; x_wconf 83' lang='lat' dir='ltr'><strong>vos</strong></span> <span class='ocrx_word' id='word_1_880' title='bbox 1946 5631 2201 5680; x_wconf 87' lang='lat' dir='ltr'><strong>manens,</strong></span> <span class='ocrx_word' id='word_1_881' title='bbox 2233 5635 2250 5666; x_wconf 78' lang='grc' dir='ltr'><strong>ι</strong></span> 
     </span>
    </p>
   </div>
   <div class='ocr_carea' id='block_1_111' title="bbox 753 5792 1469 5860">
    <p class='ocr_par' dir='ltr' id='par_1_111' title="bbox 753 5792 1469 5860">
     <span class='ocr_line' id='line_1_111' title="bbox 753 5792 1469 5860; baseline 0.004 -11"><span class='ocrx_word' id='word_1_882' title='bbox 753 5796 796 5828; x_wconf 76' lang='grc' dir='ltr'><strong>³τ</strong></span> <span class='ocrx_word' id='word_1_883' title='bbox 826 5795 927 5851; x_wconf 87' lang='lat' dir='ltr'><strong>lsa.</strong></span> <span class='ocrx_word' id='word_1_884' title='bbox 973 5808 1047 5860; x_wconf 80' lang='lat' dir='ltr'><strong>Ix,</strong></span> <span class='ocrx_word' id='word_1_885' title='bbox 1080 5792 1111 5849; x_wconf 85' lang='lat'><strong>6</strong></span> <span class='ocrx_word' id='word_1_886' title='bbox 1153 5808 1266 5849; x_wconf 90' lang='lat' dir='ltr'><strong>sec.</strong></span> <span class='ocrx_word' id='word_1_887' title='bbox 1304 5793 1469 5852; x_wconf 77' lang='lat' dir='ltr'><strong>LXX.</strong></span> 
     </span>
    </p>
   </div>
   <div class='ocr_carea' id='block_1_112' title="bbox 1546 5791 2609 5862">
    <p class='ocr_par' dir='ltr' id='par_1_112' title="bbox 1546 5791 2609 5862">
     <span class='ocr_line' id='line_1_112' title="bbox 1546 5791 2609 5862; baseline 0.008 -20"><span class='ocrx_word' id='word_1_888' title='bbox 1546 5795 1589 5829; x_wconf 66' lang='grc'><strong>³⁸</strong></span> <span class='ocrx_word' id='word_1_889' title='bbox 1616 5794 1847 5862; x_wconf 83' lang='lat' dir='ltr'><strong>Philipp.</strong></span> <span class='ocrx_word' id='word_1_890' title='bbox 1892 5808 1951 5855; x_wconf 83' lang='lat' dir='ltr'><strong>ll,</strong></span> <span class='ocrx_word' id='word_1_891' title='bbox 1989 5794 2040 5847; x_wconf 77' lang='grc' dir='ltr'><strong>τ.</strong></span> <span class='ocrx_word' id='word_1_892' title='bbox 2121 5794 2165 5824; x_wconf 86' lang='grc'><strong>³⁹</strong></span> <span class='ocrx_word' id='word_1_893' title='bbox 2202 5791 2363 5847; x_wconf 87' lang='lat' dir='ltr'><strong>Joan.</strong></span> <span class='ocrx_word' id='word_1_894' title='bbox 2416 5809 2469 5859; x_wconf 89' lang='grc' dir='ltr'><strong>ι,</strong></span> <span class='ocrx_word' id='word_1_895' title='bbox 2528 5797 2609 5851; x_wconf 70' lang='grc'><strong>14.</strong></span> 
     </span>
    </p>
   </div>
   <div class='ocr_carea' id='block_1_113' title="bbox 2365 5525 3881 5609">
    <p class='ocr_par' dir='ltr' id='par_1_113' title="bbox 2365 5525 3881 5609">
     <span class='ocr_line' id='line_1_113' title="bbox 2365 5525 3881 5609; baseline 0.006 -22"><span class='ocrx_word' id='word_1_896' title='bbox 2365 5526 2531 5588; x_wconf 79' lang='grc' dir='ltr'>θεόςς</span> <span class='ocrx_word' id='word_1_897' title='bbox 2584 5527 2753 5583; x_wconf 82' lang='grc' dir='ltr'>Ὅταν</span> <span class='ocrx_word' id='word_1_898' title='bbox 2797 5527 2887 5585; x_wconf 80' lang='grc' dir='ltr'><strong>οὖν</strong></span> <span class='ocrx_word' id='word_1_899' title='bbox 2928 5532 3061 5606; x_wconf 83' lang='grc' dir='ltr'>λέγῃ</span> <span class='ocrx_word' id='word_1_900' title='bbox 3082 5552 3096 5564; x_wconf 73' lang='grc' dir='ltr'><strong>ο</strong></span> <span class='ocrx_word' id='word_1_901' title='bbox 3156 5554 3172 5585; x_wconf 83' lang='grc' dir='ltr'><strong>ι</strong></span> <span class='ocrx_word' id='word_1_902' title='bbox 3206 5536 3396 5592; x_wconf 88' lang='grc' dir='ltr'>Ταῦτα</span> <span class='ocrx_word' id='word_1_903' title='bbox 3428 5539 3561 5609; x_wconf 86' lang='grc' dir='ltr'>πρὸς</span> <span class='ocrx_word' id='word_1_904' title='bbox 3593 5536 3724 5605; x_wconf 80' lang='grc' dir='ltr'>ὑμᾶς</span> <span class='ocrx_word' id='word_1_905' title='bbox 3749 5525 3881 5583; x_wconf 73' lang='grc' dir='ltr'>εἶπονν</span> 
     </span>
    </p>
   </div>
   <div class='ocr_carea' id='block_1_114' title="bbox 2366 5617 3883 5699">
    <p class='ocr_par' dir='ltr' id='par_1_114' title="bbox 2366 5617 3883 5699">
     <span class='ocr_line' id='line_1_114' title="bbox 2366 5617 3883 5699; baseline 0.004 -26"><span class='ocrx_word' id='word_1_906' title='bbox 2366 5622 2493 5688; x_wconf 79' lang='grc' dir='ltr'>παρ’</span> <span class='ocrx_word' id='word_1_907' title='bbox 2521 5620 2648 5690; x_wconf 80' lang='grc' dir='ltr'>ὑμῖν</span> <span class='ocrx_word' id='word_1_908' title='bbox 2686 5622 2878 5689; x_wconf 74' lang='grc' dir='ltr'>μένων,</span> <span class='ocrx_word' id='word_1_909' title='bbox 2913 5644 2929 5674; x_wconf 73' lang='grc' dir='ltr'><strong>ι</strong></span> <span class='ocrx_word' id='word_1_910' title='bbox 2960 5626 3099 5679; x_wconf 86' lang='grc' dir='ltr'><strong>κατά</strong></span> <span class='ocrx_word' id='word_1_911' title='bbox 3121 5627 3181 5680; x_wconf 86' lang='grc' dir='ltr'><strong>τὸ</strong></span> <span class='ocrx_word' id='word_1_912' title='bbox 3210 5628 3550 5699; x_wconf 81' lang='grc' dir='ltr'>ἀνθρώπινον</span> <span class='ocrx_word' id='word_1_913' title='bbox 3570 5617 3883 5695; x_wconf 75' lang='grc' dir='ltr'>ὲκληψόμεθαο</span> 
     </span>
    </p>
   </div>
   <div class='ocr_carea' id='block_1_115' title="bbox 2693 5800 3132 5869">
    <p class='ocr_par' dir='ltr' id='par_1_115' title="bbox 2693 5800 3132 5869">
     <span class='ocr_line' id='line_1_115' title="bbox 2693 5800 3132 5869; baseline 0.005 -16"><span class='ocrx_word' id='word_1_914' title='bbox 2693 5800 2733 5829; x_wconf 73' lang='grc'><strong>⁸⁸⁰</strong></span> <span class='ocrx_word' id='word_1_915' title='bbox 2781 5800 2945 5855; x_wconf 85' lang='lat' dir='ltr'><strong>llehr.</strong></span> <span class='ocrx_word' id='word_1_916' title='bbox 2988 5818 3034 5869; x_wconf 85' lang='grc' dir='ltr'><strong>ι,</strong></span> <span class='ocrx_word' id='word_1_917' title='bbox 3078 5804 3132 5860; x_wconf 79' lang='lat'><strong>3.</strong></span> 
     </span>
    </p>
   </div>
  </div>
