4096 6528
222 476 323 532 501

1274 473 1340 527 IN
1380 468 1669 527 JOANNIS
1698 466 2139 525 EVANGELlUM
2180 468 2307 523 LIB.
2350 466 2416 525 Χ.

3368 471 3468 524 302

221 595 340 648 Καὶ
392 591 621 661 ἐπείπερ
672 589 895 661 ἔμελλεν
935 586 994 654 ὲξ
1051 588 1344 660 ὀφθαλμῶν
1392 588 1642 657 γενέσθαι
1691 586 1799 640 τῶν

1914 586 2264 641 humanitatis
2316 588 2529 640 ratione
2572 585 2627 639 id
2675 584 3063 653 intelligemus.
3103 584 3168 638 Et
3202 585 3329 655 quia
3381 603 3467 641 rc-

224 684 529 757 ἡμετέρων,
560 683 699 737 κατά
731 699 795 749 γε
821 681 918 751 τὴν
946 681 1124 751 σάρκα
1154 680 1317 750 φημὶ,
1352 680 1450 749 τὴν
1477 681 1536 731 ἐν
1563 680 1675 741 τοῖς
1708 670 1801 730 οῦ-

226 778 413 846 ρανοϊς
462 773 768 844 ἀποδημίαν
816 771 1187 841 στειλάμενος,
1234 771 1302 824 τά
1352 769 1581 823 τοιαῦτά
1626 783 1798 839 φησι⁸

220 867 325 935 τὴν
348 866 405 918 δὲ
433 864 526 917 τοῦ
564 863 865 935 μυστηρίου
895 864 1239 933 τελειοτάτην
1264 863 1359 916 καὶ
1401 860 1802 931 ἀκριϐεστάτην

221 955 360 1025 ἡμῖν
382 952 722 1021 ἀποκάλυψιν
740 952 831 1004 διὰ
850 951 944 1005 τοῦ
975 951 1332 1023 Παρακλήτου
1356 949 1607 1019 γενέσθαι
1630 949 1799 1017 λέγει,

221 1046 370 1100 τοῦτ’
402 1046 539 1110 ἐστι,
567 1043 660 1097 τοῦ
690 1043 848 1110 ἁγίου
875 1044 1191 1113 Πνεύματος
1225 1041 1625 1104 ἀποσταλέντος
1651 1039 1803 1112 παρά

220 1140 319 1193 τοῦ
348 1138 562 1209 Πατρὸς
587 1138 677 1190 ἐπὶ
703 1136 781 1207 τῷ
803 1136 1025 1207 ὀνόματι
1053 1134 1238 1198 αὑτοῦ,
1263 1134 1407 1201 λέγω
1438 1133 1502 1205 δὴ
1531 1133 1623 1186 τοῦ
1649 1133 1800 1188 Υίοῦ.

232 1230 327 1294 Ὧς
377 1228 485 1298 γάρ
529 1228 784 1298 Χριστὸς,
832 1227 890 1279 ὲν
934 1228 1067 1297 ἡμῖν
1106 1225 1168 1279 τὸ
1211 1224 1437 1295 Πνεῦμα
1463 1224 1651 1278 αὑτοῦ.
1706 1224 1804 1275 Διά

220 1320 387 1375 τοῦτό
416 1337 597 1391 φησιν,
632 1320 712 1372 ὅτι
745 1338 763 1369 ι
787 1319 1024 1380 Ἐκεῖνος
1056 1316 1256 1383 διδάξει
1283 1317 1426 1387 ὑμᾶς
1456 1317 1629 1370 πάντα
1661 1315 1696 1369 ἀ
1727 1311 1804 1368 εἶ-

222 1429 330 1465 πον
356 1405 486 1481 ύμῖν
521 1404 650 1477 ἐγώ.
682 1430 699 1462 ι
743 1408 961 1480 Ἐπειδὴ
993 1409 1100 1481 γάρ
1135 1410 1250 1462 ὲστι
1296 1408 1523 1478 Πνεῦμα
1566 1408 1802 1479 Χριστοῦ

222 1503 324 1555 καὶ
348 1500 474 1564 νοῦς
503 1500 691 1563 αὐτοῦ,
727 1499 868 1553 κατὰ
895 1492 956 1551 τὸ
983 1499 1387 1570 γεγραμμένον,
1419 1500 1518 1570 οὐχ
1544 1499 1728 1569 ἕτερόν
1752 1516 1804 1552 τι

220 1593 360 1663 παρ’
395 1591 557 1645 αὐτὸν
579 1590 658 1656 ὃν,
694 1590 836 1644 κατά
866 1607 930 1658 γε
955 1589 1046 1642 τὸν
1078 1592 1133 1642 ὲν
1162 1591 1449 1660 ταυτότητι
1482 1592 1683 1660 φυσικῇ
1721 1589 1806 1642 λό-

221 1702 347 1752 γον,
384 1684 571 1737 καίτοι
617 1672 905 1753 νοούμενόν
950 1698 1009 1735 τε
1059 1682 1154 1735 καὶ
1199 1682 1441 1753 ὑπάρχον
1496 1682 1661 1743 ἰδίως,
1698 1678 1805 1734 οἶδε

223 1775 409 1828 πάντα
437 1772 504 1825 τὰ
530 1766 594 1825 γὲν
617 1771 784 1841 αὐτῷ.
810 1770 920 1824 Καὶ
954 1771 1295 1841 μαρτυρήσει
1316 1770 1489 1837 λέγων
1511 1772 1537 1823 ὀ
1561 1765 1771 1833 Παῦλος
1789 1787 1803 1800 ο

231 1884 252 1917 ι
275 1864 374 1928 Τίς
404 1863 511 1936 γὰρ
540 1859 647 1917 οἶδε
683 1863 754 1917 τά
794 1861 889 1916 τοῦ
922 1861 1229 1932 ἀνθρώπου,
1268 1864 1316 1915 εί
1366 1861 1441 1933 μὴ
1487 1862 1547 1914 τὸ
1591 1860 1808 1931 πνεῦμα

1902 692 2099 731 versus
2134 676 2201 729 ad
2251 677 2424 731 coelos
2473 690 2801 731 evanescere
2853 675 3087 730 debebat
3138 691 3205 729 ex
3262 677 3469 730 nostris

1902 769 2103 835 oculis,
2132 770 2282 840 quod
2315 770 2386 824 ad
2411 785 2637 826 carnem
2676 776 2909 841 Spectat,
2940 770 3151 826 idcirco
3182 771 3299 825 hac
3343 772 3421 825 ait
3455 791 3467 826 :

1902 859 2154 930 mysterii
2195 875 2328 916 vero
2378 860 2839 931 perfectissimam
2892 867 2943 913 et
2998 861 3469 916 accuratissimam

1903 951 2301 1006 revelationem
2333 967 2430 1023 per
2451 952 2796 1007 Paracletum
2826 951 2988 1006 nobis
3018 952 3219 1005 factam
3249 952 3344 1013 ait,
3370 952 3474 1005 hoc

1902 1051 1988 1096 est
2008 1058 2109 1112 .per
2138 1052 2391 1099 sanctum
2430 1042 2721 1113 Spiritum,
2760 1043 2853 1114 qui
2894 1044 3096 1097 missus
3129 1052 3214 1097 est
3245 1058 3273 1095 a
3310 1041 3474 1095 Patre

1906 1133 1959 1187 in
1991 1134 2215 1189 nomine
2244 1134 2392 1203 ejus,
2446 1134 2499 1187 id
2534 1141 2617 1189 est
2646 1133 2793 1189 Filii.
2827 1135 2897 1189 Ut
2943 1136 3088 1187 enim
3130 1134 3384 1188 Christus
3418 1135 3471 1187 in

1905 1221 2088 1284 nobis,
2120 1221 2195 1274 ita
2225 1228 2279 1275 et
2314 1220 2557 1290 Spiritus
2590 1218 2731 1288 ejus.
2770 1221 2984 1276 Idcirco
3015 1223 3093 1274 ait
3123 1239 3135 1273 :
3169 1240 3186 1271 ι
3230 1223 3350 1290 ipse
3378 1236 3475 1274 vos

1905 1310 2130 1367 docebit
2157 1312 2342 1366 omnia
2373 1326 2496 1381 quae
2526 1324 2628 1380 ego
2658 1310 2770 1364 dixi
2804 1310 2983 1365 vobis.
3026 1330 3043 1361 ι
3080 1308 3212 1363 Nam
3246 1326 3371 1363 cum
3405 1313 3475 1364 sit

1908 1402 2118 1457 Christi
2167 1402 2410 1473 Spiritus
2436 1410 2492 1455 et
2533 1416 2688 1456 mens
2729 1400 2871 1469 ejus,
2906 1411 2962 1454 ut
2997 1401 3264 1470 scriptum
3297 1409 3381 1456 est
3408 1401 3472 1463 “,

1908 1509 2018 1548 non
2065 1495 2214 1547 aliud
2265 1493 2525 1563 quiddam
2571 1492 2844 1547 exsistens
2898 1492 2966 1545 ab
3020 1494 3157 1559 ipso,
3209 1489 3476 1543 naturalis

1907 1584 2215 1639 identitatis
2246 1584 2631 1651 ratione,licet
2660 1584 2714 1637 in
2748 1583 2973 1653 prepria
3002 1582 3281 1651 hypostasi
3311 1581 3474 1634 intel-

1908 1675 2111 1745 ligatur
2137 1689 2201 1729 ac
2242 1676 2336 1739 sit,
2364 1675 2550 1729 omnia
2589 1673 2744 1728 novit
2775 1688 2895 1742 qure
2927 1673 2981 1726 in
3014 1687 3079 1726 eo
3125 1678 3272 1726 sunt.
3307 1671 3477 1739 Cujus

1908 1768 1989 1822 rei
2030 1768 2196 1823 testis
2240 1767 2400 1824 nobis
2426 1766 2532 1823 erit
2562 1766 2785 1829 Paulus,
2813 1765 3008 1820 dicens
3044 1783 3056 1816 :
3091 1784 3109 1816 ι
3142 1763 3282 1829 Quis
3331 1764 3475 1816 enim

1910 1858 2016 1913 scit
2047 1873 2169 1928 quae
2213 1867 2347 1913 sunt
2382 1857 2647 1919 hominis,
2695 1858 2801 1912 nisi
2832 1856 3063 1925 spiritus
3110 1855 3350 1909 hominis
3382 1854 3473 1923 qui

222 1956 322 2009 τοῦ
353 1954 639 2025 ἀνθρώπου
664 1954 724 2008 τδ
751 1954 813 2007 δν
843 1955 901 2007 ὲν
926 1954 1104 2025 αύτῷ;
1155 1956 1310 2008 Οῦτω
1341 1956 1433 2007 καὶ
1458 1953 1526 2007 τά
1552 1953 1643 2007 τοῦ
1672 1953 1805 2007 Θεοῦ

1914 1951 1964 2005 in
1998 1952 2120 2021 ipso
2146 1952 2269 2007 est?
2294 1951 2372 2005 ita
2402 1958 2457 2006 et
2504 1966 2627 2021 qua:
2678 1950 2770 2004 Dei
2814 1957 2962 2012 sunt,
2997 1948 3157 2003 nemo
3199 1947 3476 2017 cognovit,

223 2046 407 2108 οὐδεὶς
430 2046 687 2114 ἔγνωκεν,
720 2046 767 2098 εί
802 2046 876 2116 μὴ
911 2045 970 2098 τὸ
998 2044 1224 2116 Πνεῦμα
1249 2046 1342 2098 τοῦ
1380 2045 1533 2099 Θεοῦ.
1572 2045 1803 2108 Οὐκοῦν,

227 2137 306 2200 ὡς
352 2137 490 2200 είδὸς
518 2137 587 2189 τὰ
618 2139 676 2189 ἐν
706 2139 770 2208 τῇ
803 2135 1051 2206 βουλήσει
1081 2137 1173 2190 τοῦ
1216 2137 1583 2205 Μονογενοῦς,
1629 2137 1807 2191 πάντα

228 2227 368 2296 ἡμῖν
398 2220 704 2295 ἀναγγέλει,
752 2227 852 2279 οὐκ
880 2229 944 2280 ὲκ
976 2227 1263 2297 μαθήσεως
1296 2226 1417 2297 ἔχον
1446 2226 1545 2297 τὴν
1577 2227 1804 2296 εἴδησιν,

228 2314 322 2369 ἵνα
354 2317 428 2388 μή
457 2316 716 2388 φαίνηται
740 2316 988 2370 διακόνου
1011 2309 1162 2381 τάξιν
1184 2309 1538 2387 ἀποπληροῦν
1566 2317 1660 2370 καὶ
1681 2309 1808 2380 τοὺς

226 2405 422 2477 ἑτέρου
458 2405 618 2475 τυχὸν
649 2405 1064 2477 διαπορθμεύων
1099 2402 1309 2475 λόγους,
1344 2406 1457 2459 ἀλλ’
1481 2404 1556 2469 ὼς
1590 2405 1807 2476 πνεῦμα

226 2494 521 2565 ἀνθρώπου
553 2494 651 2564 (1),
685 2493 935 2566 καθάπερ
964 2494 1167 2565 ἀρτίως
1191 2496 1512 2565 εἰρήκαμεν,
1547 2493 1642 2547 καὶ
1671 2486 1809 2557 είδδς

228 2582 528 2646 ἀδιδάκτως
555 2583 730 2637 πάντα
761 2583 828 2637 τὰ
858 2583 917 2650 ἐξ
946 2576 1007 2639 οὗ
1033 2585 1127 2638 καὶ
1158 2586 1215 2639 ὲν
1242 2577 1391 2655 ᾧπέρ
1421 2586 1558 2648 ἐστι,
1590 2585 1660 2639 τὰ
1689 2585 1809 2640 θεῖα

227 2674 347 2735 τοῖς
390 2670 565 2739 ἁγίοις
592 2672 967 2726 ἀποκαλύπτει
1005 2666 1303 2743 μυστήρια,
1336 2674 1583 2744 καθάπερ
1617 2674 1808 2744 ἀμέλει

229 2764 329 2816 καὶ
355 2764 386 2816 ὁ
409 2762 744 2833 ἀνθρώπινος
772 2762 896 2827 νοῦς
925 2763 1104 2817 πάντα
1129 2762 1412 2830 γινώσκων
1444 2763 1512 2816 τὰ
1546 2765 1604 2815 ὲν
1638 2764 1809 2834 αύτῷ,

226 2856 471 2908 διακονεῖ
497 2855 632 2924 πρὸς
661 2855 721 2907 τὸ
756 2855 880 2921 ἔξω,
911 2854 1055 2925 λόγῳ
1086 2855 1248 2925 τυχὸν
1278 2854 1358 2925 τῷ
1388 2855 1710 2927 προφορικῷ
1740 2857 1810 2912 τὰ

228 2947 519 3017 θελήματα
562 2948 661 3016 τῆς
691 2946 892 3016 ψυχῆς,
931 2942 999 3019 ἧς
1022 2947 1261 2999 ἐστικαὶ
1293 2946 1435 3011 νοῦς,
1481 2947 1667 3017 ἕτερον
1711 2949 1810 3018 μέν

225 3057 284 3092 τι
322 3042 454 3110 παρ’
480 3038 655 3109 αὐτὴν
682 3040 801 3101 ταῖς
826 3039 1092 3100 ἐπινοίαις
1118 3036 1390 3109 ὀρώμενός
1415 3055 1475 3090 τε
1504 3039 1597 3091 καὶ
1619 3038 1810 3107 ὄνομα·

229 3130 481 3202 ζόμενος,
508 3131 692 3200 ἕτερος
719 3132 775 3183 δὲ
802 3130 944 3183 κατὰ
963 3129 1122 3198 φύσιν
1148 3129 1246 3182 ούκ
1265 3129 1360 3194 ὢν,
1390 3129 1505 3182 ἀλλ’
1525 3129 1601 3192 ὡς
1623 3129 1809 3201 μόριον

226 3223 329 3275 τοῦ
361 3223 560 3285 παντὸς
590 3221 1048 3292 συμπληρωτικὸν
1078 3222 1134 3273 ὲν
1162 3218 1299 3292 αὐτῇ
1330 3238 1389 3273 τε
1422 3221 1684 3292 ὑπάρχον,
1715 3222 1809 3273 καὶ

1907 2046 2015 2099 nisi
2044 2044 2290 2114 Spiritus
2320 2042 2412 2095 Dei
2437 2043 2502 2096 δ’.
2533 2062 2550 2092 ›
2587 2041 2858 2107 Quocirca
2894 2050 2953 2095 ut
2995 2040 3089 2110 qui
3116 2040 3268 2095 novit
3292 2041 3476 2092 omnia

1910 2152 2030 2206 quae
2058 2144 2189 2190 sunt
2232 2137 2287 2189 in
2318 2136 2600 2189 voluntate
2635 2132 2935 2203 Unigeniti,
2967 2130 3150 2184 omnia
3184 2130 3345 2183 nobis
3381 2143 3480 2182 an-

1909 2226 2150 2287 nuntiat,
2184 2239 2290 2278 non
2317 2223 2613 2292 disciplina
2643 2230 3018 2291 comparatam
3054 2218 3338 2273 scientiam
3377 2218 3477 2271 ha-

1911 2317 2067 2381 bens,
2108 2330 2177 2370 ne
2209 2315 2449 2369 ministri
2478 2315 2651 2368 vicem
2703 2314 2931 2384 implere
2964 2312 3212 2367 videatur
3240 2318 3294 2364 et
3344 2311 3482 2363 alte-

1908 2408 2027 2461 rius
2079 2421 2362 2461 sermones
2404 2404 2640 2468 deferre,
2687 2406 2779 2458 sed
2831 2413 2891 2457 ut
2941 2405 3169 2473 spiritus
3220 2402 3478 2465 hominis,

1910 2496 2076 2553 sicuti
2110 2496 2272 2550 modo
2304 2496 2571 2559 diximus,
2606 2504 2660 2549 et
2688 2494 2781 2563 qui
2817 2495 2954 2547 citra
2980 2493 3225 2547 doctoris
3257 2506 3478 2561 operam

1912 2587 2066 2640 novit
2097 2588 2281 2641 omnia
2324 2602 2444 2656 qua:
2489 2593 2621 2641 sunt
2652 2585 2774 2654 ejus
2808 2600 2875 2638 ex
2920 2600 3029 2653 quo
3056 2592 3111 2639 et
3145 2584 3199 2637 in
3233 2599 3342 2652 quo
3372 2592 3477 2642 est.

1912 2671 2097 2732 divina
2135 2679 2346 2733 sanctis
2378 2679 2583 2733 revelat
2614 2676 2901 2747 mysteria,
2933 2675 3097 2729 sicuti
3130 2676 3390 2729 nimirum
3427 2686 3482 2730 et

1912 2785 2067 2825 mens
2112 2770 2352 2823 humana
2384 2770 2570 2824 ‘omnia
2611 2785 2733 2839 qua:
2778 2769 2833 2822 in
2863 2784 2922 2823 se
2972 2778 3102 2824 sunt
3145 2752 3501 2839 agnoscens,

1912 2859 2261 2915 enuntiativo
2281 2860 2447 2915 verbo
2471 2868 2528 2914 ut
2547 2859 2694 2916 foras
2720 2861 2934 2914 emittat
2952 2860 3258 2916 voluntates
3287 2863 3482 2917 anima:

1915 2951 2219 3013 ministrat,
2253 2951 2410 3021 cujus
2439 2960 2523 3006 est
2553 2951 2717 3006 etiam
2771 2966 2948 3013 mens,
2985 2951 3133 3005 aliud
3162 2952 3385 3021 quidem
3414 2955 3483 3006 ab

1914 3042 2035 3112 ipsa
2071 3043 2296 3097 nomine
2346 3052 2399 3096 et
2441 3051 2736 3112 conceptu,
2764 3042 2861 3097 sed
2895 3042 3000 3095 alia
3042 3043 3346 3097 secundum
3385 3060 3483 3097 na-

1915 3142 2094 3187 turam
2128 3150 2235 3188 non
2267 3135 2567 3196 exsistens,
2599 3135 2694 3189 sed
2723 3148 2844 3203 qua:
2871 3135 3040 3188 veluti
3076 3150 3204 3204 pars
3237 3137 3483 3204 comple-

1915 3226 2025 3279 tiva
2059 3226 2229 3279 totius
2260 3225 2313 3279 in
2343 3240 2405 3279 ea
2431 3225 2671 3289 exsistit,
2698 3232 2748 3277 et
2779 3241 2843 3279 ex
2875 3240 2937 3279 ea
2968 3226 3188 3294 prodire
3215 3227 3501 3285 creditur-

228 3313 293 3377 ἐξ
327 3314 498 3385 αὐτῆς
528 3313 860 3381 ἀναφύεσθαι
889 3314 1298 3382 πιστευόμενον,
1355 3312 1523 3385 ’Υπὲρ
1560 3314 1615 3367 δὲ
1654 3312 1812 3367 τοῦτο

1914 3317 2080 3387 838
2102 3317 2266 3386 Atqui
2290 3316 2472 3370 divina
2498 3326 2552 3370 et
2581 3316 2876 3370 inell'abilis
2908 3325 3103 3371 natura
3136 3333 3299 3387 supra
3338 3319 3481 3371 istud

226 3406 403 3460 ’πάλιν
446 3407 480 3475 ὴ
531 3405 650 3458 θεία
702 3422 759 3457 τε
813 3405 907 3458 καὶ
954 3405 1193 3475 ἄῤῥητος
1231 3404 1412 3473 φύσις.
1469 3405 1657 3475 Μικρά
1703 3405 1812 3477 γὰρ

232 3497 393 3549 ’πᾶσα
418 3495 871 3566 παραδειγμάτων
897 3496 1069 3565 ἰσχὺς,
1102 3494 1203 3548 κᾶν
1229 3496 1316 3549 διὰ
1348 3495 1559 3548 λεπτῶν
1585 3497 1812 3567 ἔρχηται

233 3588 435 3655 λόγων.
482 3587 691 3639 Οὐκοῦν
721 3589 754 3657 ἡ
788 3586 965 3639 τελεία
1000 3586 1237 3657 μάθησις
1262 3586 1351 3640 διὰ
1375 3586 1469 3639 τοῦ
1500 3585 1814 3657 Πνεύματος

233 3681 350 3739 τοῖς
378 3678 550 3745 ἀγίοις
580 3678 901 3731 ὲντίκτεται.
934 3678 1041 3731 Καὶ
1072 3678 1204 3746 γοῦν
1232 3680 1261 3731 ὁ
1289 3677 1572 3742 θεσπέσιος
1603 3679 1813 3743 Παῦλος

235 3769 548 3822 ἐπιστέλλει
595 3770 730 3839 πρός
782 3785 972 3833 τινας·
1030 3788 1047 3821 ι
1076 3770 1250 3838 Κάγὼ
1292 3770 1529 3833 ἀκούσας
1570 3771 1666 3840 τὴν
1696 3766 1815 3823 καθ’

238 3862 391 3930 ὑμᾶς
409 3860 590 3912 πίστιν
617 3861 674 3912 ὲν
702 3858 780 3930 τῷ
812 3858 1000 3930 Κυρίῳ
1032 3854 1227 3929 Ἰησοῦ,
1256 3862 1350 3913 καὶ
1376 3860 1475 3931 τὴν
1506 3863 1585 3923 εἰς
1609 3860 1817 3921 πάντας

236 3950 369 4012 τοὺς
398 3949 583 4017 ἀγίους
613 3947 864 4020 ἀγάπην,
916 3949 976 4001 οὐ
1022 3949 1266 4020 παύομαι
1311 3949 1645 4019 εὐχαριστῶν
1680 3949 1817 4019 ὑπὲρ

237 4040 419 4110 ὑμῶν,
472 4039 664 4110 μνείαν
697 4039 1016 4109 ποιούμενος
1061 4040 1155 4092 ἐπὶ
1195 4038 1304 4091 τῶν
1340 4038 1655 4110 προσευχῶν
1692 4054 1814 4107 μου,

238 4128 331 4181 ἵνα
358 4130 390 4181 ὁ
416 4127 547 4190 Θεὸς
578 4126 672 4180 τοῦ
698 4128 903 4198 Κυρίου
933 4126 1088 4198 ἡμῶν
1131 4127 1305 4197 Ἰησοῦ
1340 4127 1599 4198 Χριστοῦ,
1646 4130 1674 4180 ὁ
1705 4128 1817 4181 Πα-

238 4219 346 4291 τὴρ
365 4218 465 4288 τῆς
487 4217 663 4287 δόξης,
687 4217 796 4289 δῴη
818 4219 945 4289 ὑμῖν
968 4218 1191 4289 Πνεῦμα
1215 4219 1403 4287 σοφίας
1429 4220 1522 4273 καὶ
1548 4218 1820 4271 ἀποκαλύ-

235 4313 391 4381 ψεως
418 4313 475 4364 ὲν
496 4308 787 4378 ἐπιγνώσει
808 4309 996 4375 αὑτοῦ,
1018 4310 1465 4380 πεφωτισμένους
1480 4312 1605 4373 τοὺς
1623 4310 1821 4379 ὀφθαλ-

242 4403 387 4473 μοὺς
428 4403 527 4473 τῆς
554 4401 801 4471 καρδίας,
851 4402 932 4464 είς
970 4401 1031 4453 τὸ
1065 4401 1261 4454 είδέναι
1290 4401 1436 4471 ὑμᾶς
1486 4401 1570 4463 τίς
1603 4402 1749 4454 ἐστιν
1786 4403 1820 4471 ή

238 4496 404 4557 ἐλπὶς
450 4494 551 4565 τῆς
596 4492 841 4563 κλήσεως
872 4492 1059 4556 αὑτοῦ,
1114 4493 1208 4545 καὶ
1254 4494 1337 4555 τίς
1380 4494 1408 4545 ὁ
1451 4492 1677 4556 πλοῦτος
1721 4493 1822 4562 τῆς

238 4587 405 4657 δόξης
440 4587 530 4655 τῆς
558 4584 923 4655 κληρονομίας
968 4584 1134 4638 αὐτοῦ
1165 4586 1222 4637 ὲν
1249 4587 1361 4647 τοῖς
1390 4585 1585 4652 ἁγίοις,
1632 4586 1726 4637 καὶ
1770 4586 1821 4637 τί

237 4648 682 4749 τὺνῦπερῦάλλον-
703 4648 929 4747 μέγεθος
951 4677 1051 4747 τῆς
1074 4676 1354 4746 δυνάμεως
1384 4648 1548 4727 αύτοῦ
1578 4678 1653 4738 εἰς
1676 4678 1821 4747 ἡμᾶς
1852 4648 1896 4702 D

239 4770 377 4828 τοὺς
408 4766 780 4829 πιστεύοντας,
827 4765 969 4820 κατὰ
996 4766 1095 4837 τὴν
1123 4768 1401 4836 ἐνέργειαν
1428 4767 1494 4837 ἢν
1523 4768 1823 4837 ἐνήργηκεν

239 4860 303 4912 ὲν
327 4858 411 4927 τῷ
431 4859 674 4928 Χριστῷ,
698 4860 917 4930 ἐγείρας
946 4859 1107 4912 αὐτὸν
1132 4861 1195 4912 ἐκ
1215 4860 1445 4930 νεκρῶν,
1475 4861 1568 4914 καὶ
1596 4861 1824 4924 καθίσας

242 4952 305 5003 ὲν
344 4950 498 5021 δεξιᾷ
531 4951 695 5003 αὐτοῦ
723 4953 780 5003 ἐν
807 4953 921 5014 τοῖς
948 4952 1310 5022 ἐπουρανίοις,
1363 4952 1616 5022 ὑπεράνω
1644 4951 1824 5022 πάσης

254 5043 483 5112 Ἀρχῆς,
534 5043 629 5095 καὶ
670 5043 968 5108 Ἐξουσίας,
1016 5045 1109 5096 καὶ
1136 5046 1445 5113 Δυνάμεως,
1494 5046 1586 5098 καὶ
1624 5045 1825 5116 Κυριό-

237 5150 432 5202 τητος,
479 5134 573 5187 καὶ
599 5134 800 5198 παντὸς
833 5134 1095 5203 ὀνόματος
1122 5136 1540 5206 ὀνομαζομένου,
1570 5138 1630 5189 οὐ
1666 5137 1824 5206 μόνον

239 5224 304 5275 ἐν
331 5222 413 5293 τῷ
454 5223 611 5276 αἰῶνι
638 5224 834 5293 τούτῳ,
868 5224 1003 5277 ἀλλά
1045 5226 1139 5278 καὶ
1170 5226 1227 5278 ὲν
1254 5226 1331 5296 τῷ
1363 5226 1625 5296 μέλλοντι.
1660 5246 1677 5278 ι
1736 5228 1825 5280 Ἐν

237 5312 356 5384 γὰρ
383 5316 450 5383 τῇ
480 5314 588 5366 τῶν
615 5315 869 5368 τοιούτων
898 5316 1237 5384 ἀποκαλύψει
1268 5317 1353 5369 διὰ
1386 5316 1479 5370 τοῦ
1510 5318 1825 5388 Πνεύματος

238 5407 305 5458 ὲν
352 5406 491 5473 ἡμῖν
539 5407 867 5476 ἀπορρήτως
893 5406 1279 5476 ἐνεργουμένη,
1324 5409 1422 5477 τῆς
1458 5407 1594 5476 μετὰ
1627 5407 1825 5477 σαρκὸς

239 5497 566 5565 οἰκονομίας
594 5497 659 5549 τὸ
685 5498 847 5566 βάθος
867 5499 960 5551 κα)⁵
986 5495 1077 5551 τοῦ
1104 5499 1487 5568 κεκρυμμένου
1524 5499 1821 5569 μυστηρίου

236 5591 346 5661 τὴν
395 5590 627 5660 δύναμιν
678 5590 1009 5661 θεωροῦμεν.
1062 5592 1201 5643 (Ότι
1249 5591 1305 5643 δὲ
1357 5591 1455 5662 τὴν
1516 5592 1678 5644 αὐτοῦ
1729 5592 1821 5645 τοῦ

314 5728 360 5758 ’⁸³
404 5726 422 5779 1
466 5727 617 5784 Petr.
655 5743 709 5793 ι,
756 5728 843 5782 ll.
922 5727 965 5760 "
1004 5724 1182 5783 lCor.
1237 5744 1321 5795 ιι,
1365 5728 1452 5781 ll.

1916 3407 2074 3477 longe
2108 3407 2288 3476 posita
2333 3414 2437 3461 est.
2485 3402 2584 3459 Vis
2633 3405 2780 3461 enim
2825 3408 3201 3477 exemplorum
3251 3408 3320 3461 ad
3362 3422 3503 3461 eam.

1914 3499 2293 3567 explicandam
2352 3497 2623 3551 imbecilla
2694 3514 2924 3568 prorsus
2972 3508 3075 3564 cst,
3128 3502 3483 3570 quantumvis

1916 3588 2213 3643 subtilibus
2248 3588 2433 3643 verbis
2465 3587 2785 3642 elTerantur.
2822 3590 2997 3659 Igitur
3038 3591 3280 3660 perfecta
3311 3592 3482 3646 disci-

1918 3681 2065 3749 plina
2095 3696 2190 3749 per
2220 3679 2484 3748 Spiritum
2526 3680 2580 3732 in
2617 3682 2827 3736 sanctis
2858 3683 3122 3752 gignitur.
3160 3681 3314 3737 Unde
3348 3683 3485 3737 Pau-

1918 3772 2004 3825 lus
2052 3771 2141 3826 ille
2173 3770 2395 3825 divinus
2438 3771 2505 3825 ad
2540 3773 2837 3827 nonnullos
2872 3772 3104 3826 scribit:
3135 3792 3153 3822 ι
3192 3771 3495 3842 Propterea

1917 3870 1971 3916 et
2000 3876 2103 3930 ego
2139 3862 2371 3917 audiens
2402 3861 2558 3916 [idem
2606 3871 2868 3926 vestram,
2897 3878 3019 3931 qua),
3064 3869 3147 3917 est
3179 3862 3233 3916 in
3268 3862 3485 3917 Christo

1919 3948 2072 4015 Jesu,
2108 3958 2161 4005 et
2190 3950 2536 4005 dilectionem
2576 3951 2630 4003 in
2662 3966 2851 4005 omnes
2908 3961 3152 4015 sanctos,
3186 3967 3296 4005 non
3327 3967 3486 4006 cesso

1923 4041 2135 4111 gratias
2181 4056 2351 4110 agens
2384 4057 2484 4111 pro
2511 4043 2690 4105 vobis,
2729 4044 3050 4096 memoriam
3079 4043 3247 4099 vestri
3279 4042 3487 4097 faciens

1921 4134 1976 4187 in
2009 4132 2359 4188 orationibus
2403 4132 2558 4198 meis,
2600 4141 2659 4185 ut
2705 4132 2850 4188 Deus
2892 4133 3100 4187 Domini
3143 4136 3318 4189 nostri
3358 4132 3485 4189 Jesu

1921 4215 2155 4287 Christi,
2188 4222 2352 4277 Pater
2380 4223 2588 4293 glorize,
2621 4224 2712 4277 det
2736 4224 2889 4278 vobis
2912 4224 3180 4292 Spiritum
3209 4226 3489 4295 sapientiai

1921 4324 1976 4371 et
2026 4315 2406 4381 revelationis,
2454 4315 2508 4368 in
2575 4315 2855 4385 agnitione
2923 4316 3047 4385 ejus
3097 4335 3108 4369 :
3152 4316 3489 4371 illuminatos

1923 4409 2119 4463 oculos
2152 4409 2342 4462 cordis
2366 4409 2556 4469 vestri,
2596 4416 2653 4461 ut
2687 4407 2880 4461 sciatis
2922 4422 3041 4476 qua:
3075 4408 3147 4461 sit
3173 4422 3299 4475 spes
3333 4423 3489 4461 voca-

1925 4500 2092 4555 tionis
2126 4500 2269 4568 ejus,
2301 4506 2354 4554 et
2385 4515 2506 4568 qua:
2534 4499 2741 4553 divitiae
2770 4500 2954 4570 gloria:
3004 4500 3335 4555 luereditatis
3369 4500 3489 4568 ejus

1927 4592 1980 4645 in
2023 4592 2253 4653 sanctis,
2303 4599 2357 4646 et
2405 4607 2525 4660 qurc
2582 4593 2654 4646 sit
2700 4592 3120 4661 supereminens
3169 4590 3489 4661 magnitudo

1926 4682 2143 4735 virtutis
2178 4682 2298 4751 ejus
2338 4681 2391 4735 in
2422 4696 2524 4736 nos
2555 4683 2645 4750 qui
2680 4683 2978 4741 credimus,
3020 4680 3325 4735 secundum
3361 4694 3488 4748 ope-

1921 4777 2192 4829 rationem
2226 4775 2484 4845 potentia:
2506 4776 2731 4829 virtutis
2760 4775 2903 4841 ejus,
2925 4787 3086 4842 quam
3123 4782 3381 4841 operatus
3404 4781 3488 4826 est

1923 4868 1977 4920 in
2014 4867 2260 4929 Christo,
2292 4867 2573 4920 suscitans
2627 4866 2777 4919 illum
2828 4879 2859 4917 a
2894 4864 3147 4925 mortuis,
3183 4871 3236 4917 et
3276 4863 3488 4917 constio

1924 4966 2084 5013 tuens
2136 4957 2202 5011 ad
2267 4958 2545 5012 dexteram
2601 4971 2755 5012 suam
2813 4956 2867 5008 in
2930 4954 3277 5019 coelestibus,
3325 4971 3487 5025 supra

1926 5063 2143 5103 omnem
2180 5047 2583 5117 Principatum,
2610 5054 2663 5102 et
2710 5044 3069 5110 Potestatem,
3100 5053 3153 5100 et
3198 5045 3486 5107 Virtutem,

1924 5146 1977 5193 et
2006 5137 2470 5201 Dominationem,
2500 5146 2555 5192 et
2604 5151 2766 5191 omne
2798 5150 2995 5190 nomen
3050 5137 3194 5205 quod
3242 5138 3493 5191 nomina-

1924 5235 2033 5294 tur,
2062 5244 2172 5282 non
2207 5229 2381 5283 solum
2436 5230 2491 5281 in
2539 5226 2644 5282 hoc
2703 5228 2928 5290 saeculo,
2955 5227 3051 5282 sed
3086 5229 3251 5282 etiam
3303 5229 3356 5282 in
3408 5228 3494 5281 fu-

1921 5327 2048 5373 turo
2071 5319 2137 5374 ⁸³.
2182 5338 2200 5371 ι
2231 5320 2293 5374 1η
2331 5321 2564 5375 istorum
2610 5319 2812 5373 etenim
2860 5320 3197 5375 revelatione
3236 5334 3357 5389 qua:
3398 5336 3492 5389 per

1924 5412 2190 5481 Spiritum
2223 5414 2280 5466 in
2327 5412 2487 5468 nobis
2517 5412 2819 5483 perﬁcitur,
2858 5414 3255 5469 incarnationis
3305 5414 3491 5466 altitu-

1929 5503 2111 5557 dinem
2142 5512 2195 5558 et
2224 5504 2530 5558 absconditi
2561 5505 2808 5576 mysterii
2838 5506 2945 5559 vim
2981 5516 3310 5576 spectamus.
3337 5502 3493 5571 Quod

1931 5603 2113 5648 autem
2154 5593 2328 5665 ipsius
2361 5594 2569 5652 Christi
2605 5598 2952 5667 praesentiam
2988 5607 3043 5653 et
3086 5599 3346 5658 virtutem
3396 5597 3495 5650 im-

1533 5727 1578 5759 ⁸³
1616 5726 1815 5799 Ephes.
1860 5746 1908 5797 ι,
1946 5732 2138 5789 15-21.

314 5884 397 5953 (ι)
439 5882 565 5947 Ed.,
598 5880 782 5946 αὐτοῦ,
808 5882 943 5950 ejus,
978 5883 1123 5952 quod
1149 5881 1303 5937 ﬂuxit
1326 5897 1390 5935 ex
1424 5882 1830 5939 abbreviatione
1867 5884 2195 5956 descriptori
2229 5888 2369 5943 male
2400 5890 2695 5946 intellecta.
2742 5891 2897 5945 Eutr.
