4096 6484
663 473 770 529 503

1687 468 1744 520 S.
1784 459 2061 519 CY'RILLI
2099 454 2566 515 ALEXA'NDRINI
2606 452 2927 509 ARCHIEP.

3821 447 3908 501 505

666 596 811 665 pleat
843 592 1085 664 Spiritus
1115 589 1258 661 ejus,
1287 590 1343 644 in
1379 586 1595 644 sanctis
1623 584 1964 650 inhabitans,
2006 593 2058 637 et
2101 597 2241 636 cun-

2363 574 2583 650 (ριστοῦ
2636 574 2943 646 παρουσίαν
2989 588 3049 623 τε
3098 568 3192 623 καὶ
3245 567 3476 636 δύναμιν
3528 564 3830 633 ἀναπληροῖ
3860 568 3909 619 τὸ

667 697 753 741 cta
808 687 1001 741 doceat
1049 697 1394 754 quaecunque
1444 678 1676 750 ipse-ad
1716 694 1821 733 nos
1869 678 2089 732 locutus
2136 682 2241 738 est,

667 775 872 829 Paulus
912 776 1029 845 ipse
1060 773 1232 828 nihilo
1258 772 1443 827 secius
1468 770 1631 824 nobis
1670 768 1994 839 explicabit,
2018 766 2206 820 dicens
2231 782 2242 817 :

676 889 691 919 ι
736 867 911 937 Hujus
942 867 1019 922 rei
1045 866 1224 936 gratia
1254 863 1413 918 ﬂecto
1454 876 1630 933 genua
1655 876 1777 915 mea
1810 859 1875 914 ad
1908 858 2151 920 Patrem,
2181 872 2246 911 ex

670 974 781 1028 quo
807 959 991 1013 omnis
1022 956 1325 1027 paternitas
1358 956 1413 1009 in
1448 954 1605 1010 cmlis
1638 961 1693 1007 ct
1720 953 1774 1007 in
1808 962 1957 1007 terra
1990 951 2243 1005 nomina-

674 1063 783 1114 tur,
814 1062 869 1105 ut
907 1050 999 1103 det
1020 1048 1180 1103 vobis
1210 1048 1519 1103 secundum
1548 1046 1771 1100 divitias
1792 1044 1981 1115 gloria:
2005 1058 2117 1097 suze
2140 1042 2251 1095 vir-

673 1149 787 1194 tute
826 1139 1179 1193 corroborari
1226 1154 1320 1207 per
1353 1137 1621 1206 Spiritum
1658 1136 1780 1204 ejus
1828 1134 1881 1187 in
1928 1128 2249 1185 interiorem

673 1230 972 1295 hominem,
1006 1230 1292 1285 Christum
1348 1229 1599 1283 habitare
1635 1242 1731 1295 per
1765 1225 1924 1279 [idem
1968 1224 2024 1277 in
2070 1221 2252 1275 cordi-

674 1320 776 1373 bus
812 1320 1013 1374 vestris
1049 1338 1062 1373 :
1094 1320 1149 1373 in
1200 1319 1473 1373 eharitate
1524 1316 1757 1371 radicati
1803 1324 1856 1369 et
1906 1314 2143 1375 fundati,
2194 1318 2254 1364 ut

674 1413 902 1482 possitis
933 1411 1406 1481 comprehendere
1436 1426 1562 1465 cum
1591 1410 1848 1463 omnibus
1874 1407 2106 1470 sanctis,
2133 1417 2255 1473 quae

675 1506 746 1560 sit
796 1504 1053 1567 latitudo,
1084 1512 1139 1558 et
1188 1502 1497 1573 longitudo,
1540 1508 1594 1556 et
1633 1499 1974 1563 sublimitas,
2008 1505 2061 1551 et
2124 1510 2252 1566 pro-

674 1595 906 1649 fundum
962 1613 975 1648 ι
1032 1594 1180 1649 scire
1228 1595 1394 1648 etiam
1450 1591 1947 1662 superemincntem
2008 1587 2257 1642 scientim

674 1687 1000 1741 charitatem
1036 1686 1265 1747 Christi,
1304 1695 1366 1738 ut
1415 1682 1753 1754 impleamini
1791 1680 1845 1734 in
1883 1695 2099 1735 omnem
2138 1678 2257 1747 ple-

676 1776 985 1831 nitudinem
1014 1775 1109 1830 Dei
1134 1774 1201 1827 “.
1245 1794 1262 1827 ι
1299 1773 1613 1828 Notandum
1646 1783 1827 1825 autem
1854 1785 2052 1825 rursus
2086 1767 2255 1836 quod,

678 1884 805 1923 cum
858 1870 1041 1922 omnia
1101 1869 1311 1923 sanctis
1355 1882 1453 1938 per
1503 1865 1775 1937 Spiritum
1832 1864 2132 1919 revelatum
2194 1858 2259 1913 iri

2348 671 2573 741 Πνεῦμα
2620 667 2804 730 αὑτοῦ,
2849 668 2963 727 τοῖς
2998 662 3173 731 ἁγίοις
3206 657 3470 725 ἐνοικοῦν,
3507 657 3610 709 καὶ
3642 657 3814 708 πάντα
3849 656 3911 709 δι-

2348 765 2538 819 δάσκει
2570 761 2715 831 ἆπερ
2740 758 2900 819 αὑτὸς
2933 756 3198 824 λελάληκε
3238 750 3375 823 πρὸς
3405 750 3581 820 ἡμᾶς,
3617 746 3778 798 πάλιν
3805 749 3911 815 ἡμῖν

2354 1035 2562 1108 πατριὰ
2601 1034 2656 1087 εν
2702 1050 2762 1085 τε
2807 1028 3020 1103 οὐρανῷ
3048 1027 3145 1080 καὶ
3192 1027 3289 1078 ἐπὶ
3317 1024 3421 1094 γῆς
3457 1019 3812 1090 ὀνομάζεται,
3848 1020 3915 1071 ἵνα

2353 1130 2464 1199 δῴη
2488 1130 2617 1198 ὑμῖν
2645 1122 2785 1178 κατὰ
2825 1123 2914 1175 τὸν
2957 1119 3184 1173 πλοῦτον
3221 1117 3321 1187 τῆς
3353 1114 3514 1185 δόξης
3551 1111 3777 1181 δυνάμει
3806 1130 3908 1182 κρα.

2353 1224 2651 1292 ταιωθῆναι
2678 1219 2768 1272 διὰ
2802 1218 2896 1271 τοῦ
2928 1214 3245 1283 Πνεύματος
3276 1210 3444 1265 αὑτοῦ
3472 1210 3559 1271 είς
3595 1206 3691 1259 τὸν
3723 1206 3821 1257 ἔσω
3842 1207 3909 1259 ἄν·

2356 1316 2596 1387 Ορωπον,
2632 1314 2955 1380 κατοικῆσαι
2980 1308 3070 1361 τὸν
3099 1305 3336 1379 Χριστὸν
3370 1302 3457 1355 διὰ
3483 1301 3592 1368 τῆς
3627 1300 3849 1362 πίστεως
3872 1302 3913 1352 ἐν

2357 1409 2471 1469 ταῖς
2507 1403 2759 1473 καρδίαις
2780 1401 2953 1471 ὑμῶν,
2980 1400 3036 1451 ἐν
3058 1398 3247 1467 ἀγάπῃ
3273 1391 3645 1466 ἐρριζωμένοι
3678 1390 3770 1441 καὶ
3794 1388 3913 1439 τεθε·

2361 1494 2707 1566 μελιωμένοι,
2745 1492 2833 1544 ἵνα
2869 1489 3188 1559 ἐξισχύσητε
3223 1480 3641 1538 καταλαϐέσθαι
3679 1479 3773 1531 σὺν
3811 1479 3914 1530 πᾶσι

2358 1591 2470 1652 τοῖς
2499 1585 2693 1655 ἁγίοις,
2715 1585 2768 1638 τί
2793 1584 2854 1636 τὸ
2887 1583 3109 1645 πλάτος,
3140 1581 3235 1633 καὶ
3275 1578 3473 1646 μῆκος,
3506 1574 3607 1627 καὶ
3645 1570 3819 1641 βάθος,
3844 1572 3915 1621 καὶ

2361 1682 2515 1751 ῦψος,
2565 1677 2768 1747 γνῶναί
2811 1693 2869 1728 τε
2920 1676 3021 1746 τὴν
3059 1670 3512 1743 ὑπερϐάλλουσαν
3563 1664 3668 1735 τῆς
3702 1661 3914 1733 γνώσεως

2362 1775 2581 1844 ἀγάπην
2629 1770 2724 1825 τοῦ
2779 1771 3049 1840 Χριστοῦ,
3104 1768 3192 1821 ἵνα
3234 1759 3569 1832 πληρωθῆτε
3618 1758 3699 1818 είς
3740 1758 3837 1808 πᾶν
3872 1757 3915 1807 τὺ

2363 1865 2635 1937 πλήρωμα
2654 1862 2750 1916 τοῦ
2772 1860 2929 1915 Θεοῦ.
2963 1880 2981 1911 ›
3020 1856 3363 1930 Σημειωτέον
3391 1854 3448 1907 δέ
3480 1850 3655 1904 πάλιν
3677 1851 3753 1903 ὅτι
3776 1850 3913 1903 πάντα

677 1963 847 2027 dicat,
891 1976 1238 2030 nequaquam
1292 1968 1473 2014 tamen
1509 1974 1604 2014 eos
1654 1958 1747 2012 alii
1799 1956 2013 2013 doctori
2062 1953 2255 2016 tradit,

2363 1959 2450 2014 διὰ
2497 1957 2591 2011 τοῦ
2642 1956 2958 2027 Πνεῦματος
3006 1946 3574 2019 ἁποκαλυφθήσεσθαι
3620 1946 3732 2005 τοῖς
3777 1943 3916 2010 ἁγίοις

681 2052 776 2107 sed
813 2051 917 2106 sibi
950 2051 1051 2119 ipsi
1088 2066 1186 2121 per
1221 2050 1518 2120 Spiritum,
1564 2050 1657 2120 qui
1708 2064 1819 2103 non
1857 2046 2095 2118 amplius
2137 2060 2261 2099 enr-

683 2146 832 2215 poris
861 2144 1062 2209 oculis,
1085 2143 1181 2198 sed
1209 2140 1681 2197 intellectualibus
1720 2139 1906 2195 cordis
1938 2137 2258 2200 luminibus,

683 2250 782 2305 pro
808 2250 875 2291 eo
908 2250 971 2291 ac
1003 2234 1114 2290 Deo
1147 2233 1427 2298 convenit,
1458 2231 1859 2287 consnicabilis
1883 2240 1988 2286 est.

746 2509 915 2580 839
960 2506 1103 2571 XIV,
1157 2507 1249 2562 27.
1303 2507 1501 2562 Pacem
1555 2506 1795 2577 relinquo
1853 2506 2035 2572 vobis,
2080 2523 2260 2575 pacem

680 2617 850 2653 meam
898 2599 964 2653 do
995 2599 1138 2653 vobis
1173 2615 1316 2653 :non
1353 2600 1614 2669 quomodo
1651 2598 1877 2652 mundus
1912 2598 2026 2664 dat,
2065 2615 2158 2667 ego
2193 2599 2260 2653 do

678 2690 820 2745 vobis
840 2688 875 2745 ἐ
906 2706 1007 2744 non
1043 2689 1285 2744 turbetur
1314 2707 1404 2744 cor
1429 2701 1679 2753 vestrum,
1713 2705 1876 2759 neque
1914 2689 2186 2758 formidet.

751 2865 848 2920 Sui
878 2863 933 2918 in
961 2863 1135 2919 cwlos
1162 2878 1429 2919 ascensus
1460 2865 1726 2919 memoria
1758 2864 1969 2921 sanctis
1998 2865 2259 2934 apostolis

679 2962 969 3019 renovata,
1002 2955 1315 3025 injectaque
1348 2956 1666 3026 suspicione
1703 2957 1820 3012 fore
1860 2967 1920 3010 ut
1959 2958 2065 3012 soli
2096 2958 2262 3011 relin-

679 3059 1003 3121 querentur,
1034 3063 1100 3101 cx
1131 3061 1196 3101 eo
1222 3047 1370 3117 quod
1400 3048 1654 3101 dixerat:
1686 3067 1703 3099 ι
1737 3051 1864 3103 Haec
1893 3049 2114 3104 locutus
2140 3065 2260 3104 sum

684 3141 837 3196 vobis
863 3139 1006 3210 apud
1028 3154 1127 3192 vos
1152 3153 1406 3201 manens,
1436 3158 1454 3190 ι
1477 3139 1625 3194 illico
1643 3140 2052 3207 animadvertit,
2071 3149 2261 3210 utpote

680 3234 775 3304 qui
808 3229 1114 3287 secundum
1148 3238 1400 3283 naturam
1427 3228 1571 3285 Deus
1593 3240 1733 3295 erat,
1762 3246 2075 3287 sermonem
2104 3232 2259 3285 illum

682 3341 793 3379 non
830 3323 1091 3378 mediocri
1124 3321 1297 3377 fuisse
1334 3321 1405 3376 iis
1442 3323 1662 3387 terrori,
1698 3338 1875 3393 eoque
1912 3324 2262 3380 vehementer

681 3431 805 3471 esse
836 3414 1113 3479 turbatos,
1146 3420 1201 3467 et
1234 3410 1504 3482 cujusque
1532 3414 1777 3468 animum
1808 3416 2078 3484 gravitate
2106 3415 2265 3471 dolo-

682 3510 761 3563 ris
806 3521 1056 3578 pressum
1096 3520 1161 3560 ac
1201 3504 1495 3576 deiectum.
1527 3504 1668 3570 Quid
1724 3506 1872 3560 enim
1913 3518 1999 3561 est
2042 3508 2136 3562 illo
2166 3509 2265 3562 do-

682 3601 802 3655 lore
832 3600 1080 3671 gravius,
1111 3606 1205 3650 aut
1243 3597 1375 3666 quid
1415 3604 1630 3651 tantum
1682 3598 1966 3654 interioris
2008 3602 2266 3654 maeroris

682 3692 887 3748 inferre
932 3698 1330 3761 potest,quam
1379 3688 1810 3758 jucundissimis
1842 3692 2007 3746 rebus
2053 3692 2261 3757 orbari,

682 3799 988 3853 eorumque
1022 3798 1144 3853 quae
1179 3780 1332 3835 cordi
1373 3781 1611 3835 maxime
1654 3782 1755 3835 tibi
1787 3783 1899 3837 sint
1924 3783 2265 3853 inopinatam

684 3876 827 3931 ferre
880 3874 1191 3944 iacturam?
1233 3872 1526 3943 Componit
1578 3874 1747 3944 igitur
1802 3889 1899 3929 eos
1959 3874 2152 3929 dolore
2206 3890 2269 3930 ac

684 3976 832 4022 metu
865 3968 1144 4020 turbatos.
1173 3966 1352 4021 Causa
1383 3965 1527 4019 enim
1575 3974 1631 4020 et
1658 3966 1814 4020 radix
1850 3967 2087 4033 doloris,
2120 3968 2265 4039 quod

683 4061 1042 4115 discessurus
1082 4067 1231 4113 esset
1264 4057 1333 4112 ab
1360 4057 1429 4112 iis
1470 4064 1525 4114 et
1554 4057 1621 4112 ad
1656 4057 1874 4114 Patrem
1914 4076 2265 4124 reversurus,

679 4148 999 4218 justissima
1046 4146 1452 4216 quodammodo
1480 4156 1618 4211 erat,
1643 4163 1745 4204 nec
1776 4150 1877 4205 abs
1927 4165 1986 4205 re
2017 4151 2269 4219 suspica-

683 4243 886 4295 bantur
917 4240 1023 4294 sibi
1062 4239 1253 4294 ultima
1289 4255 1521 4310 quaeque
1555 4250 1766 4311 parata,
1800 4243 1847 4297 si
1885 4257 2120 4312 corpore
2154 4258 2267 4296 non

684 4332 902 4386 adesset
940 4330 1177 4400 amplius
1222 4330 1270 4386 is
1302 4332 1397 4401 qui
1447 4347 1671 4388 servare
1709 4342 1947 4403 poterat.
1982 4334 2269 4400 Quomodo

684 4430 866 4477 autem
902 4436 1094 4476 eorum
1124 4431 1331 4477 metum
1369 4423 1547 4488 sedat,
1577 4432 1673 4479 aut
1718 4442 1825 4495 quo
1867 4434 2027 4495 pacto
2057 4435 2268 4483 mentes

682 4526 876 4566 eorum
920 4510 989 4564 ad
1018 4510 1258 4566 divinam
1306 4515 1768 4583 tranquillitatem
1814 4515 2061 4571 reducit?
2104 4537 2123 4568 ‹
2166 4516 2271 4571 Pa-

2362 2048 2560 2115 είπὼν,
2615 2050 2714 2119 οὑχ
2760 2046 2933 2118 ἑτέρῳ
2987 2043 3202 2097 δίδωσιν
3257 2040 3455 2102 αὐτοὺς
3494 2033 3816 2104 διδασκάλῳ.
3859 2034 3913 2103 μή

2361 2141 2518 2195 τοῦτο
2556 2140 2803 2212 νομίσῃς,
2852 2135 3030 2206 ἑαυτῷ
3070 2135 3126 2189 δὲ
3173 2133 3471 2204 παρίστησι
3522 2129 3617 2181 διὰ
3650 2127 3739 2180 τοῦ
3783 2126 3915 2179 Πνεῦ-

2366 2250 2554 2303 ματος,
2594 2231 2875 2301 σαρκικοῖς
2909 2228 3007 2297 μὲν
3042 2227 3227 2279 οὐκέτι
3259 2223 3596 2293 φαινόμενος
3636 2218 3913 2289 ὀφθαλμοῖς,

2361 2326 2472 2385 τοῖς
2503 2338 2567 2388 γε
2600 2321 2705 2391 μὴν
2734 2320 2945 2390 νοητοῖς
2984 2317 3083 2387 τῆς
3114 2314 3342 2388 καρδίας
3375 2313 3599 2384 ὄμμασι
3640 2308 3915 2379 θεοπρεπῶς

2362 2413 2756 2484 θεωρούμενος.

2437 2502 2703 2573 Εἰρήνην
2722 2502 2933 2571 ἀφίημι
2960 2500 3122 2570 ὑμῖν,
3146 2499 3397 2569 εἰρήνην
3425 2498 3549 2565 τὴν
3570 2496 3723 2566 ἐμὴν
3749 2495 3912 2563 δίδωμι

2364 2597 2507 2667 ὑμῖν
2529 2612 2544 2628 ·
2594 2597 2666 2649 οὺ
2698 2594 2894 2660 καθὼς
2945 2596 2977 2647 ό
3010 2594 3242 2662 κόσμος
3297 2590 3579 2656 δίδωσιν,
3611 2587 3725 2657 ἐγὼ
3751 2586 3913 2655 δίδωμι

2362 2686 2505 2755 ὑμῖν
2533 2703 2545 2714 ’
2610 2686 2695 2755 μὴ
2755 2683 3153 2754 ταρασσέσθω
3199 2684 3369 2753 ὑμῶν
3416 2683 3454 2752 ἡ
3519 2680 3761 2749 καρδία,
3795 2678 3914 2749 μηδὲ

2362 2778 2658 2832 δειλιάτω.

2437 2870 2531 2934 El;
2579 2869 2885 2941 ἀνάμνησιν
2929 2868 3169 2936 ἐνεγκὼν
3225 2868 3351 2931 τοὺς
3398 2866 3599 2935 ἁγίους
3630 2862 3913 2924 ἀποστόλους

2364 2962 2462 3031 τῆς
2491 2963 2570 3025 εἰς
2604 2962 2865 3033 οὐρανοὺς
2895 2961 3235 3024 ἀναϐάσεως,
3266 2960 3361 3011 καὶ
3390 2958 3473 3011 ὅτι
3510 2955 3915 3028 περιλειφθήσον-

2364 3071 2453 3106 ται
2482 3054 2625 3107 κατὰ
2648 3053 2805 3106 τοῦτο
2850 3054 2999 3123 μόνοι
3044 3051 3471 3120 παρασκευάσας
3503 3051 3702 3101 ἐννοεῖν
3733 3046 3808 3099 διὰ
3843 3044 3910 3096 τοῦ

2369 3146 2555 3217 φῆναι,
2586 3165 2603 3195 ι
2632 3144 2817 3199 Ταῦτα
2859 3144 3132 3213 λελάληκα
3180 3143 3307 3212 ὑμῖν
3362 3142 3493 3211 παρ’
3530 3141 3661 3210 ὑμῖν
3700 3139 3907 3208 μένων,›

2371 3239 2616 3309 συνίησιν
2647 3234 2706 3291 εὖ
2739 3238 2882 3309 μάλα
2908 3236 3145 3308 γοργῶς,
3180 3236 3273 3289 ἅτε
3304 3235 3369 3305 δὴ
3406 3234 3501 3287 καὶ
3537 3232 3787 3302 ὑπάρχων
3806 3229 3913 3281 κατὰ

2372 3329 2532 3399 φύσιν
2587 3328 2738 3395 Θεὸς,
2788 3329 2864 3391 ὼς
2906 3329 2967 3380 ού
3016 3327 3244 3398 μετρίαν
3293 3326 3479 3388 αὑτοῖς
3544 3324 3800 3377 ἐντέθεικε
3841 3320 3912 3389 τὴν

2370 3421 2564 3473 πτοίαν
2602 3421 2630 3473 ὁ
2660 3419 2836 3487 λόγος,
2866 3418 3205 3490 τεθορύϐηκε
3245 3419 3303 3471 δὲ
3331 3417 3553 3483 δεινῶς,
3580 3416 3672 3468 καὶ
3699 3415 3767 3483 τῷ
3793 3414 3910 3482 βάρει

2369 3513 2468 3583 τῆς
2510 3511 2688 3582 λύπης
2738 3516 3147 3581 καταφορτίσας
3202 3512 3293 3564 τὸν
3338 3510 3582 3563 ἑκάστου
3624 3505 3909 3560 κατεθόλωσε

2370 3605 2512 3658 νοῦν.
2541 3605 2605 3657 Τί
2628 3603 2736 3676 γὰρ
2762 3604 2827 3658 ἂν
2848 3604 3059 3673 γένοιτο
3081 3605 3180 3673 τῆς
3203 3604 3383 3674 λύπης
3411 3601 3473 3655 τὸ
3498 3600 3908 3671 δυσαχθέστερον;

2370 3698 2421 3751 τί
2450 3698 2505 3750 δὲ
2532 3694 2675 3749 οῦτω
2707 3696 2985 3767 φορτικὸν,
3017 3697 3093 3760 ὡς
3132 3695 3242 3749 τῶν
3273 3696 3507 3766 ἡδίστων
3546 3697 3578 3767 ή
3614 3692 3910 3763 παραίρεσις,

2371 3787 2465 3840 καὶ
2507 3787 2566 3839 τὸ
2607 3786 2713 3839 τῶν
2748 3786 2826 3839 ἔτι
2875 3787 3112 3857 μάλιστα
3147 3785 3481 3855 φιλαιτάτων
3535 3785 3780 3853 ἀδόκητον
3808 3782 3907 3833 ὑπο-

2374 3878 2555 3949 μένειν
2594 3878 2797 3947 ζημίαν
2826 3893 2841 3942 ;
2903 3876 3208 3947 Καθίστησι
3249 3875 3430 3929 τοίνυν
3459 3876 3663 3939 αὑτοὺς
3694 3874 3819 3945 λύπῃ
3842 3873 3910 3923 καὶ

2372 3969 2522 4039 φόϐῳ
2566 3968 3030 4040 τεταραγμένους.
3076 3968 3359 4040 Πρόφασις
3393 3968 3492 4038 μὲν
3538 3967 3644 4039 γὰρ
3683 3966 3766 4020 καὶ
3817 3964 3907 4034 ῥίζα

2371 4060 2570 4130 λύπης,
2626 4060 2686 4113 τὸ
2720 4060 2938 4131 μέλλειν
2981 4059 3163 4113 αὑτῶν
3194 4062 3524 4131 άποφοιτᾷν,
3573 4060 3665 4114 καὶ
3698 4055 3909 4124 ἀνακομί-

2373 4150 2560 4215 ζεσθαι
2593 4150 2727 4220 πρὸς
2750 4149 2840 4201 τὸν
2866 4147 3105 4219 Πατέρα,
3133 4148 3452 4218 δικαιοτάτη
3478 4164 3600 4211 πως
3622 4142 3706 4217 ἦν,
3727 4145 3908 4197 ἐποιεῖτο

2371 4244 2428 4296 δὲ
2463 4242 2677 4313 μητέρα
2721 4241 2818 4312 τὴν
2869 4240 3107 4310 ὑποψίαν
3148 4239 3243 4295 τοῦ
3279 4241 3460 4294 πάντα
3500 4238 3801 4299 πείσεσθαι,
3840 4234 3907 4286 καὶ

2373 4335 2494 4388 λίαν
2519 4333 2769 4403 ἑτοίμως,
2801 4333 2861 4386 οὑ
2906 4332 3292 4403 συμπαρόντος
3326 4332 3431 4397 ἔτι,
3466 4333 3611 4387 κατά
3641 4348 3700 4399 γε
3723 4328 3808 4399 τὴν
3831 4328 3903 4394 ἐμ·

2374 4426 2516 4494 φανῆ
2567 4425 2661 4477 τοῦ
2707 4424 2959 4493 σώματος
3003 4422 3147 4491 ὄψιν,
3185 4422 3282 4475 τοῦ
3321 4422 3615 4487 διασώζειν
3662 4420 3900 4490 ἰσχύοντος.

2375 4517 2499 4579 Πῶς
2530 4515 2585 4568 δὲ
2618 4515 2960 4584 καθίστησιν,
3001 4515 3034 4585 ἢ
3078 4514 3200 4567 τίνα
3225 4514 3428 4585 τρόπον
3457 4516 3645 4579 αὑτοῖς
3674 4514 3730 4567 τὸ
3758 4514 3809 4565 ἐκ
3833 4510 3903 4577 τῆς

682 4618 825 4665 cem,
856 4601 1058 4672 inquit,
1086 4617 1264 4656 meam
1315 4604 1387 4659 do
1426 4605 1605 4669 vobis,
1645 4616 1698 4661 et
1732 4622 1924 4676 pacem
1958 4624 2135 4662 meam
2176 4625 2260 4664 re-

2374 4608 2634 4678 εὐθυμίας
2668 4607 2892 4678 φαιδρὸν
2920 4605 3299 4671 είσοικίζεται,
3341 4608 3437 4661 καὶ
3468 4608 3608 4681 πρὸς
3628 4606 3768 4661 θείαν
3787 4598 3902 4660 αὖθις

680 4694 871 4762 linquo
912 4695 1092 4748 vobis.
1133 4713 1150 4745 ›
1196 4694 1318 4748 Dixi
1354 4697 1653 4763 multoties,
1691 4699 1889 4767 inquit,
1918 4716 2004 4753 me
2031 4716 2130 4754 vos
2158 4717 2265 4756 non

681 4788 1007 4842 relicturum
1072 4788 1373 4858 orphanos,
1455 4788 1554 4843 sed
1608 4806 1785 4860 neque
1846 4806 1942 4845 vos
2006 4793 2059 4845 in
2118 4800 2265 4847 terra

686 4896 987 4936 mansuros
1028 4881 1364 4952 opitulatore
1400 4881 1721 4937 destitutos.
1770 4882 1953 4937 Adero
1991 4884 2130 4937 enim
2172 4900 2268 4938 vo-

685 4972 773 5026 bis
826 4987 1061 5034 rursus,
1110 4981 1184 5035 et,
1231 4970 1433 5026 absens
1486 4987 1739 5042 corpore,
1786 4978 1998 5029 animos
2052 4982 2265 5032 vestros

683 5062 1093 5131 tranquillitate
1144 5061 1413 5126 muniam,
1450 5068 1512 5114 ut
1560 5060 1728 5126 Deus,
1764 5076 1865 5115 nec
1911 5063 2119 5116 turbari
2167 5081 2265 5122 vos

680 5154 884 5217 sinam,
912 5161 1004 5206 aut
1038 5154 1207 5207 animi
1251 5153 1421 5208 vestri
1468 5153 1581 5207 vim
1613 5167 1677 5206 ac
1718 5154 1884 5206 robur
1915 5170 1944 5207 a
1990 5170 2264 5227 quoquam

682 5246 958 5315 superari.
991 5243 1187 5300 Omnis
1223 5245 1428 5314 quippe
1459 5252 1641 5298 metus
1671 5258 1734 5298 ac
1771 5246 2040 5304 timiditas
2075 5253 2265 5320 procul

683 5337 1098 5401 amandahitur,
1131 5344 1187 5390 et
1221 5334 1411 5389 divina
1453 5332 1702 5401 quaedam
1734 5335 1816 5390 vis
1844 5336 1898 5390 in
1938 5339 2097 5396 vobis
2124 5342 2267 5398 orie-

690 5436 804 5489 tur,
834 5444 955 5499 qua:
981 5438 1176 5498 pacata
1210 5432 1399 5479 mente
1428 5433 1483 5479 et
1512 5425 1679 5481 corde
1712 5429 2033 5498 tranquillo,
2065 5447 2161 5488 vos
2201 5435 2268 5488 ad

684 5520 1081 5575 revelationem
1121 5516 1354 5571 deducet
1384 5530 1576 5568 eorum
1610 5532 1730 5585 quae
1754 5528 1989 5575 mentem
2028 5522 2269 5579 hominis

684 5619 1052 5679 exsuperant.
1110 5607 1272 5660 Nunc
1328 5614 1537 5670 autem,
1581 5626 1600 5658 ‹
1650 5624 1840 5677 pacem
1896 5614 1967 5667 do
2017 5617 2195 5678 vobiS,
2250 5637 2266 5667 ι

614 5738 617 5741 -
686 5715 798 5755 non
844 5696 1192 5767 simpliciter,
1239 5692 1335 5747 sed
1374 5713 1391 5744 ι
1428 5709 1617 5762 pacem
1677 5713 1877 5753 meam.
1919 5723 1935 5754 ι
1983 5703 2038 5757 Id
2086 5714 2268 5761 autem

760 5876 805 5907 “
844 5874 1045 5945 Ephes.
1084 5889 1167 5939 nt,
1210 5872 1399 5927 15-19.

2372 4700 2613 4770 γαλήνην
2643 4701 2670 4751 ό
2700 4697 2825 4761 νοῦς
2850 4698 3273 4764 κατευνάζεται;
3318 4717 3335 4748 ι
3360 4698 3588 4769 Δίδωμι,
3626 4698 3786 4767 φησὶν,
3808 4692 3903 4761 ὑμῖν

2371 4792 2634 4861 εἰρήνην,
2686 4789 2781 4841 καὶ
2818 4786 3043 4858 ,ἀφίημι
3102 4788 3232 4858 ὑμῖν
3284 4788 3515 4859 εἰρήνην
3576 4787 3670 4857 τὴν
3727 4784 3896 4853 ἐμήν.»

2371 4881 2607 4951 Εἴρηκα,
2657 4880 2809 4950 φησι,
2868 4880 3224 4943 πλειστάκις,
3267 4880 3343 4942 ὼς
3398 4881 3503 4933 οὑκ
3566 4880 3747 4950 ἀφήσω
3794 4871 3901 4941 ὑμαῖς

2370 4974 2637 5046 ὀρφανούς
2661 4990 2674 5004 ο
2702 4972 2817 5027 ἀλλ’
2846 4973 2966 5026 οὑδέ
2998 4972 3152 5043 μόνοι
3176 4972 3276 5043 τὴν
3300 4973 3403 5042 γῆν
3426 4974 3678 5043 οἰκήσετε
3706 4966 3787 5022 τοῦ
3809 4966 3897 5035 βοη-

2372 5066 2591 5130 θοῦντος
2651 5065 2848 5136 ἔρημοι
2895 5065 2989 5118 καὶ
3027 5064 3247 5134 γυμνοί.
3304 5063 3611 5134 Συνέσομαι
3647 5062 3745 5131 γάρ
3778 5055 3899 5110 πάλιν

2371 5161 2500 5231 ὑμῖν
2522 5198 2536 5223 ,
2591 5159 2685 5213 καὶ
2718 5157 2873 5213 ἀπὼν
2904 5156 2981 5227 τῷ
3017 5155 3256 5228 σώματι,
3294 5157 3591 5228 ἀνατειχιῶ
3639 5156 3780 5209 πάλιν
3809 5147 3897 5205 ταῖς

2370 5252 2701 5323 εὑμενείαις,
2742 5252 2817 5314 ὡς
2868 5250 3020 5314 Θεὸς,
3061 5248 3174 5302 άνω
3203 5248 3445 5320 θήσομαι
3470 5249 3699 5322 θορύϐου
3724 5241 3896 5302 παντὸς,

2375 5341 2655 5412 περιέσται
2704 5338 2761 5393 δὲ
2806 5340 2906 5409 τῆς
2960 5340 3234 5411 ὑμετέρας
3288 5341 3586 5413 εὐτολμίας
3616 5331 3896 5398 οὐδείς.[1ἄς

2370 5432 2478 5503 γὰρ
2513 5431 2761 5502 ἀτονήσει
2788 5430 2972 5500 φόϐος,
3004 5432 3099 5483 καὶ
3130 5432 3302 5486 δειλία
3334 5435 3433 5504 μὲν
3466 5432 3700 5487 ἐκποδὼν
3729 5427 3896 5497 οἰχήσε-

2372 5542 2482 5591 ται,
2528 5523 2645 5577 θεία
2693 5522 2750 5575 δέ
2783 5539 2866 5585 τις
2914 5524 2972 5575 ἐν
3008 5523 3137 5593 ὑμῖν
3169 5526 3423 5579 ἀνατελεῖ
3459 5528 3699 5596 δύναμις,
3738 5513 3896 5589 σχολά’

2374 5617 2516 5679 ζοντι
2567 5613 2660 5683 νῷ,
2718 5614 2811 5667 καὶ
2862 5613 3179 5691 γαληνιώσῃ
3210 5618 3432 5690 καρδίᾳ,
3479 5615 3758 5687 ξεναγοῦσα
3796 5605 3896 5676 πρὸς

2375 5706 2712 5775 ἀποκάλυψιν
2765 5706 2872 5758 τῶν
2902 5706 3062 5775 ὑπὲρ
3124 5707 3474 5779 ἀνθρώπινον
3535 5710 3671 5767 νοῦν.
3716 5701 3809 5758 Νῦν
3852 5694 3894 5747 δὲ
