  <div class='ocr_page' id='page_1' title='image "/cluster/home/n/w/nwhite01/storage/ocr_20150623/74/hvd.32044019207919/172.png"; bbox 0 0 4096 6552; ppageno 0'>
   <div class='ocr_carea' id='block_1_1' title="bbox 209 417 350 478">
    <p class='ocr_par' dir='ltr' id='par_1_1' title="bbox 209 417 350 478">
     <span class='ocr_line' id='line_1_1' title="bbox 209 417 350 478; baseline 0.028 -5"><span class='ocrx_word' id='word_1_1' title='bbox 209 423 218 430; x_wconf 86' lang='grc'><strong>’</strong></span> <span class='ocrx_word' id='word_1_2' title='bbox 230 417 350 478; x_wconf 76' lang='lat'><strong>505</strong></span> 
     </span>
    </p>
   </div>
   <div class='ocr_carea' id='block_1_2' title="bbox 1277 407 2410 468">
    <p class='ocr_par' dir='ltr' id='par_1_2' title="bbox 1277 407 2410 468">
     <span class='ocr_line' id='line_1_2' title="bbox 1277 407 2410 468; baseline -0.001 -1"><span class='ocrx_word' id='word_1_3' title='bbox 1277 411 1345 467; x_wconf 83' lang='grc' dir='ltr'><strong>ΙΝ</strong></span> <span class='ocrx_word' id='word_1_4' title='bbox 1383 409 1668 468; x_wconf 73' lang='lat' dir='ltr'><strong>JOANNIS</strong></span> <span class='ocrx_word' id='word_1_5' title='bbox 1689 407 2136 467; x_wconf 74' lang='lat' dir='ltr'><strong>EVANGELIUM</strong></span> <span class='ocrx_word' id='word_1_6' title='bbox 2177 408 2302 464; x_wconf 84' lang='lat' dir='ltr'><strong>LIB.</strong></span> <span class='ocrx_word' id='word_1_7' title='bbox 2344 407 2410 466; x_wconf 76' lang='grc' dir='ltr'><strong>Χ.</strong></span> 
     </span>
    </p>
   </div>
   <div class='ocr_carea' id='block_1_3' title="bbox 3403 419 3508 477">
    <p class='ocr_par' dir='ltr' id='par_1_3' title="bbox 3403 419 3508 477">
     <span class='ocr_line' id='line_1_3' title="bbox 3403 419 3508 477; baseline 0 0"><span class='ocrx_word' id='word_1_8' title='bbox 3403 419 3508 477; x_wconf 73' lang='grc' dir='ltr'>ωδ</span> 
     </span>
    </p>
   </div>
   <div class='ocr_carea' id='block_1_4' title="bbox 233 527 1826 606">
    <p class='ocr_par' dir='ltr' id='par_1_4' title="bbox 233 532 1826 606">
     <span class='ocr_line' id='line_1_4' title="bbox 233 532 1826 606; baseline -0.004 -17"><span class='ocrx_word' id='word_1_9' title='bbox 233 558 254 588; x_wconf 76' lang='grc' dir='ltr'><strong>ι</strong></span> <span class='ocrx_word' id='word_1_10' title='bbox 288 537 489 605; x_wconf 83' lang='grc' dir='ltr'>δίδωμι</span> <span class='ocrx_word' id='word_1_11' title='bbox 529 534 658 603; x_wconf 80' lang='grc' dir='ltr'>ὑμῖν</span> <span class='ocrx_word' id='word_1_12' title='bbox 685 535 932 606; x_wconf 86' lang='grc' dir='ltr'><strong>εἰρήνην,</strong></span> <span class='ocrx_word' id='word_1_13' title='bbox 965 553 982 586; x_wconf 74' lang='grc' dir='ltr'><strong>ι</strong></span> <span class='ocrx_word' id='word_1_14' title='bbox 1026 533 1125 604; x_wconf 73' lang='grc' dir='ltr'>οὐχ</span> <span class='ocrx_word' id='word_1_15' title='bbox 1169 533 1378 596; x_wconf 86' lang='grc' dir='ltr'>ἁπλῶς,</span> <span class='ocrx_word' id='word_1_16' title='bbox 1407 532 1520 586; x_wconf 78' lang='grc' dir='ltr'>ἀλλ’</span> <span class='ocrx_word' id='word_1_17' title='bbox 1559 551 1576 583; x_wconf 82' lang='grc' dir='ltr'><strong>ι</strong></span> <span class='ocrx_word' id='word_1_18' title='bbox 1603 532 1826 602; x_wconf 79' lang='grc' dir='ltr'><strong>εἰρήνην</strong></span> 
     </span>
    </p>
   </div>
   <div class='ocr_carea' id='block_1_5' title="bbox 1931 527 3509 606">
    <p class='ocr_par' dir='ltr' id='par_1_5' title="bbox 1931 527 3509 600">
     <span class='ocr_line' id='line_1_5' title="bbox 1931 527 3509 600; baseline 0.008 -18"><span class='ocrx_word' id='word_1_19' title='bbox 1931 527 2072 582; x_wconf 86' lang='lat' dir='ltr'><strong>nihil</strong></span> <span class='ocrx_word' id='word_1_20' title='bbox 2101 528 2252 582; x_wconf 86' lang='lat' dir='ltr'><strong>aliud</strong></span> <span class='ocrx_word' id='word_1_21' title='bbox 2286 535 2370 582; x_wconf 91' lang='lat' dir='ltr'><strong>est</strong></span> <span class='ocrx_word' id='word_1_22' title='bbox 2417 542 2604 599; x_wconf 86' lang='lat' dir='ltr'><strong>quam,</strong></span> <span class='ocrx_word' id='word_1_23' title='bbox 2631 528 2785 584; x_wconf 83' lang='lat' dir='ltr'><strong>Dabo</strong></span> <span class='ocrx_word' id='word_1_24' title='bbox 2815 527 3109 600; x_wconf 75' lang='lat' dir='ltr'><strong>Spiritum,</strong></span> <span class='ocrx_word' id='word_1_25' title='bbox 3137 540 3191 588; x_wconf 90' lang='lat' dir='ltr'><strong>et</strong></span> <span class='ocrx_word' id='word_1_26' title='bbox 3234 533 3402 591; x_wconf 81' lang='lat' dir='ltr'><strong>adero</strong></span> <span class='ocrx_word' id='word_1_27' title='bbox 3428 541 3509 595; x_wconf 91' lang='lat' dir='ltr'><strong>eis</strong></span> 
     </span>
    </p>
   </div>
   <div class='ocr_carea' id='block_1_6' title="bbox 221 619 1825 698">
    <p class='ocr_par' dir='ltr' id='par_1_6' title="bbox 221 619 1825 698">
     <span class='ocr_line' id='line_1_6' title="bbox 221 619 1825 698; baseline -0.005 -17"><span class='ocrx_word' id='word_1_28' title='bbox 221 628 338 698; x_wconf 70' lang='grc' dir='ltr'>τὴν</span> <span class='ocrx_word' id='word_1_29' title='bbox 369 627 531 696; x_wconf 70' lang='grc' dir='ltr'>ἐμήν.</span> <span class='ocrx_word' id='word_1_30' title='bbox 583 644 602 677; x_wconf 70' lang='grc' dir='ltr'><strong>ι</strong></span> <span class='ocrx_word' id='word_1_31' title='bbox 647 624 816 677; x_wconf 87' lang='grc' dir='ltr'>Τοῦτο</span> <span class='ocrx_word' id='word_1_32' title='bbox 852 623 909 678; x_wconf 83' lang='grc' dir='ltr'>δὲ</span> <span class='ocrx_word' id='word_1_33' title='bbox 944 619 1013 696; x_wconf 79' lang='grc' dir='ltr'>ἦν</span> <span class='ocrx_word' id='word_1_34' title='bbox 1046 624 1288 696; x_wconf 75' lang='grc' dir='ltr'><strong>ἐναργῶς</strong></span> <span class='ocrx_word' id='word_1_35' title='bbox 1329 624 1480 677; x_wconf 80' lang='grc' dir='ltr'>οὐδὲν</span> <span class='ocrx_word' id='word_1_36' title='bbox 1519 624 1706 694; x_wconf 75' lang='grc' dir='ltr'>ἕτερον</span> <span class='ocrx_word' id='word_1_37' title='bbox 1749 623 1825 674; x_wconf 81' lang='grc' dir='ltr'>εἰ·</span> 
     </span>
    </p>
   </div>
   <div class='ocr_carea' id='block_1_7' title="bbox 236 714 1820 790">
    <p class='ocr_par' dir='ltr' id='par_1_7' title="bbox 236 714 1820 790">
     <span class='ocr_line' id='line_1_7' title="bbox 236 714 1820 790; baseline -0.004 -18"><span class='ocrx_word' id='word_1_38' title='bbox 236 722 388 783; x_wconf 86' lang='grc' dir='ltr'>πεῖν,</span> <span class='ocrx_word' id='word_1_39' title='bbox 415 719 450 790; x_wconf 77' lang='grc' dir='ltr'>ἢ</span> <span class='ocrx_word' id='word_1_40' title='bbox 481 720 562 773; x_wconf 76' lang='grc' dir='ltr'><strong>δτι</strong></span> <span class='ocrx_word' id='word_1_41' title='bbox 590 717 897 790; x_wconf 79' lang='grc' dir='ltr'>Χορηγήσω</span> <span class='ocrx_word' id='word_1_42' title='bbox 921 717 982 770; x_wconf 82' lang='grc' dir='ltr'>τὸ</span> <span class='ocrx_word' id='word_1_43' title='bbox 1013 716 1257 787; x_wconf 89' lang='grc' dir='ltr'>Πνεῦμα,</span> <span class='ocrx_word' id='word_1_44' title='bbox 1292 717 1388 770; x_wconf 82' lang='grc' dir='ltr'>καὶ</span> <span class='ocrx_word' id='word_1_45' title='bbox 1429 716 1724 786; x_wconf 86' lang='grc' dir='ltr'>συνέσομαι</span> <span class='ocrx_word' id='word_1_46' title='bbox 1757 714 1820 766; x_wconf 83' lang='grc' dir='ltr'><strong>δι’</strong></span> 
     </span>
    </p>
   </div>
   <div class='ocr_carea' id='block_1_8' title="bbox 234 807 1824 882">
    <p class='ocr_par' dir='ltr' id='par_1_8' title="bbox 234 807 1824 882">
     <span class='ocr_line' id='line_1_8' title="bbox 234 807 1824 882; baseline -0.003 -18"><span class='ocrx_word' id='word_1_47' title='bbox 234 811 480 882; x_wconf 73' lang='grc' dir='ltr'>ἐμαυτοῦ</span> <span class='ocrx_word' id='word_1_48' title='bbox 527 813 636 874; x_wconf 83' lang='grc' dir='ltr'>τοῖς</span> <span class='ocrx_word' id='word_1_49' title='bbox 681 809 988 879; x_wconf 78' lang='grc' dir='ltr'><strong>δεχομένοις</strong></span> <span class='ocrx_word' id='word_1_50' title='bbox 1037 809 1189 864; x_wconf 84' lang='grc' dir='ltr'>αὐτό.</span> <span class='ocrx_word' id='word_1_51' title='bbox 1240 810 1364 864; x_wconf 88' lang='grc' dir='ltr'>Ὅτι</span> <span class='ocrx_word' id='word_1_52' title='bbox 1408 808 1516 880; x_wconf 81' lang='grc' dir='ltr'><strong>γὰρ</strong></span> <span class='ocrx_word' id='word_1_53' title='bbox 1559 810 1592 878; x_wconf 90' lang='grc' dir='ltr'><strong>ή</strong></span> <span class='ocrx_word' id='word_1_54' title='bbox 1634 807 1824 878; x_wconf 81' lang='grc' dir='ltr'>εἰρήνη</span> 
     </span>
    </p>
   </div>
   <div class='ocr_carea' id='block_1_9' title="bbox 230 896 1825 972">
    <p class='ocr_par' dir='ltr' id='par_1_9' title="bbox 230 896 1825 972">
     <span class='ocr_line' id='line_1_9' title="bbox 230 896 1825 972; baseline -0.003 -14"><span class='ocrx_word' id='word_1_55' title='bbox 230 903 480 970; x_wconf 74' lang='grc' dir='ltr'>Χριστοῦ</span> <span class='ocrx_word' id='word_1_56' title='bbox 514 902 576 957; x_wconf 80' lang='grc' dir='ltr'>τὸ</span> <span class='ocrx_word' id='word_1_57' title='bbox 606 901 832 972; x_wconf 88' lang='grc' dir='ltr'>Πνεῦμὰ</span> <span class='ocrx_word' id='word_1_58' title='bbox 863 901 1012 954; x_wconf 81' lang='grc' dir='ltr'>ἐστιν</span> <span class='ocrx_word' id='word_1_59' title='bbox 1050 900 1240 968; x_wconf 85' lang='grc' dir='ltr'>αὑτοῦ,</span> <span class='ocrx_word' id='word_1_60' title='bbox 1276 898 1486 971; x_wconf 82' lang='grc' dir='ltr'><strong>μακροῦ</strong></span> <span class='ocrx_word' id='word_1_61' title='bbox 1529 899 1630 969; x_wconf 81' lang='grc' dir='ltr'>μὲν</span> <span class='ocrx_word' id='word_1_62' title='bbox 1670 896 1825 968; x_wconf 76' lang='grc' dir='ltr'>οἶμαι</span> 
     </span>
    </p>
   </div>
   <div class='ocr_carea' id='block_1_10' title="bbox 233 991 1822 1066">
    <p class='ocr_par' dir='ltr' id='par_1_10' title="bbox 233 991 1822 1066">
     <span class='ocr_line' id='line_1_10' title="bbox 233 991 1822 1066; baseline -0.002 -16"><span class='ocrx_word' id='word_1_63' title='bbox 233 997 316 1066; x_wconf 70' lang='grc' dir='ltr'>μὴ</span> <span class='ocrx_word' id='word_1_64' title='bbox 347 995 556 1050; x_wconf 77' lang='grc' dir='ltr'>δεῖσθαι</span> <span class='ocrx_word' id='word_1_65' title='bbox 587 995 748 1063; x_wconf 85' lang='grc' dir='ltr'>λόγου</span> <span class='ocrx_word' id='word_1_66' title='bbox 801 994 937 1066; x_wconf 78' lang='grc' dir='ltr'>πρὸς</span> <span class='ocrx_word' id='word_1_67' title='bbox 991 993 1364 1065; x_wconf 83' lang='grc' dir='ltr'>πληροφορίαν</span> <span class='ocrx_word' id='word_1_68' title='bbox 1402 993 1495 1045; x_wconf 70' lang='grc' dir='ltr'>καὶ</span> <span class='ocrx_word' id='word_1_69' title='bbox 1525 991 1822 1057; x_wconf 77' lang='grc' dir='ltr'>ἀπόδειξιν.</span> 
     </span>
    </p>
   </div>
   <div class='ocr_carea' id='block_1_11' title="bbox 231 1083 1824 1158">
    <p class='ocr_par' dir='ltr' id='par_1_11' title="bbox 231 1083 1824 1158">
     <span class='ocr_line' id='line_1_11' title="bbox 231 1083 1824 1158; baseline -0.003 -18"><span class='ocrx_word' id='word_1_70' title='bbox 231 1089 390 1158; x_wconf 75' lang='grc' dir='ltr'>Πλὴν</span> <span class='ocrx_word' id='word_1_71' title='bbox 427 1088 607 1140; x_wconf 84' lang='grc' dir='ltr'>ἐκεῖνο</span> <span class='ocrx_word' id='word_1_72' title='bbox 638 1088 803 1156; x_wconf 68' lang='grc' dir='ltr'>φάναι</span> <span class='ocrx_word' id='word_1_73' title='bbox 847 1087 955 1140; x_wconf 83' lang='grc' dir='ltr'>δεῖν</span> <span class='ocrx_word' id='word_1_74' title='bbox 987 1084 1374 1155; x_wconf 80' lang='grc' dir='ltr'>ὑπολαμϐάνω.</span> <span class='ocrx_word' id='word_1_75' title='bbox 1431 1087 1494 1137; x_wconf 87' lang='grc' dir='ltr'><strong>Εἰ</strong></span> <span class='ocrx_word' id='word_1_76' title='bbox 1526 1083 1635 1154; x_wconf 81' lang='grc' dir='ltr'>γὰρ</span> <span class='ocrx_word' id='word_1_77' title='bbox 1663 1084 1824 1148; x_wconf 83' lang='grc' dir='ltr'>αὑτός</span> 
     </span>
    </p>
   </div>
   <div class='ocr_carea' id='block_1_12' title="bbox 230 1173 1825 1248">
    <p class='ocr_par' dir='ltr' id='par_1_12' title="bbox 230 1173 1825 1248">
     <span class='ocr_line' id='line_1_12' title="bbox 230 1173 1825 1248; baseline -0.003 -18"><span class='ocrx_word' id='word_1_78' title='bbox 230 1180 392 1231; x_wconf 67' lang='grc' dir='ltr'>ἐστιν</span> <span class='ocrx_word' id='word_1_79' title='bbox 417 1180 450 1248; x_wconf 92' lang='grc' dir='ltr'><strong>ή</strong></span> <span class='ocrx_word' id='word_1_80' title='bbox 474 1180 532 1231; x_wconf 85' lang='grc' dir='ltr'><strong>έν</strong></span> <span class='ocrx_word' id='word_1_81' title='bbox 553 1181 666 1240; x_wconf 89' lang='grc' dir='ltr'>τοῖς</span> <span class='ocrx_word' id='word_1_82' title='bbox 692 1178 940 1248; x_wconf 76' lang='grc' dir='ltr'>οὐρανοῖς</span> <span class='ocrx_word' id='word_1_83' title='bbox 961 1177 1154 1248; x_wconf 89' lang='grc' dir='ltr'>εἰρήνη</span> <span class='ocrx_word' id='word_1_84' title='bbox 1183 1177 1278 1228; x_wconf 77' lang='grc' dir='ltr'><strong>καὶ</strong></span> <span class='ocrx_word' id='word_1_85' title='bbox 1306 1176 1399 1228; x_wconf 73' lang='grc' dir='ltr'>ἐπὶ</span> <span class='ocrx_word' id='word_1_86' title='bbox 1427 1174 1528 1244; x_wconf 83' lang='grc' dir='ltr'>τῆς</span> <span class='ocrx_word' id='word_1_87' title='bbox 1557 1177 1680 1245; x_wconf 83' lang='grc' dir='ltr'>γῆς,</span> <span class='ocrx_word' id='word_1_88' title='bbox 1709 1173 1825 1236; x_wconf 89' lang='grc' dir='ltr'><strong>πῶς</strong></span> 
     </span>
    </p>
   </div>
   <div class='ocr_carea' id='block_1_13' title="bbox 230 1264 1824 1339">
    <p class='ocr_par' dir='ltr' id='par_1_13' title="bbox 230 1264 1824 1339">
     <span class='ocr_line' id='line_1_13' title="bbox 230 1264 1824 1339; baseline -0.003 -17"><span class='ocrx_word' id='word_1_89' title='bbox 230 1270 340 1322; x_wconf 68' lang='grc' dir='ltr'>οὐκ</span> <span class='ocrx_word' id='word_1_90' title='bbox 369 1270 434 1322; x_wconf 75' lang='grc' dir='ltr'>ἂν</span> <span class='ocrx_word' id='word_1_91' title='bbox 469 1268 554 1339; x_wconf 75' lang='grc' dir='ltr'>εἴη</span> <span class='ocrx_word' id='word_1_92' title='bbox 586 1269 773 1322; x_wconf 73' lang='grc' dir='ltr'>λοιπὸν</span> <span class='ocrx_word' id='word_1_93' title='bbox 806 1267 968 1323; x_wconf 87' lang='grc' dir='ltr'>παντί</span> <span class='ocrx_word' id='word_1_94' title='bbox 1011 1284 1088 1336; x_wconf 83' lang='grc' dir='ltr'><strong>τῳ</strong></span> <span class='ocrx_word' id='word_1_95' title='bbox 1120 1266 1292 1335; x_wconf 81' lang='grc' dir='ltr'>σαφὲς</span> <span class='ocrx_word' id='word_1_96' title='bbox 1316 1267 1420 1328; x_wconf 81' lang='grc' dir='ltr'>ὅτι,</span> <span class='ocrx_word' id='word_1_97' title='bbox 1462 1264 1711 1336; x_wconf 81' lang='grc' dir='ltr'>καθάπερ</span> <span class='ocrx_word' id='word_1_98' title='bbox 1746 1266 1824 1318; x_wconf 88' lang='grc' dir='ltr'>εἰ-</span> 
     </span>
    </p>
   </div>
   <div class='ocr_carea' id='block_1_14' title="bbox 235 1357 1826 1431">
    <p class='ocr_par' dir='ltr' id='par_1_14' title="bbox 235 1357 1826 1431">
     <span class='ocr_line' id='line_1_14' title="bbox 235 1357 1826 1431; baseline -0.002 -19"><span class='ocrx_word' id='word_1_99' title='bbox 235 1361 517 1431; x_wconf 83' lang='grc' dir='ltr'>ρήκαμεν,</span> <span class='ocrx_word' id='word_1_100' title='bbox 553 1363 585 1430; x_wconf 88' lang='grc' dir='ltr'><strong>ή</strong></span> <span class='ocrx_word' id='word_1_101' title='bbox 621 1361 811 1431; x_wconf 77' lang='grc' dir='ltr'>εἰρήνη</span> <span class='ocrx_word' id='word_1_102' title='bbox 853 1359 918 1430; x_wconf 84' lang='grc' dir='ltr'>δὴ</span> <span class='ocrx_word' id='word_1_103' title='bbox 953 1359 1170 1422; x_wconf 84' lang='grc' dir='ltr'>πάντως</span> <span class='ocrx_word' id='word_1_104' title='bbox 1213 1359 1330 1410; x_wconf 78' lang='grc' dir='ltr'>ἐστὶ</span> <span class='ocrx_word' id='word_1_105' title='bbox 1376 1357 1438 1410; x_wconf 78' lang='grc' dir='ltr'>τὸ</span> <span class='ocrx_word' id='word_1_106' title='bbox 1467 1358 1692 1427; x_wconf 77' lang='grc' dir='ltr'><strong>Πνεῦμα</strong></span> <span class='ocrx_word' id='word_1_107' title='bbox 1728 1358 1826 1410; x_wconf 85' lang='grc' dir='ltr'>αύ-</span> 
     </span>
    </p>
   </div>
   <div class='ocr_carea' id='block_1_15' title="bbox 231 1448 1821 1522">
    <p class='ocr_par' dir='ltr' id='par_1_15' title="bbox 231 1448 1821 1522">
     <span class='ocr_line' id='line_1_15' title="bbox 231 1448 1821 1522; baseline -0.001 -20"><span class='ocrx_word' id='word_1_108' title='bbox 231 1450 336 1503; x_wconf 86' lang='grc' dir='ltr'><strong>τοῦ</strong></span> <span class='ocrx_word' id='word_1_109' title='bbox 359 1468 376 1512; x_wconf 85' lang='lat'><strong>;</strong></span> <span class='ocrx_word' id='word_1_110' title='bbox 421 1452 526 1504; x_wconf 72' lang='grc' dir='ltr'>Καὶ</span> <span class='ocrx_word' id='word_1_111' title='bbox 554 1451 687 1520; x_wconf 84' lang='grc' dir='ltr'>γοῦν</span> <span class='ocrx_word' id='word_1_112' title='bbox 719 1453 748 1503; x_wconf 92' lang='lat'><strong>6</strong></span> <span class='ocrx_word' id='word_1_113' title='bbox 775 1451 1063 1514; x_wconf 80' lang='grc' dir='ltr'><strong>Θεσπέσιος</strong></span> <span class='ocrx_word' id='word_1_114' title='bbox 1099 1449 1314 1512; x_wconf 79' lang='grc' dir='ltr'><strong>Παῦλος</strong></span> <span class='ocrx_word' id='word_1_115' title='bbox 1340 1450 1478 1522; x_wconf 88' lang='grc' dir='ltr'>πρός</span> <span class='ocrx_word' id='word_1_116' title='bbox 1505 1466 1659 1512; x_wconf 90' lang='grc' dir='ltr'>τινας</span> <span class='ocrx_word' id='word_1_117' title='bbox 1682 1448 1785 1519; x_wconf 78' lang='grc' dir='ltr'>ἔφη</span> <span class='ocrx_word' id='word_1_118' title='bbox 1808 1466 1821 1480; x_wconf 74' lang='grc' dir='ltr'><strong>ο</strong></span> 
     </span>
    </p>
   </div>
   <div class='ocr_carea' id='block_1_16' title="bbox 239 1540 1824 1614">
    <p class='ocr_par' dir='ltr' id='par_1_16' title="bbox 239 1540 1824 1614">
     <span class='ocr_line' id='line_1_16' title="bbox 239 1540 1824 1614; baseline 0 -21"><span class='ocrx_word' id='word_1_119' title='bbox 239 1563 261 1593; x_wconf 69' lang='grc' dir='ltr'><strong>ς</strong></span> <span class='ocrx_word' id='word_1_120' title='bbox 286 1545 400 1596; x_wconf 81' lang='grc' dir='ltr'><strong>Καὶ</strong></span> <span class='ocrx_word' id='word_1_121' title='bbox 426 1545 457 1614; x_wconf 92' lang='grc' dir='ltr'><strong>ή</strong></span> <span class='ocrx_word' id='word_1_122' title='bbox 488 1545 679 1614; x_wconf 84' lang='grc' dir='ltr'>εἰρήνη</span> <span class='ocrx_word' id='word_1_123' title='bbox 709 1542 802 1595; x_wconf 90' lang='grc' dir='ltr'><strong>τοῦ</strong></span> <span class='ocrx_word' id='word_1_124' title='bbox 834 1540 990 1607; x_wconf 84' lang='grc' dir='ltr'>Θεοῦ,</span> <span class='ocrx_word' id='word_1_125' title='bbox 1022 1544 1055 1612; x_wconf 87' lang='grc' dir='ltr'><strong>ή</strong></span> <span class='ocrx_word' id='word_1_126' title='bbox 1091 1541 1434 1613; x_wconf 78' lang='grc' dir='ltr'>ὑπερέχουσα</span> <span class='ocrx_word' id='word_1_127' title='bbox 1462 1542 1642 1596; x_wconf 80' lang='grc' dir='ltr'>πάντα</span> <span class='ocrx_word' id='word_1_128' title='bbox 1677 1542 1824 1607; x_wconf 85' lang='grc' dir='ltr'>νοῦν,</span> 
     </span>
    </p>
   </div>
   <div class='ocr_carea' id='block_1_17' title="bbox 234 1634 1816 1707">
    <p class='ocr_par' dir='ltr' id='par_1_17' title="bbox 234 1634 1816 1707">
     <span class='ocr_line' id='line_1_17' title="bbox 234 1634 1816 1707; baseline -0.001 -19"><span class='ocrx_word' id='word_1_129' title='bbox 234 1637 530 1707; x_wconf 78' lang='grc' dir='ltr'>φρουρήσῃ</span> <span class='ocrx_word' id='word_1_130' title='bbox 561 1637 658 1699; x_wconf 72' lang='grc' dir='ltr'>τὰς</span> <span class='ocrx_word' id='word_1_131' title='bbox 685 1635 914 1705; x_wconf 79' lang='grc' dir='ltr'>καρδίας</span> <span class='ocrx_word' id='word_1_132' title='bbox 941 1634 1095 1705; x_wconf 84' lang='grc' dir='ltr'>ὑμῶν</span> <span class='ocrx_word' id='word_1_133' title='bbox 1120 1635 1214 1688; x_wconf 76' lang='grc' dir='ltr'>καὶ</span> <span class='ocrx_word' id='word_1_134' title='bbox 1239 1635 1306 1688; x_wconf 77' lang='grc' dir='ltr'>τὰ</span> <span class='ocrx_word' id='word_1_135' title='bbox 1328 1635 1573 1705; x_wconf 78' lang='grc' dir='ltr'>νοήματα</span> <span class='ocrx_word' id='word_1_136' title='bbox 1595 1635 1772 1704; x_wconf 80' lang='grc' dir='ltr'>ὑμῶν.</span> <span class='ocrx_word' id='word_1_137' title='bbox 1800 1655 1816 1686; x_wconf 82' lang='grc'><strong><em>›</em></strong></span> 
     </span>
    </p>
   </div>
   <div class='ocr_carea' id='block_1_18' title="bbox 234 1725 1823 1797">
    <p class='ocr_par' dir='ltr' id='par_1_18' title="bbox 234 1725 1823 1797">
     <span class='ocr_line' id='line_1_18' title="bbox 234 1725 1823 1797; baseline -0.002 -16"><span class='ocrx_word' id='word_1_138' title='bbox 234 1729 436 1781; x_wconf 76' lang='grc' dir='ltr'>Καίτοι</span> <span class='ocrx_word' id='word_1_139' title='bbox 470 1727 586 1788; x_wconf 72' lang='grc' dir='ltr'><strong>πῶς</strong></span> <span class='ocrx_word' id='word_1_140' title='bbox 621 1726 682 1779; x_wconf 89' lang='grc' dir='ltr'><strong>ού</strong></span> <span class='ocrx_word' id='word_1_141' title='bbox 713 1727 920 1779; x_wconf 83' lang='grc' dir='ltr'>δίκαιον</span> <span class='ocrx_word' id='word_1_142' title='bbox 950 1727 1172 1790; x_wconf 76' lang='grc' dir='ltr'>ἐννοεῖν,</span> <span class='ocrx_word' id='word_1_143' title='bbox 1219 1725 1295 1790; x_wconf 85' lang='grc' dir='ltr'>ὼς</span> <span class='ocrx_word' id='word_1_144' title='bbox 1335 1727 1396 1779; x_wconf 90' lang='grc' dir='ltr'><strong>ού</strong></span> <span class='ocrx_word' id='word_1_145' title='bbox 1432 1727 1559 1797; x_wconf 76' lang='grc' dir='ltr'>περὶ</span> <span class='ocrx_word' id='word_1_146' title='bbox 1591 1727 1823 1797; x_wconf 86' lang='grc' dir='ltr'>ταυτησί</span> 
     </span>
    </p>
   </div>
   <div class='ocr_carea' id='block_1_19' title="bbox 234 1818 1824 1890">
    <p class='ocr_par' dir='ltr' id='par_1_19' title="bbox 234 1818 1824 1890">
     <span class='ocr_line' id='line_1_19' title="bbox 234 1818 1824 1890; baseline -0.001 -18"><span class='ocrx_word' id='word_1_147' title='bbox 234 1820 340 1889; x_wconf 74' lang='grc' dir='ltr'>τῆς</span> <span class='ocrx_word' id='word_1_148' title='bbox 370 1820 591 1890; x_wconf 84' lang='grc' dir='ltr'>εἰρήνης</span> <span class='ocrx_word' id='word_1_149' title='bbox 623 1819 720 1889; x_wconf 78' lang='grc' dir='ltr'>τῆς</span> <span class='ocrx_word' id='word_1_150' title='bbox 758 1820 816 1871; x_wconf 80' lang='grc' dir='ltr'>ἐν</span> <span class='ocrx_word' id='word_1_151' title='bbox 844 1818 922 1888; x_wconf 82' lang='grc' dir='ltr'>τῷ</span> <span class='ocrx_word' id='word_1_152' title='bbox 953 1819 1117 1889; x_wconf 84' lang='grc' dir='ltr'>κοινῷ</span> <span class='ocrx_word' id='word_1_153' title='bbox 1141 1819 1440 1890; x_wconf 84' lang='grc' dir='ltr'>νοουμένης</span> <span class='ocrx_word' id='word_1_154' title='bbox 1462 1819 1606 1890; x_wconf 85' lang='grc' dir='ltr'>λόγῳ</span> <span class='ocrx_word' id='word_1_155' title='bbox 1639 1836 1697 1871; x_wconf 91' lang='grc' dir='ltr'><strong>τε</strong></span> <span class='ocrx_word' id='word_1_156' title='bbox 1731 1819 1824 1872; x_wconf 83' lang='grc' dir='ltr'><strong>καί</strong></span> 
     </span>
    </p>
   </div>
   <div class='ocr_carea' id='block_1_20' title="bbox 235 1909 1821 1982">
    <p class='ocr_par' dir='ltr' id='par_1_20' title="bbox 235 1909 1821 1982">
     <span class='ocr_line' id='line_1_20' title="bbox 235 1909 1821 1982; baseline 0.002 -21"><span class='ocrx_word' id='word_1_157' title='bbox 235 1909 531 1980; x_wconf 73' lang='grc' dir='ltr'>πράγματι</span> <span class='ocrx_word' id='word_1_158' title='bbox 573 1909 640 1962; x_wconf 86' lang='grc' dir='ltr'><strong>τὰ</strong></span> <span class='ocrx_word' id='word_1_159' title='bbox 670 1909 895 1964; x_wconf 78' lang='grc' dir='ltr'>τοιαῦτά</span> <span class='ocrx_word' id='word_1_160' title='bbox 938 1928 1132 1981; x_wconf 81' lang='grc' dir='ltr'>φησιν;</span> <span class='ocrx_word' id='word_1_161' title='bbox 1187 1912 1252 1964; x_wconf 85' lang='grc' dir='ltr'><strong>Ἥ</strong></span> <span class='ocrx_word' id='word_1_162' title='bbox 1288 1912 1388 1981; x_wconf 78' lang='grc' dir='ltr'>μὲν</span> <span class='ocrx_word' id='word_1_163' title='bbox 1411 1911 1521 1981; x_wconf 83' lang='grc' dir='ltr'><strong>γὰρ</strong></span> <span class='ocrx_word' id='word_1_164' title='bbox 1551 1911 1821 1982; x_wconf 76' lang='grc' dir='ltr'>ὀφιλόμα-</span> 
     </span>
    </p>
   </div>
   <div class='ocr_carea' id='block_1_21' title="bbox 236 2002 1824 2075">
    <p class='ocr_par' dir='ltr' id='par_1_21' title="bbox 236 2002 1824 2075">
     <span class='ocr_line' id='line_1_21' title="bbox 236 2002 1824 2075; baseline 0.001 -21"><span class='ocrx_word' id='word_1_165' title='bbox 236 2019 336 2070; x_wconf 79' lang='grc' dir='ltr'><strong>χος</strong></span> <span class='ocrx_word' id='word_1_166' title='bbox 373 2003 465 2055; x_wconf 75' lang='grc' dir='ltr'>καὶ</span> <span class='ocrx_word' id='word_1_167' title='bbox 498 2002 895 2074; x_wconf 84' lang='grc' dir='ltr'>ἀφιλοπόλεμος</span> <span class='ocrx_word' id='word_1_168' title='bbox 939 2003 1072 2070; x_wconf 74' lang='grc' dir='ltr'>ἕξις,</span> <span class='ocrx_word' id='word_1_169' title='bbox 1122 2005 1247 2057; x_wconf 83' lang='grc' dir='ltr'>ὅσον</span> <span class='ocrx_word' id='word_1_170' title='bbox 1279 2006 1338 2057; x_wconf 76' lang='grc' dir='ltr'>ὲν</span> <span class='ocrx_word' id='word_1_171' title='bbox 1373 2004 1603 2067; x_wconf 81' lang='grc' dir='ltr'>οἰκείαις</span> <span class='ocrx_word' id='word_1_172' title='bbox 1632 2006 1824 2075; x_wconf 75' lang='grc' dir='ltr'>ῥοπαῖς</span> 
     </span>
    </p>
   </div>
   <div class='ocr_carea' id='block_1_22' title="bbox 237 2090 1825 2165">
    <p class='ocr_par' dir='ltr' id='par_1_22' title="bbox 237 2090 1825 2165">
     <span class='ocr_line' id='line_1_22' title="bbox 237 2090 1825 2165; baseline 0.003 -24"><span class='ocrx_word' id='word_1_173' title='bbox 237 2092 338 2142; x_wconf 72' lang='grc' dir='ltr'>καὶ</span> <span class='ocrx_word' id='word_1_174' title='bbox 387 2091 444 2142; x_wconf 79' lang='grc' dir='ltr'>ὲν</span> <span class='ocrx_word' id='word_1_175' title='bbox 495 2090 710 2161; x_wconf 81' lang='grc' dir='ltr'>θελήσει</span> <span class='ocrx_word' id='word_1_176' title='bbox 760 2094 824 2161; x_wconf 83' lang='grc' dir='ltr'><strong>τῇ</strong></span> <span class='ocrx_word' id='word_1_177' title='bbox 874 2093 996 2146; x_wconf 80' lang='grc' dir='ltr'>καθ’</span> <span class='ocrx_word' id='word_1_178' title='bbox 1048 2094 1250 2165; x_wconf 80' lang='grc' dir='ltr'>ἑαυτὴν</span> <span class='ocrx_word' id='word_1_179' title='bbox 1294 2094 1519 2165; x_wconf 82' lang='grc' dir='ltr'>εἰρήνην</span> <span class='ocrx_word' id='word_1_180' title='bbox 1570 2093 1681 2162; x_wconf 79' lang='grc' dir='ltr'>ἔχει</span> <span class='ocrx_word' id='word_1_181' title='bbox 1733 2095 1825 2146; x_wconf 73' lang='grc' dir='ltr'><strong>καί⁸</strong></span> 
     </span>
    </p>
   </div>
   <div class='ocr_carea' id='block_1_23' title="bbox 238 2183 1826 2258">
    <p class='ocr_par' dir='ltr' id='par_1_23' title="bbox 238 2183 1826 2258">
     <span class='ocr_line' id='line_1_23' title="bbox 238 2183 1826 2258; baseline 0.004 -24"><span class='ocrx_word' id='word_1_182' title='bbox 238 2183 556 2252; x_wconf 77' lang='grc' dir='ltr'>ἐργάζεται.</span> <span class='ocrx_word' id='word_1_183' title='bbox 612 2185 721 2236; x_wconf 70' lang='grc' dir='ltr'><strong>Καὶ</strong></span> <span class='ocrx_word' id='word_1_184' title='bbox 777 2186 876 2238; x_wconf 79' lang='grc' dir='ltr'>οὐκ</span> <span class='ocrx_word' id='word_1_185' title='bbox 934 2186 1295 2240; x_wconf 79' lang='grc' dir='ltr'>ὲνυπόστατόν</span> <span class='ocrx_word' id='word_1_186' title='bbox 1335 2205 1388 2240; x_wconf 88' lang='grc' dir='ltr'><strong>τι</strong></span> <span class='ocrx_word' id='word_1_187' title='bbox 1430 2188 1524 2241; x_wconf 71' lang='grc' dir='ltr'>καὶ</span> <span class='ocrx_word' id='word_1_188' title='bbox 1581 2188 1826 2258; x_wconf 81' lang='grc' dir='ltr'>ὑπάρχον</span> 
     </span>
    </p>
   </div>
   <div class='ocr_carea' id='block_1_24' title="bbox 241 2275 1823 2349">
    <p class='ocr_par' dir='ltr' id='par_1_24' title="bbox 241 2275 1823 2349">
     <span class='ocr_line' id='line_1_24' title="bbox 241 2275 1823 2349; baseline 0.002 -21"><span class='ocrx_word' id='word_1_189' title='bbox 241 2276 392 2339; x_wconf 80' lang='grc' dir='ltr'>ἰδίως</span> <span class='ocrx_word' id='word_1_190' title='bbox 439 2275 740 2346; x_wconf 82' lang='grc' dir='ltr'>οἰησόμεθά</span> <span class='ocrx_word' id='word_1_191' title='bbox 773 2294 901 2330; x_wconf 86' lang='grc' dir='ltr'>ποτε</span> <span class='ocrx_word' id='word_1_192' title='bbox 950 2279 1048 2347; x_wconf 80' lang='grc' dir='ltr'>τὴν</span> <span class='ocrx_word' id='word_1_193' title='bbox 1079 2277 1220 2330; x_wconf 71' lang='grc' dir='ltr'>οὕτω</span> <span class='ocrx_word' id='word_1_194' title='bbox 1249 2278 1546 2349; x_wconf 86' lang='grc' dir='ltr'>νοουμένην</span> <span class='ocrx_word' id='word_1_195' title='bbox 1579 2280 1823 2349; x_wconf 84' lang='grc' dir='ltr'>εἰρήνην,</span> 
     </span>
    </p>
   </div>
   <div class='ocr_carea' id='block_1_25' title="bbox 236 2367 1826 2438">
    <p class='ocr_par' dir='ltr' id='par_1_25' title="bbox 236 2367 1826 2438">
     <span class='ocr_line' id='line_1_25' title="bbox 236 2367 1826 2438; baseline 0 -17"><span class='ocrx_word' id='word_1_196' title='bbox 236 2367 357 2422; x_wconf 80' lang='grc' dir='ltr'>ἀλλ’</span> <span class='ocrx_word' id='word_1_197' title='bbox 392 2369 449 2420; x_wconf 85' lang='grc' dir='ltr'>ὲν</span> <span class='ocrx_word' id='word_1_198' title='bbox 497 2367 606 2432; x_wconf 73' lang='grc' dir='ltr'>ἕξει</span> <span class='ocrx_word' id='word_1_199' title='bbox 652 2371 718 2438; x_wconf 80' lang='grc' dir='ltr'>τῇ</span> <span class='ocrx_word' id='word_1_200' title='bbox 753 2368 862 2420; x_wconf 90' lang='grc' dir='ltr'><strong>τῶν</strong></span> <span class='ocrx_word' id='word_1_201' title='bbox 911 2368 1250 2433; x_wconf 81' lang='grc' dir='ltr'>ἀγαπώντων</span> <span class='ocrx_word' id='word_1_202' title='bbox 1294 2368 1462 2438; x_wconf 79' lang='grc' dir='ltr'>αὐτὴν</span> <span class='ocrx_word' id='word_1_203' title='bbox 1507 2367 1826 2438; x_wconf 80' lang='grc' dir='ltr'>συμϐαίνειν</span> 
     </span>
    </p>
   </div>
   <div class='ocr_carea' id='block_1_26' title="bbox 237 2455 1826 2532">
    <p class='ocr_par' dir='ltr' id='par_1_26' title="bbox 237 2455 1826 2532">
     <span class='ocr_line' id='line_1_26' title="bbox 237 2455 1826 2532; baseline 0 -18"><span class='ocrx_word' id='word_1_204' title='bbox 237 2462 638 2532; x_wconf 83' lang='grc' dir='ltr'>ὗπονοήσομεν.</span> <span class='ocrx_word' id='word_1_205' title='bbox 673 2461 795 2524; x_wconf 85' lang='grc' dir='ltr'>Πῶς</span> <span class='ocrx_word' id='word_1_206' title='bbox 821 2455 916 2515; x_wconf 85' lang='grc' dir='ltr'><strong>οῦν</strong></span> <span class='ocrx_word' id='word_1_207' title='bbox 943 2462 1050 2532; x_wconf 82' lang='grc' dir='ltr'>ἄρα</span> <span class='ocrx_word' id='word_1_208' title='bbox 1079 2463 1269 2531; x_wconf 85' lang='grc' dir='ltr'>νοήσαι</span> <span class='ocrx_word' id='word_1_209' title='bbox 1293 2478 1377 2525; x_wconf 90' lang='grc' dir='ltr'><strong>τις</strong></span> <span class='ocrx_word' id='word_1_210' title='bbox 1403 2461 1468 2515; x_wconf 81' lang='grc' dir='ltr'>ἂν</span> <span class='ocrx_word' id='word_1_211' title='bbox 1500 2461 1676 2514; x_wconf 80' lang='grc' dir='ltr'>πάντα</span> <span class='ocrx_word' id='word_1_212' title='bbox 1701 2461 1826 2515; x_wconf 89' lang='grc' dir='ltr'>νοῦν</span> 
     </span>
    </p>
   </div>
   <div class='ocr_carea' id='block_1_27' title="bbox 236 2553 1824 2626">
    <p class='ocr_par' dir='ltr' id='par_1_27' title="bbox 236 2553 1824 2626">
     <span class='ocr_line' id='line_1_27' title="bbox 236 2553 1824 2626; baseline 0.002 -22"><span class='ocrx_word' id='word_1_213' title='bbox 236 2553 532 2623; x_wconf 78' lang='grc' dir='ltr'>ὑπερέχειν</span> <span class='ocrx_word' id='word_1_214' title='bbox 579 2554 679 2624; x_wconf 85' lang='grc' dir='ltr'>τὴν</span> <span class='ocrx_word' id='word_1_215' title='bbox 724 2555 980 2625; x_wconf 85' lang='grc' dir='ltr'>τοιαύτην</span> <span class='ocrx_word' id='word_1_216' title='bbox 1026 2556 1284 2625; x_wconf 81' lang='grc' dir='ltr'>εἰρήνην;</span> <span class='ocrx_word' id='word_1_217' title='bbox 1342 2555 1414 2607; x_wconf 83' lang='grc' dir='ltr'><strong>Τὸ</strong></span> <span class='ocrx_word' id='word_1_218' title='bbox 1459 2554 1569 2626; x_wconf 79' lang='grc' dir='ltr'><strong>γὰρ</strong></span> <span class='ocrx_word' id='word_1_219' title='bbox 1601 2554 1824 2626; x_wconf 84' lang='grc' dir='ltr'>μηδαμῆ</span> 
     </span>
    </p>
   </div>
   <div class='ocr_carea' id='block_1_28' title="bbox 241 2645 1826 2716">
    <p class='ocr_par' dir='ltr' id='par_1_28' title="bbox 241 2645 1826 2716">
     <span class='ocr_line' id='line_1_28' title="bbox 241 2645 1826 2716; baseline 0.001 -18"><span class='ocrx_word' id='word_1_220' title='bbox 241 2645 513 2716; x_wconf 76' lang='grc' dir='ltr'>μηδαμῶς</span> <span class='ocrx_word' id='word_1_221' title='bbox 571 2646 630 2699; x_wconf 80' lang='grc' dir='ltr'>ὃν</span> <span class='ocrx_word' id='word_1_222' title='bbox 687 2647 807 2700; x_wconf 82' lang='grc' dir='ltr'>κατ’</span> <span class='ocrx_word' id='word_1_223' title='bbox 859 2648 996 2700; x_wconf 85' lang='grc' dir='ltr'>ἰδίαν</span> <span class='ocrx_word' id='word_1_224' title='bbox 1062 2647 1329 2716; x_wconf 78' lang='grc' dir='ltr'>ὓπαρξιν,</span> <span class='ocrx_word' id='word_1_225' title='bbox 1379 2647 1494 2710; x_wconf 81' lang='grc' dir='ltr'><strong>πῶς</strong></span> <span class='ocrx_word' id='word_1_226' title='bbox 1537 2646 1601 2700; x_wconf 84' lang='grc' dir='ltr'>ἂν</span> <span class='ocrx_word' id='word_1_227' title='bbox 1653 2648 1826 2701; x_wconf 87' lang='grc' dir='ltr'>νοοῖτο</span> 
     </span>
    </p>
   </div>
   <div class='ocr_carea' id='block_1_29' title="bbox 236 2738 1826 2809">
    <p class='ocr_par' dir='ltr' id='par_1_29' title="bbox 236 2738 1826 2809">
     <span class='ocr_line' id='line_1_29' title="bbox 236 2738 1826 2809; baseline 0.001 -20"><span class='ocrx_word' id='word_1_228' title='bbox 236 2738 490 2805; x_wconf 80' lang='grc' dir='ltr'>κρεῖττόν</span> <span class='ocrx_word' id='word_1_229' title='bbox 527 2755 585 2790; x_wconf 87' lang='grc' dir='ltr'><strong>τε</strong></span> <span class='ocrx_word' id='word_1_230' title='bbox 619 2739 711 2790; x_wconf 77' lang='grc' dir='ltr'>καὶ</span> <span class='ocrx_word' id='word_1_231' title='bbox 746 2738 964 2809; x_wconf 80' lang='grc' dir='ltr'>ἄμεινον</span> <span class='ocrx_word' id='word_1_232' title='bbox 1010 2738 1312 2809; x_wconf 78' lang='grc' dir='ltr'>ἀνθρώπων</span> <span class='ocrx_word' id='word_1_233' title='bbox 1356 2739 1539 2808; x_wconf 74' lang='grc' dir='ltr'>τυχὸν,</span> <span class='ocrx_word' id='word_1_234' title='bbox 1589 2739 1621 2809; x_wconf 81' lang='grc' dir='ltr'><strong>ἦ</strong></span> <span class='ocrx_word' id='word_1_235' title='bbox 1657 2738 1826 2806; x_wconf 85' lang='grc' dir='ltr'>ἀγγέ-</span> 
     </span>
    </p>
   </div>
   <div class='ocr_carea' id='block_1_30' title="bbox 235 2826 1826 2902">
    <p class='ocr_par' dir='ltr' id='par_1_30' title="bbox 235 2826 1826 2902">
     <span class='ocr_line' id='line_1_30' title="bbox 235 2826 1826 2902; baseline 0.002 -21"><span class='ocrx_word' id='word_1_236' title='bbox 235 2829 374 2893; x_wconf 90' lang='grc' dir='ltr'>λων,</span> <span class='ocrx_word' id='word_1_237' title='bbox 408 2831 441 2901; x_wconf 82' lang='grc' dir='ltr'>ῆ</span> <span class='ocrx_word' id='word_1_238' title='bbox 474 2831 583 2883; x_wconf 86' lang='grc' dir='ltr'><strong>τῶν</strong></span> <span class='ocrx_word' id='word_1_239' title='bbox 613 2829 694 2883; x_wconf 77' lang='grc' dir='ltr'>ἔτι</span> <span class='ocrx_word' id='word_1_240' title='bbox 724 2831 980 2902; x_wconf 82' lang='grc' dir='ltr'>προσάνω</span> <span class='ocrx_word' id='word_1_241' title='bbox 1008 2832 1315 2902; x_wconf 82' lang='grc' dir='ltr'>νοουμένων</span> <span class='ocrx_word' id='word_1_242' title='bbox 1341 2848 1354 2895; x_wconf 92' lang='grc'><strong>;</strong></span> <span class='ocrx_word' id='word_1_243' title='bbox 1393 2830 1535 2884; x_wconf 91' lang='grc' dir='ltr'>Νοῦν</span> <span class='ocrx_word' id='word_1_244' title='bbox 1556 2830 1664 2901; x_wconf 84' lang='grc' dir='ltr'>γὰρ</span> <span class='ocrx_word' id='word_1_245' title='bbox 1688 2826 1826 2885; x_wconf 80' lang='grc' dir='ltr'>εἶναι</span> 
     </span>
    </p>
   </div>
   <div class='ocr_carea' id='block_1_31' title="bbox 233 2924 1827 2996">
    <p class='ocr_par' dir='ltr' id='par_1_31' title="bbox 233 2924 1827 2996">
     <span class='ocr_line' id='line_1_31' title="bbox 233 2924 1827 2996; baseline -0.001 -19"><span class='ocrx_word' id='word_1_246' title='bbox 233 2924 338 2977; x_wconf 72' lang='grc' dir='ltr'><strong>καὶ</strong></span> <span class='ocrx_word' id='word_1_247' title='bbox 391 2925 564 2978; x_wconf 82' lang='grc' dir='ltr'>ταῦτά</span> <span class='ocrx_word' id='word_1_248' title='bbox 615 2942 815 2995; x_wconf 86' lang='grc' dir='ltr'>φαμεν.</span> <span class='ocrx_word' id='word_1_249' title='bbox 865 2924 1076 2977; x_wconf 81' lang='grc' dir='ltr'>Οὐκοῦν</span> <span class='ocrx_word' id='word_1_250' title='bbox 1105 2928 1138 2994; x_wconf 86' lang='grc' dir='ltr'><strong>ή</strong></span> <span class='ocrx_word' id='word_1_251' title='bbox 1186 2926 1326 2996; x_wconf 82' lang='grc' dir='ltr'>ὑπὲρ</span> <span class='ocrx_word' id='word_1_252' title='bbox 1369 2924 1586 2995; x_wconf 77' lang='grc' dir='ltr'>Ἀρχὰς,</span> <span class='ocrx_word' id='word_1_253' title='bbox 1621 2926 1653 2994; x_wconf 82' lang='grc' dir='ltr'>ἡ</span> <span class='ocrx_word' id='word_1_254' title='bbox 1686 2924 1827 2994; x_wconf 80' lang='grc' dir='ltr'>ὑπὲρ</span> 
     </span>
    </p>
   </div>
   <div class='ocr_carea' id='block_1_32' title="bbox 246 3015 1826 3088">
    <p class='ocr_par' dir='ltr' id='par_1_32' title="bbox 246 3015 1826 3088">
     <span class='ocr_line' id='line_1_32' title="bbox 246 3015 1826 3088; baseline -0.001 -19"><span class='ocrx_word' id='word_1_255' title='bbox 246 3015 560 3080; x_wconf 80' lang='grc' dir='ltr'>Ἐξουσίας,</span> <span class='ocrx_word' id='word_1_256' title='bbox 592 3017 624 3086; x_wconf 88' lang='grc' dir='ltr'><strong>ή</strong></span> <span class='ocrx_word' id='word_1_257' title='bbox 664 3015 804 3087; x_wconf 84' lang='grc' dir='ltr'>ὑπὲρ</span> <span class='ocrx_word' id='word_1_258' title='bbox 833 3016 1071 3086; x_wconf 87' lang='grc' dir='ltr'>Θρόνους</span> <span class='ocrx_word' id='word_1_259' title='bbox 1099 3017 1133 3087; x_wconf 83' lang='grc' dir='ltr'><strong>ἢ</strong></span> <span class='ocrx_word' id='word_1_260' title='bbox 1165 3017 1531 3088; x_wconf 87' lang='grc' dir='ltr'>Κυριότητας,</span> <span class='ocrx_word' id='word_1_261' title='bbox 1563 3017 1658 3070; x_wconf 75' lang='grc' dir='ltr'><strong>καί⁵</strong></span> <span class='ocrx_word' id='word_1_262' title='bbox 1686 3016 1826 3087; x_wconf 84' lang='grc' dir='ltr'>ὑπὲρ</span> 
     </span>
    </p>
   </div>
   <div class='ocr_carea' id='block_1_33' title="bbox 234 3103 1825 3179">
    <p class='ocr_par' dir='ltr' id='par_1_33' title="bbox 234 3103 1825 3179">
     <span class='ocr_line' id='line_1_33' title="bbox 234 3103 1825 3179; baseline -0.001 -19"><span class='ocrx_word' id='word_1_263' title='bbox 234 3108 421 3161; x_wconf 78' lang='grc' dir='ltr'>πάντα</span> <span class='ocrx_word' id='word_1_264' title='bbox 455 3107 580 3161; x_wconf 88' lang='grc' dir='ltr'>νοῦν</span> <span class='ocrx_word' id='word_1_265' title='bbox 610 3109 823 3178; x_wconf 87' lang='grc' dir='ltr'>εἰρήνη,</span> <span class='ocrx_word' id='word_1_266' title='bbox 854 3108 915 3160; x_wconf 85' lang='grc' dir='ltr'>τὸ</span> <span class='ocrx_word' id='word_1_267' title='bbox 953 3108 1177 3178; x_wconf 86' lang='grc' dir='ltr'>Πνεῦμα</span> <span class='ocrx_word' id='word_1_268' title='bbox 1213 3107 1450 3179; x_wconf 86' lang='grc' dir='ltr'>Χριστοῦ</span> <span class='ocrx_word' id='word_1_269' title='bbox 1484 3109 1624 3171; x_wconf 76' lang='grc' dir='ltr'>ἐστι,</span> <span class='ocrx_word' id='word_1_270' title='bbox 1662 3107 1729 3159; x_wconf 86' lang='grc' dir='ltr'><strong>δι’</strong></span> <span class='ocrx_word' id='word_1_271' title='bbox 1763 3103 1825 3159; x_wconf 79' lang='grc' dir='ltr'><strong>οῦ</strong></span> 
     </span>
    </p>
   </div>
   <div class='ocr_carea' id='block_1_34' title="bbox 231 3199 1825 3274">
    <p class='ocr_par' dir='ltr' id='par_1_34' title="bbox 231 3199 1825 3274">
     <span class='ocr_line' id='line_1_34' title="bbox 231 3199 1825 3274; baseline 0 -21"><span class='ocrx_word' id='word_1_272' title='bbox 231 3201 306 3253; x_wconf 74' lang='grc' dir='ltr'>τὰ</span> <span class='ocrx_word' id='word_1_273' title='bbox 339 3201 522 3253; x_wconf 83' lang='grc' dir='ltr'>πάντα</span> <span class='ocrx_word' id='word_1_274' title='bbox 558 3199 636 3270; x_wconf 80' lang='grc' dir='ltr'><strong>τῷ</strong></span> <span class='ocrx_word' id='word_1_275' title='bbox 661 3200 779 3271; x_wconf 85' lang='grc' dir='ltr'><strong>Θεῷ</strong></span> <span class='ocrx_word' id='word_1_276' title='bbox 811 3201 905 3253; x_wconf 72' lang='grc' dir='ltr'>καὶ</span> <span class='ocrx_word' id='word_1_277' title='bbox 939 3201 1114 3271; x_wconf 78' lang='grc' dir='ltr'>Πατρὶ</span> <span class='ocrx_word' id='word_1_278' title='bbox 1143 3200 1478 3271; x_wconf 81' lang='grc' dir='ltr'>κατήλλαξεν</span> <span class='ocrx_word' id='word_1_279' title='bbox 1510 3203 1538 3254; x_wconf 98' lang='lat'><strong>6</strong></span> <span class='ocrx_word' id='word_1_280' title='bbox 1568 3203 1714 3267; x_wconf 81' lang='grc' dir='ltr'>Υἰδς,</span> <span class='ocrx_word' id='word_1_281' title='bbox 1749 3203 1825 3274; x_wconf 79' lang='grc' dir='ltr'><strong>τῷ</strong></span> 
     </span>
    </p>
   </div>
   <div class='ocr_carea' id='block_1_35' title="bbox 234 3291 1824 3366">
    <p class='ocr_par' dir='ltr' id='par_1_35' title="bbox 234 3291 1824 3366">
     <span class='ocr_line' id='line_1_35' title="bbox 234 3291 1824 3366; baseline 0.002 -22"><span class='ocrx_word' id='word_1_282' title='bbox 234 3291 310 3344; x_wconf 68' lang='grc' dir='ltr'>τὰ</span> <span class='ocrx_word' id='word_1_283' title='bbox 343 3293 542 3346; x_wconf 82' lang='grc' dir='ltr'>ἑαυτοῦ</span> <span class='ocrx_word' id='word_1_284' title='bbox 573 3292 748 3345; x_wconf 82' lang='grc' dir='ltr'>Θέλειν</span> <span class='ocrx_word' id='word_1_285' title='bbox 778 3293 872 3346; x_wconf 72' lang='grc' dir='ltr'>καὶ</span> <span class='ocrx_word' id='word_1_286' title='bbox 903 3291 1206 3362; x_wconf 77' lang='grc' dir='ltr'>βούλεσθαι,</span> <span class='ocrx_word' id='word_1_287' title='bbox 1249 3295 1389 3345; x_wconf 84' lang='grc' dir='ltr'>νοεῖν</span> <span class='ocrx_word' id='word_1_288' title='bbox 1419 3311 1480 3346; x_wconf 88' lang='grc' dir='ltr'><strong>τε</strong></span> <span class='ocrx_word' id='word_1_289' title='bbox 1525 3295 1617 3347; x_wconf 77' lang='grc' dir='ltr'>καὶ</span> <span class='ocrx_word' id='word_1_290' title='bbox 1651 3294 1824 3366; x_wconf 88' lang='grc' dir='ltr'>πράτ-</span> 
     </span>
    </p>
   </div>
   <div class='ocr_carea' id='block_1_36' title="bbox 234 3382 1826 3455">
    <p class='ocr_par' dir='ltr' id='par_1_36' title="bbox 234 3382 1826 3455">
     <span class='ocr_line' id='line_1_36' title="bbox 234 3382 1826 3455; baseline 0 -19"><span class='ocrx_word' id='word_1_291' title='bbox 234 3400 379 3444; x_wconf 78' lang='grc' dir='ltr'>τειν,</span> <span class='ocrx_word' id='word_1_292' title='bbox 415 3383 508 3436; x_wconf 70' lang='grc' dir='ltr'>καὶ</span> <span class='ocrx_word' id='word_1_293' title='bbox 545 3384 619 3455; x_wconf 83' lang='grc' dir='ltr'>μὴ</span> <span class='ocrx_word' id='word_1_294' title='bbox 664 3382 898 3453; x_wconf 78' lang='grc' dir='ltr'>ἑτέρωσέ</span> <span class='ocrx_word' id='word_1_295' title='bbox 930 3399 1020 3436; x_wconf 83' lang='grc' dir='ltr'><strong>ποι</strong></span> <span class='ocrx_word' id='word_1_296' title='bbox 1048 3385 1246 3453; x_wconf 78' lang='grc' dir='ltr'>χωρεῖν</span> <span class='ocrx_word' id='word_1_297' title='bbox 1271 3384 1351 3446; x_wconf 89' lang='grc' dir='ltr'><strong>εἰς</strong></span> <span class='ocrx_word' id='word_1_298' title='bbox 1385 3383 1707 3449; x_wconf 85' lang='grc' dir='ltr'>ἀπόστασιν,</span> <span class='ocrx_word' id='word_1_299' title='bbox 1737 3384 1826 3437; x_wconf 84' lang='grc' dir='ltr'>διὰ</span> 
     </span>
    </p>
   </div>
   <div class='ocr_carea' id='block_1_37' title="bbox 235 3473 1826 3546">
    <p class='ocr_par' dir='ltr' id='par_1_37' title="bbox 235 3473 1826 3546">
     <span class='ocr_line' id='line_1_37' title="bbox 235 3473 1826 3546; baseline 0 -18"><span class='ocrx_word' id='word_1_300' title='bbox 235 3476 340 3546; x_wconf 71' lang='grc' dir='ltr'>τῆς</span> <span class='ocrx_word' id='word_1_301' title='bbox 369 3476 449 3538; x_wconf 90' lang='grc' dir='ltr'><strong>εἰς</strong></span> <span class='ocrx_word' id='word_1_302' title='bbox 476 3473 547 3527; x_wconf 74' lang='grc' dir='ltr'><strong>τὰ</strong></span> <span class='ocrx_word' id='word_1_303' title='bbox 591 3474 773 3542; x_wconf 71' lang='grc' dir='ltr'>φαῦλα</span> <span class='ocrx_word' id='word_1_304' title='bbox 817 3474 1196 3545; x_wconf 80' lang='grc' dir='ltr'>παρατροπῆς.</span> <span class='ocrx_word' id='word_1_305' title='bbox 1243 3475 1421 3527; x_wconf 86' lang='grc' dir='ltr'>Λυπεῖ</span> <span class='ocrx_word' id='word_1_306' title='bbox 1467 3475 1525 3527; x_wconf 80' lang='grc' dir='ltr'>δὲ</span> <span class='ocrx_word' id='word_1_307' title='bbox 1552 3475 1704 3528; x_wconf 79' lang='grc' dir='ltr'>οὐδὲν</span> <span class='ocrx_word' id='word_1_308' title='bbox 1734 3477 1826 3528; x_wconf 74' lang='grc' dir='ltr'>καὶ</span> 
     </span>
    </p>
   </div>
   <div class='ocr_carea' id='block_1_38' title="bbox 236 3564 1826 3639">
    <p class='ocr_par' dir='ltr' id='par_1_38' title="bbox 236 3564 1826 3639">
     <span class='ocr_line' id='line_1_38' title="bbox 236 3564 1826 3639; baseline 0.001 -21"><span class='ocrx_word' id='word_1_309' title='bbox 236 3565 504 3635; x_wconf 76' lang='grc' dir='ltr'>λογισμὸν</span> <span class='ocrx_word' id='word_1_310' title='bbox 535 3566 628 3618; x_wconf 76' lang='grc' dir='ltr'><strong>ἐπὶ</strong></span> <span class='ocrx_word' id='word_1_311' title='bbox 649 3567 826 3636; x_wconf 87' lang='grc' dir='ltr'>τούτῳ</span> <span class='ocrx_word' id='word_1_312' title='bbox 846 3565 1030 3618; x_wconf 77' lang='grc' dir='ltr'>λαϐεῖν</span> <span class='ocrx_word' id='word_1_313' title='bbox 1056 3565 1154 3617; x_wconf 89' lang='grc' dir='ltr'><strong>ούκ</strong></span> <span class='ocrx_word' id='word_1_314' title='bbox 1178 3564 1456 3620; x_wconf 80' lang='grc' dir='ltr'>ἀσύνετον.</span> <span class='ocrx_word' id='word_1_315' title='bbox 1485 3567 1694 3638; x_wconf 86' lang='grc' dir='ltr'>Ὄνπερ</span> <span class='ocrx_word' id='word_1_316' title='bbox 1716 3568 1826 3639; x_wconf 77' lang='grc' dir='ltr'><strong>γὰρ</strong></span> 
     </span>
    </p>
   </div>
   <div class='ocr_carea' id='block_1_39' title="bbox 237 3656 1827 3728">
    <p class='ocr_par' dir='ltr' id='par_1_39' title="bbox 237 3656 1827 3728">
     <span class='ocr_line' id='line_1_39' title="bbox 237 3656 1827 3728; baseline 0.003 -20"><span class='ocrx_word' id='word_1_317' title='bbox 237 3657 446 3728; x_wconf 82' lang='grc' dir='ltr'>τρόπον</span> <span class='ocrx_word' id='word_1_318' title='bbox 491 3656 727 3727; x_wconf 79' lang='grc' dir='ltr'>ἐπείπερ</span> <span class='ocrx_word' id='word_1_319' title='bbox 771 3656 886 3726; x_wconf 79' lang='grc' dir='ltr'><strong>ζωὴ</strong></span> <span class='ocrx_word' id='word_1_320' title='bbox 923 3656 1064 3710; x_wconf 79' lang='grc' dir='ltr'>κατᾶ</span> <span class='ocrx_word' id='word_1_321' title='bbox 1094 3657 1254 3726; x_wconf 89' lang='grc' dir='ltr'>φύσιν</span> <span class='ocrx_word' id='word_1_322' title='bbox 1281 3658 1429 3711; x_wconf 77' lang='grc' dir='ltr'>ἐστὶν</span> <span class='ocrx_word' id='word_1_323' title='bbox 1457 3661 1486 3711; x_wconf 94' lang='lat'><strong>6</strong></span> <span class='ocrx_word' id='word_1_324' title='bbox 1518 3659 1648 3722; x_wconf 85' lang='grc' dir='ltr'>Υἰὸς</span> <span class='ocrx_word' id='word_1_325' title='bbox 1669 3699 1684 3721; x_wconf 84' lang='grc'><strong>,</strong></span> <span class='ocrx_word' id='word_1_326' title='bbox 1733 3661 1827 3712; x_wconf 67' lang='grc' dir='ltr'>καὶ</span> 
     </span>
    </p>
   </div>
   <div class='ocr_carea' id='block_1_40' title="bbox 243 3745 1827 3818">
    <p class='ocr_par' dir='ltr' id='par_1_40' title="bbox 243 3745 1827 3818">
     <span class='ocr_line' id='line_1_40' title="bbox 243 3745 1827 3818; baseline 0.001 -19"><span class='ocrx_word' id='word_1_327' title='bbox 243 3747 410 3814; x_wconf 80' lang='grc' dir='ltr'>σοφία</span> <span class='ocrx_word' id='word_1_328' title='bbox 457 3749 551 3799; x_wconf 72' lang='grc' dir='ltr'>καὶ</span> <span class='ocrx_word' id='word_1_329' title='bbox 579 3745 808 3817; x_wconf 88' lang='grc' dir='ltr'>δύναμις</span> <span class='ocrx_word' id='word_1_330' title='bbox 850 3745 1096 3798; x_wconf 85' lang='grc' dir='ltr'>καλεῖται</span> <span class='ocrx_word' id='word_1_331' title='bbox 1130 3746 1185 3798; x_wconf 80' lang='grc' dir='ltr'>δὲ</span> <span class='ocrx_word' id='word_1_332' title='bbox 1217 3747 1311 3799; x_wconf 75' lang='grc' dir='ltr'>καὶ</span> <span class='ocrx_word' id='word_1_333' title='bbox 1343 3745 1461 3799; x_wconf 76' lang='grc' dir='ltr'>ἐστι</span> <span class='ocrx_word' id='word_1_334' title='bbox 1510 3747 1571 3800; x_wconf 85' lang='grc' dir='ltr'>τὸ</span> <span class='ocrx_word' id='word_1_335' title='bbox 1603 3746 1827 3818; x_wconf 87' lang='grc' dir='ltr'>Πνεῦμα</span> 
     </span>
    </p>
   </div>
   <div class='ocr_carea' id='block_1_41' title="bbox 241 3837 1824 3910">
    <p class='ocr_par' dir='ltr' id='par_1_41' title="bbox 241 3837 1824 3910">
     <span class='ocr_line' id='line_1_41' title="bbox 241 3837 1824 3910; baseline 0 -18"><span class='ocrx_word' id='word_1_336' title='bbox 241 3839 434 3905; x_wconf 81' lang='grc' dir='ltr'>αὐτοῦ,</span> <span class='ocrx_word' id='word_1_337' title='bbox 458 3839 683 3909; x_wconf 74' lang='grc' dir='ltr'>Πνεῦμα</span> <span class='ocrx_word' id='word_1_338' title='bbox 709 3842 825 3892; x_wconf 80' lang='grc' dir='ltr'>ἐστι</span> <span class='ocrx_word' id='word_1_339' title='bbox 847 3837 1011 3910; x_wconf 79' lang='grc' dir='ltr'>ζωῆς,</span> <span class='ocrx_word' id='word_1_340' title='bbox 1040 3839 1132 3892; x_wconf 77' lang='grc' dir='ltr'><strong>καί</strong></span> <span class='ocrx_word' id='word_1_341' title='bbox 1157 3839 1368 3908; x_wconf 77' lang='grc' dir='ltr'>σοφίας,</span> <span class='ocrx_word' id='word_1_342' title='bbox 1394 3839 1486 3892; x_wconf 76' lang='grc' dir='ltr'>καὶ</span> <span class='ocrx_word' id='word_1_343' title='bbox 1513 3839 1792 3910; x_wconf 74' lang='grc' dir='ltr'>δυνάμεως</span> <span class='ocrx_word' id='word_1_344' title='bbox 1811 3859 1824 3872; x_wconf 87' lang='grc'><strong>·</strong></span> 
     </span>
    </p>
   </div>
   <div class='ocr_carea' id='block_1_42' title="bbox 241 3927 1825 4002">
    <p class='ocr_par' dir='ltr' id='par_1_42' title="bbox 241 3927 1825 4002">
     <span class='ocr_line' id='line_1_42' title="bbox 241 3927 1825 4002; baseline 0.003 -24"><span class='ocrx_word' id='word_1_345' title='bbox 241 3927 420 3989; x_wconf 71' lang='grc' dir='ltr'>οὕτως</span> <span class='ocrx_word' id='word_1_346' title='bbox 466 3927 701 3998; x_wconf 82' lang='grc' dir='ltr'>ἐπείπερ</span> <span class='ocrx_word' id='word_1_347' title='bbox 744 3929 892 3980; x_wconf 67' lang='grc' dir='ltr'>ἐστὶν</span> <span class='ocrx_word' id='word_1_348' title='bbox 926 3927 1089 3990; x_wconf 81' lang='grc' dir='ltr'>αὐτός</span> <span class='ocrx_word' id='word_1_349' title='bbox 1132 3945 1193 3981; x_wconf 86' lang='grc' dir='ltr'><strong>τε</strong></span> <span class='ocrx_word' id='word_1_350' title='bbox 1248 3929 1343 3982; x_wconf 80' lang='grc' dir='ltr'>καὶ</span> <span class='ocrx_word' id='word_1_351' title='bbox 1395 3931 1494 4000; x_wconf 86' lang='grc' dir='ltr'>οὐχ</span> <span class='ocrx_word' id='word_1_352' title='bbox 1544 3929 1749 4002; x_wconf 71' lang='grc' dir='ltr'>ἕτερος,</span> <span class='ocrx_word' id='word_1_353' title='bbox 1792 3933 1825 4001; x_wconf 86' lang='grc' dir='ltr'><strong>ἡ</strong></span> 
     </span>
    </p>
   </div>
   <div class='ocr_carea' id='block_1_43' title="bbox 242 4018 1830 4090">
    <p class='ocr_par' dir='ltr' id='par_1_43' title="bbox 242 4018 1830 4090">
     <span class='ocr_line' id='line_1_43' title="bbox 242 4018 1830 4090; baseline 0.003 -18"><span class='ocrx_word' id='word_1_354' title='bbox 242 4018 464 4088; x_wconf 74' lang='grc' dir='ltr'>ἀληθῶς</span> <span class='ocrx_word' id='word_1_355' title='bbox 485 4036 544 4072; x_wconf 87' lang='grc' dir='ltr'><strong>τε</strong></span> <span class='ocrx_word' id='word_1_356' title='bbox 574 4020 669 4072; x_wconf 78' lang='grc' dir='ltr'>καί.</span> <span class='ocrx_word' id='word_1_357' title='bbox 699 4018 906 4090; x_wconf 87' lang='grc' dir='ltr'>κυρίως</span> <span class='ocrx_word' id='word_1_358' title='bbox 926 4020 1139 4090; x_wconf 85' lang='grc' dir='ltr'>εἰρήνη,</span> <span class='ocrx_word' id='word_1_359' title='bbox 1173 4019 1370 4090; x_wconf 81' lang='grc' dir='ltr'>λέγοιτ’</span> <span class='ocrx_word' id='word_1_360' title='bbox 1393 4021 1459 4074; x_wconf 86' lang='grc' dir='ltr'>ἂν</span> <span class='ocrx_word' id='word_1_361' title='bbox 1486 4022 1712 4086; x_wconf 87' lang='grc' dir='ltr'>εἰκότως</span> <span class='ocrx_word' id='word_1_362' title='bbox 1735 4024 1830 4077; x_wconf 78' lang='grc' dir='ltr'><strong>καί</strong></span> 
     </span>
    </p>
   </div>
   <div class='ocr_carea' id='block_1_44' title="bbox 243 4109 1822 4184">
    <p class='ocr_par' dir='ltr' id='par_1_44' title="bbox 243 4109 1822 4184">
     <span class='ocr_line' id='line_1_44' title="bbox 243 4109 1822 4184; baseline 0.003 -22"><span class='ocrx_word' id='word_1_363' title='bbox 243 4114 423 4166; x_wconf 82' lang='grc' dir='ltr'>νοοῖτο</span> <span class='ocrx_word' id='word_1_364' title='bbox 471 4112 638 4164; x_wconf 84' lang='grc' dir='ltr'>πάλιν</span> <span class='ocrx_word' id='word_1_365' title='bbox 677 4110 798 4164; x_wconf 83' lang='grc' dir='ltr'>κατ’</span> <span class='ocrx_word' id='word_1_366' title='bbox 831 4109 990 4163; x_wconf 73' lang='grc' dir='ltr'>αὐτὸν</span> <span class='ocrx_word' id='word_1_367' title='bbox 1039 4111 1232 4182; x_wconf 86' lang='grc' dir='ltr'>εἰρήνη</span> <span class='ocrx_word' id='word_1_368' title='bbox 1283 4112 1344 4164; x_wconf 74' lang='grc' dir='ltr'><strong>τὸ</strong></span> <span class='ocrx_word' id='word_1_369' title='bbox 1381 4114 1605 4184; x_wconf 83' lang='grc' dir='ltr'>Πνεῦμα</span> <span class='ocrx_word' id='word_1_370' title='bbox 1635 4114 1822 4172; x_wconf 86' lang='grc' dir='ltr'>αὐτοῦ.</span> 
     </span>
    </p>
   </div>
   <div class='ocr_carea' id='block_1_45' title="bbox 244 4201 1828 4278">
    <p class='ocr_par' dir='ltr' id='par_1_45' title="bbox 244 4201 1828 4278">
     <span class='ocr_line' id='line_1_45' title="bbox 244 4201 1828 4278; baseline 0.003 -23"><span class='ocrx_word' id='word_1_371' title='bbox 244 4205 348 4258; x_wconf 82' lang='grc' dir='ltr'><strong>Διά</strong></span> <span class='ocrx_word' id='word_1_372' title='bbox 368 4221 450 4257; x_wconf 91' lang='grc' dir='ltr'><strong>τοι</strong></span> <span class='ocrx_word' id='word_1_373' title='bbox 477 4203 634 4257; x_wconf 88' lang='grc' dir='ltr'>τοῦτο</span> <span class='ocrx_word' id='word_1_374' title='bbox 662 4203 758 4256; x_wconf 74' lang='grc' dir='ltr'>καὶ</span> <span class='ocrx_word' id='word_1_375' title='bbox 789 4203 972 4267; x_wconf 85' lang='grc' dir='ltr'>ἰδικῶς</span> <span class='ocrx_word' id='word_1_376' title='bbox 996 4201 1214 4269; x_wconf 72' lang='grc' dir='ltr'>ἀναθεὶς</span> <span class='ocrx_word' id='word_1_377' title='bbox 1230 4208 1298 4277; x_wconf 81' lang='grc' dir='ltr'><strong>τῇ</strong></span> <span class='ocrx_word' id='word_1_378' title='bbox 1319 4207 1513 4260; x_wconf 82' lang='grc' dir='ltr'>ἑαυτοῦ</span> <span class='ocrx_word' id='word_1_379' title='bbox 1543 4207 1701 4276; x_wconf 82' lang='grc' dir='ltr'>φύσει</span> <span class='ocrx_word' id='word_1_380' title='bbox 1731 4207 1828 4278; x_wconf 83' lang='grc' dir='ltr'>τὴν</span> 
     </span>
    </p>
   </div>
   <div class='ocr_carea' id='block_1_46' title="bbox 249 4294 1829 4372">
    <p class='ocr_par' dir='ltr' id='par_1_46' title="bbox 249 4294 1829 4372">
     <span class='ocr_line' id='line_1_46' title="bbox 249 4294 1829 4372; baseline 0.004 -25"><span class='ocrx_word' id='word_1_381' title='bbox 249 4297 390 4351; x_wconf 82' lang='grc' dir='ltr'>ἰδίαν</span> <span class='ocrx_word' id='word_1_382' title='bbox 440 4298 682 4366; x_wconf 86' lang='grc' dir='ltr'>εἰρήνην,</span> <span class='ocrx_word' id='word_1_383' title='bbox 737 4294 886 4348; x_wconf 88' lang='grc' dir='ltr'>τοῦτ’</span> <span class='ocrx_word' id='word_1_384' title='bbox 917 4294 1031 4348; x_wconf 78' lang='grc' dir='ltr'>ἐστι</span> <span class='ocrx_word' id='word_1_385' title='bbox 1079 4296 1140 4350; x_wconf 81' lang='grc' dir='ltr'>τὸ</span> <span class='ocrx_word' id='word_1_386' title='bbox 1189 4297 1452 4369; x_wconf 88' lang='grc' dir='ltr'>Πνεῦμα,</span> <span class='ocrx_word' id='word_1_387' title='bbox 1507 4298 1654 4368; x_wconf 84' lang='grc' dir='ltr'>λέγει</span> <span class='ocrx_word' id='word_1_388' title='bbox 1701 4303 1829 4372; x_wconf 70' lang='grc' dir='ltr'>περὶ</span> 
     </span>
    </p>
   </div>
   <div class='ocr_carea' id='block_1_47' title="bbox 245 4387 1831 4460">
    <p class='ocr_par' dir='ltr' id='par_1_47' title="bbox 245 4387 1831 4460">
     <span class='ocr_line' id='line_1_47' title="bbox 245 4387 1831 4460; baseline 0.004 -19"><span class='ocrx_word' id='word_1_389' title='bbox 245 4388 415 4442; x_wconf 79' lang='grc' dir='ltr'>αὐτοῦ</span> <span class='ocrx_word' id='word_1_390' title='bbox 442 4404 456 4418; x_wconf 74' lang='grc' dir='ltr'><strong><em>ο</em></strong></span> <span class='ocrx_word' id='word_1_391' title='bbox 513 4406 531 4439; x_wconf 81' lang='grc' dir='ltr'><strong>ι</strong></span> <span class='ocrx_word' id='word_1_392' title='bbox 565 4388 800 4459; x_wconf 84' lang='grc' dir='ltr'>Εἰρήνην</span> <span class='ocrx_word' id='word_1_393' title='bbox 829 4387 928 4458; x_wconf 86' lang='grc' dir='ltr'>τὴν</span> <span class='ocrx_word' id='word_1_394' title='bbox 961 4387 1100 4459; x_wconf 77' lang='grc' dir='ltr'>ἐμὴν</span> <span class='ocrx_word' id='word_1_395' title='bbox 1131 4389 1333 4459; x_wconf 79' lang='grc' dir='ltr'>ἀφίημι</span> <span class='ocrx_word' id='word_1_396' title='bbox 1367 4391 1516 4460; x_wconf 84' lang='grc' dir='ltr'>ὑμῖν.</span> <span class='ocrx_word' id='word_1_397' title='bbox 1551 4411 1568 4442; x_wconf 72' lang='grc' dir='ltr'><strong>ι</strong></span> <span class='ocrx_word' id='word_1_398' title='bbox 1620 4393 1740 4446; x_wconf 81' lang='grc' dir='ltr'>Ὅτι</span> <span class='ocrx_word' id='word_1_399' title='bbox 1774 4393 1831 4447; x_wconf 82' lang='grc' dir='ltr'>δὲ</span> 
     </span>
    </p>
   </div>
   <div class='ocr_carea' id='block_1_48' title="bbox 247 4477 1828 4552">
    <p class='ocr_par' dir='ltr' id='par_1_48' title="bbox 247 4477 1828 4552">
     <span class='ocr_line' id='line_1_48' title="bbox 247 4477 1828 4552; baseline 0.003 -21"><span class='ocrx_word' id='word_1_400' title='bbox 247 4479 344 4533; x_wconf 72' lang='grc' dir='ltr'>καὶ</span> <span class='ocrx_word' id='word_1_401' title='bbox 376 4478 524 4548; x_wconf 73' lang='grc' dir='ltr'>παρὰ</span> <span class='ocrx_word' id='word_1_402' title='bbox 555 4480 665 4540; x_wconf 87' lang='grc' dir='ltr'>τοῖς</span> <span class='ocrx_word' id='word_1_403' title='bbox 696 4477 869 4546; x_wconf 83' lang='grc' dir='ltr'>ἁγίοις</span> <span class='ocrx_word' id='word_1_404' title='bbox 901 4479 1208 4550; x_wconf 82' lang='grc' dir='ltr'>προφήταις</span> <span class='ocrx_word' id='word_1_405' title='bbox 1236 4478 1380 4532; x_wconf 75' lang='grc' dir='ltr'>οὕτω</span> <span class='ocrx_word' id='word_1_406' title='bbox 1410 4482 1828 4552; x_wconf 87' lang='grc' dir='ltr'>κατωνόμασται</span> 
     </span>
    </p>
   </div>
   <div class='ocr_carea' id='block_1_49' title="bbox 1927 622 3509 704">
    <p class='ocr_par' dir='ltr' id='par_1_49' title="bbox 1927 622 3509 704">
     <span class='ocr_line' id='line_1_49' title="bbox 1927 622 3509 704; baseline 0.008 -29"><span class='ocrx_word' id='word_1_407' title='bbox 1927 622 2020 691; x_wconf 92' lang='lat' dir='ltr'><strong>qui</strong></span> <span class='ocrx_word' id='word_1_408' title='bbox 2049 638 2144 691; x_wconf 89' lang='lat' dir='ltr'><strong>per</strong></span> <span class='ocrx_word' id='word_1_409' title='bbox 2172 623 2444 692; x_wconf 90' lang='lat' dir='ltr'><strong>meipsum</strong></span> <span class='ocrx_word' id='word_1_410' title='bbox 2487 623 2640 678; x_wconf 90' lang='lat' dir='ltr'><strong>illum</strong></span> <span class='ocrx_word' id='word_1_411' title='bbox 2674 626 3042 695; x_wconf 89' lang='lat' dir='ltr'><strong>susceperint.</strong></span> <span class='ocrx_word' id='word_1_412' title='bbox 3072 625 3271 684; x_wconf 90' lang='lat' dir='ltr'><strong>Pacem</strong></span> <span class='ocrx_word' id='word_1_413' title='bbox 3305 632 3509 704; x_wconf 77' lang='lat' dir='ltr'><strong>quippe</strong></span> 
     </span>
    </p>
   </div>
   <div class='ocr_carea' id='block_1_50' title="bbox 1926 712 3510 786">
    <p class='ocr_par' dir='ltr' id='par_1_50' title="bbox 1926 712 3510 786">
     <span class='ocr_line' id='line_1_50' title="bbox 1926 712 3510 786; baseline 0.007 -20"><span class='ocrx_word' id='word_1_414' title='bbox 1926 712 2137 768; x_wconf 91' lang='lat' dir='ltr'><strong>Christi</strong></span> <span class='ocrx_word' id='word_1_415' title='bbox 2169 713 2436 784; x_wconf 84' lang='lat' dir='ltr'><strong>Spiritum</strong></span> <span class='ocrx_word' id='word_1_416' title='bbox 2468 715 2596 785; x_wconf 84' lang='lat' dir='ltr'><strong>ejus</strong></span> <span class='ocrx_word' id='word_1_417' title='bbox 2624 730 2771 782; x_wconf 77' lang='lat' dir='ltr'><strong>esse,</strong></span> <span class='ocrx_word' id='word_1_418' title='bbox 2799 717 2960 786; x_wconf 84' lang='lat' dir='ltr'><strong>longa</strong></span> <span class='ocrx_word' id='word_1_419' title='bbox 2994 734 3102 772; x_wconf 89' lang='lat' dir='ltr'><strong>non</strong></span> <span class='ocrx_word' id='word_1_420' title='bbox 3141 729 3225 778; x_wconf 85' lang='lat' dir='ltr'><strong>est</strong></span> <span class='ocrx_word' id='word_1_421' title='bbox 3258 723 3510 778; x_wconf 90' lang='lat' dir='ltr'><strong>oratione</strong></span> 
     </span>
    </p>
   </div>
   <div class='ocr_carea' id='block_1_51' title="bbox 1927 805 3506 884">
    <p class='ocr_par' dir='ltr' id='par_1_51' title="bbox 1927 805 3506 884">
     <span class='ocr_line' id='line_1_51' title="bbox 1927 805 3506 884; baseline 0.008 -26"><span class='ocrx_word' id='word_1_422' title='bbox 1927 805 2293 874; x_wconf 87' lang='lat' dir='ltr'><strong>probandum.</strong></span> <span class='ocrx_word' id='word_1_423' title='bbox 2331 805 2735 862; x_wconf 79' lang='lat' dir='ltr'><strong>Verumtamen</strong></span> <span class='ocrx_word' id='word_1_424' title='bbox 2759 808 2828 864; x_wconf 88' lang='lat' dir='ltr'><strong>de</strong></span> <span class='ocrx_word' id='word_1_425' title='bbox 2862 808 2970 864; x_wconf 89' lang='lat' dir='ltr'><strong>hoc</strong></span> <span class='ocrx_word' id='word_1_426' title='bbox 3012 810 3311 868; x_wconf 87' lang='lat' dir='ltr'><strong>dicendum</strong></span> <span class='ocrx_word' id='word_1_427' title='bbox 3351 825 3506 884; x_wconf 91' lang='lat' dir='ltr'><strong>puto.</strong></span> 
     </span>
    </p>
   </div>
   <div class='ocr_carea' id='block_1_52' title="bbox 1929 895 3509 976">
    <p class='ocr_par' dir='ltr' id='par_1_52' title="bbox 1929 895 3509 976">
     <span class='ocr_line' id='line_1_52' title="bbox 1929 895 3509 976; baseline 0.007 -26"><span class='ocrx_word' id='word_1_428' title='bbox 1929 895 1985 951; x_wconf 90' lang='lat' dir='ltr'><strong>Si</strong></span> <span class='ocrx_word' id='word_1_429' title='bbox 2020 898 2166 953; x_wconf 89' lang='lat' dir='ltr'><strong>enim</strong></span> <span class='ocrx_word' id='word_1_430' title='bbox 2200 899 2320 968; x_wconf 87' lang='lat' dir='ltr'><strong>ipse</strong></span> <span class='ocrx_word' id='word_1_431' title='bbox 2341 909 2421 955; x_wconf 88' lang='lat' dir='ltr'><strong>est</strong></span> <span class='ocrx_word' id='word_1_432' title='bbox 2454 915 2559 970; x_wconf 88' lang='lat' dir='ltr'><strong>pax</strong></span> <span class='ocrx_word' id='word_1_433' title='bbox 2595 901 2648 956; x_wconf 89' lang='lat' dir='ltr'><strong>in</strong></span> <span class='ocrx_word' id='word_1_434' title='bbox 2675 901 2831 958; x_wconf 73' lang='lat' dir='ltr'><strong>emlis</strong></span> <span class='ocrx_word' id='word_1_435' title='bbox 2861 910 2915 957; x_wconf 88' lang='lat' dir='ltr'><strong>et</strong></span> <span class='ocrx_word' id='word_1_436' title='bbox 2947 904 3002 959; x_wconf 90' lang='lat' dir='ltr'><strong>in</strong></span> <span class='ocrx_word' id='word_1_437' title='bbox 3037 913 3207 969; x_wconf 86' lang='lat' dir='ltr'><strong>terra,</strong></span> <span class='ocrx_word' id='word_1_438' title='bbox 3233 908 3509 976; x_wconf 92' lang='lat' dir='ltr'><strong>quomodo</strong></span> 
     </span>
    </p>
   </div>
   <div class='ocr_carea' id='block_1_53' title="bbox 1926 989 3506 1065">
    <p class='ocr_par' dir='ltr' id='par_1_53' title="bbox 1926 989 3506 1065">
     <span class='ocr_line' id='line_1_53' title="bbox 1926 989 3506 1065; baseline 0.008 -23"><span class='ocrx_word' id='word_1_439' title='bbox 1926 989 2104 1044; x_wconf 81' lang='lat' dir='ltr'><strong>cuivis</strong></span> <span class='ocrx_word' id='word_1_440' title='bbox 2159 1005 2268 1044; x_wconf 92' lang='lat' dir='ltr'><strong>non</strong></span> <span class='ocrx_word' id='word_1_441' title='bbox 2331 993 2541 1061; x_wconf 80' lang='lat' dir='ltr'><strong>patebit</strong></span> <span class='ocrx_word' id='word_1_442' title='bbox 2594 993 2821 1050; x_wconf 84' lang='lat' dir='ltr'><strong>omnino</strong></span> <span class='ocrx_word' id='word_1_443' title='bbox 2863 1011 3076 1065; x_wconf 87' lang='lat' dir='ltr'><strong>pacem,</strong></span> <span class='ocrx_word' id='word_1_444' title='bbox 3121 1007 3193 1053; x_wconf 35' lang='lat' dir='ltr'><strong>ut.</strong></span> <span class='ocrx_word' id='word_1_445' title='bbox 3240 999 3506 1061; x_wconf 77' lang='lat' dir='ltr'><strong>diximus,</strong></span> 
     </span>
    </p>
   </div>
   <div class='ocr_carea' id='block_1_54' title="bbox 1927 1080 3507 1157">
    <p class='ocr_par' dir='ltr' id='par_1_54' title="bbox 1927 1080 3507 1157">
     <span class='ocr_line' id='line_1_54' title="bbox 1927 1080 3507 1157; baseline 0.007 -22"><span class='ocrx_word' id='word_1_446' title='bbox 1927 1095 2051 1135; x_wconf 90' lang='lat' dir='ltr'><strong>esse</strong></span> <span class='ocrx_word' id='word_1_447' title='bbox 2090 1080 2357 1151; x_wconf 86' lang='lat' dir='ltr'><strong>Spiritum</strong></span> <span class='ocrx_word' id='word_1_448' title='bbox 2401 1083 2560 1152; x_wconf 86' lang='lat' dir='ltr'><strong>ejus?</strong></span> <span class='ocrx_word' id='word_1_449' title='bbox 2589 1083 2654 1139; x_wconf 88' lang='lat' dir='ltr'><strong>Et</strong></span> <span class='ocrx_word' id='word_1_450' title='bbox 2695 1088 2917 1157; x_wconf 87' lang='lat' dir='ltr'><strong>quidem</strong></span> <span class='ocrx_word' id='word_1_451' title='bbox 2951 1089 3410 1146; x_wconf 78' lang='lat' dir='ltr'><strong>divinus~Paulus</strong></span> <span class='ocrx_word' id='word_1_452' title='bbox 3437 1091 3507 1146; x_wconf 89' lang='lat' dir='ltr'><strong>ad</strong></span> 
     </span>
    </p>
   </div>
   <div class='ocr_carea' id='block_1_55' title="bbox 1927 1173 3506 1253">
    <p class='ocr_par' dir='ltr' id='par_1_55' title="bbox 1927 1173 3506 1253">
     <span class='ocr_line' id='line_1_55' title="bbox 1927 1173 3506 1253; baseline 0.008 -27"><span class='ocrx_word' id='word_1_453' title='bbox 1927 1173 2192 1242; x_wconf 88' lang='lat' dir='ltr'><strong>quosdam</strong></span> <span class='ocrx_word' id='word_1_454' title='bbox 2225 1176 2508 1230; x_wconf 86' lang='lat' dir='ltr'><strong>scribebat</strong></span> <span class='ocrx_word' id='word_1_455' title='bbox 2535 1195 2546 1230; x_wconf 90' lang='lat'><strong>:</strong></span> <span class='ocrx_word' id='word_1_456' title='bbox 2582 1196 2600 1228; x_wconf 82' lang='grc' dir='ltr'><strong>ι</strong></span> <span class='ocrx_word' id='word_1_457' title='bbox 2633 1179 2700 1234; x_wconf 88' lang='grc' dir='ltr'><strong>Ει</strong></span> <span class='ocrx_word' id='word_1_458' title='bbox 2730 1195 2830 1248; x_wconf 82' lang='lat' dir='ltr'><strong>pax</strong></span> <span class='ocrx_word' id='word_1_459' title='bbox 2862 1180 3027 1253; x_wconf 57' lang='lat'><strong>850</strong></span> <span class='ocrx_word' id='word_1_460' title='bbox 3061 1183 3176 1247; x_wconf 80' lang='lat' dir='ltr'><strong>Dei,</strong></span> <span class='ocrx_word' id='word_1_461' title='bbox 3203 1199 3325 1252; x_wconf 62' lang='lat' dir='ltr'><strong>quae</strong></span> <span class='ocrx_word' id='word_1_462' title='bbox 3344 1199 3506 1240; x_wconf 82' lang='lat' dir='ltr'><strong>exsu-</strong></span> 
     </span>
    </p>
   </div>
   <div class='ocr_carea' id='block_1_56' title="bbox 1928 1271 3507 1333">
    <p class='ocr_par' dir='ltr' id='par_1_56' title="bbox 1928 1271 3507 1333">
     <span class='ocr_line' id='line_1_56' title="bbox 1928 1271 3507 1333; baseline 0.009 -17"><span class='ocrx_word' id='word_1_463' title='bbox 1928 1271 2084 1333; x_wconf 84' lang='lat' dir='ltr'><strong>perat</strong></span> <span class='ocrx_word' id='word_1_464' title='bbox 2127 1280 2346 1320; x_wconf 90' lang='lat' dir='ltr'><strong>omnem</strong></span> <span class='ocrx_word' id='word_1_465' title='bbox 2393 1282 2643 1330; x_wconf 90' lang='lat' dir='ltr'><strong>sensum,</strong></span> <span class='ocrx_word' id='word_1_466' title='bbox 2687 1272 2960 1326; x_wconf 85' lang='lat' dir='ltr'><strong>custodiat</strong></span> <span class='ocrx_word' id='word_1_467' title='bbox 3015 1275 3180 1330; x_wconf 89' lang='lat' dir='ltr'><strong>corda</strong></span> <span class='ocrx_word' id='word_1_468' title='bbox 3227 1284 3409 1332; x_wconf 89' lang='lat' dir='ltr'><strong>vestra</strong></span> <span class='ocrx_word' id='word_1_469' title='bbox 3453 1285 3507 1330; x_wconf 89' lang='lat' dir='ltr'><strong>et</strong></span> 
     </span>
    </p>
   </div>
   <div class='ocr_carea' id='block_1_57' title="bbox 1928 1353 3502 1437">
    <p class='ocr_par' dir='ltr' id='par_1_57' title="bbox 1928 1353 3502 1437">
     <span class='ocr_line' id='line_1_57' title="bbox 1928 1353 3502 1437; baseline 0.009 -30"><span class='ocrx_word' id='word_1_470' title='bbox 1928 1353 2321 1424; x_wconf 86' lang='lat' dir='ltr'><strong>intelligentias</strong></span> <span class='ocrx_word' id='word_1_471' title='bbox 2365 1367 2581 1414; x_wconf 87' lang='lat' dir='ltr'><strong>vestras</strong></span> <span class='ocrx_word' id='word_1_472' title='bbox 2605 1359 2748 1414; x_wconf 65' lang='lat' dir='ltr'><strong>‘M‘.</strong></span> <span class='ocrx_word' id='word_1_473' title='bbox 2799 1379 2816 1412; x_wconf 72' lang='grc' dir='ltr'><strong>ι</strong></span> <span class='ocrx_word' id='word_1_474' title='bbox 2854 1363 2923 1418; x_wconf 90' lang='lat' dir='ltr'><strong>At</strong></span> <span class='ocrx_word' id='word_1_475' title='bbox 2963 1366 3089 1435; x_wconf 89' lang='lat' dir='ltr'><strong>quis</strong></span> <span class='ocrx_word' id='word_1_476' title='bbox 3123 1368 3375 1437; x_wconf 89' lang='lat' dir='ltr'><strong>nonjure</strong></span> <span class='ocrx_word' id='word_1_477' title='bbox 3399 1369 3502 1424; x_wconf 89' lang='lat' dir='ltr'><strong>sibi</strong></span> 
     </span>
    </p>
   </div>
   <div class='ocr_carea' id='block_1_58' title="bbox 1929 1449 3504 1530">
    <p class='ocr_par' dir='ltr' id='par_1_58' title="bbox 1929 1449 3504 1530">
     <span class='ocr_line' id='line_1_58' title="bbox 1929 1449 3504 1530; baseline 0.009 -29"><span class='ocrx_word' id='word_1_478' title='bbox 1929 1449 2277 1516; x_wconf 71' lang='lat' dir='ltr'><strong>persuadeat,</strong></span> <span class='ocrx_word' id='word_1_479' title='bbox 2315 1464 2424 1504; x_wconf 91' lang='lat' dir='ltr'><strong>non</strong></span> <span class='ocrx_word' id='word_1_480' title='bbox 2455 1449 2524 1505; x_wconf 87' lang='lat' dir='ltr'><strong>de</strong></span> <span class='ocrx_word' id='word_1_481' title='bbox 2558 1452 2659 1506; x_wconf 90' lang='lat' dir='ltr'><strong>hac</strong></span> <span class='ocrx_word' id='word_1_482' title='bbox 2691 1468 2824 1523; x_wconf 88' lang='lat' dir='ltr'><strong>pace</strong></span> <span class='ocrx_word' id='word_1_483' title='bbox 2853 1470 3018 1524; x_wconf 87' lang='lat' dir='ltr'><strong>quam</strong></span> <span class='ocrx_word' id='word_1_484' title='bbox 3060 1459 3224 1530; x_wconf 81' lang='lat' dir='ltr'><strong>vulgo</strong></span> <span class='ocrx_word' id='word_1_485' title='bbox 3265 1459 3504 1516; x_wconf 86' lang='lat' dir='ltr'><strong>dicimus</strong></span> 
     </span>
    </p>
   </div>
   <div class='ocr_carea' id='block_1_59' title="bbox 1929 1537 3503 1610">
    <p class='ocr_par' dir='ltr' id='par_1_59' title="bbox 1929 1537 3503 1610">
     <span class='ocr_line' id='line_1_59' title="bbox 1929 1537 3503 1610; baseline 0.008 -19"><span class='ocrx_word' id='word_1_486' title='bbox 1929 1550 1993 1592; x_wconf 84' lang='lat' dir='ltr'><strong>ac</strong></span> <span class='ocrx_word' id='word_1_487' title='bbox 2016 1537 2377 1610; x_wconf 86' lang='lat' dir='ltr'><strong>intelligimus</strong></span> <span class='ocrx_word' id='word_1_488' title='bbox 2394 1541 2498 1596; x_wconf 89' lang='lat' dir='ltr'><strong>ista</strong></span> <span class='ocrx_word' id='word_1_489' title='bbox 2513 1542 2664 1597; x_wconf 85' lang='lat' dir='ltr'><strong>dici?</strong></span> <span class='ocrx_word' id='word_1_490' title='bbox 2692 1543 2928 1601; x_wconf 85' lang='lat' dir='ltr'><strong>Animus</strong></span> <span class='ocrx_word' id='word_1_491' title='bbox 2940 1547 3084 1601; x_wconf 91' lang='lat' dir='ltr'><strong>enim</strong></span> <span class='ocrx_word' id='word_1_492' title='bbox 3105 1551 3254 1604; x_wconf 89' lang='lat' dir='ltr'><strong>omni</strong></span> <span class='ocrx_word' id='word_1_493' title='bbox 3273 1559 3503 1606; x_wconf 82' lang='lat' dir='ltr'><strong>conten-</strong></span> 
     </span>
    </p>
   </div>
   <div class='ocr_carea' id='block_1_60' title="bbox 1930 1629 3505 1707">
    <p class='ocr_par' dir='ltr' id='par_1_60' title="bbox 1930 1629 3505 1707">
     <span class='ocr_line' id='line_1_60' title="bbox 1930 1629 3505 1707; baseline 0.009 -25"><span class='ocrx_word' id='word_1_494' title='bbox 1930 1629 2097 1686; x_wconf 85' lang='lat' dir='ltr'><strong>tionis</strong></span> <span class='ocrx_word' id='word_1_495' title='bbox 2133 1632 2316 1687; x_wconf 88' lang='lat' dir='ltr'><strong>studio</strong></span> <span class='ocrx_word' id='word_1_496' title='bbox 2349 1649 2555 1690; x_wconf 86' lang='lat' dir='ltr'><strong>vacuus</strong></span> <span class='ocrx_word' id='word_1_497' title='bbox 2599 1636 2654 1688; x_wconf 92' lang='lat' dir='ltr'><strong>in</strong></span> <span class='ocrx_word' id='word_1_498' title='bbox 2688 1649 2787 1690; x_wconf 88' lang='lat' dir='ltr'><strong>sua</strong></span> <span class='ocrx_word' id='word_1_499' title='bbox 2817 1639 3185 1707; x_wconf 86' lang='lat' dir='ltr'><strong>propensione</strong></span> <span class='ocrx_word' id='word_1_500' title='bbox 3223 1656 3287 1695; x_wconf 85' lang='lat' dir='ltr'><strong>ac</strong></span> <span class='ocrx_word' id='word_1_501' title='bbox 3312 1643 3505 1696; x_wconf 88' lang='lat' dir='ltr'><strong>volun-</strong></span> 
     </span>
    </p>
   </div>
   <div class='ocr_carea' id='block_1_61' title="bbox 1929 1723 3503 1803">
    <p class='ocr_par' dir='ltr' id='par_1_61' title="bbox 1929 1723 3503 1803">
     <span class='ocr_line' id='line_1_61' title="bbox 1929 1723 3503 1803; baseline 0.008 -29"><span class='ocrx_word' id='word_1_502' title='bbox 1929 1729 2041 1776; x_wconf 84' lang='lat' dir='ltr'><strong>tate</strong></span> <span class='ocrx_word' id='word_1_503' title='bbox 2079 1738 2264 1797; x_wconf 86' lang='lat' dir='ltr'><strong>pacem</strong></span> <span class='ocrx_word' id='word_1_504' title='bbox 2302 1723 2464 1779; x_wconf 82' lang='lat' dir='ltr'><strong>habet</strong></span> <span class='ocrx_word' id='word_1_505' title='bbox 2498 1741 2730 1797; x_wconf 88' lang='lat' dir='ltr'><strong>eamque</strong></span> <span class='ocrx_word' id='word_1_506' title='bbox 2764 1729 2918 1784; x_wconf 89' lang='lat' dir='ltr'><strong>colit.</strong></span> <span class='ocrx_word' id='word_1_507' title='bbox 2943 1729 3131 1801; x_wconf 81' lang='lat' dir='ltr'><strong>Neque</strong></span> <span class='ocrx_word' id='word_1_508' title='bbox 3155 1748 3284 1787; x_wconf 89' lang='lat' dir='ltr'><strong>vero</strong></span> <span class='ocrx_word' id='word_1_509' title='bbox 3317 1749 3503 1803; x_wconf 91' lang='lat' dir='ltr'><strong>pacem</strong></span> 
     </span>
    </p>
   </div>
   <div class='ocr_carea' id='block_1_62' title="bbox 1930 1813 3501 1893">
    <p class='ocr_par' dir='ltr' id='par_1_62' title="bbox 1930 1813 3501 1893">
     <span class='ocr_line' id='line_1_62' title="bbox 1930 1813 3501 1893; baseline 0.01 -27"><span class='ocrx_word' id='word_1_510' title='bbox 1930 1813 2244 1870; x_wconf 86' lang='lat' dir='ltr'><strong>istiusmodi</strong></span> <span class='ocrx_word' id='word_1_511' title='bbox 2285 1831 2524 1886; x_wconf 86' lang='lat' dir='ltr'><strong>unquam</strong></span> <span class='ocrx_word' id='word_1_512' title='bbox 2575 1819 2894 1888; x_wconf 90' lang='lat' dir='ltr'><strong>putabimus</strong></span> <span class='ocrx_word' id='word_1_513' title='bbox 2930 1823 3171 1893; x_wconf 87' lang='lat' dir='ltr'><strong>aliquam</strong></span> <span class='ocrx_word' id='word_1_514' title='bbox 3218 1841 3343 1881; x_wconf 87' lang='lat' dir='ltr'><strong>esse</strong></span> <span class='ocrx_word' id='word_1_515' title='bbox 3372 1825 3501 1882; x_wconf 87' lang='lat' dir='ltr'><strong>sub-</strong></span> 
     </span>
    </p>
   </div>
   <div class='ocr_carea' id='block_1_63' title="bbox 1927 1906 3503 1986">
    <p class='ocr_par' dir='ltr' id='par_1_63' title="bbox 1927 1906 3503 1986">
     <span class='ocr_line' id='line_1_63' title="bbox 1927 1906 3503 1986; baseline 0.009 -27"><span class='ocrx_word' id='word_1_516' title='bbox 1927 1906 2214 1968; x_wconf 87' lang='lat' dir='ltr'><strong>stantiam,</strong></span> <span class='ocrx_word' id='word_1_517' title='bbox 2245 1907 2340 1962; x_wconf 89' lang='lat' dir='ltr'><strong>sed</strong></span> <span class='ocrx_word' id='word_1_518' title='bbox 2393 1908 2448 1961; x_wconf 92' lang='lat' dir='ltr'><strong>in</strong></span> <span class='ocrx_word' id='word_1_519' title='bbox 2487 1924 2680 1963; x_wconf 88' lang='lat' dir='ltr'><strong>eorum</strong></span> <span class='ocrx_word' id='word_1_520' title='bbox 2716 1912 2917 1969; x_wconf 88' lang='lat' dir='ltr'><strong>animis</strong></span> <span class='ocrx_word' id='word_1_521' title='bbox 2949 1916 3042 1985; x_wconf 84' lang='lat' dir='ltr'><strong>qui</strong></span> <span class='ocrx_word' id='word_1_522' title='bbox 3097 1917 3336 1986; x_wconf 84' lang='lat' dir='ltr'><strong>diligunt</strong></span> <span class='ocrx_word' id='word_1_523' title='bbox 3383 1908 3503 1974; x_wconf 85' lang='lat' dir='ltr'><strong>eam</strong></span> 
     </span>
    </p>
   </div>
   <div class='ocr_carea' id='block_1_64' title="bbox 1926 1996 3506 2078">
    <p class='ocr_par' dir='ltr' id='par_1_64' title="bbox 1926 1996 3506 2078">
     <span class='ocr_line' id='line_1_64' title="bbox 1926 1996 3506 2078; baseline 0.009 -28"><span class='ocrx_word' id='word_1_524' title='bbox 1926 1996 2114 2052; x_wconf 75' lang='lat' dir='ltr'><strong>habitu</strong></span> <span class='ocrx_word' id='word_1_525' title='bbox 2189 1998 2501 2054; x_wconf 79' lang='lat' dir='ltr'><strong>formatam.</strong></span> <span class='ocrx_word' id='word_1_526' title='bbox 2557 2000 2846 2066; x_wconf 88' lang='lat' dir='ltr'><strong>Quomodo</strong></span> <span class='ocrx_word' id='word_1_527' title='bbox 2907 2021 3037 2078; x_wconf 85' lang='lat' dir='ltr'><strong>ergo</strong></span> <span class='ocrx_word' id='word_1_528' title='bbox 3103 2024 3292 2078; x_wconf 89' lang='lat' dir='ltr'><strong>pacem</strong></span> <span class='ocrx_word' id='word_1_529' title='bbox 3361 2010 3506 2066; x_wconf 91' lang='lat' dir='ltr'><strong>hanc</strong></span> 
     </span>
    </p>
   </div>
   <div class='ocr_carea' id='block_1_65' title="bbox 1926 2097 3504 2169">
    <p class='ocr_par' dir='ltr' id='par_1_65' title="bbox 1926 2097 3504 2169">
     <span class='ocr_line' id='line_1_65' title="bbox 1926 2097 3504 2169; baseline 0.008 -26"><span class='ocrx_word' id='word_1_530' title='bbox 1926 2104 2145 2145; x_wconf 81' lang='lat' dir='ltr'><strong>omnem</strong></span> <span class='ocrx_word' id='word_1_531' title='bbox 2195 2106 2418 2146; x_wconf 86' lang='lat' dir='ltr'><strong>sensum</strong></span> <span class='ocrx_word' id='word_1_532' title='bbox 2484 2110 2822 2165; x_wconf 77' lang='lat' dir='ltr'><strong>exsuperare</strong></span> <span class='ocrx_word' id='word_1_533' title='bbox 2891 2097 3299 2169; x_wconf 80' lang='lat' dir='ltr'><strong>intelligemus?</strong></span> <span class='ocrx_word' id='word_1_534' title='bbox 3347 2101 3504 2167; x_wconf 85' lang='lat' dir='ltr'><strong>Quod</strong></span> 
     </span>
    </p>
   </div>
   <div class='ocr_carea' id='block_1_66' title="bbox 1925 2181 3505 2261">
    <p class='ocr_par' dir='ltr' id='par_1_66' title="bbox 1925 2181 3505 2261">
     <span class='ocr_line' id='line_1_66' title="bbox 1925 2181 3505 2261; baseline 0.009 -27"><span class='ocrx_word' id='word_1_535' title='bbox 1925 2181 2070 2234; x_wconf 88' lang='lat' dir='ltr'><strong>enim</strong></span> <span class='ocrx_word' id='word_1_536' title='bbox 2118 2197 2390 2252; x_wconf 88' lang='lat' dir='ltr'><strong>nusquam</strong></span> <span class='ocrx_word' id='word_1_537' title='bbox 2425 2185 2652 2239; x_wconf 89' lang='lat' dir='ltr'><strong>omnino</strong></span> <span class='ocrx_word' id='word_1_538' title='bbox 2687 2201 2782 2255; x_wconf 91' lang='lat' dir='ltr'><strong>per</strong></span> <span class='ocrx_word' id='word_1_539' title='bbox 2810 2203 2871 2242; x_wconf 87' lang='lat' dir='ltr'><strong>se</strong></span> <span class='ocrx_word' id='word_1_540' title='bbox 2905 2190 3183 2255; x_wconf 88' lang='lat' dir='ltr'><strong>subsistit,</strong></span> <span class='ocrx_word' id='word_1_541' title='bbox 3227 2193 3505 2261; x_wconf 89' lang='lat' dir='ltr'><strong>quomodo</strong></span> 
     </span>
    </p>
   </div>
   <div class='ocr_carea' id='block_1_67' title="bbox 1927 2274 3503 2352">
    <p class='ocr_par' dir='ltr' id='par_1_67' title="bbox 1927 2274 3503 2352">
     <span class='ocr_line' id='line_1_67' title="bbox 1927 2274 3503 2352; baseline 0.008 -28"><span class='ocrx_word' id='word_1_542' title='bbox 1927 2274 2283 2339; x_wconf 62' lang='lat' dir='ltr'><strong>praestantius</strong></span> <span class='ocrx_word' id='word_1_543' title='bbox 2309 2275 2416 2329; x_wconf 91' lang='lat' dir='ltr'><strong>erit</strong></span> <span class='ocrx_word' id='word_1_544' title='bbox 2445 2275 2787 2343; x_wconf 89' lang='lat' dir='ltr'><strong>hominibus,</strong></span> <span class='ocrx_word' id='word_1_545' title='bbox 2811 2288 2905 2334; x_wconf 87' lang='lat' dir='ltr'><strong>aut</strong></span> <span class='ocrx_word' id='word_1_546' title='bbox 2939 2283 3173 2352; x_wconf 85' lang='lat' dir='ltr'><strong>angelis.</strong></span> <span class='ocrx_word' id='word_1_547' title='bbox 3200 2284 3317 2338; x_wconf 84' lang='lat' dir='ltr'><strong>sive</strong></span> <span class='ocrx_word' id='word_1_548' title='bbox 3343 2285 3503 2340; x_wconf 88' lang='lat' dir='ltr'><strong>etiam</strong></span> 
     </span>
    </p>
   </div>
   <div class='ocr_carea' id='block_1_68' title="bbox 1927 2365 3508 2441">
    <p class='ocr_par' dir='ltr' id='par_1_68' title="bbox 1927 2365 3508 2441">
     <span class='ocr_line' id='line_1_68' title="bbox 1927 2365 3508 2441; baseline 0.009 -24"><span class='ocrx_word' id='word_1_549' title='bbox 1927 2365 2296 2434; x_wconf 86' lang='lat' dir='ltr'><strong>archangelis,</strong></span> <span class='ocrx_word' id='word_1_550' title='bbox 2312 2383 2454 2438; x_wconf 87' lang='lat' dir='ltr'><strong>quos</strong></span> <span class='ocrx_word' id='word_1_551' title='bbox 2480 2378 2689 2426; x_wconf 90' lang='lat' dir='ltr'><strong>mentes</strong></span> <span class='ocrx_word' id='word_1_552' title='bbox 2712 2370 2875 2426; x_wconf 91' lang='lat' dir='ltr'><strong>etiam</strong></span> <span class='ocrx_word' id='word_1_553' title='bbox 2901 2389 3022 2427; x_wconf 87' lang='lat' dir='ltr'><strong>esse</strong></span> <span class='ocrx_word' id='word_1_554' title='bbox 3041 2373 3508 2441; x_wconf 86' lang='lat' dir='ltr'><strong>dieimus?Quare</strong></span> 
     </span>
    </p>
   </div>
   <div class='ocr_carea' id='block_1_69' title="bbox 1926 2457 3506 2534">
    <p class='ocr_par' dir='ltr' id='par_1_69' title="bbox 1926 2457 3506 2534">
     <span class='ocr_line' id='line_1_69' title="bbox 1926 2457 3506 2534; baseline 0.009 -24"><span class='ocrx_word' id='word_1_555' title='bbox 1926 2471 2029 2525; x_wconf 85' lang='lat' dir='ltr'><strong>pax</strong></span> <span class='ocrx_word' id='word_1_556' title='bbox 2061 2457 2152 2510; x_wconf 87' lang='lat' dir='ltr'><strong>illa</strong></span> <span class='ocrx_word' id='word_1_557' title='bbox 2191 2473 2311 2528; x_wconf 62' lang='lat' dir='ltr'><strong>quae</strong></span> <span class='ocrx_word' id='word_1_558' title='bbox 2346 2471 2646 2532; x_wconf 79' lang='lat' dir='ltr'><strong>exsuperat</strong></span> <span class='ocrx_word' id='word_1_559' title='bbox 2676 2462 3046 2533; x_wconf 87' lang='lat' dir='ltr'><strong>Principatus,</strong></span> <span class='ocrx_word' id='word_1_560' title='bbox 3082 2474 3132 2520; x_wconf 85' lang='lat' dir='ltr'><strong>et</strong></span> <span class='ocrx_word' id='word_1_561' title='bbox 3174 2465 3506 2534; x_wconf 88' lang='lat' dir='ltr'><strong>Potestates,</strong></span> 
     </span>
    </p>
   </div>
   <div class='ocr_carea' id='block_1_70' title="bbox 1927 2546 3505 2627">
    <p class='ocr_par' dir='ltr' id='par_1_70' title="bbox 1927 2546 3505 2627">
     <span class='ocr_line' id='line_1_70' title="bbox 1927 2546 3505 2627; baseline 0.008 -25"><span class='ocrx_word' id='word_1_562' title='bbox 1927 2555 1980 2602; x_wconf 90' lang='lat' dir='ltr'><strong>et</strong></span> <span class='ocrx_word' id='word_1_563' title='bbox 2006 2546 2262 2604; x_wconf 87' lang='lat' dir='ltr'><strong>Thronos</strong></span> <span class='ocrx_word' id='word_1_564' title='bbox 2294 2552 2445 2621; x_wconf 91' lang='lat' dir='ltr'><strong>ipsos</strong></span> <span class='ocrx_word' id='word_1_565' title='bbox 2465 2563 2518 2608; x_wconf 89' lang='lat' dir='ltr'><strong>et</strong></span> <span class='ocrx_word' id='word_1_566' title='bbox 2543 2554 2978 2620; x_wconf 88' lang='lat' dir='ltr'><strong>Dominationes,</strong></span> <span class='ocrx_word' id='word_1_567' title='bbox 3013 2558 3259 2627; x_wconf 87' lang='lat' dir='ltr'><strong>adeoque</strong></span> <span class='ocrx_word' id='word_1_568' title='bbox 3289 2574 3505 2614; x_wconf 85' lang='lat' dir='ltr'><strong>onmem</strong></span> 
     </span>
    </p>
   </div>
   <div class='ocr_carea' id='block_1_71' title="bbox 1929 2631 3507 2718">
    <p class='ocr_par' dir='ltr' id='par_1_71' title="bbox 1929 2631 3507 2718">
     <span class='ocr_line' id='line_1_71' title="bbox 1929 2631 3507 2718; baseline 0.008 -26"><span class='ocrx_word' id='word_1_569' title='bbox 1929 2650 2192 2706; x_wconf 89' lang='lat' dir='ltr'><strong>mentem,</strong></span> <span class='ocrx_word' id='word_1_570' title='bbox 2219 2642 2457 2712; x_wconf 90' lang='lat' dir='ltr'><strong>Spiritus</strong></span> <span class='ocrx_word' id='word_1_571' title='bbox 2484 2647 2690 2700; x_wconf 80' lang='lat' dir='ltr'><strong>Christi</strong></span> <span class='ocrx_word' id='word_1_572' title='bbox 2720 2657 2827 2712; x_wconf 89' lang='lat' dir='ltr'><strong>est,</strong></span> <span class='ocrx_word' id='word_1_573' title='bbox 2856 2663 2954 2717; x_wconf 90' lang='lat' dir='ltr'><strong>per</strong></span> <span class='ocrx_word' id='word_1_574' title='bbox 2986 2665 3145 2718; x_wconf 83' lang='lat' dir='ltr'><strong>quem</strong></span> <span class='ocrx_word' id='word_1_575' title='bbox 3180 2631 3363 2705; x_wconf 81' lang='lat' dir='ltr'><strong>oumia</strong></span> <span class='ocrx_word' id='word_1_576' title='bbox 3397 2649 3507 2706; x_wconf 90' lang='lat' dir='ltr'><strong>Deo</strong></span> 
     </span>
    </p>
   </div>
   <div class='ocr_carea' id='block_1_72' title="bbox 1929 2737 3502 2810">
    <p class='ocr_par' dir='ltr' id='par_1_72' title="bbox 1929 2737 3502 2810">
     <span class='ocr_line' id='line_1_72' title="bbox 1929 2737 3502 2810; baseline 0.004 -20"><span class='ocrx_word' id='word_1_577' title='bbox 1929 2750 1995 2790; x_wconf 85' lang='lat' dir='ltr'><strong>ac</strong></span> <span class='ocrx_word' id='word_1_578' title='bbox 2030 2737 2176 2791; x_wconf 82' lang='lat' dir='ltr'><strong>Patri</strong></span> <span class='ocrx_word' id='word_1_579' title='bbox 2210 2740 2610 2804; x_wconf 86' lang='lat' dir='ltr'><strong>reconciliavit,</strong></span> <span class='ocrx_word' id='word_1_580' title='bbox 2636 2741 2766 2796; x_wconf 88' lang='lat' dir='ltr'><strong>dum</strong></span> <span class='ocrx_word' id='word_1_581' title='bbox 2797 2743 2930 2796; x_wconf 88' lang='lat' dir='ltr'><strong>nihil</strong></span> <span class='ocrx_word' id='word_1_582' title='bbox 2962 2743 3108 2796; x_wconf 90' lang='lat' dir='ltr'><strong>aliud</strong></span> <span class='ocrx_word' id='word_1_583' title='bbox 3149 2745 3283 2806; x_wconf 88' lang='lat' dir='ltr'><strong>vult,</strong></span> <span class='ocrx_word' id='word_1_584' title='bbox 3319 2745 3502 2810; x_wconf 78' lang='lat' dir='ltr'><strong>sentit,</strong></span> 
     </span>
    </p>
   </div>
   <div class='ocr_carea' id='block_1_73' title="bbox 1928 2829 3507 2900">
    <p class='ocr_par' dir='ltr' id='par_1_73' title="bbox 1928 2829 3507 2900">
     <span class='ocr_line' id='line_1_73' title="bbox 1928 2829 3507 2900; baseline 0.005 -18"><span class='ocrx_word' id='word_1_585' title='bbox 1928 2837 2023 2882; x_wconf 80' lang='lat' dir='ltr'><strong>aut</strong></span> <span class='ocrx_word' id='word_1_586' title='bbox 2055 2829 2206 2893; x_wconf 89' lang='lat' dir='ltr'><strong>facit,</strong></span> <span class='ocrx_word' id='word_1_587' title='bbox 2235 2847 2335 2885; x_wconf 90' lang='lat' dir='ltr'><strong>nec</strong></span> <span class='ocrx_word' id='word_1_588' title='bbox 2366 2832 2734 2888; x_wconf 85' lang='lat' dir='ltr'><strong>conversione</strong></span> <span class='ocrx_word' id='word_1_589' title='bbox 2771 2833 2838 2887; x_wconf 91' lang='lat' dir='ltr'><strong>ad</strong></span> <span class='ocrx_word' id='word_1_590' title='bbox 2885 2835 3088 2888; x_wconf 86' lang='lat' dir='ltr'><strong>malum</strong></span> <span class='ocrx_word' id='word_1_591' title='bbox 3116 2834 3224 2888; x_wconf 87' lang='lat' dir='ltr'><strong>alio</strong></span> <span class='ocrx_word' id='word_1_592' title='bbox 3268 2835 3507 2900; x_wconf 78' lang='lat' dir='ltr'><strong>deflectit</strong></span> 
     </span>
    </p>
   </div>
   <div class='ocr_carea' id='block_1_74' title="bbox 1928 2919 3508 2989">
    <p class='ocr_par' dir='ltr' id='par_1_74' title="bbox 1928 2919 3508 2989">
     <span class='ocr_line' id='line_1_74' title="bbox 1928 2919 3508 2989; baseline 0.003 -16"><span class='ocrx_word' id='word_1_593' title='bbox 1928 2921 1996 2974; x_wconf 81' lang='lat' dir='ltr'><strong>ab</strong></span> <span class='ocrx_word' id='word_1_594' title='bbox 2037 2921 2180 2989; x_wconf 90' lang='lat' dir='ltr'><strong>ipso.</strong></span> <span class='ocrx_word' id='word_1_595' title='bbox 2215 2919 2360 2974; x_wconf 80' lang='lat' dir='ltr'><strong>Nihil</strong></span> <span class='ocrx_word' id='word_1_596' title='bbox 2409 2930 2591 2976; x_wconf 88' lang='lat' dir='ltr'><strong>autem</strong></span> <span class='ocrx_word' id='word_1_597' title='bbox 2649 2923 2805 2977; x_wconf 85' lang='lat' dir='ltr'><strong>obest</strong></span> <span class='ocrx_word' id='word_1_598' title='bbox 2859 2922 3358 2978; x_wconf 85' lang='lat' dir='ltr'><strong>considerationem</strong></span> <span class='ocrx_word' id='word_1_599' title='bbox 3420 2923 3508 2978; x_wconf 87' lang='lat' dir='ltr'><strong>hic</strong></span> 
     </span>
    </p>
   </div>
   <div class='ocr_carea' id='block_1_75' title="bbox 1928 3013 3506 3084">
    <p class='ocr_par' dir='ltr' id='par_1_75' title="bbox 1928 3013 3506 3084">
     <span class='ocr_line' id='line_1_75' title="bbox 1928 3013 3506 3084; baseline 0.003 -19"><span class='ocrx_word' id='word_1_600' title='bbox 1928 3026 2092 3081; x_wconf 88' lang='lat' dir='ltr'><strong>porro</strong></span> <span class='ocrx_word' id='word_1_601' title='bbox 2135 3014 2330 3068; x_wconf 76' lang='lat' dir='ltr'><strong>afferre</strong></span> <span class='ocrx_word' id='word_1_602' title='bbox 2384 3029 2491 3066; x_wconf 90' lang='lat' dir='ltr'><strong>non</strong></span> <span class='ocrx_word' id='word_1_603' title='bbox 2549 3013 2818 3068; x_wconf 87' lang='lat' dir='ltr'><strong>insulsam</strong></span> <span class='ocrx_word' id='word_1_604' title='bbox 2865 3023 3013 3068; x_wconf 88' lang='lat' dir='ltr'><strong>certe</strong></span> <span class='ocrx_word' id='word_1_605' title='bbox 3056 3014 3138 3068; x_wconf 81' lang='lat' dir='ltr'><strong>vel</strong></span> <span class='ocrx_word' id='word_1_606' title='bbox 3174 3015 3506 3084; x_wconf 86' lang='lat' dir='ltr'><strong>imperitam.</strong></span> 
     </span>
    </p>
   </div>
   <div class='ocr_carea' id='block_1_76' title="bbox 1925 3101 3506 3167">
    <p class='ocr_par' dir='ltr' id='par_1_76' title="bbox 1925 3101 3506 3167">
     <span class='ocr_line' id='line_1_76' title="bbox 1925 3101 3506 3167; baseline 0.002 -13"><span class='ocrx_word' id='word_1_607' title='bbox 1925 3101 2397 3167; x_wconf 84' lang='lat' dir='ltr'><strong>Quemadmodum</strong></span> <span class='ocrx_word' id='word_1_608' title='bbox 2429 3105 2576 3158; x_wconf 87' lang='lat' dir='ltr'><strong>enim</strong></span> <span class='ocrx_word' id='word_1_609' title='bbox 2615 3118 2739 3157; x_wconf 87' lang='lat' dir='ltr'><strong>cum</strong></span> <span class='ocrx_word' id='word_1_610' title='bbox 2771 3103 2883 3157; x_wconf 89' lang='lat' dir='ltr'><strong>vita</strong></span> <span class='ocrx_word' id='word_1_611' title='bbox 2914 3103 3216 3158; x_wconf 81' lang='lat' dir='ltr'><strong>secundum</strong></span> <span class='ocrx_word' id='word_1_612' title='bbox 3257 3112 3506 3157; x_wconf 82' lang='lat' dir='ltr'><strong>naturam</strong></span> 
     </span>
    </p>
   </div>
   <div class='ocr_carea' id='block_1_77' title="bbox 1929 3192 3508 3266">
    <p class='ocr_par' dir='ltr' id='par_1_77' title="bbox 1929 3192 3508 3266">
     <span class='ocr_line' id='line_1_77' title="bbox 1929 3192 3508 3266; baseline 0.001 -18"><span class='ocrx_word' id='word_1_613' title='bbox 1929 3194 2002 3248; x_wconf 91' lang='lat' dir='ltr'><strong>sit</strong></span> <span class='ocrx_word' id='word_1_614' title='bbox 2046 3192 2242 3255; x_wconf 82' lang='lat' dir='ltr'><strong>Filius,</strong></span> <span class='ocrx_word' id='word_1_615' title='bbox 2288 3204 2342 3248; x_wconf 89' lang='lat' dir='ltr'><strong>et</strong></span> <span class='ocrx_word' id='word_1_616' title='bbox 2395 3196 2692 3262; x_wconf 84' lang='lat' dir='ltr'><strong>sapientia,</strong></span> <span class='ocrx_word' id='word_1_617' title='bbox 2737 3210 2801 3249; x_wconf 87' lang='lat' dir='ltr'><strong>ac</strong></span> <span class='ocrx_word' id='word_1_618' title='bbox 2835 3195 3034 3261; x_wconf 89' lang='lat' dir='ltr'><strong>virtus,</strong></span> <span class='ocrx_word' id='word_1_619' title='bbox 3075 3204 3128 3250; x_wconf 90' lang='lat' dir='ltr'><strong>et</strong></span> <span class='ocrx_word' id='word_1_620' title='bbox 3164 3194 3398 3266; x_wconf 77' lang='lat' dir='ltr'><strong>Spiritus</strong></span> <span class='ocrx_word' id='word_1_621' title='bbox 3437 3199 3508 3252; x_wconf 90' lang='lat' dir='ltr'><strong>sit</strong></span> 
     </span>
    </p>
   </div>
   <div class='ocr_carea' id='block_1_78' title="bbox 1930 3285 3510 3355">
    <p class='ocr_par' dir='ltr' id='par_1_78' title="bbox 1930 3285 3510 3355">
     <span class='ocr_line' id='line_1_78' title="bbox 1930 3285 3510 3355; baseline 0.001 -17"><span class='ocrx_word' id='word_1_622' title='bbox 1930 3294 2094 3354; x_wconf 86' lang='lat' dir='ltr'><strong>atque</strong></span> <span class='ocrx_word' id='word_1_623' title='bbox 2129 3293 2356 3339; x_wconf 84' lang='lat' dir='ltr'><strong>vocetur</strong></span> <span class='ocrx_word' id='word_1_624' title='bbox 2399 3285 2524 3354; x_wconf 88' lang='lat' dir='ltr'><strong>ejus</strong></span> <span class='ocrx_word' id='word_1_625' title='bbox 2558 3285 2822 3354; x_wconf 85' lang='lat' dir='ltr'><strong>Spiritus,</strong></span> <span class='ocrx_word' id='word_1_626' title='bbox 2863 3285 3100 3355; x_wconf 84' lang='lat' dir='ltr'><strong>Spiritus</strong></span> <span class='ocrx_word' id='word_1_627' title='bbox 3143 3295 3229 3341; x_wconf 89' lang='lat' dir='ltr'><strong>est</strong></span> <span class='ocrx_word' id='word_1_628' title='bbox 3269 3287 3412 3352; x_wconf 61' lang='lat' dir='ltr'><strong>vitae,</strong></span> <span class='ocrx_word' id='word_1_629' title='bbox 3454 3295 3510 3342; x_wconf 91' lang='lat' dir='ltr'><strong>et</strong></span> 
     </span>
    </p>
   </div>
   <div class='ocr_carea' id='block_1_79' title="bbox 1929 3375 3505 3446">
    <p class='ocr_par' dir='ltr' id='par_1_79' title="bbox 1929 3375 3505 3446">
     <span class='ocr_line' id='line_1_79' title="bbox 1929 3375 3505 3446; baseline 0.001 -15"><span class='ocrx_word' id='word_1_630' title='bbox 1929 3377 2235 3446; x_wconf 80' lang='lat' dir='ltr'><strong>sapientiae,</strong></span> <span class='ocrx_word' id='word_1_631' title='bbox 2289 3390 2353 3429; x_wconf 87' lang='lat' dir='ltr'><strong>ac</strong></span> <span class='ocrx_word' id='word_1_632' title='bbox 2395 3375 2614 3430; x_wconf 89' lang='lat' dir='ltr'><strong>virtutis</strong></span> <span class='ocrx_word' id='word_1_633' title='bbox 2666 3394 2678 3430; x_wconf 91' lang='lat'><strong>:</strong></span> <span class='ocrx_word' id='word_1_634' title='bbox 2724 3375 2799 3429; x_wconf 85' lang='lat' dir='ltr'><strong>ita</strong></span> <span class='ocrx_word' id='word_1_635' title='bbox 2844 3391 2969 3430; x_wconf 86' lang='lat' dir='ltr'><strong>cum</strong></span> <span class='ocrx_word' id='word_1_636' title='bbox 3006 3377 3078 3429; x_wconf 90' lang='lat' dir='ltr'><strong>sit</strong></span> <span class='ocrx_word' id='word_1_637' title='bbox 3116 3376 3234 3446; x_wconf 91' lang='lat' dir='ltr'><strong>ipse</strong></span> <span class='ocrx_word' id='word_1_638' title='bbox 3289 3386 3342 3432; x_wconf 92' lang='lat' dir='ltr'><strong>et</strong></span> <span class='ocrx_word' id='word_1_639' title='bbox 3399 3393 3505 3432; x_wconf 89' lang='lat' dir='ltr'><strong>non</strong></span> 
     </span>
    </p>
   </div>
   <div class='ocr_carea' id='block_1_80' title="bbox 1929 3460 3506 3538">
    <p class='ocr_par' dir='ltr' id='par_1_80' title="bbox 1929 3460 3506 3538">
     <span class='ocr_line' id='line_1_80' title="bbox 1929 3460 3506 3538; baseline 0.001 -16"><span class='ocrx_word' id='word_1_640' title='bbox 1929 3460 2070 3522; x_wconf 85' lang='lat' dir='ltr'><strong>alius</strong></span> <span class='ocrx_word' id='word_1_641' title='bbox 2098 3483 2227 3522; x_wconf 87' lang='lat' dir='ltr'><strong>vera</strong></span> <span class='ocrx_word' id='word_1_642' title='bbox 2255 3477 2308 3522; x_wconf 89' lang='lat' dir='ltr'><strong>et</strong></span> <span class='ocrx_word' id='word_1_643' title='bbox 2355 3469 2578 3538; x_wconf 85' lang='lat' dir='ltr'><strong>propria</strong></span> <span class='ocrx_word' id='word_1_644' title='bbox 2632 3483 2758 3537; x_wconf 89' lang='lat' dir='ltr'><strong>pax,</strong></span> <span class='ocrx_word' id='word_1_645' title='bbox 2790 3468 2914 3537; x_wconf 83' lang='lat' dir='ltr'><strong>jure</strong></span> <span class='ocrx_word' id='word_1_646' title='bbox 2961 3468 3177 3524; x_wconf 90' lang='lat' dir='ltr'><strong>dicetur</strong></span> <span class='ocrx_word' id='word_1_647' title='bbox 3210 3484 3273 3523; x_wconf 88' lang='lat' dir='ltr'><strong>ac</strong></span> <span class='ocrx_word' id='word_1_648' title='bbox 3310 3485 3506 3526; x_wconf 86' lang='lat' dir='ltr'><strong>cense-</strong></span> 
     </span>
    </p>
   </div>
   <div class='ocr_carea' id='block_1_81' title="bbox 1930 3557 3509 3630">
    <p class='ocr_par' dir='ltr' id='par_1_81' title="bbox 1930 3557 3509 3630">
     <span class='ocr_line' id='line_1_81' title="bbox 1930 3557 3509 3630; baseline 0.002 -17"><span class='ocrx_word' id='word_1_649' title='bbox 1930 3561 2084 3613; x_wconf 87' lang='lat' dir='ltr'><strong>bitur</strong></span> <span class='ocrx_word' id='word_1_650' title='bbox 2118 3561 2262 3614; x_wconf 84' lang='lat' dir='ltr'><strong>sicut</strong></span> <span class='ocrx_word' id='word_1_651' title='bbox 2312 3559 2429 3629; x_wconf 89' lang='lat' dir='ltr'><strong>ipse</strong></span> <span class='ocrx_word' id='word_1_652' title='bbox 2485 3575 2584 3629; x_wconf 79' lang='lat' dir='ltr'><strong>pax</strong></span> <span class='ocrx_word' id='word_1_653' title='bbox 2641 3557 2884 3628; x_wconf 89' lang='lat' dir='ltr'><strong>Spiritus</strong></span> <span class='ocrx_word' id='word_1_654' title='bbox 2931 3559 3070 3629; x_wconf 90' lang='lat' dir='ltr'><strong>ejus.</strong></span> <span class='ocrx_word' id='word_1_655' title='bbox 3105 3561 3339 3630; x_wconf 86' lang='lat' dir='ltr'><strong>Ideoque</strong></span> <span class='ocrx_word' id='word_1_656' title='bbox 3395 3578 3509 3616; x_wconf 58' lang='lat' dir='ltr'><strong>suae</strong></span> 
     </span>
    </p>
   </div>
   <div class='ocr_carea' id='block_1_82' title="bbox 1931 3652 3506 3721">
    <p class='ocr_par' dir='ltr' id='par_1_82' title="bbox 1931 3652 3506 3721">
     <span class='ocr_line' id='line_1_82' title="bbox 1931 3652 3506 3721; baseline 0 -16"><span class='ocrx_word' id='word_1_657' title='bbox 1931 3652 2107 3721; x_wconf 87' lang='lat' dir='ltr'><strong>ipsius</strong></span> <span class='ocrx_word' id='word_1_658' title='bbox 2151 3661 2360 3706; x_wconf 72' lang='lat' dir='ltr'><strong>naturze</strong></span> <span class='ocrx_word' id='word_1_659' title='bbox 2413 3652 2690 3720; x_wconf 88' lang='lat' dir='ltr'><strong>propriam</strong></span> <span class='ocrx_word' id='word_1_660' title='bbox 2729 3665 2917 3721; x_wconf 88' lang='lat' dir='ltr'><strong>pacem</strong></span> <span class='ocrx_word' id='word_1_661' title='bbox 2969 3653 3320 3721; x_wconf 77' lang='lat' dir='ltr'><strong>peculiariter</strong></span> <span class='ocrx_word' id='word_1_662' title='bbox 3349 3656 3506 3706; x_wconf 86' lang='lat' dir='ltr'><strong>attri-</strong></span> 
     </span>
    </p>
   </div>
   <div class='ocr_carea' id='block_1_83' title="bbox 1932 3743 3506 3815">
    <p class='ocr_par' dir='ltr' id='par_1_83' title="bbox 1932 3743 3506 3815">
     <span class='ocr_line' id='line_1_83' title="bbox 1932 3743 3506 3815; baseline -0.001 -15"><span class='ocrx_word' id='word_1_663' title='bbox 1932 3746 2127 3810; x_wconf 86' lang='lat' dir='ltr'><strong>buens,</strong></span> <span class='ocrx_word' id='word_1_664' title='bbox 2184 3746 2238 3799; x_wconf 90' lang='lat' dir='ltr'><strong>id</strong></span> <span class='ocrx_word' id='word_1_665' title='bbox 2299 3753 2384 3800; x_wconf 89' lang='lat' dir='ltr'><strong>est</strong></span> <span class='ocrx_word' id='word_1_666' title='bbox 2431 3744 2733 3815; x_wconf 85' lang='lat' dir='ltr'><strong>Spiritum,</strong></span> <span class='ocrx_word' id='word_1_667' title='bbox 2771 3743 2842 3798; x_wconf 92' lang='lat' dir='ltr'><strong>de</strong></span> <span class='ocrx_word' id='word_1_668' title='bbox 2889 3744 3010 3813; x_wconf 87' lang='lat' dir='ltr'><strong>ipso</strong></span> <span class='ocrx_word' id='word_1_669' title='bbox 3066 3745 3142 3798; x_wconf 91' lang='lat' dir='ltr'><strong>ait</strong></span> <span class='ocrx_word' id='word_1_670' title='bbox 3181 3765 3192 3800; x_wconf 87' lang='lat'>:</span> <span class='ocrx_word' id='word_1_671' title='bbox 3237 3764 3255 3796; x_wconf 86' lang='grc' dir='ltr'><strong>ι</strong></span> <span class='ocrx_word' id='word_1_672' title='bbox 3309 3747 3506 3801; x_wconf 87' lang='lat' dir='ltr'><strong>Pacem</strong></span> 
     </span>
    </p>
   </div>
   <div class='ocr_carea' id='block_1_84' title="bbox 1931 3834 3508 3906">
    <p class='ocr_par' dir='ltr' id='par_1_84' title="bbox 1931 3834 3508 3906">
     <span class='ocr_line' id='line_1_84' title="bbox 1931 3834 3508 3906; baseline 0 -16"><span class='ocrx_word' id='word_1_673' title='bbox 1931 3852 2110 3890; x_wconf 89' lang='lat' dir='ltr'><strong>meam</strong></span> <span class='ocrx_word' id='word_1_674' title='bbox 2163 3837 2415 3906; x_wconf 88' lang='lat' dir='ltr'><strong>relinquo</strong></span> <span class='ocrx_word' id='word_1_675' title='bbox 2454 3836 2631 3892; x_wconf 89' lang='lat' dir='ltr'><strong>vobis.</strong></span> <span class='ocrx_word' id='word_1_676' title='bbox 2669 3855 2687 3888; x_wconf 73' lang='grc' dir='ltr'><strong>ι</strong></span> <span class='ocrx_word' id='word_1_677' title='bbox 2723 3834 2879 3900; x_wconf 86' lang='lat' dir='ltr'><strong>Quod</strong></span> <span class='ocrx_word' id='word_1_678' title='bbox 2925 3845 3108 3889; x_wconf 81' lang='lat' dir='ltr'><strong>autem</strong></span> <span class='ocrx_word' id='word_1_679' title='bbox 3154 3837 3320 3890; x_wconf 90' lang='lat' dir='ltr'><strong>etiam</strong></span> <span class='ocrx_word' id='word_1_680' title='bbox 3364 3837 3508 3906; x_wconf 90' lang='lat' dir='ltr'><strong>apud</strong></span> 
     </span>
    </p>
   </div>
   <div class='ocr_carea' id='block_1_85' title="bbox 1934 3925 3510 3997">
    <p class='ocr_par' dir='ltr' id='par_1_85' title="bbox 1934 3925 3510 3997">
     <span class='ocr_line' id='line_1_85' title="bbox 1934 3925 3510 3997; baseline -0.003 -15"><span class='ocrx_word' id='word_1_681' title='bbox 1934 3935 2157 3983; x_wconf 85' lang='lat' dir='ltr'><strong>sanctos</strong></span> <span class='ocrx_word' id='word_1_682' title='bbox 2189 3928 2485 3997; x_wconf 87' lang='lat' dir='ltr'><strong>prophetas</strong></span> <span class='ocrx_word' id='word_1_683' title='bbox 2535 3925 2608 3980; x_wconf 89' lang='lat' dir='ltr'><strong>ita</strong></span> <span class='ocrx_word' id='word_1_684' title='bbox 2639 3935 2994 3995; x_wconf 83' lang='lat' dir='ltr'><strong>nuncupatus</strong></span> <span class='ocrx_word' id='word_1_685' title='bbox 3039 3927 3111 3982; x_wconf 90' lang='lat' dir='ltr'><strong>sit</strong></span> <span class='ocrx_word' id='word_1_686' title='bbox 3149 3927 3353 3981; x_wconf 88' lang='lat' dir='ltr'><strong>Christi</strong></span> <span class='ocrx_word' id='word_1_687' title='bbox 3390 3926 3510 3997; x_wconf 83' lang='lat' dir='ltr'><strong>Spi-</strong></span> 
     </span>
    </p>
   </div>
   <div class='ocr_carea' id='block_1_86' title="bbox 1933 4016 3508 4088">
    <p class='ocr_par' dir='ltr' id='par_1_86' title="bbox 1933 4016 3508 4088">
     <span class='ocr_line' id='line_1_86' title="bbox 1933 4016 3508 4088; baseline -0.002 -14"><span class='ocrx_word' id='word_1_688' title='bbox 1933 4020 2094 4082; x_wconf 89' lang='lat' dir='ltr'><strong>ritus,</strong></span> <span class='ocrx_word' id='word_1_689' title='bbox 2123 4034 2188 4073; x_wconf 90' lang='lat' dir='ltr'><strong>ex</strong></span> <span class='ocrx_word' id='word_1_690' title='bbox 2226 4018 2386 4074; x_wconf 71' lang='lat' dir='ltr'><strong>lsaiae</strong></span> <span class='ocrx_word' id='word_1_691' title='bbox 2426 4017 2609 4072; x_wconf 88' lang='lat' dir='ltr'><strong>verbis</strong></span> <span class='ocrx_word' id='word_1_692' title='bbox 2654 4025 2808 4072; x_wconf 89' lang='lat' dir='ltr'><strong>recte</strong></span> <span class='ocrx_word' id='word_1_693' title='bbox 2850 4018 3169 4088; x_wconf 82' lang='lat' dir='ltr'><strong>intelliges:</strong></span> <span class='ocrx_word' id='word_1_694' title='bbox 3200 4035 3218 4068; x_wconf 79' lang='grc' dir='ltr'><strong>ι</strong></span> <span class='ocrx_word' id='word_1_695' title='bbox 3259 4016 3508 4079; x_wconf 82' lang='lat' dir='ltr'><strong>Domine.</strong></span> 
     </span>
    </p>
   </div>
   <div class='ocr_carea' id='block_1_87' title="bbox 1933 4109 3508 4182">
    <p class='ocr_par' dir='ltr' id='par_1_87' title="bbox 1933 4109 3508 4182">
     <span class='ocr_line' id='line_1_87' title="bbox 1933 4109 3508 4182; baseline -0.001 -16"><span class='ocrx_word' id='word_1_696' title='bbox 1933 4112 2115 4182; x_wconf 90' lang='lat' dir='ltr'><strong>inquit</strong></span> <span class='ocrx_word' id='word_1_697' title='bbox 2148 4111 2315 4171; x_wconf 86' lang='lat' dir='ltr'><strong>enim,</strong></span> <span class='ocrx_word' id='word_1_698' title='bbox 2347 4109 2489 4166; x_wconf 90' lang='lat' dir='ltr'><strong>Deus</strong></span> <span class='ocrx_word' id='word_1_699' title='bbox 2522 4117 2732 4171; x_wconf 85' lang='lat' dir='ltr'><strong>noster,</strong></span> <span class='ocrx_word' id='word_1_700' title='bbox 2771 4125 2961 4179; x_wconf 89' lang='lat' dir='ltr'><strong>pacem</strong></span> <span class='ocrx_word' id='word_1_701' title='bbox 2991 4109 3058 4163; x_wconf 91' lang='lat' dir='ltr'><strong>da</strong></span> <span class='ocrx_word' id='word_1_702' title='bbox 3091 4109 3250 4164; x_wconf 89' lang='lat' dir='ltr'><strong>nobis</strong></span> <span class='ocrx_word' id='word_1_703' title='bbox 3282 4129 3294 4164; x_wconf 89' lang='lat'><strong>:</strong></span> <span class='ocrx_word' id='word_1_704' title='bbox 3326 4111 3508 4164; x_wconf 88' lang='lat' dir='ltr'><strong>omnia</strong></span> 
     </span>
    </p>
   </div>
   <div class='ocr_carea' id='block_1_88' title="bbox 1932 4202 3512 4268">
    <p class='ocr_par' dir='ltr' id='par_1_88' title="bbox 1932 4202 3512 4268">
     <span class='ocr_line' id='line_1_88' title="bbox 1932 4202 3512 4268; baseline -0.001 -9"><span class='ocrx_word' id='word_1_705' title='bbox 1932 4205 2076 4260; x_wconf 90' lang='lat' dir='ltr'><strong>enim</strong></span> <span class='ocrx_word' id='word_1_706' title='bbox 2130 4203 2417 4258; x_wconf 87' lang='lat' dir='ltr'><strong>reddidisti</strong></span> <span class='ocrx_word' id='word_1_707' title='bbox 2473 4203 2630 4258; x_wconf 89' lang='lat' dir='ltr'><strong>nobis</strong></span> <span class='ocrx_word' id='word_1_708' title='bbox 2652 4205 2718 4260; x_wconf 82' lang='lat'><strong>&quot;.</strong></span> <span class='ocrx_word' id='word_1_709' title='bbox 2765 4222 2782 4255; x_wconf 75' lang='grc' dir='ltr'><strong>ι</strong></span> <span class='ocrx_word' id='word_1_710' title='bbox 2827 4202 2999 4268; x_wconf 83' lang='lat' dir='ltr'><strong>Quasi</strong></span> <span class='ocrx_word' id='word_1_711' title='bbox 3047 4204 3192 4256; x_wconf 91' lang='lat' dir='ltr'><strong>enim</strong></span> <span class='ocrx_word' id='word_1_712' title='bbox 3240 4203 3326 4258; x_wconf 82' lang='lat' dir='ltr'><strong>lex</strong></span> <span class='ocrx_word' id='word_1_713' title='bbox 3377 4204 3512 4257; x_wconf 88' lang='lat' dir='ltr'><strong>nihil</strong></span> 
     </span>
    </p>
   </div>
   <div class='ocr_carea' id='block_1_89' title="bbox 1933 4294 3511 4367">
    <p class='ocr_par' dir='ltr' id='par_1_89' title="bbox 1933 4294 3511 4367">
     <span class='ocr_line' id='line_1_89' title="bbox 1933 4294 3511 4367; baseline -0.001 -16"><span class='ocrx_word' id='word_1_714' title='bbox 1933 4298 2000 4353; x_wconf 91' lang='lat' dir='ltr'><strong>ad</strong></span> <span class='ocrx_word' id='word_1_715' title='bbox 2039 4297 2339 4367; x_wconf 89' lang='lat' dir='ltr'><strong>perfectum</strong></span> <span class='ocrx_word' id='word_1_716' title='bbox 2375 4296 2685 4361; x_wconf 80' lang='lat' dir='ltr'><strong>adduxerit,</strong></span> <span class='ocrx_word' id='word_1_717' title='bbox 2732 4311 2911 4366; x_wconf 90' lang='lat' dir='ltr'><strong>neque</strong></span> <span class='ocrx_word' id='word_1_718' title='bbox 2949 4295 3086 4350; x_wconf 88' lang='lat' dir='ltr'><strong>adeo</strong></span> <span class='ocrx_word' id='word_1_719' title='bbox 3116 4294 3348 4351; x_wconf 82' lang='lat' dir='ltr'><strong>sumciat</strong></span> <span class='ocrx_word' id='word_1_720' title='bbox 3389 4295 3511 4364; x_wconf 84' lang='lat' dir='ltr'><strong>ejus</strong></span> 
     </span>
    </p>
   </div>
   <div class='ocr_carea' id='block_1_90' title="bbox 1930 4389 3510 4460">
    <p class='ocr_par' dir='ltr' id='par_1_90' title="bbox 1930 4389 3510 4460">
     <span class='ocr_line' id='line_1_90' title="bbox 1930 4389 3510 4460; baseline -0.001 -16"><span class='ocrx_word' id='word_1_721' title='bbox 1930 4391 2170 4460; x_wconf 77' lang='lat' dir='ltr'><strong>iustitia,</strong></span> <span class='ocrx_word' id='word_1_722' title='bbox 2202 4403 2260 4443; x_wconf 90' lang='lat' dir='ltr'><strong>ut</strong></span> <span class='ocrx_word' id='word_1_723' title='bbox 2294 4390 2358 4444; x_wconf 88' lang='lat' dir='ltr'><strong>ad</strong></span> <span class='ocrx_word' id='word_1_724' title='bbox 2397 4391 2774 4459; x_wconf 87' lang='lat' dir='ltr'><strong>plenissimam</strong></span> <span class='ocrx_word' id='word_1_725' title='bbox 2797 4396 2852 4442; x_wconf 93' lang='lat' dir='ltr'><strong>et</strong></span> <span class='ocrx_word' id='word_1_726' title='bbox 2899 4389 3358 4458; x_wconf 80' lang='lat' dir='ltr'><strong>perfectissimam</strong></span> <span class='ocrx_word' id='word_1_727' title='bbox 3394 4390 3510 4457; x_wconf 86' lang='lat' dir='ltr'><strong>pie—</strong></span> 
     </span>
    </p>
   </div>
   <div class='ocr_carea' id='block_1_91' title="bbox 1934 4480 3510 4548">
    <p class='ocr_par' dir='ltr' id='par_1_91' title="bbox 1934 4480 3510 4548">
     <span class='ocr_line' id='line_1_91' title="bbox 1934 4480 3510 4548; baseline -0.003 -12"><span class='ocrx_word' id='word_1_728' title='bbox 1934 4491 2101 4537; x_wconf 87' lang='lat' dir='ltr'><strong>tatem</strong></span> <span class='ocrx_word' id='word_1_729' title='bbox 2162 4483 2436 4536; x_wconf 84' lang='lat' dir='ltr'><strong>hominem</strong></span> <span class='ocrx_word' id='word_1_730' title='bbox 2492 4491 2733 4546; x_wconf 83' lang='lat' dir='ltr'><strong>revocet,</strong></span> <span class='ocrx_word' id='word_1_731' title='bbox 2781 4481 3026 4535; x_wconf 89' lang='lat' dir='ltr'><strong>divinum</strong></span> <span class='ocrx_word' id='word_1_732' title='bbox 3086 4481 3203 4534; x_wconf 89' lang='lat' dir='ltr'><strong>dari</strong></span> <span class='ocrx_word' id='word_1_733' title='bbox 3247 4480 3510 4548; x_wconf 89' lang='lat' dir='ltr'><strong>Spiritum</strong></span> 
     </span>
    </p>
   </div>
   <div class='ocr_carea' id='block_1_92' title="bbox 244 4565 1826 4645">
    <p class='ocr_par' dir='ltr' id='par_1_92' title="bbox 244 4565 1826 4645">
     <span class='ocr_line' id='line_1_92' title="bbox 244 4565 1826 4645; baseline 0.016 -24"><span class='ocrx_word' id='word_1_734' title='bbox 244 4570 308 4622; x_wconf 69' lang='grc' dir='ltr'><strong>τδ</strong></span> <span class='ocrx_word' id='word_1_735' title='bbox 341 4569 567 4640; x_wconf 81' lang='grc' dir='ltr'>Πνεῦμα</span> <span class='ocrx_word' id='word_1_736' title='bbox 592 4569 849 4639; x_wconf 81' lang='grc' dir='ltr'>Χριστοῦ.</span> <span class='ocrx_word' id='word_1_737' title='bbox 895 4571 1146 4641; x_wconf 80' lang='grc' dir='ltr'>συνήσεις</span> <span class='ocrx_word' id='word_1_738' title='bbox 1173 4565 1232 4622; x_wconf 79' lang='grc' dir='ltr'>εὖ</span> <span class='ocrx_word' id='word_1_739' title='bbox 1267 4571 1410 4640; x_wconf 82' lang='grc' dir='ltr'>μάλα</span> <span class='ocrx_word' id='word_1_740' title='bbox 1437 4571 1498 4624; x_wconf 74' lang='grc' dir='ltr'>τὸ</span> <span class='ocrx_word' id='word_1_741' title='bbox 1530 4573 1616 4626; x_wconf 78' lang='grc' dir='ltr'><strong>διὰ</strong></span> <span class='ocrx_word' id='word_1_742' title='bbox 1645 4574 1826 4645; x_wconf 81' lang='grc' dir='ltr'>φωνῆς</span> 
     </span>
    </p>
   </div>
   <div class='ocr_carea' id='block_1_93' title="bbox 1931 4565 3510 4645">
    <p class='ocr_par' dir='ltr' id='par_1_93' title="bbox 1941 4572 3510 4645">
     <span class='ocr_line' id='line_1_93' title="bbox 1941 4572 3510 4645; baseline -0.003 -16"><span class='ocrx_word' id='word_1_743' title='bbox 1941 4575 2172 4645; x_wconf 85' lang='lat' dir='ltr'><strong>ﬂagitat,</strong></span> <span class='ocrx_word' id='word_1_744' title='bbox 2217 4583 2520 4644; x_wconf 88' lang='lat' dir='ltr'><strong>per&#39;quem</strong></span> <span class='ocrx_word' id='word_1_745' title='bbox 2583 4574 2920 4630; x_wconf 88' lang='lat' dir='ltr'><strong>reconciliati</strong></span> <span class='ocrx_word' id='word_1_746' title='bbox 2978 4573 3091 4628; x_wconf 87' lang='lat' dir='ltr'><strong>Deo</strong></span> <span class='ocrx_word' id='word_1_747' title='bbox 3136 4589 3201 4628; x_wconf 89' lang='lat' dir='ltr'><strong>ac</strong></span> <span class='ocrx_word' id='word_1_748' title='bbox 3258 4572 3408 4627; x_wconf 87' lang='lat' dir='ltr'><strong>Patri</strong></span> <span class='ocrx_word' id='word_1_749' title='bbox 3447 4573 3510 4627; x_wconf 88' lang='lat' dir='ltr'><strong>ad</strong></span> 
     </span>
    </p>
   </div>
   <div class='ocr_carea' id='block_1_94' title="bbox 257 4657 1828 4733">
    <p class='ocr_par' dir='ltr' id='par_1_94' title="bbox 257 4657 1828 4733">
     <span class='ocr_line' id='line_1_94' title="bbox 257 4657 1828 4733; baseline 0.001 -21"><span class='ocrx_word' id='word_1_750' title='bbox 257 4659 490 4712; x_wconf 76' lang='grc' dir='ltr'>Ἡσαΐου</span> <span class='ocrx_word' id='word_1_751' title='bbox 533 4659 717 4728; x_wconf 82' lang='grc' dir='ltr'>μαθὼν</span> <span class='ocrx_word' id='word_1_752' title='bbox 740 4674 754 4688; x_wconf 87' lang='grc'><strong>·</strong></span> <span class='ocrx_word' id='word_1_753' title='bbox 794 4678 812 4710; x_wconf 76' lang='grc' dir='ltr'><strong>ι</strong></span> <span class='ocrx_word' id='word_1_754' title='bbox 837 4657 1010 4728; x_wconf 84' lang='grc' dir='ltr'>Κύριε</span> <span class='ocrx_word' id='word_1_755' title='bbox 1041 4658 1169 4730; x_wconf 80' lang='grc' dir='ltr'>γὰρ,</span> <span class='ocrx_word' id='word_1_756' title='bbox 1205 4661 1390 4730; x_wconf 74' lang='grc' dir='ltr'>φησὶν,</span> <span class='ocrx_word' id='word_1_757' title='bbox 1424 4660 1452 4711; x_wconf 91' lang='lat'><strong>6</strong></span> <span class='ocrx_word' id='word_1_758' title='bbox 1483 4661 1614 4722; x_wconf 83' lang='grc' dir='ltr'>Θεὸς</span> <span class='ocrx_word' id='word_1_759' title='bbox 1648 4664 1828 4733; x_wconf 79' lang='grc' dir='ltr'>ἡμῶν,</span> 
     </span>
    </p>
   </div>
   <div class='ocr_carea' id='block_1_95' title="bbox 139 4747 1835 4822">
    <p class='ocr_par' dir='ltr' id='par_1_95' title="bbox 139 4747 1835 4822">
     <span class='ocr_line' id='line_1_95' title="bbox 139 4747 1835 4822; baseline 0.004 -23"><span class='ocrx_word' id='word_1_760' title='bbox 139 4783 144 4786; x_wconf 92' lang='grc'><strong><em>-</em></strong></span> <span class='ocrx_word' id='word_1_761' title='bbox 244 4750 476 4819; x_wconf 88' lang='grc' dir='ltr'>εἰρήνην</span> <span class='ocrx_word' id='word_1_762' title='bbox 505 4747 590 4811; x_wconf 80' lang='grc' dir='ltr'><strong>δὺς</strong></span> <span class='ocrx_word' id='word_1_763' title='bbox 617 4749 748 4817; x_wconf 87' lang='grc' dir='ltr'>ήμῖν</span> <span class='ocrx_word' id='word_1_764' title='bbox 774 4764 788 4778; x_wconf 72' lang='grc' dir='ltr'><strong>ο</strong></span> <span class='ocrx_word' id='word_1_765' title='bbox 822 4748 1000 4800; x_wconf 82' lang='grc' dir='ltr'>πάντα</span> <span class='ocrx_word' id='word_1_766' title='bbox 1029 4747 1138 4818; x_wconf 82' lang='grc' dir='ltr'><strong>γὰρ</strong></span> <span class='ocrx_word' id='word_1_767' title='bbox 1167 4750 1455 4814; x_wconf 81' lang='grc' dir='ltr'>ἀπέδωκας</span> <span class='ocrx_word' id='word_1_768' title='bbox 1485 4752 1635 4822; x_wconf 82' lang='grc' dir='ltr'>ἡμῖν.</span> <span class='ocrx_word' id='word_1_769' title='bbox 1669 4772 1686 4803; x_wconf 73' lang='grc' dir='ltr'><strong>ι</strong></span> <span class='ocrx_word' id='word_1_770' title='bbox 1747 4754 1835 4817; x_wconf 87' lang='grc' dir='ltr'>Ὠς</span> 
     </span>
    </p>
   </div>
   <div class='ocr_carea' id='block_1_96' title="bbox 244 4839 1836 4916">
    <p class='ocr_par' dir='ltr' id='par_1_96' title="bbox 244 4839 1836 4916">
     <span class='ocr_line' id='line_1_96' title="bbox 244 4839 1836 4916; baseline 0.001 -20"><span class='ocrx_word' id='word_1_771' title='bbox 244 4844 360 4912; x_wconf 68' lang='grc' dir='ltr'>γὰρ</span> <span class='ocrx_word' id='word_1_772' title='bbox 393 4843 544 4895; x_wconf 79' lang='grc' dir='ltr'>οὐδὲν</span> <span class='ocrx_word' id='word_1_773' title='bbox 572 4839 667 4894; x_wconf 82' lang='grc' dir='ltr'><strong>τοῦ</strong></span> <span class='ocrx_word' id='word_1_774' title='bbox 702 4841 872 4912; x_wconf 85' lang='grc' dir='ltr'>νόμου</span> <span class='ocrx_word' id='word_1_775' title='bbox 900 4841 1333 4908; x_wconf 84' lang='grc' dir='ltr'>τετελειωκότος,</span> <span class='ocrx_word' id='word_1_776' title='bbox 1376 4841 1500 4896; x_wconf 76' lang='grc' dir='ltr'>οὔτε</span> <span class='ocrx_word' id='word_1_777' title='bbox 1535 4844 1641 4916; x_wconf 81' lang='grc' dir='ltr'>μὴν</span> <span class='ocrx_word' id='word_1_778' title='bbox 1673 4845 1836 4916; x_wconf 80' lang='grc' dir='ltr'>ἐξαρ-</span> 
     </span>
    </p>
   </div>
   <div class='ocr_carea' id='block_1_97' title="bbox 246 4933 1834 5006">
    <p class='ocr_par' dir='ltr' id='par_1_97' title="bbox 246 4933 1834 5006">
     <span class='ocr_line' id='line_1_97' title="bbox 246 4933 1834 5006; baseline 0.004 -22"><span class='ocrx_word' id='word_1_779' title='bbox 246 4933 457 5001; x_wconf 83' lang='grc' dir='ltr'>κούσης</span> <span class='ocrx_word' id='word_1_780' title='bbox 487 4933 585 5002; x_wconf 83' lang='grc' dir='ltr'>τῆς</span> <span class='ocrx_word' id='word_1_781' title='bbox 621 4933 741 4985; x_wconf 86' lang='grc' dir='ltr'>κατ’</span> <span class='ocrx_word' id='word_1_782' title='bbox 773 4933 938 4986; x_wconf 81' lang='grc' dir='ltr'>αὑτὸν</span> <span class='ocrx_word' id='word_1_783' title='bbox 963 4933 1312 5003; x_wconf 80' lang='grc' dir='ltr'>δικαιοσύνης</span> <span class='ocrx_word' id='word_1_784' title='bbox 1345 4935 1424 4998; x_wconf 84' lang='grc' dir='ltr'><strong>εἰς</strong></span> <span class='ocrx_word' id='word_1_785' title='bbox 1454 4935 1834 5006; x_wconf 83' lang='grc' dir='ltr'>πληρεστάτην</span> 
     </span>
    </p>
   </div>
   <div class='ocr_carea' id='block_1_98' title="bbox 249 5025 1834 5100">
    <p class='ocr_par' dir='ltr' id='par_1_98' title="bbox 249 5025 1834 5100">
     <span class='ocr_line' id='line_1_98' title="bbox 249 5025 1834 5100; baseline 0.003 -21"><span class='ocrx_word' id='word_1_786' title='bbox 249 5025 536 5079; x_wconf 73' lang='grc' dir='ltr'>εύσέδειαν</span> <span class='ocrx_word' id='word_1_787' title='bbox 562 5027 896 5097; x_wconf 83' lang='grc' dir='ltr'>ἀνακομίσαι</span> <span class='ocrx_word' id='word_1_788' title='bbox 941 5027 1031 5079; x_wconf 77' lang='grc' dir='ltr'>τὸν</span> <span class='ocrx_word' id='word_1_789' title='bbox 1060 5027 1364 5099; x_wconf 77' lang='grc' dir='ltr'>ἄνθρωπον,</span> <span class='ocrx_word' id='word_1_790' title='bbox 1409 5029 1468 5082; x_wconf 86' lang='grc' dir='ltr'><strong>τὺ</strong></span> <span class='ocrx_word' id='word_1_791' title='bbox 1519 5029 1746 5100; x_wconf 82' lang='grc' dir='ltr'>Πνεῦμα</span> <span class='ocrx_word' id='word_1_792' title='bbox 1773 5031 1834 5083; x_wconf 76' lang='grc' dir='ltr'>τὸ</span> 
     </span>
    </p>
   </div>
   <div class='ocr_carea' id='block_1_99' title="bbox 245 5114 1834 5194">
    <p class='ocr_par' dir='ltr' id='par_1_99' title="bbox 245 5114 1834 5194">
     <span class='ocr_line' id='line_1_99' title="bbox 245 5114 1834 5194; baseline 0.004 -24"><span class='ocrx_word' id='word_1_793' title='bbox 245 5118 394 5170; x_wconf 60' lang='grc' dir='ltr'>θεῖον</span> <span class='ocrx_word' id='word_1_794' title='bbox 439 5119 658 5186; x_wconf 83' lang='grc' dir='ltr'>δοθῆναι</span> <span class='ocrx_word' id='word_1_795' title='bbox 705 5120 1047 5190; x_wconf 87' lang='grc' dir='ltr'>παρακαλεῖ,</span> <span class='ocrx_word' id='word_1_796' title='bbox 1089 5120 1154 5174; x_wconf 83' lang='grc' dir='ltr'>δι’</span> <span class='ocrx_word' id='word_1_797' title='bbox 1192 5114 1254 5174; x_wconf 79' lang='grc' dir='ltr'><strong>οῦ</strong></span> <span class='ocrx_word' id='word_1_798' title='bbox 1288 5123 1728 5194; x_wconf 86' lang='grc' dir='ltr'>κατηλλαγμένοι</span> <span class='ocrx_word' id='word_1_799' title='bbox 1755 5124 1834 5194; x_wconf 79' lang='grc' dir='ltr'>τῷ</span> 
     </span>
    </p>
   </div>
   <div class='ocr_carea' id='block_1_100' title="bbox 243 5209 1835 5286">
    <p class='ocr_par' dir='ltr' id='par_1_100' title="bbox 243 5209 1835 5286">
     <span class='ocr_line' id='line_1_100' title="bbox 243 5209 1835 5286; baseline 0.004 -24"><span class='ocrx_word' id='word_1_800' title='bbox 243 5209 372 5280; x_wconf 83' lang='grc' dir='ltr'>Θεῷ</span> <span class='ocrx_word' id='word_1_801' title='bbox 399 5211 493 5264; x_wconf 73' lang='grc' dir='ltr'>καὶ</span> <span class='ocrx_word' id='word_1_802' title='bbox 514 5211 688 5281; x_wconf 83' lang='grc' dir='ltr'>Πατρί</span> <span class='ocrx_word' id='word_1_803' title='bbox 720 5212 857 5282; x_wconf 82' lang='grc' dir='ltr'>πρὸς</span> <span class='ocrx_word' id='word_1_804' title='bbox 891 5212 1070 5280; x_wconf 84' lang='grc' dir='ltr'>φιλίαν</span> <span class='ocrx_word' id='word_1_805' title='bbox 1096 5214 1537 5286; x_wconf 83' lang='grc' dir='ltr'>ἀνακεκλήμεοα,</span> <span class='ocrx_word' id='word_1_806' title='bbox 1570 5215 1835 5284; x_wconf 79' lang='grc' dir='ltr'>δραπέται</span> 
     </span>
    </p>
   </div>
   <div class='ocr_carea' id='block_1_101' title="bbox 243 5302 1833 5378">
    <p class='ocr_par' dir='ltr' id='par_1_101' title="bbox 243 5302 1833 5378">
     <span class='ocr_line' id='line_1_101' title="bbox 243 5302 1833 5378; baseline 0.003 -24"><span class='ocrx_word' id='word_1_807' title='bbox 243 5302 308 5354; x_wconf 80' lang='grc' dir='ltr'>τὸ</span> <span class='ocrx_word' id='word_1_808' title='bbox 337 5305 470 5372; x_wconf 70' lang='grc' dir='ltr'>πρὶν</span> <span class='ocrx_word' id='word_1_809' title='bbox 502 5302 936 5374; x_wconf 83' lang='grc' dir='ltr'>ἀναδεδειγμένοι</span> <span class='ocrx_word' id='word_1_810' title='bbox 965 5304 1050 5358; x_wconf 76' lang='grc' dir='ltr'><strong>διὰ</strong></span> <span class='ocrx_word' id='word_1_811' title='bbox 1079 5304 1180 5375; x_wconf 80' lang='grc' dir='ltr'>τὴν</span> <span class='ocrx_word' id='word_1_812' title='bbox 1206 5307 1290 5374; x_wconf 78' lang='grc' dir='ltr'><strong>ἐφ’</strong></span> <span class='ocrx_word' id='word_1_813' title='bbox 1322 5309 1470 5377; x_wconf 82' lang='grc' dir='ltr'>ἡμᾶς</span> <span class='ocrx_word' id='word_1_814' title='bbox 1521 5306 1833 5378; x_wconf 85' lang='grc' dir='ltr'>βασιλεύου-</span> 
     </span>
    </p>
   </div>
   <div class='ocr_carea' id='block_1_102' title="bbox 249 5396 1832 5471">
    <p class='ocr_par' dir='ltr' id='par_1_102' title="bbox 249 5396 1832 5471">
     <span class='ocr_line' id='line_1_102' title="bbox 249 5396 1832 5471; baseline 0.005 -25"><span class='ocrx_word' id='word_1_815' title='bbox 249 5413 352 5449; x_wconf 87' lang='grc' dir='ltr'><strong>σαν</strong></span> <span class='ocrx_word' id='word_1_816' title='bbox 413 5396 710 5466; x_wconf 82' lang='grc' dir='ltr'>ἁμαρτίαν.</span> <span class='ocrx_word' id='word_1_817' title='bbox 761 5397 860 5460; x_wconf 86' lang='grc' dir='ltr'><strong>Δὸς</strong></span> <span class='ocrx_word' id='word_1_818' title='bbox 910 5397 1200 5469; x_wconf 88' lang='grc' dir='ltr'>τοιγαροῦν</span> <span class='ocrx_word' id='word_1_819' title='bbox 1252 5398 1350 5469; x_wconf 85' lang='grc' dir='ltr'><strong>τὴν</strong></span> <span class='ocrx_word' id='word_1_820' title='bbox 1395 5401 1617 5471; x_wconf 86' lang='grc' dir='ltr'>εἰρήνην</span> <span class='ocrx_word' id='word_1_821' title='bbox 1665 5402 1832 5470; x_wconf 83' lang='grc' dir='ltr'>ἡμῖν,</span> 
     </span>
    </p>
   </div>
   <div class='ocr_carea' id='block_1_103' title="bbox 246 5483 1833 5563">
    <p class='ocr_par' dir='ltr' id='par_1_103' title="bbox 246 5483 1833 5563">
     <span class='ocr_line' id='line_1_103' title="bbox 246 5483 1833 5563; baseline 0.003 -23"><span class='ocrx_word' id='word_1_822' title='bbox 246 5490 442 5558; x_wconf 65' lang='grc' dir='ltr'>φησὶν,</span> <span class='ocrx_word' id='word_1_823' title='bbox 481 5483 527 5542; x_wconf 80' lang='grc' dir='ltr'><strong>ὦ</strong></span> <span class='ocrx_word' id='word_1_824' title='bbox 553 5490 817 5553; x_wconf 84' lang='grc' dir='ltr'>Δέσποτα,</span> <span class='ocrx_word' id='word_1_825' title='bbox 853 5489 1031 5543; x_wconf 84' lang='grc' dir='ltr'>πάντα</span> <span class='ocrx_word' id='word_1_826' title='bbox 1057 5490 1166 5560; x_wconf 80' lang='grc' dir='ltr'><strong>γὰρ</strong></span> <span class='ocrx_word' id='word_1_827' title='bbox 1203 5492 1488 5556; x_wconf 83' lang='grc' dir='ltr'>ἀπέδωκας</span> <span class='ocrx_word' id='word_1_828' title='bbox 1518 5493 1671 5563; x_wconf 83' lang='grc' dir='ltr'>ἡμῖν.</span> <span class='ocrx_word' id='word_1_829' title='bbox 1723 5493 1833 5545; x_wconf 70' lang='grc' dir='ltr'>Καὶ</span> 
     </span>
    </p>
   </div>
   <div class='ocr_carea' id='block_1_104' title="bbox 243 5577 1832 5652">
    <p class='ocr_par' dir='ltr' id='par_1_104' title="bbox 243 5577 1832 5652">
     <span class='ocr_line' id='line_1_104' title="bbox 243 5577 1832 5652; baseline 0.003 -18"><span class='ocrx_word' id='word_1_830' title='bbox 243 5582 275 5634; x_wconf 81' lang='grc' dir='ltr'><strong>ὃ</strong></span> <span class='ocrx_word' id='word_1_831' title='bbox 327 5579 580 5651; x_wconf 83' lang='grc' dir='ltr'>βούλεται</span> <span class='ocrx_word' id='word_1_832' title='bbox 631 5581 822 5650; x_wconf 85' lang='grc' dir='ltr'>δηλοῦν</span> <span class='ocrx_word' id='word_1_833' title='bbox 871 5577 1011 5634; x_wconf 81' lang='grc' dir='ltr'>εἷναί</span> <span class='ocrx_word' id='word_1_834' title='bbox 1066 5599 1211 5652; x_wconf 83' lang='grc' dir='ltr'>φημι</span> <span class='ocrx_word' id='word_1_835' title='bbox 1266 5583 1539 5636; x_wconf 71' lang='grc' dir='ltr'>τοιοῦτονο</span> <span class='ocrx_word' id='word_1_836' title='bbox 1601 5585 1832 5647; x_wconf 86' lang='grc' dir='ltr'>Ἐπίδος,</span> 
     </span>
    </p>
   </div>
   <div class='ocr_carea' id='block_1_105' title="bbox 247 5667 1828 5747">
    <p class='ocr_par' dir='ltr' id='par_1_105' title="bbox 247 5667 1828 5747">
     <span class='ocr_line' id='line_1_105' title="bbox 247 5667 1828 5747; baseline 0.003 -22"><span class='ocrx_word' id='word_1_837' title='bbox 247 5667 512 5745; x_wconf 54' lang='lat' dir='ltr'><strong>(maia/,6)</strong></span> <span class='ocrx_word' id='word_1_838' title='bbox 556 5673 821 5737; x_wconf 80' lang='grc' dir='ltr'>Δέσποτα,</span> <span class='ocrx_word' id='word_1_839' title='bbox 868 5674 966 5745; x_wconf 81' lang='grc' dir='ltr'>τὴν</span> <span class='ocrx_word' id='word_1_840' title='bbox 1014 5675 1256 5746; x_wconf 87' lang='grc' dir='ltr'>εἰρήνην.</span> <span class='ocrx_word' id='word_1_841' title='bbox 1313 5675 1494 5729; x_wconf 80' lang='grc' dir='ltr'>Πάντα</span> <span class='ocrx_word' id='word_1_842' title='bbox 1537 5677 1643 5747; x_wconf 79' lang='grc' dir='ltr'>γὰρ</span> <span class='ocrx_word' id='word_1_843' title='bbox 1688 5676 1828 5746; x_wconf 82' lang='grc' dir='ltr'>ἔχειν</span> 
     </span>
    </p>
   </div>
   <div class='ocr_carea' id='block_1_106' title="bbox 324 5849 1496 5922">
    <p class='ocr_par' dir='ltr' id='par_1_106' title="bbox 324 5849 1496 5922">
     <span class='ocr_line' id='line_1_106' title="bbox 324 5849 1496 5922; baseline 0.004 -19"><span class='ocrx_word' id='word_1_844' title='bbox 324 5849 445 5881; x_wconf 57' lang='grc' dir='ltr'><strong>δ”ῖθ</strong></span> <span class='ocrx_word' id='word_1_845' title='bbox 483 5849 717 5922; x_wconf 85' lang='lat' dir='ltr'><strong>Philipp.</strong></span> <span class='ocrx_word' id='word_1_846' title='bbox 749 5867 825 5917; x_wconf 84' lang='lat' dir='ltr'><strong>tv,</strong></span> <span class='ocrx_word' id='word_1_847' title='bbox 866 5850 914 5906; x_wconf 85' lang='grc'><strong>7.</strong></span> <span class='ocrx_word' id='word_1_848' title='bbox 996 5853 1038 5887; x_wconf 69' lang='grc'><strong>⁸⁷</strong></span> <span class='ocrx_word' id='word_1_849' title='bbox 1077 5851 1179 5908; x_wconf 82' lang='lat' dir='ltr'><strong>lsa.</strong></span> <span class='ocrx_word' id='word_1_850' title='bbox 1220 5869 1376 5921; x_wconf 76' lang='lat' dir='ltr'><strong>xxvi,</strong></span> <span class='ocrx_word' id='word_1_851' title='bbox 1414 5855 1496 5908; x_wconf 71' lang='lat'><strong>12.</strong></span> 
     </span>
    </p>
   </div>
   <div class='ocr_carea' id='block_1_107' title="bbox 1935 4665 3510 4736">
    <p class='ocr_par' dir='ltr' id='par_1_107' title="bbox 1935 4665 3510 4736">
     <span class='ocr_line' id='line_1_107' title="bbox 1935 4665 3510 4736; baseline -0.002 -17"><span class='ocrx_word' id='word_1_852' title='bbox 1935 4666 2232 4720; x_wconf 87' lang='lat' dir='ltr'><strong>amicitiam</strong></span> <span class='ocrx_word' id='word_1_853' title='bbox 2276 4667 2518 4721; x_wconf 83' lang='lat' dir='ltr'><strong>revocati</strong></span> <span class='ocrx_word' id='word_1_854' title='bbox 2551 4681 2768 4732; x_wconf 88' lang='lat' dir='ltr'><strong>sumus,</strong></span> <span class='ocrx_word' id='word_1_855' title='bbox 2796 4666 2889 4736; x_wconf 91' lang='lat' dir='ltr'><strong>qui</strong></span> <span class='ocrx_word' id='word_1_856' title='bbox 2931 4673 3148 4736; x_wconf 77' lang='lat' dir='ltr'><strong>propter</strong></span> <span class='ocrx_word' id='word_1_857' title='bbox 3183 4679 3420 4734; x_wconf 80' lang='lat' dir='ltr'><strong>regnans</strong></span> <span class='ocrx_word' id='word_1_858' title='bbox 3459 4665 3510 4717; x_wconf 89' lang='lat' dir='ltr'><strong>in</strong></span> 
     </span>
    </p>
   </div>
   <div class='ocr_carea' id='block_1_108' title="bbox 1935 4753 3509 4829">
    <p class='ocr_par' dir='ltr' id='par_1_108' title="bbox 1935 4753 3509 4829">
     <span class='ocr_line' id='line_1_108' title="bbox 1935 4753 3509 4829; baseline -0.003 -18"><span class='ocrx_word' id='word_1_859' title='bbox 1935 4774 2035 4813; x_wconf 88' lang='lat' dir='ltr'><strong>nos</strong></span> <span class='ocrx_word' id='word_1_860' title='bbox 2069 4767 2358 4829; x_wconf 87' lang='lat' dir='ltr'><strong>peccatum</strong></span> <span class='ocrx_word' id='word_1_861' title='bbox 2413 4757 2626 4828; x_wconf 81' lang='lat' dir='ltr'><strong>fugitivi</strong></span> <span class='ocrx_word' id='word_1_862' title='bbox 2671 4757 2825 4828; x_wconf 91' lang='lat' dir='ltr'><strong>prius</strong></span> <span class='ocrx_word' id='word_1_863' title='bbox 2869 4771 3110 4811; x_wconf 84' lang='lat' dir='ltr'><strong>eramus.</strong></span> <span class='ocrx_word' id='word_1_864' title='bbox 3153 4773 3170 4804; x_wconf 84' lang='grc' dir='ltr'><strong>ι</strong></span> <span class='ocrx_word' id='word_1_865' title='bbox 3209 4753 3284 4806; x_wconf 91' lang='lat' dir='ltr'><strong>Da</strong></span> <span class='ocrx_word' id='word_1_866' title='bbox 3324 4769 3509 4821; x_wconf 89' lang='lat' dir='ltr'><strong>pacem</strong></span> 
     </span>
    </p>
   </div>
   <div class='ocr_carea' id='block_1_109' title="bbox 1935 4845 3508 4922">
    <p class='ocr_par' dir='ltr' id='par_1_109' title="bbox 1935 4845 3508 4922">
     <span class='ocr_line' id='line_1_109' title="bbox 1935 4845 3508 4922; baseline -0.004 -17"><span class='ocrx_word' id='word_1_867' title='bbox 1935 4853 2094 4906; x_wconf 88' lang='lat' dir='ltr'><strong>nobis</strong></span> <span class='ocrx_word' id='word_1_868' title='bbox 2145 4852 2330 4922; x_wconf 82' lang='lat' dir='ltr'><strong>igitur,</strong></span> <span class='ocrx_word' id='word_1_869' title='bbox 2382 4867 2415 4906; x_wconf 94' lang='lat' dir='ltr'><strong>o</strong></span> <span class='ocrx_word' id='word_1_870' title='bbox 2457 4850 2686 4905; x_wconf 88' lang='lat' dir='ltr'><strong>Domine</strong></span> <span class='ocrx_word' id='word_1_871' title='bbox 2737 4850 2966 4905; x_wconf 89' lang='lat' dir='ltr'><strong>:omnia</strong></span> <span class='ocrx_word' id='word_1_872' title='bbox 3024 4846 3168 4902; x_wconf 89' lang='lat' dir='ltr'><strong>enim</strong></span> <span class='ocrx_word' id='word_1_873' title='bbox 3224 4845 3508 4900; x_wconf 89' lang='lat' dir='ltr'><strong>reddidisti</strong></span> 
     </span>
    </p>
   </div>
   <div class='ocr_carea' id='block_1_110' title="bbox 1936 4936 3510 5008">
    <p class='ocr_par' dir='ltr' id='par_1_110' title="bbox 1936 4936 3510 5008">
     <span class='ocr_line' id='line_1_110' title="bbox 1936 4936 3510 5008; baseline -0.004 -10"><span class='ocrx_word' id='word_1_874' title='bbox 1936 4945 2119 4999; x_wconf 90' lang='lat' dir='ltr'><strong>nobis.</strong></span> <span class='ocrx_word' id='word_1_875' title='bbox 2154 4963 2172 4995; x_wconf 75' lang='grc' dir='ltr'><strong>ι</strong></span> <span class='ocrx_word' id='word_1_876' title='bbox 2209 4943 2353 4998; x_wconf 92' lang='lat' dir='ltr'><strong>Idem</strong></span> <span class='ocrx_word' id='word_1_877' title='bbox 2387 4952 2472 4998; x_wconf 92' lang='lat' dir='ltr'><strong>est</strong></span> <span class='ocrx_word' id='word_1_878' title='bbox 2509 4958 2577 4998; x_wconf 91' lang='lat' dir='ltr'><strong>ac</strong></span> <span class='ocrx_word' id='word_1_879' title='bbox 2608 4943 2653 4999; x_wconf 92' lang='lat' dir='ltr'><strong>si</strong></span> <span class='ocrx_word' id='word_1_880' title='bbox 2683 4943 2888 4997; x_wconf 89' lang='lat' dir='ltr'><strong>diceret</strong></span> <span class='ocrx_word' id='word_1_881' title='bbox 2919 4955 2931 4992; x_wconf 85' lang='lat'><strong>:</strong></span> <span class='ocrx_word' id='word_1_882' title='bbox 2970 4939 3066 5005; x_wconf 87' lang='lat' dir='ltr'><strong>Da,</strong></span> <span class='ocrx_word' id='word_1_883' title='bbox 3108 4939 3308 5008; x_wconf 88' lang='lat' dir='ltr'><strong>inquit,</strong></span> <span class='ocrx_word' id='word_1_884' title='bbox 3342 4953 3374 4992; x_wconf 91' lang='grc' dir='ltr'><strong>ο</strong></span> <span class='ocrx_word' id='word_1_885' title='bbox 3407 4936 3510 4991; x_wconf 76' lang='lat' dir='ltr'><strong>no-</strong></span> 
     </span>
    </p>
   </div>
   <div class='ocr_carea' id='block_1_111' title="bbox 1939 5030 3513 5106">
    <p class='ocr_par' dir='ltr' id='par_1_111' title="bbox 1939 5030 3513 5106">
     <span class='ocr_line' id='line_1_111' title="bbox 1939 5030 3513 5106; baseline -0.001 -17"><span class='ocrx_word' id='word_1_886' title='bbox 1939 5037 2104 5099; x_wconf 89' lang='lat' dir='ltr'><strong>mine,</strong></span> <span class='ocrx_word' id='word_1_887' title='bbox 2136 5051 2348 5106; x_wconf 88' lang='lat' dir='ltr'><strong>pacem.</strong></span> <span class='ocrx_word' id='word_1_888' title='bbox 2395 5035 2591 5091; x_wconf 90' lang='lat' dir='ltr'><strong>Omnia</strong></span> <span class='ocrx_word' id='word_1_889' title='bbox 2641 5034 2785 5090; x_wconf 90' lang='lat' dir='ltr'><strong>enim</strong></span> <span class='ocrx_word' id='word_1_890' title='bbox 2817 5041 2948 5086; x_wconf 90' lang='lat' dir='ltr'><strong>tunc</strong></span> <span class='ocrx_word' id='word_1_891' title='bbox 2986 5047 3087 5087; x_wconf 87' lang='lat' dir='ltr'><strong>nos</strong></span> <span class='ocrx_word' id='word_1_892' title='bbox 3125 5032 3329 5087; x_wconf 90' lang='lat' dir='ltr'><strong>habere</strong></span> <span class='ocrx_word' id='word_1_893' title='bbox 3377 5030 3513 5087; x_wconf 85' lang='lat' dir='ltr'><strong>fate-</strong></span> 
     </span>
    </p>
   </div>
   <div class='ocr_carea' id='block_1_112' title="bbox 1936 5125 3513 5200">
    <p class='ocr_par' dir='ltr' id='par_1_112' title="bbox 1936 5125 3513 5200">
     <span class='ocr_line' id='line_1_112' title="bbox 1936 5125 3513 5200; baseline -0.004 -16"><span class='ocrx_word' id='word_1_894' title='bbox 1936 5129 2140 5192; x_wconf 89' lang='lat' dir='ltr'><strong>bimur,</strong></span> <span class='ocrx_word' id='word_1_895' title='bbox 2170 5129 2418 5200; x_wconf 86' lang='lat' dir='ltr'><strong>nihilque</strong></span> <span class='ocrx_word' id='word_1_896' title='bbox 2453 5129 2580 5184; x_wconf 87' lang='lat' dir='ltr'><strong>boni</strong></span> <span class='ocrx_word' id='word_1_897' title='bbox 2631 5129 2827 5184; x_wconf 87' lang='lat' dir='ltr'><strong>deesse</strong></span> <span class='ocrx_word' id='word_1_898' title='bbox 2856 5125 3130 5181; x_wconf 84' lang='lat' dir='ltr'><strong>videbitur</strong></span> <span class='ocrx_word' id='word_1_899' title='bbox 3167 5125 3216 5180; x_wconf 92' lang='lat' dir='ltr'><strong>ei</strong></span> <span class='ocrx_word' id='word_1_900' title='bbox 3263 5125 3355 5196; x_wconf 91' lang='lat' dir='ltr'><strong>qui</strong></span> <span class='ocrx_word' id='word_1_901' title='bbox 3398 5125 3513 5195; x_wconf 87' lang='lat' dir='ltr'><strong>ple-</strong></span> 
     </span>
    </p>
   </div>
   <div class='ocr_carea' id='block_1_113' title="bbox 1939 5213 3514 5295">
    <p class='ocr_par' dir='ltr' id='par_1_113' title="bbox 1939 5213 3514 5295">
     <span class='ocr_line' id='line_1_113' title="bbox 1939 5213 3514 5295; baseline -0.002 -21"><span class='ocrx_word' id='word_1_902' title='bbox 1939 5222 2244 5277; x_wconf 90' lang='lat' dir='ltr'><strong>nitudinem</strong></span> <span class='ocrx_word' id='word_1_903' title='bbox 2295 5221 2457 5295; x_wconf 70' lang='grc'><strong>841</strong></span> <span class='ocrx_word' id='word_1_904' title='bbox 2491 5219 2697 5276; x_wconf 90' lang='lat' dir='ltr'><strong>Christi</strong></span> <span class='ocrx_word' id='word_1_905' title='bbox 2744 5213 3042 5289; x_wconf 81' lang='lat' dir='ltr'><strong>acceperit.</strong></span> <span class='ocrx_word' id='word_1_906' title='bbox 3081 5217 3272 5273; x_wconf 90' lang='lat' dir='ltr'><strong>Omnis</strong></span> <span class='ocrx_word' id='word_1_907' title='bbox 3314 5217 3514 5288; x_wconf 89' lang='lat' dir='ltr'><strong>quippe</strong></span> 
     </span>
    </p>
   </div>
   <div class='ocr_carea' id='block_1_114' title="bbox 1939 5308 3516 5382">
    <p class='ocr_par' dir='ltr' id='par_1_114' title="bbox 1939 5308 3516 5382">
     <span class='ocr_line' id='line_1_114' title="bbox 1939 5308 3516 5382; baseline -0.003 -15"><span class='ocrx_word' id='word_1_908' title='bbox 1939 5313 2067 5367; x_wconf 88' lang='lat' dir='ltr'><strong>boni</strong></span> <span class='ocrx_word' id='word_1_909' title='bbox 2106 5313 2388 5382; x_wconf 91' lang='lat' dir='ltr'><strong>plenitudo</strong></span> <span class='ocrx_word' id='word_1_910' title='bbox 2434 5320 2539 5377; x_wconf 89' lang='lat' dir='ltr'><strong>est,</strong></span> <span class='ocrx_word' id='word_1_911' title='bbox 2585 5311 2755 5365; x_wconf 89' lang='lat' dir='ltr'><strong>Deum</strong></span> <span class='ocrx_word' id='word_1_912' title='bbox 2799 5309 2854 5364; x_wconf 92' lang='lat' dir='ltr'><strong>in</strong></span> <span class='ocrx_word' id='word_1_913' title='bbox 2905 5310 3064 5364; x_wconf 86' lang='lat' dir='ltr'><strong>nobis</strong></span> <span class='ocrx_word' id='word_1_914' title='bbox 3119 5308 3368 5363; x_wconf 87' lang='lat' dir='ltr'><strong>habitare</strong></span> <span class='ocrx_word' id='word_1_915' title='bbox 3417 5323 3516 5378; x_wconf 89' lang='lat' dir='ltr'><strong>per</strong></span> 
     </span>
    </p>
   </div>
   <div class='ocr_carea' id='block_1_115' title="bbox 1943 5399 3512 5473">
    <p class='ocr_par' dir='ltr' id='par_1_115' title="bbox 1943 5399 3512 5473">
     <span class='ocr_line' id='line_1_115' title="bbox 1943 5399 3512 5473; baseline -0.002 -18"><span class='ocrx_word' id='word_1_916' title='bbox 1943 5403 2209 5473; x_wconf 87' lang='lat' dir='ltr'><strong>Spiritum</strong></span> <span class='ocrx_word' id='word_1_917' title='bbox 2253 5403 2320 5457; x_wconf 76' lang='grc'><strong>³³.</strong></span> <span class='ocrx_word' id='word_1_918' title='bbox 2373 5403 2648 5470; x_wconf 85' lang='lat' dir='ltr'><strong>Quoniam</strong></span> <span class='ocrx_word' id='word_1_919' title='bbox 2688 5417 2821 5473; x_wconf 85' lang='lat' dir='ltr'><strong>ergo</strong></span> <span class='ocrx_word' id='word_1_920' title='bbox 2867 5400 3109 5472; x_wconf 90' lang='lat' dir='ltr'><strong>Spiritus</strong></span> <span class='ocrx_word' id='word_1_921' title='bbox 3141 5415 3302 5455; x_wconf 88' lang='lat' dir='ltr'><strong>omne</strong></span> <span class='ocrx_word' id='word_1_922' title='bbox 3343 5399 3512 5454; x_wconf 88' lang='lat' dir='ltr'><strong>animi</strong></span> 
     </span>
    </p>
   </div>
   <div class='ocr_carea' id='block_1_116' title="bbox 1942 5492 3515 5566">
    <p class='ocr_par' dir='ltr' id='par_1_116' title="bbox 1942 5492 3515 5566">
     <span class='ocr_line' id='line_1_116' title="bbox 1942 5492 3515 5566; baseline -0.003 -18"><span class='ocrx_word' id='word_1_923' title='bbox 1942 5497 2347 5551; x_wconf 84' lang='lat' dir='ltr'><strong>turbamentum</strong></span> <span class='ocrx_word' id='word_1_924' title='bbox 2383 5496 2597 5561; x_wconf 88' lang='lat' dir='ltr'><strong>sedare,</strong></span> <span class='ocrx_word' id='word_1_925' title='bbox 2621 5509 2950 5566; x_wconf 89' lang='lat' dir='ltr'><strong>omnemque</strong></span> <span class='ocrx_word' id='word_1_926' title='bbox 2980 5493 3035 5548; x_wconf 90' lang='lat' dir='ltr'><strong>in</strong></span> <span class='ocrx_word' id='word_1_927' title='bbox 3079 5493 3238 5548; x_wconf 89' lang='lat' dir='ltr'><strong>nobis</strong></span> <span class='ocrx_word' id='word_1_928' title='bbox 3276 5492 3515 5546; x_wconf 87' lang='lat' dir='ltr'><strong>formidi-</strong></span> 
     </span>
    </p>
   </div>
   <div class='ocr_carea' id='block_1_117' title="bbox 1942 5581 3514 5658">
    <p class='ocr_par' dir='ltr' id='par_1_117' title="bbox 1942 5581 3514 5658">
     <span class='ocr_line' id='line_1_117' title="bbox 1942 5581 3514 5658; baseline -0.004 -16"><span class='ocrx_word' id='word_1_929' title='bbox 1942 5604 2064 5642; x_wconf 90' lang='lat' dir='ltr'><strong>nem</strong></span> <span class='ocrx_word' id='word_1_930' title='bbox 2093 5603 2444 5657; x_wconf 82' lang='lat' dir='ltr'><strong>compescere</strong></span> <span class='ocrx_word' id='word_1_931' title='bbox 2473 5588 2710 5644; x_wconf 83' lang='lat' dir='ltr'><strong>maxime</strong></span> <span class='ocrx_word' id='word_1_932' title='bbox 2735 5594 2933 5658; x_wconf 87' lang='lat' dir='ltr'><strong>potest,</strong></span> <span class='ocrx_word' id='word_1_933' title='bbox 2954 5585 3086 5639; x_wconf 87' lang='lat' dir='ltr'><strong>illud</strong></span> <span class='ocrx_word' id='word_1_934' title='bbox 3111 5581 3514 5656; x_wconf 87' lang='lat' dir='ltr'><strong>quodammodo</strong></span> 
     </span>
    </p>
   </div>
   <div class='ocr_carea' id='block_1_118' title="bbox 1945 5673 3513 5749">
    <p class='ocr_par' dir='ltr' id='par_1_118' title="bbox 1945 5673 3513 5749">
     <span class='ocr_line' id='line_1_118' title="bbox 1945 5673 3513 5749; baseline -0.003 -16"><span class='ocrx_word' id='word_1_935' title='bbox 1945 5679 2251 5734; x_wconf 86' lang='lat' dir='ltr'><strong>subsidium</strong></span> <span class='ocrx_word' id='word_1_936' title='bbox 2289 5680 2354 5734; x_wconf 86' lang='lat' dir='ltr'><strong>ad</strong></span> <span class='ocrx_word' id='word_1_937' title='bbox 2388 5680 2553 5736; x_wconf 89' lang='lat' dir='ltr'><strong>animi</strong></span> <span class='ocrx_word' id='word_1_938' title='bbox 2589 5680 2756 5736; x_wconf 86' lang='lat' dir='ltr'><strong>robur</strong></span> <span class='ocrx_word' id='word_1_939' title='bbox 2779 5690 2829 5736; x_wconf 88' lang='lat' dir='ltr'><strong>et</strong></span> <span class='ocrx_word' id='word_1_940' title='bbox 2864 5676 3298 5749; x_wconf 87' lang='lat' dir='ltr'><strong>perturbationis</strong></span> <span class='ocrx_word' id='word_1_941' title='bbox 3330 5673 3513 5730; x_wconf 55' lang='lat' dir='ltr'><strong>vacui.</strong></span> 
     </span>
    </p>
   </div>
   <div class='ocr_carea' id='block_1_119' title="bbox 1580 5857 2093 5922">
    <p class='ocr_par' dir='ltr' id='par_1_119' title="bbox 1580 5857 2093 5922">
     <span class='ocr_line' id='line_1_119' title="bbox 1580 5857 2093 5922; baseline 0.004 -10"><span class='ocrx_word' id='word_1_942' title='bbox 1580 5857 1628 5889; x_wconf 71' lang='grc'><strong>³⁸</strong></span> <span class='ocrx_word' id='word_1_943' title='bbox 1667 5857 1879 5913; x_wconf 88' lang='lat' dir='ltr'><strong>Coloss.</strong></span> <span class='ocrx_word' id='word_1_944' title='bbox 1922 5873 1966 5922; x_wconf 90' lang='grc' dir='ltr'><strong>ι,</strong></span> <span class='ocrx_word' id='word_1_945' title='bbox 2008 5859 2093 5914; x_wconf 73' lang='grc'><strong>19.</strong></span> 
     </span>
    </p>
   </div>
  </div>
