4096 6526
663 390 765 446 307

1683 394 1741 448 S.
1769 393 2046 448 (intlLLl
2082 391 2555 448 ALEXANDRINI
2587 393 2908 448 ARCHIEP.

3796 388 3901 444 308

662 516 828 564 tatem
863 511 1208 578 aptissimum
1247 511 1500 566 daturum
1550 525 1608 567 se
1648 511 1938 582 promittit,
1987 510 2176 565 dicens
2209 529 2219 563 :

2329 509 2734 580 ὁμολογήσομεν
2763 509 2906 572 τότε,
2937 507 3241 572 ἐλλελοιπὸς
3272 508 3329 562 δέ
3355 507 3601 582 φανεῖται
3630 503 3742 557 τῶν
3771 501 3900 570 ἀγα-

665 621 685 652 (
728 601 925 656 Pacem
965 619 1139 660 meam
1173 605 1429 674 relinquo
1459 602 1616 658 vobis
1656 618 1672 658 :
1712 617 1782 657 ne
1830 601 2086 657 turbetur
2125 614 2221 654 cor

661 703 925 760 vestrum,
957 711 1133 766 neque
1164 695 1442 751 formidet.
1487 714 1506 747 ι

2331 600 2438 654 θῶν
2471 601 2655 664 οὐδὲν,
2709 600 2789 671 τῷ
2820 618 2883 669 γε
2931 597 3079 664 ἅπαξ
3130 600 3483 670 κομισαμένῳ
3525 597 3590 651 τὸ
3635 595 3902 664 πλήρωμα

2332 691 2594 762 Χριστοῦ.
2634 692 2839 756 Παντὸς
2868 691 2976 764 γὰρ
3009 691 3290 762 πλήρωσις
3315 689 3542 760 ἀγαθοῦ,
3579 685 3902 756 κατοικῆσαι

657 788 790 841 Θεὸν
823 789 890 841 ἐν-
932 789 1062 858 ἡμῖν
1104 788 1194 842 διὰ
1239 786 1331 840 τοῦ
1383 785 1720 858 Ηνεύματος.
1782 785 2001 858 Ἐπειδὴ
2047 787 2224 842 τοίνυν
2264 787 2592 842 ἱκανώτατον
2623 785 2824 857 σφόδρα
2867 786 2928 838 τὸ
2955 785 3180 855 Πνεῦμά
3207 786 3339 849 ἐστι,
3375 783 3558 836 πάντα
3619 780 3727 849 τῆς
3791 777 3899 829 δια·

663 879 805 944 νοίας
870 881 1197 953 καταραῖσαι
1262 879 1509 952 θόρυϐον,
1556 885 1652 936 καὶ
1694 882 1876 936 πᾶσαν
1913 883 2014 953 τὴν
2059 885 2116 936 ἐν
2168 885 2302 954 ἡμῖν
2340 882 2686 954 καταργῆσαι
2711 880 2932 946 δειλίαν,
2962 880 3171 950 ἐφόδιον
3196 879 3384 950 ὥσπερ
3423 880 3501 940 είς
3529 874 3789 946 ἀνδρείαν
3813 871 3901 924 καὶ

658 967 958 1039 ἀταραξίαν
1003 970 1063 1023 τὸ
1122 972 1424 1042 ἐπιτήδειον
1475 971 1758 1026 ἐπιδώσειν
1812 973 2206 1042 ἐπαγγέλλεται
2244 974 2419 1044 λέγων
2449 988 2463 1004 ’
2495 992 2514 1025 ι
2548 972 2789 1046 Εἰρήνην
2816 971 2915 1042 τὴν
2959 972 3100 1044 ἐμὴν
3136 971 3336 1042 ἀφίημι
3381 971 3507 1040 ὑμῖν
3532 985 3547 1000 ⁸
3591 967 3672 1038 μὴ
3709 981 3901 1035 ταρασ’

658 1058 834 1112 σέσθω
861 1059 1013 1129 ὑμῶν
1042 1061 1076 1129 ἡ
1101 1060 1316 1131 καρδία,
1346 1063 1478 1132 μηδὲ
1507 1061 1770 1116 δειλιάτω.
1810 1084 1828 1115 ι

727 1149 868 1216 XIV,
903 1151 995 1206 28.
1037 1152 1276 1207 Audistis
1313 1155 1440 1223 quia
1463 1171 1556 1224 ego
1598 1154 1717 1208 dixi
1759 1156 1900 1211 vobis
1932 1175 1948 1212 :
1985 1157 2132 1212 Vada
2173 1166 2222 1212 et

657 1245 801 1296 venio
831 1243 899 1296 ad
927 1261 1035 1299 vos.

725 1329 847 1385 Non
877 1330 946 1385 ab
971 1331 1102 1395 alio,
1133 1332 1335 1401 inquit,
1357 1347 1522 1402 quam
1549 1348 1580 1386 a
1609 1348 1695 1388 me
1727 1334 1962 1390 audistis
2007 1334 2071 1389 de
2103 1350 2223 1390 meo

656 1418 929 1482 discessu,
977 1420 1081 1489 ipsi
1135 1421 1352 1491 quippe-
1380 1435 1502 1476 mea
1547 1421 1712 1477 verba
1757 1422 1986 1478 auribus
2027 1421 2223 1477 vestris

658 1509 945 1566 hausistis.
977 1511 1131 1576 Quid;
1159 1519 1342 1566 autem
1380 1512 1539 1568 vobis
1600 1513 1847 1582 promisi,
1872 1515 1967 1583 qui
1997 1512 2226 1570 mentiri

658 1601 886 1655 nescio?
915 1621 933 1653 ι
973 1600 1088 1672 Ego
1119 1606 1276 1668 vado,
1300 1611 1355 1657 et
1377 1603 1535 1658 venio
1558 1603 1624 1656 ad
1659 1618 1775 1658 vos.
1810 1622 1830 1654 ι
1859 1602 1993 1657 Nam
2027 1604 2072 1658 si
2105 1603 2222 1659 dis-

658 1705 854 1748 cessus
909 1707 1064 1748 meus
1097 1694 1495 1750 consolationis
1544 1695 1681 1747 nihil
1719 1703 1868 1765 esset
1912 1694 2223 1762 habiturus,

658 1797 866 1853 vosque
909 1783 966 1836 in
1014 1794 1337 1854 perpetuum
1382 1800 1560 1840 essem
1607 1785 1936 1848 relicturus,
1986 1785 2226 1855 graviter

661 1873 850 1944 utique
880 1874 934 1928 id
966 1873 1130 1942 ferre,
1162 1885 1324 1946 atque
1358 1876 1428 1930 ob
1454 1876 1506 1931 id
1541 1875 1781 1930 animum
1817 1876 1944 1946 jure
1984 1875 2224 1946 despon-

2406 1150 2736 1205 Ἠκούσατε
2763 1148 2852 1201 ὅτι
2899 1146 3013 1216 ἐγὼ
3063 1151 3236 1201 ειπον
3282 1145 3441 1214 ὑμῖν
3495 1144 3774 1216 Ὑπάγω,
3809 1151 3900 1203 καὶ

2321 1241 2567 1310 ἔρχομαι
2596 1238 2746 1307 πρὸς
2781 1236 2955 1308 ὑμᾶς.

2393 1330 2506 1400 Οὐχ
2560 1329 2770 1399 ἑτέρου,
2797 1330 2954 1397 φησὶ,
2986 1325 3304 1380 διεπύθεσθε
3342 1326 3593 1394 λέγοντος
3619 1328 3726 1397 τὴν
3767 1328 3904 1399 ἐμὴν

2325 1419 2576 1472 ἐντεῦθεν
2607 1418 2937 1488 ἀποδημίαν⁹
2958 1417 3218 1487 αὐτήκοοι
3251 1416 3357 1485 γὰρ
3399 1415 3508 1468 τῶν
3542 1417 3699 1487 ἐμῶν
3725 1419 3902 1489 ῥημά-

2322 1528 2430 1565 των
2455 1511 2735 1580 γεγόνατε.
2759 1511 2822 1562 Tt
2844 1509 2900 1563 δὲ
2928 1510 3056 1579 ὑμῖν
3079 1507 3515 1577 ἐπηγγειλάμην,
3547 1510 3576 1561 ό
3606 1507 3901 1576 ψεύδεσθαι

2325 1601 2400 1672 μὴ
2429 1600 2618 1665 είδὼς;
2653 1619 2672 1651 ι
2725 1600 2867 1669 Ἐγὼ
2888 1599 3108 1666 ὑπάγω,
3137 1598 3232 1650 καὶ
3277 1598 3507 1667 ἔρχομαι
3530 1599 3672 1669 πρὸς
3699 1600 3894 1668 ὑμᾶς.»

2322 1688 2383 1740 Ei
2415 1687 2514 1758 μέν
2557 1683 2650 1740 οὖν
2674 1685 3055 1758 ἀπαράκλητον
3089 1686 3215 1754 ὑμῖν
3257 1687 3286 1737 6
3324 1685 3480 1754 λόγος
3506 1686 3779 1756 ἠπείλησε
3807 1688 3901 1755 τὴν

2320 1777 2653 1847 ἀποδημίαν,
2702 1779 2794 1832 καὶ
2831 1777 3054 1848 διηνεκῆ
3106 1778 3206 1846 τὴν
3236 1777 3544 1846 ἀπόλειψιν,
3574 1773 3648 1848 ἦν
3695 1779 3762 1848 δή
3801 1796 3902 1832 που

2322 1869 2416 1921 καὶ
2451 1868 2595 1938 μάλα
2624 1869 2770 1932 εἰκὸς
2795 1868 2886 1920 ἐπὶ
2915 1867 3089 1936 τούτῳ
3117 1866 3237 1919 λίαν
3269 1868 3656 1937 ἀσχάλλοντας,
3692 1870 3904 1939 ἀφορή-

657 1965 788 2022 dere
804 1964 1127 2021 .videremini
1150 1983 1166 2033 ;
1189 1966 1288 2021 sed
1324 1981 1450 2020 cum
1491 1967 1649 2021 vobis
1675 1965 1910 2021 dixerim
1945 1979 2057 2021 non
2098 1974 2219 2020 tan-

2323 1977 2432 2022 τως
2464 1958 2528 2030 δὴ
2561 1958 2705 2029 ἔχειν
2761 1959 2854 2012 καὶ
2899 1960 2978 2021 είς
3030 1957 3299 2027 ἀκράτους
3354 1959 3656 2029 δυσθυμίας
3681 1960 3902 2014 κατολι-

657 2063 772 2109 tum
816 2071 904 2110 me
937 2055 1214 2112 abiturum
1237 2095 1253 2123 _,
1291 2057 1386 2112 sed
1425 2064 1579 2113 certo
1604 2064 1854 2128 tempore
1888 2072 1974 2112 me
2015 2058 2223 2113 reditu-

657 2161 800 2214 rum,
855 2162 976 2214 cur,
1035 2149 1234 2219 inquit,
1289 2149 1534 2203 dolorem
1591 2149 1777 2204 animo
1835 2150 2220 2219 suscipientes,

655 2242 798 2312 quod
830 2241 1072 2297 laetitiam
1094 2241 1394 2296 conciliare
1417 2240 1593 2309 possit
1616 2241 1834 2310 penitus
1857 2255 1919 2295 ex
1957 2239 2223 2295 memoria

655 2342 838 2391 vestra
874 2331 1107 2388 deletis?
1133 2330 1343 2400 Pugnet
1382 2329 1685 2384 remedium
1728 2330 1966 2396 vulneri,
1991 2339 2046 2385 et
2090 2345 2222 2399 gau-

654 2425 728 2480 dii
760 2425 847 2480 vis
878 2423 1056 2479 dolori
1087 2423 1334 2478 resistat.
1375 2421 1610 2478 Paratus
1651 2422 1797 2477 enim
1843 2438 1965 2477 sum
2017 2422 2085 2476 ad
2119 2422 2224 2476 Pa-

653 2519 791 2564 trem
822 2524 887 2564 ac
916 2507 1086 2564 Deum
1115 2509 1431 2575 ascendere,
1465 2508 1562 2564 sed
1595 2510 1900 2565 rediturum
1926 2525 2012 2567 me
2039 2511 2222 2566 denuo

652 2602 902 2669 promisi.
981 2601 1148 2657 Sedat
1233 2601 1400 2673 igitur
1454 2601 1998 2658 vehementissimum
2065 2603 2219 2657 illum

651 2707 815 2760 quem
863 2693 924 2746 in
959 2692 1250 2762 discipulis
1299 2693 1543 2748 dolorem
1582 2693 1808 2748 invenit.
1840 2692 1908 2748 Et
1953 2694 2219 2764 quemad-

651 2781 874 2838 modum
907 2791 1062 2852 pater
1100 2785 1373 2854 quispiam
1416 2784 1717 2840 liberorum
1751 2799 1979 2839 suorum
2031 2800 2221 2839 aman-

652 2872 922 2938 tisshnus,
949 2890 1134 2929 rerum
1173 2875 1612 2931 necessariarum
1653 2890 1824 2931 causa
1858 2875 2216 2946 longinquam

651 2964 1144 3035 peregrinationem
1179 2967 1462 3036 suscipere
1494 2974 1744 3033 coactus,
1772 2981 2002 3022 cernens
2027 2981 2126 3022 eos
2164 2967 2219 3020 in

650 3057 922 3126 laerymas
950 3055 1178 3122 eiiusos,
1216 3059 1419 3128 quibus
1447 3066 1630 3127 potest
1673 3059 1982 3114 rationibus
2021 3073 2218 3112 conso-

651 3147 817 3212 latur,
842 3155 896 3202 et
920 3147 1163 3203 futurum
1191 3164 1257 3204 ex
1281 3165 1381 3204 suo
1407 3150 1655 3205 discessu
1685 3150 1887 3204 bonum
1917 3149 2218 3204 identidem

2329 2049 2497 2108 σθεῖν³
2515 2050 2701 2122 ἐπειδὴ
2724 2050 2780 2104 δὲ
2801 2050 2938 2122 πρὸς
2965 2052 3107 2122 ὑμᾶς
3135 2051 3290 2123 ἔφην,
3309 2052 3383 2116 ὡς
3402 2053 3504 2108 οὐκ
3526 2053 3903 2122 ἀπελεύσομαι

2328 2143 2510 2214 μόνον,
2535 2144 2651 2198 ἀλλ’
2689 2144 2770 2196 ὅτι
2824 2145 2918 2198 καὶ
2962 2141 3216 2213 ἐπανήξω
3263 2143 3406 2196 κατὰ
3463 2143 3678 2213 καιρὸν,
3713 2144 3779 2197 τί
3805 2144 3906 2213 δὴ,

2325 2236 2480 2305 φησὶ,
2509 2235 2667 2305 μόνον
2693 2235 2754 2288 τὸ
2776 2233 2976 2288 λυποῦν
3002 2237 3119 2297 ταῖς
3149 2235 3354 2288 ἐαυτῶν
3379 2235 3638 2298 διανοίαις
3663 2235 3900 2288 εἰσοικί-

2324 2327 2530 2392 ζοντες,
2579 2326 2641 2380 τὸ
2697 2326 2938 2394 πεφυκὸς
3001 2326 3312 2396 εὐφραίνειν
3358 2329 3478 2390 ταῖς
3537 2328 3906 2397 ἀμνηστείαις

2323 2417 2605 2489 ὑδρίζετε;
2635 2415 3052 2488 Ἀντεγειρὲσθω
3073 2415 3150 2487 τῷ
3178 2415 3464 2486 πλήττοντι
3489 2417 3550 2469 τὸ
3570 2417 3907 2488 θεραπεύειν

2323 2507 2485 2572 είδὸς,
2510 2507 2910 2561 ἀντιπαλαιέτω
2932 2510 3046 2570 τοῖς
3063 2508 3216 2578 ἀνιᾷν
3234 2506 3532 2575 πεφυκόσιν
3560 2509 3591 2576 ἡ
3622 2507 3715 2559 τοῦ
3755 2525 3903 2560 κατ-

2321 2600 2704 2670 ευφραίνοντος
2756 2598 3002 2669 δύναμις.
3052 2598 3429 2668 Συντέταγμαι
3477 2599 3573 2668 μέν
3635 2599 3777 2668 γὰρ,
3831 2598 3908 2660 ὡς

2322 2691 2726 2762 ἀναϐησόμενος
2786 2691 2921 2761 πρὸς
2949 2690 3042 2743 τὸν
3089 2690 3308 2761 Πατέρα
3356 2690 3451 2743 καὶ
3483 2690 3632 2754 Θεὸν,
3659 2691 3785 2743 ἀλλ’
3824 2691 3912 2742 Em

2322 2786 2415 2838 καὶ
2446 2785 2700 2855 ἐπανήξω
2739 2784 2901 2841 πάλιν
2927 2784 3293 2854 ἐπήγγελμαι.
3343 2783 3676 2853 Καταραϊζει
3706 2783 3910 2836 τοίνυν

2321 2879 2704 2949 ἀκμαιοτάτην.
2734 2879 2792 2931 ἐν
2849 2879 2962 2940 τοῖς
2999 2875 3268 2947 μαθηταῖς
3311 2877 3410 2946 τὴν
3459 2875 3630 2946 λύπην
3685 2875 3905 2947 εὑρὼν.

2320 2969 2432 3022 Καὶ
2455 2967 2642 3038 ὥσπερ
2665 2968 2732 3021 ἀν
2755 2968 2808 3021 εί
2843 2985 2925 3032 τις
2953 2967 3208 3037 φιλόπαις
3238 2967 3418 3031 ὅντως¹
3449 2968 3585 3039 ἀνὴρ
3632 2969 3727 3020 καὶ
3761 2969 3910 3035 ἀγα-

2321 3059 2580 3124 θώτατος,
2605 3059 2703 3129 τῆς
2724 3057 3053 3130 ἐνεγκούσης
3073 3058 3324 3130 ἀπαίρειν
3352 3058 3443 3112 ἐπί
3460 3076 3568 3111 τισι
3589 3059 3696 3111 τῶν
3719 3060 3909 3128 ἀναγ-

2319 3149 2491 3202 καίων
2521 3148 2906 3220 ἐκϐιαζόμενος
2927 3190 2943 3215 ,
2975 3144 3096 3201 εἶτα
3125 3148 3257 3202 πολὺ
3285 3150 3394 3202 τῶν
3430 3148 3573 3202 ἰδίων
3596 3150 3825 3203 τέκνων
3849 3152 3910 3204 τὸ

650 3239 949 3309 replicans,
996 3253 1147 3309 spem
1206 3255 1388 3296 rerum
1444 3242 1983 3312 jucundissimarum
2039 3241 2214 3296 dolori

2321 3239 2550 3311 δάκρυον
2591 3240 2822 3309 βλέπων,
2855 3241 2953 3310 τὴν
2996 3241 3417 3312 τρυφερωτάτην
3468 3241 3642 3294 αὐτῶν
3671 3242 3779 3295 καὶ
3821 3243 3908 3310 φί-

653 3331 1058 3401 quodammodo
1103 3333 1330 3402 opponit
1358 3351 1373 3388 :
1398 3333 1478 3389 sic
1511 3333 1670 3388 etiam
1725 3333 1993 3388 Dominus
2027 3341 2218 3388 noster

2321 3330 2415 3401 λην
2448 3331 2782 3402 καταϐρέχον
2823 3331 3076 3400 παρειὰν,
3108 3332 3194 3386 διὰ
3218 3332 3416 3396 παντὸς
3443 3328 3547 3386 εἶσι
3578 3333 3769 3401 λόγου,
3809 3335 3909 3387 καὶ

645 3421 809 3480 Jcsus
831 3423 1176 3481 Christusex
1195 3425 1379 3480 animo
1398 3434 1714 3483 sanctorum
1741 3425 1994 3480 dolorem.
2011 3425 2214 3480 evellit.

2321 3423 2372 3476 τὸ
2401 3424 2464 3475 ἐκ
2485 3421 2584 3492 τῆς
2611 3420 2920 3490 ἀποδημίας
2949 3421 3208 3491 ἐσόμενον
3236 3423 3436 3490 ἀγαθὸν
3468 3424 3555 3475 ἀεὶ
3581 3424 3909 3494 παρακομὶ-

653 3511 828 3569 Norat
849 3514 1019 3577 enim,
1044 3521 1225 3576 norat,
1260 3519 1450 3582 utpote
1476 3527 1600 3570 cum
1633 3526 1794 3566 verus
1817 3509 1961 3566 Deus
1977 3511 2070 3576 sit,
2087 3525 2215 3582 gra-

2321 3515 2420 3578 ξων
2450 3515 2529 3576 εἰς
2560 3512 2744 3584 μέσον,
2791 3512 3331 3583 ἀνθοπλίζειτρόπον
3382 3513 3505 3567 τινὰ
3531 3517 3646 3576 ταῖς
3685 3513 3907 3577 λύπαις

648 3605 937 3660 vissimum
969 3606 1075 3661 illis
1095 3605 1212 3660 fore
1237 3605 1384 3674 quod
1402 3619 1592 3660 eorum
1620 3605 1814 3660 oculos
1837 3604 2071 3675 fugeret,
2090 3603 2216 3658 licet

2321 3605 2407 3676 τὴν
2430 3605 2522 3657 ἐπὶ
2544 3606 2658 3667 τοῖς
2679 3604 2912 3673 ἡδίστοις
2933 3605 3141 3658 ἐλπίδα·
3161 3604 3304 3657 οὕτω
3334 3606 3428 3663 καὶ
3453 3607 3482 3659 6
3499 3605 3700 3676 Κύριος
3723 3609 3765 3677 ἡ
3779 3609 3907 3678 μῶν

646 3711 771 3751 cum
803 3697 886 3755 eis
923 3707 1185 3767 perpetuo
1220 3697 1440 3753 iuturus
1464 3703 1613 3752 esset
1645 3710 1742 3765 per
1769 3695 2058 3766 Spiritum.
2094 3693 2210 3749 Hoc

645 3797 828 3846 autem
859 3805 1086 3844 summa:
1128 3790 1419 3845 charitatis
1464 3803 1530 3844 ac
1574 3786 1887 3843 sanctitatis
1927 3794 2012 3844 est
2047 3802 2210 3858 argu-

644 3889 914 3936 mentum.
945 3881 1101 3938 Velle
1143 3883 1290 3938 enim
1329 3896 1457 3937 cum
1501 3880 1726 3936 Christo
1779 3881 1998 3950 degere,
2028 3893 2213 3933 nonne

645 3972 858 4026 sanctis
887 3979 971 4026 est
1003 3971 1620 4031 convenientissimum?
1649 3971 1822 4038 Quem
1855 3985 1981 4026 cum
2009 3969 2213 4026 Paulus

646 4065 700 4117 in
748 4078 806 4118 se
845 4078 1071 4134 scopum
1122 4063 1347 4122 haberet
1379 4085 1393 4120 :
1434 4083 1454 4117 ι
1491 4065 1684 4122 Melius
1719 4072 1825 4135 est,
1859 4063 2062 4135 inquit,
2097 4062 2212 4121 dis-

644 4153 806 4214 solvi,
842 4160 896 4207 et
926 4168 1049 4208 esse
1078 4168 1202 4208 cum
1234 4153 1451 4211 Christo
1477 4155 1543 4208 δ’.
1584 4175 1604 4208 ›

2323 3695 2530 3768 Ἰησοῦς
2561 3697 2590 3748 6
2619 3696 2870 3768 Χριστὸς,
2910 3697 3010 3768 τῆς
3059 3697 3167 3752 τῶν
3193 3695 3364 3766 ἁγίων
3393 3697 3570 3768 ψυχῆς
3605 3699 3900 3769 ττερκι-τέλ⁸

2311 3784 2390 3839 λει
2417 3787 2515 3857 τὴν
2538 3786 2734 3858 λύπην.
2761 3787 2918 3859 ’ῌδει
2943 3788 3070 3859 γὰρ,
3098 3789 3234 3860 ᾔδει,
3254 3788 3386 3851 Θεὸς
3414 3788 3674 3859 ὑπάρχων
3701 3789 3902 3860 ἀληθι-

2311 3878 2432 3942 νὸς,
2455 3879 2866 3950 φορτικωτάτην
2903 3879 3086 3943 αὐτοῖς
3131 3879 3351 3933 ἔσεσθαι
3373 3880 3472 3949 τὴν
3499 3879 3798 3948 ἀπόλειψιν
3824 3883 3900 3952 (1)

2311 3968 2496 4032 αὑτοῦ,
2523 3969 2698 4023 καίτοι
2720 3969 2968 4033 συνόντος
2993 3971 3077 4024 ἀεὶ
3108 3971 3195 4025 διὰ
3222 3969 3316 4024 τοῦ
3356 3970 3688 4040 Πνεύματος.
3727 3972 3902 4040 Ἀγά-

2311 4077 2419 4131 πης
2445 4061 2501 4113 δὲ
2529 4061 2686 4114 τοῦτο
2711 4062 2809 4115 καὶ
2835 4062 3114 4131 ὁσιότητος
3135 4063 3234 4132 τῆς
3262 4065 3343 4122 είς
3381 4063 3554 4133 ἄκραν
3581 4062 3895 4128 ἀπόδειξις.

2315 4150 2389 4205 Τὸ
2417 4151 2525 4222 γὰρ
2587 4154 2824 4206 συνεῖναι
2891 4153 3175 4223 βούλεσθαι
3205 4153 3281 4224 τῷ
3310 4153 3550 4225 Χριστῷ,
3605 4153 3726 4217 πῶς
3794 4157 3898 4208 οὐκ

641 4247 858 4316 ἀληθῶς
886 4250 998 4313 τοῖς
1025 4249 1202 4318 ἁγίοις
1231 4250 1717 4320 πρεπωδέστατονς
1748 4251 1858 4309 Καὶ
1883 4251 2013 4320 γοῦν
2037 4252 2066 4304 6
2093 4248 2394 4319 θαυμάσιος
2458 4247 2671 4312 Παῦλος
2714 4248 2903 4302 τοῦτον
2968 4248 3106 4319 ἔχων
3163 4251 3222 4302 ἐν
3277 4248 3453 4318 ἐαυτῷ
3487 4248 3576 4310 τὸν
3645 4249 3896 4306 σκοπόν,-

647 4362 666 4394 ‹
699 4343 966 4414 Κρείσσον
994 4344 1130 4416 γὰρ,
1178 4347 1340 4416 φησὶ,
1386 4346 1448 4397 τὸ
1478 4345 1764 4412 ἀναλῦσαι,
1816 4348 1912 4401 καὶ
1949 4349 2045 4400 σὺν
2080 4345 2302 4417 Χριστῷ
2329 4339 2490 4399 εἶναι.
2517 4363 2537 4396 ι

1194 4457 1357 4529 842
1405 4457 1556 4514 CAP.
1597 4457 1636 4512 ι.

640 4567 794 4633 Quod
822 4568 971 4622 nulla
1000 4570 1055 4622 in
1092 4585 1147 4624 re
1173 4571 1347 4624 minor
1373 4573 1441 4625 sit
1476 4572 1581 4627 Deo
1607 4590 1669 4626 ac
1695 4572 1856 4626 Patre
1886 4570 2081 4636 Filius,
2115 4571 2207 4626 sed

706 4639 928 4708 (equalis
953 4641 1150 4708 potius,
1173 4642 1321 4710 eique
1334 4643 1524 4696 similis
1548 4643 1832 4697 secundant
1862 4653 2132 4696 naturam.

708 4793 844 4859 XIV,
874 4795 964 4849 28.
997 4796 1058 4850 Si
1087 4797 1377 4868 diligeretis
1412 4815 1512 4863 me,
1541 4800 1839 4869 gauderetis
1866 4801 2060 4868 utique,
2080 4801 2204 4870 quia

634 4885 768 4943 vado
808 4886 876 4939 ad
930 4886 1166 4952 Patrem,
1207 4891 1334 4957 quia
1365 4889 1528 4943 Pater
1565 4890 1736 4960 major
1767 4906 1846 4944 me
1890 4900 1990 4944 est.

707 5066 1064 5125 Occasionem
1113 5067 1320 5124 doloris
1370 5069 1534 5125 vertit
1584 5068 1637 5121 in
1678 5078 2060 5139 argumentum
2108 5071 2202 5125 laeo

2899 4459 3144 4514 ΚΕΦΑΛ.
3197 4458 3274 4512 Α’;

2351 4593 2434 4629 ιτι
2458 4577 2583 4629 κατ’
2612 4575 2792 4630 οὐδὲν
2840 4575 3105 4629 ἐλάττων
3126 4573 3298 4627 ἐστὶν
3327 4575 3358 4626 ό
3396 4571 3528 4634 Υἱός
3571 4569 3681 4622 τοῦ·
3729 4572 3892 4624 Θεοῦ

2372 4647 2471 4733 καὶ
2495 4646 2746 4733 Πατρρς,
2781 4647 2914 4711 ἴσος
2967 4643 3036 4697 δὲ
3076 4643 3315 4714 μᾶλλον
3361 4641 3459 4694 καὶ
3483 4640 3686 4710 ὅμοιος
3730 4642 3892 4694 κατὰ

2374 4731 2563 4783 φυσιν
2597 4731 2774 4778 aveo).

2372 4808 2441 4860 Εὶ
2503 4805 2771 4876 ἠγαπᾶτέ
2805 4823 2902 4874 με,
2962 4804 3216 4874 ἐχάρητε
3275 4802 3371 4865 ἂν,
3426 4801 3517 4854 ὅτι
3545 4801 3886 4870 πορεύομαι

2303 4899 2455 4966 πρὸς
2507 4896 2614 4951 τὸν
2638 4896 2886 4966 Πατέρα,
2936 4895 3026 4950 ὅτι
3067 4899 3100 4949 ό
3129 4896 3332 4962 Πατήρ
3363 4911 3485 4962 μου
3524 4892 3747 4962 μείζὶυν
3763 4912 3886 4963 μου

2299 4987 2496 5039 ἐστίν.

2383 5077 2849 5148 Ἀντιπεριτρὲπει
2902 5078 3000 5146 τῆς
3032 5075 3206 5147 λύπης
3237 5075 3348 5143 τὴνΓ
3376 5071 3631 5144 ἀφορμὴν
3675 5075 3759 5136 είς
3785 5074 3883 5126 θυρ

630 5159 792 5223 ιίιίαι,
829 5159 1120 5230 palamque
1180 5175 1276 5214 eos
1335 5159 1518 5230 arguit
1563 5159 1709 5220 quod
1771 5174 1880 5216 non
1946 5159 2201 5215 laetentur

2321 5168 2496 5238 ιηδίας
2523 5167 2798 5234 ὑπόθεσιν,
2829 5169 2922 5220 καὶ
2974 5169 3054 5221 ὅτι
3083 5167 3157 5238 μὴ
3183 5165 3428 5236 χαίρουσι
3487 5163 3700 5232 μᾶλλον
3725 5165 3814 5234 ἐφ’
3839 5159 3883 5232 ᾧ

632 5248 814 5318 potius
839 5248 908 5303 de
939 5262 1005 5303 eo
1055 5248 1200 5319 quod
1236 5248 1521 5308 dolebant.
1558 5245 1733 5302 Simul
1777 5255 1958 5304 autem
1998 5251 2199 5306 docere

2321 5258 2392 5311 νῦν
2440 5259 2788 5329 ἀσχάλλουσι,
2825 5259 3168 5312 καταιτιᾶται
3223 5255 3434 5322 σαφῶς.
3478 5255 3571 5307 Ἐν
3593 5255 3780 5324 ταυτῷ
3824 5256 3880 5308 δὲ

629 5346 882 5406 conatur,
922 5355 1060 5410 opus
1086 5354 1213 5396 esse
1260 5347 1322 5394 ut
1365 5340 1460 5410 qui
1506 5355 1692 5395 veram
1739 5355 1804 5394 ac
1835 5343 2111 5402 sinceram
2141 5343 2196 5398 in

2321 5351 2552 5420 πειρᾶται
2611 5349 2920 5414 διδάσκειν,,
2967 5350 3050 5402 ὅτι
3105 5349 3232 5411 τοὺς
3259 5345 3641 5415 ἀκαπήλευτόν
3679 5363 3740 5398 τε
3781 5347 3881 5398 καὶ

627 5430 773 5487 alios,
820 5430 1143 5493 charitatem
1201 5431 1413 5496 colunt,
1457 5448 1568 5492 non
1626 5441 1850 5494 tantum
1891 5435 2039 5503 quod
2090 5436 2195 5492 sibi

2321 5439 2468 5510 ιληθῆ
2498 5440 2596 5512 τὴν
2617 5444 2699 5504 εἰς
2719 5442 2937 5511 ἐτέρους
2967 5441 3189 5509 ἀγάπην
3219 5436 3654 5507 ἐπιτηδεύοντας,
3688 5436 3880 5506 ζητεῖν

627 5519 780 5578 cordi
831 5522 902 5576 sit
936 5536 1001 5576 ac
1031 5521 1296 5591 voluptati
1331 5531 1598 5593 quaerant,
1633 5525 1724 5580 sed
1755 5527 1902 5596 quod
1949 5528 2072 5582 usui
2119 5529 2192 5586 sit

2321 5535 2588 5601 ναγκαῖον
2617 5534 2736 5604 ούχὶ
2794 5534 2856 5587 δὲ
2914 5533 3128 5596 πάντως
3159 5531 3318 5604 μόνον
3370 5529 3431 5583 τὸ
3467 5527 3652 5597 σφίσιν
3685 5527 3875 5588 αὑτοῖς

694 5661 738 5692 ιθ
777 5659 1014 5731 Philipp.
1052 5676 1111 5725 ι,
1151 5662 1223 5715 25

694 5812 771 5885 (Ι)
796 5813 1168 5886 ’Ἀποκάλυςιιν
1199 5813 1283 5874 ed.
1309 5815 1474 5884 Infra,
1506 5832 1559 5887 Ρ.
1593 5818 1716 5884 8H,
1749 5817 1836 5873 διὰ
1865 5822 1958 5891 τῖλν
1985 5819 2215 5876 δοκοῦσα

2342 5757 2372 5790 ο

2321 5821 2567 5892 τόλεεψιν.
2612 5822 2764 5878 Emr.
