4096 6474
208 353 343 409 309
1267 352 1660 411 lNIJOANNIS
1692 355 2149 414 EVANGELIUM
2190 357 2318 412 LIB.
2365 357 2430 411 XL
3381 358 3486 414 5·ῐο

211 473 329 543 ἡδύ
360 489 420 524 τε
453 471 554 524 καῖ
574 470 742 540 φίλον,
766 470 902 525 ἀλλὰ
931 472 1025 525 καὶ
1048 474 1163 536 τοῖς
1193 472 1582 544 ἀγαπωμένοις
1597 476 1810 528 λυσιτε-

1925 476 1987 531 iis
2025 491 2168 546 quos
2216 476 2475 547 diligunt,
2520 474 2827 530 occasione
2868 472 2937 529 id‘
2972 475 3305 545 postulante.
3340 476 3490 543 Quo-

213 562 342 628 λὲς,
383 561 577 633 καιροῦ
604 564 697 616 καὶ
721 563 879 616 τοῦτο
907 563 1040 635 δρᾷν
1090 564 1501 628 ἀναπείθοντος.
1530 567 1627 620 Διά
1655 565 1814 618 τοῦτο

1925 568 2064 622 circa
2093 577 2146 623 ει
2164 566 2371 623 Paulus
2397 568 2463 622 ad
2494 566 2762 638 quosdam
2798 566 3023 621 scribit:
3057 567 3349 623 «Charitas
3379 585 3487 624 non

214 655 326 707 καὶ
381 654 409 705 ὁ
464 653 672 717 Παῦλος
718 654 1070 719 ἐπιστέλλων,
1133 655 1319 725 φησίν’
1359 674 1377 707 ι
1419 656 1483 709 Ἦ
1534 657 1722 726 ἀγάπη
1752 657 1812 709 οὑ

1925 659 2025 729 agit
2055 674 2362 729 perperam,
2392 675 2500 714 non
2527 658 2761 725 inﬂatur,
2787 673 2895 713 non
2919 667 3002 714 est
3038 659 3356 727 ambitiosa,
3381 678 3489 716 non

215 745 653 815 περπερεύεται,
688 744 748 797 ού
789 743 1101 814 φυσιοῦται,
1126 746 1226 799 οὑκ
1269 747 1590 817 ἀσχημονεῖ,
1624 749 1684 801 οὑ
1716 748 1813 817 ζη-

1925 754 2116 821 quaerit
2148 767 2268 822 quae
2302 767 2402 807 sua
2433 760 2564 807 sunt
2588 752 2653 804 ³ο.
2703 770 2722 803 ι
2767 750 2848 805 Ad
2878 750 3017 806 alios
3053 758 3235 805 autem
3269 768 3281 805 :
3318 772 3336 803 ι
3372 752 3490 806 Νοιι

215 837 316 886 τεῖ
337 834 410 887 τά
432 836 647 905 ἑαυτῆς.
675 853 693 885 ι
720 834 882 903 Λέγει
909 836 964 888 δὲ
988 837 1123 906 πρὸς
1147 854 1314 901 τινας·
1350 856 1371 887 ι
1390 840 1479 907 Μὴ
1512 840 1582 892 τὰ
1607 840 1814 893 ἐαυτῶν

1925 858 2018 899 sua
2059 851 2390 915 quaerentes,
2420 843 2516 899 sed
2565 859 2686 914 quae
2731 850 2861 898 sunt
2909 842 3140 897 aliorum
3165 844 3234 898 δ’.
3279 862 3297 896 ι
3340 842 3496 897 Vera:

218 924 546 995 ζητοῦντες.
577 925 714 979 ἀλλά
746 928 841 979 καὶ
875 927 943 980 τὰ
982 929 1206 999 ἐτέρων.
1245 948 1267 982 ι
1310 930 1553 1000 ’Ᾱγάπης
1579 930 1687 1002 γάρ
1728 931 1818 1002 ἕρ-

1925 937 2121 991 etenim
2173 936 2462 992 charitatis
2514 951 2654 1006 opus
2699 942 2816 1002 est,
2853 950 2964 989 non
3000 936 3188 1006 utique
3237 950 3339 991 nos
3400 950 3489 988 nov

218 1034 329 1084 γον
352 1018 451 1087 τῆς
486 1017 771 1087 ἀκριϐοῦς,
803 1020 924 1089 οὑχὶ
944 1020 1119 1089 δήπου
1151 1022 1372 1084 πάντως
1396 1021 1456 1073 τὸ
1488 1022 1648 1091 μόνον
1671 1024 1816 1092 ἡμᾶς

1925 1037 2161 1084 strorum
2188 1028 2460 1083 bonorum
2485 1028 2753 1082 duntaxat
2780 1042 2970 1082 curam
3004 1043 3212 1099 gerere,
3239 1027 3336 1083 sed
3364 1041 3490 1097 pro.

218 1112 488 1180 προνοεῖν
532 1110 641 1163 τῶν
696 1109 842 1163 ἰδίων
874 1112 1116 1179 ἀγαθῶν,
1164 1112 1305 1164 ἀλλὰ·
1336 1114 1431 1166 καὶ
1478 1113 1557 1181 τῷ
1586 1114 1816 1184 πλησίον

1925 1118 2125 1188 ρίηιιυο
2164 1119 2311 1189 quod
2345 1119 2471 1174 usui
2529 1119 2600 1175 sit
2636 1120 2943 1189 providere.
2977 1121 3036 1175 1d
3085 1121 3233 1176 enim
3286 1122 3486 1175 sentire

220 1198 697 1270 περισκέπτεσθαι
716 1199 777 1253 τὸ
806 1202 1277 1272 χρήσιμονιττοῦτο
1306 1200 1415 1272 γὰρ
1441 1205 1658 1273 φρονεῖν
1689 1204 1817 1255 ἀναε-

1925 1225 2050 1266 suos
2100 1210 2407 1280 discipulos
2458 1210 2562 1266 hoc
2597 1212 2718 1266 loco
2773 1211 3028 1267 Servator
3072 1213 3349 1267 admonet.
3387 1210 3491 1264 Sed

1919 1317 2038 1370 age,
2076 1317 2274 1357 rursus
2325 1303 2379 1356 in
2424 1304 2583 1358 nobis
2632 1304 2767 1374 ipsis
2801 1305 2950 1359 velut
2992 1305 3046 1359 in
3084 1305 3272 1360 tabula
3324 1303 3492 1374 hujus

1919 1400 2104 1449 textus
2128 1393 2239 1449 vim
2274 1402 2328 1450 et
2358 1395 2627 1450 rationem
2678 1396 2953 1451 subtiliori
3004 1396 3259 1466 penicillo
3289 1395 3492 1466 depin-

1920 1494 2131 1554 gentes,
2181 1486 2309 1540 hinc
2366 1486 2431 1540 ad
2467 1486 2671 1542 Christi
2725 1487 3049 1558 mysterium
3103 1488 3489 1542 ascendamus.

1923 1573 2077 1643 Saepe
2110 1575 2259 1631 enim
2308 1592 2497 1631 rerum
2543 1578 2857 1633 tenuiorum
2908 1578 3217 1647 exemplum
3273 1576 3402 1631 facit
3432 1584 3492 1630 ut

220 1291 412 1345 πείθει
431 1293 558 1353 τοὺς
581 1290 797 1344 ἐαυτοῦ-
832 1292 1079 1362 μαθητάς
1132 1293 1221 1347 διὰ
1248 1292 1357 1347 τῶν
1388 1295 1765 1364 προκειμένων
1790 1297 1818 1348 ὁ

220 1385 451 1454 Σωτήρ.
485 1384 594 1436 Καὶ
625 1382 758 1453 φέρε
781 1384 845 1453 δὴ
877 1383 1041 1437 πάλιν
1070 1385 1153 1453 ἐφ’
1185 1386 1317 1455 ἡμῖν
1351 1385 1537 1447 αὑτοῖς
1565 1384 1817 1455 καθάπερ

222 1476 326 1527 ἐπὶ
356 1475 565 1539 πίνακι,
600 1473 947 1545 λεπτοτέροις
974 1474 1262 1545 γραφείοις
1284 1475 1381 1546 τὴν
1410 1474 1503 1528 τοῦ
1538 1475 1820 1546 θεωρήμα-

222 1583 328 1630 τος
362 1567 767 1630 ἀνατυποῦντες
818 1566 1071 1636 δύναμιν,
1134 1568 1515 1638 ἀναϐαίνωμεν
1572 1567 1818 1621 ἐντεῦθεν

227 1660 329 1712 ἐπὶ
348 1660 411 1713 τὸ
439 1660 676 1730 Χριστοῦ
714 1662 1031 1731 μυστήριον.
1086 1661 1344 1733 Προξενεῖ
1371 1661 1477 1733 γὰρ
1510 1661 1768 1724 πολλάκις
1792 1663 1819 1714 ὁ

1925 1666 1987 1720 ad
2041 1682 2131 1721 res
2183 1667 2649 1737 incomparabiles
2706 1670 3022 1725 evehamur.
3058 1669 3227 1739 Igitur
3282 1679 3490 1739 gratum

224 1753 292 1805 ἐν
310 1754 428 1815 τοῖς
453 1751 703 1805 ἐλάττοσι
723 1751 895 1815 τύπος
908 1752 971 1805 τὸ
990 1754 1273 1821 ἐφικέσθαι
1301 1753 1562 1807 δύνασθαι
1597 1755 1818 1807 καὶτῶν

1925 1762 2059 1821 erat,
2088 1755 2242 1810 verbi
2276 1756 2474 1826 gratia,
2506 1755 2663 1812 Pauli
2698 1758 2991 1829 discipulis
3022 1774 3149 1813 eum
3180 1772 3244 1814 eo
3280 1773 3494 1828 semper

224 1844 581 1914 ἀσυγκρίτως
612 1844 755 1913 ἐχειν
787 1846 1260 1914 πεπιστευμένων.
1288 1846 1501 1901 Οὐκοῦν
1541 1847 1639 1918 ἡδὺ
1682 1848 1779 1918 μὲν
1800 1889 1814 1913 ,

1925 1846 2130 1901 versari
2169 1864 2181 1901 :
2218 1848 2317 1903 sed
2368 1849 2564 1902 melius
2598 1848 2770 1904 Paulo
2818 1864 2881 1904 ac
2938 1850 3113 1905 satius
3169 1849 3392 1904 dissolvi
3442 1856 3495 1903 et

226 1934 369 2006 φέρε
402 1937 595 1999 εἰπεῖν,
620 1938 732 1999 τοῖς
762 1936 977 1989 Παύλου
1005 1937 1278 2007 μαθηταῖς
1314 1939 1376 1991 τὸ
1403 1939 1553 2009 αὑτῷ
1581 1942 1818 1993 συνεῖναι

1925 1951 2039 1992 esse
2097 1952 2222 1991 eum
2280 1938 2524 2004 Christo,
2568 1939 2714 1995 sicut
2770 1940 2887 2009 ipse
2938 1940 3307 1994 confirmavit.
3346 1938 3495 2009 Opus

221 2025 320 2078 διὰ
347 2027 571 2089 παντὸς·
605 2027 739 2080 ἀλλὰ
774 2029 1023 2098 κρεῖττον
1081 2028 1160 2098 τῷ
1211 2029 1410 2099 Παύλῳ
1461 2032 1521 2082 τδ
1556 2030 1819 2083 ἀναλῦσαι

1925 2027 2084 2097 igitur
2116 2037 2201 2082 est
2257 2036 2315 2082 ut
2357 2029 2450 2099 qui
2503 2046 2628 2085 eum
2670 2030 2929 2101 diligunt,
2967 2031 3315 2086 dilectionem
3365 2045 3494 2100 erga

226 2115 330 2167 καὶ
355 2116 452 2167 σὺν
486 2114 706 2185 Χριστῷ
728 2111 893 2179 εἶναι,
923 2116 1177 2187 καθάπερ
1211 2119 1373 2179 αὑτὸς
1397 2117 1819 2172 διεϐεϐαιώσατο

1925 2132 2040 2173 eum
2070 2119 2301 2189 implere
2330 2128 2625 2185 conentur,
2652 2138 2832 2192 neque
2865 2131 3080 2177 tantum
3120 2137 3277 2192 aequo
3311 2122 3495 2175 animo

225 2206 483 2274 γράφων.
514 2202 623 2259 Ἦν
656 2203 749 2261 οὗν
798 2208 957 2278 ἔργον
995 2212 1109 2272 τοῖς
1142 2211 1362 2279 ἀγαπᾷν
1406 2210 1680 2279 ἑλομένοις
1717 2212 1817 2263 αὑο

1925 2224 1979 2265 ea
2021 2209 2197 2263 ferant
2249 2226 2372 2281 quae
2411 2211 2533 2267 sibi
2564 2214 2693 2269 unis
2728 2222 2883 2283 grata
2924 2225 3072 2278 sunt,
3104 2215 3197 2269 sed
3245 2212 3496 2268 conside-

223 2297 345 2362 τὸν,
370 2297 431 2350 τὸ
451 2297 693 2368 πληροῦν
728 2299 1047 2366 ἐπείγεσθαι
1083 2298 1182 2369 τὴν
1222 2302 1301 2363 εἰς
1328 2300 1489 2354 αὑτὸν
1522 2302 1819 2371 ἀγάπησιν,

1925 2309 2111 2355 rantes
2147 2301 2335 2369 potius
2369 2303 2515 2372 quod
2551 2304 2856 2360 discedenti
2909 2305 3173 2375 magistro
3218 2305 3497 2361 conduce-

228 2389 331 2441 καὶ
375 2390 451 2458 μὴ
486 2389 765 2443 δύσοιστον
809 2390 896 2443 ἀεὶ
945 2391 1218 2444 ποιεῖσθαι
1240 2392 1301 2444 τὸ
1326 2392 1509 2455 αὐτοῖς
1539 2392 1631 2445 καὶ
1663 2392 1819 2463 μόνον

1925 2399 2024 2457 ret,
2071 2392 2295 2447 studere
2335 2408 2461 2447 eum
2489 2394 2713 2453 Christo
2744 2398 2978 2453 versari.
3015 2396 3198 2453 Habes
3247 2398 3302 2452 in
3338 2398 3496 2454 nobis

226 2478 355 2547 ήδὺ,
391 2479 822 2549 περιαθροῦντας
860 2481 918 2534 δὲ
971 2481 1175 2552 μᾶλλον
1199 2483 1377 2535 καὶτὸ
1410 2481 1487 2552 τῷ
1518 2483 1819 2553 διδασκάλῳ

1925 2481 2281 2538 theorematis
2320 2484 2469 2539 illius
2506 2487 2780 2541 umbram.
2815 2488 3057 2559 Agedum
3090 2503 3241 2558 ergo,
3286 2489 3394 2542 vim
3444 2495 3497 2541 et

229 2571 604 2640 ἁποδημοῦντι
635 2572 939 2643 συμφέρον,
976 2573 1293 2640 ἐπείγεσθαι
1321 2571 1819 2644 συνεῖναινΧριστῷ.

232 2662 424 2731 Ἔχεις
449 2663 542 2716 τοῦ
577 2664 931 2735 θεωρήματος
965 2667 1021 2719 ἐν
1051 2666 1163 2728 τοῖς
1192 2667 1314 2721 καθ’
1337 2668 1483 2737 ἡμᾶς
1505 2665 1601 2737 τὴν
1633 2666 1811 2719 σκιάν.

222 2754 372 2825 Φέρε
398 2755 462 2825 δὴ
490 2755 689 2818 τοίνυν,
722 2756 829 2809 τῶν
870 2758 965 2809 ἐπὶ
998 2756 1220 2828 Χριστῴ
1254 2758 1571 2828 μυστηρίων
1600 2757 1698 2825 τὴν
1722 2756 1815 2809 δύ·-

1920 2573 2186 2629 rationem
2218 2574 2425 2631 Christi
2472 2577 2864 2645 mysteriorum
2917 2594 3017 2632 ceu
3064 2578 3281 2632 colores
3314 2578 3496 2631 varios

1923 2666 2133 2721 umbris
2185 2667 2532 2733 inducentes,
2564 2669 2738 2739 ipsam
2778 2671 2925 2726 clare
2974 2671 3193 2727 demum
3242 2668 3498 2725 ostenda-

1926 2774 2046 2814 mus
2070 2761 2377 2816 veritatem.

225 2820 401 2917 ναμιν
447 2820 697 2922 καθάπερ
733 2868 787 2904 τι
822 2851 1023 2923 χρῶμα
1053 2820 1344 2916 ’πολυειδὲς
1379 2820 1499 2915 ταῖς
1538 2820 1716 2914 σκιαῖς
1760 2851 2166 2922 ἐπαλείφοντες,
2222 2856 2391 2928 αὑτὴν
2430 2857 2529 2929 ἤδη
2577 2820 2761 2927 σαφῶς
2810 2857 3163 2930 ἐπιδείξωμεν
3215 2860 3313 2930 τὴν
3362 2859 3496 2929 ἀλήο

229 2945 291 2998 Θε
302 2964 409 3000 ιαν.

316 3042 406 3095 Ἐν
438 3046 617 3115 μορφῇ
649 3044 757 3115 γὰρ
795 3043 1058 3116 ὑπάρχων
1101 3045 1186 3098 τοῦ
1234 3046 1370 3099 Θεοῦ
1402 3046 1496 3100 καὶ
1537 3047 1749 3118 Πατρὸς
1791 3048 1818 3099 ὁ

1990 3041 2127 3096 Nam
2185 3056 2309 3096 cum
2338 3043 2393 3095 in
2443 3043 2619 3095 forma
2658 3040 2753 3096 Dei
2800 3055 2864 3095 ac
2899 3040 3083 3096 Patris
3123 3048 3267 3096 esset
3302 3038 3499 3110 Unige—

232 3132 567 3203 Μονογενὴς,
599 3134 693 3186 καὶ
747 3136 805 3187 ἐν
866 3135 1070 3205 ἰσότητι
1106 3140 1172 3207 τῇ
1204 3138 1347 3191 κατά
1405 3138 1669 3208 Πνεῦμα,
1719 3138 1817 3207 οὑχ

234 3226 535 3294 ἁρπαγμὸν
576 3228 820 3297 ἡγήσατο
852 3228 912 3280 τὸ
941 3225 1078 3282 εἶναι
1108 3230 1199 3283 ἴσα
1224 3230 1361 3299 Θεῷ,
1404 3231 1491 3284 διά
1516 3247 1573 3282 τε
1605 3230 1703 3301 τὴν
1736 3231 1818 3292 εἰς

234 3319 387 3386 ἡμᾶς
422 3319 698 3388 ἀγάπησιν
749 3319 1054 3373 κεκένωκεν
1108 3321 1321 3385 ἑαυτὸν,
1375 3320 1589 3392 μορφὴν
1631 3320 1815 3373 δούλου

231 3410 438 3469 λαϐὼν.
467 3412 561 3464 καλ⁸
582 3411 789 3481 ὑπέστη
810 3412 1049 3479 γεντοῦτο
1077 3412 1283 3478 παθὼν,
1321 3414 1407 3466 ἵνα
1443 3415 1647 3477 πάντας
1670 3415 1818 3483 ἡμᾶς

233 3500 518 3573 ἀπευθύνῃ
556 3502 690 3573 πρὸς
722 3505 900 3556 πᾶσαν
945 3503 1155 3572 εἴδησιν
1190 3507 1412 3575 ἀρετῆς,
1446 3506 1553 3569 ἵνα,
1595 3506 1681 3559 διὰ
1720 3506 1818 3577 τῆς

234 3591 347 3643 τῶν
376 3591 671 3661 θαυμάτων
690 3592 1023 3664 ἀσυγκρίτου
1055 3596 1431 3665 φαιδρότητος,
1466 3595 1704 3667 θεωροὺς
1729 3614 1820 3664 γε·

235 3683 427 3737 νὲσθαι
454 3684 850 3756 παρασκευάσῃ
871 3685 972 3754 τῆς
1002 3685 1227 3757 ἐνούσης
1278 3690 1342 3758 τῇ
1393 3687 1512 3759 θείᾳ
1541 3689 1700 3756 φύσει
1730 3688 1819 3740 δυ-

237 3772 457 3841 νάμεώς
484 3791 542 3826 τε
562 3773 658 3826 καὶ
691 3772 869 3844 δόξης,
902 3774 998 3826 καὶ
1028 3775 1342 3847 ὑπερφυοῦς
1375 3775 1641 3843 ἐξουσίας.
1663 3776 1818 3829 Οὕτω

237 3864 346 3933 γάρ
372 3859 439 3933 ἦν
464 3863 752 3917 ἀναπεῖσαι
781 3865 909 3927 τοὺς
950 3866 1029 3929 είς
1059 3866 1297 3935 ἐσχάτην
1322 3867 1562 3937 ἀμαθίαν
1591 3866 1819 3937 ὠλισθη-

240 3954 425 4018 κότας,
452 3955 760 4027 άνασφῆλαι
786 3955 947 4009 πάλιν
986 3959 1065 4020 είς
1098 3957 1332 4024 σύνεσιν,
1360 3959 1455 4012 καὶ
1495 3964 1820 4030 προσκυνεῖν

241 4046 344 4114 μὲν
370 4047 554 4099 οὑκέτι
582 4049 646 4117 τῇ
679 4047 853 4099 κτίσει
881 4046 1031 4119 παρά
1054 4047 1145 4100 τὸν
1177 4048 1459 4114 κτίσαντα,
1487 4050 1579 4102 τὸν
1604 4050 1659 4103 δὲ
1682 4051 1819 4120 ἀλη-

238 4137 350 4201 θῶς
377 4138 473 4190 ἕνα
511 4141 605 4191 καὶ
637 4138 795 4208 φύσει
822 4139 953 4192 Θεὸν
1004 4140 1429 4211 ἐπιγράφεσθαι.
1471 4141 1731 4211 Ὠφέλησε
1764 4143 1820 4194 δέ

238 4228 334 4282 καὶ
364 4230 483 4282 καθ’
512 4229 727 4300 ἐτέρους
751 4231 986 4302 τρόπους
1006 4233 1156 4301 ἡμᾶς
1172 4234 1199 4284 ὁ
1218 4233 1525 4303 Μονογενὴς
1553 4234 1708 4286 ἐνανο
1718 4252 1821 4306 ρω-

239 4322 443 4392 πήσας·
472 4322 803 4392 κατέστρεψε
826 4322 935 4390 γὰρ
968 4321 1066 4375 τοῦ
1095 4322 1328 4376 θανάτου
1350 4323 1411 4377 τὸ
1436 4323 1661 4394 κράτος,
1686 4342 1818 4377 κατ-

1924 3134 2095 3198 nitus,
2146 3141 2199 3185 et
2248 3132 2302 3184 in
2350 3131 2665 3200 aequalitate
2717 3130 3018 3185 secundum
3062 3128 3349 3199 Spiritum,
3388 3145 3497 3185 non

1924 3226 2177 3295 rapinam
2217 3222 2521 3278 arbitratus
2555 3230 2638 3277 est
2671 3238 2794 3278 esse
2828 3237 2887 3277 se
2936 3221 3199 3291 aequalem
3236 3220 3367 3288 Deo,
3402 3221 3498 3277 sed

1926 3321 2150 3385 propter
2198 3327 2355 3369 suam
2412 3313 2467 3366 in
2527 3328 2626 3368 nos
2686 3313 3011 3366 ebaritatcm
3054 3312 3355 3366 exinanivit
3412 3327 3497 3367 se-

1926 3406 2244 3476 metipsum,
2284 3405 2511 3460 formam
2548 3405 2693 3459 servi
2724 3403 2886 3476 843
2918 3404 3197 3471 accipiens
3226 3405 3293 3468 ",
3331 3404 3496 3473 idque

1926 3499 2214 3565 sustinuit,
2242 3506 2303 3552 ut
2337 3514 2440 3552 nos
2479 3512 2672 3552 omnes
2705 3497 2770 3550 ad
2799 3511 3015 3551 omnem
3054 3497 3279 3551 virtutis
3310 3495 3499 3566 cogni-

1927 3589 2501 3653 tioneminformaret,
2529 3598 2587 3643 ut
2611 3604 2707 3659 per
2745 3588 3231 3657 incomparabilem
3270 3589 3499 3642 miracu-

1926 3683 2102 3737 lorum
2134 3682 2438 3736 claritatem
2468 3688 2804 3751 spectatores
2835 3697 2937 3736 nos
2963 3681 3195 3736 elﬁceret
3226 3680 3349 3749 ejus
3378 3694 3500 3748 quae

1926 3784 2140 3829 natura).
2171 3771 2374 3828 divinae
2408 3773 2551 3827 inest
2582 3772 2807 3828 virtutis
2835 3779 2888 3827 et
2917 3772 3122 3842 gloriae,
3150 3788 3214 3827 ac
3240 3786 3498 3840 superua-

1928 3867 2126 3922 turalis
2182 3866 2456 3936 polentia).
2491 3864 2585 3919 Sic.
2638 3866 2785 3920 enim
2845 3866 2896 3919 in
2958 3872 3257 3920 extremam
3316 3863 3498 3932 lapsos

1928 3959 2202 4013 inscitiam
2251 3958 2317 4012 ad
2355 3971 2544 4011 sanam
2578 3968 2815 4013 mentem
2865 3957 3046 4012 denuo
3094 3970 3357 4011 revocare
3407 3969 3501 4023 po-

1930 4060 2088 4115 terat,
2125 4050 2199 4104 ita
2233 4059 2289 4104 ut
2324 4058 2632 4105 creaturam
2669 4066 2775 4103 non
2802 4049 3041 4119 amplius
3067 4048 3368 4103 adorarent
3392 4062 3501 4117 pra:

1928 4144 2213 4206 Creatore,
2244 4142 2339 4197 sed
2381 4157 2550 4195 unum
2584 4156 2711 4196 vere
2739 4156 2806 4195 ac
2842 4149 3036 4194 natura
3070 4138 3237 4194 Deum
3288 4154 3503 4193 nuncu-

1929 4240 2145 4303 parent.
2179 4231 2284 4286 Sed
2330 4240 2384 4286 et
2415 4232 2541 4287 aliis
2575 4230 2752 4285 modis
2789 4246 2890 4286 nos
2926 4229 3257 4301 Unigenitus
3288 4243 3502 4284 assum-

1931 4333 2018 4394 pta
2080 4340 2247 4379 carne
2306 4323 2802 4394 juvitzdestruxit
2868 4322 3015 4377 enim
3078 4322 3272 4376 mortis
3334 4320 3503 4389 impe-

238 4415 399 4467 ἐλυσε
434 4415 530 4484 τῆς
566 4415 849 4484 ἁμαρτίας·
879 4414 979 4486 τὴν
1003 4414 1256 4485 δύναμιν,
1290 4416 1522 4469 δέδωκεν
1547 4418 1683 4487 ἡμῖν
1710 4435 1818 4471 πα-

1930 4416 2069 4470 rium
2098 4416 2167 4480 ⁵³,
2214 4415 2322 4469 vim
2361 4416 2573 4486 peccati
2624 4415 2875 4479 resolvit,
2910 4429 3076 4485 supra
3118 4420 3402 4484 serpentes
3452 4420 3500 4465 ct

238 4506 350 4556 τεῖν
382 4503 567 4555 ἐπάνω
595 4503 772 4573 ὄφεων
818 4504 912 4556 καὶ
939 4504 1240 4573 σκορπίων,
1276 4504 1370 4557 καὶ
1402 4504 1493 4557 ἐπὶ
1523 4507 1701 4559 πᾶσαν
1724 4506 1820 4577 τὴν

238 4595 467 4664 δύναμιν
502 4594 596 4647 τοῦ
629 4594 844 4667 ἐχθροῦ.
878 4591 986 4648 Ἦν
1016 4589 1109 4648 οῦν
1131 4594 1260 4664 ἄρα,
1286 4595 1381 4648 καὶ¹
1427 4594 1546 4649 λίαν
1570 4597 1816 4663 είκότως,

241 4689 374 4757 ἡμῖν
402 4686 500 4756 μὲν
532 4687 735 4749 αὑτοῖς,
770 4687 802 4756 ἢ
840 4685 935 4738 καὶ
972 4688 1085 4749 τοῖς
1110 4686 1287 4753 ἁγίοις
1311 4687 1606 4757 μαθηταῖς,
1637 4687 1733 4758 ἡδύ
1759 4704 1818 4739 τε

241 4780 335 4831 καὶ
355 4778 527 4846 φίλον,
560 4778 652 4832 καὶ
685 4778 883 4841 παντὸς
921 4776 1069 4842 ἀξιον
1120 4778 1299 4845 λόγου,
1339 4777 1400 4831 τὸ
1456 4780 1691 4831 συνεῖναι
1736 4777 1824 4831 διὰ

242 4871 442 4933 παντὸς
472 4870 550 4939 τῷ
579 4870 850 4923 τοσούτων
899 4871 1030 4941 ἡμῖν
1063 4870 1285 4938 ἀγαθῶν
1331 4869 1519 4941 δοτῆρι
1569 4867 1823 4941 Χριστῷ,

243 4959 600 5028 συμπαρόντα
632 4975 691 5010 τε
733 4958 820 5011 ἀεὶ
846 4958 940 5012 καὶ
991 4958 1445 5029 συνδιαιτώμενον
1480 4959 1641 5028 ἔχειν.
1686 4959 1825 5011 Ἀλλ’

239 5051 301 5102 οὑ
340 5050 546 5120 σφόδρα
588 5050 858 5121 χρήσιμον
912 5050 1063 5119 αύτῷ
1115 5050 1453 5118 διεφαίνετο,
1508 5052 1567 5103 ἐν
1599 5054 1828 5121 μακροῖς

240 5140 384 5194 οὕτω
446 5142 658 5210 χρόνοις
707 5141 1108 5213 ἐμφιλοχωρεῖν
1164 5140 1241 5211 τῷ
1290 5140 1389 5208 τῆς
1445 5138 1826 5204 ταπεινώσεως

198 5218 205 5223 ’
240 5233 488 5302 σχήματι
520 5231 915 5301 παραδεχθέντι
969 5232 1257 5303 χρησίμως
1302 5231 1391 5285 διά
1418 5230 1516 5300 τὴν
1566 5232 1646 5293 είς
1681 5233 1826 5302 ἡμᾶς

238 5324 543 5393 ἀγάπησιν,
574 5324 825 5395 καθάπερ
856 5326 958 5394 ἤδη
988 5327 1342 5395 προείπομεν.
1379 5325 1527 5379 Ἔδει
1550 5325 1659 5399 γάρ
1693 5324 1827 5395 μᾶλ-

240 5415 332 5466 λον
357 5416 454 5483 τῆς
488 5415 613 5467 καθ’
641 5418 792 5486 ἡμᾶς
822 5418 1135 5487 οἰκονομίας
1167 5417 1477 5480 ἀκολούθως
1522 5418 1623 5489 ἥδη
1654 5435 1826 5471 πεπε-

244 5507 543 5577 ρασμένης,
578 5510 656 5571 εἰς
687 5508 786 5578 τὴν
837 5509 973 5563 ἰδίαν
1029 5510 1391 5579 ἀναφοιτῆσαι
1422 5509 1576 5574 δόξαν
1630 5511 1821 5574 αὑτὸν,

241 5599 333 5652 καί
369 5598 509 5669 μετά
546 5598 644 5668 τῆς
689 5600 757 5651 δι’
802 5601 952 5671 ἡμᾶς
981 5600 1283 5671 ληφθείσης
1312 5600 1514 5670 σαρκὸς
1536 5599 1821 5671 παλινδρο-

1929 4505 2286 4575 scorpiones,
2342 4513 2398 4560 et
2455 4521 2622 4575 supra
2686 4520 2904 4560 omnem
2964 4504 3140 4560 hostis
3205 4504 3500 4575 potentiam

1929 4597 2144 4650 calcare
2175 4595 2303 4650 fecit
2327 4595 2396 4649 ⁸⁸.
2423 4594 2552 4650 Erat
2582 4595 2749 4667 igitur
2779 4594 3248 4665 iucundissimum
3273 4602 3326 4649 et
3349 4601 3502 4663 opta—

1928 4689 2224 4754 tissimum,
2255 4704 2377 4743 cum
2406 4688 2564 4744 nobis
2601 4689 2759 4759 ipsis,
2794 4698 2906 4742 tum
2944 4688 3154 4743 sanctis
3187 4685 3498 4754 discipulis,

1929 4796 2145 4850 semper
2175 4796 2298 4836 esse
2333 4796 2444 4834 una
2467 4796 2590 4835 cum
2624 4787 2905 4834 tantorum
2946 4780 3211 4834 bonorum
3244 4776 3504 4847 largitore

1925 4870 2165 4933 Christo,
2204 4884 2267 4923 ac
2316 4877 2645 4939 praesentem
2690 4884 2910 4939 semper
2940 4884 3066 4923 eum
3113 4883 3175 4923 ac
3211 4867 3497 4922 uobiscum

1926 4968 2238 5015 versantem
2270 4959 2474 5014 habere
2506 4979 2519 5014 :
2557 4958 2651 5013 sed
2688 4974 2799 5012 non
2834 4958 3065 5011 multum
3093 4958 3143 5013 ei
3188 4956 3323 5012 utile
3351 4957 3502 5012 vide-

1926 5050 2110 5116 batur,
2140 5058 2255 5104 tam
2297 5050 2482 5121 longis
2521 5050 2864 5119 temporibus
2913 5047 3245 5103 commorari
3294 5046 3351 5100 in
3402 5046 3501 5100 hu-

1928 5143 2180 5197 militatis
2241 5141 2419 5196 forma
2472 5156 2639 5211 quam
2698 5151 2923 5212 propter
2972 5140 3319 5195 dilectionem
3372 5153 3500 5208 erga

1927 5247 2029 5286 nos
2085 5240 2488 5302 assumpserat,
2523 5231 2690 5287 sicuti
2734 5232 2847 5301 jam
2889 5232 3150 5287 diximus.
3202 5230 3503 5300 Oportebat

1923 5325 2096 5390 enim,
2126 5336 2312 5381 nostra
2333 5326 2879 5395 dispensationejam
2903 5325 2968 5379 ad
2989 5326 3195 5380 exitum
3218 5324 3499 5395 perducta,

1926 5415 1992 5468 ad
2025 5430 2179 5469 suam
2209 5415 2439 5486 gloriam
2480 5416 2661 5484 ipsum
2702 5415 2909 5482 redire,
2937 5424 3138 5471 etcum
3174 5430 3345 5469 carne
3375 5428 3502 5483 pro-

1925 5514 2050 5576 pter
2089 5522 2189 5562 nos
2250 5516 2530 5575 assumpta
2580 5506 2647 5561 ad
2694 5508 3063 5577 aequalitatem
3118 5521 3241 5561 eum
3283 5505 3392 5559 Deo
3440 5518 3501 5555 ac

1926 5599 2084 5656 Patre
2131 5600 2356 5667 reverti,
2393 5617 2557 5672 quam
2609 5618 2732 5655 cum
2771 5601 3018 5671 rapinam
3054 5600 3354 5653 arbitratus
3394 5610 3502 5649 non

314 5775 363 5806 το
400 5774 421 5829 ι
456 5777 589 5831 Cor.
619 5791 747 5845 χιιι,
784 5776 845 5847 ι,
1014 5778 1053 5809 δι
1097 5777 1278 5832 lCor.
1318 5793 1373 5843 x,
1405 5776 1492 5830 at.
1573 5778 1616 5809 ει
1652 5762 1819 5846 Phili;

1936 5792 1997 5841 tr,
2042 5776 2160 5832 6-8.
2241 5778 2285 5808 ’”
2319 5776 2363 5832 ll
2404 5776 2545 5832 Tim.
2581 5776 2741 5844 1,10.
2818 5777 2863 5808 ⁸⁵
2900 5774 3032 5830 Luc.
3066 5790 3131 5838 χ,
3173 5774 3253 5827 19.
