4096 6482
626 336 725 391 '6”

1652 337 1709 391 S.
1751 337 2032 394 CYRILLI
2066 339 2541 395 ALEXANDRINI
2576 340 2895 396 ARCHIEP.

3791 332 3901 386 5F!

624 460 773 509 esset
811 451 1011 523 (ipsam
1060 451 1208 507 enim
1260 464 1362 505 ceu
1417 451 1701 521 proprium
1751 452 1957 507 bonum
1999 454 2184 509 habere

2311 459 2431 527 μεῖν
2462 459 2541 521 είς
2565 458 2786 528 ἰσότητα
2815 458 2913 527 τὴν
2944 454 3082 526 πρὸς
3110 451 3245 507 Θεὸν
3287 452 3383 505 καὶ
3411 446 3659 519 Πατέρα,
3690 444 3767 515 ἦν
3796 444 3899 512 οὐχ

626 545 888 610 licebat),
948 544 1001 598 in
1064 543 1361 598 humanam
1422 542 1818 612 ignobilitatem
1888 546 2194 601 descendit.

626 635 881 702 Quandiu
932 634 1078 689 enim
1129 642 1255 689 erat
1282 634 1336 688 in
1366 640 1535 697 terra,
1566 633 1691 689 licet
1728 635 1872 691 Deus
1916 638 2197 703 sitverus,

623 742 688 781 ac
734 726 977 781 universi
1015 726 1304 789 Dominus,
1332 726 1483 780 nullo
1514 732 1695 780 tamen
1732 736 1981 781 nostrum
2015 729 2198 798 potior

621 819 977 888 reputabatur
1015 817 1178 873 abiis
1205 818 1299 888 qui
1341 817 1575 889 gloriam
1612 818 1732 888 ejus
1759 834 1870 873 non
1903 830 2191 877 noverant.

623 906 780 963 Unde
826 915 882 962 et
913 908 1164 977 colaphis
1203 922 1400 975 caesus,
1440 916 1496 962 et
1545 910 1723 979 sputis
1775 910 2116 980 inquinatus,
2141 920 2201 966 et

618 1000 919 1054 cruciﬁxus
963 1011 1067 1065 est,
1105 1010 1157 1055 et
1200 999 1518 1055 Iudaeorum
1561 1018 1764 1059 sannas
1803 1005 1947 1069 tulit,
1980 1005 2079 1075 qui
2113 1006 2196 1060 tli-

617 1105 743 1144 eere
798 1092 921 1145 ausi
971 1099 1101 1145 sunt
1135 1110 1148 1146 2
1189 1112 1207 1144 ι
1245 1092 1303 1147 Si
1356 1092 1527 1150 Filius
1570 1093 1668 1149 Dei
1704 1111 1785 1162 es,
1822 1096 2094 1152 descende
2128 1097 2195 1152 de

616 1196 801 1245 cruce,
838 1190 892 1236 et
920 1182 1212 1239 credemus
1257 1183 1356 1239 tibi
1380 1185 1448 1239 ⁵³.
1485 1204 1502 1237 ι
1551 1184 1849 1254 Postquam
1888 1192 2069 1241 autem
2111 1187 2194 1240 in-

614 1275 954 1332 carnationis
1007 1277 1251 1347 implevit
1280 1279 1629 1349 mysterium,
1666 1278 1734 1333 ad
1765 1278 2044 1335 caelestem
2092 1278 2195 1334 Pa-

614 1374 752 1422 trem
786 1382 851 1422 ac
884 1366 1057 1423 Deum
1094 1383 1155 1423 se
1196 1372 1426 1439 recepit,
1460 1382 1654 1426 exacto
1680 1371 1939 1426 nimirum
1975 1372 2195 1426 humili-

614 1458 745 1511 tatis
768 1467 1035 1529 tempore,
1058 1468 1112 1514 et
1144 1461 1470 1515 voluntariae
1496 1461 1817 1517 inanitionis
1850 1463 2193 1533 temporibus

613 1548 688 1602 ad
723 1549 927 1603 exitum
984 1550 1287 1621 perductis,
1331 1551 1475 1606 Deus
1530 1551 1751 1607 tandem
1792 1552 2048 1620 supernis
2093 1568 2191 1622 po-

614 1639 915 1695 testatibus
952 1642 1229 1711 apparuit.
1264 1641 1373 1697 Nec
1421 1645 1567 1698 enim
1609 1644 1908 1699 ascendere
1945 1643 2190 1701 universi

614 1728 910 1784 Dominum
941 1732 1141 1786 caelum
1170 1732 1462 1803 ignoravit,
1497 1733 1591 1789 sed
1623 1734 1766 1804 jussi
1805 1743 1935 1791 sunt
1968 1738 2065 1806 qui
2095 1752 2187 1792 su-

2307 551 2602 623 ἀρπαγμὸν
2656 550 3002 620 ἡγησάμενος
3064 545 3241 618 (ἐξῆν
3282 543 3391 612 γάρ
3438 541 3605 611 ἔχειν,
3639 537 3717 601 ὡς
3766 534 3900 587 ἴδιον

2304 644 2562 716 ἀγαθὸν),
2594 645 2671 707 είς
2698 641 3044 714 ἀνθρωπίνην
3073 635 3452 706 καταϐέϐηκεν
3479 631 3720 697 ἀδοξίαν.
3743 628 3903 688 Ἕως

2306 737 2405 807 μὲν
2431 730 2629 806 γὰρῆν
2651 735 2745 788 ἐπὶ
2789 735 2887 805 τῆς
2930 733 3037 802 γῆς
3066 730 3167 796 ἔτι,
3215 728 3394 782 καίτοι
3438 726 3569 788 Θεὸς
3620 722 3903 791 ὑπάρχων

2302 829 2575 899 ἀληθινὸς,
2612 830 2706 882 καὶ
2734 827 2843 880 τῶν
2870 826 3009 880 ὅλων
3028 823 3252 894 Κύριος,
3273 819 3488 881 οὐδενὸς
3514 815 3761 888 ἀμείνων
3783 810 3902 863 τῶν

2302 922 2424 977 καθ’
2455 924 2604 993 ἡμᾶς
2646 920 2920 989 ἐλογίζετο
2969 916 3122 987 παρά
3160 932 3224 983 γε
3276 914 3391 975 τοῖς
3429 910 3528 964 οὐκ
3580 907 3761 961 εἰδόσι
3798 903 3906 971 τὴν

2301 1016 2459 1081 δόξαν
2486 1012 2671 1067 αὐτοῦ.
2704 1014 2815 1066 Καὶ
2863 1008 2995 1078 γοῦν
3041 1004 3372 1078 ἐρῤαπίσθη,
3418 1001 3514 1054 καὶ
3540 994 3902 1062 ὲνεπτύσθη.

2302 1106 2396 1160 καὶ
2417 1104 2757 1175 ἐσταυρώθη,
2775 1102 2870 1156 καὶ
2892 1101 2990 1170 τῆς
3017 1097 3285 1152 Ἰουδαίων
3306 1092 3650 1184 ἀνοσιύτητος

2300 1197 2390 1251 τὸν
2410 1196 2641 1265 γέλωτα,
2663 1192 3047 1264 τολμησάντων
3064 1188 3256 1241 εἰπεῖν’
3284 1204 3299 1235 ι
3313 1185 3376 1237 Et
3396 1182 3521 1245 Υἱὸς
3534 1176 3585 1233 εἷ
3603 1178 3698 1231 τοῦ
3720 1176 3904 1235 Θεοῦ,

2301 1290 2569 1359 κατάϐηθι
2598 1288 2694 1340 νῦν
2745 1285 2853 1338 ἀπὸ
2898 1282 2993 1337 τοῦ
3052 1277 3311 1350 σταυροῦ,
3367 1278 3462 1329 καὶ
3514 1266 3907 1336 πιστεύσομέν

2302 1398 2437 1434 σοι.»
2472 1376 2689 1447 Ἐπειδὴ
2724 1374 2785 1428 τὸ
2814 1373 2933 1427 καθ’
2955 1372 3103 1443 ἡμᾶς
3130 1365 3537 1436 ἀποπληρώσας
3560 1361 3904 1433 μυστήριον.

2300 1472 2436 1541 πρὸς
2466 1471 2554 1523 τὸν
2594 1470 2650 1521 ἐν
2678 1469 2790 1529 τοῖς
2821 1465 3069 1536 οὐρανοῖς
3107 1455 3462 1528 ἀνεκομίζετο
3514 1452 3740 1522 Πατέρα
3802 1448 3907 1499 καῖ

2298 1564 2453 1624 Θεὸν,
2476 1561 2570 1615 ἅτε
2591 1559 2655 1630 δὴ
2683 1556 3090 1627 παρελάσαντος
3118 1552 3218 1622 ήδη
3248 1547 3343 1601 τοῦ
3374 1547 3475 1615 τῆς
3494 1542 3905 1600 ταπεινώσεως

2299 1655 2492 1726 γρὸνου
2522 1653 2614 1706 καὶ
2643 1646 3081 1719 πεπερασμένων
3106 1643 3216 1696 τῶν
3252 1638 3463 1709 καιρῶν
3496 1636 3592 1705 τῆς
3625 1631 3905 1687 ἑκουσίου

2297 1724 2602 1806 κενώσεως,
2634 1742 2767 1804 Θεὸς
2790 1739 2891 1810 ἤδη
2921 1739 3042 1799 ταῖς
3093 1735 3208 1788 ἄνω
3238 1730 3505 1800 δυνάμεσι
3548 1724 3899 1794 διεφαίνετο.

615 1822 801 1890 pernis
848 1823 1037 1893 januis
1072 1833 1337 1894 praesunt,
1371 1833 1701 1896 potestatum
1752 1825 2043 1882 Dominum
2095 1828 2184 1883 ad-

2298 1840 2372 1893 Οὐ
2398 1838 2506 1908 γὰρ
2534 1834 2802 1905 ἠγνόησεν
2830 1828 3191 1884 ἀναϐαίνοντα
3239 1822 3328 1876 τὸν
3358 1820 3469 1874 τῶν
3498 1818 3632 1871 ὅλων
3666 1813 3902 1908 156:6-

615 1912 850 1977 mittere,
880 1915 1006 1970 licet
1030 1931 1153 1970 cum
1184 1931 1353 1971 carne
1383 1917 1790 1985 ascendentem,
1811 1920 1973 1989 eique
2003 1927 2190 1989 portas

616 2004 867 2058 attollere
905 2006 1200 2061 mandabat
1226 2004 1702 2077 Spiritus,.dicens
1731 2026 1744 2062 :
1786 2028 1805 2061 ι
1845 2008 2042 2065 Tollite
2069 2026 2191 2080 por-

611 2102 719 2160 tas,
758 2097 1060 2167 principes,
1086 2108 1324 2163 vestras,
1357 2107 1411 2154 et
1456 2100 1770 2163 elevamini,
1803 2108 1976 2170 portae
2025 2109 2188 2155 aeter-

612 2187 798 2251 nales,
833 2197 887 2243 et
920 2189 1171 2244 introibit
1205 2189 1321 2245 Rex
1368 2191 1576 2260 gloriae.
1616 2189 1885 2247 Dominus
1936 2192 2092 2247 fortis
2135 2202 2190 2248 et

612 2284 828 2344 potens,
861 2277 1029 2350 844
1056 2281 1406 2351 omnipotens
1435 2283 1490 2337 in
1522 2282 1733 2352 praelio.
1788 2282 2053 2340 Dominus
2076 2286 2188 2339 vir-

612 2378 787 2425 tutum
822 2374 939 2443 ipse
979 2383 1064 2431 est
1109 2374 1225 2430 Rex
1265 2377 1453 2446 gloriae
1481 2378 1549 2431 ⁵³.
1596 2395 1616 2428 ›
1679 2378 1921 2431 lnnotuit
1958 2380 2101 2432 enim
2135 2389 2189 2434 et

610 2462 1020 2534 Principatibus
1048 2475 1101 2522 et
1132 2467 1506 2526 Potestatibus
1530 2469 1887 2526 multiformis
1915 2472 2191 2542 sapientia

608 2556 726 2619 Dei,
752 2560 1054 2613 secundum
1087 2560 1503 2630 praeﬁnitionem
1545 2563 1872 2617 saeculorum
1905 2579 2067 2633 quam
2104 2564 2185 2620 fe-

606 2649 681 2701 cit
714 2650 769 2703 in
804 2648 1047 2717 Christo,
1090 2652 1257 2706 sicuti
1295 2651 1501 2708 Paulus
1534 2654 1612 2708 ait
1632 2655 1701 2711 ⁸⁷.
1732 2653 2008 2711 Reversus
2038 2656 2183 2711 enim

606 2739 673 2793 ad
706 2740 949 2808 Patrem,
987 2744 1115 2799 licet
1147 2745 1325 2814 major
1357 2761 1521 2815 quam
1554 2746 1674 2817 ipse
1713 2746 1837 2809 ideo
1868 2756 2181 2811 censeatur,

605 2833 752 2900 quod
786 2833 874 2888 hic
923 2836 1143 2904 quidem
1180 2837 1382 2893 mansit
1423 2839 1479 2891 in
1528 2838 1594 2893 iis
1625 2838 1680 2892 in
1728 2838 1929 2908 quibus
1966 2855 2185 2909 semper

604 2932 744 2987 erat,
772 2925 863 2980 ille
886 2942 1014 2982 vero
1041 2929 1408 2983 voluntariam
1442 2929 1803 2984 inanitionem
1839 2930 2083 2995 subiens,
2128 2931 2181 2983 in

605 3015 750 3067 servi
790 3014 964 3069 forma
996 3017 1305 3083 descendit,
1328 3017 1394 3071 ad
1429 3020 1707 3089 propriam
1742 3035 1936 3075 rursus
1960 3028 2183 3075 evectus

603 3114 690 3160 es:
741 3107 995 3175 gloriam,
1051 3110 1371 3181 audivitque
1406 3132 1418 3167 z
1458 3132 1476 3163 ι
1518 3110 1659 3168 Sede
1688 3128 1718 3167 a
1763 3113 1971 3168 dextris
2023 3114 2183 3180 meis,

2298 1948 2396 2001 την
2427 1929 2453 1980 6
2478 1906 2726 1999 οὐρανὸς,
2757 1923 2870 1977 ἀλλ’
2922 1919 3235 1974 ἐκελεύοντο
3269 1916 3368 1986 μὲν
3394 1916 3442 1967 οἱ
3476 1915 3592 1973 ταῖς
3625 1909 3745 1963 ἀνω

2298 2000 2415 2087 λαις
2444 2018 2827 2090 ἐφεστηκότες,
2860 2017 2934 2079 ὡς
2961 2015 3051 2067 τδν
3089 2012 3199 2064 τῶν
3241 2007 3523 2077 δυνάμεων
3552 2000 3905 2075 προσίεσθαι

2298 2113 2521 2184 Κύριον,
2548 2109 2724 2162 καίτοι
2767 2106 2903 2177 μετά
2938 2103 3139 2174 σαρκὸς
3168 2098 3567 2167 ἀνιπτάμενον’
3605 2094 3801 2184 αἴρειν
3837 2106 3903 2140 τε

2296 2183 2396 2265 τὰς
2423 2201 2596 2263 πύλας
2620 2197 2767 2266 αὐτῷ
2796 2194 3050 2249 διετύπου
3077 2192 3138 2245 τὸ
3162 2184 3600 2258 Πνεῦμα,λέγον·
3631 2202 3647 2233 ι
3669 2183 3909 2249 Ἄρατε

2299 2294 2492 2357 πύλας,
2547 2293 2597 2345 οἱ
2649 2290 2930 2360 ἄρχοντες,
2962 2285 3141 2356 ὑμῶν,
3193 2282 3289 2335 καὶ
3340 2277 3651 2349 ὲπάρθητε,
3703 2272 3907 2325 πύλαι

2296 2383 2525 2443 αἱώνιοι,
2554 2383 2649 2435 καὶ
2675 2378 3046 2433 εἰσελεύσεται
3067 2377 3096 2428 6
3130 2371 3383 2445 βασιλεὺς
3404 2369 3505 2438 τῆς
3549 2365 3725 2436 δόξης.
3771 2361 3907 2415 Κύι-

2298 2493 2409 2547 ριος
2432 2472 2711 2544 κραταιὸς,
2744 2470 2839 2524 καὶ
2889 2468 3134 2529 δυνατὸς,
3191 2464 3393 2535 Κύριος
3438 2457 3659 2520 δυνατὸς
3685 2456 3749 2547 ἐν
3787 2470 3903 2505 ποι

2294 2542 2705 2640 λέμῳίΚύριος
2755 2562 2865 2616 τῶν
2917 2558 3200 2628 δυνάμεων
3253 2554 3416 2616 αὐτός
3463 2554 3606 2604 ἐστιν
3658 2542 3839 2608 οὗτος
3872 2547 3908 2597 6

2296 2662 2544 2735 βασιλεὺς
2599 2659 2697 2728 τῆς
2727 2656 2904 2727 δόξης.
2932 2674 2952 2708 ι
3001 2650 3279 2721 Ἐγνώσθη
3309 2646 3417 2716 γὰρ
3477 2646 3594 2739 ταῖς
3650 2640 3906 2739 ’έξχαξς

2294 2730 2387 2807 καὶ
2424 2755 2544 2815 ταῖς
2585 2747 2885 2815 Ἐξουσίαις
2912 2748 2946 2815 ή
2995 2739 3379 2801 πολυποίκιλος
3406 2735 3566 2804 σοφία
3593 2731 3688 2785 τοῦ
3710 2730 3909 2790 Θεοῦ,

2292 2848 2357 2918 ἢν
2376 2844 2630 2914 ἐποίησεν
2657 2843 2714 2894 ἐν
2741 2840 2817 2911 τῷ
2835 2836 3075 2910 Χριστῷ,
3108 2833 3359 2903 καθάπερ
3390 2830 3418 2881 ὁ
3448 2825 3655 2887 Παῦλός
3684 2840 3899 2918 φησιν.

2303 2914 2717 3006 ’Ᾰνακομισθεὶς
2749 2932 2858 3002 γὰρ
2889 2930 3026 3002 πρδς
3060 2928 3152 2981 τόν
3172 2925 3412 2995 Πατέρα,
3446 2920 3621 2975 καίτοι
3646 2914 3902 3006 μείζονα

2291 3030 2323 3101 ἢ
2358 3030 2478 3083 κατ’
2504 3005 2666 3081 αὐτὸν
2697 3026 2818 3078 κατ’
2848 3024 3024 3075 ἐκεῖνο
3054 3018 3362 3088 νοούμενον,
3397 3012 3517 3066 καθ’
3545 3011 3680 3079 ὅπερ
3709 3008 3738 3058 6
3764 3005 3900 3101 μὲν

2291 3099 2503 3192 ἔμεινεν
2536 3122 2593 3173 ἐν
2622 3114 2705 3181 οἷς
2734 3113 2802 3187 ἦν
2830 3116 2937 3177 ἀεὶ,
2962 3116 2990 3167 6
3023 3113 3078 3165 δὲ
3106 3112 3205 3181 τὴν
3258 3106 3506 3161 ἑκούσιον
3566 3099 3900 3192 ὑπομείνας

603 3197 780 3251 donec
814 3214 1012 3268 ponam
1048 3201 1306 3257 inimicos
1329 3212 1454 3258 tuos
1489 3204 1793 3259 scabellum
1826 3203 2023 3274 pedum
2061 3213 2183 3259 tuo-

2289 3191 2541 3276 κένωσιν,
2568 3212 2626 3263 ἐν
2655 3212 2720 3280 τῇ
2749 3207 2843 3262 τοῦ
2870 3206 3057 3260 δούλου
3098 3201 3303 3272 κατέϐη
3358 3198 3561 3270 μορφῇ,
3603 3192 3741 3262 πρὸς
3776 3191 3901 3247 τὶν

602 3305 726 3343 rum
752 3289 822 3343 ⁸⁸.
856 3310 874 3343 ι
911 3290 1019 3347 Sed
1070 3309 1139 3348 ne
1171 3294 1291 3364 ipse
1324 3294 1607 3351 videretur
1658 3296 1922 3351 honorem
1958 3297 2062 3352 sibi
2096 3312 2184 3351 ra-

604 3382 813 3448 puisse,
848 3382 1121 3455 Paterque
1167 3387 1408 3442 caelestis
1454 3389 1539 3443 vel
1596 3388 1804 3444 invitus
1858 3387 2057 3443 Filium
2116 3390 2183 3443 ad

606 3474 854 3529 dextram
887 3478 1211 3543 collocasse,
1248 3478 1365 3549 ipse
1424 3479 1586 3536 Pater
1620 3479 2017 3545 introducitur,
2046 3480 2181 3535 illud

604 3566 795 3622 dicens
824 3586 838 3621 :
874 3587 891 3618 ι
937 3570 1078 3625 Sede
1107 3586 1136 3624 a
1172 3570 1384 3649 dextris
1412 3573 1572 3629 meis.
1612 3592 1631 3626 ι
1663 3574 1850 3643 Neque
1882 3589 2012 3629 vero
2055 3589 2183 3628 cor-

603 3657 765 3714 datus
806 3662 1095 3731 quisquam
1144 3664 1343 3720 dixerit
1370 3664 1587 3719 Patrem
1627 3663 1901 3721 secundas
1955 3664 2183 3721 honoris

604 3759 792 3819 partes
838 3753 1059 3810 dedisse
1106 3754 1270 3823 Filio,
1312 3757 1460 3827 quod
1489 3772 1614 3812 eum
1654 3773 1684 3810 a
1720 3758 1930 3813 dextris
1960 3755 2179 3819 habeat,

603 3842 701 3896 sed
733 3842 868 3898 illud
896 3846 1039 3915 apud
1070 3862 1129 3902 se
1174 3848 1453 3918 repntabit
1476 3850 1682 3918 potius,
1715 3848 2031 3918 oportuisse
2061 3863 2179 3901 om—

604 3932 735 3985 nino
768 3934 1055 3990 dexterum
1082 3946 1137 3992 et
1170 3939 1377 3995 nullius
1420 3938 1824 3994 imminutionis
1859 3945 2178 4008 suspectum

602 4020 808 4085 locum,
837 4038 944 4077 non
975 4025 1198 4094 quidem
1225 4026 1502 4095 Patri,sed
1527 4017 1666 4081 Filio
1699 4027 1948 4094 attribui,
1980 4028 2182 4098 quippe

602 4112 719 4180 qui,
750 4122 974 4185 propter
1030 4118 1396 4174 voluntariam
1457 4120 1818 4175 inanitionem
1878 4128 1934 4176 et
1994 4122 2179 4190 subje-

602 4203 859 4268 ctionem,
887 4213 947 4259 ut
982 4207 1168 4263 minor
1190 4211 1524 4281 arguebatur
1555 4211 1622 4265 ab
1650 4211 1718 4267 iis
1740 4211 1834 4281 qui
1856 4212 2179 4283 mysterium

603 4292 1001 4352 incarnationis
1028 4313 1225 4368 capere
1257 4316 1364 4355 non
1402 4310 1645 4371 possent.
1671 4301 1885 4356 Idcirco
1912 4317 1941 4355 a
1967 4301 2179 4368 dextris

601 4392 687 4439 est
740 4385 943 4455 Patris,
987 4390 1083 4458 qui
1132 4392 1449 4448 nullatenus
1494 4394 1649 4464 argui
1710 4401 1910 4464 potest,
1948 4403 2008 4449 ut
2042 4393 2179 4448 Filio

602 4483 849 4531 servetur
889 4478 1116 4537 honoris
1142 4483 1445 4552 aequalitas.

2283 3305 2489 3359 οἰκείαν
2517 3300 2671 3366 αὖθις
2723 3297 3055 3366 ἀνεϐιϐάσθη
3086 3293 3271 3360 δόξαν,
3322 3289 3582 3350 ἀκούσας·
3618 3305 3637 3336 ι
3680 3282 3896 3336 Κάθου

2285 3401 2349 3452 ἐκ
2384 3396 2573 3462 δεξιῶν
2598 3412 2721 3466 μου,
2762 3394 2865 3455 ἕως
2887 3392 2954 3445 ἂν
2985 3388 3063 3443 θῶ
3100 3393 3226 3451 τοὺς
3277 3381 3506 3455 ἐχθρούς
3536 3397 3627 3432 σου
3659 3375 3901 3429 ὑποπό-

2284 3491 2393 3544 διον
2421 3490 2529 3541 τῶν
2570 3485 2748 3539 ποδῶν
2767 3501 2880 3538 σου.
2911 3503 2929 3535 ι
2966 3483 3081 3535 Ἵνα
3103 3481 3160 3533 δέ
3192 3479 3269 3549 μὴ
3316 3474 3502 3543 δοκοίη
3534 3467 3893 3534 πλεονεκτή-

2288 3593 2405 3642 σας,
2440 3576 2537 3629 καὶ
2566 3575 2665 3644 οὐχ
2702 3573 2895 3626 ἑκόντα
2922 3571 3084 3640 τυχὸν
3116 3569 3208 3622 τὸν
3242 3569 3298 3620 ἐν
3321 3568 3436 3628 τοῖς
3468 3560 3721 3633 οὐρανοῖς
3749 3557 3893 3608 Πα-

2283 3669 2418 3739 τέρα
2448 3668 2543 3722 καὶ
2591 3667 2724 3719 θεὸν
2774 3665 2997 3719 καθίσαι
3043 3661 3179 3733 πρὸς
3202 3662 3314 3722 τοῖς
3344 3657 3539 3721 δεξιοῖς
3579 3653 3672 3707 τὸν
3712 3651 3891 3713 Υίὸν,

2284 3759 2447 3821 αὐτὸς
2472 3755 2631 3810 τοῦτο
2657 3754 2831 3822 λέγων
2858 3756 2886 3807 6
2924 3752 3117 3823 Πατὴρ
3144 3750 3517 3820 εἰσενήνεκται
3547 3744 3638 3805 τὸ,
3704 3759 3724 3794 t
3772 3740 3899 3793 Ἐκ

2282 3849 2471 3917 δεξιῶν
2496 3867 2596 3920 μου
2627 3847 2819 3911 κάθου,
2848 3866 2873 3898 ι
2922 3846 3077 3915 φησι.
3117 3843 3231 3897 Kal:
3251 3838 3312 3895 οὐ
3351 3840 3414 3910 δή
3468 3856 3554 3901 τις
3601 3837 3721 3907 ἐρεῖ
3741 3834 3890 3886 νοῦν

2284 3942 2443 4012 ἔχων,
2477 3941 2551 4004 ὡς
2570 3940 2681 4003 τοῖς
2705 3938 2977 4010 δευτέροις
2999 3938 3026 3989 6
3048 3934 3240 4006 Πατὴρ
3270 3932 3564 4001 τετίμηται
3594 3928 3686 3981 τὸν
3711 3925 3899 3987 Υἱὺνν

2284 4032 2443 4102 ἔχων,
2467 4032 2532 4084 ἐκ
2566 4029 2777 4096 δεξιῶν,
2795 4029 3055 4096 λογιεῖται
3083 4025 3140 4079 δὲ
3166 4023 3373 4094 μᾶλλον
3396 4022 3595 4083 ἐκεῖνο,
3622 4018 3721 4071 καὶ
3748 4016 3889 4069 δια-

2285 4122 2562 4191 σκέψεται·
2596 4120 2713 4173 ἔδει»
2732 4120 2841 4190 γὰρ
2865 4119 3032 4183 δντως
3064 4119 3128 4170 ἐκ
3146 4114 3336 4180 δεξιῶν
3357 4111 3618 4175 νοεῖσθαι,
3642 4109 3745 4162 καὶ
3773 4108 3885 4161 τὸν

2282 4215 2591 4268 ἀνύποπτον
2647 4214 2727 4276 είς
2785 4212 3080 4266 ἐλάττωσιν
3123 4209 3268 4278 ἔχειν
3315 4206 3501 4268 τόπον,
3530 4204 3649 4273 οὐχὶ
3688 4202 3884 4271 δήπου

2282 4307 2501 4367 πάντως
2531 4306 2621 4358 τὸν
2684 4304 2921 4375 Πατέρα,
2953 4302 3156 4372 μᾶλλον
3188 4300 3244 4353 δὲ
3296 4300 3387 4352 τὸν
3431 4298 3585 4356 Υίὸν,
3645 4294 3739 4346 διὰ
3766 4294 3884 4362 τὴν

2281 4397 2528 4453 ἑκούσιον
2562 4397 2792 4451 κένωσιν
2848 4396 2941 4448 καὶ
2994 4393 3305 4464 ὑποταγὴν,
3362 4392 3436 4455 ὡς
3492 4389 3580 4441 ἐπ’
3614 4387 3891 4439 ἐλάττοσι

2283 4488 2763 4559 κατηγορούμενον
2792 4484 2945 4555 παρά
2974 4483 3083 4537 τῶν
3143 4482 3383 4535 συνιέναι
3438 4478 3514 4551 μὴ
3545 4475 3881 4545 δυναμένων

597 4568 661 4620 τὸ
690 4570 776 4623 ἐπ’
796 4571 944 4644 αὐτῷ
977 4577 1294 4647 μυστήριον.
1319 4579 1416 4633 Διά
1443 4579 1599 4635 τοῦτο
1661 4584 1733 4638 ἐκ
1791 4584 1978 4650 δεξιῶν
2014 4584 2106 4638 τοῦ
2172 4582 2490 4655 μηδαμόθεν.
2540 4577 2965 4650 κατηγορεῖσθαι
3012 4576 3319 4646 δυναμένου
3365 4573 3619 4643 Πατρὸς,
3672 4569 3764 4621 ἵνα
3802 4568 3875 4619 τῖδ

602 4662 845 4732 ἰσότιμον
870 4664 1108 4735 σώζηται
1146 4667 1226 4737 τῷ
1258 4668 1389 4739 Υίῷ.

668 4755 849 4823 Atque
900 4755 1015 4811 hazc
1061 4758 1281 4826 quidem
1351 4769 1479 4815 sunt
1524 4777 1554 4815 a
1626 4763 1787 4818 nobis
1853 4765 2057 4818 utiliter
2113 4764 2166 4817 in

2346 4757 2454 4809 Καὶ
2490 4753 2649 4808 ταυτὶ
2682 4752 2782 4823 μὲν
2832 4753 2964 4821 ἡμῖν
3021 4751 3372 4820 εἰσεκομίσθη
3415 4748 3485 4802 τὰ
3538 4750 3871 4823 διηγήματα

598 4860 841 4913 praesens
889 4848 1159 4917 exposita,
1186 4866 1309 4919 quae
1347 4852 1415 4906 ad
1474 4868 1589 4907 rem
1638 4855 1976 4924 propositam
2037 4868 2175 4908 con-

598 4936 830 4993 ducunt.
891 4938 999 4995 Sed
1071 4941 1252 4996 denuo
1310 4950 1588 5012 repetens,
1637 4953 1820 5015 atque,
1872 4953 1932 4999 ut
2010 4945 2176 5000 verbo

596 5027 800 5094 dicam,
828 5037 1000 5085 totum
1028 5032 1098 5087 ab
1145 5032 1305 5087 initio
1351 5036 1690 5091 narrationis
1726 5051 1952 5105 scopum
1996 5038 2174 5090 revol-

598 5135 757 5185 vens,
810 5122 986 5177 dicam
1039 5125 1283 5191 tandem,
1329 5135 1543 5197 gratum
1609 5128 1770 5183 nobis
1824 5135 1879 5182 et
1934 5126 2174 5196 optabile

592 5225 721 5265 esse
750 5226 876 5265 cum
907 5210 1196 5272 Servatore
1227 5216 1449 5274 Christo
1471 5220 1680 5275 versari
1714 5234 1950 5290 semper,
1976 5234 2169 5289 quam-

595 5301 678 5357 vis
708 5313 932 5373 propter
969 5322 1072 5362 nos
1119 5310 1364 5381 seipsum
1416 5312 1768 5378 exinanierit,
1807 5320 1867 5366 ut
1902 5311 2166 5381 scriptum

590 5400 679 5448 est
709 5393 777 5457 δ’,
800 5404 851 5449 et
880 5395 936 5450 in
967 5397 1141 5455 forma
1175 5403 1320 5457 servi
1356 5402 1542 5471 fuerit,
1565 5410 1620 5459 et
1642 5403 1695 5457 in
1735 5403 1985 5457 humana
2015 5401 2170 5472 igno-

592 5484 802 5541 bilitate
831 5496 1056 5546 naturae.
1084 5492 1221 5560 Quid
1258 5495 1403 5549 enim
1431 5503 1515 5550 est
1545 5503 1741 5549 natura
1780 5493 2019 5548 hominis
2044 5507 2168 5546 cum

595 5576 704 5635 Deo
737 5586 1089 5653 comparata?
1116 5588 1282 5658 Atqui
1332 5603 1443 5642 non
1473 5597 1556 5641 est
1607 5587 1658 5640 id
1695 5584 1801 5655 ipsi
1835 5584 1974 5639 Filio
2013 5584 2166 5647 utile,

663 5692 937 5812 "7Mallh.
984 5720 1129 5756 xxvn
1161 5742 1173 5766 ,
1220 5704 1307 5757 Ml.
1426 5701 1469 5731 ⁵⁸
1512 5700 1655 5754 1³531.
1701 5716 1831 5755 XXIII
1860 5740 1871 5761 ›
1914 5700 1975 5764 7ο
2014 5698 2067 5767 3'.

594 5777 663 5823 ll,
717 5777 755 5813 ι.

2182 5700 2224 5731 ⁸⁷
2268 5693 2467 5763 Ephes.
2506 5710 2602 5758 Ill,
2644 5694 2730 5748 l0.

2272 4849 2556 4920 χρησίμως
2589 4848 2669 4909 εἰς
2694 4845 2755 4897 τὸ
2780 4846 2975 4914 παρὸν,
3000 4844 3101 4896 οὐκ
3120 4841 3389 4911 ἀσυντελῆ
3411 4844 3527 4906 τοῖς
3561 4846 3875 4913 πῳκειμέο

2272 4958 2382 5002 νοις
2408 4939 2599 5009 ἔχοντα
2658 4937 2750 4990 τὸν
2796 4936 2976 5003 λόγον.
3022 4933 3333 4988 Ἀναλαὸὼν
3376 4934 3433 4986 δὲ
3471 4934 3721 5000 ἐσαῦθις,
3763 4940 3868 4987 καὶ

2270 5031 2410 5095 ὅλον,
2439 5031 2515 5093 ὡς
2543 5029 2671 5091 ἔπος
2695 5030 2887 5089 εἰπεῖν,
2916 5027 2976 5092 ἐξ
3024 5027 3203 5099 ἀρχῆς
3226 5026 3732 5097 ἀναμηρυσάμενος
3759 5029 3865 5096 τῆς

2271 5120 2584 5192 ἐξηγήσεως
2610 5119 2700 5171 τὸν
2735 5119 2956 5183 σκοπὸν,
2993 5119 3105 5188 ἐρῶ
3142 5118 3205 5189 δὴ
3238 5116 3448 5180 λοιπὸν,
3505 5116 3583 5181 ὡς
3625 5117 3724 5187 ἡδὺ
3757 5118 3869 5188 μὲν

2269 5211 2423 5281 ἡμῖν,
2463 5208 2557 5261 καὶ
2585 5208 2650 5260 δι’
2679 5208 2863 5277 εὐχῆς,
2907 5208 3001 5261 καὶ
3047 5206 3200 5275 φίλον
3232 5206 3292 5259 τὸ
3328 5210 3574 5260 συνεῖναι
3604 5208 3695 5261 διὰ
3718 5226 3868 5261 παν-

2268 5303 2359 5365 τὸς
2385 5302 2463 5372 τῷ
2502 5305 2717 5373 Σωτῆρι
2744 5301 2985 5373 Χριστῷ,
3021 5302 3199 5354 καίτοι
3228 5300 3296 5353 δι’
3336 5302 3487 5371 ἡμᾶς
3523 5307 3868 5359 κεκενωκότι

2268 5395 2479 5457 ἐαυτὸν,
2503 5396 2644 5449 καθά
2665 5394 2993 5465 γέγραπται,
3018 5393 3112 5446 καὶ
3142 5394 3223 5455 είς
3259 5393 3319 5445 τὸ
3350 5394 3545 5463 σχῆμα
3577 5396 3869 5467 γενομένῳ

2267 5486 2328 5538 τὸ
2356 5487 2642 5551 οἰκετικὸν,
2704 5488 2799 5540 καὶ
2853 5489 2929 5550 εἰς
2991 5486 3090 5556 τὴν
3121 5487 3222 5556 τῆς
3250 5486 3605 5556 ἀνθρωπίνης
3639 5487 3868 5556 φύσεως

2270 5578 2499 5642 ἀδοξίαν.
2552 5579 2617 5630 Τί
2656 5579 2765 5649 γὰρ
2812 5581 2845 5649 ή
2878 5578 3164 5648 ἀνθρώπου
3192 5577 3353 5647 φύσις
3407 5578 3485 5643 ὡς
3513 5579 3649 5650 πρὸς
3677 5579 3811 5631 Θεόν
3840 5599 3859 5645 ;

2844 5693 2886 5721 ⁸⁸
2922 5690 3065 5748 Psal.
3100 5707 3221 5758 δικ,
3265 5690 3325 5758 l,
3369 5690 3424 5744 ‘2.
3506 5693 3551 5723 ⁵9
3598 5687 3848 5759 Philipp.
