4096 6568
185 379 363 439 513

197 496 418 555 Ἀλῖ
443 499 543 554 οὐκ
570 497 720 567 αύτῷ
748 494 824 567 τῷ
843 493 957 565 Υίῷ
986 494 1144 547 τοῦτο
1171 493 1462 564 χρήσιμον,
1498 489 1771 553 λυσιτελὲς
1789 488 1845 541 δὲ
1875 489 1919 546 Δ

186 592 469 656 μᾶλλον
484 590 545 643 τὸ
570 588 837 657 ἀναϐῆναι
861 587 996 658 πρὸς
1018 586 1111 639 τὸν
1124 584 1366 655 Πατέρα,
1396 582 1492 636 καὶ
1519 583 1616 653 τὴν
1643 580 1849 634 οἰκείαν

186 678 702 753 ἀνακομίσασθαι
735 679 893 746 δόξαν
923 695 980 730 τε
1011 677 1105 731 καὶ
1128 674 1379 743 ἐξουσίαν
1417 674 1513 727 καὶ
1545 672 1762 741 ἀξίωμα
1790 668 1850 723 τὸ

184 770 571 845 Θεοπρεπὲς
615 770 942 840 ἀναφανδὸν,
970 770 1067 822 καὶ
1108 768 1293 821 οὐκέτι
1342 763 1845 834 κατεσκιασμένως.

188 864 540 920 Ksdeth
567 863 678 935 γὰρ
711 864 774 915 ὲκ
796 861 1008 927 δεξιῶν,
1059 861 1333 924 ἐθέλοντος
1365 858 1523 912 τοῦτο
1551 858 1645 910 καὶ
1679 854 1846 909 αὑτοῦ

186 953 341 1006 τοῦ
388 955 624 1026 Πατρός·
655 953 801 1023 φιλεῖ
825 952 933 1023 γάρ
952 952 1029 1015 ὡς
1061 951 1193 1005 [διον
1214 951 1479 1022 γέννημα,
1507 949 1599 1002 καὶ
1615 946 1691 1009 ὼς
1720 962 1849 1017 καρο

192 1046 367 1099 πόν
398 1050 501 1119 τῆς
555 1047 745 1110 οὐσίας
802 1044 992 1100 αὑτοῦ.
1034 1040 1247 1098 Οὐκοῦν
1291 1043 1381 1096 διὰ
1428 1040 1587 1095 τοῦτό
1638 1055 1844 1110 φησιν’

196 1136 295 1189 Εἰ
345 1138 614 1207 ἠγαπᾶτέ
656 1155 746 1209 με,
782 1137 1018 1209 ἐχάρητε
1064 1135 1131 1189 ἂν
1158 1136 1241 1188 ὅτι
1265 1132 1569 1203 πορεύομαι
1599 1132 1735 1201 πρὸς
1756 1129 1847 1183 τὸν

196 1225 507 1302 Πατέρα,
554 1229 635 1281 ὅτι
684 1229 714 1280 ὁ
747 1228 937 1300 Πατὴρ
972 1224 1174 1296 μείζων
1213 1241 1313 1295 μου
1365 1223 1534 1278 ἐστίν.
1578 1240 1598 1271 ι
1636 1222 1844 1284 Ὄντως

199 1318 358 1387 τῆς
392 1322 473 1383 εἰς
503 1319 666 1374 αὐτὸν
699 1319 921 1390 ἀγάπης
951 1316 1222 1381 ἀπόδειξις
1249 1311 1318 1387 ἦν
1366 1314 1428 1369 τὸ
1455 1314 1532 1385 μὴ
1558 1312 1847 1367 λυπεῖσθαι

197 1412 519 1465 τοσοῦτον
547 1412 637 1466 διὰ
657 1410 756 1483 τὴν
778 1411 1045 1464 δοκοῦσαν
1075 1408 1360 1478 ἀπόλειψιν
1405 1408 1502 1461 καὶ
1531 1404 1848 1475 ἀναγκαίως

202 1503 717 1574 παραληφθεῖσαν
746 1502 1077 1572 ἀποδημίαν·
1102 1499 1507 1571 διενθυμεῖσθαι
1528 1499 1586 1552 δὲ
1622 1496 1843 1570 μᾶλλον,

199 1594 325 1645 ὅτι
366 1595 507 1665 πρὸς
527 1595 626 1665 τὴν
658 1595 806 1665 αὐτῷ
857 1592 1174 1665 πρέπουσάν
1233 1608 1294 1645 τε
1345 1592 1441 1644 καὶ
1486 1588 1845 1660 ὀφειλομένην

208 1687 561 1757 πεφοίτηκε
602 1686 780 1751 δόξαν,
829 1686 926 1739 καὶ⁵
969 1686 1050 1749 εἰς
1085 1683 1147 1738 τὸ
1178 1684 1407 1754 ἀρχαῖον
1432 1680 1671 1751 ἀξίωμα,
1699 1679 1844 1735 τοῦτ’

207 1776 397 1843 ἔστι,
421 1779 482 1832 τὸ
505 1778 810 1849 θεοπρεπὲς
839 1777 1109 1850 ἐναργῶς.
1158 1777 1270 1831 Καὶ
1316 1774 1449 1844 γοῦν
1485 1776 1514 1827 ό
1546 1773 1802 1845 Μελῳδός
1826 1812 1843 1837 ,

1340 372 1408 428 ΙΝ
1441 369 1730 429 IOANNIS
1764 368 2221 427 EVANGELIUM
2245 370 2377 426 LIB.
2422 372 2500 428 Χ,

3430 376 3534 430 5η

1950 492 2045 544 sed
2083 490 2345 546 conducit
2366 492 2550 562 potius
2579 490 2643 545 ad
2672 488 2892 545 Patrem
2923 490 3243 556 ascendere,
3269 506 3535 565 suamque

1954 583 2187 653 gloriam
2219 593 2273 637 et
2302 591 2625 655 potestatem
2644 599 2708 639 ac
2733 582 3056 655 dignitatem
3088 584 3329 640 divinam
3357 586 3533 655 palam

1954 683 2009 730 et
2058 691 2167 730 non
2214 676 2328 746 jam
2386 676 2602 731 occulte
2652 682 2817 747 atque
2875 674 3202 730 adumbrate
3264 675 3531 746 recipere.

1957 766 2112 821 Sedit
2135 768 2282 823 enim
2306 782 2335 821 a
2369 767 2597 835 dextris,
2623 767 2676 823 id
2705 769 2826 839 ipso
2852 783 3073 840 quoque
3097 767 3314 824 volente
3336 767 3530 825 Patre:

1955 867 2102 914 amat
2133 860 2334 931 quippe
2366 868 2427 914 ut
2455 876 2615 917 suum
2651 860 2926 932 genimen,
2962 867 3016 916 et
3040 870 3098 914 ut
3129 858 3370 915 fructum
3398 859 3533 914 sub-

1955 952 2173 1009 stantiae
2208 969 2340 1009 suae.
2366 953 2634 1020 Quocirca
2667 954 2742 1008 ait
2766 970 2783 1006 :
2807 972 2826 1004 ι
2864 950 2919 1007 Si
2945 951 3245 1024 diligeretis
3268 966 3375 1017 me,
3402 966 3532 1022 gau-

1954 1046 2162 1101 deretis
2200 1046 2412 1117 utique,
2453 1046 2582 1117 quia
2628 1046 2767 1101 vado
2800 1045 2871 1100 ad
2913 1042 3130 1100 Patrem
3166 1064 3180 1100 :
3215 1046 3343 1115 quia
3371 1043 3535 1099 Pater

1953 1138 2132 1208 major
2161 1154 2250 1194 me
2282 1147 2389 1194 est.
2435 1157 2454 1191 ι
2503 1138 2569 1192 Ει
2597 1148 2743 1194 certe
2774 1137 3087 1192 dilectionis
3122 1151 3249 1208 erga
3284 1151 3409 1191 eum
3441 1151 3533 1190 ar-

1952 1244 2271 1301 gumentum
2315 1231 2535 1297 fuisset,
2574 1244 2927 1300 nequaquam
2968 1237 3180 1284 tantum
3213 1227 3420 1283 doloris
3467 1244 3531 1284 ex

1953 1323 2075 1392 ejus
2106 1324 2357 1380 absentia
2393 1331 2447 1379 et
2484 1322 2606 1393 ejus
2639 1321 2893 1377 discessu
2931 1335 3151 1390 capere,
3192 1320 3288 1376 sed
3325 1320 3380 1373 in
3416 1319 3529 1373 ani-

1954 1431 2104 1470 mum
2142 1417 2329 1486 potius
2365 1414 2656 1479 inducere,
2692 1413 2762 1468 ad
2794 1412 3212 1469 convenientem
3251 1408 3417 1484 845
3456 1411 3533 1467 si-

1954 1503 2122 1574 bique
2157 1504 2396 1560 debitam
2425 1504 2678 1575 gloriam,
2707 1508 2763 1557 et
2801 1500 2869 1556 ad
2904 1508 3146 1557 veterem
3184 1500 3530 1571 dignitatem,

1956 1595 2062 1650 hoc
2090 1603 2174 1651 est
2205 1596 2316 1651 Deo
2342 1597 2533 1667 utique
2562 1595 2807 1667 dignam,
2827 1593 3012 1664 ipsum
3034 1592 3357 1648 ascendere.
3377 1590 3534 1647 Unde

1955 1688 2270 1754 Psalmista,
2303 1690 2396 1759 qui
2426 1704 2522 1759 per
2551 1686 2817 1758 Spiritum
2846 1685 3106 1758 mysteria
3154 1682 3482 1754 loquebatur
3514 1702 3531 1739 :

1960 1799 1979 1831 ι
2020 1778 2225 1835 Omnes
2267 1788 2479 1851 gentes,
2542 1780 2742 1850 inquit,
2800 1778 3043 1850 plaudite
3096 1776 3351 1831 manibus
3387 1776 3464 1843 '°;
3509 1794 3527 1827 ι

209 1870 439 1924 καίτοι
471 1870 563 1923 διὰ
582 1869 677 1924 τοῦ
718 1869 1038 1940 Πνεύματος
1058 1866 1238 1923 λαλῶν
1284 1868 1582 1939 μυστήρια,
1612 1885 1631 1917 ι
1659 1865 1843 1920 Πάντα

1948 1869 2147 1926 deinde
2202 1870 2521 1927 festivitatis
2577 1885 2806 1926 causam
2867 1866 3533 1940 explicans,Servatoris

206 1961 310 2013 τὰ
348 1960 503 2031 ἔθνη,
538 1960 692 2033 φησὶ,
728 1961 1035 2031 κρατήσατε
1067 1961 1278 2030 χεῖρας·
1315 1977 1337 2011 ι
1367 1953 1488 2013 εἶτα
1517 1957 1619 2027 τῆς
1648 1956 1845 2027 ἑορτῆς

208 2050 350 2121 τὴν
382 2052 567 2105 αἰτίαν
602 2051 969 2122 ἐξηγούμενος
996 2050 1094 2123 τὴν
1128 2052 1209 2114 εἰς
1256 2051 1525 2122 οὐρανοὺς
1575 2048 1846 2120 ἀνάληψιν

212 2140 347 2192 τοῦ
380 2142 640 2212 Σωτῆρος
682 2140 1048 2212 παρεκόμιζε,
1085 2139 1281 2215 λέγων·
1352 2159 1371 2191 ι
1418 2138 1611 2209 Ἀνέϐη
1652 2141 1681 2193 ὁ
1712 2138 1847 2203 Θεὸς

213 2233 294 2283 ἐν
328 2230 658 2303 ἀλαλαγμῷ,
676 2231 881 2305 Κύριος
898 2234 956 2286 ἐν
973 2235 1125 2304 φωνῇ
1153 2231 1473 2300 σάλπιγγος,
1487 2251 1505 2282 ι
1528 2230 1846 2302 ἀλαλαγμὸν

212 2327 537 2398 ὀνομάζων
574 2326 670 2380 καὶ
710 2325 990 2395 σάλπιγγα
1030 2325 1129 2395 τὴν
1156 2324 1368 2396 ὑψηλὴν
1402 2323 1500 2378 καὶ
1518 2323 1847 2389 ἐξάκουστον

212 2417 341 2469 τοῦ
375 2417 696 2488 Πνεύματος
747 2418 953 2487 φωνήν·
998 2416 1087 2470 ὅτε
1129 2418 1249 2480 ταῖς
1307 2415 1421 2468 ἄνω
1451 2414 1719 2486 δυνάμεσι
1744 2413 1845 2478 τὰς

220 2506 430 2571 πύλας
453 2509 631 2578 αἴρειν
656 2505 1012 2574 διεκελεύετο,
1035 2507 1127 2561 καὶ
1160 2506 1369 2578 Κύριον
1401 2506 1566 2561 αὐτὸν
1589 2505 1845 2578 ὠνόμαζε

218 2601 359 2653 τῶν
401 2602 706 2671 δυνάμεων,
730 2600 982 2673 καθάπερ
1010 2599 1271 2670 ἐλέγομεν
1303 2599 1530 2671 ἀρτίως.
1560 2599 1677 2652 Ἐπ’
1698 2596 1847 2670 αύτῷ

220 2693 293 2746 δὲ
332 2694 407 2765 δὴ
440 2694 616 2765 τούτῳ
665 2694 761 2747 καὶ
808 2691 974 2746 αὐτὸν
1018 2693 1325 2765 εὑρήσομεν
1366 2691 1459 2745 τὸν
1510 2692 1621 2744 τῶν
1676 2692 1845 2759 ἁγίων

220 2785 417 2855 χορὸν
452 2786 547 2838 καὶ
575 2785 632 2838 ἐν
663 2783 884 2847 πολλαῖς
906 2782 1173 2852 γεγονότα
1219 2784 1342 2845 ταῖς
1373 2781 1683 2852 θυμηδίαις.
1724 2783 1847 2835 Τοι-

220 2878 445 2949 γάρτοι
474 2878 568 2931 καὶ
596 2877 823 2947 ἔφασκε,
859 2876 991 2930 ποτὲ
1019 2877 1120 2948 μὲν
1146 2876 1228 2930 ὅτι
1264 2896 1283 2928 ι
1330 2876 1389 2929 '0
1417 2875 1624 2948 Κύριος
1656 2875 1845 2930 ἐϐασί-

217 2969 462 3030 λευσεν,
492 2968 841 3038 ἀγαλλιάσθω
890 2970 925 3039 ἠ
956 2969 1049 3039 γῆ,
1076 2989 1095 3021 ›
1124 2969 1257 3022 ποτὲ
1314 2969 1371 3023 δὲ
1415 2965 1483 3021 αὖ
1512 2969 1695 3023 πάλιν·
1726 2986 1744 3020 ι
1788 2970 1845 3024 '0

218 3060 456 3132 Κύριος
486 3060 853 3125 ἐϐασίλευσεν,
874 3060 1210 3131 εὐπρέπειαν
1238 3059 1544 3113 ἐνεδύσατο·
1559 3058 1846 3113 ἐνεδύσατο

219 3150 455 3223 Κύριος
480 3150 730 3220 δύναμιν,
783 3150 878 3203 καὶ
938 3149 1334 3220 περιεζώσατο.
1370 3169 1388 3200 ι
1454 3150 1513 3202 '0
1563 3150 1674 3221 γὰρ
1722 3149 1913 3249 μείνσ

222 3243 411 3313 ἡμῶν
441 3242 748 3313 ἅνθρωπος,
806 3241 910 3314 πρὸ
937 3243 1037 3313 τῆς
1066 3242 1130 3294 ὲκ
1183 3241 1392 3311 νεκρῶν
1452 3241 1804 3306 ἀναστάσεως
1824 3282 1838 3307 ,

221 3335 332 3387 ὅτε
366 3334 502 3405 πρὸς
532 3334 622 3388 τὸν
655 3336 710 3387 ἐν
736 3336 847 3397 τοῖς
869 3334 1118 3403 οὐρανοῖς
1140 3332 1307 3404 ἀνέϐη
1334 3333 1572 3406 Πατέρα,
1602 3333 1725 3387 τότε
1745 3333 1843 3405 τὴν

228 3425 389 3479 ἰδίαν
422 3426 757 3496 εὐπρέπειαν
779 3426 1090 3493 ἐνεδύσατο,
1118 3427 1215 3480 καὶ
1247 3426 1346 3497 τὴν
1376 3426 1437 3491 ἐξ
1457 3427 1634 3498 ἀρχῆς
1665 3426 1843 3499 ὑπάρο

226 3534 452 3587 χουσαν
502 3515 650 3587 αὐτῷ
696 3515 1072 3587 περιεζώσατο
1133 3516 1383 3586 δύναμιν.
1426 3518 1702 3571 Κεκάοικε
1731 3518 1842 3588 γὰρ

231 3607 554 3678 βασιλεύων
596 3608 732 3679 μετά
767 3609 1005 3679 Πατρός.
1037 3609 1265 3679 Χαίρειν
1293 3604 1388 3662 οὖν
1425 3610 1534 3680 ἄρα
1553 3608 1759 3663 δίκαιόν
1781 3626 1841 3662 τε

232 3700 345 3752 καὶ
382 3701 592 3770 πρέπον
617 3702 743 3764 τοὺς
772 3700 1107 3770 ἀγαπῶντας
1128 3700 1314 3765 αὐτὸν,
1372 3701 1454 3754 ὅτι
1506 3700 1840 3771 πεπόρευται

231 3796 389 3870 πρὸς
417 3794 505 3847 τὸν
532 3795 589 3846 ἐν
611 3796 721 3857 τοῖς
759 3793 1009 3864 οὐρανοῖς
1064 3792 1316 3864 Πατέρα,
1352 3793 1450 3865 τὴν
1498 3793 1635 3848 ἰδίαν
1685 3792 1841 3859 δόξαν

230 3887 688 3958 ἀναληψόμενος,
717 3887 810 3940 καὶ
844 3885 1008 3941 πάλιν
1050 3886 1199 3957 αὐτῷ
1230 3886 1679 3957 συμϐασιλεύσων
1697 3929 1712 3949 ,
1740 3904 1841 3941 κα-

233 3979 430 4052 θάπερ
460 3976 529 4051 ἦν
558 3981 615 4033 ἐν
649 3980 813 4050 ἀρχῇ.
846 3977 1086 4043 Μείζονα
1108 3978 1166 4033 δέ
1201 3996 1367 4050 φησιν
1400 3980 1583 4045 αὐτὸν,
1625 3981 1723 4052 οὐχ
1752 3982 1835 4035 ὅτι

233 4073 548 4125 κεκάθικεν
586 4073 650 4125 ἐκ
680 4071 893 4138 δεξιῶν,
923 4070 998 4135 ὼς
1027 4070 1180 4135 Θεὸς,
1210 4072 1326 4124 ἀλλ’
1354 4071 1430 4136 ὡς
1461 4067 1530 4143 ἦν
1577 4072 1658 4125 ἔτι
1717 4072 1837 4144 μεθ’

180 4178 185 4181 ‘
231 4165 425 4236 ἡμῶν,
452 4164 595 4217 τοῦτ’
631 4162 797 4230 ἔστιν,
824 4165 881 4216 ἐν
908 4164 1020 4228 τοῖς
1050 4161 1176 4216 καθ’
1206 4164 1373 4234 ἡμᾶς.
1406 4164 1497 4227 Ὠς
1523 4164 1633 4235 γάρ
1664 4164 1744 4218 ἔτι
1776 4165 1838 4219 τὸ

230 4257 614 4329 δουλοπρεπὲς
641 4256 780 4327 ἔχων
805 4258 1012 4329 σχῆμα,
1044 4256 1139 4310 καὶ
1187 4257 1458 4329 παρόντος
1506 4258 1655 4329 αὐτῷ
1682 4257 1839 4313 οὔπω

231 4349 340 4403 τοῦ
372 4347 566 4419 καιροῦ
590 4347 712 4400 καθ’
740 4346 798 4401 ὃν
832 4346 939 4399 ἔδει
968 4347 1281 4411 ἀναλαϐεῖν,
1306 4346 1377 4399 τὰ
1414 4345 1642 4400 τοιαῦτά
1680 4365 1834 4418 φησι.

234 4443 360 4495 Καὶ
393 4441 525 4509 γοῦν
545 4442 632 4494 ὅτε
656 4440 751 4493 τὸν
785 4438 968 4510 τίμιον
991 4440 1132 4510 ὑπὲρ
1160 4440 1319 4511 ἡμῶν
1339 4440 1552 4511 ὑπέστη
1580 4441 1834 4512 σταυρὸν,

232 4534 366 4598 ὅξος
425 4532 575 4602 αύτῷ
624 4531 716 4585 καὶ
754 4530 916 4603 χολὴν
973 4531 1215 4586 Ἰουδαῖοι
1284 4534 1635 4603 προσήγαγον
1676 4534 1835 4605 διψή-
1865 4532 1911 4588 D

234 4642 424 4686 σαντι,
489 4623 583 4676 καὶ
639 4621 799 4689 πιὼν,
830 4621 957 4693 ἔφη’
1011 4622 1438 4677 (Τετέλεσται.)
1505 4625 1836 4697 Πεπλήρωτο

230 4717 351 4787 γὰρ
379 4715 481 4785 ἤδη
506 4715 534 4766 ό
562 4714 663 4784 τῆς
688 4712 1071 4777 ταπεινώσεως
1123 4713 1315 4785 καιρὸς
1336 4754 1350 4779 ,
1383 4715 1475 4768 καὶ
1512 4715 1832 4787 ἐσταυρώθη

233 4808 365 4879 μὲν,
430 4806 506 4869 ὥς
540 4806 852 4876 ἄνθρωπος’
901 4806 1155 4876 νενίκηκε
1213 4805 1324 4877 γὰρ
1365 4805 1461 4860 τοῦ
1513 4806 1746 4862 θανάτου
1774 4808 1835 4861 τὸ

228 4901 467 4970 κράτος,
494 4899 592 4969 οὐχ
636 4898 711 4961 ώς
761 4897 1068 4970 ἄνθρωπος,
1099 4897 1183 4951 ἔτι
1213 4897 1417 4967 μᾶλλον
1445 4899 1504 4952 δὲ
1531 4900 1609 4960 ώς
1660 4901 1792 4965 Θεὸς
1815 4942 1829 4965 ,

230 4990 382 5058 φημὶ
410 4989 475 5060 δὴ
512 4990 655 5043 κατά
682 4989 781 5060 τὴν
810 4990 1092 5061 ἐνέργειαν
1119 4991 1212 5045 καὶ
1244 4991 1342 5063 τὴν
1382 4992 1477 5046 ἐπὶ
1505 4992 1584 5063 τῷ
1612 4994 1833 5065 νικῆσαι

226 5080 392 5145 δόξαν
420 5099 479 5134 τε
506 5082 599 5134 καὶ
626 5081 878 5153 δύναμιν,
943 5082 1007 5134 οὐ
1048 5082 1190 5136 κατά
1239 5083 1337 5153 τὴν
1385 5084 1586 5156 σάρκα.
1614 5084 1834 5149 Μείξων

229 5167 323 5225 οὖν
344 5174 375 5225 ὁ
411 5172 622 5243 Πατὴρ,
658 5171 733 5237 ὡς
785 5172 866 5226 ἔτι
894 5172 1109 5239 δούλου,
1136 5176 1230 5228 καὶ
1255 5176 1315 5227 ὲν
1363 5178 1477 5239 rei;
1534 5176 1659 5229 καθ’
1685 5178 1832 5247 ἡμᾶς

228 5260 388 5326 ὄντος
417 5262 513 5315 τοῦ
544 5262 700 5316 Υίοῦ·
750 5264 876 5317 ἐπεὶ
908 5264 1003 5318 καὶ
1052 5265 1186 5319 Θεὸν
1215 5265 1410 5320 ἑαυτοῦ
1444 5285 1611 5339 φησιν
1633 5269 1829 5336 αὑτὸν,

236 5354 331 5406 καὶ
352 5355 513 5408 τοῦτο
538 5354 618 5426 τῷ
636 5354 964 5429 ἀνθρωπίνῳ
993 5359 1317 5430 προσνέμων
1340 5361 1601 5433 σχήματι.
1629 5364 1695 5418 Εἰ
1720 5365 1830 5437 γὰρ

239 5446 571 5517 πιστεύομεν
595 5448 677 5500 ὅτι
721 5448 996 5504 κεκένωκέ
1034 5466 1095 5504 τι
1144 5453 1237 5506 καὶ
1275 5454 1677 5511 τεταπείνωκεν
1698 5458 1827 5511 ἐαυ-

240 5535 351 5602 τὸν,
388 5537 506 5591 πῶς
534 5539 632 5608 οὐχ
656 5538 862 5594 ἆπασιν
906 5541 1059 5596 ἔσται
1093 5544 1404 5614 καταφανὲς
1424 5587 1437 5611 ,
1471 5547 1554 5601 ὅτι
1594 5550 1826 5603 καταϐέ-

241 5624 410 5696 ϐηκεν
432 5625 493 5691 ἐξ
529 5628 805 5701 ὑπεροχῆς
836 5648 983 5696 τινος
1030 5635 1111 5699 εἰς
1159 5635 1475 5701 ἐλάττωσιν,
1528 5639 1730 5708 μᾶλλον
1770 5641 1826 5695 δὲ

243 5826 281 5872 υ
314 5740 541 5864 "7Psal.
589 5762 751 5813 XLVI,
786 5746 876 5803 20.
959 5752 998 5782 ⁶¹
1045 5751 1176 5808 ibid.
1222 5754 1272 5807 6.
1354 5756 1397 5786 ⁸¹
1437 5752 1585 5810 Ρδίιίο
1620 5771 1776 5821 XCVI.
1824 5757 1866 5810 ι·

304 5850 408 5877 γ’·

1950 1962 2007 2016 in
2035 1961 2209 2018 ccelos
2239 1962 2625 2018 ascensionem
2660 1962 2915 2034 protulit,
2947 1961 3177 2017 dicens:
3216 1981 3234 2013 ι
3270 1959 3535 2016 Ascendit

1947 2052 2094 2109 Deus
2150 2054 2209 2109 in
2280 2054 2489 2125 jubilo,
2545 2053 2816 2111 Dominus
2886 2053 2942 2109 in
3001 2068 3137 2110 voce
3198 2055 3342 2109 tubae
3381 2053 3449 2117 εί,
3510 2074 3531 2106 ι

1943 2143 2329 2215 jubilationem
2374 2153 2430 2201 et
2466 2146 2655 2201 tubam
2700 2145 2998 2201 nominans
3051 2146 3344 2201 altisonam
3382 2145 3532 2198 illam

1948 2237 2127 2292 sancti
2168 2235 2413 2307 Spiritus
2444 2251 2660 2304 vocem,
2707 2237 2930 2309 quando
2985 2237 3242 2308 supernis
3285 2243 3535 2305 potesta-

1948 2328 2096 2384 tibus
2122 2338 2314 2398 portas
2341 2329 2600 2385 attollere
2640 2328 2832 2401 jussit,
2855 2337 2911 2384 et
2949 2327 3241 2383 Dominum
3268 2327 3531 2381 virtutum

1948 2420 2132 2493 ipsum
2163 2421 2525 2491 nuncupavit,
2572 2421 2738 2477 sicuti
2772 2420 2943 2477 modo
2975 2420 3318 2477 dicebamus.
3356 2419 3532 2484 Quam

1947 2515 2021 2571 ob
2066 2529 2182 2569 rem
2215 2513 2396 2585 ipsum
2428 2528 2649 2584 quoque
2681 2520 3005 2569 sanctorum
3042 2512 3275 2567 chorum
3325 2509 3533 2582 ingenti

1949 2608 2137 2663 laetitia
2170 2606 2481 2663 exsultasse
2534 2605 3237 2676 comperiemussldeoquc
3291 2602 3532 2667 dicebat,

1948 2700 2111 2756 modo
2176 2699 2397 2770 quidem
2454 2718 2468 2755 :
2529 2718 2548 2752 ι
2612 2697 2878 2755 Dominus
2954 2698 3236 2769 regnavit,
3301 2696 3536 2752 exsultet

1948 2798 2096 2846 terra
2141 2791 2219 2858 ⁶¹;
2263 2810 2283 2845 ι
2311 2790 2473 2846 modo
2501 2805 2701 2846 rursus
2735 2808 2751 2846 :
2791 2809 2809 2843 ι
2845 2788 3113 2844 Dominus
3138 2788 3411 2858 regnavit,
3440 2786 3535 2842 de-

1947 2897 2132 2938 corem
2192 2881 2419 2937 induit:
2453 2880 2635 2937 induit
2687 2880 2956 2936 Dominus
3009 2878 3431 2942 fortitudinem,
3480 2884 3535 2933 et

1947 2974 2237 3043 praecinxit
2270 2989 2332 3029 se
2366 2974 2434 3029 ⁸³.
2476 2991 2496 3023 ι
2530 2971 2637 3039 Qui
2662 2972 2814 3027 enim
2838 2970 3153 3035 nobiseum,
3183 2976 3313 3024 ante
3342 2982 3534 3023 resur—

1947 3067 2248 3121 rectionem
2279 3082 2346 3121 ex
2378 3064 2635 3129 mortuis,
2669 3064 2835 3118 homo
2872 3063 3220 3125 versabatur,
3240 3068 3532 3132 postquam

1948 3157 2015 3212 ad
2060 3157 2281 3212 Patrem
2315 3157 2410 3226 qui
2464 3156 2519 3210 in
2565 3154 2722 3212 cmlis
2760 3162 2845 3210 est
2884 3154 3158 3216 ascendit,
3185 3161 3319 3208 tunc
3367 3168 3530 3208 suum

1946 3250 2202 3304 decorem
2255 3246 2474 3310 induit,
2520 3254 2575 3301 et
2626 3245 2859 3315 pristina
2908 3243 3234 3299 fortitudine
3291 3257 3351 3297 se
3388 3256 3533 3312 prae-

1946 3342 2139 3396 cinxit.
2193 3339 2350 3395 Sedit
2401 3338 2548 3394 enim
2609 3351 2850 3408 regnans
2895 3350 3019 3391 cum
3066 3334 3246 3388 Patre.
3282 3330 3536 3388 Gaudere

1946 3436 2133 3505 itaque
2184 3432 2415 3503 dignum
2467 3437 2524 3485 et
2577 3430 2790 3500 justum
2852 3436 2940 3484 est
2986 3433 3260 3498 quotquot
3296 3425 3532 3497 diligunt

1944 3541 2094 3588 cum,
2126 3523 2257 3594 quia
2317 3519 2569 3577 ascendit
2625 3519 2692 3575 ad
2723 3517 2943 3573 Patrem
2991 3516 3083 3587 qui
3122 3517 3176 3571 in
3224 3514 3380 3572 caelis
3421 3520 3528 3579 est,

1945 3632 2099 3672 Suam
2132 3621 2522 3685 resumpturos
2568 3612 2826 3682 gloriam,
2865 3619 3071 3666 etcum
3103 3624 3169 3665 eo
3214 3623 3411 3665 rursus
3444 3623 3531 3664 re—

1944 3718 2235 3781 gnaturus,
2261 3706 2407 3763 sicut
2437 3713 2557 3760 erat
2604 3704 2661 3758 in
2712 3702 3011 3773 principio.
3039 3699 3302 3771 Majorem
3342 3707 3525 3755 autem

1943 3818 2070 3857 eum
2116 3799 2271 3863 dicit,
2312 3814 2424 3854 non
2458 3797 2587 3868 quia
2626 3795 2772 3851 sedit
2800 3810 2831 3850 a
2880 3794 3113 3859 dextris,
3144 3800 3206 3847 ut
3236 3793 3402 3857 Deus,
3433 3792 3529 3848 sed

1942 3892 2071 3962 quia
2116 3888 2409 3945 nobiscum
2458 3887 2640 3943 adhuc
2689 3895 2831 3950 erat,
2871 3884 2925 3939 id
2978 3892 3065 3940 est
3104 3883 3266 3939 nobis
3304 3883 3528 3940 similis.

1941 3984 2050 4041 Ista
2078 3986 2282 4055 quippe
2308 3981 2464 4048 dicit,
2500 3991 2562 4036 ut
2586 3980 2679 4050 qui
2716 3979 2974 4035 servilem
3009 3977 3240 4033 formam
3277 3977 3531 4042 haberet,

1941 4090 2044 4132 nec
2094 4072 2277 4127 adhuc
2314 4080 2535 4141 tempus
2586 4072 2806 4125 adesset
2836 4082 2947 4138 quo
2991 4067 3234 4123 divinam
3284 4067 3525 4137 dignita-

1941 4176 2049 4222 tem
2086 4178 2370 4220 resumere
2408 4162 2663 4219 debebat.
2700 4158 2858 4216 Unde
2887 4176 3012 4215 cum
3054 4176 3157 4230 pro
3201 4159 3363 4215 nobis
3399 4174 3528 4212 cru-

1940 4274 2058 4314 cem
2111 4255 2483 4313 venerandam
2536 4252 2787 4324 pertulit,
2826 4261 3045 4309 acetum
3102 4259 3159 4307 et
3222 4250 3295 4306 fel
3352 4248 3526 4304 Judaei

1921 4351 2261 4408 obtulerunt
2285 4348 2335 4405 ei
2370 4346 2598 4413 sitienti,
2629 4352 2685 4401 et
2723 4353 3015 4416 postquam
3058 4344 3310 4410 bibisset,
3335 4342 3474 4398 dixit
3506 4362 3521 4399 :

1943 4461 1965 4495 ε
2002 4443 2463 4498 Consummatum
2517 4446 2606 4494 est
2628 4438 2695 4493 ".
2746 4457 2765 4490 ι
2814 4435 3100 4508 impletum
3146 4436 3349 4508 quippe
3407 4436 3525 4506 jam

1936 4539 2056 4588 erat
2076 4528 2481 4585 bumiliationis
2498 4535 2737 4599 tempus,
2758 4535 2813 4584 et
2838 4527 3138 4584 cruciﬁxus
3168 4526 3386 4599 quidem
3414 4514 3523 4591 est,

1933 4632 1997 4678 ut
2045 4620 2415 4678 homo:vicit
2458 4619 2607 4677 enim
2663 4619 2861 4676 mortis
2920 4620 3244 4689 potentiam,
3296 4633 3405 4673 non
3462 4622 3524 4672 ut

1934 4719 2123 4784 homo,
2172 4713 2270 4771 sed
2316 4713 2500 4785 potius
2546 4721 2607 4767 ut
2651 4711 2817 4777 Deus,
2861 4712 3107 4767 eﬂlcacia
3158 4711 3417 4765 nimirum
3467 4718 3523 4766 et

1932 4807 2188 4864 vincendi
2238 4806 2416 4875 gloria
2466 4812 2634 4874 atque
2697 4810 3010 4875 potestate,
3049 4816 3162 4855 non
3214 4800 3519 4855 secundum

1930 4914 2178 4955 carnem.
2220 4897 2393 4969 Major
2433 4897 2621 4965 itaque
2664 4905 2749 4951 est
2802 4893 2970 4949 Pater
3019 4892 3185 4956 Filio,
3212 4905 3375 4947 servo
3430 4892 3517 4945 ni-

1932 4994 2134 5049 mirum
2176 4990 2381 5057 adhuc,
2416 4997 2472 5045 et
2520 4988 2577 5042 in
2629 4985 2888 5041 humanis
2928 4983 3233 5040 constituto
3260 5001 3274 5037 :
3304 4998 3433 5037 nam
3467 4991 3520 5038 et

1931 5085 2112 5155 ipsum
2150 5083 2319 5138 Deum
2355 5095 2515 5137 suum
2552 5078 2822 5140 nominat,
2848 5076 3103 5131 humana:
3135 5074 3187 5130 id
3218 5074 3409 5129 formae
3437 5085 3519 5128 ato

1932 5178 2204 5233 tribuens.
2234 5174 2368 5229 Nam
2398 5174 2445 5229 si
2489 5171 2769 5228 credimus
2801 5185 2926 5225 eum
2966 5168 3281 5225 exinanisse
3325 5177 3381 5225 et
3411 5168 3485 5223 bu

1931 5270 2181 5325 miliasse
2228 5266 2590 5336 semetipsum
2630 5262 2699 5329 εδ,
2752 5261 3035 5333 quomodo
3094 5276 3206 5317 non
3258 5258 3517 5317 omnibus

1932 5365 2142 5436 patebit
2175 5377 2309 5423 eum
2341 5359 2412 5417 de
2440 5356 2738 5416 eminentia
2764 5356 3001 5426 quadam
3038 5357 3096 5411 in
3125 5353 3519 5411 demissionem

1930 5454 2310 5518 descendisse,
2338 5453 2450 5507 imo
2488 5465 2619 5506 vero
2650 5465 2717 5506 ex
2747 5449 3060 5521 aequalitate
3098 5463 3223 5504 cum
3251 5445 3416 5501 Patre
3446 5443 3515 5497 ad

1929 5543 2561 5621 inaequalitatem?Nihil
2586 5551 2772 5599 autem
2806 5542 3002 5596 liorum
3032 5540 3193 5596 Pater
3223 5538 3517 5603 sustinuit,

1946 5643 2043 5699 sed
2102 5640 2307 5695 mansit
2352 5644 2408 5695 et
2450 5642 2661 5709 perstat
2698 5635 2757 5691 in
2807 5634 3010 5706 quibus
3051 5639 3173 5688 erat
3209 5631 3280 5686 ab
3330 5629 3515 5685 initio.

1950 5756 1993 5788 ⁸³
2036 5753 2183 5812 Psal.
2220 5766 2409 5816 xcm,
2452 5750 2496 5803 ι.
2596 5749 2640 5782 ⁸⁸
2679 5746 2835 5805 Joan.
2869 5763 3000 5818 xix,
3028 5744 3116 5801 50.
3196 5744 3240 5777 "
3274 5738 3515 5813 Philipp,
