4096 6486
699 423 803 481 999

1726 409 1782 462 S.
1818 403 2095 462 CYRILLI
2139 399 2613 457 ALEXANDRINI
2638 393 2957 452 ARCHIEP.
3812 395 3893 451 δυο

701 557 798 613 per
825 553 912 596 me
938 545 1072 592 tunc
1092 534 1183 589 Illa
1217 531 1492 588 veteribus
1517 531 1736 584 locutus
1765 532 1868 590 est,
1901 522 2094 577 eadem
2117 528 2172 576 et
2204 519 2273 573 ad
2305 537 2318 583 Α

2305 525 2348 583 Α
2378 519 2470 572 ἐπὶ
2502 519 2614 581 τοῖς
2643 515 3019 587 ἀρχαιοτέροις
3052 510 3294 580 θεσμοῖς,
3343 507 3454 560 ἀλλ’
3483 506 3603 560 ούδέ
3633 507 3704 569 ὡς
3729 509 3808 562 νῦν
3825 515 3892 582 ηὖ.

699 653 799 693 vos
845 647 995 689 nunc
1051 629 1313 700 loquitur.
1368 624 1607 680 Verbum
1661 619 1864 675 etenim
1922 629 2045 670 sum
2084 614 2276 668 vivens

702 728 800 784 Dei
833 741 897 781 ac
921 723 1102 778 Patris
1128 717 1419 776 ineifabilis
1451 712 1749 769 voluntatis
1784 709 2090 776 interpres:
2128 702 2278 758 ideo-

703 833 810 890 que
851 821 1080 870 vocatus
1129 825 1251 867 sum
1295 807 1473 878 magni
1523 801 1740 858 consilii
1781 798 2024 868 Angelus
2047 795 2113 848 ³⁷.
2171 796 2279 848 Aut

701 913 846 968 enim
875 910 980 964 hac
1006 905 1216 962 ratione
1248 901 1456 956 dictum
1490 895 1624 951 illud
1655 893 2010 963 accipiemus,
2041 901 2277 957 nempe:

707 1024 726 1056 ι
785 1001 1104 1057 Sermonem
1141 1009 1302 1066 quem
1359 988 1621 1050 audistis,
1677 1000 1784 1038 non
1816 991 1899 1037 est
1933 993 2128 1037 meus.
2187 975 2278 1030 sed

700 1093 822 1161 ejus
853 1089 946 1160 qui
975 1085 1126 1141 misit
1153 1098 1260 1146 me,
1285 1079 1496 1143 Patris;
1526 1096 1544 1128 ι
1577 1084 1674 1128 aut
1694 1082 1845 1128 certe
1876 1070 2034 1124 aliter
2062 1081 2283 1138 quoque

702 1183 1096 1253 intelligemus.
1134 1175 1229 1230 Dei
1272 1173 1416 1228 enim
1451 1186 1517 1225 ac
1558 1167 1739 1222 Patris
1773 1177 1936 1220 suum
1970 1171 2281 1216 sermonem

700 1277 856 1341 dicit,
891 1252 950 1327 ut
975 1271 1070 1341 qui
1099 1282 1225 1324 eum
1249 1270 1472 1321 servant
1503 1259 1684 1316 sciant
1707 1271 1768 1312 se
1799 1255 1968 1310 Deum
1991 1252 2282 1313 honorare,

699 1366 1049 1426 sermonibus
1080 1363 1203 1433 ejus
1232 1355 1508 1430 persuasi.
1548 1351 1653 1420 Qui
1686 1364 1818 1406 vero
1854 1347 1911 1402 in
1945 1342 2282 1400 contrarium

701 1459 1024 1517 ceciderunt
1061 1462 1118 1509 et
1159 1448 1544 1506 incredulitate
1583 1458 1682 1498 sua
1713 1440 1902 1495 datum
1958 1433 2282 1490 mandatum

704 1640 948 1710 reginam
977 1641 1252 1690 naturam.
1289 1625 1510 1681 Duobus
1544 1628 1726 1676 autem
1761 1615 1943 1672 modis
1969 1613 2283 1668 auditorum

705 1733 922 1787 animus
955 1718 1519 1791 conﬁrmari'potcst:
1553 1723 1647 1768 aut
1670 1709 1815 1766 enim
1850 1704 2158 1763 honorandi
2189 1702 2287 1758 Dei

704 1825 970 1880 voluntas
1001 1817 1067 1872 ad
1096 1812 1429 1871 credendum
1459 1807 1652 1876 utique
1677 1801 1979 1873 impulerit,
2011 1805 2107 1853 aut
2133 1802 2286 1851 certe

2381 608 2626 680 ρημένης
2647 610 2750 676 τῆς
2774 603 3056 675 ἀμείνονος
3079 601 3318 671 ἐντολῆς,
3345 599 3454 652 ἀλλ’
3487 600 3562 662 ὡς
3591 599 3646 651 ἐν
3674 603 3824 672 καιρῷ
3843 607 3897 676 τῷ

2378 701 2548 754 δέοντι
2585 695 3112 770 μεταπεπλασμένου
3160 693 3254 747 τοῦ
3298 692 3465 745 τύπου
3509 685 3642 763 πρός
3672 693 3894 764 ἀλήθειαν.

2391 792 2450 845 '0
2479 791 2586 862 γάρ
2629 792 2810 842 ἐκεῖνα
2856 787 3097 856 λαλήσας
3143 785 3207 838 δι’
3245 783 3378 854 ἐμοῦ
3418 786 3533 846 τοῖς
3584 784 3897 857 ἀρχαιοτέροξ

2380 883 2521 947 τότε,
2552 881 2645 933 καὶ
2669 879 2843 933 ταῦτα
2873 879 2993 932 νυνὶ
3015 877 3150 947 πρός
3179 877 3343 946 ὑμᾶς.
3369 875 3543 942 Λόγος
3571 875 3676 945 γάρ
3705 878 3802 946 εἰμι
3821 878 3897 943 ζῶν

2379 977 2478 1046 τῆς
2499 973 2590 1027 τοῦ
2621 971 2754 1025 Θεοῦ
2779 972 2872 1024 καὶ
2891 971 3102 1039 Πατρός
3126 969 3368 1040 ἀρρήτου
3402 967 3672 1038 θελήσεως
3695 969 3898 1041 ἑρμηνεν·

2381 1063 2552 1126 τικός,
2585 1062 2666 1115 διό
2691 1061 2782 1114 καὶ
2827 1060 3101 1130 κέκλημαι
3149 1058 3391 1128 μεγάλης
3436 1056 3634 1126 βουλῆς
3669 1057 3897 1126 Ἄγγελος,

2388 1157 2458 1212 Ἢ
2491 1155 2598 1226 γάρ
2627 1155 2768 1208 κατὰ
2791 1153 2979 1207 τοῦτον
3002 1152 3094 1204 τόν
3133 1151 3331 1222 τρόπον
3361 1147 3686 1220 ἐῶεξόμεθα
3709 1151 3761 1203 τό
3788 1156 3898 1223 εἰρη-

2387 1248 2569 1320 μένον,
2598 1247 2741 1318 φημὶ
2778 1247 2834 1300 δέ
2862 1245 2944 1309 τό,
2991 1264 3010 1296 ι
3046 1245 3112 1325 'Q
3131 1244 3289 1312 λόγος
3313 1242 3370 1295 ὃν
3401 1241 3653 1307 ἀκούετε,
3683 1242 3772 1295 ούκ
3796 1243 3900 1297 ἐστιν

2383 1338 2536 1409 ἐμός,
2584 1336 2720 1392 ἀλλά
2748 1335 2842 1390 τοῦ
2875 1335 3188 1407 πέμψαντός
3236 1351 3301 1404 με
3337 1332 3573 1404 Πατρός,
3603 1351 3620 1382 ι
3665 1334 3808 1403 ἤγουν
3835 1340 3896 1388 καὶ

2384 1429 2585 1502 ἑτέρως
2640 1429 2929 1500 νοήσομεν.
2980 1427 3088 1480 Τοῦ
3135 1427 3245 1496 γάρ
3295 1425 3431 1478 Θεοῦ
3479 1425 3577 1479 καὶ
3619 1425 3808 1495 Πατρός
3838 1428 3898 1480 τόν

2384 1520 2579 1575 ἐαυτοῦ
2625 1519 2782 1588 λόγον
2828 1518 3027 1589 φησιν,
3078 1518 3167 1570 ἵνα
3197 1517 3246 1570 οἱ
3297 1517 3394 1587 μὲν
3448 1514 3734 1585 τηροῦντες
3762 1517 3898 1570 εἰδεῖεν

2384 1610 2620 1664 ὅτιΘεόν
2642 1609 2990 1680 τετιμήκασι,
3017 1609 3130 1665 τοῖς
3159 1606 3288 1678 παρ’
3321 1605 3487 1660 αὐτοῦ
3518 1608 3754 1674 γεγονόσι
3776 1627 3898 1664 κατα·

2385 1701 2700 1772 πειθόμενοι
2729 1698 2929 1767 λόγοις.
2966 1697 3027 1750 Οἱ
3056 1696 3113 1749 δέ
3149 1712 3213 1763 γε
3245 1695 3380 1767 πρός
3408 1695 3469 1748 τό
3500 1695 3671 1764 τούτῳ
3705 1699 3898 1762 πεσόντες

2385 1793 2649 1857 ἐναντίον,
2685 1792 2781 1845 καὶ
2828 1792 2947 1853 ταῖς
2989 1788 3298 1851 ἀπειθείαις
3342 1787 3440 1858 τὴν
3472 1786 3714 1840 δοθεῖσαν
3739 1791 3900 1857 ἐντολὴν

705 1918 853 1972 illius
882 1907 1188 1967 oﬂ'cndendi
1210 1911 1390 1959 metus
1419 1868 1659 1970 idipsum
1688 1868 1907 1950 elliciet.
1943 1891 2004 1945 ln
2046 1897 2284 1958 utroque
2317 1869 2322 1923 Ῑ

2278 1906 2284 1938 ι
2317 1868 2360 1924 Β
2386 1883 2689 1954 ἐξυϐρίζειν
2712 1881 2772 1934 οὐ
2807 1879 3256 1952 παραιτούμενοι,
3290 1880 3370 1941 είς
3402 1879 3573 1948 αὐτὴν
3598 1879 3895 1948 ἁμαρτάνουσι

703 2009 848 2065 enim
880 2013 1026 2060 certa
1077 1996 1328 2055 utilitatis
1362 1994 1503 2048 ratio
1562 1995 1865 2060 spectatur.
1921 1983 2060 2039 Cum
2102 1988 2286 2035 autem

703 2097 802 2162 ait,
840 2115 858 2146 ι
899 2092 1016 2146 Non
1048 2096 1134 2146 est
1172 2099 1355 2142 sermo
1387 2097 1566 2145 meus,
1627 2098 1645 2130 ι
1682 2076 2107 2147 haudquaquam
2143 2079 2291 2126 certe

704 2203 808 2244 nos
831 2201 860 2240 a
883 2197 982 2240 sua
1013 2192 1248 2251 persona
1273 2179 1468 2228 avocat
1499 2184 1606 2240 qua
1638 2167 1877 2222 Verbum
1902 2174 1985 2219 est
2016 2178 2079 2217 ac
2105 2161 2286 2216 Deus:

707 2281 803 2337 sed
829 2279 958 2348 quia
994 2272 1250 2330 servilem
1293 2267 1525 2322 formam
1563 2263 1618 2316 in
1666 2275 1728 2316 se
1776 2257 1988 2311 habens
2019 2264 2075 2308 et
2128 2252 2291 2306 homo

605 2403 624 2428 ι
706 2371 870 2428 sicuti
905 2381 1007 2422 nos
1039 2357 1400 2420 exsistens",
1447 2354 1560 2408 haec
1599 2351 1697 2415 ait,
1757 2359 2068 2403 sermonem
2127 2355 2290 2396 suum

706 2477 817 2518 non
852 2460 973 2515 vult
1013 2457 1314 2510 humanum
1359 2443 1597 2509 censeri,
1653 2439 1748 2496 sed
1788 2437 2037 2492 divinum
2099 2447 2292 2488 revera

705 2563 762 2612 et
793 2551 1029 2622 regium,
1059 2560 1184 2602 eum
1216 2538 1530 2597 necessario
1556 2534 1624 2590 ad
1663 2531 1844 2587 Patris
1878 2540 2170 2599 personam
2209 2539 2292 2578 re-

707 2619 917 2705 ferens,
961 2653 1054 2703 ne,
1091 2636 1138 2692 si
1189 2632 1437 2703 seipsum
1473 2625 1770 2687 divideret,
1807 2637 1996 2677 ansam
2019 2619 2292 2690 praeberet

705 2741 848 2796 duos
880 2735 1020 2790 ﬁlios
1055 2723 1420 2796 intelligendi,
1460 2735 1586 2776 cum
1623 2725 1751 2772 ante
1791 2723 1847 2770 et
1877 2720 2005 2785 post
2041 2712 2294 2766 incarna-

707 2832 912 2887 tionem
942 2838 1084 2881 unus
1116 2821 1189 2878 sit
1211 2818 1408 2873 Filius.
1442 2811 1601 2870 Unus
1630 2811 1777 2866 enim
1807 2815 1892 2864 est
1921 2805 2198 2868 Christus,
2229 2815 2292 2856 ac

709 2935 819 2974 non
852 2917 980 2978 duo,
1019 2910 1188 2969 sicuti
1222 2909 1417 2963 volunt
1446 2903 1642 2974 aliqui.
1676 2900 1822 2957 Deus
1852 2899 1995 2955 enim
2020 2896 2294 2953 exsistens

713 3008 953 3064 Verbum
1009 3021 1077 3060 et
1115 3002 1281 3056 Patre
1317 3011 1448 3053 caro
1481 2994 1686 3049 factum
1729 3001 1836 3059 est,
1865 2991 2023 3061 juxta
2061 2986 2294 3043 Joannis

713 3114 904 3155 vocem
927 3097 997 3161 ³ο,
1027 3109 1138 3149 non
1169 3092 1225 3146 in
1255 3103 1424 3145 carne
1459 3089 1914 3146 transmutatum,
1941 3079 2039 3136 sed
2069 3077 2292 3147 templo,

713 3193 769 3249 id
797 3197 883 3247 est
921 3201 1119 3252 carne,
1145 3199 1210 3239 ex
1244 3189 1438 3240 sancta
1470 3177 1694 3250 Virgine
1715 3175 1820 3231 sibi
1857 3180 2160 3242 assumpto.
2210 3171 2294 3225 Ne

2389 1975 2489 2044 τὴν
2519 1975 2736 2029 πάντων
2781 1972 3029 2044 βασιλίδα
3073 1971 3257 2038 φύσιν.
3297 1965 3405 2022 Ἦν
3440 1969 3500 2022 δέ
3526 1969 3590 2039 δὴ
3631 1968 3771 2021 πάλιν
3801 1972 3898 2022 κστᾶ

2390 2067 2484 2121 δύο
2531 2067 2766 2138 τρόπους
2832 2065 2922 2119 τόν
2985 2063 3094 2117 τῶν
3153 2062 3522 2134 ἀκροωμένων
3570 2060 3897 2130 ἀσφαλίσασθαι

2391 2156 2534 2210 νοῦν.
2582 2157 2652 2208 Ἢ
2682 2155 2791 2225 γὰρ
2818 2153 2878 2206 τό
2914 2151 3087 2205 θέλειν
3124 2153 3347 2222 τιμῆσαι
3377 2151 3471 2204 τόν
3505 2149 3634 2203 Θεόν
3667 2153 3899 2222 προτρέψαι

2393 2249 2609 2310 πάντως
2630 2248 2707 2310 εἰς
2733 2245 3063 2308 εὐπείθειαν,
3089 2245 3254 2314 ἤγουν
3281 2243 3340 2296 τό
3357 2238 3589 2296 ’δεδιέναι
3613 2243 3898 2313 προσκρούειν

2392 2339 2538 2410 αύτῷ
2570 2339 2726 2391 τοῦτο
2751 2336 2815 2407 δὴ
2846 2336 3008 2390 πάλιν
3047 2337 3361 2406 ἐργάσεται.
3389 2331 3512 2387 Eia:
3539 2335 3644 2405 γάρ
3670 2335 3728 2386 δι’
3754 2337 3898 2403 ἀμφοῖν

2391 2435 2420 2486 6
2451 2433 2544 2484 τοῦ
2571 2431 2840 2502 χρησίμου
2865 2446 2924 2482 τε
2947 2428 3046 2482 οιαὶ
3073 2428 3448 2498 συμφέροντος
3473 2427 3738 2498 λογισμός.
3762 2427 3897 2495 Λέγων

2392 2526 2447 2578 δὲ
2478 2527 2558 2577 ὅτι
2611 2542 2628 2574 ι
2662 2525 2775 2576 Οὐκ
2807 2521 2954 2575 ἐστιν
2999 2521 3128 2591 ἐμός
3157 2521 3185 2573 6
3219 2520 3396 2589 λόγος,
3431 2538 3451 2571 ι
3503 2521 3624 2590 οὐχὶ
3651 2519 3709 2588 δὴ
3743 2521 3897 2580 πάντως

2392 2620 2540 2688 ἡμᾶς
2581 2615 2823 2685 ἐξίστησι
2870 2613 2963 2668 τοῦ
3028 2613 3158 2666 ἰδίου
3206 2611 3504 2684 προσώπου
3565 2611 3782 2682 καθόπερ
3819 2613 3897 2664 ἐστὶ

2395 2711 2565 2777 Λόγος
2594 2709 2686 2761 καὶ
2719 2706 2851 2768 Θεός
2881 2722 2892 2733 ·
2940 2705 3127 2774 ἐπειδὴ
3158 2704 3215 2758 δὲ
3241 2705 3341 2774 τὴν
3370 2704 3646 2773 οἰκετικὴν
3674 2703 3787 2773 ἔχων
3811 2721 3899 2774 μορ-

2397 2800 2502 2873 φὴν
2537 2799 2616 2852 ἔτι
2659 2799 2755 2853 καὶ
2798 2799 2855 2849 ἐν
2894 2796 3216 2867 ἀνθρωπίνῳ
3258 2795 3584 2866 φαινόμενος
3615 2796 3816 2865 σχήματι
3839 2794 3899 2846 καὶ

2396 2895 2658 2966 ὑπάρχων
2713 2891 2930 2962 ἀληθῶς
2976 2889 3101 2944 καθ’
3149 2889 3316 2960 ἡμᾶς,
3381 2879 3453 2940 τὰ
3523 2883 3731 2939 τοιαῦτά
3767 2901 3896 2952 φησιν,

2396 2988 2496 3041 ούκ
2521 2984 2860 3056 ἀνθρώπινον
2887 2983 2978 3036 τόν
3009 2979 3205 3034 ἑαυτοῦ
3240 2978 3480 3033 νοεῖσθαι
3517 2977 3743 3048 βούλεται
3771 2975 3896 3042 λόγον,

2396 3077 2530 3133 ἀλλά
2563 3077 2703 3131 θεῖον
2732 3076 2904 3138 ὅντως
2946 3073 3042 3127 καὶ
3073 3071 3371 3144 βασιλικόν,
3406 3067 3754 3142 περιενεγκὼν
3777 3068 3895 3133 ἀναγ-

2397 3170 2567 3233 καίως
2597 3170 2678 3231 είς
2708 3165 2768 3220 τό
2809 3166 2902 3219 τοῦ
2937 3165 3151 3235 Πατρός
3192 3163 3509 3234 πρόσωπον,
3543 3162 3628 3214 ἵνα
3655 3158 3740 3230 μὴ,
3764 3157 3897 3210 διελὼν

712 3297 846 3354 ergo
877 3293 1174 3335 humanum
1203 3289 1327 3330 esse
1361 3279 1621 3344 putemus
1664 3280 1977 3324 sermonem
2005 3263 2144 3333 ejus,
2192 3275 2294 3316 nec
2321 3246 2329 3289 ⁴

2277 3275 2294 3315 3
2321 3237 2363 3295 ς·
2395 3260 2608 3325 ἑαυτόν,
2639 3259 2731 3313 δύο
2769 3257 2955 3312 λοιπόν
2995 3257 3144 3320 υἱοὺς
3180 3253 3414 3308 νοεῖσθαι
3451 3253 3822 3325 παρασκευάσῃ,
3844 3243 3894 3311 si;

712 3392 744 3431 a
782 3353 980 3429 natura
1015 3368 1201 3424 divina
1251 3363 1603 3433 disciplinam
1651 3355 2027 3428 evangelicam
2077 3353 2294 3408 abstra-

711 3466 936 3526 hamus,
969 3458 1065 3515 sed
1098 3457 1191 3512 Dei
1227 3451 1467 3527 supremi
1516 3464 1640 3506 esse
1669 3448 1980 3509 credamus,
2030 3441 2296 3513 singulari

714 3554 950 3613 consilio
986 3557 1245 3620 recteque
1271 3544 1590 3609 admodum,
1629 3547 1822 3612 utpote
1864 3552 1989 3592 cum
2017 3544 2071 3592 et
2103 3536 2157 3589 in
2195 3534 2296 3588 hu-

715 3661 878 3703 mana
915 3642 1090 3698 forma
1135 3643 1443 3710 appareret,
1486 3641 1700 3688 naturae
1756 3629 1955 3684 divina:
1987 3641 2297 3683 sermonem

713 3753 909 3795 rursus
941 3734 1157 3797 tribuit,
1183 3738 1446 3800 tanquam
1480 3728 1536 3782 in
1584 3737 1821 3796 persona
1851 3721 1947 3776 Dei
1971 3735 2036 3776 ac
2090 3718 2292 3782 Patris,

715 3848 780 3888 ex
810 3845 918 3902 quo
943 3839 996 3882 et
1023 3829 1076 3880 in
1105 3839 1216 3896 quo
1247 3820 1553 3878 secundum
1583 3825 1838 3872 naturam
1869 3819 1974 3876 est,
2015 3819 2075 3864 ut
2109 3810 2295 3880 splen-

717 3901 901 3976 doriet
934 3918 1172 3973 Verbum
1203 3912 1365 3984 837
1401 3909 1543 3980 ejus,
1585 3915 1639 3962 et
1681 3907 1971 3962 character
2004 3903 2127 3973 ejus
2166 3901 2295 3956 sub-

719 4012 937 4068 stantiae
955 4009 1024 4062 ⁸ο.

2393 3352 2468 3407 ὢν
2506 3352 2670 3417 Υἱός,
2723 3351 2818 3404 καὶ
2859 3348 2966 3420 πρὸ
3002 3347 3101 3418 τῆς
3159 3348 3493 3418 σαρκώσεως
3542 3347 3631 3400 καὶ
3675 3344 3788 3414 μετὰ
3825 3344 3894 3409 τὴν

2396 3447 2691 3516 σάρκωσιν.
2719 3439 2813 3508 Εἷς
2833 3442 2942 3514 γὰρ
2965 3444 2993 3496 ό
3018 3441 3274 3512 Χριστός,
3301 3442 3396 3494 καὶ
3415 3441 3477 3494 οὐ
3504 3440 3612 3503 δύο,
3634 3437 3753 3492 κατά
3773 3451 3892 3495 τινας.

2395 3540 2526 3603 Θεός
2557 3538 2664 3608 γὰρ
2693 3535 2766 3590 ὢν
2794 3536 2824 3588 6
2857 3535 3028 3602 Λόγος
3058 3535 3122 3588 ἐκ
3154 3533 3368 3604 Πατρός
3401 3533 3593 3602 γέγονε
3632 3528 3764 3599 σὰρξ,
3801 3526 3895 3578 κατὰ

2395 3629 2492 3698 τὴν
2529 3626 2777 3680 Ἰωάννου
2801 3624 3006 3695 φωνὴν,
3038 3625 3138 3678 ούκ
3168 3625 3248 3686 εἰς
3277 3623 3456 3694 σάρκα
3486 3619 3892 3693 μεταϐεϐλημένης,

2393 3721 2507 3776 ἀλλ’
2540 3720 2676 3774 ἰδίαν
2703 3718 3073 3787 ποιησάμενος
3097 3717 3276 3786 σάρκα
3304 3717 3395 3769 τόν
3416 3717 3483 3769 ἐκ
3515 3715 3608 3785 τῆς
3637 3713 3773 3781 ἁγίας
3795 3711 3894 3778 Hap-

2393 3812 2547 3866 θένου
2601 3810 2748 3863 ναόν.
2803 3809 2922 3862 Ἵνα
2966 3808 3145 3860 τοίνυν
3180 3806 3254 3877 μὴ
3287 3804 3624 3876 ἀνθρώπινον
3649 3798 3764 3856 εἶναι
3785 3797 3890 3867 νομί·

2393 3899 2577 3972 ζωμεν
2608 3900 2698 3954 τόν
2727 3899 2885 3967 λόγον
2916 3895 3102 3962 αὐτοῦ,
3140 3895 3275 3966 μηδέ
3307 3893 3406 3965 τῆς
3435 3894 3584 3958 Θείας
3618 3890 3892 3960 ἐκστήσωμεν

2392 3993 2608 4062 φύσεως
2652 3991 2714 4045 τό
2763 3990 2996 4060 μάθημα
3029 3988 3090 4042 τό
3117 3985 3495 4058 εύαγγελικόν,
3538 3985 3663 4040 ἀλλά
3702 3981 3808 4036 Θεοῦ
3828 3976 3889 4030 τοῦ

719 4106 812 4160 ἐπὶ
860 4101 1066 4165 πάντας
1107 4095 1245 4153 εἶναι
1290 4095 1656 4165 πιστεύωμεν,
1703 4087 2063 4161 οἰκονομικῶς
2114 4089 2207 4140 καὶ
2248 4086 2451 4160 σφόδρα
2517 4085 2719 4149 καλῶς,
2767 4084 2862 4137 ἅτε
2906 4083 2970 4154 δὴ
3019 4082 3117 4137 καὶ
3175 4083 3233 4134 ἐν
3281 4079 3606 4152 ἀνθρωπίνῳ
3652 4076 3891 4146 φαινόμενος

720 4196 979 4266 σχήματι,
1025 4163 1091 4262 τῇ
1141 4189 1262 4259 θείᾳ.
1305 4185 1464 4257 φύσει
1502 4163 1768 4253 ἀπονέμει
1801 4181 1961 4236 πάλιν
1995 4179 2086 4232 τόν
2114 4179 2294 4247 λόγον,
2331 4177 2406 4241 ὡς
2438 4179 2496 4231 ἐν
2530 4175 2809 4247 προσώπῳ
2836 4174 2931 4228 τοῦ
2971 4174 3108 4228 Θεοῦ
3158 4174 3252 4227 καὶ
3306 4172 3545 4243 Πατρός,
3587 4171 3638 4238 ἐξ
3667 4163 3720 4223 οὗ
3754 4165 3823 4221 καὶ
3853 4165 3890 4216 ὲν

718 4281 763 4356 ᾧ
790 4285 930 4340 κατὰ
958 4283 1116 4352 φύσιν
1145 4281 1314 4342 ἐστὶν,
1343 4278 1418 4342 ὡς
1453 4275 1795 4345 ἀπαύγασμα
1825 4273 1917 4327 καὶ
1943 4272 2113 4340 Λόγος
2139 4269 2306 4326 αὑτοῦ
2347 4271 2441 4324 καὶ
2471 4271 2572 4340 τῆς
2603 4269 2956 4332 ὑποστάσεως
2980 4267 3146 4321 αὑτοῦ
3175 4267 3484 4337 χαρακτήρ.

789 4345 1048 4441 XlV,é5,
1085 4372 1176 4428 26.
1211 4371 1334 4425 Hac
1378 4369 1584 4423 locutus
1636 4383 1750 4421 sum
1805 4365 1984 4428 vobis,
2023 4364 2164 4433 apud
2205 4379 2293 4417 vos

2271 4381 2293 4416 ε
2477 4361 2668 4419 Ταῦτα
2695 4359 3009 4428 λελάληκα
3035 4358 3199 4429 ὑμῖν,
3233 4358 3366 4426 παρ’
3391 4356 3536 4427 ὑμῖν
3559 4355 3749 4426 μένων.
3786 4350 3828 4402 '0
3847 4345 3888 4399 δὲ

721 4483 961 4524 manens.
997 4462 1314 4517 Paracletus
1353 4469 1526 4514 autem
1579 4456 1811 4527 Spiritus
1863 4467 2102 4520 sanctus,
2142 4470 2294 4525 quem

2272 4470 2294 4506 ἰ
2401 4455 2791 4523 Παράκιλητος
2819 4452 2886 4507 τὸ
2907 4451 3152 4520 Πνεῦμα
3187 4449 3254 4504 τὸ
3291 4450 3482 4520 ἅγιον,
3530 4449 3561 4503 ὃ
3591 4439 3889 4516 πέμψειὺμῖν

720 4563 892 4617 mittet
920 4559 1087 4614 Pater
1116 4558 1173 4611 in
1208 4554 1419 4610 nomine
1453 4568 1587 4616 meo,
1612 4550 1702 4605 ille
1733 4567 1820 4605 vos
1851 4548 2056 4603 docebit
2090 4547 2290 4613 omnia,
2330 4577 2337 4632 1

2270 4587 2290 4613 η,
2330 4577 2374 4632 D
2401 4550 2435 4602 ό
2480 4545 2682 4616 Πατὴρ
2717 4546 2787 4600 ἐν
2827 4543 2910 4609 τῷ
2949 4543 3194 4613 ὀνόματί
3229 4559 3370 4610 μου,
3412 4541 3634 4606 ἐκεῖνος
3675 4535 3799 4600 ὐιιᾶς
3823 4533 3887 4584 δι-

719 4667 770 4714 et
802 4664 1042 4728 suggeret
1071 4652 1214 4707 vobis
1244 4649 1426 4705 omnia
1456 4661 1778 4718 quaecunque
1807 4642 1994 4698 dixero
2021 4641 2190 4698 vobis.
2330 4621 2336 4632 ’

2401 4637 2572 4703 δείξει
2601 4635 2820 4702 πάντα,
2858 4635 2957 4690 καὶ
2982 4633 3320 4704 ὑπομνήσει
3353 4634 3511 4703 ὑμᾶς
3531 4633 3706 4686 πάντα
3724 4628 3753 4682 cl
3773 4621 3887 4680 εἶπεν

2399 4728 2534 4784 ἐγώ.

2399 4750 2410 4783 i

793 4829 973 4886 Habet
1003 4841 1200 4884 rursus
1232 4825 1324 4880 hic
1366 4838 1548 4880 sermo
1580 4820 1948 4877 humanitatis
1987 4818 2303 4890 expressio-

2399 4747 2431 4784 ε
2521 4768 2534 4782 .

2266 4837 2303 4870 ι-
2436 4747 2627 4890 ὟΕχει
2660 4818 2822 4874 πάλιν
2845 4820 2873 4872 6
2904 4817 3060 4888 λόγος
3089 4819 3148 4871 τό
3182 4815 3542 4890 ἀνθρώπινον,
3590 4806 3782 4865 καὶτῶν
3807 4797 3883 4890 καθ’

719 4936 872 4985 nem,
897 4928 952 4975 et
993 4935 1022 4972 a
1052 4926 1246 4974 nostra
1281 4915 1601 4972 conditione
1627 4930 1741 4969 non
1776 4888 2076 4969 admodum
2105 4912 2299 4976 distat,

2267 4919 2299 4976 ι,
2401 4888 2552 4982 ἡμᾶς
2567 4888 2628 4963 α,
2657 4909 2778 4964 λίαν
2807 4908 3152 4980 ἀπήλλακται
3184 4888 3418 4978 μέτρων,
3447 4907 3569 4959 ὅσον
3598 4898 3713 4974 ἧκεν
3731 4896 3792 4956 είς
3805 4888 3884 4944 νοῦν

720 5015 764 5067 si
823 5011 932 5066 loci
977 5009 1143 5078 hujus
1205 5024 1429 5066 sensum
1481 5008 1905 5063 convenientem
1960 5013 2298 5078 spectemus.

2264 5022 2298 5062 ι.
2399 5006 2514 5069 τοῖς
2542 5002 2927 5074 προκειμένοις
2955 5002 3046 5056 τόν
3085 5001 3382 5073 πρέποντα.
3416 4999 3554 5053 Πότε
3579 4996 3693 5065 γὰρ,
3719 4985 3881 5078 εὐλόγως

720 5100 1087 5169 Quandonam
1114 5101 1284 5167 enim,
1316 5101 1533 5170 inquiet
1577 5099 1708 5169 jure
1753 5075 2168 5170 aliquis,‘apud
2201 5114 2305 5153 nos

2265 5114 2305 5152 is
2403 5096 2519 5164 ἐρεῖ
2561 5111 2666 5157 τις,
2700 5094 2776 5157 ὡς
2803 5094 2864 5146 οὑ
2916 5093 3046 5164 παρ’
3077 5095 3208 5162 ἡμῖν
3238 5093 3384 5144 ἐστιν
3413 5090 3441 5142 6
3472 5084 3706 5160 Χριστός,
3726 5075 3830 5132 κατά

721 5193 986 5250 Christus
1035 5207 1146 5249 non
1211 5202 1318 5258 est,
1353 5163 1595 5248 deitatis'
1628 5163 1895 5248 nimirum
1955 5163 2202 5262 potentia
2241 5207 2306 5246 ac

2266 5207 2306 5246 ιο
2403 5163 2502 5258 τὴν
2544 5187 2643 5256 τῆς
2691 5186 2940 5255 θεότητος
2985 5163 3236 5256 δύναμιν,
3286 5184 3463 5237 καίτοι
3511 5178 3688 5250 πληροῖ
3732 5170 3805 5241 μὲν

725 5288 969 5352 virtute,
1005 5286 1199 5356 implet
1235 5285 1438 5356 quippe
1483 5285 1904 5351 universa,nec
1957 5253 2026 5339 ab
2083 5283 2193 5338 ulla
2246 5298 2307 5338 re

2265 5299 2307 5338 ιο
2405 5253 2609 5340 πάντα,
2631 5277 2726 5331 καὶ
2753 5253 2966 5340 οὐδενός
2993 5276 3056 5330 τό
3087 5253 3307 5348 σύμπαν
3333 5274 3616 5344 ἀποδημεῖ,
3637 5253 3882 5356 ’περιέπει

725 5378 893 5448 plane
947 5376 1128 5442 abest,
1157 5376 1252 5432 sed
1303 5375 1565 5432 ineﬂ‘abili
1605 5375 1815 5431 virtute
1862 5375 2048 5446 potius
2103 5382 2304 5430 cuncta

727 5475 994 5539 permeat,
1029 5477 1232 5522 terram
1267 5481 1329 5521 ac
1365 5467 1588 5527 caelum,
1621 5481 1726 5522 nec
1775 5466 1932 5521 abest
1982 5480 2010 5518 a
2044 5475 2301 5535 penetra-

729 5562 874 5617 libus
905 5560 1135 5631 abyssi?
1167 5557 1268 5613 Ubi
1293 5556 1438 5613 enim
1470 5572 1576 5612 non
1612 5565 1698 5612 est
1740 5555 1920 5611 Deus?
1951 5555 2085 5610 Cum
2135 5556 2302 5625 igitur

729 5653 806 5709 ait
840 5672 853 5708 :
893 5671 911 5703 ι
948 5650 1074 5706 Haec
1101 5651 1320 5706 locutus
1343 5663 1466 5704 sum
1486 5647 1666 5712 vobis,
1691 5647 1834 5717 apud
1864 5662 1960 5702 vos
1990 5662 2245 5711 manens,
2276 5665 2293 5697 ι

2408 5367 2609 5437 μᾶλλον
2639 5369 2866 5440 ἀρρήτῳ
2893 5368 3140 5440 δυνάμει,
3159 5343 3273 5438 *γῆν
3304 5384 3365 5421 τε
3399 5343 3736 5434 καὶηοὺρανόν,
3756 5343 3880 5440 δὲ

2395 5459 2635 5513 ἀϐύσσου
2663 5461 2850 5531 μυχῶν
2871 5461 2970 5514 οὑκ
2994 5460 3462 5531 ἀπολιμπάνεταις
3493 5456 3592 5511 Ποῦ
3615 5451 3706 5521 γὰρ
3719 5437 3880 5499 0-3153?-

2408 5553 2576 5616 Θεόςς
2628 5527 2799 5608 Ὅταν
2843 5549 2934 5609 οὖν
2973 5527 3174 5626 λέγῃ-⁷
3201 5571 3217 5603 ι
3250 5552 3436 5607 Ταῦτα
3466 5550 3593 5621 πρός
3623 5541 3740 5613 ὑμᾶς
3763 5527 3878 5626 alii?”

2409 5649 2538 5717 παρ’
2566 5648 2694 5718 ὑμῖν
2733 5647 2926 5712 μένων,
2959 5666 2976 5697 ι
3007 5618 3146 5700 κατὰ
3167 5645 3228 5698 τό
3255 5618 3584 5714 ἀνθρώπινον
3603 5618 3880 5714 ἐκληψάμεθα·

801 5831 844 5865 ³⁷
874 5831 975 5888 lsa.
1019 5844 1094 5898 Ix,
1126 5828 1157 5886 6
1199 5843 1312 5886 sec.
1351 5827 1517 5886 LXX.
1593 5828 1637 5862 "
1663 5825 1894 5895 Philipp.
1939 5841 1998 5887 ιι,
2035 5825 2087 5879 τ.
2167 5826 2210 5857 ³⁹
2247 5822 2409 5879 Joan.

1593 5828 1637 5862 "
1663 5825 1894 5895 Philipp.
1939 5841 1998 5887 ιι,
2035 5825 2087 5879 τ.
2167 5826 2210 5857 ³⁹
2247 5822 2409 5879 Joan.
2461 5839 2516 5890 ι,
2574 5825 2658 5880 M.
2741 5826 2781 5855 ³⁰
2829 5825 2993 5879 llchr.
3036 5839 3082 5891 ι,
3127 5825 3179 5880 5.
