4096 6542
200 493 302 549 SOI

1254 488 1319 542 IN
1360 483 1647 543 IOANNIS
1676 481 2119 540 EVANGELIUM
2160 483 2286 539 LIB.
2330 482 2394 540 X.

3274 470 3278 474 ’
3347 486 3448 539 502

201 611 319 665 Καὶ
372 607 601 678 ἐπείπερ
653 605 874 678 ἔμελλεν
914 602 973 669 ἐξ
1029 604 1324 676 ὀφθαλμῶν
1372 603 1621 673 γενέσθαι
1670 601 1778 655 τῶν

1895 601 2243 656 humanitatis
2296 604 2508 655 ratione
2552 600 2606 654 id
2654 599 3043 668 intelligemus.
3082 599 3148 653 Et
3181 600 3308 669 quia
3360 617 3446 655 rc-

201 700 509 773 ήμετέρων,
540 700 679 752 κατά
711 715 773 765 γε
800 698 896 767 τὴν
924 697 1102 767 σάρκα
1133 695 1296 765 φημὶ,
1331 696 1429 765 τὴν
1456 697 1514 747 ἐν
1542 695 1655 756 τοῖς
1687 694 1780 745 ού-

204 794 392 862 ρανοϊς
441 790 747 860 ἀποδημίαν
796 787 1165 857 στειλάμενος,
1214 786 1281 839 τά
1331 784 1560 839 τοιαῦτά
1606 800 1777 854 φησι’

196 883 303 951 τὴν
325 882 385 934 δὲ
412 880 505 933 τοῦ
544 879 844 951 μυστηρίου
874 879 1219 948 τελειοτάτην
1244 878 1338 931 καὶ
1379 876 1781 946 ἀκριϐεστάτην

198 971 339 1041 ἡμῖν
362 968 701 1037 ἀποκάλυψιν
721 969 810 1021 διά
830 967 924 1021 τοῦ
954 967 1311 1039 Παρακλήτου
1335 964 1586 1033 γενέσθαι
1609 965 1778 1033 λέγει,

197 1063 349 1116 τοῦτ’
383 1062 518 1125 ἔστι,
547 1060 640 1113 τοῦ
670 1059 827 1126 ἁγίου
854 1060 1171 1129 Πνεύματος
1205 1056 1604 1120 ἀποσταλέντος
1631 1056 1783 1128 παρὰ

195 1156 300 1208 τοῦ
327 1155 542 1225 Πατρὸς
568 1155 657 1206 ἐπὶ
682 1153 761 1222 τῷ
783 1153 1004 1223 ὀνόματι
1032 1150 1217 1214 αὐτοῦ,
1242 1150 1386 1217 λέγω
1417 1148 1482 1221 δὴ
1510 1149 1603 1202 τοῦ
1628 1148 1779 1203 Υίοῦ.

207 1246 306 1310 Ὧς
357 1245 465 1314 γὰρ
508 1243 764 1314 Χριστὸς,
812 1244 870 1295 ὲν
913 1244 1046 1313 ἡμῖν
1086 1241 1148 1294 τὸ
1190 1240 1416 1311 Πνεῦμα
1442 1240 1631 1294 αὐτοῦ.
1686 1239 1784 1291 Διά

193 1336 367 1390 τοῦτό
395 1353 577 1407 φησιν,
612 1336 692 1388 ὅτι
726 1353 743 1386 ι
766 1335 1004 1396 Ἐκεῖνος
1036 1332 1236 1399 διδάξει
1263 1334 1406 1403 ὑμᾶς
1435 1332 1609 1385 πάντα
1641 1330 1675 1384 δι
1707 1327 1783 1384 εἷο

196 1445 309 1481 πον
338 1422 466 1497 ὑμῖν
501 1420 630 1493 ἐγώ.
662 1447 679 1478 ι
724 1425 941 1496 Ἐπειδὴ
973 1425 1080 1497 γάρ
1115 1426 1230 1478 ἐστι
1276 1423 1502 1494 Πνεῦμα
1546 1423 1782 1495 Χριστοῦ

195 1519 303 1572 καὶ
328 1516 454 1579 νοῦς
483 1516 671 1579 αὑτοῦ,
708 1516 848 1569 κατὰ
876 1510 936 1568 τὸ
962 1515 1367 1586 γεγραμμένον,
1399 1515 1498 1585 οὐχ
1523 1514 1707 1584 ἕτερόν
1732 1531 1783 1566 τι

194 1610 340 1680 παρ’
376 1607 536 1662 αὐτὸν
560 1606 638 1671 ὃν,
674 1606 816 1660 κατά
846 1624 910 1674 γε
936 1604 1027 1658 τὸν
1057 1608 1113 1658 ὲν
1142 1606 1429 1676 ταυτότητι
1461 1607 1663 1675 φυσικῇ
1700 1604 1786 1657 λόο

196 1716 327 1768 γον,
366 1700 551 1754 καίτοι
597 1690 886 1769 νοούμενόν
930 1715 990 1750 τε
1040 1698 1133 1751 καὶ
1179 1697 1421 1768 ὑπάρχον
1476 1697 1641 1758 ἰδίως,
1677 1693 1783 1749 οἶδε

195 1791 390 1844 πάντα
418 1788 485 1842 τά
510 1782 574 1841 γὲν
597 1787 765 1858 αὐτῷ.
790 1786 900 1840 Καὶ
935 1786 1275 1857 μαρτυρήσει
1296 1785 1469 1853 λέγων
1491 1788 1517 1838 ὁ
1542 1785 1750 1848 Παῦλος
1769 1802 1782 1815 ·

204 1901 227 1932 ‹
255 1880 355 1944 Τίς
385 1879 492 1952 γὰρ
520 1875 627 1933 οἶδε
664 1880 735 1933 τά
775 1877 869 1932 τοῦ
903 1877 1209 1948 ἀνθρώπου,
1248 1879 1297 1931 εἰ
1346 1876 1421 1947 μὴ
1468 1877 1527 1929 τὸ
1571 1876 1788 1946 πνεῦμα

1881 707 2078 745 versus
2113 691 2180 744 ad
2231 692 2403 746 cmlos
2452 705 2780 746 evanescere
2832 690 3066 745 debebat
3118 706 3184 744 ex
3240 692 3448 745 nostris

1881 785 2082 850 oculis,
2111 785 2261 855 quod
2295 785 2365 839 ad
2390 800 2616 841 carnem
2655 791 2888 856 spectat,
2919 785 3130 840 idcirco
3162 786 3278 840 haec
3323 787 3400 840 ait
3434 806 3445 840 :

1882 874 2133 945 mysterii
2174 890 2307 930 vero
2357 874 2819 945 perfectissimam
2872 882 2922 928 et
2977 876 3448 931 accuratissimam

1883 967 2281 1021 revelationem
2310 982 2409 1037 per
2431 967 2776 1022 Paracletum
2805 966 2967 1021 nobis
2998 966 3199 1020 factam
3229 967 3324 1027 ait,
3349 966 3453 1019 hoc

1882 1066 1967 1112 est
1988 1074 2088 1128 per
2118 1068 2371 1114 sanctum
2409 1057 2701 1128 Spiritum,
2740 1058 2831 1128 qui
2873 1058 3075 1111 missus
3108 1066 3193 1112 est
3224 1072 3252 1109 a
3289 1056 3453 1110 Patro.

1886 1148 1939 1202 in
1971 1149 2195 1203 nomine
2224 1149 2372 1218 ejus,
2425 1149 2478 1202 id
2514 1156 2597 1204 est
2629 1148 2772 1204 Filii.
2808 1149 2876 1205 Ut
2922 1150 3067 1202 enim
3109 1149 3363 1203 Christus
3398 1149 3450 1202 in

1884 1236 2067 1299 nobis,
2100 1236 2174 1289 ita
2204 1243 2258 1290 et
2294 1235 2536 1305 Spiritus
2569 1234 2711 1302 ejus.
2751 1236 2964 1290 Idcirco
2994 1237 3072 1289 ait
3103 1254 3114 1288 :
3148 1254 3165 1285 ι
3209 1238 3329 1305 Ipse
3357 1252 3455 1289 vos

1885 1326 2109 1382 docebit
2137 1327 2321 1381 omnia
2352 1341 2476 1395 qua:
2506 1340 2608 1395 ego
2638 1325 2749 1378 dixi
2784 1325 2962 1380 vobis.
3006 1344 3022 1375 ι
3060 1323 3191 1378 Nam
3226 1340 3349 1378 cum
3384 1327 3454 1378 sit

1888 1417 2099 1472 Christi
2146 1417 2390 1487 Spiritus
2417 1425 2472 1471 et
2514 1432 2668 1471 mens
2709 1415 2851 1484 ejus,
2885 1425 2943 1468 ut
2977 1416 3243 1485 scriptum
3276 1423 3360 1470 est
3387 1416 3451 1477 “,

1888 1525 1997 1563 non
2045 1509 2193 1562 aliud
2245 1508 2505 1578 quiddam
2551 1506 2824 1561 exsistens
2878 1507 2945 1559 ab
3001 1508 3137 1573 ipso,
3188 1504 3456 1557 naturalis

1888 1598 2195 1655 identitatis
2226 1599 2610 1665 ratione,licct
2640 1598 2694 1652 in
2728 1598 2953 1667 propria
2981 1596 3259 1666 hypostasi
3291 1596 3453 1649 iutcl-

1888 1690 2091 1761 ligatur
2117 1705 2181 1744 ac
2221 1691 2315 1753 sit,
2343 1690 2529 1744 omnia
2568 1688 2723 1743 novit
2755 1703 2875 1757 qum
2907 1688 2961 1740 in
2994 1702 3059 1740 eo
3105 1693 3252 1741 sunt.
3286 1686 3457 1753 Cujus

1887 1783 1968 1837 rei
2010 1783 2176 1837 testis
2220 1782 2380 1838 nobis
2406 1781 2512 1837 erit
2540 1780 2764 1844 Paulus,
2793 1780 2987 1834 dicens
3024 1797 3035 1831 :
3071 1799 3089 1830 ι
3122 1778 3262 1845 Quis
3310 1778 3455 1830 enim

1890 1873 1996 1928 scit
2026 1888 2148 1943 qua:
2192 1882 2326 1927 sunt
2362 1872 2626 1934 hominis,
2674 1872 2780 1927 nisi
2811 1871 3044 1941 spiritus
3089 1870 3331 1924 hominis
3361 1869 3453 1937 qui

195 1972 303 2025 τοῦ
334 1970 619 2041 ἀνθρώπου
644 1971 705 2024 τὺ
732 1970 793 2024 ὃν
823 1972 881 2023 ὲν
907 1970 1084 2041 αὐτῷ;
1135 1971 1290 2023 Οῦτω
1321 1971 1413 2022 καὶ
1438 1968 1506 2022 τά
1533 1968 1623 2022 τοῦ
1653 1968 1785 2023 Θεοῦ

1895 1966 1944 2021 in
1978 1966 2100 2036 ipso
2125 1967 2248 2021 est?
2274 1965 2351 2020 Ita
2382 1973 2436 2021 et
2484 1981 2607 2036 quae
2657 1966 2748 2019 Dei
2794 1972 2943 2026 sunt,
2976 1963 3137 2018 nem‘o
3179 1962 3455 2031 cognovit,

195 2062 388 2125 οὐδεὶς
411 2062 668 2130 ἔγνωκεν,
701 2062 747 2114 εί
782 2061 856 2132 μὴ
892 2061 951 2113 τὸ
978 2060 1204 2131 Πνεῦμα
1229 2061 1322 2114 τοῦ
1360 2061 1514 2115 Θεοῦ.
1553 2060 1782 2123 Οὐκοῦν,

200 2153 287 2216 ὡς
332 2153 472 2216 είδδς
498 2152 568 2205 τά
598 2155 657 2204 ὲν
687 2155 751 2224 τῇ
784 2151 1031 2222 βουλήσει
1060 2152 1154 2206 τοῦ
1197 2152 1563 2221 Μονογενοῦς,
1610 2152 1787 2206 πάντα

202 2244 348 2312 ἡμῖν
380 2236 686 2311 ἀναγγέλει,
733 2243 832 2295 οὐκ
861 2245 924 2295 ὲκ
956 2243 1243 2313 μαθήσεως
1277 2242 1397 2312 ἔχον
1426 2242 1525 2312 τὴν
1559 2242 1784 2312 εἴδησιν,

202 2329 302 2385 ἵνα
335 2333 410 2404 μή
438 2333 696 2403 φαίνηται
720 2332 969 2386 διακόνου
991 2325 1142 2396 τάξιν
1165 2324 1518 2403 ἀποπληροῦν
1547 2332 1641 2385 καὶ
1662 2333 1788 2395 τοὺς

202 2421 404 2492 ἑτέρου
439 2422 598 2491 τυχὸν
630 2421 1044 2492 διαπορθμεύων
1079 2418 1289 2490 λόγους,
1325 2421 1438 2474 ἀλλ’
1462 2419 1536 2484 ὼς
1570 2421 1788 2491 πνεῦμα

202 2510 502 2580 ἀνθρώπου
533 2509 631 2581 (1),
666 2509 916 2581 καθάπερ
945 2509 1147 2580 ἀρτίως
1172 2511 1493 2581 εἰρήκαμεν,
1527 2509 1622 2562 καὶ
1651 2502 1789 2572 είδδς

205 2598 509 2662 ἀδιδάκτως
535 2599 711 2653 πάντα
741 2598 809 2653 τὰ
839 2599 897 2665 ἐξ
928 2590 987 2654 οῦ
1013 2600 1108 2653 καὶ
1139 2602 1196 2654 ὲν
1222 2592 1372 2670 ᾧπέρ
1401 2601 1539 2663 ἐστι,
1570 2601 1641 2654 τά
1669 2600 1789 2655 θεῖα

205 2691 327 2751 τοῖς
370 2686 546 2755 ἁγίοις
573 2688 948 2741 ἀποκαλύπτει
985 2682 1284 2758 μυστήρια,
1317 2682 1564 2759 καθάπερ
1597 2689 1789 2759 ἀμέλει

206 2780 309 2833 καὶ
336 2780 366 2831 ό
390 2777 725 2849 ἀνθρώπινος
753 2779 877 2842 νοῦς
906 2779 1085 2832 πάντα
1110 2778 1393 2846 γινώσκων
1425 2779 1493 2831 τὰ
1526 2780 1584 2830 ἐν
1618 2778 1790 2849 αὐτῷ,

204 2872 452 2925 διακονεί
478 2870 613 2939 πρὸς
641 2871 701 2923 τὸ
737 2870 860 2943 ἔξω,
891 2869 1036 2941 λόγῳ
1067 2871 1229 2941 τυχὸν
1259 2870 1338 2941 τῷ
1369 2871 1691 2942 προφορικῷ
1721 2872 1791 2927 τά

205 2963 500 3032 Θελήματα
542 2964 640 3031 τῆς
672 2962 873 3033 ψυχῆς,
911 2957 980 3034 ἦς
1003 2963 1242 3015 ἐστικαὶ
1274 2961 1415 3026 νοῦς,
1462 2963 1648 3033 ἕτερον
1691 2964 1791 3033 μέν

204 3073 266 3107 τι
303 3058 434 3126 παρ’
461 3054 634 3125 αὐτὴν
663 3056 781 3116 ταῖς
807 3054 1073 3115 ἐπινοίαις
1098 3052 1371 3124 όρώμενός
1396 3070 1455 3105 τε
1485 3054 1578 3106 καὶ
1600 3054 1791 3122 ὀνομα-

207 3146 462 3218 ζόμενος,
488 3147 672 3215 ἕτερος
699 3146 755 3198 δὲ
783 3145 924 3198 κατά
944 3145 1104 3214 φύσιν
1129 3145 1227 3197 οὐκ
1246 3144 1341 3210 ὢν,
1372 3144 1486 3198 ἀλλ’
1507 3144 1582 3208 ὡς
1604 3145 1790 3216 μόριον

204 3238 309 3291 τοῦ
341 3238 541 3300 παντὸς
570 3237 1029 3307 συμπληρωτικὸν
1058 3238 1116 3289 ὲν
1142 3235 1280 3307 αὐτῇ
1311 3254 1371 3289 τε
1403 3237 1665 3307 ὑπάρχον,
1697 3238 1790 3288 καὶ

1887 2060 1994 2114 nisi
2024 2059 2270 2129 Spiritus
2300 2058 2392 2111 Dei
2416 2058 2482 2111 δ’.
2512 2077 2530 2107 ι
2566 2056 2837 2122 Quocirca
2874 2065 2932 2109 ut
2974 2055 3068 2125 qui
3096 2054 3247 2109 novit
3271 2055 3455 2106 omnia

1890 2167 2011 2221 quae
2038 2159 2169 2205 sunt
2212 2152 2266 2204 in
2298 2151 2579 2203 voluntate
2615 2148 2915 2219 Unigeniti,
2947 2144 3130 2199 omnia
3164 2144 3324 2197 nobis
3361 2158 3459 2196 an-

1890 2240 2130 2301 nuntiat,
2164 2254 2270 2293 non
2297 2238 2593 2306 disciplina
2623 2245 2997 2305 comparatam
3034 2232 3318 2288 scientiam
3356 2232 3457 2285 lia-

1890 2332 2047 2397 bens,
2088 2345 2157 2385 ne
2189 2330 2429 2385 ministri
2459 2330 2631 2383 vicem
2683 2329 2910 2398 implere
2944 2326 3193 2381 videatur
3220 2332 3274 2378 et
3324 2326 3462 2377 alte-

1890 2423 2007 2476 rius
2059 2436 2342 2476 sermones
2384 2420 2620 2483 del'erre,
2666 2420 2759 2473 sed
2811 2428 2870 2472 ut
2921 2419 3148 2488 spiritus
3200 2416 3457 2479 hominis,

1890 2512 2056 2569 sicuti
2090 2511 2252 2565 modo
2283 2510 2551 2573 diximus,
2586 2518 2640 2563 et
2668 2508 2761 2577 qui
2797 2509 2934 2562 citra
2960 2507 3205 2562 doctoris
3237 2520 3458 2575 operam

1892 2602 2047 2655 novit
2078 2603 2261 2655 omnia
2304 2616 2423 2670 quae
2469 2608 2600 2655 sunt
2631 2600 2753 2668 ejus
2788 2615 2854 2653 ex
2900 2614 3009 2667 quo
3036 2606 3091 2653 et
3125 2599 3178 2651 in
3213 2613 3321 2667 quo
3351 2606 3457 2656 est.

1893 2686 2077 2747 divina
2115 2694 2326 2747 sanctis
2359 2693 2563 2747 revelat
2594 2690 2880 2761 mysteria,
2913 2690 3077 2744 sicuti
3110 2690 3370 2744 nimirum
3407 2700 3462 2743 ct

1893 2800 2048 2840 mens
2094 2785 2332 2838 humana
2364 2784 2549 2839 ‘omnia
2591 2799 2712 2853 quae
2759 2784 2813 2837 in
2843 2798 2901 2837 se
2952 2792 3082 2837 sunt
3125 2766 3481 2852 agnoscens,

1894 2875 2241 2930 enuntiativo
2261 2875 2427 2929 verbo
2450 2882 2507 2928 ut
2527 2874 2674 2930 foras
2701 2875 3238 2930 emittatvoluntates
3266 2877 3461 2930 anima:

1896 2967 2199 3027 ministrat,
2233 2967 2390 3036 cujus
2419 2974 2502 3021 est
2533 2966 2698 3021 etiam
2751 2980 2929 3027 mens,
2965 2966 3114 3020 aliud
3142 2966 3364 3034 quidem
3393 2968 3462 3019 ab

1895 3057 2015 3127 ipsa
2052 3057 2276 3112 nomine
2326 3068 2380 3111 et
2422 3065 2716 3127 conceptu,
2744 3056 2841 3111 sed
2876 3056 2980 3109 alia
3022 3057 3326 3111 secundum
3365 3073 3462 3111 na-

1896 3158 2075 3203 turam
2109 3164 2215 3202 non
2248 3150 2548 3210 exsistens,
2579 3150 2673 3203 sed
2703 3162 2824 3218 quae
2852 3148 3020 3203 veluti
3056 3164 3184 3217 pars
3217 3151 3463 3218 comple-

1896 3241 2006 3295 tiva
2039 3241 2209 3294 totius
2240 3241 2293 3293 in
2323 3255 2385 3294 ea
2411 3240 2652 3304 exsistit,
2679 3247 2730 3292 et
2760 3255 2824 3293 ex
2856 3254 2918 3292 ca
2948 3240 3169 3308 prodire
3194 3241 3459 3294 creditur.

207 3330 274 3393 ἐξ
308 3330 478 3400 αὐτῆς
509 3328 841 3396 ἀναφύεσθαι
869 3329 1279 3397 πιστευόμενον.
1335 3328 1504 3401 ’Υπὲρ
1541 3330 1597 3383 δὲ
1635 3328 1792 3382 τοῦτο

1895 3332 2061 3402 838
2082 3332 2247 3401 Atqui
2271 3331 2452 3385 divina
2478 3340 2533 3385 et
2561 3330 2857 3385 inell‘abilis
2889 3340 3082 3384 natura
3116 3346 3279 3401 supra
3318 3333 3461 3385 istud

206 3422 384 3476 ’πάλιν
426 3422 461 3490 ὴ
512 3421 630 3473 θεία
683 3438 741 3473 τε
795 3420 888 3473 καὶ
935 3421 1174 3491 ἀρῤητος
1213 3419 1393 3488 φύσις.
1451 3420 1638 3490 Μικρά
1684 3420 1793 3492 γὰρ

213 3513 373 3564 ’πᾶσα
398 3511 853 3581 παραδειγμάτων
878 3511 1051 3581 ἰσχὺς,
1082 3510 1185 3564 κᾶν
1210 3512 1297 3564 διὰ
1330 3511 1540 3564 λεπτῶν
1566 3512 1793 3582 ἔρχηται

214 3604 415 3670 λόγων.
463 3601 671 3655 Οὐκοῦν
702 3605 736 3672 ἡ
769 3601 947 3655 τελεία
982 3603 1218 3673 μάθησις
1244 3602 1332 3655 διὰ
1356 3601 1450 3655 τοῦ
1481 3602 1795 3672 Πνεύματος

214 3697 331 3755 τοῖς
358 3694 530 3760 ἀγίοις
560 3693 882 3746 ἐντίκτεται.
915 3694 1023 3746 Καὶ
1054 3693 1185 3761 γοῦν
1214 3695 1242 3747 ὁ
1270 3693 1553 3757 Θεσπέσιος
1584 3694 1795 3757 Παῦλος

217 3785 529 3838 ἐπιστέλλει
576 3785 712 3855 πρός
764 3800 953 3848 τιναςο
1011 3804 1029 3836 ι
1058 3785 1231 3853 Κάγὼ
1274 3786 1510 3849 ἀκούσας
1551 3786 1646 3856 τὴν
1676 3782 1796 3839 καθ’

220 3877 371 3946 ὑμᾶς
389 3876 570 3928 πίστιν
598 3877 654 3927 ὲν
682 3874 761 3945 τῷ
792 3873 981 3945 Κυρίῳ
1014 3874 1209 3945 Ἰησοῦ,
1237 3876 1332 3929 καὶ
1359 3874 1456 3946 τὴν
1487 3879 1566 3938 είς
1590 3875 1798 3937 πάντας

218 3966 349 4028 τοὺς
378 3965 563 4033 ἁγίους
594 3963 845 4036 ἀγάπην,
897 3964 957 4016 οὐ
1003 3964 1247 4036 παύομαι
1292 3964 1627 4035 εὐχαριστῶν
1661 3964 1798 4035 ὑπὲρ

219 4055 400 4125 ὐμῶν,
453 4054 644 4126 μνείαν
677 4054 997 4124 ποιούμενος
1043 4055 1136 4107 ἐπὶ
1176 4054 1285 4106 τῶν
1322 4053 1635 4125 προσευχῶν
1673 4070 1796 4122 μου,

221 4143 313 4196 ἵνα
338 4146 371 4197 ό
396 4142 527 4205 Θεὸς
558 4142 653 4195 τοῦ
678 4143 884 4213 Κυρίου
914 4141 1069 4213 ἡμῶν
1112 4142 1287 4212 Ἰησοῦ
1321 4142 1579 4213 Χριστοῦ,
1627 4145 1655 4195 ὁ
1686 4144 1799 4196 Πα-

220 4235 327 4306 τὴρ
347 4233 447 4303 τῆς
468 4232 643 4302 δόξης,
668 4232 777 4304 δῴη
798 4235 926 4304 ὑμῖν
949 4233 1172 4305 Πνεῦμα
1196 4234 1385 4302 σοφίας
1410 4236 1503 4287 καὶ
1530 4234 1801 4287 ἀποκαλύ-

219 4328 372 4397 ψεως
399 4328 456 4380 ὲν
477 4324 768 4393 ἐπιγνώσει
790 4324 977 4391 αὐτοῦ,
1000 4325 1446 4395 πεφωτισμένους
1461 4327 1586 4388 τοὺς
1604 4326 1801 4395 ὀφθαλ-

226 4419 369 4489 μοὺς
410 4419 508 4489 τῆς
536 4417 782 4486 καρδίας,
832 4418 913 4480 είς
952 4416 1012 4468 τὸ
1046 4416 1243 4469 εἰδέναι
1275 4416 1417 4486 ὑμᾶς
1467 4416 1551 4478 τίς
1584 4417 1730 4469 ἐστιν
1767 4418 1801 4487 ή

1896 3422 2055 3492 longe
2089 3422 2269 3491 posita
2313 3429 2418 3475 est.
2465 3416 2564 3474 Vis
2614 3419 2760 3475 enim
2805 3422 3182 3490 exemplorum
3232 3422 3301 3475 ad
3343 3437 3461 3475 eam

1896 3514 2274 3581 explicandam
2332 3512 2604 3566 imbecilla
2674 3528 2904 3582 prorsus
2952 3522 3055 3577 est,
3108 3516 3464 3583 quantumvis

1898 3603 2195 3657 subtilibus
2229 3602 2414 3658 verbis
2446 3602 2766 3657 eﬂ‘erantur.
2803 3604 2977 3673 lgitur
3018 3604 3260 3674 perfecta
3292 3607 3463 3661 disci-

1899 3696 2046 3765 plina
2076 3710 2171 3764 per
2201 3694 2465 3764 Spiritum
2506 3694 2561 3747 in
2598 3697 2808 3751 sanctis
2839 3697 3102 3766 gignitur.
3141 3696 3294 3751 [lude
3328 3697 3465 3751 Pau-

1898 3787 1985 3840 lus
2033 3786 2122 3841 ille
2154 3785 2376 3840 divinus
2418 3786 2485 3840 ad
2520 3788 2817 3842 nonnullos
2853 3787 3085 3841 scribit:
3116 3806 3133 3836 ι
3174 3785 3475 3856 Propterea

1898 3886 1952 3932 et
1982 3892 2084 3945 ego
2120 3877 2351 3931 audiens
2382 3876 2538 3931 ﬁdem
2587 3886 2848 3942 vestram,
2877 3893 3000 3946 qum
3044 3884 3127 3931 cst
3160 3877 3213 3930 in
3248 3876 3465 3931 Christo

1900 3963 2052 4030 Jesu,
2088 3974 2142 4021 et
2170 3964 2517 4020 dilectionem
2556 3966 2610 4018 in
2642 3981 2832 4020 omnes
2888 3975 3133 4029 sanctos,
3167 3981 3276 4019 non
3308 3981 3466 4020 cesso

1904 4057 2116 4126 gratias
2162 4072 2331 4126 agens
2364 4073 2464 4126 pro
2492 4058 2670 4120 vobis,
2710 4058 3030 4111 memoriam
3060 4058 3229 4113 vestri
3261 4056 3467 4111 faciens

1900 4150 1957 4203 in
1990 4148 2340 4203 orationibus
2384 4148 2539 4213 meis,
2580 4156 2639 4201 ut
2685 4146 2831 4202 Deus
2872 4148 3081 4202 Domini
3124 4150 3299 4204 nostri
3339 4147 3466 4204 Jesn

1902 4232 2135 4303 Christi,
2169 4237 2333 4293 Pater
2360 4239 2569 4309 gloria),
2601 4239 2692 4292 det
2716 4239 2869 4293 vobis
2892 4238 3160 4306 Spiritum
3190 4240 3470 4309 sapientim

1902 4339 1957 4386 et
2007 4330 2386 4396 revelatiouis,
2436 4330 2488 4384 in
2555 4330 2836 4401 agnitione
2903 4331 3028 4399 ejus
3077 4349 3089 4384 ε
3133 4331 3470 4385 illuminatos

1904 4425 2099 4479 oculos
2133 4424 2323 4478 cordis
2346 4424 2536 4484 vestri,
2575 4432 2633 4475 ut
2667 4422 2861 4476 sciatis
2902 4437 3022 4491 qua:
3056 4423 3127 4476 sit
3154 4438 3280 4489 spes
3313 4438 3471 4477 voca—

224 4510 387 4572 ὲλπὶς
432 4509 533 4580 τῆς
576 4508 822 4579 κλήσεως
853 4507 1040 4571 αὑτοῦ,
1094 4508 1189 4561 καὶ
1235 4509 1319 4570 τίς
1361 4509 1389 4560 ὁ
1432 4507 1657 4571 πλοῦτος
1702 4509 1793 4577 τῆς

1905 4516 2072 4570 tionis
2107 4515 2249 4583 ejus,
2282 4522 2334 4569 et
2365 4530 2486 4583 quae
2515 4514 2721 4569 divitia;
2750 4515 2935 4585 gloria:
2984 4515 3317 4570 litereditatis
3350 4514 3470 4583 ejus

223 4602 388 4673 δόξης
422 4602 512 4670 τῆς
540 4600 904 4671 κληρονομίας
949 4599 1115 4654 αὑτοῦ
1146 4601 1204 4651 ὲν
1230 4602 1341 4661 τοῖς
1371 4600 1566 4667 ἁγίοις,
1613 4602 1707 4652 καὶ
1751 4602 1801 4653 τί

223 4663 663 4764 τὸνῦπερδάλλον-
683 4663 910 4763 μέγεθος
932 4693 1031 4762 τῆς
1055 4692 1335 4761 δυνάμεως
1365 4663 1529 4743 αύτοῦ
1556 4663 1634 4753 εἰς
1656 4693 1801 4762 ἡμᾶς
1834 4663 1877 4717 D

226 4785 360 4843 τοὺς
390 4781 761 4846 πιστεύοντας,
808 4781 950 4835 κατά
977 4783 1076 4852 τὴν
1103 4783 1382 4852 ἐνέργειαν
1408 4782 1475 4853 ἣν
1504 4784 1804 4853 ἐνήργηκεν

226 4876 287 4929 ὲν
310 4873 393 4943 τῷ
413 4875 655 4944 Χριστῷ,
679 4875 897 4945 ἐγείρας
927 4874 1087 4927 αὐτὸν
1112 4877 1176 4928 ἐκ
1197 4876 1426 4946 νεκρῶν,
1456 4877 1549 4929 καὶ
1577 4877 1806 4939 καθίσας

228 4967 289 5018 ὲν
327 4965 479 5036 δεξιᾷ
512 4966 675 5019 αὑτοῦ
703 4968 761 5019 ἐν
788 4969 902 5029 τοῖς
928 4967 1292 5037 ἐπουρανίοις,
1343 4968 1597 5037 ὑπεράνω
1625 4967 1805 5037 πάσης

240 5058 465 5128 Ἄρκης,
516 5059 609 5111 καὶ
650 5059 949 5124 Ἐξουσίας,
997 5061 1089 5112 καὶ
1116 5061 1425 5128 Δυνάμεως,
1474 5061 1567 5113 καὶ
1606 5061 1805 5132 Κυριό-

224 5166 415 5218 τητος,
461 5150 554 5202 καὶ
579 5151 780 5214 παντὸς
814 5150 1076 5219 ὀνόματος
1102 5152 1520 5222 ὀνομαζομένου,
1550 5153 1611 5205 οὐ
1647 5152 1805 5222 μόνον

226 5240 289 5290 ὲν
315 5237 396 5308 τῷ
436 5239 592 5291 αἰῶνι
619 5240 813 5308 τούτῳ,
848 5240 983 5293 ἀλλά
1025 5242 1120 5295 καὶ
1150 5242 1208 5293 ὲν
1235 5242 1312 5312 τῷ
1343 5242 1606 5311 μέλλοντι.
1640 5261 1658 5293 ι
1717 5244 1806 5295 Ἐν

224 5328 340 5400 γὰρ
366 5331 432 5398 τῇ
462 5329 570 5382 τῶν
596 5330 850 5384 τοιούτων
879 5332 1217 5400 ἀποκαλύψει
1248 5333 1334 5385 διὰ
1366 5331 1459 5385 τοῦ
1492 5334 1807 5403 Πνεύματος

225 5423 289 5473 ὲν
336 5422 473 5488 ἡμῖν
520 5422 848 5491 ἀπορῤήτως
874 5422 1260 5492 ἐνεργουμένη,
1304 5424 1403 5491 τῆς
1439 5422 1575 5491 μετά
1608 5423 1806 5492 σαρκὸς

226 5513 548 5580 οἰκονομίας
575 5512 641 5564 τὸ
667 5513 827 5582 βάθος
848 5514 940 5566 καὶ
966 5511 1058 5566 τοῦ
1085 5514 1468 5583 κεκρυμμένου
1505 5515 1802 5585 μυστηρίου

224 5607 329 5677 τὴν
378 5606 608 5676 δύναμιν
660 5606 989 5677 θεωροῦμεν.
1042 5608 1182 5659 ηὌτι
1229 5606 1285 5658 δὲ
1337 5607 1436 5677 τὴν
1497 5607 1659 5660 αὑτοῦ
1710 5608 1802 5661 τοῦ

298 5743 344 5774 δ’
387 5742 405 5795 l
448 5743 598 5800 Petr.
637 5759 690 5808 I,
738 5744 824 5798 Il.
902 5742 946 5774 δ’
986 5740 1162 5798 ICor.
1218 5759 1302 5809 ιι,
1346 5744 1433 5796 Η.

1908 4608 1961 4660 in
2003 4607 2233 4669 sanctis,
2284 4614 2337 4661 et
2385 4622 2505 4676 qua:
2562 4609 2633 4661 sit
2680 4607 3101 4677 supereminens
3150 4606 3470 4676 magnitudo

1907 4697 2124 4750 virtutis
2159 4697 2279 4766 ejus
2318 4697 2371 4750 in
2402 4711 2504 4752 nos
2535 4699 2625 4765 qui
2660 4699 2958 4758 credimus,
3001 4695 3305 4750 secundum
3342 4709 3469 4763 ope-

1902 4792 2173 4845 rationem
2206 4791 2464 4860 potentiae
2485 4791 2711 4845 virtutis
2740 4791 2883 4857 ejus,
2906 4802 3066 4857 quam
3103 4797 3362 4856 operatus
3385 4796 3469 4841 est

1904 4883 1958 4935 in
1994 4881 2241 4945 Christo,
2273 4882 2552 4936 suscitans
2607 4882 2757 4935 illum
2808 4895 2838 4933 a
2874 4879 3128 4941 mortuis,
3164 4886 3217 4932 et
3257 4878 3469 4932 con5ti~

1904 4981 2065 5028 tuens
2117 4973 2183 5026 ad
2248 4973 2525 5028 dexteram
2581 4987 2735 5027 suam
2792 4972 2847 5024 in
2910 4970 3258 5034 cmlcstibus,
3306 4986 3469 5040 supra

1908 5078 2124 5119 omnem
2160 5062 2563 5133 Principatum,
2590 5071 2643 5118 et
2691 5060 3050 5125 Potestatcm,
3080 5069 3135 5115 et
3178 5059 3467 5124 Virtutem,

1905 5162 1958 5208 et
1988 5153 2451 5217 Dominationem,
2481 5162 2536 5208 et
2585 5167 2747 5206 omne
2778 5166 2975 5205 nomen
3030 5152 3175 5220 quod
3222 5153 3474 5206 nomina-

1905 5251 2015 5308 tur,
2044 5259 2154 5297 non
2188 5244 2362 5299 solum
2416 5244 2473 5297 in
2520 5242 2624 5297 hoc
2683 5242 2908 5305 saeculo,
2935 5242 3032 5298 sed
3067 5244 3231 5297 etiam
3283 5244 3339 5297 in
3389 5243 3475 5297 fu-

1903 5342 2030 5387 turo
2052 5334 2118 5389 ⁸³.
2162 5354 2180 5386 ι
2212 5336 2273 5388 ιιι
2312 5336 2544 5390 istorum
2591 5335 2792 5390 etenim
2840 5335 3179 5390 revelatione
3217 5350 3337 5404 qua:
3378 5352 3473 5404 per

1905 5426 2171 5496 Spiritum
2204 5429 2261 5481 in
2308 5428 2468 5483 nobis
2498 5428 2799 5498 perﬁcitur,
2838 5429 3235 5484 incarnationis
3286 5429 3472 5482 altitu-

1910 5518 2092 5571 dinem
2122 5528 2176 5573 et
2205 5519 2511 5573 absconditi
2541 5521 2788 5591 mysterii
2818 5522 2925 5575 vim
2961 5532 3291 5591 spectamus.
3318 5518 3475 5586 Quod

1912 5618 2094 5663 autem
2134 5608 2308 5680 ipsius
2341 5610 2549 5667 Christi
2586 5613 2932 5682 prmsentiam
2968 5622 3023 5668 et
3066 5615 3327 5675 virtutem
3377 5612 3476 5665 im~

1514 5743 1559 5774 ⁸³
1597 5742 1796 5815 Ephes.
1841 5761 1889 5813 ι,
1927 5748 2119 5804 Iis-2!.

298 5899 380 5969 (Ι)
422 5897 547 5963 Ed.,
579 5896 763 5962 αὑτοῦ,
789 5898 924 5966 ejus,
959 5899 1103 5968 quod
1130 5896 1283 5952 ﬂuxit
1307 5912 1371 5951 ex
1404 5897 1811 5954 abbreviatione
1847 5900 2175 5972 descriptori
2210 5903 2349 5958 male
2381 5906 2675 5961 intellecta.
2722 5905 2876 5962 Enn.
