4096 6484
655 471 763 527 503
1675 463 1736 516 S.
1775 453 2053 514 CY'BILLI
2090 447 2557 510 ALEXANDRINI
2597 445 2920 504 ARCHIEP.
3799 446 3883 502 δίη

659 593 804 663 pleat
836 587 1078 660 Spiritus
1107 586 1251 658 ejus,
1279 587 1336 640 in
1371 582 1587 640 sanctis
1615 579 1956 645 inhabitans,
1997 588 2050 633 et
2092 592 2232 631 cun-
2261 597 2276 640 Α

2266 580 2310 640 Α
2341 569 2574 644 Χριστοῦ
2627 568 2936 640 παρουσίαν
2981 582 3042 618 τε
3091 563 3185 617 καὶ
3237 563 3465 632 δύναμιν
3515 562 3808 632 ἀναπληροῖ
3837 568 3883 619 τὸ

660 695 746 739 cta
801 683 994 738 doceat
1041 654 1387 750 quaecunque
1436 673 1667 746 ipse-ad
1707 689 1812 730 nos
1861 673 2081 728 loeutus
2127 677 2232 733 est,

2339 666 2564 736 Πνεῦμα
2611 662 2796 725 αὑτοῦ,
2841 662 2956 722 τοῖς
2989 657 3166 726 ἁγίοις
3198 654 3459 722 ἐνοικοῦν,
3493 654 3594 707 καὶ
3626 655 3792 707 πάντα
3826 656 3885 708 δι-

659 772 866 826 Paulus
906 773 1022 841 ipse
1053 769 1226 825 nihilo
1251 768 1435 841 secius
1461 766 1624 820 nobis
1661 763 1986 834 explicabit,
2009 761 2197 815 dicens
2221 777 2234 811 :

2339 760 2530 814 δάσκει
2561 755 2707 826 ἅπερ
2732 751 2893 813 αὐτὸς
2925 750 3191 818 λελάληκε
3230 746 3366 819 πρὸς
3395 747 3567 816 ἡμᾶς,
3601 743 3758 796 πάλιν
3784 747 3887 815 ἡμῖν

669 886 685 916 ι
730 863 904 933 Hujus
936 863 1014 919 rei
1038 862 1218 933 gratia
1247 840 1407 915 ﬂecto
1446 873 1622 929 genua
1648 871 1769 911 mea
1801 854 1867 910 ad
1900 854 2142 915 Patrem,
2171 867 2238 906 ex

2341 850 2492 903 οὐδὲν
2510 844 2670 920 ἦττον
2697 847 2726 898 ὁ
2754 842 2965 904 Παῦλος
2989 841 3240 910 σαφηνιεῖ
3260 839 3434 906 λέγων
3458 851 3477 869 ο
3513 835 3746 888 «Τούτου
3757 836 3889 906 ,χάριν

663 971 774 1026 quo
801 955 985 1010 omnis
1015 953 1319 1024 paternitas
1351 951 1406 1006 in
1440 951 1598 1006 ccelis
1630 957 1685 1004 et
1713 949 1766 1002 in
1799 956 1949 1003 terra
1981 946 2234 1000 nomina-

2345 919 2583 1010 κάμπτω
2610 937 2678 990 τὰ
2707 933 2911 1005 γόνατά
2943 948 3045 1003 μου
3071 932 3204 1001 πρὸς
3226 930 3318 983 τὸν
3340 928 3583 999 Πατέρα,
3610 925 3670 992 ἐξ
3690 919 3748 979 οῦ
3775 929 3888 980 πᾶσα

667 1059 778 1112 tur,
808 1058 863 1101 ut
902 1046 994 1100 det
1014 1045 1174 1100 vobis
1204 1044 1511 1099 secundum
1540 1041 1763 1096 divitias
1784 1040 1973 1110 gloria:
1995 1053 2109 1091 suae
2131 1037 2243 1090 vir-

2346 1029 2554 1102 πατριά
2593 1028 2648 1082 ἐν
2694 1044 2755 1080 τε
2799 1023 3013 1097 οὐρανῷ
3042 1022 3139 1076 καὶ
3184 1022 3281 1075 ἐπὶ
3308 1020 3412 1090 γῆς
3446 1018 3792 1089 ὀνομάζεται»
3826 1020 3892 1072 ἵνα

667 1146 782 1191 tute
819 1135 1172 1190 corroborari
1220 1151 1314 1204 per
1346 1133 1614 1202 Spiritum
1650 1131 1773 1200 ejus
1819 1129 1873 1182 in
1921 1127 2241 1181 interiorem

2345 1125 2456 1194 δῴη
2479 1123 2610 1193 ύμῖν
2637 1117 2778 1173 κατὰ
2818 1117 2907 1170 τὸν
2949 1114 3178 1168 πλοῦτον
3213 1114 3313 1183 τῆς
3343 1111 3503 1182 δόξης
3538 1109 3759 1180 δυνάμει
3786 1129 3885 1183 κρα-

667 1227 967 1292 hominem,
1001 1226 1286 1281 Christum
1341 1225 1592 1279 habitare
1627 1238 1723 1291 per
1757 1220 1916 1275 fidem
1959 1219 2016 1272 in
2062 1216 2244 1271 cordi-

2345 1218 2644 1286 ταιωθῆναι
2670 1213 2760 1268 διὰ
2795 1212 2890 1266 τοῦ
2920 1210 3237 1280 Πνεύματος
3268 1206 3434 1262 αὐτοῦ
3462 1209 3546 1269 εἰς
3581 1205 3674 1258 τὸν
3705 1204 3800 1257 Eam
3821 1206 3890 1258 ἄν-

667 1316 771 1370 bus
806 1317 1008 1371 vestris
1043 1334 1056 1370 :
1089 1316 1143 1370 in
1194 1315 1466 1370 charitate
1516 1312 1748 1367 radicati
1794 1320 1849 1365 et
1898 1308 2135 1371 fundati,
2186 1313 2246 1360 ut

2348 1311 2588 1381 θρωπον,
2623 1308 2949 1374 κατοικῆσαι
2973 1303 3064 1357 τὸν
3093 1301 3328 1375 Χριστὸν
3361 1300 3447 1353 διὰ
3473 1298 3580 1367 τῆς
3613 1297 3829 1361 πίστεως
3849 1301 3890 1352 ἐν

668 1410 897 1479 possitis
927 1408 1400 1478 comprehendere
1429 1421 1554 1462 cum
1584 1405 1840 1459 omnibus
1867 1403 2099 1466 sanctis,
2125 1413 2246 1469 quae

2349 1403 2464 1464 ταῖς
2499 1397 2752 1468 καρδίαις
2773 1396 2946 1466 ὑμῶν,
2973 1396 3030 1447 ἐν
3051 1394 3239 1464 ἀγάπῃ
3265 1388 3630 1462 ἐρριζωμένοι
3662 1388 3751 1440 καί
3773 1387 3890 1439 τεθε-

669 1477 741 1558 sit
791 1477 1134 1564 latitudo,iet
1181 1498 1490 1570 longitudo,
1533 1504 1587 1552 et
1626 1494 1967 1559 sublimitas,
2000 1501 2054 1546 et
2117 1505 2244 1561 pro-

2353 1488 2700 1561 μελιωμένοι,
2737 1487 2826 1540 ἵνα
2863 1485 3182 1555 ἐξισχύσητε
3215 1478 3626 1534 καταλαϐέσθαι
3663 1478 3754 1530 σὺν
3792 1477 3891 1530 πᾶσι

670 1593 901 1646 fundum
957 1610 970 1646 :
1027 1591 1174 1646 scire
1221 1592 1388 1645 etiam
1443 1587 1939 1658 supereminentem
2001 1582 2250 1637 scientiae

2350 1585 2462 1647 τοῖς
2491 1580 2686 1650 ἁγίοις,
2708 1579 2761 1633 τί
2786 1579 2848 1632 τὸ
2880 1578 3102 1641 πλάτος,
3133 1576 3228 1630 καὶ
3267 1574 3464 1643 μῆκος,
3495 1571 3594 1625 καὶ
3629 1569 3799 1639 βάθος,
3823 1573 3892 1622 καὶ

669 1685 994 1739 charitatem
1030 1683 1260 1743 Christi,
1299 1691 1359 1735 ut
1408 1679 1747 1750 impleamini
1783 1677 1837 1730 in
1875 1690 2092 1731 omnem
2129 1673 2249 1742 ple-

2353 1676 2508 1746 ὕψος,
2558 1672 2761 1742 γνῶναί
2803 1689 2864 1725 τε
2913 1671 3014 1742 τὴν
3052 1666 3501 1740 ὑπερϐάλλουσαν
3549 1662 3653 1734 τῆς
3685 1660 3892 1733 γνώσεως

671 1773 980 1829 nitudinem
1008 1772 1102 1826 Dei
1128 1771 1194 1824 “.
1238 1791 1256 1824 ι
1293 1770 1606 1825 Notandum
1638 1779 1820 1822 autem
1846 1780 2045 1821 rursus
2078 1762 2248 1832 quod,

2353 1769 2574 1840 ἀγάπην
2622 1765 2718 1821 τοῦ
2772 1767 3043 1835 Χριστοῦ,
3097 1763 3185 1816 ἵνα
3226 1756 3556 1830 πληρωθῆτε
3604 1757 3682 1818 εἰς
3723 1757 3817 1808 πᾶν
3851 1756 3893 1808 τὸ

672 1881 798 1921 cum
852 1867 1034 1920 omnia
1095 1865 1306 1920 sanctis
1349 1879 1446 1935 per
1495 1861 1768 1934 Spiritum
1824 1860 2124 1915 revelatum
2186 1853 2250 1909 iri

2355 1860 2628 1932 πλήρωμα
2647 1857 2743 1912 τοῦ
2766 1856 2924 1912 Θεοῦ.
2956 1876 2975 1908 ι
3013 1853 3355 1927 Σημειωτέον
3383 1851 3438 1905 δέ
3470 1849 3640 1902 πάλιν
3663 1849 3736 1902 ὅτι
3759 1849 3891 1903 πάντα

672 1960 842 2024 dicat,
886 1972 1232 2027 nequaquam
1285 1965 1467 2011 tamen
1503 1970 1597 2011 eos
1647 1955 1741 2008 alii
1791 1952 2006 2009 doctori
2054 1941 2289 2012 tradit,l

2282 1941 2322 1994 Π
2351 1955 2443 2009 διὰ
2489 1953 2584 2006 τοῦ
2634 1951 2953 2023 Πνεύματος
2999 1943 3562 2017 ἀποκαλυφθήσεσθαι
3606 1945 3715 2005 τοῖς
3759 1943 3893 2010 ἁγίοις

676 2049 771 2105 sed
807 2049 911 2104 sibi
945 2048 1045 2116 ipsi
1082 2064 1180 2118 per
1215 2046 1511 2117 Spiritum,
1557 2046 1650 2117 qui
1700 2061 1813 2100 non
1850 2043 2088 2115 amplius
2130 2056 2254 2096 cor-

2354 2044 2553 2110 εἰπὼν,
2609 2045 2708 2115 οὐχ
2755 2042 2928 2114 ἑτέρῳ
2981 2039 3195 2094 δίδωσιν
3249 2038 3446 2100 αὐτοὺς
3484 2033 3796 2104 διδασκάλῳ.
3839 2034 3891 2103 μὴ

678 2143 827 2212 poris
855 2141 1056 2206 oculis,
1079 2141 1175 2196 sed
1202 2137 1674 2194 intellectualibus
1713 2135 1899 2191 cordis
1929 2133 2250 2197 luminibus,

2353 2137 2511 2192 τοῦτο
2549 2136 2797 2208 νομίσῃς,
2845 2130 3024 2203 ἐαυτῷ
3063 2131 3120 2185 δέ
3165 2130 3463 2202 παρίστησι
3511 2127 3604 2180 διὰ
3635 2126 3722 2179 τοῦ
3765 2127 3892 2179 Πνεῦ-

678 2248 776 2304 pro
803 2247 870 2289 eo
902 2247 965 2288 ac
997 2231 1109 2288 Deo
1141 2229 1422 2295 convenit,
1451 2228 1852 2284 conspicabilis
1876 2236 1981 2284 est.

2359 2246 2547 2300 ματος,
2587 2227 2868 2298 σαρκικοῖς
2903 2225 3002 2294 μέν
3035 2224 3218 2276 οὐκέτι
3251 2220 3583 2291 φαινόμενος
3622 2217 3891 2289 ὀφθαλμοῖς,

2353 2322 2464 2383 τοῖς
2495 2334 2559 2385 γε
2593 2317 2698 2388 μὴν
2727 2317 2939 2386 νοητοῖς
2977 2313 3077 2384 τῆς
3107 2311 3334 2385 καρδίας
3366 2310 3587 2382 ὄμμασι
3624 2307 3894 2379 θεοπρεπῶς

2355 2409 2750 2481 θεωρούμενος.

741 2507 910 2578 839
954 2503 1097 2568 XIV,
1151 2504 1243 2559 27.
1297 2505 1495 2559 Pacem
1549 2503 1789 2574 relinquo
1846 2502 2028 2570 vobis,
2073 2520 2252 2573 pacem

2429 2499 2697 2570 Εἰρήνην
2716 2499 2927 2569 ἀφίημι
2954 2497 3115 2567 ὑμῖν,
3138 2496 3388 2567 εἰρήνην
3414 2495 3538 2563 τὴν
3557 2495 3706 2564 ἐμὴν
3731 2494 3891 2563 δίδωμι

674 2615 845 2652 meam
893 2597 958 2650 do
989 2596 1132 2650 vobis
1166 2611 1310 2650 :non
1347 2597 1608 2667 quomodo
1644 2595 1871 2650 mundus
1905 2595 2020 2661 dat,
2058 2613 2151 2665 ego
2186 2595 2253 2650 do

2356 2593 2500 2664 ὑμῖν
2522 2609 2538 2625 ·
2587 2594 2660 2646 οὺ
2692 2591 2888 2657 καθὼς
2938 2593 2970 2645 ό
3003 2591 3235 2660 κόσμος
3289 2587 3567 2654 δίδωσιν,
3598 2586 3708 2655 ἐγὼ
3733 2585 3893 2655 δίδωμι

673 2683 870 2743 vobis:
900 2704 1002 2742 non
1037 2686 1279 2741 turbetur
1308 2703 1399 2741 cor
1423 2697 1673 2752 vestrum,
1707 2703 1869 2757 neque
1908 2686 2178 2755 formidet.

2354 2683 2498 2752 ὑμῖν
2526 2700 2538 2711 ·
2603 2683 2689 2753 μὴ
2749 2680 3145 2752 ταρασσέσθω
3191 2682 3360 2751 ὑμῶν
3405 2681 3445 2750 ἡ
3508 2679 3745 2748 καρδία,
3777 2678 3892 2748 μηδὲ

2355 2775 2651 2830 δειλιάτω.

746 2863 844 2918 Sui
873 2861 928 2916 in
957 2861 1130 2916 eoelos
1156 2875 1423 2916 ascensus
1453 2862 1720 2917 memoria
1751 2861 1963 2919 sanctis
1991 2861 2252 2932 apostolis

2430 2867 2525 2932 Εἰς
2573 2867 2878 2938 ἀνάμνησιν
2922 2866 3161 2934 ἐνεγκὼν
3217 2866 3342 2929 τοὺς
3387 2864 3586 2933 ἁγίους
3617 2861 3892 2925 ἀποστόλους

674 2960 965 3016 renovata,
997 2953 1309 3023 injectaque
1341 2954 1659 3025 suspicione
1694 2955 1814 3010 fore
1853 2964 1913 3009 ut
1952 2955 2057 3010 soli
2089 2955 2254 3009 relin-

2356 2959 2455 3028 τῆς
2484 2960 2564 3023 εἰς
2597 2959 2858 3030 οὐρανοὺς
2887 2958 3227 3022 ἀναϐάσεως,
3258 2958 3352 3010 καὶ
3379 2957 3464 3010 ὅτι
3499 2955 3893 3027 περιλειφθὴσον-

675 3058 998 3120 querentur,
1028 3061 1095 3100 ex
1124 3060 1189 3100 eo
1215 3045 1363 3116 quod
1392 3046 1607 3100 dixerat
1632 3061 1646 3100 :
1678 3065 1695 3098 ι
1730 3049 1858 3101 Haec
1886 3046 2107 3101 locutus
2133 3062 2254 3101 sum

2357 3068 2446 3104 ται
2475 3051 2618 3104 κατὰ
2641 3049 2798 3104 τοῦτο
2843 3051 2992 3121 μόνοι
3036 3049 3462 3118 παρασκευάσας
3494 3049 3687 3101 ἐννοεῖν
3716 3047 3791 3100 διὰ
3825 3045 3890 3096 τοῦ

679 3140 833 3195 vobis
858 3137 1000 3209 apud
1020 3152 1121 3191 vos
1145 3152 1398 3199 manens,
1428 3157 1445 3189 ο
1469 3137 1617 3192 illico
1635 3137 2045 3204 animadvertit,
2063 3145 2254 3207 utpote

2361 3144 2547 3214 φῆναι,
2578 3161 2596 3193 ί
2625 3141 2810 3196 Ταῦτα
2852 3141 3124 3211 λελάληκα
3172 3141 3299 3211 ὑμῖν
3351 3141 3486 3210 παρ’
3519 3140 3646 3209 ὑμῖν
3684 3139 3848 3208 μένων,
3877 3157 3887 3185 ι

675 3233 771 3304 qui
803 3228 1107 3286 secundum
1140 3238 1392 3282 naturam
1418 3227 1564 3283 Deus
1585 3237 1725 3294 erat,
1755 3243 2068 3284 sermonem
2098 3229 2253 3282 illum
2287 3295 2292 3307 Α

2287 3287 2325 3307 η
2363 3236 2609 3307 συνίησιν
2640 3232 2700 3289 εὖ
2733 3236 2875 3306 μάλα
2900 3234 3137 3306 γοργῶς,
3171 3234 3264 3288 άτε
3294 3233 3359 3305 δὴ
3395 3232 3494 3287 καὶ
3525 3231 3770 3302 ὑπάρχων
3789 3229 3892 3281 κατὰ

676 3340 788 3380 non
824 3323 1084 3378 mediocri
1116 3320 1289 3376 fuisse
1325 3321 1396 3375 iis
1434 3321 1656 3386 terrori,
1690 3336 1868 3391 eoque
1904 3295 2293 3377 vehementer‘

2912 3287 3027 3306 μ..
3347 3287 3359 3305 .
3641 3287 3704 3302 ,η

2284 3287 2327 3345 C
2363 3326 2525 3396 φύσιν
2579 3325 2731 3394 Θεὸς,
2782 3327 2858 3390 ὼς
2899 3327 2960 3379 ού
3009 3326 3236 3398 μετρίαν
3283 3325 3469 3388 αὐτοῖς
3531 3323 3782 3378 ἐντέθεικε
3823 3321 3892 3390 τὴν

674 3431 799 3471 esse
829 3413 1106 3478 turbatos,
1137 3420 1193 3468 et
1227 3410 1497 3481 cujusque
1525 3412 1771 3466 animqu
1801 3415 2072 3482 gravitate
2099 3413 2258 3469 dolo-

2363 3420 2557 3472 πτοίαν
2595 3419 2624 3472 ὁ
2652 3418 2830 3486 λόγος,
2860 3417 3196 3489 τεθορύϐηκε
3237 3417 3293 3471 δέ
3321 3417 3538 3483 δεινῶς,
3566 3417 3656 3469 καὶ
3683 3415 3750 3484 τῷ
3775 3414 3890 3484 βάρει

675 3511 755 3564 ris
800 3520 1050 3578 pressum
1089 3520 1154 3560 ac
1193 3504 1488 3574 deiectum.
1521 3502 1661 3568 Quid
1718 3505 1866 3559 enim
1906 3516 1993 3560 est
2036 3506 2130 3560 illo
2159 3507 2258 3561 do-

2362 3511 2462 3582 τῆς
2503 3509 2682 3581 λύπης
2731 3515 3139 3580 καταφορτίσας
3193 3511 3284 3563 τὸν
3329 3509 3568 3563 ἑκάστου
3610 3507 3890 3561 κατεθόλωσε

675 3601 796 3656 lore
825 3599 1074 3672 gravius,
1104 3606 1199 3650 aut
1237 3595 1370 3666 quid
1410 3602 1624 3649 tantum
1676 3597 1960 3654 interioris
2002 3601 2259 3654 iuuat-oris

2363 3604 2506 3658 νοῦν.
2534 3604 2599 3657 Τί
2621 3603 2730 3675 γὰρ
2754 3603 2820 3657 ἂν
2841 3603 3052 3672 γένοιτο
3073 3603 3172 3673 τῆς
3194 3603 3372 3674 λύπης
3399 3600 3462 3655 τὸ
3489 3600 3889 3671 δυσαχθέστερσνς

677 3693 881 3748 inferre
926 3697 1130 3762 potest,
1157 3703 1325 3760 quam
1375 3687 1805 3757 jucundissimis
1835 3692 2001 3745 rebus
2046 3691 2255 3756 orbari,

2363 3697 2414 3751 τί
2443 3697 2498 3750 δέ
2525 3695 2668 3749 οὔτω
2700 3696 2978 3766 φορτικὸν,
3010 3695 3085 3759 ὼς
3124 3695 3233 3749 τῶν
3264 3695 3498 3765 ἡδίστων
3531 3697 3564 3766 ἡ
3599 3693 3890 3764 παραίρεσις,

678 3800 982 3854 eorumque
1016 3798 1139 3853 qua:
1174 3779 1328 3835 cordi
1367 3780 1606 3833 maxime
1649 3781 1750 3836 tibi
1781 3782 1894 3837 sint
1918 3783 2258 3853 inopinatam

2365 3787 2458 3840 καί⁴
2500 3787 2559 3839 τὸ
2599 3786 2706 3839 τῶν
2741 3786 2820 3838 έτι
2868 3786 3104 3857 μάλιστα
3139 3785 3470 3855 φιλαιτάτων
3521 3785 3764 3855 ἀδόκητον
3791 3783 3889 3835 ὐπο-

679 3877 822 3932 lerre
874 3873 1186 3944 jacturam?
1227 3871 1522 3942 Componit
1573 3873 1744 3944 igitur
1797 3888 1893 3928 eos
1953 3873 2145 3929 dolore
2199 3889 2262 3930 ac

2367 3878 2548 3950 μένειν
2587 3877 2790 3948 ζημίαν
2819 3894 2834 3942 ;
2895 3875 3200 3947 Καθίστησι
3240 3875 3418 3929 τοίνυν
3446 3876 3648 3940 αὐτοὺς
3678 3875 3801 3948 λύπη
3825 3874 3891 3926 καὶ

680 3976 828 4023 metu
859 3968 1138 4021 turbatos.
1167 3965 1347 4020 Causa
1378 3963 1523 4019 enim
1572 3972 1627 4020 et
1654 3964 1810 4019 radix
1845 3966 2081 4032 doloris,
2113 3968 2259 4038 quod

2365 3969 2515 4040 φόϐῳ
2558 3968 3022 4041 τεταραγμένους.
3068 3968 3349 4039 Πρόφασις
3381 3968 3482 4039 μὲν
3523 3968 3629 4040 γὰρ
3667 3967 3750 4022 καὶ
3800 3967 3889 4037 ῥίζα

679 4061 1035 4116 discessurus
1077 4066 1225 4114 esset
1259 4057 1328 4112 ab
1355 4056 1425 4111 iis
1467 4063 1522 4112 et
1551 4056 1618 4111 ad
1652 4056 1869 4112 Patrem
1907 4074 2258 4125 reversurus,

2364 4061 2563 4131 λύπης,
2619 4061 2680 4114 τὸ
2713 4061 2930 4132 μέλλειν
2973 4059 3154 4114 αὐτῶν
3185 4062 3513 4132 ἀποφοιτᾷν,
3559 4061 3650 4116 καὶ
3683 4057 3890 4127 ἀνακομί-

675 4148 994 4219 justissima
1040 4145 1448 4217 quodammodo
1477 4155 1615 4210 erat,
1639 4161 1741 4202 nec
1772 4148 1872 4204 abs
1919 4164 1980 4204 re
2011 4151 2262 4220 suspica-

2365 4151 2554 4217 ζεσθαι
2585 4151 2721 4222 πρὸς
2742 4149 2833 4203 τὸν
2857 4147 3097 4220 Πατέρα,
3125 4149 3440 4219 δικαιοτάτη
3464 4165 3586 4212 πως
3607 4144 3690 4218 ἦν,
3712 4146 3891 4199 ἐποιεῖτο

678 4244 880 4296 bantur
912 4240 1017 4294 sibi
1055 4239 1248 4294 ultima
1285 4254 1518 4310 quaeque
1550 4248 1762 4311 parata,
1795 4241 1841 4296 si
1879 4257 2113 4313 corpore
2147 4259 2260 4298 non

2363 4246 2420 4299 δέ
2455 4243 2670 4316 μητέρα
2714 4243 2812 4314 τὴν
2862 4241 3099 4311 ὑποψίαν
3139 4241 3234 4296 τοῦ
3269 4241 3448 4296 πάντα
3489 4240 3786 4301 πείσεσθαι,
3825 4237 3889 4288 καὶ

680 4331 897 4386 adesset
936 4330 1174 4400 amplius
1218 4330 1266 4386 is
1298 4331 1394 4400 qui
1444 4347 1667 4387 servare
1704 4340 1940 4402 poterat.
1975 4334 2262 4402 Quomodo

2365 4337 2486 4391 λίαν
2511 4335 2762 4406 ἑτοίμως,
2793 4334 2854 4388 οὑ
2898 4333 3282 4405 συμπαρόντος
3316 4333 3419 4399 ἐτι,
3452 4333 3596 4388 κατά
3627 4349 3686 4401 γε
3709 4330 3794 4402 τὴν
3816 4330 3887 4398 ἐμ-

679 4430 862 4477 aulem
897 4436 1090 4476 eorum
1120 4431 1328 4477 metum
1366 4422 1542 4488 sedat,
1572 4432 1668 4478 aut
1712 4442 1820 4496 quo
1859 4435 2020 4496 pacto
2050 4439 2261 4486 mentes

2366 4428 2509 4497 φανῆ
2560 4427 2654 4480 τοῦ
2700 4425 2952 4496 σώματος
2995 4424 3139 4494 ὄψιν,
3177 4424 3272 4477 τοῦ
3311 4423 3600 4488 διασώζειν
3647 4421 3884 4492 ἰσχύοντος.

677 4525 872 4566 eorum
916 4510 986 4564 ad
1015 4510 1255 4566 divinam
1302 4515 1761 4584 tranquillitatem
1807 4516 2054 4573 reducit?
2098 4539 2116 4570 ‹
2158 4519 2263 4574 Pa-

2367 4520 2491 4582 Πῶς
2522 4518 2577 4571 δὲ
2611 4517 2954 4588 καθίστησιν,
2993 4516 3026 4588 ἢ
3071 4516 3191 4570 τίνα
3215 4515 3416 4588 τρόπον
3442 4517 3630 4580 αὐτοῖς
3659 4516 3716 4568 τὸ
3743 4517 3796 4567 ὲκ
3818 4513 3887 4580 τῆς

679 4617 821 4666 cem,
853 4601 1054 4672 inquit,
1082 4617 1261 4657 meam
1311 4604 1382 4659 do
1421 4605 1598 4671 vobis,
1638 4616 1692 4661 et
1725 4623 1916 4677 pacem
1951 4626 2128 4665 meam
2170 4627 2257 4666 re-
2294 4629 2296 4681 j

2294 4627 2338 4683 Ι)
2366 4611 2627 4682 εὐθυμίας
2659 4610 2885 4682 φαιδρὸν
2913 4607 3289 4673 εἰσοικίζεται,
3329 4609 3424 4664 καὶ
3454 4610 3593 4683 πρὸς
3617 4609 3754 4662 θείαν
3773 4601 3887 4665 αὖθις

678 4694 869 4763 linquo
909 4695 1089 4748 vobis.
1129 4713 1146 4745 ι
1192 4693 1314 4748 Dixi
1349 4698 1645 4764 multoties,
1683 4699 1882 4770 inquit,
1910 4717 1996 4756 me
2022 4718 2122 4757 vos
2150 4719 2258 4758 non

2365 4703 2606 4774 γαλήνην
2635 4704 2663 4755 ό
2693 4701 2818 4765 νοῦς
2844 4700 3264 4767 κατευνάζεται;
3307 4720 3325 4751 ι
3348 4701 3574 4772 Δίδωμι,
3611 4701 3772 4769 φησιν.
3793 4697 3887 4765 ὑμῖν

679 4789 1003 4844 relicturum
1068 4787 1369 4858 orphanos,
1449 4789 1546 4844 sed
1599 4807 1777 4862 neque
1837 4809 1935 4849 vos
1998 4795 2051 4848 in
2110 4803 2258 4850 terra

2364 4795 2627 4866 εἰρήνην,
2679 4793 2774 4846 καὶ
2809 4789 3036 4861 ,ἀφίημι
3094 4791 3222 4861 ὑμῖν
3273 4791 3500 4862 εἰρήνην
3559 4790 3656 4860 τὴν
3711 4788 3881 4857 ἐμήν.»

683 4896 984 4936 mansuros
1024 4881 1359 4952 opitulatore
1393 4881 1712 4939 destitutos.
1761 4885 1944 4940 Adero
1982 4887 2123 4941 enim
2165 4905 2261 4944 vo-

2364 4885 2600 4957 Είρηκα,
2650 4883 2803 4955 φησὶ,
2861 4883 3214 4947 πλειστάκις,
3256 4883 3332 4947 ὼς
3387 4884 3489 4937 οὐκ
3549 4883 3732 4954 ἀφήσω
3779 4876 3885 4946 ὑμᾶς

682 4973 769 5028 bis
823 4987 1058 5034 rursus,
1105 4981 1180 5036 et,
1226 4970 1426 5028 absens
1478 4988 1730 5045 corpore,
1776 4981 1991 5033 animos
2045 4987 2257 5037 vestros

2363 4979 2630 5052 ὀρφανούς
2654 4995 2667 5009 ⁸
2695 4977 2809 5032 ἀλλ’
2839 4977 2959 5031 οὐδὲ
2991 4976 3144 5048 μόνοι
3168 4976 3267 5048 τὴν
3289 4977 3392 5046 γῆν
3415 4977 3663 5047 οἰκήσετε
3689 4971 3772 5026 τοῦ
3793 4970 3882 5040 βοη-

679 5062 1088 5133 tranquillitate
1138 5062 1406 5128 muniam,
1442 5071 1503 5118 ut
1550 5063 1718 5131 Deus,
1755 5082 1857 5121 nec
1902 5069 2112 5123 turbari
2160 5086 2258 5127 vos

2364 5072 2584 5136 θοῦντος
2643 5069 2841 5141 ἔρημοι
2887 5068 2982 5122 καὶ
3019 5067 3238 5138 γυμνοί.
3294 5067 3594 5138 Συνέσομαι
3630 5066 3729 5137 γὰρ
3761 5061 3883 5116 πάλιν

676 5156 880 5221 sinam,
908 5162 1001 5208 aut
1033 5155 1200 5210 animi
1243 5156 1413 5211 vestri
1460 5157 1570 5212 vim
1603 5172 1668 5212 ac
1708 5159 1876 5213 robur
1906 5176 1936 5214 a
1981 5176 2257 5234 quoquam

2363 5166 2492 5236 ὑμῖν
2513 5204 2529 5228 ,
2584 5163 2678 5218 καὶ
2710 5161 2866 5217 ἀπὼν
2895 5160 2974 5232 τῷ
3010 5159 3247 5232 σώματι,
3284 5161 3574 5232 ἀνατειχιῶ
3623 5159 3765 5214 πάλιν
3793 5154 3882 5212 ταῖς

678 5248 953 5320 superari.
985 5245 1179 5303 Omnis
1215 5249 1419 5319 quippe
1449 5258 1631 5306 metus
1661 5265 1725 5304 ac
1762 5253 2032 5312 timiditas
2065 5258 2258 5327 procul

2363 5257 2694 5328 εὐμενείαις,
2734 5255 2810 5319 ὡς
2860 5254 3014 5318 Θεὸς,
3055 5253 3167 5308 ἀνω
3196 5253 3432 5326 θήσομαι
3456 5253 3682 5326 θορύϐου
3708 5247 3880 5308 παντὸς,

678 5340 1090 5407 amandahitur,
1123 5347 1179 5395 et
1213 5338 1402 5394 divina
1443 5339 1693 5409 quaedam
1725 5342 1807 5398 vis
1835 5343 1889 5398 in
1929 5345 2088 5403 vobis
2115 5347 2260 5404 orie-

2366 5347 2648 5419 περιέσται
2696 5344 2753 5399 δὲ
2798 5345 2899 5415 τῆς
2953 5345 3226 5416 ὑμετέρας
3280 5347 3569 5418 εὐτολμίας
3598 5341 3770 5403 οὐδείς.
3795 5337 3881 5395 Πᾶς

685 5440 798 5495 tur,
828 5449 949 5504 qua:
975 5443 1167 5502 pacata
1201 5439 1390 5486 mente
1417 5440 1472 5486 et
1501 5432 1670 5488 corde
1703 5437 2024 5506 tranquillo,
2054 5455 2152 5496 vos
2192 5441 2261 5495 ad

2362 5439 2471 5510 γὰρ
2505 5439 2754 5509 ἀτονήσει
2781 5437 2966 5508 φόϐος,
2998 5438 3094 5490 καὶ
3124 5437 3293 5491 δειλία
3324 5440 3421 5509 μὲν
3452 5435 3682 5492 ἐκποδὼν
3711 5432 3881 5501 οἰχήσε-

679 5525 1072 5579 revelationem
1112 5523 1344 5577 deducet
1375 5537 1566 5577 eorum
1600 5541 1722 5595 quae
1745 5536 1980 5584 mentem
2018 5530 2261 5587 hominis

2363 5550 2474 5598 ται,
2520 5531 2639 5586 θεία
2686 5530 2744 5583 δέ
2776 5548 2860 5595 τις
2908 5531 2966 5584 ἐν
3001 5530 3131 5601 ύμῖν
3162 5531 3411 5584 ἀνατελεῖ
3445 5532 3681 5600 δύναμις,
3721 5519 3881 5594 σχολάο

680 5624 1044 5685 θιδυίίθτθιηο
1103 5613 1262 5668 ΝυΠο
1317 5622 1526 5680 amem.
1571 5636 1590 5668 ί
1640 5634 1829 5689 pacem
1886 5623 1957 5677 d0
2007 5626 2186 5689 vobis,
2240 5645 2257 5676 ι
2366 5626 2509 5689 ζοντι
2560 5622 2658 5692 νῷ,
2711 5623 2805 5676 καὶ
2855 5621 3172 5695 γαληνιὼσῃ
3203 5623 3419 5696 καρδίᾳ,
3463 5620 3742 5691 ξεναγοῦσα
3780 5610 3882 5682 πρὸς

607 5745 612 5750 ς
682 5720 792 5761 non
837 5702 1184 5772 simpliciter,
1230 5702 1323 5756 sed
1362 5722 1379 5753 ι
1417 5719 1607 5773 pacem
1667 5724 1866 5764 meam.
1907 5733 1926 5765 ›
1973 5713 2029 5766 Id
2077 5724 2221 5771 aute:

2366 5715 2707 5784 ἀποκάλυψιν
2759 5715 2866 5767 τῶν
2913 5697 3055 5785 ὑπὲρ
3117 5713 3458 5786 ἀνθρώπινον
3515 5714 3653 5770 νοῦν.
3698 5706 3794 5763 Νῦν
3837 5699 3879 5753 δὲ

754 5881 800 5913 ⁵⁸
837 5879 1037 5953 Ephes.
1076 5898 1158 5950 lli,
1201 5883 1387 5940 l5-l9.
