4096 6538
185 430 190 436 ’
201 424 308 481 505

1230 413 1297 468 IN
1334 411 1619 469 JOA‘NNIS
1640 409 2087 468 EVANGELIUM
2128 410 2254 466 LIB.
2295 409 2362 468 Χ.

3354 421 3459 478 306

203 563 220 592 ι
251 541 446 609 δίδωμι
486 536 610 606 ὑμῖν
637 536 883 607 εἰρήνην,
917 555 934 587 ι
978 535 1077 605 οὐχ
1120 534 1330 598 ἁπλῶς,
1359 533 1472 588 ἀλλ’
1510 553 1527 584 ι
1554 533 1778 604 εἰρήνην

1883 529 2023 584 nihil
2053 530 2203 584 aliud
2237 536 2322 584 est
2368 544 2556 600 quam,
2584 529 2736 586 Dabo
2767 528 3060 601 Spiritum,
3089 541 3142 589 et
3185 535 3353 592 adero
3379 541 3460 596 eis

193 632 296 702 τήν
323 631 488 699 ἐμήν.
534 646 553 678 ι
598 626 767 680 Τοῦτο
803 625 860 679 δὲ
895 621 964 697 ἦν
997 625 1240 697 ἐναργῶς
1281 625 1432 678 οὐδὲν
1471 625 1657 695 ἕτερον
1700 624 1776 674 εἰ-

205 725 341 785 πεῖν,
370 723 404 793 ἢ
435 723 514 775 ὄτι
541 719 848 792 Χορηγήσω
873 719 934 772 τὸ
965 718 1208 788 Πνεῦμα,
1244 717 1340 771 καὶ
1381 717 1675 787 συνέσομαι
1708 715 1772 768 δι’

204 814 434 885 ἐμαυτοῦ
483 815 588 876 τοῖς
633 811 939 881 δεχομένοις
989 810 1140 865 αὐτό.
1192 811 1315 866 ’Ὁτι
1360 809 1468 880 γὰρ
1511 811 1544 878 ή
1585 809 1776 879 εἰρήνη

201 905 433 973 Χριστοῦ
469 904 526 958 τὸ
557 902 784 972 Πνεῦμά
815 903 964 955 ἐστιν
1001 901 1190 968 αὐτοῦ,
1227 899 1438 972 μακροῦ
1481 899 1582 970 μὲν
1623 897 1777 970 οἶμαι

204 1001 273 1069 μὴ
302 997 508 1052 δεῖσθαι
539 996 699 1064 λόγου
753 996 888 1068 πρὸς
943 995 1316 1066 πληροφορίαν
1354 993 1447 1046 καὶ
1477 993 1774 1058 ἀπόδειξιν.

202 1091 341 1160 Πλὴν
378 1090 558 1142 ἐκεῖνο
590 1089 754 1157 φάναι
798 1088 906 1141 δεῖν
938 1085 1326 1157 ὑπολαμϐάνω.
1384 1087 1446 1139 Εἰ
1477 1085 1587 1156 γὰρ
1615 1085 1776 1150 αὑτός

201 1183 342 1233 ἐστιν
367 1182 400 1250 ή
425 1182 485 1232 ἐν
506 1182 619 1242 τοῖς
643 1180 892 1250 οὐρανοῖς
913 1179 1106 1249 εἰρήνη
1135 1178 1230 1229 καὶ
1257 1178 1351 1229 ἐπὶ
1379 1175 1480 1245 τῆς
1509 1179 1632 1246 γῆς,
1661 1175 1777 1238 πῶς

201 1272 294 1324 οὐκ
321 1271 384 1324 ἂν
418 1269 505 1340 εἴη
538 1271 724 1323 λοιπὸν
757 1269 920 1324 παντί
962 1286 1040 1338 τῳ
1072 1267 1243 1337 σαφὲς
1268 1268 1372 1329 ὅτι,
1414 1265 1663 1338 καθάπερ
1698 1267 1776 1318 εἰ-

115 1375 118 1378 ’
205 1364 468 1434 ρήκαμεν,
504 1364 537 1432 ή
573 1363 762 1432 εἰρήνη
805 1360 870 1432 δὴ
905 1361 1122 1424 πάντως
1165 1361 1282 1413 ἐστὶ
1328 1359 1390 1412 τὸ
1418 1359 1644 1428 Πνεῦμα
1680 1360 1778 1411 αὐ-

201 1453 289 1505 τοῦ
311 1469 324 1514 ;
369 1453 478 1505 Καὶ
505 1452 638 1522 γοῦν
671 1455 700 1505 ὁ
727 1453 1015 1515 θεσπέσιος
1050 1450 1266 1514 Παῦλος
1292 1451 1430 1522 πρός
1457 1467 1610 1514 τινας
1633 1449 1737 1520 ἔφη
1759 1467 1773 1481 '

208 1565 224 1595 ι
245 1545 349 1598 Καὶ
373 1547 406 1615 ή
437 1546 631 1615 εἰρήνη
661 1543 754 1597 τοῦ
787 1542 942 1608 Θεοῦ,
974 1545 1007 1613 ή
1043 1543 1386 1614 ὑπερέχουσα
1414 1544 1594 1598 πάντα
1629 1543 1776 1609 νοῦν,

203 1639 479 1709 φρουρήσῃ
512 1637 611 1700 τὰς
638 1636 866 1707 καρδίας
892 1637 921 1688 ὑ
931 1636 1048 1706 μῶν
1072 1636 1166 1689 καί
1191 1636 1258 1689 τὰ
1280 1637 1524 1707 νοήματα
1547 1636 1724 1706 ὑμῶν.
1751 1657 1768 1686 ι

203 1730 384 1784 Καίτοι
416 1727 539 1790 πῶς
573 1728 634 1781 οὐ
665 1728 872 1781 δίκαιον
902 1728 1124 1792 ἐννοεῖν,
1171 1727 1247 1791 ὡς
1287 1728 1348 1780 οὐ
1384 1728 1511 1798 περί
1543 1728 1776 1798 ταυτησί

202 1821 292 1890 τῆς
318 1821 543 1891 εἰρήνης
575 1821 673 1890 τῆς
711 1821 768 1873 ὲν
796 1820 873 1890 τῷ
905 1820 1070 1890 κοινῷ
1094 1821 1392 1891 νοουμένης
1414 1820 1558 1892 λόγῳ
1590 1838 1649 1873 τε
1683 1821 1775 1874 καί

203 1911 478 1982 πράγματι
525 1911 592 1964 τὰ
623 1911 847 1965 τοιαῦτά
890 1930 1083 1982 φησιν;
1139 1913 1204 1965 Ἦ
1241 1913 1340 1983 μὲν
1364 1912 1472 1982 γὰρ
1503 1912 1774 1983 ὀφιλόμα-

204 2021 288 2071 χος
320 2004 410 2056 καὶ
444 2004 848 2077 ἀφιλοπόλεμος
892 2005 1024 2070 ἕξις,
1074 2006 1199 2058 ὅσον
1231 2007 1289 2058 ὲν
1324 2006 1555 2068 οἰκείαις
1584 2008 1777 2076 ῥοπαῖς

204 2094 289 2144 καί
333 2093 388 2144 ἐν
439 2091 663 2162 θελήσει
713 2096 777 2163 τῇ
826 2094 948 2146 καθ’
1001 2095 1202 2166 ἑαυτήν
1247 2095 1470 2166 εἰρήνην
1523 2094 1634 2164 ἔχει
1684 2096 1777 2148 καὶ

205 2185 504 2253 ἐργάζεται.
565 2186 674 2238 Καὶ
729 2188 828 2239 οὑκ
887 2187 1248 2241 ὲνυπὸστατόν
1288 2207 1340 2241 τι
1382 2189 1476 2242 καὶ
1534 2190 1778 2259 ὑπάρχον

208 2277 338 2341 ἰδίως
383 2277 692 2347 οἰησόμεθά
726 2295 853 2331 ποτε
902 2279 1000 2348 τὴν
1031 2278 1172 2331 οὕτω
1202 2279 1498 2350 νοουμένην
1531 2281 1775 2350 εἰρήνην,

205 2369 306 2423 ἀλλ’
337 2371 393 2421 ὲν
439 2369 558 2433 ἔξει
605 2373 670 2438 τῇ
706 2369 815 2421 τῶν
863 2369 1203 2435 ἀγαπώντων
1246 2369 1414 2439 αὐτὴν
1460 2369 1778 2439 συμϐαίνειν

205 2463 590 2534 ὐπονοήσομεν.
626 2463 748 2526 Πῶς
774 2457 868 2516 οὗν
896 2463 1003 2533 ἄρα
1031 2464 1222 2532 νοήσαι
1245 2479 1329 2526 τις
1355 2462 1420 2516 ἂν
1453 2463 1627 2516 πάντα
1653 2462 1778 2516 νοῦν

206 2555 474 2625 ὑπερέχειν
531 2556 630 2625 τὴν
676 2556 934 2627 τοιαύτην
979 2558 1237 2627 εἰρήνην;
1294 2556 1367 2608 Τὸ
1411 2555 1521 2627 γὰρ
1553 2556 1776 2626 μηδαμῆ

210 2646 455 2717 μηδαμῶς
521 2648 582 2701 ὃν
639 2649 759 2702 κατ’
811 2649 949 2702 ἰδίαν
1015 2648 1281 2718 ὓπαρξιν,
1331 2648 1446 2712 πῶς
1489 2647 1554 2701 ἂν
1605 2650 1778 2702 νοοῖτο

207 2740 432 2806 κρεῖττόν
469 2757 537 2792 τε
571 2740 663 2792 καὶ
698 2739 917 2810 ἄμεινον
963 2739 1264 2810 ἀνθρώπων
1308 2739 1491 2809 τυχὸν,
1541 2740 1573 2810 ἦ
1609 2739 1778 2807 ἀγγέ-

207 2830 322 2893 λων,
353 2832 384 2902 ῆ
416 2832 535 2884 τῶν
565 2831 645 2885 ἔτι
675 2832 933 2903 προσάνω
961 2833 1268 2904 νοουμένων
1293 2849 1307 2897 ;
1346 2831 1488 2885 Νοῦν
1509 2831 1616 2902 γάρ
1641 2828 1778 2886 εἶναι

206 2925 291 2978 καὶ
337 2926 511 2980 ταῦτά
567 2943 767 2996 φαμεν.
818 2925 1029 2978 Οὐκοῦν
1057 2929 1090 2995 ή
1139 2927 1278 2998 ὑπὲρ
1321 2925 1539 2996 Ἀρχὰς,
1573 2927 1606 2996 ἡ
1639 2925 1779 2995 ὑπὲρ

214 3015 505 3082 Ἐξουσίας,
545 3018 577 3087 ή
617 3017 757 3088 ὑπὲρ
785 3018 1023 3088 Θρόνους
1052 3018 1084 3088 ἢ
1119 3019 1484 3090 Κυριότητας,
1517 3019 1611 3071 καὶ
1639 3017 1778 3088 ὑπὲρ

206 3109 366 3162 πάντα
399 3108 532 3162 νοῦν
562 3110 776 3180 εἰρήνη,
807 3109 868 3162 τὸ
905 3109 1129 3179 Πνεῦμα
1165 3108 1402 3181 Χριστοῦ
1437 3110 1577 3173 ἐστι,
1615 3107 1682 3160 δι’
1715 3105 1777 3160 οῦ

204 3201 264 3253 τὰ
292 3201 464 3254 πάντα
504 3200 588 3272 τῷ
613 3201 732 3272 Θεῷ
763 3202 858 3254 καὶ
890 3202 1067 3272 Πατρὶ
1096 3201 1431 3272 κατήλλαξεν
1463 3205 1490 3254 ὁ
1521 3203 1666 3268 Υἱὸς,
1701 3203 1777 3274 τῷ

206 3292 268 3346 τὰ
296 3294 484 3347 ἑαυτοῦ
524 3293 701 3346 Θέλειν
731 3294 824 3346 καὶ
856 3292 1159 3363 βούλεσθαι,
1201 3296 1342 3346 νοεῖν
1372 3311 1432 3346 τε
1477 3295 1570 3348 καὶ
1603 3295 1776 3366 πράτ-

205 3400 327 3445 τειν,
360 3385 450 3437 καὶ
487 3385 572 3456 μὴ
617 3383 850 3454 ἑτέρωσέ
883 3400 972 3437 ποι
1001 3386 1199 3454 χωρεῖν
1224 3385 1304 3448 εἰς
1338 3384 1658 3449 ἀπόστασιν,
1690 3385 1779 3438 διὰ

207 3477 295 3546 τῆς
319 3477 394 3539 εἰς
419 3475 489 3528 τὰ
545 3475 726 3543 φαῦλα
770 3475 1149 3546 παρατροπῆς.
1196 3476 1374 3528 Λυπεῖ
1420 3476 1478 3529 δὲ
1504 3476 1656 3529 οὐδὲν
1685 3477 1779 3529 καί

207 3566 446 3636 λογισμὸν
477 3567 580 3619 ἐπὶ
602 3568 779 3637 τούτῳ
799 3566 983 3620 λαϐεῖν
1009 3567 1108 3618 οὐκ
1131 3565 1410 3621 ἀσύνετον.
1439 3567 1646 3639 ’Όνπερ
1669 3569 1778 3640 γὰρ

209 3657 390 3728 τρόπον
433 3657 680 3728 ἐπείπερ
725 3657 839 3728 ζωὴ
876 3657 1018 3711 κατᾶ
1047 3657 1207 3728 φύσιν
1234 3659 1382 3712 ἐστὶν
1411 3662 1438 3712 ὁ
1471 3659 1600 3723 Υἱὸς
1621 3699 1636 3721 ,
1686 3661 1779 3713 καὶ

214 3748 357 3815 σοφία
401 3751 494 3802 καί
532 3747 761 3818 δύναμις
802 3747 1049 3799 καλεῖται
1084 3747 1138 3799 δὲ
1171 3748 1264 3800 καὶ
1297 3746 1414 3799 ἔστι
1463 3749 1524 3800 τὸ
1556 3748 1780 3819 Πνεῦμα

213 3839 380 3907 αὐτοῦ,
403 3840 636 3910 Πνεῦμά
662 3843 778 3893 ἐστι
801 3838 964 3910 ζωῆς,
993 3840 1085 3892 καί
1110 3841 1320 3909 σοφίας,
1347 3840 1440 3892 καὶ
1466 3840 1744 3911 δυνάμεως
1763 3859 1776 3873 σ

213 3927 366 3991 οὕτως
410 3928 654 3998 ἐπείπερ
697 3929 845 3982 ἐστὶν
879 3928 1043 3991 αὐτός
1085 3947 1146 3982 τε
1201 3929 1296 3983 καὶ
1348 3931 1447 4001 οὐχ
1497 3930 1702 4004 ἕτερος,
1745 3935 1777 4002 ἡ

213 4018 409 4088 ἀληθῶς
429 4038 488 4074 τε
526 4021 621 4073 καὶ
651 4019 859 4091 κυρίως
879 4020 1093 4091 εἰρήνη,
1127 4020 1324 4090 λέγοιτ’
1346 4021 1412 4075 ἂν
1439 4023 1664 4086 εἰκότως
1687 4025 1782 4077 καί

214 4114 369 4164 νοοῖτο
416 4113 591 4167 πάλιν
630 4111 751 4165 κατ’
783 4110 944 4164 αὐτὸν
993 4113 1186 4182 εἰρήνη
1236 4113 1298 4165 τὸ
1334 4114 1558 4184 Πνεῦμα
1588 4115 1775 4172 αὐτοῦ.

215 4205 302 4259 Διά
318 4222 396 4259 τοι
421 4205 588 4259 τοῦτο
615 4204 711 4258 καὶ
742 4204 925 4268 ίδικῶς
949 4201 1167 4269 ἀναθεὶς
1183 4209 1251 4278 τῇ
1272 4207 1466 4260 ἑαυτοῦ
1495 4207 1654 4277 φύσει
1683 4208 1781 4279 τὴν

219 4297 338 4352 ἰδίαν
386 4300 634 4369 εἰρήνην,
690 4295 838 4350 τοῦτ’
869 4295 984 4349 ἐστι
1032 4297 1092 4350 τὸ
1143 4297 1406 4369 Πνεῦμα,
1459 4299 1606 4368 λέγει
1654 4304 1782 4372 περί

216 4389 363 4442 αὐτοῦ
389 4406 402 4420 ’
458 4409 476 4441 ι
514 4390 753 4460 Εἰρήνην
782 4389 881 4458 τήν
914 4388 1052 4460 ὲμὴν
1083 4390 1286 4460 ἀφίημι
1320 4391 1469 4461 ὑμῖν.
1504 4411 1521 4442 ι
1573 4393 1692 4446 Ὅτι
1727 4395 1784 4447 δὲ

219 4480 300 4532 καί
328 4481 470 4550 παρὰ
501 4481 617 4543 τοῖς
649 4479 822 4547 ἁγίοις
854 4480 1160 4551 προφήταις
1189 4478 1334 4532 οὕτω
1364 4483 1781 4552 κατωνόμασται

1878 623 1971 693 qui
2000 639 2096 692 per
2124 625 2394 694 meipsum
2439 625 2592 678 illum
2625 627 2993 696 susceperint.
3023 627 3222 685 Pacem
3257 633 3460 704 quippe

1877 713 2089 769 Christi
2121 714 2388 785 Spiritum
2419 717 2548 786 ejus
2576 733 2722 783 esse,
2750 717 2911 788 longa
2945 735 3054 773 non
3093 729 3177 778 cst
3210 725 3461 779 oratione

1879 806 2244 875 probandum.
2283 807 2670 864 Verumtamen
2710 809 2780 865 de
2814 809 2922 866 hoc
2963 811 3262 868 dicendum
3303 825 3457 885 puto.

1881 897 1936 952 Si
1971 899 2118 954 enim
2152 899 2272 968 ipse
2292 911 2374 956 est
2406 917 2510 971 pax
2547 902 2600 956 in
2627 903 2782 958 etelis
2812 911 2866 958 et
2899 904 2953 960 in
2988 913 3158 970 terra,
3185 909 3460 977 quomodo

1878 991 2056 1046 cuivis
2111 1007 2219 1045 non
2282 994 2493 1062 patebit
2546 995 2772 1051 omnino
2815 1011 3028 1066 pacem,
3073 1007 3144 1053 ut~
3191 999 3458 1061 diximus.

1879 1096 2002 1136 esse
2042 1081 2308 1152 Spiritum
2353 1084 2513 1153 ejus?
2541 1084 2606 1140 Et
2647 1089 2868 1158 quidem
2902 1089 3362 1147 divinusPaulus
3389 1092 3458 1146 ad

1878 1174 2144 1244 quosdam
2177 1177 2459 1231 scribebat
2487 1196 2498 1230 :
2534 1197 2552 1229 ι
2585 1179 2651 1235 Et
2681 1195 2782 1249 pax
2813 1181 2979 1253 840
3012 1183 3128 1248 Dei,
3155 1199 3276 1253 qua:
3296 1199 3458 1240 exsu-

1881 1273 2036 1334 perat
2079 1281 2298 1321 omnem
2345 1283 2594 1331 sensum,
2639 1272 2911 1326 custodiat
2966 1275 3133 1330 corda
3178 1285 3360 1332 vestra
3405 1285 3458 1330 et

1880 1355 2272 1426 intelligentias
2317 1367 2532 1414 vestras
2557 1360 2699 1415 ‘5'“.
2750 1379 2767 1412 ι
2805 1364 2874 1418 At
2914 1366 3040 1434 quis
3076 1383 3181 1421 non
3203 1368 3326 1437 jure
3349 1369 3454 1425 sibi

1881 1450 2228 1516 persuadeat,
2267 1465 2375 1504 non
2407 1451 2475 1506 de
2509 1453 2610 1506 hac
2643 1469 2775 1523 pace
2805 1470 2970 1525 quam
3012 1459 3176 1531 vulgo
3216 1459 3454 1516 dicimus

1880 1551 1945 1592 ac
1968 1539 2328 1611 intelligimus
2347 1542 2450 1596 ista
2463 1542 2572 1598 dici
2593 1543 2615 1596 ἰ
2644 1543 2878 1601 Animus
2891 1548 3037 1602 enim
3057 1551 3206 1604 omni
3224 1559 3454 1607 conten-

1883 1631 2049 1688 tionis
2084 1633 2268 1687 studio
2301 1649 2507 1690 vacuus
2551 1636 2605 1689 in
2639 1649 2738 1690 sua
2769 1640 3136 1707 prepensione
3175 1657 3238 1696 ac
3263 1643 3456 1697 volun-

1881 1730 1992 1776 tate
2030 1739 2215 1798 pacem
2253 1724 2415 1780 habet
2449 1741 2682 1798 eamque
2715 1730 2870 1785 colit.
2895 1729 3083 1802 Neque
3107 1748 3236 1788 vero
3268 1749 3454 1804 pacem

1882 1815 2194 1871 istiusmodi
2236 1833 2475 1886 unquam
2526 1820 2846 1888 putabimus
2881 1824 3122 1894 aliquam
3170 1841 3294 1882 esse
3323 1826 3453 1882 sub-

1878 1907 2165 1968 stantiam,
2196 1908 2292 1962 sed
2344 1909 2398 1962 in
2438 1924 2631 1964 eorum
2668 1913 2869 1970 animis
2900 1917 2994 1986 qui
3049 1917 3288 1988 diligunt
3334 1909 3455 1974 eam

1878 1997 2066 2053 habitu
2139 1999 2452 2055 formatam.
2507 2002 2797 2067 Quomodo
2859 2022 2989 2078 ergo
3054 2025 3244 2079 pacem
3313 2011 3459 2066 hanc

1878 2105 2096 2146 onmem
2147 2108 2370 2148 sensum
2435 2111 2774 2166 exsuperare
2842 2097 3251 2169 intelligemus?
3299 2101 3456 2167 Quod

1877 2181 2022 2236 enim
2071 2198 2342 2254 nusquam
2377 2187 2604 2240 omnino
2637 2203 2732 2256 per
2761 2204 2822 2243 se
2857 2191 3134 2255 subsistit,
3179 2193 3458 2261 quomodo

1880 2275 2234 2340 praestantius
2260 2276 2367 2330 erit
2397 2277 2738 2344 hominibus,
2763 2290 2856 2335 aut
2891 2283 3125 2352 angelis.
3153 2285 3269 2339 sive
3295 2285 3455 2340 etiam

1879 2365 2248 2436 archangelis,
2264 2384 2405 2438 quos
2432 2379 2640 2427 mentes
2663 2371 2826 2426 etiam
2853 2390 2974 2428 esse
2993 2373 3460 2441 dieimus?Quare

1878 2472 1980 2526 pax
2013 2458 2104 2511 illa
2143 2475 2263 2528 quae
2298 2472 2597 2532 exsuperat
2627 2463 2998 2534 Principatus,
3033 2475 3084 2520 et
3125 2465 3457 2533 Potestates,

1880 2557 1933 2603 et
1958 2548 2214 2605 Thronos
2247 2553 2396 2622 ipsos
2417 2563 2470 2608 et
2495 2554 2929 2621 Dominatioues,
2965 2559 3210 2628 adeoque
3240 2574 3456 2614 omnem

1881 2651 2144 2707 mentem,
2171 2642 2410 2713 Spiritus
2436 2647 2642 2702 Christi
2672 2658 2778 2713 est,
2807 2665 2905 2718 per
2937 2665 3096 2719 quem
3131 2638 3315 2705 omnia
3350 2649 3459 2706 Deo

1880 2751 1946 2792 ac
1982 2738 2128 2792 Patri
2163 2741 2562 2805 reconciliavit,
2588 2742 2718 2797 dum
2749 2744 2882 2796 nihil
2913 2744 3060 2797 aliud
3101 2745 3234 2808 vult,
3271 2745 3454 2810 sentit,

1880 2837 1976 2884 aut
2007 2830 2158 2894 facit,
2186 2848 2287 2886 nec
2319 2833 2685 2889 conversione
2723 2835 2789 2888 ad
2835 2835 3039 2888 malum
3067 2836 3176 2889 alio
3220 2835 3459 2891 deﬂectit

1881 2922 1948 2975 ab
1990 2922 2132 2990 ipso.
2167 2920 2314 2976 Nihil
2361 2931 2543 2977 autem
2601 2924 2757 2978 ohest
2811 2923 3310 2978 considerationem
3373 2923 3460 2978 hic

1880 3028 2044 3082 porro
2087 3015 2282 3068 aﬂ‘erre
2335 3030 2443 3067 non
2501 3015 2770 3069 insulsam
2817 3024 2964 3069 certe
3008 3015 3090 3068 vel
3126 3015 3458 3085 imperitam.

1878 3101 2350 3168 Quemadmodum
2381 3106 2528 3158 enim
2567 3119 2691 3158 cum
2723 3104 2835 3158 vita
2865 3104 3167 3158 secundum
3208 3113 3458 3157 naturam

1881 3195 1954 3250 sit
1999 3193 2194 3256 Filius.
2240 3205 2294 3249 et
2347 3197 2644 3264 sapientia,
2689 3210 2753 3250 ac
2786 3196 2985 3262 virtus,
3026 3205 3079 3250 et
3115 3194 3350 3266 Spiritus
3389 3199 3460 3252 sit

1883 3295 2046 3354 atque
2081 3295 2308 3340 Vocetur
2351 3285 2477 3355 ejus
2511 3286 2774 3355 Spiritus,
2815 3285 3052 3356 Spiritus
3095 3295 3180 3341 est
3220 3288 3364 3352 vitae,
3407 3296 3462 3342 et

1883 3378 2187 3446 sapientiae,
2242 3392 2306 3429 ac
2348 3376 2566 3431 virtutis
2618 3395 2630 3431 :
2676 3375 2750 3429 ita
2796 3391 2921 3430 cum
2957 3377 3029 3430 sit
3067 3376 3186 3446 ipse
3240 3387 3294 3432 et
3351 3394 3457 3432 non

1883 3470 2022 3523 alius
2051 3484 2179 3523 vera
2208 3477 2261 3523 et
2309 3470 2530 3539 propria
2585 3484 2710 3538 pax,
2742 3468 2865 3538 jure
2913 3467 3128 3524 dicetur
3162 3484 3225 3524 ac
3262 3485 3458 3526 cense-

1883 3561 2036 3614 bitur
2071 3561 2215 3615 sicut
2265 3561 2381 3628 ipse
2437 3577 2537 3629 pax
2593 3558 2834 3629 Spiritus
2883 3559 3021 3629 ejus.
3057 3561 3291 3630 Ideoque
3347 3579 3460 3617 smn

1884 3653 2059 3722 ipsius
2103 3661 2312 3706 natura:
2365 3652 2642 3721 propriam
2681 3666 2868 3722 pacem
2919 3653 3272 3721 peculiariter
3301 3656 3458 3706 attri-

1885 3746 2080 3810 buens,
2137 3745 2191 3800 id
2252 3754 2337 3800 est
2384 3744 2686 3814 Spiritum,
2723 3743 2793 3799 de
2841 3744 2962 3813 ipso
3017 3745 3094 3798 ait
3134 3766 3145 3801 :
3189 3765 3208 3796 ι
3261 3748 3458 3801 Pacem

1885 3853 2062 3891 meam
2115 3837 2368 3906 relinquo
2407 3836 2584 3892 vobis.
2622 3855 2640 3887 ι
2675 3834 2830 3901 Quod
2877 3844 3060 3889 autem
3106 3837 3272 3892 etiam
3316 3837 3460 3907 apud

1885 3936 2110 3984 sanctos
2141 3928 2438 3998 prophetas
2487 3925 2560 3980 ita
2593 3935 2945 3995 nuncupatus
2992 3927 3064 3983 sit
3101 3928 3305 3982 Christi
3341 3926 3462 3997 Spi-

1885 4021 2046 4083 ritus,
2075 4034 2141 4074 ex
2178 4018 2338 4074 Isaiae
2379 4017 2562 4072 verbis
2607 4025 2760 4072 recte
2803 4018 3122 4088 intelliges:
3153 4035 3170 4068 ι
3210 4017 3459 4080 Domine,

1885 4113 2068 4183 inquit
2100 4112 2267 4171 enim,
2298 4110 2442 4166 Deus
2475 4116 2685 4172 noster,
2723 4125 2913 4179 pacem
2943 4109 3010 4163 da
3043 4109 3202 4164 nobis
3234 4130 3245 4164 :
3278 4111 3460 4164 omnia

1885 4206 2028 4261 enim
2083 4205 2370 4259 reddidisti
2426 4204 2583 4258 nobis
2605 4205 2671 4259 ".
2717 4222 2735 4255 ι
2779 4203 2952 4268 Quasi
2999 4203 3144 4257 enim
3191 4203 3278 4257 lex
3328 4203 3463 4256 nihil

1887 4299 1952 4353 ad
1991 4299 2292 4367 perfectum
2327 4297 2638 4361 adduxerit,
2685 4311 2864 4366 neque
2902 4296 3038 4350 adeo
3068 4294 3299 4350 sufficiat
3340 4295 3463 4364 ejus

1883 4391 2123 4460 iustitia,
2155 4403 2213 4443 ut
2247 4390 2311 4444 ad
2349 4391 2726 4459 plenissimam
2750 4397 2805 4442 et
2852 4388 3309 4457 perfectissimam
3346 4390 3463 4457 pie-

1887 4491 2054 4536 tatem
2115 4483 2388 4536 hominem
2445 4491 2686 4545 revocet,
2733 4481 2978 4534 divinum
3039 4481 3155 4534 dari
3199 4480 3461 4548 Spirittuu

217 4569 270 4620 τδ
296 4570 517 4640 Πνεῦμα
545 4570 802 4640 Χριστοῦ,
848 4571 1099 4642 συνήσεις
1125 4566 1185 4623 εὖ
1220 4571 1362 4640 μάλα
1390 4571 1451 4625 τὸ
1483 4573 1569 4627 διά
1598 4574 1779 4644 φωνῆς

1895 4575 2124 4644 ﬂagitat,
2170 4585 2473 4644 per'quem
2536 4574 2873 4629 reconciliati
2931 4573 3044 4628 Deo
3089 4588 3154 4627 ac
3212 4571 3360 4626 Patri
3398 4573 3461 4627 ad

228 4659 436 4712 Ἡσαΐου
480 4660 670 4729 μαθών
693 4675 706 4688 ⁶
747 4678 764 4710 ι
790 4658 964 4729 Κύριε
995 4658 1121 4731 γὰρ,
1158 4661 1344 4730 φησὶν,
1377 4661 1405 4711 ὁ
1435 4661 1568 4723 Θεὸς
1601 4664 1781 4733 ἡμῶν,

219 4748 423 4818 εἰρήνην
452 4749 543 4812 δὸς
570 4749 701 4818 ήμῖν
727 4765 740 4778 ο
775 4748 953 4802 πάντα
983 4747 1091 4818 γὰρ
1119 4750 1408 4814 ἀπέδωκας
1438 4752 1588 4822 ἡμῖν.
1622 4772 1640 4803 ι
1700 4754 1788 4816 Ὠς

219 4842 315 4910 γὰρ
343 4843 492 4896 οὐδὲν
525 4841 620 4894 τοῦ
655 4840 824 4912 νόμου
853 4841 1286 4907 τετελειωκότος,
1329 4842 1453 4896 οὔτε
1488 4844 1594 4916 μὴν
1627 4844 1790 4915 ἐξαρ-

222 4931 407 5001 κούσης
435 4934 536 5003 τῆς
573 4933 693 4986 κατ’
726 4933 891 4986 αὐτὸν
916 4934 1264 5004 δικαιοσύνης
1299 4935 1378 4998 εἰς
1408 4935 1788 5007 πληρεστάτην

225 5025 487 5079 εὐσέϐειαν
513 5028 848 5097 ἀνακομίσαι
894 5027 984 5080 τὸν
1013 5028 1317 5100 ἄνθρωπον,
1362 5029 1422 5082 τὸ
1472 5029 1700 5101 Πνεῦμα
1725 5032 1788 5084 τὸ

222 5114 348 5169 θεῖον
391 5119 610 5188 δοθῆναι
658 5120 1001 5192 παρακαλεῖ,
1041 5121 1107 5174 δι’
1146 5115 1207 5174 οὗ
1241 5123 1681 5194 κατηλλαγμένοι
1709 5125 1788 5195 τῷ

221 5206 328 5278 Θεῷ
353 5212 444 5264 καὶ
466 5213 640 5281 Πατρὶ
673 5213 810 5283 πρὸς
843 5214 1024 5282 φιλίαν
1049 5215 1490 5286 ἀνακεκλήμεθα,
1523 5216 1789 5285 δραπέται

221 5298 275 5350 τὸ
299 5305 422 5371 πρὶν
454 5303 889 5374 ἀναδεδειτμένοι
918 5305 1004 5359 διὰ
1033 5305 1133 5376 τὴν
1159 5308 1242 5374 ἐφ’
1275 5309 1423 5377 ἡμᾶς
1473 5307 1786 5378 βασιλεύου-

226 5409 314 5445 σαν
368 5396 664 5467 ἁμαρτίαν.
714 5397 814 5461 Δὸς
863 5397 1152 5470 τοιγαροῦν
1204 5398 1302 5470 τὴν
1349 5401 1570 5472 εἰρήνην
1617 5403 1785 5471 ήμῖν,

225 5488 397 5554 φησὶν,
435 5483 481 5542 ὧ
508 5491 771 5554 Δέσποτα,
806 5491 984 5544 πάντα
1010 5492 1119 5560 γὰρ
1155 5492 1441 5556 ἀπέδωκας
1471 5494 1624 5564 ήμῖν.
1676 5494 1786 5545 Καὶ⁹

224 5575 250 5627 δ
294 5577 536 5647 βούλεται
585 5582 776 5652 δηλοῦν
823 5578 964 5636 εἷναί
1019 5600 1163 5653 φημι
1219 5583 1492 5637 τοιοῦτον·
1554 5585 1785 5648 Ἐπίδος,

228 5667 468 5740 φησίν,ὧ
514 5674 774 5739 Δέσποτα,
821 5676 920 5747 τὴν
967 5677 1208 5747 εἰρήνην.
1267 5675 1447 5730 Πάντα
1490 5677 1596 5748 γὰρ
1641 5676 1781 5746 ἔχειν

296 5844 405 5877 ‘5'"
441 5848 671 5923 Philipp.
703 5869 778 5918 tv,
819 5851 867 5907 7.
949 5854 989 5887 ⁸⁷
1029 5851 1131 5908 153·
1172 5869 1318 5922 XX”,
1367 5856 1449 5910 12·

1889 4666 2184 4719 amicitiam
2229 4667 2471 4721 revocati
2504 4681 2720 4731 sumus,
2749 4666 2842 4736 qui
2883 4672 3102 4735 propter
3136 4679 3371 4734 regnans
3410 4664 3461 4717 in

1887 4773 1988 4812 nos
2022 4766 2310 4828 peccatum
2365 4757 2579 4828 fugitivi
2623 4757 2777 4827 pritts
2821 4771 3062 4811 eramus.
3107 4772 3122 4804 ι
3162 4753 3237 4806 Da
3277 4768 3461 4820 pacem

1888 4852 2048 4905 nobis
2097 4851 2283 4922 igitur,
2335 4867 2368 4905 ο
2410 4850 2639 4904 Domine
2690 4849 2920 4904 :omnia
2977 4846 3121 4901 enim
3177 4844 3461 4900 reddidisti

1889 4945 2071 4999 nobis.
2107 4963 2125 4995 ι
2161 4943 2306 4998 Idem
2340 4951 2424 4999 est
2462 4959 2530 4998 ac
2561 4943 2606 4998 si
2636 4943 2840 4996 diceret
2872 4956 2884 4992 :
2923 4939 3019 5005 Da,
3060 4939 3260 5008 inquit,
3295 4953 3326 4991 ο
3358 4936 3462 4991 Do-

1891 5037 2056 5098 mine,
2089 5051 2300 5106 pacem.
2347 5035 2544 5091 Omnia
2593 5034 2738 5090 enim
2771 5041 2902 5087 tunc
2939 5047 3040 5087 nos
3078 5032 3281 5086 habere
3329 5030 3466 5087 fate-

1890 5130 2093 5193 bimur,
2124 5130 2371 5200 nihilque
2405 5130 2534 5184 boui
2585 5129 2780 5184 deesse
2809 5125 3083 5181 videbitur
3120 5125 3170 5180 ei
3216 5125 3308 5195 qui
3351 5126 3466 5196 ple-

1891 5222 2197 5277 nitudinem
2249 5221 2410 5295 841
2444 5219 2650 5276 Christi
2697 5213 2994 5288 acceperit.
3034 5217 3225 5273 Omnis
3267 5217 3468 5288 quippe

1892 5313 2021 5367 boui
2059 5313 2341 5382 plenitudo
2386 5320 2492 5377 est,
2538 5311 2708 5366 Deum
2752 5310 2807 5365 in
2857 5310 3016 5364 nobis
3072 5309 3322 5364 habitare
3371 5325 3470 5381 per

1897 5403 2163 5472 Spiritum
2207 5403 2273 5457 ⁵⁸.
2326 5404 2602 5470 Quoniam
2641 5417 2774 5474 ergo
2820 5400 3062 5472 Spiritus
3095 5416 3256 5457 omne
3297 5402 3465 5457 animi

1895 5497 2300 5551 turbamentum
2337 5497 2550 5560 sedare,
2575 5509 2903 5566 omnemque
2934 5494 2989 5549 in
3033 5495 3192 5550 nobis
3229 5494 3468 5548 formidi-

1895 5604 2018 5642 nem
2047 5603 2397 5657 compescere
2426 5588 2663 5645 maxime
2689 5595 2887 5660 potest,
2908 5587 3040 5641 illud
3065 5581 3467 5656 quodammodo

1899 5679 2205 5735 subsidium
2242 5680 2307 5734 ad
2341 5680 2507 5736 animi
2543 5681 2710 5738 robur
2733 5691 2783 5738 et
2818 5676 3252 5750 perturbationis
3285 5672 3465 5729 vacui.

1533 5858 1580 5889 ⁵⁸
1619 5857 1832 5913 Coloss.
1875 5873 1919 5923 ι,
1962 5859 2046 5916 19.
