4096 6518
730 397 832 454 507
1749 401 1806 456 S.
1835 400 2113 456 (JYltlLLl
2149 399 2620 456 ALEXANDRINI
2653 401 2972 456 ARCHIEP.
3811 407 3891 462 308

729 523 896 570 tatem
930 518 1274 586 aptissimum
1313 519 1566 574 daturum
1616 533 1674 574 se
1713 518 2005 589 promittit,
2053 518 2242 572 dicens
2275 525 2346 579 :11

2275 537 2295 570 :-
2321 525 2367 579 Α
2394 517 2800 587 ὁμολογήσομεν
2829 517 2971 579 τότε,
3001 514 3306 579 ἐλλελοιπὸς
3336 515 3394 569 δὲ
3419 515 3654 589 φανεῖται
3678 515 3769 568 τῶν
3793 516 3890 586 ἁγα-

732 627 752 658 ι
794 608 992 664 Pacem
1031 626 1206 666 meam
1239 612 1495 681 relinquo
1525 609 1682 666 vobis
1723 625 1739 666 :
1779 625 1848 665 ne
1897 609 2152 664 turbetur
2191 621 2287 662 cor

2275 623 2287 661 .'
2397 607 2504 661 θῶν
2537 608 2721 671 οὐδὲν,
2775 607 2854 678 τῷ
2885 625 2948 676 γε
2996 604 3144 671 ἅπαξ
3195 607 3545 677 κομισαμένῳ
3585 606 3645 660 τὸ
3682 607 3892 680 πλήρωμα

728 709 991 767 vestrum,
1023 718 1200 773 neque
1230 703 1508 758 formidet.
1553 721 1572 754 ι

2398 697 2659 769 Χριστοῦ.
2699 699 2904 762 Παντὸς
2933 698 3041 770 γὰρ
3073 699 3355 769 πλήρωσις
3381 696 3601 766 ἀγαθοῦ,
3635 699 3891 769 κατοικῆσαι

723 795 856 848 Θεὸν
890 796 957 848 ἐν.
999 796 1128 865 ἡμῖν
1170 795 1261 849 διὰ
1305 793 1397 848 τοῦ
1450 793 1786 864 Πνεύματος.
1849 793 2068 866 Ἐπειδὴ
2113 794 2291 848 τοίνυν
2330 793 2658 850 ἱκανώτατον
2689 793 2889 864 σφόδρα
2932 793 2992 845 τὸ
3019 791 3246 862 Πνεῦμά
3271 793 3404 855 ἐστι,
3439 789 3616 844 πάντα
3671 790 3760 860 τῆς
3809 791 3890 844 δια-

730 885 872 950 νοίας
937 889 1264 960 καταραΐσαι
1329 885 1576 958 θόρυϐον,
1622 892 1719 944 καὶ
1761 890 1947 943 πᾶσαν
1979 890 2080 960 τὴν
2124 892 2182 943 ἐν
2234 893 2368 961 ήμῖν
2406 888 2752 960 καταργῆσαι
2777 886 2997 952 δειλίαν,
3027 887 3235 956 ἐφόδιον
3260 885 3449 956 ὥσπερ
3486 887 3564 947 είς
3591 884 3808 955 ἀνδρείαν
3827 887 3892 939 καὶ

724 974 1024 1046 ἀταραξίαν
1070 977 1130 1030 τὸ
1189 978 1490 1048 ἐπιτήδειον
1542 978 1824 1033 ἐπιδώσειν
1879 981 2272 1049 ἐπαγγέλλεται
2310 981 2485 1051 λέγων
2515 994 2529 1011 ⁸
2562 999 2580 1032 ι
2614 979 2854 1052 Εἰρήνην
2881 978 2980 1048 τὴν
3023 978 3165 1050 ἐμὴν
3200 977 3402 1049 ἀφίημι
3445 978 3571 1048 ὑμῖν
3593 993 3608 1008 ·
3649 976 3717 1047 μὴ
3747 994 3892 1048 ταρασ-

724 1065 901 1118 σέσθω
928 1065 1079 1136 ὑμῶν
1109 1067 1142 1136 ὴ
1167 1067 1383 1138 καρδία,
1412 1070 1546 1139 μηδέ
1573 1068 1837 1123 δειλιάτω.
1877 1090 1894 1122 ι

793 1156 935 1223 XIV,
970 1157 1062 1213 28.
1104 1158 1342 1214 Audistis
1379 1161 1506 1230 quia
1530 1177 1623 1230 ego
1664 1160 1783 1213 dixi
1825 1163 1966 1218 vobis
1998 1181 2014 1218 :
2051 1164 2198 1218 Vado
2239 1174 2288 1218 et

2273 1174 2288 1216 ι
2473 1157 2803 1212 Ἠκούσατε
2828 1155 2918 1208 ὅτι
2963 1153 3077 1223 ἐγὼ
3127 1160 3302 1209 sutor
3347 1152 3505 1221 ὑμῖν·
3560 1151 3798 1226 Ὑπάγω,
3824 1166 3890 1218 καί

723 1251 868 1303 venio
899 1250 967 1303 ad
993 1267 1102 1305 vos.

2387 1249 2633 1317 ἔρχομαι
2662 1245 2812 1314 πρὸς
2846 1243 3019 1315 ὑμᾶς.

791 1335 914 1392 Non
945 1337 1013 1391 ab
1038 1338 1169 1402 alio,
1200 1339 1401 1408 inquit,
1423 1354 1588 1409 quam
1614 1355 1646 1394 a
1675 1355 1762 1395 me
1793 1340 2030 1396 audistis
2073 1341 2138 1396 de
2169 1357 2289 1396 meo

2276 1357 2289 1396 ι
2459 1337 2571 1406 Οὐχ
2626 1335 2836 1406 ἐτέρου,
2863 1337 3019 1404 φησὶ,
3051 1332 3370 1387 διεπύθεσθε
3407 1333 3651 1401 λέγοντος
3675 1336 3762 1406 τὴν
3793 1340 3893 1413 ἐμὴν

721 1425 996 1489 discessu,
1044 1427 1148 1496 ipsi
1202 1428 1419 1498 quippe
1447 1443 1567 1482 mea
1613 1428 1778 1484 verba
1823 1429 2052 1484 auribus
2094 1427 2289 1483 vestris

2274 1444 2289 1483 5
2391 1425 2642 1479 ἐντεῦθεν
2673 1424 3002 1494 ἀποδημίαν·
3023 1424 3284 1494 αὐτήκοοι
3317 1423 3422 1492 γάρ
3463 1422 3572 1476 τῶν
3605 1425 3740 1494 ἐμῶν
3762 1430 3891 1498 ῥημά.

724 1517 1012 1573 hausistis.
1045 1517 1199 1583 Quid.
1227 1526 1409 1573 autem
1446 1518 1605 1575 vobis
1665 1519 1914 1588 promisi,
1939 1521 2034 1590 qui
2064 1518 2291 1576 mentiri

2274 1520 2291 1574 i
2388 1535 2497 1571 των
2520 1518 2801 1586 γεγόνατε.
2825 1517 2887 1568 Τι
2910 1516 2965 1570 δὲ
2993 1516 3121 1586 ὑμῖν
3143 1514 3579 1584 ἐπηγγειλάμην,
3610 1518 3636 1569 ὁ
3665 1515 3891 1584 ψεύδεσθαι

724 1607 953 1662 nescio?
982 1628 1000 1660 ι
1040 1607 1156 1680 Ego
1186 1613 1344 1674 vado,
1367 1617 1421 1664 et
1444 1609 1601 1664 venio
1624 1609 1691 1662 ad
1726 1625 1842 1664 vos.
1876 1630 1896 1662 ι
1926 1609 2060 1664 Nam
2093 1611 2138 1665 si
2172 1610 2288 1666 dis-

2268 1637 2288 1650 .
2392 1607 2466 1679 μὴ
2495 1607 2683 1672 εἰδώςς
2718 1625 2737 1658 ‹
2790 1606 2932 1675 Ἐγὼ
2953 1605 3173 1673 ὑπάγω,
3203 1605 3298 1657 καὶ
3343 1605 3572 1675 ἔρχομαι
3595 1607 3720 1676 πρὸς
3743 1609 3885 1678 ὑμᾶς..

724 1712 921 1755 cessus
976 1715 1132 1755 meus
1164 1701 1562 1757 consolationis
1611 1701 1747 1754 nihil
1787 1711 1936 1756 esset
1979 1702 2289 1770 habiturus,

2273 1744 2289 1770 ,
2387 1695 2450 1746 Ei
2481 1694 2579 1764 μὲν
2623 1689 2716 1748 οὖν
2740 1692 3121 1764 ἀπαράκλητον
3154 1693 3281 1761 ὑμῖν
3322 1694 3351 1744 ό
3390 1692 3546 1761 λόγος
3572 1695 3804 1765 ἠπείλησε
3823 1699 3889 1768 τὴν

725 1804 934 1860 vosque
975 1789 1033 1844 in
1081 1800 1404 1861 perpetuum
1449 1806 1627 1846 essem
1674 1792 2002 1855 relicturus,
2053 1793 2292 1861 graviter

2272 1807 2292 1846 ι·
2386 1783 2718 1854 ἀποδημίαν,
2767 1786 2860 1838 καὶ
2896 1784 3120 1854 διηνεκῆ
3173 1785 3272 1854 τὴν
3302 1785 3609 1854 ἀπόλειψιν,
3637 1782 3700 1857 ἦν
3741 1788 3793 1858 δή
3821 1807 3889 1844 που

727 1880 917 1951 utique
947 1881 1001 1935 id
1032 1880 1198 1949 ferre,
1229 1892 1390 1952 atque
1425 1882 1494 1937 ob
1521 1882 1572 1937 id
1608 1883 1848 1937 animum
1884 1883 2010 1952 jure
2051 1882 2291 1952 despon-
2323 1948 2340 1952 _

2272 1913 2291 1922 -
2323 1948 2353 1952 ’Δ
2388 1875 2482 1928 καὶ
2517 1875 2660 1944 μάλα
2689 1875 2835 1939 εἰκὸς
2861 1875 2952 1928 ἐπὶ
2981 1875 3155 1945 τούτῳ
3183 1874 3304 1926 λίαν
3335 1876 3710 1945 ἀσχάλλοντας,
3740 1879 3889 1950 ἀφορή-

724 1971 1194 2029 derevideremini
1217 1989 1233 2040 ;
1256 1973 1353 2028 sed
1391 1988 1516 2028 cum
1558 1973 1716 2028 vobis
1742 1973 1977 2028 dixerim
2012 1987 2124 2028 non
2164 1981 2287 2026 tan-
2322 1948 2341 2004 Ῐ

2270 2002 2287 2011 -
2322 1948 2362 2004 Β
2389 1983 2498 2029 τως
2529 1965 2593 2036 δὴ
2627 1965 2771 2035 ἐχειν
2827 1967 2920 2019 καὶ
2965 1968 3044 2029 είς
3096 1965 3365 2035 ἀκράτους
3419 1967 3710 2037 δυσθυμίας
3731 1948 3887 2024 κατολι-

725 2070 838 2116 ιυω
882 2078 971 2117 me
1003 2061 1281 2119 abiturum
1304 2103 1320 2130 ,
1357 2063 1453 2119 sed
1492 2070 1646 2119 certo
1672 2071 1920 2135 tempore
1954 2079 2041 2120 me
2082 2065 2290 2120 reditu-

2270 2094 2290 2104 -
2395 2056 2562 2115 σθεῖν”
2582 2057 2767 2128 ἐπειδὴ
2791 2057 2846 2111 δέ
2867 2057 3004 2129 πρὸς
3031 2059 3173 2129 ὑμᾶς
3201 2057 3355 2130 ἔφην,
3375 2059 3449 2123 ὡς
3469 2059 3570 2112 ούκ
3592 2061 3887 2132 ἀπελεύσομαι

723 2167 867 2220 rum,
922 2169 1043 2220 cur,
1101 2155 1301 2225 inquit,
1356 2155 1602 2210 dolorem
1659 2156 1844 2210 animo
1901 2157 2286 2226 suscipientes,

2272 2196 2286 2221 ,
2394 2149 2576 2221 μόνον,
2601 2151 2716 2204 ἀλλ’
2755 2151 2836 2207 ὅτι
2890 2151 2985 2204 καὶ
3028 2149 3282 2221 ἐπανήξω
3329 2150 3473 2204 κατὰ
3531 2151 3732 2221 καιρὸν,
3761 2154 3888 2224 τίδή,

722 2248 864 2317 quod
896 2248 1139 2303 laetitiam
1161 2247 1461 2302 conciliare
1484 2247 1660 2317 possit
1685 2247 1901 2316 penitus
1923 2262 1986 2302 ex
2023 2246 2289 2302 memoria

2268 2264 2289 2300 ι
2390 2242 2546 2312 φησὶ,
2575 2241 2733 2311 μόνον
2758 2241 2820 2294 τὸ
2842 2240 3042 2294 λυποῦν
3068 2244 3185 2304 ταῖς
3215 2243 3418 2295 ἑαυτῶν
3445 2242 3698 2305 διανοίαις
3719 2245 3885 2297 εἰσοικί-

721 2348 906 2397 ῑεειτα
941 2338 1174 2394 deletis?
1201 2337 1410 2407 Pugnet
1448 2336 1753 2392 remedium
1797 2337 2032 2402 vulneri,
2057 2345 2112 2391 et
2157 2352 2288 2406 gau-

2271 2367 2288 2378 -
2390 2333 2596 2399 ζοντες,
2645 2332 2707 2386 τὸ
2762 2332 3004 2401 πεφυκὸς
3067 2333 3377 2403 εὐφραίνειν
3423 2337 3547 2398 ταῖς
3604 2336 3888 2406 ἀμνηστείαις

720 2431 796 2486 dii
827 2431 914 2487 vis
945 2429 1123 2485 dolori
1155 2430 1400 2485 resistat.
1442 2428 1677 2484 Paratus
1718 2428 1866 2483 enim
1911 2444 2032 2483 sum
2083 2429 2152 2483 ad
2185 2428 2289 2482 Pa-

2272 2457 2289 2469 -
2389 2424 2670 2495 ύῦρίζετες
2701 2422 3119 2494 Ἀντεγειρὲσθω
3141 2422 3217 2494 τῷ
3245 2421 3533 2493 πλήττοντι
3558 2425 3616 2476 τὸ
3637 2425 3889 2495 θεραπεύειν

721 2525 858 2571 trem
889 2530 955 2570 ac
984 2514 1152 2570 Deum
1183 2516 1498 2582 ascendere,
1531 2515 1629 2571 sed
1663 2516 1968 2571 rediturum
1993 2532 2079 2573 me
2105 2517 2288 2572 denuo

2267 2532 2288 2572 ο
2389 2514 2550 2579 είδὸς,
2575 2513 2976 2568 ἀντιπαλαιέτω
2999 2516 3114 2577 τοῖς
3130 2515 3283 2584 ἀνιᾷν
3301 2513 3600 2581 πεφυκόσιν
3627 2515 3657 2584 ἡ
3685 2515 3766 2567 τοῦ
3790 2533 3884 2569 κατ-

719 2608 970 2676 promisi.
1049 2607 1215 2664 Sedat
1301 2608 1467 2679 igitur
1521 2608 2065 2664 vehementissimam
2132 2609 2285 2663 illum

2271 2625 2285 2661 ι
2387 2606 2770 2676 ευφραίνοντος
2823 2605 3070 2676 δύναμις.
3119 2605 3498 2674 Συντέταγμαι
3546 2606 3640 2676 μὲν
3697 2607 3804 2675 γάρ,
3839 2606 3888 2667 iu;

717 2713 882 2767 quem
931 2698 994 2752 in.
1026 2698 1318 2769 discipulis
1366 2699 1610 2754 dolorem
1648 2699 1874 2754 invenit.
1908 2698 1976 2754 Et
2020 2700 2285 2770 quemad-

2272 2728 2285 2739 -
2388 2697 2794 2769 ἀναϐησόμενος
2852 2697 2988 2768 πρὸς
3016 2697 3109 2750 τὸν
3156 2697 3375 2768 Πατέρα
3423 2697 3520 2749 καὶ
3553 2697 3695 2761 Θεὸν,
3718 2697 3810 2750 ἀλλ’
3833 2699 3889 2749 ὅτι

717 2787 940 2845 modum
974 2797 1129 2859 pater.
1167 2791 1440 2860 quispiam
1484 2791 1784 2846 liberorum
1817 2805 2046 2846 suorum
2099 2805 2288 2844 aman-

2271 2820 2288 2830 -
2387 2792 2480 2844 καὶ
2512 2791 2767 2861 ἐπανήξω
2805 2791 2967 2848 πάλιν
2994 2791 3359 2860 ἐπήγγελμαι.
3409 2790 3734 2860 Καταραϊζει
3760 2790 3888 2842 τοίνυν

719 2879 988 2945 tissimus,
1015 2896 1200 2936 rerum
1240 2881 1679 2937 necessariarum
1720 2896 1890 2937 causa
1925 2881 2282 2952 longinquam

2269 2897 2282 2934 I
2387 2885 2771 2956 ἀκμαιοτάτην.
2801 2886 2859 2937 ἐν
2915 2885 3029 2946 τοῖς
3065 2882 3334 2954 μαθηταῖς
3378 2883 3480 2954 τήν
3529 2882 3694 2953 λύπην
3742 2881 3886 2952 εὑρών.

717 2971 1210 3042 peregrinationem
1246 2973 1529 3042 suscipere
1561 2979 1811 3038 coactus,
1839 2987 2069 3027 cernens
2094 2986 2193 3028 eos
2231 2973 2286 3026 in

2271 2989 2286 3026 ι
2386 2975 2498 3028 Καὶ
2521 2973 2709 3046 ὥσπερ
2731 2974 2799 3028 ἂν
2821 2974 2874 3026 ετ
2909 2992 2998 3038 τις
3020 2973 3274 3043 φιλόπαις
3305 2973 3488 3038 ὅντως¹
3521 2975 3653 3046 ἀνὴρ
3696 2975 3774 3027 καὶ
3795 2975 3888 3040 ἀγα-

717 3063 988 3133 lacrymas
1017 3063 1244 3129 eil‘usos,
1282 3065 1487 3134 quibus
1515 3072 1696 3134 potest
1739 3065 2050 3119 rationibus
2089 3078 2286 3118 conso-

2271 3093 2286 3102 -
2387 3065 2652 3131 θώτατος,
2672 3065 2769 3136 τῆς
2791 3064 3120 3136 ἐνεγκούσης
3140 3065 3390 3136 ἀπαίρειν
3419 3065 3513 3118 ἐπί
3530 3083 3637 3118 τισι
3658 3065 3752 3118 τῶν
3770 3065 3888 3131 ἀναγ-

718 3154 883 3218 latur,
908 3162 962 3209 et
987 3154 1230 3210 futurum
1257 3171 1322 3210 ex
1347 3171 1448 3211 suo
1474 3157 1721 3211 discessu
1752 3157 1954 3211 bonum
1983 3155 2285 3210 identidem

2272 3170 2285 3208 I
2386 3156 2558 3209 καίων
2587 3155 2973 3226 ἐκϐιαζόμενος
2993 3196 3010 3222 ,
3042 3151 3163 3208 εἶτα
3191 3155 3324 3208 πολὺ
3351 3156 3463 3208 τῶν
3480 3203 3482 3205 .
3501 3155 3642 3208 ἰδίων
3665 3156 3889 3208 τέκνω-δτὺ

717 3246 1015 3316 replicans,
1063 3261 1213 3316 spem
1273 3262 1454 3302 rerum
1511 3248 2049 3318 jucundissimarum
2106 3247 2334 3334 dolori(

2270 3249 2280 3302 i
2309 3276 2352 3334 ρ
2385 3246 2617 3318 δάκρυον
2657 3246 2888 3316 βλέπων,
2921 3247 3019 3316 τὴν
3063 3247 3489 3318 τρυφερωτάτην
3539 3247 3706 3334 αὐτῶν
3731 3247 3807 3300 καὶ
3832 3246 3887 3314 ci-

721 3337 1123 3408 quodammodo
1168 3339 1396 3408 opponit
1424 3357 1439 3394 :
1465 3339 1544 3395 sic
1577 3339 1738 3395 etiam
1792 3339 2060 3394 Dominus
2094 3348 2285 3396 noster
2327 3333 2334 3334 ί

2272 3356 2285 3394 .'
2327 3333 2334 3334 ί
2384 3337 2482 3408 λην
2514 3338 2849 3409 καταϐρέχον
2889 3337 3142 3407 παρειὰν,
3175 3338 3260 3391 διὰ
3284 3337 3488 3401 παντὸς
3515 3333 3618 3392 εἶσι
3647 3338 3801 3406 λόγου,
3826 3338 3889 3390 καὶ

713 3427 876 3486 Jesus
897 3429 1242 3486 Christusex
1260 3431 1781 3491 animosanctornm
1808 3431 2059 3487 dolorem.
2079 3433 2281 3487 evellit.

2272 3471 2281 3485 .
2379 3429 2439 3482 τὸ
2467 3431 2530 3481 ἐκ
2553 3428 2652 3498 τῆς
2679 3427 2986 3497 ἀποδημίας
3015 3428 3273 3498 ἐσόμενον
3301 3428 3508 3496 ἀγαθὸν
3540 3428 3626 3481 ἀεὶ
3651 3427 3889 3499 παρακομί-

719 3517 895 3573 Norat
916 3519 1085 3582 enim,
1109 3526 1292 3583 norat,
1327 3526 1517 3589 utpote
1542 3533 1668 3573 cum
1699 3533 1861 3573 verus
1883 3516 2028 3572 Deus
2043 3517 2137 3583 sit,
2154 3531 2282 3588 gra-

2271 3546 2282 3557 -
2379 3521 2487 3584 ζων
2517 3522 2596 3583 εἰς
2627 3519 2810 3590 μέσον,
2857 3519 3180 3582 ayﬂonMCst
3199 3520 3398 3590 τρόπον
3449 3520 3578 3574 τινὰ
3603 3523 3711 3582 ταῖς
3743 3519 3888 3578 λύπαις

714 3610 1003 3666 vissimum
1035 3611 1141 3667 illis
1161 3610 1280 3667 fore
1305 3611 1452 3681 quod
1469 3626 1658 3667 eorum
1687 3611 1882 3666 oculos
1904 3610 2138 3682 fugeret,
2156 3609 2283 3664 licet

2271 3617 2283 3663 ι
2375 3611 2474 3682 τὴν
2497 3611 2590 3663 ἐπὶ
2611 3612 2724 3673 τοῖς
2746 3610 2977 3680 ἡδίστοις
2998 3611 3206 3664 ἐλπίδα’
3226 3610 3371 3664 οὕτω
3400 3613 3500 3672 καὶ
3525 3614 3554 3666 ό
3573 3611 3756 3683 Κύριος
3774 3609 3888 3681 ἡμῶν

713 3716 838 3756 cum
870 3702 953 3760 eis
991 3713 1252 3773 perpetuo
1286 3703 1508 3759 iuturus
1531 3709 1680 3758 esset
1712 3717 1810 3772 per
1836 3701 2125 3772 Spiritum.
2160 3700 2277 3756 Hoc

2266 3716 2277 3755 ι
2389 3701 2597 3775 Ἰησοῦς
2628 3703 2657 3755 ό
2685 3703 2936 3774 Χριστὸς,
2975 3704 3075 3774 τῆς
3125 3703 3234 3758 τῶν
3260 3702 3428 3773 ἁγίων
3463 3705 3640 3775 ψυχῆς
3675 3701 3883 3774 περιστέλ-

711 3802 894 3852 autem
925 3811 1152 3851 summa:
1195 3796 1486 3851 charitatis
1531 3809 1597 3850 ac
1642 3792 1954 3849 sanctitatis
1995 3800 2080 3850 est
2115 3809 2277 3864 argu-

2268 3822 2277 3834 -
2377 3791 2458 3846 λει
2484 3793 2582 3864 τήν
2605 3792 2800 3865 λύπην.
2828 3794 2984 3865 ᾜδει
3008 3795 3136 3865 γὰρ,
3164 3795 3300 3866 ⁴ᾔδει,
3321 3795 3454 3858 Θεὸς
3486 3795 3733 3866 ὑπάρχων
3755 3792 3885 3862 emet

711 3895 981 3942 mentum.
1010 3887 1168 3943 Velle
1211 3888 1358 3943 enim
1397 3902 1524 3943 cum
1569 3885 1794 3942 Christo
1846 3886 2066 3954 degere,
2095 3899 2280 3940 nonne

2266 3901 2280 3940 ι
2378 3885 2486 3949 νὸς,
2521 3885 2932 3956 φορτικωτάτην
2969 3885 3151 3948 αὐτοῖς
3197 3885 3417 3939 ἔσεσθαι
3439 3887 3544 3957 τὴν
3570 3884 3883 3953 ἀπόλειψινῌ)

711 3978 924 4033 sanctis
953 3985 1038 4033 est
1069 3977 1688 4037 convenientissimum?
1717 3976 1890 4044 Quem
1923 3991 2049 4031 cum
2077 3975 2280 4032 Paulus

2267 3993 2280 4032 ς
2378 3975 2562 4039 αὑτοῦ,
2590 3975 2764 4030 καίτοι
2787 3976 3034 4039 συνόντος
3059 3977 3144 4030 ἀεὶ
3175 3977 3261 4032 διά
3289 3976 3382 4031 τοῦ
3422 3978 3744 4048 Πνεύματος.
3775 3975 3884 4040 Ἀγά·

712 4071 765 4124 iu
814 4085 873 4125 se
911 4085 1138 4140 scopum
1190 4069 1415 4128 haberet
1448 4091 1462 4127 :
1502 4089 1530 4124 ι.
1560 4071 1752 4126 Melius
1787 4077 1894 4140 est,
1927 4069 2130 4140 inquit,
2165 4069 2279 4128 dis-

2262 4098 2279 4110 -
2379 4084 2486 4138 πης
2511 4067 2567 4120 δέ
2595 4067 2753 4121 τοῦτο
2778 4069 2875 4122 καὶ
2901 4068 3181 4138 ὁσιότητος
3202 4069 3300 4139 τῆς
3328 4071 3409 4130 είς
3447 4070 3624 4140 ἀκραν
3650 4065 3879 4128 ἀπόδειξις.

710 4159 872 4222 solvi,
908 4167 963 4213 et
993 4174 1116 4214 esse
1145 4175 1269 4214 cum
1301 4159 1520 4217 Christo
1545 4160 1610 4214 ⁸³.
1653 4180 1672 4213 ι

2383 4157 2456 4211 Τὸ
2483 4157 2592 4230 γὰρ
2653 4161 2890 4213 συνεῖναι
2956 4159 3347 4231 βούλεσθαιτῷ
3377 4160 3620 4232 Χριστῷ,
3672 4159 3772 4221 πῶς
3813 4157 3881 4209 οὐκ

707 4253 924 4323 άληθῶς
952 4256 1065 4320 τοῖς
1093 4255 1270 4324 ἁγίοις
1299 4257 1785 4327 πρεπωδέστατον;
1815 4257 1926 4315 Καὶ
1951 4256 2081 4326 γοῦν
2104 4258 2134 4310 ό
2160 4255 2461 4325 Θαυμάσιος
2525 4253 2737 4319 Παῦλος
2780 4254 2968 4308 τοῦτον
3034 4255 3174 4327 ἔχων
3230 4259 3288 4310 ἐν
3343 4255 3524 4326 ἐαυτῷ
3558 4255 3645 4316 τὸν
3706 4249 3881 4306 σκοπόν·

713 4368 732 4400 ι
766 4349 1033 4420 Κρεῖσσον
1061 4351 1198 4423 γὰρ,
1245 4353 1409 4423 φησὶ,
1454 4351 1516 4404 τὸ
1546 4351 1831 4419 ἀναλῦσαι,
1884 4354 1979 4407 καὶ
2016 4355 2112 4410 σὺν
2147 4351 2370 4424 Χριστῷ
2396 4346 2557 4405 εἶναι.
2583 4369 2603 4402 ι

1261 4463 1424 4536 342
1473 4463 1624 4520 CAP.
1665 4463 1704 4518 ι.
2298 4448 2343 4501 D

2298 4448 2343 4501 D
2965 4466 3210 4520 ΚΕΦΑΛ.
3263 4465 3339 4519 Α’;

707 4573 861 4639 Quod
890 4574 1038 4651 auita
1068 4576 1130 4651 in_
1160 4592 1215 4630 re
1241 4577 1414 4651 ntinor
1435 4577 1648 4651 sit__Deo
1675 4596 1736 4632 ac
1763 4578 1924 4651 Patre
1953 4577 2148 4642 Filius,
2182 4578 2273 4632 sed

2262 4578 2273 4629 ῐ
2418 4599 2500 4636 ιτι
2524 4583 2650 4636 κατ’
2679 4582 2859 4637 οὐδὲν
2907 4582 3172 4636 ἐλάττων⁵
3192 4579 3363 4651 ἐστὶν
3393 4583 3425 4633 ό
3464 4578 3596 4651 Υίός
3637 4574 3732 4629 τοῦ
3771 4568 3879 4651 Gem?

773 4645 996 4715 a’qualis
1020 4647 1217 4714 potius,
1240 4648 1388 4716 eique
1400 4648 1591 4701 similis
1615 4649 1900 4703 secundum
1930 4659 2199 4703 naturam.

2439 4653 2536 4705 καὶ
2562 4653 2810 4720 Πατρός,
2849 4653 2981 4718 ἴσος
3035 4650 3103 4704 δὲ
3142 4649 3382 4721 μᾶλλον
3427 4649 3528 4702 καὶ
3552 4648 3737 4717 ὅμοιος
3772 4645 3879 4694 κατὰ

2462 4723 2629 4777 auctr
2663 4721 2841 4785 αὐτῷ.

775 4799 911 4865 XIV,
941 4801 1032 4856 28.
1065 4802 1125 4856 Si
1154 4803 1443 4874 diligentis
1479 4821 1579 4870 me,
1609 4807 1906 4875 gauderetis
1933 4808 2128 4874 utique,
2147 4808 2272 4876 quia

2440 4741 2629 4790 φυσιν
2663 4741 2841 4785 αυτφ.

2258 4825 2272 4860 ι
2440 4815 2508 4868 Ei
2569 4813 2838 4882 ἠγαπᾶτέ
2872 4829 2969 4881 με,
3029 4810 3282 4880 ἐχάρητε
3341 4809 3438 4872 ἂν,
3494 4808 3583 4861 ὅτι
3611 4803 3875 4872 πορεύομαι

701 4891 835 4948 vado
876 4893 944 4946 ad
998 4892 1232 4959 Patrem,
1273 4896 1400 4963 quia
1433 4895 1595 4950 Pater
1631 4896 1803 4966 major
1833 4913 1913 4951 me
1958 4907 2057 4950 est.

2371 4905 2521 4972 πρὸς
2573 4904 2680 4958 τὸν
2704 4903 2953 4972 Πατέρα,
3003 4902 3092 4956 ὅτι
3133 4905 3166 4956 o'
3196 4902 3398 4968 Πατήρ
3431 4917 3552 4969 μου
3591 4895 3875 4967 μείζὶονμσυ

2365 4991 2561 5046 ἐστίν.

775 5073 1131 5130 Occasionem
1179 5073 1399 5130 doloris,
1436 5076 1600 5130 vertit
1649 5075 1703 5129 in
1744 5085 2126 5146 argumentum
2176 5078 2269 5131 lae--

2256 5105 2269 5118 ’-
2449 5083 2915 5154 Ἀντιπεριτρέπει
2969 5084 3067 5153 τῆς
3098 5082 3272 5154 λύπης
3303 5083 3415 5150 τήν
3442 5077 3688 5150 ἀφορμὴν
3723 5075 3788 5135 εἰς
3809 5071 3873 5122 Θυ-

697 5165 860 5229 titiaa,
898 5165 1187 5234 palamque
1247 5180 1343 5220 eos
1402 5167 1584 5236 arguit
1629 5165 1775 5227 quod
1837 5181 1948 5226 non
2014 5166 2269 5222 laetentur

2259 5183 2269 5197 '
2367 5173 2562 5245 μηδίας
2590 5173 2864 5241 ὑπόθεσιν,
2895 5175 2988 5227 καὶ
3040 5175 3121 5228 ὅτι
3150 5173 3224 5245 μὴ
3249 5172 3495 5243 χαίρουσι
3553 5168 3743 5240 μᾶλλον
3763 5154 3876 5232 ὲφ“ᾧ

699 5253 881 5323 potius
907 5253 976 5308 de
1007 5267 1073 5308 eo
1122 5253 1266 5324 quod
1302 5254 1587 5315 dolebant.
1625 5253 1799 5309 Simul
1843 5263 2025 5311 autem
2065 5257 2266 5312 docere

2257 5274 2266 5312 Β
2363 5264 2458 5317 νῦν
2506 5265 2854 5336 ἀσχάλλουσι,
2890 5267 3234 5320 καταιτιᾶται
3289 5262 3499 5331 σαφῶς.
3544 5262 3632 5314 Ἐν
3652 5255 3806 5323 ταυτῷ
3835 5251 3874 5302 δὲ

694 5351 950 5412 conatur,
990 5359 1126 5415 opus
1153 5360 1280 5402 esse
1327 5353 1388 5404 ut
1431 5346 1526 5416 qui
1573 5361 1759 5401 veram
1807 5361 1870 5400 ac
1901 5350 2177 5409 sinceram
2208 5349 2263 5404 in

2257 5369 2263 5404 ι
2363 5357 2619 5425 πειρᾶται
2679 5357 2986 5422 διδάσκειν,,
3033 5358 3117 5410 ὅτι
3171 5356 3298 5418 τοὺς
3325 5350 3695 5422 ὰκαπήλευτόν
3726 5364 3775 5399 τε
3807 5342 3874 5395 καὶ

694 5435 839 5492 alios.
888 5435 1210 5497 charitatem
1267 5439 1480 5503 colunt,
1524 5454 1634 5496 non
1693 5446 1918 5500 tantum
1958 5442 2105 5509 quod
2157 5441 2262 5497 sibi

2256 5443 2262 5496 ἱ
2360 5445 2536 5517 ἀληθῆ
2566 5448 2664 5519 τὴν
2685 5452 2765 5511 εἰς
2785 5450 3002 5518 ἐτέρους
3033 5447 3254 5515 ἀγάπην
3285 5443 3706 5514 ἐπιτηδεύοντας,
3734 5435 3873 5504 ζητεῖν

693 5525 848 5584 cordi
898 5528 969 5582 sit
1003 5541 1068 5582 ac
1098 5528 1363 5597 voluptati
1397 5537 1663 5600 quaerant,
1699 5530 1792 5586 sed
1823 5532 1968 5601 quod
2015 5533 2138 5588 usui
2185 5534 2258 5589 sit

2253 5572 2258 5586 .
2357 5537 2656 5607 ἀναγκαῖον
2685 5541 2802 5609 ούχὶ
2859 5540 2922 5593 5+
2979 5540 3194 5602 πάντως
3225 5537 3384 5609 μόνον
3435 5535 3496 5588 τὸ
3531 5532 3706 5602 σφίσιν
3732 5523 3870 5580 αὐτοῖς

761 5668 804 5703 δ’
844 5664 1080 5738 Philipp.
1119 5683 1177 5732 ι,
1217 5669 1289 5723 25

761 5818 838 5892 (Ι)
871 5820 1234 5893 Ἀποκάλυψιν
1265 5821 1350 5881 cd.
1374 5822 1540 5892 Infra,
1571 5840 1625 5895 p.
1659 5826 1781 5890 ΒΗ,
1815 5823 1901 5880 διὰ
1930 5827 2025 5896 τήν
2052 5824 2310 5883 δοκοῦσαν
2335 5827 2378 5882 ά·

2410 5764 2441 5796 ο

1213 5839 1234 5876 ν
1265 5821 1350 5881 cd.
1374 5822 1540 5892 Infra,
1571 5840 1625 5895 p.
1659 5826 1781 5890 ΒΗ,
1815 5823 1901 5880 διὰ
1930 5827 2025 5896 τήν
2052 5824 2310 5883 δοκοῦσαν
2335 5827 2632 5897 ἀπόλειψιν.
2679 5827 2830 5884 Emr.
