4096 6482
206 359 342 416 399

1206 398 1209 401 γ
1266 358 1658 417 lN-‘JOANNIS
1690 361 2147 420 EVANGELlUM
2188 362 2316 418 LIB.
2364 362 2428 417 XL

3380 363 3484 418 5-ῐο

209 479 328 549 ἡδύ
358 496 418 531 τε
452 478 551 530 καί
572 478 741 547 φίλον,
764 478 900 532 ἀλλά
930 479 1024 532 καὶ
1048 480 1161 542 τοῖς
1192 479 1581 550 ἀγαπωμένοις
1596 481 1809 533 λυσιτε-

1923 481 1985 536 iis
2024 496 2167 551 quos
2215 481 2473 553 diligunt,
2518 478 2811 535 occasione
2867 477 2935 533 id!
2971 479 3304 550 postulante.
3339 479 3489 547 Quo-

212 569 341 634 λὲς,
381 568 576 640 καιροῦ
602 570 696 623 καὶ
720 569 878 623 τοῦτο
906 570 1039 641 δρᾷν
1089 570 1500 634 ἀναπείθοντος.
1529 572 1627 626 Διά
1654 570 1813 625 τοῦτο

213 662 326 713 καὶ
380 662 407 711 ὁ
462 659 671 723 Παῦλος
718 660 1068 725 ἐπιστέλλων,
1132 662 1318 731 φησίν·
1357 681 1375 713 ι
1418 662 1482 715 Ἢ
1533 663 1720 732 ἀγάπη
1750 664 1811 714 οὐ

215 751 652 821 περπερεύεται,
687 750 747 803 ού
788 750 1099 820 φυσιοῦται,
1124 752 1225 805 ούκ
1269 754 1589 824 ἀσχημονεῖ,
1622 755 1683 806 ού
1714 754 1811 824 ζη-

216 844 315 893 τεῖ
337 840 408 893 τά
431 842 647 912 ἑαυτῆς.
675 859 692 892 ι
719 841 881 910 Λέγει
908 842 962 895 δέ
987 844 1122 913 πρὸς
1145 842 1313 907 τιναςέ
1349 863 1369 894 ε
1390 846 1479 914 Μὴ
1512 845 1581 898 τὰ
1606 846 1813 899 ἑαυτῶν

219 931 545 1001 ζητοῦντες.
576 931 713 985 ἀλλά
745 934 840 986 καὶ
874 933 942 986 τὰ
982 935 1205 1006 ἐτέρων.
1244 955 1267 989 ι
1309 936 1553 1006 Ἀγάπης
1578 936 1685 1007 γὰρ
1727 936 1817 1008 ἔρα

219 1041 327 1090 τον
351 1024 450 1095 τῆς
485 1024 770 1094 ἀκριϐοῦς,
802 1026 923 1096 οὐχὶ
943 1026 1117 1096 δήπου
1150 1028 1373 1090 πάντως
1395 1027 1455 1080 τὸ
1488 1029 1647 1097 μόνον
1670 1030 1815 1098 ἡμᾶς

220 1119 487 1187 προνοεῖν
531 1116 641 1169 τῶν
696 1116 841 1171 ἰδίων
874 1118 1114 1185 ἀγαθῶν,
1162 1118 1303 1171 ἀλλὰ·
1336 1120 1431 1172 καὶ
1477 1119 1557 1187 τῷ
1585 1120 1815 1189 πλησίον

221 1205 697 1277 περισκέπτεσθαι
716 1206 777 1259 τὸ
805 1208 1275 1277 χρήσιμον-κητοῦτο
1305 1206 1415 1278 γὰρ
1440 1211 1657 1279 φρονεῖν
1688 1210 1816 1261 ἀναε-

222 1298 411 1351 πείθει
430 1300 556 1360 τοὺς
580 1296 797 1351 ἐαυτοῦ-
832 1298 1078 1368 μαθητάς
1131 1299 1220 1353 διὰ
1247 1298 1357 1352 τῶν
1388 1301 1764 1370 προκειμένων
1789 1303 1817 1353 ὁ

221 1392 451 1461 Σωτήρ.
484 1391 593 1443 Καὶ
624 1390 757 1459 φέρε
781 1390 845 1460 δὴ
877 1389 1040 1443 πάλιν
1069 1391 1152 1459 ἐφ’
1184 1392 1316 1461 ἡμῖν
1350 1391 1536 1453 αὐτοῖς
1565 1390 1815 1460 καθάπερ

224 1482 326 1533 ἐπὶ
356 1482 564 1546 πίνακι,
599 1480 946 1551 λεπτοτέροις
973 1480 1261 1551 γραφείοις
1283 1481 1380 1552 τὴν
1409 1481 1503 1534 τοῦ
1538 1481 1819 1551 θεωρήμα-

222 1590 327 1636 τος
362 1574 766 1636 ἀνατυποῦντες
818 1572 1070 1642 δύναμιν,
1134 1574 1514 1644 ἀναϐαίνωμεν
1572 1573 1817 1626 ἐντεῦθεν

227 1667 329 1719 ἐπὶ
348 1667 411 1719 τὸ
439 1666 676 1737 Χριστοῦ
714 1668 1030 1737 μυστήριον.
1086 1667 1343 1739 Προξενεῖ
1371 1667 1477 1738 γάρ
1510 1666 1767 1730 πολλάκις
1792 1669 1820 1719 ὁ

225 1760 292 1811 ἐν
309 1761 427 1821 τοῖς
454 1758 703 1811 ἐλάττοσι
723 1757 894 1822 τύπος
908 1758 970 1812 τὸ
989 1760 1272 1827 ἐφικέσθαι
1301 1760 1562 1813 δύνασθαι
1596 1761 1693 1813 καλ⁹
1710 1760 1817 1813 τῶν

1915 574 2063 627 circa
2092 583 2145 628 et
2164 572 2369 628 Paulus
2396 573 2461 627 ad
2493 572 2761 643 quosdam
2796 571 3021 626 scribit:
3057 591 3074 623 ι
3093 571 3349 628 Charitas
3378 589 3485 628 non

1915 664 2024 735 agit
2054 680 2361 734 perperam,
2390 680 2499 719 non
2526 664 2759 730 inﬂatur,
2786 678 2894 717 non
2917 671 3000 718 est
3037 664 3355 731 ambitiosa,
3380 682 3487 719 non

1915 758 2114 826 quaerit
2147 772 2267 828 quae
2301 773 2401 812 sua
2432 765 2562 813 sunt
2586 757 2652 809 ⁸ο.
2703 775 2721 807 ι
2766 755 2846 810 Ad
2877 754 3016 810 alios
3051 763 3234 810 autem
3268 773 3281 809 :
3317 776 3335 807 ι
3373 756 3489 809 Non

1917 864 2017 905 sua
2058 856 2389 920 quaerentes,
2420 848 2515 904 sed
2564 864 2685 919 quae
2730 854 2861 903 sunt
2908 847 3139 902 aliorum
3164 849 3233 902 ⁸¹.
3278 866 3296 900 ›
3339 847 3495 901 Vera:

1916 942 2121 997 etenim
2172 941 2461 997 cbaritatis
2514 956 2652 1011 opus
2698 947 2815 1007 est,
2852 954 2963 994 non
2998 940 3187 1011 utique
3236 955 3338 995 nos
3400 955 3488 993 nov

1917 1043 2160 1090 strorum
2186 1033 2459 1088 bonorum
2485 1034 2751 1087 duntaxat
2779 1047 2969 1086 curam
3003 1048 3211 1104 gerere,
3239 1031 3335 1087 sed
3362 1046 3488 1101 pro-

1916 1124 2124 1193 pinquo
2164 1124 2311 1194 quod
2344 1124 2471 1180 usui
2528 1124 2599 1180 sit
2636 1125 2941 1194 providere.
2976 1126 3035 1179 1d
3084 1126 3232 1180 enim
3285 1127 3485 1179 seutirc

1918 1231 2049 1271 suos
2100 1215 2407 1285 discipulos
2457 1215 2561 1270 hoc
2597 1217 2717 1270 loco
2772 1215 3027 1271 Servator
3072 1216 3348 1271 admonet.
3386 1214 3489 1268 Sed

1918 1323 2037 1376 age,
2075 1322 2274 1363 rursus
2324 1308 2379 1361 in
2424 1308 2583 1363 nobis
2632 1308 2766 1379 ipsis
2801 1310 2949 1363 velut
2991 1309 3045 1363 in
3084 1309 3271 1364 tabula
3323 1308 3491 1378 hujus

1918 1406 2104 1454 textus
2128 1399 2239 1453 vim
2274 1406 2327 1455 et
2358 1400 2626 1455 rationem
2677 1400 2951 1455 subtiliori
3003 1400 3258 1470 penicillo
3288 1399 3490 1470 depin-

1920 1500 2130 1560 gentes,
2180 1491 2309 1545 hinc
2365 1491 2431 1545 ad
2466 1490 2670 1547 Christi
2724 1491 3048 1563 mysterium
3102 1492 3489 1547 ascendamus.

1922 1579 2076 1649 Saepe
2109 1581 2255 1636 enim
2308 1597 2497 1636 rerum
2542 1583 2856 1637 tenuiorum
2908 1583 3217 1651 exemplum
3272 1581 3402 1634 facit
3433 1588 3491 1634 ut

1921 1671 1987 1725 ad
2040 1687 2130 1727 res
2183 1672 2648 1741 incomparabiles
2705 1674 3021 1729 evehamur.
3058 1673 3227 1743 Igitur
3282 1683 3490 1743 gratum

1920 1768 2059 1825 erat,
2088 1760 2241 1815 verbi
2276 1762 2474 1831 gratia,
2506 1760 2663 1816 Pauli
2698 1763 2990 1833 discipulis
3021 1778 3149 1817 cum
3180 1777 3243 1817 eo
3279 1777 3493 1832 semper

224 1851 581 1920 ἀσυγκρίτως
612 1850 755 1920 ἔχειν
786 1853 1260 1921 πεπιστευμένων.
1288 1852 1501 1906 Οὐκοῦν
1541 1854 1638 1924 ἡδὺ
1682 1853 1779 1923 μὲν
1800 1894 1814 1917 ,

1923 1851 2129 1906 versari
2168 1869 2181 1906 :
2218 1852 2316 1907 sed
2368 1853 2564 1907 melius
2598 1852 2770 1908 Paulo
2817 1868 2881 1909 ac
2937 1854 3113 1910 satius
3169 1854 3392 1908 dissolvi
3442 1860 3494 1908 et

226 1940 369 2012 φέρε
402 1944 595 2005 εἰπεῖν,
619 1944 733 2005 τοῖς
762 1941 976 1995 Παύλου
1005 1943 1278 2013 μαθηταῖς
1314 1946 1376 1997 τὸ
1404 1944 1553 2015 αύτῷ
1581 1947 1818 1998 συνεῖναι

221 2031 320 2084 διὰ
347 2032 571 2095 παντὸς·
605 2033 740 2086 ἀλλά
774 2035 1023 2104 κρεῖττον
1081 2034 1160 2104 τῷ
1210 2034 1410 2105 Παύλῳ
1460 2038 1521 2088 τὸ
1556 2036 1819 2089 ἀναλῦσαι

226 2122 452 2173 καὶνσὺν
487 2120 707 2192 Χριστῷ
729 2117 893 2185 εἶναι,
924 2122 1177 2193 καθάπερ
1212 2124 1373 2185 αὐτὸς
1397 2123 1819 2178 διεϐεϐαιὼσατο

225 2212 483 2281 γράφων.
514 2208 623 2265 Ἧν
656 2209 750 2266 οῦν
798 2213 957 2284 ἔργον
995 2217 1109 2277 τοῖς
1142 2216 1362 2285 ἀγαπᾷν
1406 2215 1680 2284 ἑλομένοις
1718 2217 1816 2268 αὑ-

223 2303 344 2369 τὸν,
370 2304 432 2356 τὸ
452 2302 694 2375 πληροῦν
730 2305 1049 2372 ἐπείγεσθαι
1083 2304 1182 2374 τὴν
1223 2307 1301 2368 εἰς
1329 2306 1489 2359 αὑτὸν
1523 2306 1821 2376 ἀγάπησιν,

228 2395 331 2447 καὶ
376 2396 451 2464 μὴ
486 2394 766 2448 δύσοιστον
809 2396 897 2449 ἀεὶ
946 2397 1218 2450 ποιεῖσθαι
1240 2398 1302 2449 τὸ
1326 2397 1510 2460 αὐτοῖς
1540 2398 1631 2449 καὶ
1663 2397 1821 2468 μόνον

226 2485 356 2553 ἡδὺ,
391 2485 823 2556 περιαθροῦντας
860 2487 918 2539 δὲ
972 2488 1175 2557 μᾶλλον
1199 2488 1378 2541 καὶτὸ
1410 2487 1487 2557 τῷ
1519 2488 1824 2558 διδασκάλῳ

229 2577 605 2647 ἀποδημοῦντι
636 2578 940 2649 συμφέρον,
976 2579 1293 2646 ἐπείγεσθαι
1322 2582 1558 2632 συνεῖναι
1580 2577 1819 2649 Χριστῷ.

232 2669 423 2737 Ἔχεις
449 2670 542 2722 τοῦ
578 2670 932 2741 θεωρήματος
966 2672 1023 2724 ἐν
1052 2673 1164 2734 τοῖς
1194 2672 1314 2725 καθ’
1337 2673 1483 2742 ἡμᾶς
1506 2671 1602 2742 τὴν
1634 2671 1812 2724 σκιάν.

222 2761 370 2831 Φέρε
397 2761 462 2831 δὴ
491 2762 690 2825 τοίνυν,
723 2762 830 2815 τῶν
871 2764 966 2815 ἐπὶ
998 2762 1221 2833 Χριστῷ
1255 2763 1571 2833 μυστηρίων
1601 2762 1699 2829 τὴν
1723 2761 1815 2813 δύ-

1916 1956 2039 1997 esse
2097 1956 2222 1996 cum
2280 1942 2524 2008 Christo,
2568 1944 2713 1999 sicut
2770 1944 2887 2014 ipse
2938 1944 3306 1998 confirmavit.
3345 1942 3494 2013 Opus

1916 2032 2084 2102 igitur
2116 2042 2200 2087 est
2258 2041 2315 2087 ut
2357 2034 2450 2103 qui
2502 2050 2628 2089 eum
2670 2034 2929 2105 diligunt,
2967 2035 3314 2090 dilectionem
3364 2049 3494 2104 erga

1915 2138 2039 2178 eum
2071 2123 2301 2193 implere
2330 2132 2625 2190 conentur,
2652 2142 2832 2196 neque
2864 2136 3079 2180 tantum
3120 2141 3276 2196 azquo
3311 2126 3494 2179 animo

1914 2230 1979 2270 ea
2021 2214 2197 2269 ferant
2249 2231 2372 2285 qua:
2412 2216 2533 2271 sibi-
2564 2218 2693 2273 unis
2727 2226 2883 2287 grata
2925 2229 3073 2281 sunt,
3104 2219 3197 2273 scd
3245 2217 3496 2272 conside-

1921 2314 2111 2359 rantes
2147 2306 2335 2374 potius
2369 2307 2515 2376 quod
2551 2309 2856 2364 discedenti
2910 2309 3173 2379 magistro
3218 2309 3497 2365 conduce-

1921 2404 2024 2461 ret,
2071 2398 2295 2452 studere
2336 2412 2461 2452 cum
2490 2398 2713 2455 Christo
2744 2402 2978 2457 versari.
3016 2400 3197 2456 Habes
3247 2402 3301 2456 in
3338 2402 3496 2457 nobis

1920 2487 2281 2543 theorematis
2320 2488 2469 2544 illius
2506 2491 2781 2546 umbram.
2816 2492 3057 2563 Agedum
3090 2507 3241 2562 ergo,
3286 2493 3394 2547 vim
3444 2499 3497 2545 et

1921 2578 2186 2634 rationem
2218 2580 2425 2636 Christi
2472 2582 2864 2650 mysteriorum
2917 2598 3018 2637 ccu
3065 2583 3281 2636 colores
3315 2582 3496 2635 varios

1924 2671 2134 2725 umbris
2185 2672 2532 2737 inducentes,
2564 2674 2738 2743 ipsam
2779 2675 2925 2731 clare
2975 2675 3194 2731 demum
3242 2673 3498 2729 ostenda-

1926 2779 2047 2818 mus
2071 2765 2378 2821 veritatem.

225 2824 401 2924 ναμιν
448 2824 697 2928 καθάπερ
734 2874 788 2910 τι
822 2856 1024 2928 χρῶμα
1054 2824 1345 2921 ’πολυειδὲς
1379 2824 1499 2921 ταῖς
1539 2824 1717 2919 σκιαῖς
1761 2855 2166 2927 ἐπαλείφοντες,
2223 2860 2392 2932 αὐτὴν
2431 2862 2530 2933 ἤδη
2578 2824 2761 2932 σαφῶς
2811 2862 3164 2934 ἐπιδείξωμεν
3216 2864 3313 2934 τὴν
3363 2863 3497 2933 ἀλή-

228 2951 290 3005 θε
300 2970 409 3007 ιαν.

314 3049 405 3101 Ἐν
438 3052 617 3121 μορφῇ
650 3050 758 3122 γάρ
796 3050 1058 3121 ὑπάρχων
1100 3050 1187 3103 τοῦ
1235 3051 1370 3104 Θεοῦ
1403 3052 1497 3105 καὶ
1538 3052 1751 3123 Πατρὸς
1792 3053 1819 3105 ὁ

1991 3046 2128 3101 Nam
2186 3061 2310 3101 cum
2339 3048 2394 3099 in
2444 3048 2619 3100 forma
2660 3044 2754 3101 Dei
2800 3060 2864 3100 ac
2900 3045 3084 3100 Patris
3124 3052 3268 3100 esset
3302 3043 3499 3115 Unige-

231 3139 567 3210 Μονογενὴς,
599 3140 693 3193 καὶ
749 3142 806 3193 ἐν
867 3141 1070 3211 ἰσότητι
1107 3145 1173 3213 τῇ
1205 3143 1348 3196 κατά
1406 3143 1670 3213 Πνεῦμα,
1720 3144 1818 3212 οὐχ

233 3232 535 3301 ἁρπαγμὸν
576 3234 821 3304 ἡγήσατο
852 3234 913 3286 τὸ
942 3230 1078 3288 εἶναι
1109 3236 1200 3289 ίσα
1225 3235 1362 3305 Θεῷ,
1405 3236 1492 3290 διά
1516 3253 1574 3288 τε
1606 3235 1703 3306 τὴν
1737 3236 1819 3297 είς

234 3325 387 3392 ἡμᾶς
422 3325 699 3394 ἀγάπησιν
751 3326 1054 3378 κεκένωκεν
1108 3327 1323 3391 ἑαυτὸν,
1376 3326 1590 3397 μορφὴν
1632 3326 1816 3379 δούλου

234 3416 438 3477 λαϐὼν,
467 3418 561 3470 καὶ
582 3418 791 3487 ὑπέστη
811 3418 1050 3485 γεντοῦτο
1078 3418 1284 3483 παθὼν,
1322 3420 1408 3472 ἵνα
1444 3420 1648 3483 πάντας
1671 3420 1819 3489 ἡμᾶς

236 3506 518 3579 ἀπευθύνῃ
556 3508 691 3579 πρὸς
724 3510 901 3562 πᾶσαν
947 3509 1156 3578 εἴδησιν
1192 3512 1413 3581 ἀρετῆς,
1447 3512 1555 3575 ἵνα,
1596 3511 1682 3565 διὰ
1721 3512 1819 3582 τῆς

236 3597 348 3649 τῶν
378 3597 673 3667 θαυμάτων
692 3598 1025 3670 ἀσυγκρίτου
1056 3601 1433 3671 φαιδρότητος,
1468 3601 1706 3672 θεωροὺς
1731 3619 1821 3669 γε-

237 3690 429 3743 νέσθαι
456 3690 852 3761 παρασκευάσῃ
872 3691 973 3760 τῆς
1004 3692 1229 3763 ἐνούσης
1280 3696 1344 3764 τῇ
1394 3692 1513 3763 θείᾳ
1543 3694 1701 3761 φύσει
1731 3694 1821 3746 δυ-

240 3779 458 3847 νάμεώς
485 3797 543 3833 τε
564 3779 659 3832 καὶ
693 3778 871 3850 δόξης,
904 3779 999 3832 καὶ
1029 3780 1343 3852 ὑπερφυοῦς
1376 3781 1643 3848 ἐξουσίας.
1664 3781 1820 3834 Οῦτω

240 3869 349 3939 γάρ
374 3865 440 3939 ἦν
465 3870 754 3923 ἀναπεῖσαι
784 3871 911 3933 τοὺς
952 3872 1030 3935 είς
1060 3873 1298 3941 ἐσχάτην
1324 3872 1564 3942 ἀμαθίαν
1592 3872 1821 3943 ὠλισθη-

242 3960 427 4023 κότας,
454 3961 762 4033 ἀνασφῆλαι
788 3961 949 4015 πάλιν
988 3965 1067 4025 εἰς
1100 3962 1334 4030 σύνεσιν,
1361 3964 1456 4017 καὶ
1497 3968 1822 4035 προσκυνεῖν

244 4053 347 4120 μὲν
372 4053 555 4105 ούκέτι
583 4055 648 4123 τῇ
681 4052 855 4105 κτίσει
882 4052 1033 4124 παρά
1056 4053 1147 4105 τὸν
1178 4054 1461 4119 κτίσαντα,
1488 4055 1580 4107 τὸν
1606 4056 1661 4109 δὲ
1684 4056 1821 4125 ἀλη-

241 4144 353 4207 θῶς
380 4144 476 4196 ἕνα
512 4147 607 4197 καὶ
640 4144 797 4213 φύσει
824 4145 955 4197 Θεὸν
1006 4145 1431 4216 ἐπιγράφεσθαι.
1474 4146 1733 4217 Ὠφέλησε
1765 4148 1822 4199 δέ

241 4235 338 4289 καὶ
367 4236 485 4288 καθ’
514 4235 729 4306 ἑτέρους
753 4237 988 4308 τρόπους
1009 4238 1158 4307 ἡμᾶς
1174 4239 1201 4290 ὁ
1220 4238 1527 4308 Μονογενὴς
1555 4239 1823 4310 ἐνανθρω-

242 4328 445 4397 πὴσας·
474 4328 806 4398 κατέστρεψε
828 4328 937 4396 γὰρ
970 4327 1068 4380 τοῦ
1097 4328 1329 4382 θανάτου
1352 4328 1413 4383 τὸ
1438 4328 1663 4399 κράτος,
1688 4347 1820 4383 κατ-

1926 3139 2096 3203 nitus,
2147 3146 2200 3189 et
2249 3137 2303 3189 in
2351 3136 2666 3205 aequalitate
2718 3135 3019 3190 secundum
3062 3132 3350 3204 Spiritum,
3389 3149 3498 3189 non

1926 3232 2178 3301 rapinam
2218 3227 2522 3283 arbitratus
2557 3234 2645 3283 cst
2672 3242 2795 3282 esse
2829 3242 2888 3281 se
2937 3226 3199 3295 wqualem
3237 3225 3367 3293 Deo,
3404 3226 3499 3281 sed

1927 3326 2151 3391 propter
2199 3333 2356 3374 suam
2413 3318 2469 3371 in
2529 3333 2627 3373 nos
2688 3318 3012 3371 cbaritatcm
3055 3316 3356 3371 exiuanivit
3412 3332 3497 3371 se-

1927 3412 2245 3482 metipsum,
2286 3410 2512 3465 formam
2550 3410 2695 3464 servi
2725 3408 2887 3480 843
2919 3409 3198 3475 accipiens
3227 3409 3294 3472 δ’,
3331 3408 3497 3477 idque

1927 3504 2215 3570 Sustinuit,
2244 3511 2304 3557 ut
2338 3519 2442 3557 nos
2480 3517 2673 3557 omnes
2706 3502 2772 3555 ad
2800 3516 3017 3555 onmem
3056 3501 3280 3555 virtutis
3310 3500 3501 3570 cogni-

1928 3594 2503 3658 tioneminl‘ormaret,
2531 3604 2589 3648 ut
2613 3610 2708 3664 per
2746 3593 3233 3661 incomparabilem
3272 3593 3501 3645 miracu-

1927 3689 2104 3742 lorum
2135 3686 2439 3741 claritatem
2470 3693 2806 3755 spectatores
2838 3701 2939 3741 nos
2964 3685 3195 3740 cllicerct
3227 3684 3350 3753 ejus
3379 3699 3502 3753 quae

1928 3788 2141 3835 naturae
2173 3777 2375 3833 divinae
2410 3779 2552 3832 inest
2584 3778 2809 3832 virtutis
2836 3784 2889 3831 et
2918 3777 3123 3846 gloriaa,
3151 3792 3216 3831 ac
3241 3790 3499 3845 superna-

1930 3872 2127 3927 turalis
2184 3871 2457 3940 potentia).
2493 3869 2586 3923 Sic
2641 3871 2787 3924 enim
2846 3871 2897 3923 in
2959 3876 3259 3924 extremam
3317 3867 3500 3937 lapsos

1931 3964 2204 4019 inscitiam
2253 3962 2319 4017 ad
2356 3976 2546 4015 sanam
2581 3972 2816 4017 mentem
2866 3961 3046 4016 denuo
3096 3974 3359 4014 revocare
3409 3973 3503 4027 po-

1931 4065 2089 4120 terat,
2126 4056 2200 4109 ita
2234 4064 2291 4108 ut
2326 4062 2635 4109 creaturam
2670 4070 2777 4107 non
2804 4053 3043 4123 amplius
3068 4052 3369 4107 adorarent
3394 4067 3503 4121 pra:

1930 4148 2214 4210 Creatore,
2246 4146 2341 4201 sed
2385 4161 2552 4200 unum
2586 4160 2714 4200 vere
2741 4160 2808 4199 ac
2844 4153 3038 4199 natura
3072 4142 3239 4199 Deum
3290 4158 3505 4197 nuncu-

1931 4244 2147 4308 parent.
2181 4235 2286 4290 Sed
2333 4244 2386 4290 et
2417 4236 2544 4291 aliis
2577 4234 2754 4289 modis
2792 4250 2892 4290 nos
2929 4233 3259 4305 Unigenitus
3290 4248 3504 4288 assum-

1933 4338 2020 4399 pta
2082 4345 2249 4384 carne
2309 4328 2803 4397 juvitzdestruxit
2870 4327 3017 4381 enim
3081 4326 3274 4381 mortis
3336 4324 3504 4394 impe—

242 4422 402 4474 έλυσε
438 4421 532 4490 τῆς
569 4421 851 4490 ἁμαρτίας
882 4420 981 4492 τὴν
1005 4420 1258 4491 δύναμιν,
1291 4421 1524 4474 δέδωκεν
1549 4423 1685 4492 ἡμῖν
1712 4439 1819 4476 πα-

1932 4421 2071 4474 rium
2100 4420 2168 4485 ⁸⁸,
2215 4419 2325 4474 vim
2364 4420 2575 4491 peccati
2627 4419 2877 4483 resolvit,
2913 4434 3079 4489 supra
3120 4424 3403 4488 serpentes
3453 4424 3501 4469 et

242 4512 353 4563 τεῖν
385 4509 570 4562 ἐπάνω
598 4510 774 4579 ὄφεων
820 4510 915 4562 καὶ
942 4510 1242 4579 σκορπίων,
1278 4510 1372 4563 καὶ
1404 4510 1495 4562 ἐπὶ
1525 4512 1703 4564 πᾶσαν
1727 4510 1822 4581 τὴν

243 4601 470 4671 δύναμιν
504 4600 599 4653 τοῦ
631 4600 847 4673 ἐχθροῦ.
880 4596 989 4653 Ἦν
1018 4595 1111 4654 οῦν
1133 4600 1261 4670 ἄρα,
1288 4601 1383 4654 καὶ
1430 4600 1548 4655 λίαν
1572 4602 1818 4667 είκότως,

244 4696 377 4763 ἡμῖν
405 4692 502 4762 μὲν
535 4693 737 4756 αὐτοῖς,
773 4693 805 4761 ἦ
843 4691 937 4744 καὶ
974 4694 1087 4755 τοῖς
1112 4692 1289 4759 ἁγίοις
1313 4692 1608 4762 μαθηταῖς,
1640 4692 1735 4764 ἡδύ
1761 4709 1819 4744 τε

245 4786 337 4838 καὶ
358 4784 529 4852 φίλον,
562 4784 654 4837 καὶ
687 4783 884 4847 παντὸς
924 4782 1072 4848 ἀξιον
1122 4784 1301 4851 λόγου,
1342 4783 1402 4836 τὸ
1457 4785 1693 4837 συνεῖναι
1739 4783 1827 4836 διά

246 4877 444 4939 παντὸς
474 4877 553 4945 τῷ
581 4876 852 4929 τοσούτων
901 4877 1032 4946 ἡμῖν
1065 4876 1287 4944 ἀγαθῶν
1334 4875 1521 4946 δοτῆρι
1571 4873 1827 4948 Χριστῷ,

247 4965 603 5035 συμπαρόντα
635 4981 693 5016 τε
736 4964 823 5017 ἀεὶ
849 4964 943 5018 καὶ
993 4964 1447 5035 συνδιαιτώμενον
1483 4965 1643 5034 ἔχειν.
1688 4965 1828 5017 Ἀλλ’

244 5058 305 5110 ού
344 5056 549 5126 σφόδρα
591 5056 861 5127 χρήσιμον
915 5055 1065 5125 αύτῷ
1117 5056 1455 5124 διεφαίνετο,
1511 5058 1569 5108 ἐν
1601 5059 1830 5127 μακροῖς

244 5148 388 5201 οὓτω
450 5148 661 5217 χρόνοις
710 5147 1110 5218 ἐμφιλοχωρεῖν
1166 5146 1243 5216 τῷ
1292 5146 1391 5213 τῆς
1448 5143 1829 5209 ταπεινώσεως

202 5223 209 5228 “
244 5240 491 5309 σχήματι
524 5237 919 5307 παραδεχθέντι
971 5238 1260 5309 χρησίμως
1304 5236 1393 5290 διὰ
1421 5236 1519 5305 τὴν
1570 5238 1648 5298 είς
1684 5238 1830 5307 ἡμᾶς

242 5331 546 5400 ἀγάπησιν,
577 5330 829 5401 καθάπερ
859 5332 961 5401 ἤδη
990 5333 1345 5401 προείπομεν.
1382 5331 1529 5384 Ἔδει
1553 5331 1662 5403 γάγρ
1696 5329 1830 5400 μᾶλα

243 5422 335 5473 λον
360 5422 458 5490 τῆς
491 5421 616 5473 καθ’
644 5424 795 5492 ἡμᾶς
826 5424 1137 5493 οἰκονομίας
1170 5422 1480 5486 ἀκολούθως
1525 5424 1625 5494 ἥδη
1658 5440 1828 5475 πεπε-

247 5514 546 5584 ρασμένης,
582 5516 660 5577 είς
691 5514 790 5583 τὴν
840 5515 976 5568 ἰδίαν
1032 5516 1394 5584 ἀναφοιτῆσαι
1425 5514 1579 5579 δόξαν
1632 5516 1824 5579 αὐτὸν,

244 5606 337 5659 καί
373 5604 513 5675 μετά
549 5604 648 5673 τῆς
694 5605 761 5657 δι’
806 5607 955 5676 ἡμᾶς
983 5606 1286 5677 ληφθείσης
1315 5606 1518 5677 σαρκὸς
1540 5605 1823 5676 παλινδρο-

1930 4510 2288 4579 scorpiones,
2345 4518 2400 4565 et
2458 4526 2625 4580 supra
2689 4524 2907 4564 omnem
2967 4508 3142 4564 hostis
3206 4508 3502 4578 potentiam

1931 4602 2145 4656 calcare
2176 4600 2305 4655 fecit
2329 4600 2399 4653 5‘.
2425 4599 2555 4655 Erat
2585 4600 2751 4671 igitur
2782 4598 3251 4670 iucundissimum
3275 4606 3327 4653 et
3352 4604 3504 4667 opta-

1931 4694 2226 4760 tissimum,
2257 4710 2379 4748 cum
2409 4693 2566 4749 nobis
2604 4694 2761 4764 ipsis,
2796 4703 2908 4747 tum
2946 4692 3156 4747 sanctis
3189 4688 3500 4758 discipulis,

1931 4801 2147 4855 semper
2177 4802 2301 4841 esse
2336 4801 2447 4839 una
2469 4800 2593 4839 cum
2626 4792 2907 4839 tantorum
2948 4784 3213 4837 bonorum
3247 4780 3505 4850 largitore

1928 4875 2167 4939 Christo,
2206 4890 2269 4928 ac
2318 4882 2648 4944 prazsentem
2692 4888 2912 4944 semper
2943 4888 3068 4927 eum
3115 4886 3177 4926 ac
3214 4870 3499 4926 nobiscum

1929 4972 2241 5019 versantem
2272 4964 2477 5019 habere
2509 4984 2521 5018 :
2560 4963 2654 5018 sed
2692 4979 2801 5017 non
2837 4963 3067 5016 multum
3096 4961 3145 5016 ei
3190 4960 3325 5015 utile
3352 4960 3504 5015 vide-

1930 5055 2113 5121 batur,
2142 5062 2254 5109 tam
2300 5054 2485 5125 longis
2524 5055 2867 5124 temporibus
2915 5051 3247 5107 commorari
3296 5050 3352 5104 in
3403 5049 3502 5103 bu-

1930 5147 2183 5202 militatis
2244 5146 2422 5199 forma
2474 5161 2641 5215 quam
2701 5155 2925 5216 propter
2974 5144 3321 5200 dilectionem
3374 5157 3501 5212 erga

1930 5252 2031 5291 nos
2088 5244 2491 5306 assumpserat,
2526 5235 2693 5291 sicuti
2736 5236 2850 5306 jam
2892 5236 3151 5291 diximus.
3204 5234 3504 5305 Oportebat

1926 5330 2098 5393 enim,
2128 5340 2314 5386 nostra
2336 5330 2752 5400 dispensatione
2768 5330 2883 5399 jam
2906 5329 2972 5383 ad
2993 5330 3197 5384 exitum
3220 5328 3501 5400 perducta,

1929 5419 1995 5473 ad
2028 5435 2182 5473 suam
2212 5419 2442 5490 gloriam
2483 5421 2664 5489 ipsum
2706 5419 2913 5486 redire,
2941 5429 3142 5475 etcum
3176 5435 3346 5473 carne
3377 5432 3503 5488 pro-

1928 5518 2053 5580 pter
2092 5526 2192 5567 nos
2253 5521 2533 5580 assumpta
2583 5511 2649 5566 ad
2697 5512 3067 5581 aequalitatem
3121 5526 3243 5565 cum
3286 5510 3394 5563 Deo
3441 5522 3503 5559 ac.

1928 5604 2086 5660 Patre
2135 5605 2359 5671 reverti,
2396 5622 2560 5677 quam
2612 5622 2735 5660 cum
2774 5607 3021 5677 rapinam
3058 5604 3355 5658 arbitratus
3396 5614 3503 5653 non

318 5782 365 5814 ιο
404 5782 424 5836 ι
460 5784 592 5839 Cor.
622 5798 755 5850 xm,
788 5782 849 5852 4,
1017 5784 1055 5815 δι
1100 5783 1281 5839 lCor.
1321 5799 1377 5849 ιι,
1409 5782 1495 5836 at.
1577 5784 1619 5815 δ’
1656 5766 1819 5851 Phili;

1939 5797 2000 5846 ir,
2045 5782 2164 5837 6—8.
2245 5782 2288 5813 ⁸³
2324 5781 2366 5836 ll
2407 5781 2548 5836 Tim.
2586 5797 2625 5848 ι,
2660 5782 2745 5835 10.
2823 5783 2867 5814 ⁵³
2904 5780 3035 5834 Luc.
3069 5796 3134 5842 χ,
3174 5778 3256 5831 19.
