4096 6476
622 334 721 390 ’ὃΗ

1647 333 1704 386 S.
1746 332 2028 389 CYRILLI
2062 334 2537 390 ALEXANDRINI
2572 334 2891 390 ARCHIEP.

3783 326 3903 380 5F!

620 458 770 508 esset
807 449 1007 521 (ipsam
1057 448 1203 504 enim
1256 461 1358 502 ceu
1413 447 1696 517 proprium
1747 448 1953 503 bonum
1994 450 2184 505 habere

2306 454 2427 522 μεῖν
2457 454 2536 516 είς
2561 452 2782 522 ἰσότητα
2811 452 2910 521 τὴν
2941 449 3078 520 πρὸς
3107 445 3241 501 Θεὸν
3283 445 3380 499 καὶ
3406 440 3653 513 Πατέρα,
3686 438 3759 509 ἢν
3790 438 3899 507 οὐχ

623 542 884 608 licebat),
943 542 998 595 in
1060 540 1357 595 humanam
1417 539 1814 608 ignobilitatem
1884 541 2191 597 descendit.

623 632 878 700 Quandiu
929 631 1075 687 enim
1126 639 1248 686 erat
1278 630 1332 685 in
1362 637 1531 693 terra,
1562 629 1688 684 licet
1724 631 1868 686 Deus
1913 633 2193 697 sitverus,

621 740 685 779 ac
731 724 974 779 universi
1012 722 1301 785 Dominus,
1328 722 1479 776 nullo
1510 729 1691 776 tamen
1728 732 1978 777 nostrum
2012 724 2194 793 potior

618 817 974 886 reputabatur
1013 816 1081 870 ab
1107 814 1176 870 iis
1202 814 1296 885 qui
1337 814 1572 885 gloriam
1608 815 1729 885 ejus
1756 830 1867 869 non
1900 825 2189 871 noverant.

620 904 777 961 Unde
824 913 879 960 et
910 904 1162 974 colaphis
1200 919 1397 971 caesus,
1436 912 1492 959 et
1541 906 1720 975 sputis
1772 906 2113 976 inquinatus,
2138 914 2197 961 et

616 997 917 1052 cruciﬁxus
960 1008 1064 1062 est,
1103 1007 1155 1052 et
1197 996 1514 1051 Judaaorum
1558 1014 1761 1055 sannas
1800 1000 1945 1065 tulit,
1977 1000 2077 1071 qui
2111 1001 2193 1055 di-

615 1103 741 1141 cere
796 1089 919 1143 ausi
970 1096 1099 1143 sunt
1133 1108 1145 1143 :
1187 1109 1205 1141 ι
1242 1089 1299 1144 Si
1352 1088 1524 1146 Filius
1567 1089 1665 1145 Dei
1701 1106 1782 1158 es,
1820 1092 2091 1147 descende
2126 1093 2192 1147 de

615 1194 799 1243 cruce,
836 1187 891 1233 et
919 1179 1211 1235 credemus
1255 1180 1353 1235 tibi
1377 1182 1445 1235 ⁸³.
1482 1200 1499 1233 ι
1548 1181 1847 1251 Postquam
1885 1188 2067 1237 autem
2110 1182 2191 1235 in-

613 1273 953 1329 carnationis
1005 1274 1248 1344 implevit
1277 1276 1627 1346 mysterium,
1663 1274 1732 1329 ad
1764 1275 2042 1330 crelestem
2089 1273 2192 1328 Pa-

613 1372 751 1419 trem
785 1379 850 1420 ae
883 1364 1055 1420 Deum
1092 1380 1153 1420 se
1194 1368 1424 1435 recepit,
1458 1378 1651 1422 exacto
1676 1366 1937 1421 nimirum
1972 1367 2192 1421 humili-

613 1456 744 1509 tatis
766 1465 1033 1527 tempore,
1056 1466 1110 1511 et
1142 1458 1468 1512 voluntariae
1494 1457 1815 1513 inanitionis
1849 1458 2191 1528 temporibus

613 1547 688 1601 ad'
723 1547 926 1601 exitum
983 1548 1285 1618 perductis,
1329 1547 1473 1602 Deus
1528 1547 1749 1602 tandem
1791 1547 2046 1615 supernis
2091 1562 2189 1617 po-

613 1638 909 1693 testatibus
952 1640 1228 1708 apparuit.
1262 1638 1371 1693 Nec
1419 1640 1565 1694 enim
1607 1639 1907 1694 ascendere
1944 1639 2189 1695 universi

616 1726 910 1781 Dominum
940 1730 1140 1783 etelum
1169 1730 1461 1801 ignoravit,
1495 1729 1589 1785 sed
1620 1730 1765 1800 jussi
1804 1738 1934 1786 sunt
1967 1733 2064 1801 qui
2095 1748 2186 1787 su—

2303 545 2597 618 ἁρπαγμὸν
2653 545 2999 615 ἡγησάμενος
3060 538 3237 611 (ἐξῆν
3278 536 3387 606 γάρ
3434 534 3600 605 ἔχειν,
3634 531 3711 596 ὡς
3759 529 3901 581 ἴδιον

2300 639 2559 711 ἀγαθὸν),
2590 639 2668 701 εἰς
2694 635 3040 708 ἀνθρωπίνην
3069 629 3448 699 καταϐέϐηκεν
3475 625 3714 691 ἀδοξίαν.
3737 622 3903 681 Ἕως

2302 732 2400 802 μὲν
2427 732 2539 801 γὰρ
2558 724 2625 801 ἦν
2647 729 2741 782 ἐπὶ
2785 729 2885 799 τῆς
2926 727 3033 796 γῆς
3062 724 3163 789 ἔτι,
3210 722 3390 776 καίτοι
3433 719 3566 782 Θεὸς
3615 716 3902 785 ὑπάρχων

2299 824 2571 894 ἀληθινὸς,
2608 824 2702 877 καὶ
2731 820 2839 874 τῶν
2866 820 3006 874 ὅλων
3024 816 3248 887 Κύριος,
3269 812 3484 875 οὐδενὸς
3510 810 3756 882 ἀμείνων
3778 804 3900 857 τῶν

2299 916 2421 971 καθ’
2452 918 2600 988 ἡμᾶς
2642 914 2917 983 ἐλογίζετο
2966 910 3119 981 παρά
3156 926 3220 977 γε
3273 908 3387 969 τοῖς
3424 904 3525 958 οὐκ
3577 901 3756 955 εἰδόσι
3794 897 3905 965 τὴν

2298 1010 2456 1076 δόξαν
2482 1007 2668 1061 αὐτοῦ.
2700 1008 2812 1060 Καὶ
2860 1002 2992 1072 γοῦν
3038 997 3368 1072 ἐρραπίσθη,
3414 996 3511 1048 καὶ
3536 988 3860 1057 ἐνεπτύσθη
3880 1027 3899 1046 ς

2299 1100 2393 1155 καὶ
2414 1098 2754 1170 ἐσταυρώθη,
2772 1097 2866 1151 καὶ
2888 1096 2987 1164 τῆς
3014 1091 3282 1146 Ἰουδαίων
3302 1086 3647 1155 ἀνοσιότητος
3661 1080 3909 1170 ὑπέστη

2297 1192 2387 1246 τὸν
2407 1166 2639 1259 γέλωτα,
2661 1166 3045 1258 τολμησάντων
3061 1183 3253 1236 εἰπεῖν’
3280 1198 3296 1230 ι
3309 1180 3372 1231 Εἰ
3392 1176 3518 1239 Υίδς
3531 1170 3692 1227 εἰτοῦ
3713 1166 3901 1228 Θεοῦ,

2298 1284 2567 1353 κατάϐηθι
2596 1282 2692 1334 νῦν
2742 1279 2849 1332 ἀπὸ
2894 1277 2991 1331 τοῦ
3050 1271 3307 1345 σταυροῦ,
3363 1271 3459 1323 καὶ
3512 1259 3905 1330 πιστεύσομέν

2299 1393 2400 1429 σοι.
2417 1394 2435 1424 ι
2469 1371 2687 1440 Ἐπειδὴ
2721 1369 2782 1422 τὸ
2811 1367 2930 1421 καθ’
2953 1367 3101 1437 ἡμᾶς
3127 1359 3533 1430 ἀποπληρώσας
3557 1355 3899 1427 μυστήρισν,

2298 1467 2434 1536 πρὸς
2463 1465 2551 1517 τὸν
2591 1465 2648 1516 ἐν
2676 1464 2787 1523 τοῖς
2818 1459 3067 1531 οὐρανοῖς
3104 1449 3459 1522 ἀνεκομίζετο
3512 1446 3734 1515 Πατέρα
3796 1442 3903 1493 καὶ

2297 1559 2450 1620 Θεὸν,
2474 1556 2568 1610 ἆτε
2589 1553 2655 1624 δὴ
2681 1551 3087 1621 παρελάσαντος
3116 1546 3216 1617 ἢδη
3244 1541 3340 1595 τοῦ
3371 1541 3472 1609 τῆς
3492 1536 3900 1593 ταπεινώσεως

2296 1649 2490 1721 χρόνου
2519 1646 2613 1700 καὶ
2640 1640 3079 1713 πεπερασμένων
3104 1637 3213 1690 τῶν
3248 1632 3459 1703 καιρῶν
3492 1630 3589 1699 τῆς
3622 1624 3901 1681 ἑκουσίου

2296 1718 2601 1800 κενώσεως,
2632 1736 2765 1798 Θεὸς
2788 1733 2890 1805 ἤδη
2919 1733 3041 1793 ταῖς
3091 1728 3205 1782 ἅνω
3234 1724 3503 1793 δυνάμεσι
3546 1718 3896 1787 διεφαίνετο.

615 1822 801 1888 pernis
848 1820 1037 1890 januis
1072 1830 1335 1892 praesunt,
1369 1829 1700 1893 potestatum
1750 1821 2043 1878 Dominum
2094 1823 2184 1877 ad-

2297 1834 2370 1888 Οὐ
2396 1832 2504 1901 γὰρ
2533 1828 2800 1899 ἠγνόησεν
2828 1821 3188 1878 ἀναϐαίνοντα
3236 1816 3325 1870 τὸν
3354 1814 3465 1867 τῶν
3495 1812 3630 1865 ὅλων
3663 1807 3897 1901 $56126-

616 1911 850 1975 mittere,
880 1913 1006 1968 licet
1029 1928 1153 1967 cum
1184 1928 1351 1968 carne
1382 1913 1788 1980 ascendentem,
1810 1916 1971 1984 eique
2001 1922 2189 1984 portas

616 2002 867 2056 attollere
905 2003 1199 2057 mandabat
1226 2001 1701 2072 Spiritus,.dieens
1730 2022 1743 2058 :
1785 2023 1803 2056 ι
1844 2003 2041 2060 Tollite
2069 2021 2190 2074 por-

613 2100 719 2157 tas,
758 2094 1060 2164 principes,
1086 2105 1323 2159 vestras,
1356 2102 1411 2150 et
1454 2095 1769 2159 elevamini,
1801 2103 1975 2165 portae
2024 2104 2187 2150 teter-

613 2185 798 2249 nales,
833 2193 888 2240 et
920 2186 1171 2241 introibit
1205 2185 1320 2241 Rex
1367 2186 1574 2257 gloriae.
1614 2185 1885 2242 Dominus
1934 2186 2091 2243 fortis
2134 2196 2190 2243 et

614 2281 828 2342 potens,
861 2275 1029 2348 844,
1056 2277 1404 2347 omnipotens
1433 2279 1487 2332 in
1521 2277 1731 2348 praelia.
1785 2277 2052 2335 Dominus
2075 2281 2187 2334 vir-

613 2376 788 2423 tutum
822 2371 939 2441 ipse
979 2380 1065 2428 est
1110 2372 1225 2427 Rex
1265 2373 1451 2443 gloriae
1479 2373 1547 2427 ⁵³.
1595 2392 1614 2423 ι
1678 2373 1921 2427 rnnotuit
1957 2375 2101 2428 enim
2135 2385 2188 2429 et

612 2460 1021 2532 Principatibus
1049 2472 1102 2519 et
1131 2464 1505 2521 Potestatibus
1528 2465 1886 2522 multiformis
1916 2467 2191 2537 sapientia

609 2554 727 2617 Dei,
754 2558 1055 2611 secundum
1088 2558 1503 2627 praeﬁnitionem
1545 2559 1873 2613 saeculorum
1906 2574 2069 2629 quam
2104 2558 2185 2615 fe-

608 2647 683 2699 cit
717 2648 771 2701 in
805 2647 1048 2715 Christo,
1091 2649 1257 2704 sicuti
1296 2648 1501 2705 Paulus
1534 2650 1612 2704 ait
1633 2651 1701 2707 ³⁷.
1732 2649 2009 2706 Reversus
2038 2651 2183 2706 enim

608 2737 675 2791 ad
708 2739 950 2807 Patrem,
988 2742 1117 2797 licet
1149 2742 1326 2812 major
1358 2758 1521 2813 quam
1555 2743 1674 2814 ipse
1713 2743 1837 2805 ideo
1868 2751 2182 2807 censeatur,

607 2831 754 2898 quod
787 2832 876 2886 hic
925 2834 1144 2902 quidem
1181 2834 1383 2890 mansit
1424 2836 1479 2888 in
1529 2835 1594 2889 iis
1626 2835 1681 2889 in
1728 2835 1929 2905 quibus
1967 2850 2186 2904 semper

606 2930 747 2985 erat,
774 2923 865 2978 ille
888 2940 1016 2980 vero
1044 2926 1409 2980 voluntariam
1443 2926 1803 2980 inanitionem
1840 2927 2084 2991 subiens,
2130 2927 2182 2979 in

608 3013 752 3066 servi
792 3012 966 3067 forma
998 3015 1306 3080 descendit,
1329 3014 1396 3069 ad
1430 3017 1709 3085 propriam
1742 3032 1937 3072 rursus
1961 3024 2183 3071 evectus

606 3112 693 3158 est
744 3106 996 3173 gloriam,
1053 3108 1373 3178 audivitque
1408 3130 1419 3164 :
1458 3129 1477 3160 ι
1519 3107 1659 3164 Sede
1689 3125 1720 3163 a
1763 3109 1972 3165 dextris
2024 3111 2182 3176 meis,

2296 1899 2452 1995 την-ὁ
2475 1899 2725 1993 οὐρανὸς,
2755 1917 2869 1971 ἀλλ’
2920 1913 3233 1968 ἐκελεύοντο
3266 1909 3365 1980 μὲν
3391 1910 3439 1961 οἱ
3473 1909 3590 1967 ταῖς
3623 1904 3741 1957 ἀνω

2296 1993 2413 2081 λαις
2442 2012 2825 2084 ἐφεστηκότες,
2858 2011 2933 2073 ὡς
2960 2009 3050 2061 τὸν
3088 2006 3196 2059 τῶν
3238 2001 3519 2071 δυνάμεων
3549 1993 3901 2068 προσίεσθαι

2297 2108 2519 2179 Κύριον,
2547 2104 2723 2157 καίτοι
2766 2100 2901 2171 μετά
2937 2097 3138 2168 σαρκὸς
3166 2092 3565 2161 ἀνιιιττάμιενοεοι⁸
3602 2088 3796 2155 αἴρειν
3830 2100 3897 2134 τε

2295 2177 2396 2260 τὰς
2422 2195 2596 2258 πύλας
2618 2192 2766 2260 αὐτῷ
2795 2188 3048 2243 διετύπου
3075 2186 3136 2239 τδ
3160 2179 3599 2251 Πνεῦμα,λέγον·
3629 2197 3645 2228 ι
3668 2177 3903 2243 "Aput;

2298 2289 2491 2351 πύλας,
2546 2287 2596 2339 οἱ
2648 2284 2930 2354 ἄρχοντες,
2961 2279 3140 2351 ὐμῶν,
3192 2276 3287 2329 καὶ
3338 2271 3648 2344 ἐπάρθητε,
3701 2266 3904 2319 πύλαι

2296 2378 2525 2438 αἰώνιοι,
2553 2377 2649 2429 καὶ
2675 2372 3045 2427 εἰσελεύσεται
3066 2371 3094 2422 6
3128 2366 3380 2439 βασιλεὺς
3402 2363 3502 2432 τῆς
3546 2360 3720 2430 δόξης.
3766 2355 3902 2410 Κύ-

2299 2488 2409 2542 ριος
2431 2466 2711 2539 κραταιὸς,
2743 2464 2839 2518 καὶ
2889 2462 3132 2523 δυνατὸς,
3189 2457 3391 2529 Κύριος
3436 2451 3658 2514 δυνατὸς
3682 2450 3743 2542 ἐν
3782 2464 3897 2542 1:07-

2294 2534 2704 2635 λέμῳίιίύριος
2756 2556 2865 2611 τῶν
2916 2552 3198 2622 δυνάμεων
3251 2548 3415 2610 αὐτός
3460 2548 3605 2598 ἐστιν
3656 2534 3903 2602 οὐτηςῦ

2296 2656 2544 2729 βασιλεὺς
2599 2653 2697 2722 τῆς
2728 2650 2904 2720 δόξης.
2932 2668 2952 2702 ι
3000 2644 3277 2715 Ἑγνώσθη
3307 2640 3416 2710 γὰρ
3475 2640 3591 2699 ταῖς
3648 2634 3901 2729 EAg->143;

2294 2722 2387 2802 καὶ
2424 2748 2545 2809 ταῖς
2586 2741 2886 2810 Ἐξουσίαις
2912 2741 2946 2809 ἠ
2994 2733 3378 2795 πολυποίκιλος
3404 2729 3563 2797 σοφία
3590 2725 3684 2778 τοῦ
3706 2722 3901 2783 Θεοῦ,

2292 2842 2357 2912 ἦν
2377 2838 2630 2909 ἐποίησεν
2658 2837 2715 2889 ἐν
2742 2834 2818 2905 τῷ
2836 2829 3075 2904 Χριστῷ,
3107 2827 3358 2896 καθάπερ
3388 2824 3417 2875 6
3446 2820 3652 2881 Παῦλός
3682 2834 3895 2912 φησιν.

2304 2909 2717 3001 ’Ᾰνακομισθεὶς
2750 2926 2859 2996 γὰρ
2889 2925 3025 2995 πρδς
3061 2921 3151 2975 τόν
3171 2919 3411 2989 Πατέρα,
3444 2914 3618 2969 καίτοι
3643 2909 3897 3001 μείζονα

2292 3026 2324 3096 ἢ
2359 3024 2478 3078 κατ’
2505 3000 2667 3075 αὐτὸν
2698 3020 2818 3073 κατ’
2849 3018 3025 3069 ἐκεῖνο
3054 3011 3361 3082 νοούμενον,
3395 3006 3515 3060 καθ’
3543 3005 3677 3073 ὅπερ
3706 3002 3735 3053 6
3760 3000 3895 3096 Apte

2291 3094 2504 3188 ἔμεινεν
2537 3117 2594 3167 ἐν
2623 3108 2705 3176 οἷς
2735 3107 2803 3181 ἦν
2832 3110 2938 3172 ἀεὶ,
2963 3110 2992 3161 6
3024 3107 3079 3160 δέ
3107 3106 3205 3176 τὴν
3258 3100 3503 3155 ἑκούσιον
3564 3094 3894 3188 ὑπομείναις

606 3196 782 3250 donec
817 3212 1014 3267 ponam
1050 3199 1307 3255 inimicos
1330 3208 1455 3255 tuos
1490 3201 1793 3256 scabellum
1828 3199 2025 3270 pedum
2062 3209 2183 3254 tue-

2290 3186 2542 3271 κένωσιν,
2569 3207 2627 3258 ἐν
2656 3206 2722 3274 τῇ
2750 3202 2844 3256 τοῦ
2871 3200 3058 3255 δούλου
3100 3195 3303 3266 κατέϐη
3357 3192 3559 3265 μορφῇ,
3602 3187 3739 3257 πρὸς
3773 3186 3895 3241 τῖεν

606 3304 729 3342 rum
755 3288 824 3342 ⁸⁸.
858 3308 877 3342 ι
914 3288 1021 3344 Sed
1072 3306 1140 3347 ne
1174 3293 1293 3362 ipse
1326 3292 1608 3347 videretur
1660 3292 1923 3347 honorem
1960 3292 2063 3347 sibi
2098 3308 2185 3346 ια-

607 3381 816 3448 puisse,
850 3381 1123 3453 Paterque
1169 3384 1409 3440 caelestis
1456 3385 1540 3440 vel
1597 3385 1806 3440 invitus
1859 3383 2059 3439 Filium
2118 3385 2184 3438 ad

609 3473 857 3527 dextram
890 3476 1214 3540 collocasse,
1250 3476 1367 3546 ipse
1425 3476 1587 3533 Pater
1621 3476 2019 3541 introducitur,
2048 3476 2183 3531 illud

607 3565 798 3621 dicens
827 3584 841 3621 :
876 3586 894 3618 ι
939 3568 1080 3623 Sede
1110 3584 1139 3623 a
1175 3569 1386 3646 dextris
1413 3570 1573 3626 meis.
1614 3589 1633 3622 ι
1664 3570 1852 3639 Neque
1884 3585 2013 3625 vero
2057 3585 2184 3625 eor-

607 3657 769 3713 datus
810 3661 1098 3730 quisquam
1146 3662 1344 3718 dixerit
1371 3661 1589 3716 Patrem
1628 3659 1903 3717 secundas
1957 3660 2185 3716 honoris

607 3759 795 3819 partes
842 3752 1061 3808 dedisse
1109 3751 1272 3821 Filio,
1314 3754 1462 3824 quod
1491 3768 1616 3808 eum
1656 3769 1686 3807 a
1721 3754 1932 3809 dextris
1962 3752 2181 3815 habeat,

607 3841 705 3896 sed
736 3841 872 3897 illud
899 3845 1042 3913 apud
1073 3861 1132 3900 se
1175 3846 1454 3916 repntabit
1476 3847 1683 3916 potius,
1717 3845 2033 3916 oportuisse
2062 3859 2181 3897 om-

607 3931 738 3985 nino
771 3933 1057 3988 dexterum
1085 3944 1139 3991 et
1172 3937 1379 3992 nullius
1422 3936 1825 3991 imminutionis
1860 3941 2180 4005 suspectum

605 4020 812 4083 locum,
840 4037 947 4075 non
979 4023 1200 4093 quidem
1227 4024 1504 4093 Patri,sed
1528 4024 1666 4080 Filio
1700 4025 1950 4090 attribui,
1982 4025 2184 4095 quippe

605 4112 722 4180 qui,
753 4121 978 4184 propter
1032 4116 1397 4173 voluntariam
1458 4119 1819 4173 inanitionem
1880 4126 1937 4173 et
1996 4118 2182 4186 subje-

606 4203 861 4268 ctionem,
890 4213 949 4258 ut
985 4207 1170 4263 minor
1192 4210 1525 4279 arguebatur
1555 4210 1623 4264 ab
1650 4209 1719 4264 iis
1742 4209 1835 4280 qui
1858 4208 2182 4280 mysterium

606 4293 1004 4352 incarnationis
1031 4313 1227 4368 capere
1259 4315 1366 4355 non
1404 4310 1646 4370 possent.
1672 4299 1887 4355 ldcirco
1914 4314 1944 4353 a
1970 4298 2183 4364 dextris

604 4393 690 4439 est
742 4385 946 4455 Patris,
989 4391 1086 4459 qui
1135 4392 1451 4447 nullatenus
1496 4393 1651 4462 argui
1711 4398 1913 4462 potest,
1951 4400 2011 4446 ut
2046 4389 2183 4446 Filio

605 4483 852 4531 servetur
892 4479 1119 4536 honoris
1145 4482 1446 4552 mqualitas.

2284 3300 2489 3355 οἰκείαν
2518 3295 2672 3361 αὖθις
2724 3291 3056 3360 ἀνεϐιϐάσθη
3088 3288 3271 3354 δόξαν,
3322 3284 3581 3345 ἀκούσας·
3616 3300 3635 3331 ‹
3679 3278 3891 3331 Κάθου

2285 3396 2350 3447 ἐκ
2385 3390 2575 3457 δεξιῶν
2600 3407 2723 3461 μου,
2763 3388 2867 3450 ἕως
2889 3387 2956 3440 ἂν
2986 3383 3064 3438 θῶ
3101 3387 3227 3446 τοὺς
3277 3376 3506 3449 ἐχθρούς
3535 3392 3625 3427 σου
3657 3370 3897 3424 ὑποπό-

2285 3486 2394 3540 διον
2422 3484 2530 3537 τῶν
2572 3480 2750 3535 ποδῶν
2769 3496 2882 3533 σου.
2914 3498 2931 3531 ι
2968 3478 3083 3530 Ἵνα
3105 3476 3161 3528 δέ
3194 3473 3270 3544 μὴ
3317 3468 3502 3538 δοκοίη
3533 3463 3889 3530 πλεονεκτή⁹

2288 3590 2406 3637 σας,
2441 3572 2537 3625 καὶ
2567 3570 2666 3640 οὐχ
2704 3568 2898 3621 ἑκόντα
2924 3566 3086 3635 τυχὸν
3119 3564 3210 3617 τὸν
3243 3564 3299 3615 ἐν
3322 3562 3436 3622 τοῖς
3468 3555 3719 3627 οὐρανοῖς
3746 3553 3889 3604 Πα-

2284 3665 2419 3735 τέρα
2449 3664 2545 3717 καὶ
2593 3663 2726 3715 Θεὸν
2776 3660 2999 3714 καθίσαι
3045 3657 3180 3727 πρὸς
3203 3657 3315 3716 τοῖς
3345 3652 3538 3716 δεξιοῖς
3578 3648 3671 3701 τὸν
3710 3646 3885 3708 Υίὸν,

2286 3755 2449 3817 αὐτὸς
2474 3751 2632 3806 τοῦτο
2660 3751 2833 3818 λέγων
2860 3752 2889 3802 6
2926 3746 3121 3818 Πατὴρ
3147 3745 3516 3815 εἰσενήνεκται
3547 3739 3636 3801 τὸ,
3703 3754 3721 3787 ι
3769 3735 3893 3787 Ἐκυ

2284 3846 2472 3913 δεξιῶν
2498 3863 2599 3916 μου
2629 3843 2821 3907 κάθου,
2850 3862 2875 3894 ι
2924 3842 3079 3911 φησί,
3119 3838 3231 3892 Καῖ
3253 3833 3313 3890 οὐ
3352 3836 3415 3905 δή
3468 3851 3553 3897 τις
3600 3832 3718 3902 ἐρεῖ
3738 3828 3885 3881 νοῦν

2286 3938 2445 4008 ἔχων,
2478 3937 2553 4000 ὡς
2572 3936 2683 3999 τοῖς
2707 3934 2980 4005 δευτέροις
3001 3934 3035 3985 ὁ
3050 3929 3242 4001 Πατὴρ
3272 3926 3563 3996 τετίμηται
3593 3922 3683 3976 τὸν
3708 3920 3897 3983 Υἱὸν,

2287 4028 2446 4099 ἔχων,
2469 4028 2535 4080 ἐκ
2568 4026 2780 4093 δεξιῶν,
2798 4026 3057 4093 λογιεῖται
3086 4020 3143 4075 δὲ
3169 4018 3375 4090 μᾶλλον
3397 4017 3592 4078 ἐκεῖνο,
3621 4013 3719 4066 καὶ
3746 4012 3884 4063 δια-

2288 4118 2565 4187 σκέψεται·
2600 4117 2715 4170 ἔδει»
2735 4117 2844 4187 γὰρ
2868 4115 3035 4178 ὅντως
3067 4115 3131 4166 ἐκ
3148 4109 3338 4176 δεξιῶν
3358 4106 3616 4170 νοεῖσθαι,
3641 4104 3740 4157 καὶ
3768 4103 3881 4155 τὸν

2285 4211 2594 4264 ἀνύποπτον
2650 4211 2731 4273 είς
2788 4208 3084 4262 ἐλάττωσιν
3126 4204 3270 4274 ἔχειν
3317 4203 3500 4262 τόπον,
3528 4198 3646 4269 οὐχὶ
3685 4197 3877 4266 δήπου

2286 4304 2504 4364 πάντως
2534 4302 2626 4355 τὸν
2687 4301 2924 4372 Πατέρα,
2957 4298 3158 4369 μᾶλλον
3190 4296 3247 4349 δὲ
3298 4295 3388 4348 τὸν
3431 4293 3583 4352 Υίὸν,
3642 4288 3735 4340 διὰ
3761 4288 3877 4356 τὴν

2285 4395 2532 4451 ἑκούσιον
2566 4394 2796 4449 κένωσιν
2851 4393 2945 4445 καὶ
2997 4389 3308 4460 ὑποταγὴν,
3364 4387 3437 4450 ὡς
3492 4383 3577 4437 ἐπ’
3610 4381 3885 4434 ἐλάττοσι

2287 4484 2767 4557 κατηγορούμενον
2796 4480 2949 4552 παρὰ
2977 4480 3086 4533 τῶν
3145 4478 3383 4531 συνιέναι
3438 4474 3513 4546 μὴ
3542 4470 3875 4540 δυναμένων

601 4569 664 4620 τὸ
694 4570 779 4624 ἐπ’
799 4572 947 4644 αὐτῷ
979 4577 1296 4647 μυστήριον.
1321 4578 1419 4631 Διὰ
1445 4578 1602 4633 τοῦτο
1664 4582 1737 4636 ἐκ
1794 4582 1983 4648 δεξιῶν
2019 4582 2110 4636 τοῦ
2176 4581 2494 4653 μηδαμόθεν.
2545 4574 2969 4647 κατηγορεῖσθαι
3016 4573 3321 4643 δυναμένου
3366 4568 3616 4639 Πατρδς,
3669 4565 3760 4616 ἶνα
3797 4562 3871 4614 ἐδ

606 4663 847 4732 ἰσότιμον
873 4665 1111 4736 σώζηται
1149 4666 1229 4737 τῷ
1260 4667 1393 4738 Υίῷ.

674 4755 852 4824 Atque
904 4756 1018 4811 bzec
1064 4758 1284 4826 quidem
1356 4768 1484 4814 sunt
1529 4775 1559 4813 a
1630 4762 1791 4816 nobis
1857 4763 2062 4818 utiliter
2117 4763 2171 4815 in

2350 4755 2458 4808 Καὶ
2494 4751 2653 4806 ταυτὶ
2687 4750 2786 4821 μέν
2836 4750 2968 4819 ἡμῖν
3025 4747 3374 4817 εἰσεκομίσθη
3416 4745 3485 4798 τὰ
3536 4746 3866 4818 διηγήματα

604 4860 846 4913 praesens
893 4848 1164 4916 exposita,
1190 4865 1313 4918 quae
1352 4850 1420 4904 ad
1479 4866 1593 4905 rem
1642 4854 1981 4923 propositam
2041 4868 2179 4908 con-

605 4936 835 4992 ducunt.
895 4937 1003 4994 Sed
1076 4940 1257 4995 denuo
1315 4950 1593 5012 repetens,
1642 4952 1825 5014 atque,
1876 4952 1937 4999 ut
2014 4945 2180 5000 verbo

604 5027 806 5094 dicam,
833 5037 1006 5084 totum
1032 5031 1103 5086 ab
1151 5031 1310 5086 initio
1356 5034 1695 5090 narrationis
1730 5051 1957 5105 scopum
2000 5037 2179 5090 revol-

605 5134 764 5184 vens,
815 5121 993 5176 dicam
1044 5125 1288 5190 tandem,
1334 5134 1549 5195 gratum
1613 5127 1774 5183 nobis
1828 5135 1883 5183 et
1939 5127 2179 5197 Optabile

600 5224 728 5263 esse
757 5224 882 5264 cum
913 5210 1203 5270 Servatore
1233 5215 1455 5273 Christo
1477 5219 1685 5275 versari
1719 5235 1955 5290 semper,
1980 5235 2174 5289 quam-

602 5300 686 5356 vis
715 5312 939 5373 propter
975 5321 1079 5361 nos
1126 5309 1370 5379 seipsum
1422 5312 1773 5378 cxinanierit,
1811 5320 1871 5366 ut
1906 5311 2172 5383 scriptum

598 5400 687 5447 est
716 5392 784 5457 ⁸³,
808 5404 856 5449 et
888 5395 942 5450 in
973 5396 1149 5453 forma
1183 5402 1327 5457 servi
1363 5400 1548 5470 fuerit,
1570 5403 1700 5458 etin
1739 5404 1989 5458 humanae
2020 5402 2174 5473 igno-

600 5483 810 5541 bilitate
837 5497 1064 5545 naturae.
1092 5490 1228 5558 Quid
1264 5494 1409 5548 enim
1437 5502 1521 5549 est
1551 5504 1746 5549 natura
1786 5495 2024 5550 hominis
2049 5509 2173 5547 eum

603 5576 712 5634 Deo
746 5585 1097 5653 comparata?
1124 5585 1289 5657 Atqui
1340 5602 1450 5641 non
1479 5597 1562 5642 est
1613 5588 1665 5642 id
1701 5586 1805 5656 ipsi
1840 5587 1979 5642 Filio
2018 5586 2171 5650 utile,

602 5778 636 5815 Η
671 5692 946 5814 "7Mattb.
992 5719 1180 5765 xxv”,
1228 5703 1315 5757 40.

1432 5702 1475 5733 ⁸⁸
1519 5702 1661 5756 Psal.
1707 5718 1876 5763 uin,
1918 5703 1979 5767 7,
2018 5702 2072 5769 8.,
2188 5702 2230 5733 ⁵⁷

2277 4848 2561 4920 χρησίμως
2594 4846 2673 4906 είς
2698 4844 2759 4895 τὸ
2786 4843 2979 4912 παρὸν,
3004 4841 3104 4894 οὐκ
3124 4837 3390 4907 ἀσυντελῆ
3413 4841 3526 4902 τοῖς
3558 4842 3869 4909 προκειμέο

2276 4957 2386 5003 νοις
2413 4938 2604 5008 ἔχοντα
2663 4935 2755 4987 τὸν
2802 4933 2980 5001 λόγον.
3026 4930 3335 4985 Ἀναλαϐὼν
3378 4930 3434 4983 δέ
3471 4930 3717 4996 ἐσαῦθις,
3758 4936 3863 4984 καὶ

2274 5032 2415 5094 ὅλον,
2443 5030 2519 5093 ὡς
2546 5028 2675 5090 ἔπος
2700 5028 2892 5087 εἰπεῖν,
2921 5025 2981 5089 ἐξ
3029 5024 3205 5095 ἀρχῆς
3230 5023 3727 5094 ἀναμηρυσάμενος
3753 5025 3857 5093 τῆς

2276 5121 2589 5192 ἐξηγήσεως
2614 5118 2705 5171 τὸν
2740 5116 2961 5179 σκοπὸν,
2998 5115 3109 5185 ἐρῶ
3146 5114 3209 5185 δὴ
3241 5113 3449 5177 λοιπὸν,
3506 5112 3580 5178 ὡς
3622 5114 3719 5183 ἡδὺ
3750 5115 3861 5183 μὲν

2274 5211 2428 5281 ἡμῖν,
2468 5208 2562 5260 καὶ
2589 5206 2655 5259 δι’
2684 5206 2868 5276 εὐχῆς,
2912 5205 3006 5259 καὶ
3051 5202 3204 5273 φίλον
3236 5203 3297 5256 τὸ
3332 5207 3571 5257 συνεῖναι
3601 5204 3691 5257 διά
3714 5222 3857 5257 παν-

2273 5303 2364 5365 τὸς
2390 5302 2467 5372 τῷ
2506 5304 2721 5373 Σωτῆρι
2749 5300 2991 5373 Χριστῷ,
3026 5299 3203 5353 καίτοι
3233 5298 3301 5350 δι’
3341 5299 3489 5369 ἡμᾶς
3522 5303 3855 5355 κεκενωκὸτι

2273 5395 2484 5457 ἐαυτὸν,
2508 5395 2650 5448 καθά
2670 5395 2998 5465 γέγραπται,
3024 5392 3116 5445 καὶ
3146 5392 3227 5453 εἰς
3263 5390 3324 5442 τὸ
3354 5390 3544 5460 σχῆμα
3575 5392 3857 5462 γενομένῳ

2272 5488 2334 5540 τὸ
2362 5488 2648 5552 οἰκετικὸν,
2711 5489 2805 5541 καὶ
2860 5489 2935 5549 εἰς
2996 5485 3095 5554 τὴν
3126 5485 3226 5554 τῆς
3254 5483 3602 5552 άδθρωπίνης
3636 5483 3858 5552 φύσεως

2275 5579 2505 5645 ἀδοξίαν.
2558 5580 2622 5631 Τί
2662 5579 2771 5650 γάρ
2818 5580 2851 5649 ἡ
2885 5576 3169 5647 ἀνθρώπου
3197 5575 3357 5645 φύσις
3410 5576 3486 5640 ὡς
3514 5575 3645 5646 πρὸς
3674 5574 3850 5640 Θεόν;

3507 5690 3551 5720 ⁵³
3595 5684 3839 5757 Philipp.

2274 5696 2472 5765 Ephcs.
2512 5712 2607 5759 ιιι,
2650 5694 2736 5749 10.
2850 5694 2893 5723 ³⁸
2930 5690 3071 5749 Psal.
3106 5706 3226 5757 CIX,
3270 5689 3329 5756 l,
3372 5688 3427 5743 9..
