4096 6570
179 377 356 436 513
1338 371 1405 426 IN
1439 368 1728 427 JOANNIS
1760 366 1836 422 El

1938 366 2219 425 IGELIUM
2243 369 2374 424 LIB.
2418 372 2485 427 Χ.
3427 375 3532 430 δυ.

190 495 417 553 ’Δλλ’
441 498 540 552 οὐκ
567 495 718 566 αὐτῷ
746 493 821 565 τῷ
841 492 955 564 Υίῷ
984 492 1141 545 τοῦτο
1169 492 1458 562 χρήσιμον,
1496 488 1769 551 λυσιτελὲς
1786 486 1836 539 δὲ

1947 491 2043 543 sed
2080 489 2342 545 conducit
2364 491 2547 561 potius
2576 489 2640 544 ad
2669 487 2889 544 Patrem
2920 489 3241 556 ascendere,
3266 506 3532 564 suamque

178 590 466 654 μᾶλλον
482 590 543 642 τὸ
567 587 835 656 ἀναϐῆναι
859 585 994 656 πρὸς
1016 585 1109 637 τὸν
1122 582 1363 653 Πατέρα,
1393 581 1489 635 καὶ
1516 581 1613 651 τὴν
1640 579 1836 633 οἰκείαι

1952 582 2185 652 gloriam
2217 593 2271 637 et
2300 591 2622 653 potestatem
2642 598 2705 638 ac
2730 581 3054 654 dignitatem
3085 583 3327 640 divinam
3354 585 3530 654 palam

178 676 700 751 ἀνακομίσασθαι
732 678 890 744 δόξαν
920 693 977 729 τε
1009 675 1103 729 καὶ
1126 673 1376 742 ἐξουσίαν
1414 672 1511 725 καὶ
1542 671 1759 740 ἀξίωμα
1788 667 1836 721 τέ

1952 682 2006 728 et
2055 689 2164 729 non
2212 675 2325 744 jam
2383 675 2599 730 occulte
2649 682 2814 745 atque
2872 673 3200 729 adumbrate
3261 675 3529 745 recipere.

177 769 568 843 Θεοπρεπὲς
612 768 939 839 ἀναφανδὸν,
968 768 1065 821 καὶ
1105 767 1290 820 οὐκέτι
1339 762 1836 833 κατεσκιασμένως.

1954 764 2109 820 Sedit
2132 767 2280 822 enim
2304 781 2333 819 a
2366 766 2594 834 dextris,
2619 766 2673 821 id
2702 768 2824 837 ipso
2849 782 3071 839 quoque
3094 766 3312 823 volente
3334 766 3528 825 Patre:

180 862 251 912 Κ
270 864 537 918 εκὰθικε
566 862 675 933 γάρ
708 863 772 915 ἐκ
793 860 1005 927 δεξιῶν,
1056 859 1331 923 ἐθέλοντος
1362 856 1521 911 τοῦτο
1548 857 1643 909 καὶ
1676 853 1836 908 αὑτοῦ

1953 866 2099 913 amat
2130 858 2331 930 quippe
2363 866 2425 914 ut
2452 875 2612 915 suum
2648 858 2924 930 genimen,
2959 866 3095 915 etut
3126 857 3367 914 fructum
3396 859 3530 914 sub-

178 951 333 1004 τοῦ
386 954 621 1024 Πατρός·
652 953 798 1021 φιλεῖ
822 951 931 1022 γὰρ
950 950 1026 1013 ὼς
1059 950 1190 1004 ἴδιον
1211 950 1477 1020 γέννημα,
1505 948 1597 1000 καλ⁵
1612 945 1687 1009 ὡς
1718 961 1836 1015 καρ-

1952 951 2171 1007 stantiae
2206 968 2337 1008 sum.
2363 952 2631 1019 Quocirca
2665 953 2779 1007 ait:
2805 970 2824 1003 ι
2861 950 2916 1006 Si
2942 950 3243 1023 diligeretis
3266 966 3373 1016 me,
3400 966 3530 1022 gau-

183 1044 363 1098 πὸν
396 1048 497 1118 τῆς
554 1046 743 1109 οὐσίας
800 1043 988 1099 αὐτού.
1031 1036 1245 1097 Οὐκοῦν
1288 1042 1377 1095 διά
1425 1039 1584 1094 τοῦτό
1635 1054 1836 1109 φησιν·

1952 1044 2160 1099 deretis
2198 1045 2410 1115 utique,
2451 1045 2579 1117 quia
2626 1044 2764 1099 vado
2797 1044 2867 1099 ad
2910 1040 3127 1099 Patrem
3164 1063 3177 1099 :
3212 1045 3341 1115 quia
3369 1042 3533 1099 Pater

188 1134 285 1187 Εἰ
338 1137 611 1205 ἠγαπᾶτέ
654 1154 744 1207 με,
780 1135 1015 1207 ἐχάρητε
1062 1134 1128 1187 ἂν
1155 1135 1238 1187 ὅτι
1263 1131 1567 1202 πορεύομαι
1596 1131 1733 1199 πρὸς
1753 1128 1836 1181 τὸν

1950 1137 2130 1206 major
2159 1152 2248 1193 me
2280 1146 2387 1193 est.
2432 1156 2452 1190 ι
2500 1136 2566 1191 Ει
2594 1147 2741 1193 certe
2771 1136 3084 1191 dilectionis
3120 1150 3247 1207 erga
3281 1150 3407 1191 eum
3439 1150 3530 1189 ar-

191 1223 505 1301 Πατέρα,
551 1228 632 1279 ὅτι
681 1228 711 1279 ὁ
746 1226 934 1298 Πατὴρ
969 1223 1171 1295 μείζων
1210 1240 1310 1293 μου
1362 1222 1532 1277 ἐστίν.
1576 1239 1595 1269 ι
1634 1221 1836 1282 Ὄντως

1950 1242 2269 1300 gumentum
2312 1230 2532 1296 fuisset,
2572 1243 2924 1299 nequaquam
2965 1236 3178 1283 tantum
3210 1227 3418 1281 doloris
3465 1243 3529 1283 ex

1950 1322 2073 1391 ejus
2104 1322 2355 1378 absentia
2390 1330 2445 1377 et
2482 1320 2604 1392 ejus
2637 1320 2890 1376 discessu
2928 1334 3148 1389 capere,
3189 1319 3285 1375 sed
3323 1319 3378 1372 in
3414 1318 3527 1372 ani-

1952 1429 2101 1469 mum
2140 1416 2326 1485 potius
2363 1413 2653 1478 inducere,
2690 1411 2759 1467 ad
2791 1411 3209 1468 convenientem
3249 1408 3414 1483 845
3453 1410 3531 1466 si-

1951 1502 2119 1573 bique
2155 1503 2393 1558 debitam
2423 1502 2675 1574 gloriam,
2704 1506 2760 1556 et
2798 1500 2866 1555 ad
2900 1508 3143 1556 veterem
3182 1500 3527 1570 dignitatem,

1952 1594 2059 1648 hoc
2088 1602 2172 1650 est
2202 1595 2313 1650 Deo
2339 1595 2531 1665 utique
2559 1593 2804 1665 dignam,
2825 1592 3009 1663 ipsum
3031 1592 3354 1647 ascendere.
3374 1589 3531 1646 Unde

190 1315 351 1385 τῆς
389 1321 471 1382 είς
500 1318 663 1373 αὑτὸν
696 1318 918 1388 ἀγάπης
949 1315 1220 1381 ἀπόδειξις
1246 1309 1315 1386 ἦν
1363 1314 1425 1368 τὸ
1452 1313 1529 1385 μὴ
1555 1311 1844 1365 λυπεῖσθαι

188 1410 516 1463 τοσοῦ-τον
545 1410 635 1464 διὰ
654 1410 753 1481 τὴν
776 1409 1042 1463 δοκοῦσαν
1072 1407 1358 1477 ἀπόλειψιν
1403 1407 1500 1460 καὶ
1528 1404 1845 1474 ἀναγκαίως

194 1502 714 1571 παραληφθεῖσαν
743 1501 1074 1571 ἀποδημίαν
1100 1500 1275 1554 διενθυ
1284 1498 1504 1570 μεῖσθαι
1525 1498 1583 1551 δέ
1620 1495 1840 1568 μᾶλλον,

190 1592 317 1643 ὅτι
362 1593 504 1664 πρὸς
524 1593 624 1664 τὴν
655 1594 804 1664 αὐτῴ
854 1591 1171 1664 πρέπουσάν
1230 1607 1291 1644 τε
1342 1591 1439 1643 καὶ⁹
1483 1586 1843 1659 ὀφειλομένην

197 1686 559 1755 πεφοίτηκε
600 1684 777 1750 δόξαν,
827 1684 924 1738 καί⁵
966 1685 1047 1748 είς
1083 1682 1145 1736 τὸ
1176 1683 1404 1753 ἀρχαῖον
1429 1680 1669 1751 ἀξίωμα,
1696 1678 1836 1734 τοῦτ’

1952 1687 2267 1753 Psalmista,
2300 1688 2394 1758 qui
2424 1703 2520 1758 per
2549 1686 2815 1757 Spiritum
2843 1684 3104 1757 mysteria
3152 1681 3479 1753 loquebatur
3511 1701 3527 1738 :

199 1775 393 1841 ἔστι,
417 1777 479 1831 τὸ
502 1776 808 1848 θεοπρεπὲς
836 1775 1106 1848 ἐναργῶς.
1156 1776 1267 1829 Kal.
1313 1772 1445 1844 γοῦν
1482 1775 1511 1826 ὁ
1543 1772 1799 1844 Μελῳδὸς
1822 1810 1836 1836 ,

1957 1798 1976 1830 ι
2018 1777 2222 1834 Omnes
2264 1787 2476 1850 gentes,
2539 1779 2739 1849 inquit,
2798 1777 3040 1849 plaudite
3093 1775 3348 1831 manibus
3384 1775 3461 1842 '°;
3507 1793 3524 1826 ι

200 1868 436 1922 καίτοι
468 1868 560 1922 διά
579 1868 674 1923 τοῦ
716 1868 1036 1939 Πνεύματος
1056 1865 1236 1921 λαλῶν
1281 1866 1579 1938 μυστήρια,
1610 1884 1628 1917 ι
1656 1864 1836 1919 Πάντα

1945 1868 2144 1925 deinde
2199 1869 2519 1925 festivitatis
2575 1884 2804 1926 causam
2865 1868 3189 1939 explicans,
3220 1864 3531 1921 Servatoris

198 1959 303 2011 τὰ
343 1959 501 2029 ἔθνη,
536 1959 689 2031 φησι,
725 1960 1033 2030 κροτήσατε
1064 1960 1275 2029 χεῖραςο
1313 1976 1334 2010 ι
1365 1952 1485 2011 εἶτα
1514 1956 1616 2026 τῆς
1645 1955 1836 2026 ἑορτῆς

1947 1960 2004 2015 in
2033 1961 2206 2017 caelos
2236 1961 2623 2017 ascensionem
2658 1961 2912 2033 protulit,
2944 1960 3173 2017 dicens:
3213 1980 3231 2012 ι
3267 1958 3533 2015 Ascendit

200 2048 346 2119 τὴν
377 2051 565 2103 αἰτίαν
600 2050 967 2121 ἐξηγούμενος
994 2049 1092 2121 τὴν
1125 2050 1208 2112 είς
1254 2050 1522 2120 οὐρανοὺς
1572 2047 1836 2119 ἀνάληψιν

1945 2052 2091 2109 Deus
2147 2054 2206 2108 in
2277 2053 2486 2124 jubilo,
2543 2052 2813 2110 Dominus
2884 2053 2940 2108 in
2998 2068 3133 2108 voce
3195 2054 3338 2108 tubae
3378 2051 3446 2117 “,
3507 2073 3527 2105 ι

204 2138 343 2190 τοῦ
377 2140 637 2211 Σωτῆρος
679 2138 1046 2211 παρεκόμιζε,
1082 2137 1279 2214 λέγων’
1350 2157 1368 2189 ι
1415 2137 1608 2207 Ἀνέϐη
1648 2140 1677 2192 ὁ
1709 2137 1836 2203 Θεὸς

1941 2143 2326 2215 jubilationem
2371 2152 2428 2201 et
2463 2146 2653 2200 tubam
2698 2144 2995 2200 nominans
3048 2145 3341 2200 altisonam
3380 2144 3529 2197 illam

205 2232 287 2282 ἐν
322 2229 655 2302 ἀλαλαγμῷ,
672 2230 878 2304 Κύριος
896 2232 954 2283 ἐν
970 2233 1123 2302 φωνῇ
1150 2230 1502 2299 σάλπιγγος,›
1526 2229 1836 2300 ἀλαλαγμὸν

1946 2235 2124 2291 sancti
2165 2234 2411 2306 Spiritus
2442 2250 2657 2303 vocem,
2704 2235 2927 2307 quando
2983 2235 3239 2307 supernis
3282 2242 3531 2305 potesta-

205 2325 535 2396 ὀνομάζων
571 2325 667 2378 καὶ
707 2324 988 2394 σάλπιγγα
1028 2322 1127 2394 τὴν
1154 2322 1364 2394 ὑψηλὴν
1400 2322 1497 2376 καὶ
1515 2322 1845 2387 ἐξάκουστον

205 2416 338 2469 τοῦ
372 2415 693 2486 Πνεύματος
744 2417 951 2486 φωνήν·
996 2415 1085 2469 ὅτε
1126 2417 1247 2479 ταῖς
1304 2413 1419 2467 ἀνω
1448 2412 1717 2484 δυνάμεσι
1741 2411 1843 2477 τάς

214 2506 426 2569 πύλας
449 2508 628 2577 αἴρειν
654 2504 1011 2573 διεκελεύετο,
1033 2505 1125 2560 καὶ
1159 2504 1366 2576 Κύριον
1399 2505 1564 2559 αὐτὸν
1586 2504 1842 2576 ὠνόμαζε

211 2599 355 2652 τῶν
397 2600 704 2669 δυνάμεων,
728 2599 980 2671 καθάπερ
1008 2597 1268 2668 ἐλέγομεν
1300 2598 1527 2669 ἀρτίως.
1558 2598 1674 2651 Ἐπ’
1695 2595 1844 2669 αὐτῷ

214 2691 288 2745 δὲ
328 2692 403 2764 δὴ
436 2692 613 2764 τούτῳ
662 2693 758 2745 καὶ
806 2690 971 2745 αὑτὸν
1016 2691 1323 2763 εὑρήσομεν
1363 2690 1457 2744 τὸν
1508 2691 1618 2743 τῶν
1673 2691 1843 2758 ἁγίων

213 2784 413 2854 χορὸν
448 2785 544 2836 καὶ
572 2784 629 2837 ἐν
660 2782 882 2846 πολλαῖς
903 2781 1170 2851 γεγονότα
1217 2783 1339 2845 ταῖς
1370 2780 1680 2851 θυμηδίαις.
1721 2782 1844 2833 Τοι-

213 2876 442 2947 γάρτοι
470 2877 564 2929 καὶ
593 2876 820 2946 ἔφασκε,
856 2875 988 2929 ποτέ
1017 2876 1118 2947 μὲν
1144 2876 1226 2929 ὅτι
1262 2894 1280 2927 ι
1328 2874 1387 2929 '0
1414 2874 1621 2947 Κύριος
1653 2874 1841 2929 ἐϐασί-

212 2968 459 3031 λευσεν,
489 2966 839 3037 ἀγαλλιάσθω
888 2969 921 3038 ἡ
953 2968 1046 3038 γῆ,
1074 2988 1092 3020 ι
1122 2968 1255 3021 ποτέ
1312 2968 1368 3021 δὲ
1412 2963 1480 3021 αὖ
1509 2968 1691 3022 πάλινο
1723 2986 1741 3019 ι
1785 2968 1836 3023 ’0

1944 2973 2233 3042 praecinxit
2266 2988 2328 3028 se
2363 2972 2431 3028 ".
2473 2990 2491 3022 ι
2528 2969 2634 3037 Qui
2659 2971 2812 3026 enim
2836 2969 3150 3034 nobiscum,
3181 2975 3310 3023 ante
3339 2981 3531 3022 resur—

212 3058 453 3131 Κύριος
483 3059 850 3123 ἐϐασίλευσεν,
871 3060 1208 3130 εὐπρέπειαν
1236 3059 1541 3112 ἐνεδύσατο·
1556 3057 1836 3113 ἐνεδύσατο

1944 3065 2245 3119 rectionem
2276 3081 2342 3119 ex
2375 3063 2632 3128 mortuis,
2666 3062 2833 3117 homo
2868 3061 3217 3123 versabatur,
3237 3066 3529 3130 postquam

214 3149 453 3222 Κύριος
478 3149 728 3219 δύναμιν,
781 3149 876 3202 καὶ
936 3148 1331 3219 περιεζώσατο.
1367 3168 1384 3199 ι
1452 3150 1510 3201 Ὁ
1560 3148 1670 3220 γάρ
1718 3148 1836 3220 μεθ’

1945 3156 2012 3211 ad
2057 3156 2277 3210 Patrem
2312 3155 2407 3225 qui
2461 3155 2516 3209 in
2562 3152 2719 3210 caelis
2758 3161 2842 3208 est
2881 3152 3155 3215 ascendit,
3182 3159 3317 3206 tunc
3365 3166 3527 3206 suum

217 3241 409 3311 ἡμῶν
439 3241 746 3311 ἄνθρωπος,
803 3240 907 3312 πρὸ
934 3241 1034 3311 τῆς
1064 3241 1128 3293 ἐκ
1181 3240 1389 3311 νεκρῶν
1449 3240 1801 3305 ἀναστάσεως
1820 3281 1835 3307 ,

1943 3249 2199 3303 decorem
2253 3246 2470 3309 induit,
2517 3253 2572 3300 et
2623 3244 2856 3314 pristina
2906 3241 3232 3298 fortitudine
3288 3255 3348 3296 se
3385 3255 3528 3311 prae-

216 3334 327 3385 ὅτε
363 3333 500 3404 πρὸς
529 3333 619 3386 τὸν
652 3335 708 3386 ἐν
733 3334 845 3396 τοῖς
866 3333 1115 3402 οὐρανοῖς
1138 3331 1304 3403 ἀνέϐη
1331 3332 1569 3404 Πατέρα,
1599 3332 1722 3385 τότε
1742 3332 1839 3404 τὴν

223 3424 386 3478 ἰδίαν
419 3424 755 3495 εὐπρέπειαν
777 3425 1087 3491 ἐνεδύσατο,
1115 3426 1212 3478 καὶ
1244 3425 1343 3495 τὴν
1374 3425 1434 3490 ἐξ
1454 3426 1631 3497 ἀρχῆς
1662 3425 1840 3497 ὑπάρ-

222 3532 449 3585 χουσαν
499 3514 647 3586 αὐτῷ
694 3513 1070 3586 περιεζώσατο
1131 3514 1381 3585 δύναμιν.
1424 3517 1699 3570 Κεκάθικε
1728 3516 1838 3587 γὰρ

1947 2327 2093 2383 tibus
2120 2337 2311 2396 portas
2339 2328 2598 2384 attollere
2637 2327 2829 2399 jussit,
2852 2335 2908 2382 et
2947 2326 3238 2382 Dominum
3265 2326 3528 2380 virtutum

1945 2419 2129 2491 ipsum
2161 2420 2522 2489 nuncupavit,
2569 2420 2735 2476 sicuti
2770 2419 2940 2476 modo
2972 2419 3314 2475 dicebamus.
3353 2417 3529 2484 Quam

1944 2514 2019 2570 ob
2065 2527 2179 2567 rem
2213 2512 2393 2583 ipsum
2425 2526 2646 2583 quoque
2679 2519 3001 2567 sanctorum
3039 2511 3272 2565 chorum
3321 2508 3531 2581 ingenti

1946 2606 2134 2662 laetitia
2167 2605 2478 2661 exsultasse
2531 2603 3234 2675 comperiemus.ldeoque
3289 2601 3529 2666 dicebat,

1945 2699 2109 2755 modo
2174 2698 2394 2768 quidem
2452 2716 2466 2754 :
2526 2717 2545 2750 ‹
2609 2696 2875 2754 Dominus
2951 2697 3259 2768 regnavit,
3299 2695 3533 2751 exsultet

1946 2797 2093 2845 terra
2138 2790 2216 2857 ⁶²;
2260 2808 2280 2844 ι
2308 2788 2470 2844 modo
2498 2804 2699 2845 rursus
2732 2806 2753 2849 ι
2788 2808 2807 2840 ι
2842 2787 3110 2843 Dominus
3136 2786 3408 2857 regnavit,
3437 2786 3531 2841 de-

1944 2896 2129 2937 corem
2189 2880 2416 2936 induit:
2450 2878 2632 2935 induit
2684 2878 2953 2935 Dominus
3006 2877 3428 2941 fortitudinem,
3477 2883 3532 2932 et

1943 3340 2136 3395 cinxit.
2189 3338 2347 3394 Sedit
2398 3337 2545 3393 enim
2606 3349 2847 3406 regnans
2892 3349 3016 3389 cum
3062 3332 3243 3387 Patre.
3280 3329 3533 3387 Gaudere

1943 3434 2129 3504 itaque
2181 3431 2411 3501 dignum
2464 3436 2520 3484 et
2574 3428 2787 3498 justum
2850 3434 2936 3482 est
2983 3432 3257 3497 quotquot
3294 3423 3529 3496 diligunt

1940 3540 2091 3586 eum,
2123 3521 2253 3592 quia
2314 3518 2565 3577 ascendit
2622 3517 2689 3573 ad
2720 3516 2940 3572 Patrem
2988 3516 3080 3586 qui
3119 3516 3174 3570 in
3221 3512 3377 3570 caelis
3418 3519 3525 3578 est,

227 3605 551 3676 βασιλεύων
593 3606 730 3677 μετά
764 3606 1003 3678 Πατρός.
1034 3607 1263 3677 Χαίρειν
1291 3602 1385 3660 οὖν
1422 3608 1531 3677 ἄρα
1550 3607 1756 3661 δίκαιόν
1778 3625 1837 3660 τε

228 3698 342 3750 καὶ
379 3699 589 3769 πρέπον
614 3700 742 3762 τοὺς
770 3698 1104 3768 ἀγαπῶντας
1125 3699 1311 3763 αὐτὸν,
1369 3699 1451 3753 ὅτι
1502 3699 1837 3769 πεπόρευται

226 3794 386 3868 πρὸς
414 3792 503 3845 τὸν
530 3793 587 3845 ἐν
609 3794 719 3855 τοῖς
757 3792 1006 3863 οὐρανοῖς
1061 3790 1313 3862 Πατέρα,
1349 3791 1447 3863 τὴν
1494 3792 1631 3846 ἰδίαν
1682 3791 1838 3857 δόξαν

226 3885 685 3956 ἀναληψόμενος,
715 3884 808 3938 καὶ
842 3884 1005 3938 πάλιν
1047 3883 1197 3955 αὐτῷ
1227 3884 1675 3955 συμϐασιλεύσων
1694 3926 1709 3947 ,
1738 3902 1837 3940 κοι-

228 3977 428 4050 θάπερ
458 3974 527 4049 ἦν
555 3979 613 4030 ἐν
646 3977 811 4049 ἀρχῇ.
843 3975 1083 4041 Μείζονα
1105 3977 1163 4030 δέ
1198 3994 1364 4048 φησιν
1397 3978 1579 4043 αὑτὸν,
1621 3980 1721 4050 οὐχ
1749 3980 1832 4033 ὅτι

228 4070 547 4123 κεκάθικεν
584 4071 647 4123 ἐκ
677 4068 891 4135 δεξιῶν,
920 4068 995 4133 ὼς
1024 4068 1177 4133 Θεὸς,
1206 4069 1323 4122 ἀλλ’
1351 4069 1427 4134 ὼς
1459 4065 1527 4141 ἦν
1574 4070 1655 4124 ἔτι
1714 4070 1834 4142 μεθ’

227 4163 423 4235 ἡμῶν,
450 4162 592 4215 τοῦτ’
628 4161 795 4228 ἔστιν,
821 4163 879 4214 ἐν
905 4162 1018 4225 τοῖς
1047 4158 1173 4214 καθ’
1203 4162 1370 4232 ἡμᾶς.
1403 4162 1493 4225 Ὠς
1521 4162 1630 4233 γάρ
1662 4162 1742 4216 ἔτι
1773 4164 1836 4217 τὸ

226 4256 611 4327 δουλοπρεπὲς
638 4255 777 4326 ἔχων
803 4256 1010 4327 σχῆμα,
1041 4255 1136 4308 καὶ
1184 4255 1455 4327 παρόντος
1503 4256 1652 4327 αὐτῷ
1679 4256 1835 4311 οὔπω

227 4347 338 4401 τοῦ
370 4346 563 4417 καιροῦ
587 4346 710 4399 καθ’
737 4345 796 4399 ὃν
829 4344 937 4398 ἔδει
965 4345 1279 4409 ἀναλαϐεῖν,
1303 4344 1374 4398 τά
1411 4344 1639 4399 τοιαῦτά
1677 4363 1831 4416 φησι.

230 4442 357 4494 Kal.
390 4440 522 4507 γοῦν
542 4440 629 4492 ὅτε
653 4438 749 4492 τὸν
783 4436 965 4508 τίμιον
988 4438 1129 4508 ὑπὲρ
1157 4438 1316 4509 ἡμῶν
1336 4438 1549 4509 ὑπέστη
1578 4439 1831 4510 σταυρὸν,

1942 3630 2096 3670 suam
2130 3620 2519 3683 resumpturos
2565 3610 2823 3681 gloriam,
2862 3617 2918 3665 et
2945 3625 3068 3664 cum
3100 3623 3166 3663 eo
3210 3622 3407 3664 rursus
3442 3622 3529 3663 re—

1941 3716 2232 3779 gnaturus,
2258 3704 2403 3761 sicut
2434 3712 2553 3759 erat
2600 3703 2657 3756 in
2710 3701 3007 3772 principio.
3036 3698 3298 3769 Majorem
3340 3705 3522 3754 autem

1940 3816 2067 3855 eum
2113 3798 2267 3863 dicit,
2308 3812 2421 3852 non
2454 3795 2585 3866 quia
2623 3794 2769 3850 sedit
2798 3809 2829 3848 a
2877 3792 3109 3858 dextris,
3142 3799 3203 3846 ut
3232 3791 3399 3855 Deus,
3430 3790 3526 3847 sed

1939 3890 2069 3961 quia
2114 3887 2405 3943 nobiseum
2454 3885 2637 3941 adhuc
2685 3894 2828 3949 erat,
2868 3883 2922 3938 id
2974 3891 3062 3939 est
3102 3881 3263 3938 nobis
3301 3882 3525 3938 similis.

1938 3983 2047 4039 Ista
2074 3985 2279 4054 quippe
2304 3980 2460 4046 dicit,
2496 3989 2559 4035 ut
2583 3979 2677 4049 qui
2713 3977 2971 4033 servilem
3006 3976 3237 4031 formam
3274 3976 3528 4041 haberet,

1938 4089 2041 4130 nec
2091 4070 2274 4125 adhuc
2310 4078 2532 4139 tempus
2583 4070 2803 4123 adesset
2833 4080 2944 4136 quo
2988 4066 3231 4121 divinam
3281 4065 3521 4136 dignita-

1938 4174 2045 4221 tem
2084 4176 2367 4218 resumere
2405 4161 2660 4217 debebat.
2697 4157 2855 4215 Unde
2884 4174 3009 4214 cum
3051 4174 3153 4229 pro
3198 4157 3359 4214 nobis
3396 4172 3525 4211 cru-

1937 4272 2055 4313 cem
2107 4254 2479 4311 venerandam
2533 4251 2783 4322 pertulit,
2823 4259 3042 4307 acetnm
3100 4258 3156 4306 et
3219 4249 3292 4305 fel
3348 4247 3523 4303 Judaei

1920 4349 2257 4406 obtulerunt
2282 4347 2333 4402 ei
2367 4345 2595 4411 sitienti,
2626 4351 2682 4400 et
2720 4352 3012 4415 postquam
3055 4342 3307 4408 bibisset,
3332 4341 3471 4397 dixit
3502 4361 3517 4398 :

1940 4460 1963 4494 ο
1999 4441 2460 4497 Consummatum
2514 4444 2603 4493 est
2625 4436 2692 4492 “.
2743 4456 2762 4489 ι
2810 4434 3097 4507 impletum
3143 4435 3347 4507 quippe
3405 4435 3521 4504 jam

229 4531 363 4596 ὅξος
424 4531 573 4600 αὐτῷ
621 4529 715 4583 καὶ
751 4529 914 4600 χολὴν
971 4530 1212 4585 Ἰουδαῖοι
1281 4532 1633 4601 προσήγαγον
1674 4532 1832 4603 διψή-

1938 4538 2053 4586 erat
2072 4527 2478 4584 humiliationis
2494 4533 2734 4598 tempus,
2755 4534 2810 4583 et
2836 4526 3136 4583 cruciﬁxus
3165 4525 3382 4597 quidem
3410 4532 3520 4590 est,

230 4640 422 4684 σαντι,
487 4621 581 4674 καὶ
637 4619 796 4686 πιὼν,
827 4620 954 4691 ἔφη·
1008 4620 1435 4675 ιΤετέλεσται.»
1502 4623 1834 4695 Πεπλήρωτο

226 4715 349 4785 γὰρ
378 4712 479 4783 ἥδη
503 4713 531 4764 ὁ
560 4712 661 4782 τῆς
687 4710 1068 4775 ταπεινώσεως
1121 4711 1312 4783 καιρὸς
1333 4753 1347 4777 ,
1379 4714 1472 4766 καὶ
1510 4713 1831 4785 ἐσταυρώθη

231 4807 363 4877 μὲν,
428 4804 504 4867 ὥς
538 4804 849 4874 ἄνθρωπος’
898 4803 1152 4874 νενίκηκε
1209 4803 1320 4876 γὰρ
1362 4804 1458 4858 τοῦ
1511 4804 1743 4860 θανάτου
1772 4806 1832 4859 τὸ

225 4898 464 4968 κράτος,
491 4897 590 4966 οὐχ
634 4896 710 4959 ὡς
760 4895 1065 4968 ἄνθρωπος,
1096 4895 1180 4949 ἔτι
1210 4896 1415 4966 μᾶλλον
1443 4897 1501 4950 δὲ
1529 4898 1606 4959 ὡς
1658 4898 1789 4963 Θεὸς
1813 4940 1827 4963 ,

226 4988 379 5056 φημὶ
406 4988 471 5059 δὴ
508 4988 653 5040 κατά
679 4986 780 5058 τὴν
808 4987 1090 5059 ἐνέργειαν
1116 4989 1209 5044 καὶ
1241 4989 1340 5061 τὴν
1379 4991 1474 5044 ἐπὶ
1502 4990 1582 5061 τῷ
1610 4992 1830 5063 νικῆσαι

223 5079 390 5143 δόξαν
418 5097 476 5133 τε
502 5080 597 5133 καὶ
624 5079 876 5151 δύναμιν,
941 5080 1005 5132 ού
1046 5080 1186 5134 κατά
1236 5080 1334 5150 τὴν
1382 5082 1584 5154 σάρκα.
1612 5082 1831 5148 Μείζων

225 5166 321 5224 οὖν
342 5173 372 5224 ὁ
407 5170 620 5242 Πατὴρ,
656 5169 731 5235 ὡς
783 5170 864 5224 ἔτι
892 5170 1107 5237 δούλου,
1133 5174 1227 5226 καὶ
1253 5174 1312 5226 ἐν
1360 5176 1474 5238 10E;
1532 5174 1656 5228 καθ’
1682 5177 1829 5246 ἡμᾶς

225 5258 385 5325 ὄντος
414 5261 510 5314 τοῦ
542 5260 698 5315 Υίοῦ·
748 5262 873 5315 ἐπεὶ
906 5262 1000 5316 καί,
1049 5263 1182 5317 Θεὸν
1212 5264 1408 5319 ἑαυτοῦ
1442 5283 1608 5338 φησιν
1630 5268 1826 5334 αὐτὸν,

232 5353 328 5405 καὶ
350 5354 510 5407 τοῦτο
536 5353 615 5425 τῷ
634 5352 962 5427 ἀνθρωπίνῳ
990 5358 1315 5429 προσνέμων
1337 5360 1599 5432 σχήματι.
1626 5363 1693 5417 Εἰ
1717 5363 1827 5435 γὰρ

237 5445 568 5515 πιστεύομεν
592 5446 675 5499 δτι
719 5446 993 5502 κεκένωκέ
1031 5465 1092 5503 τι
1141 5452 1235 5505 καὶ
1272 5453 1674 5509 τεταπείνωκεν
1695 5456 1824 5510 ἐαυ-

237 5534 347 5600 τὸν,
385 5536 503 5590 πῶς
532 5538 629 5607 οὐχ
653 5537 860 5593 ἅπασιν
903 5540 1057 5596 ἔσται
1090 5543 1402 5614 καταφανὲς
1422 5586 1435 5610 ,
1469 5546 1551 5599 ότι
1592 5548 1823 5602 καταϐέ-

239 5622 407 5695 ϐηκεν
430 5624 489 5690 ἐξ
526 5627 803 5701 ὑπεροχῆς
833 5647 980 5696 τινος
1028 5634 1109 5697 είς
1156 5634 1472 5700 ἐλάττωσιν,
1525 5638 1727 5707 μᾶλλον
1768 5640 1824 5693 δὲ

312 5739 539 5818 ‘°_Psal.
587 5761 707 5801 xtvl
736 5786 749 5812 ,
784 5745 873 5802 20.
956 5752 995 5781 ⁸⁸
1042 5751 1173 5806 ibid.
1219 5754 1269 5807 6.
1351 5755 1394 5785 ⁸³
1434 5752 1583 5809 Psal.
1618 5770 1774 5818 xcw,
1822 5755 1863 5807 Ι-

240 5812 406 5876 υ,7.

1931 4630 1993 4677 ut
2042 4618 2412 4677 homo:vicit
2455 4618 2603 4674 enim
2660 4618 2859 4675 mortis
2918 4618 3241 4688 potentiam,
3294 4631 3401 4671 non
3458 4621 3520 4670 ut

1932 4717 2120 4782 homo,
2169 4711 2266 4769 sed
2312 4711 2497 4784 potius
2542 4720 2604 4766 ut
2649 4710 2815 4776 Dens,
2858 4710 3104 4766 elllcacia
3154 4708 3414 4763 nimirum
3463 4716 3520 4764 et

1929 4805 2185 4862 vincendi
2234 4805 2413 4873 gloria
2464 4810 2631 4872 atque
2694 4808 3006 4873 potestate,
3046 4814 3158 4853 non
3211 4798 3516 4853 secundum

1928 4912 2175 4953 carnem.
2217 4895 2391 4967 Major
2430 4895 2618 4964 itaque
2661 4903 2747 4949 est
2800 4891 2966 4947 Pater
3016 4889 3181 4953 Filio,
3209 4903 3372 4944 servo
3427 4889 3514 4943 ni-

1928 4992 2130 5047 mirum
2173 4989 2379 5055 adhuc,
2413 4996 2470 5043 et
2517 4986 2573 5041 in
2626 4983 2885 5039 humanis
2925 4980 3229 5036 constituto
3257 4998 3271 5034 :
3302 4996 3429 5035 nam
3463 4989 3517 5036 et

1929 5083 2109 5153 ipsum
2147 5080 2317 5136 Deum
2352 5093 2512 5135 suum
2548 5076 2819 5137 nominat,
2844 5073 3099 5127 humana:
3131 5072 3184 5128 id
3215 5071 3405 5127 forma:
3434 5083 3515 5125 at-

1929 5176 2201 5231 tribuens.
2231 5172 2366 5228 Nam
2396 5172 2443 5227 si
2487 5168 2766 5226 credimus
2798 5182 2923 5222 eum
2964 5166 3277 5223 exinanisse
3321 5174 3378 5223 et
3408 5166 3482 5220 bu

1928 5268 2177 5323 miliasse
2225 5264 2587 5333 semetipsum
2627 5259 2695 5326 °',
2750 5258 3032 5330 quomodo
3092 5274 3203 5314 non
3255 5255 3513 5315 omnibus

1929 5363 2139 5434 patebit
2172 5375 2305 5417 eum,
2338 5357 2409 5414 de
2436 5353 2734 5413 eminentia
2761 5352 2999 5423 quadam
3036 5353 3093 5408 in
3122 5350 3515 5408 demissionem

1928 5452 2307 5516 descendisse,
2335 5452 2447 5505 imo
2485 5463 2615 5503 vero
2647 5462 2713 5503 ex
2743 5447 3058 5519 mqualitate
3095 5461 3219 5502 cum
3247 5443 3413 5499 Patre
3442 5441 3511 5496 ad

1926 5541 2557 5619 intequalitatem?Nibil
2583 5549 2770 5597 autem
2803 5540 3001 5595 borum
3030 5538 3190 5595 Pater
3220 5536 3513 5601 sustinuit,

1943 5641 2041 5697 sed
2100 5638 2303 5694 mansit
2349 5643 2404 5693 et
2446 5640 2658 5707 perstat
2695 5633 2753 5688 in
2805 5632 3008 5704 quibus
3048 5638 3170 5686 erat
3207 5630 3277 5684 ab
3326 5628 3512 5683 initio.

1947 5755 1990 5786 ⁵³
2033 5751 2180 5809 Psal.
2217 5763 2405 5815 xcnr,
2445 5747 2493 5802 l.
2593 5747 2637 5780 ⁸⁵
2677 5744 2832 5803 Joan.
2866 5761 2997 5816 xtx,
3024 5742 3113 5799 50.
3194 5742 3237 5774 “
3271 5735 3512 5811 Philipp.
