4096 6484
703 321 814 378 515
1151 389 1157 391 _
1743 319 1800 375 S.
1845 316 2121 375 CYRILLI
2162 315 2653 373 ALEXANDRFNI’
2678 317 2998 376 ARCHIEP.
3829 332 3907 391 διε

707 433 882 505 Major
913 432 1079 508 846
1128 434 1313 506 itaque
1359 443 1443 491 est
1490 451 1556 492 eo
1585 434 1678 506 qui
1726 451 1794 490 ex
1846 434 2324 505 dispensationis}

2307 439 2355 496 Α
2383 435 2443 500 ἐξ
2477 436 2721 507 ἰσότητος
2743 436 2845 505 τῆς
2880 438 3016 507 πρὸς
3031 437 3123 491 τὸν
3159 440 3396 511 Πατέρα,
3430 441 3573 513 πρὸς
3601 442 3660 495 τὸ
3695 445 3762 515 μὴ
3779 447 3909 516 οὕτως

703 526 896 580 ordine
925 526 1341 582 minoratiouem
1376 527 1639 598 suscepit,
1665 527 1873 598 quique
1895 526 1952 580 in
1987 540 2052 581 ea
2085 525 2278 581 tandiu

2380 526 2537 597 ἔχον;
2567 528 2735 582 Οὐδὲν
2763 530 2821 582 δὲ
2843 529 3046 583 τούτων
3093 531 3513 602 ὐπομεμένηκεν
3543 533 3573 585 ό
3600 535 3802 608 Πατήρ·
3843 560 3909 611 με.

703 617 830 682 fuit,
873 617 1117 686 quandiu
1162 617 1227 672 ad
1296 618 1428 673 illud
1489 633 1746 674 reversus
1781 625 1888 680 est,
1963 616 2274 686 proprium,

2381 615 2582 686 μένηκε
2612 617 2668 670 δὲ
2697 617 2961 672 καὶοέστιν
2992 611 3154 682 ὲνιοίς
3182 615 3250 690 ἦν
3275 620 3336 684 ἐξ
3380 622 3584 691 ἀρχῆς.
3626 625 3822 686 Μείζων
3845 628 3909 683 οὖν

703 708 946 778 inquam,
982 716 1036 763 et
1085 709 1336 764 naturale
1402 708 1628 773 bonum,
1673 710 1729 763 in
1784 724 1893 779 quo
1922 717 2043 763 erat
2094 707 2272 762 initio.

2377 703 2487 775 ἄρα
2513 705 2607 758 τοῦ
2653 706 2751 777 τὴν
2791 706 3084 763 ἐλάττωσιν
3140 710 3496 779 οἰκονομικῶς
3525 711 3804 780 ἑλομένου,
3844 724 3909 772 καὶ

701 797 882 855 Locus
929 808 1112 855 autem
1165 801 1213 855 ei
1250 799 1656 870 quodammodo
1694 802 1953 871 proprius
2003 815 2069 854 ac
2113 808 2275 854 natu-

2376 795 2513 860 τέως
2541 797 2692 861 ὄντος
2719 799 2777 852 ἐν
2797 799 2959 870 αὐτῇ,
2987 800 3144 871 ἄχρις
3167 800 3233 854 ἂν
3282 803 3458 858 ἐκεῖνο
3499 802 3662 858 πάλιν
3693 805 3905 876 ἀνακομι-

701 891 838 945 ralis
866 890 990 961 jure
1039 891 1357 950 censebitur
1408 892 1502 947 illa
1557 907 1683 948 cum
1742 893 1900 950 Patre
1961 894 2272 964 arqualitas,

2332 892 2344 903 ‘
2377 889 2502 960 σθῇ,
2528 891 2589 944 τὸ
2612 891 2742 946 ῐδιον
2768 892 2830 964 δή
2862 911 3006 965 φημι
3055 893 3161 947 καῖ’
3187 893 3426 963 φυσικὸν
3466 893 3690 962 ἀΥα-θδνν
3725 896 3775 952 ἐν
3796 892 3906 971 ᾧπερ

698 998 862 1052 quam
919 999 1052 1040 cum,
1084 983 1338 1040 obstante
1392 985 1615 1040 nemine
1654 985 1858 1041 habere
1915 985 2128 1052 liceret,
2161 1001 2273 1040 non

2373 974 2442 1050 ἦν
2470 982 2530 1034 ὲν
2554 984 2716 1053 ἀρχῇ.
2751 983 2927 1048 Τόπος
2950 984 3005 1037 δὲ
3031 983 3220 1054 ὥσπερ
3260 985 3461 1048 οἰκεῖός
3503 1003 3568 1038 τε
3619 987 3708 1038 καὶ
3733 991 3907 1054 gustat;

697 1080 878 1126 tamen
907 1073 1154 1144 rapinam
1183 1075 1485 1131 arbitratus
1501 1083 1588 1131 est
1609 1086 1833 1146 propter
1863 1091 1964 1132 nos
1983 1077 2051 1132 “.
2075 1076 2270 1144 Porro,

2374 1074 2524 1144 αὐτῷ
2554 1073 2773 1144 νοηθείη
2827 1073 2893 1128 ἂν
2939 1076 3226 1146 εἰκότωςὴ
3283 1076 3467 1147 ἰσότης
3500 1078 3534 1146 ἡ
3579 1076 3712 1151 πρρς
3735 1079 3809 1132 τὸν
3831 1083 3907 1134 Πα-

635 1161 644 1174 "
695 1177 819 1215 cum
859 1161 926 1218 de
977 1163 1292 1234 aequalitate
1323 1163 1610 1219 Filii-cum
1645 1164 1757 1221 Deo
1790 1181 1854 1220 ac
1895 1167 2055 1221 Patre
2098 1167 2252 1220 mult:

2371 1165 2528 1236 τέρα,
2582 1165 2648 1236 ἢν
2695 1165 2838 1236 ἔχειν
2891 1165 3010 1230 ἐξὸν
3058 1167 3442 1231 ἀδιακωλύιτως
3467 1210 3499 1234 ,,
3527 1169 3629 1237 οὐχ
3670 1171 3905 1240 ἁρπαγμὸν

695 1253 928 1310 nobisin
961 1255 1340 1325 superioribus
1381 1255 1538 1312 libris
1570 1256 1719 1311 dicta
1769 1258 1904 1320 sint,
1931 1272 2113 1327 opera:
2143 1273 2270 1327 pre-

2371 1258 2616 1328 ὴγήσατο
2643 1258 2709 1310 δι’
2731 1258 2899 1328 ἡμᾶς.
2927 1258 3036 1311 Καὶ
3081 1259 3283 1312 πολλοῦ
3307 1262 3446 1330 ἡμῖν.
3471 1261 3754 1328 γεγονότος
3788 1264 3914 1332 λόγου,

694 1343 827 1396 lium
858 1343 1046 1399 forsan
1098 1357 1245 1402 esset
1273 1347 1338 1402 ad
1367 1363 1428 1403 ea
1457 1363 1579 1418 quae
1609 1357 1920 1418 sequuntur
1944 1349 2269 1419 explicanda

2370 1351 2626 1422 περὶτῆς
2661 1349 2904 1420 ἰσότητος
2940 1350 3034 1403 τοῦ
3073 1350 3204 1404 Υἰοῦ
3261 1351 3361 1420 τῆς
3400 1351 3542 1422 πρὸς
3587 1353 3813 1409 τὸνςΘεὸν
3839 1360 3904 1409 καὶ

693 1448 790 1488 nos
839 1437 1151 1507 accingere,
1191 1438 1348 1508 plura
1405 1441 1471 1495 de
1504 1439 1591 1493 his
1631 1440 1956 1509 impraesens
1994 1441 2270 1496 disserere

2370 1437 2590 1509 Πατέρα
2617 1439 2710 1490 καὶ
2743 1439 2801 1490 ἐν
2825 1440 2936 1501 τοῖς
2965 1438 3141 1492 ὀπίσω
3174 1439 3420 1509 βιϐλίοις,
3452 1440 3600 1511 τάχα
3622 1459 3732 1506 πως
3757 1440 3813 1514 ἦν
3833 1448 3902 1518 ἤδη

689 1524 1028 1580 omitteules.
1057 1527 1164 1582 Sed
1204 1529 1463 1598 quoniam
1496 1545 1565 1584 ex
1599 1531 1809 1586 insanis
1839 1531 2116 1587 haereticis
2145 1533 2267 1601 qui-

2369 1530 2578 1602 πρέπον
2593 1531 2685 1583 ἐπὶ
2713 1530 2810 1601 τὴν
2839 1529 2946 1582 τῶν
2977 1529 3106 1600 ἑξῆς
3148 1533 3447 1602 σωρήνειαν
3494 1532 3704 1596 ἐλθεῖν,
3728 1536 3781 1586 τὸ
3805 1541 3897 1606 περὶ

689 1609 841 1674 dam,
880 1626 987 1665 non
1017 1614 1294 1684 vulgarem
1333 1617 1476 1687 apud
1500 1615 1720 1673 Iudaeos
1765 1634 2049 1674 sacrarum
2092 1621 2267 1676 Litte-

2365 1620 2573 1674 τούτων
2590 1621 2669 1674 ἔτι
2694 1624 3066 1692 μακρηγορεῖν
3087 1622 3324 1690 ἀφέντας
3339 1625 3419 1685 εἰς
3437 1623 3503 1676 τὸ
3522 1625 3714 1694 παρόν.
3733 1626 3906 1698 Ἐπειδὴ

689 1714 873 1753 rarum
907 1703 1277 1772 cognitionem
1306 1717 1526 1772 nactus,
1561 1709 1709 1764 hunc
1747 1711 1928 1766 locum
1951 1714 2261 1782 explicans,
2299 1780 2306 1786 _

2299 1780 2331 1786 _
2366 1713 2424 1766 δέ
2453 1729 2538 1777 τις
2559 1712 2671 1765 τῶν
2702 1714 2976 1768 ἀσυνέτων
3003 1714 3295 1786 αἱρετικῶν
3320 1715 3380 1767 οὐ
3436 1714 3559 1768 λίαν
3603 1716 3897 1786 ἀθαύμαστον

687 1791 1061 1851 intolerabiles
1135 1796 1508 1867 blasphemias
1581 1802 1846 1859 adversus
1904 1780 2304 1876 UnigenitumJ

2295 1780 2338 1834 Β
2369 1803 2520 1874 παρὰ
2545 1807 2656 1867 τοῖς
2696 1805 2970 1869 Ἰουδαίοις
3021 1780 3199 1877 λαχὼν
3249 1806 3573 1878 τῶν-ἱερῶν
3607 1780 3899 1877 Γραμμάτων

685 1882 911 1954 scriptis
955 1885 1206 1954 tradidit,
1253 1904 1369 1945 rem
1423 1890 1589 1947 nimis
1638 1891 1870 1949 inertem
1921 1896 2196 1966 nimisque
2230 1912 2261 1952 a

2367 1895 2464 1967 τὴν
2485 1895 2709 1966 εἴδησιν,
2743 1895 2813 1948 τὰ
2838 1896 2896 1948 ὲν
2932 1895 3012 1966 τῷ
3060 1900 3404 1968 προκειμένῳ
3457 1897 3770 1969 ἑρμηνεύειν
3811 1903 3898 1952 ἑπι-

683 1988 772 2027 me
815 1973 1046 2032 alienam
1092 1977 1370 2034 facturum
1408 1982 1618 2051 putavi,
1659 1983 1704 2039 si
1739 1988 1948 2038 tantam
1991 1983 2112 2053 ejus
2160 1987 2263 2039 ho-

2367 1986 2583 2056 χειρῶν,
2616 1987 2802 2056 γραφῇ
2859 1985 3175 2057 παρέδωκεν
3231 1986 3292 2039 οὐ
3352 1986 3601 2058 φορητὰς
3642 1988 3898 2058 δυσφημίας

683 2063 846 2120 minis
885 2065 1158 2123 insaniam
1189 2071 1410 2127 silentio
1451 2076 1810 2143 praeterirem.
1845 2074 2052 2132 Ordine
2094 2075 2262 2148 igitur

2365 2072 2508 2127 κατὰ
2539 2074 2632 2128 τοῦ
2661 2075 3021 2144 Μονογενοῦς,
3058 2076 3285 2145 ἀδρανὲς
3307 2077 3495 2149 ᾠήθην
3513 2079 3614 2133 ,καὶ
3653 2079 3760 2132 λίαν
3777 2082 3897 2151 stag.

679 2156 730 2212 ei
759 2161 1162 2216 occurrendum
1214 2177 1449 2232 censeo,
1500 2166 2105 2239 demonstrandumque
2156 2185 2259 2240 pu-

2369 2182 2566 2236 μοστον
2597 2165 2824 2236 ὲμαυτῷ
2859 2169 3092 2238 πρᾶγμα
3115 2169 3290 2224 θέλειν
3320 2169 3652 2238 ὑφίστασθαι
3682 2171 3735 2226 τὸ
3764 2178 3897 2243 σιωπῇ

679 2245 824 2302 tidas
857 2264 981 2305 esse
1017 2261 1070 2306 et
1103 2252 1278 2309 aniles
1307 2254 1428 2324 ejus
1463 2255 1715 2322 fabellas,
1751 2266 1805 2313 et
1837 2261 1989 2314 omni
2025 2275 2258 2329 prorsus

2365 2255 2746 2329 παραδραμεῖν
2780 2256 2880 2326 τὴν
2937 2256 3081 2310 οὕτω
3124 2258 3305 2330 δεινὴν
3343 2259 3436 2312 τοῦ
3493 2261 3896 2331 μνημονευθέντος

673 2335 887 2406 judicio
912 2339 1232 2407 destitutas,
1266 2343 1625 2416 iuaniumque
1675 2347 1950 2402 duntaxat
1978 2349 2256 2406 rationum

2363 2346 2644 2400 ἀπόνοιαν.
2673 2348 2881 2401 Οὐκοῦν
2912 2348 3168 2420 οἰήσομαι
3201 2351 3309 2404 δεῖν
3339 2350 3650 2420 ὑπαντῆσαι
3684 2353 3773 2420 μὲν
3794 2356 3896 2405 κατὰ

678 2429 928 2498 strophis
961 2430 1174 2500 plenas.
1218 2432 1302 2486 Ad
1349 2435 1576 2489 verbum
1619 2444 1801 2492 autem
1840 2438 2088 2495 recitabo
2133 2457 2256 2511 quae

2362 2438 2520 2509 λόγον
2547 2438 2715 2510 αὐτῷ,
2736 2440 2905 2507 δεῖξαί
2929 2458 2988 2494 τε
3019 2441 3205 2511 σαφῶς
3235 2443 3314 2495 ὅτι
3339 2441 3519 2514 σαθρά
3535 2459 3592 2496 τε
3610 2444 3698 2495 καὶ
3723 2443 3895 2512 γραὼδη

676 2520 922 2576 scribere
955 2537 1132 2578 ausus
1166 2531 1274 2588 est,
1297 2539 1422 2580 cum
1455 2527 1607 2583 visus
1636 2537 1721 2584 est
1752 2529 1858 2585 sibi
1891 2546 2119 2587 sensum
2150 2534 2257 2590 loci

2361 2530 2428 2583 τὰ
2456 2532 2588 2602 παρ’
2617 2531 2783 2585 αὐτοῦ
2812 2533 3073 2604 μυθάρια,
3097 2533 3192 2586 καὶ
3223 2535 3541 2605 φρονήσεως
3579 2534 3672 2603 μὲν
3697 2535 3778 2603 τῆς
3796 2535 3895 2599 ἀγα-

675 2610 842 2680 bujus
889 2627 1185 2683 exponere.
1226 2635 1244 2668 ι
1284 2615 1547 2688 Majorem
1590 2631 1773 2676 autem
1813 2623 1999 2693 seipso
2034 2623 2255 2681 Patrem

2363 2620 2464 2691 θῆς
2491 2621 2824 2693 ἀμοιροῦντα
2853 2623 3149 2687 παντελῶς,
3175 2623 3414 2696 στροφὰς
3436 2624 3496 2677 δὲ
3519 2624 3731 2676 εἰκαίων
3746 2623 3893 2693 ἔχοντα

674 2711 863 2774 aperte
909 2706 1236 2776 praedicans,
1280 2724 1391 2764 non
1426 2711 1606 2766 solum
1637 2713 2029 2783 gratitudinem
2069 2732 2129 2772 se
2171 2717 2255 2773 di-

2361 2710 2660 2783 λογισμῶν.
2723 2715 2842 2768 Ἐπ’
2873 2715 3042 2786 αὐτῆς
3064 2717 3120 2768 δὲ
3148 2717 3276 2786 ύμῖν
3306 2717 3698 2787 ἀναγνώσομαι
3717 2717 3889 2780 λέξεως,

673 2810 834 2866 gnam
886 2797 1156 2865 exhibuit,
1184 2799 1282 2855 sed
1318 2809 1373 2856 et
1405 2817 1599 2857 eorum
1640 2805 1737 2874 qui
1770 2806 1976 2872 {ambos
2011 2810 2254 2878 aequales

2361 2802 2397 2857 ἆ
2427 2805 2702 2859 συνθεῖναι
2735 2807 3059 2877 τετόλμηκε,
3083 2807 3182 2878 τὴν
3211 2808 3306 2860 τοῦ
3337 2808 3720 2879 προκειμένου,
3761 2808 3891 2862 καθά·

671 2901 797 2942 esse
831 2895 1029 2957 putant
1074 2891 1428 2946 mendaci-um
1455 2897 1726 2964 coarguit.
1768 2915 1786 2947 ι
1824 2897 2036 2962 Quibus
2071 2900 2253 2956 verbis

2361 2915 2468 2970 περ
2499 2899 2660 2962 αὐτὸς
2687 2899 2868 2971 ᾠήθη,
2901 2900 3134 2970 θεωρίαν
3170 2900 3556 2970 ἐξηγούμενος.
3590 2919 3608 2951 ‹
3630 2900 3832 2964 Μείζονα
3852 2901 3894 2954 δὲ

675 2975 902 3033 Sabellii
946 2981 1208 3050 opinione
1245 2983 1494 3054 explosa,
1539 2986 1772 3042 infestus
1802 2998 1856 3043 et
1880 3004 2028 3055 acer,
2063 3001 2120 3046 ut
2149 3009 2251 3064 pu-

2361 2987 2557 3041 ἑαυτοῦ
2582 2987 2673 3041 τὸν
2707 2987 2929 3059 Πατέρα
2985 2986 3276 3060 κηρύσσων
3311 2987 3524 3057 σαφῶς,
3557 2988 3618 3041 οὐ
3658 2988 3799 3058 μόνον
3820 2987 3888 3057 τὴν

672 3077 774 3135 tat,
827 3071 884 3126 iu
941 3089 1039 3129 eos
1095 3075 1210 3130 ruit
1265 3077 1360 3146 qui
1391 3079 1660 3148 aequalem
1706 3079 1858 3136 Patri
1891 3081 2091 3138 Filium
2139 3097 2289 3158 sta-1

2283 3135 2322 3158 η
2360 3077 2539 3148 ἑαυτῷ
2561 3078 2876 3150 πρέπουσαν
2924 3079 3270 3150 παρέστησεν
3325 3078 3759 3150 εὐγνωμοσύνην,
3789 3079 3888 3132 ἀλλὰ

671 3163 936 3228 tuunt,in
973 3164 1123 3220 hunc
1153 3181 1350 3222 rursus
1391 3169 1615 3224 modum
1647 3171 1901 3228 scribens
1940 3192 1954 3228 :
1997 3191 2019 3224 ι
2051 3173 2130 3228 Eo
2159 3147 2288 3232 (1ο-⁴

2282 3135 2324 3192 C
2357 3173 2466 3241 γὰρ
2493 3135 2584 3224 καὶ
2607 3135 2720 3223 τῶν
2749 3174 2805 3224 ὲν
2831 3135 3171 3242 ἀμφοτέροις’
3208 3167 3347 3224 εἷναι
3382 3135 3713 3240 νομιξόντων
3730 3171 3780 3222 τὸ
3796 3170 3890 3238 dati,-

669 3251 892 3307 mentize
920 3253 1146 3322 quidam
1175 3270 1375 3311 rursus
1407 3259 1697 3327 progressi
1730 3271 1882 3327 sunt,
1911 3271 1971 3317 ut
2002 3263 2111 3318 dici
2143 3279 2255 3321 non

2354 3263 2442 3326 δος
2462 3262 2731 3334 διήλεγξε.
2758 3280 2778 3315 ο
2835 3263 2946 3317 Καὶ
2976 3261 3075 3334 τὴν
3106 3263 3395 3316 Σαϐελλίου
3424 3264 3520 3316 διὰ
3553 3263 3744 3316 τούτων
3770 3278 3885 3330 περι-

670 3342 853 3397 l'erant
901 3342 1186 3416 Unigeniti
1246 3346 1450 3405 deitate
1504 3349 1721 3407 Patrem
1781 3368 1906 3410 esse
1958 3355 2251 3426 majorem,

2355 3355 2628 3426 κροτήσας
2649 3353 2828 3420 δόξαν,
2855 3354 3051 3420 δεινὸς,
3093 3355 3170 3420 ῶς
3217 3357 3409 3419 οἴεται,
3450 3355 3547 3409 καὶ
3581 3355 3761 3426 δριμὺς
3797 3355 3886 3406 ἔτι·

669 3431 767 3488 sed
797 3447 922 3488 eum
953 3432 1223 3491 duntaxat
1256 3439 1575 3508 pracellere
1609 3441 1926 3498 existiment
1957 3459 2251 3517 compara-

2354 3447 2501 3518 πηδᾷ
2531 3449 2646 3511 τοῖς
2674 3449 2731 3501 ὲν
2769 3447 2974 3518 ἰσότητι
3009 3448 3146 3519 πρὸς
3196 3447 3288 3502 τὸν
3347 3449 3571 3519 Πατέρα
3621 3446 3794 3503 τιθεῖσι
3821 3444 3885 3497 τὸν

668 3522 820 3579 tione
869 3539 993 3578 cum
1027 3539 1216 3591 carne,
1250 3529 1342 3597 qui
1373 3545 1443 3585 ne
1465 3531 1550 3586 vel
1607 3532 1662 3586 in
1704 3533 1808 3588 hoc
1855 3534 2080 3605 quidem
2125 3554 2252 3608 per-

2353 3539 2504 3601 Υἱὸν.
2531 3539 2676 3594 οὓτω
2705 3541 2869 3594 πάλιν
2897 3540 3088 3595 εἰπών’
3127 3559 3146 3592 ι
3183 3543 3280 3604 Εἰς
3306 3540 3568 3594 τοσοῦτον
3619 3540 3765 3594 πάλιν
3787 3540 3885 3591 ἀπο-

667 3615 880 3684 spicere
939 3627 1178 3686 possunt
1233 3619 1604 3692 heterogeuea
1665 3625 1822 3680 nullo
1872 3628 2036 3684 modo
2087 3646 2252 3701 posse

2351 3632 2501 3695 νοίας
2524 3632 2800 3702 προῆλθόν
2826 3649 2991 3696 τινες,
3019 3633 3095 3696 ῶς
3129 3633 3270 3704 μηδὲ
3307 3632 3448 3696 ὅλως
3491 3631 3761 3706 ἀνέχεσθαι
3800 3630 3883 3700 μεί-

665 3712 999 3778 comparari.
1025 3709 1198 3766 Nemo
1252 3713 1396 3769 enim
1441 3715 1646 3773 dixerit
1679 3734 1924 3790 unquam
1966 3721 2247 3779 hominem

2351 3722 2482 3787 ζονα
2515 3717 2653 3778 εἶναι
2671 3724 2765 3778 τὸν
2804 3724 3023 3792 Πατέρα
3050 3725 3147 3794 τῆς
3179 3722 3273 3777 τοῦ
3307 3724 3646 3792 Μονογενοῦς
3690 3723 3884 3792 θεότητος

659 3798 919 3873 jumento
971 3804 1364 3872 sapientiorem
1421 3822 1568 3875 esse,
1613 3825 1794 3881 neque
1848 3811 1988 3869 adeo
2042 3830 2247 3884 equum

2350 3815 2549 3883 λέγειν,
2571 3815 2704 3868 ἀλλὰ
2729 3816 2890 3887 μόνον
2912 3817 3072 3870 αὐτὸν
3095 3816 3381 3888 συγκρίσει
3402 3803 3472 3889 τῇ
3497 3817 3625 3890 περὶ
3646 3815 3732 3886 τὴν
3750 3815 3881 3885 σάρκα

662 3891 912 3949 velocius
956 3910 1185 3951 currere
1233 3898 1541 3966 testudine,
1580 3902 1680 3958 sed
1715 3902 1993 3960 hominem
2035 3906 2246 3962 homini

2351 3909 2450 3961 ὐπε
2460 3907 2636 3980 ρέχειν
2653 3908 2849 3974 δοκεῖν,
2872 3909 3008 3979 μηδὲ
3030 3908 3132 3962 κᾶν
3153 3907 3313 3962 τοῦτο
3331 3907 3445 3980 [πρ.
3468 3909 3575 3963 κάν
3590 3905 3765 3978 τούτῳ]
3782 3923 3884 3957 συνι·

661 3981 918 4038 doctrina
965 3996 1248 4056 praesta-re,
1299 3998 1355 4046 et
1399 4006 1604 4060 equum
1641 3994 1892 4051 velocius
1939 4013 2082 4068 cquo
2122 4014 2248 4052 cur-

2347 3999 2458 4052 δεῖν
2488 3998 2828 4069 δυνηθέντες,
2859 3999 2934 4062 ὡς
2959 3999 3030 4052 τὰ
3053 4000 3342 4070 ἑτερογενῆ
3371 4000 3623 4070 οὐδαμῶς
3650 3997 3878 4067 συγκρίνε-

662 4089 807 4130 rere.
849 4075 986 4131 Cum
1025 4093 1156 4148 ergo
1209 4081 1328 4135 sola
1369 4081 1718 4154 homogenea
1770 4089 2244 4158 comparationem

2349 4089 2475 4143 σθαι
2495 4089 2739 4146 δύναται.
2774 4089 2964 4154 Οὐδεὶς
2988 4091 3098 4162 γὰρ
3122 4089 3188 4143 ἂν
3210 4093 3355 4145 εἴποι
3382 4092 3513 4144 ποτὲ
3543 4093 3621 4144 ὅτι
3653 4089 3881 4158 ᾶνθρωπθς

661 4167 807 4222 inter
835 4183 896 4223 se
929 4169 1264 4240 suscipiant,
1299 4188 1532 4231 necesse
1563 4187 1650 4232 est
1680 4193 1776 4234 eos
1827 4177 1989 4235 fateri
2029 4180 2245 4237 Patrem

2348 4180 2657 4253 σοφώτερός
2680 4182 2798 4235 ἐστι
2833 4185 3084 4252 κτήνους,
3132 4182 3254 4236 οὐτε
3306 4184 3412 4254 μὴν
3462 4185 3626 4247 ἵππος
3664 4181 3877 4250 ὀξυτέρως

661 4257 929 4328 majorem
979 4275 1106 4317 esse
1163 4262 1284 4333 ipsa
1335 4263 1620 4338 Unigenili
1675 4269 1904 4326 deitate.
1956 4271 2093 4327 Nam
2151 4275 2244 4345 qui

2346 4274 2531 4346 τρέχει
2559 4272 2823 4344 χελώνης,
2872 4274 2977 4325 mc
3001 4273 3288 4346 ἄνθρωπον
3320 4274 3610 4346 ἀνθρώπου
3637 4273 3875 4342 ἐλλογιμώ-

660 4350 1004 4405 contrarium
1037 4353 1309 4423 sentiunt,
1337 4355 1395 4412 in
1429 4375 1494 4414 eo
1525 4361 1670 4432 quod
1705 4362 1886 4432 ipsum
1917 4380 2044 4420 cum
2076 4382 2246 4423 carne

2344 4383 2524 4438 τερον,
2560 4366 2726 4419 ἵππον
2779 4367 2836 4419 δὲ
2892 4367 3060 4419 ἵππου
3105 4366 3362 4436 ὀξύτερον
3399 4367 3675 4438 φέρεσθαι.
3729 4365 3875 4418 Μόνων

659 4450 1008 4510 comparant,
1035 4453 1308 4514 quantum
1339 4448 1397 4505 in
1427 4450 1509 4507 eis
1549 4459 1656 4519 est,
1690 4451 1873 4512 Patris
1917 4455 2242 4528 dignitatem

2277 4477 2321 4532 υ
2349 4458 2528 4512 τοίνυν
2556 4457 2666 4510 τῶν
2725 4457 3003 4528 ὁμογενῶν
3051 4458 3148 4528 τὴν
3193 4460 3330 4529 πρὸς
3384 4458 3594 4531 ἄλληλα
3646 4457 3869 4525 σύγκρισίι

659 4531 934 4588 mimum"-
974 4553 991 4583 ’
2278 4531 2288 4532 ί
2350 4551 2787 4622 ὲπιδεχομένων,
2847 4550 3061 4621 ἀνάγκη
3125 4553 3321 4613 αὐτοὺς
3371 4553 3728 4622 ὁμολογῆσαι,
3776 4548 3836 4598 ὅτι
3858 4547 3871 4581 ί

657 4625 849 4697 Πατὴρ
887 4628 1089 4697 μείζων
1115 4631 1287 4704 αὐτῆς
1329 4635 1427 4706 τῆς
1479 4639 1573 4694 τοῦ
1615 4643 1958 4712 Μονογενοῢς-
1985 4645 2240 4720 θεότητος
2278 4648 2537 4720 ὑπάρχει.
2575 4647 2638 4702 Οί
2670 4647 2782 4718 γὰρ
2811 4646 3066 4710 ἐναντίως
3094 4647 3472 4718 σφαλλόμενοι,
3507 4647 3585 4700 τῶ
3639 4644 3758 4706 πρὸς
3804 4641 3873 4707 τῆτ

658 4717 832 4790 σάρκα
862 4724 1194 4795 συγκρίνειν,
1242 4730 1367 4784 ὅσον
1414 4731 1476 4786 τὸ
1517 4733 1605 4787 ἐπ’
1654 4738 1858 4807 αὐτοῖς,
1901 4741 1962 4794 τὸ
2006 4717 2272 4816 πατρικὸν
2307 4717 2527 4815 ἀξίωμα
2554 4743 2898 4815 καθαιροῦσι.
2946 4763 2964 4793 ι

724 4809 817 4868 Ha:
866 4815 1092 4884 quidem
1139 4827 1272 4874 sunt
1305 4821 1457 4879 illius
1491 4826 1657 4899 847
1709 4847 1890 4902 nugae.
1925 4809 2237 4892 Videndum

2359 4809 2370 4812 ⁷
2410 4809 2580 4888 Ταυτὶ
2600 4835 2697 4906 μὲν
2723 4809 2956 4888 ⁷ἐκείνου
3005 4834 3075 4888 τὰ
3103 4834 3313 4904 ὐθλώδη
3345 4835 3651 4907 ληρήματα.
3695 4835 3870 4884 Διασκε-

651 4916 785 4958 vero
815 4920 926 4974 quo
967 4915 1131 4977 pacto
1177 4911 1294 4967 suis
1331 4913 1450 4984 ipse
1480 4920 1665 4976 verbis
1705 4938 1772 4978 ne
1799 4925 1982 4981 sciens
2013 4927 2235 4996 quidem

2338 4927 2499 4981 πτέον
2527 4927 2582 4980 δὲ
2609 4927 2758 4990 ὅπως
2791 4927 2942 4980 οὐδὲν
2977 4928 3155 4982 εἰδότα
3200 4928 3462 5000 δείξωμεν
3511 4931 3591 4983 ὅτι
3621 4928 3722 4988 τοῖς
3751 4921 3865 4978 ἰδίοις

656 5004 901 5091 pugnet._
926 4996 1141 5054 Laudat
1178 5005 1326 5058 enim
1377 5004 1602 5079 Filium,
1658 5021 1718 5068 ut
1761 5015 1858 5085 qui
1906 5016 2130 5089 dignam
2175 5035 2237 5076 se

2335 5017 2500 5081 αὐτὸς
2533 5018 2766 5088 μάχεται
2801 5017 3004 5088 λόγοις.
3036 4996 3382 5091 Ἀποδὲχεται
3402 5021 3502 5090 μὲν
3532 5020 3634 5091 γὰρ
3657 5017 3736 5070 τὸν
3756 5011 3863 5072 Υἱὸνι

654 5085 1056 5154 gratitudinem
1087 5099 1142 5145 et
1172 5096 1487 5166 aequitatem
1519 5106 1843 5172 servaverit,
1881 5085 2011 5163 cum
2045 5109 2184 5164 dixit
2217 5130 2230 5166 :

2334 5108 2411 5174 ῶς
2431 5085 2700 5181 τὴν-αὐτῷ
2723 5085 3041 5181 πρέπουσαν
3058 5085 3481 5185 εὐγνωμοσύνην
3499 5085 3861 5182 διατηρήσαντῶ

659 5193 678 5225 ι
713 5175 878 5231 Pater
906 5179 1085 5249 major
1113 5198 1199 5239 me
1229 5195 1349 5254 est;
1389 5208 1408 5240 ι
1439 5193 1536 5248 sed
1563 5197 1736 5252 miror
1760 5199 1855 5270 qui
1884 5215 1995 5256 non
2030 5201 2087 5256 in
2115 5203 2236 5257 ani-

2334 5201 2413 5272 τῷ
2440 5175 2614 5256 εἰπεῖν
2732 5175 2789 5258 ’ὁ
2821 5205 3012 5276 Πατὴρ
3041 5175 3256 5276 μείζων·
3281 5224 3382 5277 μου
3418 5175 3553 5260 έστί.
3599 5175 3863 5268 »θαυμάξω

654 5281 805 5320 mum
839 5267 989 5326 istud
1018 5272 1320 5333 induxerit.
1357 5281 1500 5348 Quid
1535 5288 1704 5356 enim,
1731 5267 1940 5361 quaeso,
1963 5308 2088 5349 eum
2121 5294 2237 5350 adi-

2333 5267 2395 5347 δέ
2419 5295 2566 5359 ὅπως
2595 5295 2717 5350 οὐδὲ
2780 5267 3158 5351 ἐκεῖνο-κατὰ-
3178 5267 3304 5353 νοῦν
3343 5298 3656 5363 εἰσεδέξατο.
3688 5267 3756 5346 Τίί
3778 5286 3858 5356 γάρ

654 5359 818 5428 gebat
843 5367 901 5415 ut
929 5361 996 5419 de
1027 5365 1318 5430 divinitate
1348 5390 1448 5431 sua
1484 5394 1631 5436 nunc
1661 5359 1829 5439 verba
1858 5384 2084 5455 faceret,
2110 5403 2234 5443 cum

2335 5379 2404 5456 ἦν
2426 5387 2564 5448 ὅλως
2597 5387 2659 5440 τὸ
2681 5387 2974 5442 ἀναπεῖθον
3000 5388 3162 5442 αὐτὸν
3198 5389 3476 5458 θεολογίας
3511 5359 3728 5457 ἑψασθαι
3755 5375 3856 5436 νυνὶ.

653 5465 821 5508 nemo
851 5468 1023 5513 sanus
1053 5474 1298 5532 unquam
1331 5473 1552 5540 tempus
1601 5473 1859 5545 loquendi
1889 5476 2235 5551 faciendique

2341 5477 2518 5532 καίτοι
2543 5476 2603 5529 τὸ
2637 5478 2828 5550 καιρὸν
2856 5480 3054 5534 εἰδέναι
3087 5481 3179 5534 τὸν
3217 5481 3499 5551 πρέποντα
3530 5478 3618 5532 καὶ
3636 5473 3772 5540 λόγου
3786 5465 3853 5519 καὶ

656 5552 1030 5617 opportunum
1065 5554 1211 5611 scire
1263 5561 1604 5631 neglexerit?
1632 5567 1794 5635 Quid,
1832 5572 2076 5644 inquam,
2098 5587 2235 5642 opus

2341 5571 2662 5642 πράγματος
2701 5573 2798 5626 οὐκ
2831 5573 2982 5646 ἐντῷ
3017 5575 3205 5646 μηδενὶ
3250 5575 3370 5647 θείη
3401 5575 3480 5638 τίς
3511 5573 3591 5637 ἂν,
3627 5568 3672 5622 εἰ
3703 5581 3752 5635 γε
3778 5576 3855 5614 σω·

732 5719 778 5753 ⁸⁸
802 5720 1042 5799 Philipp.
1069 5681 1144 5799 11,.
1167 5730 1221 5784 6.
