4096 6564
140 380 315 438 317

1302 383 1370 438 ΙΝ
1407 382 1697 440 JOANNIS
1731 382 2187 443 EVANGELIUM
2219 387 2348 446 LIB.
2391 388 2459 443 Χ.

3388 392 3497 449 318

142 501 498 572 φρονοίη;
539 500 606 555 Τί
632 497 726 555 οὖν
757 500 863 555 ἔδει
904 501 1007 573 τῆς
1044 499 1216 563 οὓτως
1267 501 1499 572 ἀκαίρου
1539 500 1817 569 θεολογίας

1932 509 2041 554 erat
2072 500 2459 573 intempestiva
2495 502 2587 557 illa
2614 501 2839 558 deitatis
2874 500 3246 560 declaratione
3280 508 3499 564 mmstis

142 586 560 665 ἀνιωμένοις
582 594 698 657 τοῖς
755 592 1044 664 μαθηταῖς,
1090 592 1322 664 ἐπείπερ
1359 592 1819 663 ἐμελλενάποδη-

153 685 352 748 μεῖν
391 683 497 739 ἀπὸ
514 684 722 753 κόσμου
775 684 912 756 πρὸς
944 684 1038 738 τὸν
1064 684 1285 757 Πατέρα
1323 686 1419 739 καὶ
1440 685 1613 750 Θεόν;
1658 685 1829 737 Ποῖον

152 774 268 835 γὰ
278 791 332 844 ρ
377 776 443 829 ἂν
466 774 703 828 ἐποίσειε
721 774 1077 846 παραμυθίας
1100 774 1300 845 τρόπον
1324 775 1507 837 αὐτοῖς
1541 772 1602 826 τὸ
1632 775 1818 843 πρᾶγ-

161 880 278 931 μα.
327 867 553 936 τυχόν;
603 866 746 919 ’Λνθ’
772 867 894 920 ὅτου
931 866 977 919 δ’
1002 866 1141 929 ὅλως
1178 866 1461 938 μονονουχὶ
1495 867 1588 920 καὶ
1625 883 1820 920 καταιο·

160 957 419 1011 τιᾶται
478 957 688 1027 λέγων’
727 976 748 1010 ι
784 959 847 1011 El
893 957 1148 1029 ἠγαπᾶτέ
1206 975 1295 1029 με,
1342 958 1574 1029 ἐχάρητε
1627 958 1693 1012 ἂν
1739 959 1820 1011 ὅτι

166 1050 545 1121 πορεύομαι
597 1051 737 1121 πρὸς
796 1050 890 1105 τὸν
934 1050 1176 1121 Πατέρα,
1212 1051 1294 1103 ὃτι
1331 1052 1360 1103 6
1401 1050 1589 1121 Πατὴρ
1622 1048 1821 1120 μείζων

172 1157 328 1205 μου
375 1142 563 1209 ἐστίν;
598 1162 617 1194 ι
652 1138 799 1213 τΑρα
837 1142 969 1213 γὰρ,
1008 1142 1132 1197 είπέ
1174 1160 1286 1214 μοι,
1318 1141 1627 1196 διακεῖσθαι
1663 1140 1823 1194 τοῦτο

172 1233 375 1301 πρὸς
428 1235 700 1306 θυμηδίαν
747 1236 922 1289 ἐποίει
974 1235 1101 1299 τοὺς
1155 1233 1422 1306 μαθητάς,
1455 1235 1488 1305 ἢ
1526 1234 1626 1304 τῆς
1679 1231 1822 1286 οὕτω

179 1322 494 1388 φιλοθέου
523 1323 701 1395 λύπης
744 1324 1110 1394 ἀπήλλαττεν,
1142 1325 1226 1377 ὅτι
1270 1323 1409 1395 πρὸς
1460 1322 1552 1376 τὸν
1600 1322 1825 1393 μείζονα

178 1415 468 1490 Πατέρα
503 1418 795 1488 πορεύεται
817 1437 841 1483 ;‹
886 1414 1024 1472 Εἶτα
1075 1420 1228 1471 ποῖον
1279 1417 1486 1471 κατίδοι
1514 1434 1598 1479 τις
1633 1415 1699 1470 ἂν
1733 1415 1823 1467 τὸν

176 1506 327 1577 τῆς
369 1509 725 1580 παραμυθίας
774 1508 1034 1579 ἐντούτῳ
1054 1511 1296 1580 τρόπον;
1336 1507 1529 1561 Καίτοι
1556 1506 1828 1559 Φιλίππου

185 1599 329 1667 μὲν
360 1602 628 1672 ἐρομένου
648 1601 746 1654 καὶ
778 1600 1029 1669 λέγοντος
1051 1617 1066 1634 ο
1097 1620 1115 1652 ι
1158 1600 1356 1672 Κύριε,
1384 1599 1556 1664 δεῖξον
1579 1599 1826 1670 ήμῖντὸν

181 1695 487 1766 Πατέρα,
541 1695 636 1749 καὶ
696 1696 858 1766 ἀρκεῖ
895 1695 1047 1763 ἡμίν,
1086 1711 1104 1745 ι
1141 1693 1264 1746 τότε
1299 1693 1396 1763 δὴ,
1426 1693 1548 1744 τότε
1578 1692 1679 1745 καὶ
1705 1690 1826 1744 λίαν

185 1787 535 1859 εὐκαίρως,
557 1787 651 1841 ac;
680 1787 743 1857 δὴ
777 1788 872 1840 καὶ
900 1785 995 1840 τοῦ
1022 1786 1123 1853 τῆς
1161 1784 1440 1855 θεολογίας
1475 1782 1828 1853 ἐνεστηκότος

188 1878 458 1949 καιροῦ,
488 1880 580 1933 τὸν
636 1878 859 1949 Πατέρα
920 1878 1018 1948 μὲν
1062 1878 1121 1930 ἐν
1153 1875 1333 1947 ἐαυτῷ
1369 1876 1606 1938 δεικνὺς,
1634 1874 1826 1927 ἐαυτὸν

189 1968 249 2020 δ’
306 1966 389 2024 αὖ
427 1972 600 2025 πάλιν
624 1970 785 2042 ἐντῷ
816 1969 1016 2040 Πατρὶη,
1049 1969 1144 2023 καὶ
1163 1970 1246 2022 ὅτι
1272 1968 1393 2023 κατ’
1421 1967 1570 2020 οὐδὲν
1587 1965 1826 2019 ἐλάττων

193 2060 389 2114 ἐστὶν
419 2060 611 2125 αὑτοῦ,
673 2063 739 2132 τῇ
789 2061 847 2114 δὲ
902 2059 1044 2114 κατὰ
1090 2061 1201 2112 πᾶν
1236 2058 1444 2130 ἰσότητι
1486 2056 1824 2128 διαπρεπὴς,

199 2154 450 2221 ἔφασκε
481 2171 505 2190 ’›
527 2173 545 2205 ι
566 2152 819 2224 Τοσούτῳ
850 2153 1029 2224 χρόνῳ
1066 2151 1192 2223 μεθ’
1240 2150 1394 2222 ὑμῶν
1438 2153 1578 2221 εἰμι,
1612 2150 1707 2204 καὶ
1728 2150 1829 2203 οὐκ

198 2245 492 2312 ἔγνωκάς
515 2264 604 2318 με,
643 2246 876 2298 Φίλιππε
902 2262 916 2311 ;
955 2245 1012 2298 '0
1034 2242 1296 2313 ἐωρακὼς
1341 2242 1462 2312 ἐμὲ,
1492 2240 1705 2311 ἐώρακε
1737 2239 1828 2293 τὸν

204 2340 481 2411 Πατέρα.
522 2340 599 2391 Ού
636 2337 912 2401 πιστεύεις
956 2336 1039 2389 ὅτι
1078 2334 1191 2403 ἐγὼ
1227 2334 1286 2387 ἐν
1318 2332 1398 2402 τῷ
1434 2334 1629 2402 Πατρὶ,
1663 2332 1757 2385 καὶ
1801 2333 1829 2384 6

205 2430 433 2501 Πατὴρ
452 2432 512 2483 ἐν
545 2428 667 2500 ἐμοί
698 2429 881 2493 ἐστιν;
918 2424 1060 2495 Ἐγὼ
1093 2426 1187 2479 καὶ
1215 2424 1244 2476 6
1279 2424 1469 2495 Πατὴρ
1497 2423 1557 2475 ἐν
1581 2423 1770 2491 ἐσμεν.
1804 2439 1823 2473 ι

224 2522 415 2575 Ἀλλὰ
471 2521 592 2575 τότε
652 2521 750 2591 μὲν
788 2518 1060 2590 εὐκαίρως
1132 2516 1224 2570 τὸν
1278 2516 1370 2568 ἐπὶ
1428 2513 1639 2577 τούτοις
1697 2513 1829 2582 ἡμῖν

212 2612 548 2682 ἐξυφαίνων
581 2612 737 2680 λόγον
761 2609 985 2673 εἰκότως
1021 2606 1390 2678 ἐθαυμάζετο·
1426 2605 1545 2658 νυνὶ
1580 2605 1636 2657 δὲ
1678 2606 1830 2658 ποῖον

213 2703 353 2773 ἔχει
379 2704 443 2756 τὸ
462 2705 694 2775 πρᾶγμα
726 2702 939 2773 καιρὸν,
978 2701 1011 2771 ἦ
1047 2702 1199 2753 ποῖον
1235 2698 1374 2762 ὅλως
1401 2697 1706 2763 ἐπιδέξεται
1737 2696 1827 2749 λο-

210 2799 462 2867 γισμὸν,
494 2797 528 2869 ἢ
556 2796 843 2867 βούλεσθαι
877 2795 975 2866 μὲν
1008 2793 1107 2865 τὴν
1134 2794 1190 2845 ἐν
1219 2794 1333 2854 τοῖς
1358 2790 1630 2862 μαθηταῖς
1658 2807 1829 2844 κατα-

218 2891 428 2959 ραῒσαι
455 2887 657 2958 λύπην,
689 2887 954 2957 φάρμακα
971 2885 1027 2939 δὲ
1048 2883 1238 2953 ὥσπερ
1262 2882 1620 2953 παραμυθίας
1647 2883 1831 2950 αὐτοῖς

213 2986 501 3047 ἐπινοεῖν,
534 2982 597 3035 τὸ
635 2980 893 3046 ἐπιτάξαι
940 2979 1174 3049 χαίρειν,
1223 2977 1306 3030 ὅτι
1356 2976 1649 3047 πορεύεται
1692 2977 1831 3049 πρὸς

213 3075 321 3128 τὸν
362 3075 620 3147 Πατέρα;
647 3070 775 3144 Ἆρ’
821 3067 915 3125 οῦν
938 3071 1039 3123 οὐκ
1095 3070 1162 3123 ἂν
1201 3070 1412 3137 γένοιτο
1443 3068 1538 3121 καὶ
1565 3070 1680 3131 τοῖς
1709 3068 1831 3122 λίαν

1880 636 1888 644 ι
1923 592 2242 663 discipulis,
2269 611 2340 650 ex
2372 610 2445 650 eo
2466 595 2614 665 quod
2643 595 2715 650 ad
2746 594 2965 650 Patrem
3002 610 3066 649 ac
3102 595 3271 651 Deum
3301 613 3367 652 ex
3393 600 3501 655 hoc

1925 685 2134 740 mundo
2183 694 2332 741 esset
2380 686 2668 743 abiturus?
2694 687 2870 754 Quam
2920 685 3067 742 enim
3105 688 3499 744 consolationis
3552 680 3555 693 ³

1926 778 2192 834 rationem
2225 779 2278 834 id
2302 780 2384 837 eis
2413 780 2733 836 attulisset?
2757 779 2931 845 Quam
2964 786 3150 834 autem
3178 780 3251 835 ob
3275 794 3497 835 causam

1927 870 2328 939 propemodum
2359 885 2455 925 eos
2506 878 2756 936 accusat,
2783 870 3016 927 dicens:
3047 891 3065 922 ι
3100 872 3157 925 Si
3198 870 3500 942 diligeretis

1926 977 2037 1027 me,
2068 961 2388 1032 gauderctis
2426 962 2618 1032 utique
2648 963 2777 1033 quia
2810 963 2948 1019 vado
2984 964 3051 1018 ad
3085 962 3341 1019 Patrem:
3371 962 3501 1033 quia

1926 1050 2091 1107 Pater
2123 1054 2301 1122 major
2327 1068 2415 1108 me
2441 1054 2561 1109 est?
2591 1073 2610 1105 ι
2656 1054 2916 1125 Nunquid
2946 1056 3093 1111 enim
3118 1054 3504 1121 istud,amabo

1928 1149 2002 1207 te,
2038 1141 2345 1211 discipulos
2392 1156 2652 1197 recreare
2681 1153 2776 1198 aut
2814 1152 2924 1198 tam
2958 1144 3115 1213 pium
3142 1158 3332 1198 eorum
3368 1159 3499 1199 mo:-

1929 1248 2110 1288 rorem
2156 1232 2355 1290 sedare
2405 1241 2647 1303 poterat,
2681 1234 2828 1303 quod
2875 1235 2939 1289 ad
2984 1235 3246 1305 majorem
3287 1233 3505 1289 Patrem

1928 1325 2333 1395 proﬁciscitur?
2358 1325 2535 1392 Quam
2568 1326 2891 1381 consolandi
2928 1327 3193 1381 rationem
3229 1326 3317 1380 hic
3350 1325 3508 1396 quis-

1928 1432 2095 1487 quam
2140 1418 2413 1488 reperiet?
2437 1417 2573 1472 Nam
2609 1433 2735 1471 cum
2772 1416 3059 1488 Philippus
3093 1434 3219 1473 eum
3259 1417 3508 1487 compel-

1930 1511 2068 1565 larct
2099 1529 2113 1565 :
2153 1530 2171 1562 ‹
2209 1509 2462 1578 Domine,
2483 1510 2714 1566 ostende
2758 1510 2919 1566 nobis
2956 1510 3194 1577 Patrem,
3228 1519 3283 1565 et
3311 1511 3511 1566 sullicit

1929 1603 2125 1669 nobis;
2158 1621 2180 1653 ι
2217 1609 2349 1657 tunc
2401 1611 2710 1673 opportune
2762 1603 3081 1667 admodum,
3130 1605 3332 1673 quippe
3382 1620 3506 1659 cum

1929 1696 2242 1751 divinitatis
2306 1695 2657 1750 declaranda;
2714 1706 2931 1766 tempus
2980 1696 3237 1764 instaret,
3289 1696 3508 1753 Patrem

1930 1790 2149 1859 quidem
2188 1788 2245 1843 in
2277 1788 2464 1858 seipso
2510 1787 2835 1855 ostendens,
2860 1798 2911 1844 et
2937 1790 3180 1859 seipsum
3217 1804 3412 1845 rursus
3454 1788 3511 1842 in

1930 1879 2112 1943 Patre,
2137 1886 2193 1934 et
2239 1878 2389 1933 nulla
2428 1878 2486 1933 in
2533 1894 2594 1934 re
2634 1894 2693 1934 se
2727 1894 2795 1934 eo
2842 1879 3153 1942 minorem,
3192 1879 3289 1935 sed
3334 1878 3514 1934 omni-

1930 1971 2093 2026 moda
2149 1970 2472 2042 aequalitate
2522 1971 2924 2042 conspicuum,
2971 1971 3154 2027 aiebat
3194 1990 3208 2026 :
3266 1988 3286 2023 ι
3337 1972 3516 2026 Tanto

1932 2072 2178 2134 tempore
2237 2064 2521 2120 vobiscum
2580 2054 2727 2129 sum,
2772 2074 2826 2119 et
2881 2079 2992 2119 non
3046 2063 3354 2133 cognovisti
3404 2077 3513 2128 me,

1929 2153 2223 2224 Philippe?
2249 2153 2354 2220 Qui
2382 2154 2530 2209 videt
2561 2169 2669 2218 me,
2700 2152 2849 2208 videt
2874 2160 2929 2209 et
2954 2152 3195 2209 Patrem.
3243 2152 3363 2207 Non
3395 2167 3517 2207 cre-

1930 2246 2017 2301 dis
2045 2248 2173 2316 quia
2202 2261 2303 2317 ego
2340 2246 2398 2301 in
2433 2246 2617 2313 Patre,
2647 2252 2703 2301 et
2733 2245 2900 2300 Pater
2936 2245 2992 2299 in
3029 2260 3119 2300 me
3145 2245 3271 2301 est?
3307 2243 3420 2315 Ego
3460 2249 3517 2297 et

1930 2339 2091 2395 Pater
2124 2355 2295 2395 unum
2325 2355 2543 2396 sumus.
2583 2358 2602 2392 ι
2640 2337 2848 2394 Verum
2880 2344 3013 2394 tunc
3051 2344 3361 2408 opportune
3392 2336 3518 2406 qui-

1931 2431 2055 2486 dem
2092 2430 2161 2486 de
2196 2430 2284 2486 his
2306 2430 2472 2486 verba
2516 2430 2731 2485 faciens
2760 2429 3114 2485 admirationi
3151 2436 3272 2484 erat
3315 2445 3329 2482 :
3362 2442 3512 2481 nunc

1932 2531 2115 2580 autem
2144 2539 2310 2594 quam
2339 2531 2653 2593 opportune
2692 2521 2843 2578 istud
2883 2521 3106 2585 dicitur,
3139 2529 3232 2574 aut
3263 2520 3390 2589 quid
3428 2533 3519 2573 rav-

1932 2617 2100 2674 tionis
2118 2616 2304 2681 habet,
2324 2615 3032 2683 tristitiamdiscipulorum
3072 2613 3245 2668 lenire
3281 2611 3440 2675 velle,
3463 2618 3519 2664 et

1932 2708 2369 2766 consolatorium
2407 2707 2685 2777 quoddam
2721 2706 2803 2760 eis
2830 2706 3189 2775 pharmacum
3231 2696 3517 2761 adhibere,

1933 2803 2064 2859 dum
2112 2800 2351 2873 gaudere
2402 2799 2690 2870 jubentur,
2743 2798 2875 2869 quia
2927 2798 3078 2853 vadit
3132 2795 3199 2849 ad
3260 2793 3531 2849 Patrem?

1932 2893 2192 2963 Nunquid
2228 2907 2359 2963 ergo
2388 2890 2621 2947 rudibus
2661 2905 2727 2947 ac
2764 2890 3037 2959 imperitis
3078 2888 3166 2943 vel
3195 2903 3268 2943 ex
3304 2887 3423 2956 ipsa
3462 2899 3522 2938 re

1934 2986 2145 3057 liquido
2178 2992 2329 3054 patet
2359 2983 2535 3053 quod,
2581 2998 2708 3037 cum
2762 2983 2847 3037 ad.
2885 2997 3042 3037 suam
3106 2979 3304 3035 reverti
3356 2977 3523 3032 vellet

1934 3077 2165 3151 gloriam
2198 3090 2323 3130 cum
2363 3072 2550 3137 Patre,
2605 3088 2727 3128 eam
2780 3073 2854 3128 ob
2900 3088 3016 3127 rem
3073 3069 3431 3140 diligentibus
3463 3083 3524 3122 se

216 3167 493 3236 ἀνοήτοις
542 3165 818 3236 συμφανὲς
877 3162 942 3215 δι’
994 3161 1158 3215 αὑτοῦ
1207 3159 1302 3213 τοῦ
1338 3159 1695 3230 πράγματος,
1753 3160 1829 3225 ῶς

1932 3166 2175 3239 gaudere
2198 3163 2392 3235 jussit,
2429 3162 2577 3218 hunc
2608 3161 2788 3231 ipsum
2824 3176 2987 3232 porro
3017 3175 3143 3215 cum
3176 3160 3299 3213 aliis
3326 3171 3524 3212 conso-

218 3258 478 3327 ἐπείπερ
532 3258 612 3321 είς
661 3259 758 3327 τὴν
813 3254 949 3308 ἰδίαν
999 3250 1157 3317 αὖθις
1197 3250 1632 3322 παλινδρομῆσαι
1664 3251 1822 3317 δόξαν

1932 3254 2157 3311 lationis
2191 3251 2416 3307 modum
2447 3250 2811 3319 excogitans?

222 3351 388 3419 μετὰ
423 3350 637 3420 Πατρδς
691 3348 969 3418 ἠπείγετο,
1004 3346 1215 3417 χαίρειν
1265 3343 1363 3397 ἐπὶ
1420 3342 1595 3413 τθύτῳ
1628 3348 1740 3411 τοῖς
1796 3350 1960 3404 αὐτὸν
1992 3346 2253 3417 ἀγαπῶσι
2317 3341 2681 3405 διεκελεύετο,
2719 3338 3048 3407 ἀξιάγαστον
3117 3335 3279 3399 αὐτος
3340 3334 3529 3398 αὐτοῖς

224 3441 646 3515 παρακλήσεως
678 3442 773 3494 καὶ
798 3440 988 3495 τοῦτον
1021 3436 1161 3510 μετὰ
1192 3438 1301 3491 τῶν
1333 3436 1510 3492 ἀλλων
1533 3440 1830 3513 ἐπινοήσας
1866 3444 1959 3499 τον
1996 3442 2241 3513 τρόπον;

316 3534 489 3587 Ἀλλὰ
545 3533 866 3602 παρήσομεν
918 3531 1080 3585 τοῦτο
1129 3534 1266 3599 νυνὶ,
1315 3534 1412 3588 καὶ
1462 3535 1584 3596 ταῖς
1625 3532 1838 3586 ἐκείνου

226 3622 699 3697 φρενοϐλαϐείαις
728 3622 789 3673 ού
851 3622 1020 3685 πολὺς
1058 3622 1404 3692 ἐγκείσομαι.
1455 3620 1607 3691 Φημὶ
1638 3620 1694 3673 δὲ
1728 3620 1840 3673 δεῖν

227 3719 325 3770 ἐπ’
391 3717 573 3771 ἐκεῖνα
629 3714 828 3785 μᾶλλον
873 3713 1084 3766 ἐλθεῖνο
1146 3714 1300 3785 ᾠήθη
1332 3713 1439 3784 γὰρ
1472 3714 1602 3775 ἴσως
1624 3716 1693 3783 τῇ
1738 3711 1839 3781 τῆς

230 3809 501 3881 θεότητος
545 3806 706 3875 φύσει
764 3804 862 3876 τὴν
899 3804 1077 3876 σάρκα
1117 3805 1534 3876 συγκρίνοντας,
1577 3802 1838 3875 ἀνόνητον

231 3901 445 3973 κομιδῇ
477 3898 749 3953 ποιεῖσθαι
784 3898 886 3970 τὴν
945 3898 1316 3965 ἀντεξέτασιν,
1351 3897 1441 3952 ὅτε
1502 3896 1840 3951 κεκενῶσθαι

230 3996 479 4065 λέγομεν
507 3993 599 4046 τὸν
626 3992 779 4059 Υίὸν,
836 3990 1024 4062 ἐπειδὴ
1061 3991 1287 4059 γέγονεν
1327 3990 1635 4061 ἄνθρωπος.
1680 3989 1837 4059 Ἔχει

233 4087 293 4141 δὲ
323 4088 430 4158 οὐχ
450 4086 612 4149 οὕτω,
641 4083 807 4138 πόθεν
836 4100 851 4150 ;
879 4080 1151 4136 οίκετικοῦ
1202 4081 1259 4133 δὲ
1295 4080 1499 4152 μέτρου
1536 4079 1632 4133 καὶ
1650 4078 1837 4132 δουλο-

236 4178 497 4251 πρεποῦς
521 4176 832 4247 ἀξιώματος
852 4174 952 4244 τὴν
982 4174 1133 4228 θείαν
1180 4172 1432 4241 λέγοντες
1469 4171 1651 4236 δόξαν,
1669 4170 1839 4241 ὴλατο

232 4271 459 4325 τῶσθαί
485 4288 666 4340 φαμεν
717 4268 812 4322 τοῦ
857 4266 1069 4337 [ἰατρὸς
1116 4265 1207 4319 τὸν
1247 4265 1397 4329 Υίὸν,
1444 4263 1578 4317 καθὸ
1612 4262 1839 4332 γέγονεν

234 4365 557 4435 ἄνθρωπος,
581 4361 1029 4432 ἀποκαταστῆσαί
1063 4378 1126 4430 γε
1166 4360 1274 4431 μὴν
1303 4362 1384 4423 είς
1415 4359 1479 4413 τὸ
1498 4353 1642 4413 εἶναι
1673 4358 1840 4412 πάλιν

238 4461 297 4512 ἐν
341 4458 443 4528 ἴσῳ
479 4457 558 4529 τῷ
596 4457 850 4527 φύσαντι,
909 4454 1050 4526 μετά
1098 4454 1197 4525 τὴν
1225 4452 1476 4506 ἐντεῦθεν
1503 4452 1838 4523 ἀποδημίαν,

237 4552 300 4605 ού
341 4550 556 4621 καινὴν,
590 4550 624 4619 ἦ
648 4550 961 4619 ἐπίκτητον,
1002 4546 1125 4600 οὐδὲ
1164 4544 1308 4617 ἀήθη
1341 4544 1499 4611 δόξαν
1528 4542 1841 4614 ἠμφιεσμέ-

238 4662 361 4707 νον,
396 4643 512 4697 ἀλλ’
546 4644 604 4695 ἐν
626 4641 813 4714 ἐκείνῃ
843 4639 1106 4709 γεγονότα
1160 4638 1322 4692 πάλιν
1378 4638 1438 4691 ἐν
1479 4629 1625 4709 ᾗπερ
1671 4630 1741 4705 ἦν
1781 4636 1841 4687 ἐν

2016 3530 2217 3586 Verum
2286 3526 2393 3583 ista
2449 3536 2599 3577 nunc
2660 3518 3003 3583 omittemus,
3039 3532 3140 3572 nec
3186 3517 3336 3573 illius
3376 3516 3527 3570 insa-

1936 3625 2087 3680 niam
2144 3619 2379 3675 ruultum
2418 3615 2763 3687 urgebimus.
2796 3611 2880 3666 Ad
2915 3611 3049 3665 illud
3086 3609 3269 3680 potius
3294 3609 3523 3668 venien-

1937 3715 2070 3771 dum
2104 3724 2326 3775 censeo,
2360 3707 2508 3779 quod
2558 3707 2776 3777 putavit
2821 3719 3021 3759 vanam
3062 3718 3187 3757 esse
3230 3717 3523 3770 compara-

1935 3811 2140 3865 tionem
2172 3819 2279 3874 qua
2308 3801 2530 3857 deitatis
2562 3807 2772 3854 natura:
2810 3812 2942 3852 caro
2982 3802 3359 3864 comparatur,
3391 3810 3514 3848 cum

1937 3898 2280 3955 exinanitum
2302 3909 2427 3951 esse
2454 3891 2653 3947 Filium
2685 3889 2947 3953 dicimus,
2979 3884 3199 3957 quando
3223 3885 3402 3940 factus
3431 3894 3516 3941 est

1936 3989 2119 4044 homo.
2146 3986 2348 4041 Verum
2386 4000 2493 4039 non
2520 3986 2591 4037 ita
2610 3980 2779 4053 848
2809 3996 2897 4036 res
2923 3988 3008 4035 est
3032 3996 3044 4031 :
3072 3977 3218 4033 absit
3244 3978 3256 4030 ι
3288 3976 3384 4032 sed
3408 3992 3521 4032 scr-

1934 4079 2063 4135 vilis
2087 4073 2426 4133 conditionis
2444 4087 2508 4127 ac
2528 4069 2819 4139 dignitatis
2854 4067 3099 4123 divinam
3132 4064 3366 4135 gloriam
3395 4078 3523 4118 cum

1935 4171 2199 4233 dicimus,
2223 4168 2490 4222 minorem
2524 4177 2652 4219 esse
2680 4161 2843 4216 Patre
2876 4159 3073 4213 Filium
3105 4157 3433 4220 asserimus,
3470 4155 3523 4209 in

1936 4270 2205 4335 quantum
2228 4259 2409 4315 factus
2439 4265 2521 4313 est
2544 4257 2729 4317 homo,
2748 4261 2933 4307 tamen
2954 4252 3010 4305 in
3029 4250 3210 4305 Patris
3237 4247 3525 4319 aequalita-

1940 4363 2050 4411 tem
2114 4351 2433 4409 restitutum
2488 4361 2636 4411 esse,
2682 4353 2973 4416 postquam
3020 4342 3150 4396 hinc
3214 4339 3281 4394 ad
3353 4339 3530 4394 eoelos

1940 4445 2211 4509 ascendit,
2241 4459 2352 4498 non
2382 4455 2546 4505 nova,
2567 4453 2750 4508 neque
2774 4435 3099 4500 adventilia,
3134 4448 3237 4489 nec
3259 4432 3532 4489 inusitata-

1940 4537 2114 4606 gloria
2133 4534 2417 4597 vestitum,
2435 4532 2530 4589 sed
2556 4532 2648 4587 illa
2673 4531 2855 4586 denuo
2881 4529 3154 4583 fruentem
3188 4526 3243 4581 in
3269 4541 3376 4596 qua
3408 4533 3527 4579 erat

1940 4630 2099 4686 initio
2133 4644 2258 4683 cum
2294 4626 2479 4683 Patre.
2514 4625 2671 4681 Unde
2698 4622 2908 4677 Paulus
2949 4620 3144 4675 doctor
3176 4619 3269 4673 ille
3303 4618 3531 4672 divinus

241 4740 393 4810 ἀρχῇ
430 4737 566 4808 μετά
601 4735 696 4789 τοῦ
747 4708 979 4804 Πατρός.
1010 4732 1120 4786 Καὶ
1143 4729 1274 4800 γοῦν
1295 4731 1323 4782 6
1360 4708 1646 4792 θεσπέσιος
1674 4744 1831 4800 μυστ-

1946 4724 2363 4780 convenicntem
2423 4716 2745 4774 hominibus
2781 4713 3149 4770 humilitatem
3186 4726 3296 4764 non
3331 4710 3443 4779 jam
3474 4708 3531 4764 ei

242 4831 504 4901 αγωγὸς,
542 4829 685 4899 φημὶ
714 4828 771 4880 δὲ
813 4828 905 4879 τὸν
955 4823 1200 4888 Παῦλον,
1230 4823 1329 4893 τὴν
1368 4821 1688 4893 πρέπουσαν
1729 4822 1843 4882 τοῖς

240 4922 559 4993 ἀνθρώποις
595 4918 927 4972 ταπείνωσιν
955 4915 1139 4969 οὐκέτι
1180 4913 1483 4987 περιτιθεὶς
1520 4911 1671 4983 αὑτῷ
1704 4911 1843 4982 μετὰ

246 5016 347 5087 τὴν
404 5017 471 5068 ἐκ
521 5013 731 5084 νεκρῶν
784 5011 1083 5065 ἀναϐίωσιν
1128 5009 1226 5064 κοιλ⁹
1275 5008 1377 5079 τὴν
1432 5007 1620 5061 ἄνοδον
1640 5005 1738 5075 τὴν
1762 5007 1843 5069 είς

244 5106 537 5178 οὐρανοὺς,
567 5102 871 5157 ἐπιστέλλει
917 5102 1095 5169 λέγων
1117 5118 1134 5134 ο
1169 5117 1187 5152 ι
1220 5100 1285 5153 Εί
1312 5099 1421 5171 γὰρ
1460 5098 1556 5152 καὶ
1596 5095 1842 5165 ἐγνώκα-

249 5216 352 5269 μεν
382 5197 527 5251 κατά
552 5196 732 5267 σάρκα
770 5194 1028 5264 Χριστὸν,
1055 5191 1194 5246 ἀλλά
1224 5190 1319 5245 νῦν
1360 5190 1544 5244 οὐκέτι
1571 5188 1841 5259 γινώσκο-

252 5302 372 5355 μεν.
420 5305 438 5337 ι
474 5285 611 5354 Περὶ
636 5284 695 5337 δὲ
735 5282 929 5336 ἑαυτοῦ
976 5281 1141 5335 πάλιν
1168 5301 1181 5314 ·
1226 5301 1244 5332 ‹
1275 5280 1485 5343 Παῦλος
1542 5278 1842 5341 ἀπόστολος

261 5377 438 5442 Ἰησοῦ
457 5374 718 5446 Χριστοῦ,
731 5376 831 5429 οὑκ
849 5376 942 5429 ἀπ’
962 5373 1290 5446 ἀνθρώπων,
1306 5373 1427 5427 οὐδὲ
1443 5373 1510 5426 δι’
1523 5370 1839 5443 ἀνθρώπου,

250 5470 385 5523 ἀλλά
433 5468 525 5522 διὰ
557 5468 734 5539 Ἰησοῦ
766 5466 1025 5539 Χριστοῦ.
1063 5485 1081 5516 ι
1114 5466 1309 5520 Καίτοι
1354 5465 1408 5517 τί
1439 5464 1640 5534 δήποτε
1677 5461 1840 5515 πάλιν

252 5560 411 5614 αὐτὸν
442 5562 578 5631 πρὸς
607 5561 753 5631 ἡμᾶς
779 5557 1067 5628 ἀφίξεσθαι
1084 5556 1258 5626 λέγων
1283 5553 1838 5627 μετασχηματιοῦντα

252 5655 313 5707 τὸ
336 5653 498 5724 σῶμα
530 5653 626 5723 τῆς
652 5650 1036 5716 ταπεινώσεως
1067 5650 1223 5721 ἡμῶν
1269 5648 1591 5720 σύμμορφον
1621 5644 1700 5715 τῷ
1733 5644 1833 5697 σώ-

323 5834 369 5867 "
408 5833 452 5889 ll
487 5832 612 5891 Cor.
650 5850 701 5900 ν,
745 5834 824 5890 16.
906 5833 949 5865 ⁸⁸
986 5831 1163 5890 Galat.
1222 5845 1275 5899 ι,
1320 5829 1365 5884 1.

1943 4824 2070 4889 post
2108 4814 2575 4870 resurrectionem
2610 4824 2642 4863 a
2685 4808 2921 4862 mortuis
2955 4814 3010 4861 et
3040 4804 3093 4859 in
3123 4804 3294 4857 coelos
3328 4815 3527 4855 ascen-

1942 4911 2154 4966 sionem
2215 4906 2551 4969 attribuens,
2602 4901 2795 4958 scribit
2854 4900 2910 4953 in
2961 4897 3077 4951 haec
3130 4894 3296 4949 verba
3347 4910 3359 4945 :
3408 4912 3427 4943 ‹
3471 4892 3529 4948 Si

1941 5000 2086 5056 enim
2142 4995 2506 5067 cognovimus
2551 4990 2859 5048 secundum
2920 5000 3143 5042 carnem
3204 4981 3533 5047 Christum;

1943 5093 2040 5150 sed
2071 5104 2221 5147 nunc
2247 5089 2361 5159 jam
2391 5103 2501 5142 non
2541 5084 2802 5140 novimus
2833 5082 2900 5135 ".
2938 5099 2955 5132 ι
2983 5078 3207 5133 Rursus
3239 5085 3426 5130 autem
3462 5076 3531 5130 de

1940 5183 2127 5255 seipso
2161 5201 2174 5237 :
2214 5200 2232 5233 ‹
2274 5180 2483 5236 Paulus
2528 5175 2830 5247 Apostolus
2864 5172 2993 5228 Jesu
3048 5168 3279 5235 Christi,
3316 5183 3427 5222 non
3464 5183 3529 5221 ex

1942 5275 2288 5338 hominibus,
2327 5287 2506 5343 neque
2553 5285 2651 5343 per
2704 5267 3009 5331 hominem,
3049 5264 3144 5320 sed
3172 5278 3294 5331 ,ρον
3341 5260 3529 5316 Jesum

1940 5368 2228 5424 Christum
2264 5367 2331 5419 ⁸⁸.
2382 5383 2399 5416 ›
2439 5362 2510 5417 At
2553 5377 2653 5417 cur
2691 5375 2815 5415 cum
2840 5374 2964 5413 eum
2997 5355 3063 5410 ad
3102 5371 3203 5412 nos
3234 5362 3526 5409 venturum

1938 5461 2172 5525 diceret,
2217 5466 2276 5513 ut
2303 5470 2510 5526 corpus
2552 5452 2880 5508 humilitatis
2915 5457 3120 5504 nostra:
3158 5446 3525 5516 contiguraret

1939 5553 2161 5623 corpori
2193 5550 2382 5621 glorize
2410 5560 2526 5603 suae
2560 5548 2626 5611 ⁸³,
2666 5552 2827 5615 negat
2872 5542 3058 5605 modo,
3088 5540 3283 5595 dicens
3318 5554 3377 5592 se
3415 5550 3524 5589 non

1940 5646 2010 5700 ah
2042 5622 2382 5709 hominibus,
2411 5653 2590 5711 neque
2615 5652 2709 5708 per
2740 5634 3041 5697 hominem,
3078 5629 3171 5688 sed
3214 5642 3309 5702 per
3339 5622 3529 5681 Jesum

1449 5830 1491 5862 ‘5'
1529 5824 1761 5897 Philipp.
1802 5839 1858 5879 ιιι
1886 5865 1905 5892 ,
1934 5822 2022 5879 2i.
