4056 6504
605 327 714 386 319

1635 338 1691 394 S.
1731 337 2008 396 CYRILLI
2048 334 2526 394 ALEXANDRINI
2561 339 2884 398 ARCHIEP.

3779 353 3892 408 39.0

604 447 890 503 Christum
937 450 1175 506 electum
1233 451 1406 508 fuisse
1471 455 1526 508 in
1594 458 2010 526 apostolatum?
2044 459 2181 526 Quid

2296 472 2427 524 ματι
2455 456 2556 526 τῆς
2575 457 2735 528 δόξης
2765 458 2957 522 αὐτοῦ,
2986 458 3081 513 νῦν
3105 459 3415 533 ἐξαρνεῖται
3451 464 3635 533 λέγων
3665 465 3772 520 οὐκ
3792 469 3893 521 ἀπ’

605 548 812 607 autem,
849 557 1059 613 quaeso,
1087 559 1212 600 eum
1248 559 1358 599 IlOI'I
1410 559 1578 600 nosse
1609 549 1919 604 secundum
1961 564 2190 606 carnem

607 633 720 688 ait?
758 632 1055 706 Nunquid,
1105 638 1308 692 amabo
1355 647 1427 704 te,
1464 637 1756 695 Dominum
1817 643 2040 715 negavit
2096 645 2189 717 qui

603 736 726 778 eam
778 724 1045 780 redemit?
1069 725 1214 781 absit
1254 727 1266 781 ι
1308 736 1460 784 recte
1506 729 1654 784 enim
1712 733 1880 803 sapit.
1938 732 2192 790 Perfecto

605 815 810 888 quippe
855 825 910 872 et
944 817 1014 872 ad
1059 818 1270 874 exitum
1325 820 1592 880 perducto
1641 833 1889 896 tempore
1936 828 2190 884 exinani-

606 903 778 959 tionis
805 904 922 961 sive
949 905 1354 966 humiliationis
1390 909 1692 983 Unigeniti,
1714 931 1824 971 non
1853 931 1918 972 ex
1944 933 2012 974 eo
2041 920 2191 990 quod

605 992 923 1049 exinanitus
950 995 1218 1060 cernitur,
1254 998 1352 1054 sed
1389 1015 1456 1055 ex
1489 1015 1556 1056 eo
1591 1004 1776 1071 potius
1803 1007 1950 1076 quod
1984 1021 2190 1064 secun-

606 1083 736 1137 dum
766 1093 1019 1140 naturam
1048 1095 1134 1141 est
1187 1087 1356 1156 Deus,
1379 1091 1682 1160 praedicare
1719 1095 1899 1165 ipsum
1931 1107 1989 1153 ct
2017 1114 2192 1170 agno-

607 1191 763 1232 scere
820 1177 1035 1233 nititur.
1091 1179 1372 1238 Concesso
1427 1185 1576 1240 enim
1633 1196 1690 1241 et
1746 1188 1990 1246 admisso
2043 1194 2190 1262 quod

607 1267 770 1322 homo
803 1267 982 1326 factus
1021 1272 1112 1337 sit,
1145 1273 1284 1328 illud
1315 1273 1537 1330 demum
1575 1277 1758 1334 doceri
1789 1279 1978 1339 ﬁdeles
2023 1299 2190 1355 opor-

605 1357 777 1425 tebat,
821 1359 989 1415 Deum
1051 1377 1272 1434 quoque
1324 1381 1449 1422 esse
1506 1371 1814 1425 secundum
1874 1383 2185 1433 naturam:

605 1451 843 1520 ideoque
890 1451 1102 1509 divinis
1153 1457 1338 1526 potius
1392 1459 1460 1514 de
1509 1475 1576 1516 eo
1627 1466 1984 1523 sermonibus
2022 1485 2188 1539 quam

603 1541 732 1596 aliis
760 1543 1086 1600 oblectatur.
1129 1543 1300 1603 Miror
1335 1557 1522 1606 autem
1565 1568 1678 1623 quo
1707 1567 1870 1625 pacto
1898 1573 2008 1613 non
2055 1577 2188 1617 cru-

601 1633 816 1697 bescat,
845 1634 1038 1692 dicens
1061 1640 1230 1708 quod,
1263 1655 1388 1696 cum
1421 1645 1542 1700 sola
1585 1647 1928 1720 homogenea
1963 1667 2190 1723 compa-

603 1725 877 1782 rationem
911 1729 1059 1784 inter
1091 1746 1152 1787 se
1196 1735 1528 1804 suscipiant,
1554 1739 1708 1809 ipsos
1751 1741 1916 1798 fateri
1957 1759 2189 1804 necesse

2294 547 2619 618 ἀνθρώπων,
2657 549 2780 603 οὐδὲ
2824 550 2891 603 δι’
2929 551 3246 623 ἀνθρώπου,
3297 557 3478 610 καίτοι
3527 572 3890 630 προκεχειρι-

2295 640 2493 712 σμένος
2543 642 2624 705 είς
2664 642 2971 715 ἀποστολὴν
3009 644 3097 698 διὰ
3156 647 3334 717 Ἰησοῦ
3389 649 3674 720 Χριστοῦς
3721 649 3789 702 Τί
3825 653 3894 705 δὲ

2293 731 2429 795 ὅλως
2491 732 2657 787 αὐτὸν
2697 734 2800 787 οὐκ
2854 734 3053 788 εἰδέναι
3097 737 3243 791 κατὰ
3291 739 3474 811 σάρκα
3510 741 3725 812 φησίν;
3763 738 3890 813 Ἆρ’

2292 818 2406 888 οὖν,
2455 824 2582 877 εἰπέ
2614 842 2724 894 μοι,
2762 826 2854 879 τὸν
2878 827 3228 905 ἀγοράσαντα
3257 831 3429 902 αὐτὴν
3460 834 3756 904 Δεσπότην
3786 836 3896 903 ηρ-

2292 916 2526 987 νήσατο;
2565 917 2640 988 μὴ
2670 917 2880 985 γένοιτο
2899 935 2914 948 ·
2945 923 3162 992 φρονεῖν
3186 922 3296 995 γὰρ
3344 922 3540 997 ὀρθῶς.
3587 925 3900 978 Τετελειω-

2297 1009 2457 1080 μένου
2469 1010 2578 1081 γὰρ
2622 1010 2724 1081 ἤδη
2768 1012 2861 1064 καὶ
2880 1013 2961 1076 είς
2985 1012 3160 1084 πέρας
3183 1015 3412 1085 ἥκοντος
3440 1017 3534 1070 τοῦ
3566 1016 3768 1089 καιροῦ
3798 1019 3903 1069 ἐπὶ

2291 1102 2390 1172 τῆς
2422 1104 2722 1175 νοουμένης
2751 1103 2829 1175 τῷ
2866 1107 3166 1174 Μονογενεῖ
3211 1108 3512 1174 κενώσεως,
3540 1111 3662 1182 ἦτοι
3689 1128 3902 1164 ταπει-

2292 1193 2532 1258 νώσεως,
2575 1196 2675 1249 οὐκ
2705 1197 2763 1260 ἐξ
2813 1191 2889 1250 ὧν
2927 1200 3121 1269 ὁρᾶται
3159 1205 3556 1272 κεκενωμένος,
3587 1203 3801 1274 μᾶλλον
3833 1204 3904 1255 δὲ

2293 1285 2351 1350 ἐξ
2373 1278 2448 1340 ὧν
2467 1288 2584 1340 ἐστι
2614 1290 2757 1342 κατὰ
2793 1290 2954 1359 φύσιν
2999 1292 3151 1360 Θεὸς,
3185 1293 3567 1364 διακηρύττειν
3614 1313 3678 1348 τε
3722 1296 3906 1349 aioth

2292 1379 2386 1432 καὶ
2407 1381 2791 1447 ἐπιγινώσκειν
2838 1385 3136 1455 ἐπείγεται.
3191 1388 3532 1452 Γνωσθέντος
3577 1391 3690 1461 γὰρ
3737 1390 3903 1454 ἄπα-ξ

2293 1471 2387 1524 καὶ
2408 1473 2841 1544 παραδεχθέντος
2873 1476 2969 1528 τοῦ
3009 1477 3090 1530 ὃτι
3133 1477 3359 1546 γέγονεν
3405 1479 3718 1551 ἄνθρωπος,
3783 1480 3903 1532 ἔδει

2291 1562 2476 1618 λοιπὸν
2522 1566 2699 1619 ἐκεῖνο
2748 1567 3096 1622 διδάσκεσθαι
3128 1569 3257 1632 τοὺς
3293 1572 3758 1634 πεπιστευκότας.
3810 1572 3904 1624 ὅτι

2292 1655 2386 1709 καὶ
2435 1655 2568 1719 Θεὸς
2609 1656 2748 1709 κατὰ
2807 1657 2973 1726 φύσιν
3012 1658 3197 1722 ἐστὶν,
3225 1650 3312 1712 διὰ
3351 1659 3505 1714 τοῦτο
3534 1663 3750 1731 μᾶλλον
3781 1665 3902 1722 τοῖς

2293 1747 2626 1819 θεοπρεπέσι
2651 1749 2779 1820 περὶ
2801 1748 2967 1802 αὐτοῦ
2991 1749 3196 1817 λόγοις,
3219 1749 3254 1819 ἦ
3287 1754 3402 1814 τοῖς
3449 1753 3649 1823 ἑτέροις
3688 1753 3904 1821 £29126:-

604 1815 676 1868 sit
726 1815 943 1872 Patrem
994 1821 1271 1893 Unigeniti
1325 1826 1534 1884 deitate
1575 1806 1841 1902 majorem
1885 1837 2181 1895 exsistere.

2292 1857 2402 1894 ται.
2429 1806 2815 1912 ’Θαυμάζωιδὲ
2871 1841 3021 1905 ὅπως
3064 1806 3194 1896 ὀῡέ
3233 1806 3481 1914 ἐρυθριᾷ,
3795 1806 3902 1907 ’ὡς

602 1906 726 1960 Non
757 1912 924 1965 sentit
947 1914 1116 1980 enim,
1151 1927 1211 1972 ut
1238 1920 1478 1987 videtur,
1516 1939 1614 1978 sua
1651 1939 1712 1981 se
1751 1928 1919 1983 verba
1969 1945 2187 1990 armare

603 1999 659 2053 in
704 2002 968 2072 seipsum.
996 2006 1350 2080 Respondeat
1377 2017 1522 2071 enim
1555 2021 1909 2076 commodum
1941 2023 1994 2079 id
2027 2028 2188 2082 nobis

602 2094 1019 2155 sciscitantibus
1045 2119 1059 2155 '.
1091 2102 1206 2158 Illae
1249 2107 1719 2181 homogeneorum
1750 2117 1894 2171 inter
1926 2133 1986 2173 se
2028 2134 2186 2174 com-

598 2189 916 2256 parationes
945 2195 1279 2264 quibusnam
1305 2217 1371 2257 ex
1402 2205 1565 2261 rebus
1604 2211 2031 2267 convenientius
2060 2230 2186 2282 per-

599 2284 874 2350 aguntur?
899 2287 980 2340 An
1017 2303 1084 2343 ex
1140 2290 1208 2347 iis
1259 2309 1382 2363 quae
1439 2305 1570 2350 sunt
1611 2298 1770 2366 juxta
1823 2316 2183 2358 communem

599 2378 814 2428 natura:
847 2378 1154 2435 rationem?
1185 2399 1254 2437 an
1283 2399 1351 2439 ex
1390 2385 1456 2443 iis
1486 2403 1606 2457 qua:
1635 2389 1798 2446 habet
1831 2397 2187 2466 unumquod-

595 2478 708 2532 que
755 2481 947 2522 eorum
1000 2488 1122 2542 quae
1183 2475 1389 2531 adsunt
1440 2486 1494 2533 et
1550 2481 1787 2547 absunt,
1844 2485 2186 2545 iuexsislunt

597 2564 653 2609 et
685 2573 796 2612 non
833 2560 1172 2619 inexsistunt
1204 2567 1392 2635 justas
1425 2571 1497 2626 ob
1536 2576 1772 2629 causas?
1797 2574 1961 2633 Verbi
2006 2582 2185 2651 gratia

599 2649 766 2717 (idem
806 2655 952 2708 enim
1005 2661 1314 2729 exemplum
1375 2663 1598 2720 aﬂeram
1639 2670 1788 2737 quod
1843 2671 1963 2741 ipse
2013 2649 2184 2731 nobis

597 2744 872 2816 protulit),
897 2748 942 2802 si
974 2751 1098 2819 quis
1123 2751 1400 2811 hominem
1436 2757 1648 2815 homini
1682 2777 2008 2832 comparare
2030 2769 2180 2834 velit,

597 2836 665 2892 ad
703 2853 866 2893 unam
897 2847 954 2896 et
981 2857 1333 2902 communem
1369 2850 1692 2908 substantia:
1712 2855 1880 2927 849
1911 2859 2183 2916 rationem

595 2927 927 2997 respiciens,
971 2933 1178 2987 nullam
1231 2937 1285 2990 in
1339 2948 1576 3010 utroque
1629 2946 1866 3012 reperiet
1920 2947 2185 3005 diﬁ'eren-

597 3018 755 3074 tiam.
780 3019 891 3078 Nec
927 3025 1074 3080 enim
1116 3027 1282 3084 homo
1313 3031 1499 3086 dill‘crt
1534 3034 1602 3088 ab
1637 3035 1881 3102 homine,
1907 3053 2184 3111 quatenus

2290 1931 2521 2000 ἐπείπερ
2546 1932 2680 2002 μόνα
2706 1933 2774 1986 τὰ
2803 1935 3040 2004 ὁμογενῆ
3066 1933 3163 2004 τὴν
3186 1935 3323 2004 πρὸς
3352 1935 3552 2005 ἄλληλα
3581 1938 3905 2008 σύγκρισιν

2289 2024 2621 2094 ἐπιδέχεται,
2645 2023 2858 2095 ἀνάγκη
2891 2025 3090 2088 αὐτοὺς
3123 2025 3476 2096 ὁμολογῆσαι,
3519 2029 3600 2081 ὅτι
3625 2030 3652 2080 ὁ
3683 2028 3906 2097 Πατὴρ

2293 2115 2496 2186 μείζων
2535 2117 2633 2186 τῆς
2678 2116 2772 2169 τοῦ
2798 2117 3136 2184 Μονογενοῦς
3170 2117 3425 2188 θεότητος
3471 2121 3737 2191 ὑπάρχει.
3774 2122 3902 2172 83x

2291 2207 2606 2260 αἰσθάνεται
2623 2207 2754 2278 γὰρ,
2783 2209 2859 2270 ὡς
2891 2209 3060 2270 είκὸς,
3083 2209 3175 2261 τὸν
3204 2211 3404 2264 οἰκεῖον
3441 2212 3616 2283 ἐαυτῷ
3656 2215 3904 2279 ἐξοπλί-

2290 2313 2391 2361 σας
2417 2298 2593 2366 λόγον.
2629 2299 2850 2367 Λεγέτω
2879 2299 2988 2369 γὰρ
3028 2301 3164 2370 ἡμῖν
3211 2302 3387 2354 ἐκεῖνο
3415 2306 3702 2376 χρησίμως
3765 2306 3902 2376 ἐρέ-

2290 2388 2414 2442 σθαι
2469 2388 2850 2460 βουλομένοις’
2901 2390 2966 2442 Ai
3005 2388 3143 2460 πρὸς
3191 2389 3398 2460 ἄλληλα
3457 2391 3562 2446 τῶν
3609 2393 3912 2462 egestae?»

2290 2479 2606 2550 συγκρίσεις
2649 2478 2756 2532 ἀπὸ
2812 2478 2984 2532 ποίων
3045 2476 3244 2548 μᾶλλον
3288 2480 3617 2534 ἐπιτελοῖντο
3651 2498 3903 2550 πρεπω-

2286 2571 2575 2642 δέστερονς
2609 2567 2738 2643 'Ap'
2773 2571 2831 2637 ἐξ
2857 2563 2932 2624 ὧν
2963 2571 3092 2633 είσι,
3125 2571 3267 2625 κατὰ
3308 2589 3375 2641 γε
3410 2572 3500 2625 τὸν
3521 2573 3620 2644 τῆς
3650 2573 3904 2642 φύσεως

2285 2663 2467 2716 κοινὸν
2498 2662 2677 2731 λόγον,
2699 2663 2732 2734 ἢ
2757 2662 2815 2730 ἐξ
2862 2655 2938 2716 ὧν
2969 2662 3201 2717 ἕκαστον
3239 2662 3353 2734 ἔχει
3385 2663 3493 2716 τῶν
3515 2665 3614 2718 ὅσα
3635 2665 3906 2735 προσγί-

2284 2754 2436 2809 νεταί
2479 2773 2539 2808 τε
2591 2755 2686 2808 καὶ
2743 2755 3102 2824 ἀπογίνεται,
3165 2756 3461 2826 ἐνυπάρχει
3520 2772 3578 2808 τε
3626 2757 3726 2809 καὶ
3789 2758 3906 2810 οὐκ

2286 2846 2608 2917 ἐνυπάρχει,
2632 2846 2700 2901 δι’
2732 2846 2915 2909 αίτίας
2961 2845 3256 2913 εὐλόγους;
3292 2841 3418 2899 Οἴον
3453 2846 3510 2900 δὲ
3556 2845 3620 2916 δή
3650 2847 3703 2899 τί
3735 2863 3906 2917 φημι

2287 2939 2635 3011 (παραθήσω
2685 2939 2796 3010 γὰρ
2858 2939 3037 2992 ἐκεῖνο
3085 2937 3266 2992 λαϐὼν
3316 2939 3456 3010 ὅπερ
3513 2940 3674 3005 αὐτὸς
3741 2943 3904 3011 ἡμῖν

2287 3033 2669 3102 είσκεκὸμικεν
2718 3032 2798 3094 εἰς
2858 3029 3304 3100 παραδείγματος
3353 3030 3549 3101 λόγον),
3579 3032 3632 3084 εῐ
3657 3048 3756 3094 τις
3795 3033 3900 3084 ἀν-

596 3121 683 3166 est
728 3114 933 3169 animal
973 3119 1203 3174 rationis
1240 3136 1468 3190 compos
1492 3166 1507 3189 ,
1543 3128 1795 3196 mortale,
1838 3131 2181 3202 intelligendi

2289 3124 2492 3195 θρώπῳ
2524 3124 2614 3177 τὸν
2638 3122 2924 3192 ἄνθρωπον
2977 3122 3233 3192 ἐθελήσαι
3282 3121 3611 3192 συγκρίνειν,
3649 3125 3738 3185 εἰς
3790 3124 3902 3193 μὲν

597 3209 656 3258 et
683 3205 894 3260 sciendi
927 3222 1100 3278 capax
1138 3210 1297 3266 :haec
1348 3215 1494 3269 enim
1542 3217 1597 3269 in
1635 3220 1896 3277 omnibus
1945 3240 2054 3279 una
2096 3235 2184 3283 est

584 3296 777 3367 ipsius
801 3293 1127 3356 substantia:
1147 3301 1427 3374 deﬁnitio;
1455 3307 1550 3363 sed
1583 3326 1686 3365 nec
1716 3327 1895 3383 equus
1923 3315 1993 3372 ab
2013 3333 2179 3388 equo,

597 3404 706 3460 qua
736 3389 1004 3446 nimirum
1035 3401 1120 3449 est
1154 3411 1366 3466 equus;
1397 3399 1493 3454 sed
1529 3401 1808 3459 hominem
1857 3407 1926 3462 ab
1959 3408 2184 3468 homine

597 3481 820 3539 diﬁerre
843 3483 1084 3540 dicimus
1112 3487 1261 3557 quod
1286 3488 1377 3544 hic
1407 3495 1852 3561 grammaticam,
1872 3499 2024 3555 verbi
2057 3517 2182 3571 gra-

597 3575 697 3640 tia,
740 3575 962 3642 calleat,
1011 3577 1106 3633 ille
1156 3595 1267 3635 non
1322 3582 1472 3643 item,
1508 3592 1604 3639 aut
1661 3587 1841 3645 modis
1901 3591 2184 3663 aliquibus

596 3669 744 3724 aliis.
775 3668 940 3741 Atqui
981 3669 1096 3726 haec
1132 3687 1242 3727 non
1273 3675 1549 3746 attingunt
1579 3680 1967 3748 substantiam,
1990 3701 2180 3742 verum

595 3757 760 3813 aliam
791 3759 978 3831 potius
1014 3776 1242 3818 causam
1274 3773 1436 3819 nacta
1467 3766 1753 3824 videntur.
1779 3770 1884 3826 Sed
1917 3781 1972 3828 et
2002 3790 2180 3845 equus

592 3865 739 3922 equo
765 3852 1010 3907 velocior
1037 3862 1143 3918 est,
1175 3862 1270 3909 aut
1303 3870 1538 3926 corpore
1588 3861 1790 3928 minor,
1832 3871 1926 3920 aut
1961 3867 2178 3937 major;

569 3934 978 4000 verumtamen
1026 3947 1143 4003 haec
1182 3945 1237 4000 in
1290 3950 1509 4006 ratione
1537 3952 1869 4012 substantia:
1900 3958 2009 4014 sita
2050 3934 2182 4018 esse

595 4050 708 4090 non
743 4038 1167 4106 compcriemus.
1190 4039 1413 4110 Alioqui
1445 4041 1591 4096 enim
1626 4059 1747 4114 qua:
1777 4045 1922 4102 inter
1955 4064 2016 4105 se
2045 4064 2182 4106 con-

596 4125 852 4183 feruntur
882 4129 1034 4184 nullo
1061 4133 1226 4189 modo
1261 4132 1499 4189 invicem
1549 4135 1856 4192 differrent.
1889 4140 2180 4206 Quomodo

593 4221 741 4275 enim
783 4221 971 4304 homo,
1005 4224 1158 4279 verbi
1188 4227 1386 4296 gratia,
1419 4227 1601 4283 minor
1629 4239 1723 4285 aut
1752 4231 1927 4303 major
1955 4232 2180 4290 homine

595 4315 704 4370 alio
735 4323 1080 4382 censeretur,
1111 4319 1168 4373 in
1208 4329 1483 4390 quantum
1526 4333 1656 4378 sunt
1706 4324 2000 4382 homines?
2029 4326 2178 4394 Qua-

595 4414 822 4478 propter
860 4408 914 4462 iu
950 4410 1208 4467 omnibus
1245 4411 1605 4485 homogeneis
1633 4417 1865 4487 aequalia
1902 4428 2036 4474 sunt
2082 4435 2179 4474 na-

596 4499 831 4565 turalia;
871 4498 1092 4556 diversa
1141 4511 1323 4557 autem
1377 4504 1737 4575 reperiuntur
1789 4521 1913 4577 quae
1968 4507 2176 4564 inexsi-

595 4601 769 4657 stunt,
793 4601 852 4650 et
875 4593 1180 4649 secundum
1206 4595 1513 4652 accidentis
1534 4597 1804 4653 rationem
1830 4598 2177 4656 extrinsecus

590 4683 916 4739 adveniunt.
949 4684 1148 4756 Igitur,
1182 4700 1309 4739 cum
1361 4685 1516 4755 juxta
1562 4687 1712 4742 illius
1741 4688 2174 4758 propositionem

589 4784 686 4830 aut
732 4776 1064 4831 sententiam
1104 4776 1259 4846 (huic
1296 4777 1444 4830 enim
1481 4778 1781 4846 insistam),
1827 4779 1944 4833 sola
1981 4780 2175 4834 homo-

589 4883 760 4937 genea
789 4867 1264 4938 comparationem
1299 4867 1444 4922 inter
1477 4883 1538 4923 se
1567 4869 1792 4938 preprie
1835 4869 2172 4939 suscipiant,

591 4957 828 5026 primum
884 4959 1124 5013 fateatur
1154 4958 1357 5014 Filium
1395 4958 1644 5028 ejusdem
1693 4975 1820 5015 esse
1847 4975 1973 5014 cum
2014 4959 2176 5018 Patre

588 5050 827 5120 generis,
853 5049 908 5105 id
942 5059 1030 5107 est
1061 5051 1592 5108 consubstantialem
1624 5051 1730 5120 (sic
1761 5052 1906 5106 cnim
1941 5053 2174 5123 capien-

586 5147 718 5200 dum
770 5153 855 5200 est
909 5146 1309 5218 homogeneum
1346 5165 1359 5202 :
1403 5147 1684 5203 hominem
1753 5147 1899 5203 enim
1964 5147 2173 5206 homini

585 5237 899 5306 comparari
930 5236 1133 5293 debere
1164 5236 1348 5294 fassus
1376 5245 1482 5302 est,
1505 5248 1560 5295 et
1587 5253 1792 5308 equum
1823 5239 2011 5309 equo),
2037 5255 2172 5295 cau-

587 5345 817 5400 samque
861 5330 1082 5386 tandem
1122 5330 1339 5393 doceat,
1365 5331 1438 5386 ob
1473 5345 1641 5400 quam
1674 5328 1868 5393 Filius,
1901 5331 1996 5402 qui
2041 5346 2164 5387 cum

589 5418 699 5476 Deo
753 5434 818 5474 ac
873 5420 1034 5476 Patre
1080 5428 1460 5492 comparatur,
1503 5428 1695 5490 utpote
1741 5420 1988 5489 ejusdem
2039 5437 2165 5476 cum

585 5510 709 5582 ipso
759 5512 999 5583 generis,
1027 5513 1213 5584 aliqua
1265 5526 1334 5567 ex
1382 5521 1542 5581 parte
1573 5512 1756 5567 minor
1791 5513 1880 5568 sit.
1927 5512 2162 5569 Ubinam

585 5610 766 5660 autem
795 5604 1061 5661 minorem
1101 5619 1228 5659 esse
1258 5604 1685 5672 comperiemns,
1714 5619 1837 5656 cum
1881 5603 1936 5658 in
1975 5605 2166 5657 hoino-

584 5695 773 5766 geneis
805 5712 914 5752 una
938 5697 1012 5752 sit
1041 5695 1296 5752 deﬁnitio
1321 5694 1864 5750 substantireﬂlatio
1892 5695 2038 5750 enim
2071 5709 2169 5747 cu-

583 5786 783 5862 jusque
814 5787 1140 5848 substantize
1182 5787 1237 5842 in
1277 5787 1609 5857 quibusdam
1652 5785 1918 5856 perlecta,
1955 5786 2009 5840 in
2046 5783 2170 5838 aliis

2287 3217 2380 3270 τὸν
2407 3216 2502 3269 ἐνα
2535 3214 2632 3268 καὶ
2692 3213 2870 3268 κοινὸν
2920 3214 3021 3284 τῆς
3081 3213 3274 3278 οὐσίας
3331 3214 3644 3284 ἀποϐλέψας
3689 3215 3897 3281 λόγον.

2283 3305 2546 3377 οὐδεμίαν
2579 3304 2666 3358 ἐπ’
2708 3307 2912 3376 ἀμφοῖν
2963 3303 3114 3374 εὖροι
3147 3304 3433 3376 διαφοράν,
3465 3307 3599 3360 υύδὲ
3638 3308 3764 3378 γὰρ
3795 3308 3898 3361 dv-

2287 3395 2502 3469 θρωπος
2534 3394 2820 3466 ἀνθρώπου
2844 3395 3035 3450 διοίσει
3073 3397 3208 3450 ποτέ
3233 3399 3376 3453 κατά
3394 3415 3457 3467 γε
3482 3399 3544 3452 τὸ
3567 3393 3708 3452 εἶναι
3733 3399 3899 3462 ζῶον

2285 3489 2521 3557 λογικὸν,
2551 3475 2765 3559 θνητὸν,
2798 3487 2891 3541 νοῦ
2932 3487 3027 3541 καὶ
3057 3489 3372 3560 ἐπιστήμης
3405 3489 3675 3546 δεκτικόν.
3702 3487 3898 3553 Οὗτος

2286 3582 2394 3653 γὰρ
2435 3583 2494 3634 ἐν
2531 3580 2733 3635 ἅπασιν
2778 3575 2860 3644 εἷς
2904 3598 2963 3633 τε
3007 3582 3108 3650 τῆς
3135 3580 3326 3645 οὐσίας
3353 3582 3525 3653 αὐτῆς
3569 3583 3717 3653 ὅρος·
3763 3584 3896 3636 ἀλλ’

2285 3671 2392 3724 οὐδ’
2425 3672 2590 3734 ἵππος
2620 3670 2811 3735 ἵππου,
2840 3672 2963 3723 κατ’
2992 3670 3124 3724 αὐτὸ
3151 3687 3215 3739 γε
3241 3670 3403 3726 τοῦτο
3432 3671 3495 3726 τὸ
3530 3673 3700 3737 ἵππος
3730 3669 3894 3728 εἷναί

2285 3781 2449 3834 φημι.
2483 3763 2772 3835 Διαφέρειν
2808 3762 2867 3815 δὲ
2909 3761 3194 3834 ἄνθρωπον
3237 3763 3528 3833 ἀνθρώπου
3555 3803 3570 3826 ,
3619 3764 3752 3817 καθ’
3788 3767 3893 3836 ἦν·

2284 3873 2406 3909 τινα
2442 3851 2536 3908 οὖν
2563 3855 2897 3925 ἐπιστήμην,
2917 3847 3031 3908 οἷον
3055 3855 3475 3926 γραμματικὴν,
3524 3854 3558 3926 ἢ
3602 3855 3703 3909 καὶ
3753 3857 3895 3909 καθ’

2284 3947 2505 4019 ἐτέρους
2531 3947 2684 4012 τινὰς
2713 3947 3017 4001 τοιουτουσὶ
3060 3948 3319 4019 τρόπους.
3375 3948 3536 4004 Ἀλλὰ
3570 3949 3747 4004 ταῦτα
3783 3952 3894 4021 μὲν

2282 4037 2381 4107 οὐχ
2402 4035 2600 4106 ἅψεται
2632 4037 2732 4107 τῆς
2756 4035 2965 4100 οὐσίας,
3007 4035 3188 4089 αἰτίαν
3212 4036 3270 4089 δὲ
3321 4037 3525 4106 μᾶλλον
3554 4038 3748 4108 ἑτέραν
3780 4040 3887 4094 λα’

2283 4129 2446 4200 χὸντα
2471 4127 2745 4197 φαίνεται.
2787 4127 2946 4181 Ἀλλὰ
2974 4128 3070 4181 καὶ
3122 4128 3290 4192 ἵππος
3326 4129 3427 4198 μὲν
3455 4130 3622 4182 ἵππου
3684 4129 3891 4201 δρομι-

2283 4221 2610 4292 κώτερος,ἢ
2651 4219 2794 4274 κατὰ
2837 4219 2998 4291 σῶμα
3043 4219 3214 4290 μείων
3261 4221 3294 4290 ἢ
3345 4220 3888 4294 περιλιπηθέστερος

2285 4314 2398 4386 [γρ.
2427 4311 2924 4384 περιλιπέστερος],
2954 4311 3092 4382 πλὴν
3113 4311 3212 4382 τὴν
3229 4312 3287 4366 ἐν
3313 4311 3529 4377 τούτοις
3559 4313 3887 4377 πλεονεξίαν

2281 4405 2401 4476 ἦτοι
2429 4404 2532 4475 τὴν
2562 4403 2858 4458 ἐλάττωσιν
2881 4403 2981 4455 οὐκ
3016 4404 3074 4455 ἐν
3112 4401 3224 4473 ὅρῳ
3255 4404 3518 4474 κειμένην
3546 4403 3623 4474 τῷ
3651 4404 3758 4473 τῆς
3781 4405 3882 4457 at}.

2211 4477 2255 4531 θ
2283 4498 2404 4562 σίας
2445 4497 2780 4568 εὑρήσομεν·
2817 4495 2851 4567 ἢ
2886 4495 2996 4567 γὰρ
3035 4494 3103 4549 ἂν
3147 4497 3267 4550 κατ’
3307 4495 3463 4549 οὐδὲν
3510 4495 3763 4566 ἀλλήλων
3797 4498 3882 4550 δι-

2275 4591 2472 4662 ήνεγκε
2489 4589 2559 4642 τὰ
2579 4591 2659 4652 είς
2679 4589 2966 4660 σύγκρισιν
2983 4588 3348 4643 ἀναϐαίνοντα
3362 4589 3462 4660 τὴν
3485 4589 3620 4660 πρὸς
3639 4589 3876 4661 ἄλληλα.

2274 4683 2460 4737 Μείων
2498 4681 2608 4753 γὰρ
2629 4680 2724 4733 ἄνθ
2735 4697 2915 4752 ρωπος
2943 4680 3235 4750 ἀνθρώπου
3276 4682 3440 4751 τυχὸν
3465 4683 3634 4753 ἤγουν
3658 4683 3730 4735 τὸ
3757 4687 3880 4750 μεῖ-

2274 4775 2367 4840 ζον
2392 4774 2553 4846 ἔχων,
2599 4774 2843 4845 καθάπερ
2902 4775 3039 4826 εἰσὶν
3097 4774 3400 4845 ἄνθρωποι,
3449 4775 3571 4839 πῶς
3621 4775 3690 4828 ἂν
3734 4777 3879 4839 ὅλως

2275 4869 2448 4920 νοοῖτο
2477 4867 2573 4919 καὶ
2604 4865 2816 4933 λέγοιτο
2840 4884 2855 4930 ;
2881 4865 3115 4932 οὐκοῦν,
3155 4867 3212 4918 ἐν
3257 4866 3358 4935 ἴσῳ
3387 4867 3573 4938 μέτρῳ
3600 4869 3737 4920 πᾶσι
3763 4871 3878 4930 τοῖς

2273 4958 2541 5030 ὁμοειδέσι
2565 4959 2636 5012 τὰ
2663 4959 2888 5027 φυσικὰ,
2925 4957 3164 5030 διάφορα
3197 4959 3254 5012 δὲ
3279 4960 3349 5013 τὰ
3370 4959 3563 5012 ἐνόντα
3594 4961 3874 5027 φαίνεται.

2273 5051 2368 5105 καὶ
2420 5051 2562 5104 κατὰ
2609 5050 2703 5104 τὸν
2754 5049 2852 5103 τοῦ
2887 5049 3300 5120 συμϐεϐηκότος
3344 5048 3549 5116 ἔξωθεν
3568 5049 3874 5120 ἐγκείμενοι

2271 5145 2450 5212 λόγον.
2481 5143 2714 5206 Οὐκοῦν,
2737 5142 3036 5213 ἐπειδήπερ
3064 5143 3205 5196 κατὰ
3235 5143 3333 5213 τὴν
3352 5143 3568 5196 ἐκείνου
3602 5144 3876 5214 πρότασιν

2270 5236 2389 5306 ἦτοι
2412 5235 2595 5307 φωνὴν
2625 5234 2960 5306 (ἀνθέξομαι
2985 5235 3097 5307 γὰρ
3126 5234 3322 5306 αὐτῆς)
3351 5235 3492 5305 μόνα
3524 5234 3596 5288 τὰ
3627 5234 3872 5304 ὁμογενῆ

2273 5328 2373 5399 τὴν
2394 5328 2529 5400 πρὸς
2568 5328 2771 5398 ἄλληλα
2832 5328 3120 5401 σύγκρισιν
3154 5327 3489 5398 οἰκειότερον
3530 5328 3869 5393 ἐπιδέξεται,

2273 5418 2608 5488 ὀμολογείτω
2664 5418 2882 5488 πρῶτον
2927 5417 3005 5481 ὡς
3064 5418 3335 5488 ὁμογενὴς
3387 5419 3538 5470 ἐστιν
3569 5420 3598 5470 ὁ
3638 5418 3664 5469 ἱ
3687 5418 3773 5481 ιὸς
3793 5416 3870 5486 τῷ

2276 5508 2471 5578 Πατρὶ,
2504 5506 2648 5561 τοῦτ’
2672 5507 2838 5571 ἔστιν,
2868 5507 3156 5578 ὁμοούσιος
3177 5523 3192 5538 ·
3227 5506 3370 5560 οὓτω
3403 5505 3514 5575 γὰρ
3559 5507 3783 5577 νοήσεις
3808 5505 3872 5558 τὸ

2275 5599 2563 5669 ὁμογενὲς⁹
2623 5599 2908 5669 ἄνθρωπον
2961 5597 3074 5670 γὰρ
3137 5595 3414 5667 ἀνθρώπῳ
3472 5595 3866 5667 συγκρίνεσθαι

2275 5688 2383 5741 δεῖν
2405 5689 2747 5758 ἐδοκίμασεν,
2779 5689 2914 5742 ἀλλὰ
2935 5689 3029 5742 καὶ
3042 5688 3208 5742 ἵππον
3231 5687 3425 5758 ἴππῳ)’
3454 5687 3548 5741 καὶ
3567 5687 3864 5740 διδασκέτω

2275 5779 2458 5834 λοιπὸν
2497 5781 2593 5851 τὴν
2641 5779 2819 5834 αἰτίαν
2851 5779 2916 5833 δι’
2951 5779 3018 5852 ἣν
3059 5781 3086 5834 ὁ
3114 5780 3191 5851 τῷ
3235 5779 3354 5852 Θεῴ
3385 5781 3480 5834 καὶ
3509 5780 3686 5853 lla-rel.
3734 5795 3862 5861 συξη⁸
