4056 6534
155 470 293 525 3Ξὶ

1261 464 1327 519 lN
1355 462 1638 519 JOANNIS
1677 460 2122 519 EVANGELlUM
2160 458 2288 518 LIB.
2326 461 2397 515 Χ.

3320 466 3456 522 ’ὅῆ

160 588 522 657 κρινόμενος
561 584 712 648 Υἱὸς,
764 583 840 647 ὡς
885 582 1153 653 ὁμογενὴς
1194 580 1364 651 αὐτῷ,
1411 580 1511 651 τὴν
1550 582 1689 635 κατά
1725 598 1778 633 τι

1887 578 2201 648 imperfecta
2232 592 2341 632 non
2390 576 2658 642 cernitur,
2684 573 2783 630 sed
2825 587 2934 630 una
2960 582 3015 631 et
3040 576 3278 647 aqualis
3304 576 3458 633 vidc-

952 674 975 684 φ
1280 658 1311 680 υ

159 677 332 744 γοῦν
354 676 647 731 ἐλάττωσιν
676 676 809 744 ἔχει,
868 674 979 726 ῐιον
1032 673 1090 725 δὲ
1150 673 1216 725 τὸ
1261 675 1412 743 μεῖον
1450 674 1776 743 εὑρήσομεν,

162 769 281 821 ὅτε
319 772 427 832 τοῖς
458 768 776 838 δμογενέσιν
808 761 888 829 εἷς
920 765 985 819 ἂν
1009 766 1243 837 ὑπάρχοι
1270 768 1371 835 τῆς
1400 766 1589 828 οὐσίας
1620 766 1776 835 ὅρος;

181 860 486 928 Ἐκάστης
513 860 624 929 γὰρ
649 858 836 921 οὐσίας
869 858 899 909 6
938 857 1065 928 περὶ
1090 858 1262 927 αὐτῆς
1288 856 1446 924 λόγος
1487 856 1548 908 οὐ
1579 856 1780 918 τέλειος

172 954 301 1021 μὲν
332 952 388 1005 ἐν
418 970 580 1015 τισιν,
635 951 828 1023 ἀτελὴς
860 952 917 1004 δὲ
968 954 1024 1005 ὲν
1064 952 1239 1024 ἑτέρῳ
1268 950 1537 1021 φαίνεται,
1567 951 1681 1005 ἀλλ’
1701 946 1781 1014 εἷς

168 1041 292 1093 καὶ
328 1044 441 1105 ίσος
463 1042 557 1094 ἐπὶ
581 1042 801 1094 πάντων
833 1042 1087 1110 φαίνεται
1111 1059 1124 1072 ·
1163 1043 1341 1105 αἰτίας
1374 1060 1437 1111 γε
1463 1042 1568 1113 μὴν
1589 1042 1779 1112 ἑτέρας

168 1132 281 1201 ἔχε
295 1152 347 1186 ιν
374 1134 556 1203 φαμὲν
576 1134 685 1187 τῶν
708 1133 1135 1204 συμϐεϐηκότων
1180 1134 1435 1199 ἕκαστον,
1466 1135 1587 1206 ἦτοι
1613 1151 1781 1207 προσ-

168 1222 506 1290 γεγονότων
530 1223 650 1276 καθ⁴
676 1222 1007 1293 όνδηποτοῦν
1031 1224 1251 1293 τρόπον.
1281 1224 1422 1277 Αὐτὸ
1453 1224 1513 1277 δὲ
1533 1223 1597 1292 δὴ
1619 1225 1781 1278 πάλιν

162 1311 345 1383 ὑπὲρ
373 1312 674 1382 σαφηνείας
690 1314 800 1365 τῶν
823 1314 1129 1385 εἰρημένων
1156 1314 1217 1367 τὸ
1243 1314 1303 1378 ἐξ
1328 1315 1504 1385 ἀρχῆς
1536 1316 1781 1386 παροίσω

172 1406 578 1476 παράδειγμα.
616 1406 939 1477 Ἀνθρωπος
988 1407 1086 1477 μὲν
1119 1406 1407 1477 ἀνθρώπου
1451 1407 1637 1461 διοίσει
1684 1408 1782 1476 μὲν

172 1495 338 1559 ὅλως
367 1497 539 1559 οὐδὲν,
603 1498 847 1568 καθόπερ
891 1498 1029 1549 εἰσὶν
1067 1497 1346 1567 ἄνθρωποι
1380 1499 1572 1568 τυχόν·
1609 1498 1783 1552 ἁλλ’·ὁ

178 1587 303 1653 μέν
326 1589 415 1651 τίς
478 1590 625 1640 ἐστιν
673 1588 925 1659 εὐσεϐὴς,
971 1590 1000 1640 6
1047 1587 1104 1641 δὲ
1147 1590 1435 1655 κακόνους,
1487 1591 1583 1643 καί
1631 1591 1782 1661 ὁμὲν

176 1677 438 1748 ἀσθενὴς
468 1680 563 1731 καὶ
584 1679 958 1749 λελωϐημένος
996 1679 1057 1732 τὸ
1098 1680 1275 1749 σῶμα,
1310 1680 1449 1744 σῶος
1484 1682 1539 1734 δὲ
1581 1684 1673 1734 καὶ
1691 1680 1782 1734 εῦ-

180 1786 415 1837 ρωστος
432 1771 640 1841 ἕτερος,
668 1772 761 1824 καὶ
795 1772 824 1824 6
857 1772 956 1842 μὲν
999 1789 1081 1835 τις
1109 1771 1397 1842 βάσκανος,
1424 1775 1451 1826 6
1478 1772 1533 1827 δὲ
1558 1772 1781 1841 ἀγαθός.

190 1860 358 1913 Ἀλλ’
408 1863 537 1915 ὅταν
588 1880 672 1927 τις
719 1864 925 1917 τούτων
969 1864 1067 1927 τὰς
1098 1864 1279 1927 αἰτίας
1332 1864 1575 1935 ἀκριϐῶς
1608 1883 1785 1918 κατα-

1881 676 1973 720 tur
2001 667 2055 721 in
2088 666 2350 721 omnibus
2387 684 2401 720 :
2433 680 2636 720 causas
2674 671 2859 720 tamen
2906 665 3045 721 alias
3086 668 3459 737 contingenti-

1882 759 2003 822 bus,
2030 765 2129 811 aut
2163 757 2231 811 iis
2265 773 2386 826 qua:
2416 756 2617 826 quovis
2642 756 2808 812 modo
2838 756 3122 821 accidunt,
3152 773 3277 813 esse
3318 758 3459 812 dici-

1883 864 2027 904 mus.
2070 838 2231 914 Quod
2288 858 2346 903 ut
2394 857 2601 915 pateat,
2633 857 2759 903 utar
2793 848 3047 918 exemplo
3102 849 3212 919 jam
3268 850 3455 905 allato.

1882 939 2060 995 llomo
2102 940 2253 996 enim
2323 941 2392 995 ab
2444 940 2666 997 homine
2712 942 2868 997 nullo
2920 941 3091 997 modo
3140 941 3345 1008 diﬂ‘ert,
3403 944 3458 997 iu

1882 1041 2148 1103 quantum
2182 1040 2312 1088 sunt
2351 1032 2606 1088 homines
2636 1052 2651 1088 :
2687 1033 2782 1089 sed
2824 1033 2915 1088 hic
2944 1034 3164 1104 quidem
3196 1042 3280 1090 est
3312 1034 3455 1105 pius,

1883 1125 1976 1179 ille
2032 1138 2307 1192 nequam;
2366 1123 2459 1178 hic
2505 1123 2759 1181 inﬁrmus
2809 1139 2874 1179 ac
2930 1140 3164 1197 corpore
3206 1126 3458 1189 mutilus,

1883 1219 2022 1273 alter
2052 1217 2244 1272 ﬁrmus
2293 1230 2357 1269 ac
2388 1230 2591 1281 sanus;
2632 1217 2725 1271 ille
2778 1217 3006 1286 probus,
3037 1219 3126 1273 hic
3164 1220 3457 1290 malignus.

1884 1310 1991 1366 Sed
2044 1309 2091 1365 si
2144 1309 2272 1379 quis
2316 1309 2523 1363 borum
2574 1321 2775 1363 causas
2825 1310 3088 1365 attentius
3135 1310 3459 1380 inspexerit,

1884 1401 2208 1457 substantia:
2232 1398 2453 1469 quidem
2487 1397 2863 1454 deﬁnitionem
2897 1415 3007 1454 non
3040 1402 3339 1469 incusabit,
3367 1404 3463 1459 sed

1883 1494 2133 1564 corporis
2174 1493 2360 1563 potius
2396 1500 2455 1548 et
2492 1493 2661 1547 animi
2705 1490 3087 1549 affectionibus
3141 1509 3343 1550 causas
3378 1504 3463 1549 at-

1884 1586 2106 1639 tribuet.
2138 1584 2277 1639 Cum
2320 1600 2459 1656 ergo
2505 1599 2614 1639 una
2661 1592 2957 1641 censeatur
3002 1594 3058 1640 et
3108 1586 3179 1641 sit
3215 1587 3269 1641 in
3303 1586 3467 1643 Patre

1884 1690 1949 1730 ac
1996 1674 2134 1731 Filio
2190 1676 2413 1733 deitatis
2472 1677 2747 1742 delinitio,
2803 1685 2899 1731 aut
2964 1679 3467 1749 quomodoeunque

1883 1767 2049 1837 850
2078 1782 2198 1822 eam
2226 1769 2478 1825 nomines
2512 1769 2936 1841 (comparantur
2957 1769 3102 1824 enim
3132 1780 3192 1825 ut
3227 1772 3322 1841 qui
3355 1772 3467 1827 sint

1884 1858 2131 1928 ejusdem
2168 1861 2409 1931 generis,
2445 1867 2681 1931 utarque
2717 1875 2910 1916 eorum
2943 1862 3131 1917 verbis
3165 1862 3236 1917 ob
3280 1878 3469 1918 neces-

180 1952 641 2020 σκέπτηται.τὸν
667 1954 764 2024 μὲν
809 1955 908 2023 τῆς
934 1955 1115 2018 αἰτίας
1139 1954 1253 2027 [γρ.
1280 1955 1495 2027 οὐσίας]
1529 1957 1653 2027 ὅρον
1685 1956 1784 2009 οὐκ

1887 1952 2087 2007 sariam
2120 1952 2198 2007 rei
2224 1953 2696 2024 explicationem),
2727 1954 2961 2008 doceant
2986 1954 3175 2012 miseri
3202 1956 3466 2024 quidnam

179 2045 533 2110 αἰτιάσεται,
560 2045 754 2100 πάθεσι
784 2046 840 2100 δὲ
881 2047 1081 2116 μᾶλλον
1123 2049 1457 2117 σωματικοῖς
1486 2048 1654 2118 ἤγουν
1681 2048 1787 2118 ψυ-

180 2137 379 2205 χικοῖς
407 2138 693 2209 ἀνατίθησι
735 2139 833 2201 τὰς
866 2140 1066 2202 αἰτίας.
1113 2139 1264 2202 Ἐνὸς
1306 2140 1595 2210 τοιγαροῦν
1636 2158 1788 2194 νοου·

184 2223 371 2292 μένου
400 2243 459 2278 τε
490 2228 582 2281 καὶ
606 2227 759 2290 ὄντος
808 2228 901 2280 ἐπί
931 2245 990 2280 τε
1020 2226 1233 2297 Πατρδς
1261 2228 1356 2280 καὶ
1381 2228 1511 2281 Υίοῦ
1532 2230 1633 2297 τῆς
1663 2229 1786 2282 θεό-

182 2334 365 2387 τητος
402 2319 553 2389 ὅρου,
602 2319 635 2389 ἦ
679 2320 827 2383 ὅπως
871 2319 935 2372 ἄν
981 2335 1067 2381 τις
1099 2316 1269 2370 εἰπὼν
1295 2318 1396 2371 οὐκ
1418 2318 1483 2371 ἂν
1511 2318 1608 2370 τοῦ
1650 2318 1784 2389 πρέ-

182 2425 401 2471 ποντος
443 2409 703 2480 ἐξοίχοιτο
762 2410 1166 2480 (συγκρίνονται
1204 2409 1313 2480 γὰρ
1370 2409 1445 2472 ὡς
1475 2410 1781 2480 ὁμογενεῖς,

184 2500 547 2570 κεχρήσομαι
575 2500 631 2553 δὲ
663 2498 751 2553 διά
779 2503 880 2571 τὴν
913 2502 1161 2573 ἀνάγκην
1188 2502 1284 2555 τοῦ
1307 2500 1661 2573 θεωρήματος
1687 2505 1781 2557 καὶ

184 2593 309 2655 τοῖς
335 2591 505 2645 αὐτοῦ
544 2591 767 2662 λόγοις),
816 2593 1179 2647 διδασκόντων
1228 2595 1277 2646 οἱ
1332 2593 1561 2657 τάλανες
1593 2595 1645 2647 τί
1673 2596 1780 2665 ἄρα

186 2682 486 2753 νομίζουσι
515 2685 933 2757 παρασκευάσαι
961 2685 1053 2739 τὸν
1080 2686 1211 2739 Υἰὸν
1239 2688 1295 2739 ὲν
1320 2688 1602 2741 ἐλάττοσιν
1638 2681 1778 2740 εἶναι

1882 2041 2134 2099 ell‘ecisse
2174 2052 2369 2112 putent
2413 2052 2474 2099 ut
2518 2045 2628 2100 Deo
2660 2059 2724 2099 ac
2752 2044 2915 2100 Patre
2948 2047 3132 2100 minor
3165 2046 3238 2101 sit
3263 2045 3469 2102 Filius?

1882 2131 2025 2187 Num
2061 2134 2314 2201 morbus,
2346 2150 2478 2190 num
2530 2135 2794 2206 segnities
2843 2144 2899 2191 et
2941 2150 3286 2207 quaecunque
3319 2136 3468 2190 acci-

1882 2225 2013 2281 dere
2045 2226 2224 2282 solent
2271 2227 2342 2283 iis
2384 2227 2588 2298 quibus
2617 2236 2703 2283 est
2734 2237 2932 2283 natura
2974 2229 3202 2285 creata?
3236 2230 3307 2284 At
3341 2229 3467 2299 quis

1883 2316 1960 2370 ita
1992 2316 2205 2373 delirus
2239 2325 2293 2372 et
2326 2320 2393 2373 ab
2420 2319 2573 2373 omni
2601 2320 2817 2376 ratione
2851 2322 3068 2377 alienus
3098 2323 3224 2389 erit,
3257 2330 3315 2375 ut
3346 2331 3471 2376 tan-

1889 2415 2001 2461 tam
2054 2407 2457 2478 blasphemiam
2509 2410 2594 2465 vel
2645 2412 2703 2465 in
2764 2425 2928 2467 aures
2968 2413 3261 2468 admittere
3301 2412 3470 2467 velit?

1888 2500 2024 2555 Cum
2073 2516 2226 2572 ergo,
2271 2508 2331 2556 ut
2367 2504 2460 2572 qui
2501 2502 2748 2571 ejusdem
2792 2513 2878 2560 est
2912 2520 3037 2560 cum
3086 2506 3324 2560 naturali
3357 2504 3468 2561 Deo

1887 2594 2129 2664 generis,
2164 2593 2307 2649 Deus
2345 2594 2465 2663 ipse
2497 2610 2718 2663 quoque
2766 2596 2838 2651 sit
2868 2597 3176 2651 secundum
3211 2606 3466 2651 naturam

1886 2688 2263 2756 (comparatur
2304 2688 2451 2742 enim
2487 2686 2661 2753 Patri,
2704 2704 2805 2744 nec
2854 2689 3155 2760 quidquam
3212 2691 3467 2760 prohibet

186 2774 288 2826 τοῦ
336 2775 481 2828 Θεοῦ
530 2776 622 2829 καὶ
666 2772 1082 2848 Πατρός;*Αρα
1128 2778 1320 2842 πάθος,
1354 2780 1385 2849 ἢ
1419 2778 1662 2850 ῥᾳθυμία
1685 2780 1781 2831 καὶ

1887 2780 2187 2848 quominus
2218 2782 2290 2834 sit
2322 2778 2471 2833 Patri
2536 2781 2778 2851 similis),
2813 2783 3088 2852 quomodo
3128 2784 3310 2837 minor
3351 2784 3468 2839 est?

185 2864 301 2919 ὅσα.
327 2866 653 2937 συμϐαίνειν
701 2864 809 2921 οἶδε
832 2870 946 2930 τοῖς
966 2869 1202 2939 γενητὴν
1232 2868 1415 2939 ἔχουσι
1460 2869 1559 2941 τὴν
1610 2869 1802 2937 φύσινς
1851 2865 1989 2923 Εἶτα
2045 2870 2129 2933 τίς
2164 2869 2306 2923 οὕτω
2350 2870 2581 2941 ληρήσει
2636 2872 2729 2924 καὶ
2757 2871 3088 2925 διακείσεται
3111 2873 3463 2944 παραλόγως,

184 2954 269 3018 ὡς
314 2958 421 3010 καὶ
462 2957 617 3027 μόνον
645 2957 973 3025 ἀνασχέσθαι
1004 2958 1107 3012 κᾶν
1129 2959 1261 3029 γοῦν
1289 2961 1368 3022 είς
1407 2957 1499 3024 οῦς
1539 2960 1755 3015 ἑλέσθαι
1776 2960 1874 3031 τὴν
1897 2960 2276 3033 βλασφημίανς
2312 2962 2445 3015 Ὅτε
2465 2962 2664 3024 τοίνυν,
2690 2964 2768 3025 ὡς
2801 2963 3067 3034 ὁμογενὴς
3101 2964 3362 3035 ὑπάρχων
3387 2962 3468 3032 τῷ

190 3046 356 3099 κατὰ
384 3047 545 3116 φύσιν
571 3048 710 3119 Θεῷ,
736 3050 868 3113 Θεός
910 3051 1030 3103 ἐστι
1070 3051 1312 3120 δηλονότι
1337 3053 1479 3107 κατὰ
1513 3054 1675 3123 φύσιν
1741 3056 1837 3107 καὶ
1876 3054 2039 3120 αὐτὸς
2081 3054 2458 3126 (συγκρίνεται
2505 3054 2614 3127 γὰρ
2661 3054 2740 3126 τῷ
2786 3056 2984 3129 Πατρὶ,
3032 3055 3357 3110 διακωλύσει
3408 3054 3465 3108 δὲ

190 3139 358 3193 οὐδὲν
382 3141 445 3194 τὸ
474 3142 736 3207 ὡσαύτως
785 3143 929 3215 ἔχειν
962 3144 1038 3216 τῷ
1085 3146 1359 3216 φύσαντι),
1403 3148 1521 3211 πῶς
1559 3148 1797 3201 ἐλάττων
1829 3147 2012 3215 ἐστίν;

280 3257 511 3328 Ἐπειδὴ
542 3257 597 3311 δὲ
625 3258 978 3329 ἀμαθέστατά
1009 3279 1069 3315 τε
1100 3263 1194 3316 καὶ
1232 3262 1554 3332 ἀλογώτατα
1581 3264 1638 3318 ὲν
1670 3266 1783 3327 τοῖς

1954 3261 2225 3328 Quoniam
2275 3270 2457 3317 autem
2496 3259 2751 3316 veritatis
2794 3259 2976 3317 hostis
3002 3260 3335 3318 stultissime
3384 3261 3468 3318 di—

196 3346 596 3417 προκειμένοις
639 3347 873 3416 διεξιὼν,
925 3351 984 3403 οὐ
1038 3352 1352 3406 κατέδεισεν
1387 3355 1561 3406 εἰπεῖν
1609 3353 1638 3404 6
1685 3353 1784 3424 τῆς

195 3436 469 3508 ἀληθείας
494 3438 710 3510 ἐχθρὸς,
741 3440 822 3493 ὅτι
864 3440 1064 3511 μείζων
1115 3444 1142 3496 ὁ
1177 3443 1365 3515 Πατὴρ
1404 3443 1506 3513 τῆς
1530 3442 1780 3513 θεότητος

194 3530 295 3584 τοῦ
332 3529 486 3597 Υἰοῦ,
514 3531 645 3601 φέρε
697 3533 796 3601 τῆς
826 3533 963 3603 μετὰ
996 3533 1197 3605 σαρκὸς
1224 3534 1535 3604 οἰκονομίας
1572 3534 1664 3588 τὸν
1698 3535 1784 3588 λό-

195 3638 294 3690 γον
328 3620 506 3694 βραχύ
540 3639 592 3674 τι
623 3624 1082 3692 περιστείλαντες,
1102 3625 1198 3679 καὶ
1233 3626 1329 3695 τῆς
1359 3626 1468 3679 τῶν
1494 3627 1789 3697 προκειμέ-

196 3731 312 3769 νων
345 3713 551 3777 ὲννοίας
606 3714 980 3779 ἀποδιελόντες
1025 3716 1113 3770 διὰ
1142 3716 1233 3771 τὸν
1268 3718 1509 3789 ἔλεγχον,
1542 3719 1641 3789 τὴν
1673 3719 1791 3772 θεό-

199 3822 352 3877 mra.
387 3805 478 3859 τοῦ
510 3805 642 3859 Υίοῦ
681 3809 747 3878 τῇ
785 3806 878 3861 τοῦ
921 3809 1136 3880 Πατρὸς
1198 3810 1600 3882 συγκρίνωμεν,
1648 3811 1791 3866 κατά

201 3916 265 3969 γε
284 3898 390 3953 τὸν
405 3898 630 3952 ἐκείνων
660 3898 839 3967 λόγον,
877 3900 1052 3953 ἐκεῖνο
1078 3900 1142 3972 δὴ
1168 3902 1386 3971 πρῶτον
1424 3905 1598 3957 εἰπεῖν
1622 3904 1790 3958 ἀπαι-

202 3990 480 4061 τήσαντες
506 3988 599 4041 τὸν
618 3987 775 4042 τοῦτο
806 3989 973 4058 φάναι
1001 3990 1368 4061 τολμήσαντα,
1404 3991 1631 4065 πότερόν
1662 4009 1791 4045 ποτε

200 4082 345 4136 Θεὸν
376 4083 506 4135 ὅντα
556 4081 696 4136 κατὰ
730 4080 893 4151 φύσιν
931 4082 1196 4155 ὑπάρχειν
1232 4083 1403 4136 οίεται
1436 4084 1529 4136 τὸν
1582 4084 1787 4155 Υἰὸν,ἦ

202 4175 292 4228 ἒτε
304 4192 401 4245 ρον
438 4174 539 4246 μέν
560 4192 613 4228 τι
639 4174 787 4247 παρὰ
815 4173 990 4237 τοῦτο,
1022 4173 1345 4244 τετιμῆσθαί
1376 4191 1437 4243 γε
1469 4173 1575 4246 μὴν
1604 4176 1667 4246 τῇ
1692 4176 1792 4244 τῆς

204 4267 470 4340 θεότητος
496 4268 707 4340 κλήσει,
748 4266 1001 4338 καθάπερ
1034 4264 1127 4319 οῦν
1161 4266 1353 4337 ἀμέλει
1382 4267 1566 4320 πολλοὶ
1602 4268 1700 4339 μὲν
1734 4270 1792 4321 ὲν

204 4361 430 4432 οὐρανῷ
476 4360 586 4414 θεοὶ
634 4360 730 4414 καὶ
773 4360 977 4433 κύριοι,
1009 4359 1197 4412 πολλοὶ
1230 4358 1285 4412 δὲ
1317 4359 1410 4413 καὶ
1435 4359 1528 4413 ἐπὶ
1552 4363 1651 4430 τῆς
1688 4360 1793 4431 γῆς

206 4449 354 4507 εἶναι
377 4453 646 4521 λέγονται.
681 4450 1172 4521 Διαϐεϐαιουμένου
1209 4450 1307 4521 μὲν
1354 4451 1463 4523 γὰρ
1494 4450 1622 4522 ψιλῇ
1652 4450 1794 4504 δεδο-

211 4543 412 4609 ξάσθαι
442 4543 782 4615 προσηγορία
801 4543 903 4613 τῆς
924 4542 1196 4613 θεότητος,
1226 4542 1390 4613 φημὶ,
1422 4542 1513 4595 τὸν
1546 4542 1693 4605 Υίὸν,
1718 4540 1792 4612 μὴ

1885 3370 2008 3410 cere
2038 3354 2247 3411 veritus
2280 3369 2391 3408 non
2414 3362 2501 3409 est
2528 3352 2732 3407 deitate
2762 3350 2888 3405 Filii
2922 3350 3187 3421 majorem
3219 3368 3341 3408 esse
3365 3354 3467 3409 Pa-

1885 3454 2045 3507 trem,
2078 3443 2309 3513 agedum
2361 3441 2763 3498 inearuationis
2820 3456 3133 3497 sermonem
3178 3443 3464 3513 paululum

1886 3535 2296 3600 contrahentes,
2320 3544 2375 3591 et
2403 3551 2433 3589 a
2468 3550 2649 3590 rerum
2682 3533 3091 3605 propositarum
3122 3550 3287 3589 sensu
3319 3536 3469 3591 avel-

1889 3628 2065 3682 lentes
2110 3634 2335 3698 propter
2367 3626 2883 3696 reprehensionem,
2924 3625 3187 3680 deitatem
3219 3625 3367 3689 Filii,
3407 3633 3467 3679 ut

1889 3717 1992 3787 ipsi
2025 3717 2346 3786 loquuntur,
2376 3731 2499 3771 cum
2530 3713 2714 3770 Patris
2735 3713 2937 3769 deitate
2966 3714 3347 3779 conferamus,
3380 3729 3469 3768 ro-

1889 3818 2080 3881 gantes
2112 3815 2173 3864 ut
2208 3809 2302 3879 qui
2337 3808 2469 3862 talia
2505 3806 2691 3862 dicere
2747 3820 2921 3860 ausus
2974 3814 3059 3861 est
3086 3806 3331 3877 primum
3376 3822 3467 3863 re-

1890 3900 2183 3971 spondeat,
2221 3908 2406 3955 utrum
2441 3897 2665 3961 Filium,
2698 3896 2845 3952 Deus
2878 3912 3003 3952 cum
3043 3898 3117 3951 sit
3161 3896 3464 3952 secundum

1891 4000 2167 4058 naturam,
2196 3990 2367 4045 Deum
2393 4004 2514 4046 esse
2546 3996 2727 4059 putet,
2750 4004 2819 4043 an
2855 3988 3063 4058 aliquid
3090 3988 3239 4042 aliud
3273 3998 3468 4059 praeter

1891 4084 2061 4147 istud,
2105 4088 2486 4137 verumtamen
2525 4079 2898 4149 appellatione
2932 4078 3154 4135 deitatis
3186 4087 3466 4136 ornatum.

1891 4169 2357 4245 quemadmodum
2395 4183 2591 4238 nempe
2642 4168 2797 4221 multi
2858 4176 2988 4223 sunt
3019 4169 3074 4222 in
3108 4168 3249 4223 caelo
3294 4168 3369 4222 dii
3404 4183 3469 4221 ae

1893 4262 2127 4328 domini,
2158 4260 2430 4330 multique
2483 4258 2650 4313 etiam
2706 4257 2763 4311 in
2814 4264 2965 4312 terra
3014 4272 3138 4312 esse
3185 4256 3465 4311 dicuntur.

1891 4352 2030 4408 Nam
2062 4352 2106 4409 si
2136 4350 2401 4422 probetur
2437 4346 2581 4403 nuda
2616 4354 2827 4402 tantum
2848 4347 3221 4419 appellatione
3252 4346 3470 4402 deitatis

1892 4452 2152 4499 ornatum
2191 4456 2315 4496 esse
2352 4439 2575 4504 Filium,
2605 4439 2787 4509 ipsum
2825 4447 3007 4494 tamen
3055 4453 3166 4494 non
3197 4451 3320 4493 esse
3344 4454 3471 4492 vero

1894 4532 1949 4587 id
1978 4531 2125 4602 quod
2151 4545 2278 4586 esse
2310 4528 2535 4593 dicitur,
2566 4527 2693 4599 jure
2718 4527 2920 4583 merito
2956 4527 3136 4599 palam
3177 4536 3231 4581 et
3256 4526 3471 4597 publice

213 4633 326 4705 μὴν
356 4633 455 4687 καὶ
489 4633 753 4704 ὑπάρχειν
782 4632 926 4687 κατὰ
978 4631 1139 4701 φύσιν
1182 4631 1342 4705 αὐτὸν
1385 4631 1600 4702 άληθῶς
1640 4630 1786 4684 τοῦθ’

1890 4622 2311 4678 inclamabimus
2342 4640 2356 4677 :
2384 4635 2508 4684 nos,
2546 4620 2593 4674 si
2653 4629 2849 4691 natura
2886 4618 3030 4675 Deus
3072 4634 3181 4674 non
3234 4625 3340 4680 est,
3376 4616 3470 4671 ad-

211 4724 352 4795 Smp
392 4717 535 4777 εἶναι
583 4723 678 4778 καὶ
716 4724 955 4792 λέγεται,
978 4722 1049 4775 τὰ
1095 4723 1279 4777 εἰκότα
1316 4721 1639 4793 φρονοῦντες
1688 4723 1792 4774 ῦπ-

214 4816 547 4886 αντήσομεν,
565 4814 860 4887 διαρρήδην
883 4813 1321 4887 ἀνακεκραγότες
1345 4830 1360 4845 ’
1386 4810 1455 4866 Ὦ
1481 4815 1601 4879 τᾶν,
1640 4814 1715 4876 ὡς
1746 4814 1794 4866 εἰ

216 4908 290 4978 μὴ
324 4907 487 4977 φύσει
508 4906 639 4969 Θεός
662 4908 801 4971 ἐστι,
831 4906 1094 4978 κτίσματι
1114 4905 1525 4979 προσκυνοῦμεν
1543 4904 1622 4957 ἔτι
1644 4903 1796 4975 παρὰ

213 4998 307 5051 τὸν
344 4998 648 5062 Κτίσαντα,
677 4998 771 5052 καὶ
806 4998 926 5069 οὐχὶ
981 4999 1138 5069 μόνον
1171 5000 1331 5069 ἡμεῖς
1384 4999 1433 5050 οί
1460 4995 1608 5049 τόνδε
1642 4995 1793 5067 περί-

216 5106 363 5157 γειον
398 5089 611 5160 ἔχοντες
646 5089 846 5162 χῶρον,
877 5090 1014 5144 ἀλλὰ
1046 5091 1140 5144 καὶ
1168 5090 1305 5161 αὑτὴ
1344 5088 1452 5143 τῶν
1481 5088 1651 5157 ἁγίων
1694 5088 1797 5157 ἀγ-

216 5180 394 5247 γέλων
439 5182 473 5250 ἠ
515 5180 745 5251 πληθύς.
811 5181 1278 5255 Κατηγορήσομεν
1333 5180 1390 5234 δὲ
1441 5180 1535 5233 καὶ
1596 5177 1799 5240 παντὸς

218 5271 373 5338 ἁγίου
406 5270 614 5334 λοιπὸν,
650 5271 781 5325 Θεὸν
822 5272 986 5325 αὐτὸν
1017 5272 1159 5325 κατὰ
1195 5270 1355 5340 φύσιν
1392 5271 1673 5341 εἰρηκότος
1702 5271 1796 5323 καὶ

219 5355 469 5427 ἀληθινόν
489 5374 503 5389 ο
558 5358 794 5429 μάλιστα
846 5359 904 5413 δὲ
956 5359 1172 5415 πάντων
1203 5359 1560 5432 αἰτιασόμεθα
1585 5360 1676 5413 τὸν
1697 5376 1795 5431 μα-

221 5448 409 5517 κάριον
435 5449 693 5521 Ἰωάννην
747 5451 1011 5522 εἰρηκότα
1074 5450 1200 5522 περὶ
1261 5451 1421 5506 αὐτοῦ
1449 5468 1462 5481 ·
1500 5470 1518 5503 ι
1549 5452 1792 5522 Οἴδαμεν

220 5539 297 5591 ὅτι
322 5539 488 5603 ὁΥίὸς
545 5541 640 5594 τοῦ
687 5542 821 5596 Θεοῦ
859 5544 1006 5614 ἥκει,
1041 5544 1136 5597 καὶ
1160 5544 1360 5598 ἔδωκεν
1391 5545 1521 5615 ἡμῖν
1550 5543 1788 5597 διάνοιαν

223 5630 306 5686 ’να
331 5632 669 5703 γινώσκομεν
697 5633 785 5688 τὸν
820 5635 1070 5707 ἀληθινὸν
1093 5636 1246 5703 Θεὸν,
1288 5637 1381 5689 καὶ
1412 5636 1578 5707 ἐσμὲν
1625 5637 1682 5689 ὲν
1712 5635 1789 5707 τῷ

288 5875 334 5909 ⁷⁸
365 5877 382 5931 l
419 5874 579 5931 Joan.
621 5894 683 5942 ν,
710 5877 800 5931 20.

1891 4730 2050 4770 orare
2072 4716 2372 4769 etiamnum
2404 4721 2746 4778 creaturam,
2774 4726 2883 4767 non
2918 4709 3259 4772 Creatorem,
3294 4722 3471 4776 neque

1890 4821 1993 4862 nos
2014 4814 2223 4860 tantum
2246 4805 2340 4877 qui
2377 4813 2654 4860 terrenam
2683 4803 2825 4857 hanc
2852 4800 3130 4873 regionem
3148 4797 3465 4859 incolimus.

1892 4897 1988 4953 sed
2020 4904 2074 4952 et
2107 4898 2282 4968 ipsam
2320 4904 2642 4952 sanctorum
2679 4893 2998 4964 angelorum
3038 4887 3466 4944 multitudinem.

1892 4988 2036 5055 Quin
2083 4999 2137 5045 et
2189 4998 2412 5045 sanctos
2465 5003 2657 5045 omnes
2707 4984 3120 5047 accusabimus,
3156 4981 3471 5052 quicunque

1894 5080 2065 5137 Deum
2092 5082 2273 5153 ipsum
2305 5080 2615 5139 secundum
2651 5086 2906 5133 naturam
2936 5090 3000 5130 ac
3041 5090 3232 5130 verum
3268 5074 3466 5145 praedi-

1888 5181 2123 5240 carunt;
2164 5171 2260 5228 sed
2315 5172 2555 5227 maxime
2608 5169 2853 5226 omnium
2898 5167 3121 5223 beatum
3178 5164 3467 5229 Joannem,

1890 5265 1985 5335 qui
2040 5264 2109 5319 de
2165 5265 2287 5336 ipso
2347 5263 2613 5333 scripsit:
2646 5281 2663 5313 ι
2700 5257 2919 5314 Scimus
2977 5257 3244 5329 quoniam
3296 5255 3470 5312 Filius

1892 5356 1987 5413 Dei
2038 5357 2209 5421 venit,
2251 5365 2307 5413 et
2359 5354 2512 5411 dedit
2563 5354 2727 5411 nobis
2783 5367 3005 5410 sensum
3057 5360 3118 5406 ut
3168 5361 3471 5419 cognosca-

1890 5462 2015 5502 mus
2070 5462 2259 5502 verum
2299 5443 2494 5512 Deum,
2530 5451 2585 5500 et
2642 5444 2817 5500 simus
2867 5443 2924 5498 in
2970 5454 3103 5497 vero
3146 5436 3293 5492 Filio
3348 5435 3469 5505 ejus

1893 5538 2024 5595 Jesu
2069 5538 2312 5593 Christo.
2359 5536 2461 5593 Hic
2498 5546 2583 5595 est
2619 5553 2781 5593 verus
2832 5537 2997 5601 Deus.
3044 5540 3100 5591 et
3146 5532 3251 5586 vita
3307 5538 3467 5583 aster-

1898 5647 1965 5685 na
1994 5632 2061 5685 7°.
2101 5650 2119 5683 ι
2157 5627 2314 5696 Quod
2362 5628 2415 5686 si
2450 5628 2794 5701 Scripturam
2831 5628 3123 5687 reveritus,
3151 5624 3317 5679 Deum
3340 5632 3469 5675 vere
