4056 6474
590 393 700 449 523

1615 392 1671 446 S.
1713 391 1991 448 CYRILLI
2018 388 2485 446 ALEXANDRINI
2526 390 2846 448 ARCIREP.

3750 382 3843 438 384

594 508 777 579 ipsum
810 504 1171 578 nuncupabit,
1210 509 1263 562 et
1302 505 1377 561 ita
1420 520 1544 562 esse
1576 508 1812 571 sentiet,
1842 515 2007 577 atque
2052 507 2158 561 hoc

2282 504 2501 576 ίληθινῷ
2547 507 2712 560 αὑτοῦ
2753 506 2867 577 Υίῷ
2913 506 3086 577 Ίησοῦ
3130 504 3368 576 Χριστῷ.
3418 501 3599 568 Οὗτός
3650 505 3845 561 ἔστινὸ

594 600 762 655 modo
807 599 986 668 aliqua
1019 599 1211 653 saltem
1244 614 1312 653 ex
1342 608 1496 668 parte
1546 599 1817 655 minorem
1850 614 1974 654 esse
2004 598 2167 653 Patre

592 690 913 757 existimat;
962 690 1230 760 numquid
1266 690 1441 744 alium
1480 691 1642 746 nobis
1677 690 1849 745 Deum
1885 692 2096 745 invexit
2134 706 2165 745 a

594 782 835 838 naturali
862 782 1084 853 quidem
1112 797 1237 838 cum
1272 780 1441 836 Patre
1492 783 1761 840 relatione
1814 784 2034 853 penitus
2082 800 2170 838 re-

593 878 828 936 sectum,
866 880 920 926 et
957 871 1050 941 qui
1086 871 1314 941 propria
1353 872 1575 943 quidem
1616 874 1672 928 in
1727 874 2013 946 hypostasi
2064 874 2167 927 ali-

594 976 705 1029 qua
743 975 867 1015 esse
905 959 1272 1029 concipiatur,
1306 976 1415 1016 non
1444 970 1626 1017 tamen
1676 978 1733 1017 in
1771 962 1863 1019 Dei
1894 978 1958 1017 ac
1987 962 2169 1019 Patris

594 1051 901 1107 substantia
920 1051 1081 1119 851
1106 1052 1436 1107 inexsistat?
1457 1054 1700 1120 Nemini,
1722 1054 1942 1124 opinor,
1965 1054 2171 1109 obscu-

593 1156 716 1195 rum
764 1140 909 1195 istud
960 1149 1067 1195 est.
1111 1140 1249 1196 Nam
1289 1143 1333 1198 si
1376 1143 1516 1197 nihil
1546 1144 1731 1214 seipso
1757 1146 1936 1216 majus
1963 1154 2046 1202 est
2076 1154 2172 1201 aut

594 1232 800 1295 minus,
834 1232 929 1286 sed
968 1232 1153 1302 aliquo
1187 1232 1403 1289 minore
1455 1234 1655 1304 majus,
1702 1244 1795 1289 aut
1829 1236 2039 1305 majore
2073 1236 2174 1290 ali-

591 1334 704 1388 quo
734 1319 942 1384 minus,
979 1321 1228 1390 nunquid
1258 1337 1487 1378 necesse
1518 1330 1600 1378 est
1630 1324 1771 1380 duos
1820 1325 1979 1395 plane
2011 1324 2171 1381 fateri

594 1410 735 1466 Deos
762 1427 886 1467 esse
914 1413 1218 1467 secundum
1251 1422 1503 1468 naturam
1537 1429 1602 1469 ac
1634 1430 1815 1481 veros,
1847 1425 1905 1469 ut
1935 1416 2024 1471 hic
2054 1416 2175 1486 qui-

593 1504 718 1557 dem
757 1504 932 1573 major
963 1505 1325 1576 intelligatur,
1358 1507 1448 1562 ille
1481 1522 1610 1562 vero
1636 1507 1765 1578 ipso
1794 1508 2019 1562 minor?
2062 1508 2170 1579 lgi-

597 1610 689 1653 tnr
720 1596 885 1669 periit
914 1594 1166 1651 funditus
1202 1596 1466 1652 Ecclesia:
1517 1597 1674 1663 ﬁdes,
1712 1600 1756 1654 si
1786 1598 2065 1654 credimus
2104 1600 2175 1653 il-

601 1692 693 1757 lis,
726 1702 826 1747 nec
858 1703 1006 1746 unus
1044 1703 1210 1758 super
1236 1704 1337 1744 nos
1374 1697 1459 1745 est
1486 1692 1649 1754 Deus,
1681 1691 1774 1746 sed
1815 1692 1942 1744 duo.
1972 1691 2174 1761 Cujus-

600 1800 727 1838 nam
766 1800 896 1855 ergo
931 1780 1132 1850 templa
1165 1780 1294 1834 dicti
1331 1796 1547 1845 sumus,
1582 1782 1884 1837 secundum
1919 1782 2175 1852 Scriptu-

2266 596 2520 665 ἀληθινὸς
2567 596 2699 661 Θεὸς
2745 597 2842 649 καὶ
2890 596 3003 666 ζωὴ
3032 599 3065 666 ἡ
3123 595 3359 657 αἰώνιος.
3395 615 3415 645 ι
3455 597 3520 649 Εἰ
3575 595 3636 649 δὲ
3678 599 3845 650 πᾶσαν

2267 686 2403 758 ὁμοῦ
2448 688 2866 759 δυσωπούμενος
2908 689 3007 759 τὴν
3047 688 3403 741 θεόπνευστον
3431 689 3690 759 Γραφὴν,
3727 688 3847 742 Θεὸν

2268 780 2438 843 ὁντως
2470 780 2634 833 αὑτὸν
2688 782 2949 851 προσερεῖ
2971 781 3063 834 καὶ
3092 781 3357 850 ὑπάρχειν
3388 780 3535 835 οὑτω
3575 781 3848 833 διακείσε-

2268 888 2379 933 ται,
2428 870 2706 925 πιστεύειν
2742 888 2801 924 τε
2856 870 2999 925 οὑτω
3034 872 3463 942 μειονεκτεῖσθαι
3504 870 3602 923 τοῦ
3640 871 3851 940 Πατρὸς

2270 962 2415 1017 κατά
2457 980 2508 1015 τι
2557 961 2688 1030 γοῦν
2735 962 2872 1025 ὅλως
2927 962 3333 1033 ὑπολαμϐάνει’
3391 958 3480 1031 ἆρ’
3517 964 3615 1032 οὑχ
3668 963 3853 1031 ἕτερον

2271 1057 2404 1126 ἡμῖν
2421 1054 2774 1125 είσκεκόμικε
2820 1054 2973 1120 Θεὸν,
3026 1055 3127 1125 τῆς
3171 1054 3306 1125 πρὸς
3327 1055 3419 1109 τὸν
3457 1055 3687 1125 Πατέρα
3740 1053 3855 1121 σχέε

2273 1162 2410 1208 σεως
2443 1144 2681 1214 φυσικῆς
2716 1143 3026 1214 ὁλοκλήρως
3049 1144 3501 1215 διακεκομμένον,
3530 1144 3625 1197 καὶ
3649 1144 3715 1194 ἐν
3750 1141 3856 1209 ίδίσ.

2269 1235 2373 1305 μέν
2406 1252 2511 1289 τινι
2546 1234 2834 1305 νοούμενον
2862 1235 3178 1302 ὑποστάσει,
3205 1235 3280 1305 μὴ
3314 1234 3419 1304 μὴν
3439 1234 3772 1303 ἐνυπάρχειν
3796 1236 3856 1301 τῇ

2271 1323 2367 1377 τοῦ
2407 1323 2543 1377 Θεοῦ
2595 1325 2691 1378 καὶ
2725 1324 2937 1395 Πατρὸς
2982 1324 3179 1394 edcta;
3236 1324 3397 1389 Ἀλλ’,
3445 1320 3631 1395 οἶμαι,
3699 1323 3858 1391 δῆλον

2269 1416 2445 1471 ἆπασι
2477 1416 2537 1471 τὸ
2565 1418 2800 1488 πρᾶγμά
2830 1420 2998 1472 ἐστιν.
3038 1418 3100 1469 EE
3132 1416 3240 1488 γὰρ
3267 1417 3420 1469 οὐδὲν
3445 1417 3633 1471 ἑαυτοῦ
3670 1416 3860 1485 μεῖζον

2272 1508 2307 1578 ἢ
2334 1508 2573 1571 ἔλαττον,
2605 1508 2718 1562 ἀλλ’
2745 1509 3028 1570 ἐλάττονος
3048 1507 3149 1577 μέν
3170 1524 3316 1570 τινος
3333 1506 3515 1578 μεῖζόν
3536 1524 3588 1559 τι
3620 1508 3858 1567 νοεῖται,

2278 1600 2526 1670 μείζονος
2555 1599 2612 1651 δέ
2641 1616 2784 1663 τινος
2812 1600 3054 1665 ἔλαττον,
3088 1598 3316 1670 πότερόν
3357 1615 3473 1660 πως
3498 1599 3597 1651 οὑκ
3633 1598 3862 1666 ἀνάγκη

2273 1691 2368 1744 δύο
2395 1691 2459 1761 δὴ
2490 1692 2705 1754 πάντως
2766 1691 3102 1760 ὁμολογῆσαι
3166 1690 3332 1752 Θεοὺς
3359 1689 3503 1743 κατά
3539 1689 3711 1759 φύσιν
3770 1691 3864 1741 καί

2275 1782 2586 1853 ἀληθινοὺς,
2616 1782 2704 1835 ἵνα
2729 1783 2757 1834 ὁ
2797 1782 2901 1852 μὲν
2923 1782 3111 1852 νοῆται
3160 1782 3383 1852 μείζων,
3426 1783 3455 1834 ὁ
3506 1782 3563 1835 δὲ
3610 1780 3865 1835 ἐλάττων

600 1891 714 1941 ras,
749 1877 853 1933 nisi
893 1878 1014 1946 ejus
1048 1872 1139 1947 qui
1190 1887 1349 1927 suum
1381 1874 1437 1926 in
1476 1874 1681 1929 nostris
1713 1874 2003 1929 animabus
2044 1874 2173 1942 Spi-

2282 1874 2488 1940 αὑτοῦ;
2548 1874 2761 1927 Οὑκοῦν
2815 1876 3021 1943 οἴχεται
3055 1874 3153 1943 μὲν
3205 1875 3305 1945 ἤδη
3333 1874 3428 1927 καὶ
3449 1873 3868 1944 ἀνατέτραπται

600 1970 765 2024 ritum
798 1970 1125 2025 collocavit?
1153 1964 1290 2023 Cum
1321 1981 1455 2036 ergo
1489 1966 1833 2021 inveniamus
1878 1983 1943 2021 ex
1996 1967 2174 2022 sacris

601 2060 825 2115 Litteris
858 2076 967 2116 non
1005 2062 1184 2115 Patris
1233 2057 1439 2121 solum,
1485 2058 1582 2113 sed
1635 2067 1691 2114 et
1738 2056 1863 2113 Filii
1912 2058 2173 2127 Spiritum

600 2152 932 2220 nuncupari,
965 2152 1097 2220 quid
1133 2149 1694 2223 philoSOphabimur?
1738 2148 1846 2202 Aut
1873 2149 2003 2219 quid
2044 2164 2172 2203 sen-

601 2238 707 2293 tire
752 2253 853 2296 nos
898 2239 1160 2295 decebit?
1194 2240 1324 2296 Utro
1353 2243 1641 2296 amborum
1679 2239 1907 2309 reiecto.
1941 2240 2173 2293 alterum

600 2344 727 2384 esse
758 2326 927 2383 Deum
956 2328 1246 2385 dicemus?
1273 2328 1409 2383 Nam
1442 2331 1489 2385 si
1532 2329 1675 2384 duos
1715 2329 1874 2390 Deos,
1909 2328 2173 2383 minorem

601 2429 657 2474 et
685 2421 949 2489 majorem
988 2422 1366 2486 admittemus,
1397 2430 1452 2476 et
1486 2423 1679 2476 ambos
1724 2420 1781 2475 in
1818 2426 2025 2477 nostris
2056 2423 2176 2476 ani-

602 2512 709 2566 mis
740 2512 1048 2567 inhabitare
1082 2512 1327 2567 dicemus
1356 2528 1455 2583 per
1484 2512 1741 2582 proprios
1774 2526 1837 2566 ac
1864 2513 2175 2581 peculiares

605 2603 867 2673 Spiritus,
903 2603 1102 2674 templa
1150 2602 1385 2659 Deorum
1439 2602 1568 2658 facti
1617 2604 1837 2658 demum
1872 2604 2179 2674 deprehen-

601 2696 833 2749 demur:
868 2703 922 2751 et
962 2696 1073 2751 duo
1121 2694 1177 2749 in
1226 2695 1386 2750 nobis
1416 2693 1660 2764 Spiritus
1689 2695 1963 2761 habitant,
2003 2698 2178 2764 major

601 2784 860 2839 nimirum
903 2791 959 2839 et
1005 2785 1209 2849 minor,
1244 2799 1344 2853 pro
1373 2785 1585 2840 ratione
1615 2792 1826 2839 natura:
1852 2798 2044 2840 eorum
2086 2786 2179 2856 qui

602 2874 755 2945 ipsos
776 2874 1066 2933 dederunt.
1094 2873 1231 2941 Quis
1270 2890 1401 2945 ergo
1434 2874 1562 2928 talia
1605 2874 1744 2933 istos
1790 2884 2074 2931 vomentes
2103 2876 2182 2932 fe-

603 2967 730 3020 rat?
761 2967 867 3021 Aut
884 2967 1009 3037 quis
1036 2981 1227 3022 eorum
1257 2968 1352 3038 qui
1378 2968 1525 3039 apud
1554 2967 1680 3023 illos
1709 2976 1860 3034 sunt,
1895 2969 2177 3025 indoctum

604 3072 673 3111 ac
704 3056 859 3112 valde
900 3058 1191 3113 ridiculum
1225 3072 1532 3113 sermonem
1571 3074 1695 3114 esse
1736 3074 1846 3113 non
1875 3059 2105 3127 videbit,
2135 3061 2179 3115 si

604 3161 797 3202 eorum
824 3162 948 3217 quae
994 3153 1160 3201 antea
1197 3147 1437 3204 diximus
1472 3164 1693 3203 sensum
1731 3150 2021 3204 attendat?
2073 3151 2177 3206 Sed

605 3235 796 3291 forsan
820 3243 1045 3290 coactus
1059 3235 1198 3291 duos
1222 3235 1525 3293 secundum
1549 3245 1800 3294 naturam
1830 3238 1986 3295 fateri
2015 3241 2177 3307 Deos,

607 3326 883 3396 siquidem
923 3327 1100 3396 major
1147 3328 1236 3381 hic
1272 3336 1378 3394 est,
1420 3330 1511 3384 ille
1559 3332 1763 3395 minor,
1797 3333 1863 3386 ad
1901 3334 2033 3388 illud
2073 3336 2179 3390 sibi

607 3418 801 3472 tritum
829 3432 894 3472 ac
924 3417 1197 3473 familiare
1219 3434 1278 3474 se
1307 3420 1573 3486 conferet,
1603 3438 1795 3493 nempe
1822 3432 1879 3477 ut
1901 3427 2179 3496 propriam

606 3517 661 3563 et
713 3508 1040 3579 peculiarem
1086 3510 1379 3579 quamdam
1436 3523 1687 3566 naturam
1739 3512 1939 3570 Filium
1982 3518 2181 3574 habere

607 3600 777 3666 dicat,
808 3600 854 3655 si
892 3616 996 3656 nec
1026 3608 1211 3655 creata
1260 3617 1489 3670 prorsus
1538 3607 1827 3663 exsolutus
1876 3610 1969 3671 sit,
2006 3625 2184 3681 neque

607 3691 743 3747 adeo
772 3690 865 3746 Dei
902 3706 967 3745 ac
996 3690 1177 3747 Patris
1232 3702 1428 3747 natura
1466 3695 1626 3764 plane
1656 3698 1891 3754 excidat.
1920 3699 2056 3755 Nam
2089 3706 2179 3773 qui

606 3790 919 3838 creaturam
946 3791 1043 3838 aut
1071 3799 1213 3854 opus
1247 3784 1427 3841 dicere
1454 3798 1639 3856 aperte
1666 3805 1774 3845 non
1805 3801 2086 3859 verentur,
2113 3797 2181 3851 ad

608 3872 916 3928 istiusmodi
952 3873 1247 3928 verborum
1293 3875 1619 3946 confugiunt
1660 3880 1981 3951 elegantias,
2015 3885 2183 3939 urba-

608 3965 822 4018 niorem
870 3964 1275 4033 quodammodo
1329 3970 1709 4038 excogitantes
1761 3973 2178 4044 blasphemiam.

608 4054 747 4109 Cum
787 4069 918 4124 ergo
952 4056 1024 4110 ita
1060 4072 1118 4112 se
1154 4056 1354 4113 habere
1403 4057 1600 4114 Filium
1655 4061 1863 4129 dicant,
1907 4074 1965 4119 ut
2006 4083 2184 4138 neque

610 4146 754 4202 Deus
806 4148 1110 4203 secundum
1160 4158 1413 4206 naturam
1459 4154 1511 4207 in
1549 4162 1722 4208 totum
1759 4158 1853 4223 sit,
1894 4174 1994 4214 nec
2037 4160 2185 4217 inter

610 4249 891 4297 creaturas
920 4242 1081 4313 plane
1129 4252 1445 4309 censeatur,
1487 4248 1582 4302 sed
1615 4248 1855 4305 medium
1885 4255 2181 4321 quemdam

609 4333 901 4399 exsistere,
942 4341 1001 4387 ut
1026 4341 1078 4388 et
1111 4333 1203 4408 Dei
1234 4349 1299 4389 ac
1324 4334 1504 4391 Patris
1532 4338 1795 4410 dignitate
1826 4343 1899 4398 sit
1929 4344 2181 4409 inferior,

610 4432 665 4479 et
710 4439 878 4495 supra
928 4432 1304 4481 creaturarum
1341 4427 1568 4498 gloriam
1613 4433 1889 4491 emineat:
1943 4437 2181 4508 primum

2282 1966 2404 2020 κατ’
2433 1964 2671 2027 ἐκείνους
2706 1964 2803 2035 τῆς
2858 1964 3237 2035 Ἐκκλησίαςή
3272 1964 3454 2027 πίστις
3473 1980 3486 1993 ·
3520 1964 3650 2026 Θεὸς
3680 1962 3751 2015 δὲ
3773 1962 3871 2030 οὑχ

2281 2052 2361 2121 εἷς
2398 2058 2481 2126 ἐφ’
2518 2058 2686 2127 ἡμᾶς,
2724 2056 2859 2109 ἀλλά
2905 2056 3002 2108 δύο
3057 2056 3262 2109 λοιπόν.
3286 2056 3441 2119 Τίνος
3465 2050 3555 2109 οῦν
3596 2056 3715 2126 ἄρα
3751 2057 3873 2106 ναοὶ

2280 2148 2794 2220 κεχρηματίκαμεν,
2826 2146 2964 2199 κατά
2983 2145 3081 2208 τάς
3112 2145 3334 2217 Γραφάς
3357 2163 3373 2213 ;
3399 2146 3433 2216 ἢ
3468 2145 3621 2215 δῆλον
3641 2146 3739 2197 ὅτι
3770 2144 3873 2196 τοῦ

2280 2239 2341 2292 τὸ
2398 2237 2526 2289 ίδιον
2575 2236 2806 2304 Πνεῦμα
2861 2236 2983 2298 ταῖς
3024 2235 3323 2304 ἡμετέραις
3363 2235 3877 2305 ἐγκατοικήσαντος

2286 2329 2399 2401 [πρ.
2429 2325 2929 2398 ὲγκατοικίσαντος]
2964 2325 3191 2397 ψυχαῖςς
3234 2327 3404 2379 Ὅταν
3455 2323 3546 2379 οὖν
3590 2328 3880 2396 εὑρίσκω-

2288 2439 2389 2492 μεν
2422 2422 2487 2474 ἐκ
2521 2422 2629 2474 τῶν
2687 2418 2847 2491 ιερῶν
2906 2420 3275 2490 Γραμμάτων,
3329 2419 3450 2488 οὑχὶ
3489 2418 3582 2471 τοῦ
3639 2418 3879 2487 Πατρὸς

2284 2512 2471 2582 μόνον,
2529 2511 2666 2565 ἀλλά
2724 2512 2820 2565 καὶ
2880 2510 2974 2564 τοῦ
3029 2510 3157 2563 Υίοῦ
3200 2509 3428 2580 Πνεῦμα
3472 2509 3799 2581 λεγόμενον,
3822 2511 3880 2561 τί

2284 2604 2651 2675 λογισόμεθα;
2683 2605 2749 2657 Τί
2796 2604 2853 2657 δὲ
2913 2603 3157 2675 προσῆκε
3191 2606 3445 2675 φρονεῖν;
3474 2604 3605 2657 Τίνα
3630 2603 3753 2656 τῶν
3779 2602 3883 2656 δύο

2286 2697 2699 2769 παρωσάμενοι,
2734 2696 2823 2749 τὸν
2853 2696 3038 2767 ἕτερον
3054 2690 3191 2749 εἶναι
3219 2694 3352 2749 Θεὸν
3377 2696 3604 2765 λέγομεν
3632 2713 3646 2762 ;
3674 2694 3755 2747 ΕΞ
3776 2695 3886 2765 μὲν

2285 2784 2378 2841 οὑν
2411 2786 2505 2840 δύο
2527 2788 2715 2853 Θεοὺς,
2755 2786 2846 2840 τὸν
2902 2786 3111 2840 ἐλάττω
3134 2803 3194 2839 τε
3241 2786 3336 2839 καὶ
3367 2785 3458 2840 τὸν
3481 2786 3648 2856 μείζω
3672 2803 3886 2856 παρα-

2285 2877 2569 2948 δεξόμεθα,
2590 2877 2758 2947 ἄμφω
2775 2894 2835 2930 τε
2860 2880 2979 2941 ταῖς
3013 2877 3314 2948 ἡμετέραις
3349 2878 3548 2949 ψυχαῖς
3582 2878 3888 2943 ἐναυλίζε-

2290 2970 2412 3025 σθαι
2441 2972 2685 3041 φήσομεν
2714 2970 2804 3023 διά
2835 2969 2945 3023 τῶν
2996 2970 3141 3023 ἰδίων
3186 2970 3541 3041 Πνευμάτων,
3568 2970 3686 3023 ναοὶ
3716 2970 3889 3023 Θεῶν

2289 3062 2390 3133 ἤδη
2420 3062 2703 3131 γεγονότες
2726 3061 3077 3132 ἀλωσόμεθαο
3109 3060 3202 3115 δύο
3215 3062 3271 3115 δὲ
3295 3063 3426 3132 ἡμῖν
3455 3063 3653 3115 ἐνοικεῖ
3687 3062 3889 3114 Ilvati-

2293 3167 2458 3219 ματα,
2498 3150 2682 3220 μεῖζόν
2703 3169 2762 3203 τε
2785 3152 2879 3204 καὶ
2908 3150 3150 3217 ἔλαττον,
3169 3150 3449 3219 ἀναλόγως
3480 3154 3546 3223 τῇ
3574 3152 3744 3222 φύσει
3766 3152 3888 3204 τῶν

2287 3241 2579 3298 δεδοκότων
2621 3244 2778 3299 αὑτά.
2815 3244 2911 3309 Τίς
2951 3239 3044 3299 οῦν
3077 3246 3186 3316 ἄρα
3235 3245 3342 3298 τῶν
3370 3244 3626 3298 τοιούτων
3652 3245 3891 3314 ὲμετῶ)

2287 3336 2535 3400 ἀνέξεται
2561 3354 2577 3403 ;
2608 3337 2704 3400 Τίς
2757 3337 2814 3389 δὲ
2870 3336 2979 3390 τῶν
3038 3337 3170 3409 παρ’
3202 3337 3430 3399 ἐκείνοις
3464 3335 3650 3407 ἀμαθῆ
3681 3353 3748 3388 τε
3788 3337 3892 3389 καὶ

2287 3428 2625 3497 γελοιότατον
2653 3431 2714 3483 οὑ
2751 3429 3048 3499 κατόψεται
3087 3430 3267 3499 λόγον,
3296 3429 3398 3497 τὴν
3420 3429 3528 3482 τῶν
3558 3429 3891 3499 εἰρημένων

2287 3521 2493 3591 ἀρτίως
2533 3523 2668 3592 ἡμῖν
2723 3521 3159 3593 διασκεψάμενος
3236 3521 3485 3586 ἔννοιανς
3544 3520 3685 3572 Ἀλλ’
3740 3520 3892 3582 ἴσως

2289 3618 2728 3688 ἀναγκαζόμενος
2772 3617 2864 3669 δύο
2904 3616 3045 3670 κατά
3099 3616 3260 3686 φύσιν
3298 3615 3624 3685 ὁμολογῆσαι
3677 3614 3888 3676 Θεοὺς.

2289 3709 2447 3779 εἴπερ
2477 3712 2505 3762 ὁ
2564 3709 2662 3778 μέν
2706 3711 2820 3762 ἐστι
2855 3707 3076 3779 μείζων,
3109 3710 3137 3761 ὁ
3166 3709 3222 3761 δὲ
3272 3709 3530 3771 ἐλάττων,
3562 3707 3647 3759 ἐπ’
3689 3708 3891 3759 ἐκεῖνο

2292 3799 2554 3869 βαδιεῖται
2575 3801 2635 3851 τὸ
2668 3799 2896 3870 σύνηθές
2927 3817 2985 3852 τε
3015 3801 3110 3853 καὶ
3140 3800 3501 3871 τετριμμένον
3521 3800 3692 3869 αὑτῷ,
3724 3802 3889 3870 φημὶ

2288 3891 2353 3960 δὴ
2384 3890 2445 3942 τὸ
2508 3891 2670 3960 φύσιν
2726 3892 2861 3944 ἰδίαν
2918 3892 3043 3948 τινὰ
3089 3893 3269 3961 λέγειν
3329 3895 3476 3964 ἔχειν
3515 3893 3603 3947 τὸν
3634 3894 3799 3957 Υἱὸν,
3836 3898 3889 3946 εἰ

2292 3984 2431 4054 μήτε
2457 3984 2555 4055 τῆς
2585 3984 2815 4055 γενητῆς
2844 3984 3189 4057 ἀπήλλακται
3243 3986 3542 4051 παντελῶς,
3584 3989 3725 4058 μήτε
3766 3988 3889 4057 μὴν

2289 4074 2597 4145 ὁλοκλήρως
2626 4075 2925 4129 ἀποπίπτει
2983 4079 3083 4148 τῆς
3111 4079 3204 4132 τοῦ
3238 4079 3373 4132 Θεοῦ
3408 4080 3504 4133 καὶ
3533 4080 3770 4151 Πατρός.
3818 4082 3887 4132 Ol

2290 4168 2396 4239 γὰρ
2426 4168 2631 4238 κτίσμα
2660 4169 2755 4223 καὶ
2808 4169 3021 4241 ποίημα
3066 4170 3243 4238 λέγειν
3278 4172 3524 4243 ἐναργῶς
3568 4172 3628 4224 οὑ
3662 4189 3886 4242 παραι-

2288 4259 2562 4329 τούμενοι,
2604 4261 2699 4313 ἐπὶ⁵
2724 4259 2824 4324 τὰς
2858 4262 2969 4313 τῶν
2996 4260 3252 4315 τοιούτων
3300 4262 3560 4333 ῥημάτων
3594 4264 3888 4330 καταφεύ-

2290 4366 2447 4418 γουσι
2477 4350 2766 4422 κομψείας,
2795 4354 3147 4424 ἀστειοτέραν
3174 4353 3361 4427 ὥσπερ
3400 4354 3740 4417 ἐπινοοῦντες
3771 4356 3887 4426 τὴν

2290 4442 2621 4513 δυσφημίαν.
2650 4444 2818 4497 Ὅταν
2873 4446 3055 4498 τοίνυν
3083 4446 3255 4510 οὕτως
3287 4447 3432 4516 ἔχειν
3473 4447 3719 4516 λέγωμεν

609 4516 831 4587 quidem
879 4517 1128 4575 dicemus
1172 4519 1377 4575 nullam
1424 4537 1549 4579 esse
1598 4526 1871 4581 rationem
1924 4545 2047 4600 qua:
2100 4533 2176 4587 eis

2291 4533 2546 4606 λέγωσιν]
2570 4534 2659 4589 τὸν
2691 4537 2844 4603 Υίὸν,
2867 4535 2941 4602 ὡς
2969 4540 3107 4611 μήτε
3131 4541 3263 4592 Θεὸν
3279 4540 3419 4592 κατὰ
3440 4540 3599 4608 φύσιν
3634 4516 3885 4609 ὁλοκλή-

610 4604 927 4675 permiserit
954 4605 1251 4666 decernere
1281 4626 1344 4665 ac
1371 4611 1519 4682 loqui
1543 4630 1663 4682 qua:
1689 4616 1874 4672 velint.
1907 4619 2016 4675 Aut
2037 4624 2176 4677 enim

2291 4647 2395 4700 ρως
2426 4604 2691 4701 ὑπάρχειν
2714 4632 2902 4693 αὑτὸν,
2934 4604 3072 4701 μήτε
3105 4632 3210 4703 μὴν
3235 4634 3290 4686 ἐν
3321 4604 3612 4703 κτίσμασιν
3640 4604 3884 4701 ὁλοκλῆο

611 4694 770 4748 ﬁdem
813 4695 973 4750 nobis
1019 4713 1085 4752 ex
1127 4698 1302 4755 sacris
1337 4701 1652 4772 divinisque
1698 4703 1921 4762 Litteris
1956 4707 2184 4775 faciant,

609 4793 704 4838 aut
735 4783 781 4838 si
811 4786 960 4839 nulla
991 4801 1055 4841 ex
1094 4798 1249 4857 parte
1284 4792 1516 4861 probare
1541 4803 1771 4863 possunt
1800 4799 1945 4866 quod
1973 4799 2182 4867 dicunt,

608 4876 811 4946 pudeat
838 4879 989 4948 ipsos
1011 4896 1077 4935 ex
1106 4897 1206 4936 suo
1239 4897 1403 4938 sensu
1439 4884 1503 4939 de
1531 4885 1633 4941 lide
1664 4893 1927 4945 statuere.
1958 4892 2185 4947 Verum-

607 4980 789 5023 tamen
821 4986 944 5024 cum
975 4986 1086 5041 pra:
1118 4975 1313 5029 mentis
1340 4975 1521 5045 inopia
1554 4985 1761 5033 temere
1790 4980 1843 5033 id
1868 4981 2181 5051 eﬂ‘uderint,

608 5057 675 5111 ad
710 5074 898 5113 eorum
932 5066 1359 5133 propositionem
1397 5083 1483 5123 me
1518 5079 1859 5141 convertam,
1891 5084 1944 5131 et
1978 5076 2062 5134 sic
2087 5093 2182 5135 eos

608 5163 801 5205 rursus
828 5155 1130 5223 aggrediar.

2287 4738 2396 4792 ρως
2422 4722 2619 4785 τελεῖν,
2689 4718 2831 4775 εἶναι
2889 4723 2947 4775 δέ
3000 4740 3123 4777 τινα
3185 4725 3368 4793 μέσον,
3404 4725 3480 4787 ὡς
3517 4724 3737 4792 καὶτῆς
3770 4726 3881 4777 τοῦ

2285 4811 2417 4864 Θεοῦ
2450 4812 2543 4865 καὶ
2580 4814 2787 4884 Πατρὸς
2812 4812 2969 4880 ἀξίας
2990 4815 3486 4884 ἀπολιμπάνεσθαι,
3519 4816 3612 4870 καὶ
3631 4816 3731 4886 τὴν
3756 4818 3877 4869 τῶν

2284 4901 2599 4970 κτισμάτων
2627 4902 3023 4974 ὑπεράλλεσθαι
3047 4903 3223 4968 δόξαν⁸
3245 4906 3461 4977 πρῶτον
3481 4907 3578 4976 μὲν
3605 4908 3873 4980 ἐροῦμεν,

2283 4991 2360 5054 ὡς
2380 4992 2553 5055 οὐδεὶς
2584 4992 2769 5057 αὑτοῖς
2802 4996 3071 5067 ἐπέτρεψε
3131 4996 3287 5064 λόγος
3342 4998 3651 5067 νομοθετεῖν
3676 4998 3714 5051 ἃ
3743 5000 3875 5067 βούο

2282 5082 2466 5136 λονται
2491 5085 2586 5136 καὶ
2607 5085 2806 5140 λαλεῖν.
2836 5088 2905 5139 Ἢ
2940 5088 3047 5161 γὰρ
3076 5090 3222 5160 ἡμᾶς
3258 5091 3321 5142 ἐκ
3362 5089 3470 5142 τῶν
3502 5089 3658 5160 ἱερῶν
3682 5108 3745 5143 τε
3770 5094 3876 5144 καὶ
3935 5150 3943 5159 _

2290 5173 2448 5227 θείων
2507 5177 2995 5251 πληροφορούντων
3052 5182 3422 5253 Γραμμάτων,
3466 5183 3498 5253 ἢ
3549 5183 3876 5253 μηδαμόθεν

609 5248 1099 5345 ἐξιξαρτυρημὲνον
1279 5251 1407 5345 ίδιον
1453 5252 1666 5345 ἐχοντες
1702 5254 1881 5323 λόγον,
1938 5260 2381 5329 αίσχυνέσθωσαν
2427 5268 2494 5321 τά
2538 5269 2648 5323 ἀπὸ
2691 5248 2914 5343 γνώμης
2960 5248 3229 5338 ἰδίας-
3265 5276 3444 5328 πίστει
3480 5248 3870 5345 διοριζόμενοι.

606 5332 753 5405 Πλὴν
783 5335 1010 5439 efﬂant-=3
1037 5340 1223 5439 αὑτοῖς
1249 5344 1341 5395 καὶ
1386 5343 1542 5397 τοῦτο
1580 5347 1830 5418 παρέστη
1865 5348 1924 5412 ἐξ
1964 5351 2188 5423 ἀκρίτου
2230 5356 2411 5426 λέγειν
2447 5332 3019 5430 φρενοϐλαϐείας-,ἐπὶ
3043 5332 3141 5437 την
3176 5368 3358 5421 αὑτῶν
3395 5332 3701 5439 βαδιοῦμάιΙ
3727 5370 3870 5438 πρός

605 5443 784 5492 τασιν,
817 5429 927 5501 ἐρῶ
958 5430 1015 5484 δὲ
1044 5431 1109 5503 δὴ
1130 5432 1312 5488 πάλιν.

678 5519 738 5574 Si
769 5521 885 5575 sola
912 5522 1248 5593 bomogenea
1277 5527 1738 5596 comparationem
1770 5530 1913 5588 inter
1953 5549 2013 5589 se
2049 5550 2169 5605 pro.

604 5611 722 5681 prie
757 5614 1118 5682 susceperint,
1150 5622 1204 5669 et
1238 5617 1477 5686 seipsum
1509 5622 1729 5691 proprie
1754 5622 1918 5692 852
1969 5623 2079 5677 Deo
2110 5640 2176 5679 ac

605 5703 753 5757 Patri
784 5706 1091 5774 comparari
1140 5705 1312 5763 Filius
1340 5710 1537 5778 voluit,
1566 5714 1909 5783 apertissime
1939 5713 2131 5770 dicens
2159 5734 2171 5769 :

613 5814 633 5848 ι
669 5793 823 5851 Pater
858 5795 1034 5865 major
1069 5813 1152 5854 me
1191 5808 1295 5866 est,
1329 5817 1354 5853 ι
1394 5804 1671 5874 quomodo
1700 5820 1927 5862 necesse
1955 5820 2064 5861 non
2092 5815 2176 5862 est

2354 5535 2417 5588 Εἰ
2447 5538 2556 5609 γὰρ
2583 5540 2719 5612 μόνα
2766 5541 2834 5595 τά
2860 5543 3078 5615 ὁμοειδῆ
3118 5546 3219 5617 τὴν
3248 5550 3384 5619 πρὸς
3413 5549 3618 5620 ἄλληλα
3638 5554 3867 5625 σύγκρι-

2286 5647 2370 5683 σιν
2398 5632 2600 5703 κυρίως
2635 5635 2700 5686 ἂν
2720 5635 3041 5702 ἐπιδέξαιτο,
3084 5639 3471 5711 συγκρίνεσθαι
3500 5643 3555 5695 δὲ
3581 5644 3691 5697 δεῖν
3724 5647 3861 5700 ἐαυ-

2282 5723 2372 5776 τὸν
2396 5725 2599 5794 κυρίως
2632 5726 2710 5795 τῷ
2752 5727 2871 5800 Θεῷ
2914 5731 3010 5782 καὶ
3056 5730 3232 5802 Πατρὶ
3260 5732 3615 5804 δεδοκίμακεν
3644 5738 3672 5787 ὁ
3702 5737 3856 5801 Υἱὸς,

2286 5813 2597 5884 σαφέστατα
2627 5814 2819 5884 λέγων’
2849 5836 2866 5869 ι
2889 5818 2947 5869 ’0
2971 5818 3159 5890 Πατὴρ
3192 5821 3391 5890 μείζων
3413 5839 3514 5891 μου
3537 5823 3703 5891 tati,»
3735 5824 3858 5888 πῶς
