4056 6478
199 392 327 451 325

1280 393 1349 450 IN
1376 368 1669 452 iOANNlS
1696 389 2147 449 EVANCELIUM
2190 392 2318 447 LIB.
2366 395 2435 453 χ.

3308 402 3491 460 νὸἳϐ

192 506 322 561 οὐκ
345 505 562 576 ἀνάγκη
598 503 839 559 τοιοῦτον
862 504 1100 559 νοεῖσθαι
1124 506 1219 561 καὶ
1237 507 1328 560 τὸν
1357 507 1600 579 Πατέρα,
1633 506 1802 566 ὁποῖος

1918 504 2081 559 talem
2105 520 2326 575 quoque
2363 507 2580 564 Patrem
2612 514 2849 576 censeri,
2876 512 3053 583 qualis
3081 528 3108 565 a
3137 514 3292 569 vobis
3318 516 3491 571 Filius

204 597 288 651 ἂν
316 598 528 665 λέγοιτο
546 598 675 670 παρ’
730 597 885 667 ὑμῶν
932 601 961 651 ὁ
1014 599 1177 666 Υἱός;
1213 598 1323 652 Καὶ
1355 600 1409 652 τί
1440 600 1499 652 τὸ
1526 598 1807 668 ὲντεῦθενζ;

206 688 386 743 Ὀλον
418 690 546 759 ὑμῖν
578 691 661 752 είς
699 689 761 742 τὸ
810 690 976 760 μηδὲν
1029 692 1399 763 καταστρέφει
1428 691 1490 744 τὸ
1524 688 1807 761 θεώρημα.

209 781 371 845 Ἕως
437 782 536 852 μὲν
566 781 675 852 γάρ
704 782 909 852 μείζων
960 782 1181 852 λέγεται
1204 783 1300 835 τοῦ
1347 783 1474 835 Υἱοῦ
1502 784 1634 853 παρ’
1658 780 1811 851 ὑμῶν

204 873 242 924 ὁ
271 874 485 945 Πατὴρ,
545 875 578 944 ή
640 874 697 927 δὲ
756 873 934 939 κτίσις
986 875 1247 940 ἐλάττων,
1295 875 1434 945 μέση
1468 892 1551 938 τις
1588 870 1657 946 ἦν
1688 875 1809 927 καθ’

208 963 366 1033 ὑμᾶς
399 966 431 1035 ἡ
460 964 554 1017 τοῦ
598 965 942 1033 Μονογενοῦς
998 966 1181 1035 φύσις.
1217 964 1729 1034 Καταὸιϐασθείσης
1751 964 1809 1017 δὲ

206 1058 320 1125 τῆς
338 1056 435 1109 τοῦ
456 1057 672 1127 [ἰατρὸς
696 1059 775 1120 εἰς
796 1058 899 1128 τὴν
917 1057 1228 1124 Υίοῦ,τίνος
1248 1057 1399 1109 ἔσται
1422 1056 1583 1126 μέσος
1600 1055 1807 1118 λοιπὸν,

204 1147 316 1200 οὑκ
345 1148 498 1211 ὄντος
546 1148 628 1201 ἔτι
674 1148 770 1202 τοῦ
817 1150 1218 1219 ὑπερκειμένου
1264 1150 1359 1203 καὶ
1409 1150 1805 1220 ὑπερέχοντος;

206 1240 278 1292 Εἰ
309 1240 391 1301 δὲ,
418 1240 559 1294 καθά
590 1259 773 1312 φησιν,
792 1241 867 1304 ὼς
905 1242 1175 1312 ὁμογενὴς
1201 1242 1457 1311 όμογενεῖ
1503 1241 1581 1311 τῷ
1634 1241 1809 1312 Πατρὶ

207 1332 589 1401 συγκρίνεται,
649 1332 768 1397 πῶς
815 1333 915 1403 οὑχ
973 1327 1054 1395 εἷς
1083 1333 1171 1386 ἐπ’
1202 1335 1404 1402 ἀμφοῖν
1440 1335 1468 1385 ὁ
1497 1333 1594 1402 τῆς
1620 1333 1809 1395 οὐσίας

205 1421 370 1473 ἔσται
414 1422 600 1491 λόγος;
656 1421 1094 1493 Παραιτούμενοι
1145 1422 1202 1475 δὲ
1224 1423 1315 1475 τὸν
1346 1421 1475 1476 Υἱὸν
1522 1422 1808 1492 ὁμοούσιον

205 1512 488 1582 ὑπάρχειν
509 1513 793 1583 ὁμολογεῖν
846 1514 924 1585 τῷ
957 1515 1156 1587 Πατρὶ,
1190 1516 1361 1567 τιθεῖν
1389 1516 1444 1568 δὲ
1471 1516 1672 1584 μᾶλλον
1708 1517 1806 1569 αὑ-

220 1601 323 1653 τὸν
365 1604 422 1654 ὲν
472 1603 745 1665 ἐλάττοσι,
796 1604 892 1656 καὶ
938 1603 1035 1671 τὴν
1065 1604 1159 1657 τοῦ
1188 1604 1399 1675 Πατρὸς
1425 1606 1806 1659 κατεσπάσατε

204 1690 376 1756 δόξαν
415 1694 496 1756 είς
532 1693 636 1763 τὴν
675 1693 772 1747 τοῦ
819 1694 941 1747 καθ’
972 1696 1117 1767 ὑμᾶς
1147 1696 1428 1759 ἐλάττονός
1451 1714 1509 1749 τε
1543 1697 1635 1750 καὶ
1659 1714 1809 1767 μειο-

205 1783 601 1853 νεκτουμένου,
658 1780 745 1855 ἆρ’
791 1786 890 1857 οὑχ
940 1789 1100 1859 ὁρᾶτε
1156 1787 1343 1840 λοιπὸν
1374 1786 1619 1857 ἀκάνθης
1650 1788 1807 1859 δίκην

1912 595 2154 650 dicitur?
2183 597 2251 651 At
2288 601 2549 669 quidnam
2582 601 2708 658 inde
2738 604 3026 673 sequitur?
3059 605 3248 661 Omnis
3280 607 3372 660 illa
3400 625 3493 663 ve-

1912 697 2030 743 stra
2080 690 2135 743 iu
2186 690 2419 745 nihilum
2463 693 2576 746 abit
2635 696 2958 764 propositio.
3020 696 3301 761 Quatenus
3344 700 3489 754 enim

1912 777 2075 835 Pater
2111 794 2141 833 a
2181 780 2336 835 vobis
2381 783 2557 850 major
2591 782 2728 838 Filio
2762 785 2988 853 dicitur,
3019 795 3270 841 creatura
3308 797 3489 843 autem

1912 870 2113 935 minor,
2150 872 2328 925 media
2360 874 2605 942 quaedam
2640 882 2723 930 est
2769 890 2831 930 ex
2868 879 3137 932 sententia
3171 886 3349 933 vestra
3389 894 3491 933 ua-

1913 970 2035 1016 tura
2072 961 2373 1033 Unigeniti.
2427 963 2637 1020 Natura
2688 977 2869 1023 autem
2910 968 3090 1023 Patris
3139 970 3194 1023 in
3233 967 3354 1024 Filii
3395 986 3492 1024 na-

1912 1060 2090 1107 turam
2120 1054 2407 1124 depressa,
2441 1056 2730 1125 cujusnam
2764 1060 2979 1113 tandem
3028 1062 3135 1117 crit
3179 1062 3414 1125 medius,
3446 1062 3493 1117 si

1912 1162 2021 1201 non
2062 1147 2134 1202 sit
2165 1148 2258 1216 qui
2289 1163 2455 1218 supra
2487 1150 2558 1203 sit
2590 1152 2807 1220 positus
2836 1162 2890 1207 et
2917 1154 3196 1207 emineat?
3224 1152 3380 1218 Quod
3424 1155 3492 1215 si,

1913 1243 1972 1288 ut
2003 1237 2179 1301 aiunt,
2225 1245 2284 1289 ut
2331 1236 2708 1308 homogeneus
2755 1240 2902 1294 Patri
2942 1250 3321 1311 comparatur,
3354 1258 3487 1311 quo-

1910 1328 2075 1384 modo
2103 1346 2211 1384 non
2246 1345 2355 1384 una
2385 1330 2438 1385 in
2471 1331 2742 1388 ambobus
2788 1334 2893 1387 erit
2931 1334 3257 1389 substantiae
3306 1336 3492 1391 ratio?

1908 1419 2045 1473 Cum
2076 1430 2261 1477 autem
2296 1422 2478 1479 Patris
2512 1425 2748 1496 gloriam
2781 1427 2848 1481 ad
2895 1426 3017 1495 ejus
3066 1429 3157 1497 qui
3200 1443 3266 1483 ex
3312 1438 3493 1482 vestra

1911 1513 2184 1566 sententia
2238 1513 2420 1567 minor
2472 1522 2579 1581 est,
2634 1515 2859 1586 gloriam
2910 1514 3242 1579 deducatis,
3291 1512 3491 1569 Filium

1909 1606 2446 1662 consubstantialem
2498 1624 2621 1664 esse
2666 1607 2815 1663 Patri
2878 1607 3038 1663 fateri
3086 1609 3355 1671 nolentes,
3399 1607 3491 1661 sed

1909 1711 2034 1751 eum
2090 1697 2278 1765 potius
2345 1699 2612 1753 minorem
2671 1714 2793 1755 esse
2864 1707 3196 1767 statuentes,
3243 1698 3493 1768 nunquid

1909 1789 2082 1859 Spinaa
2111 1789 2289 1845 instar
2318 1806 2676 1847 succrescere
2713 1791 3111 1861 blasphemiam
3150 1791 3494 1845 animadver—

208 1875 614 1929 ἀνατέλλουσαν
667 1876 767 1948 τὴν
816 1877 1177 1949 δυσφημίανς
1227 1873 1358 1949 Ἀρ⁹
1407 1877 1527 1948 οὐχὶ
1556 1878 1681 1950 ῥίζα
1716 1897 1802 1933 πι-

1906 1882 2063 1936 titis?
2112 1880 2301 1938 Nonne
2357 1883 2513 1938 radix
2571 1883 2958 1938 amaritudinis
3010 1898 3232 1939 sursum
3291 1883 3493 1954 germi-

208 1967 382 2036 κρίας
411 1966 524 2021 ἄνω
556 1967 769 2036 φύουσα
824 1970 924 2040 τὴν
966 1970 1073 2023 τῶν
1103 1969 1246 2024 οὕτω
1275 1971 1635 2041 διακειμένων
1668 1989 1797 2043 καρ·

206 2060 333 2113 δίαν
368 2060 729 2131 παρενοχλεῖ;
792 2062 858 2114 Τί
911 2063 1113 2129 τοίνυν,
1143 2063 1375 2132 ἀφέντες
1414 2063 1506 2115 τὸν
1541 2063 1675 2134 εὑθῆ
1703 2063 1805 2132 τῆς

209 2149 474 2219 ἀληθείας
500 2150 680 2219 λόγον,
729 2153 809 2215 εἰς
868 2151 1141 2222 τοσαύτην
1166 2152 1401 2206 ἀτοπίαν
1432 2151 1803 2222 παρελαύνετε

208 2241 495 2311 λογισμῶν
520 2261 535 2309 ;
564 2242 691 2295 Δότε
723 2242 810 2313 δὴ,
865 2243 984 2294 δότε
1019 2242 1095 2312 τῷ
1130 2244 1382 2312 ὁμογενεῖ
1428 2244 1549 2295 καθ’
1578 2244 1720 2312 ὑμᾶς
1745 2244 1805 2294 τὸ

206 2332 270 2383 ἐν
307 2331 514 2401 ἰσότητι
548 2330 765 2384 κεῖσθαι
827 2331 921 2384 τοῦ
974 2332 1109 2385 Θεοῦ
1141 2333 1234 2385 καὶ
1266 2332 1499 2404 Πατρός.
1520 2331 1675 2386 Οῦτω
1698 2331 1805 2403 γὰρ

208 2415 293 2484 εἷς
358 2422 511 2476 ἔσται
555 2421 707 2486 Θεὸς,
761 2425 819 2477 έν
876 2423 1009 2494 ἁγίᾳ
1052 2441 1110 2477 τε
1176 2425 1270 2477 καὶ
1316 2424 1804 2495 ὁμοουσίῳΤριάδι

208 2510 697 2582 προσκυνούμενός
721 2529 781 2564 τε
818 2513 912 2565 καὶ
955 2512 1425 2585 δοξολογούμενος,
1450 2516 1588 2585 πρός
1620 2532 1679 2567 τε
1703 2515 1804 2587 ἤδη

209 2599 375 2672 ἡμῶν
402 2600 583 2654 αὐτῶν
608 2603 701 2655 καὶ
730 2602 838 2656 τῶν
874 2604 1047 2670 ἁγίων
1075 2604 1346 2673 ἀγγέλων.

284 2694 396 2747 Kal
422 2693 539 2748 νῦν
580 2695 793 2763 εἴρηκα
843 2696 986 2765 ὑμῖν
1011 2696 1155 2765 πρὶν
1198 2698 1500 2767 γενέσθαι,
1529 2699 1629 2752 ἵνα
1659 2699 1806 2753 ὅταν

206 2784 460 2856 γένηται
482 2787 874 2855 πιστεύσητε.

295 2878 564 2947 Ἀσφαλὲς
592 2878 847 2952 ἐνέχυρον
869 2881 979 2934 τῶν
1020 2880 1242 2936 ἔσεσθαι
1273 2882 1743 2955 προσδοκωμένων
1771 2897 1803 2955 η

208 2972 345 3043 περὶ
384 2971 565 3025 αὑτῶν
626 2974 820 3043 ὁρᾶται
871 2974 1196 3047 πρόρρησις.
1249 2976 1468 3028 Βεϐαιοῖ
1514 2976 1804 3048 τοιγαροῦν

204 3061 324 3113 τῶν
380 3060 641 3132 μαθητῶν
688 3063 788 3132 τὴν
842 3065 1093 3134 καρδίαν,
1127 3066 1221 3119 καὶ
1274 3066 1557 3136 ἀραρότως
1587 3068 1804 3137 φρονεῖν

206 3154 501 3208 ἀναπείθει
528 3156 784 3227 Χριστὸς,
828 3158 1020 3230 ὅτιπερ
1060 3158 1268 3212 ἄνεισιν
1303 3159 1520 3231 άληθῶς
1546 3160 1681 3232 πρὸς
1710 3160 1803 3213 τὸν

1905 1986 2047 2027 uans
2080 1987 2272 2028 eorum
2311 1974 2404 2045 qui
2455 1975 2527 2030 ita
2573 1976 2817 2030 sentiunt
2867 1990 2965 2030 cor
3008 1975 3323 2029 obturbat?
3381 1975 3493 2029 Cur

1906 2063 2112 2134 itaque,
2142 2064 2337 2120 relicta
2369 2067 2617 2123 veritatis
2645 2075 2792 2122 recta
2828 2067 3067 2134 ratione,
3087 2067 3141 2121 in
3166 2075 3372 2121 tantam
3403 2081 3492 2119 ra-

1906 2155 2325 2211 tiocinationum
2352 2158 2752 2213 absurditatem
2778 2157 3093 2213 dellectitis?
3110 2157 3261 2222 Date,
3281 2171 3489 2226 quaeso.

1905 2246 2033 2302 date
2063 2248 2432 2319 homogeueo,
2474 2257 2534 2304 ut
2561 2249 2749 2313 vultis,
2789 2248 2953 2315 Filio,
2985 2266 3109 2305 cum
3144 2249 3255 2304 Deo
3295 2264 3358 2303 ac
3388 2246 3490 2301 Pa-

1907 2345 1990 2392 tre
2024 2340 2418 2410 :equalitatem.
2464 2339 2555 2394 Sic
2582 2342 2728 2397 enim
2759 2358 2902 2397 unus
2927 2343 3031 2397 erit
3067 2342 3210 2397 Deus
3245 2356 3406 2412 quem
3437 2342 3492 2395 in

1907 2441 2097 2487 sancta
2133 2439 2187 2487 et
2214 2433 2679 2489 consubstantiali
2716 2433 3008 2501 Triuitate,
3050 2450 3175 2489 cum
3215 2449 3318 2489 nos
3364 2434 3491 2503 ipsi,

1907 2534 2021 2579 tum
2056 2524 2237 2580 sancti
2269 2524 2471 2596 angeli,
2501 2524 2798 2581 adoramus
2830 2534 2884 2580 et
2911 2525 3307 2597 gloriﬁcamus.

1977 2694 2121 2760 XIV,
2150 2694 2240 2751 99.
2282 2694 2352 2750 Et
2391 2713 2532 2751 nunc
2569 2697 2684 2751 dixi
2713 2698 2859 2753 vobis
2884 2700 3200 2770 priusquam
3247 2701 3383 2771 ﬁat,
3432 2709 3489 2753 ut

1906 2802 2027 2839 cum
2054 2786 2261 2855 factum
2295 2786 2478 2856 fuerit,
2510 2787 2765 2843 credatis.

1977 2878 2199 2933 Certum
2232 2882 2431 2951 pignus
2460 2894 2650 2935 eorum
2679 2896 2800 2951 quae
2836 2879 2952 2936 fore
2978 2896 3266 2952 speramus
3295 2896 3487 2936 eorum

1905 2977 1991 3025 est
2023 2972 2326 3040 praedictio.
2372 2972 2681 3027 Confirmat
2729 2973 2895 3043 igitur
2938 2986 3038 3028 cor
3067 2974 3489 3045 discipulorum,

1906 3072 1962 3118 ot
2002 3063 2233 3118 firmiter
2260 3064 2486 3121 credere
2522 3065 2685 3135 jubet
2717 3064 2975 3121 Christus
3017 3082 3076 3121 se
3116 3082 3241 3121 vere
3293 3067 3357 3120 ad
3393 3066 3494 3119 Pa-

1907 3160 2046 3208 trem
2079 3153 2362 3207 cmlestcm
2394 3155 2622 3219 reverti,
2658 3164 3014 3223 regnaturum
3043 3172 3167 3209 cum
3214 3171 3282 3209 eo
3328 3163 3494 3225 atque.

208 3247 271 3299 έν
299 3249 414 3310 τοῖς
440 3226 687 3319 οὐρανοῖς
715 3250 940 3319 Πατέρα
961 3226 1057 3304 καὶ
1085 3251 1238 3317 Θεὸν,
1257 3226 1706 3321 συμῦασιλεύσων
1747 3270 1803 3305 τε
1833 3226 1876 3283 C
1915 3256 2021 3296 una
2055 3256 2480 3309 οοηεθεευτυῐην
2512 3253 2570 3297 ιιι
2598 3245 2694 3312 (ιιιί
2726 3243 2871 3299 Deus
2903 3244 2993 3311 θίῑι
3030 3254 3084 3299 ει
3118 3260 3184 3299 ex
3235 3245 3353 3315 ipso
3402 3262 3492 3301 δε·

206 3337 477 3409 αὐτῷκαὶ
507 3340 898 3412 συνεδρεύσων,
932 3342 1007 3406 ὡς
1046 3342 1201 3407 Θεὸς,
1242 3343 1337 3397 καὶ
1377 3343 1436 3408 ἐξ
1464 3344 1630 3397 αὑτοῦ
1664 3343 1807 3398 κατά

204 3432 377 3499 φύσιν
402 3432 478 3496 ὡς
500 3432 633 3497 Θεὸς
659 3435 1080 3505 γεγεννημένος.
1123 3436 1217 3507 Μὴ
1257 3436 1367 3507 γάρ
1394 3436 1479 3507 δὴ,
1515 3437 1671 3507 φησὶ,
1704 3436 1805 3508 τὴν

205 3524 352 3594 ἐμὴν
386 3524 697 3594 ἀπόλειψιν,
758 3528 857 3597 τὴν
914 3528 1055 3581 κατά
1087 3528 1269 3599 σάρκα
1290 3530 1385 3582 καὶ
1408 3530 1627 3600 ἐμφανῆ
1660 3530 1806 3597 (συν-

208 3614 408 3685 έσομαι
430 3616 539 3687 γὰρ
569 3616 721 3686 ὑμῖν,
748 3617 822 3680 ὡς
853 3618 1007 3682 Θεὸς,
1042 3618 1131 3672 διὰ
1160 3620 1407 3691 παντὸς),
1445 3622 1502 3673 ὲν
1536 3620 1634 3691 ἴσῳ
1658 3620 1805 3688 λογί-

212 3707 382 3778 σησθε
405 3708 504 3778 τῆς
538 3708 648 3763 τῶν
678 3710 853 3778 ἁγίων
880 3712 1200 3783 προφητῶν.
1233 3714 1295 3765 Οἱ
1329 3711 1429 3781 μὲν
1461 3713 1593 3783 γὰρ,
1616 3714 1712 3766 ἅτε
1740 3712 1805 3784 δὴ

210 3799 310 3853 καὶ
332 3799 440 3853 ἀπὸ
463 3801 566 3871 γῆς
624 3802 910 3870 γεγονότες
959 3802 1054 3856 καὶ
1086 3805 1152 3873 τῇ
1207 3802 1313 3873 ἰδίᾳ
1352 3802 1511 3870 φύσει
1538 3802 1597 3856 τὸ
1628 3802 1805 3873 χρεὼν

206 3892 595 3958 ἀποτίσαντες,
633 3894 1040 3965 συνεστάλησάν
1093 3912 1153 3947 τε
1187 3895 1283 3948 καὶ
1317 3895 1703 3966 κεχωρήκασιν
1725 3895 1806 3959 εἰς

206 3986 302 4039 τὸν
335 3985 647 4058 ἀνθρώποις
674 3987 953 4059 πρέποντα
978 3987 1141 4059 νόμον
1168 4005 1180 4019 ο
1220 3987 1351 4051 Θεὸς
1383 3986 1438 4041 δὲ
1469 3990 1611 4041 κατὰ
1641 3987 1803 4056 φύσιν

206 4075 477 4146 ὑπάρχων
526 4075 659 4147 ἐγὼ,
712 4078 815 4131 οὐκ
873 4078 932 4130 ὲν
978 4078 1077 4150 ίσῳ
1113 4079 1295 4150 μέτρῳ
1329 4081 1442 4142 τοῖς
1463 4078 1529 4132 δι’
1561 4078 1802 4150 ὲμαυτοῦ

206 4171 463 4239 γεγονόσι
515 4170 903 4242 κείσομαι,τὸν
936 4171 1039 4238 τῆς
1086 4170 1438 4235 ἀναστάσεως
1486 4170 1803 4241 περιμένων

208 4262 403 4333 καιρόν
432 4277 445 4291 ο
471 4261 549 4326 ζῶ
569 4261 677 4333 γὰρ
709 4263 817 4326 ἀεὶ,
849 4261 961 4333 ζωὴ
1004 4262 1146 4315 κατά
1188 4262 1351 4330 φύσιν
1380 4263 1646 4334 ὑπάρχων
1666 4279 1681 4294 ο
1708 4264 1804 4316 καὶ⁵

207 4353 497 4407 ἀποστελῶ
519 4356 611 4407 τὸν
638 4354 1026 4425 Παράκλητον,
1060 4352 1311 4407 ἐπιδώσω
1348 4354 1405 4408 δὲ
1433 4354 1561 4425 ὑμῖν
1588 4356 1682 4409 καὶ
1727 4357 1803 4409 εί-

212 4448 383 4518 ρήνην
414 4448 514 4517 τὴν
542 4448 705 4517 ὲμὴν,
753 4448 849 4501 καὶ
895 4447 956 4500 οὑ
1014 4446 1402 4517 διαψεύσομαι,
1435 4446 1549 4500 ἀλλ’
1578 4448 1665 4502 ἵνα
1703 4466 1799 4501 τυ-

1908 3335 2151 3390 cundum
2201 3345 2458 3390 naturam
2510 3343 2574 3389 ut
2616 3336 2760 3391 Deus
2800 3337 3044 3407 genitus.
3090 3335 3203 3391 Nec
3248 3339 3393 3392 enim
3425 3337 3494 3391 de

1906 3444 2025 3484 mea
2065 3429 2342 3492 absentia,
2393 3430 2595 3499 inquit,
2628 3429 2934 3484 secundum
2971 3444 3193 3484 carnem
3252 3434 3495 3500 (semper

1906 3522 2054 3577 enim
2084 3522 2370 3577 vobiscum
2407 3538 2525 3585 ero,
2559 3532 2620 3577 ut
2672 3522 2863 3592 Deus).
2900 3522 3127 3591 perinde
3159 3537 3222 3576 ac
3254 3523 3321 3576 de
3364 3538 3492 3577 san-

1907 3622 2122 3667 ctorum
2147 3615 2544 3685 prophetarum
2574 3614 2821 3669 absentia
2852 3613 3118 3683 judicate.
3148 3614 3211 3667 lli
3236 3616 3404 3682 enim,
3424 3616 3492 3669 de

1905 3710 2054 3759 terra
2085 3704 2292 3757 conditi
2329 3711 2381 3758 et
2421 3719 2533 3757 sum
2564 3712 2778 3758 natura:
2801 3704 3046 3757 debitum
3090 3705 3489 3773 persolventes,

1907 3796 2177 3851 subtracti
2216 3805 2365 3859 sunt,
2408 3804 2464 3851 et
2506 3796 2675 3866 legem
2712 3796 3027 3851 hominibus
3067 3797 3488 3851 convenientem

1906 3887 2183 3943 inierunt:
2232 3886 2378 3942 Deus
2408 3896 2589 3941 autem
2618 3903 2741 3942 cum
2780 3903 2879 3958 ego
2915 3888 3019 3943 sim
3052 3888 3353 3943 secundum
3388 3905 3488 3943 na-

1907 3989 2112 4043 turam,
2148 3996 2257 4036 non
2287 3982 2514 4050 perinde
2560 3996 2623 4035 ac
2674 3982 2926 4037 homines
2968 3998 3067 4053 per
3097 3998 3182 4036 me
3211 3982 3364 4048 facti,
3402 3998 3490 4038 re-

1906 4075 2271 4131 surrectionis
2316 4082 2533 4145 tempus
2577 4075 2947 4144 exspectabo:
3002 4075 3125 4129 vivo
3156 4074 3301 4129 enim
3343 4089 3489 4129 sem-

1905 4185 2022 4240 per,
2054 4169 2164 4223 vita
2194 4183 2318 4223 cum
2352 4168 2453 4223 sim
2486 4167 2790 4221 secundum
2833 4177 3125 4235 naturam;
3172 4175 3226 4221 et
3274 4168 3486 4221 mittam

1904 4259 2274 4323 Paracletum,
2326 4272 2618 4326 meamque
2661 4255 2819 4310 vobis
2864 4270 3053 4325 pacem
3096 4255 3259 4321 dabo,
3310 4270 3490 4325 neque

1904 4353 2165 4418 mentiar,
2198 4352 2292 4407 sed
2328 4359 2387 4404 ut
2439 4349 2829 4420 promissionis
2876 4356 3162 4419 compotes
3209 4356 3263 4402 et
3309 4349 3487 4404 sancti

1906 4444 2147 4516 Spiritus
2193 4442 2357 4514 853
2410 4442 2670 4498 illustrati
2731 4441 2931 4513 gratia,
2985 4456 3105 4496 mea
3141 4441 3307 4496 verba
3359 4456 3487 4494 vera

207 4538 397 4608 χόντες
426 4538 524 4607 τῆς
558 4537 892 4608 ἐπαγγελίας
920 4539 1010 4592 καὶ
1050 4540 1115 4609 τῇ
1151 4538 1244 4591 τοῦ
1292 4538 1446 4606 ἁγίου
1482 4539 1800 4609 Πνεύματος

1905 4554 2027 4595 esse
2088 4536 2393 4600 fateamini,
2438 4535 2493 4589 in
2530 4533 2997 4594 recordationem,
3044 4533 3124 4587 uti
3164 4532 3301 4595 dixi,
3341 4532 3490 4585 facto

209 4630 693 4703 λελαμπρυσμένοι
741 4632 947 4703 χάριτι,
974 4634 1086 4696 τοῖς
1142 4633 1295 4702 ἐμοῖς
1320 4632 1498 4700 λόγοις
1532 4633 1798 4705 ἐπιψηφί-

208 4722 370 4775 σεσθε
391 4723 490 4794 τὴν
511 4723 790 4793 ἀλήθειαν,
814 4725 894 4787 εἰς
915 4725 1243 4794 ἀνάμνησιν,
1264 4724 1338 4789 ὼς
1356 4724 1515 4795 ἔφην,
1543 4726 1681 4795 μετά
1701 4727 1800 4798 τὴν

208 4817 406 4885 πεῖραν
459 4816 768 4886 ἐρχόμενοι,
825 4816 921 4869 καὶ
975 4817 1062 4869 ἵνα
1106 4817 1436 4886 πιστεύσητε
1471 4818 1800 4888 πεπηγότως

211 4907 295 4959 ὃτι
335 4905 553 4977 σύνειμι
582 4907 678 4960 καὶ
740 4907 1127 4978 συμϐασιλεύω
1178 4908 1255 4979 τῷ
1309 4909 1504 4979 Πατρὶ,
1558 4911 1798 4979 προδιεί-

207 4997 414 5068 λεγμαι
436 4998 596 5051 ταυτὶ
636 4999 733 5051 καὶ
759 4999 1036 5068 λελάληκα
1067 5000 1201 5069 πρὸς
1235 5001 1399 5070 ὑμᾶς.
1442 4999 1798 5071 Ἑξεγγυήσε-

204 5109 295 5144 ται
324 5090 425 5160 τὴν
451 5092 510 5144 ἐν
531 5092 642 5154 τοῖς
677 5092 992 5164 εἰρημένοις
1012 5093 1272 5162 ἀλήθειαν
1305 5092 1483 5145 τοίνυν
1504 5093 1602 5162 τῆς
1627 5094 1799 5161 ἐπαγ-

204 5182 395 5251 γελίας
420 5182 481 5235 τὸ
514 5183 708 5254 πέρας.
744 5185 806 5237 Εἰ
846 5183 953 5255 γὰρ
980 5184 1055 5255 μὴ
1079 5184 1213 5254 ζωὴ,
1247 5186 1431 5254 φησὶν,
1480 5187 1527 5238 εί
1566 5184 1641 5256 μὴ
1676 5202 1798 5238 συν-

202 5272 414 5344 εδρεύω
438 5272 514 5343 τῷ
541 5274 661 5345 Θεῷ
698 5276 795 5327 καὶ
836 5275 1035 5346 Πατρὶ,
1081 5274 1199 5338 πῶς
1240 5275 1306 5329 ἀν
1344 5275 1507 5338 αὑτὸς
1552 5275 1795 5345 ἐπιδοίην

203 5370 273 5421 τά
302 5368 423 5421 θεῖα
456 5370 551 5422 καὶ
593 5368 941 5439 πνευματικά
993 5369 1350 5439 χαρίσματας
1415 5368 1665 5439 Διανεμῶ
1714 5369 1790 5433 δὲ,

202 5460 458 5530 καθάπερ
500 5460 869 5531 ὲπήγγελμαι,
938 5461 1232 5531 χορηγήσω
1262 5461 1317 5513 δὲ
1362 5463 1453 5514 καὶ
1483 5460 1543 5513 τὸ
1572 5460 1795 5530 Πνεῦμα

204 5553 301 5605 καὶ
334 5550 434 5621 τὴν
485 5552 727 5621 εἰρήνην.
770 5546 903 5603 Εἶτα
954 5551 1072 5614 πῶς
1129 5552 1230 5603 οὑκ
1289 5550 1661 5620 ἀναμφίλογον
1708 5552 1791 5604 ὅτι

200 5644 319 5714 ζωή
372 5645 490 5713 είμι
537 5644 630 5696 καὶ
676 5642 1060 5713 συμϐασιλεύω
1102 5642 1240 5713 μετά
1269 5644 1521 5713 Πατρό;;
1576 5643 1649 5696 υὺ
1682 5642 1791 5714 γάρ

199 5733 298 5787 τοῦ
329 5734 405 5805 μὴ
431 5733 606 5797 ὄντος,
634 5733 666 5803 ἢ
704 5733 870 5804 μηδὲν
920 5734 1195 5803 ἰσχύοντος
1241 5734 1401 5805 ἔργον
1433 5736 1570 5798 ἐστὶ,
1591 5735 1649 5787 τὸ
1679 5738 1789 5799 τοῖς

199 5824 369 5878 θείοις
417 5823 904 5895 καταλαμπρύνειν
951 5824 1252 5895 χαρίσματι
1308 5825 1433 5887 τοὺς
1457 5824 1787 5895 ἀγαπῶντας

1908 4630 1988 4684 rei
2044 4628 2292 4699 periculo
2329 4626 2571 4691 adducti,
2608 4634 2661 4681 et
2710 4636 2771 4679 ut
2824 4624 3055 4678 ﬁrmiter
3107 4622 3353 4677 credatis
3403 4638 3490 4673 me

1903 4736 2011 4775 una
2058 4735 2183 4775 esse
2229 4734 2294 4774 ac
2344 4719 2509 4774 simul
2541 4733 2666 4773 cum
2696 4715 2858 4770 Patre
2900 4730 3152 4785 regnare,
3204 4714 3307 4767 ista
3345 4728 3485 4781 prae-

1902 4814 2019 4867 dixi
2066 4820 2121 4866 et
2161 4813 2378 4867 locutus
2426 4826 2547 4865 sum
2591 4810 2769 4864 vobis.
2813 4808 3109 4862 Veritatem
3161 4806 3327 4875 igitur
3367 4819 3484 4858 ser-

1902 4922 2126 4961 monum
2177 4904 2566 4976 promissionis
2598 4904 2780 4958 exitus
2812 4899 3217 4969 comprobabit.
3259 4896 3394 4950 Nam
3436 4898 3483 4951 si

1901 4999 2011 5052 vita
2041 5012 2153 5051 non
2180 5011 2322 5061 sum,
2347 4995 2546 5065 inquit,
2581 4994 2627 5048 si
2658 5009 2766 5048 non
2803 5007 2909 5045 una
2936 5006 3059 5044 cum
3092 4989 3204 5045 Deo
3223 5004 3287 5043 ac
3320 4986 3484 5041 Patre

1899 5092 2093 5155 sedeo,
2119 5105 2361 5160 quonam
2400 5096 2563 5158 pacto
2592 5087 2710 5157 ipse
2738 5084 2927 5139 divina
2954 5092 3009 5137 et
3033 5082 3305 5154 Spiritalia
3340 5081 3483 5135 dona

1898 5185 2196 5239 dederim?
2231 5181 2574 5237 Distribuam
2617 5192 2769 5241 vero,
2809 5176 2971 5233 sicuti
3010 5175 3260 5245 promisi,
3295 5182 3348 5228 et
3374 5175 3483 5228 Iar-

1898 5279 2017 5349 giar
2058 5276 2322 5347 Spiritum
2353 5283 2407 5330 et
2439 5288 2652 5345 pacem.
2683 5271 2752 5324 At
2779 5269 3056 5341 quomodo
3103 5282 3213 5321 non
3269 5274 3481 5321 certum

1897 5380 1951 5425 et
1985 5369 2351 5423 indubitatum
2390 5376 2475 5421 est
2514 5380 2603 5420 me
2648 5365 2814 5418 vitam
2847 5377 2992 5425 esse,
3026 5369 3082 5416 et
3111 5373 3339 5430 regnare
3373 5374 3481 5412 una

1897 5473 2022 5511 cum
2056 5456 2251 5510 Patre?
2278 5454 2488 5509 Divinis
2516 5455 2716 5524 quippe
2746 5453 2907 5508 donis
2941 5452 3225 5507 illustrare
3256 5449 3484 5519 diligen-

1897 5558 1979 5603 tes
2019 5563 2098 5611 se,
2145 5562 2285 5616 opus
2337 5564 2446 5603 non
2481 5555 2566 5601 est
2613 5546 2736 5615 ejus
2787 5545 2879 5615 qui
2932 5559 3040 5599 non
3089 5543 3181 5609 sit,
3208 5548 3303 5593 aut
3344 5539 3481 5592 nihil

1896 5642 2093 5711 possit.
2130 5641 2225 5695 sed
2260 5640 2380 5711 ejus
2411 5641 2503 5711 qui
2531 5647 2616 5695 est
2642 5654 2705 5693 ac
2738 5646 2938 5709 potest,
2974 5651 3037 5690 ac
3069 5636 3121 5689 in
3155 5642 3479 5705 perpetuum

1894 5741 2108 5803 regnat.
2161 5732 2315 5800 Quod
2367 5749 2499 5805 ergo
2539 5748 2648 5787 uon
2705 5730 2908 5785 frustra
2949 5744 3132 5783 rerum
3170 5729 3480 5779 futurarum

1893 5824 2307 5895 prmdictioncm
2362 5825 2574 5893 fecerit,
2620 5824 2706 5877 his
2750 5822 2932 5877 verbis
2977 5818 3162 5874 docuit
3204 5816 3479 5870 Christus.
