  <div class='ocr_page' id='page_1' title='image "/cluster/home/n/w/nwhite01/storage/ocr_20150623/74/hvd.32044019207919/193.png"; bbox 0 0 4056 6488; ppageno 0'>
   <div class='ocr_carea' id='block_1_1' title="bbox 607 399 3904 476">
    <p class='ocr_par' dir='ltr' id='par_1_1' title="bbox 607 399 3904 476">
     <span class='ocr_line' id='line_1_1' title="bbox 607 399 3904 476; baseline 0.001 -6"><span class='ocrx_word' id='word_1_1' title='bbox 607 417 717 471; x_wconf 67' lang='lat'><strong>527</strong></span> <span class='ocrx_word' id='word_1_2' title='bbox 1647 414 1707 470; x_wconf 87' lang='lat' dir='ltr'><strong>S.</strong></span> <span class='ocrx_word' id='word_1_3' title='bbox 1739 399 2019 470; x_wconf 69' lang='lat' dir='ltr'><strong>CYR&#39;ILLI</strong></span> <span class='ocrx_word' id='word_1_4' title='bbox 2059 415 2532 474; x_wconf 67' lang='lat' dir='ltr'><strong>ALEXANDRIM</strong></span> <span class='ocrx_word' id='word_1_5' title='bbox 2566 417 2888 473; x_wconf 68' lang='lat' dir='ltr'><strong>ARCIIIE‘P.</strong></span> <span class='ocrx_word' id='word_1_6' title='bbox 3783 419 3904 476; x_wconf 56' lang='lat'><strong>323</strong></span> 
     </span>
    </p>
   </div>
   <div class='ocr_carea' id='block_1_2' title="bbox 611 527 2174 606">
    <p class='ocr_par' dir='ltr' id='par_1_2' title="bbox 611 527 2172 600">
     <span class='ocr_line' id='line_1_2' title="bbox 611 527 2172 600; baseline 0.002 -16"><span class='ocrx_word' id='word_1_7' title='bbox 611 527 685 584; x_wconf 84' lang='lat' dir='ltr'><strong>Ut</strong></span> <span class='ocrx_word' id='word_1_8' title='bbox 711 529 857 586; x_wconf 88' lang='lat' dir='ltr'><strong>enim</strong></span> <span class='ocrx_word' id='word_1_9' title='bbox 903 531 1196 587; x_wconf 74' lang='lat' dir='ltr'><strong>certiorem</strong></span> <span class='ocrx_word' id='word_1_10' title='bbox 1230 527 1352 600; x_wconf 84' lang='lat' dir='ltr'><strong>ejus</strong></span> <span class='ocrx_word' id='word_1_11' title='bbox 1389 531 1469 586; x_wconf 82' lang='lat' dir='ltr'><strong>rei</strong></span> <span class='ocrx_word' id='word_1_12' title='bbox 1515 527 1679 585; x_wconf 74' lang='lat' dir='ltr'><strong>(idem</strong></span> <span class='ocrx_word' id='word_1_13' title='bbox 1710 530 2000 595; x_wconf 84' lang='lat' dir='ltr'><strong>haberem,</strong></span> <span class='ocrx_word' id='word_1_14' title='bbox 2038 547 2172 587; x_wconf 89' lang='lat' dir='ltr'><strong>reno</strong></span> 
     </span>
    </p>
   </div>
   <div class='ocr_carea' id='block_1_3' title="bbox 2276 527 3908 606">
    <p class='ocr_par' dir='ltr' id='par_1_3' title="bbox 2300 532 3908 606">
     <span class='ocr_line' id='line_1_3' title="bbox 2300 532 3908 606; baseline 0.001 -20"><span class='ocrx_word' id='word_1_15' title='bbox 2300 534 2489 601; x_wconf 79' lang='grc' dir='ltr'>αὑτὸν,</span> <span class='ocrx_word' id='word_1_16' title='bbox 2538 535 2676 588; x_wconf 84' lang='grc' dir='ltr'>ἀλλὰ</span> <span class='ocrx_word' id='word_1_17' title='bbox 2705 532 2800 588; x_wconf 77' lang='grc' dir='ltr'><strong>τοῦ</strong></span> <span class='ocrx_word' id='word_1_18' title='bbox 2830 535 2986 597; x_wconf 75' lang='grc' dir='ltr'>δντος</span> <span class='ocrx_word' id='word_1_19' title='bbox 3021 550 3082 586; x_wconf 89' lang='grc' dir='ltr'><strong>τε</strong></span> <span class='ocrx_word' id='word_1_20' title='bbox 3115 534 3207 587; x_wconf 76' lang='grc' dir='ltr'>καὶ</span> <span class='ocrx_word' id='word_1_21' title='bbox 3236 534 3558 606; x_wconf 75' lang='grc' dir='ltr'><strong>δυναμένου,</strong></span> <span class='ocrx_word' id='word_1_22' title='bbox 3585 537 3686 590; x_wconf 70' lang='grc' dir='ltr'>καὶ</span> <span class='ocrx_word' id='word_1_23' title='bbox 3718 535 3908 592; x_wconf 63' lang='grc' dir='ltr'>εἰσαεὶ</span> 
     </span>
    </p>
   </div>
   <div class='ocr_carea' id='block_1_4' title="bbox 609 625 2174 700">
    <p class='ocr_par' dir='ltr' id='par_1_4' title="bbox 609 625 2174 696">
     <span class='ocr_line' id='line_1_4' title="bbox 609 625 2174 696; baseline 0.001 -20"><span class='ocrx_word' id='word_1_24' title='bbox 609 633 736 677; x_wconf 77' lang='lat' dir='ltr'><strong>vata</strong></span> <span class='ocrx_word' id='word_1_25' title='bbox 793 638 979 678; x_wconf 87' lang='lat' dir='ltr'><strong>rerum</strong></span> <span class='ocrx_word' id='word_1_26' title='bbox 1015 633 1143 680; x_wconf 90' lang='lat' dir='ltr'><strong>ante</strong></span> <span class='ocrx_word' id='word_1_27' title='bbox 1171 625 1572 696; x_wconf 84' lang='lat' dir='ltr'><strong>promissarum</strong></span> <span class='ocrx_word' id='word_1_28' title='bbox 1615 625 1882 678; x_wconf 84' lang='lat' dir='ltr'><strong>memoria</strong></span> <span class='ocrx_word' id='word_1_29' title='bbox 1928 639 2054 678; x_wconf 90' lang='lat' dir='ltr'><strong>cum</strong></span> <span class='ocrx_word' id='word_1_30' title='bbox 2095 625 2174 678; x_wconf 91' lang='lat' dir='ltr'><strong>do-</strong></span> 
     </span>
    </p>
   </div>
   <div class='ocr_carea' id='block_1_5' title="bbox 2276 625 3908 700">
    <p class='ocr_par' dir='ltr' id='par_1_5' title="bbox 2297 625 3908 700">
     <span class='ocr_line' id='line_1_5' title="bbox 2297 625 3908 700; baseline 0.001 -23"><span class='ocrx_word' id='word_1_31' title='bbox 2297 625 2697 695; x_wconf 77' lang='grc' dir='ltr'><strong>βασιλεύοντος.</strong></span> <span class='ocrx_word' id='word_1_32' title='bbox 2717 627 2849 679; x_wconf 80' lang='grc' dir='ltr'>’Ότι</span> <span class='ocrx_word' id='word_1_33' title='bbox 2870 627 3051 680; x_wconf 84' lang='grc' dir='ltr'>τοίνυν</span> <span class='ocrx_word' id='word_1_34' title='bbox 3078 626 3178 681; x_wconf 79' lang='grc' dir='ltr'>οὔκ</span> <span class='ocrx_word' id='word_1_35' title='bbox 3204 628 3429 691; x_wconf 84' lang='grc' dir='ltr'>είκαίως</span> <span class='ocrx_word' id='word_1_36' title='bbox 3456 628 3555 699; x_wconf 79' lang='grc' dir='ltr'>τὴν</span> <span class='ocrx_word' id='word_1_37' title='bbox 3582 629 3908 700; x_wconf 63' lang='grc' dir='ltr'>πρόρρησιν</span> 
     </span>
    </p>
   </div>
   <div class='ocr_carea' id='block_1_6' title="bbox 609 715 2174 790">
    <p class='ocr_par' dir='ltr' id='par_1_6' title="bbox 609 715 2174 788">
     <span class='ocr_line' id='line_1_6' title="bbox 609 715 2174 788; baseline 0.001 -20"><span class='ocrx_word' id='word_1_38' title='bbox 609 729 807 770; x_wconf 85' lang='lat' dir='ltr'><strong>norum</strong></span> <span class='ocrx_word' id='word_1_39' title='bbox 839 715 968 771; x_wconf 82' lang='lat' dir='ltr'><strong>facti</strong></span> <span class='ocrx_word' id='word_1_40' title='bbox 996 726 1184 773; x_wconf 90' lang='lat' dir='ltr'><strong>essent</strong></span> <span class='ocrx_word' id='word_1_41' title='bbox 1213 724 1519 788; x_wconf 84' lang='lat' dir='ltr'><strong>compotes,</strong></span> <span class='ocrx_word' id='word_1_42' title='bbox 1553 716 2006 774; x_wconf 87' lang='lat' dir='ltr'><strong>dissertationem</strong></span> <span class='ocrx_word' id='word_1_43' title='bbox 2047 716 2174 771; x_wconf 84' lang='lat' dir='ltr'><strong>ham</strong></span> 
     </span>
    </p>
   </div>
   <div class='ocr_carea' id='block_1_7' title="bbox 2276 715 3907 790">
    <p class='ocr_par' dir='ltr' id='par_1_7' title="bbox 2294 719 3907 790">
     <span class='ocr_line' id='line_1_7' title="bbox 2294 719 3907 790; baseline 0 -18"><span class='ocrx_word' id='word_1_44' title='bbox 2294 719 2394 789; x_wconf 77' lang='grc' dir='ltr'>τὴν</span> <span class='ocrx_word' id='word_1_45' title='bbox 2446 721 2539 772; x_wconf 76' lang='grc' dir='ltr'><strong>ὲπὶ</strong></span> <span class='ocrx_word' id='word_1_46' title='bbox 2583 721 2698 781; x_wconf 81' lang='grc' dir='ltr'>τοῖς</span> <span class='ocrx_word' id='word_1_47' title='bbox 2756 720 3036 789; x_wconf 79' lang='grc' dir='ltr'><strong>ἐσομένοις</strong></span> <span class='ocrx_word' id='word_1_48' title='bbox 3077 721 3388 790; x_wconf 76' lang='grc' dir='ltr'>ἐποιήσατο,</span> <span class='ocrx_word' id='word_1_49' title='bbox 3428 721 3518 774; x_wconf 73' lang='grc' dir='ltr'><strong>διὰ</strong></span> <span class='ocrx_word' id='word_1_50' title='bbox 3543 722 3761 774; x_wconf 79' lang='grc' dir='ltr'>τούτων</span> <span class='ocrx_word' id='word_1_51' title='bbox 3793 720 3907 772; x_wconf 68' lang='lat'><strong>€51-</strong></span> 
     </span>
    </p>
   </div>
   <div class='ocr_carea' id='block_1_8' title="bbox 607 808 2174 882">
    <p class='ocr_par' dir='ltr' id='par_1_8' title="bbox 607 808 1400 865">
     <span class='ocr_line' id='line_1_8' title="bbox 607 808 1400 865; baseline 0.006 -6"><span class='ocrx_word' id='word_1_52' title='bbox 607 822 735 860; x_wconf 90' lang='lat' dir='ltr'><strong>cum</strong></span> <span class='ocrx_word' id='word_1_53' title='bbox 774 809 841 862; x_wconf 91' lang='lat' dir='ltr'><strong>iis</strong></span> <span class='ocrx_word' id='word_1_54' title='bbox 875 808 1116 864; x_wconf 87' lang='lat' dir='ltr'><strong>habitam</strong></span> <span class='ocrx_word' id='word_1_55' title='bbox 1148 825 1272 865; x_wconf 89' lang='lat' dir='ltr'><strong>esse</strong></span> <span class='ocrx_word' id='word_1_56' title='bbox 1302 811 1400 864; x_wconf 91' lang='lat' dir='ltr'><strong>ait.</strong></span> 
     </span>
    </p>
   </div>
   <div class='ocr_carea' id='block_1_9' title="bbox 2276 808 3907 882">
    <p class='ocr_par' dir='ltr' id='par_1_9' title="bbox 2290 809 3907 882">
     <span class='ocr_line' id='line_1_9' title="bbox 2290 809 3907 882; baseline 0 -20"><span class='ocrx_word' id='word_1_57' title='bbox 2290 809 2450 873; x_wconf 80' lang='grc' dir='ltr'>δαξεν</span> <span class='ocrx_word' id='word_1_58' title='bbox 2478 813 2506 864; x_wconf 88' lang='grc' dir='ltr'>ὁ</span> <span class='ocrx_word' id='word_1_59' title='bbox 2549 811 2806 880; x_wconf 83' lang='grc' dir='ltr'>Χριστός.</span> <span class='ocrx_word' id='word_1_60' title='bbox 2835 811 2952 863; x_wconf 87' lang='grc' dir='ltr'><strong>Ἵνα</strong></span> <span class='ocrx_word' id='word_1_61' title='bbox 2985 810 3097 880; x_wconf 79' lang='grc' dir='ltr'><strong>γάρ</strong></span> <span class='ocrx_word' id='word_1_62' title='bbox 3148 811 3559 882; x_wconf 74' lang='grc' dir='ltr'><strong>ἀσφαλεστέραν</strong></span> <span class='ocrx_word' id='word_1_63' title='bbox 3578 811 3771 882; x_wconf 73' lang='grc' dir='ltr'>ἶχοιεν</span> <span class='ocrx_word' id='word_1_64' title='bbox 3797 810 3907 873; x_wconf 70' lang='grc' dir='ltr'>τὴν</span> 
     </span>
    </p>
   </div>
   <div class='ocr_carea' id='block_1_10' title="bbox 608 901 3902 974">
    <p class='ocr_par' dir='ltr' id='par_1_10' title="bbox 608 901 3902 974">
     <span class='ocr_line' id='line_1_10' title="bbox 608 901 3902 974; baseline 0.001 -22"><span class='ocrx_word' id='word_1_65' title='bbox 608 901 696 953; x_wconf 83' lang='grc' dir='ltr'><strong>ἐπ’</strong></span> <span class='ocrx_word' id='word_1_66' title='bbox 731 901 882 972; x_wconf 77' lang='grc' dir='ltr'>αὐτῷ</span> <span class='ocrx_word' id='word_1_67' title='bbox 921 901 1123 964; x_wconf 89' lang='grc' dir='ltr'>πίστιν,</span> <span class='ocrx_word' id='word_1_68' title='bbox 1162 901 1303 971; x_wconf 82' lang='grc' dir='ltr'>μετὰ</span> <span class='ocrx_word' id='word_1_69' title='bbox 1337 902 1436 972; x_wconf 79' lang='grc' dir='ltr'>τὴν</span> <span class='ocrx_word' id='word_1_70' title='bbox 1459 902 1570 954; x_wconf 88' lang='grc' dir='ltr'><strong>τῶν</strong></span> <span class='ocrx_word' id='word_1_71' title='bbox 1605 902 1964 974; x_wconf 75' lang='grc' dir='ltr'><strong>χαρισμάτων</strong></span> <span class='ocrx_word' id='word_1_72' title='bbox 2029 903 2226 970; x_wconf 79' lang='grc' dir='ltr'>πεῖραν</span> <span class='ocrx_word' id='word_1_73' title='bbox 2265 902 2347 965; x_wconf 86' lang='grc' dir='ltr'><strong>εἰς</strong></span> <span class='ocrx_word' id='word_1_74' title='bbox 2397 901 2606 955; x_wconf 75' lang='grc' dir='ltr'>ἔννοιάν</span> <span class='ocrx_word' id='word_1_75' title='bbox 2643 918 2704 954; x_wconf 87' lang='grc' dir='ltr'><strong>τε</strong></span> <span class='ocrx_word' id='word_1_76' title='bbox 2762 903 2856 955; x_wconf 70' lang='grc' dir='ltr'>καὶ</span> <span class='ocrx_word' id='word_1_77' title='bbox 2904 903 3124 974; x_wconf 75' lang='grc' dir='ltr'>μνήμην</span> <span class='ocrx_word' id='word_1_78' title='bbox 3185 903 3298 956; x_wconf 85' lang='grc' dir='ltr'><strong>τῶν</strong></span> <span class='ocrx_word' id='word_1_79' title='bbox 3343 904 3902 974; x_wconf 76' lang='grc' dir='ltr'><strong>προεπηγγελμένων</strong></span> 
     </span>
    </p>
   </div>
   <div class='ocr_carea' id='block_1_11' title="bbox 608 993 1796 1066">
    <p class='ocr_par' dir='ltr' id='par_1_11' title="bbox 608 993 1796 1066">
     <span class='ocr_line' id='line_1_11' title="bbox 608 993 1796 1066; baseline 0.003 -20"><span class='ocrx_word' id='word_1_80' title='bbox 608 995 892 1065; x_wconf 85' lang='grc' dir='ltr'>ἐρχόμενοι</span> <span class='ocrx_word' id='word_1_81' title='bbox 914 993 1243 1066; x_wconf 83' lang='grc' dir='ltr'>πεποιῆσθαί</span> <span class='ocrx_word' id='word_1_82' title='bbox 1267 1011 1400 1064; x_wconf 72' lang='grc' dir='ltr'>φησι</span> <span class='ocrx_word' id='word_1_83' title='bbox 1420 994 1518 1065; x_wconf 80' lang='grc' dir='ltr'>τὴν</span> <span class='ocrx_word' id='word_1_84' title='bbox 1544 994 1796 1061; x_wconf 79' lang='grc' dir='ltr'><strong>διάλεξιν.</strong></span> 
     </span>
    </p>
   </div>
   <div class='ocr_carea' id='block_1_12' title="bbox 681 1079 2174 1157">
    <p class='ocr_par' dir='ltr' id='par_1_12' title="bbox 681 1083 2174 1157">
     <span class='ocr_line' id='line_1_12' title="bbox 681 1083 2174 1157; baseline 0.001 -19"><span class='ocrx_word' id='word_1_85' title='bbox 681 1083 818 1149; x_wconf 71' lang='lat' dir='ltr'><strong>XIV,</strong></span> <span class='ocrx_word' id='word_1_86' title='bbox 853 1085 942 1148; x_wconf 76' lang='lat'><strong>30,</strong></span> <span class='ocrx_word' id='word_1_87' title='bbox 970 1085 1059 1138; x_wconf 79' lang='grc'>51.</span> <span class='ocrx_word' id='word_1_88' title='bbox 1094 1083 1218 1138; x_wconf 71' lang='lat' dir='ltr'><strong>lam</strong></span> <span class='ocrx_word' id='word_1_89' title='bbox 1259 1102 1363 1139; x_wconf 83' lang='lat' dir='ltr'><strong>non</strong></span> <span class='ocrx_word' id='word_1_90' title='bbox 1399 1087 1569 1140; x_wconf 82' lang='lat' dir='ltr'><strong>multa</strong></span> <span class='ocrx_word' id='word_1_91' title='bbox 1635 1086 1824 1157; x_wconf 82' lang='lat' dir='ltr'><strong>loquar</strong></span> <span class='ocrx_word' id='word_1_92' title='bbox 1875 1086 2174 1141; x_wconf 76' lang='lat' dir='ltr'><strong>uobiscum.</strong></span> 
     </span>
    </p>
   </div>
   <div class='ocr_carea' id='block_1_13' title="bbox 2276 1079 3908 1157">
    <p class='ocr_par' dir='ltr' id='par_1_13' title="bbox 2363 1079 3908 1153">
     <span class='ocr_line' id='line_1_13' title="bbox 2363 1079 3908 1153; baseline 0.001 -19"><span class='ocrx_word' id='word_1_93' title='bbox 2363 1081 2572 1134; x_wconf 74' lang='grc' dir='ltr'>Οὐκέτι</span> <span class='ocrx_word' id='word_1_94' title='bbox 2601 1080 2801 1134; x_wconf 72' lang='grc' dir='ltr'>πολλὰ</span> <span class='ocrx_word' id='word_1_95' title='bbox 2828 1079 3084 1146; x_wconf 69' lang='grc' dir='ltr'>λαλήσω</span> <span class='ocrx_word' id='word_1_96' title='bbox 3117 1082 3244 1149; x_wconf 80' lang='grc' dir='ltr'>μεθ’</span> <span class='ocrx_word' id='word_1_97' title='bbox 3279 1081 3448 1150; x_wconf 78' lang='grc' dir='ltr'>ὑμῶν</span> <span class='ocrx_word' id='word_1_98' title='bbox 3469 1096 3480 1107; x_wconf 90' lang='lat'><strong>&#39;</strong></span> <span class='ocrx_word' id='word_1_99' title='bbox 3513 1084 3760 1153; x_wconf 75' lang='grc' dir='ltr'>ἔρχεται</span> <span class='ocrx_word' id='word_1_100' title='bbox 3787 1085 3908 1153; x_wconf 74' lang='grc' dir='ltr'><strong>τὰρ</strong></span> 
     </span>
    </p>
   </div>
   <div class='ocr_carea' id='block_1_14' title="bbox 605 1169 2174 1247">
    <p class='ocr_par' dir='ltr' id='par_1_14' title="bbox 605 1177 2174 1247">
     <span class='ocr_line' id='line_1_14' title="bbox 605 1177 2174 1247; baseline 0 -18"><span class='ocrx_word' id='word_1_101' title='bbox 605 1177 744 1229; x_wconf 62' lang='lat' dir='ltr'><strong>venit</strong></span> <span class='ocrx_word' id='word_1_102' title='bbox 780 1177 917 1229; x_wconf 85' lang='lat' dir='ltr'><strong>enim</strong></span> <span class='ocrx_word' id='word_1_103' title='bbox 944 1177 1188 1247; x_wconf 81' lang='lat' dir='ltr'><strong>princeps</strong></span> <span class='ocrx_word' id='word_1_104' title='bbox 1216 1177 1400 1230; x_wconf 86' lang='lat' dir='ltr'><strong>mundi</strong></span> <span class='ocrx_word' id='word_1_105' title='bbox 1429 1177 1611 1246; x_wconf 80' lang='lat' dir='ltr'><strong>hujus,</strong></span> <span class='ocrx_word' id='word_1_106' title='bbox 1636 1189 1687 1232; x_wconf 86' lang='lat' dir='ltr'><strong>et</strong></span> <span class='ocrx_word' id='word_1_107' title='bbox 1713 1180 1766 1232; x_wconf 86' lang='lat' dir='ltr'><strong>iu</strong></span> <span class='ocrx_word' id='word_1_108' title='bbox 1797 1195 1879 1232; x_wconf 89' lang='lat' dir='ltr'><strong>me</strong></span> <span class='ocrx_word' id='word_1_109' title='bbox 1902 1195 2009 1231; x_wconf 80' lang='lat' dir='ltr'><strong>non</strong></span> <span class='ocrx_word' id='word_1_110' title='bbox 2033 1177 2174 1231; x_wconf 67' lang='lat' dir='ltr'><strong>habei</strong></span> 
     </span>
    </p>
   </div>
   <div class='ocr_carea' id='block_1_15' title="bbox 2276 1169 3905 1247">
    <p class='ocr_par' dir='ltr' id='par_1_15' title="bbox 2280 1169 3905 1241">
     <span class='ocr_line' id='line_1_15' title="bbox 2280 1169 3905 1241; baseline 0.002 -16"><span class='ocrx_word' id='word_1_111' title='bbox 2280 1175 2322 1226; x_wconf 78' lang='grc' dir='ltr'><strong><em>ό</em></strong></span> <span class='ocrx_word' id='word_1_112' title='bbox 2355 1170 2461 1224; x_wconf 86' lang='grc' dir='ltr'>τοῦ</span> <span class='ocrx_word' id='word_1_113' title='bbox 2491 1172 2726 1238; x_wconf 79' lang='grc' dir='ltr'><strong>κόσμου</strong></span> <span class='ocrx_word' id='word_1_114' title='bbox 2749 1169 2971 1238; x_wconf 79' lang='grc' dir='ltr'>ἄρχων,</span> <span class='ocrx_word' id='word_1_115' title='bbox 3006 1172 3102 1223; x_wconf 78' lang='grc' dir='ltr'>καὶ</span> <span class='ocrx_word' id='word_1_116' title='bbox 3132 1172 3202 1224; x_wconf 77' lang='grc' dir='ltr'>ἐν</span> <span class='ocrx_word' id='word_1_117' title='bbox 3229 1171 3356 1240; x_wconf 73' lang='grc' dir='ltr'>ἐμοὶ</span> <span class='ocrx_word' id='word_1_118' title='bbox 3382 1175 3494 1226; x_wconf 79' lang='grc' dir='ltr'>οὐκ</span> <span class='ocrx_word' id='word_1_119' title='bbox 3521 1175 3645 1241; x_wconf 77' lang='grc' dir='ltr'>ἔχει</span> <span class='ocrx_word' id='word_1_120' title='bbox 3677 1174 3905 1234; x_wconf 76' lang='grc' dir='ltr'>οὐδὲν,</span> 
     </span>
    </p>
   </div>
   <div class='ocr_carea' id='block_1_16' title="bbox 599 1259 2174 1340">
    <p class='ocr_par' dir='ltr' id='par_1_16' title="bbox 599 1268 2174 1340">
     <span class='ocr_line' id='line_1_16' title="bbox 599 1268 2174 1340; baseline 0.003 -21"><span class='ocrx_word' id='word_1_121' title='bbox 599 1268 932 1337; x_wconf 82' lang='lat' dir='ltr'><strong>quidquam;</strong></span> <span class='ocrx_word' id='word_1_122' title='bbox 973 1268 1063 1322; x_wconf 87' lang='lat' dir='ltr'><strong>sed</strong></span> <span class='ocrx_word' id='word_1_123' title='bbox 1116 1278 1174 1322; x_wconf 91' lang='lat' dir='ltr'><strong>ut</strong></span> <span class='ocrx_word' id='word_1_124' title='bbox 1231 1279 1515 1338; x_wconf 77' lang='lat' dir='ltr'><strong>cognoscat</strong></span> <span class='ocrx_word' id='word_1_125' title='bbox 1565 1269 1796 1323; x_wconf 81' lang='lat' dir='ltr'><strong>mundus</strong></span> <span class='ocrx_word' id='word_1_126' title='bbox 1845 1270 1973 1340; x_wconf 83' lang='lat' dir='ltr'><strong><em>quia</em></strong></span> <span class='ocrx_word' id='word_1_127' title='bbox 2020 1269 2174 1340; x_wconf 63' lang='lat' dir='ltr'><strong>dilige</strong></span> 
     </span>
    </p>
   </div>
   <div class='ocr_carea' id='block_1_17' title="bbox 2276 1259 3904 1340">
    <p class='ocr_par' dir='ltr' id='par_1_17' title="bbox 2286 1259 3904 1332">
     <span class='ocr_line' id='line_1_17' title="bbox 2286 1259 3904 1332; baseline 0.002 -16"><span class='ocrx_word' id='word_1_128' title='bbox 2286 1263 2426 1316; x_wconf 68' lang='grc' dir='ltr'><strong>ἀλλ’</strong></span> <span class='ocrx_word' id='word_1_129' title='bbox 2461 1263 2563 1314; x_wconf 77' lang='grc' dir='ltr'><strong>ἵνα</strong></span> <span class='ocrx_word' id='word_1_130' title='bbox 2604 1259 2724 1331; x_wconf 79' lang='grc' dir='ltr'><strong>γνῷ</strong></span> <span class='ocrx_word' id='word_1_131' title='bbox 2753 1264 2787 1314; x_wconf 85' lang='grc' dir='ltr'><em>ό</em></span> <span class='ocrx_word' id='word_1_132' title='bbox 2826 1263 3058 1329; x_wconf 78' lang='grc' dir='ltr'>κόσμος</span> <span class='ocrx_word' id='word_1_133' title='bbox 3099 1262 3188 1315; x_wconf 81' lang='grc' dir='ltr'>ὅτι</span> <span class='ocrx_word' id='word_1_134' title='bbox 3235 1262 3444 1332; x_wconf 83' lang='grc' dir='ltr'><em>ἀγαπῶ</em></span> <span class='ocrx_word' id='word_1_135' title='bbox 3492 1266 3598 1318; x_wconf 78' lang='grc' dir='ltr'><strong>τὸν</strong></span> <span class='ocrx_word' id='word_1_136' title='bbox 3629 1265 3904 1332; x_wconf 78' lang='grc' dir='ltr'>Πατέρα.</span> 
     </span>
    </p>
   </div>
   <div class='ocr_carea' id='block_1_18' title="bbox 606 1352 2174 1427">
    <p class='ocr_par' dir='ltr' id='par_1_18' title="bbox 606 1360 2174 1427">
     <span class='ocr_line' id='line_1_18' title="bbox 606 1360 2174 1427; baseline 0.002 -15"><span class='ocrx_word' id='word_1_137' title='bbox 606 1361 844 1424; x_wconf 82' lang='lat' dir='ltr'><strong>l&#39;atrem,</strong></span> <span class='ocrx_word' id='word_1_138' title='bbox 889 1371 937 1414; x_wconf 87' lang='lat' dir='ltr'><strong>et</strong></span> <span class='ocrx_word' id='word_1_139' title='bbox 977 1361 1115 1414; x_wconf 77' lang='lat' dir='ltr'><strong>sicut</strong></span> <span class='ocrx_word' id='word_1_140' title='bbox 1165 1361 1480 1415; x_wconf 85' lang='lat' dir='ltr'><strong>mandatum</strong></span> <span class='ocrx_word' id='word_1_141' title='bbox 1522 1361 1669 1416; x_wconf 80' lang='lat' dir='ltr'><strong>dedit</strong></span> <span class='ocrx_word' id='word_1_142' title='bbox 1714 1361 1844 1415; x_wconf 79' lang='lat' dir='ltr'><strong>mihi</strong></span> <span class='ocrx_word' id='word_1_143' title='bbox 1875 1360 2062 1427; x_wconf 75' lang='lat' dir='ltr'><strong>Pater,</strong></span> <span class='ocrx_word' id='word_1_144' title='bbox 2108 1363 2174 1415; x_wconf 68' lang='lat' dir='ltr'><strong>sit</strong></span> 
     </span>
    </p>
   </div>
   <div class='ocr_carea' id='block_1_19' title="bbox 2276 1352 3908 1427">
    <p class='ocr_par' dir='ltr' id='par_1_19' title="bbox 2285 1352 3908 1426">
     <span class='ocr_line' id='line_1_19' title="bbox 2285 1352 3908 1426; baseline 0.002 -19"><span class='ocrx_word' id='word_1_145' title='bbox 2285 1354 2384 1407; x_wconf 75' lang='grc' dir='ltr'><strong>καί</strong></span> <span class='ocrx_word' id='word_1_146' title='bbox 2415 1352 2610 1419; x_wconf 80' lang='grc' dir='ltr'>καθὼς</span> <span class='ocrx_word' id='word_1_147' title='bbox 2669 1352 2935 1420; x_wconf 65' lang='grc' dir='ltr'>ἐντολήν</span> <span class='ocrx_word' id='word_1_148' title='bbox 2964 1371 3067 1422; x_wconf 79' lang='grc' dir='ltr'><strong>μοι</strong></span> <span class='ocrx_word' id='word_1_149' title='bbox 3105 1353 3366 1408; x_wconf 69' lang='grc' dir='ltr'>δέδωκεν</span> <span class='ocrx_word' id='word_1_150' title='bbox 3390 1358 3424 1409; x_wconf 86' lang='grc' dir='ltr'><em>ὀ</em></span> <span class='ocrx_word' id='word_1_151' title='bbox 3466 1357 3700 1426; x_wconf 81' lang='grc' dir='ltr'>Πατὴρ,</span> <span class='ocrx_word' id='word_1_152' title='bbox 3739 1358 3908 1410; x_wconf 75' lang='grc' dir='ltr'>οὕτω</span> 
     </span>
    </p>
   </div>
   <div class='ocr_carea' id='block_1_20' title="bbox 602 1445 2174 1508">
    <p class='ocr_par' dir='ltr' id='par_1_20' title="bbox 602 1455 762 1508">
     <span class='ocr_line' id='line_1_20' title="bbox 602 1455 762 1508; baseline -0.006 0"><span class='ocrx_word' id='word_1_153' title='bbox 602 1455 762 1508; x_wconf 67' lang='lat' dir='ltr'><strong>facio.</strong></span> 
     </span>
    </p>
   </div>
   <div class='ocr_carea' id='block_1_21' title="bbox 2276 1445 2458 1508">
    <p class='ocr_par' dir='ltr' id='par_1_21' title="bbox 2286 1445 2458 1499">
     <span class='ocr_line' id='line_1_21' title="bbox 2286 1445 2458 1499; baseline -0.006 0"><span class='ocrx_word' id='word_1_154' title='bbox 2286 1445 2458 1499; x_wconf 78' lang='grc' dir='ltr'>ποιῶ.</span> 
     </span>
    </p>
   </div>
   <div class='ocr_carea' id='block_1_22' title="bbox 668 1535 2174 1646">
    <p class='ocr_par' dir='ltr' id='par_1_22' title="bbox 668 1556 2174 1629">
     <span class='ocr_line' id='line_1_22' title="bbox 668 1556 2174 1629; baseline 0 -16"><span class='ocrx_word' id='word_1_155' title='bbox 668 1558 837 1626; x_wconf 82' lang='lat' dir='ltr'><strong>Quasi</strong></span> <span class='ocrx_word' id='word_1_156' title='bbox 862 1557 1039 1612; x_wconf 64' lang='lat' dir='ltr'><strong>ludai</strong></span> <span class='ocrx_word' id='word_1_157' title='bbox 1061 1557 1177 1629; x_wconf 89' lang='lat' dir='ltr'><strong>jam</strong></span> <span class='ocrx_word' id='word_1_158' title='bbox 1208 1556 1452 1612; x_wconf 81' lang='lat' dir='ltr'><strong>adfuturi</strong></span> <span class='ocrx_word' id='word_1_159' title='bbox 1484 1565 1670 1613; x_wconf 85' lang='lat' dir='ltr'><strong>essent</strong></span> <span class='ocrx_word' id='word_1_160' title='bbox 1692 1572 1821 1612; x_wconf 81' lang='lat' dir='ltr'><strong>cum</strong></span> <span class='ocrx_word' id='word_1_161' title='bbox 1855 1573 1920 1614; x_wconf 83' lang='lat' dir='ltr'><strong>ea</strong></span> <span class='ocrx_word' id='word_1_162' title='bbox 1946 1573 2059 1629; x_wconf 84' lang='lat' dir='ltr'><strong>qua</strong></span> <span class='ocrx_word' id='word_1_163' title='bbox 2085 1559 2174 1614; x_wconf 89' lang='lat' dir='ltr'><strong>sti-</strong></span> 
     </span>
    </p>
   </div>
   <div class='ocr_carea' id='block_1_23' title="bbox 2276 1535 3902 1646">
    <p class='ocr_par' dir='ltr' id='par_1_23' title="bbox 2367 1535 3902 1646">
     <span class='ocr_line' id='line_1_23' title="bbox 2375 1535 3902 1612; baseline 0.003 -23"><span class='ocrx_word' id='word_1_164' title='bbox 2375 1539 2466 1600; x_wconf 82' lang='grc' dir='ltr'><strong>Ὠς</strong></span> <span class='ocrx_word' id='word_1_165' title='bbox 2486 1537 2594 1590; x_wconf 88' lang='grc' dir='ltr'><strong>τῶν</strong></span> <span class='ocrx_word' id='word_1_166' title='bbox 2641 1535 2874 1590; x_wconf 84' lang='grc' dir='ltr'><strong>ἀνοσίων</strong></span> <span class='ocrx_word' id='word_1_167' title='bbox 2931 1537 3203 1590; x_wconf 76' lang='grc' dir='ltr'><strong>Ἰουδαίων</strong></span> <span class='ocrx_word' id='word_1_168' title='bbox 3244 1539 3630 1610; x_wconf 72' lang='grc' dir='ltr'>παρεσομένων</span> <span class='ocrx_word' id='word_1_169' title='bbox 3672 1558 3745 1594; x_wconf 85' lang='grc' dir='ltr'><strong>τε</strong></span> <span class='ocrx_word' id='word_1_170' title='bbox 3793 1543 3902 1612; x_wconf 63' lang='grc' dir='ltr'>ἤδη</span> 
     </span>
     <span class='ocr_line' id='line_1_24' title="bbox 2367 1624 3626 1646; baseline 0 0"><span class='ocrx_word' id='word_1_171' title='bbox 2367 1629 2414 1646; x_wconf 73' lang='lat' dir='ltr'><strong>AI</strong></span> <span class='ocrx_word' id='word_1_172' title='bbox 2450 1624 2480 1646; x_wconf 66' lang='grc' dir='ltr'><strong>θ’</strong></span> <span class='ocrx_word' id='word_1_173' title='bbox 2546 1631 2559 1646; x_wconf 68' lang='grc' dir='ltr'><strong>υ</strong></span> <span class='ocrx_word' id='word_1_174' title='bbox 2627 1629 2640 1646; x_wconf 78' lang='grc'><strong><em>1</em></strong></span> <span class='ocrx_word' id='word_1_175' title='bbox 2951 1628 2968 1644; x_wconf 71' lang='grc' dir='ltr'><strong><em>ο</em></strong></span> <span class='ocrx_word' id='word_1_176' title='bbox 3181 1629 3197 1646; x_wconf 68' lang='grc' dir='ltr'><strong>ο</strong></span> <span class='ocrx_word' id='word_1_177' title='bbox 3300 1629 3323 1640; x_wconf 70' lang='grc'><strong><em>⁸</em></strong></span> <span class='ocrx_word' id='word_1_178' title='bbox 3446 1630 3458 1646; x_wconf 74' lang='grc' dir='ltr'><strong>ο</strong></span> <span class='ocrx_word' id='word_1_179' title='bbox 3603 1632 3626 1646; x_wconf 71' lang='grc' dir='ltr'><strong>ιν</strong></span> 
     </span>
    </p>
   </div>
   <div class='ocr_carea' id='block_1_24' title="bbox 599 1624 2174 1737">
    <p class='ocr_par' dir='ltr' id='par_1_24' title="bbox 599 1624 2174 1725">
     <span class='ocr_line' id='line_1_25' title="bbox 599 1624 2174 1725; baseline -0.001 -19"><span class='ocrx_word' id='word_1_180' title='bbox 599 1624 766 1725; x_wconf 81' lang='lat' dir='ltr'><strong>pandi</strong></span> <span class='ocrx_word' id='word_1_181' title='bbox 815 1660 973 1706; x_wconf 86' lang='lat' dir='ltr'><strong>erant</strong></span> <span class='ocrx_word' id='word_1_182' title='bbox 1019 1624 1252 1706; x_wconf 76' lang='lat' dir='ltr'><strong>cohorte</strong></span> <span class='ocrx_word' id='word_1_183' title='bbox 1286 1650 1522 1722; x_wconf 84' lang='lat' dir='ltr'><strong>ejusque</strong></span> <span class='ocrx_word' id='word_1_184' title='bbox 1566 1650 1818 1721; x_wconf 84' lang='lat' dir='ltr'><strong>principe</strong></span> <span class='ocrx_word' id='word_1_185' title='bbox 1861 1658 1917 1705; x_wconf 87' lang='lat' dir='ltr'><strong>et</strong></span> <span class='ocrx_word' id='word_1_186' title='bbox 1968 1624 2174 1706; x_wconf 69' lang='lat' dir='ltr'><strong>antesi-</strong></span> 
     </span>
    </p>
   </div>
   <div class='ocr_carea' id='block_1_25' title="bbox 2276 1624 3900 1737">
    <p class='ocr_par' dir='ltr' id='par_1_25' title="bbox 2294 1624 3900 1703">
     <span class='ocr_line' id='line_1_26' title="bbox 2294 1624 3900 1703; baseline 0.002 -21"><span class='ocrx_word' id='word_1_187' title='bbox 2294 1629 2414 1699; x_wconf 78' lang='grc' dir='ltr'>μεθ’</span> <span class='ocrx_word' id='word_1_188' title='bbox 2447 1624 2516 1700; x_wconf 82' lang='grc' dir='ltr'>ἧς</span> <span class='ocrx_word' id='word_1_189' title='bbox 2543 1629 2811 1700; x_wconf 81' lang='grc' dir='ltr'><strong>ἐπήγοντο</strong></span> <span class='ocrx_word' id='word_1_190' title='bbox 2841 1628 3074 1699; x_wconf 84' lang='grc' dir='ltr'>σπείρας</span> <span class='ocrx_word' id='word_1_191' title='bbox 3109 1629 3206 1681; x_wconf 69' lang='grc' dir='ltr'><strong>καὶ</strong></span> <span class='ocrx_word' id='word_1_192' title='bbox 3232 1629 3327 1682; x_wconf 73' lang='grc' dir='ltr'><strong>τοῦ</strong></span> <span class='ocrx_word' id='word_1_193' title='bbox 3362 1630 3563 1700; x_wconf 81' lang='grc' dir='ltr'><strong>ταύτης</strong></span> <span class='ocrx_word' id='word_1_194' title='bbox 3595 1632 3900 1703; x_wconf 80' lang='grc' dir='ltr'>ἄρχοντος,</span> 
     </span>
    </p>
   </div>
   <div class='ocr_carea' id='block_1_26' title="bbox 599 1719 2174 1830">
    <p class='ocr_par' dir='ltr' id='par_1_26' title="bbox 599 1719 2174 1818">
     <span class='ocr_line' id='line_1_27' title="bbox 599 1719 2174 1818; baseline 0 -18"><span class='ocrx_word' id='word_1_195' title='bbox 599 1719 806 1818; x_wconf 78' lang='lat' dir='ltr'><strong>gnam,</strong></span> <span class='ocrx_word' id='word_1_196' title='bbox 837 1745 936 1814; x_wconf 92' lang='lat' dir='ltr'><strong>qui</strong></span> <span class='ocrx_word' id='word_1_197' title='bbox 969 1759 1029 1799; x_wconf 91' lang='lat' dir='ltr'><strong>se</strong></span> <span class='ocrx_word' id='word_1_198' title='bbox 1070 1719 1402 1798; x_wconf 88' lang='lat' dir='ltr'><strong>traditurum</strong></span> <span class='ocrx_word' id='word_1_199' title='bbox 1435 1719 1583 1798; x_wconf 33' lang='lat' dir='ltr'><strong>eum&#39;</strong></span> <span class='ocrx_word' id='word_1_200' title='bbox 1613 1719 1892 1814; x_wconf 77' lang='lat' dir='ltr'><strong>pollicitus</strong></span> <span class='ocrx_word' id='word_1_201' title='bbox 1944 1753 2084 1810; x_wconf 88' lang='lat' dir='ltr'><strong>erat,</strong></span> <span class='ocrx_word' id='word_1_202' title='bbox 2131 1754 2174 1800; x_wconf 90' lang='lat' dir='ltr'><strong>cl</strong></span> 
     </span>
    </p>
   </div>
   <div class='ocr_carea' id='block_1_27' title="bbox 2276 1719 3901 1830">
    <p class='ocr_par' dir='ltr' id='par_1_27' title="bbox 2283 1719 3901 1794">
     <span class='ocr_line' id='line_1_28' title="bbox 2283 1719 3901 1794; baseline 0.001 -21"><span class='ocrx_word' id='word_1_203' title='bbox 2283 1721 2346 1786; x_wconf 73' lang='grc' dir='ltr'>ὃς</span> <span class='ocrx_word' id='word_1_204' title='bbox 2379 1721 2476 1775; x_wconf 68' lang='grc' dir='ltr'>καὶ</span> <span class='ocrx_word' id='word_1_205' title='bbox 2507 1720 2855 1790; x_wconf 80' lang='grc' dir='ltr'><strong>παραδώσειν</strong></span> <span class='ocrx_word' id='word_1_206' title='bbox 2881 1719 3044 1773; x_wconf 80' lang='grc' dir='ltr'>αὑτὸν</span> <span class='ocrx_word' id='word_1_207' title='bbox 3078 1720 3480 1790; x_wconf 78' lang='grc' dir='ltr'>ἐπηγγείλατο,</span> <span class='ocrx_word' id='word_1_208' title='bbox 3535 1723 3901 1794; x_wconf 75' lang='grc' dir='ltr'>συλληψομέ-</span> 
     </span>
    </p>
   </div>
   <div class='ocr_carea' id='block_1_28' title="bbox 598 1813 2174 1908">
    <p class='ocr_par' dir='ltr' id='par_1_28' title="bbox 598 1813 2174 1908">
     <span class='ocr_line' id='line_1_29' title="bbox 598 1813 2174 1908; baseline -0.002 -15"><span class='ocrx_word' id='word_1_209' title='bbox 598 1813 1054 1908; x_wconf 77' lang='lat' dir='ltr'><strong>comprehensuri</strong></span> <span class='ocrx_word' id='word_1_210' title='bbox 1090 1836 1334 1900; x_wconf 85' lang='lat' dir='ltr'><strong>tandem,</strong></span> <span class='ocrx_word' id='word_1_211' title='bbox 1367 1850 1469 1890; x_wconf 91' lang='lat' dir='ltr'><strong>nec</strong></span> <span class='ocrx_word' id='word_1_212' title='bbox 1499 1835 1672 1890; x_wconf 92' lang='lat' dir='ltr'><strong>multo</strong></span> <span class='ocrx_word' id='word_1_213' title='bbox 1703 1845 1832 1906; x_wconf 84' lang='lat' dir='ltr'><strong>post</strong></span> <span class='ocrx_word' id='word_1_214' title='bbox 1870 1836 1925 1890; x_wconf 91' lang='lat' dir='ltr'><strong>i-u</strong></span> <span class='ocrx_word' id='word_1_215' title='bbox 1960 1852 2174 1893; x_wconf 85' lang='lat' dir='ltr'><strong>crucem</strong></span> 
     </span>
    </p>
   </div>
   <div class='ocr_carea' id='block_1_29' title="bbox 2276 1813 3900 1908">
    <p class='ocr_par' dir='ltr' id='par_1_29' title="bbox 2285 1813 3900 1886">
     <span class='ocr_line' id='line_1_30' title="bbox 2285 1813 3900 1886; baseline 0.001 -19"><span class='ocrx_word' id='word_1_216' title='bbox 2285 1830 2394 1867; x_wconf 89' lang='grc' dir='ltr'>νων</span> <span class='ocrx_word' id='word_1_217' title='bbox 2423 1830 2484 1866; x_wconf 90' lang='grc' dir='ltr'><strong>τε</strong></span> <span class='ocrx_word' id='word_1_218' title='bbox 2524 1813 2622 1886; x_wconf 71' lang='grc' dir='ltr'><strong>ήδη</strong></span> <span class='ocrx_word' id='word_1_219' title='bbox 2670 1813 2762 1866; x_wconf 67' lang='grc' dir='ltr'>καὶ</span> <span class='ocrx_word' id='word_1_220' title='bbox 2798 1813 3103 1883; x_wconf 76' lang='grc' dir='ltr'><strong>μελλόντων</strong></span> <span class='ocrx_word' id='word_1_221' title='bbox 3133 1813 3379 1867; x_wconf 76' lang='grc' dir='ltr'><strong>ἀποίσειν</strong></span> <span class='ocrx_word' id='word_1_222' title='bbox 3423 1814 3522 1867; x_wconf 80' lang='grc' dir='ltr'>οὐκ</span> <span class='ocrx_word' id='word_1_223' title='bbox 3550 1816 3630 1879; x_wconf 84' lang='grc' dir='ltr'><strong>είς</strong></span> <span class='ocrx_word' id='word_1_224' title='bbox 3653 1817 3900 1886; x_wconf 72' lang='grc' dir='ltr'>μακρὰν</span> 
     </span>
    </p>
   </div>
   <div class='ocr_carea' id='block_1_30' title="bbox 597 1904 2174 2014">
    <p class='ocr_par' dir='ltr' id='par_1_30' title="bbox 597 1904 2170 2002">
     <span class='ocr_line' id='line_1_31' title="bbox 597 1904 2170 2002; baseline 0 -15"><span class='ocrx_word' id='word_1_225' title='bbox 597 1940 654 1987; x_wconf 86' lang='lat' dir='ltr'><strong>et</strong></span> <span class='ocrx_word' id='word_1_226' title='bbox 675 1904 800 2002; x_wconf 75' lang='lat' dir='ltr'><strong>qua:</strong></span> <span class='ocrx_word' id='word_1_227' title='bbox 822 1945 1048 1986; x_wconf 87' lang='lat' dir='ltr'><strong>crucem</strong></span> <span class='ocrx_word' id='word_1_228' title='bbox 1076 1929 1408 1986; x_wconf 85' lang='lat' dir='ltr'><strong>antecedere</strong></span> <span class='ocrx_word' id='word_1_229' title='bbox 1457 1904 1733 1985; x_wconf 73' lang='lat' dir='ltr'><strong>debebant</strong></span> <span class='ocrx_word' id='word_1_230' title='bbox 1779 1931 2050 2000; x_wconf 86' lang='lat' dir='ltr'><strong>supplicia</strong></span> <span class='ocrx_word' id='word_1_231' title='bbox 2082 1929 2170 1987; x_wconf 87' lang='lat' dir='ltr'><strong>de-</strong></span> 
     </span>
    </p>
   </div>
   <div class='ocr_carea' id='block_1_31' title="bbox 2276 1904 3895 2014">
    <p class='ocr_par' dir='ltr' id='par_1_31' title="bbox 2286 1904 3895 2014">
     <span class='ocr_line' id='line_1_32' title="bbox 2286 1904 3895 1977; baseline 0.002 -18"><span class='ocrx_word' id='word_1_232' title='bbox 2286 1907 2366 1970; x_wconf 80' lang='grc' dir='ltr'><strong>είς</strong></span> <span class='ocrx_word' id='word_1_233' title='bbox 2403 1905 2474 1959; x_wconf 82' lang='grc' dir='ltr'><strong>τὰ</strong></span> <span class='ocrx_word' id='word_1_234' title='bbox 2511 1905 2606 1958; x_wconf 73' lang='grc' dir='ltr'><strong>ἐπὶ</strong></span> <span class='ocrx_word' id='word_1_235' title='bbox 2631 1904 2711 1975; x_wconf 84' lang='grc' dir='ltr'><strong>τῷ</strong></span> <span class='ocrx_word' id='word_1_236' title='bbox 2750 1904 2971 1976; x_wconf 82' lang='grc' dir='ltr'>σταυρῷ</span> <span class='ocrx_word' id='word_1_237' title='bbox 3013 1904 3111 1958; x_wconf 69' lang='grc' dir='ltr'>καὶ</span> <span class='ocrx_word' id='word_1_238' title='bbox 3148 1904 3256 1976; x_wconf 72' lang='grc' dir='ltr'>πρὸ</span> <span class='ocrx_word' id='word_1_239' title='bbox 3301 1904 3394 1958; x_wconf 75' lang='grc' dir='ltr'>τοῦ</span> <span class='ocrx_word' id='word_1_240' title='bbox 3445 1907 3679 1977; x_wconf 82' lang='grc' dir='ltr'>σταυροῦ</span> <span class='ocrx_word' id='word_1_241' title='bbox 3707 1906 3895 1975; x_wconf 70' lang='grc' dir='ltr'>πάθη.</span> 
     </span>
     <span class='ocr_line' id='line_1_33' title="bbox 2426 1993 3868 2014; baseline 0 0"><span class='ocrx_word' id='word_1_242' title='bbox 2426 1994 2572 2014; x_wconf 39' lang='grc' dir='ltr'>ἏΙΡεν</span> <span class='ocrx_word' id='word_1_243' title='bbox 2637 1995 2724 2014; x_wconf 57' lang='lat'><strong>[9,,</strong></span> <span class='ocrx_word' id='word_1_244' title='bbox 2766 1993 2856 2014; x_wconf 45' lang='lat' dir='ltr'><strong>AA~</strong></span> <span class='ocrx_word' id='word_1_245' title='bbox 2890 2013 2896 2014; x_wconf 32' lang='grc' dir='ltr'><em>κ</em></span> <span class='ocrx_word' id='word_1_246' title='bbox 2941 1994 3188 2014; x_wconf 53' lang='lat'><strong>,\,_-9_-\</strong></span> <span class='ocrx_word' id='word_1_247' title='bbox 3223 1993 3669 2014; x_wconf 56' lang='lat' dir='ltr'><strong>_Q,_,-‘.l_,_,,-___</strong></span> <span class='ocrx_word' id='word_1_248' title='bbox 3707 1996 3868 2014; x_wconf 35' lang='lat'><em>-771‘</em></span> 
     </span>
    </p>
   </div>
   <div class='ocr_carea' id='block_1_32' title="bbox 598 1993 2174 2104">
    <p class='ocr_par' dir='ltr' id='par_1_32' title="bbox 598 1993 2174 2104">
     <span class='ocr_line' id='line_1_34' title="bbox 598 1993 2174 2104; baseline -0.001 -25"><span class='ocrx_word' id='word_1_249' title='bbox 598 1993 842 2092; x_wconf 66' lang='lat' dir='ltr'><strong>ducturi,</strong></span> <span class='ocrx_word' id='word_1_250' title='bbox 866 2023 1018 2104; x_wconf 86' lang='lat' dir='ltr'><strong>loqui</strong></span> <span class='ocrx_word' id='word_1_251' title='bbox 1066 2023 1288 2078; x_wconf 87' lang='lat' dir='ltr'><strong>tandem</strong></span> <span class='ocrx_word' id='word_1_252' title='bbox 1333 2029 1688 2077; x_wconf 84' lang='lat' dir='ltr'><strong>cessaturum</strong></span> <span class='ocrx_word' id='word_1_253' title='bbox 1733 2037 1795 2080; x_wconf 87' lang='lat' dir='ltr'><strong>se</strong></span> <span class='ocrx_word' id='word_1_254' title='bbox 1826 1993 2008 2079; x_wconf 50' lang='lat' dir='ltr'><strong>diu:</strong></span> <span class='ocrx_word' id='word_1_255' title='bbox 2044 2037 2174 2078; x_wconf 67' lang='lat' dir='ltr'><strong>con»</strong></span> 
     </span>
    </p>
   </div>
   <div class='ocr_carea' id='block_1_33' title="bbox 2276 1993 3900 2104">
    <p class='ocr_par' dir='ltr' id='par_1_33' title="bbox 2285 1993 3900 2067">
     <span class='ocr_line' id='line_1_35' title="bbox 2285 1993 3900 2067; baseline -0.001 -17"><span class='ocrx_word' id='word_1_256' title='bbox 2285 1994 2613 2067; x_wconf 79' lang='grc' dir='ltr'>καταλήξειν</span> <span class='ocrx_word' id='word_1_257' title='bbox 2635 1995 2733 2065; x_wconf 75' lang='grc' dir='ltr'><strong>ήδη</strong></span> <span class='ocrx_word' id='word_1_258' title='bbox 2761 1993 2857 2047; x_wconf 78' lang='grc' dir='ltr'><strong>τοῦ</strong></span> <span class='ocrx_word' id='word_1_259' title='bbox 2883 1994 3020 2066; x_wconf 77' lang='grc' dir='ltr'>πρὸς</span> <span class='ocrx_word' id='word_1_260' title='bbox 3037 1995 3234 2057; x_wconf 76' lang='grc' dir='ltr'>αὖτοὺς</span> <span class='ocrx_word' id='word_1_261' title='bbox 3250 1993 3355 2064; x_wconf 75' lang='grc' dir='ltr'>ἔφη</span> <span class='ocrx_word' id='word_1_262' title='bbox 3379 1993 3537 2062; x_wconf 80' lang='grc' dir='ltr'>λόγου</span> <span class='ocrx_word' id='word_1_263' title='bbox 3558 2009 3571 2023; x_wconf 86' lang='lat'><strong><em>&#39;</em></strong></span> <span class='ocrx_word' id='word_1_264' title='bbox 3593 1996 3900 2048; x_wconf 71' lang='grc' dir='ltr'>συνεστάλ-</span> 
     </span>
    </p>
   </div>
   <div class='ocr_carea' id='block_1_34' title="bbox 599 2087 2174 2200">
    <p class='ocr_par' dir='ltr' id='par_1_34' title="bbox 599 2087 2174 2188">
     <span class='ocr_line' id='line_1_36' title="bbox 599 2087 2174 2188; baseline -0.001 -17"><span class='ocrx_word' id='word_1_265' title='bbox 599 2087 838 2172; x_wconf 77' lang='lat' dir='ltr'><strong>tractum</strong></span> <span class='ocrx_word' id='word_1_266' title='bbox 881 2087 1085 2188; x_wconf 71' lang='lat' dir='ltr'><strong>quippe</strong></span> <span class='ocrx_word' id='word_1_267' title='bbox 1115 2124 1334 2187; x_wconf 82' lang='lat' dir='ltr'><strong>tempus</strong></span> <span class='ocrx_word' id='word_1_268' title='bbox 1374 2124 1428 2171; x_wconf 85' lang='lat' dir='ltr'><strong>et</strong></span> <span class='ocrx_word' id='word_1_269' title='bbox 1460 2115 1546 2170; x_wconf 81' lang='lat' dir='ltr'><strong>vix</strong></span> <span class='ocrx_word' id='word_1_270' title='bbox 1582 2113 1707 2185; x_wconf 86' lang='lat' dir='ltr'><strong>ejus</strong></span> <span class='ocrx_word' id='word_1_271' title='bbox 1742 2115 1952 2186; x_wconf 85' lang='lat' dir='ltr'><strong>aliquid</strong></span> <span class='ocrx_word' id='word_1_272' title='bbox 1987 2132 2174 2188; x_wconf 84' lang='lat' dir='ltr'><strong>supcr-</strong></span> 
     </span>
    </p>
   </div>
   <div class='ocr_carea' id='block_1_35' title="bbox 2276 2087 3900 2200">
    <p class='ocr_par' dir='ltr' id='par_1_35' title="bbox 2283 2087 3900 2159">
     <span class='ocr_line' id='line_1_37' title="bbox 2283 2087 3900 2159; baseline -0.001 -17"><span class='ocrx_word' id='word_1_273' title='bbox 2283 2087 2375 2142; x_wconf 91' lang='grc' dir='ltr'><strong>θαι</strong></span> <span class='ocrx_word' id='word_1_274' title='bbox 2408 2087 2518 2158; x_wconf 79' lang='grc' dir='ltr'>γὰρ</span> <span class='ocrx_word' id='word_1_275' title='bbox 2542 2087 2638 2140; x_wconf 73' lang='grc' dir='ltr'><strong>καὶ</strong></span> <span class='ocrx_word' id='word_1_276' title='bbox 2667 2089 2748 2150; x_wconf 88' lang='grc' dir='ltr'><strong>εἰς</strong></span> <span class='ocrx_word' id='word_1_277' title='bbox 2775 2087 2964 2158; x_wconf 81' lang='grc' dir='ltr'>μηδὲν,</span> <span class='ocrx_word' id='word_1_278' title='bbox 2992 2087 3181 2157; x_wconf 77' lang='grc' dir='ltr'>φησὶν,</span> <span class='ocrx_word' id='word_1_279' title='bbox 3201 2087 3393 2141; x_wconf 81' lang='grc' dir='ltr'>ἐλάσαι</span> <span class='ocrx_word' id='word_1_280' title='bbox 3423 2087 3514 2140; x_wconf 85' lang='grc' dir='ltr'><strong>τὸν</strong></span> <span class='ocrx_word' id='word_1_281' title='bbox 3538 2090 3762 2159; x_wconf 71' lang='grc' dir='ltr'>καιρόν.</span> <span class='ocrx_word' id='word_1_282' title='bbox 3782 2088 3900 2157; x_wconf 72' lang='grc' dir='ltr'><strong>Τῆς</strong></span> 
     </span>
    </p>
   </div>
   <div class='ocr_carea' id='block_1_36' title="bbox 596 2179 2174 2271">
    <p class='ocr_par' dir='ltr' id='par_1_36' title="bbox 596 2207 2174 2271">
     <span class='ocr_line' id='line_1_38' title="bbox 596 2207 2174 2271; baseline -0.001 -5"><span class='ocrx_word' id='word_1_283' title='bbox 596 2226 741 2267; x_wconf 89' lang='lat' dir='ltr'><strong>esse.</strong></span> <span class='ocrx_word' id='word_1_284' title='bbox 773 2208 1092 2266; x_wconf 72' lang='lat' dir='ltr'><strong>Iudaeorum</strong></span> <span class='ocrx_word' id='word_1_285' title='bbox 1123 2209 1271 2264; x_wconf 86' lang='lat' dir='ltr'><strong>enim</strong></span> <span class='ocrx_word' id='word_1_286' title='bbox 1310 2209 1642 2263; x_wconf 84' lang='lat' dir='ltr'><strong>crudelitate</strong></span> <span class='ocrx_word' id='word_1_287' title='bbox 1675 2207 1732 2262; x_wconf 91' lang='lat' dir='ltr'><strong>in</strong></span> <span class='ocrx_word' id='word_1_288' title='bbox 1760 2223 1849 2263; x_wconf 91' lang='lat' dir='ltr'><strong>me</strong></span> <span class='ocrx_word' id='word_1_289' title='bbox 1900 2209 2174 2271; x_wconf 63' lang='lat' dir='ltr'><strong>saeviente,</strong></span> 
     </span>
    </p>
   </div>
   <div class='ocr_carea' id='block_1_37' title="bbox 2276 2179 3893 2271">
    <p class='ocr_par' dir='ltr' id='par_1_37' title="bbox 2283 2179 3893 2251">
     <span class='ocr_line' id='line_1_39' title="bbox 2283 2179 3893 2251; baseline -0.001 -18"><span class='ocrx_word' id='word_1_290' title='bbox 2283 2181 2394 2251; x_wconf 70' lang='grc' dir='ltr'><strong>γὰρ</strong></span> <span class='ocrx_word' id='word_1_291' title='bbox 2437 2179 2713 2233; x_wconf 78' lang='grc' dir='ltr'>Ἰουδαίων</span> <span class='ocrx_word' id='word_1_292' title='bbox 2745 2180 3063 2249; x_wconf 76' lang='grc' dir='ltr'>μιαιφονίας</span> <span class='ocrx_word' id='word_1_293' title='bbox 3099 2179 3322 2250; x_wconf 79' lang='grc' dir='ltr'>ήϐὡσης</span> <span class='ocrx_word' id='word_1_294' title='bbox 3353 2197 3413 2233; x_wconf 85' lang='grc' dir='ltr'><strong>τε</strong></span> <span class='ocrx_word' id='word_1_295' title='bbox 3447 2180 3567 2234; x_wconf 90' lang='grc' dir='ltr'>λίαν</span> <span class='ocrx_word' id='word_1_296' title='bbox 3601 2182 3692 2233; x_wconf 77' lang='grc' dir='ltr'><strong>ἐπ’</strong></span> <span class='ocrx_word' id='word_1_297' title='bbox 3734 2182 3893 2250; x_wconf 68' lang='grc' dir='ltr'>ἐμοὶ,</span> 
     </span>
    </p>
   </div>
   <div class='ocr_carea' id='block_1_38' title="bbox 595 2299 2180 2376">
    <p class='ocr_par' dir='ltr' id='par_1_38' title="bbox 595 2299 2180 2376">
     <span class='ocr_line' id='line_1_40' title="bbox 595 2299 2180 2376; baseline -0.003 -17"><span class='ocrx_word' id='word_1_298' title='bbox 595 2315 655 2360; x_wconf 89' lang='lat' dir='ltr'><strong>et</strong></span> <span class='ocrx_word' id='word_1_299' title='bbox 676 2305 790 2376; x_wconf 88' lang='lat' dir='ltr'><strong>jam</strong></span> <span class='ocrx_word' id='word_1_300' title='bbox 818 2303 960 2358; x_wconf 84' lang='lat' dir='ltr'><strong>intra</strong></span> <span class='ocrx_word' id='word_1_301' title='bbox 989 2310 1180 2374; x_wconf 83' lang='lat' dir='ltr'><strong>portas</strong></span> <span class='ocrx_word' id='word_1_302' title='bbox 1207 2302 1360 2372; x_wconf 89' lang='lat' dir='ltr'><strong>ipsas</strong></span> <span class='ocrx_word' id='word_1_303' title='bbox 1398 2301 1720 2364; x_wconf 78' lang='lat' dir='ltr'><strong>exsistente,</strong></span> <span class='ocrx_word' id='word_1_304' title='bbox 1754 2315 1866 2354; x_wconf 89' lang='lat' dir='ltr'><strong>non</strong></span> <span class='ocrx_word' id='word_1_305' title='bbox 1889 2299 2004 2368; x_wconf 87' lang='lat' dir='ltr'><strong>jam</strong></span> <span class='ocrx_word' id='word_1_306' title='bbox 2046 2299 2180 2354; x_wconf 89' lang='lat' dir='ltr'><strong>allo-</strong></span> 
     </span>
    </p>
   </div>
   <div class='ocr_carea' id='block_1_39' title="bbox 597 2388 2182 2465">
    <p class='ocr_par' dir='ltr' id='par_1_39' title="bbox 597 2388 2182 2465">
     <span class='ocr_line' id='line_1_41' title="bbox 597 2388 2182 2465; baseline -0.001 -17"><span class='ocrx_word' id='word_1_307' title='bbox 597 2393 802 2465; x_wconf 89' lang='lat' dir='ltr'><strong>quendi</strong></span> <span class='ocrx_word' id='word_1_308' title='bbox 847 2408 966 2458; x_wconf 77' lang='lat' dir='ltr'><strong>vos,</strong></span> <span class='ocrx_word' id='word_1_309' title='bbox 997 2391 1092 2447; x_wconf 90' lang='lat' dir='ltr'><strong>sed</strong></span> <span class='ocrx_word' id='word_1_310' title='bbox 1119 2390 1366 2463; x_wconf 81' lang='lat' dir='ltr'><strong>patiendi</strong></span> <span class='ocrx_word' id='word_1_311' title='bbox 1405 2399 1621 2460; x_wconf 82' lang='lat' dir='ltr'><strong>tempus</strong></span> <span class='ocrx_word' id='word_1_312' title='bbox 1651 2389 1921 2445; x_wconf 87' lang='lat' dir='ltr'><strong>imminet.</strong></span> <span class='ocrx_word' id='word_1_313' title='bbox 1957 2388 2182 2462; x_wconf 78' lang='lat' dir='ltr'><strong>Quippe</strong></span> 
     </span>
    </p>
   </div>
   <div class='ocr_carea' id='block_1_40' title="bbox 603 2482 2180 2555">
    <p class='ocr_par' dir='ltr' id='par_1_40' title="bbox 603 2482 2180 2555">
     <span class='ocr_line' id='line_1_42' title="bbox 603 2482 2180 2555; baseline 0 -17"><span class='ocrx_word' id='word_1_314' title='bbox 603 2504 623 2538; x_wconf 78' lang='grc' dir='ltr'><strong>ι</strong></span> <span class='ocrx_word' id='word_1_315' title='bbox 656 2487 808 2541; x_wconf 82' lang='lat' dir='ltr'><strong>venit</strong></span> <span class='ocrx_word' id='word_1_316' title='bbox 835 2484 1094 2555; x_wconf 84' lang='lat' dir='ltr'><strong>princeps</strong></span> <span class='ocrx_word' id='word_1_317' title='bbox 1125 2483 1318 2538; x_wconf 88' lang='lat' dir='ltr'><strong>mundi</strong></span> <span class='ocrx_word' id='word_1_318' title='bbox 1342 2483 1531 2552; x_wconf 84' lang='lat' dir='ltr'><strong>hujus,</strong></span> <span class='ocrx_word' id='word_1_319' title='bbox 1566 2482 1765 2552; x_wconf 84' lang='lat' dir='ltr'><strong>inquit,</strong></span> <span class='ocrx_word' id='word_1_320' title='bbox 1791 2492 1846 2537; x_wconf 90' lang='lat' dir='ltr'><strong>et</strong></span> <span class='ocrx_word' id='word_1_321' title='bbox 1872 2482 1927 2536; x_wconf 92' lang='lat' dir='ltr'><strong>in</strong></span> <span class='ocrx_word' id='word_1_322' title='bbox 1955 2499 2041 2538; x_wconf 91' lang='lat' dir='ltr'><strong>me</strong></span> <span class='ocrx_word' id='word_1_323' title='bbox 2067 2499 2180 2538; x_wconf 91' lang='lat' dir='ltr'><strong>non</strong></span> 
     </span>
    </p>
   </div>
   <div class='ocr_carea' id='block_1_41' title="bbox 599 2577 2181 2650">
    <p class='ocr_par' dir='ltr' id='par_1_41' title="bbox 599 2577 2181 2650">
     <span class='ocr_line' id='line_1_43' title="bbox 599 2577 2181 2650; baseline 0.003 -18"><span class='ocrx_word' id='word_1_324' title='bbox 599 2579 768 2634; x_wconf 88' lang='lat' dir='ltr'><strong>habet</strong></span> <span class='ocrx_word' id='word_1_325' title='bbox 785 2577 1362 2648; x_wconf 62' lang='lat' dir='ltr'><strong>quidquamuhloriar</strong></span> <span class='ocrx_word' id='word_1_326' title='bbox 1382 2594 1535 2645; x_wconf 80' lang='lat' dir='ltr'><strong>vero,</strong></span> <span class='ocrx_word' id='word_1_327' title='bbox 1557 2579 1723 2648; x_wconf 89' lang='lat' dir='ltr'><strong>idque</strong></span> <span class='ocrx_word' id='word_1_328' title='bbox 1743 2581 2103 2650; x_wconf 86' lang='lat' dir='ltr'><strong>perlibenter,</strong></span> <span class='ocrx_word' id='word_1_329' title='bbox 2125 2590 2181 2638; x_wconf 89' lang='lat' dir='ltr'><strong>et</strong></span> 
     </span>
    </p>
   </div>
   <div class='ocr_carea' id='block_1_42' title="bbox 596 2671 2181 2746">
    <p class='ocr_par' dir='ltr' id='par_1_42' title="bbox 596 2671 2181 2746">
     <span class='ocr_line' id='line_1_44' title="bbox 596 2671 2181 2746; baseline 0.004 -20"><span class='ocrx_word' id='word_1_330' title='bbox 596 2686 698 2742; x_wconf 92' lang='lat' dir='ltr'><strong>pro</strong></span> <span class='ocrx_word' id='word_1_331' title='bbox 729 2671 847 2727; x_wconf 81' lang='lat' dir='ltr'><strong>vita</strong></span> <span class='ocrx_word' id='word_1_332' title='bbox 881 2671 1130 2728; x_wconf 82' lang='lat' dir='ltr'><strong>omnium</strong></span> <span class='ocrx_word' id='word_1_333' title='bbox 1159 2681 1393 2727; x_wconf 87' lang='lat' dir='ltr'><strong>mortem</strong></span> <span class='ocrx_word' id='word_1_334' title='bbox 1423 2674 1721 2744; x_wconf 85' lang='lat' dir='ltr'><strong>perpetiar,</strong></span> <span class='ocrx_word' id='word_1_335' title='bbox 1761 2673 1944 2732; x_wconf 78' lang='lat' dir='ltr'><strong>Patris</strong></span> <span class='ocrx_word' id='word_1_336' title='bbox 1978 2691 2181 2746; x_wconf 85' lang='lat' dir='ltr'><strong>nempe</strong></span> 
     </span>
    </p>
   </div>
   <div class='ocr_carea' id='block_1_43' title="bbox 596 2763 2177 2836">
    <p class='ocr_par' dir='ltr' id='par_1_43' title="bbox 596 2763 2177 2836">
     <span class='ocr_line' id='line_1_45' title="bbox 596 2763 2177 2836; baseline 0.005 -20"><span class='ocrx_word' id='word_1_337' title='bbox 596 2764 905 2819; x_wconf 80' lang='lat' dir='ltr'><strong>reverentia</strong></span> <span class='ocrx_word' id='word_1_338' title='bbox 935 2771 992 2818; x_wconf 90' lang='lat' dir='ltr'><strong>et</strong></span> <span class='ocrx_word' id='word_1_339' title='bbox 1022 2763 1321 2820; x_wconf 84' lang='lat' dir='ltr'><strong>dilectione</strong></span> <span class='ocrx_word' id='word_1_340' title='bbox 1343 2779 1474 2836; x_wconf 87' lang='lat' dir='ltr'><strong>erga</strong></span> <span class='ocrx_word' id='word_1_341' title='bbox 1515 2781 1666 2830; x_wconf 89' lang='lat' dir='ltr'><strong>eum,</strong></span> <span class='ocrx_word' id='word_1_342' title='bbox 1698 2766 1845 2822; x_wconf 81' lang='lat' dir='ltr'><strong>ultro</strong></span> <span class='ocrx_word' id='word_1_343' title='bbox 1877 2784 1966 2824; x_wconf 87' lang='lat' dir='ltr'><strong>me</strong></span> <span class='ocrx_word' id='word_1_344' title='bbox 2011 2768 2177 2826; x_wconf 88' lang='lat' dir='ltr'><strong>etiam</strong></span> 
     </span>
    </p>
   </div>
   <div class='ocr_carea' id='block_1_44' title="bbox 595 2854 2178 2929">
    <p class='ocr_par' dir='ltr' id='par_1_44' title="bbox 595 2854 2178 2929">
     <span class='ocr_line' id='line_1_46' title="bbox 595 2854 2178 2929; baseline 0.004 -21"><span class='ocrx_word' id='word_1_345' title='bbox 595 2854 667 2910; x_wconf 87' lang='lat' dir='ltr'><strong>iis</strong></span> <span class='ocrx_word' id='word_1_346' title='bbox 697 2855 902 2925; x_wconf 84' lang='lat' dir='ltr'><strong>quibus</strong></span> <span class='ocrx_word' id='word_1_347' title='bbox 931 2871 1094 2911; x_wconf 82' lang='lat' dir='ltr'><strong>mens</strong></span> <span class='ocrx_word' id='word_1_348' title='bbox 1125 2865 1398 2928; x_wconf 82' lang='lat' dir='ltr'><strong>repugnat</strong></span> <span class='ocrx_word' id='word_1_349' title='bbox 1426 2857 1704 2929; x_wconf 79' lang='lat' dir='ltr'><strong>ingeram,</strong></span> <span class='ocrx_word' id='word_1_350' title='bbox 1736 2866 1796 2914; x_wconf 93' lang='lat' dir='ltr'><strong>ut</strong></span> <span class='ocrx_word' id='word_1_351' title='bbox 1818 2860 1949 2929; x_wconf 86' lang='lat' dir='ltr'><strong>ejus</strong></span> <span class='ocrx_word' id='word_1_352' title='bbox 1977 2863 2178 2915; x_wconf 80' lang='lat' dir='ltr'><strong>volun-</strong></span> 
     </span>
    </p>
   </div>
   <div class='ocr_carea' id='block_1_45' title="bbox 597 2947 2177 3024">
    <p class='ocr_par' dir='ltr' id='par_1_45' title="bbox 597 2947 2177 3024">
     <span class='ocr_line' id='line_1_47' title="bbox 597 2947 2177 3024; baseline 0.006 -25"><span class='ocrx_word' id='word_1_353' title='bbox 597 2953 766 3002; x_wconf 82' lang='lat' dir='ltr'><strong>tatem</strong></span> <span class='ocrx_word' id='word_1_354' title='bbox 795 2947 1080 3018; x_wconf 89' lang='lat' dir='ltr'><strong>impleam.</strong></span> <span class='ocrx_word' id='word_1_355' title='bbox 1132 2951 1312 3019; x_wconf 82' lang='lat' dir='ltr'><strong>Atque</strong></span> <span class='ocrx_word' id='word_1_356' title='bbox 1363 2949 1452 3005; x_wconf 91' lang='lat' dir='ltr'><strong>hic</strong></span> <span class='ocrx_word' id='word_1_357' title='bbox 1485 2950 1706 3022; x_wconf 85' lang='lat' dir='ltr'><strong>quidem</strong></span> <span class='ocrx_word' id='word_1_358' title='bbox 1740 2953 1848 3008; x_wconf 91' lang='lat' dir='ltr'><strong>loci</strong></span> <span class='ocrx_word' id='word_1_359' title='bbox 1908 2955 2177 3024; x_wconf 83' lang='lat' dir='ltr'><strong>propositi</strong></span> 
     </span>
    </p>
   </div>
   <div class='ocr_carea' id='block_1_46' title="bbox 595 3039 2176 3116">
    <p class='ocr_par' dir='ltr' id='par_1_46' title="bbox 595 3039 2176 3116">
     <span class='ocr_line' id='line_1_48' title="bbox 595 3039 2176 3116; baseline 0.006 -22"><span class='ocrx_word' id='word_1_360' title='bbox 595 3051 802 3108; x_wconf 88' lang='lat' dir='ltr'><strong>seopus</strong></span> <span class='ocrx_word' id='word_1_361' title='bbox 839 3054 910 3094; x_wconf 77' lang='lat' dir='ltr'><strong>ex</strong></span> <span class='ocrx_word' id='word_1_362' title='bbox 948 3039 1038 3095; x_wconf 89' lang='lat' dir='ltr'><strong>his</strong></span> <span class='ocrx_word' id='word_1_363' title='bbox 1069 3041 1260 3096; x_wconf 72' lang='lat' dir='ltr'><strong>verbis</strong></span> <span class='ocrx_word' id='word_1_364' title='bbox 1302 3042 1635 3100; x_wconf 74' lang='lat' dir='ltr'><strong>manifestus</strong></span> <span class='ocrx_word' id='word_1_365' title='bbox 1664 3060 1789 3101; x_wconf 89' lang='lat' dir='ltr'><strong>esse</strong></span> <span class='ocrx_word' id='word_1_366' title='bbox 1823 3054 2021 3116; x_wconf 84' lang='lat' dir='ltr'><strong>potest.</strong></span> <span class='ocrx_word' id='word_1_367' title='bbox 2071 3047 2176 3103; x_wconf 90' lang='lat' dir='ltr'><strong>Sed</strong></span> 
     </span>
    </p>
   </div>
   <div class='ocr_carea' id='block_1_47' title="bbox 596 3129 2178 3209">
    <p class='ocr_par' dir='ltr' id='par_1_47' title="bbox 596 3129 2178 3209">
     <span class='ocr_line' id='line_1_49' title="bbox 596 3129 2178 3209; baseline 0.006 -25"><span class='ocrx_word' id='word_1_368' title='bbox 596 3129 862 3185; x_wconf 66' lang='lat' dir='ltr'><strong>sutitilius</strong></span> <span class='ocrx_word' id='word_1_369' title='bbox 930 3145 1056 3186; x_wconf 90' lang='lat' dir='ltr'><strong>eum</strong></span> <span class='ocrx_word' id='word_1_370' title='bbox 1091 3131 1400 3189; x_wconf 87' lang='lat' dir='ltr'><strong>enodantes</strong></span> <span class='ocrx_word' id='word_1_371' title='bbox 1444 3135 1711 3201; x_wconf 83' lang='lat' dir='ltr'><strong>dicimus,</strong></span> <span class='ocrx_word' id='word_1_372' title='bbox 1747 3138 2014 3193; x_wconf 86' lang='lat' dir='ltr'><strong>Adamum</strong></span> <span class='ocrx_word' id='word_1_373' title='bbox 2050 3141 2178 3209; x_wconf 87' lang='lat' dir='ltr'><strong>qui-</strong></span> 
     </span>
    </p>
   </div>
   <div class='ocr_carea' id='block_1_48' title="bbox 596 3217 2179 3294">
    <p class='ocr_par' dir='ltr' id='par_1_48' title="bbox 596 3217 2179 3294">
     <span class='ocr_line' id='line_1_50' title="bbox 596 3217 2179 3294; baseline 0.011 -22"><span class='ocrx_word' id='word_1_374' title='bbox 596 3217 723 3274; x_wconf 88' lang='lat' dir='ltr'><strong>dem</strong></span> <span class='ocrx_word' id='word_1_375' title='bbox 759 3219 982 3289; x_wconf 75' lang='lat' dir='ltr'><strong>generis</strong></span> <span class='ocrx_word' id='word_1_376' title='bbox 1014 3221 1193 3278; x_wconf 80' lang='lat' dir='ltr'><strong>nostri</strong></span> <span class='ocrx_word' id='word_1_377' title='bbox 1226 3229 1534 3290; x_wconf 86' lang='lat' dir='ltr'><strong>auctorem,</strong></span> <span class='ocrx_word' id='word_1_378' title='bbox 1569 3227 1700 3294; x_wconf 84' lang='lat' dir='ltr'><strong>quia</strong></span> <span class='ocrx_word' id='word_1_379' title='bbox 1723 3227 1916 3284; x_wconf 89' lang='lat' dir='ltr'><strong>datum</strong></span> <span class='ocrx_word' id='word_1_380' title='bbox 1947 3231 2179 3288; x_wconf 85' lang='lat' dir='ltr'><strong>manda-</strong></span> 
     </span>
    </p>
   </div>
   <div class='ocr_carea' id='block_1_49' title="bbox 598 3281 2174 3384">
    <p class='ocr_par' dir='ltr' id='par_1_49' title="bbox 598 3312 2174 3384">
     <span class='ocr_line' id='line_1_51' title="bbox 598 3312 2174 3384; baseline 0.009 -18"><span class='ocrx_word' id='word_1_381' title='bbox 598 3321 714 3366; x_wconf 93' lang='lat' dir='ltr'><strong>tum</strong></span> <span class='ocrx_word' id='word_1_382' title='bbox 748 3312 1072 3379; x_wconf 81' lang='lat' dir='ltr'><strong>violaverat,</strong></span> <span class='ocrx_word' id='word_1_383' title='bbox 1120 3316 1505 3372; x_wconf 80' lang='lat' dir='ltr'><strong>exsecratione</strong></span> <span class='ocrx_word' id='word_1_384' title='bbox 1555 3318 1742 3374; x_wconf 83' lang='lat' dir='ltr'><strong>divina</strong></span> <span class='ocrx_word' id='word_1_385' title='bbox 1775 3330 2010 3378; x_wconf 88' lang='lat' dir='ltr'><strong>mortem</strong></span> <span class='ocrx_word' id='word_1_386' title='bbox 2042 3325 2174 3384; x_wconf 83' lang='lat' dir='ltr'><strong>sub-</strong></span> 
     </span>
    </p>
   </div>
   <div class='ocr_carea' id='block_1_50' title="bbox 2276 3281 2595 3384">
    <p class='ocr_par' dir='ltr' id='par_1_50' title="bbox 2281 3281 2595 3384">
     <span class='ocr_line' id='line_1_52' title="bbox 2281 3281 2595 3384; baseline -0.016 -32"><span class='ocrx_word' id='word_1_387' title='bbox 2281 3281 2595 3384; x_wconf 50' lang='grc' dir='ltr'>ἀρχηγέτης</span> 
     </span>
    </p>
   </div>
   <div class='ocr_carea' id='block_1_51' title="bbox 597 3402 2177 3482">
    <p class='ocr_par' dir='ltr' id='par_1_51' title="bbox 597 3402 2177 3482">
     <span class='ocr_line' id='line_1_53' title="bbox 597 3402 2177 3482; baseline 0.01 -24"><span class='ocrx_word' id='word_1_388' title='bbox 597 3402 755 3469; x_wconf 79' lang='lat' dir='ltr'><strong>iisse,</strong></span> <span class='ocrx_word' id='word_1_389' title='bbox 780 3403 1076 3475; x_wconf 85' lang='lat' dir='ltr'><strong>ipsumque</strong></span> <span class='ocrx_word' id='word_1_390' title='bbox 1109 3421 1236 3462; x_wconf 89' lang='lat' dir='ltr'><strong>cum</strong></span> <span class='ocrx_word' id='word_1_391' title='bbox 1267 3422 1299 3462; x_wconf 90' lang='lat' dir='ltr'><strong>a</strong></span> <span class='ocrx_word' id='word_1_392' title='bbox 1321 3407 1494 3482; x_wconf 68' lang='grc'><strong>854</strong></span> <span class='ocrx_word' id='word_1_393' title='bbox 1525 3410 1732 3481; x_wconf 89' lang='lat' dir='ltr'><strong>seipse,</strong></span> <span class='ocrx_word' id='word_1_394' title='bbox 1766 3421 1879 3468; x_wconf 89' lang='lat' dir='ltr'><strong>tum</strong></span> <span class='ocrx_word' id='word_1_395' title='bbox 1899 3431 1928 3468; x_wconf 89' lang='lat' dir='ltr'><strong>a</strong></span> <span class='ocrx_word' id='word_1_396' title='bbox 1956 3415 2177 3474; x_wconf 87' lang='lat' dir='ltr'><strong>diabolo</strong></span> 
     </span>
    </p>
   </div>
   <div class='ocr_carea' id='block_1_52' title="bbox 594 3499 2178 3579">
    <p class='ocr_par' dir='ltr' id='par_1_52' title="bbox 594 3499 2178 3579">
     <span class='ocr_line' id='line_1_54' title="bbox 594 3499 2178 3579; baseline 0.011 -28"><span class='ocrx_word' id='word_1_397' title='bbox 594 3503 921 3554; x_wconf 74' lang='lat' dir='ltr'><strong>accusatum</strong></span> <span class='ocrx_word' id='word_1_398' title='bbox 949 3515 966 3565; x_wconf 91' lang='lat'><strong>;</strong></span> <span class='ocrx_word' id='word_1_399' title='bbox 1004 3499 1182 3556; x_wconf 79' lang='lat' dir='ltr'><strong>videri</strong></span> <span class='ocrx_word' id='word_1_400' title='bbox 1212 3510 1393 3556; x_wconf 85' lang='lat' dir='ltr'><strong>tamen</strong></span> <span class='ocrx_word' id='word_1_401' title='bbox 1427 3503 1480 3556; x_wconf 91' lang='lat' dir='ltr'><strong>id</strong></span> <span class='ocrx_word' id='word_1_402' title='bbox 1513 3519 1739 3573; x_wconf 88' lang='lat' dir='ltr'><strong>passum</strong></span> <span class='ocrx_word' id='word_1_403' title='bbox 1763 3522 1888 3564; x_wconf 88' lang='lat' dir='ltr'><strong>esse</strong></span> <span class='ocrx_word' id='word_1_404' title='bbox 1912 3508 2082 3579; x_wconf 85' lang='lat' dir='ltr'><strong>justis</strong></span> <span class='ocrx_word' id='word_1_405' title='bbox 2109 3510 2178 3567; x_wconf 84' lang='lat' dir='ltr'><strong>de</strong></span> 
     </span>
    </p>
   </div>
   <div class='ocr_carea' id='block_1_53' title="bbox 595 3589 2177 3669">
    <p class='ocr_par' dir='ltr' id='par_1_53' title="bbox 595 3589 2177 3669">
     <span class='ocr_line' id='line_1_55' title="bbox 595 3589 2177 3669; baseline 0.009 -28"><span class='ocrx_word' id='word_1_406' title='bbox 595 3589 826 3644; x_wconf 89' lang='lat' dir='ltr'><strong>causis:</strong></span> <span class='ocrx_word' id='word_1_407' title='bbox 864 3603 966 3644; x_wconf 90' lang='lat' dir='ltr'><strong>nec</strong></span> <span class='ocrx_word' id='word_1_408' title='bbox 995 3590 1142 3644; x_wconf 91' lang='lat' dir='ltr'><strong>enim</strong></span> <span class='ocrx_word' id='word_1_409' title='bbox 1175 3589 1378 3660; x_wconf 86' lang='lat' dir='ltr'><strong>injuste</strong></span> <span class='ocrx_word' id='word_1_410' title='bbox 1403 3593 1714 3662; x_wconf 87' lang='lat' dir='ltr'><strong>puniuntur</strong></span> <span class='ocrx_word' id='word_1_411' title='bbox 1746 3597 1840 3667; x_wconf 93' lang='lat' dir='ltr'><strong>qui</strong></span> <span class='ocrx_word' id='word_1_412' title='bbox 1873 3613 1985 3669; x_wconf 78' lang='lat' dir='ltr'><strong>prae</strong></span> <span class='ocrx_word' id='word_1_413' title='bbox 2007 3600 2177 3656; x_wconf 83' lang='lat' dir='ltr'><strong>animi</strong></span> 
     </span>
    </p>
   </div>
   <div class='ocr_carea' id='block_1_54' title="bbox 597 3679 2179 3755">
    <p class='ocr_par' dir='ltr' id='par_1_54' title="bbox 597 3679 2179 3755">
     <span class='ocr_line' id='line_1_56' title="bbox 597 3679 2179 3755; baseline 0.008 -22"><span class='ocrx_word' id='word_1_414' title='bbox 597 3679 833 3750; x_wconf 78' lang='lat' dir='ltr'><strong>segnitie</strong></span> <span class='ocrx_word' id='word_1_415' title='bbox 887 3689 1157 3750; x_wconf 84' lang='lat' dir='ltr'><strong>peccant;</strong></span> <span class='ocrx_word' id='word_1_416' title='bbox 1203 3683 1511 3739; x_wconf 84' lang='lat' dir='ltr'><strong>secundum</strong></span> <span class='ocrx_word' id='word_1_417' title='bbox 1563 3700 1698 3740; x_wconf 83' lang='lat' dir='ltr'><strong>vero</strong></span> <span class='ocrx_word' id='word_1_418' title='bbox 1731 3687 1929 3755; x_wconf 85' lang='lat' dir='ltr'><strong>Adam,</strong></span> <span class='ocrx_word' id='word_1_419' title='bbox 1981 3691 2034 3745; x_wconf 92' lang='lat' dir='ltr'><strong>id</strong></span> <span class='ocrx_word' id='word_1_420' title='bbox 2091 3700 2179 3748; x_wconf 90' lang='lat' dir='ltr'><strong>est</strong></span> 
     </span>
    </p>
   </div>
   <div class='ocr_carea' id='block_1_55' title="bbox 597 3770 2178 3852">
    <p class='ocr_par' dir='ltr' id='par_1_55' title="bbox 597 3770 2178 3852">
     <span class='ocr_line' id='line_1_57' title="bbox 597 3770 2178 3852; baseline 0.008 -26"><span class='ocrx_word' id='word_1_421' title='bbox 597 3770 891 3830; x_wconf 83' lang='lat' dir='ltr'><strong>Dominum</strong></span> <span class='ocrx_word' id='word_1_422' title='bbox 915 3781 1170 3829; x_wconf 89' lang='lat' dir='ltr'><strong>nostrum</strong></span> <span class='ocrx_word' id='word_1_423' title='bbox 1219 3772 1410 3831; x_wconf 87' lang='lat' dir='ltr'><strong>Jesum</strong></span> <span class='ocrx_word' id='word_1_424' title='bbox 1439 3775 1744 3845; x_wconf 82' lang='lat' dir='ltr'><strong>Christum,</strong></span> <span class='ocrx_word' id='word_1_425' title='bbox 1774 3781 1981 3838; x_wconf 86' lang='lat' dir='ltr'><strong>nullius</strong></span> <span class='ocrx_word' id='word_1_426' title='bbox 2012 3783 2178 3852; x_wconf 85' lang='lat' dir='ltr'><strong>plane</strong></span> 
     </span>
    </p>
   </div>
   <div class='ocr_carea' id='block_1_56' title="bbox 595 3864 2175 3941">
    <p class='ocr_par' dir='ltr' id='par_1_56' title="bbox 595 3864 2175 3941">
     <span class='ocr_line' id='line_1_58' title="bbox 595 3864 2175 3941; baseline 0.009 -22"><span class='ocrx_word' id='word_1_427' title='bbox 595 3864 678 3924; x_wconf 83' lang='lat' dir='ltr'><strong>rei</strong></span> <span class='ocrx_word' id='word_1_428' title='bbox 722 3865 981 3922; x_wconf 86' lang='lat' dir='ltr'><strong>accusari</strong></span> <span class='ocrx_word' id='word_1_429' title='bbox 1035 3880 1238 3937; x_wconf 88' lang='lat' dir='ltr'><strong>posse:</strong></span> <span class='ocrx_word' id='word_1_430' title='bbox 1273 3869 1479 3940; x_wconf 83' lang='lat' dir='ltr'><strong>quippe</strong></span> <span class='ocrx_word' id='word_1_431' title='bbox 1527 3887 1549 3921; x_wconf 79' lang='grc' dir='ltr'><strong>ι</strong></span> <span class='ocrx_word' id='word_1_432' title='bbox 1587 3873 1684 3940; x_wconf 87' lang='lat' dir='ltr'><strong>qui</strong></span> <span class='ocrx_word' id='word_1_433' title='bbox 1727 3880 2014 3941; x_wconf 84' lang='lat' dir='ltr'><strong>peccatum</strong></span> <span class='ocrx_word' id='word_1_434' title='bbox 2056 3891 2175 3932; x_wconf 84' lang='lat' dir='ltr'><strong>non</strong></span> 
     </span>
    </p>
   </div>
   <div class='ocr_carea' id='block_1_57' title="bbox 593 3955 2170 4037">
    <p class='ocr_par' dir='ltr' id='par_1_57' title="bbox 593 3955 2170 4037">
     <span class='ocr_line' id='line_1_59' title="bbox 593 3955 2170 4037; baseline 0.007 -26"><span class='ocrx_word' id='word_1_435' title='bbox 593 3955 756 4021; x_wconf 70' lang='lat' dir='ltr'><strong>fecit,</strong></span> <span class='ocrx_word' id='word_1_436' title='bbox 808 3971 913 4012; x_wconf 89' lang='lat' dir='ltr'><strong>uec</strong></span> <span class='ocrx_word' id='word_1_437' title='bbox 969 3956 1230 4014; x_wconf 77' lang='lat' dir='ltr'><strong>iuventus</strong></span> <span class='ocrx_word' id='word_1_438' title='bbox 1276 3968 1368 4015; x_wconf 90' lang='lat' dir='ltr'><strong>est</strong></span> <span class='ocrx_word' id='word_1_439' title='bbox 1411 3960 1573 4016; x_wconf 87' lang='lat' dir='ltr'><strong>dolus</strong></span> <span class='ocrx_word' id='word_1_440' title='bbox 1614 3962 1673 4017; x_wconf 88' lang='lat' dir='ltr'><strong>in</strong></span> <span class='ocrx_word' id='word_1_441' title='bbox 1730 3979 1828 4020; x_wconf 90' lang='lat' dir='ltr'><strong>ore</strong></span> <span class='ocrx_word' id='word_1_442' title='bbox 1875 3967 2092 4037; x_wconf 80' lang='lat' dir='ltr'><strong>ejus“,</strong></span> <span class='ocrx_word' id='word_1_443' title='bbox 2151 3989 2170 4022; x_wconf 79' lang='grc' dir='ltr'><strong>ι</strong></span> 
     </span>
    </p>
   </div>
   <div class='ocr_carea' id='block_1_58' title="bbox 596 4046 2175 4124">
    <p class='ocr_par' dir='ltr' id='par_1_58' title="bbox 596 4046 2175 4124">
     <span class='ocr_line' id='line_1_60' title="bbox 596 4046 2175 4124; baseline 0.008 -22"><span class='ocrx_word' id='word_1_444' title='bbox 596 4053 830 4102; x_wconf 83' lang='lat' dir='ltr'><strong>mortem</strong></span> <span class='ocrx_word' id='word_1_445' title='bbox 853 4060 962 4117; x_wconf 85' lang='lat' dir='ltr'><strong>pro</strong></span> <span class='ocrx_word' id='word_1_446' title='bbox 994 4046 1159 4102; x_wconf 81' lang='lat' dir='ltr'><strong>nobis</strong></span> <span class='ocrx_word' id='word_1_447' title='bbox 1183 4048 1432 4117; x_wconf 81' lang='lat' dir='ltr'><strong>pertulit,</strong></span> <span class='ocrx_word' id='word_1_448' title='bbox 1465 4050 1678 4108; x_wconf 89' lang='lat' dir='ltr'><strong>nullius</strong></span> <span class='ocrx_word' id='word_1_449' title='bbox 1715 4054 1882 4124; x_wconf 87' lang='lat' dir='ltr'><strong>plane</strong></span> <span class='ocrx_word' id='word_1_450' title='bbox 1921 4058 2175 4116; x_wconf 84' lang='lat' dir='ltr'><strong>criminis</strong></span> 
     </span>
    </p>
   </div>
   <div class='ocr_carea' id='block_1_59' title="bbox 595 4138 2177 4212">
    <p class='ocr_par' dir='ltr' id='par_1_59' title="bbox 595 4138 2177 4212">
     <span class='ocr_line' id='line_1_61' title="bbox 595 4138 2177 4212; baseline 0.01 -20"><span class='ocrx_word' id='word_1_451' title='bbox 595 4138 883 4203; x_wconf 81' lang='lat' dir='ltr'><strong>conscius,</strong></span> <span class='ocrx_word' id='word_1_452' title='bbox 929 4138 1031 4196; x_wconf 81' lang='lat' dir='ltr'><strong>sed</strong></span> <span class='ocrx_word' id='word_1_453' title='bbox 1081 4141 1327 4210; x_wconf 87' lang='lat' dir='ltr'><strong>seipsum</strong></span> <span class='ocrx_word' id='word_1_454' title='bbox 1378 4157 1480 4212; x_wconf 84' lang='lat' dir='ltr'><strong>pro</strong></span> <span class='ocrx_word' id='word_1_455' title='bbox 1512 4144 1623 4200; x_wconf 86' lang='lat' dir='ltr'><strong>vita</strong></span> <span class='ocrx_word' id='word_1_456' title='bbox 1662 4148 1912 4203; x_wconf 73' lang='lat' dir='ltr'><strong>omnium</strong></span> <span class='ocrx_word' id='word_1_457' title='bbox 1960 4152 2177 4207; x_wconf 85' lang='lat' dir='ltr'><strong>redem-</strong></span> 
     </span>
    </p>
   </div>
   <div class='ocr_carea' id='block_1_60' title="bbox 596 4229 2176 4318">
    <p class='ocr_par' dir='ltr' id='par_1_60' title="bbox 596 4229 2176 4318">
     <span class='ocr_line' id='line_1_62' title="bbox 596 4229 2176 4318; baseline 0.012 -35"><span class='ocrx_word' id='word_1_458' title='bbox 596 4229 804 4300; x_wconf 74' lang='lat' dir='ltr'><strong>ptionis</strong></span> <span class='ocrx_word' id='word_1_459' title='bbox 844 4231 1083 4301; x_wconf 86' lang='lat' dir='ltr'><strong>pretium</strong></span> <span class='ocrx_word' id='word_1_460' title='bbox 1107 4232 1261 4289; x_wconf 87' lang='lat' dir='ltr'><strong>Patri</strong></span> <span class='ocrx_word' id='word_1_461' title='bbox 1291 4233 1555 4302; x_wconf 74' lang='lat' dir='ltr'><strong>oo&#39;erens,</strong></span> <span class='ocrx_word' id='word_1_462' title='bbox 1587 4239 1718 4310; x_wconf 85' lang='lat' dir='ltr'><strong>quia</strong></span> <span class='ocrx_word' id='word_1_463' title='bbox 1748 4239 1968 4299; x_wconf 83' lang='lat' dir='ltr'><strong>Patrem</strong></span> <span class='ocrx_word' id='word_1_464' title='bbox 1995 4245 2176 4318; x_wconf 74' lang='lat' dir='ltr'><strong>diligit</strong></span> 
     </span>
    </p>
   </div>
   <div class='ocr_carea' id='block_1_61' title="bbox 595 4321 2176 4408">
    <p class='ocr_par' dir='ltr' id='par_1_61' title="bbox 595 4321 2176 4408">
     <span class='ocr_line' id='line_1_63' title="bbox 595 4321 2176 4408; baseline 0.013 -35"><span class='ocrx_word' id='word_1_465' title='bbox 595 4321 787 4376; x_wconf 87' lang='lat' dir='ltr'><strong>mundi</strong></span> <span class='ocrx_word' id='word_1_466' title='bbox 847 4323 1083 4378; x_wconf 73' lang='lat' dir='ltr'><strong>salutem</strong></span> <span class='ocrx_word' id='word_1_467' title='bbox 1133 4325 1430 4384; x_wconf 83' lang='lat' dir='ltr'><strong>sitientem.</strong></span> <span class='ocrx_word' id='word_1_468' title='bbox 1494 4327 1592 4385; x_wconf 88' lang='lat' dir='ltr'><strong>Est</strong></span> <span class='ocrx_word' id='word_1_469' title='bbox 1650 4339 1837 4388; x_wconf 88' lang='lat' dir='ltr'><strong>autem</strong></span> <span class='ocrx_word' id='word_1_470' title='bbox 1892 4335 2176 4408; x_wconf 84' lang='lat' dir='ltr'><strong>diligentis</strong></span> 
     </span>
    </p>
   </div>
   <div class='ocr_carea' id='block_1_62' title="bbox 597 4411 2173 4502">
    <p class='ocr_par' dir='ltr' id='par_1_62' title="bbox 597 4411 2173 4502">
     <span class='ocr_line' id='line_1_64' title="bbox 597 4411 2173 4502; baseline 0.013 -35"><span class='ocrx_word' id='word_1_471' title='bbox 597 4411 837 4479; x_wconf 80' lang='lat' dir='ltr'><strong>Patrem,</strong></span> <span class='ocrx_word' id='word_1_472' title='bbox 866 4417 1100 4472; x_wconf 85' lang='lat' dir='ltr'><strong>omnino</strong></span> <span class='ocrx_word' id='word_1_473' title='bbox 1151 4416 1338 4476; x_wconf 71' lang='lat' dir='ltr'><strong>iacere</strong></span> <span class='ocrx_word' id='word_1_474' title='bbox 1362 4421 1704 4482; x_wconf 81' lang='lat' dir='ltr'><strong>voluntatem</strong></span> <span class='ocrx_word' id='word_1_475' title='bbox 1756 4426 1900 4498; x_wconf 85' lang='lat' dir='ltr'><strong>ejus,</strong></span> <span class='ocrx_word' id='word_1_476' title='bbox 1940 4438 1996 4487; x_wconf 88' lang='lat' dir='ltr'><strong>et</strong></span> <span class='ocrx_word' id='word_1_477' title='bbox 2025 4433 2173 4502; x_wconf 87' lang='lat' dir='ltr'><strong>quod</strong></span> 
     </span>
    </p>
   </div>
   <div class='ocr_carea' id='block_1_63' title="bbox 593 4509 2174 4591">
    <p class='ocr_par' dir='ltr' id='par_1_63' title="bbox 593 4509 2174 4591">
     <span class='ocr_line' id='line_1_65' title="bbox 593 4509 2174 4591; baseline 0.013 -31"><span class='ocrx_word' id='word_1_478' title='bbox 593 4509 981 4566; x_wconf 78' lang='lat' dir='ltr'><strong>necessarium</strong></span> <span class='ocrx_word' id='word_1_479' title='bbox 1014 4510 1198 4568; x_wconf 82' lang='lat' dir='ltr'><strong>visum</strong></span> <span class='ocrx_word' id='word_1_480' title='bbox 1225 4512 1320 4580; x_wconf 81' lang='lat' dir='ltr'><strong>sit,</strong></span> <span class='ocrx_word' id='word_1_481' title='bbox 1349 4530 1462 4570; x_wconf 85' lang='lat' dir='ltr'><strong>non</strong></span> <span class='ocrx_word' id='word_1_482' title='bbox 1491 4533 1593 4588; x_wconf 86' lang='lat' dir='ltr'><strong>pro</strong></span> <span class='ocrx_word' id='word_1_483' title='bbox 1619 4519 1794 4576; x_wconf 86' lang='lat' dir='ltr'><strong>nihilo</strong></span> <span class='ocrx_word' id='word_1_484' title='bbox 1826 4521 2049 4591; x_wconf 79' lang='lat' dir='ltr'><strong>habere,</strong></span> <span class='ocrx_word' id='word_1_485' title='bbox 2074 4528 2174 4581; x_wconf 85' lang='lat' dir='ltr'><strong>sed</strong></span> 
     </span>
    </p>
   </div>
   <div class='ocr_carea' id='block_1_64' title="bbox 592 4601 2174 4678">
    <p class='ocr_par' dir='ltr' id='par_1_64' title="bbox 592 4601 2174 4678">
     <span class='ocr_line' id='line_1_66' title="bbox 592 4601 2174 4678; baseline 0.014 -26"><span class='ocrx_word' id='word_1_486' title='bbox 592 4601 786 4656; x_wconf 86' lang='lat' dir='ltr'><strong>conari</strong></span> <span class='ocrx_word' id='word_1_487' title='bbox 815 4601 894 4658; x_wconf 82' lang='lat' dir='ltr'><strong>.ad</strong></span> <span class='ocrx_word' id='word_1_488' title='bbox 924 4602 1138 4659; x_wconf 78' lang='lat' dir='ltr'><strong>exitum</strong></span> <span class='ocrx_word' id='word_1_489' title='bbox 1167 4604 1494 4675; x_wconf 88' lang='lat' dir='ltr'><strong>perducere.</strong></span> <span class='ocrx_word' id='word_1_490' title='bbox 1528 4611 1675 4676; x_wconf 81' lang='lat' dir='ltr'><strong>Quid</strong></span> <span class='ocrx_word' id='word_1_491' title='bbox 1701 4629 1834 4671; x_wconf 78' lang='lat' dir='ltr'><strong>vero</strong></span> <span class='ocrx_word' id='word_1_492' title='bbox 1866 4615 2015 4678; x_wconf 83' lang='lat' dir='ltr'><strong>istud</strong></span> <span class='ocrx_word' id='word_1_493' title='bbox 2046 4620 2174 4674; x_wconf 87' lang='lat' dir='ltr'><strong>est?</strong></span> 
     </span>
    </p>
   </div>
   <div class='ocr_carea' id='block_1_65' title="bbox 596 4689 2172 4766">
    <p class='ocr_par' dir='ltr' id='par_1_65' title="bbox 596 4689 2172 4766">
     <span class='ocr_line' id='line_1_67' title="bbox 596 4689 2172 4766; baseline 0.013 -23"><span class='ocrx_word' id='word_1_494' title='bbox 596 4689 777 4748; x_wconf 77' lang='lat' dir='ltr'><strong>Voluit</strong></span> <span class='ocrx_word' id='word_1_495' title='bbox 827 4694 1109 4764; x_wconf 89' lang='lat' dir='ltr'><strong>proprium</strong></span> <span class='ocrx_word' id='word_1_496' title='bbox 1162 4694 1359 4756; x_wconf 85' lang='lat' dir='ltr'><strong>Filium</strong></span> <span class='ocrx_word' id='word_1_497' title='bbox 1385 4740 1406 4766; x_wconf 13' lang='lat' dir='ltr'><strong>i,</strong></span> <span class='ocrx_word' id='word_1_498' title='bbox 1461 4702 1594 4758; x_wconf 79' lang='lat' dir='ltr'><strong>licet</strong></span> <span class='ocrx_word' id='word_1_499' title='bbox 1649 4705 1989 4764; x_wconf 71' lang='lat' dir='ltr'><strong>conformem</strong></span> <span class='ocrx_word' id='word_1_500' title='bbox 2043 4727 2172 4766; x_wconf 77' lang='lat' dir='ltr'><strong>eum</strong></span> 
     </span>
    </p>
   </div>
   <div class='ocr_carea' id='block_1_66' title="bbox 593 4785 2170 4870">
    <p class='ocr_par' dir='ltr' id='par_1_66' title="bbox 593 4785 2170 4870">
     <span class='ocr_line' id='line_1_68' title="bbox 593 4785 2170 4870; baseline 0.012 -31"><span class='ocrx_word' id='word_1_501' title='bbox 593 4785 806 4842; x_wconf 86' lang='lat' dir='ltr'><strong>habens</strong></span> <span class='ocrx_word' id='word_1_502' title='bbox 842 4796 904 4843; x_wconf 88' lang='lat' dir='ltr'><strong>et</strong></span> <span class='ocrx_word' id='word_1_503' title='bbox 935 4788 1256 4846; x_wconf 85' lang='lat' dir='ltr'><strong>omnimoda</strong></span> <span class='ocrx_word' id='word_1_504' title='bbox 1294 4785 1622 4863; x_wconf 37' lang='lat' dir='ltr'><strong>aequalitate</strong></span> <span class='ocrx_word' id='word_1_505' title='bbox 1665 4799 2055 4870; x_wconf 74' lang='lat' dir='ltr'><strong>conspicuum,</strong></span> <span class='ocrx_word' id='word_1_506' title='bbox 2117 4804 2170 4858; x_wconf 91' lang='lat' dir='ltr'><strong>in</strong></span> 
     </span>
    </p>
   </div>
   <div class='ocr_carea' id='block_1_67' title="bbox 591 4883 2172 4967">
    <p class='ocr_par' dir='ltr' id='par_1_67' title="bbox 591 4883 2172 4967">
     <span class='ocr_line' id='line_1_69' title="bbox 591 4883 2172 4967; baseline 0.013 -35"><span class='ocrx_word' id='word_1_507' title='bbox 591 4888 801 4936; x_wconf 90' lang='lat' dir='ltr'><strong>tantam</strong></span> <span class='ocrx_word' id='word_1_508' title='bbox 855 4883 1053 4938; x_wconf 71' lang='lat' dir='ltr'><strong>venire</strong></span> <span class='ocrx_word' id='word_1_509' title='bbox 1108 4883 1505 4942; x_wconf 87' lang='lat' dir='ltr'><strong>demissiouem</strong></span> <span class='ocrx_word' id='word_1_510' title='bbox 1543 4900 1601 4944; x_wconf 88' lang='lat' dir='ltr'><strong>ut</strong></span> <span class='ocrx_word' id='word_1_511' title='bbox 1635 4901 1690 4946; x_wconf 88' lang='lat' dir='ltr'><strong>et</strong></span> <span class='ocrx_word' id='word_1_512' title='bbox 1724 4892 1891 4947; x_wconf 86' lang='lat' dir='ltr'><strong>homo</strong></span> <span class='ocrx_word' id='word_1_513' title='bbox 1949 4905 2172 4967; x_wconf 91' lang='lat' dir='ltr'><strong>propter</strong></span> 
     </span>
    </p>
   </div>
   <div class='ocr_carea' id='block_1_68' title="bbox 593 4973 2172 5050">
    <p class='ocr_par' dir='ltr' id='par_1_68' title="bbox 593 4973 2172 5050">
     <span class='ocr_line' id='line_1_70' title="bbox 593 4973 2172 5050; baseline 0.013 -26"><span class='ocrx_word' id='word_1_514' title='bbox 593 4988 694 5027; x_wconf 81' lang='lat' dir='ltr'><strong>nos</strong></span> <span class='ocrx_word' id='word_1_515' title='bbox 725 4973 904 5030; x_wconf 78' lang='lat' dir='ltr'><strong>iactus</strong></span> <span class='ocrx_word' id='word_1_516' title='bbox 933 4976 1030 5041; x_wconf 90' lang='lat' dir='ltr'><strong>sit,</strong></span> <span class='ocrx_word' id='word_1_517' title='bbox 1076 4993 1178 5032; x_wconf 91' lang='lat' dir='ltr'><strong>nec</strong></span> <span class='ocrx_word' id='word_1_518' title='bbox 1212 4997 1320 5050; x_wconf 84' lang='lat' dir='ltr'><strong>pro</strong></span> <span class='ocrx_word' id='word_1_519' title='bbox 1354 4983 1603 5038; x_wconf 87' lang='lat' dir='ltr'><strong>omnium</strong></span> <span class='ocrx_word' id='word_1_520' title='bbox 1637 4985 1747 5042; x_wconf 74' lang='lat' dir='ltr'><strong>vita</strong></span> <span class='ocrx_word' id='word_1_521' title='bbox 1778 4995 2010 5042; x_wconf 83' lang='lat' dir='ltr'><strong>mortem</strong></span> <span class='ocrx_word' id='word_1_522' title='bbox 2037 5004 2172 5044; x_wconf 86' lang='lat' dir='ltr'><strong>eru-</strong></span> 
     </span>
    </p>
   </div>
   <div class='ocr_carea' id='block_1_69' title="bbox 592 5065 2174 5153">
    <p class='ocr_par' dir='ltr' id='par_1_69' title="bbox 592 5065 2174 5153">
     <span class='ocr_line' id='line_1_71' title="bbox 592 5065 2174 5153; baseline 0.012 -34"><span class='ocrx_word' id='word_1_523' title='bbox 592 5065 796 5120; x_wconf 82' lang='lat' dir='ltr'><strong>buerit.</strong></span> <span class='ocrx_word' id='word_1_524' title='bbox 831 5065 945 5122; x_wconf 85' lang='lat' dir='ltr'><strong>Hoc</strong></span> <span class='ocrx_word' id='word_1_525' title='bbox 979 5068 1112 5124; x_wconf 74' lang='lat' dir='ltr'><strong>fecit</strong></span> <span class='ocrx_word' id='word_1_526' title='bbox 1147 5070 1344 5138; x_wconf 79' lang='lat' dir='ltr'><strong>Filius,</strong></span> <span class='ocrx_word' id='word_1_527' title='bbox 1371 5075 1608 5147; x_wconf 70' lang='lat' dir='ltr'><strong>diligens</strong></span> <span class='ocrx_word' id='word_1_528' title='bbox 1628 5076 1874 5145; x_wconf 72' lang='lat' dir='ltr'><strong>Patrem,</strong></span> <span class='ocrx_word' id='word_1_529' title='bbox 1910 5082 2003 5151; x_wconf 89' lang='lat' dir='ltr'><strong>qui</strong></span> <span class='ocrx_word' id='word_1_530' title='bbox 2036 5099 2174 5153; x_wconf 64' lang='lat' dir='ltr'><strong>prae-</strong></span> 
     </span>
    </p>
   </div>
   <div class='ocr_carea' id='block_1_70' title="bbox 589 5156 2168 5249">
    <p class='ocr_par' dir='ltr' id='par_1_70' title="bbox 589 5156 2168 5249">
     <span class='ocr_line' id='line_1_72' title="bbox 589 5156 2168 5249; baseline 0.016 -41"><span class='ocrx_word' id='word_1_531' title='bbox 589 5156 808 5226; x_wconf 88' lang='lat' dir='ltr'><strong>cepisse</strong></span> <span class='ocrx_word' id='word_1_532' title='bbox 833 5159 1042 5215; x_wconf 89' lang='lat' dir='ltr'><strong>dicitur</strong></span> <span class='ocrx_word' id='word_1_533' title='bbox 1072 5172 1132 5217; x_wconf 90' lang='lat' dir='ltr'><strong>ut</strong></span> <span class='ocrx_word' id='word_1_534' title='bbox 1178 5167 1400 5238; x_wconf 83' lang='lat' dir='ltr'><strong>propria</strong></span> <span class='ocrx_word' id='word_1_535' title='bbox 1433 5169 1642 5226; x_wconf 78' lang='lat' dir='ltr'><strong>virtute</strong></span> <span class='ocrx_word' id='word_1_536' title='bbox 1675 5186 1782 5241; x_wconf 81' lang='lat' dir='ltr'><strong>per</strong></span> <span class='ocrx_word' id='word_1_537' title='bbox 1825 5176 2011 5231; x_wconf 87' lang='lat' dir='ltr'><strong>carnis</strong></span> <span class='ocrx_word' id='word_1_538' title='bbox 2036 5193 2168 5249; x_wconf 84' lang='lat' dir='ltr'><strong>pas-</strong></span> 
     </span>
    </p>
   </div>
   <div class='ocr_carea' id='block_1_71' title="bbox 590 5247 2168 5338">
    <p class='ocr_par' dir='ltr' id='par_1_71' title="bbox 590 5247 2168 5338">
     <span class='ocr_line' id='line_1_73' title="bbox 590 5247 2168 5338; baseline 0.014 -37"><span class='ocrx_word' id='word_1_539' title='bbox 590 5247 1068 5322; x_wconf 21' lang='lat' dir='ltr'><strong>sionem&#39;mortem</strong></span> <span class='ocrx_word' id='word_1_540' title='bbox 1108 5254 1472 5321; x_wconf 87' lang='lat' dir='ltr'><strong>interimeret,</strong></span> <span class='ocrx_word' id='word_1_541' title='bbox 1501 5267 1556 5313; x_wconf 91' lang='lat' dir='ltr'><strong>et</strong></span> <span class='ocrx_word' id='word_1_542' title='bbox 1575 5263 1964 5333; x_wconf 83' lang='lat' dir='ltr'><strong>corruptionis</strong></span> <span class='ocrx_word' id='word_1_543' title='bbox 1993 5247 2168 5338; x_wconf 82' lang='lat' dir='ltr'><strong>impe-</strong></span> 
     </span>
    </p>
   </div>
   <div class='ocr_carea' id='block_1_72' title="bbox 587 5338 2168 5428">
    <p class='ocr_par' dir='ltr' id='par_1_72' title="bbox 587 5338 2168 5428">
     <span class='ocr_line' id='line_1_74' title="bbox 587 5338 2168 5428; baseline 0.015 -36"><span class='ocrx_word' id='word_1_544' title='bbox 587 5338 731 5394; x_wconf 88' lang='lat' dir='ltr'><strong>rium</strong></span> <span class='ocrx_word' id='word_1_545' title='bbox 763 5349 1058 5410; x_wconf 81' lang='lat' dir='ltr'><strong>everteret,</strong></span> <span class='ocrx_word' id='word_1_546' title='bbox 1092 5355 1502 5418; x_wconf 85' lang='lat' dir='ltr'><strong>corruptnsque</strong></span> <span class='ocrx_word' id='word_1_547' title='bbox 1535 5351 1856 5418; x_wconf 77' lang='lat' dir='ltr'><strong>viviﬁcaret,</strong></span> <span class='ocrx_word' id='word_1_548' title='bbox 1894 5365 1949 5410; x_wconf 91' lang='lat' dir='ltr'><strong>et</strong></span> <span class='ocrx_word' id='word_1_549' title='bbox 1977 5359 2168 5428; x_wconf 84' lang='lat' dir='ltr'><strong>pristi-</strong></span> 
     </span>
    </p>
   </div>
   <div class='ocr_carea' id='block_1_73' title="bbox 586 5434 2162 5508">
    <p class='ocr_par' dir='ltr' id='par_1_73' title="bbox 586 5434 2162 5508">
     <span class='ocr_line' id='line_1_75' title="bbox 586 5434 2162 5508; baseline 0.015 -25"><span class='ocrx_word' id='word_1_550' title='bbox 586 5446 710 5488; x_wconf 86' lang='lat' dir='ltr'><strong>nam</strong></span> <span class='ocrx_word' id='word_1_551' title='bbox 737 5434 823 5488; x_wconf 88' lang='lat' dir='ltr'><strong>eis</strong></span> <span class='ocrx_word' id='word_1_552' title='bbox 850 5434 1034 5492; x_wconf 87' lang='lat' dir='ltr'><strong>denuo</strong></span> <span class='ocrx_word' id='word_1_553' title='bbox 1079 5439 1316 5508; x_wconf 87' lang='lat' dir='ltr'><strong>gloriam</strong></span> <span class='ocrx_word' id='word_1_554' title='bbox 1368 5441 1726 5501; x_wconf 88' lang='lat' dir='ltr'><strong>instauraret.</strong></span> <span class='ocrx_word' id='word_1_555' title='bbox 1793 5445 2006 5505; x_wconf 84' lang='lat' dir='ltr'><strong>Idcirco</strong></span> <span class='ocrx_word' id='word_1_556' title='bbox 2036 5454 2113 5506; x_wconf 88' lang='lat' dir='ltr'><strong>ait</strong></span> <span class='ocrx_word' id='word_1_557' title='bbox 2149 5471 2162 5508; x_wconf 90' lang='lat'>:</span> 
     </span>
    </p>
   </div>
   <div class='ocr_carea' id='block_1_74' title="bbox 582 5523 2166 5609">
    <p class='ocr_par' dir='ltr' id='par_1_74' title="bbox 582 5523 2166 5609">
     <span class='ocr_line' id='line_1_76' title="bbox 582 5523 2166 5609; baseline 0.015 -35"><span class='ocrx_word' id='word_1_558' title='bbox 582 5523 895 5594; x_wconf 78' lang='lat' dir='ltr'><strong>Angustum</strong></span> <span class='ocrx_word' id='word_1_559' title='bbox 928 5538 1014 5584; x_wconf 84' lang='lat' dir='ltr'><strong>est</strong></span> <span class='ocrx_word' id='word_1_560' title='bbox 1052 5539 1292 5600; x_wconf 85' lang='lat' dir='ltr'><strong>tempus,</strong></span> <span class='ocrx_word' id='word_1_561' title='bbox 1329 5549 1439 5602; x_wconf 91' lang='lat' dir='ltr'><strong>quo</strong></span> <span class='ocrx_word' id='word_1_562' title='bbox 1480 5534 1680 5606; x_wconf 88' lang='lat' dir='ltr'><strong>loquar</strong></span> <span class='ocrx_word' id='word_1_563' title='bbox 1709 5539 1997 5596; x_wconf 83' lang='lat' dir='ltr'><strong>vobiscum</strong></span> <span class='ocrx_word' id='word_1_564' title='bbox 2030 5562 2045 5609; x_wconf 91' lang='lat'><strong>;</strong></span> <span class='ocrx_word' id='word_1_565' title='bbox 2081 5544 2166 5598; x_wconf 87' lang='lat' dir='ltr'><strong>in-</strong></span> 
     </span>
    </p>
   </div>
   <div class='ocr_carea' id='block_1_75' title="bbox 583 5618 2160 5700">
    <p class='ocr_par' dir='ltr' id='par_1_75' title="bbox 583 5618 2160 5700">
     <span class='ocr_line' id='line_1_77' title="bbox 583 5618 2160 5700; baseline 0.014 -31"><span class='ocrx_word' id='word_1_566' title='bbox 583 5623 693 5669; x_wconf 92' lang='lat' dir='ltr'><strong>stat</strong></span> <span class='ocrx_word' id='word_1_567' title='bbox 720 5618 868 5673; x_wconf 87' lang='lat' dir='ltr'><strong>enim</strong></span> <span class='ocrx_word' id='word_1_568' title='bbox 898 5621 1108 5690; x_wconf 87' lang='lat' dir='ltr'><strong>passio,</strong></span> <span class='ocrx_word' id='word_1_569' title='bbox 1135 5631 1191 5677; x_wconf 90' lang='lat' dir='ltr'><strong>et</strong></span> <span class='ocrx_word' id='word_1_570' title='bbox 1223 5625 1280 5678; x_wconf 87' lang='lat' dir='ltr'><strong>in</strong></span> <span class='ocrx_word' id='word_1_571' title='bbox 1316 5635 1449 5681; x_wconf 70' lang='lat' dir='ltr'><strong>aes-tu</strong></span> <span class='ocrx_word' id='word_1_572' title='bbox 1481 5638 1566 5682; x_wconf 87' lang='lat' dir='ltr'><strong>est</strong></span> <span class='ocrx_word' id='word_1_573' title='bbox 1604 5632 1753 5700; x_wconf 88' lang='lat' dir='ltr'><strong>quod</strong></span> <span class='ocrx_word' id='word_1_574' title='bbox 1788 5633 1840 5687; x_wconf 92' lang='lat' dir='ltr'><strong>in</strong></span> <span class='ocrx_word' id='word_1_575' title='bbox 1875 5652 1963 5689; x_wconf 88' lang='lat' dir='ltr'><strong>me</strong></span> <span class='ocrx_word' id='word_1_576' title='bbox 1987 5634 2160 5691; x_wconf 71' lang='grc' dir='ltr'>ιιιιάιηί</span> 
     </span>
    </p>
   </div>
   <div class='ocr_carea' id='block_1_76' title="bbox 585 5709 2162 5798">
    <p class='ocr_par' dir='ltr' id='par_1_76' title="bbox 585 5709 2162 5798">
     <span class='ocr_line' id='line_1_78' title="bbox 585 5709 2162 5798; baseline 0.018 -41"><span class='ocrx_word' id='word_1_577' title='bbox 585 5709 760 5762; x_wconf 87' lang='lat' dir='ltr'><strong>moliti</strong></span> <span class='ocrx_word' id='word_1_578' title='bbox 792 5719 920 5766; x_wconf 82' lang='lat' dir='ltr'><strong>sunt</strong></span> <span class='ocrx_word' id='word_1_579' title='bbox 945 5711 1186 5769; x_wconf 79' lang='lat' dir='ltr'><strong>facinus.</strong></span> <span class='ocrx_word' id='word_1_580' title='bbox 1223 5714 1406 5771; x_wconf 85' lang='lat' dir='ltr'><strong>Patiar</strong></span> <span class='ocrx_word' id='word_1_581' title='bbox 1445 5719 1676 5788; x_wconf 86' lang='lat' dir='ltr'><strong>lubens,</strong></span> <span class='ocrx_word' id='word_1_582' title='bbox 1716 5727 2162 5798; x_wconf 89' lang='lat' dir='ltr'><strong>quandoquidem</strong></span> 
     </span>
    </p>
   </div>
   <div class='ocr_carea' id='block_1_77' title="bbox 654 5883 1186 5952">
    <p class='ocr_par' dir='ltr' id='par_1_77' title="bbox 654 5883 1186 5952">
     <span class='ocr_line' id='line_1_79' title="bbox 654 5883 1186 5952; baseline 0.021 -16"><span class='ocrx_word' id='word_1_583' title='bbox 654 5884 696 5915; x_wconf 81' lang='grc'><strong>⁷⁴</strong></span> <span class='ocrx_word' id='word_1_584' title='bbox 742 5883 757 5936; x_wconf 92' lang='lat'><strong>|</strong></span> <span class='ocrx_word' id='word_1_585' title='bbox 804 5885 951 5943; x_wconf 81' lang='lat' dir='ltr'><strong>Pctr.</strong></span> <span class='ocrx_word' id='word_1_586' title='bbox 989 5905 1061 5952; x_wconf 91' lang='grc' dir='ltr'><strong>ιι,</strong></span> <span class='ocrx_word' id='word_1_587' title='bbox 1095 5890 1186 5947; x_wconf 72' lang='lat'><strong>‘22.</strong></span> 
     </span>
    </p>
   </div>
   <div class='ocr_carea' id='block_1_78' title="bbox 2282 2269 3901 2343">
    <p class='ocr_par' dir='ltr' id='par_1_78' title="bbox 2282 2269 3901 2343">
     <span class='ocr_line' id='line_1_80' title="bbox 2282 2269 3901 2343; baseline 0.001 -19"><span class='ocrx_word' id='word_1_588' title='bbox 2282 2271 2378 2325; x_wconf 78' lang='grc' dir='ltr'>καὶ</span> <span class='ocrx_word' id='word_1_589' title='bbox 2403 2269 2582 2340; x_wconf 86' lang='grc' dir='ltr'>θυρῶν</span> <span class='ocrx_word' id='word_1_590' title='bbox 2603 2269 2735 2322; x_wconf 81' lang='grc' dir='ltr'>εἴσω</span> <span class='ocrx_word' id='word_1_591' title='bbox 2759 2269 2945 2323; x_wconf 84' lang='grc' dir='ltr'>λοιπὸν</span> <span class='ocrx_word' id='word_1_592' title='bbox 2969 2269 3280 2341; x_wconf 81' lang='grc' dir='ltr'>ὁρωμένης,</span> <span class='ocrx_word' id='word_1_593' title='bbox 3307 2272 3368 2324; x_wconf 84' lang='grc' dir='ltr'>οὑ</span> <span class='ocrx_word' id='word_1_594' title='bbox 3388 2273 3651 2343; x_wconf 78' lang='grc' dir='ltr'><strong>ῥημάτων</strong></span> <span class='ocrx_word' id='word_1_595' title='bbox 3666 2273 3758 2325; x_wconf 82' lang='grc' dir='ltr'>ἔτι</span> <span class='ocrx_word' id='word_1_596' title='bbox 3783 2273 3901 2325; x_wconf 75' lang='grc' dir='ltr'><strong>τῶν</strong></span> 
     </span>
    </p>
   </div>
   <div class='ocr_carea' id='block_1_79' title="bbox 2279 2362 3901 2437">
    <p class='ocr_par' dir='ltr' id='par_1_79' title="bbox 2279 2362 3901 2437">
     <span class='ocr_line' id='line_1_81' title="bbox 2279 2362 3901 2437; baseline 0.001 -18"><span class='ocrx_word' id='word_1_597' title='bbox 2279 2366 2421 2436; x_wconf 75' lang='grc' dir='ltr'>πρὸς</span> <span class='ocrx_word' id='word_1_598' title='bbox 2455 2364 2622 2435; x_wconf 81' lang='grc' dir='ltr'>ὑμᾶς,</span> <span class='ocrx_word' id='word_1_599' title='bbox 2641 2364 2754 2417; x_wconf 84' lang='grc' dir='ltr'>ἀλλ’</span> <span class='ocrx_word' id='word_1_600' title='bbox 2773 2362 2940 2417; x_wconf 82' lang='grc' dir='ltr'>αύτοῦ</span> <span class='ocrx_word' id='word_1_601' title='bbox 2963 2363 3058 2418; x_wconf 80' lang='grc' dir='ltr'>τοῦ</span> <span class='ocrx_word' id='word_1_602' title='bbox 3083 2363 3278 2417; x_wconf 78' lang='grc' dir='ltr'>παθεῖν</span> <span class='ocrx_word' id='word_1_603' title='bbox 3305 2365 3592 2437; x_wconf 72' lang='grc' dir='ltr'><strong>ἐνέστηκεν</strong></span> <span class='ocrx_word' id='word_1_604' title='bbox 3613 2369 3644 2420; x_wconf 85' lang='grc' dir='ltr'>ὁ</span> <span class='ocrx_word' id='word_1_605' title='bbox 3662 2367 3901 2436; x_wconf 66' lang='grc' dir='ltr'>καιρός.</span> 
     </span>
    </p>
   </div>
   <div class='ocr_carea' id='block_1_80' title="bbox 2287 2455 3900 2529">
    <p class='ocr_par' dir='ltr' id='par_1_80' title="bbox 2287 2455 3900 2529">
     <span class='ocr_line' id='line_1_82' title="bbox 2287 2455 3900 2529; baseline 0.002 -22"><span class='ocrx_word' id='word_1_606' title='bbox 2287 2475 2306 2507; x_wconf 78' lang='grc' dir='ltr'><strong>ι</strong></span> <span class='ocrx_word' id='word_1_607' title='bbox 2335 2455 2482 2525; x_wconf 74' lang='grc' dir='ltr'>Πλὴν</span> <span class='ocrx_word' id='word_1_608' title='bbox 2506 2455 2650 2524; x_wconf 78' lang='grc' dir='ltr'>ἥξει,</span> <span class='ocrx_word' id='word_1_609' title='bbox 2673 2455 2859 2524; x_wconf 76' lang='grc' dir='ltr'>φησὶν,</span> <span class='ocrx_word' id='word_1_610' title='bbox 2894 2455 2924 2506; x_wconf 83' lang='grc' dir='ltr'><strong>ὁ</strong></span> <span class='ocrx_word' id='word_1_611' title='bbox 2951 2455 3045 2508; x_wconf 83' lang='grc' dir='ltr'>τοῦ</span> <span class='ocrx_word' id='word_1_612' title='bbox 3080 2457 3288 2528; x_wconf 78' lang='grc' dir='ltr'>κόσμου</span> <span class='ocrx_word' id='word_1_613' title='bbox 3313 2457 3520 2529; x_wconf 84' lang='grc' dir='ltr'>ἄρχων,</span> <span class='ocrx_word' id='word_1_614' title='bbox 3545 2461 3640 2514; x_wconf 84' lang='grc' dir='ltr'>καὶ</span> <span class='ocrx_word' id='word_1_615' title='bbox 3672 2463 3738 2513; x_wconf 80' lang='grc' dir='ltr'>ὲν</span> <span class='ocrx_word' id='word_1_616' title='bbox 3767 2462 3900 2529; x_wconf 69' lang='grc' dir='ltr'>ἐμοὶ</span> 
     </span>
    </p>
   </div>
   <div class='ocr_carea' id='block_1_81' title="bbox 2281 2547 3901 2622">
    <p class='ocr_par' dir='ltr' id='par_1_81' title="bbox 2281 2547 3901 2622">
     <span class='ocr_line' id='line_1_83' title="bbox 2281 2547 3901 2622; baseline 0.002 -22"><span class='ocrx_word' id='word_1_617' title='bbox 2281 2547 2396 2618; x_wconf 77' lang='grc' dir='ltr'>ἔχει</span> <span class='ocrx_word' id='word_1_618' title='bbox 2423 2547 2599 2602; x_wconf 79' lang='grc' dir='ltr'>οὐδέν.</span> <span class='ocrx_word' id='word_1_619' title='bbox 2627 2567 2645 2599; x_wconf 78' lang='grc' dir='ltr'><strong>ι</strong></span> <span class='ocrx_word' id='word_1_620' title='bbox 2665 2547 3014 2620; x_wconf 82' lang='grc' dir='ltr'>τεθνήξομαι</span> <span class='ocrx_word' id='word_1_621' title='bbox 3031 2548 3087 2602; x_wconf 80' lang='grc' dir='ltr'>δὲ</span> <span class='ocrx_word' id='word_1_622' title='bbox 3105 2549 3199 2602; x_wconf 74' lang='grc' dir='ltr'>καὶ</span> <span class='ocrx_word' id='word_1_623' title='bbox 3225 2549 3347 2604; x_wconf 88' lang='grc' dir='ltr'>λίαν</span> <span class='ocrx_word' id='word_1_624' title='bbox 3377 2551 3628 2622; x_wconf 82' lang='grc' dir='ltr'>ἀσμένως</span> <span class='ocrx_word' id='word_1_625' title='bbox 3661 2553 3769 2606; x_wconf 72' lang='grc' dir='ltr'>καὶ</span> <span class='ocrx_word' id='word_1_626' title='bbox 3801 2553 3901 2604; x_wconf 69' lang='grc' dir='ltr'>τὸν</span> 
     </span>
    </p>
   </div>
   <div class='ocr_carea' id='block_1_82' title="bbox 2282 2638 3902 2714">
    <p class='ocr_par' dir='ltr' id='par_1_82' title="bbox 2282 2638 3902 2714">
     <span class='ocr_line' id='line_1_84' title="bbox 2282 2638 3902 2714; baseline 0.004 -22"><span class='ocrx_word' id='word_1_627' title='bbox 2282 2638 2424 2709; x_wconf 80' lang='grc' dir='ltr'>ὑπὲρ</span> <span class='ocrx_word' id='word_1_628' title='bbox 2450 2640 2550 2709; x_wconf 84' lang='grc' dir='ltr'>τῆς</span> <span class='ocrx_word' id='word_1_629' title='bbox 2584 2639 2841 2693; x_wconf 80' lang='grc' dir='ltr'>ἁπάντων</span> <span class='ocrx_word' id='word_1_630' title='bbox 2867 2639 3013 2710; x_wconf 77' lang='grc' dir='ltr'>ζωῆς</span> <span class='ocrx_word' id='word_1_631' title='bbox 3037 2642 3417 2714; x_wconf 83' lang='grc' dir='ltr'>ὑποστήσομαι</span> <span class='ocrx_word' id='word_1_632' title='bbox 3449 2643 3701 2708; x_wconf 88' lang='grc' dir='ltr'>θάνατον,</span> <span class='ocrx_word' id='word_1_633' title='bbox 3744 2646 3902 2699; x_wconf 67' lang='grc' dir='ltr'>αἰδοῖ</span> 
     </span>
    </p>
   </div>
   <div class='ocr_carea' id='block_1_83' title="bbox 2295 2727 3898 2806">
    <p class='ocr_par' dir='ltr' id='par_1_83' title="bbox 2295 2727 3898 2806">
     <span class='ocr_line' id='line_1_85' title="bbox 2295 2727 3898 2806; baseline 0.006 -27"><span class='ocrx_word' id='word_1_634' title='bbox 2295 2731 2366 2799; x_wconf 79' lang='grc' dir='ltr'>τῇ</span> <span class='ocrx_word' id='word_1_635' title='bbox 2398 2727 2535 2799; x_wconf 83' lang='grc' dir='ltr'>πρὸς</span> <span class='ocrx_word' id='word_1_636' title='bbox 2583 2728 2676 2781; x_wconf 78' lang='grc' dir='ltr'>τὸν</span> <span class='ocrx_word' id='word_1_637' title='bbox 2699 2729 3005 2801; x_wconf 84' lang='grc' dir='ltr'>Γεννήτορα</span> <span class='ocrx_word' id='word_1_638' title='bbox 3035 2733 3128 2784; x_wconf 73' lang='grc' dir='ltr'>καὶ</span> <span class='ocrx_word' id='word_1_639' title='bbox 3172 2733 3362 2804; x_wconf 80' lang='grc' dir='ltr'><strong>ἀγάπῃ</strong></span> <span class='ocrx_word' id='word_1_640' title='bbox 3405 2737 3473 2805; x_wconf 83' lang='grc' dir='ltr'>τῇ</span> <span class='ocrx_word' id='word_1_641' title='bbox 3522 2736 3660 2806; x_wconf 76' lang='grc' dir='ltr'>πρὸς</span> <span class='ocrx_word' id='word_1_642' title='bbox 3687 2737 3898 2799; x_wconf 74' lang='grc' dir='ltr'>αὑτὸν,</span> 
     </span>
    </p>
   </div>
   <div class='ocr_carea' id='block_1_84' title="bbox 2280 2819 3897 2898">
    <p class='ocr_par' dir='ltr' id='par_1_84' title="bbox 2280 2819 3897 2898">
     <span class='ocr_line' id='line_1_86' title="bbox 2280 2819 3897 2898; baseline 0.004 -26"><span class='ocrx_word' id='word_1_643' title='bbox 2280 2819 2564 2892; x_wconf 75' lang='grc' dir='ltr'>ἐθελοντὴς</span> <span class='ocrx_word' id='word_1_644' title='bbox 2589 2819 2857 2891; x_wconf 82' lang='grc' dir='ltr'>ὁμιλήσας</span> <span class='ocrx_word' id='word_1_645' title='bbox 2901 2823 2994 2876; x_wconf 78' lang='grc' dir='ltr'><strong>καὶ</strong></span> <span class='ocrx_word' id='word_1_646' title='bbox 3022 2825 3137 2887; x_wconf 84' lang='grc' dir='ltr'>τοῖς</span> <span class='ocrx_word' id='word_1_647' title='bbox 3174 2823 3325 2894; x_wconf 78' lang='grc' dir='ltr'>παρὰ</span> <span class='ocrx_word' id='word_1_648' title='bbox 3357 2823 3614 2896; x_wconf 81' lang='grc' dir='ltr'>γνώμην,</span> <span class='ocrx_word' id='word_1_649' title='bbox 3656 2827 3752 2879; x_wconf 79' lang='grc' dir='ltr'>ἵνα</span> <span class='ocrx_word' id='word_1_650' title='bbox 3785 2828 3897 2898; x_wconf 71' lang='grc' dir='ltr'>τὴν</span> 
     </span>
    </p>
   </div>
   <div class='ocr_carea' id='block_1_85' title="bbox 2279 2917 3901 2996">
    <p class='ocr_par' dir='ltr' id='par_1_85' title="bbox 2279 2917 3901 2996">
     <span class='ocr_line' id='line_1_87' title="bbox 2279 2917 3901 2996; baseline 0.005 -27"><span class='ocrx_word' id='word_1_651' title='bbox 2279 2917 2448 2988; x_wconf 80' lang='grc' dir='ltr'>αὐτῆς</span> <span class='ocrx_word' id='word_1_652' title='bbox 2495 2917 2770 2989; x_wconf 83' lang='grc' dir='ltr'>πληρώσω</span> <span class='ocrx_word' id='word_1_653' title='bbox 2816 2918 3090 2992; x_wconf 84' lang='grc' dir='ltr'>βούλησιν.</span> <span class='ocrx_word' id='word_1_654' title='bbox 3159 2920 3218 2975; x_wconf 85' lang='lat'><strong>&#39;0</strong></span> <span class='ocrx_word' id='word_1_655' title='bbox 3269 2922 3368 2993; x_wconf 84' lang='grc' dir='ltr'>μὲν</span> <span class='ocrx_word' id='word_1_656' title='bbox 3411 2919 3614 2976; x_wconf 76' lang='grc' dir='ltr'>οὖντοῦ</span> <span class='ocrx_word' id='word_1_657' title='bbox 3657 2942 3901 2996; x_wconf 77' lang='grc' dir='ltr'>προκει-</span> 
     </span>
    </p>
   </div>
   <div class='ocr_carea' id='block_1_86' title="bbox 2283 3007 3896 3084">
    <p class='ocr_par' dir='ltr' id='par_1_86' title="bbox 2283 3007 3896 3084">
     <span class='ocr_line' id='line_1_88' title="bbox 2283 3007 3896 3084; baseline 0.005 -23"><span class='ocrx_word' id='word_1_658' title='bbox 2283 3007 2447 3080; x_wconf 81' lang='grc' dir='ltr'>μένου</span> <span class='ocrx_word' id='word_1_659' title='bbox 2486 3009 2688 3074; x_wconf 84' lang='grc' dir='ltr'>σκοπδς</span> <span class='ocrx_word' id='word_1_660' title='bbox 2715 3011 2929 3079; x_wconf 86' lang='grc' dir='ltr'>γένοιτο</span> <span class='ocrx_word' id='word_1_661' title='bbox 2958 3013 3026 3066; x_wconf 79' lang='grc' dir='ltr'>ἂν</span> <span class='ocrx_word' id='word_1_662' title='bbox 3055 3008 3113 3066; x_wconf 81' lang='grc' dir='ltr'>εὖ</span> <span class='ocrx_word' id='word_1_663' title='bbox 3157 3014 3303 3083; x_wconf 84' lang='grc' dir='ltr'>μάλα</span> <span class='ocrx_word' id='word_1_664' title='bbox 3339 3015 3397 3068; x_wconf 79' lang='grc' dir='ltr'>ἐν</span> <span class='ocrx_word' id='word_1_665' title='bbox 3442 3016 3656 3079; x_wconf 78' lang='grc' dir='ltr'>τούτοις</span> <span class='ocrx_word' id='word_1_666' title='bbox 3678 3017 3896 3084; x_wconf 67' lang='grc' dir='ltr'>διατρα-</span> 
     </span>
    </p>
   </div>
   <div class='ocr_carea' id='block_1_87' title="bbox 2279 3097 3898 3174">
    <p class='ocr_par' dir='ltr' id='par_1_87' title="bbox 2279 3097 3898 3174">
     <span class='ocr_line' id='line_1_89' title="bbox 2279 3097 3898 3174; baseline 0.004 -22"><span class='ocrx_word' id='word_1_667' title='bbox 2279 3099 2368 3163; x_wconf 79' lang='grc' dir='ltr'>νὲς</span> <span class='ocrx_word' id='word_1_668' title='bbox 2384 3097 2495 3170; x_wconf 77' lang='grc' dir='ltr'>[γρ.</span> <span class='ocrx_word' id='word_1_669' title='bbox 2515 3099 2826 3172; x_wconf 80' lang='grc' dir='ltr'>διαφανής].</span> <span class='ocrx_word' id='word_1_670' title='bbox 2846 3101 3177 3174; x_wconf 77' lang='grc' dir='ltr'>’ἰσχνότερον</span> <span class='ocrx_word' id='word_1_671' title='bbox 3197 3103 3254 3156; x_wconf 77' lang='grc' dir='ltr'>δὲ</span> <span class='ocrx_word' id='word_1_672' title='bbox 3273 3103 3343 3157; x_wconf 81' lang='grc' dir='ltr'><strong>τὰ</strong></span> <span class='ocrx_word' id='word_1_673' title='bbox 3361 3106 3418 3157; x_wconf 83' lang='grc' dir='ltr'>ἐν</span> <span class='ocrx_word' id='word_1_674' title='bbox 3444 3105 3591 3174; x_wconf 79' lang='grc' dir='ltr'>αὐτῷ</span> <span class='ocrx_word' id='word_1_675' title='bbox 3611 3106 3898 3159; x_wconf 69' lang='grc' dir='ltr'>διαπτύετ-</span> 
     </span>
    </p>
   </div>
   <div class='ocr_carea' id='block_1_88' title="bbox 2281 3193 3894 3267">
    <p class='ocr_par' dir='ltr' id='par_1_88' title="bbox 2281 3193 3894 3267">
     <span class='ocr_line' id='line_1_90' title="bbox 2281 3193 3894 3267; baseline 0.004 -25"><span class='ocrx_word' id='word_1_676' title='bbox 2281 3206 2486 3256; x_wconf 86' lang='grc' dir='ltr'>σοντες,</span> <span class='ocrx_word' id='word_1_677' title='bbox 2523 3193 2700 3246; x_wconf 79' lang='grc' dir='ltr'>ὲκεῖνό</span> <span class='ocrx_word' id='word_1_678' title='bbox 2733 3211 2947 3264; x_wconf 84' lang='grc' dir='ltr'>φαμεν·</span> <span class='ocrx_word' id='word_1_679' title='bbox 3009 3195 3067 3248; x_wconf 86' lang='grc'><strong>’0</strong></span> <span class='ocrx_word' id='word_1_680' title='bbox 3101 3197 3198 3266; x_wconf 86' lang='grc' dir='ltr'>μὲν</span> <span class='ocrx_word' id='word_1_681' title='bbox 3229 3195 3339 3267; x_wconf 83' lang='grc' dir='ltr'><strong>γὰρ</strong></span> <span class='ocrx_word' id='word_1_682' title='bbox 3374 3195 3467 3248; x_wconf 79' lang='grc' dir='ltr'>τοῦ</span> <span class='ocrx_word' id='word_1_683' title='bbox 3499 3195 3692 3264; x_wconf 79' lang='grc' dir='ltr'>γένους</span> <span class='ocrx_word' id='word_1_684' title='bbox 3715 3197 3753 3260; x_wconf 81' lang='grc' dir='ltr'>ἡ</span> <span class='ocrx_word' id='word_1_685' title='bbox 3765 3197 3894 3266; x_wconf 80' lang='grc' dir='ltr'><strong>μῶν</strong></span> 
     </span>
    </p>
   </div>
   <div class='ocr_carea' id='block_1_89' title="bbox 2635 3284 3896 3358">
    <p class='ocr_par' dir='ltr' id='par_1_89' title="bbox 2635 3284 3896 3358">
     <span class='ocr_line' id='line_1_91' title="bbox 2635 3284 3896 3358; baseline 0.003 -21"><span class='ocrx_word' id='word_1_686' title='bbox 2635 3284 2808 3355; x_wconf 72' lang='grc' dir='ltr'>Ἀδὰμ</span> <span class='ocrx_word' id='word_1_687' title='bbox 2836 3286 2928 3338; x_wconf 80' lang='grc' dir='ltr'><strong>τὸν</strong></span> <span class='ocrx_word' id='word_1_688' title='bbox 2959 3285 3023 3340; x_wconf 79' lang='grc' dir='ltr'>ὲκ</span> <span class='ocrx_word' id='word_1_689' title='bbox 3047 3289 3147 3358; x_wconf 76' lang='grc' dir='ltr'>τῆς</span> <span class='ocrx_word' id='word_1_690' title='bbox 3176 3287 3327 3349; x_wconf 87' lang='grc' dir='ltr'>θείας</span> <span class='ocrx_word' id='word_1_691' title='bbox 3352 3288 3494 3358; x_wconf 81' lang='grc' dir='ltr'>ἀρᾶς</span> <span class='ocrx_word' id='word_1_692' title='bbox 3525 3288 3691 3340; x_wconf 77' lang='grc' dir='ltr'>ὑπέδυ</span> <span class='ocrx_word' id='word_1_693' title='bbox 3711 3288 3896 3341; x_wconf 71' lang='grc' dir='ltr'>θάνα-</span> 
     </span>
    </p>
   </div>
   <div class='ocr_carea' id='block_1_90' title="bbox 2278 3373 3893 3449">
    <p class='ocr_par' dir='ltr' id='par_1_90' title="bbox 2278 3373 3893 3449">
     <span class='ocr_line' id='line_1_92' title="bbox 2278 3373 3893 3449; baseline 0.006 -24"><span class='ocrx_word' id='word_1_694' title='bbox 2278 3389 2392 3438; x_wconf 85' lang='grc' dir='ltr'>τον,</span> <span class='ocrx_word' id='word_1_695' title='bbox 2421 3373 2512 3427; x_wconf 81' lang='grc' dir='ltr'><strong>διά</strong></span> <span class='ocrx_word' id='word_1_696' title='bbox 2543 3374 2636 3428; x_wconf 80' lang='grc' dir='ltr'>τοῦ</span> <span class='ocrx_word' id='word_1_697' title='bbox 2679 3375 2991 3445; x_wconf 83' lang='grc' dir='ltr'>παραλῦσαι</span> <span class='ocrx_word' id='word_1_698' title='bbox 3017 3377 3118 3449; x_wconf 82' lang='grc' dir='ltr'><strong>τὴν</strong></span> <span class='ocrx_word' id='word_1_699' title='bbox 3152 3377 3402 3431; x_wconf 87' lang='grc' dir='ltr'>δοθεῖσαν</span> <span class='ocrx_word' id='word_1_700' title='bbox 3433 3379 3675 3449; x_wconf 78' lang='grc' dir='ltr'>ἐντολήν,</span> <span class='ocrx_word' id='word_1_701' title='bbox 3713 3380 3893 3444; x_wconf 74' lang='grc' dir='ltr'>αὑτός</span> 
     </span>
    </p>
   </div>
   <div class='ocr_carea' id='block_1_91' title="bbox 2278 3464 3893 3540">
    <p class='ocr_par' dir='ltr' id='par_1_91' title="bbox 2278 3464 3893 3540">
     <span class='ocr_line' id='line_1_93' title="bbox 2278 3464 3893 3540; baseline 0.005 -24"><span class='ocrx_word' id='word_1_702' title='bbox 2278 3479 2340 3516; x_wconf 88' lang='grc' dir='ltr'><strong>τε</strong></span> <span class='ocrx_word' id='word_1_703' title='bbox 2384 3464 2475 3534; x_wconf 80' lang='grc' dir='ltr'><strong>ὑφ’</strong></span> <span class='ocrx_word' id='word_1_704' title='bbox 2519 3465 2717 3518; x_wconf 81' lang='grc' dir='ltr'>ἑαυτοῦ</span> <span class='ocrx_word' id='word_1_705' title='bbox 2774 3468 2873 3520; x_wconf 71' lang='grc' dir='ltr'>καὶ</span> <span class='ocrx_word' id='word_1_706' title='bbox 2909 3467 3006 3520; x_wconf 83' lang='grc' dir='ltr'>τοῦ</span> <span class='ocrx_word' id='word_1_707' title='bbox 3067 3467 3317 3522; x_wconf 77' lang='grc' dir='ltr'>διαϐόλου</span> <span class='ocrx_word' id='word_1_708' title='bbox 3373 3469 3893 3540; x_wconf 81' lang='grc' dir='ltr'>κατηγορούμενος,</span> 
     </span>
    </p>
   </div>
   <div class='ocr_carea' id='block_1_92' title="bbox 2281 3553 3892 3629">
    <p class='ocr_par' dir='ltr' id='par_1_92' title="bbox 2281 3553 3892 3629">
     <span class='ocr_line' id='line_1_94' title="bbox 2281 3553 3892 3629; baseline 0.004 -20"><span class='ocrx_word' id='word_1_709' title='bbox 2281 3556 2531 3626; x_wconf 81' lang='grc' dir='ltr'>φαίνεταί</span> <span class='ocrx_word' id='word_1_710' title='bbox 2559 3574 2624 3626; x_wconf 76' lang='grc' dir='ltr'><strong>γε</strong></span> <span class='ocrx_word' id='word_1_711' title='bbox 2657 3557 2762 3629; x_wconf 79' lang='grc' dir='ltr'><strong>μὴν</strong></span> <span class='ocrx_word' id='word_1_712' title='bbox 2799 3560 2887 3612; x_wconf 72' lang='grc' dir='ltr'><strong>ἐπ’</strong></span> <span class='ocrx_word' id='word_1_713' title='bbox 2925 3553 3169 3627; x_wconf 69' lang='grc' dir='ltr'>εὐλόγοις</span> <span class='ocrx_word' id='word_1_714' title='bbox 3207 3558 3370 3612; x_wconf 84' lang='grc' dir='ltr'>τοῦτο</span> <span class='ocrx_word' id='word_1_715' title='bbox 3400 3559 3594 3614; x_wconf 88' lang='grc' dir='ltr'>παθὼν</span> <span class='ocrx_word' id='word_1_716' title='bbox 3629 3560 3853 3626; x_wconf 78' lang='grc' dir='ltr'>αἰτίαις</span> <span class='ocrx_word' id='word_1_717' title='bbox 3876 3580 3892 3593; x_wconf 78' lang='grc' dir='ltr'><strong><em>ο</em></strong></span> 
     </span>
    </p>
   </div>
   <div class='ocr_carea' id='block_1_93' title="bbox 2277 3648 3894 3722">
    <p class='ocr_par' dir='ltr' id='par_1_93' title="bbox 2277 3648 3894 3722">
     <span class='ocr_line' id='line_1_95' title="bbox 2277 3648 3894 3722; baseline 0.002 -21"><span class='ocrx_word' id='word_1_718' title='bbox 2277 3648 2469 3715; x_wconf 72' lang='grc' dir='ltr'>ἕψεται</span> <span class='ocrx_word' id='word_1_719' title='bbox 2498 3649 2604 3722; x_wconf 86' lang='grc' dir='ltr'><strong>γὰρ</strong></span> <span class='ocrx_word' id='word_1_720' title='bbox 2637 3651 2739 3702; x_wconf 79' lang='grc' dir='ltr'>οὐκ</span> <span class='ocrx_word' id='word_1_721' title='bbox 2761 3649 2963 3712; x_wconf 76' lang='grc' dir='ltr'>ἀδίκως</span> <span class='ocrx_word' id='word_1_722' title='bbox 2987 3652 3101 3712; x_wconf 82' lang='grc' dir='ltr'>τοῖς</span> <span class='ocrx_word' id='word_1_723' title='bbox 3127 3651 3191 3703; x_wconf 82' lang='grc' dir='ltr'>ὲκ</span> <span class='ocrx_word' id='word_1_724' title='bbox 3216 3649 3493 3722; x_wconf 78' lang='grc' dir='ltr'>ῥᾳθυμίας</span> <span class='ocrx_word' id='word_1_725' title='bbox 3520 3653 3894 3722; x_wconf 80' lang='grc' dir='ltr'>ἡμαρτηκόσι</span> 
     </span>
    </p>
   </div>
   <div class='ocr_carea' id='block_1_94' title="bbox 2278 3738 3889 3813">
    <p class='ocr_par' dir='ltr' id='par_1_94' title="bbox 2278 3738 3889 3813">
     <span class='ocr_line' id='line_1_96' title="bbox 2278 3738 3889 3813; baseline 0.001 -20"><span class='ocrx_word' id='word_1_726' title='bbox 2278 3740 2340 3793; x_wconf 77' lang='grc' dir='ltr'>τὸ</span> <span class='ocrx_word' id='word_1_727' title='bbox 2360 3738 2690 3804; x_wconf 79' lang='grc' dir='ltr'>κολάξεσθαι</span> <span class='ocrx_word' id='word_1_728' title='bbox 2709 3740 2842 3794; x_wconf 82' lang='grc' dir='ltr'>δεῖν.</span> <span class='ocrx_word' id='word_1_729' title='bbox 2868 3741 2925 3794; x_wconf 88' lang='lat'><strong>&#39;0</strong></span> <span class='ocrx_word' id='word_1_730' title='bbox 2946 3740 3001 3794; x_wconf 66' lang='grc' dir='ltr'>δὲ</span> <span class='ocrx_word' id='word_1_731' title='bbox 3029 3740 3283 3813; x_wconf 89' lang='grc' dir='ltr'>δεύτερος</span> <span class='ocrx_word' id='word_1_732' title='bbox 3310 3742 3505 3813; x_wconf 77' lang='grc' dir='ltr'>Ἀδὰμ,</span> <span class='ocrx_word' id='word_1_733' title='bbox 3531 3742 3680 3796; x_wconf 79' lang='grc' dir='ltr'>τοῦτ’</span> <span class='ocrx_word' id='word_1_734' title='bbox 3703 3744 3889 3809; x_wconf 77' lang='grc' dir='ltr'>ἔστιν,</span> 
     </span>
    </p>
   </div>
   <div class='ocr_carea' id='block_1_95' title="bbox 2278 3831 3890 3907">
    <p class='ocr_par' dir='ltr' id='par_1_95' title="bbox 2278 3831 3890 3907">
     <span class='ocr_line' id='line_1_97' title="bbox 2278 3831 3890 3907; baseline 0.003 -22"><span class='ocrx_word' id='word_1_735' title='bbox 2278 3833 2306 3885; x_wconf 81' lang='grc'>6</span> <span class='ocrx_word' id='word_1_736' title='bbox 2323 3831 2528 3903; x_wconf 81' lang='grc' dir='ltr'>Κύριος</span> <span class='ocrx_word' id='word_1_737' title='bbox 2555 3832 2713 3904; x_wconf 86' lang='grc' dir='ltr'>ήμῶν</span> <span class='ocrx_word' id='word_1_738' title='bbox 2747 3832 2957 3904; x_wconf 77' lang='grc' dir='ltr'>Ἰησοῦς</span> <span class='ocrx_word' id='word_1_739' title='bbox 2983 3835 3012 3887; x_wconf 88' lang='grc' dir='ltr'><strong>ό</strong></span> <span class='ocrx_word' id='word_1_740' title='bbox 3033 3834 3290 3904; x_wconf 75' lang='grc' dir='ltr'>Χριστὸς,</span> <span class='ocrx_word' id='word_1_741' title='bbox 3331 3835 3418 3887; x_wconf 76' lang='grc' dir='ltr'><strong>ἐπ’</strong></span> <span class='ocrx_word' id='word_1_742' title='bbox 3447 3834 3625 3889; x_wconf 79' lang='grc' dir='ltr'>οὐδενὶ</span> <span class='ocrx_word' id='word_1_743' title='bbox 3651 3835 3716 3888; x_wconf 82' lang='grc' dir='ltr'><strong>τὺ</strong></span> <span class='ocrx_word' id='word_1_744' title='bbox 3735 3835 3890 3907; x_wconf 80' lang='grc' dir='ltr'>σύμ-</span> 
     </span>
    </p>
   </div>
   <div class='ocr_carea' id='block_1_96' title="bbox 2281 3925 3888 4000">
    <p class='ocr_par' dir='ltr' id='par_1_96' title="bbox 2281 3925 3888 4000">
     <span class='ocr_line' id='line_1_98' title="bbox 2281 3925 3888 4000; baseline 0.001 -22"><span class='ocrx_word' id='word_1_745' title='bbox 2281 3941 2389 3978; x_wconf 89' lang='grc' dir='ltr'>παν</span> <span class='ocrx_word' id='word_1_746' title='bbox 2430 3925 2858 3996; x_wconf 82' lang='grc' dir='ltr'>κατηγορεῖσθαι</span> <span class='ocrx_word' id='word_1_747' title='bbox 2905 3925 3246 3996; x_wconf 80' lang='grc' dir='ltr'>δυνάμενοςο</span> <span class='ocrx_word' id='word_1_748' title='bbox 3295 3946 3315 3977; x_wconf 79' lang='grc' dir='ltr'><strong>ι</strong></span> <span class='ocrx_word' id='word_1_749' title='bbox 3345 3926 3420 3979; x_wconf 83' lang='grc' dir='ltr'><strong>Ού</strong></span> <span class='ocrx_word' id='word_1_750' title='bbox 3465 3926 3579 4000; x_wconf 78' lang='grc' dir='ltr'><strong>γὰρ</strong></span> <span class='ocrx_word' id='word_1_751' title='bbox 3615 3928 3888 3998; x_wconf 71' lang='grc' dir='ltr'>ἐποίησεν</span> 
     </span>
    </p>
   </div>
   <div class='ocr_carea' id='block_1_97' title="bbox 2279 4016 3880 4091">
    <p class='ocr_par' dir='ltr' id='par_1_97' title="bbox 2279 4016 3880 4091">
     <span class='ocr_line' id='line_1_99' title="bbox 2279 4016 3880 4091; baseline 0.002 -21"><span class='ocrx_word' id='word_1_752' title='bbox 2279 4017 2576 4088; x_wconf 81' lang='grc' dir='ltr'>ἁμαρτίαν,</span> <span class='ocrx_word' id='word_1_753' title='bbox 2607 4018 2729 4070; x_wconf 75' lang='grc' dir='ltr'>οὐδὲ</span> <span class='ocrx_word' id='word_1_754' title='bbox 2757 4016 2956 4088; x_wconf 81' lang='grc' dir='ltr'>εὑρέθη</span> <span class='ocrx_word' id='word_1_755' title='bbox 2987 4017 3142 4081; x_wconf 82' lang='grc' dir='ltr'>δόλος</span> <span class='ocrx_word' id='word_1_756' title='bbox 3167 4018 3228 4071; x_wconf 77' lang='grc' dir='ltr'>ἐν</span> <span class='ocrx_word' id='word_1_757' title='bbox 3244 4017 3323 4089; x_wconf 86' lang='grc' dir='ltr'>τῷ</span> <span class='ocrx_word' id='word_1_758' title='bbox 3348 4018 3584 4091; x_wconf 72' lang='grc' dir='ltr'>στόματι</span> <span class='ocrx_word' id='word_1_759' title='bbox 3631 4021 3835 4083; x_wconf 69' lang='grc' dir='ltr'>αὐτοῦ,</span> <span class='ocrx_word' id='word_1_760' title='bbox 3861 4041 3880 4073; x_wconf 75' lang='grc' dir='ltr'><strong>ι</strong></span> 
     </span>
    </p>
   </div>
   <div class='ocr_carea' id='block_1_98' title="bbox 2277 4109 3886 4182">
    <p class='ocr_par' dir='ltr' id='par_1_98' title="bbox 2277 4109 3886 4182">
     <span class='ocr_line' id='line_1_100' title="bbox 2277 4109 3886 4182; baseline 0.001 -19"><span class='ocrx_word' id='word_1_761' title='bbox 2277 4110 2339 4163; x_wconf 79' lang='grc' dir='ltr'>τὸ</span> <span class='ocrx_word' id='word_1_762' title='bbox 2373 4111 2512 4182; x_wconf 73' lang='grc' dir='ltr'>ὑπὲρ</span> <span class='ocrx_word' id='word_1_763' title='bbox 2547 4111 2707 4182; x_wconf 77' lang='grc' dir='ltr'>ἡμῶν</span> <span class='ocrx_word' id='word_1_764' title='bbox 2743 4109 2951 4180; x_wconf 82' lang='grc' dir='ltr'>ὑπέστη</span> <span class='ocrx_word' id='word_1_765' title='bbox 2991 4109 3196 4175; x_wconf 82' lang='grc' dir='ltr'>πάθος,</span> <span class='ocrx_word' id='word_1_766' title='bbox 3247 4109 3573 4175; x_wconf 82' lang='grc' dir='ltr'>άνυπαίτιος</span> <span class='ocrx_word' id='word_1_767' title='bbox 3615 4113 3716 4182; x_wconf 72' lang='grc' dir='ltr'>μὲν</span> <span class='ocrx_word' id='word_1_768' title='bbox 3771 4113 3886 4165; x_wconf 77' lang='grc' dir='ltr'><strong>ὑπ-</strong></span> 
     </span>
    </p>
   </div>
   <div class='ocr_carea' id='block_1_99' title="bbox 2283 4200 3881 4274">
    <p class='ocr_par' dir='ltr' id='par_1_99' title="bbox 2283 4200 3881 4274">
     <span class='ocr_line' id='line_1_101' title="bbox 2283 4200 3881 4274; baseline 0.002 -19"><span class='ocrx_word' id='word_1_769' title='bbox 2283 4201 2468 4274; x_wconf 83' lang='grc' dir='ltr'>άρχων</span> <span class='ocrx_word' id='word_1_770' title='bbox 2496 4201 2565 4254; x_wconf 66' lang='grc' dir='ltr'>δι’</span> <span class='ocrx_word' id='word_1_771' title='bbox 2592 4200 2786 4255; x_wconf 73' lang='grc' dir='ltr'>ἑαυτὸν</span> <span class='ocrx_word' id='word_1_772' title='bbox 2813 4200 3116 4266; x_wconf 82' lang='grc' dir='ltr'>παντελῶς,</span> <span class='ocrx_word' id='word_1_773' title='bbox 3139 4200 3458 4274; x_wconf 80' lang='grc' dir='ltr'>ἀντίλυτρον</span> <span class='ocrx_word' id='word_1_774' title='bbox 3484 4201 3543 4255; x_wconf 75' lang='grc' dir='ltr'>δὲ</span> <span class='ocrx_word' id='word_1_775' title='bbox 3566 4203 3667 4274; x_wconf 84' lang='grc' dir='ltr'>τῆς</span> <span class='ocrx_word' id='word_1_776' title='bbox 3697 4203 3881 4258; x_wconf 74' lang='grc' dir='ltr'>ἀπάν-</span> 
     </span>
    </p>
   </div>
   <div class='ocr_carea' id='block_1_100' title="bbox 2277 4288 3877 4363">
    <p class='ocr_par' dir='ltr' id='par_1_100' title="bbox 2277 4288 3877 4363">
     <span class='ocr_line' id='line_1_102' title="bbox 2277 4288 3877 4363; baseline 0.001 -20"><span class='ocrx_word' id='word_1_777' title='bbox 2277 4307 2386 4344; x_wconf 88' lang='grc' dir='ltr'>των</span> <span class='ocrx_word' id='word_1_778' title='bbox 2419 4289 2563 4361; x_wconf 84' lang='grc' dir='ltr'>ζωῆς</span> <span class='ocrx_word' id='word_1_779' title='bbox 2591 4289 2783 4343; x_wconf 78' lang='grc' dir='ltr'>ὲαυτδν</span> <span class='ocrx_word' id='word_1_780' title='bbox 2809 4288 2889 4359; x_wconf 81' lang='grc' dir='ltr'><strong>τῷ</strong></span> <span class='ocrx_word' id='word_1_781' title='bbox 2918 4289 3095 4360; x_wconf 76' lang='grc' dir='ltr'>Πατρὶ</span> <span class='ocrx_word' id='word_1_782' title='bbox 3126 4289 3614 4362; x_wconf 82' lang='grc' dir='ltr'>προσκεκομικὼς,</span> <span class='ocrx_word' id='word_1_783' title='bbox 3645 4293 3877 4363; x_wconf 62' lang='grc' dir='ltr'>ὲπειδήυ</span> 
     </span>
    </p>
   </div>
   <div class='ocr_carea' id='block_1_101' title="bbox 2278 4379 3876 4454">
    <p class='ocr_par' dir='ltr' id='par_1_101' title="bbox 2278 4379 3876 4454">
     <span class='ocr_line' id='line_1_103' title="bbox 2278 4379 3876 4454; baseline 0.002 -20"><span class='ocrx_word' id='word_1_784' title='bbox 2278 4398 2386 4452; x_wconf 88' lang='grc' dir='ltr'><strong>περ</strong></span> <span class='ocrx_word' id='word_1_785' title='bbox 2425 4381 2616 4452; x_wconf 80' lang='grc' dir='ltr'>ἀγαπᾷ</span> <span class='ocrx_word' id='word_1_786' title='bbox 2652 4379 2744 4434; x_wconf 79' lang='grc' dir='ltr'><strong>τὸν</strong></span> <span class='ocrx_word' id='word_1_787' title='bbox 2774 4380 2998 4451; x_wconf 71' lang='grc' dir='ltr'>’Πατέρα</span> <span class='ocrx_word' id='word_1_788' title='bbox 3039 4381 3138 4452; x_wconf 76' lang='grc' dir='ltr'><strong>τὴν</strong></span> <span class='ocrx_word' id='word_1_789' title='bbox 3179 4381 3276 4435; x_wconf 77' lang='grc' dir='ltr'><strong>τοῦ</strong></span> <span class='ocrx_word' id='word_1_790' title='bbox 3315 4381 3524 4452; x_wconf 78' lang='grc' dir='ltr'>κόσμου</span> <span class='ocrx_word' id='word_1_791' title='bbox 3564 4382 3876 4454; x_wconf 83' lang='grc' dir='ltr'>διψήσαντα</span> 
     </span>
    </p>
   </div>
   <div class='ocr_carea' id='block_1_102' title="bbox 2279 4469 3874 4544">
    <p class='ocr_par' dir='ltr' id='par_1_102' title="bbox 2279 4469 3874 4544">
     <span class='ocr_line' id='line_1_104' title="bbox 2279 4469 3874 4544; baseline 0.003 -21"><span class='ocrx_word' id='word_1_792' title='bbox 2279 4470 2575 4542; x_wconf 87' lang='grc' dir='ltr'>σωτηρίαν.</span> <span class='ocrx_word' id='word_1_793' title='bbox 2627 4469 2734 4523; x_wconf 87' lang='grc' dir='ltr'>Τοῦ</span> <span class='ocrx_word' id='word_1_794' title='bbox 2759 4471 2820 4523; x_wconf 87' lang='grc' dir='ltr'>δὲ</span> <span class='ocrx_word' id='word_1_795' title='bbox 2847 4469 3176 4537; x_wconf 85' lang='grc' dir='ltr'>ἀγαπῶντος</span> <span class='ocrx_word' id='word_1_796' title='bbox 3225 4470 3318 4524; x_wconf 78' lang='grc' dir='ltr'>τὸν</span> <span class='ocrx_word' id='word_1_797' title='bbox 3348 4472 3577 4544; x_wconf 77' lang='grc' dir='ltr'>Πατέρα</span> <span class='ocrx_word' id='word_1_798' title='bbox 3597 4512 3613 4536; x_wconf 92' lang='grc'><strong>,</strong></span> <span class='ocrx_word' id='word_1_799' title='bbox 3649 4475 3874 4537; x_wconf 82' lang='grc' dir='ltr'>πάντως</span> 
     </span>
    </p>
   </div>
   <div class='ocr_carea' id='block_1_103' title="bbox 2278 4556 3870 4632">
    <p class='ocr_par' dir='ltr' id='par_1_103' title="bbox 2278 4556 3870 4632">
     <span class='ocr_line' id='line_1_105' title="bbox 2278 4556 3870 4632; baseline 0.001 -17"><span class='ocrx_word' id='word_1_800' title='bbox 2278 4561 2449 4632; x_wconf 82' lang='grc' dir='ltr'>δήπου</span> <span class='ocrx_word' id='word_1_801' title='bbox 2475 4562 2571 4616; x_wconf 80' lang='grc' dir='ltr'>καὶ</span> <span class='ocrx_word' id='word_1_802' title='bbox 2599 4561 2760 4632; x_wconf 84' lang='grc' dir='ltr'>ἔργον</span> <span class='ocrx_word' id='word_1_803' title='bbox 2780 4556 2848 4632; x_wconf 76' lang='grc' dir='ltr'>ἦν</span> <span class='ocrx_word' id='word_1_804' title='bbox 2869 4561 2929 4614; x_wconf 85' lang='grc' dir='ltr'>τὸ</span> <span class='ocrx_word' id='word_1_805' title='bbox 2955 4561 3146 4615; x_wconf 81' lang='grc' dir='ltr'>δοκοῦν</span> <span class='ocrx_word' id='word_1_806' title='bbox 3164 4562 3335 4632; x_wconf 80' lang='grc' dir='ltr'>αὐτῷ,</span> <span class='ocrx_word' id='word_1_807' title='bbox 3355 4565 3450 4616; x_wconf 72' lang='grc' dir='ltr'>καὶ</span> <span class='ocrx_word' id='word_1_808' title='bbox 3473 4564 3534 4616; x_wconf 73' lang='grc' dir='ltr'>ἐν</span> <span class='ocrx_word' id='word_1_809' title='bbox 3553 4567 3667 4626; x_wconf 84' lang='grc' dir='ltr'>τοῖς</span> <span class='ocrx_word' id='word_1_810' title='bbox 3696 4566 3870 4632; x_wconf 75' lang='grc' dir='ltr'>άναγο</span> 
     </span>
    </p>
   </div>
   <div class='ocr_carea' id='block_1_104' title="bbox 2205 4645 3870 4725">
    <p class='ocr_par' dir='ltr' id='par_1_104' title="bbox 2205 4645 3870 4725">
     <span class='ocr_line' id='line_1_106' title="bbox 2205 4645 3870 4725; baseline 0.002 -21"><span class='ocrx_word' id='word_1_811' title='bbox 2205 4645 2251 4703; x_wconf 84' lang='grc' dir='ltr'>ι)</span> <span class='ocrx_word' id='word_1_812' title='bbox 2281 4653 2457 4718; x_wconf 72' lang='grc' dir='ltr'>χαίοις</span> <span class='ocrx_word' id='word_1_813' title='bbox 2483 4652 2862 4724; x_wconf 74' lang='grc' dir='ltr'>λελογισμένον</span> <span class='ocrx_word' id='word_1_814' title='bbox 2882 4691 2897 4716; x_wconf 89' lang='grc'><strong>,</strong></span> <span class='ocrx_word' id='word_1_815' title='bbox 2955 4655 3029 4723; x_wconf 82' lang='grc' dir='ltr'>μὴ</span> <span class='ocrx_word' id='word_1_816' title='bbox 3057 4655 3190 4725; x_wconf 80' lang='grc' dir='ltr'>παρ’</span> <span class='ocrx_word' id='word_1_817' title='bbox 3233 4654 3388 4708; x_wconf 80' lang='grc' dir='ltr'>οὐδὲν</span> <span class='ocrx_word' id='word_1_818' title='bbox 3423 4655 3679 4725; x_wconf 78' lang='grc' dir='ltr'>ἡγεῖσθαι</span> <span class='ocrx_word' id='word_1_819' title='bbox 3732 4657 3870 4725; x_wconf 59' lang='grc' dir='ltr'>μᾶλα</span> 
     </span>
    </p>
   </div>
   <div class='ocr_carea' id='block_1_105' title="bbox 2279 4743 3870 4814">
    <p class='ocr_par' dir='ltr' id='par_1_105' title="bbox 2279 4743 3870 4814">
     <span class='ocr_line' id='line_1_107' title="bbox 2279 4743 3870 4814; baseline 0.003 -19"><span class='ocrx_word' id='word_1_820' title='bbox 2279 4743 2391 4806; x_wconf 90' lang='grc' dir='ltr'>λον,</span> <span class='ocrx_word' id='word_1_821' title='bbox 2449 4743 2589 4798; x_wconf 79' lang='grc' dir='ltr'>ἀλλὰ</span> <span class='ocrx_word' id='word_1_822' title='bbox 2641 4745 2722 4807; x_wconf 84' lang='grc' dir='ltr'><strong>είς</strong></span> <span class='ocrx_word' id='word_1_823' title='bbox 2750 4745 2925 4814; x_wconf 77' lang='grc' dir='ltr'>πέρας</span> <span class='ocrx_word' id='word_1_824' title='bbox 2949 4743 3105 4812; x_wconf 77' lang='grc' dir='ltr'>ἄγειν</span> <span class='ocrx_word' id='word_1_825' title='bbox 3139 4745 3477 4812; x_wconf 75' lang='grc' dir='ltr'>ἐπείγεσθαι.</span> <span class='ocrx_word' id='word_1_826' title='bbox 3525 4748 3592 4799; x_wconf 89' lang='grc' dir='ltr'>Τί</span> <span class='ocrx_word' id='word_1_827' title='bbox 3620 4747 3676 4800; x_wconf 84' lang='grc' dir='ltr'>δὲ</span> <span class='ocrx_word' id='word_1_828' title='bbox 3709 4747 3870 4800; x_wconf 75' lang='grc' dir='ltr'>τοῦτο</span> 
     </span>
    </p>
   </div>
   <div class='ocr_carea' id='block_1_106' title="bbox 2275 4829 3867 4906">
    <p class='ocr_par' dir='ltr' id='par_1_106' title="bbox 2275 4829 3867 4906">
     <span class='ocr_line' id='line_1_108' title="bbox 2275 4829 3867 4906; baseline 0.003 -21"><span class='ocrx_word' id='word_1_829' title='bbox 2275 4829 2378 4904; x_wconf 77' lang='grc' dir='ltr'>ἧνς</span> <span class='ocrx_word' id='word_1_830' title='bbox 2433 4832 2696 4903; x_wconf 83' lang='grc' dir='ltr'>Ἦθέλησε</span> <span class='ocrx_word' id='word_1_831' title='bbox 2743 4832 2836 4885; x_wconf 78' lang='grc' dir='ltr'>τὸν</span> <span class='ocrx_word' id='word_1_832' title='bbox 2867 4831 2996 4886; x_wconf 83' lang='grc' dir='ltr'>ίδιον</span> <span class='ocrx_word' id='word_1_833' title='bbox 3026 4833 3188 4898; x_wconf 80' lang='grc' dir='ltr'>Υίὸν,</span> <span class='ocrx_word' id='word_1_834' title='bbox 3241 4834 3419 4888; x_wconf 84' lang='grc' dir='ltr'>καίτοι</span> <span class='ocrx_word' id='word_1_835' title='bbox 3455 4835 3780 4906; x_wconf 48' lang='grc' dir='ltr'>σύμμορῷν</span> <span class='ocrx_word' id='word_1_836' title='bbox 3806 4839 3867 4889; x_wconf 79' lang='grc' dir='ltr'><strong>τέ</strong></span> 
     </span>
    </p>
   </div>
   <div class='ocr_carea' id='block_1_107' title="bbox 2277 4921 3866 4996">
    <p class='ocr_par' dir='ltr' id='par_1_107' title="bbox 2277 4921 3866 4996">
     <span class='ocr_line' id='line_1_109' title="bbox 2277 4921 3866 4996; baseline 0.003 -22"><span class='ocrx_word' id='word_1_837' title='bbox 2277 4921 2416 4992; x_wconf 81' lang='grc' dir='ltr'>ἔχων</span> <span class='ocrx_word' id='word_1_838' title='bbox 2449 4923 2610 4976; x_wconf 76' lang='grc' dir='ltr'>αὑτὸν</span> <span class='ocrx_word' id='word_1_839' title='bbox 2629 4965 2644 4988; x_wconf 88' lang='grc'><strong>,</strong></span> <span class='ocrx_word' id='word_1_840' title='bbox 2673 4922 2768 4975; x_wconf 67' lang='grc' dir='ltr'>καὶ</span> <span class='ocrx_word' id='word_1_841' title='bbox 2799 4924 2866 4992; x_wconf 81' lang='grc' dir='ltr'><strong>τῇ</strong></span> <span class='ocrx_word' id='word_1_842' title='bbox 2899 4923 3038 4976; x_wconf 84' lang='grc' dir='ltr'>κατὰ</span> <span class='ocrx_word' id='word_1_843' title='bbox 3069 4926 3180 4977; x_wconf 82' lang='grc' dir='ltr'>πᾶν</span> <span class='ocrx_word' id='word_1_844' title='bbox 3215 4925 3422 4994; x_wconf 70' lang='grc' dir='ltr'>ἰσότητι</span> <span class='ocrx_word' id='word_1_845' title='bbox 3453 4925 3756 4996; x_wconf 80' lang='grc' dir='ltr'>διαπρεπῆ,</span> <span class='ocrx_word' id='word_1_846' title='bbox 3783 4928 3866 4987; x_wconf 78' lang='grc' dir='ltr'><strong>εἰς</strong></span> 
     </span>
    </p>
   </div>
   <div class='ocr_carea' id='block_1_108' title="bbox 2274 5011 3864 5086">
    <p class='ocr_par' dir='ltr' id='par_1_108' title="bbox 2274 5011 3864 5086">
     <span class='ocr_line' id='line_1_110' title="bbox 2274 5011 3864 5086; baseline 0.001 -22"><span class='ocrx_word' id='word_1_847' title='bbox 2274 5011 2542 5083; x_wconf 83' lang='grc' dir='ltr'>τοσαύτην</span> <span class='ocrx_word' id='word_1_848' title='bbox 2585 5011 2888 5082; x_wconf 79' lang='grc' dir='ltr'>καταϐῆναι</span> <span class='ocrx_word' id='word_1_849' title='bbox 2929 5013 3260 5067; x_wconf 86' lang='grc' dir='ltr'>ταπείνωσιν</span> <span class='ocrx_word' id='word_1_850' title='bbox 3312 5014 3388 5078; x_wconf 77' lang='grc' dir='ltr'>ὡς</span> <span class='ocrx_word' id='word_1_851' title='bbox 3437 5017 3534 5068; x_wconf 74' lang='grc' dir='ltr'>καὶ</span> <span class='ocrx_word' id='word_1_852' title='bbox 3573 5015 3864 5086; x_wconf 71' lang='grc' dir='ltr'>ἄνθρωποι</span> 
     </span>
    </p>
   </div>
   <div class='ocr_carea' id='block_1_109' title="bbox 2273 5099 3864 5176">
    <p class='ocr_par' dir='ltr' id='par_1_109' title="bbox 2273 5099 3864 5176">
     <span class='ocr_line' id='line_1_111' title="bbox 2273 5099 3864 5176; baseline 0.006 -25"><span class='ocrx_word' id='word_1_853' title='bbox 2273 5099 2531 5166; x_wconf 84' lang='grc' dir='ltr'>γενέσθαι.</span> <span class='ocrx_word' id='word_1_854' title='bbox 2565 5100 2633 5152; x_wconf 83' lang='grc' dir='ltr'><strong>δι’</strong></span> <span class='ocrx_word' id='word_1_855' title='bbox 2660 5101 2840 5170; x_wconf 78' lang='grc' dir='ltr'>ἡμᾶς,</span> <span class='ocrx_word' id='word_1_856' title='bbox 2881 5101 2977 5154; x_wconf 74' lang='grc' dir='ltr'>καὶ</span> <span class='ocrx_word' id='word_1_857' title='bbox 3002 5100 3094 5154; x_wconf 80' lang='grc' dir='ltr'>τὸν</span> <span class='ocrx_word' id='word_1_858' title='bbox 3123 5103 3264 5174; x_wconf 79' lang='grc' dir='ltr'>ὑπὲρ</span> <span class='ocrx_word' id='word_1_859' title='bbox 3292 5103 3400 5156; x_wconf 83' lang='grc' dir='ltr'><strong>τῶν</strong></span> <span class='ocrx_word' id='word_1_860' title='bbox 3432 5105 3690 5158; x_wconf 78' lang='grc' dir='ltr'>ἁπάντων</span> <span class='ocrx_word' id='word_1_861' title='bbox 3720 5105 3864 5176; x_wconf 75' lang='grc' dir='ltr'>ζωῆς</span> 
     </span>
    </p>
   </div>
   <div class='ocr_carea' id='block_1_110' title="bbox 2273 5191 3866 5266">
    <p class='ocr_par' dir='ltr' id='par_1_110' title="bbox 2273 5191 3866 5266">
     <span class='ocr_line' id='line_1_112' title="bbox 2273 5191 3866 5266; baseline 0.003 -22"><span class='ocrx_word' id='word_1_862' title='bbox 2273 5194 2349 5263; x_wconf 83' lang='grc' dir='ltr'>μὴ</span> <span class='ocrx_word' id='word_1_863' title='bbox 2376 5192 2702 5262; x_wconf 82' lang='grc' dir='ltr'>ὲρυθριάσαι</span> <span class='ocrx_word' id='word_1_864' title='bbox 2731 5191 2983 5246; x_wconf 85' lang='grc' dir='ltr'>θάνατον.</span> <span class='ocrx_word' id='word_1_865' title='bbox 3001 5193 3175 5248; x_wconf 77' lang='grc' dir='ltr'>Τοῦτο</span> <span class='ocrx_word' id='word_1_866' title='bbox 3205 5195 3487 5266; x_wconf 79' lang='grc' dir='ltr'>πέπρακεν</span> <span class='ocrx_word' id='word_1_867' title='bbox 3511 5196 3702 5260; x_wconf 81' lang='grc' dir='ltr'>ὁΥίὸς,</span> <span class='ocrx_word' id='word_1_868' title='bbox 3726 5199 3866 5262; x_wconf 80' lang='grc' dir='ltr'>ἀγα-</span> 
     </span>
    </p>
   </div>
   <div class='ocr_carea' id='block_1_111' title="bbox 2270 5283 3865 5358">
    <p class='ocr_par' dir='ltr' id='par_1_111' title="bbox 2270 5283 3865 5358">
     <span class='ocr_line' id='line_1_113' title="bbox 2270 5283 3865 5358; baseline 0.001 -20"><span class='ocrx_word' id='word_1_869' title='bbox 2270 5283 2388 5338; x_wconf 85' lang='grc' dir='ltr'><strong>πῶν</strong></span> <span class='ocrx_word' id='word_1_870' title='bbox 2423 5285 2516 5337; x_wconf 80' lang='grc' dir='ltr'><strong>τὺν</strong></span> <span class='ocrx_word' id='word_1_871' title='bbox 2540 5284 2878 5356; x_wconf 78' lang='grc' dir='ltr'>ἰἐννήτορα,</span> <span class='ocrx_word' id='word_1_872' title='bbox 2924 5285 3017 5338; x_wconf 79' lang='grc' dir='ltr'><strong>τὸν</strong></span> <span class='ocrx_word' id='word_1_873' title='bbox 3067 5286 3385 5339; x_wconf 73' lang='grc' dir='ltr'>ἐντετάλθαι</span> <span class='ocrx_word' id='word_1_874' title='bbox 3421 5287 3742 5358; x_wconf 75' lang='grc' dir='ltr'>λεγόμενον,</span> <span class='ocrx_word' id='word_1_875' title='bbox 3786 5287 3865 5349; x_wconf 76' lang='grc' dir='ltr'>ὡς</span> 
     </span>
    </p>
   </div>
   <div class='ocr_carea' id='block_1_112' title="bbox 2271 5371 3865 5447">
    <p class='ocr_par' dir='ltr' id='par_1_112' title="bbox 2271 5371 3865 5447">
     <span class='ocr_line' id='line_1_114' title="bbox 2271 5371 3865 5447; baseline 0.003 -23"><span class='ocrx_word' id='word_1_876' title='bbox 2271 5371 2380 5444; x_wconf 76' lang='grc' dir='ltr'>ἰδίᾳ</span> <span class='ocrx_word' id='word_1_877' title='bbox 2408 5372 2639 5442; x_wconf 86' lang='grc' dir='ltr'>δυνάμει</span> <span class='ocrx_word' id='word_1_878' title='bbox 2669 5373 2948 5443; x_wconf 87' lang='grc' dir='ltr'>νεκρῶσαι</span> <span class='ocrx_word' id='word_1_879' title='bbox 2985 5375 3084 5444; x_wconf 84' lang='grc' dir='ltr'>μὲν</span> <span class='ocrx_word' id='word_1_880' title='bbox 3123 5375 3200 5445; x_wconf 80' lang='grc' dir='ltr'>τῷ</span> <span class='ocrx_word' id='word_1_881' title='bbox 3225 5378 3323 5446; x_wconf 80' lang='grc' dir='ltr'>τῆς</span> <span class='ocrx_word' id='word_1_882' title='bbox 3349 5377 3550 5447; x_wconf 82' lang='grc' dir='ltr'>σαρκὸς</span> <span class='ocrx_word' id='word_1_883' title='bbox 3581 5376 3746 5430; x_wconf 78' lang='grc' dir='ltr'>πάθει</span> <span class='ocrx_word' id='word_1_884' title='bbox 3772 5378 3865 5430; x_wconf 78' lang='grc' dir='ltr'>τὸν</span> 
     </span>
    </p>
   </div>
   <div class='ocr_carea' id='block_1_113' title="bbox 2265 5464 3864 5539">
    <p class='ocr_par' dir='ltr' id='par_1_113' title="bbox 2265 5464 3864 5539">
     <span class='ocr_line' id='line_1_115' title="bbox 2265 5464 3864 5539; baseline 0.004 -22"><span class='ocrx_word' id='word_1_885' title='bbox 2265 5464 2526 5530; x_wconf 84' lang='grc' dir='ltr'>θάνατον,</span> <span class='ocrx_word' id='word_1_886' title='bbox 2563 5466 2624 5520; x_wconf 83' lang='grc' dir='ltr'>τὸ</span> <span class='ocrx_word' id='word_1_887' title='bbox 2657 5466 2715 5520; x_wconf 85' lang='grc' dir='ltr'>δὲ</span> <span class='ocrx_word' id='word_1_888' title='bbox 2743 5467 2844 5536; x_wconf 81' lang='grc' dir='ltr'>τῆς</span> <span class='ocrx_word' id='word_1_889' title='bbox 2890 5466 3099 5538; x_wconf 80' lang='grc' dir='ltr'>φθορᾶς</span> <span class='ocrx_word' id='word_1_890' title='bbox 3129 5468 3428 5524; x_wconf 80' lang='grc' dir='ltr'>καταλῦσαι</span> <span class='ocrx_word' id='word_1_891' title='bbox 3461 5469 3684 5539; x_wconf 80' lang='grc' dir='ltr'>κράτος,</span> <span class='ocrx_word' id='word_1_892' title='bbox 3727 5470 3864 5534; x_wconf 80' lang='grc' dir='ltr'>ζωο-</span> 
     </span>
    </p>
   </div>
   <div class='ocr_carea' id='block_1_114' title="bbox 2277 5555 3864 5632">
    <p class='ocr_par' dir='ltr' id='par_1_114' title="bbox 2277 5555 3864 5632">
     <span class='ocr_line' id='line_1_116' title="bbox 2277 5555 3864 5632; baseline 0.005 -26"><span class='ocrx_word' id='word_1_893' title='bbox 2277 5555 2498 5627; x_wconf 80' lang='grc' dir='ltr'>ποιῆσαί</span> <span class='ocrx_word' id='word_1_894' title='bbox 2526 5573 2586 5609; x_wconf 90' lang='grc' dir='ltr'><strong>τε</strong></span> <span class='ocrx_word' id='word_1_895' title='bbox 2625 5558 2750 5620; x_wconf 84' lang='grc' dir='ltr'>τοὺς</span> <span class='ocrx_word' id='word_1_896' title='bbox 2796 5558 3279 5628; x_wconf 75' lang='grc' dir='ltr'>κατεφθαρμένους</span> <span class='ocrx_word' id='word_1_897' title='bbox 3303 5601 3316 5623; x_wconf 86' lang='grc'><strong>,</strong></span> <span class='ocrx_word' id='word_1_898' title='bbox 3363 5561 3458 5613; x_wconf 78' lang='grc' dir='ltr'>καὶ</span> <span class='ocrx_word' id='word_1_899' title='bbox 3491 5562 3590 5632; x_wconf 86' lang='grc' dir='ltr'>τὴν</span> <span class='ocrx_word' id='word_1_900' title='bbox 3625 5561 3864 5630; x_wconf 80' lang='grc' dir='ltr'>ἀρχαίαν</span> 
     </span>
    </p>
   </div>
   <div class='ocr_carea' id='block_1_115' title="bbox 2273 5641 3864 5720">
    <p class='ocr_par' dir='ltr' id='par_1_115' title="bbox 2273 5641 3864 5720">
     <span class='ocr_line' id='line_1_117' title="bbox 2273 5641 3864 5720; baseline 0.006 -24"><span class='ocrx_word' id='word_1_901' title='bbox 2273 5644 2455 5708; x_wconf 85' lang='grc' dir='ltr'>αὐτοῖς</span> <span class='ocrx_word' id='word_1_902' title='bbox 2489 5641 2646 5710; x_wconf 82' lang='grc' dir='ltr'>αὖθις</span> <span class='ocrx_word' id='word_1_903' title='bbox 2673 5646 2975 5700; x_wconf 86' lang='grc' dir='ltr'>άνανεῶσαι</span> <span class='ocrx_word' id='word_1_904' title='bbox 3001 5647 3181 5712; x_wconf 77' lang='grc' dir='ltr'>δόξαν.</span> <span class='ocrx_word' id='word_1_905' title='bbox 3219 5651 3317 5704; x_wconf 79' lang='grc' dir='ltr'><strong>Διὰ</strong></span> <span class='ocrx_word' id='word_1_906' title='bbox 3357 5649 3521 5704; x_wconf 80' lang='grc' dir='ltr'>τοῦτὸ</span> <span class='ocrx_word' id='word_1_907' title='bbox 3560 5669 3750 5720; x_wconf 74' lang='grc' dir='ltr'>φησιν,</span> <span class='ocrx_word' id='word_1_908' title='bbox 3778 5654 3864 5706; x_wconf 78' lang='grc' dir='ltr'>ὅτι</span> 
     </span>
    </p>
   </div>
   <div class='ocr_carea' id='block_1_116' title="bbox 2272 5735 3862 5815">
    <p class='ocr_par' dir='ltr' id='par_1_116' title="bbox 2272 5735 3862 5815">
     <span class='ocr_line' id='line_1_118' title="bbox 2272 5735 3862 5815; baseline 0.004 -26"><span class='ocrx_word' id='word_1_909' title='bbox 2272 5735 2464 5800; x_wconf 82' lang='grc' dir='ltr'>Στενὺς</span> <span class='ocrx_word' id='word_1_910' title='bbox 2505 5737 2604 5809; x_wconf 87' lang='grc' dir='ltr'>μὲν</span> <span class='ocrx_word' id='word_1_911' title='bbox 2633 5740 2662 5792; x_wconf 83' lang='grc' dir='ltr'>ὁ</span> <span class='ocrx_word' id='word_1_912' title='bbox 2688 5738 2796 5794; x_wconf 84' lang='grc' dir='ltr'><strong>τῶν</strong></span> <span class='ocrx_word' id='word_1_913' title='bbox 2821 5740 2997 5808; x_wconf 74' lang='grc' dir='ltr'>λόγων</span> <span class='ocrx_word' id='word_1_914' title='bbox 3025 5742 3216 5814; x_wconf 79' lang='grc' dir='ltr'>καιρός</span> <span class='ocrx_word' id='word_1_915' title='bbox 3238 5759 3252 5775; x_wconf 87' lang='grc'><strong>·</strong></span> <span class='ocrx_word' id='word_1_916' title='bbox 3285 5743 3586 5797; x_wconf 77' lang='grc' dir='ltr'>εἰσελαύνει</span> <span class='ocrx_word' id='word_1_917' title='bbox 3615 5743 3723 5813; x_wconf 79' lang='grc' dir='ltr'><strong>γὰρ</strong></span> <span class='ocrx_word' id='word_1_918' title='bbox 3755 5744 3862 5815; x_wconf 67' lang='grc' dir='ltr'><strong>ήδη</strong></span> 
     </span>
    </p>
   </div>
  </div>
