4056 6510
116 366 213 420 329

1155 358 1225 413 1N
1255 358 1538 415 JOANNIS
1577 355 2023 412 EVANGELIUM
2064 356 2192 412 ΜΒ.
2221 357 2290 414 Χ.

3244 355 3350 434 ω

117 485 170 535 τὸ
196 479 393 543 πάθος,
453 477 548 531 καὶ
589 477 650 530 τὸ
682 475 787 530 τῶν
837 475 1102 531 Ἰουδαίων
1142 476 1226 528 ἀπ’
1270 478 1392 547 ἐμοὶ
1422 475 1672 544 λογισθὲν

1803 474 1849 529 ιι)
1874 473 2022 530 istud
2042 478 2187 531 veni.
2226 473 2612 531 Verumtamen
2643 493 2659 527 ι
2697 473 2843 530 venit
2875 472 3134 543 princeps
3161 479 3354 535 mundi

114 569 377 638 ἀνεκαύθη
402 567 678 639 τόλμημα.
738 568 1005 638 Πείσομαι
1056 568 1163 637 γὰρ
1199 566 1500 638 ἐθελοντὴς,
1528 566 1678 619 ἐπεί-

118 681 214 735 περ
246 663 482 731 ἀφῖγμαι
508 659 595 713 διὰ
620 657 798 715 τοῦτο.
840 658 987 730 Πλὴν
1011 677 1029 709 ι
1052 658 1271 730 ἔρχεται
1296 660 1324 712 6
1351 658 1444 712 τοῦ
1476 659 1679 728 κόσμου

118 756 320 826 ἄρχων,
361 751 455 804 καὶ¹
498 751 557 803 ὲν
592 750 715 821 ἐμοὶ
756 750 856 803 οὐκ
896 748 1231 819 ἔχειόὐδέψ
1267 769 1284 800 ι
1329 748 1473 803 τοῦτ’
1511 748 1681 815 ἔστιν,

119 847 219 914 Οὐχ
253 842 530 912 ἁλώσομαι
566 839 1083 911 πεπλημμεληκὼς,
1114 840 1229 895 ἀλλ’
1262 841 1381 895 οὐδὲ
1412 839 1683 913 πρόφασις

119 937 255 987 ἔσται
282 935 394 996 τοῖς
436 930 709 995 Ἰουδαίοις
743 932 844 1003 τῆς
872 932 954 995 εἰς
982 933 1081 1003 ἐμὲ
1113 932 1397 1005 παροινίας
1424 931 1643 1001 εδλογος
1666 945 1681 961 .

119 1024 260 1077 οὐδὲν
288 1025 344 1076 ἐν
381 1022 505 1093 ἐμοὶ
547 1021 657 1075 τῶν
687 1021 832 1075 ἰδίων
875 1024 904 1075 6
948 1022 1194 1087 διάϐολος
1239 1023 1372 1093 ἔχει.
1409 1025 1547 1079 Ἵδια
1577 1022 1685 1097 γὰρ

120 1119 294 1188 ὥσπερ
320 1115 532 1170 ἐκείνου
566 1114 633 1168 τά
663 1114 866 1185 φαῦλα,
894 1116 989 1173 καὶ
1018 1118 1114 1183 τῆς
1148 1117 1424 1188 ἁμαρτίας
1463 1119 1495 1187 ἡ
1529 1117 1687 1187 γένε-

121 1227 195 1273 σις
225 1209 431 1260 ἐκεῖνον
462 1202 606 1260 οἶδεν
650 1206 849 1278 ἀρχήν.
893 1206 1014 1259 Ὅτι
1042 1206 1097 1259 δὲ
1126 1206 1334 1277 ἀληθὴς
1377 1204 1470 1260 τοῦ
1504 1206 1687 1277 Σωτῆ-

122 1316 203 1372 ρος
228 1299 256 1351 6
292 1297 483 1366 λόγος,
539 1296 774 1366 μάλιστα
823 1296 921 1368 μὲν
949 1296 1046 1351 καὶ
1078 1296 1137 1361 ἐξ
1164 1296 1337 1366 αὐτῆς
1366 1297 1571 1351 κατίδοι
1602 1314 1688 1360 τις

121 1392 179 1445 ἂν
205 1390 302 1459 τῆς
344 1387 688 1452 ἀκολουθίας.
741 1387 867 1453 Πῶς
903 1388 1010 1459 γὰρ
1035 1388 1343 1460 ἐξήμαρτεν
1369 1391 1398 1443 6
1429 1390 1503 1461 μὴ
1533 1388 1688 1454 εἰδὼς

121 1481 413 1553 ἁμαρτίαν,
460 1482 489 1534 6
518 1479 677 1549 φύσει
720 1480 815 1534 καὶ
843 1480 1070 1553 ἀληθείᾳ
1105 1481 1268 1547 Θεὸς,
1298 1481 1553 1553 ότροπῆς
1588 1481 1689 1553 τῆς

120 1572 203 1624 ἐπί
220 1588 269 1623 τι
286 1569 396 1623 τῶν
418 1570 520 1623 οὐκ
542 1570 777 1640 ἐχόντων
795 1570 975 1641 ὀρθῶς
1000 1570 1351 1635 ἀνεπίδεκτος
1376 1570 1685 1635 παντελῶς;

119 1664 221 1734 Οὐχ
246 1663 449 1734 ἥκιστα
486 1662 543 1716 δὲ
577 1663 673 1716 καὶ
695 1662 762 1715 δι’
782 1662 962 1715 αὐτῶν
979 1662 1223 1734 ὀψόμεθα
1248 1663 1406 1716 τοῦτο
1433 1663 1540 1716 τῶν
1561 1663 1691 1716 ἁνα-

120 1744 521 1825 γεγραμμένων
546 1755 602 1807 ὲν
650 1756 763 1814 τοῖς
794 1754 970 1824 ἁγίοις
1013 1755 1444 1824 εὐαγγελισταῖς.
1497 1757 1555 1810 '0
1590 1756 1689 1828 μὲν

1785 565 1973 636 hujus,
2001 566 2139 621 etin
2188 581 2276 622 me
2321 581 2429 621 nou
2483 565 2643 622 habet
2675 566 3004 637 quidquam,
3047 586 3085 618 »ν
3117 568 3220 623 hoc
3248 580 3352 636 est,

1782 671 1893 712 non
1926 657 2233 713 convincar
2264 659 2501 729 peccati,
2536 674 2717 730 neque
2751 673 2918 729 porro
2941 657 3117 714 Judaei
3152 676 3265 717 suae
3301 663 3355 716 in

1784 762 1871 803 me
1905 748 2229 817 petulantiae
2248 758 2301 803 et
2332 749 2913 819 immanitatisjustam
2941 750 3107 804 ullam
3136 765 3357 805 causam

1786 833 2039 888 habituri
2070 845 2231 900 sunt,
2262 836 2401 890 nihil
2430 836 2484 891 in
2517 853 2604 893 me
2636 838 2741 894 sibi
2785 839 3035 894 vindicat
3083 840 3356 896 diabolus.

1784 923 2014 997 Propria
2070 927 2274 998 quippe
2305 928 2427 999 ejus
2468 939 2598 985 sunt
2635 931 2802 997 mala,
2858 940 2913 987 et
2964 932 3168 1002 peccati
3209 934 3361 1004 origo

1788 1018 2094 1089 principem
2124 1029 2178 1077 et
2206 1029 2491 1075 auctorem
2524 1038 2651 1077 eum
2688 1023 2960 1095 agnoscit.
2995 1024 3152 1092 Quod
3178 1033 3359 1080 autem

1787 1125 1953 1166 verus
1986 1111 2059 1165 sit
2089 1112 2179 1168 ille
2210 1127 2394 1168 sermo
2425 1114 2753 1177 Salvatoris.
2779 1132 2842 1170 ex
2872 1116 2991 1187 ipso
3016 1118 3358 1187 potissimum

1785 1203 1977 1259 ordine
2009 1212 2063 1259 et
2098 1204 2243 1260 serie
2303 1206 2598 1262 verborum
2649 1207 2780 1263 licet
2839 1223 3160 1280 agnoscere.
3212 1208 3361 1277 Quo-

1789 1296 1953 1351 modo
1982 1295 2130 1351 cnim
2162 1298 2409 1367 peccavit
2448 1297 2543 1369 qui
2568 1304 2855 1368 peccatum
2904 1315 3017 1354 non
3053 1302 3239 1368 novit,
3273 1302 3362 1356 ille

1789 1398 1991 1446 natura
2015 1400 2069 1446 et
2105 1391 2337 1447 veritate
2372 1390 2538 1458 Deus,
2584 1392 2789 1464 quique
2834 1393 2971 1449 nihil
3006 1394 3060 1450 in
3123 1411 3183 1452 se
3212 1398 3361 1467 pravi

1788 1482 2078 1554 suscipere
2116 1498 2358 1554 unquam
2383 1485 2605 1555 possit?
2628 1482 2818 1557 Neque
2840 1501 2971 1543 vero
3004 1485 3189 1543 minus
3221 1488 3272 1542 id
3297 1504 3361 1543 ex

1790 1573 1929 1644 ipsis
1956 1582 2274 1631 sanctorum
2301 1577 2765 1649 evangelistarum
2788 1578 3010 1650 scriptis
3036 1581 3363 1636 videbimus.

1792 1664 2254 1737 Sapientissimus
2313 1668 2515 1739 quippe
2566 1667 2816 1726 Joannes
2862 1668 3098 1725 Pilatum
3151 1672 3368 1729 induxit

1791 1759 2065 1815 dicentem
2091 1778 2103 1814 :
2141 1778 2161 1811 ι
2200 1759 2312 1831 Ego
2337 1761 2543 1815 nullam
2569 1761 2789 1818 invenio
2811 1762 2865 1817 iu
2889 1776 2955 1817 eo
2984 1778 3211 1819 causam
3230 1764 3311 1830 τίς
3344 1784 3362 1815 ι

122 1847 219 1918 γὰρ
264 1845 577 1916 σοφώτατος
627 1846 882 1918 Ἰωάννης
930 1848 1022 1900 τὸν
1067 1849 1300 1901 Πιλᾶτον
1340 1849 1691 1919 είσκεκόμικε

1803 1861 1847 1906 et
1877 1866 2095 1917 rursus,
2131 1851 2324 1922 spinea
2365 1867 2570 1907 corona
2621 1854 2879 1924 imposita
2924 1855 3256 1910 clamantem
3304 1871 3369 1911 ac

122 1940 331 2007 λέγοντα
351 1956 367 1970 ’
391 1957 417 1991 4
440 1936 583 2007 Ἐγὼ
610 1938 868 2009 οὐδεμίαν
898 1937 1077 1994 αἰτίαν
1110 1940 1349 2011 εὑρίσκω
1377 1939 1435 1993 ὲν
1455 1938 1605 2012 αὐτῷ
1625 1956 1639 1970 ·
1668 1958 1687 1993 ι

125 2031 209 2085 καὶ
237 2030 401 2084 πόλιν
449 2030 589 2101 μετά
618 2030 680 2083 τὸ
708 2029 981 2083 ἐπιθεῖναι
1013 2030 1275 2101 στέφανον
1311 2031 1403 2084 τὸν
1433 2030 1494 2099 ἐξ
1520 2032 1693 2085 ἀκαν-

126 2123 253 2186 θῶν,
301 2121 735 2193 προσφωνοῦντα
784 2122 877 2176 καὶ
921 2121 1168 2191 λέγοντα·
1202 2140 1221 2174 ‹
1254 2124 1360 2177 ’Ἰδε
1387 2124 1504 2193 ἄγω
1532 2123 1694 2178 αὐτὸν

130 2215 245 2284 ὑμῖν
265 2212 392 2280 ἔξω,
423 2214 509 2268 ἴνα
529 2213 724 2283 γνῶτε,
757 2213 845 2267 ὅτε
867 2213 1122 2285 οὐδεμίαν
1158 2215 1338 2269 αἰτίαν
1366 2215 1606 2286 εὑρίσκω
1637 2220 1696 2270 ὲν

129 2305 281 2375 αὐτῷ.
312 2325 330 2357 ι
394 2306 454 2360 '0
481 2305 538 2358 δέ
567 2323 631 2374 γε
657 2304 935 2369 Ματθαῖος
958 2306 1038 2369 είς
1057 2305 1329 2378 τοσαύτην
1357 2307 1518 2362 αὐτὸν
1543 2326 1698 2379 μισο-

131 2398 379 2470 πονηρίαν
406 2398 630 2469 ἀφῖχθαί
666 2416 830 2473 φησιν
849 2441 862 2465 ,
893 2398 970 2463 ῶς
1006 2399 1100 2452 καὶ
1133 2399 1502 2471 ἀπονίψασθαι
1534 2401 1698 2456 αὐτὸν

129 2492 229 2551 τοῖς
263 2488 542 2553 Ἰουδαίοις
562 2488 665 2553 τὰς
694 2492 883 2560 χεῖρας
915 2488 1010 2544 καὶ
1047 2493 1221 2545 εἰπεῖν
1244 2505 1259 2520 '
1296 2511 1314 2543 ι
1356 2492 1556 2556 Ἀθῶός
1582 2495 1697 2565 εἰμι

132 2587 227 2639 ἀπὸ
246 2584 334 2640 τοῦ
358 2586 594 2657 αἵματος
619 2585 714 2639 τοῦ
743 2585 951 2639 δικαίου
979 2585 1187 2641 τούτου.
1218 2606 1236 2638 ι
1287 2586 1403 2641 Ἐπ’
1437 2586 1617 2641 αὐτῶν
1643 2587 1699 2641 δὲ

130 2678 226 2731 τῶν
281 2677 588 2749 ἀρχιερέων
655 2676 1144 2749 είσκεκομισμένον
1204 2677 1338 2747 ἡμῖν
1407 2677 1697 2743 ἐπιδείξας,

128 2768 255 2822 οὕτω
286 2768 459 2839 φησίν
480 2786 495 2799 ο
527 2788 546 2821 t
577 2769 641 2822 Οί
668 2769 723 2822 δὲ
748 2769 1027 2840 ἀρχιερεῖς
1065 2770 1158 2822 καὶ
1184 2769 1243 2822 τὸ
1276 2768 1552 2840 συνέδριον
1581 2769 1699 2822 ὅλον

128 2860 339 2931 ἐζήτουν
384 2860 865 2933 ψευδομαρτυρίαν
904 2860 1047 2914 κατά
1092 2860 1189 2913 τοῦ
1233 2860 1510 2931 Χριστοῦ,
1554 2860 1703 2922 ὅπως

130 2952 275 3006 αὐτὸν
308 2952 671 3007 θανατώσωσι
694 2995 708 3016 ,
742 2953 837 3006 καὶ
873 2953 972 3024 οὐχ
998 2945 1184 3024 εὗρον,
1232 2950 1442 3007 πολλῶν
1471 2950 1699 3023 προσελ-

129 3045 316 3099 θόντων
358 3043 847 3116 ψευδομαρτύρων.
898 3044 962 3098 Εί
997 3043 1106 3117 γὰρ
1156 3043 1253 3098 καὶ
1294 3042 1362 3096 δι’
1401 3042 1703 3115 ἀνθρώπων

130 3138 359 3207 ὲζητεῖτο
393 3137 464 3191 τὰ
495 3136 615 3190 κατ’
642 3136 822 3199 αὐτὸν,
855 3135 972 3190 ἀλλ’
1000 3133 1077 3199 ὡς
1098 3135 1352 3207 ὀργάνοις
1380 3134 1474 3188 καὶ
1504 3136 1705 3205 ὑπουρ-

133 3231 235 3296 γοῖς
262 3228 361 3299 τῆς
393 3227 621 3298 ἐνούσης
664 3225 813 3297 αὐτῷ
850 3226 1180 3298 δυστροπίας
1229 3225 1429 3297 ἐχρῆτο
1465 3224 1494 3277 6
1526 3223 1705 3279 διάδο-

133 3321 231 3385 λος,
256 3321 347 3373 καὶ
378 3319 546 3383 αὐτὸς
581 3315 651 3390 ἦν
681 3318 907 3389 μᾶλλον,
953 3318 1098 3389 ἥπερ
1128 3316 1317 3387 ἕτερός
1355 3333 1438 3378 τις
1462 3317 1492 3368 6
1526 3316 1707 3386 εὑρεῖν

134 3418 185 3467 ἐν
208 3412 351 3484 αὐτῷ
381 3412 564 3484 ζητῶν
588 3410 987 3483 πλημμέλημα.
1021 3407 1231 3462 Οὐκοῦν
1250 3408 1468 3479 ἀληθὲς,
1490 3410 1572 3463 ὅτι
1602 3408 1709 3461 τῶν

137 3506 270 3560 ίδίων
291 3505 449 3560 οὐδὲν
480 3501 627 3576 εἶχεν
655 3507 685 3558 6
711 3503 954 3567 διάϐολος
990 3504 1049 3556 ὲν
1078 3500 1247 3573 αὐτῷ,
1274 3500 1332 3557 ὃν
1352 3502 1448 3554 καὶ
1476 3500 1713 3573 ἄρχοντα

137 3594 220 3648 τοῦ
250 3596 462 3667 κόσμου
491 3595 629 3666 πρὸς
674 3598 735 3648 τὸ
767 3592 940 3664 παρὸν
978 3591 1262 3664 ὠνόμασεν
1283 3631 1299 3656 ,
1347 3592 1446 3662 οὐχ
1475 3592 1553 3654 ὡς
1583 3591 1715 3661 ἀλη-

137 3688 236 3752 θῶς
260 3688 388 3741 ὂντα
415 3687 713 3756 δεσπότην,
757 3684 875 3739 ἀλλ’
899 3686 1087 3755 ὥσπερ
1111 3682 1236 3737 τινά
1270 3683 1380 3737 τῶν
1418 3682 1714 3752 ἀλιτηρίων

142 3778 422 3849 βαρὸἀρων
472 3776 790 3845 πλεονεξίας
830 3776 981 3848 νόμῳ
1041 3776 1392 3848 κρατήσαντα
1434 3773 1544 3827 τῶν
1595 3773 1714 3827 κατ’

139 3872 313 3925 οὐδένα
354 3870 564 3943 τρόπον
610 3868 998 3940 προσηκόντων
1024 3865 1193 3937 αὐτῷ.
1253 3865 1374 3935 Ὑφ’
1408 3863 1585 3935 ἐαυτῷ
1608 3862 1716 3934 γάρ

141 3962 427 4033 ἐποιήσατο
459 3960 549 4014 διὰ
573 3960 673 4031 τῆς
703 3957 979 4029 ἁμαρτίας
1007 3956 1099 4009 τὸν
1131 3955 1450 4027 ἄνθρωπον,
1492 3955 1586 4009 καὶ
1612 3954 1717 4008 ῶσ-

145 4072 239 4126 περ
310 4054 442 4109 τινὰ
495 4053 731 4124 ποίμνην
779 4049 1207 4120 ἀνεπιστάτητον
1268 4046 1713 4118 ἀποϐουκολήσας

1793 1942 2108 1997 dicentem:
2145 1961 2165 1994 ‹
2230 1944 2374 1999 Ecce
2419 1944 2639 2000 adduco
2685 1947 2844 2002 vobis
2891 1961 3018 2002 eum
3070 1948 3259 2003 foras:
3310 1956 3371 2003 ut

1794 2035 2144 2106 cognoscatis
2168 2034 2295 2105 quia
2322 2036 2530 2092 nullam
2562 2036 2782 2093 invenio
2813 2038 2867 2093 in
2908 2053 2974 2094 eo
3004 2053 3229 2095 causam
3246 2041 3315 2093 ".
3346 2059 3365 2093 ι

1797 2125 2088 2181 Matthaeus
2150 2140 2285 2181 vero
2344 2126 2662 2183 Iudaeorum
2721 2130 3034 2200 nequitiam
3090 2141 3372 2201 taumpere

1797 2218 2152 2274 abhorruisse
2170 2219 2323 2275 illum
2350 2218 2568 2282 scribit,
2588 2227 2649 2273 ut
2668 2226 2725 2273 et
2747 2233 2935 2274 coram
2952 2219 3157 2276 Judzeis
3177 2235 3370 2277 manus

1794 2308 1959 2380 855
2016 2309 2276 2377 abluerit,
2308 2324 2372 2364 ac
2407 2309 2648 2365 dixerit:
2685 2328 2703 2364 ι
2742 2309 3015 2367 innocens
3044 2328 3146 2383 ego
3183 2327 3315 2368 sum
3340 2328 3373 2368 ι

1798 2401 2071 2472 sanguine
2097 2400 2238 2471 justi
2278 2401 2446 2472 hujus
2463 2401 2534 2455 ⁷⁸.
2576 2420 2594 2454 ι
2628 2401 2710 2456 Ad
2749 2402 2901 2473 ipsos
2934 2411 3117 2457 autem
3147 2404 3374 2475 pontiﬁ-

1799 2509 1891 2550 ces
1927 2495 2230 2550 adductum
2261 2510 2386 2549 eum
2421 2495 2745 2562 ostendens,
2777 2496 2859 2551 sic
2894 2496 3128 2552 scribit:
3161 2516 3180 2549 ι
3216 2496 3373 2552 Prin-

1800 2587 1951 2656 cipes
1981 2594 2164 2641 autem
2204 2587 2552 2643 sacerdotum
2592 2594 2645 2641 et
2682 2600 2845 2643 omne
2886 2589 3185 2644 concilium
3226 2605 3376 2660 qua-

1801 2678 1997 2734 rebant
2052 2677 2251 2733 falsum
2289 2678 2669 2734 testimonium
2705 2686 2900 2733 contra
2934 2680 3255 2747 Christum,
3316 2690 3376 2736 ut

1800 2785 1925 2825 eum
1954 2769 2444 2839 mortitraderent,
2467 2776 2520 2826 et
2548 2785 2658 2825 non
2688 2770 3038 2836 invenerunt,
3064 2787 3189 2827 cum
3222 2771 3375 2826 multi

1803 2860 1925 2915 falsi
1979 2867 2150 2916 testes
2198 2860 2571 2917 accessissent
2592 2861 2662 2913 ⁷⁸.
2724 2880 2743 2913 ι
2786 2858 3031 2917 Tametsi
3076 2862 3222 2917 enim
3280 2878 3378 2934 per

1805 2951 2055 3007 homines
2101 2951 2221 3021 ejus
2277 2951 2541 3021 perdendi
2594 2966 2775 3008 causa:
2829 2953 3260 3022 quaarehantur,
3312 2955 3377 3011 iis

1804 3050 1987 3097 tamen
2053 3050 2318 3112 tanquam
2389 3040 2776 3098 instrumentis
2827 3056 2892 3096 ac
2938 3043 3208 3100 ministris
3267 3060 3381 3101 suae

1809 3132 2171 3206 malignitatis
2200 3132 2453 3188 diabolus
2480 3132 2758 3198 utebatur,
2799 3143 2853 3188 et
2884 3132 3003 3206 ipse
3042 3142 3163 3191 erat
3198 3136 3381 3206 potius

1804 3242 1969 3299 quam
2004 3226 2144 3281 alius
2178 3226 2273 3296 qui
2312 3232 2596 3295 peccatum
2632 3225 2687 3281 in
2717 3240 2783 3284 eo
2821 3227 3127 3297 quaerebat.
3181 3225 3380 3284 Verum

1803 3327 1888 3376 est
1943 3319 2115 3391 igitur
2161 3316 2298 3371 nihil
2336 3319 2389 3370 in
2445 3334 2511 3372 eo
2562 3317 2669 3373 sibi
2728 3319 3041 3376 vindicasse
3079 3319 3381 3383 diabolum,

1805 3429 1966 3484 quem
1989 3411 2177 3467 mundi
2198 3411 2503 3482 principem
2528 3411 2692 3468 etiam
2713 3412 3033 3483 imprzesens
3058 3412 3382 3477 nominavit,

1809 3521 1916 3560 non
1947 3505 2108 3577 quasi
2137 3519 2267 3559 vere
2295 3505 2366 3559 sit
2398 3505 2547 3559 illius
2580 3503 2863 3567 dominus,
2906 3504 3003 3559 sed
3043 3505 3136 3577 qui
3175 3505 3384 3562 ederati

1812 3597 2033 3653 barbari
2063 3596 2352 3666 cujusdam
2387 3598 2564 3651 instar
2594 3596 2907 3666 tyrannidis
2934 3596 3053 3667 lege
3076 3612 3201 3667 quae
3227 3597 3294 3652 ad
3328 3612 3388 3653 se

1812 3690 1963 3744 nullo
1994 3688 2158 3743 modo
2184 3689 2466 3759 pertinent
2511 3688 2797 3743 invaserit.
2835 3685 3125 3743 Hominem
3184 3688 3385 3758 quippe

1813 3794 1928 3835 suae
1953 3777 2186 3833 ditionis
2219 3776 2353 3833 fecit
2383 3792 2480 3847 per
2517 3786 2826 3846 peccatum.
2864 3784 2919 3830 et
2966 3790 3183 3846 gregem
3217 3776 3386 3830 veluti

1812 3872 2102 3943 quemdam
2135 3879 2356 3941 pastore
2380 3871 2702 3926 destitutum
2736 3870 2925 3939 procul
2952 3884 2980 3921 a
3007 3868 3115 3925 Deo
3140 3868 3386 3939 abigens.

1818 3965 1997 4019 aliena
2031 3962 2252 4018 invasit.
2301 3959 2653 4031 Pruiudeque
2712 3960 3026 4033 principatu
3092 3960 3192 4014 hoc
3228 3958 3390 4014 modo

1817 4059 2085 4121 occupato
2133 4049 2258 4120 jure
2289 4049 2514 4104 excidit.
2555 4049 2827 4118 Regnavit
2863 4050 3008 4104 enim
3080 4063 3245 4119 super
3292 4063 3392 4101 nos

142 4143 264 4199 Θεοῦ
288 4186 305 4212 ,
362 4145 478 4199 τῶν
505 4143 799 4216 ἀλλοτρίων
844 4142 1088 4213 ἐκράτει.
1151 4141 1440 4211 Τοιγάρτοι
1491 4137 1703 4208 καὶτῆς

1820 4143 2098 4199 Christus.
2125 4140 2334 4196 Idcirco
2364 4140 2439 4193 ait
2464 4160 2476 4196 :
2508 4159 2525 4191 ι
2556 4140 2713 4195 Nunc
2738 4140 2994 4211 princeps
3016 4139 3184 4208 hujus
3207 4138 3393 4193 mundi

141 4234 272 4290 οὕτω
308 4236 668 4309 πορισθείσης
697 4234 873 4309 ἀρχῆς
896 4232 1119 4297 δικαίως
1148 4231 1497 4302 ἐκϐέϐληται.
1538 4230 1703 4286 826a-

1820 4236 2078 4307 ejicietur
2107 4233 2294 4300 foras;
2325 4245 2377 4289 et
2424 4249 2528 4305 ego
2562 4233 2609 4289 si
2659 4233 2937 4289 exaltatus
2976 4231 3131 4288 fuero
3161 4246 3192 4285 a
3228 4240 3394 4293 terra,

148 4326 348 4383 σίλευκε
395 4329 507 4400 γὰρ
541 4328 626 4398 ἐφ’
654 4329 801 4400 ἡμᾶς
834 4329 862 4381 6
899 4326 1153 4397 Χριστός.
1199 4324 1291 4379 Διό
1330 4341 1500 4397 φησυ
1558 4342 1576 4377 ι
1603 4324 1703 4381 Νῦι

1822 4329 2005 4385 omnia
2033 4327 2243 4382 traham
2278 4325 2344 4379 ad
2370 4326 2638 4395 meipsum
2664 4323 2733 4378 ".
2776 4342 2793 4375 ι

145 4420 172 4471 6
218 4421 403 4489 ἄρχων
450 4416 545 4470 τοῦ
592 4418 798 4488 κόσμου
859 4415 1050 4470 τούτου
1118 4412 1512 4485 ἐκϐληθήσεται
1580 4416 1718 4484 ἔξω,
1758 4420 1912 4489 κάγὼ
1956 4418 2051 4472 ἐὰν
2083 4416 2283 4488 ὑψωθῶ
2311 4419 2373 4470 ὲκ
2403 4416 2500 4487 τῆς
2530 4414 2666 4487 γῆς,
2715 4414 2922 4477 πάντας
2988 4412 3200 4468 ἑλκύσω
3266 4413 3399 4482 πρὸς

148 4513 393 4582 δμαυτόν.

221 4606 553 4676 Ἐγείρεσθε
572 4646 587 4669 ,
624 4605 861 4673 ἄγωμεν
888 4602 1188 4658 ἐντεῦθεν.

1905 4594 2040 4659 XIV,
2065 4595 2152 4649 51.
2182 4592 2413 4664 Surgite,
2438 4607 2620 4646 eamus
2647 4591 2787 4646 hinc.

222 4699 278 4753 Ὅ
325 4700 431 4769 μὲν
471 4699 649 4761 κοινὸς
690 4701 803 4762 τοῖς
844 4696 1057 4759 πολλοῖς
1092 4696 1190 4750 καὶ
1240 4696 1599 4766 τετριμμένος
1630 4694 1703 4749 τοὶ

1894 4685 2220 4742 Communis
2268 4683 2411 4756 apud
2449 4682 2656 4738 multos
2715 4687 2770 4736 et
2810 4679 2937 4736 trita
2970 4679 3138 4751 hujus
3168 4681 3276 4736 ioci
3307 4698 3402 4738 ex-

153 4789 510 4862 προκειμένου
536 4790 694 4859 λόγος
718 4791 900 4843 ἐκεῖνο
928 4787 1112 4842 δίδωσι
1137 4789 1277 4840 νοεῖν
1295 4826 1311 4851 ,
1344 4785 1419 4849 ὡς
1446 4784 1673 4855 ἐπείπερ
1699 4808 1703 4832 ‹

1826 4778 2027 4852 positio
2055 4785 2161 4842 est,
2195 4775 2484 4839 nimirum,
2517 4776 2649 4845 quia
2689 4771 2905 4828 Iudaici
2946 4770 3153 4828 furoris
3187 4781 3401 4842 tempus

154 4881 245 4953 τῆς
283 4882 559 4937 Ἰουδαίων
591 4881 847 4944 ἀπονοίας
870 4879 1157 4943 εἰσελάσας
1181 4879 1282 4951 ἤδη
1311 4878 1501 4950 καιρὸς
1537 4895 1727 4948 μονον·

155 4974 268 5043 ουχὶ
321 4968 614 5043 πεπηγότα
648 4971 837 5026 λοιπὸν
872 4970 965 5025 τὸν
991 4971 1171 5041 τίμιον
1207 4967 1303 5022 τοῦ
1331 4968 1582 5040 Σωτῆρος
1610 4969 1731 5022 tm-

157 5064 381 5121 δεικνύει
413 5065 663 5137 σταυρὸν,
679 5066 758 5127 είς
779 5063 1019 5127 ἐκείνους
1038 5062 1365 5133 ἀποτρέχειν
1380 5062 1505 5123 τοὺς
1529 5059 1730 5124 τόπους

157 5158 283 5227 ὁμοῦ
311 5162 430 5223 τοῖς
445 5158 621 5227 ἀγίοις
650 5156 920 5229 μαθηταῖς
947 5155 1208 5225 ἠπείγετο
1226 5193 1240 5216 ,
1262 5155 1320 5207 ὲν
1345 5150 1538 5226 οἷσπερ
1569 5153 1731 5207 αὐτὸν

159 5249 324 5318 ἡτῶν
352 5250 646 5322 ὑπηρετῶν
691 5248 1016 5305 συνελάϐετο
1059 5247 1295 5320 εὑροῦσα
1349 5249 1572 5320 σπεῖρα.
1619 5248 1734 5301 Καὶ

161 5340 381 5406 πιθανὸς
416 5343 516 5413 μὲν
540 5345 569 5397 6
591 5340 716 5406 νοῦς
742 5359 757 5373 ’
809 5341 949 5412 πλὴν
993 5340 1140 5403 εἰκός
1173 5356 1231 5392 τε
1269 5340 1366 5393 καὶ
1394 5338 1580 5411 ἓτερον
1612 5338 1734 5392 ἑθέ-

161 5429 266 5485 λειν
308 5430 609 5504 ὑποδηλοῦν
660 5430 1027 5501 πνευματικὸν
1064 5429 1307 5500 δηλονότι
1346 5429 1441 5482 καὶ
1489 5444 1735 5499 κεκρυμο

166 5523 338 5593 μένον.
380 5524 493 5595 Τὴν
523 5523 630 5595 γὰρ
658 5522 716 5590 ἐξ
738 5523 926 5595 ἑτέρου
948 5520 1092 5585 τινὸς
1117 5521 1250 5592 πρὸς
1279 5520 1466 5593 ῑτερόν
1490 5537 1542 5573 τι
1574 5518 1740 5590 μετά-

165 5629 347 5669 στασιν
373 5616 471 5671 καὶ
494 5615 593 5687 τὴν
616 5617 681 5669 ἐκ
711 5613 821 5668 τῶν
846 5612 1107 5683 χειρόνων
1137 5614 1215 5677 εἰς
1242 5610 1304 5665 τὸ
1336 5610 1557 5681 ἄμεινον
1595 5611 1731 5664 ἀπο-

1824 4872 2087 4939 ingruens
2106 4866 2407 4940 pretiosam
2432 4864 2745 4920 Servatoris
2765 4876 2986 4918 crucem
3009 4863 3400 4933 propemodum

1827 4961 2062 5017 deﬁxam
2093 4958 2443 5023 ostendebat,
2494 4954 2705 5011 ideirco
2745 4953 2815 5008 ad
2861 4968 2925 5008 ea
2957 4952 3074 5009 loca
3114 4968 3222 5009 una
3273 4968 3400 5010 eum

1828 5053 2040 5108 sanctis
2089 5047 2383 5121 discipulis
2433 5046 2614 5116 ipsum
2672 5041 3030 5106 contendere,
3093 5042 3149 5097 in
3201 5043 3400 5114 quibus

1825 5159 1949 5199 eum
1997 5141 2294 5198 satellitum
2324 5138 2526 5194 cohors
2560 5143 2835 5206 repertum
2863 5134 3297 5205 comprehendit.
3338 5133 3403 5190 Et

1827 5235 1918 5290 hic
1963 5232 2187 5305 quidem
2242 5246 2440 5299 sensus
2486 5236 2571 5284 est
2616 5227 2965 5282 verisimilis:
3030 5236 3403 5283 verumtamen

1829 5328 1998 5381 alium
2023 5323 2337 5396 quemdam,
2358 5320 2663 5391 spiritalem
2692 5317 2950 5374 videlicet
2980 5325 3036 5372 et
3063 5318 3401 5382 abstrusum,

1824 5418 1984 5489 juvat
2014 5415 2281 5470 indicare.
2308 5411 2664 5467 Mutationem
2695 5408 2900 5480 quippe
2928 5424 2994 5465 ex
3038 5423 3149 5464 uno
3172 5410 3229 5464 in
3259 5408 3408 5464 aliud

1833 5520 1886 5567 et
1919 5523 1949 5563 a
1985 5508 2171 5579 pravis
2196 5504 2266 5560 ad
2300 5503 2531 5559 meliora
2559 5502 2984 5557 conversionem
3018 5515 3118 5571 per
3150 5500 3329 5572 ipsum
3357 5509 3411 5554 et

1838 5616 1964 5660 cum
2002 5601 2120 5670 ipso
2157 5597 2320 5654 nobis
2368 5595 2625 5652 omnibus
2668 5592 2789 5651 fore
2838 5592 3151 5665 signiﬁcare
3201 5591 3409 5655 volens,

231 5790 275 5823 τ’
311 5789 473 5846 Joan.
507 5807 659 5855 svnt,
685 5790 776 5846 58.
843 5791 890 5822 "
916 5787 1074 5845 Joan.
1102 5806 1216 5853 xu,
1247 5791 1298 5844 4.
1365 5791 1410 5821 ⁷⁸
1443 5788 1638 5843 Matth.
1672 5802 1843 5853 xxvtt,
1876 5784 1966 5839 24.
2024 5782 2068 5815 "
2096 5779 2288 5837 ﬂatth.
2328 5794 2477 5848 xxvi,
2515 5777 2604 5845 59,
2634 5779 2721 5830 ϐο.
2792 5776 2835 5807 ⁷⁸
2871 5774 3032 5828 Joan.
3065 5788 3163 5837 xu,
3198 5772 3289 5837 3i,
3321 5770 3412 5825 58.

483 5882 751 5950 Parnm.
798 5884 912 5943 Gn.
958 5883 1213 5944 LXXIV.

2967 5866 3031 5935 11
