4056 6486
666 385 766 441 331
1705 372 1762 427 S.
1784 369 2060 429 CYRILLI
2088 370 2268 427 ALEX

2280 370 2562 427 ANDRINI
2582 369 2903 428 ARCHIEP.
3804 384 3878 438 53!

669 499 975 555 exclamat:
1020 510 1041 545 ι
1076 491 1324 564 Surgite,
1356 503 1548 545 eamus
1602 488 1753 552 hinc,
1794 507 1812 540 ι
1846 498 1903 541 nt
1945 487 2053 541 tale
2087 485 2250 557 quid-

2281 490 2328 549 Α
2356 486 2566 559 δρομὴν
2586 529 2600 552 ,
2645 487 2712 540 δι’
2743 486 2910 542 αὐτοῦ
2941 504 2999 541 τε
3034 487 3129 543 καὶ
3164 488 3260 542 σὺν
3284 490 3431 562 αὐτῷ
3467 492 3634 544 πᾶσιν
3661 493 3777 563 ήμῖν
3800 499 3881 553 ica.

673 592 818 660 piam
851 586 1155 656 intelligere
1184 599 1250 639 ex
1281 584 1359 637 rei
1390 582 1620 636 veritate
1655 581 1983 643 debeamus,
2012 594 2043 631 a
2076 585 2253 633 morte

2360 579 2529 649 μένην
2559 580 2943 651 κατασημῆναι
2978 579 3176 646 θέλων,
3204 580 3265 634 τὸ
3287 601 3305 633 ‹
3348 582 3656 653 Ἐγείρεσθε
3675 626 3688 649 ,
3714 587 3881 658 ἄγωμεν

672 681 891 751 quidem
926 679 992 732 ad
1026 678 1218 742 vitam,
1255 683 1307 730 et
1336 690 1366 729 a
1404 670 1761 743 corruptione
1791 672 1858 726 ad
1883 671 2254 741 incorruptio-

2356 670 2606 725 ἐντεῦθεν
2631 689 2650 722 ι
2689 671 2953 740 ὲπιφωνεῖ
2975 690 2988 701 ο
3026 672 3113 726 ἵνα
3140 690 3194 725 τι
3221 672 3483 737 τοιοῦτον,
3526 674 3600 737 ῶς
3628 676 3681 727 ὲν
3710 678 3883 756 ἀληθείᾳ

672 787 821 834 nem,
863 785 959 841 per
996 768 1175 837 ipsum
1218 775 1273 820 et
1333 780 1458 819 cum
1511 764 1655 833 ipso,
1716 762 1882 818 siculi
1914 761 2078 816 modo
2107 760 2251 824 dixi,

2357 759 2549 829 νοῆσαι
2575 759 2862 832 μέλλωμεν
2881 801 2897 826 ,
2928 762 3038 815 ἀπὸ
3066 762 3165 833 μὲν
3193 762 3421 817 θανάτου
3454 766 3593 835 πρὸς
3618 766 3775 839 ζωὴν,
3811 776 3883 827 dmi

672 863 831 933 quasi
866 862 935 915 ab
972 875 1080 914 uno
1104 859 1226 912 loco
1256 857 1493 912 transire
1523 856 1579 910 in
1605 855 1795 910 alium.
1846 852 2015 908 Recte
2068 853 2255 922 itaque

2356 852 2413 905 δὲ
2449 852 2655 923 φθορᾶς
2688 854 2768 917 είς
2799 852 3128 925 ἀφθαρσίαν,
3156 855 3221 907 δι’
3248 855 3413 908 αὑτοῦ
3436 874 3496 910 τε
3529 858 3624 910 καὶ
3648 860 3735 913 σὺν
3760 864 3881 936 αὐτῷ,

675 954 831 1017 illud,
875 971 894 1005 ι
927 951 1166 1023 Surgite,
1195 964 1386 1005 eamus
1422 948 1574 1013 hinc,
1598 968 1615 1001 ι
1652 946 1855 1018 inquit.
1887 945 2031 1012 Quin
2066 953 2121 1001 et
2148 944 2256 999 alio

2358 942 2613 1015 καθάπερ
2644 944 2779 1016 ἔφην
2806 945 3039 1015 ἀρτίως,
3087 946 3162 1009 ῶς
3182 947 3288 1000 ἀπό
3319 964 3465 1012 τινος
3504 948 3670 1002 τόπου
3699 970 3885 1027 μεταχωο

675 1047 838 1104 modo
867 1045 937 1101 de
965 1044 1124 1100 nobis
1157 1042 1291 1116 ipsis
1321 1042 1532 1097 dictum
1560 1040 1694 1096 illud
1722 1040 2019 1111 intelliges.
2047 1037 2256 1093 Trans-

2360 1036 2475 1105 ρεῖν
2504 1037 2584 1100 είς
2615 1036 2820 1108 ἕτερον.
2870 1037 3068 1101 Καλῶς
3103 1033 3198 1093 οὖν
3249 1040 3360 1111 ἄρα
3400 1040 3463 1093 τὸ
3487 1079 3503 1104 ,
3550 1059 3569 1091 ι
3613 1042 3884 1116 Ἐγείρεσθε.

672 1139 884 1195 ferendi
932 1150 1155 1191 eramus
1195 1150 1227 1191 a
1268 1134 1463 1190 mundi
1518 1148 1707 1189 amore
1777 1132 1844 1188 ad
1916 1131 2254 1187 voluntatem

2357 1124 2581 1197 ἄγωμεν
2613 1126 2894 1195 ἐντεῦθεν,
2935 1147 2952 1179 ι
2990 1126 3176 1198 φησίν.
3226 1122 3305 1180 Ἦ
3338 1128 3429 1180 καὶ
3458 1128 3583 1181 καθ’
3616 1129 3781 1201 ἕτερόν
3803 1151 3886 1189 τινι

672 1228 906 1287 faciendi
946 1228 1119 1303 856
1147 1227 1293 1298 quod
1330 1225 1442 1282 Deo
1481 1228 1747 1300 placeret,
1781 1240 1846 1282 ac
1879 1236 2147 1297 praeterea
2188 1240 2256 1281 ex

2357 1217 2560 1289 τρόπον
2579 1218 2667 1287 ἐφ’
2693 1217 2852 1290 ήμῶν
2891 1219 3069 1273 αὐτῶν
3092 1218 3304 1293 ὲκλήψῃ
3326 1222 3385 1273 τὸ
3419 1220 3726 1290 εἰρημένον.
3750 1224 3888 1294 Ἐμέ).-

670 1322 941 1377 servitute
988 1320 1055 1375 ad
1119 1308 1447 1392 dignitatem
1496 1318 1838 1389 adoptionis,
1870 1333 1938 1375 ex
1991 1326 2143 1373 terra
2188 1315 2256 1371 ad

2356 1311 2523 1383 λομεν
2552 1314 2652 1385 ήδη
2686 1314 3044 1386 μεθίστασθαι
3077 1316 3141 1368 ὲκ
3189 1314 3284 1368 τοῦ
3329 1315 3507 1385 φιλεῖν
3542 1315 3612 1369 τά
3650 1316 3704 1369 ὲν
3727 1318 3884 1389 κόσμῳ,

672 1427 968 1483 supernam
991 1410 1295 1476 civitatem,
1350 1426 1416 1466 ex
1473 1419 1701 1484 peccato
1727 1410 1794 1464 ad
1842 1424 1961 1464 eam
1995 1425 2118 1481 qua:
2152 1422 2251 1480 per

2358 1407 2577 1479 φρονεῖν
2598 1407 2678 1471 είς
2704 1408 2765 1461 τὸ
2788 1408 3004 1463 ἑλέσθαι
3039 1409 3170 1481 δρᾷν
3202 1408 3408 1463 ἐθέλειν
3438 1408 3505 1461 τὸ
3532 1407 3715 1462 δοκοῦν
3735 1412 3887 1484 τῷΘεῴ

674 1506 835 1561 ﬁdem
871 1505 929 1559 in
954 1504 1180 1559 Christo
1222 1510 1312 1559 est
1338 1502 1635 1573 justitiam,
1688 1518 1753 1558 ex
1790 1502 2113 1573 impuritate
2151 1501 2257 1556 hu-

2359 1500 2452 1553 κα“ι
2481 1500 2560 1553 ἔτι
2598 1502 2731 1573 πρὸς
2760 1502 2932 1576 τούτῳ
2960 1507 3027 1560 ὲκ
3052 1505 3297 1569 δουλείας
3331 1503 3632 1574 ἀναφοιτᾷν
3658 1504 3729 1566 εἱς
3746 1505 3796 1557 τδ
3819 1508 3884 1576 τῆς

675 1613 837 1654 mana
870 1599 938 1653 ad
968 1596 1207 1669 Spiritus
1228 1596 1686 1661 sanctimoniam,
1729 1611 1795 1651 ex
1822 1595 2156 1651 contumelia
2194 1595 2247 1649 in

2357 1592 2630 1658 υἱοθεσίας
2676 1594 2895 1665 ἀξίωμα
2915 1636 2932 1661 ,
2978 1597 3089 1651 ἀπὸ
3119 1597 3221 1667 γῆς
3253 1597 3333 1661 είς
3381 1595 3487 1667 τὴν
3514 1596 3626 1651 ἄνω
3652 1597 3816 1659 πόλιν,
3848 1601 3885 1663 ἐξ

672 1694 928 1763 gloriam,
961 1706 1024 1746 ex
1055 1690 1329 1760 imperitia
1360 1689 1416 1743 in
1452 1688 1770 1754 scientiam,
1798 1704 1866 1745 ex
1904 1688 2165 1743 socordia
2197 1696 2254 1742 et

2357 1686 2738 1758 ἀμαρτίαςξείς
2766 1686 3115 1759 δικαιοσύνην
3155 1688 3255 1759 τὴν
3292 1688 3380 1742 διὰ
3408 1687 3649 1751 πίστεως
3680 1688 3731 1742 δὲ
3753 1690 3881 1759 δηλον-

676 1784 993 1839 iniirmitate
1038 1782 1105 1836 ad
1160 1781 1420 1837 virtutem
1458 1780 1514 1835 in
1568 1780 1708 1837 bene
1754 1778 1992 1852 agendo.
2046 1779 2253 1834 Locum

2287 1838 2327 1852 _
2357 1778 2438 1831 ότι
2494 1778 2593 1850 τῆς
2616 1780 2674 1832 ὲν
2708 1780 2957 1851 Χριστῷ,
3012 1781 3072 1844 ἐξ
3102 1779 3448 1852 ἀκαθαρσίας
3482 1782 3583 1851 τῆς
3604 1780 3882 1851 ἀνθρωπίνης

676 1877 861 1947 itaque
902 1875 1069 1930 veluti
1118 1872 1410 1944 quemdam
1455 1872 1663 1928 nostris
1714 1838 1955 1927 terrenis
2009 1870 2256 1941 peccatis

2287 1838 2330 1893 Β
2360 1870 2440 1933 εἰς
2471 1838 2688 1923 etiam
2716 1838 2810 1923 τόῦ
2839 1838 3154 1941 Πνεγύμοίτος
3182 1838 3487 1942 ἁγιασμδν,
3611 1838 3804 1942 ἀτιμίας

676 1980 878 2023 terram
923 1970 1062 2023 hanc
1118 1974 1393 2031 statuens,
1439 1984 1459 2017 ι
1503 1963 1760 2035 Surgite,
1825 1964 2026 2035 inquit,
2064 1979 2256 2020 eamus

2359 1960 2540 2029 δόξαν,
2578 1962 2637 2028 ἐξ
2670 1963 2910 2034 ἀμαθίας
2944 1966 3023 2027 είς
3054 1963 3305 2031 σύνεσινζ,
3346 1963 3460 2018 ἀπὸ
3508 1964 3565 2017 δὲ
3599 1964 3780 2028 δειλίας
3820 1969 3882 2017 καὶ

676 2062 825 2115 hinc.
867 2088 885 2111 ι
939 2058 1092 2114 Licet
1125 2058 1293 2120 enim,
1341 2056 1525 2127 quoad
1565 2055 1827 2126 loquendi
1879 2055 2135 2122 formam,
2170 2071 2257 2112 se-

2355 2055 2678 2126 ἀνανδρείας
2732 2056 2812 2119 είς
2857 2054 3146 2125 εὐτολμίαν
3200 2054 3297 2127 τὴν
3338 2054 3430 2109 ἐπ’
3482 2054 3716 2123 ἀγαθοῖς.
3758 2057 3881 2111 Τόπον

678 2156 857 2223 ipsum
881 2151 1043 2206 nobis
1062 2148 1397 2220 conjungere
1425 2148 1693 2210 videatur,
1724 2149 1860 2205 nihil
1885 2157 2067 2204 tamen
2094 2147 2257 2205 nobis

2356 2142 2449 2201 οὖν
2479 2147 2668 2220 ὥσπερ
2696 2149 2808 2211 τοῖς
2847 2148 2940 2200 ἐπὶ
2980 2146 3083 2217 γῆς
3118 2146 3279 2218 ήμῶν
3309 2146 3739 2218 πλημμελήμασι
3763 2148 3882 2200 τδὲν-

677 2244 838 2313 plane
873 2240 1021 2295 istud
1050 2240 1251 2300 oberit,
1284 2254 1408 2292 cum
1442 2240 1493 2291 id
1526 2237 1713 2293 facere
1742 2238 1936 2294 soleat.
1969 2237 2128 2294 Unde
2157 2239 2257 2294 ali-

2357 2242 2485 2296 θάδε
2517 2241 2709 2308 τιθεὶς,
2746 2261 2764 2293 ι
2802 2240 3137 2313 Ἐγείρεσθε,
3169 2240 3357 2310 φησὶν,
3379 2239 3607 2311 ἄγωμεν
3632 2239 3877 2294 smitam

677 2333 803 2387 cuhi
843 2331 911 2386 ad
945 2346 1076 2386 suos
1106 2329 1412 2399 discipulos
1446 2330 1718 2385 dicentem
1770 2330 1925 2385 illum
1972 2333 2253 2402 reperies:

2359 2336 2422 2388 Et
2460 2333 2570 2407 γὰρ
2596 2334 2727 2399 καὶ,
2753 2335 2876 2387 ὅσον
2909 2328 3045 2406 ἧκεν
3073 2335 3153 2397 είς
3185 2333 3246 2385 τὸ
3277 2332 3373 2386 τοῦ
3408 2332 3573 2400 λόγου
3606 2332 3797 2402 σχῆμα,
3822 2335 3884 2385 καὶ

684 2445 702 2477 σ
762 2423 846 2480 Me
899 2430 1108 2494 oportet
1162 2420 1383 2490 operari
1432 2434 1603 2489 opera
1650 2420 1771 2491 ejus
1802 2422 1895 2492 qui
1942 2422 2092 2475 misit
2147 2436 2256 2487 me,

2359 2428 2549 2480 ἑαυτὸν
2581 2429 2711 2498 ἡμῖν
2738 2426 3004 2497 συνδήσας
3031 2425 3302 2496 φαίνεται,
3328 2424 3449 2479 ἀλλ’
3483 2424 3635 2485 οὐδὲν
3662 2426 3789 2496 mia;
3805 2425 3878 2477 ἀδι-

679 2512 854 2568 donec
903 2512 1024 2568 dies
1062 2520 1166 2565 est.
1191 2508 1361 2565 Venit
1402 2524 1510 2564 nox
1536 2550 1552 2574 ,
1600 2510 1823 2583 quando
1851 2526 2015 2565 nemo
2077 2520 2258 2580 potest

2359 2518 2518 2589 κήσει
2552 2516 2710 2571 τοῦτο
2745 2514 3043 2579 παντελῶς,
3068 2514 3301 2585 ἐπείπερ
3338 2514 3496 2584 αὐτῷ
3529 2513 3681 2567 τοῦτο
3712 2514 3881 2582 σύνηθες

678 2605 893 2677 Operari
915 2605 987 2661 ".
1023 2621 1043 2656 ι
1071 2603 1243 2659 Audis
1267 2612 1325 2659 ut
1349 2605 1596 2675 seipsum
1632 2604 1797 2660 nobis
1825 2618 2064 2676 operum
2085 2604 2257 2661 comi-

2357 2610 2514 2681 δρᾷν.
2547 2609 2656 2662 Καὶ
2674 2607 2804 2677 γοῦν
2835 2608 2893 2661 ὲν
2913 2608 3121 2677 ἑτέροις
3150 2605 3423 2660 ἁλώσεται
3459 2607 3632 2675 λέγων
3660 2605 3776 2677 πρὸς
3796 2608 3881 2668 τοὺς

682 2709 785 2753 tem
818 2698 1105 2769 adjungat,
1126 2697 1253 2753 licet
1283 2696 1492 2754 nostris
1514 2698 1778 2767 operibus
1794 2714 1904 2754 non
1925 2699 1999 2755 sit
2030 2700 2257 2770 perinde

2360 2703 2556 2757 ἑαυτοῦ
2599 2702 2846 2774 μαθητάς
2873 2719 2886 2733 ·
2930 2720 2949 2753 ι
2986 2701 3164 2771 Ἠμᾶς
3211 2701 3291 2754 δεῖ
3341 2700 3669 2773 ἐργάζεσθαι
3698 2699 3755 2753 τὰ
3786 2699 3883 2768 ἔργα

680 2804 743 2845 ac
796 2804 896 2844 nos
941 2789 1264 2845 obnoxius?
1297 2789 1367 2843 At
1409 2788 1673 2843 usitatam
1730 2788 1873 2845 hanc
1938 2804 2061 2845 esse
2111 2789 2258 2860 apud

2358 2795 2455 2850 τοῦ
2479 2794 2795 2866 πέμψαντος
2816 2796 2848 2866 ή
2858 2795 2987 2865 μᾶς,
3012 2793 3117 2857 ἕως
3137 2792 3319 2863 ήμέρα
3344 2792 3518 2845 ἐστίν.
3543 2791 3777 2862 Ἔρχεται
3800 2788 3879 2853 v35,

684 2896 782 2937 nos
831 2880 1089 2952 loquendi
1130 2880 1361 2935 formam
1397 2880 1571 2936 nihilo
1598 2882 1781 2936 secius
1825 2882 2253 2952 comperiemus.

2360 2889 2448 2943 ὅτε
2476 2889 2652 2953 οὐδεὶς
2679 2888 2899 2942 δύναται
2927 2884 3291 2959 ἐργάσασθαι.
3322 2904 3340 2935 ι
3382 2884 3626 2947 Ἀκούεις
3651 2886 3778 2945 ὅπως
3800 2884 3882 2934 ἑαυ-

681 2974 895 3045 Qnippe
941 2972 1160 3028 divinus
1185 2970 1393 3027 Paulus
1441 2971 1763 3028 Corinthios
1794 2971 2120 3045 obiurgans,
2180 2975 2257 3029 ita

2360 2980 2451 3035 τὸν
2480 2982 2611 3052 ἡμῖν
2658 2982 2739 3044 είς
2782 2981 2843 3034 τὸ
2885 2977 3216 3050 ἐργάζεσθαι
3260 2976 3499 3049 πρέπειν
3534 2974 3879 3035 συναναπλέκει,

680 3065 873 3121 scribit
901 3081 915 3117 :
959 3082 978 3116 ι
1017 3061 1145 3117 Haec
1179 3071 1387 3128 autem,
1416 3062 1637 3127 fratres,
1670 3063 2060 3134 transﬁgurari
2085 3065 2140 3119 in
2173 3081 2259 3123 me

2361 3073 2535 3128 καίτοι
2554 3071 2633 3144 τῷ
2657 3071 2987 3145 ἐργάζεσθαι
3013 3070 3124 3123 δεῖν
3149 3070 3270 3123 καθ’
3291 3070 3439 3140 ἡμᾶς
3469 3069 3531 3121 οὐ
3558 3066 3880 3136 συνυποκείμε-

682 3166 737 3213 et
758 3156 973 3228 Apollo,
1006 3162 1066 3208 ut
1098 3156 1153 3209 in
1189 3153 1355 3209 nobis
1375 3152 1610 3209 discatis
1641 3170 1809 3227 supra
1841 3156 1895 3211 id
1931 3158 2077 3227 quod
2114 3158 2254 3214 scri-

2284 3183 2332 3247 c
2362 3183 2491 3232 νος;
2549 3163 2690 3218 Ἀλλ’
2734 3162 2984 3235 εὐτριόὲς
3017 3162 3147 3233 ήμῖν
3175 3161 3329 3215 τοῦτο
3354 3160 3450 3214 τοῦ
3482 3159 3638 3229 λόγου
3665 3159 3719 3211 τὸ
3747 3158 3881 3227 σχῆμα

682 3262 837 3320 ptum
869 3256 954 3304 est
987 3262 1097 3302 non
1136 3260 1331 3317 sapere
1347 3246 1415 3300 ".
1453 3265 1472 3298 ι
1503 3244 1663 3314 Quod
1710 3254 1891 3303 autem
1928 3249 2136 3306 nostris
2175 3252 2258 3305 in-

2299 3244 2329 3247 f
2364 3258 2459 3312 καὶ
2484 3257 2614 3327 παρ’
2630 3257 2761 3327 ἡμῖν
2780 3255 2960 3319 αὐτοῖς
2984 3254 3135 3307 οὐδὲν
3150 3248 3315 3325 ἦττον
3337 3252 3662 3323 εὑρήσομεν.
3685 3250 3777 3303 Καὶ
3790 3248 3880 3317 γοῦν

684 3336 1036 3393 lirmitatibus
1104 3349 1455 3407 nequaquam
1512 3336 1853 3402 obnoxium,
1916 3338 2012 3393 sed
2062 3338 2257 3395 ducem

2362 3351 2390 3401 ὁ
2423 3347 2710 3411 θεσπέσιος
2739 3345 2948 3409 Παῦλος
2998 3344 3304 3416 ἐπιπλήξας
3332 3342 3642 3414 Κορινθίοις
3667 3338 3801 3394 τοῦτο
3820 3354 3880 3389 τε·

682 3430 896 3486 itineris
941 3429 999 3483 in
1052 3429 1309 3485 omnibus
1356 3428 1521 3485 bonis
1569 3437 1625 3486 et
1679 3445 1747 3485 ex
1800 3431 2050 3502 pristinis
2109 3433 2260 3489 vitiis

2361 3438 2667 3508 τόλμηκεν,
2718 3434 3019 3489 ἐπιστέλλει
3052 3434 3108 3487 δὲ
3151 3433 3279 3486 ὠδίο
3322 3450 3341 3484 ι
3371 3432 3562 3486 Ταῦτα
3596 3430 3679 3496 δὲ,
3718 3426 3881 3494 ἀδελφοί

682 3523 1066 3580 conversionis
1092 3524 1145 3578 in
1171 3523 1394 3588 melius,
1420 3536 1530 3578 non
1554 3522 1817 3594 legatum,
1840 3540 1953 3580 non
1980 3527 2258 3597 angelum,

2365 3546 2504 3601 μου,
2554 3528 3000 3601 μετεσχημάτισα
3043 3528 3122 3589 εἰς
3147 3525 3381 3596 ἐμαυτὸν
3410 3524 3511 3578 καὶ
3547 3519 3786 3582 Ἀπολλὼ,
3822 3518 3882 3569 ἵνα

682 3614 781 3669 sed
813 3613 993 3683 ipsum
1028 3612 1389 3668 habuerimus
1416 3613 1668 3669 universi
1704 3612 2025 3681 Dominum,
2083 3616 2262 3670 nulla-

2362 3623 2419 3675 ὲν
2448 3623 2581 3693 ήμῖν
2615 3620 2825 3693 μάθητε
2867 3621 2926 3673 τὸ
2956 3620 3031 3690 μὴ
3054 3619 3197 3691 ὑπὲρ
3223 3618 3252 3671 ὃ
3298 3618 3611 3689 γέγραπται
3651 3614 3876 3684 φρονεῖν.»

683 3715 844 3760 tenus
871 3704 1234 3759 dubitandum
1261 3714 1366 3761 est.
1400 3702 1692 3776 Redempti
1744 3707 1893 3761 enim
1922 3721 2116 3763 sumus
2147 3723 2259 3762 non

2365 3712 2485 3764 Ὀτι
2524 3711 2581 3764 δὲ
2629 3712 2677 3764 εί
2723 3710 2817 3763 καὶ
2870 3708 2945 3781 μὴ
2986 3708 3337 3763 συνυπαίτιον
3385 3710 3511 3770 ταῖς
3545 3705 3734 3759 ἑαυτῶν
3765 3700 3879 3755 ἀσθε-

681 3814 780 3868 per
811 3812 912 3852 nos
945 3799 1117 3868 ipsos,
1146 3812 1250 3852 nec
1279 3812 1376 3868 per
1404 3798 1573 3852 aliam
1620 3798 1788 3852 ullam
1819 3813 1934 3855 rem
1991 3811 2256 3866 creatam,

2361 3803 2568 3867 νείαις,
2618 3800 2735 3855 ἀλλ’
2768 3797 2861 3855 οὖν
2911 3800 3159 3872 ἡγεμόνα
3202 3799 3304 3869 τῆς
3344 3784 3466 3852 ὁδοῧ
3492 3799 3600 3860 τοῖς
3627 3796 3702 3864 ἐφ’
3729 3793 3878 3847 amati

681 3888 776 3943 sed
811 3903 905 3957 per
952 3888 1137 3958 ipsum
1170 3887 1353 3956 potius
1383 3885 1742 3944 Servatorem
1791 3898 2049 3945 nostrum
2097 3890 2259 3947 Chri-

2360 3895 2586 3965 ἀγαθοῖς
2612 3893 2706 3948 καὶ
2731 3893 2831 3964 τῆς
2852 3895 2917 3947 ὲκ
2945 3891 3134 3945 παθῶν
3154 3891 3264 3944 τῶν
3290 3890 3539 3961 ἀρχαίων
3567 3889 3654 3940 ἐπὶ
3680 3886 3732 3938 τὸ
3750 3886 3878 3953 κρεῖτ-

681 3988 849 4034 stum.
882 3978 1156 4043 Quocirca
1212 3979 1435 4048 quando
1470 3978 1607 4033 illud
1637 3980 1713 4034 ait
1745 3997 1758 4033 :
1812 3999 1831 4031 ι
1874 3978 2094 4052 Surgite
2115 4021 2130 4047 ,
2163 3997 2259 4037 ea-

2360 4006 2450 4043 τον
2503 3986 2869 4057 ἐπιστροφῆς,
2915 3984 2976 4038 οὐ
3028 3982 3305 4054 πρέσϐυν,
3369 3981 3473 4033 οὐκ
3519 3976 3754 4047 ἄγγελον,
3799 3970 3876 4024 ἀλλ’

681 4083 806 4124 mus
839 4067 991 4134 hinc,
1031 4087 1050 4120 ι
1087 4069 1246 4139 quasi
1283 4068 1613 4123 mundanam
1638 4070 1939 4140 nequitiam
1988 4086 2099 4127 una
2132 4089 2257 4129 cum

2359 4079 2519 4134 αὑτὸν
2562 4078 2876 4149 ἐσχήκαμεν
2922 4073 3014 4129 τὸν
3069 4073 3323 4128 ἁπάντων
3362 4070 3595 4143 Κύριον,
3645 4062 3876 4134 οὐδαμόθεν

682 4162 846 4216 nobis
901 4160 1117 4231 fugiat,
1174 4176 1287 4216 non
1336 4169 1601 4233 tanquam
1653 4163 1911 4222 humanis
1954 4167 2121 4224 malis
2160 4169 2260 4223 ob.

2359 4169 2677 4243 ἀμφίϐολον.
2736 4166 3135 4240 Λελυτρώμεθα
3178 4166 3318 4236 γὰρ,
3363 4166 3425 4218 οὐ
3452 4164 3521 4218 δι.
3546 4159 3762 4221 ἑαυτῶν,

683 4254 901 4321 noxius,
935 4252 1035 4310 sed
1070 4262 1331 4323 tanquam
1356 4253 1490 4319 dux,
1532 4265 1587 4310 et
1615 4256 2036 4329 antesignanus,
2071 4265 2127 4314 et
2156 4258 2261 4314 du-

2359 4267 2481 4321 οὑδὲ
2505 4264 2571 4318 δι’
2599 4261 2786 4334 ἑτέρου
2826 4259 2971 4323 τινὸς
2992 4258 3100 4312 τῶν
3126 4257 3392 4329 γενητῶν,
3423 4255 3493 4309 δι’
3520 4250 3677 4308 αὑτοῦ
3704 4250 3750 4302 δὲ

683 4354 805 4402 czor
833 4348 887 4401 in
918 4347 1386 4418 incorruptionem
1414 4355 1467 4401 et
1495 4362 1616 4403 eam
1661 4348 1834 4404 vitam
1883 4365 2006 4422 qua:
2054 4351 2260 4408 sancti-

2359 4360 2448 4413 λον
2494 4356 2589 4410 τοῦ
2623 4354 2874 4425 Σωτῆρος
2918 4350 3078 4423 ήμῶν
3126 4349 3385 4421 Χριστοῦ.
3444 4344 3652 4401 Οὐκοῦν
3687 4343 3792 4395 ὅταν
3826 4335 3876 4396 ὡς

684 4447 794 4495 tate
822 4449 875 4495 et
904 4438 1001 4495 Dei
1032 4452 1217 4493 amore
1239 4448 1479 4505 constat,
1504 4439 1653 4495 istud
1684 4440 1780 4497 ait.

2362 4452 2461 4504 σὺν
2497 4450 2631 4520 ἡμῖν
2664 4446 2759 4500 καὶ
2788 4443 2905 4517 μεθ’
2938 4442 3097 4514 ἡμῶν
3125 4443 3224 4514 τὴν
3262 4443 3320 4494 ὲν
3350 4440 3541 4511 κόσμῳ
3573 4426 3877 4520 παραδραμῷν

593 4604 598 4610 ,
684 4536 992 4607 φαυλότητα
1018 4534 1151 4606 λέγῃ
1172 4534 1259 4601 τὸ,
1281 4553 1300 4587 ι
1322 4534 1657 4609 Ἐγείρεσθε,
1688 4535 1913 4608 ἄγωμεν
1940 4538 2209 4608 ἐντεῦθεν,
2236 4564 2255 4597 ι
2298 4547 2396 4618 οὐχ
2424 4546 2499 4608 ὡς
2521 4518 2903 4605 -συνυπαίτιος,
2930 4540 3099 4611 ήγουν
3127 4537 3445 4608 ἐνεχόμενος
3506 4534 3613 4591 τοῖς
3664 4518 3878 4618 ἀνθρωξί·

683 4646 794 4693 νοις
834 4627 1093 4692 πάθεσιν,
1144 4626 1261 4684 ἀλλ’
1289 4627 1365 4693 ὡς
1399 4629 1640 4700 ἀρχηγὸς
1678 4630 1772 4683 καὶ
1808 4632 2123 4705 προστάτης
2166 4639 2262 4692 καὶ
2334 4612 2653 4711 ,έᾷθηγητὴς
2721 4636 2821 4705 τῆς
2861 4634 3065 4689 εἰσόδου
3100 4632 3181 4697 είς
3216 4630 3527 4702 ἀφθαρσίαν
3554 4625 3642 4681 καὶ
3665 4621 3787 4691 ζωὴν
3809 4612 3878 4681 τὴν

683 4726 739 4778 ἐν
766 4720 1024 4797 ἁγιασμῷ
1049 4722 1142 4775 καὶ
1168 4721 1437 4795 φιλοθετᾳ,
1468 4723 1531 4776 τὸ
1552 4722 1794 4777 τοιοῦτον
1816 4725 1952 4794 ὲρεῖ.

1249 4836 1413 4909 357
1450 4836 1599 4894 CAP.
1631 4838 1693 4892 n.
2293 4825 2338 4881 ι)

2293 4825 2338 4881 D
2967 4830 3219 4887 ΚΕΦΛΛ.
3260 4830 3336 4884 B'.

685 4949 839 5019 Quod
868 4947 978 5003 Deo
1017 4964 1081 5002 ac
1116 4948 1276 5003 Patri
1304 4950 1779 5005 consubstantialis
1820 4950 1890 5004 sit
1923 4950 2123 5015 Filius,
2154 4969 2258 5008 non

2355 4945 2479 5001 Ὅτι
2502 4944 2583 5019 τῷ
2606 4944 2735 5019 ,Θεῷ
2760 4944 2860 4998 καί
2896 4943 3079 5019 Πᾳτρί
3104 4942 3428 5019 ρρρο-ύσιός
3481 4940 3646 4995 ἐστιν

754 5032 929 5076 autem
957 5021 1267 5094 diuersae!)
1294 5036 1354 5073 eo
1378 5030 1587 5094 natura:
1612 5020 1690 5074 vel
1711 5022 1933 5089 generis,
1961 5032 2020 5075 ut
2041 5005 2260 5094 quidem

2425 5016 2524 5094 “‘3‘
2551 5005 2666 5094 591
2686 5005 3039 5094 ἑτεροφῑζὴςί
3064 5005 3209 5068 οὐδὲ
3232 5005 3520 5080 ἕκφυλος,
3571 5005 3710 5063 κατά
3754 5016 3876 5062 τινας

751 5093 981 5159 perversi
1006 5090 1240 5145 Ita'retici
1261 5092 1514 5147 sentiunt.
1711 5084 1731 5089 ⁷
1921 5084 1929 5087 ’
2052 5084 2065 5094 ’

1483 5100 1514 5147 t.
1711 5084 1731 5089 ⁷
1921 5084 1929 5087 ’
2052 5084 2065 5094 ’
2427 5086 2549 5141 τῶν
2579 5084 3085 5154 διεστραμμένων.

755 5194 875 5263 XV,
914 5198 964 5251 1.
1002 5195 1115 5277 Ego
1148 5214 1265 5252 sum
1302 5199 1421 5253 vitis
1455 5214 1599 5263 vera,
1637 5208 1688 5252 et
1721 5196 1889 5254 Pater
1924 5215 2070 5255 meus
2114 5204 2260 5273 agri-

2427 5197 2578 5269 Ἐγώ
2599 5196 2773 5267 είμιή
2799 5196 3067 5266 ἄμπελος
3099 5197 3139 5265 ἡ
3190 5192 3474 5263 ἀληθινὴ,
3517 5191 3613 5245 καί
3657 5190 3687 5242 ὀ
3724 5178 3876 5245 Πατήρ

685 5290 803 5343 cola
826 5299 931 5344 est.

2353 5308 2474 5362 μου
2506 5293 2541 5346 ό
2569 5290 2829 5360 γεωργός
2863 5288 3054 5342 ἐστιν.

754 5383 909 5450 Quod
961 5389 1213 5457 oporteat
1244 5382 1531 5439 dilectioni
1578 5397 1709 5455 erga
1752 5398 1815 5439 se
1868 5382 2154 5449 inhaerere,
2208 5393 2263 5440 et
2354 5358 2356 5360 I

2354 5358 2370 5362 ⁷
2433 5383 2558 5437 Ὅτι
2578 5358 2855 5453 προσήκοι
2892 5379 2990 5449 τῆς
3035 5379 3116 5441 είς
3159 5376 3323 5431 αὑτὸν
3358 5373 3575 5443 ἀγάπης
3611 5358 3875 5458 ἐξηρτῆσθαι

684 5482 949 5545 quantum
983 5454 1050 5531 ex
1077 5490 1145 5530 eo
1178 5473 1323 5544 quod
1351 5472 1400 5530 ei
1432 5473 1719 5544 conjuncti
1755 5489 1955 5531 sumus
1985 5476 2261 5532 commodi

2360 5473 2555 5544 φιλεῖν,
2586 5474 2681 5527 καὶ
2709 5473 2877 5526 πόσον
2917 5474 2983 5526 ἐκ
3024 5468 3121 5523 τοῦ
3156 5467 3449 5523 κολλᾶσθαι
3477 5460 3621 5531 αὑτῷ
3648 5454 3877 5545 κερδανοῦ-

684 5568 844 5624 nobis
890 5568 1109 5623 eveniat
1137 5566 1327 5621 volens
1361 5566 1679 5634 ostendere,
1718 5568 1882 5623 vitem
1914 5568 2137 5638 quidem
2171 5583 2259 5624 se-

2363 5543 2461 5637 μεν
2479 5564 2744 5631 ἐπιδεῖξαι
2764 5564 3000 5634 θελήσας
3024 5561 3087 5616 τδ
3109 5558 3376 5630 ὠφελοῦν,
3407 5553 3640 5628 ἄμπελον

684 5661 860 5730 ipsum
903 5674 1027 5714 esse
1063 5656 1241 5714 dicit:
1281 5656 1379 5729 qui
1411 5665 1594 5713 autem
1628 5658 1679 5714 ei
1724 5667 1859 5715 sunt
1886 5659 2049 5726 uniti,
2090 5667 2256 5729 atque

2358 5658 2450 5712 τὸν
2478 5654 2616 5714 εἷναί
2645 5674 2831 5729 φησιν,
2848 5656 2923 5721 ὡς
2953 5658 3011 5710 ὲν
3039 5652 3477 5725 παραδείγματος
3505 5648 3657 5715 λόγῳ,
3682 5638 3870 5707 κλήμασί

758 5816 802 5846 ’⁷
834 5814 986 5870 Joan.
1022 5830 1096 5880 Ix,
1129 5814 1181 5869 4.
1261 5810 1306 5846 ⁷⁸
1348 5815 1364 5869 l
1398 5813 1526 5870 Cor.
1568 5829 1617 5867 iv
1642 5854 1655 5878 ,
1686 5815 1738 5869 6.
