4056 6520
256 346 391 401 535

1352 344 1418 398 ΙΝ
1454 342 1741 401 JOANMS
1766 342 2220 403 EVANGELIUM
2250 346 2381 403 LIB.
2427 349 2492 405 X.

3445 361 3549 415 δδι

256 479 335 530 γε
382 464 485 533 μὴν
518 460 645 525 τοὺς
664 458 966 523 ἐνωθέντας
996 458 1145 530 αὐτῷ
1172 460 1266 513 καλ⁸
1292 460 1732 533 ἐνηρμοσμένους
1751 460 1857 531 τρό

1981 460 2129 515 insiti
2162 464 2568 531 quodammodo
2607 476 2662 522 et
2693 444 2871 535 inﬁxi,
2902 476 2956 525 et
2982 470 3096 540 jam
3140 472 3269 527 facti
3301 474 3431 527 sunt
3457 490 3553 529 na-

259 572 383 607 πον
407 555 527 608 τινὰ
549 554 643 608 καὶ
666 552 1081 624 ἐμπεπηγότας,
1099 553 1391 623 γεγονότας
1406 572 1466 607 τε
1494 555 1597 625 ήδη
1619 555 1718 625 τῆς
1745 556 1869 607 ἐαυ-

256 645 370 698 τοῦ
425 645 643 715 φύσεως
688 646 1016 711 κοινωνοὺς,
1060 645 1149 700 διὰ
1190 647 1284 701 τοῦ
1334 649 1656 720 μεταλαχεῖν
1711 649 1867 718 ἁγίου

260 736 598 808 Πνεῦματος
621 753 635 767 ⁶
661 737 723 791 τὸ
743 738 852 809 γὰρ
876 738 1186 792 συνενῶσαν
1210 741 1362 811 ἡμᾶς
1389 740 1466 812 τῷ
1500 741 1714 812 Σωτῆρι
1732 742 1868 812 Χρι-

258 829 389 900 στῷ
421 830 484 883 τὸ
514 831 671 900 ἀγιον
704 830 932 902 Πνεῦμα
961 831 1127 885 αὑτοῦ
1158 834 1327 887 ἐστιν.
1373 834 1741 906 Προαιρετικὴ
1770 835 1869 903 μὲν

257 921 443 992 γὰρή
476 922 614 993 πρὸς
650 923 750 995 τὴν
785 922 1032 995 ἄμπελον
1071 923 1325 994 κόλλησις
1372 924 1479 979 τῶν
1535 924 1868 996 προσιόντων

259 1015 444 1086 αὐτῇ,
484 1016 710 1087 σχετικὴ
736 1015 794 1069 δέ
814 1018 948 1088 παρ’
980 1015 1154 1087 αὐτῆς
1192 1018 1225 1087 ή
1256 1017 1393 1088 πρὸς
1432 1017 1600 1088 ἡμᾶς.
1637 1019 1733 1072 Ἐκ
1768 1018 1869 1089 μέν

256 1107 386 1177 γὰρ
413 1108 790 1179 προαιρέσεως
822 1107 1037 1181 ἀγαθῆς
1063 1107 1549 1180 προσεληλύθαμεν
1572 1111 1735 1181 ἡμεῖς
1779 1110 1869 1164 διὰ

256 1201 375 1271 τῆς
401 1203 660 1269 πίστεως,
694 1204 852 1273 γένος
880 1204 939 1257 δὲ
979 1204 1284 1275 γεγόναμεν
1324 1203 1490 1260 αὐτοῦ
1514 1204 1575 1259 τὸ
1605 1206 1706 1277 τῆς
1750 1207 1867 1259 uio-

258 1291 464 1357 θεσίας
491 1294 709 1366 ἀξίωμα
739 1295 868 1366 παρ’
907 1294 1075 1350 αὐτοῦ
1104 1294 1483 1366 κομισάμενοι.
1519 1297 1629 1352 Καὶ
1663 1296 1774 1369 γάρ
1801 1296 1865 1367 δὴ

259 1386 420 1439 κατά
452 1386 541 1439 τὸν
568 1386 724 1454 ἆγιον
750 1385 980 1450 Παῦλον,
1014 1405 1034 1437 ι
1082 1385 1141 1440 Ὀ
1180 1386 1518 1458 κολλώμενος
1544 1386 1622 1458 τῷ
1652 1387 1865 1459 Κυρίῳ,

261 1472 328 1525 ἓν
363 1473 610 1545 πνεῦμά,
639 1475 810 1529 ἐστιν.
848 1494 868 1528 ι
907 1475 1119 1547 Ὥσπερ
1159 1470 1253 1529 οὖν
1302 1476 1362 1528 ἐν
1413 1475 1621 1547 ἑτέροις
1662 1478 1869 1548 κρηπὶς

262 1566 370 1618 καὶ
428 1564 677 1636 θεμέλιος
714 1565 805 1620 διά
852 1567 952 1638 τῆς
993 1567 1087 1621 τοῦ
1123 1569 1405 1639 προφήτου
1448 1568 1867 1640 κατωνόμασται

261 1657 463 1727 φωνῆς
499 1658 604 1727 (ἐπ’
658 1657 807 1729 αὑτῷ
858 1660 967 1730 γὰρ
1007 1659 1535 1731 ἐποικοδομούμεθα,
1584 1661 1723 1715 λίθοι
1772 1662 1868 1717 καὶ

260 1749 440 1827 ἡμεῖς
471 1749 932 1820 χρηματίσαντες,
969 1749 1173 1815 ζῶντες
1206 1752 1302 1805 καὶ
1346 1753 1730 1821 πνευματικοὶ,
1785 1754 1866 1817 είς

265 1838 581 1911 ἱεράτευμα
639 1840 831 1910 ἅγιον,
869 1843 949 1904 είς
1000 1843 1420 1914 κατοικητήριον
1468 1841 1561 1896 τοῦ
1610 1842 1746 1897 Θεοῦ
1808 1846 1868 1899 ἐν

263 1929 574 1999 Πνεῦματι,
599 1929 723 1984 καθ’
771 1932 958 2003 ἕτερον
984 1930 1041 1984 δέ
1070 1949 1193 1986 τινα
1230 1934 1430 2004 τρόπον
1470 1935 1869 2006 οἰκοδομεῖσθαι

260 2019 413 2090 πρὸς
434 2020 593 2074 τοῦτο
619 2021 694 2093 μὴ
723 2022 1035 2095 δυνάμενοι,
1054 2026 1104 2077 εί
1126 2024 1200 2097 μὴ
1230 2025 1451 2095 γέγονεν
1466 2028 1599 2099 ήμῖν
1620 2028 1870 2101 θεμέλιος

259 2116 292 2166 ὀ
319 2115 609 2185 Χριστὸς),
643 2115 785 2169 οὕτω
818 2116 1049 2171 κάνθάδε
1079 2116 1221 2171 κατά
1256 2116 1356 2190 τὴν
1380 2118 1503 2192 ῐσην
1541 2120 1635 2173 τοῦ
1659 2121 1867 2192 νοήμα-

261 2223 354 2269 τος
394 2206 712 2275 ἀναλογίαν,
736 2208 983 2279 ἄμπελον
1020 2209 1215 2264 ἑαυτὸν
1267 2207 1407 2265 εἷναί
1456 2230 1590 2283 φησι
1644 2213 1755 2269 τῶν
1808 2216 1869 2282 ἐξ

262 2296 447 2365 αὐτῆς
475 2298 790 2369 κλημάτων,
832 2299 908 2363 ώς
958 2301 1172 2371 μητέρα
1214 2302 1308 2355 καὶ
1351 2303 1571 2374 τροφόν.
1623 2303 1869 2374 Ἀνεγενι

262 2387 518 2458 νήθημεν
547 2388 656 2460 γὰρ
684 2390 743 2456 ἐξ
774 2390 939 2443 αὐτοῦ
974 2407 1032 2443 τε
1064 2392 1160 2445 καὶ
1180 2393 1243 2445 ἐν
1268 2392 1421 2463 αὐτῷ
1468 2394 1525 2446 ἐν
1563 2394 1863 2466 Πνεύματι,

266 2480 409 2551 πρὸς
443 2482 818 2553 καρποφορίαν
846 2482 1015 2552 ζωῆς,
1045 2484 1167 2554 οὐχὶ
1191 2485 1290 2555 τῆς
1325 2486 1559 2555 ἀρχαίας
1601 2488 1698 2541 καὶ
1754 2507 1864 2543 πα-

263 2570 452 2636 λαιᾶς,
484 2572 620 2626 άλλά
640 2573 741 2643 τῆς
773 2575 831 2626 ἐν
853 2576 1134 2645 καινότητι
1154 2574 1390 2639 πίστεώς
1418 2594 1478 2629 τε
1505 2579 1599 2631 καὶ
1642 2579 1863 2651 ἀγάπης

262 2664 362 2734 τῆς
392 2665 475 2726 είς
499 2664 680 2718 αὐτόν.
718 2664 1135 2738 Διατηρούμεθα
1173 2666 1231 2719 δὲ
1264 2667 1400 2739 πρὸς
1431 2667 1492 2721 τὸ
1526 2668 1669 2740 ἔχειν
1699 2671 1759 2725 τὸ
1784 2667 1864 2726 εἷ-

261 2773 375 2821 ναι,
414 2758 869 2828 προσπεφυκότες
892 2757 1085 2829 ὥσπερ
1113 2757 1265 2829 αὑτῷ
1300 2760 1393 2814 καὶ
1443 2760 1613 2832 ἀπρὶξ
1667 2763 1863 2835 ἐχόμεο

261 2864 341 2900 νοι
370 2846 474 2917 τῆς
504 2846 902 2920 παραδοθείσης
942 2849 1074 2919 ἡμῖν
1110 2850 1273 2917 ἁγίας
1302 2850 1521 2921 ἐντολῆς
1552 2853 1646 2906 καὶ
1660 2852 1749 2908 διὰ
1765 2853 1861 2908 τοῦ

262 2937 466 3003 σώζειν
494 2940 814 3007 ἐπείγεσθαι
834 2939 896 2993 τὸ
934 2941 1000 2994 ἐκ
1020 2941 1118 3011 τῆς
1156 2941 1438 3010 εὐγενείας
1474 2944 1699 3012 ἀγαθὸν,
1718 2944 1861 2999 τοῦτ’

258 3028 403 3093 εστι,
455 3029 543 3083 διὰ
577 3028 672 3083 τοῦ
716 3030 791 3101 μὴ
840 3029 1127 3100 ἀνέχεσθαι
1176 3030 1365 3085 λυπεῖν
1390 3073 1405 3099 ,
1448 3034 1591 3088 κατά
1631 3052 1684 3089 τι
1730 3034 1862 3105 γοῦν

255 3120 401 3185 ὅλως
425 3122 483 3175 τὸ
513 3121 810 3175 ἐνοικισθέν
834 3122 965 3191 ήμῖν
988 3121 1141 3190 ἅγιον
1181 3122 1427 3194 Πνεῦμα,
1468 3124 1536 3177 δι’
1564 3118 1627 3178 οῦ
1673 3143 1858 3179 κατοι-

255 3214 379 3266 κεῖν
422 3212 518 3283 μὲν
541 3213 601 3265 ἐν
631 3214 761 3283 ἡμῖν
814 3214 1014 3267 νοεῖται
1046 3212 1199 3277 Θεός.
1240 3215 1400 3270 Κατά
1436 3216 1557 3270 τίνα
1592 3216 1700 3291 γὰρ
1730 3219 1857 3290 τρό-

257 3322 361 3358 πον
394 3305 564 3375 ἐσμὲν
591 3307 649 3359 ἐν
682 3304 926 3376 Χριστῷ,
957 3304 1052 3358 καὶ
1085 3306 1246 3371 αὐτὸς
1269 3307 1327 3363 ἐν
1364 3309 1519 3380 ἡμῖν,
1544 3309 1704 3373 αὐτὸς
1727 3312 1859 3382 ἡμῖν

255 3398 285 3449 ό
313 3397 486 3467 σοφὸς
516 3397 772 3469 Ἰωάννης
802 3396 1045 3470 ἐπιδείξῃ
1073 3398 1248 3468 λέγων
1272 3416 1287 3431 ⁸
1328 3420 1347 3452 ι
1394 3401 1482 3455 Ἐν
1504 3401 1678 3474 τούτῳ
1696 3402 1860 3473 γινώ-

259 3514 492 3568 σκομεν,
524 3498 610 3552 ὅτι
630 3498 799 3569 ἐσμὲν
825 3500 884 3551 ἐν
917 3496 1085 3568 αὐτῷ,
1132 3498 1226 3550 καὶ
1280 3496 1442 3560 αὐτὸς
1488 3498 1547 3549 ἐν
1584 3497 1739 3567 ἡμῖν,
1791 3497 1858 3548 ἐκ

257 3588 351 3642 τοῦ
393 3588 737 3660 Πνεῦματος,
771 3583 831 3643 οῦ
856 3588 1025 3642 ἔδωκε
1053 3590 1241 3659 ἡμῖν.»
1276 3588 1386 3640 Καὶ
1418 3586 1676 3657 ἔμπαλιν·
1708 3605 1726 3639 ι
1766 3588 1855 3641 Ἐν

256 3681 436 3750 τούτῳ
472 3679 836 3751 γινώσκομεν,
869 3680 952 3732 ὅτι
988 3681 1048 3731 ἐν
1086 3677 1235 3748 αὐτῷ
1256 3679 1445 3747 ἐσμεν.
1478 3705 1545 3717 -ι
1577 3678 1635 3730 '0
1681 3676 1855 3745 λέγων

255 3772 313 3823 ἐν
340 3771 497 3842 αὐτῷ
523 3771 725 3842 μένειν,
757 3770 981 3839 ὀφείλει,
1016 3768 1200 3833 καθὼς
1232 3771 1435 3833 ἐκεῖνος
1455 3768 1851 3839 περιεπάτησε,

257 3864 348 3917 καὶ
379 3864 549 3926 αὐτὸς
577 3865 924 3934 περιπατεῖν.
966 3881 985 3913 ι
1021 3864 1087 3915 Ὃ
1114 3860 1338 3923 καὶτοῖς
1370 3858 1739 3931 ἀκροωμένοις
1758 3876 1854 3912 σα-

252 3952 523 4022 φέστερον
556 3951 824 4015 καθιστὰς
851 3991 867 4017 ,
910 3950 1054 4004 οὕτω
1087 3950 1221 4020 φησὶ⁵
1271 3948 1434 4002 πάλιν
1459 3962 1473 3975 ο
1518 3967 1536 4000 ι
1574 3948 1632 4002 '0
1668 3948 1853 4020 τηρῶν

256 4047 353 4107 τὰς
387 4044 610 4108 ἐντολὰς
639 4044 899 4109 αὑτοῦ,ἐν
914 4043 1061 4114 αὐτῷ
1077 4042 1228 4112 μένει
1250 4042 1345 4095 καὶ
1373 4040 1534 4104 αὐτὸς
1557 4041 1615 4094 ἐν
1642 4040 1846 4112 αὐτῷ.»

255 4136 317 4189 Et
338 4135 454 4207 γὰρ
493 4138 526 4206 ή
555 4136 788 4206 τήρησις
817 4133 926 4187 τῶν
951 4132 1204 4197 ἐντολῶν,
1254 4131 1355 4201 τὴν
1395 4132 1474 4195 είς
1508 4132 1671 4185 αὑτὸν
1709 4132 1848 4200 ἀγά-

254 4243 361 4297 πην
392 4225 709 4296 ἐργάζεται,
764 4222 1084 4294 κολλώμεθα
1108 4221 1269 4276 δὲδιὰ
1297 4222 1395 4292 τῆς
1438 4223 1659 4292 ἀγάπης
1699 4224 1850 4296 αὐτῷ

255 4317 372 4382 ruit;
406 4318 507 4371 οὐκ
534 4314 733 4386 ἀληθὲς
762 4318 821 4369 ἐν
863 4314 1076 4378 τούτοις
1119 4314 1369 4383 φαίνεται
1415 4314 1476 4367 τὸ
1517 4314 1845 4386 εἰρημένον;

256 4410 469 4479 Ὂνπερ
495 4408 603 4479 γὰρ
624 4407 825 4478 τρόπον
852 4406 949 4477 τῆς
971 4405 1215 4477 ἀμπέλου
1236 4405 1296 4458 τὸ
1319 4405 1561 4476 πρέμνον
1588 4406 1687 4478 τῆς
1710 4406 1847 4470 ίδίας

1975 560 2113 608 tura:
2141 555 2318 626 ipsius
2348 568 2636 615 consortes
2668 562 2736 627 ⁷³,
2767 563 3099 634 participato
3132 580 3329 636 nempe
3360 579 3565 623 sancta.

1976 641 2184 712 Spiritu
2228 649 2475 716 (sanctus
2512 650 2660 705 enim
2685 649 2896 708 Christi
2936 652 3180 724 Spiritus
3212 670 3314 709 nos
3350 657 3399 711 ei
3424 672 3525 711 con

1968 736 2197 809 jungit),
2227 740 2328 796 bos
2356 743 2675 812 palmitibus
2714 758 3022 817 comparat.
3054 747 3257 803 Eorum
3288 751 3437 805 enim
3461 756 3553 822 qui

1971 830 2040 885 ad
2078 833 2241 887 vitem
2292 836 2568 891 accedunt
2617 838 2862 896 adhaesio
2912 841 3213 898 voluntatis
3255 850 3341 898 est
3390 851 3556 912 atque

1970 924 2239 993 propositi
2268 945 2281 981 :
2335 927 2459 997 ejus
2495 937 2678 987 autem
2704 931 3046 1002 _conjunctio
3080 934 3392 999 nobiscum,
3427 935 3552 991 aﬂ‘e-

1971 1024 2095 1071 etus
2129 1024 2183 1072 et
2214 1018 2583 1077 habitudinis.
2616 1021 2695 1076 Ex
2728 1024 2873 1079 bono
2904 1025 3111 1096 quippe
3138 1029 3423 1097 proposito
3454 1043 3554 1083 nos

1970 1106 2038 1161 ad
2072 1104 2355 1164 Christum
2412 1112 2751 1171 accessimus
2796 1131 2892 1184 per
2928 1116 3092 1172 ﬁdem
3119 1134 3132 1171 :
3164 1133 3340 1189 genus
3371 1126 3553 1173 autem

1970 1197 2143 1266 ipsius
2194 1200 2319 1256 facti
2373 1218 2588 1267 sumus,
2638 1204 2948 1275 adoptionis
3001 1208 3327 1279 dignitatem
3368 1209 3437 1263 ab
3488 1226 3555 1264 eo

1968 1294 2283 1349 consecuti.
2321 1294 2562 1362 Etenim,
2596 1297 2755 1367 juxta
2786 1309 3039 1356 sanctum
3094 1301 3347 1366 Paulum,
3394 1322 3413 1353 ι
3448 1303 3550 1369 Qui

1971 1384 2215 1442 adhzeret
2242 1385 2496 1454 Domino,
2526 1406 2673 1447 unus
2706 1392 2937 1462 spiritus
2971 1404 3058 1450 est
3082 1395 3148 1450 ⁸ο.
3192 1416 3209 1449 ι
3241 1395 3396 1450 Sicut
3422 1413 3553 1465 ergo

1970 1478 2100 1533 alibi
2147 1495 2247 1550 per
2298 1495 2486 1537 vocem
2523 1484 2806 1555 propheta:
2847 1485 2998 1541 basis
3041 1495 3095 1541 et
3132 1486 3550 1543 fundamentum

1969 1570 2287 1627 nominatus
2318 1579 2403 1628 est
2435 1573 2625 1645 (super
2658 1574 2839 1645 ipsum
2866 1577 3013 1631 enim
3045 1593 3146 1633 nos
3184 1579 3548 1646 aediﬁcantur,

1968 1668 2023 1714 et
2075 1660 2289 1733 lapides
2329 1665 2635 1735 uuucupati
2679 1680 2870 1722 sumus
2896 1668 3144 1723 viventes
3175 1684 3242 1724 ac
3274 1671 3551 1740 spiritales

1970 1749 2025 1804 in
2075 1753 2451 1809 sacerdotium
2500 1764 2776 1825 sanctum,
2829 1760 2885 1815 in
2936 1760 3313 1816 habitaculum
3356 1762 3450 1817 Dei
3497 1765 3550 1818 in

1900 1810 1942 1869 Β
1974 1839 2208 1912 Spiritu,
2252 1860 2355 1901 nec
2384 1846 2496 1902 alio
2518 1848 2683 1904 modo
2711 1865 3012 1920 possumus
3040 1854 3096 1907 in
3126 1854 3232 1908 hoc
3267 1854 3549 1918 aedificari,

1968 1932 2079 1988 nisi
2127 1933 2387 1993 Christus
2440 1938 2603 1994 nobis
2649 1937 3071 1999 fundamentum
3123 1944 3291 1999 fuerit
3325 1945 3418 2017 ⁸⁸),
3462 1945 3551 1999 bic

1968 2037 2186 2093 quoque
2217 2024 2409 2080 eodem
2450 2042 2621 2083 sensu
2651 2029 2819 2083 vitem
2853 2030 3097 2101 seipsum
3138 2048 3265 2089 esse
3305 2034 3404 2099 ait,
3430 2035 3551 2104 pal-

1968 2114 2166 2170 mitum
2201 2118 2295 2187 qui
2324 2134 2390 2172 ex
2428 2133 2494 2175 ea
2525 2128 2658 2176 sunt
2688 2122 2847 2191 quasi
2882 2133 3116 2179 matrem
3156 2132 3211 2179 et
3250 2124 3547 2178 alumnam.

1967 2203 2296 2276 Begeneratl
2327 2209 2471 2264 enim
2503 2225 2697 2268 sumus
2721 2228 2789 2267 ex
2829 2213 2953 2283 ipso
2993 2223 3046 2269 et
3076 2215 3129 2268 in
3160 2216 3302 2285 ipso,
3338 2217 3390 2269 in
3424 2216 3550 2285 Spi-

1966 2297 2094 2363 ritu,
2138 2296 2209 2352 ad
2246 2296 2539 2355 ferendum
2571 2300 2811 2357 fructum
2857 2304 3002 2370 vitae,
3031 2320 3140 2359 non
3170 2307 3373 2363 veteris
3400 2307 3550 2363 illius

1966 2398 2021 2444 et
2056 2390 2306 2458 exoletae,
2342 2391 2439 2448 sed
2488 2393 2609 2463 ejus
2637 2410 2759 2464 quae
2804 2397 3045 2451 novitate
3071 2398 3196 2453 vitze
3225 2406 3467 2463 constat,
3495 2410 3551 2455 et

1964 2496 2090 2552 erga
2120 2482 2300 2553 ipsum
2327 2484 2626 2542 charitate.
2659 2485 3072 2543 Conservamur
3100 2499 3280 2545 autem
3318 2489 3374 2545 in
3404 2505 3549 2557 esse,

1965 2570 2068 2640 ipsi
2111 2574 2522 2642 quodammodo
2571 2577 2789 2642 inserti,
2817 2586 2872 2633 et
2904 2578 3108 2633 tradito
3146 2580 3309 2653 nobis
3353 2591 3550 2636 sancto

1965 2664 2223 2719 mandato
2265 2664 2546 2721 mordicus
2583 2667 2943 2733 inhaerentes,
2980 2678 3035 2724 et
3078 2671 3388 2728 nobilitatis
3443 2674 3546 2726 bo-

1965 2770 2095 2808 num
2130 2770 2355 2811 servare
2385 2757 2691 2824 studentes,
2734 2758 2787 2813 id
2817 2769 2922 2825 est,
2967 2774 3078 2814 non
3108 2761 3356 2817 sinentes
3388 2778 3518 2833 pror

1964 2863 2059 2902 sus
2116 2846 2514 2904 inhabitantem
2550 2848 2606 2904 in
2642 2850 2804 2906 nobis
2834 2849 3101 2922 Spiritum
3133 2853 3218 2908 vel
3253 2853 3544 2907 minimun.

1963 2937 2304 3002 contristari,
2342 2954 2439 3009 per
2468 2954 2632 3009 quem
2666 2940 2917 2996 habitare
2970 2942 3028 2995 in
3062 2941 3228 2997 nobis
3273 2941 3418 2998 Deus
3462 2944 3546 2998 in.

1963 3029 2246 3099 telligitur.
2281 3027 2571 3096 Quomodo
2599 3031 2748 3086 enim
2796 3031 2970 3087 simus
3021 3031 3078 3087 in
3127 3032 3373 3098 Christo,
3418 3045 3471 3090 et
3500 3037 3545 3091 is

1965 3122 2018 3175 in
2046 3121 2231 3185 nobis,
2266 3122 2382 3192 ipse
2415 3122 2573 3178 nobis
2606 3122 2827 3193 sapiens
2879 3121 3123 3179 Joannes
3154 3125 3433 3192 ostendat,
3460 3126 3545 3181 di-

1964 3229 2096 3269 cens
2122 3214 2136 3265 ‘:
2185 3232 2205 3266 ι
2246 3212 2302 3267 In
2331 3213 2438 3268 hoc
2467 3216 2859 3285 cognoscimus
2918 3216 3179 3286 quoniam
3225 3217 3281 3271 in
3329 3234 3395 3273 eo
3424 3234 3543 3273 ma-

1962 3320 2178 3371 nemus,
2215 3314 2271 3360 et
2303 3304 2425 3376 ipse
2479 3305 2532 3359 in
2567 3306 2748 3371 nobis,
2789 3306 3054 3377 quoniam
3086 3307 3154 3363 de
3199 3305 3408 3379 Spiritu
3441 3326 3542 3365 suo

1960 3399 2113 3455 dedit
2140 3398 2311 3470 858
2336 3398 2500 3454 nobis
2525 3399 2592 3453 θ’.
2635 3417 2654 3451 ι
2699 3398 2763 3452 Et
2793 3415 3022 3456 rursus:
3071 3420 3089 3452 ι
3127 3399 3182 3455 In
3208 3401 3313 3455 hoc
3346 3417 3544 3474 cogno-

1959 3492 2166 3546 scimus
2200 3491 2329 3561 quia
2388 3492 2445 3545 in
2480 3491 2600 3561 ipso
2648 3506 2841 3547 sumus
2862 3491 2930 3547 ⁸³.
2958 3522 3029 3532 —
3063 3492 3168 3559 Qui
3216 3493 3353 3548 dicit
3390 3509 3450 3550 se
3484 3496 3538 3551 iu

1960 3582 2078 3652 ipso
2124 3597 2368 3647 manere,
2410 3581 2593 3647 debet,
2636 3583 2781 3638 sicut
2814 3583 2907 3639 ille
2948 3584 3276 3651 ambulavit,
3322 3595 3375 3641 et
3425 3588 3542 3656 ipse

1956 3671 2239 3728 ambulare
2262 3672 2329 3727 “.
2366 3691 2384 3723 ι
2415 3671 2571 3738 Quod
2607 3672 2773 3727 etiam
2805 3673 3155 3729 auditoribus
3194 3676 3399 3731 clarius
3441 3692 3537 3746 pa-

1942 3762 2244 3828 tefaciens,
2281 3763 2355 3816 ita
2387 3779 2583 3819 rursus
2620 3762 2783 3817 inﬁt:
2838 3782 2859 3814 ιι
2911 3764 3015 3830 Qui
3053 3774 3237 3819 servat
3286 3771 3536 3825 mandata

1955 3854 2098 3924 ejus,
2128 3854 2185 3910 in
2220 3855 2312 3909 illo
2339 3863 2543 3918 manet,
2577 3863 2631 3909 et
2662 3855 2779 3925 ipse
2808 3854 2862 3910 in
2897 3871 2965 3911 eo
2995 3857 3061 3910 ⁸⁸.
3102 3877 3121 3910 ι
3157 3856 3290 3913 Nam
3320 3860 3362 3913 si
3389 3876 3535 3916 man.

1954 3947 2210 4002 datorum
2259 3948 2575 4003 observatio
2611 3947 2965 4004 dilectionem
3013 3949 3067 4004 in
3104 3951 3284 4020 ipsum
3336 3967 3540 4023 opera-

1955 4049 2067 4104 tur,
2101 4048 2157 4096 et
2193 4054 2288 4110 per
2337 4039 2689 4095 dilectionem
2728 4040 2778 4095 ei
2810 4040 3222 4111 conjungimur,
3260 4046 3537 4114 quomodo

1954 4147 2064 4186 non
2117 4132 2204 4186 hic
2255 4145 2447 4187 verum
2491 4145 2618 4187 esse
2675 4130 2893 4186 videtur
2946 4129 3095 4201 quod
3148 4132 3360 4187 dictum
3409 4134 3541 4189 est?

1953 4222 2425 4289 Quemadmodum
2461 4221 2610 4277 enim
2653 4221 2812 4276 radix
2855 4222 3164 4277 naturalem
3206 4237 3360 4279 suam
3393 4242 3533 4297 qua~

1953 4313 2164 4367 litatem
2220 4312 2538 4385 palmitibus
2578 4313 2861 4383 impertit,
2918 4313 2999 4368 sic
3054 4315 3396 4386 unigenitum
3439 4318 3533 4376 Del

1951 4402 2196 4459 Verbum
2245 4403 2340 4459 Dei
2407 4419 2471 4459 ac
2519 4402 2699 4460 Patris
2738 4420 2962 4475 sumque
2993 4413 3204 4461 natura:
3237 4407 3532 4481 quamdam

252 4503 344 4554 καὶ
377 4500 605 4570 ἐνούσης
637 4499 785 4570 αὑτῷ
814 4499 1097 4571 ποιότητος
1127 4498 1364 4568 φυσικῆς
1384 4499 1624 4553 διακονεῖ
1649 4517 1708 4553 τε
1750 4501 1845 4553 καὶ

1957 4497 2123 4553 veluti
2165 4497 2550 4568 cognationem
2604 4499 2818 4553 sanctis
2850 4498 3069 4562 inserit,
3121 4497 3387 4572 Spiritum
3428 4501 3534 4555 lar-

250 4593 501 4663 διανέμει
530 4594 643 4656 τοῖς
669 4593 911 4663 κλήμασι
933 4591 1031 4662 τὴν
1064 4590 1388 4657 ἀπόλαυσιν,
1423 4590 1598 4655 οὕτως
1629 4594 1658 4645 ὁ
1689 4608 1848 4661 μονο-

249 4687 419 4758 γενὴς
464 4685 558 4739 τοῦ
609 4685 746 4739 Θεοῦ
786 4685 981 4753 Λόγος,
1004 4686 1104 4754 τῆς
1140 4700 1201 4736 τε
1234 4683 1330 4737 τοῦ
1355 4681 1491 4736 Θεοῦ
1514 4684 1609 4737 καὶ
1632 4683 1847 4755 Πατρδς

253 4777 342 4835 καὶ
395 4777 493 4847 τῆς
547 4775 742 4830 ἑαυτοῦ
781 4775 998 4845 φύσεως
1033 4774 1134 4844 τὴν
1175 4774 1342 4827 οἱονεὶ
1386 4774 1711 4842 συγγένειαν
1731 4776 1846 4839 τοῖς

252 4871 430 4938 ἁγίοις
467 4870 730 4941 ἐντίθησι,
766 4868 827 4921 τὺ
853 4866 1079 4937 Πνεῦμα
1104 4866 1311 4933 διδοὺς,
1344 4865 1442 4920 ἆτε
1475 4866 1540 4938 δὴ
1564 4868 1660 4922 καὶ
1721 4886 1847 4923 συν-

253 4962 531 5016 ενωθεῖσιν
560 4960 711 5031 αὑτῷ
734 4960 824 5013 διά
852 4977 911 5013 τε
944 4958 1043 5029 τῆς
1074 4959 1313 5021 πίστεως
1342 4959 1436 5012 καὶ⁹
1468 4959 1567 5031 τῆς
1606 4961 1840 5015 είσάπαν

252 5054 527 5122 ὁσιότητος
562 5070 575 5083 ·
601 5053 790 5124 τρέφει
836 5052 894 5105 δέ
939 5051 1077 5124 πρὸς
1119 5051 1425 5115 εὐσέϐειαν,
1477 5053 1573 5106 καὶ
1621 5054 1841 5127 ἀπάσης

254 5144 435 5207 αὐτοῖς
463 5144 664 5214 ἀρετῆς
690 5144 783 5197 καλ⁵
810 5141 1184 5215 ἀγαθουργίας
1223 5142 1428 5212 εἴδησιν
1460 5144 1836 5216 ἐνεργάζεται.

257 5235 502 5307 Γεωργὸν
543 5235 603 5290 δέ
637 5253 769 5307 φησι
815 5236 910 5289 τὸν
940 5234 1185 5306 Πατέρα,
1230 5233 1321 5287 διά
1370 5234 1532 5290 ποίαν
1579 5232 1689 5308 ἆρα
1744 5240 1842 5292 καὶ

253 5327 407 5381 τοῦτο
438 5328 619 5382 αίτίαν
648 5346 663 5393 ;
695 5327 829 5382 Οὑδέ
859 5327 969 5399 γὰρ
998 5326 1330 5398 ἄπρακτοςῆ
1371 5326 1568 5399 ἄεργος
1588 5331 1670 5393 είς
1696 5332 1841 5403 ἡμᾶς

254 5419 279 5468 ὁ
308 5419 517 5491 Πατὴρ,
548 5420 838 5491 τρέφοντός
876 5437 935 5472 τε
970 5419 1066 5473 καὶ
1112 5419 1425 5490 συνέχοντος
1458 5422 1539 5485 είς
1575 5423 1637 5476 τὸ
1700 5420 1841 5479 εἶναι

256 5508 429 5572 καλῶς
455 5509 547 5562 τοῦ
575 5508 705 5562 Υίοῦ
729 5510 787 5563 ὲν
809 5508 950 5579 ἁγίῳ
966 5508 1264 5578 Πνεῦματι,
1296 5509 1425 5580 ὅλης
1444 5510 1499 5563 δὲ
1520 5510 1708 5585 ὥσπερ
1736 5514 1837 5585 τῆς

260 5598 419 5669 ἁγίας
438 5601 531 5653 καὶ
560 5600 844 5671 όμοουσίου
874 5600 1103 5673 Τριάδος
1146 5600 1305 5672 ἔργον
1338 5603 1485 5656 ἐστὶν
1511 5606 1544 5675 ή
1572 5605 1678 5660 τῶν
1712 5609 1835 5662 καθ’

323 5710 369 5741 ’⁸
406 5710 446 5764 11
486 5710 638 5765 Petr.
679 5729 725 5777 ι,
755 5712 809 5766 4.
885 5712 932 5744 ⁸⁸
968 5712 985 5764 Ι
1020 5712 1147 5768 Cor.
1181 5729 1274 5781 vt,
1311 5714 1398 5769 17.

265 5794 334 5844 ιι,
363 5780 413 5834 6.
488 5783 534 5812 ⁸⁵
571 5781 590 5836 l
624 5781 785 5839 Joan.
825 5799 922 5852 ιιι,
961 5784 1052 5837 2i.

1499 5718 1540 5748 ‘"
1581 5721 1597 5773 l
1637 5720 1763 5776 Cor.
1806 5739 1899 5789 ιιι,

1944 4589 2102 4661 giens
2154 4590 2221 4644 iis
2269 4589 2622 4660 potissimum
2664 4590 2760 4660 qui
2792 4590 2933 4645 uniti
2972 4598 3098 4646 sunt
3132 4590 3180 4646 ei
3217 4606 3313 4664 per
3344 4590 3527 4655 fidem,

1944 4691 2000 4739 et
2046 4682 2418 4738 omnimodam
2472 4682 2850 4748 sanctitatem,
2901 4698 3111 4753 eosque
3145 4684 3213 4737 ad
3271 4683 3528 4754 pietatem

1945 4777 2064 4841 alit,
2104 4777 2391 4848 omnisque
2421 4775 2645 4831 virtutis
2678 4790 2743 4829 ac
2778 4775 3053 4851 bonitatis»
3077 4775 3441 4846 cognitionem
3472 4764 3526 4831 in

1944 4868 2013 4923 iis
2072 4877 2354 4937 operatur.
2419 4866 2733 4936 Agricolam
2797 4880 2930 4919 vero
2977 4864 3194 4922 Patrem
3259 4867 3525 4927 nominat,

1942 4975 2131 5031 quam,
2176 4975 2393 5029 precor,
2435 4960 2505 5013 ob
2553 4955 2966 5013 causatn?Ncc
2988 4954 3142 5012 enim
3175 4957 3387 5012 otiosus
3434 4966 3528 5014 aut

1941 5059 2194 5107 cessator
2223 5066 2352 5120 erga
2398 5065 2501 5105 nos
2533 5057 2618 5105 est
2664 5048 2847 5113 Pater,
2890 5050 3020 5102 dum
3059 5046 3232 5105 Filius
3272 5042 3373 5105 nus
3426 5067 3528 5103 nu-

1943 5142 2040 5196 trit
2067 5157 2130 5195 ac
2163 5141 2308 5197 fovet
2342 5142 2395 5195 in
2432 5149 2625 5195 sancto
2659 5140 2903 5211 Spiritu;
2940 5140 3034 5196 sed
3064 5141 3234 5194 totius
3261 5142 3528 5207 quodam—

1942 5234 2106 5290 modo
2150 5244 2316 5305 atque
2364 5232 2857 5290 eonsubstantialis
2912 5231 3202 5289 Trinitatis
3243 5249 3383 5302 opus
3440 5236 3524 5289 in-

1942 5328 2214 5387 stauratio
2243 5336 2438 5383 nostra
2468 5335 2573 5393 est,
2605 5336 2659 5383 et
2692 5327 2761 5383 ad
2789 5334 2960 5383 totam
2997 5310 3252 5382 naturam
3281 5326 3522 5382 divinam

1935 5422 2179 5492 pertinet
2225 5421 2475 5475 omnium
2526 5436 2650 5491 qua:
2690 5420 2759 5476 ab
2805 5420 2924 5491 ipsa
2965 5420 3104 5473 ﬁunt
3152 5419 3407 5473 voluntas
3458 5408 3522 5471 ac

1944 5521 2210 5585 potestas.
2236 5511 2584 5583 Proindeque
2616 5514 2669 5567 in
2702 5512 2938 5568 solidum
2970 5512 3137 5567 etiam
3174 5511 3227 5566 in
3262 5526 3368 5565 uua
3396 5526 3520 5579 per-

1944 5623 2078 5663 sona
2109 5622 2139 5663 a
2179 5606 2340 5664 nobis
2384 5606 2744 5678 glorificatur.
2784 5605 3131 5663 Servatorem
3177 5605 3379 5659 etenim
3425 5618 3521 5657 vo»

1942 5725 2022 5779 Η.
2128 5724 2171 5755 θ’
2214 5721 2422 5779 lJoan.
2464 5738 2550 5791 tv,
2582 5725 2668 5779 15.
2775 5724 2820 5755 ⁸³
2855 5722 2993 5779 Ibid.
3039 5718 3123 5774 16.
3226 5719 3272 5749 ⁸⁸
3306 5716 3326 5771 Ι
3360 5716 3522 5781 Joan.
