4056 6484
578 336 683 391 ἵεις

1608 338 1664 394 S.
1705 334 1981 393 CYRILLI
2008 333 2482 391 ALEXANDRINI
2519 332 2838 392 ARCHIEP.
3728 339 3816 397 336

575 466 769 508 cannis
805 448 1007 515 Deum,
1042 466 1149 507 non
1198 454 1428 510 seorsim
1464 453 1683 525 quidem
1714 450 1888 519 Patri,
1921 452 2141 508 senrsin

2261 453 2409 522 ἡμᾶς
2439 451 2834 522 ἐπανόρθωσις,
2868 450 2963 505 καὶ
2993 449 3079 503 διά
3105 448 3284 520 πάσης
3316 449 3536 521 ἔρχεται
3568 451 3670 523 τῆς
3692 454 3821 521 θείας

572 554 757 598 autem
808 542 913 614 ipsi
963 540 1126 610 Filio,
1175 543 1293 600 sive
1342 557 1534 601 sancto
1582 544 1791 615 Spiritu
1845 545 2152 617 gratiarum

573 635 824 690 actiones
873 635 944 689 ob
983 651 1045 690 ea
1095 651 1217 706 qua:
1264 637 1704 693 misericorditer
1737 636 2021 693 consecuti
2059 651 2153 689 su-

573 743 696 782 mus
724 726 1071 797 ,referentes,
1108 729 1203 783 sed
1237 743 1426 783 revera
1456 727 1763 783 divinitatis
1805 728 1970 783 unius
2011 740 2152 797 Opus

571 826 822 873 nostram
848 819 1080 874 salutem
1112 834 1234 874 esse
1276 819 1542 875 dicentes.
1595 818 1750 875 Licet
1783 834 1914 890 ergo
1952 818 2153 887 cuique

572 925 821 980 personat
872 910 1037 965 tribui
1088 910 1341 966 videatur
1386 910 1595 983 aliquid
1627 902 1817 967 eorum
1866 926 1988 983 quae
2020 924 2148 980 erga

570 1016 694 1063 nos,
727 1008 815 1055 aut
845 1016 969 1071 erga
997 1008 1308 1055 creaturam
1344 1000 1504 1066 fiunt,
1550 1003 1915 1058 nihilominus
1967 1010 2150 1058 tamen

571 1094 847 1149 credimus
880 1102 1078 1147 cuncta
1102 1108 1225 1148 esse
1257 1108 1286 1146 a
1320 1093 1480 1148 Patre
1529 1110 1626 1165 per
1672 1093 1871 1149 Filium
1924 1095 1977 1149 in
2027 1094 2150 1165 Spi-

569 1186 702 1242 ritu.
751 1184 1078 1241 Rectissime
1127 1186 1312 1257 itaque
1367 1188 1644 1259 intelliges
1693 1187 1908 1244 Patrem
1958 1204 2062 1245 nos
2091 1189 2149 1245 in

569 1275 822 1347 pietatem
868 1278 1091 1348 quidem
1141 1280 1376 1347 nutrire,
1411 1295 1509 1352 per
1550 1279 1751 1335 Filium
1800 1281 1856 1336 in
1894 1279 2147 1353 Spiritu:

568 1383 804 1438 eumque
826 1385 1020 1427 rursus
1060 1385 1189 1442 erga
1222 1386 1326 1427 nos
1356 1372 1611 1444 agricolae
1638 1374 1811 1429 vicem
1843 1389 2057 1445 gerere,
2092 1372 2149 1429 id

567 1471 649 1515 est
687 1464 1003 1534 prospicere
1039 1472 1093 1518 et
1126 1465 1446 1531 observare,
1481 1480 1692 1535 nosque
1721 1467 1871 1520 omni
1909 1481 2043 1521 cura
2068 1466 2152 1521 di-

570 1557 768 1625 rigere,
803 1572 899 1625 per
938 1555 1135 1609 Filium
1177 1556 1233 1611 in
1278 1556 1507 1627 Spiritu.
1546 1556 1638 1613 Sic
1668 1559 1815 1614 enim
1850 1558 2147 1628 meejudi-

565 1649 654 1700 rio
700 1648 904 1703 rertitts
954 1649 1115 1718 longe
1154 1664 1318 1719 quam
1370 1650 1480 1704 alio
1517 1650 1682 1705 modo
1731 1651 2147 1723 pliilOSOpltabi-

567 1754 711 1791 tnur.
749 1737 882 1792 Nam
920 1740 966 1793 si
1001 1740 1370 1797 concedemus
1410 1756 1861 1812 unumquemque
1908 1742 2145 1799 seorsim

2264 542 2479 611 φύσεως
2500 546 2534 615 ή
2552 545 2636 614 ἐφ’
2650 544 2821 599 ἅπασι
2839 547 2949 608 τοῖς
2970 542 3100 616 παρ’
3127 544 3296 615 αὐτῆς
3316 542 3613 614 δρωμένοις
3631 544 3820 616 θέλησίς

2258 652 2318 690 τε
2336 638 2430 689 καὶ
2453 636 2698 709 δύναμις.
2735 637 2833 692 Διὰ
2864 635 3022 690 τοῦτο
3052 637 3148 689 καὶ
3178 634 3489 706 ὁλοκλήρως
3531 635 3628 688 καὶ
3657 637 3711 689 ἐν
3757 639 3822 692 ἐνὶ

2260 727 2541 800 προσώπῳ
2572 730 2701 799 παρ’
2726 728 2881 799 ήμῶν
2912 728 3218 793 δοξάζεται.
3250 727 3478 798 Σωτῆρα
3506 726 3621 797 γὰρ
3645 727 3820 781 καλοῦ.

2262 834 2362 889 μεν
2382 818 2474 871 τὸν
2504 818 2635 872 Θεὸν
2659 820 2758 873 οὐκ
2791 819 2897 873 ἀνά
2925 818 3093 892 μέρος
3116 820 3213 889 μὲν
3228 817 3310 890 τῷ
3330 817 3529 889 Πατρὶ,
3554 817 3657 872 ἀνά
3681 819 3821 889 μέρος

2257 908 2313 962 δὲ
2352 908 2499 981 αὐτῷ
2518 907 2596 981 τῷ
2627 909 2761 981 Υίῷ,
2802 910 2921 981 ήτοι
2951 910 3028 982 τῷ
3056 910 3197 981 άγίῳ
3220 910 3504 981 Πνεῦματι
3534 907 3603 962 τὰ
3647 909 3727 979 ἐφ’
3754 905 3821 975 οἷς

2257 1001 2541 1073 ήλεήμεθα
2565 1002 2994 1074 ἀποκομίζοντες
3020 1004 3377 1075 χαριστήρια,
3412 1001 3528 1055 ἀλλ’
3548 1001 3714 1065 ὅντως
3738 1002 3822 1071 τῆς

2261 1096 2391 1165 μιᾶς
2415 1094 2665 1167 θεότητος
2695 1095 3026 1167 κατόρθωμα
3060 1095 3309 1165 λέγοντες
3335 1095 3435 1166 τὴν
3485 1092 3695 1148 ἐαυτῶν
3736 1110 3819 1147 σωσ

2257 1186 2471 1259 τηρίαν.
2501 1187 2619 1242 Κᾶν
2652 1188 2783 1257 γοῦν
2810 1187 3026 1259 ἑκάστῳ
3073 1186 3356 1259 προσώπῳ
3392 1184 3739 1257 διανέμεσθαί
3776 1202 3819 1240 τι

2256 1278 2386 1352 δοκῇ
2410 1278 2519 1335 τῶν
2545 1282 2625 1344 είς
2646 1281 2797 1351 ήμᾶς
2838 1281 3161 1350 γεγονότων,
3200 1280 3323 1351 ήτοι
3365 1279 3474 1334 τῶν
3520 1280 3817 1352 ἐνεργουμέο

2257 1389 2363 1425 νων
2420 1372 2547 1443 περὶ
2598 1370 2697 1444 τὴν
2748 1372 2949 1435 κτίσιν,
2983 1372 3097 1425 ἀλλ’
3140 1372 3292 1426 οὐδὲν
3324 1366 3490 1443 ⁴ἧττον
3513 1373 3818 1443 πιστεύομεν

2256 1464 2337 1517 ὅτι
2375 1464 2552 1517 πάντα
2581 1464 2697 1517 ἐστὶ
2733 1464 2884 1536 παρὰ
2920 1463 3014 1518 τοῦ
3054 1464 3268 1535 Πατρὸς
3301 1464 3370 1518 δι’
3416 1461 3550 1517 Υἱοῦ
3573 1464 3632 1517 ἐν
3672 1464 3816 1517 11νεὺ-

2260 1572 2410 1627 ματι.
2461 1556 2692 1627 Νοήσεις
2749 1552 2842 1610 οὖν
2891 1557 3000 1629 ἄρα
3041 1556 3137 1610 καὶ
3178 1556 3299 1610 λίαν
3338 1555 3519 1627 ὀρθῶς
3547 1556 3629 1609 ὃτι
3652 1555 3814 1629 τρέφει

2260 1650 2359 1720 μὲν
2385 1651 2532 1721 ἡμᾶς
2560 1652 2640 1713 είς
2665 1649 2949 1703 εὐσέϐειαν
2987 1651 3016 1703 ὁ
3044 1648 3235 1721 Πατὴρ
3277 1650 3345 1702 δι’
3378 1648 3516 1703 Υἱοῦ
3567 1649 3627 1702 ἐν
3673 1649 3817 1701 Ilvati-

2259 1761 2388 1812 ματι
2415 1759 2429 1772 ·
2465 1741 2779 1814 γεωργεῖδέ
2806 1737 2873 1797 αὖ
2900 1742 3080 1807 πάλιν,
3109 1741 3255 1796 τοῦτ’
3278 1742 3443 1805 ἔστιν,
3471 1742 3646 1813 ἐφορᾷ
3668 1759 3721 1794 τε
3741 1745 3816 1795 καὶ

565 1828 772 1898 aliquid
820 1830 1038 1898 operari
1090 1828 1236 1900 quod
1285 1831 1516 1886 alterius
1558 1846 1671 1886 non
1710 1846 1836 1888 esse
1870 1832 2141 1897 dicamus.

2252 1834 2661 1899 ἐπισκέπτεται,
2698 1833 2794 1887 καὶ
2832 1833 3113 1906 φροντίδος
3135 1833 3236 1903 τῆς
3260 1832 3669 1905 ἐπανορθοῦσης
3700 1831 3816 1897 ἀξιοῖ

565 1937 695 1974 num
728 1921 1015 1990 quisquam
1056 1922 1318 1992 ambiget,
1349 1936 1473 1978 cum
1508 1923 1635 1977 vitis
1664 1921 1843 1980 Filius
1874 1940 2024 1980 nunc
2054 1940 2148 1996 ap-

564 2012 797 2081 pellatus
828 2015 922 2077 sit,
956 2012 1118 2069 Pater
1163 2022 1349 2068 autem
1401 2015 1665 2085 agricola,
1702 2031 1804 2071 nos
1826 2016 1897 2070 ali
1926 2015 2144 2086 quidem

462 2178 465 2179 ν
562 2102 794 2156 seorsim
831 2112 886 2156 et
915 2100 1087 2158 foveri
1124 2118 1154 2157 a
1189 2104 1311 2160 solo
1341 2102 1503 2171 Filio,
1533 2119 1564 2158 a
1608 2105 1770 2161 Patre
1797 2122 1934 2162 vero
1969 2107 2143 2161 solam

562 2207 664 2247 nos
696 2194 970 2247 culturam
1001 2195 1243 2251 habere?
1272 2194 1385 2250 Viti
1412 2196 1560 2251 enim
1586 2198 1869 2267 proprium
1900 2207 1982 2254 est
2012 2214 2145 2255 suos

561 2286 777 2341 nutrire
810 2287 1103 2357 palmites:
1138 2289 1391 2359 agricola
1430 2304 1563 2345 vero
1609 2289 1781 2361 859
1801 2290 1922 2361 ejus
1953 2305 2142 2345 curam

563 2378 788 2434 habere.
836 2378 940 2435 Sed
981 2382 1029 2435 si
1064 2392 1212 2437 recte
1239 2383 1511 2453 sapimus,
1550 2384 1780 2439 omnino
1820 2383 2144 2454 putabimus

562 2486 738 2541 neque
770 2472 907 2527 illud
942 2474 1152 2543 absque
1182 2472 1367 2540 Patre,
1401 2490 1583 2545 neque
1634 2474 1786 2530 aliud
1831 2475 1953 2530 sine
2002 2472 2143 2529 Filio

559 2579 656 2622 seu
693 2574 888 2620 sancto
922 2564 1132 2635 Spiritu
1165 2581 1399 2636 prorsus
1422 2568 1632 2638 peragi.
1680 2567 1891 2624 Cuncta
1927 2569 2077 2623 enim
2110 2583 2141 2622 a

560 2653 723 2711 Patre
758 2672 854 2728 per
887 2655 1085 2712 Filium
1122 2659 1177 2713 in
1213 2656 1448 2729 Spiritu,
1489 2660 1657 2717 sicuti
1705 2658 1966 2714 diximus.
2014 2660 2141 2715 Siu-

557 2748 737 2818 gulari
773 2757 957 2804 autem
991 2751 1231 2805 consilio
1257 2749 1523 2807 Servatur
1543 2751 1709 2808 etiam
1738 2766 1886 2807 nunc
1921 2750 2139 2807 Patrem

562 2840 804 2911 appellat
832 2842 1134 2912 agricolam
1163 2861 1181 2909 ;
1207 2858 1373 2913 quam
1407 2859 1539 2899 vero
1584 2848 1655 2900 ob
1682 2860 1933 2909 causam,
1974 2859 2141 2917 grave

560 2948 671 2989 non
703 2935 808 2988 erit
835 2951 1134 3005 exponere.
1186 2936 1264 2993 Ne
1320 2940 1447 3008 quis
1496 2942 1646 2995 enim
1691 2948 1911 3011 putaret
1958 2940 2140 2995 solum

563 3021 916 3095 Dnigenitum
958 3029 1134 3081 nostri
1163 3043 1358 3084 curam
1391 3045 1581 3099 agere.
1612 3029 1836 3087 Patrem
1866 3045 1930 3087 ac
1966 3030 2139 3086 Deum

559 3116 730 3171 veluti
776 3126 1197 3188 cooperatorem
1246 3119 1488 3187 induxit,
1520 3121 1762 3191 seipsqu
1803 3120 2027 3191 quidem
2058 3121 2141 3174 vi-

2250 1927 2320 1979 δι’
2348 1924 2479 1979 Υίοῦ
2506 1926 2566 1979 ἐν
2595 1925 2896 1997 Πνεύματι.
2930 1922 3277 1996 Λογιούμεθα
3293 1923 3403 1994 γάρ
3435 1922 3637 1995 μᾶλλον
3668 1924 3812 1987 οὓτως

2248 2016 2602 2088 όρθῶς,ήπερ
2631 2012 2725 2070 οὖν
2748 2014 2971 2085 ἑτέρως,
2992 2015 3132 2069 κατά
3160 2030 3226 2083 γε
3254 2013 3349 2068 τὸν
3382 2012 3656 2085 ἡμέτερον
3679 2012 3803 2067 νοῦν.

2249 2110 2312 2165 Ei
2358 2111 2468 2182 γὰρ
2516 2109 2732 2180 ἑκάστῳ
2769 2107 3014 2179 δώσομεν
3049 2108 3152 2161 ἀνὰ
3199 2105 3366 2178 μέρος
3405 2104 3737 2178 ἐργάσασθαί
3768 2121 3811 2157 τι

2246 2204 2357 2258 τῶν
2384 2202 2505 2258 καθ’
2534 2204 2703 2275 ἡμᾶς,
2740 2202 2769 2256 ὸ
2801 2202 2938 2274 μήτε
2960 2199 3058 2254 τοῦ
3100 2198 3289 2271 ἑτέρου
3316 2197 3483 2270 τυχὸν
3541 2193 3677 2251 εἷναί
3724 2215 3811 2267 ςα-

2250 2313 2369 2369 μεν,
2396 2296 2515 2359 πῶς
2546 2295 2648 2348 οὐκ
2676 2292 3069 2365 ἀναμφίλογον,
3108 2290 3184 2355 ὡς
3207 2290 3438 2359 ἐπείπερ
3467 2287 3703 2357 ἄμπελος
3731 2288 3812 2358 μιν

2245 2390 2273 2443 ὁ
2315 2387 2444 2449 Υἱὸς
2494 2384 2811 2456 ὠνόμασται
2844 2381 2969 2449 νῦν,
3024 2380 3272 2453 γεωργὸς
3321 2379 3377 2433 δὲ
3410 2381 3441 2433 ὁ
3480 2379 3682 2449 Πατὴρ.
3712 2394 3813 2447 τρεο

2244 2474 2458 2545 φόμεθα
2513 2472 2613 2545 μὲν
2662 2472 2882 2541 ίδικῶς,
2948 2469 3286 2541 συνεχόμεθά
3334 2484 3396 2522 τε
3470 2467 3607 2539 πρὸς
3652 2467 3708 2520 τὸ
3760 2463 3808 2520 εὗ

2244 2563 2386 2621 εἶναι
2423 2563 2575 2636 παρὰ
2613 2566 2775 2636 μόνου
2838 2562 2934 2617 τοῦ
2980 2562 3133 2616 Υίοῦ·
3190 2559 3342 2631 παρὰ
3379 2560 3440 2614 δέ
3475 2576 3541 2629 γε
3582 2557 3670 2612 τοῦ
3716 2559 3809 2613 Πα-

2241 2660 2371 2732 τρὸς
2413 2658 2577 2730 ψιλήν
2633 2656 2834 2728 ἔχομεν
2894 2654 2995 2727 τὴν
3043 2653 3376 2724 έπίσκεψιν;
3427 2650 3680 2723 ’Δμπέλῳ
3728 2652 3807 2722 μὲν

2241 2754 2350 2826 γὰρ
2387 2754 2450 2807 τὸ
2473 2752 2695 2824 τρέφειν
2734 2752 2934 2805 οἰκεῖον
2967 2748 3036 2803 τὰ
3069 2747 3175 2803 ῐδια
3208 2747 3490 2818 κλήματα,
3545 2744 3623 2817 τῷ
3649 2744 3701 2800 δέ
3728 2763 3808 2815 γη·

2242 2845 2497 2902 πονοῦντι
2554 2847 2618 2900 τὸ
2654 2841 3103 2898 ἐπισκέπτεσθαι.
3176 2838 3317 2894 Ἀλλ’
3353 2839 3473 2909 εῐγε
3534 2836 3808 2911 φρονοῦμεν

2241 2941 2437 3013 ὀρθῶς,
2466 2936 2789 3012 ἡγησόμεθα
2814 2935 2880 3008 δὴ
2913 2935 3152 3001 πάντως,
3185 2934 3269 2989 ὅτι
3297 2932 3423 2987 οὔτε
3466 2933 3641 2986 ἐκεῖνο
3664 2930 3807 3002 χωρὶς

2239 3032 2334 3086 τοῦ
2369 3032 2604 3103 Πατρὸς,
2627 3029 2752 3084 οὗτε
2794 3027 2902 3099 μὴν
2928 3027 2989 3081 τὸ
3016 3027 3205 3099 ἕτερον
3236 3025 3360 3096 δίχα
3384 3022 3482 3078 τοῦ
3503 3021 3805 3093 Υίοῦ,ήγουν

2241 3123 2335 3177 τοῦ
2372 3123 2533 3192 ἁγίου
2593 3120 2909 3191 Πνεόματος
2954 3116 3325 3188 κατορθώσειε
3368 3115 3433 3169 τὸ
3467 3116 3597 3170 πᾶν.
3642 3113 3801 3167 Πάντα

559 3217 668 3263 tem
719 3210 1015 3289 nominans
1052 3227 1175 3281 qua:
1212 3211 1534 3282 palmitibus
1566 3212 1686 3267 suis
1720 3212 1889 3267 vitam
1939 3212 2141 3283 largia«

2244 3215 2354 3285 γὰρ
2385 3190 2534 3286 παρὰ
2558 3190 2771 3283 Πατρὸς
2802 3212 2871 3266 δι’
2900 3209 3032 3264 Υίοῦ
3060 3212 3116 3262 ἐν
3139 3208 3442 3280 Πνεῦματι,
3481 3205 3803 3276 καθάπερ.εί-

559 3312 650 3354 tur
694 3310 746 3355 ct
793 3300 1228 3370 fecunditatem;
1274 3302 1494 3358 Patrem
1544 3312 1729 3360 autem
1779 3304 2086 3375 agricolam
2122 3349 2140 3371 ,

559 3409 657 3463 per
689 3395 794 3448 hoc
820 3412 1016 3451 rursus
1042 3395 1248 3450 docens
1274 3394 1438 3450 aliam
1462 3397 1759 3466 quamdam
1783 3397 1985 3452 divina:
2009 3397 2141 3453 sub-

559 3491 777 3541 stantia:
820 3502 946 3556 erga
995 3501 1096 3541 nos
1132 3489 1513 3556 operationem
1558 3487 1787 3560 peragi,
1841 3487 2140 3559 providen-

560 3578 691 3632 tiam
728 3578 991 3631 nimirum
1043 3592 1110 3633 ac
1141 3593 1355 3636 curam.
1411 3577 1642 3635 Discere
1685 3580 1893 3651 quippe
1939 3594 2143 3635 conve-

558 3669 747 3725 niebat
779 3667 945 3724 Deum
980 3685 1083 3725 nos
1117 3685 1226 3724 non
1259 3677 1473 3725 tantum
1510 3686 1628 3727 suae
1658 3680 1948 3728 consortes
1983 3681 2142 3726 natu-

556 3777 633 3817 rte
677 3759 877 3816 fecisse
909 3760 977 3825 ",
1024 3762 1081 3816 in
1117 3771 1313 3817 sancta
1345 3770 1401 3817 et
1427 3763 1901 3819 consubstantiali
1953 3762 2139 3818 Trini-

557 3859 667 3906 tate
713 3861 1065 3922 conceptum,
1110 3853 1204 3908 sed
1233 3861 1287 3907 et
1315 3854 1497 3910 nostri
1546 3869 1823 3909 summam
1865 3868 2056 3908 curam
2087 3863 2142 3909 et

557 3945 961 4015 providentiam
994 3960 1179 4014 agere,
1220 3960 1388 4015 quam
1419 3946 1524 4001 sub
1548 3946 1908 4016 agriculturae
1956 3961 2141 3999 exem-

556 4036 647 4105 plo
678 4043 827 4089 recte
857 4045 911 4089 et
941 4047 1316 4091 consentanee
1346 4035 1435 4091 hic
1463 4035 1855 4106 intelligimus.
1886 4035 2025 4090 Vitis
2073 4036 2141 4090 si-

554 4126 776 4196 quidem
829 4124 1063 4196 ejusque
1104 4125 1395 4196 palmitum
1451 4125 1597 4180 facta
1636 4127 1793 4196 prius
1831 4128 2141 4193 mentione,

554 4215 835 4287 quomodo
886 4232 998 4271 non
1046 4216 1284 4273 maxime
1312 4217 1572 4274 convenit
1603 4218 1900 4288 agricolam
1947 4220 2035 4274 hic
2063 4221 2139 4274 si.

556 4309 831 4381 guilicari,
863 4326 975 4379 quo
1020 4325 1204 4364 rerum
1245 4310 1498 4366 omnium
1534 4312 1819 4383 inspector
1858 4314 2138 4384 guberna-

556 4410 758 4471 torque
805 4400 1171 4470 signiﬁcatur,
1205 4401 1469 4458 nimirum
1509 4402 1701 4460 Deus?
1734 4402 1893 4470 Quod
1922 4405 1969 4460 si
2016 4420 2133 4460 cre-

2247 3306 2523 3378 ρήκαμεν.
2582 3301 2955 3374 οἰκονομικῶς
3015 3300 3073 3354 δὲ
3124 3297 3245 3354 λίαν
3293 3299 3389 3352 καὶ
3426 3298 3526 3353 νῦν
3568 3299 3596 3351 ὁ
3642 3296 3806 3367 Σωτὴρ

2242 3399 2489 3471 γεωργὸν
2520 3398 2774 3468 ὠνόμασε
2810 3394 2900 3449 τὸν
2945 3394 3193 3465 Πατέρα,
3224 3393 3320 3448 καί
3360 3411 3449 3455 τις
3499 3392 3604 3463 ἄρα
3640 3390 3802 3459 γέγονε

2240 3490 2433 3544 τούτου
2458 3489 2751 3559 πρόφασις,
2769 3487 2922 3541 οὐδὲν
2949 3486 3085 3549 ὅλως
3105 3487 3280 3540 είπεῖν
3306 3484 3567 3556 χαλεπόν.
3588 3484 3697 3537 ἰνα
3714 3482 3803 3551 γὰρ

2247 3583 2322 3653 μή
2350 3599 2433 3646 τις
2462 3582 2643 3652 οἴηται
2686 3580 2849 3650 μόνου
2894 3577 2988 3632 τοῦ
3046 3576 3389 3646 Μονογενοῦς
3439 3577 3543 3647 τὴν
3589 3575 3803 3645 ἐφ’ήμῖν

2242 3670 2498 3743 γενέσθαι
2521 3669 2796 3743 φροντίδα,
2850 3667 3190 3738 συνεργάτην
3238 3667 3429 3737 ὥσπερ
3482 3665 3800 3733 είσκεκόμικε

2241 3759 2334 3813 τόν
2362 3762 2581 3829 Πατέρα
2630 3758 2726 3811 καὶ
2778 3757 2931 3821 Θεὸν,
2992 3757 3183 3809 ἑαυτὸν
3224 3756 3323 3827 μὲν
3373 3754 3622 3825 ἄμπελον
3660 3749 3800 3806 εἰπὼν

2240 3852 2354 3915 τοῖς
2388 3850 2537 3913 ίδίοις
2591 3847 2834 3920 κλήμασι
2894 3846 3239 3919 χορηγοῦσαν
3290 3845 3389 3917 τὴν
3432 3845 3601 3917 ζωὴν,
3646 3842 3798 3896 καὶτὸ

2240 3941 2498 3997 δύνασθαι
2525 3942 2913 4012 καρποφορεῖν,
2947 3939 3197 4012 γεωργὸν
3238 3938 3296 3992 δὲ
3331 3938 3423 3991 τὸν
3450 3939 3791 4007 γεννήσαντα·

2242 4035 2337 4089 καὶ
2364 4033 2453 4088 διὰ
2473 4031 2661 4087 τούτου
2698 4031 2883 4097 πάλιν,
2916 4032 3111 4103 ἑτέραν
3160 4031 3352 4102 ὥσπερ
3378 4030 3507 4085 τινὰ
3550 4029 3647 4099 τῆς
3671 4028 3793 4089 θείας

2240 4121 2427 4186 οὐσίας
2451 4121 2737 4191 ἐνέργειαν
2790 4120 2890 4192 τὴν
2913 4121 3036 4175 κατ’
3068 4120 3360 4191 ἐπίσκεψιν
3387 4118 3697 4190 νοουμένην,
3730 4118 3795 4178 εἰς

2238 4215 2389 4285 ἡμᾶς
2407 4211 2773 4267 ἐπιτελεῖσθαι
2800 4211 3087 4267 διδάσκων.
3119 4212 3269 4266 Ἔδει
3314 4212 3443 4283 γὰρ,
3480 4212 3588 4265 εδει
3620 4208 3791 4282 μανθά-

2238 4322 2351 4359 νειν
2380 4304 2549 4376 ήμᾶς,
2580 4303 2655 4368 ὡς
2688 4305 2751 4359 οὐ
2789 4305 2950 4377 μόνον
2990 4305 3282 4369 κοινωνοὺς
3333 4305 3433 4376 τῆς
3483 4300 3673 4359 ἐαυτοῦ
3709 4299 3792 4370 e6-

2241 4415 2379 4462 σεως
2408 4397 2767 4470 ἐξειργάσατο
2827 4397 2960 4463 Θεὸς
3005 4400 3065 4453 ἐν
3116 4399 3249 4471 ἁγίᾳ
3293 4416 3354 4452 τε
3411 4400 3509 4453 καὶ
3550 4394 3790 4469 δμοουσίῳ

554 4494 739 4547 dimus
780 4490 1111 4549 naturaliter
1153 4492 1377 4566 quidem
1422 4510 1490 4551 ac
1532 4511 1662 4551 vere
1694 4494 1895 4551 Filium
1924 4513 2047 4552 esse
2078 4498 2134 4552 in

2244 4490 2431 4560 Τριάδι
2459 4489 2771 4561 νοούμενος·
2804 4489 2941 4545 ἀλλὰ
2980 4490 3077 4544 καὶ
3116 4490 3227 4545 τῶν
3271 4490 3393 4544 καθ’
3416 4490 3566 4561 ἡμᾶς
3598 4484 3787 4558 ἀκριϐε-

553 4598 657 4639 suo
696 4581 883 4649 Patre,
924 4590 981 4640 et
1011 4582 1216 4641 habere
1246 4584 1302 4640 in
1332 4600 1433 4641 sua
1468 4595 1669 4642 natura
1719 4588 1963 4655 Patrem,
1999 4604 2133 4644 cun-

553 4686 643 4729 cta
680 4690 782 4747 per
814 4674 1008 4732 ambos
1037 4677 1093 4731 in
1125 4676 1339 4747 Spiritu
1382 4692 1485 4734 ceu
1522 4694 1590 4735 ex
1622 4694 1733 4735 una
1765 4680 1974 4736 deitate
2020 4697 2137 4752 per-

550 4780 808 4840 agentur,
839 4784 944 4826 nec
976 4784 1008 4824 a
1040 4770 1204 4827 nobis
1238 4771 1455 4846 alendis
1482 4770 1649 4830 Pater
1689 4775 2044 4841 excludetur,
2079 4784 2135 4830 et

551 4879 581 4914 a
612 4862 789 4917 nostri
833 4863 1058 4918 cultura
1099 4861 1275 4921 Filius
1307 4880 1658 4937 nequaquam
1691 4866 1910 4924 alienus
1940 4883 2134 4924 cense-

551 4950 721 5013 bitur,
763 4949 929 5020 idque
950 4951 1077 5021 jure
1100 4952 1322 5009 merito.
1357 4951 1461 5010 Ubi
1498 4956 1650 5011 enim
1686 4965 1901 5012 natura:
1938 4957 2135 5011 identi-

549 5048 636 5094 tas
666 5054 763 5110 per
786 5040 973 5095 omnia
1005 5041 1205 5099 similis
1237 5043 1507 5111 cernitur,
1543 5045 1621 5100 ibi
1646 5045 1908 5117 quamvis
1944 5048 2133 5101 multis

544 5130 829 5201 variisque
852 5130 1033 5187 modis
1058 5132 1181 5189 ﬂeri
1216 5136 1484 5191 nonnulla
1530 5137 1849 5204 videantur,
1894 5153 2004 5192 non
2045 5146 2132 5193 est

550 5230 732 5276 tamen
773 5222 1023 5292 operatio
1051 5224 1291 5282 diversa.
1324 5226 1461 5283 Cum
1497 5236 1687 5284 autem
1720 5243 1831 5283 una
1882 5230 1956 5284 sit
1996 5228 2130 5283 sub-

551 5312 781 5380 stantia,
830 5314 884 5369 id
917 5325 1023 5383 est,
1065 5330 1194 5372 vera
1224 5324 1279 5372 et
1314 5319 1621 5375 secundum
1652 5329 1910 5375 naturam
1944 5320 2130 5378 Deitas

548 5405 607 5461 in
632 5406 809 5462 tribus
842 5406 1231 5478 hypostasibus
1268 5408 1634 5481 intelligatur,
1667 5412 1723 5468 in
1772 5411 1937 5476 Patre
1970 5414 2149 5468 nimi-~

549 5512 695 5563 rum,
738 5505 792 5552 et
840 5497 1002 5563 Filio,
1043 5509 1346 5572 sanctoque
1392 5500 1625 5573 Spiritu,
1673 5505 1957 5577 quomodo
2011 5521 2121 5561 non

550 5586 1069 5645 manifestissimum
1101 5600 1155 5646 et
1198 5592 1571 5652 indubitatum
1602 5604 1688 5653 est
1740 5596 2118 5668 quodcunque

615 5759 663 5792 “
696 5759 736 5815 ll
767 5756 915 5817 Petr.
954 5778 1004 5828 t,
1040 5763 1095 5817 ι.

2240 4581 2444 4653 στάτην
2468 4577 2527 4635 εὖ
2567 4580 2713 4652 μάλα
2740 4584 2974 4636 ποιεῖται
3001 4580 3101 4653 τήν
3126 4582 3438 4650 ἐπίσκεψιν,
3460 4581 3537 4645 ὡς
3552 4581 3607 4633 ἐν
3628 4576 3787 4649 τρόπῳ

2233 4672 2509 4744 γεωργίας
2541 4671 2992 4743 παραληφθεῖσαν
3016 4674 3096 4738 είς
3122 4674 3184 4726 τὸ
3207 4673 3384 4745 παρὸν
3427 4670 3719 4732 ἀκολούθως
3736 4682 3784 4718 τι

2234 4763 2329 4818 καὶ
2364 4763 2569 4836 σφόδρα
2602 4762 2804 4828 καλῶς.
2840 4764 3355 4836 Προωνομασμένης
3384 4763 3497 4837 γὰρ
3526 4760 3781 4833 ἀμπέλου,

2231 4855 2327 4911 καὶ
2351 4856 2459 4910 τῶν
2493 4855 2556 4922 ἐξ
2573 4856 2745 4927 αὐτῆς
2768 4856 3089 4928 κλημάτων,
3112 4856 3231 4921 πῶς
3256 4857 3321 4911 οὐ
3352 4856 3479 4913 λίαν
3519 4856 3578 4911 ἐν
3601 4852 3781 4913 τούτοις

2230 4948 2657 5021 πρεπωδεστάτη
2682 4946 2779 5003 τοῦ
2808 4948 3182 5021 γεωργοῦντος
3207 4951 3242 5021 ή
3280 4950 3538 5021 δήλωσις,
3586 4947 3672 5001 τὸν
3700 4945 3780 4996 ἐπ·

2229 5041 2402 5113 όπτην
2428 5041 2538 5097 τῶν
2559 5042 2700 5097 δλων
2731 5042 2829 5097 καὶ⁵
2884 5043 3226 5115 ἐπιμελητὴν
3262 5044 3610 5117 εἰσφέρουσα,
3656 5034 3778 5092 τοῦτ’

2230 5132 2344 5187 ἐστι
2377 5132 2544 5202 Θεόν;
2578 5134 2643 5188 Εί
2696 5134 2753 5189 δέ
2814 5136 3264 5209 πεπιστεύκαμεν
3311 5138 3393 5191 ὅτι
3439 5132 3672 5206 φυσικῶς
3698 5128 3777 5200 μὲν

2228 5227 2324 5280 καὶ
2351 5226 2567 5297 ἀληθῶς
2604 5228 2753 5282 ἐστιν
2781 5229 2811 5281 ό
2843 5227 2973 5292 Υίὸς
3001 5230 3058 5283 ἐν
3082 5228 3164 5301 τῷ
3223 5229 3342 5300 ίδίῳ
3388 5228 3582 5299 Πατρὶ,
3608 5224 3707 5295 ἔχει
3730 5220 3775 5272 δέ

2229 5320 2288 5372 ἐν
2322 5318 2430 5390 ἰδίᾳ
2456 5318 2617 5389 φύσει
2647 5319 2740 5373 τὸν
2771 5320 3132 5391 γεννήσαντα,
3169 5320 3349 5375 πάντα
3411 5319 3477 5373 δι’
3502 5316 3690 5388 ἀμφοῖν
3728 5312 3775 5362 ἐν

2234 5409 2529 5482 Πνεύματι,
2549 5411 2629 5477 ὡς
2658 5413 2723 5466 ἐκ
2755 5414 2883 5485 μιᾶς
2905 5412 3169 5485 Θεότητος
3199 5413 3678 5484 ἐπιτελεσθήσεται,
3698 5404 3775 5459 καὶ

2229 5499 2353 5554 οὔτε
2374 5501 2469 5556 τοῦ
2505 5502 2728 5575 τρέφειν
2779 5506 2927 5575 ήμᾶς
2978 5506 3007 5558 ό
3039 5504 3234 5577 Πατὴρ
3273 5503 3379 5570 ἔξω
3428 5501 3673 5561 κείσεται,
3695 5492 3772 5548 καὶ

2228 5592 2328 5663 τῆς
2352 5594 2437 5664 ἐφ’
2476 5595 2608 5665 ἡμῖν
2635 5596 2912 5667 γεωργίας
2935 5597 3035 5652 οὐκ
3080 5596 3361 5669 ἀλλότριος
3390 5598 3420 5651 ό
3454 5595 3574 5659 Υἱὸς
3594 5588 3769 5650 νοοῖτο,
