4056 6482
243 391 354 450 537

1293 395 1363 454 1N
1388 395 1676 454 JOANNIS
1714 396 2163 457 EVANGELIUM
2204 402 2430 457 LIB.‘X.

3277 421 3281 425 '
3381 405 3489 462 358

239 512 339 566 καὶ
364 508 609 573 εἰκότως.
638 509 811 564 Ὅπου
833 510 941 584 γὰρ
968 528 1184 581 φυσεως
1207 514 1475 587 ταυτότης
1493 517 1553 572 ἐν
1576 516 1823 589 ἀπαραλ-

1933 516 2089 573 unius
2120 533 2263 588 opus
2283 520 2512 585 dicitur,
2546 520 2600 577 id
2633 520 2800 576 totius
2828 534 2951 577 esse
2991 527 3047 575 et
3078 520 3240 576 unius
3268 523 3489 578 deitatis

242 600 459 662 λάκτοις
489 601 682 671 δρᾶται
708 600 910 670 λόγοις,
939 603 1057 658 ἐκεῖ
1084 604 1144 658 τὸ
1170 605 1267 677 τῆς
1300 607 1581 678 ἐνεργείας
1628 610 1688 663 οὐ
1722 624 1818 678 με-

248 689 599 762 μερισμένον,
630 690 733 745 κᾶν
764 693 1025 757 ποικίλως
1049 711 1110 749 τε
1134 695 1231 750 καὶ
1274 696 1547 769 διαφόρως
1575 699 1819 770 ἐνεργεῖ-

246 780 371 835 σθαι
400 781 564 852 τυχὸν
594 783 766 836 νοοῖτό
795 801 925 839 τινι.
952 785 1100 851 Μιᾶς
1150 786 1209 840 δὲ
1233 787 1440 852 οὐσίας,
1492 787 1636 842 τοῦτ’
1664 788 1782 843 ἐστι
1802 826 1818 854 ,

238 874 344 945 τῆς
366 872 602 946 ἀληθοῦς
626 874 721 929 καὶ
751 875 892 931 κστά
926 876 1088 947 φύσιν
1121 878 1373 951 θεότητος
1399 881 1460 934 ἐν
1488 881 1665 952 τρισὶν
1690 880 1822 934 ὐποο

240 966 465 1021 στάσεσι
501 966 820 1040 νοουμένης,
851 969 910 1024 ἐν
958 987 1020 1024 τε
1068 970 1146 1044 τῷ
1173 973 1372 1045 Πατρὶ,
1419 974 1586 1044 φημὶ,
1619 973 1715 1028 καὶ
1743 972 1822 1046 τῷ

239 1057 358 1130 Υίῷ
386 1059 481 1113 καὶ
507 1059 586 1131 τῷ
613 1060 755 1131 ἀγίῳ
782 1061 1084 1133 Πνεῦματι,
1127 1061 1243 1127 πῶς
1299 1062 1361 1117 οὐ
1396 1064 1602 1136 σφόδρα
1629 1064 1823 1136 τρανές

239 1149 632 1215 ἀνενδοιάστως
654 1151 797 1222 ἔχον,
817 1152 893 1218 ὡς
911 1154 1047 1224 ὅπερ
1070 1154 1137 1209 ἂν
1157 1155 1277 1220 ἐνός
1289 1173 1343 1209 τι
1360 1158 1523 1229 τυχὸν
1542 1159 1824 1232 ἐνέργημα

236 1240 491 1312 λέγηται,
519 1240 678 1295 τοῦτο
700 1243 797 1312 τῆς
829 1242 957 1315 ὅλης
977 1245 1095 1299 ἐστὶ
1125 1245 1221 1299 καὶ
1253 1247 1383 1316 μιᾶς
1412 1247 1665 1320 θεότητος
1694 1251 1825 1307 ἀπο-

238 1331 504 1402 τέλεσμα,
542 1332 684 1387 κατά
724 1350 788 1402 γε
838 1334 928 1388 τὸν
954 1336 1011 1390 ἐν
1041 1334 1267 1405 δυνάμει
1308 1340 1376 1410 τῇ
1408 1342 1611 1412 φυσικῇ
1640 1340 1822 1412 λόγον.

240 1421 354 1475 Καὶ
382 1421 511 1491 γοῦν
540 1424 569 1476 6
608 1422 814 1495 Κύριος
839 1423 997 1496 ἡμῶν
1029 1425 1236 1499 Ἰησοῦς
1263 1429 1518 1501 Χριστὸς,
1557 1434 1827 1507 συνεργά-

239 1528 343 1582 την
398 1512 481 1581 ἐφ’
526 1511 699 1567 ἅπασι
760 1514 853 1569 τὸν
908 1516 1127 1588 Πατέρα
1183 1520 1655 1593 παραδεχόμενος,
1712 1526 1824 1589 τοῖς

238 1602 481 1666 ἀνοσίοις
518 1602 796 1669 Ἰουδαίοις
825 1609 956 1660 ποτέ
999 1608 1296 1681 προσέμιξε
1334 1610 1543 1681 λέγων’
1599 1633 1619 1666 ι
1648 1615 1823 1670 Πολλά

241 1694 382 1748 καλά
412 1694 552 1766 ἔργα
584 1695 760 1764 ἔδειξα
781 1698 908 1770 ὑμῖν
937 1700 1001 1755 ἐκ
1030 1701 1123 1755 τοῦ
1150 1704 1364 1775 Πατρός
1388 1722 1512 1775 μου,
1562 1706 1650 1763 διά
1672 1712 1823 1763 ποῖον

241 1785 426 1841 αὐτῶν
448 1786 610 1858 ἔργον
636 1787 884 1855 λιθάζετέ
921 1809 989 1863 με
1013 1811 1028 1859 ;
1052 1812 1070 1845 ι
1088 1794 1199 1847 Καὶ
1225 1795 1386 1848 πάλιν
1406 1797 1536 1866 περὶ
1558 1798 1658 1868 τῆς
1684 1799 1822 1854 κατά

240 1875 303 1929 τὺ
316 1854 601 1930 Σάϐϐατον
622 1878 883 1950 ἐργασίας
904 1854 936 1908 θ’
956 1899 974 1931 ι
1016 1854 1079 1935 ιΟ
1118 1881 1309 1954 Πατήρ
1343 1854 1689 1956 μουίφησλν,
1720 1888 1825 1952 ἕως
1858 1854 1900 1910 Β

240 1968 368 2038 ἀρτι
397 1967 713 2038 ἐργάζεται,
748 1969 905 2039 κάγὼ
927 1971 1253 2044 ἐργάζομαι.
1272 1974 1382 2028 Καὶ
1411 1974 1510 2029 οὐκ
1527 1976 1614 2041 ἂν,
1649 1974 1823 2047 οἶμαι,

239 2059 323 2121 τὶς
354 2058 569 2131 οίηθείη
598 2058 777 2127 λέγειν
800 2060 986 2128 αὑτὸν,
1019 2060 1096 2125 ὡς
1130 2063 1233 2116 ἀνά
1265 2064 1431 2135 μέρος
1457 2065 1556 2136 μὲν
1575 2068 1604 2121 6
1636 2069 1827 2141 Πατὴρ

239 2149 478 2219 ἐργᾶταί
508 2167 558 2204 τι
585 2149 692 2204 τῶν
719 2151 849 2224 περὶ
883 2153 980 2223 τὴν
1009 2155 1208 2219 κτίσιν,
1255 2156 1358 2211 ἀνά
1386 2158 1549 2229 μέρος
1574 2160 1631 2214 δὲ
1667 2160 1826 2215 πάλιν

238 2239 269 2293 6
292 2240 447 2305 Υἱόςο
481 2240 670 2312 ἐπειδὴ
697 2243 753 2297 δέ
770 2242 839 2297 δι’
864 2244 994 2298 Υἱοῦ
1024 2244 1092 2299 τὰ
1114 2247 1297 2302 πάντα
1322 2251 1349 2303 6
1380 2249 1589 2321 Πατὴρ.
1608 2252 1702 2305 καὶ
1727 2252 1828 2306 οὐκ

240 2331 306 2385 ἀν
338 2332 545 2404 ἐτέρως
573 2334 867 2406 ἐργάσαιτό
890 2353 943 2389 τι
966 2337 1074 2391 τῶν
1098 2339 1313 2393 πώποτε
1337 2336 1510 2410 (οὗτος
1530 2342 1636 2414 γάρ
1680 2345 1827 2399 ἐστιν

243 2426 277 2494 η
304 2424 471 2495 σοφία
528 2427 622 2480 καὶ
661 2428 693 2499 ἡ
722 2426 950 2499 δύναμις
978 2431 1143 2484 αὐτοῦ
1166 2430 1207 2502 ),
1243 2432 1331 2487 διὰ
1351 2433 1507 2489 τοῦτο
1537 2434 1643 2489 τῶν
1684 2436 1827 2490 [δίων

241 2517 423 2588 ἔργων
457 2519 695 2592 ἐργάτην
724 2520 884 2574 πάλιν
931 2522 1181 2593 ὠνόμασε
1209 2523 1299 2579 τὸν
1334 2525 1570 2597 Πατέρα,
1624 2526 1825 2581 είπών·

249 2628 269 2663 ι
319 2610 445 2663 Ἀπ’
476 2610 715 2682 ἐμαυτοῦ
770 2612 908 2666 ποιῶ
960 2613 1147 2680 οὐδὲν,
1194 2615 1307 2669 ἀλλ’
1339 2618 1367 2670 6
1407 2617 1596 2689 Πατὴρ
1623 2620 1680 2673 ἐν
1704 2619 1828 2689 ἐμοὶ

246 2698 425 2768 μένων
455 2701 601 2754 ποιεῖ
618 2700 686 2753 τά
715 2699 851 2771 ἔργα
881 2701 1063 2763 αὐτός.
1095 2722 1113 2754 ι
1145 2699 1312 2775 Οἶμαι
1359 2705 1457 2776 μὲν
1511 2702 1604 2761 οὖν
1659 2724 1829 2779 προσ-

243 2789 405 2860 ήκειν
438 2792 586 2861 ἡμᾶς
611 2794 710 2864 οὐχ
744 2792 1143 2867 ἐτέρωςῆτῇδε
1176 2798 1337 2861 νοεῖν,
1384 2795 1459 2861 ὡς
1497 2798 1556 2852 ἐν
1578 2798 1827 2870 ἀμπέλου

245 2880 344 2952 μὲν
372 2881 527 2949 τάξει
556 2884 769 2939 κεῖσθαι
801 2886 1059 2957 Χριστὸν,
1087 2888 1234 2956 ἡμᾶς
1253 2887 1309 2940 δὲ
1338 2887 1634 2959 κλημάτων
1662 2891 1829 2962 ἠρτῆ-

244 2972 373 3028 σθαι
399 2973 576 3046 δίκην,
606 2977 990 3049 πιαινομένους
1028 2977 1217 3049 ὥσπερ
1263 2982 1329 3051 τῇ
1378 2981 1561 3053 χάριτι
1604 2981 1701 3037 καὶ⁵
1730 2982 1829 3055 τὴν

241 3061 331 3118 διὰ
372 3063 473 3117 τοῦ
499 3064 813 3136 Πνεύματος
845 3068 1168 3132 ἐκπίνοντας
1196 3069 1423 3141 δύναμιν
1449 3073 1528 3136 εἰς
1548 3089 1830 3145 καρποφο-

1922 623 2084 679 opus,
2111 611 2379 668 naturalis
2408 612 2669 668 nimirum
2724 612 3012 684 potestatis
3045 612 3304 669 ratione?
3336 611 3491 671 Unde

1922 698 2188 758 Dominus
2234 709 2426 759 noster
2454 701 2622 761 Jesus
2648 703 2905 760 Christus
2962 712 3381 774 cooperatorem
3434 706 3489 760 in

1920 791 2143 847 cunctis
2186 790 2407 847 Patrem
2453 793 2683 858 habens,
2718 810 2845 850 cum
2876 794 3084 851 ludatis
3137 797 3324 866 impiis
3357 799 3487 853 olim

1921 881 2250 938 versabatur
2277 883 2500 940 dicens:
2541 903 2559 938 ι
2588 885 2757 941 Multa
2779 886 2920 941 bona
2951 902 3117 958 opera
3147 888 3364 944 03tendi
3390 905 3488 943 vn-

1922 973 2010 1030 bis
2047 988 2117 1028 ex
2166 971 2329 1031 Patre
2379 989 2502 1030 meo
2532 990 2545 1027 :
2576 985 2799 1048 propter
2829 976 2976 1047 quod
3011 992 3202 1033 eorum
3229 993 3370 1049 opus
3406 995 3492 1032 me

1922 1065 2183 1137 lapidatis
2212 1065 2300 1121 ⁸⁷7
2327 1084 2345 1118 ι
2377 1066 2441 1122 Et
2473 1081 2670 1125 rursus
2717 1069 2786 1124 de
2817 1069 2965 1125 facto
2994 1070 3050 1125 in
3078 1069 3167 1127 die
3218 1071 3446 1127 Sabbati
3475 1090 3488 1126 :

1928 1176 1948 1209 ι
1985 1155 2147 1213 Pater
2192 1170 2371 1224 meus,
2412 1156 2615 1226 inquit,
2663 1172 2841 1228 usque
2893 1158 3054 1215 modo
3101 1167 3388 1229 operatur,
3437 1168 3493 1215 et

1922 1262 2025 1318 ego
2054 1261 2257 1318 operor
2281 1246 2348 1302 ⁸³.
2390 1264 2409 1300 ι
2436 1244 2626 1317 Neque
2648 1248 2957 1304 censuerim
2985 1250 3298 1321 quempiam
3341 1250 3493 1305 arbi-

1923 1340 2061 1396 trari
2107 1355 2232 1396 eum
2282 1338 2493 1404 dicere,
2548 1337 2766 1394 Patrem
2797 1340 3018 1409 quidem
3049 1342 3214 1413 860
3253 1342 3488 1396 seorsini

1922 1429 2132 1501 aliquid
2172 1429 2325 1486 circa
2371 1437 2679 1485 creaturam
2735 1429 2981 1499 operari,
3023 1432 3255 1486 seorsim
3310 1441 3490 1485 autem

1924 1524 2124 1579 Filium
2153 1540 2167 1577 :
2202 1520 2301 1578 sed
2328 1535 2456 1577 cum
2483 1522 2673 1576 omnia
2713 1519 2875 1576 Pater
2903 1536 2998 1589 per
3019 1520 3242 1584 Filium,
3270 1537 3372 1575 nec
3401 1522 3495 1574 ali.

1925 1622 2009 1668 ter
2041 1612 2176 1684 quid
2201 1619 2465 1683 operatus
2498 1625 2740 1682 unquam
2775 1611 2940 1666 fuerit
2970 1610 3083 1682 (hic
3113 1611 3259 1666 enim
3294 1618 3377 1665 est
3406 1626 3495 1664 sa-

1928 1707 2134 1777 pientia
2176 1712 2235 1760 et
2283 1707 2460 1761 virtus
2510 1703 2681 1773 ejus),
2743 1702 2954 1758 idcirco
3002 1700 3219 1756 Patrem
3268 1714 3492 1756 suorum

1926 1809 2155 1864 operum
2202 1793 2468 1853 factorem
2520 1807 2718 1848 rursus
2753 1790 3084 1854 nominavit,
3122 1790 3350 1845 dicens:
3393 1808 3413 1842 ι
3455 1791 3496 1842 Α

1930 1887 2139 1957 meipso
2172 1886 2312 1941 nihil
2357 1885 2523 1949 facio,
2550 1883 2647 1939 sed
2693 1881 2858 1938 Pater
2885 1882 2940 1936 in
2981 1896 3068 1937 me
3096 1895 3343 1941 manens,
3381 1879 3497 1948 ipse

1928 1978 2063 2032 facit
2098 1991 2267 2047 opera
2295 1976 2363 2030 °'.
2417 1995 2437 2029 ι
2482 1974 2740 2030 Arbitror
2785 1973 2973 2042 itaque
3017 1987 3127 2026 non
3166 1985 3289 2026 esse
3341 1969 3498 2023 aliter

1926 2069 2075 2127 istud
2109 2069 2270 2125 nobis
2290 2066 2651 2139 capiendum,
2683 2065 2790 2121 nisi
2814 2063 3094 2118 Christum
3120 2060 3341 2132 quidem
3370 2060 3498 2116 vilis

1928 2162 2050 2219 loco
2093 2161 2357 2231 positum,
2407 2174 2510 2214 nos
2562 2165 2749 2212 autem
2794 2155 3085 2226 palmitum
3119 2154 3293 2208 instar
3319 2152 3388 2207 ab
3430 2167 3500 2206 eo

1926 2254 2193 2326 pendere,
2231 2252 2407 2324 gratia
2433 2250 2605 2305 veluti
2634 2247 2946 2319 saginatas,
2973 2253 3029 2301 et
3058 2245 3320 2300 virtutem
3349 2243 3497 2297 illam

1928 2362 2050 2419 qum
2077 2361 2173 2417 per
2211 2343 2482 2415 Spiritum
2525 2347 2613 2397 est
2657 2339 2947 2395 ebibentes
3003 2339 3058 2391 in
3108 2333 3498 2391 fecunditatem

1928 2433 2261 2505 spiritalem.
2292 2429 2399 2486 Sed
2420 2429 2684 2500 quoniam
2713 2442 2815 2482 nos
2836 2427 2892 2481 in
2918 2423 3171 2481 doctrina
3202 2422 3325 2478 fidei
3352 2428 3501 2477 recte

1928 2523 2275 2582 ambulantes
2301 2523 2617 2592 importuna
2646 2519 3037 2573 haereticorum
3059 2514 3356 2571 contundit
3382 2527 3503 2566 ora-

1930 2615 2031 2678 tio,
2057 2623 2111 2669 et
2158 2610 2493 2683 persuadere
2537 2616 2774 2663 conatur
2804 2622 2924 2677 qua:
2957 2620 3026 2661 ne
3060 2598 3247 2661 animo
3275 2603 3500 2673 quidem

1932 2706 2015 2761 fas
2049 2706 2121 2760 sit
2161 2704 2428 2775 cogitare,
2477 2715 2541 2757 ea
2587 2700 2768 2771 palam
2809 2697 3159 2753 auditoribus
3206 2694 3504 2757 faciemus,

1929 2799 2126 2871 paucis
2148 2796 2578 2865 complectentes
2604 2806 2728 2863 quae
2762 2790 2952 2845 multis
2981 2787 3235 2843 versibus
3276 2786 3504 2857 quidam

1928 2904 2118 2945 eorum
2162 2885 2445 2940 ediSscrit.
2480 2902 2499 2936 ι
2535 2882 2702 2937 Recte
2730 2879 2901 2943 enim,
2934 2878 3133 2947 inquit,
3166 2873 3505 2946 Unigenitus

1930 2978 2282 3051 reprehendit
2320 2990 2384 3030 ac
2424 2973 2691 3029 ridiculos
2717 2986 2841 3026 esse
2875 2968 3121 3024 ostendit
3154 2982 3252 3023 eos
3282 2966 3374 3036 qui
3407 2982 3507 3036 pu-

1928 3081 2046 3128 tant
2096 3071 2276 3141 ipsum
2327 3082 2454 3124 esse
2498 3064 2609 3120 Deo
2645 3079 2710 3119 ac
2754 3061 2907 3117 Patri
2952 3058 3507 3115 consubstantialem.

247 3154 371 3224 ρίαν
413 3158 807 3229 πνευματικήν.
838 3158 1054 3231 Ἐπειδὴ
1076 3160 1133 3214 δὲ
1164 3161 1323 3216 πάλιν
1351 3163 1498 3234 ἡμᾶς
1519 3163 1829 3235 ὁρθοποδεῖν

1934 3165 2076 3221 Ecce
2107 3163 2254 3219 enim
2287 3162 2457 3215 vitem
2493 3159 2741 3227 seipsum
2773 3162 2962 3224 aperte
2989 3154 3260 3217 nominat,
3293 3150 3510 3205 Patrem

246 3246 543 3316 ἑλομένους
565 3247 594 3301 6
618 3248 816 3321 πικρὸς
832 3249 941 3305 τῶν
956 3251 1023 3304 δι’
1045 3251 1294 3318 ἐναντίας
1317 3257 1634 3326 περικροτεῖ
1654 3255 1831 3325 λόγος,

247 3339 341 3393 καὶ
373 3339 689 3394 ἀναπείθειν
718 3344 977 3415 πειρᾶται
1002 3344 1038 3399 ἀ
1071 3344 1147 3415 μὴ
1177 3344 1337 3417 θέμις
1376 3348 1597 3413 ἐννοεῖν,
1630 3350 1838 3421 φανερά

248 3435 360 3496 τοϊς
396 3433 769 3504 ἀκροωμένοις
822 3437 1241 3508 καταστήσομεν
1275 3437 1584 3504 συνελόντες
1622 3439 1837 3509 λόγοις,

249 3521 399 3595 άπερ
452 3541 537 3589 τις
586 3524 810 3581 ἐκείνων
866 3529 924 3581 ἐν
962 3531 1197 3601 μακροῖς
1255 3529 1566 3584 συντέθεικε
1615 3533 1836 3601 στίχοις.

255 3634 275 3667 ι
306 3611 386 3671 Εὖ
443 3617 554 3689 γὰρ
606 3616 779 3688 δήτοι,
812 3620 995 3691 φησιν,
1047 3620 1077 3673 6
1129 3619 1443 3692 Μονογενὴς
1477 3620 1726 3693 διήλεγξέ
1778 3638 1839 3675 τε

250 3708 342 3760 καὶ
376 3708 828 3777 καταγελάστους
856 3710 1128 3783 ἀπέφηνε,
1183 3711 1310 3776 τοὺς
1348 3712 1628 3782 οἰομένους
1679 3712 1840 3767 αὐτὸν

247 3796 539 3869 όμοούσιον
565 3794 805 3871 εἶναιτῷ
842 3800 961 3874 Θεῷ
983 3804 1076 3857 καὶ
1127 3803 1323 3875 Πατρί.
1372 3804 1504 3858 Ἰδοὺ
1528 3802 1637 3875 γὰρ
1662 3804 1843 3875 ἀμπε-

247 3891 336 3944 λον
365 3887 564 3943 ἐαυτὸν
582 3888 842 3962 ὀνομάζει
876 3892 1083 3962 σαφῶς,
1121 3894 1368 3965 γεωργὸν
1396 3894 1455 3947 δέ
1483 3893 1575 3947 τὸν
1596 3893 1839 3964 Πατέρα.

248 3985 471 4059 Ὠσπερ
501 3983 596 4042 οὖν
625 3988 685 4040 οὐ
719 3985 912 4040 ταυτὸν
936 3987 1015 4051 είς
1034 3986 1246 4050 οὐσίαν,
1275 3984 1520 4057 ἀμπελός
1556 4001 1637 4049 τε,
1667 3984 1840 4055 φησὶ,

248 4078 344 4133 καὶ
391 4078 638 4149 γεωργὸς
693 4079 790 4151 (τὸ
833 4079 932 4151 μὲν
997 4080 1107 4149 γὰρ
1169 4077 1346 4146 ξύλον,
1404 4079 1433 4132 6
1463 4077 1520 4130 δέ
1545 4077 1691 4131 ἐστιν
1746 4078 1843 4132 ἀν-

249 4168 543 4240 θρωπος),
581 4170 844 4242 ἀλλογενῆ
869 4170 926 4224 δέ
956 4170 1151 4237 ταῦτα,
1202 4170 1296 4224 καὶ
1321 4168 1620 4242 ἐτερόφυλα
1649 4186 1845 4223 παντε-

246 4258 378 4324 λῶς’
412 4259 584 4326 οὕτως
604 4262 703 4333 οὐχ
729 4260 1014 4333 ὁμοούσιος
1034 4264 1062 4316 6
1094 4262 1224 4326 Υἱὸς
1248 4261 1326 4331 τῷ
1363 4261 1561 4332 Πατρὶ,
1590 4260 1843 4333 διέστηκε

246 4352 302 4408 δέ
326 4354 475 4408 κοιτά
499 4354 633 4410 πολὺ
658 4354 751 4410 καὶ
776 4354 1040 4427 οὐσιώδης
1086 4355 1284 4418 αὐτοὺς
1321 4354 1553 4426 διείργει
1585 4354 1762 4425 λόγος,
1796 4356 1847 4408 εί

245 4462 309 4515 γε
343 4447 375 4500 6
409 4447 508 4518 μὲν
535 4448 649 4503 ἐστι
673 4449 940 4520 γεωργὸς,
964 4451 992 4502 6
1038 4448 1096 4501 δὲ
1126 4447 1390 4519 ἀμπελος.
1436 4448 1559 4502 Ὀτι
1597 4446 1705 4520 γάρ
1743 4447 1844 4500 οὐκ

1938 3266 2123 3312 autem
2164 3252 2485 3325 agricolam.
2516 3246 2995 3317 Quemadmodum
3041 3259 3173 3314 ergo
3216 3258 3327 3298 non
3356 3242 3510 3312 ejus-

1939 3350 2062 3405 dem
2094 3345 2428 3403 substantia:
2456 3350 2587 3397 sunt
2621 3339 2774 3404 vitis,
2806 3336 3006 3408 inquit,
3036 3343 3091 3390 et
3122 3333 3363 3405 agricola
3394 3333 3509 3402 (illa

1938 3440 2086 3496 enim
2125 3437 2357 3507 lignum,
2398 3432 2490 3487 hic
2538 3432 2704 3485 homo
2746 3429 2893 3499 est),
2938 3428 3035 3482 sed
3080 3426 3313 3482 alterius
3352 3426 3516 3497 plano

1941 3528 2197 3601 generis:
2235 3527 2312 3581 ita
2340 3537 2690 3594 nequaquam
2722 3518 3218 3576 consubstantialis
3249 3526 3334 3573 est
3364 3516 3511 3571 Patri

1940 3622 2134 3687 Filius,
2181 3617 2281 3676 sed
2332 3616 2568 3671 multum
2598 3614 2848 3676 distant,
2890 3626 3100 3681 eosque
3129 3609 3515 3665 substantialis

1941 3713 2179 3769 invicem
2216 3710 2358 3765 ratio
2402 3706 2638 3773 dirimit,
2679 3703 2948 3774 siquidem
2991 3702 3081 3757 hic
3124 3702 3394 3771 agricola,
3425 3701 3518 3755 ille

1942 3805 2072 3860 vitis
2115 3808 2225 3859 est.
2255 3798 2413 3866 Quod
2458 3804 2643 3852 autem
2686 3795 2754 3850 ad
2796 3795 3200 3849 incarnationis
3246 3792 3515 3847 rationem

1944 3895 2050 3949 ista
2086 3892 2335 3948 nonnulli
2380 3890 2685 3945 transferre
2732 3902 3021 3961 perperam
3069 3885 3320 3945 conaturi
3379 3886 3515 3949 sint,

1944 4001 2053 4039 non
2105 3991 2191 4039 est
2232 3979 2643 4051 ambigendum.
2672 3978 2785 4035 Nec
2814 3978 2962 4035 enim
2991 3992 3149 4035 suam
3181 3991 3405 4033 carnem
3440 3974 3521 4029 vi-

1946 4084 2054 4130 tem
2090 4089 2215 4129 esse
2264 4072 2359 4139 ait,
2393 4071 2490 4129 sed
2531 4070 2718 4142 potius
2762 4070 3046 4127 deitatem.
3090 4067 3194 4123 Cui
3227 4067 3376 4123 enim
3409 4081 3521 4121 non

1945 4166 2305 4223 manifestum
2341 4171 2450 4231 est,
2488 4163 2690 4235 inquit,
2717 4170 2972 4217 nostrum
3000 4175 3206 4231 corpus
3249 4173 3279 4214 a
3327 4158 3523 4215 Serva-

1945 4256 2083 4313 toris
2112 4271 2282 4312 carne
2309 4270 2417 4309 non
2449 4253 2711 4324 pendere,
2741 4254 2888 4311 sicut
2917 4268 2947 4306 a
2974 4253 3086 4308 vite
3121 4251 3396 4323 palmites,
3421 4264 3520 4305 ne-

1946 4366 2052 4423 que
2095 4349 2235 4406 adeo
2278 4356 2601 4405 sanctorum
2637 4345 2881 4403 fructum
2922 4346 3202 4403 carnalem
3246 4359 3396 4407 esse,
3427 4343 3525 4400 sed

1945 4442 2294 4514 spiritalem?
2322 4441 2670 4511 Quapropter
2702 4454 2874 4495 carne
2903 4440 2958 4493 in
2988 4452 3235 4509 prmsens
3291 4435 3522 4492 scorsim

247 4537 493 4606 εὐλόγως
541 4540 685 4605 τινὲς
733 4541 812 4605 είς
862 4540 955 4594 τὸν
982 4539 1082 4611 τῆς
1116 4539 1255 4611 μετά
1296 4540 1498 4611 σαρκὸς
1530 4540 1836 4611 οἰκονομίας

1946 4535 2148 4608 posita,
2186 4535 2292 4605 ipsi
2318 4533 2592 4588 divinitati
2622 4531 2745 4587 Filii
2773 4531 2883 4587 vim
2915 4540 2970 4586 et
2999 4530 3339 4585 intellectum
3369 4525 3525 4581 vocis

247 4629 411 4701 λόγον
452 4632 521 4687 τά
544 4633 768 4688 τοιαῦτα
801 4636 1178 4705 περιενεγκεῖν
1234 4633 1702 4705 ἐπιχειρήσουσιν,
1738 4633 1838 4686 οὐκ

248 4723 403 4779 ἐστιν
430 4725 753 4797 ἀμφίϐολον.
794 4727 868 4780 Οὐ
900 4726 1012 4798 γάρ
1043 4726 1142 4800 τὴν
1174 4726 1355 4797 σάρκα
1383 4724 1482 4797 τὴν
1507 4723 1707 4779 ἑαυτοῦ
1738 4740 1838 4795 φη-

1945 4630 2098 4685 illius
2140 4628 2473 4693 tribuemus,
2517 4640 2755 4695 eumque
2803 4624 3053 4679 dicemus
3091 4635 3215 4678 esse
3256 4620 3445 4683 vitem,
3494 4633 3525 4671 ιι

1947 4737 2055 4793 qua
2085 4721 2389 4791 pendemus
2423 4733 2522 4788 per
2556 4717 2736 4772 tidem.
2775 4735 2794 4768 ι

249 4835 333 4871 σιν
361 4811 509 4872 εἶναι
535 4816 632 4889 τὴν
654 4818 921 4889 ἀμπελον,
970 4818 1171 4890 μᾶλλον
1206 4818 1265 4872 δὲ
1298 4816 1396 4890 τὴν
1436 4816 1683 4887 θεότητα.
1715 4815 1830 4871 Τίνι
1871 4814 1982 4885 γὰρ
2012 4815 2073 4868 οὐ
2111 4812 2281 4882 σαφὲς
2341 4810 2514 4876 ἔσται,
2579 4810 2765 4880 φησὶν,
2829 4807 2905 4871 ὼς
2945 4807 3007 4860 τὸ
3052 4804 3320 4877 ἡμέτερον
3368 4800 3528 4872 σῶμα

248 4912 369 4981 οὐχὶ
400 4910 500 4981 τῆς
528 4911 622 4964 τοῦ
654 4911 905 4982 Σωτῆρος
968 4912 1310 4981 ἐκκμμᾶται
1367 4908 1589 4982 σαρκὸς,
1650 4906 1901 4978 καθάπερ
1938 4905 2185 4978 ἀμπέλου
2224 4903 2292 4957 τά
2315 4902 2590 4973 κλήματα,
2622 4899 2746 4954 οὒτε
2784 4898 2890 4970 μὴν
2912 4901 2941 4952 6
2974 4897 3083 4951 τῶν
3112 4897 3283 4966 ἁγίων
3315 4895 3527 4967 καρπὸς

252 5002 539 5075 σαρκικδς,
575 5000 711 5056 ἀλλὰ
739 5003 1135 5074 πνευματικός;
1172 5002 1382 5057 Οὐκοῦν
1408 5003 1465 5057 ἐν
1492 4999 1842 5074 μέρειμρησὶ,
1882 5000 2134 5071 τεθείσης
2164 5000 2241 5062 είς
2278 4996 2339 5052 τὸ
2362 4995 2534 5065 παρὸν
2584 4996 2683 5065 τῆς
2737 4991 2957 5065 σαρκὸς,
2990 4990 3127 5063 αὐτῇ
3192 4993 3255 5063 τῇ
3314 4988 3528 5060 θεότητι

250 5098 343 5150 τοῦ
386 5096 521 5151 Υίοῦ
571 5096 668 5168 τὴν
696 5095 792 5151 τοῦ
820 5096 979 5166 λόγου
1018 5095 1389 5169 περιθήσομεν
1452 5094 1703 5169 δύναμιν,
1737 5093 1835 5149 καὶ
1873 5094 2035 5148 αὐτὸν
2062 5092 2295 5165 ἐροῦμεν
2317 5085 2457 5143 εἶναι
2502 5086 2601 5157 τὴν
2666 5083 2932 5156 ἄμπελον,
2980 5079 3050 5157 ἧς
3093 5082 3379 5156 ἐξήμμιθα
3438 5081 3530 5137 διὰ

250 5191 349 5262 τῆς
370 5191 629 5255 πίστεως.
654 5208 673 5242 ι

324 5283 499 5336 Ταυτὶ
533 5282 633 5352 μὲν
667 5281 861 5354 ἐκείνῳ
900 5281 1355 5353 καταφλυαρῆσαι
1408 5280 1658 5353 παρέστη
1710 5297 1855 5351 παρη

251 5376 545 5447 ωθουμένῳ
569 5374 847 5441 ποικίλως,
874 5374 1017 5429 κατά
1044 5391 1108 5440 γε
1132 5373 1193 5427 τὸ
1217 5372 1366 5444 αὐτῷ
1388 5372 1571 5437 καλῶς
1588 5371 1733 5443 ἔχειν
1764 5371 1853 5425 δο-

254 5467 407 5533 κοῦν,
455 5468 555 5537 τὴν
591 5468 701 5521 τῶν
746 5467 909 5521 θείων
957 5467 1244 5539 δογμάτων
1276 5453 1564 5538 ὀρθότητα,
1609 5464 1702 5520 καὶ
1756 5465 1851 5519 σὺν

259 5558 430 5631 πολλῇ
458 5560 763 5632 κακουργίᾳ
797 5560 934 5631 πρὸς
961 5560 1052 5612 τὸν
1084 5558 1232 5629 αὐτῷ
1288 5558 1621 5630 προτεθέντα
1671 5574 1848 5627 παρα-

255 5650 511 5719 τρέποντι
543 5652 768 5707 σκοπόν.
809 5651 1000 5721 Ἡμεῖς
1028 5650 1085 5702 δέ
1127 5649 1226 5720 τῆς
1271 5646 1528 5720 ἀληθείας
1560 5646 1847 5717 ἐχόμενοι,

2025 5272 2152 5329 llmc
2201 5270 2294 5326 ille
2335 5276 2598 5339 nugatur,
2626 5265 2945 5320 divinorum
2991 5264 3308 5335 dogmatum
3342 5282 3527 5322 veram

1951 5366 2220 5422 rationem
2253 5379 2353 5435 pro
2381 5376 2482 5417 sua
2509 5357 2740 5416 libidine
2771 5366 3113 5428 pervertens,
3145 5367 3200 5414 et
3253 5359 3320 5413 ad
3364 5374 3527 5415 suum

1949 5475 2178 5530 scopum
2209 5454 2478 5527 singulari
2534 5451 2745 5507 malitia
2786 5450 3149 5524 detorquens.
3193 5450 3307 5508 Nos
3343 5459 3525 5506 autem

1948 5553 2155 5621 ubique
2202 5548 2537 5604 inhaerentes
2582 5546 2847 5610 veritati,
2904 5561 3011 5601 non
3066 5545 3143 5599 ita
3199 5543 3524 5607 sentiemus,

1950 5643 2133 5700 absitl
2171 5641 2269 5699 sed
2311 5647 2633 5697 sanctorum
2669 5635 2896 5694 Patrum
2947 5637 3237 5694 sententia:
3272 5635 3526 5691 insisten-

334 5831 378 5863 "
419 5831 573 5889 Joan.
612 5850 679 5902 χ,
713 5834 810 5892 32.
880 5836 925 5868 “
962 5834 1121 5891 Joan.
1160 5852 1212 5904 ν,
1252 5836 1333 5889 l7.
1410 5836 1455 5867 ⁸⁸
1494 5832 1650 5888 Joan.
1696 5846 1821 5899 xw,
1874 5830 1959 5885 10.
