4056 6554
532 445 639 502 339

1574 438 1631 493 Β.
1659 436 1941 494 CYRILLI
1980 433 2453 493 ALEXANDRINI
2494 434 2816 494 ARCHIEP.

3716 436 3813 493 340

532 571 619 617 tes
665 556 919 615 veritatis
955 554 1211 627 dogmata
1259 559 1574 624 sequemur.
1632 551 1753 618 Quo
1796 560 1958 622 pacto
2006 551 2148 612 loci,

2251 550 2467 619 πανταχῆ
2500 546 2885 618 διακεισόμεθα
2916 546 3018 618 μέν
3044 544 3142 617 οὑχ
3176 544 3366 611 οὑτως,
3394 545 3614 599 πολλοὺ
3643 564 3707 615 γε
3730 551 3814 604 καὶ

539 651 703 720 hujus
744 665 945 707 sensus
995 646 1385 719 intelligendus
1433 645 1545 708 sit,
1591 658 1702 698 non
1754 642 1957 699 inscite
1998 642 2113 712 jam

537 742 720 812 quoad
739 742 795 796 in
827 740 993 796 nobis
1021 747 1143 797 erat
1162 736 1583 808 disquisivimus
1607 751 1621 787 :
1650 735 1747 791 sed
1765 750 1963 790 rursus
1982 748 2118 789 con-

538 834 897 891 siderandum
946 839 1032 889 est
1078 830 1357 901 quomodo
1405 828 1678 899 adversus
1731 827 1856 883 illos
1904 826 2119 882 armari

541 944 645 983 nos
674 934 951 998 oporteat,
983 932 1169 996 etquo
1196 930 1358 995 pacto
1384 922 1546 993 861
1579 920 1695 975 sint
1730 934 1921 976 eorum
1940 914 2121 974 ratio-

543 1036 640 1075 ncs
680 1017 1063 1075 retundendam.
1111 1013 1169 1071 Si
1206 1014 1354 1070 enim
1395 1028 1462 1069 ex
1513 1020 1704 1068 nostro
1729 1012 1955 1069 silentio
1982 1008 2122 1065 nihil

541 1112 727 1167 damni
761 1110 1162 1180 simpliciorum
1206 1106 1493 1163 mentibus
1526 1106 1827 1178 ingrueret,
1855 1103 2120 1175 repudia-

544 1202 615 1258 tis
643 1202 802 1257 vanis
832 1198 1185 1255 sermonibus
1214 1197 1281 1252 ad
1329 1212 1393 1254 ea
1427 1212 1554 1268 qua:
1599 1205 1914 1267 sequuntur
1951 1193 2126 1264 expli-

543 1292 717 1346 canda
751 1307 853 1346 nos
890 1288 1310 1345 conferremus:
1370 1288 1466 1343 sed
1516 1302 1649 1342 eum
1696 1302 1811 1342 non
1848 1284 2127 1340 mediocre

543 1385 804 1438 damnum
858 1383 1148 1438 incumbat
1197 1382 1250 1437 ei
1292 1383 1386 1451 qui
1428 1379 1818 1451 hujuscemodi
1870 1378 2126 1450 dogmata

546 1476 876 1546 susceperit,
910 1473 1165 1545 nunquid
1212 1480 1647 1528 consentaneum
1683 1479 1767 1528 est
1798 1477 1858 1524 ut
1910 1472 2001 1541 pio
2050 1469 2131 1523 in-

546 1565 808 1619 ﬂammati
860 1564 978 1619 zelo
1016 1562 1327 1619 rationibus
1365 1576 1429 1616 ac
1480 1561 1668 1618 verbis
1711 1559 2132 1632 depugnemus?

551 1655 645 1710 Sic
687 1655 835 1710 enim
876 1655 1169 1725 perspicua
1196 1654 1300 1709 erit
1329 1653 1777 1709 adversariorum
1827 1652 2129 1708 calliditas.

2217 639 2322 703 δεῖ,
2352 638 2449 709 τὴν
2486 637 2575 691 διὰ
2604 636 2715 691 τῶν
2749 637 2921 706 ἁγίων
2960 635 3118 707 ἡμῶν
3160 635 3424 708 Πατέρων
3468 636 3817 706 ίχνηλατοὺν-

2218 747 2310 795 τες
2365 728 2601 795 σύνεσιν,
2637 731 2752 794 τοῖς
2777 729 2877 800 τῆς
2932 727 3194 800 ἀληθείας
3242 729 3497 800 ἑψόμεθα
3533 728 3814 801 δόγμασιν.

2221 823 2413 886 Ὅπως
2443 822 2542 893 μὲν
2566 820 2635 877 ἂν
2662 820 2858 892 νοῆσαι
2889 821 3159 893 προσήκοι
3187 820 3283 875 τοῦ
3318 821 3704 892 προκειμένου
3731 825 3821 893 τὴν

2220 914 2471 986 δύναμιν,
2497 913 2597 968 οὑκ
2615 912 2880 985 ἀκόμψως
2910 913 3013 984 ἤδη
3064 912 3543 984 διηρευνήσαμεν,
3602 916 3745 969 κατά
3764 935 3819 986 γε

2222 1005 2285 1060 τὸ
2306 1007 2365 1061 ἐν
2395 1007 2527 1077 ἡμῖν
2551 1005 2791 1075 ἐφικτόνο
2829 1005 3093 1059 σκεπτέον
3128 1005 3186 1059 δέ
3211 997 3373 1059 πάλιν
3398 1005 3570 1069 ὅπως
3595 1022 3657 1059 τε
3687 1008 3822 1078 ἡμᾶς

2224 1100 2320 1155 καὶ
2354 1099 2474 1153 τίνα
2497 1099 2561 1170 δὴ
2588 1099 2791 1169 τρόπον
2821 1098 3197 1164 ἐξοπλίζεσθαι
3226 1098 3333 1170 χρὴ
3352 1138 3368 1163 ,
3403 1098 3513 1152 καὶ
3552 1099 3673 1161 τοῖς
3705 1101 3824 1171 παρ’

2224 1192 2451 1247 ἐκείνων
2492 1189 2970 1246 ἀνταποδὺσασθαι
3024 1191 3223 1259 λόγοις.
3256 1188 3321 1243 Ei
3357 1190 3463 1261 μὲν
3504 1190 3622 1261 γὰρ
3657 1198 3821 1264 σιωπῇ

2226 1285 2659 1357 παρελάσαντες,
2678 1284 2832 1338 οὑδέν
2849 1278 2918 1356 ἦν
2946 1282 3199 1339 ἐντεῦθεν
3230 1284 3358 1339 ίδεῖν
3380 1283 3448 1339 τὸ
3478 1284 3691 1355 βλάϐος
3716 1288 3825 1349 ταῖς

2227 1377 2338 1431 τῶν
2384 1364 2770 1449 ἁπλουστέρων
2807 1377 3071 1442 διανοίαις
3124 1377 3443 1449 είστρέχον,
3505 1379 3742 1443 είκότως
3772 1380 3823 1433 τὸ

2233 1470 2487 1540 ματαίοις
2512 1469 2857 1541 ἐντρίϐεσθαι
2913 1469 3094 1539 λόγοις
3126 1471 3258 1542 παρ’
3301 1470 3457 1523 οὐδὲν
3491 1471 3825 1542 ἡγησάμενοι

2230 1566 2352 1627 ταῖς
2390 1562 2503 1616 τῶν
2530 1560 2729 1633 ἐφεξῆς
2778 1562 3052 1634 κειμένων
3100 1562 3357 1636 θεωρίαις
3414 1564 3821 1634 ἐπενηχόμεθα.

2245 1653 2465 1725 Ἐπειδὴ
2493 1652 2552 1706 δὲ
2575 1654 2637 1707 οὑ
2680 1654 2886 1725 μικρὰν
2937 1655 3036 1725 τὴν
3089 1654 3293 1726 ζημίαν
3343 1654 3635 1708 ἐποίσειεν
3678 1655 3743 1709 ἂν
3785 1658 3826 1709 εί

550 1746 799 1816 Agedum
830 1760 978 1817 ergo,
1004 1744 1240 1815 primum
1273 1743 1407 1799 illud
1443 1744 1718 1807 dicamus,
1753 1744 1983 1799 stultum
2010 1755 2133 1797 esse

2251 1744 2627 1818 ταραδεχθεῖεν
2652 1746 2757 1799 ὑπό
2784 1763 2876 1800 του
2907 1746 2976 1800 τὰ
3022 1745 3163 1799 οὑτω
3214 1746 3692 1817 δογματιζόμενα,
3725 1748 3827 1809 πῶς

552 1854 782 1906 prorsus
812 1838 877 1892 ad
938 1845 1154 1892 naturae
1184 1836 1265 1892 vel
1298 1835 1620 1893 substantiae
1666 1834 2128 1907 significationem

2251 1836 2337 1890 ιὺκ
2360 1836 2652 1891 ἀκόλουθον
2681 1835 2828 1907 ζήλῳ
2865 1835 2943 1906 τῷ
2967 1835 3198 1907 φιλοθέῳ
3228 1837 3639 1908 κεκινημένους
3666 1840 3829 1892 καθεῖ-

552 1930 935 2000 intempestive
973 1929 1264 1984 traducere
1309 1927 1457 1999 quod
1486 1943 1584 1998 per
1616 1928 1927 1998 exemplum
1961 1942 2027 1982 ac
2051 1928 2129 1982 rei

2251 1945 2322 1982 lat
2343 1928 2443 1999 τὴν
2465 1927 2646 1999 μάχην
2676 1926 2773 1999 τὴν
2816 1930 2874 1981 ἐν
2907 1926 3191 1998 λογισμοῖς
3235 1946 3296 1981 τε
3340 1929 3440 1982 καὶ
3484 1928 3710 1993 λόγοις;
3742 1932 3823 2000 Εἰη

553 2021 969 2077 similitudinem
1022 2021 1226 2075 dictum
1277 2027 1382 2075 est.
1428 2018 1704 2075 Existimo
1735 2019 1880 2074 enim
1916 2018 1985 2074 iis
2039 2019 2134 2089 qui

554 2112 768 2183 singula
809 2120 958 2167 recte
989 2111 1464 2183 comprehendere
1508 2111 1700 2175 velint,
1748 2111 1816 2165 ad
1853 2109 1993 2165 dicti
2024 2125 2141 2166 sco-

555 2221 685 2274 pum
724 2203 1136 2275 respiciendum
1179 2219 1325 2267 esse,
1376 2218 1691 2275 magnoque
1739 2202 1935 2260 studio
1960 2203 2142 2257 consi-

556 2294 862 2351 derandum
893 2294 1027 2366 quid
1060 2296 1409 2366 propositum
1444 2295 1515 2350 sit
1546 2295 1596 2350 ei
1625 2294 1719 2365 qui
1762 2293 2030 2365 loquitur.
2061 2293 2139 2348 Et:

559 2387 645 2441 bis
706 2394 889 2441 autem
931 2387 1156 2443 adverte
1204 2402 1398 2443 rursus
1436 2387 1705 2463 numquid
1743 2398 1893 2441 recte
1956 2387 2142 2442 dicere

559 2478 656 2533 tibi
698 2478 1003 2534 videamur.
1051 2478 1331 2535 Servatori
1370 2477 1591 2535 Christo
1628 2480 1976 2550 propositum
2031 2495 2139 2534 non

557 2577 677 2624 erat
718 2569 1026 2640 discipulos
1077 2570 1311 2625 edocere
1344 2585 1405 2625 se
1434 2569 1658 2641 quidem
1699 2570 1867 2624 alium
1909 2585 2033 2626 esse
2064 2586 2146 2625 se-

557 2659 799 2714 cundum
839 2668 1117 2725 naturam,
1151 2659 1323 2714 alium
1346 2674 1476 2715 vero
1515 2659 1758 2727 Patrem,
1796 2676 1900 2716 nec
1933 2661 2142 2715 idcirco

526 2743 777 2801 'Patrem
819 2746 1129 2800 vocandum
1163 2746 1462 2817 agricolam
1493 2748 1871 2813 existimabat,
1914 2764 1974 2805 se
2014 2764 2144 2805 vero

560 2840 748 2895 vitem.
790 2838 926 2895 Nam
960 2840 1005 2896 si
1041 2840 1166 2897 talis
1205 2841 1255 2896 ei
1306 2856 1509 2912 scopus
1539 2842 1759 2907 fuisset,
1797 2844 1991 2913 quidni
2036 2860 2147 2901 ser-

563 2949 779 2988 monem
806 2934 880 2990 ibi
912 2935 1056 2989 tlniit
1082 2935 1195 2990 alio
1224 2935 1376 2990 nullo
1405 2936 1634 3007 insuper
1661 2938 1879 2993 addito?
1904 2938 2144 3009 Sc0pum

563 3026 707 3080 enim
746 3039 907 3081 suum
940 3027 1083 3081 citra
1124 3026 1511 3083 confusionem
1549 3029 1720 3083 ullam
1771 3030 2146 3101 patefecisset,

562 3116 719 3184 juxta
750 3124 989 3173 vestram
1020 3119 1382 3182 sententiam.
1423 3120 1469 3174 si
1521 3120 1765 3192 seipsum
1799 3122 2073 3178 duntaxat
2096 3134 2151 3180 et

564 3206 786 3264 Patrem
819 3207 1183 3265 nominasset.
1218 3208 1381 3265 Nunc
1420 3218 1601 3266 autem
1641 3228 1765 3267 cum
1818 3215 2150 3284 praemiserit

569 3312 630 3352 se
661 3296 827 3352 vitem
853 3311 1001 3361 esse,
1042 3311 1256 3367 nosque
1286 3296 1581 3368 palmitum
1615 3297 1794 3353 instar
1830 3314 1896 3354 ex
1926 3314 1989 3355 ea
2016 3316 2150 3370 pen-

568 3389 719 3455 dere,
778 3402 842 3445 ac
894 3398 1162 3460 praeterea
1195 3389 1425 3445 culturae
1465 3388 1701 3445 oﬂicium
1733 3390 1941 3445 tribuat
1972 3390 2148 3455 Patri,

572 3481 822 3547 nemini,
860 3480 1080 3552 opinor,
1122 3496 1233 3536 non
1270 3481 1481 3552 patebit
1529 3481 1671 3536 nihil
1695 3497 1818 3537 eum
1846 3482 1953 3537 tale
1984 3483 2154 3553 signi—

572 3577 741 3633 iicare
776 3575 942 3646 quale
979 3590 1079 3631 vos
1119 3574 1349 3646 putatis,
1388 3574 1486 3630 sed
1516 3574 1896 3631 crassioribus
1921 3575 2154 3646 quibus-

571 3668 701 3722 dam
734 3675 789 3723 et
851 3667 956 3723 sub
1014 3668 1208 3724 oculos
1246 3666 1583 3722 cadentibus
1637 3666 1908 3737 exemplis
1947 3664 2158 3721 audito—

572 3760 733 3815 ribus
781 3759 1117 3831 persuadere
1157 3760 1298 3816 velle
1333 3775 1552 3816 omnem
1593 3759 1757 3816 nobis
1793 3759 2157 3815 fecunditatis

574 3852 844 3922 spiritalis
879 3853 988 3908 vim
1021 3868 1146 3909 esse
1176 3853 1245 3908 ab
1285 3853 1431 3927 ipso,
1464 3850 1931 3922 quemadmodum
1968 3859 2022 3904 et
2051 3850 2159 3920 pal-

575 3944 800 4002 mitibus
823 3959 853 4000 a
882 3944 1069 4001 radice
1095 3944 1508 4015 prodeuntibus
1535 3944 1783 4014 qualitas
1806 3951 1893 3998 est
1915 3942 1983 3995 ab
2014 3943 2153 4012 ipsa.

578 4036 849 4092 llonatum
888 4036 1036 4093 enim
1076 4045 1163 4093 est
1202 4036 1575 4108 quodcunque
1612 4044 1697 4092 est
1749 4035 1805 4089 in
1842 4035 2005 4090 nobis
2068 4035 2162 4088 bo-

577 4143 707 4182 num
740 4145 754 4191 ;
799 4127 859 4183 in
916 4126 1029 4183 Deo
1068 4143 1200 4184 vero
1261 4144 1369 4183 non
1425 4128 1554 4185 item
1588 4144 1611 4181 τ
1642 4127 1761 4198 ipse
1798 4126 1945 4181 enim
1986 4134 2070 4181 est
2102 4126 2159 4179 in

579 4222 762 4291 seipso
800 4235 1029 4276 suarum
1082 4221 1573 4292 prterogativarum
1610 4263 1625 4287 ,
1680 4218 1868 4289 gloriae
1905 4233 1969 4272 ac
2013 4225 2162 4287 pote-

580 4313 738 4370 statis
769 4313 870 4369 sibi
910 4313 1006 4368 uni
1038 4312 1419 4369 convenientis
1458 4314 1756 4384 ipsummet
1796 4310 2155 4381 principium.

580 4403 791 4459 idcirco
833 4405 991 4459 radix
1032 4419 1097 4459 ac
1140 4404 1271 4461 vitis
1316 4402 1724 4473 quodammodo
1756 4401 2013 4458 Christus
2051 4411 2158 4469 est;

581 4511 684 4551 nos
710 4511 841 4551 vero
878 4496 1152 4567 palmites.
1186 4496 1347 4562 Quod
1397 4505 1577 4549 autem
1607 4493 1910 4565 agricolam
1942 4494 2158 4549 Patrem

2239 2019 2347 2092 γὰρ
2372 2020 2439 2073 ἂν
2464 2017 2637 2083 οὑτως
2662 2018 2997 2083 εὑκάτοπτός
3020 2037 3079 2072 τε
3108 2018 3305 2091 κομιδῇ
3337 2020 3450 2073 τῶν
3493 2020 3567 2074 δι’
3597 2022 3827 2085 ἐναντίας

2240 2113 2273 2184 ή
2303 2110 2632 2183 πανουργία.
2675 2112 2787 2166 Καὶ
2814 2110 2948 2183 φέρε
2987 2111 3053 2181 δὴ
3085 2111 3304 2183 πρῶτον
3337 2112 3528 2166 ἐκεῖνο
3548 2112 3819 2183 λέγωμεν,

2240 2204 2322 2258 ὅτι
2342 2203 2404 2256 τὸ
2429 2203 2488 2256 ἐν
2509 2203 2955 2275 παραδείγματος
2971 2202 3122 2269 τάξει
3145 2203 3348 2273 ληφθὲν
3367 2203 3467 2258 καὶ
3486 2205 3572 2267 εἰς
3586 2204 3826 2275 ὁμοίωσιν

2241 2295 2339 2367 τὴν
2359 2295 2453 2350 τοῦ
2483 2295 2811 2369 πράγματος
2839 2296 3329 2367 είσκεκομισμένον
3356 2297 3441 2360 είς
3490 2295 3827 2364 φυσιολογίας

2241 2386 2465 2459 τρόπον,
2499 2386 2619 2458 ἦτοι
2649 2386 2841 2451 οὐσίας
2858 2386 3092 2458 δήλωσιν
3138 2386 3389 2440 ἐκλαϐεῖν
3428 2387 3540 2441 οὑκ
3571 2385 3827 2457 εὐκαίρως

2243 2479 2469 2551 ἀνόητον
2499 2477 2801 2541 παντελῶς.
2834 2472 3003 2549 Οἶμαι
3031 2476 3141 2548 γὰρ
3167 2476 3344 2546 ἔγωγε
3368 2478 3505 2541 τοὺς
3527 2478 3611 2540 είς
3642 2477 3823 2529 ἕκαστα

2243 2572 2353 2626 τῶν
2379 2569 2693 2642 λεγομένων
2741 2569 2981 2624 συνιέναι
3010 2569 3262 2633 θέλοντας
3282 2568 3487 2639 ὀρθῶς,
3527 2569 3610 2629 είς
3637 2569 3723 2620 τὸν
3747 2568 3827 2619 τοῦ

2246 2664 2604 2736 θεωρήματος
2631 2662 2966 2717 ἀποϐλέπειν
3001 2662 3225 2723 σκοπὺν,
3266 2662 3361 2715 καὶ
3388 2660 3445 2715 τί
3486 2660 3631 2730 μετὰ
3660 2662 3824 2730 χεῖρας

2246 2756 2385 2827 ἔχων
2413 2758 2441 2809 ὁ
2464 2753 2558 2809 τοῦ
2585 2754 2746 2825 λόγου
2769 2752 3100 2825 δημιουργῦς
3157 2754 3399 2807 ποιεῖται
3436 2751 3544 2823 τὴν
3587 2750 3825 2816 διάλεξιν,

2250 2848 2348 2901 σὺν
2373 2846 2543 2919 πολλῇ
2567 2848 2635 2918 τῇ
2661 2846 2923 2919 φρονήσει
2958 2844 3444 2898 κατασκέπτεσθαι
3470 2844 3609 2899 δεῖν.
3647 2842 3824 2896 Σκόπι

2248 2937 2305 2991 δὲ
2332 2935 2396 3008 δὴ
2423 2936 2585 2993 πάλιν
2612 2935 2673 3002 ἐξ
2696 2936 2878 2990 αὑτῶν
2897 2937 3031 3007 ἡμῖν
3079 2934 3188 2990 τῶν
3240 2936 3649 3007 προκειμένων,
3691 2938 3737 2989 εί
3761 2937 3822 3006 μή

2252 3046 2335 3084 σοι
2357 3029 2622 3101 δοκοῦμεν
2647 3030 2844 3102 ἄριστα
2866 3028 3067 3098 λέγειν.
3103 3029 3221 3082 Οὑκ
3259 3024 3326 3099 ἦν
3370 3030 3516 3100 μετὰ
3542 3032 3726 3100 χεῖρας
3761 3030 3824 3099 τῷ

2253 3121 2468 3194 Σωτῆρι
2496 3121 2719 3193 Χριστῷ
2752 3119 2961 3185 διδάξαι
2990 3121 3120 3183 τοὺς
3158 3120 3433 3191 μαθητᾶς,
3485 3120 3565 3185 ὡς
3612 3122 3694 3191 εἴη
3743 3121 3826 3191 μὲν

2253 3211 2443 3275 αὑτδς-
2472 3211 2617 3265 κατὰ
2646 3210 2809 3281 φύσιν
2842 3211 3051 3282 ἔτερος,
3084 3212 3321 3281 ἑτεροῖος
3348 3212 3405 3266 δὲ
3430 3214 3460 3266 ὁ
3494 3212 3702 3283 Πατὴρ,
3722 3211 3822 3265 οὐδὲ

2252 3302 2343 3356 διὰ
2366 3300 2523 3355 τοῦτο
2544 3300 2794 3372 γεωργὸν
2823 3301 2922 3371 μὲν
2954 3300 3046 3355 τὸν
3070 3300 3321 3368 φύσαντα
3338 3300 3530 3355 καλεῖν
3550 3299 3685 3371 ᾤετο
3712 3300 3821 3360 δεῖν,

2253 3394 2500 3465 ἄμπελον
2523 3394 2579 3448 δὲ
2606 3393 2789 3448 αὑτόν.
2810 3392 2874 3446 Ei
2898 3392 3006 3464 γὰρ
3040 3388 3195 3457 οὑτος
3216 3388 3283 3464 ἦν
3302 3395 3331 3446 6
3362 3391 3572 3457 σκοπὸς
3598 3394 3654 3445 ἐν
3675 3390 3821 3460 αὐτῷ,

2253 3487 2307 3540 τί
2349 3485 2425 3558 μὴ
2458 3484 2624 3556 μέχρι
2646 3483 2853 3538 τούτων
2880 3485 3004 3556 ἵστη
3034 3484 3128 3537 τὸν
3154 3484 3334 3552 λόγον,
3371 3485 3529 3539 οὑδέν
3565 3484 3697 3547 ὅλως
3725 3483 3822 3536 ἓτε-

2259 3594 2349 3647 ρον
2372 3572 2916 3647 προεπεισενεγκών;
2955 3572 3291 3644 ’Λσὺγχυτον
3322 3574 3434 3644 γὰρ
3466 3572 3535 3627 ἂν
3557 3572 3824 3643 ἐποιήσατο

2254 3669 2355 3741 τὴν
2386 3668 2621 3739 δήλωσιν
2678 3667 2771 3720 τοὺ
2814 3665 3014 3721 οἰκείου
3068 3664 3298 3731 σκοποῦ,
3347 3665 3497 3718 κατά
3522 3682 3586 3733 γε
3619 3663 3676 3717 τὺ
3715 3662 3823 3731 ὑμῖν

2256 3758 2469 3821 δοκοῦν,
2490 3760 2539 3812 εί
2565 3757 2726 3829 μόνον
2748 3758 3031 3829 ὠνόμασεν
3055 3758 3245 3813 ἑαυτόν
3278 3774 3337 3811 τε
3368 3758 3462 3811 καί
3487 3758 3581 3811 τὸν
3613 3755 3818 3824 Πατέρα.

2260 3852 2395 3905 Νυνὶ
2426 3850 2483 3905 δὲ
2508 3850 2875 3921 πῳκαταθεῖς
2905 3849 3151 3921 ἄμπελον
3181 3849 3281 3920 μὲν
3306 3848 3523 3911 ἑαυτὸν,
3558 3846 3820 3917 κλημάτων

2259 3942 2316 3995 δὲ
2343 3941 2501 4013 δίκην
2531 3942 2807 4015 ἠρτῆσθαι
2834 3941 3016 4011 λέγων
3068 3943 3240 4012 ἡμᾶς,
3273 3936 3391 3994 εἶτα
3424 3944 3526 4012 τῆς
3578 3936 3821 4009 γεωργίας

2262 4034 2322 4088 τὸ
2355 4034 2697 4106 ἐπιτήδευμα
2728 4033 2975 4106 περιθεὶς
3000 4032 3078 4105 τῷ
3099 4035 3300 4104 Πατρὶ,
3342 4034 3505 4105 δῆλος
3535 4033 3601 4087 ἂν
3624 4032 3702 4101 εἴη
3744 4030 3820 4082 καί

2263 4130 2453 4192 πᾶσιν,
2490 4124 2667 4200 οἶμαι,
2722 4128 3064 4199 καταφανής,
3124 4127 3203 4191 ὡς
3255 4127 3410 4181 οὐδὲν
3466 4128 3568 4197 μὲν
3611 4122 3821 4178 τοιοῦτον

2263 4223 2447 4275 ὁποῖον
2469 4222 2627 4291 ὑμεῖς
2650 4221 2988 4290 ὑπειλήφατε
3021 4218 3192 4290 δηλοῖ,
3223 4218 3311 4273 διὰ
3342 4219 3566 4289 παχέων
3584 4216 3639 4270 δὲ
3660 4214 3819 4280 ὥσπερ

2265 4315 2358 4367 καὶ
2381 4316 2494 4376 τοῖς
2518 4311 2614 4365 τοῦ
2632 4311 2884 4381 σώματος
2901 4310 3199 4381 ὀφθαλμοῖς
3218 4310 3635 4364 ὑποπιπτόντων
3670 4320 3819 4375 παραι

2264 4407 2575 4478 δειγμάτων
2604 4406 2897 4460 ἀναπεῖσαι
2948 4404 3195 4474 βούλεται
3242 4405 3370 4466 τοὺς
3425 4401 3814 4473 ἀκροωμένους.

2267 4502 2351 4555 ὅτι
2383 4500 2565 4570 πάσης
2588 4502 2725 4571 ἡμῖν
2750 4497 3131 4569 καρποφορίας
3155 4496 3534 4567 πνευματικῆς
3560 4497 3591 4564 ή
3624 4492 3817 4559 δύναμις

581 4586 974 4654 nominaverit,
1010 4603 1077 4643 ne
1110 4587 1265 4642 dicas
1295 4586 1369 4640 ita
1412 4585 1717 4655 nuncupari
1745 4587 1902 4654 quasi
1930 4586 2148 4640 diversa

2269 4595 2399 4663 παρ’
2419 4591 2605 4654 αὑτοῦ,
2641 4590 2894 4661 καθάπερ
2915 4586 3010 4644 οὖν
3042 4588 3238 4660 ἀμέλει
3265 4588 3362 4642 καὶ
3399 4590 3516 4651 τοῖς
3564 4586 3659 4654 τῆς
3687 4580 3813 4654 ῥίζης

580 4679 652 4732 sit
679 4677 1038 4734 substantia:
1082 4692 1186 4732 nec
1221 4676 1371 4731 enim
1396 4675 1449 4730 id
1473 4676 1589 4729 vult
1629 4675 1965 4745 signiﬁcare,
1998 4676 2160 4731 sicuti

580 4768 865 4836 diximus;
923 4768 1021 4825 sed
1068 4765 1362 4823 ostendere
1401 4764 1572 4819 voluit
1610 4772 1861 4818 naturam
1915 4764 2157 4819 divinam

582 4862 823 4918 radicem
872 4869 927 4917 et
959 4858 1294 4931 principium
1333 4856 1390 4911 in
1440 4856 1605 4928 862
1654 4856 1817 4912 nobis
1858 4855 2165 4910 fertilitatis

581 4955 767 5011 munis
830 4953 1103 5026 spiritalis
1123 4962 1222 5006 'ac
1276 4950 1443 5014 vitae,
1480 4965 1602 5020 quae
1641 4960 1839 5018 praeter
1889 4965 1951 5001 ea
2020 4948 2164 5002 bona

580 5063 706 5119 quas
738 5047 1002 5111 diximus,
1048 5046 1226 5101 instar
1252 5043 1507 5115 agricolae
1532 5042 1769 5112 largitur
1801 5050 1855 5097 et
1907 5040 2065 5096 offert
2096 5040 2165 5097 iis

583 5142 677 5211 qui
730 5155 827 5211 per
885 5138 1049 5195 fidem
1106 5136 1176 5193 ad
1240 5137 1393 5192 illius
1446 5135 1924 5205 participationem
1984 5136 2164 5189 vocati

585 5240 734 5298 sunt,
762 5248 952 5288 curam
982 5239 1038 5288 et
1078 5229 1478 5302 providentiam
1518 5227 1829 5283 charitalis.
1863 5227 2009 5282 Nihil
2036 5244 2168 5299 ergo

585 5328 749 5397 plane
787 5323 857 5381 ad
884 5324 1143 5383 essentia
1182 5322 1461 5377 rationem
1500 5320 1879 5390 exemplorum
1932 5321 2168 5377 dissimi-

587 5417 802 5475 litudo:
843 5433 947 5474 nec
976 5416 1124 5472 enim
1157 5408 1437 5468 Servatori
1477 5409 1700 5466 Christo
1738 5427 1885 5465 nunc
1927 5411 2170 5481 proposi—

585 5521 699 5568 tum
739 5519 827 5568 est
859 5514 928 5565 de
967 5510 1074 5564 hoc
1137 5503 1345 5574 aliquid
1402 5501 1609 5567 dicere,
1646 5502 1741 5558 sed
1778 5504 1945 5558 alium
2004 5504 2168 5559 habet

586 5619 814 5676 scopum
878 5602 1021 5656 ratio
1061 5599 1349 5655 doctrinae.
1392 5593 1597 5650 Verum
1639 5596 1899 5666 quoniam
1940 5596 2168 5652 demens

586 5699 678 5755 ille
704 5698 866 5755 solita
900 5711 1001 5750 sua
1034 5692 1340 5749 temeritate
1369 5705 1493 5761 quae
1522 5704 1694 5760 prava
1728 5700 1859 5744 sunt
1886 5691 2169 5760 amplecti-

590 5802 702 5857 tur,
742 5790 928 5860 aitque
969 5786 1174 5841 nullam
1221 5799 1345 5839 esse
1382 5782 1654 5837 rationein
1696 5797 1820 5851 qua:
1855 5782 1960 5836 lOci
2005 5782 2167 5851 hujus

598 5900 825 5956 scnputn
856 5899 884 5939 ιι
916 5889 1067 5938 recto
1108 5892 1275 5935 sensu
1308 5875 1589 5932 detortum
1635 5873 1701 5929 ad
1734 5875 2169 5931 incarnationem

2271 4680 2685 4754 προσπεφυκόσι
2718 4679 2965 4750 κλήμασι
3022 4677 3249 4747 ποιότης
3302 4675 3435 4748 παρ’
3465 4674 3650 4744 αὑτῆς.
3683 4667 3816 4722 Acr?»

2272 4775 2371 4845 μὲν
2404 4774 2515 4844 γὰρ
2548 4774 2605 4825 ἐν
2631 4773 2766 4842 ἡμῖν
2796 4772 2926 4834 πᾶν,
2965 4770 3108 4840 ὅπερ
3144 4767 3346 4839 ἔχομεν
3388 4765 3611 4834 ἀγαθὸν,
3641 4759 3743 4829 Θεῷ
3768 4756 3812 4809 δὲ

2267 4865 2471 4919 οὐκέτι·
2494 4863 2734 4935 ἔστιγὰρ
2761 4862 2925 4926 αὑτὸς
2954 4863 3011 4915 ἐν
3035 4848 3215 4931 ἐαυτῷ
3232 4860 3340 4915 τῶν
3364 4859 3512 4914 ἰδίων
3534 4858 3814 4917 πλεονεκτη-

2274 4957 2483 5028 μάτων,
2515 4955 2675 5027 δόξης
2704 4971 2766 5009 τε
2802 4948 2913 5008 καὶ
2963 4952 3237 5020 ἐξουσίας,
3270 4952 3371 5023 τῆς
3402 4950 3551 5022 αὑτῷ
3585 4946 3672 5003 καὶ
3695 4942 3811 5015 μόνῳ

2269 5048 2590 5123 πρεπούσης
2620 5048 2845 5120 ἔναρχος
2878 5047 3043 5120 ἀρχή.
3085 5046 3187 5101 Διὰ
3209 5045 3367 5099 τοῦτο
3398 5045 3497 5116 μὲν
3511 5032 3640 5116 ’ῥίζα
3658 5037 3811 5102 ὥσπερ

2270 5144 2366 5198 καὶ
2389 5143 2635 5215 ἄμπελος
2678 5143 2707 5195 ὁ
2761 5142 3017 5213 Χριστὸς,
3066 5140 3329 5211 κλήματα
3370 5139 3426 5192 δὲ
3467 5138 3638 5210 ἡμεῖς.
3678 5131 3731 5184 Ei
3763 5125 3807 5179 δὲ

2268 5234 2515 5307 γεωργὸν
2540 5232 2789 5304 ὠνόμασε
2819 5231 2911 5286 τὸν
2931 5230 3177 5301 Πατέρα,
3210 5228 3286 5301 μὴ
3320 5230 3479 5301 εἴπῃς
3504 5229 3575 5292 ὡς
3600 5217 3806 5293 ἑτεροού·

2272 5306 2407 5380 σιονί·
2447 5327 2509 5380 οὑ
2539 5326 2648 5397 γὰρ
2677 5323 2836 5378 τοῦτο
2873 5323 3113 5394 σημῆναι
3168 5320 3439 5390 βούλεται,
3474 5317 3709 5385 καθάπερ
3747 5308 3806 5360 εὶ·

2275 5422 2545 5492 ρήκαμεν·
2600 5419 2715 5472 ἀλλ’
2744 5417 3010 5484 ἐπιδεῖξαι
3059 5415 3294 5485 θελήσας
3352 5415 3433 5467 ὃτι
3478 5413 3568 5466 καὶ
3597 5407 3705 5480 ῥίζα
3732 5399 3805 5455 καὶ

2271 5491 2438 5584 ἀρχὴ,
2465 5513 2562 5582 τῆς
2619 5513 2676 5564 ἓν
2707 5512 2842 5582 ἡμῖν
2900 5507 3283 5582 καρποφορίας
3323 5491 3803 5584 πνευματικῆςκαὶ

2273 5583 2477 5673 ζωῆςὴ
2539 5601 2659 5654 θεία
2706 5600 2897 5669 γέγονε
2960 5596 3143 5667 φύσις,
3195 5596 3333 5667 πρὸς
3378 5597 3491 5657 τοῖς
3542 5583 3803 5673 εἰρημένοις

2273 5695 2519 5764 ἀγαθοῖς,
2552 5693 2627 5757 ὡς
2655 5694 2714 5744 ἐν
2744 5690 2997 5763 γεωργοὺ
3029 5706 3176 5751 τινος
3200 5688 3351 5753 τάξει
3381 5681 3709 5756 χαριζομένην
3732 5668 3801 5723 καὶ

2277 5788 2611 5859 ἐπιφέρουσα
2635 5788 2742 5848 τοῖς
2774 5786 2862 5838 διὰ
2894 5784 3131 5845 πίστεως
3174 5780 3532 5850 κεκλημένοις
3560 5776 3630 5834 εἰς
3649 5778 3798 5866 “om?

2276 5883 2393 5937 νέαν
2439 5880 2631 5949 αὖτῖς,
2687 5877 2781 5949 τὴν
2820 5875 3109 5945 ἐπίσκεψιν
3157 5873 3255 5943 τῆς
3291 5872 3524 5941 ἀγάπης.
3562 5862 3798 5921 osum»
