4056 6480
176 344 294 400 3H

1230 335 1300 393 IN
1336 333 1626 395 JOANNIS
1652 331 2106 391 EVANGELIUM
2144 335 2273 392 LIB.
2306 335 2376 392 Χ.

3357 334 3466 391 54S

177 458 301 529 ἄρα
354 454 639 520 παντελῶς
694 455 728 528 ἠ
775 453 883 508 τῶν
937 451 1396 525 παραδειγμάτων
1426 449 1779 522 ἀνομοιότης,
1811 473 1825 510 Α

1925 449 2090 503 χιιι-ἰειί
2130 447 2419 505 transferri
2463 449 2611 504 sinat
2642 462 2655 499 :
2700 461 2801 503 nec
2830 447 2978 502 enim
3009 447 3060 502 ei
3101 422 3332 518 corpore
3367 467 3466 506 nos

182 550 333 620 πρὸς
355 549 450 602 τὸν
497 548 601 618 τῆς
650 546 837 611 οὐσίας
867 545 979 612 ἕξει
1031 545 1206 613 λόγον·
1243 544 1306 596 οὐ
1357 543 1467 614 γὰρ
1498 542 1785 614 πρόκειται

1925 538 2215 607 onjunctos
2249 552 2414 602 esse,
2475 537 2570 594 sed
2630 552 2811 610 neque
2866 538 3152 609 apostolos
3207 546 3464 609 tanquam

182 643 314 695 νυνὶ
344 639 422 711 τῷ
445 639 661 711 Σωτῆρι
694 637 917 710 Χριστῷ
951 638 1081 709 περί¹
1115 636 1306 690 τούτου
1334 653 1388 688 τι
1437 634 1639 702 λέγειν,
1672 632 1785 687 ἀλλ’

1886 630 2143 700 palmites
2172 631 2225 685 in
2245 630 2449 687 Christi
2473 646 2707 701 corpore
2738 630 2931 696 fuisse,
2964 643 3064 685 nec
3093 629 3145 685 ei
3176 630 3281 685 hoc
3306 633 3469 687 modo

183 733 282 787 ἴτε
292 750 387 805 ρον
408 732 523 803 ἔχει
551 730 751 785 σκοπὸν
769 730 867 802 τῆς
888 728 1235 793 διδασκαλίας
1262 729 1290 781 ὀ
1319 726 1540 799 τρόπος.
1569 723 1788 795 Ἐπειδὴ

1925 721 2237 790 onjnnctos,
2273 723 2367 778 sed
2425 723 2624 778 allecto
2675 738 2741 780 ac
2776 722 2883 778 ﬁde
2908 722 3165 779 sincera:
3210 720 3467 794 agedum,

186 822 253 875 δὲ
280 822 467 890 λέγειν
501 823 531 875 6
569 820 875 893 παράφρων
901 821 967 873 ἐκ
994 818 1093 890 τῆς
1116 820 1344 889 ἐνούσης
1372 815 1522 887 αὐτῷ
1559 813 1789 868 δυσϐου-

1890 814 2085 884 paucis
2120 815 2184 868 ad
2223 814 2338 869 hac
2366 816 2827 886 respondeamus,
2857 813 3209 871 ostendentes
3230 829 3357 869 eum
3390 816 3444 868 in

188 912 323 977 λίας
358 912 429 966 τά
456 913 557 965 οὐκ
586 910 764 983 ὀρθῶς
793 910 984 981 ἔχοντα
1039 908 1311 980 βούλεται,
1370 906 1465 960 καί
1512 921 1677 976 φησιν
1709 903 1791 957 ὅτι

1925 906 2076 960 anire
2111 906 2351 976 penitus,
2390 920 2494 961 nec
2538 922 2823 963 sacrarum
2872 905 3205 961 Litterarum
3257 912 3472 960 rectum

190 1004 365 1074 λόγος
385 1004 561 1067 οὐδεὶς
587 1002 871 1075 ἐπιτρέψει
899 1001 998 1073 τῆς
1022 1001 1240 1065 εὐθείας
1259 1000 1451 1069 ὥσπερ
1475 996 1793 1064 ὲξέλκοντας

1925 1012 1993 1050 ,er
2030 997 2311 1054 insistere.

193 1099 295 1153 τὸν
350 1097 445 1151 τοῦ
499 1094 862 1168 προκειμένου
911 1093 1111 1149 σκοπὸν
1169 1091 1520 1164 περιτρέπειν
1571 1091 1651 1153 εἰς
1721 1088 1818 1160 τὴν
1891 1088 2415 1160 ἐνανθρώπησιντοῦ
2432 1089 2689 1162 Χριστοῦ·
2718 1088 2919 1161 οὐγὰρ
2952 1087 3305 1161 συνήφθημεν
3326 1085 3476 1158 αὐτῷ

197 1194 354 1249 κατά
378 1192 439 1247 τὸ
460 1191 650 1262 σῶμα,
691 1190 807 1244 ἀλλ’
839 1189 961 1243 οὐδέ
998 1186 1191 1259 ἔμενον
1245 1187 1294 1240 οἱ
1334 1184 1625 1240 ἀπόστολοι
1652 1224 1666 1249 ,
1716 1183 1792 1246 ὼς
1826 1182 2082 1253 κλήματα
2108 1183 2271 1253 τυχὸν
2301 1183 2358 1235 ἐν
2384 1181 2463 1253 τῷ
2491 1182 2706 1253 σώματι
2744 1181 2836 1235 τοῦ
2859 1183 3120 1254 Χριστοῦ,
3182 1180 3308 1235 οὐτε
3370 1180 3477 1252 μὴν

199 1287 361 1358 αὐτῷ
391 1286 534 1341 κατά
560 1282 750 1340 τοῦτον
782 1283 1117 1353 συνήπτοντο
1141 1279 1232 1334 τὸν
1254 1279 1432 1349 λόγον,
1463 1278 1600 1332 ἀλλά
1625 1275 1861 1331 διαθέσει
1900 1275 1996 1328 καὶ
2065 1274 2249 1328 πίστει
2309 1274 2616 1346 εἰλικρινεῖ,
2665 1274 2798 1345 φέρε
2861 1293 2913 1329 τι
2953 1274 3126 1347 βραχύ
3203 1276 3300 1329 καὶ⁵
3342 1273 3481 1346 πρὸς

199 1381 386 1435 ταῦτα
420 1379 688 1450 λέγωμεν,
717 1375 965 1447 πανταχῆ
989 1371 1294 1435 δεικνύντες
1326 1370 1679 1443 ἀφραίνοντα,
1698 1367 1794 1422 κα)⁵
1825 1366 1935 1419 τῶν
1969 1366 2129 1438 ίερῶν
2159 1366 2509 1438 Γραμμάτων
2554 1366 2654 1420 οὐκ
2689 1365 2835 1420 ίόντα
2863 1368 2984 1419 κατ’
3018 1366 3171 1420 εὐθύ.

280 1474 411 1526 Ὅτι
440 1470 541 1541 μὲν
572 1470 681 1543 γὰρ
702 1467 943 1522 διαθέσει
996 1467 1064 1536 τῇ
1111 1462 1380 1534 νοουμένῃ
1407 1462 1551 1516 κατά
1573 1460 1671 1531 τὴν
1708 1474 1802 1513 τε-

203 1568 365 1622 λείαν
400 1566 641 1637 ἀγάπην,
673 1563 805 1636 ὀρθῇ
838 1579 899 1615 τε
938 1562 1031 1615 καὶ
1074 1558 1420 1629 ἀδιαστρόφῳ
1451 1558 1653 1622 πίστει,
1678 1554 1801 1626 φιλ-

208 1660 399 1731 αρέτῳ
435 1674 494 1711 τε
532 1657 625 1711 καὶ
654 1655 940 1726 εἰλικρινεῖ
968 1650 1216 1723 λογισμῷ
1243 1649 1613 1721 συνενούμεθα
1635 1665 1802 1701 πνευ-

212 1750 468 1823 ματικῶς
492 1748 568 1820 τῷ
593 1746 835 1821 Χριστῷ,
855 1744 1106 1817 οὐδαμῶς
1134 1742 1498 1815 ἐξαρνήσεται
1530 1740 1637 1794 τῶν
1672 1739 1803 1812 παρ’

209 1847 354 1915 ἡμῖν
377 1842 664 1913 δογμάτων
686 1841 716 1894 6
742 1839 921 1907 λόγος·
944 1835 1170 1909 συνεροῦ
1179 1852 1281 1905 μεν
1322 1834 1431 1904 γὰρ
1461 1834 1542 1887 ὅτι
1570 1832 1635 1903 δὴ
1657 1831 1803 1903 μάλα

211 1936 379 1989 τοῦτό
412 1950 573 2003 φασιν
601 1931 796 2007 ὀρθῶς.
822 1930 896 1984 Τὸ
927 1928 986 1984 δέ
1028 1945 1093 1997 γε
1148 1927 1566 1998 καταθαρσῆσαι
1591 1924 1800 1993 λέγειν,

212 2029 295 2091 ὡς
325 2028 503 2090 οὐδεὶς
532 2027 660 2097 ἡμῖν
695 2022 988 2092 συναφείας
1019 2021 1119 2091 τῆς
1149 2021 1290 2075 κατά
1337 2020 1514 2091 σάρκα
1543 2016 1680 2089 πρὸς
1708 2016 1807 2069 αὐ-

212 2118 312 2171 τὸν
349 2121 377 2171 ὁ
405 2116 580 2185 λόγος,
630 2114 941 2186 ὁλοκλήρως
989 2111 1194 2183 ἀπᾷδον
1252 2113 1373 2175 ταῖς
1430 2107 1809 2170 θεοπνεύστοις

214 2212 468 2282 Γραφαῖς
494 2206 849 2277 ἐπιδείξομεν.
875 2204 1002 2269 Πῶς
1050 2205 1160 2276 γὰρ
1203 2204 1270 2258 ἂν
1294 2202 1621 2274 ἀμφίλογον,
1670 2200 1704 2272 ἢ
1727 2201 1810 2263 τίς

219 2303 289 2355 ἂν
322 2300 460 2364 ὅλως
486 2298 757 2353 ἐνδοιάσαι
786 2296 915 2351 ποτὲ
935 2295 1043 2350 τῶν
1071 2291 1132 2349 εὖ
1163 2296 1378 2367 φρονεῖν
1407 2292 1699 2354 εἰωθότων,
1736 2291 1812 2353 ὡς

220 2392 473 2462 ἄμπελος
531 2390 629 2462 μέν
666 2391 781 2442 ἐστι
831 2386 975 2442 κατά
1034 2385 1192 2440 τοῦτο
1238 2384 1498 2455 Χριστόςο
1558 2385 1720 2454 ἡμεῖς
1756 2381 1813 2434 δὲ

225 2484 529 2555 κλημάτων
579 2478 971 2543 ἀποτελοῦντες
1020 2478 1210 2550 σχῆμα
1246 2477 1345 2549 τὴν
1392 2477 1453 2541 ἐξ
1512 2474 1676 2528 αὐτοῦ
1721 2473 1816 2527 καὶ

229 2580 361 2649 παρ’
393 2574 561 2631 αὐτοῦ
594 2573 742 2648 ζωὴν
767 2573 848 2637 είς
873 2571 1071 2636 αὐτοὺς
1103 2568 1466 2642 κομιζόμεθα,
1498 2566 1678 2621 καίτοι
1718 2564 1814 2618 τοῦ

226 2670 447 2723 Παύλου
467 2668 738 2737 λέγοντος·
769 2686 787 2719 ι
816 2666 879 2720 Oi
906 2665 1017 2737 γὰρ
1039 2663 1240 2728 πάντες
1266 2663 1324 2717 ἓν
1364 2661 1527 2733 σῶμά
1564 2661 1733 2730 ἐσμεν
1759 2659 1818 2712 ἐν

225 2761 471 2835 Χριστῷ,
490 2763 572 2815 ὅτι
601 2755 680 2825 εἷς
702 2760 866 2832 ἄρτος
895 2759 945 2813 οἱ
978 2757 1159 2811 πολλοί
1191 2758 1377 2828 ἐσμεν·
1401 2757 1449 2808 οξ
1485 2753 1592 2826 γὰρ
1620 2752 1820 2813 πάντες

226 2859 296 2906 ἐκ
324 2852 419 2906 τοῦ
452 2851 569 2916 ένὸς
595 2851 758 2923 ἄρτου
785 2849 1106 2920 μετέχομεν.
1147 2868 1165 2900 ι
1200 2845 1420 2915 Λεγέτω
1451 2844 1561 2915 γάρ
1582 2860 1667 2906 τις
1688 2843 1821 2914 ἡμῖν

226 2944 333 3014 τὴν
366 2942 579 3008 αἰτίαν,
619 2942 716 2995 καὶ
752 2939 1052 2994 διδασκέτω
1100 2934 1388 3012 παρελθὼν
1424 2934 1524 3005 τῆς
1556 2932 1825 3003 μυστικῆς

228 3036 490 3106 εὐλογίας
519 3035 619 3108 τὴν
661 3034 910 3105 δύναμιν.
970 3032 1183 3087 Γίνεται
1223 3031 1332 3102 γὰρ
1378 3032 1436 3084 ἐν
1490 3030 1624 3101 ἡμῖν
1644 3027 1821 3095 διατί;

233 3125 363 3200 Ἀρ⁹
393 3127 517 3197 οὐχὶ
539 3127 634 3181 καὶ
664 3124 994 3196 σωματικῶς
1033 3127 1168 3196 ἡμῖν
1208 3121 1545 3187 ἐνοικίξουσα
1573 3120 1665 3173 τὸν
1691 3121 1825 3191 Χρι-

1969 1457 2085 1513 Nos
2111 1458 2315 1528 quippe
2344 1456 2543 1513 aﬂ‘ectu
2573 1456 2866 1512 charitatis
2912 1457 3192 1528 perfectae,
3223 1467 3482 1528 rectaque

1901 1560 1955 1605 et
1988 1549 2321 1605 inconcussa
2355 1549 2484 1613 tide,
2524 1555 2580 1603 et
2627 1549 2843 1605 sincera
2872 1564 2937 1605 ac
2976 1548 3203 1603 virtutis
3229 1550 3481 1605 studiosa

1902 1651 2089 1697 mente
2121 1642 2352 1698 Christo
2421 1643 2749 1712 spiritaliter
2797 1642 2968 1707 uniri,
3018 1653 3338 1699 nostrorum
3387 1644 3485 1699 do-

1904 1742 2154 1805 gmatum
2180 1734 2320 1789 ratio
2352 1734 2666 1790 nullatenus
2693 1732 3069 1789 inficiabitnr:
3108 1750 3210 1790 nos
3225 1736 3369 1790 enim
3402 1750 3486 1791 re-

1834 1861 1877 1916 Β
1904 1836 1993 1881 cte
2017 1826 2069 1880 id
2099 1841 2196 1882 eos
2232 1828 2433 1882 docere
2465 1824 2782 1880 fatebimur.
2810 1824 2967 1892 Quod
2995 1840 3126 1881 vero
3157 1824 3341 1881 dicere
3370 1826 3488 1881 ausi

1907 1925 2039 1973 sunt
2077 1918 2288 1971 nullam
2332 1930 2457 1972 esse
2499 1916 2662 1971 nobis
2702 1931 2828 1971 cum
2862 1931 2929 1971 eo
2958 1915 3205 1972 carnalis
3252 1915 3490 1986 conjun-

1908 2008 2111 2063 ctiouis
2142 2010 2437 2071 rationem,
2474 2008 2653 2063 sacris
2683 2006 2909 2063 Litteris
2936 2007 3238 2063 dissentire
3267 2008 3509 2078 penitus

1910 2101 2289 2157 ostendemus.
2320 2099 2457 2167 Quis
2504 2101 2650 2156 enim
2683 2116 2854 2156 sanus
2886 2101 3221 2156 dubitaverit
3249 2116 3491 2171 unquam

1910 2206 1975 2247 ea
2026 2192 2239 2247 ratione
2285 2191 2569 2247 Christum
2605 2206 2729 2248 esse
2760 2192 2951 2256 vitem,
2992 2206 3093 2247 nos
3135 2207 3264 2247 vero
3296 2191 3494 2263 palmi-

1913 2292 2027 2338 tum
2066 2283 2296 2339 t‘ormam
2342 2283 2668 2347 referentes,
2704 2283 2872 2337 vitam
2923 2297 2990 2338 ex
3041 2283 3160 2352 ipso
3189 2292 3237 2339 et
3277 2284 3346 2337 ab
3376 2283 3499 2353 ipse

1915 2374 1968 2428 in
2011 2389 2113 2429 nos
2144 2375 2386 2441 trahere,
2418 2389 2543 2430 cum
2591 2374 2796 2428 Paulus
2822 2373 3011 2429 dicat:
3047 2392 3065 2424 ι
3113 2372 3318 2429 Omnes
3352 2375 3510 2427 enim

1916 2479 2087 2517 unum
2118 2478 2320 2535 corpus
2349 2478 2543 2520 sumus
2577 2464 2633 2519 in
2667 2463 2913 2532 Christo,
2941 2465 3204 2534 quoniam
3235 2479 3379 2520 unus
3405 2480 3500 2534 pa-

1917 2573 2007 2611 nis
2040 2557 2199 2611 multi
2234 2573 2469 2613 sumus:
2512 2572 2703 2613 omnes
2740 2559 2886 2613 enim
2918 2558 2986 2613 de
3014 2573 3126 2613 uno
3156 2573 3295 2629 pane
3331 2558 3503 2628 parti-

1919 2648 2170 2718 eipamus
2202 2647 2291 2701 9"2'
2328 2668 2347 2700 ι
2382 2647 2539 2703 Dicat
2559 2648 2705 2704 enim
2741 2647 2902 2703 nobis
2938 2648 3139 2719 aliquis
3169 2662 3421 2710 causam,
3450 2656 3505 2701 et

1919 2739 2031 2794 vim
2076 2738 2310 2811 eulogia:
2359 2740 2609 2811 mystica:
2657 2740 2835 2795 obiter
2882 2740 3098 2795 doceat.
3125 2737 3271 2795 'Nam
3318 2755 3419 2795 cur
3450 2740 3503 2793 in

1925 2831 2086 2887 nobis
2116 2831 2424 2887 inseritur?
2452 2829 2647 2888 Nonne
2673 2842 2734 2887 ut
2771 2831 3054 2888 Christum
3083 2831 3396 2885 inhabitare
3431 2830 3507 2884 fa-

1925 2925 2038 2980 ciat
2068 2925 2123 2980 in
2151 2925 2334 2991 nobis,
2360 2924 2526 2981 etiam
2564 2924 2955 2996 corporaliter,
2991 2923 3425 2994 participatione
3452 2932 3507 2977 et

1926 3019 2313 3075 communione
2334 3028 2539 3075 sancta:
2561 3034 2677 3074 sua:
2711 3018 2938 3073 carnis?
2963 3015 3233 3071 Praeclare
3258 3013 3508 3085 quidem:

1930 3110 2123 3166 scribit
2152 3111 2298 3166 enim
2334 3109 2539 3165 Paulus
2563 3116 2756 3178 gentes
2779 3106 2958 3163 factas
2984 3120 3108 3161 esse
3144 3124 3163 3156 ‹
3201 3117 3511 3174 concorpo-

235 3196 365 3275 στδν
383 3196 689 3290 τῇμεθέξει
714 3218 810 3273 καὶ
832 3217 1088 3289 κοινωνίᾳ
1102 3216 1202 3287 τῆς
1222 3216 1385 3285 ἀγίας
1404 3212 1569 3268 αὐτοῦ
1587 3211 1787 3284 σαρκός
1808 3228 1825 3278 ;

1930 3204 2102 3268 rales,
2138 3210 2193 3259 et
2228 3200 2675 3273 comparticipes,
2708 3210 2763 3256 et
2796 3198 3112 3255 cohaeredes
3141 3196 3351 3253 Christi
3390 3197 3459 3250 9'.
3491 3214 3508 3247 ι

248 3311 395 3365 Ἀλλ’
422 3307 576 3381 οἶμαι
601 3309 780 3378 λέγειν
817 3308 1013 3381 ὀρθῶς·
1055 3307 1257 3379 γράφει
1287 3306 1396 3378 γὰρ
1430 3307 1459 3359 6
1497 3304 1708 3368 Παῦλος
1740 3320 1829 3372 γε-

236 3403 503 3473 γενῆσθαι
529 3403 597 3456 τὰ
630 3402 756 3473 έθνη
802 3420 820 3454 ι
861 3400 1146 3471 σύσσωμα,
1202 3400 1297 3454 καὶ
1355 3402 1701 3470 συμμέτοχα,
1737 3396 1831 3451 καὶ¹

242 3494 665 3567 συγκληρονόμα
692 3492 951 3567 Χριστοῦ.
985 3512 1003 3545 ι
1040 3492 1317 3563 Σύσσωμα
1360 3489 1656 3561 τοιγαροῦν
1687 3488 1832 3543 κατὰ

242 3590 398 3641 ποῖον
436 3586 723 3658 ἀπεφάνθη
756 3586 991 3658 τρόπον;
1032 3584 1364 3651 Ἀξιωθέντα
1398 3584 1509 3653 γὰρ
1541 3583 1833 3653 μετασχεῖν

243 3681 343 3750 τῆς
373 3678 626 3747 εὐλογίας
653 3680 750 3749 τῆς
805 3677 1095 3749 μυστικῆς,
1153 3676 1214 3729 ἓν
1245 3676 1382 3743 πρὸς
1433 3674 1598 3728 αὐτὸν
1643 3671 1835 3741 γέγονε

247 3772 433 3841 σῶμα,
457 3770 709 3842 καθάπερ
740 3769 932 3841 ἀμέλει
963 3772 1058 3824 καὶ
1084 3769 1193 3823 τῶν
1222 3767 1392 3837 ἁγίων
1437 3766 1671 3831 ἕκαστος
1700 3767 1837 3819 ἀπο-

252 3864 476 3917 στόλων.
514 3864 668 3917 Ἐπεὶ
692 3863 782 3917 διὰ
811 3863 971 3917 ποίαν
1003 3862 1181 3917 αίτίαν
1215 3860 1353 3932 μέλη
1381 3859 1477 3913 τοῦ
1500 3856 1739 3930 Χριστοῦ
1772 3858 1839 3911 τά

250 3958 452 4021 οἰκεῖα,
491 3956 692 4026 μᾶλλον
720 3954 779 4009 δὲ
822 3954 892 4008 τὰ
926 3955 1164 4019 πάντων,
1194 3952 1271 4016 ὡς
1290 3949 1457 4005 αὐτοῦ
1482 3950 1840 4019 κατωνόμασε

252 4051 433 4122 μέλη;
470 4049 677 4122 Γράφει
709 4047 817 4127 γὰρ
849 4045 1041 4110 οὕτως’
1069 4065 1089 4097 ι
1125 4046 1239 4099 Οὐκ
1262 4044 1463 4108 οἴδατε,
1494 4044 1576 4096 ὅτι
1600 4041 1669 4095 τά
1703 4040 1839 4111 μέλη

251 4142 433 4213 ὑμῶν,
467 4141 603 4213 μέλη
638 4138 877 4211 Χριστοῦ
902 4141 1082 4202 ἐστιν;
1119 4139 1293 4211 Ἀρας
1328 4131 1420 4191 οὖν
1455 4135 1526 4189 τὰ
1568 4135 1704 4205 μέλη
1747 4131 1841 4185 τοῦ

248 4234 518 4306 Χριστοῦ,
559 4232 773 4304 ποιήσω
805 4230 1014 4303 πόρνης
1043 4230 1212 4301 μέλη;
1241 4227 1335 4300 Μὴ
1365 4227 1594 4297 γένοιτο.
1619 4245 1637 4276 ι
1685 4223 1845 4278 Ἀλλὰ

247 4332 353 4385 καὶ
376 4328 542 4392 αὐτὸς
567 4328 597 4381 6
630 4326 841 4397 Σωτήρ·
890 4342 909 4377 ι
950 4325 1010 4378 '0
1050 4321 1279 4394 τρώγων
1335 4338 1438 4392 μου
1492 4319 1590 4391 τὴν
1626 4316 1845 4389 σάρκα,

248 4421 416 4492 φησι,
445 4419 538 4473 καὶ
564 4417 734 4473 πίνων
783 4432 884 4486 μου
941 4413 1004 4468 τὸ
1031 4409 1193 4484 αἷμα,
1220 4414 1277 4466 ἐν
1306 4410 1431 4482 ἐμοὶ
1468 4410 1643 4481 μένει,
1692 4404 1847 4476 κάγὼ

1931 3295 2371 3366 Concorporales
2421 3304 2605 3349 autem
2639 3307 2882 3363 quonam
2931 3291 3098 3346 modo
3143 3288 3302 3345 facta:
3345 3286 3517 3345 sunt?

1933 3386 2142 3458 Nempe
2181 3387 2412 3458 eulogia:
2446 3387 2693 3457 mystica:
2737 3383 3163 3455 participatione
3209 3382 3513 3445 honoratae,

1935 3495 2111 3534 unum
2149 3495 2272 3534 cum
2310 3493 2377 3534 eo
2423 3477 2581 3531 facta:
2626 3484 2757 3532 sunt
2805 3490 3034 3546 corpus,
3070 3476 3220 3531 sicut
3255 3484 3312 3531 et
3347 3488 3519 3528 unus—

1894 3611 1897 3615 -
1937 3571 2172 3642 quisque
2196 3576 2514 3624 sanctorum
2547 3567 2946 3638 apostolorum.
2974 3566 3217 3637 Alioqui,
3250 3581 3416 3637 quam
3449 3564 3524 3619 ob

1938 3674 2166 3715 causam
2219 3673 2338 3723 sua,
2384 3658 2496 3711 imo
2545 3657 2798 3712 omnium
2844 3655 3099 3710 membra
3181 3653 3348 3710 sicuti
3397 3668 3520 3716 sua,

1938 3748 2187 3805 membra
2234 3747 2441 3804 Christi
2498 3745 2889 3816 nuncupavit?
2938 3745 3033 3800 Sic
3087 3744 3237 3799 enim
3285 3743 3520 3800 scribit:

1946 3862 1965 3894 ι
1997 3838 2240 3897 Nescitis
2272 3837 2533 3910 quoniam
2565 3835 2731 3909 863
2765 3836 3013 3892 membra
3058 3845 3243 3891 vestra
3280 3833 3525 3890 membra

1942 3943 2073 3992 sunt
2117 3931 2373 3988 Christi?
2406 3929 2633 3986 Tollens
2674 3944 2807 4001 ergo
2853 3928 3099 3983 membra
3151 3925 3361 3982 Christi
3387 3964 3402 3989 ,
3442 3924 3527 3979 fa»-

1942 4029 2087 4083 ciam
2115 4024 2362 4081 membra
2396 4021 2752 4079 meretricis?
2782 4019 2942 4075 Absit
2964 4020 3048 4073 "l
3088 4038 3107 4071 ι
3141 4016 3249 4073 Sed
3273 4016 3539 4074 Servaton

1944 4121 2064 4192 ipse
2102 4135 2115 4171 :
2156 4138 2174 4170 ι
2219 4117 2324 4184 Qui
2374 4117 2675 4171 manducat
2716 4127 2895 4169 meam
2951 4126 3201 4177 carnem,
3242 4110 3445 4181 inquit,
3476 4119 3541 4165 et-

1945 4213 2083 4269 bibit
2126 4226 2308 4266 meum
2357 4208 2706 4280 sanguinem,
2734 4206 2791 4261 in
2835 4220 2924 4261 me
2972 4211 3181 4272 manet,
3232 4209 3287 4259 et
3330 4217 3431 4273 ego
3473 4201 3545 4256 itm

1948 4303 2044 4359 illo
2074 4303 2143 4357 ".
2183 4321 2202 4355 ι
2243 4299 2344 4355 llic
2394 4298 2543 4356 enim
2595 4297 3042 4353 animadvertere
3077 4305 3164 4350 est
3202 4307 3385 4365 operae
3414 4306 3537 4363 pre-

1952 4396 2116 4462 tium,
2165 4392 2447 4449 Cbristum
2481 4405 2592 4446 non
2631 4390 2822 4446 dicere
2854 4404 2915 4444 se
2955 4388 3241 4443 duntaxat
3278 4386 3333 4439 in
3373 4384 3537 4439 nobis

249 4475 333 4567 ένΙ
371 4475 541 4581 αὐτῷ.
586 4529 604 4562 ι
685 4475 905 4577 ἘΝ-γὰρ
948 4506 1014 4577 δὴ
1078 4475 1255 4575 τούτῳ
1318 4475 1554 4574 μάλιστα
1609 4500 1825 4554 κατιδεῖε

1952 4486 2202 4542 futurum
2244 4483 2547 4541 secundum
2580 4483 2904 4540 relationem
2944 4475 3240 4552 quamdam
3274 4476 3536 4530 allectus-

251 4608 437 4673 ἄξιον,
562 4558 625 4656 οὐ
643 4558 786 4655 κατα
807 4558 1014 4671 ’σξέσιν
1032 4597 1155 4651 τινὰ
1184 4558 1355 4667 μόνην
1387 4594 1485 4665 τὴν
1526 4595 1583 4646 ἐν
1609 4590 1825 4647 διαθέσε

1925 4577 1927 4592 ’
1952 4582 2083 4646 lem,
2110 4578 2206 4634 sed
2236 4585 2291 4633 et
2316 4590 2415 4649 per
2436 4574 2916 4645 participationem
2941 4568 3271 4626 naturalem.
3303 4565 3371 4621 Ut
3393 4567 3537 4620 enim

251 4657 561 4768 μένην
586 4696 644 4747 ὲν
674 4694 806 4765 ἡμῖν
831 4657 1051 4745 ἔσεσθαί
1070 4657 1236 4758 φησιν
1260 4688 1288 4739 ὀ
1309 4657 1566 4757 Χριστὸς,
1599 4682 1735 4737 ἀλλὰ
1756 4699 1825 4735 κα

1949 4674 1997 4731 si
2025 4672 2150 4743 quis
2180 4684 2367 4727 ceram
2412 4683 2554 4724 cerae
2584 4666 2835 4722 indutam
2874 4664 3003 4736 igne
3025 4659 3193 4717 simul
3225 4657 3539 4729 liquaverit,

438 4748 653 4860 μέθεξιν
671 4748 931 4855 φῦσικήν.
947 4748 1161 4851 ’Ὥσπερ
1182 4778 1291 4850 γάρ
1310 4748 1471 4839 εἷ’τις
1496 4775 1665 4847 κηρὸν
1682 4774 1825 4845 ἐτέρι

1949 4781 2122 4823 unum
2172 4762 2308 4836 quid
2358 4778 2427 4817 ex
2471 4758 2744 4816 ambobus
2791 4755 2977 4819 emcit,
3016 4754 3091 4807 ita
3140 4765 3239 4823 per
3290 4748 3543 4819 corporis

257 4838 879 4951 ξξᾷξνὲτᾷὲξᾷέκηρῷξ
927 4876 1025 4930 καὶ
1053 4838 1206 4946 πυρί
1248 4838 1687 4941 συγκατατηὲας,
1716 4838 1825 4921 ἓνυτ

1950 4856 2184 4923 Christi,
2211 4863 2265 4912 et
2298 4851 2528 4925 pretiosi
2562 4847 2855 4919 sanguinis
2895 4841 3390 4917 participationem
3424 4838 3543 4908 ipse

254 4976 327 5029 τὸ
354 4974 415 5038 ἐξ
438 4928 1001 5043 ἀμφοῖῦῖέρτγὲιξέται,
1042 4928 1188 5019 οὐτιω
1215 4964 1303 5019 διὰ
1328 4928 1447 5033 ’τῆς
1497 4928 1824 5031 μέταλῆψεω

1955 4948 2182 5022 quidem
2233 4947 2292 5002 in
2333 4946 2515 5012 nobis,
2572 4958 2675 4998 nos
2710 4949 2897 4996 autem
2930 4951 3127 4992 rursus
3162 4935 3218 4988 in
3262 4948 3329 4989 eo
3378 4928 3542 4988 simul

261 5066 368 5120 τοῦ
413 5065 668 5136 σώματος
700 5062 794 5116 τοῦ
834 5057 1096 5131 Χριστοῦ,
1127 5057 1225 5110 καὶ
1260 5055 1356 5109 τοῦ
1384 5052 1565 5123 τιμίου
1598 5054 1861 5123 αἵματος,

267 5157 440 5220 αὐτὸς
476 5156 574 5229 μὲν
598 5158 655 5209 ἐν
683 5155 836 5227 ἡμῖν,
894 5152 1060 5224 ἡμεῖς
1083 5149 1141 5203 δέ
1172 5144 1240 5202 αὖ
1269 5149 1432 5203 πάλιν
1461 5148 1519 5201 ἐν
1553 5144 1702 5217 αὐτῷ
1737 5162 1864 5199 συν-

264 5250 563 5321 ενούμεθα.
590 5250 665 5303 Οὐ
693 5249 802 5321 γὰρ
825 5243 895 5316 ἦν
922 5246 1129 5317 ἑτέρως
1148 5239 1554 5311 ζωοποιηθῆναι
1582 5236 1864 5300 δύνασθαι,

1963 5046 2211 5101 unimur.
2246 5040 2359 5096 Nec
2388 5039 2533 5095 enim
2567 5038 2726 5091 aliter
2752 5031 3017 5089 vivificari
3052 5036 3235 5103 potest
3261 5027 3409 5099 quod
3444 5042 3547 5079 na—

1964 5144 2091 5191 tura
2142 5149 2242 5189 sua
2300 5140 2387 5187 est
2430 5128 2825 5199 corruptibile,
2878 5138 3045 5196 quam
3098 5122 3147 5177 si
3182 5118 3549 5191 corporaliter

1964 5229 2180 5284 unitum
2229 5226 2302 5281 sit
2350 5224 2569 5295 corpori
2615 5221 2739 5290 ejus
2795 5219 2889 5288 qui
2941 5215 3251 5272 secundum
3293 5222 3547 5266 naturam

263 5300 680 5412 capacity—sedat
704 5300 974 5409 scapu'xbg,
1006 5300 1055 5389 et
1203 5300 1512 5401 συνεπλάκη
1539 5325 1825 5399 σωματικιῖ

1968 5335 2125 5377 suam
2178 5327 2265 5373 est
2298 5317 2429 5379 vita,
2479 5315 2584 5368 hoc
2632 5318 2719 5368 est
2755 5308 3058 5379 Unigeniti.
3094 5303 3252 5372 Quod
3309 5303 3357 5358 si
3412 5300 3550 5355 meis

265 5434 354 5503 τῷ
386 5434 601 5503 σώματι
631 5432 733 5501 τῆς
781 5430 926 5484 κατά
980 5429 1143 5498 φύσιν
1199 5424 1368 5494 ζωῆς,
1414 5422 1559 5475 τοῦτ’
1600 5421 1739 5483 ἔστι,
1767 5434 1825 5472 το

1971 5411 2155 5468 verbis
2190 5407 2514 5480 persuaderi
2555 5414 2609 5459 te
2660 5419 2771 5459 non
2810 5401 2973 5463 sinis,
3016 5398 3123 5469 ipsi
3171 5395 3397 5451 Christo
3443 5395 3554 5444 cla-

269 5523 636 5593 Μενογενοῦς.
680 5523 790 5575 Καὶ
813 5522 862 5574 εί
893 5519 968 5592 μὴ
997 5522 1111 5582 τοῖς
1140 5517 1294 5587 ἐμοῖς
1324 5511 1632 5584 καταπείθῃ
1661 5509 1862 5578 λόγοις,

270 5616 463 5677 ἐπίδος
492 5614 589 5684 τὴν
644 5613 828 5666 πίστιν
881 5609 1030 5680 αὐτῷ
1054 5606 1246 5678 βοῶντι
1298 5602 1546 5673 Χριστῷ·
1595 5619 1612 5651 ι
1656 5601 1862 5669 Ἀμὴν,

352 5799 401 5831 ⁹⁹
446 5796 461 5851 |
500 5798 629 5853 Cor.
669 5813 697 5850 κ
739 5838 751 5863 ,
788 5797 877 5851 17.
955 5798 995 5829 θ’
1044 5793 1246 5864 Ephcs.
1286 5800 1380 5856 ιιι,
1415 5788 1469 5842 6.

1971 5503 2143 5558 manti
2192 5500 2352 5555 tidem
2402 5497 2639 5552 adhibe:
2679 5515 2696 5547 ι
2738 5496 2933 5556 Amen,
2978 5505 3137 5545 amen
3193 5488 3318 5541 dico
3354 5482 3548 5538 vobis:

1974 5596 2082 5651 nisi
2116 5590 2576 5648 manducaveritis
2608 5601 2831 5645 carnem
2857 5582 2981 5638 Filii
3013 5579 3277 5647 hominis,
3304 5583 3360 5633 et
3401 5572 3554 5629 bibe-

1550 5788 1597 5817 "
1642 5784 1659 5839 Ι
1701 5788 1825 5842 Cor.
1860 5795 1952 5847 \‘I,
2017 5780 2102 5835 15.
2176 5778 2222 5811 ⁸³
2259 5774 2419 5831 Joan.
2469 5789 2561 5839 Vt,
2608 5771 2695 5827 56.
