4056 6494
610 347 717 407 διδ

1655 336 1716 399 5.
1738 341 2022 399 CYRI‘LLE
2060 338 2533 396 ALEXANDBINI
2566 337 2883 395 ARCHIEP.
3746 354 3819 413 ιη

608 463 733 520 ritis
783 460 909 533 ejus
949 461 1299 535 sanguinem,
1331 476 1440 517 non
1477 459 1758 517 habebitis
1787 460 1958 515 vitam
2002 459 2062 514 in
2100 473 2197 513 vo-

2313 455 2445 539 ὶμήν
2468 455 2612 525 λέγω
2642 456 2793 527 ὑμῖν,
2824 456 2920 511 ἐὰν
2952 454 3026 527 μὴ
3064 455 3272 527 φάγητε
3302 456 3407 527 τήν
3440 457 3614 529 σάρκα
3633 462 3818 525 acim

610 558 718 613 bis.
760 554 862 623 Qui
913 554 1062 612 enim
1108 554 1405 610 manducat
1450 567 1628 609 meam
1677 566 1927 617 carnem,
1963 558 2019 608 et
2058 549 2198 605 bibit

612 661 792 702 meum
829 647 1178 719 sanguinem,
1214 645 1374 701 habet
1423 644 1593 700 vitam
1641 651 1943 700 aeternam:
1990 651 2048 698 et
2095 653 2204 711 ego

616 740 960 796 resuscitabo
982 755 1108 796 eum
1137 739 1191 793 in
1222 737 1533 794 novissimo
1565 735 1659 793 die
1685 735 1755 790 ’⁵.
1796 754 1814 788 ι
1858 732 2035 788 Audis
2072 746 2198 788 eum

614 840 805 905 aperte
829 833 1221 904 praedicantem
1261 829 1436 901 quod,
1472 830 1584 886 nisi
1619 842 1847 885 carnem
1891 825 2014 897 ejus
2044 839 2203 881 man-

616 926 1002 982 ducavorimus
1029 934 1084 981 et
1117 923 1421 979 biberimus
1444 923 1568 992 ejus
1593 920 1945 992 sanguinem,
1964 932 2074 974 non
2101 917 2207 972 ha-

618 1017 783 1072 bituri
812 1017 987 1073 simus
1017 1017 1072 1071 in
1100 1015 1281 1079 nobis,
1314 1015 1424 1071 hoc
1453 1024 1536 1071 est
1561 1015 1616 1069 in
1638 1013 1865 1084 propria
1898 1026 2089 1076 carne,
2120 1008 2207 1064 vi-

618 1115 730 1160 tam
760 1106 1060 1160 aeternam?
1088 1104 1320 1161 Eterna
1354 1114 1538 1160 autem
1572 1106 1685 1160 vita
1711 1104 1839 1174 jure
1887 1100 2215 1159 censebitur

626 1190 757 1231 caro
791 1178 932 1245 vitae,
973 1179 1079 1234 hoc
1121 1187 1206 1236 est
1243 1178 1542 1252 Unigeniti.
1576 1178 1703 1238 Haec
1734 1196 1866 1238 vero
1894 1196 2005 1252 quo
2038 1190 2201 1252 pacto

628 1281 726 1323 nos
765 1268 817 1323 in
850 1276 1094 1326 extrema
1132 1270 1221 1327 die
1245 1273 1502 1338 suscitet,
1536 1273 1727 1330 audies
1772 1281 1832 1328 tu
1877 1282 2029 1330 certe
2076 1275 2201 1344 qui-

623 1358 769 1425 dem,
787 1375 885 1432 ego
902 1376 1030 1418 vero
1054 1361 1261 1420 referre
1282 1380 1395 1420 non
1416 1366 1708 1435 gravabor.
1731 1363 2029 1436 Postquam
2055 1364 2199 1420 facta

623 1458 712 1505 est
740 1467 872 1507 caro
898 1454 1040 1519 vitae,
1074 1454 1179 1510 hoc
1207 1463 1291 1511 est
1319 1455 1483 1512 Verbi
1514 1458 1661 1528 quod
1695 1471 1759 1512 ex
1793 1455 1904 1512 Deo
1956 1464 2011 1518 ct
2041 1455 2201 1511 Patre

622 1541 850 1610 cllulsit,
882 1544 950 1599 ad
996 1547 1119 1601 vitae
1154 1547 1263 1602 vim
1297 1548 1537 1612 transiit,
1575 1564 1675 1603 nec
1718 1546 1832 1604 ﬁeri
1872 1555 2052 1618 potest
2081 1555 2141 1602 ut
2169 1562 2200 1602 a

626 1643 805 1690 morte
842 1636 950 1691 vita
981 1637 1252 1694 vincatur.
1283 1638 1739 1710 Quandoquidem
1778 1654 1917 1711 ergo
1944 1639 2087 1694 facta
2117 1648 2203 1695 est

629 1727 684 1781 in
716 1726 875 1782 nobis
907 1728 1039 1792 vita,
1066 1730 1287 1785 vincula
1316 1731 1514 1787 mortis
1552 1745 1898 1803 nequaquam
1937 1731 2197 1801 patietur,

2302 547 2398 602 τοῦ
2424 545 2737 619 ἀνθρώπου,
2768 547 2863 601 καὶ
2890 546 3050 619 πίητε
3084 548 3246 602 αὑτοῦ
3273 550 3340 604 τὸ
3369 542 3532 620 αἷμα,
3582 552 3673 606 οὐκ
3717 556 3821 628 ἔχετε

2304 636 2450 710 ζωὴν
2483 640 2542 693 ἐν
2562 639 2764 702 αὐτοῖς.
2798 640 2865 693 ‘0
2886 640 3115 711 τρώγων
3152 659 3251 711 μου
3278 642 3385 713 τὴν
3439 642 3629 714 σάρκα,
3658 649 3735 702 καὶ
3765 654 3824 705 πί.

2304 746 2412 783 νων
2438 746 2540 801 μου
2565 728 2627 783 τὸ
2660 725 2820 801 αἷμα,
2841 729 2951 801 ἔχει
2979 730 3123 802 ζωὴν
3149 732 3389 789 αίώνιοψ
3418 734 3573 802 κάγὼ
3600 737 3825 810 άναστήςω

2304 821 2469 877 αὐτὸν
2495 824 2555 877 ὲν
2604 826 2670 894 τῇ
2725 823 2927 896 ἐσχάτῃ
2978 826 3223 897 ἡμέρᾳ.»
3271 825 3521 889 Ἀκούεις
3557 827 3651 897 ήδη
3694 829 3826 886 λοιπὸν

2305 911 2555 986 ἐναργῶς
2577 915 2877 978 διειπόντος
2932 914 3118 982 αὐτοῦ,
3148 916 3225 981 ὡς
3262 916 3332 973 ἂν
3368 916 3447 991 μὴ
3495 917 3733 990 φάγωμεν
3761 927 3826 995 τήν

2308 1002 2487 1076 σάρκα
2511 1002 2698 1066 αὐτοῦ,
2748 1004 2844 1058 καὶ
2903 1005 3119 1077 πίωμεν
3171 1008 3232 1060 τὸ
3264 1002 3431 1078 αἷμα,
3467 1007 3566 1061 οὐκ
3612 1008 3773 1080 ἔχομεν
3790 1016 3828 1069 ὲν

2306 1094 2540 1160 ἑαυτοῖς,
2568 1093 2712 1148 τοῦτ’
2739 1092 2904 1159 ἔστιν,
2943 1098 3001 1149 ὲν
3040 1098 3105 1167 τῇ
3155 1097 3259 1169 lota
3292 1096 3463 1168 σαρκὶ
3480 1095 3618 1169 ζωήν
3636 1100 3829 1172 αίὼνιονς

2305 1184 2543 1256 Νοηθείη
2566 1185 2611 1239 δ’
2648 1184 2713 1239 ἄν
2736 1187 2770 1256 ή
2802 1184 3021 1251 αίῶνιος
3050 1185 3198 1258 ζωή,
3254 1187 3354 1241 καὶ
3391 1187 3539 1257 μάλα
3583 1187 3827 1263 δικαίως,ή

2308 1276 2446 1349 σὰρξ
2470 1277 2572 1347 τῆς
2600 1276 2770 1348 ζωῆς,
2822 1278 2967 1332 τοῦτ’
2997 1276 3134 1341 ἔστι,
3183 1277 3279 1333 τοῦ
3336 1279 3688 1347 Μονογενοῦς.
3723 1284 3830 1356 Αὕτη

2304 1366 2363 1421 δὲ
2392 1368 2539 1439 ἡμᾶς
2564 1368 2844 1440 ἀνίστησιν
2888 1369 2945 1422 ὲν
2979 1370 3044 1441 τῇ
3076 1368 3285 1441 ἐσχάτῃ
3335 1370 3546 1442 ἡμέρᾳ,
3580 1370 3831 1441 πῶςήτίνα

2306 1459 2507 1531 τρόπον
2560 1459 2772 1533 ἀκούσῃ
2805 1461 2905 1531 μὲν
2938 1460 3001 1533 δή
3043 1477 3145 1515 που
3201 1462 3456 1527 πάντως,
3490 1459 3599 1529 ἐγὼ
3625 1461 3677 1517 δὲ
3704 1468 3831 1521 εἰπεῖν

2306 1550 2407 1604 οὐκ
2431 1551 2666 1621 ὀκνήσω.
2704 1550 2922 1622 Ἐπειδή
2975 1552 3082 1624 γὰρ
3139 1551 3277 1623 σὰρξ
3320 1550 3542 1619 ἐγένετο
3568 1550 3663 1621 τῆς
3698 1552 3831 1624 ζωῆς.

2305 1640 2457 1695 τοῦτ’
2478 1640 2615 1706 ἔστι,
2644 1642 2741 1696 τοῦ
2772 1643 2837 1697 ὲκ
2870 1641 3009 1696 Θεοῦ
3061 1645 3157 1698 καὶ
3215 1645 3437 1714 Πατρὸς
3481 1643 3831 1715 ἀναλάμψαντος

2307 1731 2504 1800 Λόγου,
2539 1733 2677 1803 πρὸς
2705 1733 2803 1803 τὴν
2832 1733 2933 1803 τῆς
2969 1732 3115 1805 ζωῆς
3139 1733 3500 1804 μετεχώρησε
3528 1734 3751 1806 δύναμιν,
3767 1740 3832 1792 καὶ

628 1817 726 1873 sed
752 1820 1162 1890 corruptionem
1191 1822 1381 1892 utique
1411 1822 1719 1892 superabit,
1749 1835 1877 1876 cum
1905 1836 1968 1877 ea
1989 1836 2111 1891 qua:
2135 1835 2203 1876 ex

2313 1822 2421 1877 [στι
2442 1821 2554 1877 τῶν
2578 1823 2876 1893 ἀμηχάνων
2898 1823 3113 1894 θανάτῳ
3140 1824 3405 1878 νικᾶσθαι
3426 1824 3528 1894 τὴν
3558 1822 3709 1894 ζωήν.
3730 1828 3833 1881 Οὔκ·

627 1911 987 1981 corruptione
1019 1922 1242 1967 manent
1281 1915 1557 1969 sustinere
1586 1913 1818 1970 nesciat.
1853 1931 1874 1965 ι
1912 1910 2025 1967 Νεε
2058 1911 2210 1967 enim

624 2003 909 2072 corruptio
929 2004 1355 2075 incorruptelam
1378 2005 1702 2075 possidebit,
1718 2024 1736 2057 ι
1760 2004 1917 2075 juxta
1936 2003 2090 2057 Pauli
2112 2019 2206 2057 vo-

627 2108 745 2148 cem
768 2093 837 2149 ’⁸.
855 2091 990 2148 Nam
1022 2110 1147 2150 cum
1170 2095 1425 2152 Christus
1450 2096 1798 2166 potissimum
1827 2094 2008 2150 dicat:
2041 2115 2057 2146 ι
2096 2093 2207 2166 Ego

626 2182 909 2239 suscitabo
934 2196 1083 2249 eum,
1123 2203 1142 2237 ι
1174 2200 1523 2256 nequaquam
1565 2186 1632 2241 ad
1669 2202 1896 2241 carnem
1932 2200 2090 2240 suam
2120 2201 2206 2240 re-

625 2276 736 2329 fert
761 2281 1009 2330 mortuos
1038 2276 1345 2332 suscitandi
1371 2285 1717 2348 potestatem.
1740 2277 1847 2334 Sed
1877 2294 2005 2334 cum
2036 2294 2206 2333 unum

625 2366 701 2419 sit
736 2381 864 2421 cum
896 2381 1063 2421 carne
1092 2382 1192 2422 sua
1225 2367 1320 2437 qui
1353 2369 1408 2422 in
1435 2384 1499 2423 ca
1531 2375 1616 2425 est
1659 2368 1803 2425 Deus
1840 2367 2111 2433 Verbum,
2142 2369 2209 2423 il-

626 2456 720 2512 lud
750 2474 846 2528 ego
880 2458 979 2523 ait,
1013 2458 1183 2529 idque
1219 2459 1556 2516 rectissime.
1610 2458 1723 2517 Nec
1771 2461 1918 2516 enim
1953 2461 2209 2518 Christus

624 2547 683 2601 iu
718 2548 858 2604 duos
889 2548 1030 2605 ﬁlios
1054 2548 1351 2617 scinditur,
1384 2566 1485 2606 nec
1510 2550 1749 2606 alienum
1782 2566 1907 2608 esse
1944 2552 2013 2607 ab
2068 2552 2209 2608 Uni-

620 2638 816 2709 ς,εηίιο
853 2655 1055 2712 corpus
1096 2642 1216 2711 ejus
1264 2643 1559 2713 quisquam
1599 2645 1898 2715 putaverit,
1938 2643 2209 2715 quemad-

625 2730 851 2785 modum
898 2746 1092 2802 nempe
1128 2740 1184 2788 et
1228 2748 1263 2786 a
1312 2743 1503 2789 nostra
1535 2733 1725 2789 anima
1749 2748 1933 2797 nemo,
1965 2742 2027 2788 ut
2058 2750 2215 2798 reor,

628 2823 871 2878 alienum
904 2838 1111 2894 corpus
1144 2825 1269 2895 ejus
1292 2841 1417 2883 esse
1449 2826 1613 2881 dicet.
1643 2824 1783 2881 Cum
1816 2826 1985 2898 igitur
2020 2842 2088 2882 ex
2124 2827 2209 2883 his

629 2913 1074 2969 demonstratum
1113 2914 1275 2969 nobis
1320 2915 1392 2969 sit
1450 2914 1616 2969 vitem
1652 2913 1873 2983 quidem
1918 2914 2089 2987 865
2127 2915 2215 2972 id-

630 3007 780 3059 circo
802 3004 1092 3061 Christum
1132 3020 1278 3069 esse,
1304 3022 1409 3062 nos
1437 3021 1570 3062 vero
1596 3008 1872 3078 palmites,
1904 3017 2093 3078 utpote
2115 3007 2207 3077 qui

631 3099 755 3169 ejus
781 3098 1193 3168 participationi
1222 3114 1330 3152 non
1363 3098 1601 3168 spiritali
1637 3098 1993 3163 tantum,sed
2011 3107 2066 3154 et
2090 3114 2215 3154 cor-

632 3191 810 3261 porali
840 3191 1208 3256 adliceremus,
1246 3190 1378 3261 quid
1418 3191 1472 3245 in
1503 3205 1607 3247 nos
1651 3189 1852 3247 frustra
1881 3190 2219 3257 deblaterat,

630 3284 825 3339 dicens
857 3298 925 3338 ex
958 3296 1024 3337 eo
1049 3282 1196 3351 quod
1227 3297 1334 3337 non
1365 3282 1750 3352 corporaliter,
1779 3281 1877 3338 sed
1907 3281 2011 3338 ﬁde
2032 3283 2219 3353 potius

631 3380 689 3427 et
721 3371 919 3427 aﬂectu
972 3371 1230 3443 legitima:
1261 3371 1555 3426 charitatis
1587 3371 1634 3427 ei
1686 3371 2055 3437 adlueremus,
2088 3388 2215 3428 car-

633 3478 763 3520 nem
811 3478 967 3519 suam
1009 3463 1222 3519 idcirco
1252 3463 1416 3518 vitem
1463 3479 1572 3517 non
1609 3464 1952 3531 nominasse,
1993 3464 2088 3522 sed
2120 3480 2219 3536 po-

637 3555 751 3612 tius
783 3555 1080 3613 deitatem?

2306 1914 2401 1968 οῦν
2437 1914 2669 1985 ἐπείπερ
2697 1915 2755 1967 ὲν
2786 1914 2918 1986 ημῖν
2945 1915 3174 1983 γέγονεν
3201 1916 3234 1985 ή
3265 1914 3380 1984 ζωὴ
3403 1955 3420 1978 ,
3455 1915 3567 1969 τῶν
3611 1917 3694 1970 τοῦ
3719 1917 3835 1974 θανά.

2304 2021 2399 2057 του
2420 2002 2636 2074 δεσμῶν
2666 2002 2768 2057 οὔκ
2823 2002 3114 2070 ἀνέξεται,
3177 2004 3393 2075 νικήσει
3443 2004 3503 2058 δὲ
3539 2005 3733 2069 πάντως
3763 2009 3834 2077 τὴν

2305 2092 2536 2165 φθορὰν,
2578 2094 2813 2165 ἐπείπερ
2842 2094 2943 2148 οὐκ
2979 2087 3089 2148 οίδε
3151 2093 3221 2149 τά
3266 2096 3327 2159 ἐξ
3381 2093 3554 2164 αὐτῆς
3576 2095 3833 2165 ὑπομένειν.

2314 2203 2333 2237 ι
2373 2186 2448 2238 Οὐ
2474 2184 2582 2255 γὰρ
2605 2186 2638 2257 ή
2662 2185 2839 2255 φθορὰ
2862 2185 2964 2256 τὴν
2994 2185 3309 2257 ἀφθαρσίαν
3344 2185 3683 2257 κληρονομεῖ,
3701 2188 3837 2243 »κατὰ

2306 2277 2405 2349 τὴν
2442 2275 2539 2330 τοῦ
2573 2276 2788 2331 Παύλου
2840 2279 3047 2348 φωνήν.
3106 2276 3171 2330 EI
3208 2277 3319 2349 γὰρ
3363 2278 3463 2331 καὶ⁵
3517 2277 3597 2331 ὅτι
3652 2279 3837 2348 μάλιστα

2307 2370 2563 2443 Χριστὸς,
2606 2388 2625 2421 ι
2674 2369 2837 2439 Ἐγὼ,
2891 2370 3077 2442 φησιν,
3115 2370 3413 2442 ἀναστήσω
3465 2367 3649 2433 αὐτὸν,
3685 2388 3702 2422 ι
3750 2371 3835 2441 οὐχί

2311 2463 2448 2533 μόνῃ
2463 2463 2529 2533 τῇ
2560 2461 2669 2533 ίδίᾳ
2688 2461 3031 2535 περιτέθεικε
3064 2463 3225 2533 σαρκὶ
3252 2462 3315 2516 τὸ
3334 2461 3602 2516 δύνασθαι
3615 2462 3841 2533 διανιστᾷν

2307 2554 2434 2616 τοὺς
2471 2552 2929 2623 κεκοιμημένους,
2945 2552 3060 2606 ἀλλ’
3083 2550 3141 2607 ἒν
3175 2548 3445 2624 ὑπάρχων
3476 2550 3613 2622 μετὰ
3634 2552 3720 2624 τῆς
3738 2552 3839 2616 ίδίας

2309 2642 2511 2715 σαρκὸς
2533 2643 2561 2695 ό
2598 2644 2655 2696 ὲν
2683 2644 2821 2714 αὐτῇ
2851 2641 2984 2706 Θεὸς
3006 2642 3196 2711 Λόγος,
3222 2641 3285 2696 τδ
3314 2641 3439 2712 ἐγὼ
3473 2643 3620 2712 φησι,
3654 2643 3734 2695 καὶ
3748 2641 3839 2696 λίαν

2309 2732 2503 2803 ὀρθῶς.
2540 2734 2617 2787 Οὐ
2646 2734 2754 2804 γὰρ
2791 2734 2871 2798 είς
2918 2729 3051 2788 υίῶν
3103 2734 3273 2788 δυάδα
3316 2734 3581 2803 τέμνεται
3621 2731 3838 2802 Χριστὸς,

2308 2824 2434 2879 οὔτε
2460 2824 2565 2897 μὴν
2593 2825 2873 2897 ἀλλότριον
2896 2823 2990 2879 τοῦ
3025 2824 3365 2895 Μονογενοῦς
3398 2825 3683 2895 ὕπονοήσαι
3703 2841 3773 2887 τις
3792 2823 3840 2877 ἃν

2309 2914 2371 2969 τὸ
2398 2914 2558 2985 σῶμα
2593 2914 2780 2978 αὐτοῦ,
2805 2914 2994 2986 ὥσπερ
3014 2909 3108 2968 οὖν
3135 2914 3468 2985 ἀμέλει,καὶ
3500 2913 3595 2982 τῆς
3620 2910 3841 2982 ἡμετέρας

2309 3006 2505 3077 ψυχῆς,
2523 3007 2624 3060 οὐκ
2647 3006 2732 3071 ἂν,
2756 3000 2934 3077 οἶμαι,
2951 3007 3035 3069 τὶς
3058 3006 3335 3076 ἀλλότριον
3366 3005 3629 3075 προσερεῖ
3645 3002 3700 3055 τὸ
3720 3000 3841 3071 σῶμα

2312 3096 2503 3164 αὐτῆς.
2541 3096 2669 3148 Ὅτε
2702 3095 2902 3161 τοίνυν,
2934 3095 3029 3148 καὶ
3065 3094 3153 3149 διὰ
3184 3094 3390 3147 τούτων
3425 3094 3557 3164 ἡμῖν
3584 3091 3843 3158 ἀναπέφαν-

2312 3207 2403 3244 ται
2437 3188 2547 3241 τῶν
2587 3187 2981 3259 θεωρημάτων.
3013 3186 3256 3257 ἄμπελος
3312 3185 3417 3256 μὲν
3471 3182 3716 3253 ὑπάρχων
3738 3180 3841 3233 κατὰ

2312 3284 2469 3337 τοῦτο
2532 3284 2788 3355 Χριστὸς,
2823 3284 3084 3357 κλήματα
3114 3285 3172 3339 δὲ
3218 3286 3400 3355 ἡμεῖς,
3443 3284 3539 3338 ἄτε
3582 3283 3643 3353 δὴ
3673 3280 3844 3349 καὶτῆς

2313 3375 2450 3447 πρὸς
2489 3376 2650 3429 αὐτὸν
2685 3376 2937 3446 ἐχόμενοι
2992 3374 3312 3442 κοινωνίας,
3356 3376 3485 3447 οὐχὶ
3518 3376 3670 3445 μόνον
3716 3389 3845 3426 πνευ-

2315 3468 2572 3539 ματικῆς,
2614 3468 2751 3523 ἀλλά
2772 3470 2868 3523 καὶ
2890 3469 3228 3541 σωματικῆςο
3255 3467 3312 3523 τί
3342 3469 3525 3541 μάτην
3544 3468 3689 3537 ἡμῶν
3717 3482 3845 3519 καταο

2314 3558 2564 3628 φλυαρεῖ,
2606 3560 2779 3629 λέγων
2800 3561 2876 3624 ὡς
2900 3561 3133 3631 ἐπείπερ
3170 3559 3232 3613 οὐ
3287 3560 3616 3630 σωματικῶς
3635 3559 3720 3627 τῆς
3742 3555 3845 3627 πρὸς

636 3646 801 3701 αὑτὸν
834 3648 1117 3712 κοινωνίας
1172 3648 1483 3720 ἐξήμμεθα.
1533 3651 1715 3703 πίστει
1769 3650 1823 3704 δὲ
1860 3651 2080 3721 μᾶλλον,
2117 3653 2211 3707 καὶ
2249 3653 2485 3708 διαθέσει
2510 3655 2607 3726 τῆς
2636 3654 2777 3709 κατά
2810 3656 2898 3709 τὸν
2924 3655 3086 3726 νόμον
3114 3654 3353 3725 ἀγάπης,
3388 3655 3456 3708 οὐ
3524 3654 3619 3725 τήν
3676 3653 3846 3721 σάρκα,

637 3740 837 3811 φησὶν,
886 3740 986 3811 τὴν
1016 3742 1153 3795 ίδίαν
1192 3741 1436 3812 ἄμπελον
1460 3742 1740 3814 ὠνόμασε,
1779 3744 1983 3815 μᾶλλον
2025 3744 2082 3798 δὲ
2112 3745 2210 3817 τήν
2249 3744 2502 3815 θεότητα.

706 3834 779 3889 At
811 3850 913 3890 cur
944 3835 1186 3900 tandem,
1236 3836 1449 3907 inquiet
1496 3838 1720 3907 aliquis,
1772 3839 2219 3896 convenientiori

636 3936 694 3982 et
739 3929 915 3999 magis
960 3928 1186 3998 proprio
1222 3943 1387 3984 sensu
1422 3929 1640 3995 relicto,
1667 3930 1736 3986 ad
1772 3931 1935 4002 longe
1960 3930 2219 3987 dissitum

637 4029 693 4074 et
740 4020 984 4075 alienum
1015 4026 1071 4075 te
1112 4018 1336 4076 confers
1362 4021 1393 4073 ἲ
1414 4019 1694 4092 Numquid
1730 4022 1879 4078 enim
1909 4038 2222 4094 congruen-

641 4112 757 4167 tius
800 4110 967 4167 etiam
1019 4111 1324 4167 secundum
1355 4114 1539 4170 carnis
1566 4115 2014 4170 communionem
2052 4116 2218 4171 vitem

638 4202 863 4273 quidem
892 4218 1018 4260 esse
1046 4202 1297 4261 dicemus
1324 4202 1538 4271 Iesum,
1567 4220 1670 4262 nos
1715 4217 1899 4261 autem
1941 4207 2221 4276 palmites,

636 4312 705 4351 ex
731 4310 798 4351 eo
829 4295 974 4366 quod
1004 4294 1249 4366 ejusdem
1274 4305 1487 4353 natura!
1520 4299 1756 4354 sumus?
1782 4297 2042 4368 Ejusdem
2072 4300 2220 4353 enim

638 4392 773 4441 sunt
816 4402 941 4441 cum
989 4388 1101 4443 vite
1139 4395 1355 4443 natura!
1394 4403 1520 4459 quae
1558 4394 1687 4444 sunt
1734 4404 1800 4443 ex
1862 4390 2001 4459 ipsa.
2044 4390 2225 4460 Atque

640 4479 758 4535 haec
801 4477 1061 4543 dicimus,
1090 4494 1201 4535 non
1231 4479 1380 4550 quod
1412 4495 1614 4551 negare
1638 4481 1870 4536 velimus
1915 4496 2079 4550 posse
2120 4496 2226 4536 nos

638 4571 865 4627 Christo
918 4571 1061 4627 uniri
1122 4586 1221 4642 per
1292 4580 1501 4627 rectam
1565 4570 1724 4626 tidem
1783 4571 2223 4644 charitatemque

640 4665 958 4728 sinceram.
1011 4663 1108 4721 sed
1158 4662 1521 4721 ostendentes
1578 4663 1762 4733 potius
1818 4664 2102 4719 Christum
2169 4673 2224 4720 ct

639 4753 965 4824 spiritaliter
994 4762 1049 4811 et
1077 4754 1447 4825 corporaliter
1483 4752 1709 4825 quidem
1737 4754 1901 4810 vitem
1931 4770 2079 4821 esse,
2118 4773 2224 4813 nos

637 4861 769 4902 vero
793 4844 1070 4917 palmites.
1107 4844 1270 4917 Atqui
1305 4844 1537 4915 simplex
1570 4852 1625 4898 et
1653 4845 1987 4915 perspicuus
2021 4856 2104 4903 est
2131 4847 2223 4902 ille

638 4953 827 4995 sermo
864 4938 1154 5005 veritatis;
1203 4939 1300 4995 sed
1330 4938 1481 4995 vafre
1519 4947 1573 4995 et
1605 4938 1837 4995 subdole
1865 4938 2220 4996 adversarius

642 5031 806 5088 lateri
851 5040 1074 5088 recusat
1124 5031 1408 5088 Christum
1454 5032 1819 5103 corporaliter
1870 5034 2034 5086 vitem
2078 5047 2227 5095 esse,

639 5125 736 5197 qui
768 5139 924 5181 suam
950 5123 1295 5196 palmitibus,
1322 5125 1375 5181 id
1405 5133 1491 5182 est
1521 5124 1708 5187 nobis,
1734 5125 1901 5177 vitam
1934 5124 2223 5193 largiatur,

640 5217 807 5275 sicuti
842 5217 962 5274 suis
1009 5216 1329 5288 palmitibus
1361 5216 1645 5273 sensibilis
1696 5230 1760 5270 ac
1799 5222 2019 5269 terrena
2076 5216 2223 5281 vitis,

641 5309 738 5367 sed
761 5309 965 5367 horum
1002 5310 1298 5366 verborum
1329 5322 1555 5364 sensum
1589 5304 1882 5377 detorquet
1932 5306 1999 5362 ad
2048 5308 2225 5363 solam

640 5401 762 5473 ejus
808 5400 1091 5459 deitatem.
1140 5398 1275 5454 Eam
1328 5399 1531 5468 quippe
1578 5397 1659 5454 sic
1693 5396 2022 5453 calumniari
2056 5414 2220 5469 posse

642 5509 838 5554 rursus
865 5494 1102 5567 putavit,
1136 5492 1271 5549 illud
1298 5492 1467 5548 stulte
1490 5490 1759 5560 objiciens
1785 5507 1796 5543 :
1837 5510 1854 5541 ι
1888 5490 1943 5547 Si
1972 5492 2101 5548 vitis
2133 5498 2220 5547 est

643 5585 840 5656 Filius,
867 5587 1069 5660 inquit,
1103 5584 1264 5641 Pater
1294 5593 1475 5640 autem
1518 5583 1783 5654 agricola,
1818 5600 2009 5639 rursus
2036 5594 2219 5642 autem

719 5766 764 5800 "
803 5764 961 5822 Joan.
1000 5780 1091 5831 Vl,
1132 5763 1236 5829 56,
1279 5761 1362 5817 ὃὸ.
1441 5762 1484 5795 ’⁸
1522 5762 1542 5819 ι
1575 5764 1700 5821 Cor.
1742 5782 1843 5831 av,
1885 5763 1974 5817 50.

2388 3843 2581 3897 Καίτοι
2609 3841 2660 3895 τί
2688 3841 2752 3912 δή
2783 3858 2934 3905 ποτε,
2972 3840 3105 3913 φαίη
3157 3855 3241 3904 τις
3266 3838 3352 3901 ἂν,
3401 3838 3497 3892 τὸν
3528 3834 3848 3908 πρεπωδέστε-

2320 3933 2411 4001 ρόν
2441 3949 2501 3984 τε
2535 3932 2628 3985 καὶ
2657 3930 2883 3983 οίκειότε
2894 3946 2983 4000 ρον
3016 3931 3128 3991 τοῖς
3153 3927 3477 3998 θεωρήμασι
3494 3922 3683 3995 τρόπον
3706 3918 3848 3987 ἀφεὶς,

2318 4024 2411 4076 ἐπὶ
2434 4022 2495 4075 τὸ
2536 4021 2671 4074 πολῦ
2720 4019 3075 4091 διωρισμένον
3099 4016 3333 4088 ὲπείγῃς
3367 4016 3441 4068 Ἢ
3486 4016 3593 4083 γὰρ
3619 4011 3849 4082 0611m-

2319 4113 2685 4185 πωδέστερον,
2716 4112 2811 4166 καὶ
2868 4110 3010 4166 κατά
3034 4110 3135 4181 τήν
3185 4110 3287 4179 τῆς
3334 4106 3540 4178 σαρκδς
3576 4097 3846 4163 κοινωνίαν,

2319 4205 2564 4276 ἄμπελον
2594 4206 2691 4275 μὲν
2716 4200 2859 4258 εἶναι
2914 4203 3157 4273 δώσομεν
3183 4200 3274 4255 τὸν
3307 4199 3541 4271 Ἰησοῦν,
3582 4194 3780 4254 ἑαυτοὺς
3806 4188 3849 4242 δὲ

2321 4298 2596 4368 κλήματα,
2624 4297 2714 4352 διά
2748 4297 2810 4350 τὸ
2834 4294 3113 4367 όμοφυέςς
3145 4293 3396 4365 Ὀμοφυῆ
3426 4291 3540 4362 γὰρ
3571 4290 3634 4359 τῇ
3665 4282 3850 4356 ἀμπέλῳ

2321 4389 2390 4441 τὰ
2412 4389 2469 4453 ἐξ
2497 4388 2687 4458 αὐτῆς.
2714 4388 2825 4442 Καὶ
2873 4385 3048 4440 ταῦτά
3101 4402 3304 4456 φαμεν,
3362 4384 3467 4437 οὐκ
3498 4376 3849 4451 ἐπιχειροῦντες

2324 4481 2569 4551 ἀναιρεῖν
2608 4480 2666 4533 τὸ
2694 4478 3047 4533 συκνοῦσθαι
3107 4476 3370 4531 δῦνασθαι
3405 4473 3486 4545 τῷ
3517 4468 3741 4543 Χριστῷ,
3784 4464 3851 4518 διὰ

2322 4586 2381 4623 τε
2424 4570 2659 4633 πίστεως
2704 4569 2889 4639 ὀρθῆς,
2952 4568 3049 4622 καὶ
3098 4567 3320 4635 ἀγάπης
3373 4561 3708 4636 εἰλικρινοῦς.
3748 4560 3851 4609 ἀπο-

2317 4661 2621 4725 δεικνύντες
2644 4660 2702 4714 es
2729 4660 2928 4732 μᾶλλον
2956 4662 3037 4713 ὅτι
3059 4660 3154 4713 καὶ
3178 4656 3564 4729 πνευματικῶς
3588 4652 3675 4706 καὶ
3706 4662 3851 4718 σωμα-

2316 4754 2504 4819 τικῶς,
2531 4751 2776 4823 ἄμπελος
2836 4753 2933 4822 μὲν
2974 4752 3008 4803 ό
3036 4752 3270 4820 Χριστὸς
3291 4792 3306 4816 ,
3344 4749 3598 4819 κλήματα
3622 4745 3673 4798 δὲ
3703 4740 3847 4811 ἡμεῖςο

2329 4845 2489 4900 ’Λλλά
2516 4845 2629 4916 γὰρ
2651 4846 2680 4898 ό
2706 4846 2803 4915 μὲν
2840 4845 2939 4914 τῆς
2965 4844 3225 4913 ἀληθείας
3252 4842 3410 4910 λόγος
3427 4838 3625 4901 ἁπλοῦς
3654 4834 3737 4888 καὶ
3759 4832 3850 4883 δια-

2316 4938 2513 5011 φανῆςν
2548 4937 2874 5008 πανούργως
2903 4938 2961 4991 δὲ
2982 4940 3010 4992 ό
3038 4938 3105 4990 δι’
3132 4936 3377 4999 ἐναντίας
3418 4931 3746 5006 παραιτεῖται
3771 4922 3850 4993 μὲν

2318 5028 2623 5099 ὁμολογεῖν,
2664 5029 2747 5082 ὅτι
2796 5028 2889 5081 καὶ
2957 5026 3285 5099 σωματικῶς
3332 5025 3575 5093 ἄμπελος
3606 5016 3667 5091 ἦν
3692 5020 3716 5070 6
3741 5016 3848 5082 x9“

2324 5121 2466 5186 στὸς,
2506 5122 2602 5176 ἅτε
2624 5120 2688 5191 δὴ
2712 5121 2806 5174 καὶ
2842 5120 2940 5191 τὴν
2978 5120 3115 5173 ίδίαν
3135 5122 3245 5183 τοῖς
3280 5118 3543 5188 κλήμασι,
3573 5106 3848 5165 τοῦτ’ἕστιν.

2322 5218 2454 5285 ἡμῖν
2492 5213 2852 5285 χαριζόμενος
2890 5212 3058 5283 ζωήν·
3096 5210 3347 5281 καθάπερ
3384 5205 3478 5261 οὖν
3513 5207 3621 5267 τοῖς
3642 5203 3850 5270 tame»-

2323 5308 2477 5363 κόσιν
2505 5309 2641 5379 αὐτῇ
2699 5307 2972 5379 κλήμασιν
3013 5307 3046 5376 ή
3073 5304 3304 5375 αἰσθητή
3337 5319 3397 5355 τε
3431 5300 3521 5353 καὶ
3551 5296 3639 5351 ὲπὶ
3661 5293 3750 5360 γῆς
3766 5286 3850 5353 ἅμ’

2327 5399 2510 5464 πελος,
2544 5400 2863 5471 περιτρέπει
2888 5399 2946 5452 δὲ
2976 5397 3069 5452 καὶ
3104 5398 3347 5466 βιάζεται
3378 5392 3475 5463 τὴν
3512 5387 3603 5444 τοῦ
3628 5384 3850 5471 Wfiwa

2326 5491 2575 5562 δύναμιν,
2619 5467 2721 5545 επὶ⁷
2761 5491 2927 5563 μόνην
2981 5489 3146 5545 αὑτοῦ
3198 5489 3295 5557 τὴν
3348 5486 3589 5555 θεότητα.
3627 5467 3849 5563 Δύνασθαι

2332 5586 2443 5657 γὰρ
2468 5561 2619 5641 οὕτω
2647 5561 2997 5655 συκοφαντεῖν
3027 5582 3194 5653 αὐτὴν
3236 5580 3390 5652 ᾠήθη
3417 5577 3481 5647 δὴ
3519 5572 3683 5635 πάλιν,
3712 5561 3853 5617 ἑκεὶνο
