4056 6510
199 400 318 457 3ιό

1242 397 1308 454 IN
1346 397 1637 457 JOANNIS
1670 398 2121 459 EVANGELIUM
2164 406 2293 464 LIB.
2342 405 2412 463 Χ.

3329 442 3333 446 >
3361 409 3469 465 346

203 513 513 590 προτείνων
530 511 778 583 ἀμαθῶς.
805 530 823 564 ι
852 512 914 566 El
931 511 1038 584 γὰρ
1051 511 1293 583 ἄμπελος
1316 514 1414 585 μὲν
1430 514 1577 588 ἔστιν
1595 514 1625 567 δ
1645 514 1788 581 Υεδςι

1898 516 2127 574 alterius
2186 528 2394 574 natura:
2440 515 2610 574 Filius
2663 515 2827 572 sicuti
2880 516 3005 572 vitis
3050 533 3174 572 cum
3223 522 3466 590 agricola

202 610 371 678 φησι,
410 606 655 678 γεωργὸς
680 604 737 659 δὲ
788 605 817 658 ὀ
859 604 1069 675 Πατὴρ,
1117 603 1419 677 έτεροφυής
1462 605 1519 660 δὲ
1569 604 1731 660 πάλιν
1763 607 1792 658 ὁ

200 700 364 765 Υἱὸς,
383 700 458 763 ὡς
483 698 623 769 πρὸς
642 699 742 770 τὴν
766 696 1031 769 ἄμπελον,
1080 698 1179 768 οὐχ
1225 697 1510 767 όμοούσιος
1534 698 1685 752 ἔσται
1714 698 1793 769 τῷ

199 790 384 860 Πατρὶ
410 792 439 843 ό
465 788 613 854 Υἱὸς,
640 788 793 859 φησί.
822 805 841 841 ι
881 788 992 842 Καὶ
1026 786 1162 858 βαθὺ
1198 788 1298 858 μέν
1334 805 1416 842 τοι
1449 787 1544 842 καὶ
1572 788 1790 859 πικρὸν,

196 885 304 937 καὶ
336 880 598 953 θεώρημα
620 881 1061 953 δυσανάτρεπτον
1092 880 1423 951 ἐπιτειχίσαι
1452 879 1661 952 νομίζει
1682 883 1792 945 τοῖς

192 975 304 1046 τῆς
346 974 675 1046 Ἐκκλησίας
706 973 993 1044 δόγμασιν,
1023 972 1295 1029 ἁλώσεται
1354 972 1411 1026 δὲ
1443 972 1598 1047 οὐδὲν
1628 964 1793 1046 ἦττον

193 1067 507 1121 κάντεῦθεν
535 1066 738 1139 ληρῶν.
784 1065 1011 1139 Πρῶτον
1065 1065 1163 1137 μὲν
1197 1066 1307 1138 γὰρ
1355 1065 1615 1138 ἀλλογενῆ
1650 1066 1793 1121 κατὰ

192 1156 372 1226 φύσιν
429 1157 908 1228 διαϐεϐαιούμενος
949 1152 1087 1211 εἶναι
1118 1156 1213 1211 τὸν
1246 1156 1396 1223 Υἱὸν,
1444 1156 1540 1212 καὶ
1566 1156 1670 1228 τῆς
1696 1156 1791 1210 τοῦ

189 1249 459 1313 τεκόντος
489 1249 675 1313 οὐσίας
700 1247 805 1315 ἔξω
822 1249 1012 1315 τιθεὶς,
1035 1251 1154 1314 πῶς
1174 1249 1239 1304 ἂν
1259 1248 1338 1303 ἔτι
1361 1249 1579 1321 Πατέρα
1600 1250 1791 1323 καλοίη

194 1343 296 1395 τὸν
336 1342 490 1406 Θεὸν,
530 1342 657 1397 Υίὸν
676 1342 734 1397 δὲ
757 1342 896 1407 ὅλως
950 1342 1043 1397 τὸν
1069 1343 1198 1397 Υίόν
1224 1359 1239 1409 ;
1273 1342 1337 1396 El
1367 1341 1476 1415 7&9
1505 1342 1579 1415 μὴ
1597 1357 1791 1414 γεγεν-

193 1434 405 1505 νῆσθαι
444 1436 607 1505 φησιν
655 1433 840 1499 αὑτὸν,
895 1433 1041 1488 τοῦτ’
1076 1434 1215 1497 ἔστι,
1252 1433 1538 1506 προελθεῖν
1578 1436 1643 1487 ὲκ
1691 1433 1793 1504 τῆς

194 1526 397 1589 οὐσίας
424 1524 517 1579 τοῦ
539 1524 773 1597 Πατρὸς,
799 1525 1051 1597 καθάπερ
1085 1525 1181 1581 καλ⁴
1201 1524 1260 1592 ὲξ
1293 1525 1617 1597 ἀνθρώπων,
1639 1523 1706 1578 τὰ
1733 1524 1793 1591 ἐξ

194 1618 390 1672 αὐτῶν
417 1620 756 1689 γεννήματα.
788 1620 906 1683 πῶς
945 1619 1011 1673 ἂν
1050 1619 1136 1690 εἴη
1170 1618 1313 1673 κατὰ
1340 1617 1597 1690 ἀλήθειαν
1627 1617 1789 1685 Υίός;

194 1707 343 1764 Εἶτα
376 1710 491 1774 πῶς
508 1711 599 1764 τὸν
634 1710 904 1783 μακάριον
939 1710 1194 1781 Ἰωάννην
1216 1709 1515 1781 ἀποστήσει
1539 1707 1787 1777 λέγοντα·

197 1822 217 1855 ι
271 1802 337 1856 ’0
360 1802 689 1874 ἀρνούμενος
717 1802 807 1855 τὸν
827 1801 977 1864 Υίὸν.
1001 1802 1096 1856 καὶ
1121 1802 1213 1855 τὸν
1227 1802 1449 1873 Πατέρα
1469 1801 1787 1873 ἀρνήσεταιο

1892 616 2233 679 comparata,
2264 624 2373 663 non
2398 609 2504 664 erit
2533 607 3033 663 consubstantialis
3056 606 3205 663 Patri
3238 608 3462 667 Filius.»

1892 696 2025 766 Quae
2076 715 2202 756 cum
2249 699 2408 765 dicit,
2454 699 2736 755 existimat
2791 715 2850 755 se
2902 700 3073 754 altum
3106 700 3368 772 quiddam
3416 712 3472 758 et

1893 791 2096 847 subtile
2128 792 2496 861 excogitasse,
2530 799 2584 848 et
2612 792 2878 847 invictum
2913 790 3183 847 adversus
3212 792 3495 849 Ecclesia.

1893 882 2149 953 dogmata
2178 892 2561 954 argumentum
2592 898 2992 955 comparasse:
3051 884 3146 940 sed
3187 886 3471 940 nihilomi-

1893 988 2001 1029 nus
2020 973 2147 1029 binc
2162 989 2381 1045 quoque
2400 974 2595 1046 nugari
2616 976 3007 1046 comperietur.
3026 974 3273 1031 Primum
3296 978 3466 1044 enim,

1893 1079 2020 1119 cum
2068 1063 2296 1122 alterius
2338 1064 2641 1122 secundum
2671 1076 2924 1123 naturam
2975 1068 3195 1139 generis
3215 1084 3340 1124 esse
3377 1068 3469 1124 Fi-

1894 1156 2026 1212 lium
2072 1166 2374 1222 asseveret,
2405 1174 2643 1230 eumque
2671 1168 2828 1215 extra
2878 1160 3154 1217 Genitoris
3202 1162 3469 1218 substan-

1893 1246 2025 1301 tiam
2058 1247 2310 1313 collocet,
2343 1246 2620 1317 quomodo
2642 1246 2867 1303 Patrem
2901 1250 3120 1305 vocabit
3145 1250 3337 1315 Deum,
3372 1259 3468 1306 aut

1894 1340 2119 1394 omnino
2151 1338 2347 1394 Filium
2372 1338 2517 1395 dicet
2543 1339 2787 1395 Filium?
2810 1339 2944 1395 Nam
2981 1342 3026 1397 si
3068 1358 3176 1397 non
3217 1359 3340 1399 esse
3372 1359 3467 1415 ge»

1894 1430 2071 1485 nitum
2107 1431 2285 1502 ipsum
2311 1433 2410 1499 ait,
2444 1432 2547 1487 hoc
2574 1443 2747 1489 estex
2780 1433 3095 1488 substantia
3127 1432 3309 1491 Patris
3343 1450 3469 1505 pro-

1892 1519 2113 1586 cedere,
2149 1521 2614 1593 quemadmodum
2647 1530 2700 1578 et
2725 1537 2793 1577 ex
2824 1522 3140 1577 hominibus
3169 1538 3358 1577 eorum
3402 1525 3467 1577 [i-

1893 1610 1986 1675 lii,
2027 1610 2305 1682 quomodo
2352 1628 2481 1669 vere
2522 1611 2696 1668 Filius
2735 1613 2883 1669 erit?
2939 1614 3144 1669 Deinde
3192 1617 3471 1685 quomodo

1894 1700 2112 1757 beatum
2160 1699 2429 1758 Joannem
2479 1703 2796 1774 repudiabit
2844 1703 3159 1761 dicentem:
3199 1725 3217 1758 ι
3273 1705 3470 1762 Omnis

1892 1793 1985 1864 qui
2018 1802 2181 1864 negat
2213 1791 2435 1861 Filium,
2468 1810 2570 1851 nec
2603 1794 2821 1852 Patrem
2856 1795 3055 1851 habet:
3102 1797 3196 1866 qui
3243 1797 3469 1854 conﬁte-

189 1898 220 1949 δ
277 1872 563 1967 ὁμολογῶν
589 1894 682 1948 τὸν
719 1894 868 1957 Υἱὸν,
898 1894 1152 1965 ὁμολογεῖ
1204 1893 1303 1949 καὶ
1354 1872 1446 1948 τὸν
1477 1872 1726 1966 Πατέρα;
1760 1912 1778 1945 ι

1894 1893 1987 1939 tur
2018 1883 2243 1949 Filium,
2281 1893 2336 1941 et
2361 1884 2582 1940 Patrem
2615 1886 2779 1941 habet
2800 1886 2900 1940 ⁸⁸.»
2940 1885 3095 1952 (Quod
3119 1888 3340 1958 quidem
3377 1904 3469 1943 ve-

188 1987 314 2040 Καὶ
347 1986 551 2058 ἀληθής
570 1988 599 2040 ό
624 1986 802 2054 λόγος.
831 1984 921 2039 Ἐν
945 1985 1054 2058 γὰρ
1071 1984 1149 2055 τῷ
1171 1984 1343 2057 ἑτέρῳ
1374 1987 1783 2057 συναναιρεῖται

192 2081 425 2143 πάντως
455 2078 547 2131 καὶ
582 2078 977 2147 συνυφίσταται
1021 2076 1088 2130 τὸ
1114 2076 1324 2149 ἓτερον.
1357 2077 1430 2130 Οὐ
1467 2078 1575 2149 γὰρ
1605 2078 1671 2132 ἂν
1698 2080 1784 2150 είη

193 2167 419 2240 Πατὴρ,
458 2168 558 2222 οὐκ
583 2167 735 2232 δντος
763 2167 918 2233 Υίοῦ,
950 2168 1058 2222 οὐδ’
1093 2167 1159 2223 ἂν
1192 2168 1318 2234 Υἱὸς
1342 2171 1514 2225 νοοῖτό
1545 2187 1675 2224 ποτε
1709 2170 1784 2243 μὴ

188 2260 323 2331 οὐχὶ
352 2260 569 2323 πάντως
630 2258 779 2331 αύτῷ
814 2260 1297 2332 συνεπινοουμένου
1346 2262 1440 2316 τοῦ
1488 2262 1779 2332 φύσαντος.

190 2352 258 2404 El
280 2349 465 2405 τοίνυν
519 2351 764 2421 ἀρνεῖται
800 2350 892 2403 τὸν
941 2350 1069 2404 Υίὸν
1126 2350 1455 2423 (ἑτερογενῆ
1494 2352 1602 2424 γὰρ
1643 2347 1785 2407 εἷναί

190 2441 409 2514 φησι),
438 2441 532 2496 καὶ
569 2441 734 2495 αὐτὸν
762 2442 1039 2513 ἠρνήσατο
1077 2443 1169 2496 τὸν
1213 2442 1457 2513 Πατέρα.
1490 2442 1556 2496 Τί
1588 2439 1703 2509 οῦν,
1739 2435 1784 2499 ὦ

198 2534 471 2603 βέλτιστε,
491 2533 630 2605 πρὸς
644 2533 817 2588 ταῦτα
843 2536 1016 2604 ὲρεῖςς
1039 2533 1133 2598 Εἰς
1159 2533 1282 2588 τίνα
1307 2533 1544 2605 λοιπὸνή
1566 2535 1780 2603 πίστις;

195 2625 313 2679 Ποῦ
339 2625 440 2696 τῆς
494 2626 657 2695 ἁγίας
711 2624 942 2696 Τριάδος
975 2626 1009 2696 ή
1064 2624 1228 2689 δόξα;
1262 2624 1497 2679 Λέλυται
1536 2625 1645 2697 γὰρ
1689 2625 1784 2679 καὶ

192 2716 407 2791 φρούδη
438 2715 627 2771 λοιπὸν
652 2719 686 2789 ή
710 2716 818 2771 τῶν
841 2717 975 2771 ὅλων
1006 2715 1284 2789 κρατοῦσα
1304 2716 1488 2785 φύσις,
1513 2717 1571 2771 ὲν
1602 2716 1784 2787 ψιλαῖς

188 2810 335 2881 ἡμῖν
368 2807 708 2880 σημανθείσα
737 2807 915 2873 λέξεσι
970 2807 1123 2879 παρὰ
1161 2807 1262 2877 τῆς
1324 2806 1487 2877 ἁγίας
1536 2808 1780 2880 Γραφῆς’

188 2898 505 2968 ἀναγκάζει
532 2899 642 2969 7&9
663 2900 812 2969 ἡμᾶς
833 2898 929 2952 καὶ
950 2898 1038 2952 διὰ
1058 2897 1168 2951 τῶν
1187 2896 1363 2960 οὕτως
1391 2898 1784 2969 ἀπηχεστάτων

190 2991 339 3045 ἰέναι
367 2990 545 3060 λόγων
575 2992 610 3061 ή
644 2990 867 3044 ἐκείνων
918 2988 1231 3060 ἀποπληξία
1268 2991 1363 3044 καὶ
1423 2990 1781 3062 ψευδομυθία.

201 3084 356 3137 Ἀλλ’
385 3081 517 3147 ἴσως
541 3082 602 3135 τὸ
654 3082 755 3152 τῆς
799 3080 1110 3152 δυσφημίας
1147 3080 1473 3145 καταδείσας
1516 3081 1781 3153 μέγεθος,

186 3176 465 3246 ἀλλογενῆ
500 3174 595 3245 μὲν
621 3169 761 3228 εἶναί
791 3190 945 3246 φησι,
988 3172 1348 3244 γεγεννῆσθαί
1392 3189 1455 3243 γε
1497 3174 1604 3246 μὴν
1636 3174 1785 3245 παρὰ

186 3267 289 3321 τοῦ
325 3266 465 3320 Θεοῦ
494 3266 593 3321 καὶ
644 3266 878 3338 Πατρός.
922 3266 1116 3337 Ἡμεῖς
1176 3265 1232 3319 δὲ
1284 3260 1351 3319 αῦ
1392 3264 1555 3319 πάλιν
1613 3266 1788 3319 εἰπεῖν

186 3361 585 3432 ἁπαιτήσομεν
637 3359 757 3423 πῶς
804 3359 913 3430 ἄρα
972 3358 1338 3427 γεγεννῆσθαι
1363 3357 1545 3411 δίδωσί
1588 3375 1651 3412 τε
1697 3361 1791 3412 καὶ

187 3452 474 3523 ὁμολογεῖ.
504 3451 567 3505 Ei
619 3451 717 3522 μὲν
760 3450 868 3519 γὰρ
919 3448 994 3514 ὠς
1027 3448 1085 3501 ἓν
1132 3447 1241 3501 τῶν
1268 3448 1604 3517 κτισμάτων,
1652 3448 1793 3502 κατὰ

192 3545 389 3615 σχέσιν
423 3542 522 3614 τήν
565 3542 640 3606 ὠς
690 3543 748 3595 ὲν
781 3540 983 3612 ἀγάπῃ.
1027 3538 1123 3593 καὶ
1166 3538 1307 3592 κατὰ
1330 3538 1546 3609 θέλησιν
1575 3538 1792 3611 (πάντα

188 3636 309 3706 7&9
342 3635 409 3688 ὲκ
437 3631 572 3687 Θεοῦ
598 3630 853 3701 λέγεται)
878 3672 891 3695 ,
951 3630 1040 3684 διὰ
1068 3630 1174 3685 τῶν
1226 3631 1405 3683 αὐτῶν
1451 3628 1602 3683 οὐδὲν
1630 3623 1792 3703 ἦττον

190 3727 324 3797 ἥξει
381 3725 770 3797 βλασφημιῶν.
824 3724 1027 3796 Ἀληθῆ
1059 3722 1116 3777 δὲ
1141 3723 1234 3777 τὸν
1261 3723 1419 3777 τόκον
1461 3721 1666 3788 εἰπὼν,
1698 3724 1790 3778 ἔκ-

192 3819 372 3889 φυλόν
405 3836 464 3872 τε
486 3816 626 3873 εἶναι
662 3815 1159 3888 διαϐεϐαιούμενος,
1202 3815 1298 3870 καὶ
1331 3814 1593 3886 ἀλλογενῆ
1619 3815 1792 3885 λέγων

192 3911 276 3964 ἔτι
296 3912 397 3964 καὶ
429 3910 568 3981 μετὰ
604 3908 786 3974 τοῦτο,
817 3907 1143 3978 δυσσεϐήσει
1165 3904 1383 3975 πάντως
1402 3907 1482 3971 είς
1513 3906 1675 3961 αὐτὸν
1702 3907 1794 3959 τὸν

192 4001 564 4073 γεννήσαντα.
606 4000 672 4053 Ὀ
702 3997 811 4070 7&9
871 3998 963 4053 καὶ
1017 3996 1157 4068 αύτὴ
1209 3996 1571 4069 παρῃτήσατο
1600 3996 1793 4050 παθεῖν

191 4094 310 4147 τῶν
343 4090 590 4164 γενητῶν
628 4090 870 4163 ήφύσις,
926 4088 1085 4144 τοῦτο
1119 4088 1183 4159 δή
1214 4088 1431 4153 πάντως
1467 4087 1793 4154 ὑποδείξειεν

191 4186 577 4258 ὑπομείναντα
601 4185 695 4239 τὸν
715 4183 868 4238 Θεόν.
903 4178 979 4237 Ἦ
1005 4182 1115 4253 7&9
1145 4182 1267 4253 οὐχὶ
1289 4182 1350 4236 τὸ
1391 4180 1455 4237 έκ
1483 4198 1626 4248 τινος
1653 4181 1795 4237 κατὰ

192 4278 368 4347 φύσιν
419 4274 821 4347 γεγεννημένον
870 4274 1110 4345 ἀληθῶς,
1140 4273 1428 4345 ὁμοούσιον
1457 4273 1534 4345 τῷ
1580 4275 1792 4328 τεκόντι

192 4370 477 4439 φαίνεται,
507 4368 601 4422 καὶ
636 4366 755 4431 πῶς
805 4367 905 4438 οὐχ
957 4368 1131 4421 ἅπασι
1161 4365 1474 4437 συμφανές;
1516 4364 1727 4420 Οὐκοῦν
1756 4366 1789 4436 ἡ

194 4461 304 4530 μὲν
341 4460 519 4522 κτίσις
547 4458 688 4512 κατὰ
719 4457 876 4526 λόγον
907 4455 1121 4528 πρόεισι
1151 4454 1243 4508 τὸν
1280 4454 1577 4527 πρέποντα·
1613 4453 1787 4509 τίκτει

1891 1991 2012 2032 rum
2044 1984 2147 2033 est.
2180 1976 2368 2033 Altero
2398 1978 2541 2033 enim
2578 1977 2762 2034 ablato
2793 1986 2889 2032 aut
2926 1980 3131 2048 posito,
3157 1980 3368 2033 tollitur
3402 1980 3473 2035 si-

1891 2068 2003 2123 mul
2028 2068 2284 2133 alterum,
2316 2078 2372 2124 et
2402 2070 2646 2139 ponitur.
2667 2068 2777 2124 Nec
2796 2070 2942 2125 enim
2964 2069 3128 2125 Pater
3148 2072 3255 2126 erit
3282 2072 3328 2127 si
3359 2088 3468 2125 non

1891 2161 1964 2217 sit
1999 2159 2193 2224 Filius,
2234 2176 2333 2216 nec
2360 2160 2538 2216 Filius
2568 2162 2911 2233 concipietur
2944 2179 3213 2233 unquam,
3238 2164 3341 2220 nisi
3367 2162 3469 2217 Pa-

1889 2259 1975 2306 ter
2004 2267 2114 2306 una
2148 2268 2367 2324 quoque
2409 2253 2775 2324 concipiatur.
2809 2253 2866 2309 Si
2912 2270 3042 2325 ergo
3075 2264 3239 2326 negat
3269 2255 3469 2310 Filium

1891 2342 2120 2413 (diversi
2159 2345 2365 2417 quippe
2401 2347 2620 2417 generis
2657 2362 2785 2403 esse
2824 2347 2947 2417 ait),
2984 2357 3038 2404 et
3071 2347 3237 2420 865
3284 2348 3470 2419 ipsum

1891 2436 2110 2493 Patrem
2155 2439 2458 2511 negaverit.
2504 2440 2645 2507 Quid
2677 2441 2844 2512 igitur
2875 2441 2943 2496 ad
2976 2443 3090 2497 haec
3134 2442 3309 2504 dices,
3342 2441 3473 2496 ami-

1891 2530 1995 2584 ce?
2029 2529 2085 2583 In
2123 2547 2286 2601 quem
2321 2532 2542 2587 demum
2589 2533 2726 2590 ﬁdes
2749 2534 2889 2589 erit?
2923 2533 3025 2589 Ubi
3059 2544 3265 2590 sancta:
3291 2532 3472 2587 Trini-

1890 2624 2024 2680 tatis
2063 2626 2273 2695 gloria?
2306 2624 2455 2679 Perit
2479 2626 2627 2681 enim
2660 2637 2714 2680 et
2748 2625 2930 2682 inanis
2970 2625 3222 2681 redditur
3246 2626 3469 2680 demum

1892 2717 1983 2770 illa
2019 2716 2262 2771 universi
2313 2715 2537 2769 domina
2587 2724 2810 2781 natura,
2844 2716 3004 2771 nobis
3034 2732 3061 2770 a
3098 2726 3288 2771 sancta
3321 2715 3472 2770 Scri-

1891 2814 2052 2878 ptura
2099 2808 2264 2862 nudis
2315 2806 2622 2877 significata
2667 2807 3044 2863 dictionibus:
3080 2821 3148 2861 eo
3186 2806 3333 2860 enim
3375 2806 3471 2860 ab-

1890 2899 2221 2954 surditatum
2272 2899 2525 2967 progredi
2573 2898 2795 2953 illorum
2844 2896 3000 2954 furor
3031 2905 3086 2953 et
3124 2896 3471 2952 mendacium

1891 3006 1994 3047 nos
2041 2990 2235 3061 adigit.
2289 2990 2397 3046 Sed
2464 2991 2866 3047 immanitatem
2918 2991 3072 3046 illius
3117 2990 3475 3061 blasphemiae

1891 3081 2078 3139 forsan
2102 3082 2333 3147 veritus,
2359 3081 2562 3137 diversi
2591 3081 2813 3151 quidem
2840 3096 2965 3138 esse
2979 3082 3222 3153 generis,
3253 3094 3474 3137 verum--

1890 3184 2075 3233 tamen
2112 3192 2142 3232 a
2173 3174 2282 3231 Deo
2312 3185 2368 3232 et
2408 3175 2568 3231 Patre
2597 3178 2842 3248 genitum
2881 3192 3005 3233 esse
3025 3178 3121 3233 ait.
3146 3176 3258 3233 Nos
3288 3188 3472 3233 autem

1890 3285 2086 3325 rursus
2115 3268 2434 3339 urgebimus
2459 3275 2519 3322 ut
2542 3267 2690 3323 dicat
2720 3284 2832 3339 quo
2863 3277 3024 3339 pacto
3052 3268 3300 3340 genitum
3344 3284 3473 3324 eum

1888 3377 2014 3417 esse
2038 3361 2293 3416 fateatur.
2322 3359 2379 3414 Si
2404 3362 2552 3415 enim
2585 3369 2845 3431 tanquam
2868 3367 3254 3416 creaturarum
3282 3374 3471 3424 unam,

1890 3453 2161 3508 relatione
2202 3452 2464 3507 videlicet
2506 3460 2560 3506 et
2593 3451 2923 3509 habitudine
2968 3452 3265 3509 charitatis
3308 3460 3475 3522 atque

1888 3545 2189 3601 voluntatis
2222 3542 2432 3613 (omnia
2459 3542 2667 3613 quippe
2693 3559 2757 3598 ex
2786 3543 2900 3599 Deo
2924 3559 3049 3601 esse
3081 3544 3389 3611 dicuntur),
3416 3543 3473 3598 in

1889 3634 2111 3693 easdem
2170 3634 2545 3709 blasphemias
2596 3634 2821 3692 recidet.
2877 3633 2976 3689 Sin
3038 3642 3221 3690 autem
3278 3648 3474 3689 verum

1891 3729 2115 3802 quidem
2134 3728 2335 3786 Filium
2383 3745 2508 3786 esse
2536 3727 2730 3794 dicat,
2772 3726 3001 3782 alterius
3043 3733 3229 3781 tamen
3257 3725 3473 3796 generis

1892 3828 2144 3885 asserat,
2202 3820 2259 3875 in
2309 3820 2490 3891 ipsum
2520 3820 2712 3891 utique
2760 3817 3077 3875 Genitorem
3134 3817 3471 3888 impietatem

1892 3928 2047 3966 suam
2072 3922 2277 3967 exeret.
2315 3910 2473 3978 Quod
2519 3912 2667 3967 enim
2709 3925 2983 3981 nusquam
3018 3910 3072 3964 in
3098 3924 3281 3966 rerum
3312 3925 3475 3965 crea-

1892 4007 2071 4053 tarum
2130 4008 2382 4053 naturam
2411 3999 2698 4065 ceciderit,
2736 4000 2843 4055 hoc
2900 3999 3095 4071 utique
3122 3998 3270 4054 Patri
3322 3998 3476 4053 adin-

1892 4100 2000 4163 gct.
2028 4090 2305 4161 Numquid
2343 4093 2489 4147 enim
2538 4091 2685 4162 quod
2715 4108 2783 4148 ex
2817 4091 3003 4161 aliquo
3035 4092 3341 4147 secundum
3375 4106 3476 4146 na-

1894 4194 2071 4238 turam
2109 4199 2235 4241 vere
2263 4193 2347 4239 est
2387 4183 2637 4255 genitum
2678 4184 3159 4241 consubstantiale
3219 4183 3473 4239 Genitori

1891 4290 2016 4330 esse
2034 4273 2212 4329 cuivis
2247 4272 2603 4328 manifestum
2645 4272 2769 4327 est?
2810 4270 2954 4343 Ergo
2993 4281 3246 4326 creatura
3270 4286 3475 4327 conve-

1894 4369 2067 4426 nienti
2094 4368 2200 4424 sibi
2237 4368 2451 4423 ratione
2473 4367 2722 4440 procedit
2750 4382 2762 4417 :
2799 4368 2941 4438 parit
2971 4364 3119 4420 enim
3142 4365 3289 4435 quod
3327 4365 3478 4433 ejus—

1894 4462 2039 4525 dem,
2081 4477 2189 4515 non
2230 4459 2433 4516 diversi
2470 4460 2689 4530 generis
2724 4459 2835 4525 sit;
2868 4459 3045 4515 solum
3094 4468 3275 4513 autem
3307 4456 3475 4512 Deum

191 4554 312 4625 7&9
372 4552 474 4605 ούκ
521 4550 803 4619 ἀλλογενῆο
853 4547 1012 4619 μόνον
1049 4547 1106 4599 δὲ
1162 4544 1403 4599 παθόντα
1437 4545 1527 4599 τὸν
1570 4544 1702 4599 Θεὸν
1729 4546 1788 4599 τὸ

1894 4557 2229 4627 reperiemus
2258 4562 2455 4610 contra
2490 4554 2654 4619 allici,
2693 4554 2738 4609 si
2765 4553 2988 4623 quidem
3019 4550 3218 4607 Filium
3250 4550 3479 4605 alterius

195 4643 450 4699 ὶναντίον
476 4642 802 4714 εὑρήσομεν,
841 4642 996 4709 εῖπερ
1024 4638 1288 4709 ἀλλογενῆ
1324 4638 1621 4709 γεγέννηκε
1643 4679 1658 4705 ,
1693 4637 1787 4691 καὶ

1891 4648 2125 4722 generis,
2157 4663 2257 4703 nec
2284 4662 2353 4703 ex
2388 4663 2487 4702 sua
2515 4653 2714 4701 natura
2736 4643 2951 4715 genuit.

198 4737 307 4791 οὐκ
334 4737 395 4803 ἐξ
427 4734 562 4796 ἰδίας
590 4732 805 4802 φύσεως
838 4732 930 4786 τὸν
962 4731 1111 4785 Υίόν.

269 4825 389 4882 Ἦν
427 4828 528 4897 μὲν
561 4822 656 4879 οὖν
704 4824 849 4887 είκὸς
900 4822 1052 4876 οὐδὲν
1095 4822 1175 4875 ἔτι
1220 4820 1357 4892 πρὸς
1405 4818 1580 4872 ταῦτα
1614 4817 1789 4871 θέλειν

197 4922 381 4975 εἰπεῖν
411 4918 502 4973 τὸν
531 4918 598 4971 δι’
628 4915 901 4983 ἐναντίας,
932 4916 1031 4969 οὐκ
1061 4913 1401 4983 ὲξισταμένῳ
1428 4911 1486 4965 δὲ
1516 4912 1613 4981 τῆς
1640 4908 1789 4963 ἑνού-

198 5030 307 5084 σης
344 5010 497 5082 αὐτῷ
519 5008 860 5074 δυσϐουλίας,
909 5007 1141 5079 οἰομένῳ
1179 5024 1239 5060 τε
1297 5003 1563 5074 ἀλλογενῆ
1607 5002 1699 5057 τὸν
1723 5003 1788 5056 ὲκ

197 5107 337 5161 θεοῦ
369 5106 467 5161 καὶ
496 5104 710 5177 Πατρὸς
731 5099 1181 5175 ύπάρχειν.Υίὸν,
1212 5099 1311 5153 οὐκ
1351 5096 1655 5168 ὲνδώσομεν
1676 5097 1789 5160 τοῖς

198 5200 299 5271 τῆς
328 5197 589 5270 ἀληθείας
619 5193 1042 5268 συνηγοροῦντες
1085 5191 1367 5262 δόγμασιν.
1418 5189 1791 5259 Ἐπιδείξομεν

197 5291 314 5363 γὰρ
335 5290 574 5361 ὁμογενῆ
602 5288 832 5357 λέγοντα
861 5288 925 5359 τῇ
958 5285 1134 5338 κτίσει
1162 5284 1253 5337 τὸν
1270 5281 1405 5336 Θεὸν
1428 5282 1523 5335 καὶ
1549 5280 1789 5351 Ila—ripa:

199 5382 297 5435 καὶ
317 5381 460 5448 πῶς,
491 5380 525 5451 ἤ
556 5379 720 5433 πόθεν
750 5375 990 5432 ἀκούοιτ’
1031 5375 1098 5429 ἂν
1146 5374 1245 5445 ήδη
1302 5372 1485 5427 πάλιν.
1513 5371 1794 5443 ’Ἄμπελον

199 5469 452 5542 ἐναργῶς
484 5468 809 5524 διατείνεται
830 5467 925 5521 καί
974 5482 1157 5535 φησιν,
1187 5464 1249 5517 ού
1291 5463 1390 5534 τὴν
1430 5462 1612 5533 σάρκα
1650 5460 1787 5532 μᾶλ-

199 5570 317 5627 λον,
341 5562 461 5617 ἀλλ’
496 5563 669 5633 αὐτὴν
698 5559 1014 5631 ὠνομάσθαι
1059 5558 1158 5629 τὴν
1182 5556 1412 5626 θεότητα
1434 5554 1526 5608 τοῦ
1552 5555 1791 5621 Μονογε-

197 5652 349 5720 νοῦς.
393 5655 598 5723 Ἐγέτω
655 5653 781 5724 τῇδε
830 5652 1011 5723 τυχόψ
1063 5649 1281 5714 οὐκοῦν,
1334 5650 1598 5721 ἐρήσομαι
1658 5646 1789 5717 7&9,

278 5836 322 5867 ’⁸
365 5835 379 5889 l
422 5835 581 5891 Joan.
619 5852 678 5892 Ill
706 5880 720 5907 ,
760 5838 850 5892 23.

1956 4825 2039 4881 Ad
2089 4831 2203 4879 haec
2234 4822 2460 4895 quidem
2505 4821 2641 4877 nihil
2681 4820 2826 4875 ultra
2860 4818 3051 4873 dicere
3094 4814 3476 4871 adversarium

1888 4933 1986 4992 par
2009 4926 2201 4985 esset;
2240 4915 2336 4972 sed
2377 4914 2639 4984 quoniam
2677 4910 2923 4966 insanire
2958 4922 3071 4963 non
3113 4914 3318 4969 cessat,
3355 4904 3479 4960 Dei-

1888 5029 1995 5084 que
2028 5026 2094 5066 ac
2141 5007 2323 5064 Patris
2353 5006 2552 5061 Filium
2607 5002 2835 5058 alterius
2880 5000 3102 5071 generis
3135 5014 3261 5054 esse
3299 5004 3477 5068 putat,

1889 5100 2143 5159 veritatis
2194 5096 2467 5168 dogmatis
2515 5090 2856 5164 patrocinari
2900 5103 3011 5144 non
3063 5085 3475 5141 cunctabimur.

1890 5193 2260 5251 Ostendemus
2312 5187 2461 5245 enim
2506 5201 2631 5242 eum
2686 5183 2870 5239 dicere
2919 5180 3094 5237 Deum
3147 5192 3211 5233 ac
3258 5178 3478 5232 Patrem

1892 5284 2139 5357 ejusdem
2160 5295 2286 5338 esse
2316 5294 2443 5334 cum
2466 5284 2722 5332 creatura
2743 5273 2963 5344 generis
2988 5288 3000 5323 :
3024 5268 3307 5341 quomodo
3324 5281 3476 5329 vero,

1894 5380 1989 5427 aut
2036 5369 2203 5434 unde,
2254 5381 2450 5422 rursus
2498 5361 2919 5419 audiat.Vitem
2950 5369 3138 5432 aperte
3165 5357 3325 5422 dicit,
3365 5372 3477 5411 non

1884 5478 2132 5525 carnem,
2158 5460 2256 5517 sed
2289 5460 2468 5530 ipsam
2495 5442 2775 5528 Urﬁgeniti
2802 5455 3067 5511 deitatem
3098 5467 3224 5508 esse
3260 5465 3476 5505 nuneu-

1887 5564 2093 5629 patam.
2118 5552 2248 5609 Esto
2265 5565 2426 5617 vero;
2448 5548 2780 5621 respondeat
2809 5547 2997 5618 igitur,
3017 5558 3227 5615 quaeso,
3252 5555 3471 5602 rursus.

1891 5656 2081 5705 utrum
2117 5644 2285 5702 Deum
2314 5658 2502 5700 verum
2531 5642 2799 5698 exsistere
2816 5647 2969 5712 putet
2991 5636 3213 5704 Filium,
3243 5650 3311 5689 an
3337 5648 3470 5697 non,
