4056 6536
587 353 705 417 847

1631 356 1692 415 S.
1733 354 2018 413 CYRILLI
2052 353 2529 411 ALEXANDRINI
2556 355 2876 413 ARCHIEP.

3775 368 3872 424 368

588 487 828 543 eumque
862 471 1114 528 dicturus
1156 486 1230 528 su
1261 471 1510 543 spurium
1556 476 1611 527 et
1650 471 1771 526 sola
1817 471 2060 528 nominis
2096 468 2173 525 di-

2284 468 2662 538 ἀπολογείσθω
2691 469 2748 523 δὲ
2781 469 2967 534 πάλιν,
3006 469 3238 542 πότερόν
3285 490 3414 527 ποτε
3447 472 3584 527 Θεὸν
3626 474 3872 546 ἀληθινὸν

587 566 798 636 gnitate
826 565 1141 636 praeditum.
1193 563 1330 619 Nam
1366 564 1415 620 si
1446 579 1557 618 non
1600 578 1726 620 esse
1756 563 2063 619 secundum
2087 577 2187 617 na-

590 666 771 711 turam
807 654 979 712 Deum
1010 657 1313 721 existimet,
1367 657 1544 727 ipsum
1596 654 1951 723 Unigenitum
1995 655 2186 711 dicen-

592 756 700 802 tem
737 746 970 801 audiat:
1001 766 1018 798 ι
1054 745 1165 817 Ego
1199 761 1323 801 sum
1365 746 1575 801 veritas
1607 746 1677 800 ⁸⁷.
1717 764 1736 797 ι
1776 744 1995 799 Veritas
2027 742 2180 799 enim

590 838 727 895 nihil
765 839 819 892 in
853 853 914 892 se
938 838 1106 892 habet
1138 836 1435 891 adulterini
1472 852 1535 891 ac
1571 835 1714 893 falso
1742 835 1967 892 nomine
1991 834 2182 889 adum-

589 931 756 986 brati.
794 929 1062 985 Praeterea
1106 929 1578 999 sapientissimum
1629 929 1903 985 Joannem
1938 928 2184 983 claman-

590 1031 699 1076 tem
735 1021 960 1075 audiat:
1003 1038 1021 1071 ι
1050 1019 1115 1073 Ει
1138 1035 1331 1077 sumus
1362 1020 1417 1075 in
1448 1036 1580 1077 vero
1612 1019 1753 1075 Filio
1781 1018 1912 1076 Jesu
1935 1019 2181 1075 Christo.

592 1112 693 1166 llic
733 1120 816 1168 est
845 1126 1011 1166 verus
1042 1109 1210 1178 Deus,
1249 1120 1304 1164 et
1334 1110 1446 1163 vita
1473 1109 1767 1165 aeterna".
1808 1127 1825 1160 ι
1866 1106 2072 1163 Verum
2134 1105 2183 1160 si

589 1204 803 1273 pudore
837 1204 1110 1264 victus,et
1137 1202 1492 1256 contentione
1528 1201 1743 1266 relicta,
1780 1213 1973 1254 verum
2009 1196 2181 1253 Deum

588 1311 711 1349 esse
738 1293 1004 1349 fatebitur
1035 1292 1257 1359 Filium,
1283 1292 1351 1346 ad
1381 1292 1489 1348 alia
1533 1304 1883 1362 nequaquam
1913 1304 2015 1347 nos
2045 1303 2183 1344 cou-

590 1386 857 1449 fcremus,
898 1386 992 1441 sed
1023 1386 1145 1456 ejus
1178 1385 1365 1439 verbis
1415 1392 1637 1438 utemur
1679 1382 1745 1437 ad
1788 1382 1957 1453 866
1998 1381 2182 1452 ipsius

590 1479 740 1532 dicta
770 1477 1083 1533 refutanda.
1112 1477 1309 1532 Nonne
1350 1477 1497 1532 sicut
1538 1474 1778 1547 agricola
1814 1473 2019 1529 diversi
2039 1482 2123 1529 est
2149 1489 2182 1528 a

590 1568 975 1638 vitegeneris,
1006 1567 1279 1637 siquidem
1327 1568 1420 1623 ille
1451 1568 1616 1622 homo
1638 1574 1747 1631 est,
1779 1566 1895 1621 hanc
1931 1566 2177 1638 lignum:

592 1658 666 1711 ita
696 1667 847 1713 recte
880 1674 945 1713 ac
982 1674 1110 1714 vere
1149 1658 1395 1728 ejusdem
1438 1660 1658 1730 generis
1703 1660 1832 1715 vitis
1865 1660 2180 1715 censebitur

2293 561 2561 633 ὑπάρχειν
2590 561 2759 615 οἴεται
2787 562 2878 616 τὸν
2913 562 3065 628 Υἱὸν,
3099 562 3131 635 ἧ
3162 564 3299 634 οὐχὶ,
3358 568 3624 637 προσερεῖ
3649 567 3711 620 δὲ
3733 568 3873 623 νόθον

2286 650 2384 704 καὶ
2409 652 2467 703 ὲν
2494 649 2679 720 ψιλαῖς
2708 649 2901 722 ἔχοντα
2930 655 3134 723 φωναῖς
3160 654 3221 707 τὸ
3258 654 3497 726 ἀξίωμα.
3532 658 3599 710 Ei
3644 656 3753 728 μὲν
3780 660 3873 731 γὰρ

2285 741 2387 795 οὐκ
2412 740 2550 797 εἶναι
2578 742 2721 797 κατὰ
2742 743 2904 814 φύσιν
2953 745 3107 812 Θεὸν,
3127 746 3288 799 αὑτὸν
3318 748 3402 817 ἐφ’
3429 748 3613 819 ἑαυτῷ
3642 750 3874 820 δεχέσθω

2290 835 2544 909 μάρτυρα
2571 835 2662 889 τὸν
2691 837 2976 908 Μονογενῆ
2999 837 3246 907 λέγοντω
3286 857 3307 891 ι
3357 840 3498 910 Ἑγὼ
3530 844 3655 913 εἰμι
3688 845 3726 913 ἡ
3758 844 3873 915 ἀλήο

2286 925 2427 981 θεια.
2457 945 2477 979 ι
2516 927 2772 1000 Ἀλήθεια
2815 930 2927 1001 γάρ
2981 930 3106 983 καθ’
3150 930 3246 986 ἕνα
3277 932 3479 1003 τρόπον
3532 935 3601 987 οὐ
3635 933 3703 987 τὸ
3737 935 3875 988 νόθον

2284 1017 2399 1089 ἔχει
2449 1020 2545 1073 καὶ
2575 1002 2975 1093 ’ψευδώνυμον.
3041 1002 3442 1095 Παραδεχέσθω
3487 1025 3545 1080 δὲ
3588 1026 3695 1082 καὶ
3729 1027 3875 1079 αὑτὸν

2287 1109 2378 1168 ξπ).
2403 1110 2580 1184 τούτῳ
2629 1112 2722 1167 τὸν
2770 1112 3080 1183 σοφώτατον
3125 1115 3404 1189 Ἰωάννην,
3454 1118 3877 1189 ἀνακεκραγότα

2286 1204 2474 1275 σαφῶς
2501 1204 2596 1259 καὶ
2621 1206 2873 1275 λέγοντα·
2910 1226 2929 1259 ι
2950 1208 3060 1262 Καὶ
3101 1209 3273 1280 ἐσμὲν
3302 1212 3362 1265 ἐν
3395 1212 3475 1282 τῷ
3498 1212 3759 1285 ἀληθινῷ
3772 1214 3877 1286 Θεῷ

2297 1296 2472 1369 Ἰησοῦ
2506 1298 2749 1370 Χριστῷ;
2782 1293 2948 1365 Οὗτός
2976 1303 3126 1355 ἐστιν
3170 1304 3199 1357 6
3246 1302 3501 1376 ἀληθινὸς
3535 1305 3703 1369 Θεὸς,
3736 1307 3876 1376 καὶὴ

2285 1388 2452 1462 ζωὴὴ
2479 1389 2715 1455 αἰώνιος.
2742 1410 2761 1445 ι
2795 1392 2937 1446 Ἀλλ’
2963 1394 3013 1446 εἰ
3039 1394 3134 1447 καὶ
3164 1395 3301 1466 πρὸς
3337 1395 3497 1450 τοῦτο
3552 1398 3731 1468 τυχὸν
3794 1400 3875 1451 ὐπ-

2283 1480 2637 1551 ερυθρίασας,
2655 1482 2749 1536 καὶ
2775 1482 2838 1536 τὸ
2857 1482 3218 1540 διατείνεσθαι
3249 1487 3436 1558 μεθεὶς
3457 1490 3727 1560 ἀληθινὸν
3752 1491 3875 1560 ὁμο-

2281 1570 2502 1643 λογήσει
2530 1572 2663 1626 Θεὸν
2697 1574 2789 1628 τὸν
2812 1574 2965 1640 Υίὸν,
2986 1575 3086 1647 οὐχ
3116 1578 3353 1649 ἑτέρωσέ
3385 1598 3477 1634 ποι
3503 1582 3870 1652 χωρήσομεν,

2281 1661 2461 1732 λόγοις
2492 1663 2549 1716 δὲ
2578 1665 2692 1728 τοῖς
2722 1665 2852 1737 παρ’
2886 1667 3048 1721 αὐτοῦ
3102 1670 3420 1741 χρησόμεθα
3475 1671 3617 1742 πρὸς
3645 1673 3874 1743 ἀνατρο-

591 1765 718 1805 cmn
755 1750 872 1807 suis
911 1750 1263 1820 palmitibus?
1303 1748 1587 1806 Neminem
1619 1751 1820 1821 opinor
1858 1765 1924 1806 eo
1958 1751 2173 1806 venisse

2283 1755 2393 1828 πὴν
2443 1755 2559 1809 τῶν
2601 1758 2733 1829 παρ’
2792 1758 2961 1824 αὐτοῦ
3008 1760 3339 1832 λεγομένων.
3373 1763 3504 1836 'Ap‘
3556 1767 3658 1838 οὐχ
3686 1767 3873 1840 ὤσαρ

590 1856 836 1910 unquam
869 1841 1140 1906 stultitiae,
1164 1851 1221 1896 ut
1258 1856 1371 1896 rem
1404 1842 1540 1897 adeo
1579 1841 1931 1898 manifestam
1972 1858 2173 1913 negare

2279 1826 2523 1917 γεωργὸς
2549 1826 2847 1920 ἀλλογενὴς
2896 1852 3015 1904 ἐστι
3044 1826 3110 1924 τῇ
3142 1826 3422 1927 ’ἀμπέλῳ
3516 1826 3760 1931 animi
3787 1826 3873 1914 ἄνζ

592 1931 815 1985 audeat.
846 1930 984 1986 Cum
1032 1946 1165 2003 ergo
1217 1931 1361 1988 Deus
1393 1933 1671 1990 exsistens
1704 1948 1891 1996 verus,
1934 1933 2171 1988 consub-

590 2023 867 2079 stantialis
896 2040 1028 2079 vero
1050 2024 1359 2080 secundum
1392 2034 1645 2081 naturam
1673 2026 1806 2090 Deo,
1838 2027 1943 2082 hoc
1962 2034 2051 2081 est
2083 2026 2179 2079 Pa-

589 2115 683 2176 tri,
732 2122 786 2170 et
835 2116 965 2173 vitis
1011 2115 1234 2187 quidem
1283 2116 1397 2182 sit,
1448 2134 1551 2173 nos
1600 2118 1879 2189 palmites,
1925 2117 2176 2188 ejusdem

589 2222 786 2277 nempe
826 2208 1032 2263 idcirco
1064 2209 1282 2280 generis
1321 2225 1446 2264 cum
1476 2210 1606 2278 vite,
1628 2210 1910 2280 quomodo
1932 2210 2005 2264 dii
2037 2226 2177 2280 quo-

589 2314 697 2367 que
732 2314 831 2355 nos
869 2300 1178 2355 secundum
1221 2309 1477 2356 naturam
1517 2311 1707 2359 nostra
1756 2303 1924 2357 veluti
1953 2302 2175 2373 spoliati

589 2398 787 2443 natura
824 2404 934 2444 non
967 2390 1231 2447 erimus?
1278 2390 1387 2447 Sed
1432 2399 1693 2447 extremae
1739 2392 2039 2462 impietatis
2092 2400 2177 2448 est

589 2483 664 2537 ita
708 2483 935 2538 sentire.
968 2482 1125 2540 Facti
1161 2484 1367 2555 quippe
1408 2498 1510 2538 nos
1537 2499 1766 2540 sumus:
1808 2482 1951 2539 Deus
1983 2499 2178 2540 secun-

586 2573 718 2626 dum
749 2580 1003 2627 naturam
1027 2581 1112 2629 est
1134 2572 1327 2630 Filius.
1353 2573 1422 2628 At
1444 2574 1722 2644 quomodo
1754 2573 2003 2629 futurum
2028 2574 2176 2630 istud

583 2665 710 2719 est?
742 2664 853 2719 Aut
886 2665 1165 2735 quomodo
1186 2682 1376 2722 verum
1408 2673 1492 2723 est
1523 2666 1667 2737 quod
1699 2668 1768 2722 de
1801 2667 1923 2737 ipso
1949 2667 2174 2735 dicitur,

584 2757 632 2811 si
663 2756 913 2827 ejusdem
936 2758 1154 2828 generis
1176 2766 1305 2814 sunt
1330 2774 1455 2813 cum
1482 2758 1588 2813 vite
1620 2758 1917 2829 palmites?
1938 2757 2177 2816 Necesse

584 2847 734 2902 enim
762 2854 848 2904 est
879 2856 976 2903 aut
1019 2863 1123 2905 nos
1151 2849 1300 2919 ipsos
1330 2849 1401 2904 ad
1435 2864 1577 2905 vera:
1608 2848 1831 2904 deitatis
1866 2849 2047 2905 ell‘erri
2080 2866 2177 2905 na-

584 2947 793 3003 turam,
832 2947 927 2993 aut
975 2940 1126 2994 iilam
1181 2939 1249 2993 ad
1297 2956 1400 2997 nos
1448 2940 1677 2995 deduci:
1735 2941 1982 3010 ejusdem
2026 2944 2172 2997 enim

585 3035 715 3081 sunt
742 3025 960 3097 generis
984 3043 1110 3083 cum
1141 3027 1253 3082 vite
1280 3027 1558 3097 palmites.
1592 3029 1842 3098 Cumque
1876 3027 2051 3085 Filius
2091 3029 2175 3082 div-

585 3128 711 3176 cat:
757 3134 777 3168 ι
836 3117 950 3187 Ego
977 3125 1031 3170 et
1056 3116 1221 3173 Pater
1244 3134 1415 3172 unum
1452 3134 1647 3174 sumus
1681 3121 1747 3186 ’9,
1787 3138 1805 3170 ι
1856 3121 2020 3175 etiam
2072 3136 2173 3177 nos

584 3207 694 3277 ipsi
734 3222 843 3261 una
877 3209 1176 3264 evehemur
1209 3208 1277 3263 ad
1311 3210 1684 3265 omnimodam
1721 3198 1848 3265 cum
1901 3210 2065 3267 Patre
2098 3212 2171 3266 si-

585 3300 977 3366 militudinem,
1006 3311 1099 3355 aut
1136 3301 1255 3371 ipse
1281 3301 1443 3356 Pater
1473 3302 1540 3356 ad
1572 3311 1820 3357 nostram
1858 3302 2175 3358 similitudi--

584 3405 710 3444 nem
759 3388 1091 3446 detrudetur
1137 3407 1245 3446 una
1294 3407 1417 3447 cum
1452 3392 1611 3457 Filio,
1648 3394 1740 3463 qui
1789 3394 2034 3464 ejusdem
2070 3409 2174 3449 no-

584 3478 801 3533 biscum
837 3489 916 3534 est
948 3480 1186 3550 generis.
1224 3479 1417 3536 Videte
1446 3497 1578 3551 ergo
1606 3492 1812 3552 quanta
1850 3482 1981 3538 hinc
2023 3483 2173 3539 blas-

584 3569 930 3638 phemiarum
986 3570 1149 3624 turba
1182 3586 1241 3626 se
1261 3572 1480 3641 prodat.
1514 3572 1783 3638 Quocirca
1810 3573 2054 3628 rationes
2083 3589 2171 3629 se-

583 3675 818 3730 quemur
857 3661 1062 3731 potius,
1112 3662 1403 3719 credentes
1453 3662 1653 3717 Filium
1700 3680 1798 3734 per
1827 3665 2050 3720 modum
2087 3666 2165 3720 si-

582 3751 914 3809 militudinis
939 3762 994 3809 et
1022 3756 1260 3827 exempli
1283 3757 1469 3813 dicere
1499 3775 1511 3812 :
1549 3774 1568 3808 ι
1600 3757 1713 3828 Ego
1741 3773 1865 3813 sum
1896 3757 2044 3820 vitis.
2071 3773 2169 3813 vos

581 3845 858 3913 palmites,
897 3846 1061 3903 Pater
1088 3864 1245 3904 meus
1275 3851 1515 3920 agricola
1543 3859 1648 3905 est.
1694 3869 1713 3903 ι

2278 1936 2516 2008 θρωπος,
2553 1942 2586 2011 ἡ
2618 1940 2675 1994 δὲ
2710 1942 2884 2007 ξύλον·
2914 1944 3089 2010 οὕτως
3119 1948 3153 2016 ἡ
3194 1947 3459 2019 ἄμπελος,
3500 1951 3681 2021 ὀρθῶς
3703 1970 3765 2005 τε
3790 1956 3877 2005 καὶ

2275 2027 2513 2097 ἀληθῶς,
2543 2032 2794 2104 ὁμοφυὴς
2826 2032 2893 2087 ἂν
2916 2038 3109 2102 νοοῖτο,
3139 2038 3273 2108 πρὸς
3330 2038 3398 2092 τὰ
3431 2040 3539 2095 ίδια
3577 2041 3873 2112 κλήματα;

2290 2114 2429 2171 Ἀλλ’
2462 2113 2617 2191 οῖμαί
2648 2136 2714 2188 γε
2743 2122 2849 2193 μὴν
2878 2123 3083 2195 μηδένα
3129 2126 3264 2196 πρὸς
3312 2127 3469 2182 τοῦτο
3507 2130 3729 2201 μωρίας
3755 2130 3877 2183 ἑθε-

2276 2210 2437 2281 λῆσαι
2463 2211 2769 2278 κατελθεῖν,
2805 2214 2882 2278 ὼς
2914 2216 3197 2288 ἀρνεῖσθαι
3218 2218 3421 2291 τολμᾷν
3445 2220 3504 2273 τὸ
3532 2220 3678 2275 οὕτω
3704 2240 3879 2276 κατα-

2277 2302 2464 2373 φανές.
2492 2305 2622 2358 Ὅτε
2644 2305 2827 2359 τοίνυν
2846 2305 2979 2370 Θεὸς
3000 2308 3258 2380 ὑπάρχων
3289 2310 3564 2381 ἀληθινὸς,
3582 2314 3880 2383 όμοούσιὰς

2276 2393 2493 2465 ἔστιτῷ
2530 2394 2674 2449 κατά
2731 2398 2894 2465 φύσιν
2931 2398 3172 2472 ἀληθινῷ
3225 2401 3366 2473 Θεῷ,
3417 2403 3563 2457 τοῦτ’
3614 2405 3740 2459 ἐστι
3798 2407 3881 2477 τῷ

2277 2485 2472 2557 Πατρὶ,
2500 2486 2598 2541 καὶ
2644 2488 2891 2555 ἄμπελος
2938 2492 3036 2563 μὲν
3082 2492 3221 2558 ἐστι,
3269 2494 3529 2566 κλήματα
3553 2498 3614 2551 δὲ
3658 2500 3879 2568 ἡμεῖς,

2275 2577 2491 2649 ὁμοφυῆ
2514 2578 2756 2650 δηλονότι
2783 2581 2871 2636 διὰ
2902 2585 3061 2639 τοῦτο
3091 2588 3155 2657 τῇ
3190 2587 3440 2660 ἀμπέλῳ,
3475 2590 3593 2652 πῶς
3611 2590 3740 2661 οὐχὶ
3763 2591 3885 2646 θεοὶ

2276 2667 2420 2722 κατά
2473 2668 2635 2738 φύσιν
2688 2672 2928 2743 ἐσόμεθα
2950 2676 3044 2729 καὶ
3088 2679 3272 2748 ἡμεῖς,
3320 2678 3419 2749 τὴν
3474 2680 3614 2734 ίδίαν
3669 2680 3884 2751 ὥσπερ

2275 2758 2507 2828 ἀφέντες
2541 2762 2737 2832 φύσιν;
2807 2766 2946 2821 Ἀλλ’
2974 2767 3090 2822 ἔστι
3140 2770 3201 2824 τὸ
3226 2771 3371 2827 οὕτω
3401 2776 3619 2844 φρονεῖν
3639 2775 3760 2828 τῶν
3799 2778 3883 2840 εἰς

2276 2851 2445 2924 ἀκρον
2467 2854 2787 2922 δυσσεϐείας
2826 2861 3068 2931 ἡκόντων
3122 2864 3328 2919 κακῶν.
3365 2868 3732 2941 Πεποιήμεθα
3765 2872 3884 2945 γὰρ

2275 2946 2457 3015 ἡμεῖς’
2505 2947 2639 3012 Θεὸς
2666 2949 2723 3003 δὲ
2757 2952 2900 3005 κατά
2934 2954 3097 3022 φύσιν
3131 2956 3279 3011 ἐστὶν
3317 2962 3345 3012 6
3383 2960 3531 3025 Υἱός.
3572 2961 3715 3017 Εἶτα
3757 2967 3882 3029 πῶς

2277 3036 2429 3126 ἔσται
2457 3038 2613 3093 τοῦτο
2640 3057 2654 3105 ;
2680 3042 2802 3106 Πῶς
2839 3044 2893 3097 δὲ
2924 3046 3127 3117 ἀληθὲς
3154 3050 3240 3103 ἐπ’
3264 3051 3413 3123 αὑτῷ
3450 3054 3513 3106 τὸ
3545 3055 3877 3126 λεγόμενον,

2277 3125 2435 3197 εἴπερ
2462 3128 2601 3181 εἰσὶν
2630 3130 2844 3203 ὁμοφυῆ
2865 3136 2928 3205 τῇ
2959 3135 3194 3209 ἀμπέλῳ
3211 3138 3281 3192 τὰ
3298 3138 3589 3212 κλήματα;
3623 3125 3879 3215 Ἀνάγκη

2275 3215 2404 3310 γάρ,
2435 3216 2468 3310 ᾗ
2505 3218 2600 3271 καὶ
2640 3222 2790 3291 ἡμᾶς
2836 3224 3033 3289 αὐτοὺς
3063 3228 3146 3291 είς
3182 3228 3281 3301 τὴν
3332 3232 3433 3302 τῆς
3480 3234 3751 3305 θεότητος
3778 3240 3883 3310 τῆς

2272 3306 2508 3377 ἀληθοῦς
2540 3310 2969 3382 ἀνακομίζεσθαι
3018 3317 3200 3385 φύσιν,
3251 3321 3420 3392 ἧγουν
3452 3325 3667 3396 ἐκείνην
3696 3306 3883 3383 κατα-

2273 3397 2587 3462 6ι6ἀζεσθαι
2618 3402 2755 3473 πρὸς
2786 3405 2953 3474 ἡμᾶς’
2981 3409 3193 3481 ὁμοφυῆ
3244 3411 3352 3484 γὰρ
3387 3417 3452 3486 τῇ
3511 3419 3754 3489 ἀμπέλῳ
3806 3422 3879 3475 τὰ

2272 3489 2543 3559 κλήματα.
2569 3494 2679 3547 Καὶ
2705 3496 2933 3569 ἐπείπερ
2965 3499 3211 3567 φαίνεται
3243 3502 3416 3573 λέγων
3433 3509 3461 3561 ὁ
3487 3508 3636 3573 Υἱός·
3662 3530 3683 3563 ι
3723 3512 3880 3581 Ἐγὼ

2272 3581 2367 3633 καὶ
2398 3583 2427 3634 6
2461 3584 2650 3655 Πατὴρ
2676 3586 2733 3640 ἓν
2755 3587 2947 3655 ἐσμεν,
2973 3608 2992 3643 ι
3034 3590 3129 3645 καὶ
3171 3594 3332 3664 ἡμεῖς
3379 3599 3511 3653 αὐτὸ
3547 3600 3661 3672 [πρ.
3682 3605 3877 3677 αὐτοὶ]

2278 3674 2763 3745 συναναὸησόμεθα
2818 3678 2954 3748 πρὸς
3016 3682 3345 3755 ὁμοιότητα,
3408 3690 3509 3759 τὴν
3560 3694 3702 3746 κατά
3762 3674 3879 3748 πᾶν

2274 3761 2455 3815 ὁτιοῦν
2478 3766 2615 3836 πρὸς
2640 3766 2730 3820 τὸν
2777 3769 3021 3841 Πατέρα,
3062 3772 3095 3843 ἢ
3128 3775 3220 3827 καὶ
3277 3778 3439 3842 αὐτὸς
3482 3781 3512 3832 ὁ
3562 3783 3761 3854 Πατὴρ
3794 3789 3879 3841 εἰς

2275 3854 2549 3950 ἡμετέραν
2582 3859 2841 3950 ὁμοίωσιν
2878 3864 3484 3940 συγκαθελκυσθήσεται
3507 3874 3582 3945 τῷ
3622 3877 3770 3947 Υίῷ,
3796 3879 3876 3950 τῷ

583 3937 722 4007 πρὸς
751 3941 901 4009 ἡμᾶς
925 3943 1171 4011 ὁμοφυεῖ.
1213 3943 1407 4015 Ὁρᾶτε
1433 3943 1498 4014 δὴ
1526 3938 1643 4006 οὖν,
1671 3943 1796 3995 ὅσον
1825 3943 1955 4013 ἡμῖν
1975 3943 2225 3999 ἐντεῦθεν
2249 3945 2574 4019 δυσφημιῶν
2601 3939 2882 4011 ἀναέέλλει
2911 3956 3161 4030 θόρυϐος.
3232 3937 3331 4017 Διά
3389 3964 3455 4034 δὴ
3511 3937 3689 4035 τοῦτο,
3708 3937 3721 3947 ⁵

581 4030 639 4097 ἐξ
672 4031 931 4102 ἀληθείας
959 4033 1159 4103 μᾶλλον
1181 4036 1422 4106 ἑψόμεθα
1470 4037 1771 4107 λογισμοῖς,
1816 4037 1872 4087 ἐν
1905 4035 2301 4109 ὑποδείγματα-ς
2365 4042 2578 4115 τρόπῳ,
2613 4046 2967 4115 πιστεύοντες
3017 4051 3109 4108 τὸν
3174 4053 3303 4108 Υίὸν
3369 4030 3578 4111 εἰπεῖν·
3652 4030 3688 4112 ι’
3718 4030 3875 4131 Ἐγῶ

581 4126 698 4194 είμι
728 4126 762 4194 ἡ
793 4123 1055 4193 ἄμπελος,
1089 4127 1246 4197 ὑμεῖς
1276 4128 1343 4181 τά
1395 4128 1669 4199 κλήματα,
1699 4131 1727 4181 ὁ
1779 4127 1969 4199 Πατήρ
2004 4147 2107 4200 μου
2137 4132 2165 4183 6
2205 4135 2453 4205 γεωργός
2484 4137 2652 4191 ἐστιν.
2677 4157 2696 4190 ο

656 4214 771 4281 XV,
821 4216 877 4269 Ξ.
936 4218 1154 4272 Omnem
1195 4219 1470 4289 palmitem
1514 4221 1569 4274 in
1622 4238 1703 4275 me
1760 4240 1864 4277 non
1916 4225 2167 4293 ferentem

582 4307 837 4377 fructum,
878 4310 1022 4363 tollet
1056 4327 1175 4363 eum
1206 4353 1221 4378 ,
1258 4320 1308 4365 et
1339 4328 1547 4366 omnem
1603 4314 1693 4383 qui
1748 4314 1850 4383 [ert
1907 4316 2161 4385 fructum,

578 4399 823 4469 purgabit
852 4416 992 4463 eum,
1027 4410 1083 4454 ut
1111 4401 1350 4471 fructum
1381 4403 1502 4469 plus
1537 4405 1755 4473 a/ferat.

654 4491 860 4546 Alfectu
913 4502 968 4546 et
1012 4493 1337 4549 habitudine
1373 4503 1598 4550 constat
1648 4508 1839 4554 nostra
1891 4502 2162 4575 congluti-

2339 4227 2472 4283 Πᾶν
2510 4229 2717 4299 κλῆμα
2748 4231 2818 4286 ἐν
2866 4234 2993 4304 ἐμοὶ
3032 4237 3120 4308 μὴ
3175 4240 3364 4311 φέρον
3406 4242 3661 4312 καρπὸν,
3704 4246 3869 4315 αἴρει

2263 4320 2430 4385 αὐτὸ,
2466 4322 2565 4375 καὶ
2594 4324 2719 4380 πᾶν
2766 4326 2833 4378 τὸ
2884 4331 3121 4397 καρπὸν
3153 4334 3339 4403 φέρον
3376 4338 3644 4406 καθαίρει
3670 4341 3830 4393 αὐτὸ
3852 4383 3866 4404 ,

2263 4412 2365 4466 ἵνα
2393 4414 2630 4481 καρπὸν
2661 4417 2918 4471 πλείονα
2937 4420 3111 4489 φέρῃ.

2347 4505 2569 4576 Ἐκτικὴ
2602 4507 2700 4577 μὲν
2732 4509 2889 4579 ἡμῶν
2918 4513 2949 4582 ἡ
2974 4512 3229 4585 κόλλησις
3276 4518 3411 4587 πρὸς
3440 4520 3697 4590 Χριστὸν,
3716 4537 3867 4593 προ-

578 4583 733 4637 natio
758 4598 881 4637 cum
919 4583 1164 4649 Christo,
1194 4600 1315 4655 quae
1347 4585 1618 4642 claritatis
1648 4589 1754 4643 vim
1776 4608 1843 4647 ex
1875 4595 2160 4664 proposito

2277 4601 2544 4672 ιιρετικὴν
2576 4602 2775 4672 ἔχουσα
2826 4605 2926 4675 τῆς
2981 4583 3283 4677 σαφηνείας
3321 4583 3437 4681 -τὴν
3468 4583 3718 4682 δύναμιν,
3766 4583 3867 4669 ἰἐε-

578 4681 634 4729 et
669 4675 951 4730 voluntate
985 4675 1172 4739 habet,
1205 4676 1301 4732 sed
1330 4692 1450 4731 eam
1481 4677 1750 4737 charitate
1802 4699 1866 4738 ac
1900 4685 2005 4740 fide
2043 4701 2162 4755 per-

577 4766 711 4822 licit.
748 4766 815 4821 Et
868 4767 1006 4824 ﬁdes
1050 4767 1273 4839 quidem
1322 4771 1532 4827 nostris
1574 4773 1779 4830 animis
1808 4774 2029 4841 insidet,
2063 4792 2164 4846 pu-

576 4873 693 4911 ram
735 4859 938 4916 divina:
961 4860 1302 4933 cognitionis
1331 4863 1585 4932 praebens
1614 4867 2120 4925 manil‘estationem
2146 4888 2160 4926 :

576 4950 873 5009 cbaritatis
905 4961 1091 5008 autem
1135 4955 1278 5010 ratio
1326 4955 1571 5011 mandati
1625 4959 1786 5014 nobis
1820 4961 1887 5014 ab
1918 4976 1984 5016 eo
2021 4977 2163 5031 prm—

577 5040 769 5111 scripti
827 5045 1065 5114 requirit
1105 5046 1569 5102 observationem.
1617 5047 1709 5105 Sic
1758 5051 1903 5107 enim
1960 5054 2164 5109 alicubi

576 5130 741 5183 etiam
775 5132 895 5202 ipse
932 5134 1255 5207 diligentem
1294 5153 1355 5193 se
1381 5139 1705 5203 ostendens,
1738 5142 1961 5196 aiebat:
1994 5163 2013 5195 ι
2070 5144 2173 5211 Qui

577 5219 760 5291 diligit
811 5239 921 5289 me,
971 5227 1231 5282 mandata
1268 5242 1387 5281 mea
1439 5230 1754 5287 servabit‘.
1796 5251 1814 5283 ι
1869 5231 2168 5289 Sciendum

577 5311 781 5380 itaque,
834 5314 964 5371 licet
1004 5318 1056 5372 ei
1103 5320 1240 5375 uniti
1275 5322 1451 5376 simus
1493 5337 1591 5393 per
1626 5322 1805 5389 ﬁdem,
1841 5333 1895 5378 et
1934 5325 1989 5379 in
2020 5327 2166 5381 nuda

577 5417 643 5457 ac
676 5404 795 5459 sola
839 5407 1197 5467 confessione
1242 5415 1656 5485 conjumtionis
1691 5416 1914 5471 modum
1952 5427 2164 5475 statua-

579 5510 725 5560 mus,
755 5512 936 5567 neque
961 5515 1092 5555 vero
1132 5504 1294 5562 bonis
1334 5509 1623 5565 cbaritatis
1676 5511 1991 5568 actionibus
2037 5528 2163 5567 con-

571 5584 878 5654 junctionis
912 5590 1062 5649 illius
1091 5596 1372 5655 vinculum
1402 5602 1626 5673 insuper
1652 5603 2014 5675 stringamus,
2043 5606 2161 5676 pal-

654 5767 698 5797 ⁹⁷
741 5766 898 5826 Joan.
936 5787 1042 5836 xlv,
1078 5773 1129 5827 6.
1209 5778 1252 5806 ""
1294 5775 1312 5830 1
1348 5776 1502 5831 .Ιυ;ιιι.
1540 5796 1596 5842 v,
1629 5780 1719 5833 20.

1798 5785 1840 5813 99
1883 5780 2041 5837 Joan.
2079 5799 2143 5847 χ,
2186 5782 2275 5837 50.

2263 4691 2483 4745 λειοῦσα
2507 4692 2561 4744 δὲ
2589 4694 2780 4766 ἀγάπῃ
2812 4697 2906 4749 καὶ
2928 4697 3133 4751 πίστει.
3168 4701 3277 4753 Καὶ
3307 4704 3340 4772 ἡ
3379 4703 3478 4772 μὲν
3520 4703 3705 4767 πίστις
3730 4709 3865 4769 ταῖς

2262 4782 2566 4854 ἡμετέραις
2594 4784 2948 4850 είσοικίζεται
2975 4787 3197 4858 ψυχαῖς,
3216 4792 3492 4864 ἀκραιφνῆ
3509 4794 3609 4863 τῆς
3628 4795 3860 4863 θεογνω

2266 4873 2387 4936 σίας
2429 4873 2745 4945 παρέχουσα
2795 4877 2895 4947 τὴν
2951 4879 3206 4949 δήλωσιν.
3256 4883 3316 4935 'O
3366 4883 3421 4936 δὲ
3482 4885 3584 4953 τῆς
3630 4887 3863 4957 ἀγάπης

2264 4964 2483 5034 τρόπος,
2517 4965 2616 5034 τῆς
2674 4966 2804 5038 παρ’
2863 4968 3028 5023 αὐτοῦ
3067 4970 3435 5045 διορισθείσης
3472 4978 3604 5046 ἡμῖν
3628 4978 3863 5048 ἐντολῆς

2270 5058 2495 5109 ἀπαιτεῖ
2517 5056 2615 5127 τὴν
2642 5058 2897 5128 τήρησιν.
2950 5060 3106 5115 Οὕτω
3137 5066 3243 5135 γάρ
3281 5082 3384 5119 που
3419 5066 3514 5119 καὶ
3567 5068 3732 5131 αὐτὸς
3760 5069 3860 5123 τὸν

2268 5148 2568 5216 ἀγαπῶντα
2608 5149 2824 5213 δεικνὺς
2882 5150 3138 5221 ἔφασκενο
3204 5174 3221 5206 ι
3271 5156 3330 5209 Ὁ
3362 5157 3594 5225 ἀγαπῶν
3640 5176 3710 5228 με
3751 5162 3861 5224 τὰς

2263 5239 2487 5303 ἐντολάς
2516 5257 2617 5309 μου
2643 5242 2896 5314 τηρήσει.
2929 5262 2947 5294 ›
2994 5244 3191 5299 Ἰστέον
3211 5242 3303 5301 οὖν
3335 5249 3419 5302 ὅτι
3468 5252 3858 5321 συνενούμενοι

2266 5330 2366 5399 μὲν
2406 5330 2493 5384 διὰ
2540 5333 2778 5395 πίστεως
2823 5333 2993 5404 αὐτῷ,
3036 5335 3133 5389 καὶ
3184 5340 3240 5391 ὲν
3296 5340 3480 5410 ψιλαῖς
3512 5342 3610 5397 καὶ
3656 5343 3859 5413 μόναις

2258 5422 2573 5491 ὁμολογίαις
2630 5424 2691 5476 τὸ
2743 5424 2845 5495 τῆς
2908 5426 3214 5497 κολλήσεως
3286 5428 3427 5496 εἶδος
3494 5433 3855 5505 ἐπιτηδεύονο

2258 5531 2350 5577 τες
2381 5552 2397 5578 ,
2435 5514 2497 5566 οὐ
2567 5515 2675 5586 μὴν
2719 5518 2813 5569 καὶ
2854 5519 2968 5582 τοῖς
3013 5518 3071 5586 ἐξ
3106 5521 3327 5593 ἀγάπης
3390 5524 3856 5597 ἀνδραγαθήμασι

2265 5605 2357 5659 τὸν
2414 5605 2517 5675 τῆς
2584 5608 2875 5676 συναφείας
2940 5609 3137 5680 δεσμὸν
3198 5615 3647 5686 ἐπισφίγγοντες,
3717 5620 3855 5690 κλη-

2359 5787 2371 5815 ¹
2412 5782 2566 5839 Juau.
2608 5802 2715 5851 xw,
2753 5790 2843 5844 25.
