4056 6522
86 431 205 489 349

1204 437 1275 494 ΙΝ
1301 440 1592 499 JOANNIS
1625 442 2073 500 EVANGELIUM
2108 445 2237 501 LIB.
2272 445 2340 503 Χ.

3298 454 3405 510 550

92 561 258 616 ματα
334 545 449 617 μὲν
490 546 729 619 ἐσόμεθα
761 588 776 614 ,
832 548 1002 622 νεκρά
1050 551 1107 606 δὲ
1162 553 1312 625 ὅμως
1352 557 1448 612 καὶ
1473 557 1716 629 ἄκαρπα.

1826 557 1986 613 mites
2019 558 2241 628 quidem
2277 575 2377 616 nos
2406 559 2547 628 fore,
2591 561 2687 618 sed
2719 569 2966 619 mortuos
2998 570 3205 631 tamen,
3225 579 3290 620 ac
3321 566 3408 623 in-

97 657 117 686 ‹
162 637 314 709 Δίχα
395 641 503 712 γὰρ
559 642 738 713 ἔργων
785 644 818 715 ἠ
876 644 1057 710 πίστις
1102 651 1274 720 νεκρά
1328 650 1477 719 ἐστι,
1521 671 1540 703 ι
1572 654 1716 708 κατά

91 732 201 802 τήν
269 732 383 787 τοῦ
436 735 591 803 ἁγίου
628 737 835 808 φωνήν.
870 736 933 791 Εἰ
989 741 1172 795 τοίνυν
1233 742 1343 813 ἀρα
1404 745 1546 800 κατά
1602 745 1720 799 τοῦ·

91 844 188 878 τον
220 826 328 878 τὸν
352 827 558 899 τρόπον
588 827 759 900 ὁρῷτό
781 848 837 883 τε
873 832 968 885 καὶ
1012 832 1247 907 ὑπάρχοι
1273 836 1481 909 κλῆμα,
1516 840 1713 912 μάτην,

95 919 174 980 ὡς
204 917 354 981 ἔπος
387 922 582 986 είπεῖν,
614 922 724 975 τῶν
744 922 841 992 τῆς
870 924 1117 995 ἀμπέλου
1146 928 1413 1001 στελεχῶν
1450 931 1716 1001 ὲκκεκρε-

99 1008 453 1079 μασμένων,
479 1011 611 1066 ἵστω
640 1013 705 1084 δὴ
727 1014 945 1080 πάντως
967 1019 1031 1088 τῇ
1061 1017 1156 1071 τοῦ
1192 1022 1439 1092 γεωργοῦ
1471 1022 1717 1098 δρεπάνῃ

102 1101 604 1172 περιτευξόμενον.
657 1104 951 1177 Ἀποτεμεϊ
997 1109 1106 1181 γὰρ
1152 1110 1372 1177 πάντως
1421 1113 1589 1179 αὐτὸ,
1619 1115 1715 1169 καὶ

100 1189 380 1260 καθάπερ
434 1194 641 1246 εἰκαῖον
695 1196 962 1264 συρφετὸν
1020 1199 1155 1270 πυρὶ
1208 1200 1472 1269 νέμεσθαι
1529 1202 1711 1261 δώσει.

99 1279 283 1334 Τοῦτο
318 1282 442 1352 γὰρ
478 1283 585 1336 τῶν
613 1284 879 1356 ἀκάρπων
915 1287 976 1341 τὸ
1006 1291 1179 1363 κρῖμα
1199 1332 1214 1357 ,
1239 1293 1511 1367 καθάπερ,
1534 1291 1711 1367 οἶμαι,

103 1374 199 1426 καὶ
226 1375 469 1446 ἐπὶητῆς
516 1375 592 1440 ὡς
618 1378 677 1431 ἐν
715 1377 846 1433 εἴδει
894 1383 1209 1457 παραϐολῆς
1252 1387 1713 1462 παραληφθείσης

108 1468 312 1537 συκῆς,
350 1468 433 1538 τῷ
456 1469 786 1539 γηπονοῦντί
821 1490 985 1544 φησιν
1018 1476 1160 1531 ὁτοῦ
1195 1478 1395 1551 χωρίου
1422 1480 1709 1555 δεσπότηςο

113 1580 129 1609 ι
165 1559 462 1629 Ἐκκοψον
500 1561 689 1633 αὐτὴν,
722 1562 808 1617 ἴνα
854 1565 908 1618 τί
946 1566 1041 1620 καὶ
1067 1568 1166 1640 τὴν
1212 1571 1317 1642 γῆν
1346 1576 1650 1644 καταργεῖ;
1686 1594 1706 1630 t

108 1647 270 1702 (ιῦτω
294 1651 544 1705 κάνθάδε
564 1652 771 1724 νομίζω
794 1655 887 1709 τὸν
914 1658 1168 1713 ἀπάντων
1189 1661 1321 1717 Θεὸν
1346 1665 1440 1718 καὶ
1469 1666 1709 1738 Πατέρα,

110 1740 200 1792 τδν
258 1743 497 1810 στεγνόν
528 1761 587 1796 τε
629 1745 721 1798 καὶ
758 1747 950 1815 ἄγονον
986 1750 1096 1804 τῶν
1120 1752 1415 1824 κλημάτων
1454 1757 1713 1829 ἀποθερί-

112 1830 223 1895 ζειν
256 1832 451 1902 δχλον,
484 1835 569 1888 ἐπ’
593 1836 770 1890 οὐδενὶ
798 1838 906 1891 τῶν
932 1842 1219 1912 χρησίμων
1251 1845 1349 1914 τῆς
1375 1847 1573 1919 νοητῆς
1603 1849 1709 1919 ἀμ-

114 1923 281 1975 πέλου
317 1928 771 1998 παρηρτημένον.
807 1903 1051 2002 υῐμάῖδὲ
1085 1903 1217 2003 έγὼ,
1252 1903 1345 1990 τοῦ
1373 1903 1482 1991 τῶν
1503 1903 1712 2011 μετέ-
1743 1903 1787 1964 Β

117 2032 225 2085 ρων
239 2016 316 2086 ψυ
323 2017 441 2087 χῶν
465 2020 979 2093 ὲπιμελητὴν,τοῦτ’
1006 2025 1121 2080 ἔστι
1148 2028 1301 2093 Θεὸν,
1332 2029 1593 2097 ἐπιδεῖξαι
1630 2032 1717 2086 θέ-

115 2105 227 2159 λειν
273 2108 366 2161 διὰ
400 2112 505 2182 τῆς
541 2113 599 2165 ὲν
648 2113 858 2178 τούτοις
906 2118 1260 2190 παραϐολῆς,
1293 2123 1477 2175 ὁποῖόν
1527 2140 1586 2176 τε
1620 2124 1714 2178 καὶ

114 2200 237 2251 ὅσον
274 2201 547 2271 ὑπομένει
576 2204 635 2257 τὸ
664 2204 859 2275 βλάϐος
878 2210 911 2278 ἡ
943 2210 1041 2281 τῆς
1065 2211 1200 2279 πρὸς
1238 2214 1401 2269 αὐτὸν
1430 2218 1713 2283 κοινωνίας

120 2292 509 2382 ἀποτμηθεῖσα
565 2295 734 2369 ψυχή.
780 2300 924 2368 Πρὸς
965 2302 1026 2356 τὸ
1074 2305 1241 2375 μηδὲν
1282 2308 1390 2379 γὰρ
1434 2311 1713 2382 οἰχήσεται

122 2382 213 2475 καὶΪ
236 2381 393 2475 ἀχρη
405 2403 529 2449 στος
556 2386 708 2442 ἔσται
744 2392 882 2463 πρὸς
906 2396 1086 2449 πᾶσαν
1112 2399 1174 2466 ἀγ
1186 2398 1501 2473 αθουργίαν,
1532 2381 1712 2475 ἀναμ-

127 2473 359 2565 ςιιϐὀλως
398 2493 466 2544 γε
518 2479 627 2550 μὴν
662 2482 880 2537 κολάσει
912 2488 1373 2561 παραδοθήσεται,
1414 2493 1507 2547 καὶ
1538 2473 1713 2565 πυρὸς

128 2563 273 2616 ἔσται
296 2565 390 2618 τοῦ
419 2569 723 2639 παμφάγου
762 2577 958 2647 τροφή.
992 2578 1102 2631 Καὶ
1145 2579 1276 2647 γοῦν
1316 2581 1404 2636 διὰ
1436 2582 1530 2636 τοῦ
1575 2563 1714 2656 προ-

129 2656 292 2722 φὴτου
327 2657 498 2713 πάλιν
537 2661 795 2736 Ἰεζεχιὴλ
822 2666 953 2720 αὐτὸ
982 2668 1045 2739 δὴ
1092 2669 1272 2734 τοῦτο,
1304 2673 1397 2727 καὶ
1430 2675 1576 2745 μάλα
1610 2694 1711 2733 σα-

128 2747 237 2815 φῶς
291 2748 671 2822 διερμηνεύων
710 2754 897 2825 ἔλεγεν
931 2776 944 2788 ·
979 2777 997 2811 ι
1038 2760 1134 2814 Υἱὲ
1190 2763 1479 2835 ἀνθρώπου
1502 2809 1517 2833 ,
1548 2768 1601 2821 τί
1646 2769 1713 2824 ἂν

131 2840 331 2909 γένοιτο
380 2843 448 2897 τὸ
480 2844 633 2909 ξύλον
666 2849 766 2919 τῆς
790 2850 1037 2921 ἀμπέλου
1070 2855 1134 2907 ἐκ
1166 2856 1384 2911 πάντων
1412 2856 1519 2911 τῶν
1540 2859 1714 2926 ξύλων

132 2933 230 2984 τῶν
265 2934 443 2989 ὄντων
480 2938 536 2991 ἐν
557 2942 670 3004 τοῖς
710 2940 886 3007 ξύλοις
915 2945 1011 2998 τοῦ
1049 2946 1296 3018 δρυμοῦ;
1332 2950 1424 3021 Μὴ
1454 2949 1713 3022 λήψονται

134 3024 186 3092 ἐξ
218 3026 381 3081 αὐτοῦ
414 3028 569 3094 ξύλον
597 3032 690 3086 τοῦ
723 3034 946 3106 ποιῆσαι
973 3040 1053 3101 είς
1083 3040 1346 3111 ἐργασίαν
1371 3060 1384 3108 ;
1409 3042 1441 3113 ἢ
1466 3042 1561 3096 τοῦ
1592 3061 1717 3113 κρε-

136 3119 293 3185 μάσαι
326 3122 387 3174 ἐν
426 3122 576 3194 αὐτῷ
611 3125 720 3178 πᾶν
751 3127 978 3193 σκεῦος;
1015 3131 1126 3201 Τὴν
1154 3131 1275 3185 κατ’
1306 3132 1552 3188 ἐνιαυτὸν
1582 3135 1713 3189 κάθ-

134 3226 278 3319 αρσιν
306 3212 486 3322 αὐτῆς
510 3216 791 3272 ἀναλίσκει
818 3220 878 3272 τὸ
906 3219 1144 3292 πῦρ,κα¹ι
1164 3222 1405 3279 ἐκλείπει
1434 3226 1513 3288 εἰς
1534 3226 1706 3292 τέλος,
1737 3264 1779 3322 C

138 3300 204 3371 μὴ
232 3304 505 3376 χρήσιμον
532 3307 685 3363 ἔσται
714 3312 796 3374 εἰς
838 3312 1102 3382 ἐργασίαν
1131 3331 1146 3381 ;
1180 3334 1198 3366 ι
1243 3315 1409 3380 Σύνες
1433 3317 1497 3388 δὴ
1535 3314 1627 3372 οῦν
1649 3319 1712 3372 τὸ

136 3393 268 3458 ἅπαξ
315 3397 645 3470 ἀποτμηθὲν
672 3441 687 3467 ,
720 3404 813 3456 καλ⁸
870 3403 1184 3477 ὁλοκλήρως
1240 3408 1668 3481 ἀπεσπασμένον
1694 3450 1709 3477 ,

137 3485 397 3558 ἄχρηστον
451 3492 550 3562 μὲν
580 3494 861 3560 παντελῶς
905 3498 1000 3550 καὶ
1032 3498 1112 3561 εἰς
1147 3499 1301 3553 οὐδέν
1327 3502 1446 3555 ἐστι
1475 3502 1585 3557 τῶν
1615 3504 1713 3557 ἀν-

137 3582 368 3648 αγκαίων
407 3584 836 3659 παραληφθῆναι
891 3589 1209 3662 δυνάμενον,
1265 3592 1412 3663 μόνῳ
1463 3594 1522 3648 δὲ
1571 3596 1715 3667 τάχα

140 3672 464 3742 χρησιμεῦον
493 3675 649 3746 πυρί.
684 3672 811 3749 Ἆρ’
848 3676 942 3735 οὖν
968 3681 1028 3734 οὐ
1084 3682 1351 3753 πρόδηλον
1377 3722 1391 3747 ,
1423 3684 1498 3748 ὡς
1536 3687 1584 3739 εἰ
1620 3687 1715 3741 καὶ

142 3762 309 3833 κλῆμα
340 3766 659 3838 γενοίμεθα,
699 3772 799 3841 τῆς
830 3772 930 3841 μὲν
960 3773 1222 3828 πολυθέου
1249 3774 1459 3848 πλάνης
1482 3776 1714 3842 ὲξεσπα-

145 3856 330 3923 σμένοι,
348 3858 793 3932 ὁμολογήσαντες
817 3863 873 3917 δὲ
899 3863 995 3934 τὴν
1018 3865 1202 3921 πίστιν
1231 3866 1327 3939 τὴν
1349 3870 1429 3932 εἰς
1454 3870 1712 3940 Χριστὸν,

143 3945 320 4017 ἔρημοι
355 3950 419 4003 δὲ
446 3951 535 4005 διὰ
566 3955 666 4024 τῆς
705 3953 815 4008 τῶν
841 3954 1017 4027 ἔργων
1061 3957 1372 4030 κολλήσεως
1397 3961 1713 4033 γενοίμεθα,

145 4041 341 4105 πάντως
368 4041 548 4113 δήπου
587 4043 656 4098 τά
687 4045 796 4099 τῶν
836 4048 1055 4103 είκαίων
1080 4050 1375 4121 κλημάτων
1408 4055 1715 4127 ὑποστησό-

147 4132 298 4201 μεθα;
344 4136 465 4189 Καὶ
505 4136 560 4189 τί
591 4137 650 4192 τὸ
695 4137 924 4205 λοιπόν;
971 4141 1419 4215 Ἀποτεμνόμεθα
1453 4147 1560 4219 γὰρ
1600 4148 1718 4202 ὁλο-

147 4225 359 4297 κλήρως,
402 4228 744 4301 δοθησόμεθα
791 4230 900 4303 γὰρ
937 4234 1031 4287 καὶ
1072 4237 1207 4306 πυρὶ
1254 4237 1351 4292 καὶ
1394 4239 1461 4308 ἢν
1497 4239 1715 4313 εἴχομέν

148 4332 261 4369 ποτε
311 4319 468 4390 παρά
514 4321 614 4392 τῆς
663 4322 913 4393 ἀμπέλου
964 4324 1233 4390 ζωοποιδν
1295 4328 1535 4399 ἰκμάδα,
1567 4332 1715 4386 τοῦτ’

150 4406 265 4471 ἔστι,
294 4408 352 4463 τὸ
387 4410 615 4483 Πνεῦμα
648 4413 1174 4487 προσαποϐαλόντες.
1213 4417 1279 4469 Ὃ
1302 4416 1412 4488 γάρ
1447 4418 1552 4490 ἐφη
1582 4421 1717 4492 Χρι-

152 4499 275 4567 στὸς,
310 4503 409 4555 ἐπὶ
449 4503 544 4557 τοῦ
587 4503 648 4557 τό
698 4504 964 4560 τάλαντον
996 4505 1436 4577 καταχώσαντος,
1463 4508 1620 4564 τοῦτο
1649 4511 1714 4584 δὴ

1821 648 2159 708 fructuosos.
2183 651 2317 706 Nam
2344 673 2362 705 ι
2392 654 2529 709 lides
2553 656 2673 710 sine
2704 656 2971 725 operibus
3004 663 3221 711 mortua
3247 669 3353 724 est,
3381 678 3402 713 ι

1816 742 1983 813 867
2012 744 2167 813 juxta
2206 745 2353 802 illius
2381 747 2554 802 sancti
2582 764 2769 805 vocem
2791 752 2833 800 ².
2857 745 2915 803 Si
2936 750 3060 821 quis
3090 764 3220 820 ergo
3243 750 3406 808 istius

1816 832 1966 889 modi
2009 846 2267 891 cernatur
2313 845 2369 894 et
2394 840 2464 894 sit
2492 839 2727 911 palmes,
2756 840 2988 905 frustra,
3016 850 3076 896 ut
3102 858 3213 897 uno
3234 845 3407 899 verbo

1817 924 2025 992 dicam,
2045 929 2348 984 sarmentis
2377 945 2407 986 e
2432 931 2541 987 vite
2558 932 2947 1002 pendentibus,
2966 934 3105 988 sciat
3134 934 3322 1006 utique
3348 937 3404 991 in

1815 1015 2072 1075 vinitoris
2114 1018 2310 1076 falcem
2352 1038 2412 1077 se
2466 1023 2850 1080 incursurum.
2898 1025 3219 1097 Amputabit
3254 1028 3399 1083 enim

1817 1108 2020 1179 ipsum,
2044 1127 2110 1167 ac
2140 1113 2289 1169 velut
2324 1114 2541 1170 inanem
2569 1117 2778 1186 paleam
2821 1118 2873 1172 in
2911 1119 3088 1190 ignem
3123 1119 3398 1190 projiciet.

1817 1198 1934 1258 Hoc
1956 1204 2102 1259 enim
2129 1214 2214 1261 est
2239 1208 2510 1263 sterilium
2530 1218 2585 1264 et
2610 1208 3077 1267 infructuosorum
3101 1211 3398 1281 judicium,

1814 1297 2278 1365 quemadmodum
2310 1308 2363 1355 et
2397 1299 2466 1355 de
2503 1300 2609 1356 ficu
2638 1304 2915 1374 parabolae
2955 1304 3077 1359 loco
3116 1312 3399 1374 assumpta

1815 1385 1933 1455 agri
1957 1385 2217 1445 dominus
2241 1390 2439 1446 colono
2473 1391 2589 1446 ait:
2640 1411 2660 1444 ι
2701 1392 2939 1449 Succide
2993 1394 3163 1457 illam,
3199 1394 3394 1465 utquid

1813 1474 1977 1530 etiam
2012 1483 2215 1533 terram
2240 1492 2472 1551 occupat
2492 1480 2513 1512 ³
2533 1482 2584 1534 ἲ»
2618 1482 2692 1538 ita
2723 1491 2777 1536 et
2812 1482 2899 1536 hic
2927 1482 3124 1553 opinor
3154 1484 3395 1540 universi

1813 1565 1985 1624 Deum
2014 1585 2079 1625 ac
2122 1569 2342 1626 Patrem
2390 1572 2631 1628 sterilem
2666 1578 2723 1628 et
2756 1571 3160 1628 infructuosam
3207 1574 3401 1643 palmi-

1812 1668 1928 1716 tum
1961 1678 2028 1718 ex
2061 1663 2419 1719 intellectuali
2450 1666 2560 1720 vite
2588 1664 2790 1720 frustra
2829 1665 3153 1736 pendentem
3183 1666 3397 1721 turbam

1811 1751 2111 1809 demetere.
2149 1753 2417 1810 Existimo
2458 1763 2641 1810 autem
2685 1770 2788 1825 ego
2825 1764 3140 1813 nostrarum
3186 1756 3400 1809 anima-

1815 1860 1939 1899 rum
1977 1853 2322 1913 curatorem,
2360 1846 2465 1901 hoc
2499 1854 2582 1902 est
2625 1845 2817 1911 Deum,
2853 1861 2948 1917 per
2981 1845 3081 1901 has
3106 1845 3400 1916 parabolas

1816 1928 2110 1992 ostendere
2152 1937 2295 1993 velle
2327 1938 2548 2008 qualem
2577 1945 2634 1993 et
2664 1947 2924 2008 quantam
2967 1936 3241 2007 jacturam
3276 1951 3403 2006 pas-

1815 2042 1946 2082 sura
1976 2028 2048 2082 sit
2078 2028 2262 2083 anima
2297 2029 2367 2085 ab
2396 2028 2515 2098 ejus
2556 2030 2836 2085 consortio
2882 2036 3118 2084 resecta.
3158 2028 3213 2082 ln
3256 2028 3401 2083 nihi-

1815 2118 1927 2173 lum
1957 2119 2159 2190 quippe
2188 2121 2420 2189 recidet,
2462 2129 2516 2177 et
2544 2122 2609 2177 ad
2646 2138 2864 2177 omnem
2896 2122 3167 2177 actionem
3196 2121 3397 2175 bonam

1813 2209 1920 2265 erit
1962 2210 2213 2278 inutilis,
2264 2213 2512 2284 adeoque
2573 2214 2709 2268 citra
2774 2213 3175 2268 dubitationem
3230 2212 3398 2266 ullam

1814 2303 2087 2373 supplicio
2116 2304 2390 2369 tradetur,
2417 2312 2631 2360 aeterno
2659 2305 2785 2377 igne
2815 2305 3215 2361 consumenda.
3243 2302 3400 2357 Unde

1813 2410 1912 2465 per
1937 2394 2274 2451 Ezechielem
2298 2395 2621 2466 prophetam
2656 2395 2893 2465 idipsum
2924 2395 3072 2450 clare
3103 2394 3398 2449 admodum

1813 2484 2096 2554 explicans
2136 2486 2314 2542 aiebat
2346 2506 2358 2541 :
2400 2506 2417 2537 ι
2452 2485 2554 2540 Fili
2580 2486 2842 2550 hominis,
2879 2484 3012 2556 quid
3044 2486 3133 2541 ﬁet
3160 2484 3226 2539 de
3251 2484 3401 2555 ligno

1812 2575 1943 2631 vitis
1998 2591 2068 2631 ex
2126 2577 2383 2633 omnibus
2426 2577 2597 2647 lignis
2646 2586 3057 2633 sarmentorum
3109 2591 3229 2645 quae
3272 2583 3401 2631 sunt

1812 2666 1956 2721 inter
1993 2666 2137 2737 ligna
2183 2667 2377 2722 silvae?
2435 2667 2493 2722 Si
2549 2668 2745 2723 tollent
2796 2668 2864 2724 de
2926 2668 3019 2722 illa
3071 2662 3279 2737 lignum
3329 2666 3399 2720 ad

1814 2758 2127 2813 faciendum
2173 2758 2229 2813 in
2264 2759 2515 2830 opusisi
2569 2760 2763 2814 tollent
2798 2761 2867 2814 de
2921 2774 2983 2815 ea
3032 2758 3292 2830 paxillum
3330 2755 3400 2810 ad

1814 2848 2266 2920 suspendendum
2301 2866 2470 2921 super
2501 2865 2626 2906 eum
2660 2850 3033 2921 quodcunque
3067 2849 3212 2905 vas?
3256 2847 3401 2903 Ecce

1814 2942 1924 3012 igni
1961 2941 2148 2997 datum
2183 2950 2291 3005 est,
2326 2958 2568 2998 annuam
2597 2943 2981 3013 purgationem
3013 2956 3079 2997 ex
3103 2955 3165 2996 ea
3199 2956 3401 2996 censu.

1813 3034 1913 3089 mit
1942 3033 2107 3104 ignis,
2138 3042 2191 3089 et
2220 3034 2450 3089 dimittit
2496 3034 2549 3089 in
2583 3035 2745 3090 linem
2776 3052 2791 3089 :
2839 3033 3090 3104 nunquid
3129 3033 3262 3090 utile
3290 3033 3397 3087 erit

1816 3126 1883 3180 ad
1917 3140 2058 3196 opus
2085 3125 2149 3179 ⁸2
2188 3145 2208 3178 ι
2236 3125 2624 3181 Animadverte
2649 3125 2819 3196 igitur
2848 3140 2958 3194 quo
2984 3131 3141 3195 pacto
3177 3123 3229 3178 id
3255 3124 3401 3193 quod

1815 3217 1983 3272 semel
2010 3217 2247 3271 recisum
2288 3224 2397 3281 est,
2432 3232 2495 3271 ac
2522 3216 2745 3286 penitus
2791 3217 3064 3279 avulsum,
3102 3214 3296 3269 inutile
3329 3215 3402 3270 sit

1815 3328 2065 3384 prorsus,
2096 3327 2198 3367 nec
2226 3312 2294 3366 ad
2321 3311 2487 3366 ullam
2520 3326 2633 3365 rem
2669 3310 2877 3365 utiliter
2922 3308 3169 3364 adhiberi
3203 3306 3398 3378 possit,

1814 3403 1912 3459 sed
1944 3404 2053 3474 igni
2092 3403 2360 3457 duntaxat
2388 3394 2676 3457 inserviat.
2704 3397 2979 3471 Numquid
3011 3414 3140 3471 ergo
3170 3397 3401 3453 manife-

1814 3505 1961 3554 stum
1997 3505 2102 3562 est,
2135 3495 2355 3551 tametsi
2388 3494 2644 3565 palmites
2693 3494 2869 3550 simus
2901 3508 2931 3547 a
2978 3491 3117 3547 falso
3171 3491 3399 3546 deorum

1814 3590 1967 3646 cultu
2002 3588 2198 3651 avulsi,
2257 3597 2311 3642 et
2342 3586 2501 3641 fidem
2547 3586 2605 3640 in
2653 3584 2940 3640 Christum
2988 3582 3253 3644 confessi,
3291 3582 3398 3636 nisi

1816 3688 1998 3735 tamen
2030 3679 2288 3750 operibus
2311 3677 2360 3733 ei
2396 3676 2680 3747 conjuncti
2716 3674 3007 3738 fuerimus,
3054 3673 3197 3729 idem
3236 3672 3400 3726 nobis

1814 3772 1962 3844 quod
2013 3769 2302 3826 inutilibus
2360 3768 2683 3839 palmitibus
2733 3775 3095 3827 eventurum,
3152 3763 3400 3832 adeoque

1815 3881 1919 3922 nos
1957 3863 2204 3920 excisum
2251 3862 2319 3917 iri
2349 3861 2596 3933 penitus,
2633 3859 2744 3929 igni
2781 3856 3101 3919 tradendos,
3143 3871 3209 3911 eo
3237 3870 3399 3923 quem

1816 3956 1948 4011 olim
1975 3970 2006 4009 a
2046 3954 2157 4009 vite
2184 3952 2528 4008 habebamus
2558 3949 2778 4005 viviﬂco
2803 3948 3057 4012 humore,
3090 3944 3144 3999 id
3173 3952 3257 4000 est
3280 3944 3381 4013 Spi-

1815 4049 1951 4112 ritu,
1985 4047 2212 4116 insuper
2249 4041 2499 4099 amisso?
2533 4039 2691 4108 Quod
2727 4039 2875 4095 enim
2928 4037 3187 4092 Christus
3221 4036 3288 4089 de
3336 4050 3399 4087 eo

1817 4140 1955 4195 dixit
1987 4138 2080 4210 qui
2104 4138 2368 4193 talentum
2400 4132 2677 4189 infoderat
2695 4132 2738 4196 ⁵,
2766 4133 2871 4186 hcc
2903 4129 3095 4199 utique
3116 4128 3398 4196 impletum

1816 4232 1991 4288 videri
2022 4237 2206 4302 potest
2228 4230 2295 4284 de
2326 4228 2395 4284 iis
2424 4227 2519 4296 qui
2550 4224 2773 4296 penitus
2794 4224 2991 4280 resecti
3025 4228 3174 4276 sunt.
3206 4219 3379 4285 Quem

1817 4322 2109 4379 admodum
2140 4320 2289 4377 enim
2323 4318 2392 4373 ab
2425 4318 2520 4373 illo
2557 4317 2826 4372 talentum
2860 4314 3132 4375 aufertur,
3164 4311 3388 4381 sic,opi-

1817 4431 1940 4481 nor,
1967 4422 2022 4470 et
2055 4429 2121 4469 ex
2157 4411 2408 4484 palmite,
2449 4409 2701 4464 humoris
2726 4418 2820 4462 aut
2855 4406 3143 4478 qualitatis
3201 4406 3399 4467 instar,

1820 4507 2083 4579 Spiritus.
2127 4504 2240 4561 (iur
2266 4502 2517 4558 aufertur
2549 4502 2728 4558 vero?
2758 4500 2836 4557 Ne
2891 4515 3000 4554 una
3040 4514 3163 4555 cum
3211 4498 3276 4552 iis
3307 4497 3398 4565 qui

154 4591 405 4665 θεωρῆσαι
436 4613 521 4659 τις
540 4594 605 4649 ἂν
638 4596 1013 4668 πληρούμενον
1040 4598 1136 4651 καὶ
1160 4598 1252 4651 ἐπὶ
1275 4602 1387 4663 τοῖς
1406 4600 1715 4673 ὁλοκλήρως

1819 4602 1876 4658 in
1936 4600 2118 4672 ignem
2169 4595 2495 4653 detrudendi
2549 4603 2679 4650 sunt
2726 4608 2756 4646 a
2802 4592 2994 4662 judice
3043 4589 3397 4645 condemnari

153 4684 461 4755 ὑπομείνασι
506 4688 606 4758 τὴν
649 4690 953 4761 ἀποτομήν.
1003 4690 1343 4761 ’Δφαιρεῖται
1372 4693 1483 4764 γὰρ
1524 4692 1715 4766 ὥσπερ

156 4776 335 4831 ἐκείνου
365 4779 433 4832 τὸ
477 4780 740 4835 τάλαντον
788 4783 903 4853 ἅμα
924 4823 939 4849 ,
971 4782 1164 4848 οὕτως,
1208 4780 1383 4855 οἶμαι,
1415 4786 1510 4840 καὶ⁸
1533 4788 1597 4841 ὲκ
1619 4788 1714 4841 τοῦ

157 4869 432 4941 κλήματος,
456 4872 531 4937 ὡς
562 4874 621 4927 ἐν
659 4875 882 4944 ἰκμάδος
912 4875 1079 4939 τινὸς,
1099 4877 1218 4948 ἦτοι
1237 4878 1521 4950 ποιότητος
1549 4880 1713 4952 λόγῳ,

157 4964 377 5036 Πνεῦμα.
426 4968 769 5039 Ἀφαιρεῖται
805 4967 861 5021 δὲ
907 4968 995 5023 διὰ
1034 4969 1195 5023 ποίαν
1239 4970 1455 5037 αίτίαν;
1490 4972 1609 5027 Ἵνα
1641 4971 1715 5044 μὴ

159 5059 251 5120 τοῖς
277 5061 348 5123 είς
363 5060 429 5113 τδ
451 5059 563 5132 πῦρ
580 5061 1001 5132 κατοιχήσεσθαι
1031 5062 1283 5131 μέλλουσι
1306 5063 1459 5135 παρά
1475 5065 1568 5118 τοῦ
1592 5083 1718 5136 κρι-

160 5151 238 5202 τοῦ
280 5153 847 5223 συγκαταδικάζεσθαι
874 5154 934 5207 τὸ
966 5155 1191 5227 Πνεῦμα
1221 5157 1350 5229 δοκῇ
1379 5158 1440 5211 τὸ
1470 5158 1720 5212 δεσποτι-

163 5239 257 5293 κόν.
289 5243 346 5296 Et
376 5243 486 5314 γὰρ
512 5245 560 5297 οξ
589 5242 697 5297 τῶν
723 5243 978 5311 ἐπιγείων
1018 5244 1347 5315 κρατοῦντες
1377 5246 1719 5316 πραγμάτων

162 5330 253 5382 τῶν
280 5333 419 5402 ἅπαξ
458 5335 839 5407 τετιμημένων
879 5335 975 5389 καὶ
1009 5335 1308 5403 βασιλικοῖς
1329 5336 1717 5407 δεδοξασμένον

166 5415 277 5487 [πρ.
314 5424 751 5496 δεδοξασμένων]
799 5442 1062 5496 νεύμασιν
1093 5466 1107 5490 ,
1142 5425 1203 5478 οὐ
1263 5425 1617 5495 καθορίζουσί
1662 5443 1715 5479 τι

165 5512 441 5583 προχείρως
461 5553 475 5575 ,
505 5513 639 5569 ἀλλά
669 5515 763 5568 καὶ
802 5514 855 5567 ετ
896 5531 981 5578 τις
1009 5513 1164 5584 ἁλοίη
1204 5515 1386 5586 τυχὸν,
1428 5516 1512 5584 ἐφ’
1542 5510 1623 5580 οἷς
1650 5516 1717 5570 ἂν

166 5598 373 5670 εὐλόγως
420 5606 729 5660 ἀποτιννύοι
785 5606 941 5671 δίκας
966 5648 980 5671 ,
1010 5606 1111 5659 οὐκ
1139 5605 1205 5660 ἂν
1232 5605 1391 5660 τοῦτο
1424 5607 1584 5662 πάθοι
1610 5608 1717 5678 πρὸ

168 5691 249 5762 τῆς
274 5696 373 5749 τῶν
403 5699 728 5769 ἀξιωμάτων
765 5698 1038 5769 ἀποϐολῆς
1059 5714 1071 5727 ο
1111 5698 1228 5762 πῶς
1256 5698 1353 5752 οὐκ
1396 5701 1712 5769 ἀναγκαῖον,

228 5874 243 5901 ¹
273 5873 377 5930 Jac.
413 5896 479 5942 ιι,
519 5880 608 5936 20.
686 5884 705 5911 "
748 5882 876 5941 Luc.
912 5901 1043 5949 xm,
1082 5886 1130 5940 7.

1812 4691 2068 4749 videatur
2099 4688 2425 4744 Dominicus
2462 4685 2729 4756 Spiritus.
2763 4682 2933 4753 868
2963 4680 3095 4734 Nam
3130 4679 3175 4734 si
3215 4693 3396 4731 rerum

1815 4792 2163 4839 terrenarum
2199 4777 2411 4835 domini
2453 4792 2564 4832 non
2608 4784 2812 4831 temere
2850 4771 3148 4842 quidquam
3197 4769 3251 4821 in
3304 4783 3395 4822 eos

1814 4881 2067 4930 statuunt
2097 4887 2241 4943 quos
2269 4871 2337 4925 ad
2366 4870 2611 4925 honores
2641 4866 2810 4924 semel
2840 4866 3124 4921 evexerint
3150 4878 3215 4916 ac
3245 4863 3395 4925 regio

1814 4974 1952 5023 nutu
1983 4966 2256 5028 ornarint,
2290 4962 2385 5018 sed
2419 4960 2465 5016 si
2495 4958 2624 5031 quis
2657 4971 2847 5012 eorum
2881 4955 3069 5008 forsan
3107 4959 3394 5023 perpetra-

1815 5060 1895 5115 rit
1924 5057 2075 5113 unde
2132 5056 2259 5125 jure
2288 5067 2481 5124 poenas
2534 5051 2672 5113 luat,
2709 5063 2820 5102 non
2889 5056 3015 5099 ante
3050 5045 3096 5099 ei
3142 5045 3391 5113 irrogan-

1817 5156 1908 5203 tur
1941 5162 2108 5218 quam
2130 5143 2441 5200 honoribus
2472 5148 2529 5196 et
2561 5136 2932 5212 dignitatibus
2963 5136 3185 5191 amissis
3212 5154 3224 5187 :
3258 5150 3388 5203 quo-

1816 5240 1983 5295 modo
2017 5253 2249 5294 necesse
2282 5251 2395 5291 non
2434 5241 2520 5290 est
2557 5240 2618 5287 ut
2654 5230 2838 5286 anima
2872 5243 3000 5300 quae
3042 5226 3269 5297 superni
3300 5225 3390 5279 Ju-

1815 5332 1956 5387 dicis
2004 5330 2278 5386 sententia
2336 5324 2405 5381 ad
2466 5323 2798 5395 supplicium
2853 5319 3221 5376 condemnata
3269 5324 3394 5379 est,

1816 5431 2114 5493 antequam
2148 5434 2365 5490 pmuam
2386 5417 2579 5499 subea}
2602 5413 2845 5486 Spiritus
2871 5412 3103 5484 gratiam
3130 5409 3386 5480 quodam-

1816 5514 1981 5571 modo
2013 5521 2181 5570 exuat
2234 5521 2402 5583 atque
2430 5510 2676 5580 deponat
2702 5509 2725 5562 Ἰ
2749 5506 2906 5562 Talia
2938 5521 3071 5577 ergo
3099 5518 3392 5575 passurum

1814 5608 1891 5662 ait
1935 5604 2352 5660 infructuosum
2387 5601 2671 5673 palmitem
2699 5637 2715 5663 ,
2751 5604 2904 5653 recte
2948 5596 3244 5653 admodum
3294 5610 3389 5648 no-

1814 5710 1961 5756 stras
1987 5707 2200 5754 mentes
2218 5694 2577 5761 confirmans,
2610 5700 2671 5748 ut
2703 5690 2757 5747 in
2782 5688 3076 5746 dilectione
3104 5688 3223 5759 ejus
3263 5700 3388 5741 ocr-

1248 5887 1263 5915 δ
1299 5884 1492 5941 Ezech.
1533 5899 1623 5949 xv,
1652 5880 1771 5935 2—4.
1850 5880 1867 5911 ⁵
1911 5880 2108 5937 Matth.
2146 5896 2285 5946 xxv,
2323 5876 2408 5930 l8.
