4056 6486
51 375 182 430 355
1176 354 1242 410 IN
1277 352 1563 409 JOANNIS
1593 350 2046 409 EVANGELIUM
2084 351 2213 409 LIB.
2252 353 2319 408 X.
3274 359 3383 422 3M

50 483 432 554 παρέχουσα
460 480 559 552 τὴν
609 465 853 536 ἀνωόιν,
892 464 1199 540 μακαρίους
1231 462 1540 532 ἀποφαίνει.
1587 460 1688 512 Καὶ

1802 461 2174 517 consentiant.
2223 461 2379 518 Tunc
2434 463 2604 528 enim,
2650 469 2783 519 tunc
2837 480 2946 519 una
2995 481 3122 522 cum
3168 453 3394 525 Christo

47 553 608 646 παραληφθήσεται
661 567 873 640 μάρτυς
923 565 952 617 ὁ
1010 559 1281 632 μακάριος
1331 554 1688 646 Δαδὶδ,οὖτιι

1813 553 2052 618 erimus,
2086 562 2370 626 tutamque
2416 570 2479 609 ac
2526 570 2776 610 securam
2814 559 3224 615 communionis
3268 574 3394 615 cum

45 644 224 735 βοῶν
252 686 264 697 ·
312 644 660 736 [Made
694 659 1009 730 ἄνθρωπος,
1046 653 1106 708 ὃν
1136 652 1202 706 ἂν
1237 648 1556 720 παιδεύσῃς,
1590 644 1688 700 Κύ·

1810 658 1877 700 eo
1907 645 2015 699 vim
2066 645 2476 713 nauciscemur,
2517 647 2691 702 vitato
2737 649 3071 706 resectionis
3124 651 3391 720 periculo.

43 781 179 832 ριε,
231 764 338 818 καὶ
374 767 441 818 ἐκ
469 759 562 816 τοῦ
604 759 772 829 νόμου
799 771 893 808 σου
924 751 1147 822 διδάξῃς
1177 746 1364 810 αὐτὸν,
1420 743 1517 797 τοῦ
1583 739 1829 832 πραῧναι
1868 739 2076 832 αυτῷ,
2141 740 2236 809 ἀφ’
2317 742 2541 813 ἡμερῶν
2594 744 2867 815 πονηρῶν.
2913 763 2932 797 ι
2995 744 3232 817 Ἡμέραι
3286 747 3397 816 γὰρ

41 831 256 920 ὅντως
313 852 642 925 ἀποφράδες
697 847 792 903 καὶ
840 844 1081 916 πονηραί⁸
1116 842 1232 904 τοῖς
1279 833 1674 907 ἀποτμηθεῖσιν
1711 831 2005 896 ὁλοτελῶς,
2063 832 2158 885 καὶ
2187 834 2267 896 είς
2300 833 2521 887 κόλασιν
2580 836 2680 907 τὴν
2714 835 2802 890 διὰ
2841 836 3014 908 πυρὸς
3071 841 3396 911 κατοικήσει

45 945 203 998 σθαι
250 947 575 1018 μέλλουσιν,
615 943 672 996 αἳ
696 941 796 1014 τῆς
816 937 1122 994 ἀδεκάστου
1151 935 1414 1007 κρίσεως,
1449 927 1588 982 ἀλλά
1613 926 1738 979 τότε
1808 927 1922 988 τοῖς
1975 925 2388 996 παιδευομένοις
2443 930 2820 999 καταπραΰνει
2846 929 2996 994 Θεός.
3046 932 3236 1004 Τελοίη
3282 934 3394 1006 γὰρ

41 1037 120 1091 ἃν
152 1041 189 1092 ὁ
215 1041 483 1106 τοιοῦτος
519 1037 772 1109 οὐδαμῶς
797 1038 854 1090 ὲν
886 1037 996 1098 τοῖς
1027 1032 1132 1087 ὑπὸ
1162 1031 1344 1102 κρίσιν
1363 1027 1459 1084 καὶ
1479 1027 1724 1089 κόλασιν,
1765 1021 1995 1092 ἐπείπερ
2020 1021 2119 1073 οὐκ
2141 1020 2389 1092 ἄκαρπον
2411 1022 2601 1091 γέγονε
2641 1025 2846 1097 κλῆμα.
2899 1028 3396 1100 Συμπαραζευγνύ-

45 1138 186 1192 σθω
258 1135 563 1210 τοιγαροῦν
591 1137 658 1207 τῇ
711 1136 811 1206 τῆς
837 1132 1075 1193 πίστεως
1121 1125 1402 1201 ὁμολογίᾳ,
1433 1123 1530 1176 καὶ¹
1562 1121 1597 1192 ἡ
1630 1119 1720 1174 διὰ
1749 1117 1859 1172 τῶν
1891 1116 2077 1210 ἔργων
2101 1115 2426 1188 φαιδρότης,
2470 1118 2566 1171 καὶ
2612 1120 2873 1176 συνθείτω
2905 1126 3016 1186 τοῖς
3076 1124 3205 1196 περὶ
3255 1125 3391 1179 Θεοῦ

44 1235 275 1303 λόγοις
331 1236 408 1290 τὰ
459 1233 786 1305 πράγματα.
840 1228 975 1283 Τότε
1012 1226 1121 1296 γάρ
1146 1265 1161 1288 ,
1195 1222 1317 1276 τότε
1382 1213 1719 1286 συνεσόμεθα
1751 1211 1830 1305 τῷ
1867 1209 2111 1305 Χριστῶ,
2131 1210 2254 1305 καὶ.
2284 1209 2384 1281 τῆς
2421 1210 2593 1305 ’πρὸς⁸
2619 1212 2781 1266 αὐτὸν
2818 1215 3100 1281 κοινωνίας
3122 1217 3219 1289 τὴν
3242 1216 3395 1271 δύνα-

49 1298 163 1398 μιν
245 1298 483 1398 ἀσφαλῆ
505 1298 724 1380 ’τεηκαὶ
770 1321 998 1394 βεῦαίαν
1053 1317 1344 1386 εὕροιμεν,
1374 1309 1467 1364 τὸν
1504 1309 1568 1361 ὲκ
1611 1305 1710 1375 τῆς
1747 1301 2027 1398 ἀποτομῆς
2066 1298 2452 1398 διαφεύγοντες
2482 1299 2748 1398 κίνδυνον.

131 1391 410 1493 Εἴρηται
444 1391 500 1473 δὲ
531 1416 707 1472 ταῦτα
737 1391 857 1471 νυνὶ
890 1412 1022 1484 παρ’
1047 1408 1223 1481 ἡμῶν,
1258 1404 1492 1474 ἐπείπερ
1525 1400 1688 1455 ἐδόκει

1876 1391 2038 1447 Nunc
2070 1402 2253 1449 autem
2288 1392 2406 1448 haec
2446 1408 2476 1448 a
2508 1393 2669 1448 nobis
2693 1393 2843 1448 dicta
2872 1401 3023 1459 sunt,
3059 1395 3188 1465 quia
3226 1398 3393 1469 spiri-

49 1485 497 1585 πνευματικῶς
526 1513 590 1582 τῇ
623 1509 734 1563 τῶν
775 1504 1156 1579 προκειμένων
1192 1499 1397 1572 θεωρίᾳ
1423 1495 1688 1570 προσὸάλ-

1803 1486 1984 1540 taliter
2017 1485 2166 1540 hunc
2222 1486 2405 1541 locum
2459 1487 2799 1543 intellexisse
2851 1487 3156 1554 videbatur;
3210 1500 3390 1547 tamen

49 1603 188 1656 λειν
221 1569 246 1632 ί
282 1604 440 1666 εἰκὸς
478 1569 537 1655 δὲ
684 1616 737 1653 τι
782 1569 876 1652 καὶ
917 1569 1104 1668 ἕτερον
1147 1569 1688 1661 ἐθέλειν-ὑποδηλοῦν

1798 1579 2086 1650 probabile
2113 1587 2198 1635 est
2242 1579 2450 1651 aliquid
2494 1578 2645 1634 aliud
2678 1579 3000 1652 signiﬁcare
3036 1582 3178 1637 velle
3203 1579 3391 1638 Domi-

50 1696 160 1749 τὸν
212 1695 470 1767 Κύριον,
503 1693 590 1748 διά
623 1691 718 1746 τοῦ
757 1691 923 1762 φάναι
958 1686 1148 1758 σαφῶς
1169 1703 1181 1716 ·
1217 1706 1234 1738 ι
1276 1685 1393 1738 Πᾶν
1421 1683 1610 1753 κλῆμα
1636 1681 1688 1734 ἐν

1793 1688 1950 1739 num,
1983 1688 2048 1728 ex
2080 1688 2146 1729 eo
2168 1674 2316 1745 quod
2348 1674 2484 1729 dicit
2520 1681 2710 1744 aperte
2736 1692 2809 1730 ιιι
2843 1671 3074 1729 Omnem
3108 1675 3389 1744 palmitem

53 1789 203 1857 ἐμοὶ
270 1764 355 1860 μὴ
405 1787 570 1859 φέρον
636 1783 883 1856 καρπὸν,
917 1781 1062 1852 αἴρει
1116 1777 1287 1841 αὐτὸ,
1318 1777 1413 1830 καὶ
1470 1775 1580 1828 πᾶν
1629 1773 1688 1828 τὸ

1792 1765 1848 1818 in
1902 1780 1989 1819 me
2047 1779 2158 1819 non
2221 1764 2486 1820 ferentem
2532 1764 2820 1827 fructum,
2883 1765 3042 1820 tollet
3091 1780 3216 1820 eum
3267 1785 3280 1820 :
3338 1775 3392 1822 et

549 1839 800 1944 καθαίρει
856 1839 1023 1936 αὑτό,
1081 1870 1168 1923 ἵνα
1206 1839 1419 1939 καρπὸν
1468 1865 1688 1919 πλείονα

1796 1870 2014 1911 omnem
2041 1857 2134 1926 qui
2159 1854 2266 1912 fert
2292 1855 2561 1924 fructum,
2583 1857 2844 1928 purgabit
2875 1872 3024 1923 eum,
3057 1866 3117 1913 ut
3146 1858 3388 1914 fructum

55 1947 257 2039 φέρῃ.
302 1985 321 2018 ο
361 1947 564 2036 Κλῆμα
601 1963 732 2035 γὰρ,
779 1956 958 2032 οἶμαι,
988 1959 1049 2012 τὸ
1072 1962 1139 2030 τῇ
1189 1956 1283 2010 τοῦ
1320 1955 1532 2026 Πατρδς
1556 1955 1688 2008 ἀπο-

1795 1947 1920 2018 plus
1955 1947 2167 2005 allerat.
2201 1968 2220 2000 ι
2266 1948 2484 2006 Palmes
2527 1952 2700 2016 enim,
2752 1961 2812 2007 ut
2864 1967 3014 2019 reor,
3074 1950 3390 2008 Iudaeorum

52 2037 258 2130 τομίᾳ
289 2058 397 2129 τῆς
427 2058 506 2121 είς
534 2054 768 2127 Χριστὸν
794 2051 1078 2113 κοινωνίας
1124 2047 1576 2116 ἀπεσπασμένον,
1601 2046 1688 2096 τὸν

1794 2037 2056 2109 populum
2091 2038 2385 2109 signiﬁcat,
2431 2055 2462 2094 a
2501 2045 2893 2101 communione
2927 2043 3135 2101 Christi
3166 2060 3196 2099 a
3227 2044 3392 2102 Patre

54 2153 151 2214 είς
191 2150 520 2222 εὐκαρπίαν
539 2149 640 2201 οὐκ
665 2146 972 2216 ἐπιτήδειον
992 2143 1101 2197 τῶν
1128 2139 1398 2195 Ἰουδαίων
1436 2137 1688 2208 σημαίνει

1795 2135 2164 2200 amputatum,
2196 2129 2352 2184 illum
2381 2129 2794 2203 infrugil‘erum,
2822 2134 3027 2205 quibus
3061 2143 3115 2190 et
3149 2136 3389 2192 securim

63 2244 244 2313 λαὸν,
273 2238 364 2308 οἷς
396 2244 489 2297 καὶ
517 2242 704 2311 ἀξίνην
738 2234 1202 2308 ὲπενεχθήσεσθαί
1232 2249 1397 2303 φησιν
1416 2232 1695 2303 ὁτρισμα-

64 2334 295 2402 κάριος
369 2333 637 2403 Ἰωάννης,
689 2329 826 2400 πυρῖΙ
883 2322 1358 2397 παραδοθήσεσθαι
1402 2320 1579 2388 λέγων
1632 2319 1693 2372 τὸ

58 2423 543 2495 ἀποτεμνόμενον
584 2421 816 2493 δένδρον.
847 2419 926 2472 Τά
953 2418 1010 2472 δὲ
1037 2416 1245 2480 τελείας
1288 2415 1387 2486 μὲν
1414 2415 1474 2467 οὑ
1505 2413 1691 2484 δεδεη-

71 2514 240 2586 μένα
260 2517 457 2586 τομῆς,
482 2513 824 2583 ἀπομένοντα
847 2510 904 2564 δὲ
927 2511 984 2563 ὲν
1007 2512 1076 2580 τῇ
1109 2506 1339 2579 ἀμπέλῳ
1359 2507 1454 2561 καὶ
1474 2508 1540 2577 τῇ
1574 2504 1694 2576 θείᾳ

70 2609 346 2681 φροντίδι
378 2604 827 2678 διακαθαίρεσθαι
858 2603 1153 2675 μέλλοντα,
1179 2599 1305 2664 τούς
1334 2617 1393 2652 τε
1427 2598 1488 2664 ἐξ
1513 2598 1694 2652 αὐτῶν

64 2701 537 2765 πεπιστευκότας
579 2699 686 2755 τῶν
731 2696 1024 2761 Ἰουδαίων,
1055 2694 1302 2758 καὶτοὺς
1344 2692 1431 2745 ἐπ’
1461 2690 1692 2754 ἐκείνοις

66 2794 534 2865 ἐπιστρέφοντας
563 2791 621 2859 ἐξ
664 2789 854 2854 ὲθνῶν,
892 2783 973 2852 οἷς
1025 2787 1124 2859 μία
1169 2786 1267 2858 μὲν
1301 2787 1335 2855 ή
1384 2781 1688 2854 κάθαρσιςν

68 2889 135 2940 ἐν
175 2886 474 2957 Πνεύματι
495 2885 604 2956 γὰρ
628 2883 862 2938 τελεῖται
894 2879 974 2953 τῷ
998 2881 1159 2950 ἀγίῳ,
1200 2898 1219 2931 ι
1260 2877 1400 2931 κατά
1430 2876 1528 2940 τὰς
1551 2875 1694 2946 Γρα-

69 2982 219 3050 φάς.
281 2979 558 3050 Ἐτεροῖός
604 2994 667 3045 γε
730 2975 858 3047 μὴν,
892 2975 986 3028 καὶ
1037 2968 1497 3044 παρηλλαγμένος
1540 2969 1568 3021 ὁ
1597 2964 1691 3019 τοῦ

71 3068 464 3138 καθαίρεσθαι
526 3069 745 3139 τρόπος.
819 3063 1210 3135 Ἀποτέμνεται
1280 3059 1389 3131 γάρ
1457 3058 1567 3112 τῶν
1631 3056 1693 3124 ἐξ

1796 2220 2101 2276 adhibitum
2134 2221 2203 2276 iri
2235 2229 2322 2277 ter
2350 2222 2548 2279 beatus
2581 2221 2825 2281 Joannes
2851 2226 3152 2298 signiﬁcat,
3191 2227 3391 2284 dicens

1795 2314 1907 2384 igni
1946 2313 2211 2369 traditum
2238 2315 2306 2370 iri
2330 2315 2608 2372 succisam
2634 2317 2911 2374 arborem.
2940 2318 3049 2374 Sed
3080 2325 3135 2374 et
3169 2334 3233 2374 ea
3268 2334 3391 2389 quas

1794 2406 1958 2477 digna
1995 2421 2102 2460 non
2132 2414 2262 2462 sunt
2293 2422 2396 2462 cur
2428 2409 2654 2479 penitus
2677 2418 3025 2476 resecentur,
3052 2411 3148 2467 sed
3186 2411 3242 2466 in
3277 2414 3389 2467 vito

1799 2506 2118 2564 remanent,
2152 2513 2217 2554 ac
2247 2499 2436 2556 divina
2478 2515 2614 2555 cura
2647 2502 2932 2573 purganda
2974 2505 3238 2568 veniunt,
3272 2514 3388 2560 tum

1794 2589 1889 2662 qui
1933 2605 1999 2646 ex
2035 2588 2242 2646 Judaeis
2302 2592 2440 2662 ipsis
2495 2579 2879 2659 crediderunt,
2907 2595 3076 2664 s70
3121 2605 3234 2650 tum
3292 2597 3387 2666 qui

1795 2692 1925 2754 post
1958 2683 2083 2739 illos
2124 2699 2189 2738 ex
2242 2685 2505 2754 gentibus
2538 2687 2793 2741 conversi
2835 2695 2986 2751 sunt,
3032 2687 3237 2757 quibus
3274 2702 3386 2741 una

1795 2775 2014 2846 quidem
2055 2782 2140 2830 est
2199 2777 2494 2846 purgatio:
2561 2777 2618 2832 in
2662 2775 2876 2848 Spiritu
2927 2778 3132 2850 quippe
3192 2787 3387 2834 sancto

1796 2867 2098 2938 perficitur,
2141 2867 2304 2938 juxta
2357 2869 2699 2939 Scripturas,
2747 2869 2845 2925 sed
2897 2870 3154 2928 diversus
3199 2883 3386 2929 tamen

1795 2962 2066 3032 purgandi
2121 2961 2338 3017 modus.
2390 2962 2723 3032 Amputatur
2779 2963 2926 3017 enim
2995 2964 3064 3018 ab
3117 2963 3389 3022 lsraelitis

1796 3047 2052 3102 voluntas
2071 3048 2288 3102 vivendi
2313 3048 2473 3118 juxta
2493 3049 2664 3120 legem
2685 3049 3017 3106 Mosaicam:
3048 3052 3118 3107 ab
3152 3053 3386 3109 idolola-

83 3161 349 3233 Ἰσραὴλ,
377 3161 437 3213 τὸ
464 3160 605 3212 κατά
633 3160 794 3229 νόμον
820 3158 898 3211 ἔτι
929 3157 1020 3210 τὸν
1045 3153 1338 3209 Μωσαῖκὸν
1365 3151 1553 3222 διαζῇν
1574 3149 1688 3204 ἐθέ-

1794 3144 2002 3192 trarum
2059 3148 2239 3193 autem
2309 3139 2477 3196 corde
2527 3140 2732 3196 veteris
2779 3144 2986 3197 erroris
3038 3146 3384 3215 propositum

69 3255 198 3308 λειν
229 3254 332 3306 καὶ
368 3250 767 3317 πολιτεύεσθαι,
814 3250 913 3321 τῆς
941 3248 998 3301 δὲ
1025 3246 1133 3301 τῶν
1164 3242 1690 3314 είδωλολατρούντων

69 3345 325 3416 καρδίας
379 3345 727 3415 παραιτεῖται
765 3339 873 3415 [Ion
914 3337 1274 3412 παραφεῖται]
1308 3336 1409 3408 τῆς
1457 3335 1692 3408 ἀρχαίας

68 3438 314 3506 ἀπάτης
358 3436 386 3487 ὁ
416 3434 636 3499 σκοπὸς,
669 3434 762 3488 καὶ
785 3433 887 3503 τῆς
911 3431 1020 3486 τῶν
1045 3431 1319 3485 ἀσυνέτων
1351 3427 1693 3499 ἀκαθαρσίας

67 3532 101 3581 ὁ
140 3528 448 3599 συρφετὸς,
478 3527 567 3580 ἵνα
621 3527 886 3580 δύνωνται
931 3524 1120 3596 φέρειν
1168 3523 1269 3595 τῆς
1306 3520 1458 3584 θείας
1498 3538 1560 3574 τε
1597 3520 1693 3575 καὶ

71 3621 462 3691 εὐαγγελικῆς
492 3618 826 3682 παιδεύσεως
853 3617 942 3671 τὸν
965 3615 1224 3687 ἐδώδιμον
1253 3613 1444 3685 ὥσπερ
1471 3612 1550 3684 τῷ
1571 3610 1692 3682 Θεῷ

72 3717 183 3767 καὶ
221 3715 381 3781 φίλον
412 3713 581 3776 ὅντως
610 3711 845 3784 καρπόν.
873 3711 996 3763 Ὅτι
1024 3708 1081 3762 δὲ
1128 3707 1290 3764 πάλιν
1331 3705 1465 3777 ἡμῖν
1495 3702 1692 3775 ἀληθὲς

74 3807 349 3877 φαίνεται
383 3805 444 3858 τὸ
477 3804 788 3876 εἰρημένον,
822 3801 1062 3874 χαλεπὸν
1094 3800 1250 3855 οὐδὲν
1278 3796 1690 3870 πληροφορῆσαι

72 3899 141 3962 ἐξ
178 3899 374 3951 αὐτῶν
401 3898 509 3952 τῶν
538 3896 698 3951 θείων
726 3895 1100 3967 Γραμμάτων.
1142 3891 1482 3948 Ἐπιστέλλει
1526 3889 1634 3960 γὰρ
1664 3891 1692 3942 ὁ

76 3992 387 4055 θεσπέσιος
421 3989 631 4054 Παῦλος
661 3992 772 4054 τοῖς
803 3989 902 4060 μὲν
936 3988 992 4056 ἐξ
1026 3987 1294 4041 Ἰουδαίων
1332 3983 1690 4038 πεπιστευκό-

78 4099 174 4136 σιν
192 4123 209 4147 ,
237 4084 336 4136 ὅτε
365 4083 475 4135 τῶν
517 4081 890 4151 εὐαγγελικῶν
923 4079 1207 4151 δογμάτων
1232 4078 1688 4148 ὀλιγωρήσαντες,

75 4175 271 4228 ὀπίσω
292 4175 456 4228 πάλιν
477 4174 678 4245 ᾤχοντο
693 4173 792 4237 τὰς
819 4170 915 4226 τοῦ
938 4171 1104 4243 νόμου
1127 4168 1488 4241 τετιμηκότες
1509 4169 1687 4234 σκιάς⁶

86 4287 104 4318 ι
171 4265 688 4339 Ἀπηλλοτριώθητε
729 4264 837 4318 ἀπὸ
870 4261 1146 4334 Χριστοῦ,
1186 4263 1382 4325 οἵτινες
1434 4262 1492 4313 ὲν
1541 4260 1691 4332 νόμῳ

79 4358 407 4413 δικαιοῦσθε
436 4398 451 4423 ,
490 4360 588 4430 τῆς
636 4358 859 4429 χάριτος
903 4353 1226 4422 ἐξεπέσατε.
1271 4372 1289 4405 ι
1338 4355 1450 4408 Καὶ
1479 4352 1640 4409 πάλιν
1671 4386 1688 4402 .

87 4473 105 4503 ι
134 4453 304 4520 Λέγω
322 4452 431 4523 γὰρ
450 4452 595 4523 ὑμῖν,
616 4452 699 4504 ὃτι
716 4452 810 4505 ἐὰν
839 4447 1263 4521 περιτέμνησθε,
1280 4445 1512 4517 Χριστὸς
1537 4446 1684 4516 ὑμᾶς

81 4544 244 4596 οὐδὲν
308 4541 599 4613 ὠφελήσει.
636 4561 653 4594 ι
708 4542 770 4594 Ei
817 4541 874 4594 δὲ
905 4539 966 4593 τὸ
1009 4537 1294 4609 βούλεσθαι
1345 4535 1683 4591 δικαιοῦσθαι

85 4636 236 4688 κατά
285 4635 377 4688 τὸν
423 4634 586 4704 νόμον
636 4631 951 4704 ἀλλοτρίους
1001 4631 1202 4694 αὐτοὺς
1250 4629 1538 4698 ἀποφαίνει
1594 4628 1687 4682 τοῦ

85 4724 374 4795 Χριστοῦ,
424 4725 542 4789 πῶς
592 4724 715 4795 οὐχὶ
762 4723 978 4786 πάντως
1027 4721 1435 4792 ἀναμφίλογον.
1466 4721 1550 4773 ὅτι
1590 4719 1690 4790 τῆς

85 4817 237 4871 κατὰ
286 4818 451 4888 νόμον
514 4816 792 4879 πολιτείας
827 4817 862 4888 ἡ
905 4814 1208 4879 ἀπόθεσις,
1266 4815 1366 4883 τῆς
1420 4813 1499 4876 είς
1549 4813 1687 4884 Χρι-

89 4911 220 4962 στὸν
243 4909 545 4978 συναφείας
577 4909 830 4980 προξενεῖ
873 4907 971 4979 τὴν
1002 4905 1229 4978 δύναμιν
1255 4924 1270 4974 ;
1295 4905 1687 4977 Περιτέμνεται

83 5000 276 5053 τοίνυν
327 4999 470 5054 οῦτω
502 4999 602 5069 μὲν
628 5001 657 5052 ὁ
688 4999 925 5072 Ἰσραὴλ,
957 4997 1365 5068 διακαθαίρεται
1395 4994 1452 5048 δὲ
1489 4994 1686 5065 μᾶλλον

88 5094 184 5144 καὶ
215 5094 244 5144 ὁ
273 5091 406 5143 ποτὲ
452 5094 518 5162 τῇ
550 5091 726 5145 κτίσει
765 5091 1070 5164 λατρεύσας
1099 5092 1248 5162 παρὰ
1277 5090 1368 5144 τὸν
1399 5090 1682 5153 κτίσαντα,

81 5183 188 5252 τὴν
218 5182 454 5254 ἀρχαίαν
496 5184 650 5238 νόσον
685 5183 996 5238 ἀποϐαλών.
1027 5183 1092 5237 Τί
1125 5185 1234 5256 γὰρ
1264 5183 1399 5256 πρὸς
1429 5183 1624 5245 αὐτοὺς
1657 5184 1685 5235 ὁ

83 5272 307 5337 Παῦλός
346 5291 545 5345 φησιν;
580 5294 598 5327 ι
637 5277 701 5329 Εί
723 5276 831 5348 γὰρ
857 5275 1042 5347 ἐχθροὶ
1067 5274 1239 5340 ὅντες,
1262 5272 1683 5344 κατηλλάγημεν

80 5362 164 5433 τῷ
199 5363 322 5435 Θεῷ
349 5406 362 5430 ,
393 5365 483 5419 διὸ.
515 5365 605 5420 τοῦ
651 5365 882 5419 θανάτου
941 5365 1035 5418 τοῦ
1088 5362 1220 5418 Υίοῦ
1262 5364 1463 5427 αὑτοῦ,
1500 5362 1680 5434 πολλῷ

84 5454 295 5525 μᾶλλον
318 5456 743 5525 καταλλαγέντες
767 5455 1124 5528 σωθησόμεθα
1151 5458 1208 5508 ὲν
1227 5458 1292 5525 τῇ
1318 5455 1426 5525 ζωῇ
1452 5454 1672 5509 αὑτοῦ.»

81 5551 341 5602 Δίτιᾶται
374 5549 432 5602 δὲ
458 5549 549 5602 καί
575 5567 740 5620 φησιν
778 5551 836 5600 ὲν
867 5550 1076 5620 ἑτέροις
1102 5568 1112 5580 ·
1149 5566 1166 5598 t
1206 5549 1340 5601 Νυνὶ
1377 5548 1432 5599 δὲ
1460 5547 1678 5614 γνόντες

79 5640 241 5706 Θεδν,
265 5640 469 5712 μᾶλλον
498 5642 552 5694 δὲ
572 5639 907 5709 γνωσθέντες
926 5640 1029 5694 ὑπὸ
1056 5637 1214 5705 Θεοῦ,
1231 5637 1343 5704 πῶς
1378 5637 1538 5691 πάλιν
1557 5641 1681 5692 ἐπι-

164 5827 277 5896 "-‘f
319 5825 500 5881 Galat.
532 5841 583 5893 ν,
614 5825 666 5880 4.
746 5825 789 5855 ³⁸
828 5824 962 5881 Ibid.
993 5824 1046 5878 ἓ·

1800 3229 2095 3294 avellitur,
2141 3241 2197 3286 et
2252 3232 2593 3302 impuritatis
2655 3232 3037 3304 insipientium
3096 3237 3383 3294 hominum

1793 3324 1972 3395 palea,
2011 3332 2071 3379 ut
2094 3324 2294 3380 divinae
2350 3333 2407 3381 et
2446 3328 2778 3398 evangelica:
2825 3328 3099 3385 doctrinae
3138 3330 3382 3389 fructum

1794 3416 2200 3488 quodammodo
2239 3418 2438 3474 edilem
2469 3418 2695 3492 Deoque
2739 3437 2927 3477 revera
2961 3431 3201 3493 gratum,
3233 3425 3386 3483 ferre

1794 3510 2030 3580 possint.
2092 3508 2250 3576 Quod
2307 3519 2491 3566 autem
2542 3528 2733 3568 verum
2774 3513 2908 3568 illud
2964 3513 3071 3579 sit,
3123 3530 3233 3570 non
3276 3517 3385 3572 erit

1793 3600 2012 3656 diﬂicile
2062 3615 2127 3655 ex
2181 3599 2405 3657 Litteris
2435 3601 2642 3659 divinis
2712 3605 3114 3660 demonstrare.
3174 3605 3382 3664 Scribit

1793 3693 1940 3747 enim
1972 3691 2194 3748 divinus
2227 3690 2435 3747 Paulus
2466 3691 2674 3749 Iudaeis
2711 3693 2968 3749 ﬁdelibus
2990 3736 3003 3760 ,
3035 3695 3129 3765 qui
3177 3700 3380 3766 spretis

1792 3785 2126 3855 evangelicis
2172 3784 2457 3857 dogmatis
2498 3792 2649 3841 retro
2680 3801 2878 3842 rursus
2918 3787 3206 3854 abierant,
3241 3788 3381 3860 legis

1794 3875 2021 3930 umbras
2057 3876 2306 3931 venerati
2339 3893 2352 3930 :
2394 3893 2413 3927 (
2445 3874 2710 3931 Evacuati
2741 3877 2931 3933 estisa
2961 3878 3220 3934 Christo:
3253 3880 3380 3951 qui-

1793 3985 2010 4041 cunque
2030 3970 2082 4024 in
2097 3971 2215 4042 lege
2229 3970 2636 4041 justiﬁcamini,
2657 3987 2686 4026 a
2701 3974 2876 4044 gratia
2894 3975 3180 4031 excidistis
3204 3974 3372 4031 ⁸³⁸³⁸.)

1792 4063 1861 4120 Ει
1893 4081 2130 4122 rursus:
2187 4084 2205 4118 ι
2258 4066 2392 4122 Dico
2450 4067 2597 4122 enim
2655 4068 2812 4124 vobis
2856 4068 3144 4140 quoniam,
3184 4071 3230 4125 si
3270 4071 3380 4127 cir-

1793 4158 2209 4225 cumcidamini,
2249 4159 2507 4216 Christus
2560 4160 2719 4217 vobis
2766 4160 2904 4216 nihil
2957 4163 3294 4231 proderit".
3351 4184 3372 4216 ›

1793 4251 1952 4318 Quod
2001 4251 2047 4306 si
2105 4252 2244 4307 velle
2290 4252 2579 4322 justilicari
2629 4253 2789 4323 juxta
2841 4255 3037 4326 legem,
3085 4257 3291 4312 alienos
3345 4272 3377 4312 a

1792 4342 2014 4400 Christo
2043 4359 2147 4412 eos,
2171 4343 2371 4409 reddit,
2410 4346 2688 4416 quomodo
2725 4361 2835 4401 non
2889 4346 3258 4402 indubitatum
3291 4359 3377 4403 est

1792 4440 2260 4514 prorsus,legalis
2292 4443 2733 4498 conversationis
2762 4443 2992 4514 repudio
3023 4443 3375 4513 conjunctio-

1791 4550 1917 4590 nem
1957 4550 2082 4590 cum
2107 4533 2334 4589 Christo
2369 4535 2700 4590 conciliari?
2732 4534 3164 4590 Circumciditur
3193 4536 3380 4605 itaque

1788 4626 1894 4681 hoc
1941 4624 2106 4680 modo
2161 4623 2381 4694 quidem
2437 4626 2644 4691 Israel,
2696 4625 2807 4680 imo
2861 4633 3153 4696 purgatur,
3200 4625 3371 4678 veteri

1785 4717 1981 4772 morbo
2010 4717 2282 4789 deposito,
2319 4719 2413 4789 qui
2449 4729 2765 4774 creaturam
2810 4732 2909 4788 pro
2942 4717 3205 4772 Creatore
3241 4717 3389 4770 olins

1787 4809 1977 4865 coluit.
2010 4809 2153 4876 Quid
2205 4810 2352 4866 enim
2406 4809 2474 4864 ad
2526 4824 2623 4865 eos
2681 4809 2886 4863 Paulus
2944 4805 3184 4861 scribit?
3235 4824 3254 4857 ι
3313 4803 3369 4859 Si

1787 4904 1959 4970 enim,
1978 4920 2106 4961 cum
2131 4905 2339 4961 inimici
2369 4921 2644 4970 essemus,
2667 4905 3010 4961 reconciliati
3037 4918 3228 4959 sumus
3260 4901 3381 4957 Deo

1789 5011 1886 5066 per
1916 5005 2146 5053 mortem
2197 4996 2323 5052 Filii
2382 4999 2528 5068 ejus,
2584 4998 2758 5053 multo
2791 4996 2964 5066 magis
2999 4995 3367 5057 reconciliati,

1785 5088 1924 5143 salvi
1954 5089 2162 5144 erimus
2194 5089 2248 5142 in
2276 5089 2389 5144 vita
2422 5089 2598 5160 ipsius
2622 5089 2687 5143 ¹⁷.
2730 5108 2748 5141 ι
2792 5086 3092 5157 Redarguit
3123 5101 3278 5150 vero,
3315 5094 3369 5140 et

1784 5178 1859 5233 ait
1883 5179 2053 5233 alibi:
2094 5165 2308 5233 (Nunc
2355 5191 2536 5234 autem
2573 5194 2699 5233 cum
2737 5178 3115 5248 cognoveritis
3172 5175 3366 5238 Deum.

1785 5271 1894 5326 imo
1948 5272 2156 5343 cogniti
2211 5273 2333 5329 sitis
2381 5287 2412 5326 a
2458 5271 2594 5337 Deo,
2658 5269 2937 5342 quomodo
2979 5268 3367 5324 convertimini

1786 5364 1980 5418 iterum
2015 5364 2083 5417 ad
2110 5362 2330 5417 inﬁrma
2358 5371 2412 5419 et
2440 5379 2610 5434 egena
2642 5363 2935 5426 elementa,
2960 5363 3160 5432 quibus
3185 5361 3368 5415 denuo

1786 5455 1998 5511 servire
2027 5455 2193 5511 vultis
2215 5457 2300 5510 ⁸⁸2
2328 5475 2345 5507 ι
2375 5456 2510 5511 Cum
2532 5471 2664 5527 ergo
2695 5455 2790 5526 qui
2818 5454 3054 5510 inﬁrmis
3078 5453 3366 5508 elementis

1786 5548 2036 5602 serviunt
2068 5547 2231 5602 alieni
2260 5548 2371 5604 sint
2410 5563 2439 5601 a
2478 5547 2724 5613 Christo,
2757 5561 2880 5601 cum
2909 5562 2975 5601 eo
3005 5560 3137 5600 vero
3172 5544 3368 5598 uniano

1790 5647 1880 5693 tur
1902 5639 1996 5709 qui
2027 5649 2299 5696 creaturae
2320 5656 2432 5713 prie
2453 5640 2714 5698 Creatore
2740 5638 2950 5695 servire
2980 5637 3198 5700 nolunt,
3227 5647 3367 5704 quo-

1131 5826 1166 5858 "
1205 5823 1360 5878 Rom.
1403 5838 1472 5889 v,
1515 5823 1599 5878 10.
1683 5824 1724 5856 ι’
1756 5821 1939 5879 Galat.
1980 5836 2067 5888 tv,
2101 5822 2153 5878 9.
