4056 6492
677 330 787 386 555

1704 315 1762 369 S.
1798 313 2080 369 CYRILLI
2106 309 2578 366 ALEXANDRINI
2615 309 2949 367 ARCHIEP.

3835 308 3945 362 356

679 440 843 498 modo
886 453 996 492 non
1049 443 1155 490 erit
1219 431 1573 487 manifestum
1626 430 1970 499 purgationis
2027 427 2249 481 modum

2371 425 2618 494 ττρέφετε
2660 426 2752 478 ἐπὶ
2798 424 2868 478 τά
2916 421 3120 491 ἀσθενῆ
3174 422 3269 475 καὶ
3306 420 3501 490 πτωχά
3558 419 3801 487 στοιχεῖα
3848 418 3945 471 τοῦ

679 531 974 603 gentilibus
1026 542 1149 583 esse
1203 523 1409 579 veteris
1463 521 1671 577 erroris
1712 520 2065 575 utilissimam
2106 533 2255 573 resc-

678 626 913 681 Ctionem
945 636 1041 692 per
1074 617 1366 689 Spiritum,
1402 628 1523 684 qua:
1568 613 1835 666 bonorum
1868 626 2043 682 genus
2094 624 2257 665 omne

2356 518 2586 587 κόσμου,
2616 511 2698 581 οἷς
2731 516 2895 569 πάλιν
2934 513 3143 571 ἀνωθεν
3190 512 3467 567 δουλεύειν
3494 510 3687 564 θέλετε
3719 526 3737 573 ;
3773 528 3791 559 ι
3819 509 3945 561 Ὅτε

2364 610 2546 665 τοίνυν
2578 610 2628 664 οἱ
2674 611 2788 672 τοῖς
2814 607 3066 663 ἀσθενέσι
3099 606 3383 676 στοιχείοις
3407 603 3688 657 δουλεύειν
3714 600 3949 662 θέλοντες

681 716 830 773 illius
878 691 1000 769 loco
1049 708 1405 766 multifariam
1456 705 1615 761 nobis
1641 704 1851 759 infert?
1904 702 2061 757 Malis
2109 700 2258 756 enim

2371 700 2772 774 Ξιλλοτριοῦνται
2804 697 3067 772 Χριστοῦ,
3109 696 3456 752 συνενοῦνταί
3502 712 3570 763 γε
3610 693 3728 765 μὴν
3768 691 3952 744 οίῶυ-

683 806 948 878 depositis
994 814 1159 875 atque
1197 800 1440 869 rejectis,
1470 799 1524 852 in
1569 812 1762 853 eorum
1815 796 1994 851 locum
2033 793 2257 850 virtutis

687 897 1039 971 pulchritudo
1058 892 1327 949 succedit.
1348 890 1453 946 Uhi
1480 890 1627 945 enim
1647 889 1819 959 ejecta
1842 899 1925 943 est
1950 886 2256 957 turpitudo,

685 991 760 1045 ibi
800 988 1047 1059 gravitas
1094 986 1271 1038 oritur
1296 992 1352 1037 et
1404 982 1640 1038 exsistit.
1677 978 2092 1035 Observandum
2130 991 2260 1033 vero

683 1081 1161 1139 circumcisionem
1197 1077 1419 1149 quidem
1470 1090 1566 1145 per
1606 1074 1871 1144 Spiritum
1916 1070 2261 1144 purgationis

684 1173 919 1229 oIlicium
958 1172 1014 1226 in
1045 1170 1207 1225 nobis
1238 1170 1487 1238 implere,
1530 1164 1734 1221 Filium
1776 1173 1959 1220 autem
2019 1164 2261 1235 Spiritus

684 1264 1000 1335 largitorem
1032 1275 1161 1316 esse
1185 1278 1198 1313 :
1226 1278 1244 1311 ‹
1275 1259 1349 1313 De
1372 1258 1711 1329 plenitudine
1739 1257 1885 1312 enim
1916 1255 2037 1325 ejus
2066 1269 2262 1311 omnes

684 1354 1024 1423 accepimus,
1064 1372 1082 1404 ι
1120 1358 1179 1405 ιιι
1214 1350 1290 1404 ait
1317 1349 1563 1405 Joannes
1588 1350 1655 1414 ¹⁹,
1692 1355 1747 1403 et
1797 1349 1913 1419 ipse
1945 1355 2029 1403 est
2060 1346 2153 1417 qui
2192 1344 2262 1400 ad

685 1460 789 1500 nos
823 1444 1001 1499 dixit:
1037 1461 1056 1495 ι
1096 1440 1342 1512 Accipite
1370 1437 1826 1511 37lSpiritum
1855 1446 2113 1494 sanctum
2138 1437 2205 1495 η.
2239 1456 2257 1490 ι

685 1535 837 1590 Illam
885 1536 1070 1604 itaque
1120 1533 1504 1603 purgationem
1572 1530 1630 1585 in
1682 1531 1844 1587 nobis
1894 1546 1992 1599 per
2040 1529 2264 1584 modum

687 1627 953 1696 spiritalis
979 1625 1423 1680 circumcisionis
1453 1623 1615 1679 Pater
1636 1638 1733 1694 per
1756 1621 1955 1676 Filium
1980 1629 2261 1692 operatur.

688 1718 957 1784 Quocirca
988 1718 1043 1771 in
1074 1717 1306 1772 nihilum
1356 1717 1470 1770 abit
1510 1723 1651 1770 tetra
1684 1724 1737 1769 et
1777 1713 1942 1784 impia
1992 1714 2259 1769 adversa-

688 1811 896 1864 riorum
927 1807 1177 1871 audacia,
1211 1807 1304 1878 qui
1340 1808 1523 1862 dicere
1559 1807 1721 1862 veriti
1763 1820 1872 1860 non
1916 1812 2075 1861 erant
2130 1804 2261 1875 quia

687 1902 856 1955 vitem
892 1901 1135 1970 seipsum
1164 1898 1337 1954 Filius
1362 1898 1690 1964 nominavit,
1724 1897 1940 1952 Patrem
1974 1904 2160 1953 autem
2200 1912 2266 1954 ac

690 1989 860 2045 Deum
894 1990 1214 2060 agricolam,
1246 1989 1457 2044 idcirco
1494 1987 1748 2043 eumdem
1785 2003 1894 2041 non
1924 2004 2048 2043 esse
2070 1996 2267 2043 natura

688 2096 813 2137 cum
839 2082 980 2151 ipso.
1015 2081 1174 2135 Nulla
1196 2082 1398 2151 quippe
1427 2080 1591 2144 ratio,
1623 2080 1823 2151 inquit,
1848 2080 2016 2135 vitem
2038 2088 2093 2135 et
2120 2081 2265 2152 agri-

688 2173 866 2227 colam
897 2173 1239 2241 persuaserit
1267 2188 1439 2227 unum
1475 2181 1529 2228 et
1559 2172 1704 2227 idem
1732 2187 1856 2227 esse
1876 2180 2093 2226 natura.
2130 2172 2268 2227 Cum

688 2277 821 2334 ergo
856 2263 1053 2318 Filium
1095 2264 1397 2334 agricolam
1435 2278 1559 2319 esse
1582 2263 1986 2335 comperiamus
2020 2278 2118 2334 per
2157 2263 2271 2334 spi-,

690 2355 906 2409 ritalem
936 2355 1438 2421 circumcisionem,
1480 2356 1662 2410 sciant
1719 2354 1938 2410 demum
1969 2354 2116 2426 quod
2146 2369 2269 2411 cun‘

689 2446 939 2516 ejusdem
968 2447 1173 2518 speciei
1211 2448 1323 2502 sint
1346 2448 1490 2502 inter
1518 2462 1577 2504 se
1604 2446 1880 2519 agricolae,
1914 2448 1970 2502 in
2000 2456 2269 2520 quantum

690 2549 886 2593 natura
929 2554 1030 2593 sua
1065 2547 1196 2593 sunt
1232 2539 1503 2604 homines,
1539 2537 1893 2594 manifestum
1939 2547 2025 2594 est
2073 2538 2271 2594 Filium

688 2643 799 2683 non
870 2645 997 2686 esse
1043 2645 1074 2685 a
1116 2630 1696 2687 consubstantialitate
1753 2645 1880 2685 cum
1944 2627 2108 2687 Patre
2166 2631 2274 2687 Deo

689 2720 953 2775 alienum.

2358 794 2536 849 λεύειν
2565 796 2666 849 ούκ
2690 795 3007 865 ἀνεχόμενοι
3039 795 3106 864 τῇ
3136 792 3317 846 κτίσει
3354 789 3509 862 παρά
3539 788 3636 841 τὸν
3670 786 3953 845 κτίσαντας

2359 886 2477 950 πῶς
2496 887 2595 940 ούκ
2625 885 2899 939 ἐσταιτῶν
2921 882 3367 955 ὁμολογουμένων
3396 882 3477 935 ὅτι
3506 879 3724 954 τρόπος
3761 879 3865 939 tot;
3896 876 3960 939 ἐξ

2362 980 2532 1035 ἐθνῶν
2559 981 2588 1033 6
2617 980 2717 1050 τῆς
2740 977 3149 1049 διακαθάρσεως
3178 975 3331 1029 ἐσται
3352 975 3450 1046 τῆς
3477 971 3728 1045 ἀρχαίας
3754 969 3959 1037 ἀπάτης

2360 1069 2450 1124 διά
2477 1067 2570 1123 τοῦ
2606 1067 2928 1137 Πνεύματος
2962 1065 3385 1135 ἐπωφελεστάτη
3426 1063 3489 1116 τὸ
3546 1062 3627 1133 μὴ
3836 1060 3965 1110 ἀω-

2361 1161 2526 1236 τομὴ]
2569 1164 2679 1217 πᾶν
2712 1156 2849 1225 εἶδος
2882 1162 3012 1232 ἡμῖν
3041 1158 3261 1227 ἀγαθῶν
3283 1157 3645 1227 πολυτρόπως
3685 1155 3965 1206 ἀντεισκο·

2366 1253 2641 1326 μίζουσα;
2694 1254 2783 1307 Ἐν
2832 1251 2942 1323 γὰρ
2988 1255 3054 1323 τῇ
3101 1250 3210 1305 τῶν
3257 1249 3477 1320 φαύλων
3535 1245 3814 1300 ὑποθέσει
3856 1243 3966 1317 [γρ.

2362 1344 2647 1417 ἀποθέσει]
2684 1345 2778 1398 καὶ
2808 1342 3046 1414 ἀποϐολῇ
3078 1342 3140 1395 τὸ
3165 1343 3266 1413 τῆς
3292 1341 3492 1414 ἀρετῆς
3527 1336 3973 1407 ἀντεισκρξνεται

2364 1438 2581 1503 κάλλος.
2620 1438 2793 1492 Ὅπου
2841 1438 2949 1510 γάρ
2987 1436 3283 1507 αἰσχρότης
3334 1433 3603 1495 ἐκποδὼν,
3635 1433 3768 1485 ἐκεῖ
3808 1430 3867 1481 τὸ
3895 1446 3973 1481 σε·

2369 1532 2499 1603 μνδν
2544 1528 2753 1600 ἀνίσχει
2802 1530 2898 1583 καὶ
2933 1528 3204 1599 φαίνεται.
3240 1526 3587 1598 Σημειωτέον
3615 1524 3676 1577 δὲ
3699 1564 3716 1587 ,
3754 1524 3835 1575 ὅτι
3886 1521 3972 1574 6:5:

2370 1622 2468 1694 μὲν
2501 1620 2595 1674 τοῦ
2634 1621 2956 1692 Πνεύματος
2984 1623 3019 1690 ἡ
3054 1619 3347 1691 περιτομὴ.
3381 1619 3478 1689 τὴν
3509 1620 3612 1687 τῆς
3626 1615 3725 1669 διά
3766 1612 3971 1683 καθάρο

2371 1729 2509 1776 σεως
2562 1711 2958 1784 ἀποπληροῦσα
2992 1711 3183 1783 χρείαν
3230 1711 3288 1764 ἐν
3332 1710 3486 1781 ἡμῖν,
3519 1707 3771 1779 χορηγὸς
3802 1706 3857 1758 δὲ
3879 1704 3969 1757 το]

2363 1803 2683 1875 Πνεύματος
2707 1806 2736 1857 6
2762 1805 2910 1867 Υἱός.
2948 1821 2968 1855 ι
3024 1803 3160 1855 Ἀπὸ
3186 1802 3296 1872 γάρ
3334 1801 3428 1854 τοῦ
3457 1798 3840 1871 πληρώματος
3876 1799 3973 1849 ait-

2360 1895 2457 1950 τοῦ
2504 1895 2705 1959 πάντες
2753 1896 2915 1966 ἡμεῖς
2973 1894 3272 1963 ἐλάϐομεν,
3313 1912 3332 1944 ι
3384 1892 3525 1947 κατά
3571 1893 3678 1963 τὴν
3724 1891 3972 1943 Ἰωάννου

2363 1988 2572 2058 φωνὴν,
2595 1988 2692 2040 καλ⁹
2712 1987 2876 2051 αὐτός
2895 1989 3044 2040 ἐστιν
3069 1988 3097 2040 6
3122 1986 3256 2057 πρὸς
3284 1988 3433 2057 ἡμᾶς
3462 1984 3637 2038 εἰπὼν
3658 2001 3673 2015 ο
3718 2004 3738 2035 ‹
3771 1982 3976 2036 Λάϐετε

2364 2078 2593 2148 Πνεῦμα
2641 2078 2817 2147 ἆγιον.
2853 2097 2873 2130 ι
2921 2079 3168 2150 Ἐνεργεῖ
3192 2077 3490 2148 τοιγαροῦν
3540 2077 3644 2147 τὴν
3693 2078 3781 2138 εἰς
3832 2078 3975 2145 ἡμᾶς

2365 2170 2765 2243 ἀνακάθαρσιν,
2793 2169 2870 2234 ὠς
2919 2171 2978 2223 ἐν
3020 2169 3210 2240 τρόπῳ
3251 2169 3351 2239 τῆς
3382 2169 3470 2223 διὰ
3510 2168 3608 2221 τοῦ
3658 2168 3975 2238 πνεύματος

2366 2263 2665 2335 νοουμένης
2722 2261 3028 2333 περιτομῆς
3054 2263 3083 2314 6
3123 2260 3316 2332 Πατὴρ
3349 2260 3419 2313 δι’
3456 2260 3614 2316 Υἱοῦ.
3646 2260 3976 2312 Κεκένωται

2366 2353 2546 2407 τοίνυν
2563 2352 2622 2405 τὸ
2643 2352 2841 2423 πικρὸν
2857 2352 2949 2404 καὶ
2971 2351 3185 2404 ἀνόσιον
3206 2348 3312 2403 τῶν
3335 2350 3401 2402 δι’
3416 2351 3670 2413 ἐναντίας
3690 2349 3974 2419 τόλμημα,

2372 2445 2449 2517 μὴ
2492 2444 2931 2499 καταδεισάντων
2963 2444 3159 2508 εἰπεῖν,
3195 2442 3270 2505 ὼς
3299 2442 3531 2513 ἐπείπερ
3564 2442 3827 2512 ἄμπελον
3886 2442 3979 2510 μὲν

2369 2536 2561 2590 ἑαυτὸν
2595 2535 2819 2607 εἴρηκεν
2849 2536 2876 2587 6
2920 2534 3071 2597 Υἱὸς,
3115 2534 3360 2604 γεωργὸν
3387 2533 3443 2586 δὲ
3481 2534 3573 2585 τὸν
3619 2534 3855 2603 Πατέρα
3890 2534 3977 2584 καὶ

2368 2626 2522 2694 Θεὸν,
2546 2627 2573 2680 6
2596 2626 2760 2690 αὑτὸς
2782 2627 2881 2679 οὐκ
2910 2624 3063 2678 ἕσται
3095 2625 3237 2678 κατὰ
3268 2624 3432 2693 φύσιν
3464 2625 3639 2694 αὐτῷ.
3666 2624 3858 2692 Λόγος
3878 2624 3979 2692 γὰρ

2378 2720 2554 2783 ούδεὶς
2584 2718 2888 2790 ἐπιτρέψει,
2918 2721 3073 2789 φησὶ,
3105 2719 3301 2771 ταυτὸν
3331 2720 3413 2782 είς
3438 2718 3629 2771 ούσίαν
3649 2720 3909 2787 γεωργὸν
3926 2734 3978 2768 τε

688 2813 784 2866 καὶ
827 2814 1071 2885 ἄμπελον
1127 2815 1369 2869 νοεῖσθαί
1417 2833 1567 2869 ποτε.
1614 2815 1783 2869 Ὅταν
1823 2808 1915 2868 οῦν
1949 2813 2271 2886 εὑρίσκηται
2309 2814 2555 2886 γεωργὸς
2606 2815 2635 2867 6
2698 2813 2825 2876 Υἱὸς
2878 2810 2969 2866 διὰ
3025 2812 3123 2882 τῆς
3177 2814 3234 2864 ἐν
3315 2810 3593 2881 πνεύματι
3642 2810 3978 2881 περιτομῆς,

688 2903 1079 2960 διακείσθωσαν
1100 2907 1202 2977 ἤδη
1228 2907 1527 2970 λοιπὸν,ῶς
1555 2909 1782 2982 ἐπείπερ
1813 2909 2063 2981 ἀλλήλοις
2093 2911 2357 2982 ὁμοειδεῖς
2387 2912 2435 2964 οἱ
2462 2912 2721 2982 γεωργοὶ,
2783 2908 2921 2963 καθὸ
2976 2907 3286 2978 πεφύκασιν
3349 2908 3648 2980 ἄνθρωποι,
3710 2906 3981 2977 πρόδηλον

689 3001 770 3052 ὅτι
799 2999 899 3069 τῆς
929 2998 1063 3070 πρὸς
1086 2999 1174 3052 τὸν
1204 2999 1421 3071 Πατέρα
1446 3001 1540 3053 καὶ
1564 2999 1697 3058 Θεὸν
1723 3002 2140 3075 ὁμοουσιότητος
2171 3006 2272 3058 οὐκ
2309 3006 2589 3077 ἀλλότριος
2614 3006 2642 3057 6
2669 3004 2816 3067 Υἱός.

761 3090 956 3158 λικε.
994 3090 1121 3144 lam
1158 3109 1246 3147 vos
1294 3096 1477 3151 mundi
1522 3098 1648 3153 estis
1701 3106 1917 3167 propter
1967 3115 2260 3155 sermonem

689 3201 842 3255 quem
872 3183 1081 3238 locutus
1114 3201 1230 3238 sum
1260 3186 1428 3242 vobis.

762 3275 1078 3347 Discipulos
1110 3276 1314 3332 indicio
1349 3288 1407 3333 et
1439 3292 1763 3351 argumento
1792 3281 2109 3338 certissimo
2148 3298 2271 3339 esse

692 3369 767 3423 ait
810 3368 944 3423 artis
975 3368 1096 3438 ejus
1135 3356 1299 3439 aquo
1342 3380 1667 3443 purgantur.
1704 3372 1825 3428 Jam
1856 3374 2002 3429 enim
2036 3375 2267 3430 munda-

691 3468 781 3514 tos
811 3472 933 3513 esse
965 3457 1187 3522 asserit,
1243 3467 1465 3531 propter
1513 3461 1695 3516 solum
1745 3478 2056 3519 sermonem
2109 3480 2271 3534 quem

692 3546 911 3602 locutus
960 3555 1046 3601 est
1083 3547 1185 3609 eis,
1230 3548 1335 3603 hoc
1375 3557 1461 3605 est
1508 3550 1749 3607 divinam
1804 3563 1856 3609 et
1898 3555 2270 3624 evangelicam

692 3638 1023 3694 doctrinam.
1060 3637 1159 3694 Hic
1182 3647 1363 3696 autem
1391 3658 1574 3699 sermo
1604 3652 1690 3700 est
1715 3659 1746 3699 a
1775 3644 2015 3704 Christo.
2049 3649 2118 3703 At
2148 3648 2273 3719 quis

691 3746 839 3786 sana:
882 3731 1083 3787 mentis
1113 3749 1357 3804 unquam
1398 3734 1741 3793 dubitaverit
1773 3739 1909 3808 quin
1961 3739 2074 3796 falx
2104 3742 2273 3798 veluti

692 3816 942 3891 quaedam
975 3829 1030 3876 et
1071 3836 1267 3879 manus
1310 3821 1493 3882 Patris
1532 3827 1604 3882 sit
1649 3827 1761 3892 ille,
1796 3844 1893 3898 per
1925 3844 2087 3903 quem
2144 3840 2275 3887 sunt

690 3912 900 3978 omnia,
947 3913 1000 3967 id
1030 3922 1114 3969 est
1140 3912 1337 3982 Filius,
1373 3916 1471 3987 qui
1508 3919 1742 3973 culturae
1773 3927 1981 3975 nostra:
2010 3921 2269 3978 virtutem

694 4005 990 4074 adimplet,
1043 4021 1210 4077 quam
1259 4007 1437 4065 Patris
1480 4025 1731 4081 personae
1778 4011 2016 4078 tribuit,
2063 4013 2269 4071 docens

692 4098 880 4153 omnia
926 4114 1051 4154 esse
1100 4114 1131 4152 a
1184 4098 1368 4167 Patre,
1428 4112 1803 4159 verumtamen
1856 4111 2119 4177 tanquam
2177 4124 2273 4179 per

693 4190 817 4247 Filii
847 4191 1104 4248 virtutem
1132 4193 1156 4247 ?
1190 4192 1405 4250 Etenim
1431 4194 1747 4253 Servatoris
1783 4213 1968 4254 sermo
2010 4215 2112 4256 nos
2142 4217 2275 4271 pur-

694 4290 808 4354 gat,
853 4283 1110 4353 quamvis
1142 4284 1362 4342 colendi
1385 4289 1558 4343 nostri
1588 4288 1823 4345 olIicium
1850 4291 2129 4347 tribuatur
2163 4291 2273 4349 Deo

694 4390 760 4430 ac
791 4375 962 4429 Patri.
1016 4394 1032 4427 ‹
1069 4374 1193 4447 Ipse
1223 4377 1370 4433 enim
1399 4386 1486 4434 est
1529 4380 1709 4447 vivus,
1764 4391 1819 4437 et
1854 4382 2274 4443 eﬂicacissimus

692 4468 815 4538 ejus
841 4483 1046 4533 sermo,
1067 4469 1385 4542 pertingens
1415 4488 1594 4543 usque
1623 4474 1690 4529 ad
1717 4474 2045 4533 divisionem
2079 4478 2275 4533 anima:

692 4574 761 4614 ac
795 4557 1046 4628 spiritus,
1076 4574 1402 4631 compagum
1438 4577 1658 4633 quoque
1688 4579 1753 4620 ac
1790 4566 2181 4629 medullarum,
2218 4577 2273 4622 et

693 4650 961 4705 discretor
983 4650 1378 4723 cogitationum
1412 4662 1467 4708 et
1506 4655 1882 4712 intentionum
1925 4660 2112 4715 cordis
2136 4661 2204 4716 “.
2250 4678 2269 4713 ι

694 4740 1016 4812 Pertingens
1084 4742 1230 4796 enim
1304 4758 1479 4813 usque
1544 4744 1611 4800 ad
1674 4746 2007 4817 profundum
2079 4750 2275 4804 anima:

694 4830 983 4900 cujusque,
1033 4842 1088 4887 et
1133 4832 1415 4888 occultum
1457 4836 1899 4909 uniuscujusque
1933 4854 2163 4910 scopum
2210 4854 2275 4895 ac

696 4924 1039 4993 propositum
1097 4924 1443 4995 exploratum
1497 4938 1552 4983 et
1611 4936 1863 4999 apertum
1920 4930 2167 5000 habens,
2214 4942 2275 4987 ut

697 5014 862 5079 Deus,
883 5016 1040 5072 vanis
1064 5018 1282 5088 quidem
1311 5020 1519 5075 nostris
1548 5020 1822 5078 institutis
1852 5032 2070 5078 acutam
2095 5026 2272 5080 aciem

695 5105 919 5162 adhibet
968 5123 1068 5178 per
1116 5110 1494 5166 emcacitatem
1547 5113 1810 5183 Spiritus.
1864 5114 1925 5171 Id
1979 5118 2128 5171 enim
2179 5133 2277 5189 per

694 5199 1076 5267 purgationem
1141 5200 1439 5270 significari
1513 5202 1851 5271 putabimus.
1921 5203 2275 5278 Quaecunque

694 5302 827 5341 vero
854 5295 1050 5341 natura
1087 5304 1183 5342 sua
1214 5303 1315 5343 nos
1351 5290 1417 5344 ad
1466 5292 1691 5348 virtutis
1742 5293 2077 5350 desiderium
2110 5296 2272 5367 adju-

694 5387 845 5442 vant,
878 5379 992 5434 hac
1024 5380 1379 5450 multiplicari
1423 5380 1553 5438 facit
1587 5385 1655 5439 ad
1690 5387 1915 5456 pietatis
1958 5388 2273 5445 fecundita-

692 5478 822 5524 tem.
865 5468 999 5524 Cum
1036 5486 1166 5543 ergo
1196 5489 1292 5543 per
1318 5472 1512 5529 Filium
1540 5490 1570 5529 a
1605 5474 1772 5532 Patre
1801 5479 2032 5536 cultura:
2068 5492 2274 5537 nostrae

693 5558 833 5613 ratio
864 5569 1180 5631 peragatur,
1217 5564 1480 5635 numquid
1510 5567 1562 5621 in
1599 5567 1830 5623 nihilum
1863 5569 2082 5626 demum
2123 5575 2267 5628 rcci~

2446 3098 2600 3167 Ἤδη
2634 3098 2803 3168 ὑμεῖς
2834 3096 3083 3165 καθαροί
3111 3096 3251 3151 ἐστε
3276 3095 3375 3150 διὰ
3410 3095 3517 3149 τὸν
3540 3096 3758 3165 λόγον,
3782 3093 3857 3148 ὃν
3884 3098 3981 3147 λε·

2372 3190 2616 3258 λὰληκα
2639 3189 2801 3259 ὑμῖν.

2455 3280 2755 3347 Ἀπόδειξιν
2813 3280 3003 3352 ῶσπερ
3049 3279 3282 3351 διαφανῆ
3333 3296 3393 3332 τε
3440 3277 3534 3331 καὶ
3590 3277 3979 3347 ἀναμφίλογον

2374 3373 2473 3443 τῆς
2502 3373 2596 3426 τοῦ
2629 3372 3078 3444 διακαθαίροντος
3104 3374 3304 3436 αὐτοὺς
3341 3372 3535 3442 τέχνης
3575 3374 3830 3424 ποιεῖται
3862 3374 3985 3431 τοὶς

2377 3464 2646 3537 μαθητάς.
2687 3466 2824 3536 Ἤδη
2878 3466 2986 3538 γὰρ
3044 3466 3240 3528 αὐτοὺς
3293 3462 3733 3534 διακεκαθάρθαι
3799 3464 3982 3533 φησὶν,

2374 3559 2473 3628 ούχ
2523 3558 2711 3630 ἐτέρου
2743 3557 2888 3621 τινὸς
2940 3555 3393 3619 ἀπολαύσαντας,
3438 3556 3595 3626 μόνον
3643 3554 3704 3607 δὲ
3763 3555 3858 3607 διὰ
3902 3554 3984 3605 τὸν

2376 3651 2516 3721 πρὸς
2546 3650 2745 3714 αὐτοὺς
2764 3649 3065 3719 λαληθέντα
3099 3649 3277 3717 λόγον,
3302 3647 3447 3702 τοῦτ’
3471 3647 3586 3701 ἔστι
3608 3648 3711 3717 τὴν
3744 3646 3908 3701 θεέαν
3931 3663 3981 3697 τε

2375 3742 2471 3797 καὶ
2495 3742 2859 3812 εύαγγελικὴν
2883 3742 3174 3812 ὑφήγησιν.
3206 3740 3381 3808 Λόγος
3410 3740 3466 3794 δέ
3495 3734 3649 3803 οὗτός
3674 3741 3807 3791 ἐστι
3840 3743 3983 3813 παρὰ

2374 3832 2635 3904 Χριστοῦ.
2660 3830 2792 3887 Εἶτα
2836 3832 2919 3896 τίς
2959 3833 3068 3904 ἄρα
3113 3830 3230 3884 ἐστὶ
3271 3831 3381 3883 τῶν
3418 3826 3475 3884 εὖ
3509 3831 3894 3902 φρονούντων,
3932 3833 3984 3893 ὃς

2375 3926 2639 3980 ἐνδοιάσει
2672 3925 2981 3990 λοιπὸν,ὅτι
3006 3923 3249 3997 δρεπάνη
3280 3941 3364 3987 τις
3391 3923 3577 3995 ὥσπερ
3602 3925 3696 3977 καὶ
3727 3926 3865 3995 χεὶρ
3897 3925 3983 3978 τοι]

2375 4021 2612 4093 Πατρὸς,
2641 4023 2669 4075 6
2701 4020 2766 4074 δι’
2802 4012 2862 4072 οὗ
2911 4019 2979 4073 τά
3013 4018 3191 4073 πάντα
3223 4018 3341 4071 ἐστὶ
3365 4060 3380 4085 ,
3409 4017 3552 4071 τοῦτ’
3586 4018 3744 4070 ἐστιν
3782 4021 3815 4072 6
3839 4019 3980 4082 l‘ik,

2374 4113 2470 4184 τὴν
2493 4114 2594 4185 τῆς
2624 4115 2703 4178 εἰς
2732 4115 2763 4184 ἡ
2773 4114 2879 4184 μᾶς
2906 4113 3182 4184 γεωργίας
3215 4111 3493 4182 ἐνέργειαν
3520 4110 3899 4182 ἀποπληρῶν,
3925 4114 3984 4182 ἢν

2373 4202 2452 4274 τῷ
2480 4202 2573 4256 τοῦ
2606 4203 2821 4273 Πατρὸς
2878 4202 3188 4274 προσάπτει
3236 4200 3515 4272 προσώπῳ
3537 4242 3552 4266 ,
3581 4199 3875 4255 διδάσκων
3907 4205 3984 4255 ὅτε

2374 4294 2556 4349 πάντα
2598 4295 2696 4365 μὲν
2724 4293 2875 4365 παρά
2903 4294 3139 4366 Πατρὸς,
3169 4292 3308 4364 πλὴν
3339 4292 3413 4356 ὡς
3443 4292 3529 4345 διὰ
3556 4291 3864 4363 δυνάμεως
3897 4292 3984 4346 τοῦ

2376 4386 2507 4441 Υίοῦ
2538 4402 2553 4452 ;
2584 4386 2676 4439 καὶ
2703 4384 2812 4457 γὰρ
2841 4387 2869 4439 6
2896 4385 2990 4439 τοῦ
3041 4385 3298 4458 Σωτῆρος
3331 4386 3478 4457 ἡμᾶς
3505 4383 3873 4455 διακαθαίρει
3907 4386 3984 4437 λό-

2375 4495 2470 4548 γος
2495 4519 2510 4544 ,
2542 4478 2717 4533 καίτοι
2751 4479 2853 4549 τῆς
2894 4478 3018 4533 καθ’
3059 4480 3208 4551 ἡμᾶς
3239 4478 3516 4550 γεωργίας
3544 4476 3985 4550 ἀνατεθειμέντς

2307 4604 2353 4660 D
2380 4568 2457 4640 τῷ
2480 4567 2601 4660 θεῷ
2654 4569 2751 4624 καὶ
2798 4569 2994 4641 Πατρί.
3038 4588 3057 4623 ι
3098 4569 3269 4634 Αὐτὸς
3303 4571 3411 4639 γάρ
3455 4569 3604 4623 ἐστιν
3636 4570 3666 4623 6
3705 4566 3859 4633 ζῶν,
3896 4588 3963 4623 κα

2377 4659 2693 4730 τομώτατος
2726 4661 2893 4716 αὐτοῦ
2931 4661 3109 4731 λόγος,
3152 4664 3180 4715 6
3212 4660 3584 4732 διικνούμενος
3638 4659 3780 4731 ἄχρι
3832 4681 3979 4733 μερι-

2375 4750 2515 4823 σμοῦ
2562 4752 2742 4824 ψυχῆς
2787 4754 2883 4807 καὶ
2922 4753 3265 4825 πνεύματος,
3300 4754 3492 4825 ἁρμῶν
3521 4771 3580 4806 τε
3608 4755 3703 4807 καὶ
3731 4755 3976 4824 μυελῶν,

2375 4842 2470 4895 καὶ
2488 4843 2734 4914 κριτικὸς
2759 4844 3111 4916 ἐνθυμήσεων
3144 4844 3238 4898 καὶ
3255 4842 3472 4897 ἐννοιῶν
3494 4843 3745 4916 καρδίας.
3784 4863 3806 4895 ι
3833 4844 3973 4897 Καθς

2378 4935 2695 5006 ικνούμενος
2723 4935 2833 5007 γὰρ
2869 4939 2949 5000 εἰς
2996 4936 3064 4989 τὰ
3100 4936 3239 5008 βάθη
3272 4937 3371 5007 τῆς
3392 4937 3621 4991 ἑκάστου
3644 4937 3865 5006 ψυχῆς,
3892 4938 3976 4990 καὶ

2373 5025 2465 5078 τὸν
2507 5026 2565 5078 ἐν
2609 5026 2827 5097 ἑκάστῳ
2870 5027 3250 5098 κεκρυμμένον
3281 5027 3481 5081 σκοπὸν
3508 5028 3975 5081 ἀκατακάλυπτον

2372 5115 2513 5187 ἔχων
2540 5115 2616 5180 ὡς
2638 5113 2801 5181 Θεὸς,
2829 5120 2942 5181 τοῖς
2988 5119 3086 5190 μὲν
3128 5120 3357 5183 εἰκαίοις
3400 5118 3555 5191 ἡμῶν
3579 5119 3975 5190 σπουδάσμασι

2371 5210 2472 5279 τὴν
2491 5207 2670 5273 ὀξεῖαν
2687 5210 2884 5280 ἐπάγει
2912 5210 3086 5281 τομὴν
3112 5211 3201 5265 διά
3222 5210 3321 5282 τῆς
3347 5211 3440 5265 τοῦ
3472 5209 3800 5280 Πνεύματος
3823 5213 3977 5281 ἐνερ-

2372 5300 2546 5369 γείας.
2574 5298 2745 5354 Τοῦτο
2770 5300 2900 5372 γὰρ,
2923 5296 3097 5372 οἶμαι,
3113 5300 3409 5373 νομιοῦμεν
3439 5301 3536 5373 τὴν
3561 5299 3968 5373 ἀποκάθαρσιν.

2373 5390 2453 5443 Τά
2475 5389 2531 5443 δέ
2559 5391 2659 5444 ὅσα
2691 5390 2935 5459 πέφυκεν
2974 5393 3206 5461 ὠφελεῖν
3234 5393 3380 5464 ἡμᾶς
3412 5394 3491 5456 είς
3526 5391 3712 5461 ἔφεσιν
3733 5392 3973 5462 ἀρετῆς.

2372 5480 2546 5536 ταῦτα
2574 5481 3111 5546 πολυπλασιόιζεσθαι
3151 5487 3296 5536 ποιεῖ
3325 5484 3459 5554 πρὸς
3488 5483 3905 5555 καρποφορίαν,

2374 5580 2573 5631 νοεῖται
2629 5581 2750 5633 κατ’
2784 5579 3089 5636 εὐσέϐειαν.
3147 5581 3273 5632 Ὅτε
3328 5579 3507 5632 τοίνυν
3538 5578 3604 5632 δι’
3637 5557 3971 5651 Υίοῦθπαρά

766 5736 810 5766 ¹⁹
838 5732 996 5792 Joan.
1035 5753 1087 5804 ι,
1124 5738 1209 5795 16.
1290 5742 1337 5773 ’⁸
1364 5740 1525 5800 Joan.
1566 5759 1629 5798 xx
1660 5784 1673 5811 ,
1726 5745 1816 5799 22.
1896 5748 1935 5779 ¹¹
1978 5747 2143 5803 llebr.
2196 5767 2287 5819 tv,
2327 5754 2416 5807 12.
