4056 6484
180 382 297 434 537

1270 376 1335 431 IN
1363 372 1647 433 JOANNIS
1680 367 2129 427 EVANGELIUM
2160 368 2291 426 LIB.
2338 368 2401 423 X.

3368 374 3474 429 558

182 495 416 568 Πατρκ
452 494 756 564 ἐνεργεῖται
806 492 988 555 καλῶς
1018 492 1116 562 τῆς
1162 494 1241 555 εἰς
1279 494 1430 562 ἡμᾶς
1470 489 1780 561 γεωργίαςί

1894 484 1978 540 dit
2034 482 2279 538 nefarius
2325 483 2419 537 ille
2468 482 2917 538 adversariorum
2968 491 3225 549 conatus,
3273 483 3473 542 Filium

178 586 420 655 τρόπος,
448 585 829 653 μεματαίωται
852 600 863 612 ·
888 582 1005 646 πῶς
1038 583 1146 653 γὰρ
1180 583 1321 653 οὐχὶ,
1342 582 1402 634 τὸ
1421 581 1674 653 περιττὸν
1700 579 1795 633 καὶ

180 674 644 744 κακουργότατον
680 673 788 726 τῶν
827 672 894 726 δι’
929 674 1177 737 ἐναντίας
1222 673 1588 743 ἐπιχείρημα,
1614 672 1795 741 ἑτερο-

181 768 311 834 φυᾶ
339 768 435 819 τὸν
479 765 607 818 Υίὸν
628 765 717 817 διὰ
740 764 898 818 τοῦτο
928 765 1201 833 λεγόντων
1232 764 1519 835 ὑπάρχειν,
1551 762 1627 825 ὡς
1656 760 1793 831 πρὸς

183 859 425 928 Πατέρα
466 858 561 909 καὶ
603 857 737 909 Θεὸν
764 899 779 920 ,
816 858 1116 929 ἐπειδήπερ
1172 856 1415 927 ἄμπελος
1464 855 1562 925 μὲν
1608 854 1792 917 αὐτὸς,

184 950 621 1019 κατωνόμασται
669 949 723 1001 δὲ
762 949 1004 1021 γεωργὸς
1045 951 1072 1003 ό
1107 950 1335 1020 Πατήρ;
1368 946 1793 1002 Διασκεπτέσθω

183 1040 252 1093 δὲ
289 1041 583 1105 πάλιν,καὶ
617 1040 983 1111 περιαθρείτω
1010 1041 1218 1109 σαφῶς,
1250 1042 1330 1094 ὅτι
1353 1038 1629 1111 καθαροὺς
1653 1034 1792 1093 εῖναι

181 1131 498 1204 διορίζεται
540 1133 667 1195 τοὺς
719 1132 883 1185 αὐτοῦ
930 1132 1199 1204 μαθητὰς,
1238 1132 1359 1202 οὐχὶ
1391 1131 1576 1194 ἰδικῶς
1605 1148 1664 1183 τε
1698 1132 1794 1185 καὶ

181 1223 607 1295 ἀφορισμένως,
637 1223 779 1276 τοῦτ’
812 1223 946 1291 ἐστι,
982 1224 1104 1296 δίχα
1131 1224 1224 1278 τοῦ
1259 1223 1617 1293 Μονογενοῢς,
1645 1225 1797 1295 ἐνερ-

185 1314 477 1385 γήσαντός
522 1332 575 1367 τι
613 1314 742 1388 περὶ
804 1316 1001 1379 αὐτοὺς
1056 1317 1150 1370 τοῦ
1204 1316 1340 1370 θεοῦ
1390 1318 1487 1370 καὶ
1538 1317 1790 1388 Πατρός’

184 1404 316 1457 ἀλλ’
348 1403 582 1475 ἐπείπερ
630 1404 909 1459 ἐπείθοντο
936 1406 1011 1477 τῷ
1040 1408 1171 1477 παρ’
1196 1404 1360 1460 αὐτοῦ
1395 1405 1557 1477 λόγῳ.
1582 1407 1793 1480 Ὥσπερ

184 1490 291 1548 οὖν
342 1496 603 1560 ζωοποιός
648 1497 763 1549 ἐστι
809 1497 875 1550 δι’
925 1498 1056 1551 Υίοῦ
1089 1499 1181 1552 καὶ
1227 1500 1285 1553 ἐν
1316 1498 1450 1571 Υἱῷ,
1489 1499 1580 1552 τὸν
1610 1498 1791 1565 αὑτὸν,

185 1582 381 1658 οἶμαι,
416 1590 615 1659 τρόπον
655 1591 748 1641 καὶ
789 1590 1053 1657 γεωργὸς,
1084 1590 1202 1660 ἦτοι
1232 1590 1338 1642 τῶν
1366 1590 1651 1661 ἡμετέρων
1686 1588 1791 1659 ψυ-

186 1681 310 1749 χῶν
367 1680 724 1752 ἐπιμελητὴς,
761 1681 988 1744 εἰκότως
1025 1680 1092 1735 ἂν
1136 1686 1308 1736 νοοῖτο
1341 1683 1525 1748 πάλιν,
1553 1683 1653 1754 οὐχ
1680 1684 1794 1737 ἐτέ-

189 1787 329 1839 ρως,
364 1770 396 1840 ἢ
428 1771 494 1822 δι’
524 1771 677 1825 Υίοῦ.
710 1773 771 1824 Εἰ
795 1772 851 1825 δὲ
882 1775 994 1835 τοῖς
1039 1772 1186 1837 ἄπαξ
1228 1774 1329 1827 οὐκ
1359 1774 1536 1846 ὀρθῶς
1562 1774 1792 1845 εἰρημέ-

181 1879 308 1924 νοις
337 1839 539 1915 οίονται
566 1863 677 1917 δεῖν
706 1864 990 1934 ἐπιμένειν
1007 1864 1056 1916 0i
1082 1865 1175 1917 τὸν
1209 1839 1452 1920 ἐναντίον
1490 1839 1631 1936 ήμῖν⁷
1655 1839 1790 1937 πρε·
1822 1839 1865 1895 Β

184 1954 482 2017 σΰεύοντες
536 1954 713 2023 λόγον,
762 1956 857 2009 καὶ
895 1955 1126 2027 ἐπείπερ
1168 1956 1412 2028 ἄμπελον
1438 1956 1632 2011 ἑαυτὸν
1684 1956 1790 2029 ἔφη

180 2045 449 2114 Χριστὸς,
466 2044 551 2098 διὰ
576 2045 753 2110 τοῦτο,
782 2046 1033 2118 καθάπερ
1058 2046 1116 2113 ἐξ
1157 2047 1422 2119 ἀνάγκης,
1447 2050 1525 2111 εἰς
1558 2046 1791 2118 ἔκφυλον

180 2136 492 2207 ἑτερότητα
548 2137 824 2208 παρωθεῖν
879 2138 1251 2203 ἐκϐιάζονται,
1280 2139 1334 2192 τί
1376 2139 1438 2193 τὸ
1468 2139 1677 2193 κωλῦον
1710 2140 1789 2194 ἔτι

180 2230 283 2280 καὶ
309 2232 343 2299 η
354 2230 457 2298 μᾶς
483 2228 679 2292 αὐτοὺς
706 2229 794 2283 διὰ
827 2230 928 2300 τῆς
954 2229 1076 2299 ἴσης
1099 2230 1487 2300 ἀναισχυντίας
1509 2231 1643 2285 ἰέναι
1677 2232 1787 2287 λοι-

184 2322 319 2383 πὸν,
350 2321 441 2373 καὶ
469 2337 535 2373 πε
547 2322 823 2392 ριτρέπειν
856 2322 937 2375 ἔτι
972 2322 1068 2375 καὶ
1099 2322 1197 2393 οὐχ
1223 2323 1450 2387 ἑκόντας
1476 2324 1673 2389 αὐτοὺς
1700 2324 1789 2378 διὰ

183 2414 290 2483 τῆς
342 2413 629 2485 ἰσοτρόπου
662 2413 953 2486 φλυαρίας,
981 2415 1081 2484 τῆς
1129 2416 1527 2487 μειρακιώδους
1552 2419 1788 2490 ταυτησὶ

190 2502 290 2555 καὶ
308 2504 535 2572 ἀνοήτου
562 2504 841 2568 παντελῶς
858 2505 1162 2577 διαλήψεως
1186 2507 1555 2562 ἀπανίσασθαι
1578 2509 1783 2577 φιλεῖν;

189 2594 255 2647 Εἰ
283 2595 391 2666 γὰρ
422 2596 651 2667 ἐπείπερ
708 2597 947 2667 ἄμπελος
996 2598 1247 2670 εἴρηται,
1280 2598 1367 2653 διὰ
1395 2598 1598 2670 ταύτην
1623 2601 1785 2655 αὐτὸν

180 2686 393 2739 οἴονται
432 2687 531 2758 τήν
588 2687 789 2751 αἰτίαν,
818 2688 919 2759 τῆς
947 2690 1084 2761 πρὸς
1113 2690 1247 2743 Θεὸν
1275 2690 1369 2744 καὶ
1418 2691 1639 2762 Πατέρα
1666 2692 1783 2745 δια-

181 2778 413 2832 πίπτειν
470 2779 802 2850 οἰκειότητος
848 2784 1107 2853 φυσικῆς,
1145 2783 1237 2836 καὶ
1274 2781 1613 2853 ἐτεροούσιον
1645 2778 1783 2837 εἰναι

183 2868 493 2935 παντελῶς,
518 2868 750 2941 ἐπείπερ
771 2870 831 2923 οὐ
857 2871 1074 2935 ταυτὸν,
1095 2874 1175 2936 εἰς
1206 2871 1510 2944 ταυτότητα
1544 2872 1779 2942 φύσεως,

178 2960 436 3031 ἄμπελός
460 2978 517 3013 τε
549 2962 645 3014 καὶ
673 2960 938 3032 γεωργὸς,
966 2962 1019 3014 τί
1053 2964 1127 3034 μὴ
1156 2962 1251 3015 καὶ
1283 2965 1467 3033 ἡμεῖς,
1500 2963 1591 3017 τὸν
1619 2964 1781 3018 αὑτὸν

182 3053 421 3116 ἐκείνοις
451 3054 919 3124 ἀνθυποφέροντες
961 3055 1149 3125 ἀμαθῆ
1188 3073 1247 3109 τε
1272 3056 1367 3111 καὶ
1400 3055 1780 3127 ἀκομψότατον

181 3143 470 3215 λογισμὸν,
521 3145 697 3198 ἐκεῖνό
728 3162 945 3215 φαμεν;
980 3141 1128 3217 Ἀρα
1156 3146 1339 3217 μόνοις
1360 3149 1475 3211 τοῖς
1505 3148 1779 3220 κλήμασιν
1808 3188 1851 3247 C

180 3237 219 3306 ὴ
254 3235 366 3289 τῶν
412 3240 669 3307 γηπονεῖν
710 3236 974 3291 εἰωθότων
1005 3237 1278 3292 ἐπιείκεια
1296 3238 1579 3311 λυσιτελὴς
1603 3238 1669 3295 ἂν
1693 3240 1783 3309 γέ-

179 3344 352 3391 νοιτο,
376 3328 469 3381 καὶ
491 3328 618 3400 περί
646 3329 783 3398 μόνα
808 3329 967 3399 τυχὸν
990 3328 1058 3381 τὰ
1090 3330 1154 3383 ἐκ
1182 3329 1290 3382 τῶν
1318 3330 1587 3401 στελεχῶν
1619 3332 1783 3404 ἐξηρ-

180 3421 421 3490 τημένα,
454 3421 515 3473 τὸ
553 3422 617 3473 ἐκ
650 3422 750 3493 τῆς
789 3421 988 3492 τέχνης
1035 3422 1372 3495 προϐήσεται
1415 3424 1710 3496 χρήσιμον,
1744 3426 1777 3497 ἢ

181 3511 446 3582 δεήσεταί
477 3530 619 3578 τινος
649 3513 966 3585 ἐπιμελείας
989 3514 1083 3567 καὶ
1112 3514 1251 3585 αὑτὴ
1278 3514 1388 3570 τῶν
1414 3515 1709 3587 κλημάτων
1743 3517 1776 3588 ή

180 3605 408 3673 τροφὸς,
439 3605 583 3659 τοῦτ’
606 3605 755 3660 ἔστιν
779 3608 813 3678 ή
844 3606 1112 3677 ἄμπελος,
1146 3600 1181 3681 ᾖ
1217 3607 1574 3678 προσπέφυκέ
1609 3624 1670 3660 τε
1708 3607 1778 3661 τὰ

181 3694 246 3760 ἐξ
287 3696 456 3767 αὐτῆς
486 3696 583 3750 καὶ
621 3698 956 3768 ἐνήρμοσται
997 3696 1279 3768 φυσικῶς;
1329 3698 1470 3751 Ἀλλ’
1500 3694 1778 3761 οὐδὲν,οἷ-

186 3806 310 3858 μαι,
340 3788 520 3860 δεήσει
546 3788 683 3859 πρὸς
711 3787 987 3856 ἀπόδειξιν
1010 3789 1173 3843 πόνου
1192 3806 1206 3819 ⁸
1238 3791 1455 3861 συνερεῖ
1482 3790 1589 3862 γὰρ
1617 3789 1778 3855 εὐθὺς

180 3880 323 3949 ἡμῖν
348 3879 443 3933 καὶ
473 3879 636 3943 αὐτὸς
666 3881 693 3933 0
719 3879 788 3932 0t‘
815 3880 1093 3945 ἐναντίας,
1119 3880 1195 3944 ὡς
1224 3882 1273 3934 εἰ
1311 3882 1385 3952 μή
1435 3899 1519 3945 τις
1566 3882 1778 3951 γένοιτο

180 3968 296 4022 τῶν
318 3968 629 4041 στελεχῶνή
658 3970 901 4041 φροντὶς,
927 3970 1036 4023 οὐδ’
1051 3970 1117 4024 ἂν
1139 3970 1322 4034 αὐτοῖς
1339 3971 1638 4043 ἐνυπάρξαι
1667 3974 1780 4035 τοῖς

181 4061 431 4131 κλήμασι
466 4061 527 4114 τὸ
558 4056 697 4115 εῐναι
724 4060 904 4126 καλῶς
929 4079 943 4093 ο
979 4062 1165 4133 ἐπειδὴ
1197 4063 1377 4117 τοίνυν
1398 4063 1647 4135 ἄμπελον
1679 4066 1778 4135 μὲν

180 4153 381 4206 ἐαυτὸν
416 4153 804 4225 κατωνόμακεν
854 4156 883 4208 0
925 4155 1193 4225 Χριστὸς,
1228 4155 1398 4210 δεῖταί
1448 4174 1510 4226 γε
1546 4158 1654 4229 μὴν
1681 4157 1777 4211 καὶ

178 4240 321 4295 αὐτὸ
348 4242 447 4314 τῆς
478 4243 724 4314 ἀμπέλου
750 4243 811 4297 τὸ
865 4242 1113 4315 στέλεχος
1149 4245 1250 4315 τῆς
1276 4245 1370 4299 τοῦ
1400 4247 1766 4317 γηπονοῦντος

178 4334 579 4406 ἐπιεικείας,ῆ
630 4335 806 4406 πάντη
847 4351 911 4388 τε
951 4336 1044 4389 καὶ
1075 4336 1293 4400 πάντως
1342 4336 1765 4410 ἀδικηθήσεταν

1895 577 2126 632 diversae
2156 592 2184 629 a
2220 574 2329 631 Deo
2358 592 2421 631 ae
2446 574 2611 631 Patre
2644 584 2853 632 natura:
2884 576 3095 631 idcirco
3130 593 3253 633 esse
3286 578 3475 633 dicen-

1895 670 2033 724 tium
2072 669 2239 739 872
2266 669 2413 738 quod
2449 670 2575 724 vitis
2596 670 2821 740 quidem
2864 669 3014 739 ipse,
3051 668 3213 725 Pater
3246 686 3375 726 vero
3405 675 3475 727 sit

1896 758 2139 830 agricola
2197 760 2593 829 nuncupatus?
2647 759 2976 815 Consideret
3023 768 3207 835 autem
3276 776 3474 815 rursus

1894 858 1947 903 et
2007 849 2153 904 clare
2207 849 2626 921 circumspiciat
2698 853 2881 920 ipsum
2939 838 3193 907 statuere
3233 853 3473 908 mundos

1894 956 2020 997 esse
2084 957 2218 999 suos
2253 942 2591 1011 discipulos,
2651 958 2761 997 non
2823 943 3083 1013 privatim
3135 944 3355 1013 quidem
3409 960 3474 999 ac

1894 1033 2153 1098 seorsim,
2180 1034 2231 1087 id
2269 1042 2353 1090 est
2380 1035 2591 1104 absque
2620 1032 2939 1106 Unigenito,
2975 1044 3239 1106 operante
3270 1035 3380 1090 Deo
3410 1051 3474 1089 ac

1894 1125 2059 1182 Patre
2089 1145 2103 1181 :
2148 1126 2245 1183 sed
2270 1127 2399 1196 quia
2426 1127 2552 1196 ejus
2600 1129 2845 1182 sermoni
2880 1130 3166 1198 parebant.
3200 1127 3475 1194 Quemad-

1895 1213 2117 1269 modum
2147 1229 2279 1286 ergo
2309 1214 2562 1270 viviﬂcus
2591 1227 2677 1271 est
2709 1232 2806 1286 per
2840 1216 3039 1272 Filium
3096 1227 3151 1274 et
3202 1218 3256 1272 in
3307 1218 3469 1279 Filio.

1895 1308 2111 1372 eodem,
2146 1318 2207 1363 ut
2238 1323 2386 1376 reor,
2418 1309 2583 1363 modo
2615 1310 2779 1363 etiam
2818 1310 3057 1381 agricola
3099 1312 3214 1367 sive
3262 1319 3474 1367 nostra-

1894 1413 2017 1452 rum
2103 1399 2411 1453 animarum
2469 1399 2655 1455 cultor
2693 1400 2818 1472 jure
2859 1402 3058 1456 merito
3102 1418 3299 1459 rursus
3342 1419 3475 1459 cen-

1892 1489 2106 1545 sebitur
2178 1506 2286 1546 non
2337 1492 2496 1546 aliter
2555 1508 2721 1563 quam
2787 1508 2884 1563 per
2927 1492 3149 1548 Filium.
3210 1495 3367 1561 Quod
3423 1497 3471 1552 si

1895 1595 2003 1635 non
2049 1587 2198 1635 recte
2230 1582 2400 1637 semel
2437 1581 2597 1638 dictis
2629 1583 3000 1638 insistendum
3033 1585 3351 1640 existimant
3376 1587 3473 1657 qui

1893 1670 2059 1727 nobis
2112 1672 2394 1726 contraria
2443 1674 2662 1741 docent,
2706 1682 2759 1728 et
2815 1676 2947 1746 quia
3004 1677 3173 1730 vitem
3228 1679 3471 1747 seipsum

1895 1760 2157 1819 Christus
2182 1762 2341 1828 dixit,
2373 1765 2580 1821 idcirco
2603 1767 2650 1821 ei
2683 1775 2892 1822 naturae
2916 1767 3297 1824 diversitatem
3324 1771 3473 1825 velut

1893 1870 1961 1910 ex
1990 1857 2322 1912 necessitate
2349 1858 2621 1923 tribuunt,
2657 1860 2787 1928 quid
2822 1868 2971 1915 vetat
3004 1862 3223 1916 demum
3261 1862 3475 1932 quomi-

1892 1963 1999 2003 nus
2030 1949 2195 2004 etiam
2244 1964 2346 2006 nos
2382 1951 2551 2007 simili
2589 1961 2811 2007 utamur
2870 1954 3232 2024 impudentia,
3266 1970 3473 2025 eosque

1891 2038 1977 2093 vel
2001 2039 2203 2096 invitos
2243 2055 2506 2112 cogamus
2542 2057 2641 2113 per
2701 2042 2921 2098 easdem
2978 2059 3157 2115 nugas
3205 2044 3473 2115 juvenilis

1891 2129 2124 2201 hujusce
2168 2140 2224 2187 et
2266 2134 2475 2189 insanze
2511 2150 2739 2205 prorsus
2770 2137 3017 2192 stultitiae
3078 2138 3379 2208 progredi?
3411 2135 3471 2191 Si

1889 2225 2036 2280 enim
2069 2241 2136 2281 ex
2166 2240 2232 2281 eo
2263 2226 2410 2297 quod
2434 2228 2562 2283 vitis
2602 2229 2784 2285 dictus
2809 2239 2913 2296 est,
2954 2230 3163 2285 idcirco
3195 2245 3317 2285 eum
3354 2231 3472 2284 exi-

1887 2314 2115 2370 stimant
2154 2315 2222 2370 de
2243 2316 2639 2388 conjunctione
2676 2321 2912 2375 naturali
2950 2336 3075 2375 cum
3105 2319 3220 2375 Deo
3258 2335 3322 2373 ac
3364 2319 3471 2373 l’a-

1888 2412 1972 2461 tre
2019 2407 2297 2472 excidere,
2361 2419 2416 2465 et
2468 2412 2698 2469 alterius
2739 2429 2867 2469 esse
2908 2413 3070 2484 plane
3102 2414 3468 2477 substantim,

1887 2498 2335 2568 quandoquidem
2384 2517 2493 2557 non
2552 2504 2693 2559 idem
2742 2513 2871 2560 sunt
2912 2507 3200 2562 identitate
3259 2517 3469 2562 natura:

1885 2590 2015 2645 vitis
2044 2599 2097 2645 et
2129 2592 2393 2662 agricola,
2426 2594 2622 2663 quidni
2650 2596 2815 2651 etiam
2848 2612 2949 2652 nos
2977 2599 3230 2653 eamdem
3265 2600 3319 2654 in
3344 2601 3465 2656 illos

1886 2682 2111 2737 stultam
2162 2692 2218 2738 et
2266 2685 2677 2755 putidissimam
2743 2686 3019 2743 rationem
3078 2700 3465 2760 retorquentes

1886 2773 2022 2828 illud
2080 2773 2358 2831 dicimus:
2416 2776 2555 2831 Num
2616 2777 2753 2834 solis
2794 2779 3115 2849 palmitibus
3166 2782 3464 2837 vinitorum

1885 2866 2129 2922 studium
2167 2870 2460 2932 conducet,
2488 2880 2541 2924 et
2578 2886 2707 2942 erga
2747 2886 2810 2925 ea
2852 2872 3030 2927 solum
3064 2889 3187 2943 qua:
3226 2875 3465 2943 pendent

1883 2973 1951 3013 ex
1982 2960 2196 3016 truncis
2226 2976 2320 3017 ars
2357 2961 2567 3019 utiliter
2593 2964 2966 3029 adhibebitur,
3005 2980 3074 3018 an
3107 2965 3292 3035 aliqua
3331 2982 3463 3021 cura

1885 3048 2152 3121 indigebit
2181 3053 2343 3107 etiam
2377 3053 2495 3123 ipsa
2548 3054 2737 3107 nutrix
2790 3054 3104 3125 palmitum,
3136 3056 3265 3110 vitis
3298 3057 3465 3111 nimi-

1883 3156 2026 3208 rum,
2061 3143 2151 3198 cui
2192 3142 2379 3199 adnati
2412 3152 2543 3199 sunt
2575 3144 2789 3200 surculi
2835 3155 2890 3201 et
2927 3146 3260 3201 naturaliter
3290 3147 3464 3203 inhae—

1884 3233 2047 3287 rent?
2075 3232 2240 3303 Atqui
2269 3234 2420 3295 nullo
2456 3235 2532 3300 id,
2566 3235 2785 3305 opinor,
2832 3236 3024 3292 labore
3059 3236 3467 3294 demonstrabi-

1881 3334 2015 3382 tur:
2056 3327 2174 3398 ipse
2203 3329 2409 3399 quippe
2437 3330 2621 3384 statim
2655 3329 2815 3383 nobis
2849 3329 3205 3386 adversarius
3253 3331 3464 3402 astipu-

1880 3420 2104 3487 labitur,
2131 3422 2239 3476 nisi
2268 3432 2586 3476 truneorum
2627 3437 2762 3476 cura
2789 3423 3042 3493 quaedam
3073 3424 3359 3487 habeatur,
3392 3439 3462 3479 ne

1878 3509 2018 3566 bene
2067 3511 2287 3581 quidem
2350 3510 2466 3567 fore
2516 3512 2855 3582 palmitibus.
2910 3513 3048 3569 Cum
3102 3530 3236 3585 ergo
3294 3516 3458 3569 vitem

1876 3604 2099 3675 quidem
2147 3605 2391 3675 seipsum
2434 3604 2692 3662 Christus
2756 3607 3160 3673 nominaverit,
3210 3608 3460 3679 adeoque

1874 3696 1995 3767 ipse
2021 3696 2150 3753 vitis
2178 3696 2386 3752 candet
2413 3696 2671 3752 vinitoris
2696 3697 2881 3753 studio
2908 3697 3173 3768 indigeat,
3206 3699 3454 3769 alioquin

1875 3786 2135 3842 damnum
2184 3797 2547 3857 suscepturus
2574 3829 2589 3854 ,
2627 3788 2937 3858 cogitemus
2979 3790 3200 3845 tandem
3252 3788 3454 3845 Filium

1873 3894 1999 3935 esse
2024 3879 2188 3935 sicuti
2215 3896 2339 3947 nos,
2371 3887 2426 3936 et
2458 3895 2593 3935 cura
2638 3880 2822 3937 Patris
2855 3881 3145 3937 nobiscum
3185 3882 3454 3953 indigere,

1875 3988 1945 4028 ne
1973 3971 2095 4043 ipse
2126 3971 2182 4026 in
2219 3972 2369 4028 aliud
2400 3972 2666 4044 quiddam
2706 3989 2872 4044 quam
2918 3974 3064 4045 quod
3092 3983 3176 4031 est
3224 3990 3455 4030 conver-

1874 4070 2045 4131 tatur,
2080 4072 2134 4119 et
2177 4078 2282 4121 suo
2327 4064 2453 4120 loco
2511 4080 2607 4121 seu
2657 4065 2917 4121 ﬁrmitate
2961 4081 3059 4121 sua
3105 4066 3344 4122 excidat.
3377 4065 3457 4123 Eo

1870 4156 2081 4227 quippe
2116 4172 2219 4212 nos
2247 4155 2471 4211 deducit
2505 4155 2601 4213 Dei
2631 4158 2871 4214 hostium
2898 4158 3166 4229 juvenilis
3190 4159 3452 4230 objectio.

1875 4246 1982 4302 Sed
2012 4248 2229 4303 valeant
2261 4248 2583 4304 istiusmodi
2616 4265 2795 4321 nugze,
2841 4259 2896 4307 et
2930 4251 2998 4306 ad
3051 4259 3277 4308 sanctos
3319 4267 3452 4323 apo-

1874 4340 2049 4395 stolos
2074 4350 2266 4396 nostra
2298 4342 2681 4412 progrediatur
2705 4343 2907 4399 oratio.

176 4425 525 4497 λογισὼμεθα
569 4426 756 4479 λοιπὸν
786 4428 846 4480 ἐν
870 4428 1020 4495 τάξει
1071 4427 1170 4499 μὲν
1217 4422 1357 4481 εἶναι
1392 4432 1457 4501 τῇ
1490 4429 1612 4483 καθ’
1634 4431 1782 4501 ἡμᾶς
1817 4430 1909 4485 τὸν
1946 4432 2093 4497 Υἰὸν,
2127 4432 2334 4487 δεῖσθαι
2366 4433 2423 4488 δέ
2482 4434 2602 4507 μεθ’
2666 4435 2823 4507 ἡμῶν
2867 4437 2971 4507 τῆς
3017 4437 3166 4511 παρὰ
3238 4436 3454 4509 Πατρδς

174 4516 537 4585 ἐπιμελείας,
573 4517 661 4571 ἵνα
709 4516 784 4587 μὴ
839 4518 932 4570 καὶ
1000 4516 1164 4580 αὐτὸς
1215 4518 1295 4581 εἰς
1346 4518 1533 4592 ἕτερόν
1577 4536 1631 4572 τι
1697 4518 1829 4590 παρ’
1867 4521 2004 4593 ὅπερ
2046 4521 2165 4575 ἐστὶ
2208 4523 2637 4596 περιτρέπηται,
2665 4527 2761 4581 καὶ
2803 4526 3068 4601 διαπίπτῃ
3098 4530 3198 4599 τῆς
3246 4530 3453 4591 οἰκείας

173 4606 408 4673 τάξεως,
441 4607 558 4678 ῆτοι
579 4606 680 4677 τῆς
704 4606 927 4678 ἐνούσης
967 4607 1312 4679 ἐδραιότητος
1333 4606 1501 4679 αὐτῷ.
1529 4608 1759 4677 Συνάγει
1795 4609 1902 4682 γὰρ
1927 4613 2007 4675 εἰς
2030 4612 2189 4665 τοῦτο
2227 4612 2412 4668 λοιπὸν
2438 4615 2546 4670 τῶν
2577 4616 2864 4690 θεομαχεῖν
2898 4621 3166 4675 εἰωθότων
3225 4624 3258 4691 ή
3328 4638 3450 4691 μει-

176 4696 452 4767 ρακιὼδης
484 4697 750 4762 ἔνστασις.
782 4699 922 4752 Ἀλλ’
946 4698 1178 4771 οἰχέσθω
1210 4699 1310 4770 μὲν
1339 4699 1531 4767 ταῦτα,
1556 4700 1758 4772 πολλὴν
1794 4704 2055 4759 νοσοῦντα
2080 4705 2180 4778 τὴν
2203 4705 2479 4775 ἀϐουλίαν,
2498 4710 2684 4765 εἰσίτω
2711 4728 2773 4781 γε
2806 4711 2914 4784 μὴν
2947 4713 3076 4783 περὶ
3110 4712 3219 4768 τῶν
3275 4714 3450 4781 ἁγίων

172 4787 492 4842 ἀποστόλων
523 4788 653 4859 ἡμῖν
681 4791 709 4842 0
738 4788 914 4857 λόγος.

190 4916 193 4919 ν
253 4902 275 4933 ι
322 4881 465 4950 Ἤδη
490 4880 621 4953 γὰρ,
671 4883 855 4952 φησὶν,
892 4882 1051 4953 ὑμεῖς
1097 4881 1330 4953 καθαροί
1356 4882 1504 4945 ἐστε,
1538 4882 1626 4936 διὰ
1669 4883 1762 4936 τὸν

1944 4902 1963 4935 ι
2010 4881 2129 4938 Jam
2176 4884 2345 4950 enim,
2396 4884 2597 4955 inquit,
2650 4900 2749 4941 vos
2801 4886 2990 4941 mundi
3024 4889 3182 4954 estis,
3221 4902 3445 4964 propter

170 4972 336 5042 λόγον
367 5013 384 5039 ,
444 4972 505 5025 ὃν
567 4973 843 5044 λελάληκα
896 4976 1027 5046 ὑμῖν
1060 4991 1076 5007 ·
1107 4994 1126 5027 ι
1166 4976 1351 5045 ὅμοιον
1411 4972 1543 5027 ὡσεὶ
1593 4974 1763 5044 λέγοι,

172 5066 502 5137 Πέπρακται
542 5068 695 5139 παρὰ
742 5067 960 5139 Πατρὸς
999 5067 1088 5121 διὰ
1134 5068 1227 5121 τὸν
1259 5067 1393 5137 ἐμὸν
1438 5066 1631 5137 λόγον,
1672 5068 1765 5121 ἐπὶ

174 5157 433 5229 πρώτους
466 5159 632 5230 ὑμᾶς,
668 5160 696 5214 0
721 5159 822 5230 τῆς
846 5158 1049 5229 νοητῆς
1074 5158 1170 5212 καὶ
1197 5158 1287 5212 διὰ
1312 5156 1632 5228 Πνεύματος
1669 5160 1764 5213 καὶ

171 5255 233 5307 ἐν
264 5252 544 5324 Πνεύματι
578 5253 874 5325 νοουμένης
902 5252 1316 5323 διακαθάρσεως
1355 5251 1581 5323 τρόπος.
1628 5251 1759 5306 Ἰδοὺ

170 5347 287 5401 τῶν
326 5346 546 5403 εἰκαίων
576 5348 712 5402 ἐθῶν
736 5387 751 5415 ,
800 5350 896 5403 καὶ
937 5347 1266 5420 νεκρότητος
1300 5346 1577 5417 κοσμικῆς
1620 5347 1754 5401 ἀπο-

170 5439 429 5505 ϐαλόντες
475 5442 572 5513 τὴν
610 5440 832 5512 ὄχλησιν
859 5480 873 5505 ,
917 5440 1126 5511 ἕτοιμοι
1185 5438 1323 5512 πρὸς
1374 5438 1756 5511 καρποφορίαν

169 5534 298 5586 ἐστέ
328 5533 427 5605 τὴν
460 5533 702 5605 θεοφιλῆ.
754 5534 886 5590 Ἰδοὺ
935 5533 1167 5605 νομικῆς
1218 5531 1605 5604 ἀπηλλάχθητε
1654 5533 1751 5587 καὶ

168 5629 523 5698 εἰκαιοτᾶτης
569 5626 677 5680 τῶν
746 5626 1019 5681 Ἰουδαίων
1080 5626 1477 5698 ἐπιτηρήσεως.
1539 5623 1750 5690 Ἐξεκά-

166 5722 304 5789 θαρε
333 5719 493 5790 λόγος
539 5719 682 5789 ὑμᾶς
725 5721 754 5772 0
794 5721 945 5791 ἐμός.
988 5719 1064 5772 Οὐ
1115 5718 1223 5790 γὰρ
1281 5701 1365 5771 ἔτῖ
1399 5716 1750 5772 πολιτεύεσθε

167 5809 501 5875 Μωσαῖκῶς,
543 5810 660 5882 ήτοι
696 5810 838 5865 κατά
870 5810 961 5864 τὸν
995 5807 1089 5862 τοῦ
1139 5806 1366 5878 νομικοῦ
1420 5806 1748 5879 γράμματος

1866 4987 2178 5029 sermonem
2201 4990 2363 5045 quem
2391 4975 2557 5046 873
2587 4977 2806 5032 locutus
2836 4993 2959 5032 sum
2992 4979 3151 5037 vobis
3178 5000 3193 5037 :
3238 5001 3257 5034 ι
3296 4998 3360 5039 ac
3394 4987 3457 5041 si

1862 5065 2095 5130 diceret,
2125 5064 2327 5122 Factus
2371 5077 2457 5122 est
2488 5068 2544 5123 in
2570 5083 2669 5125 vos
2701 5070 2911 5140 primos
2934 5084 2965 5125 a
2997 5069 3181 5138 Patre,
3217 5084 3445 5147 propter

1860 5174 2041 5213 meum
2065 5174 2395 5224 sermonem,
2421 5160 2808 5218 intellectualis
2833 5161 2944 5229 ille,
2962 5172 3017 5219 et
3050 5179 3147 5236 per
3175 5164 3439 5237 Spiritum

1859 5262 2022 5320 atque
2056 5251 2111 5306 in
2140 5250 2367 5322 Spiritu,
2403 5253 2743 5325 purgationis
2769 5253 2983 5310 modus.
3022 5255 3159 5312 Ecce
3191 5266 3437 5314 veternm

1862 5355 2076 5394 morum
2115 5350 2168 5395 et
2205 5342 2499 5397 mundana:
2559 5344 2911 5400 mortalitatis
2940 5345 3154 5417 abjecta
3187 5349 3437 5406 molestia

1862 5430 1928 5485 ad
1967 5431 2184 5501 pietatis
2219 5434 2434 5491 fructus
2466 5436 2848 5506 producendos
2892 5439 3070 5509 parati
3109 5440 3264 5496 estis.
3296 5440 3438 5495 Ecce

1862 5520 2019 5593 legali
2046 5532 2099 5578 et
2130 5525 2296 5580 stulta
2332 5534 2498 5597 atque
2539 5528 2838 5583 vanissima
2872 5528 3187 5587 Judaeorum
3246 5533 3438 5588 obser-

1862 5616 2085 5672 vatione
2146 5618 2309 5674 soluti
2368 5619 2523 5675 estis.
2580 5619 2777 5676 Sermo
2804 5636 2904 5678 vos
2953 5638 3108 5678 meus
3157 5624 3432 5694 purgavit.

1856 5706 1977 5763 Non
2010 5709 2125 5780 jam
2170 5710 2316 5765 enim
2369 5728 2433 5766 ex
2482 5711 2649 5769 Mosis
2713 5714 3036 5785 praescripto
3074 5715 3295 5779 vivitis,
3339 5723 3434 5771 aut

1854 5804 2007 5875 juxta
2055 5803 2244 5876 legalis
2276 5806 2468 5861 littera:
2504 5805 2723 5862 modum
2754 5826 2766 5863 :
2802 5822 2903 5863 nec
2954 5808 3099 5863 enim
3134 5807 3190 5864 in
3215 5806 3339 5865 cibo
3364 5821 3432 5870 ac
3464 5848 3473 5855 -
