  <div class='ocr_page' id='page_1' title='image "/cluster/home/n/w/nwhite01/storage/ocr_20150623/74/hvd.32044019207919/209.png"; bbox 0 0 4056 6480; ppageno 0'>
   <div class='ocr_carea' id='block_1_1' title="bbox 568 312 675 372">
    <p class='ocr_par' dir='ltr' id='par_1_1' title="bbox 568 312 675 372">
     <span class='ocr_line' id='line_1_1' title="bbox 568 312 675 372; baseline -0.037 0"><span class='ocrx_word' id='word_1_1' title='bbox 568 312 675 372; x_wconf 76' lang='lat'><strong>559</strong></span> 
     </span>
    </p>
   </div>
   <div class='ocr_carea' id='block_1_2' title="bbox 1604 303 2827 363">
    <p class='ocr_par' dir='ltr' id='par_1_2' title="bbox 1604 303 2827 363">
     <span class='ocr_line' id='line_1_2' title="bbox 1604 303 2827 363; baseline -0.001 -2"><span class='ocrx_word' id='word_1_2' title='bbox 1604 306 1659 363; x_wconf 88' lang='lat' dir='ltr'><strong>S.</strong></span> <span class='ocrx_word' id='word_1_3' title='bbox 1692 305 1972 363; x_wconf 75' lang='lat' dir='ltr'><strong>CYRILLI</strong></span> <span class='ocrx_word' id='word_1_4' title='bbox 2003 304 2475 362; x_wconf 72' lang='lat' dir='ltr'><strong>ALEXANDRINI</strong></span> <span class='ocrx_word' id='word_1_5' title='bbox 2506 303 2827 361; x_wconf 71' lang='lat' dir='ltr'><strong>ARCIIIEP.</strong></span> 
     </span>
    </p>
   </div>
   <div class='ocr_carea' id='block_1_3' title="bbox 3739 309 3840 362">
    <p class='ocr_par' dir='ltr' id='par_1_3' title="bbox 3739 309 3840 362">
     <span class='ocr_line' id='line_1_3' title="bbox 3739 309 3840 362; baseline 0 -2"><span class='ocrx_word' id='word_1_6' title='bbox 3739 309 3840 362; x_wconf 69' lang='lat'><strong>350</strong></span> 
     </span>
    </p>
   </div>
   <div class='ocr_carea' id='block_1_4' title="bbox 574 421 2169 501">
    <p class='ocr_par' dir='ltr' id='par_1_4' title="bbox 574 422 2153 501">
     <span class='ocr_line' id='line_1_4' title="bbox 574 422 2153 501; baseline -0.006 -16"><span class='ocrx_word' id='word_1_7' title='bbox 574 439 727 501; x_wconf 88' lang='lat' dir='ltr'><strong>potu,</strong></span> <span class='ocrx_word' id='word_1_8' title='bbox 762 441 864 482; x_wconf 90' lang='lat' dir='ltr'><strong>nec</strong></span> <span class='ocrx_word' id='word_1_9' title='bbox 895 425 951 480; x_wconf 93' lang='lat' dir='ltr'><strong>in</strong></span> <span class='ocrx_word' id='word_1_10' title='bbox 985 423 1377 481; x_wconf 86' lang='lat' dir='ltr'><strong>lustrationum</strong></span> <span class='ocrx_word' id='word_1_11' title='bbox 1409 422 1689 487; x_wconf 90' lang='lat' dir='ltr'><strong>doctrina,</strong></span> <span class='ocrx_word' id='word_1_12' title='bbox 1725 438 1824 478; x_wconf 91' lang='lat' dir='ltr'><strong>nec</strong></span> <span class='ocrx_word' id='word_1_13' title='bbox 1848 423 2153 479; x_wconf 87' lang='lat' dir='ltr'><strong>oblationi-</strong></span> 
     </span>
    </p>
   </div>
   <div class='ocr_carea' id='block_1_5' title="bbox 2277 421 3841 501">
    <p class='ocr_par' dir='ltr' id='par_1_5' title="bbox 2277 421 3841 497">
     <span class='ocr_line' id='line_1_5' title="bbox 2277 421 3841 497; baseline -0.001 -20"><span class='ocrx_word' id='word_1_14' title='bbox 2277 425 2496 497; x_wconf 78' lang='grc' dir='ltr'>τρόπον’</span> <span class='ocrx_word' id='word_1_15' title='bbox 2532 426 2655 480; x_wconf 71' lang='grc' dir='ltr'>οὔτε</span> <span class='ocrx_word' id='word_1_16' title='bbox 2706 427 2814 496; x_wconf 80' lang='grc' dir='ltr'>γὰρ</span> <span class='ocrx_word' id='word_1_17' title='bbox 2862 427 2921 478; x_wconf 70' lang='grc' dir='ltr'><strong>ἐν</strong></span> <span class='ocrx_word' id='word_1_18' title='bbox 2963 422 3214 495; x_wconf 80' lang='grc' dir='ltr'><strong>βρώμασι</strong></span> <span class='ocrx_word' id='word_1_19' title='bbox 3282 423 3378 477; x_wconf 74' lang='grc' dir='ltr'>καὶ</span> <span class='ocrx_word' id='word_1_20' title='bbox 3424 423 3692 493; x_wconf 84' lang='grc' dir='ltr'>πόμασιν,</span> <span class='ocrx_word' id='word_1_21' title='bbox 3724 421 3841 476; x_wconf 58' lang='lat' dir='ltr'><strong>ob“</strong></span> 
     </span>
    </p>
   </div>
   <div class='ocr_carea' id='block_1_6' title="bbox 574 514 2153 585">
    <p class='ocr_par' dir='ltr' id='par_1_6' title="bbox 574 514 2153 585">
     <span class='ocr_line' id='line_1_6' title="bbox 574 514 2153 585; baseline -0.004 -9"><span class='ocrx_word' id='word_1_22' title='bbox 574 526 677 577; x_wconf 90' lang='lat' dir='ltr'><strong>bus</strong></span> <span class='ocrx_word' id='word_1_23' title='bbox 750 520 1000 576; x_wconf 85' lang='lat' dir='ltr'><strong>cruentis</strong></span> <span class='ocrx_word' id='word_1_24' title='bbox 1065 516 1564 575; x_wconf 86' lang='lat' dir='ltr'><strong>sanetilicationem</strong></span> <span class='ocrx_word' id='word_1_25' title='bbox 1622 514 1903 585; x_wconf 72' lang='lat' dir='ltr'><strong>qumritis,</strong></span> <span class='ocrx_word' id='word_1_26' title='bbox 1947 514 2044 571; x_wconf 92' lang='lat' dir='ltr'><strong>sed</strong></span> <span class='ocrx_word' id='word_1_27' title='bbox 2097 515 2153 570; x_wconf 89' lang='lat' dir='ltr'><strong>in</strong></span> 
     </span>
    </p>
   </div>
   <div class='ocr_carea' id='block_1_7' title="bbox 573 605 2155 680">
    <p class='ocr_par' dir='ltr' id='par_1_7' title="bbox 573 605 2155 680">
     <span class='ocr_line' id='line_1_7' title="bbox 573 605 2155 680; baseline -0.005 -13"><span class='ocrx_word' id='word_1_28' title='bbox 573 612 680 667; x_wconf 79' lang='lat' dir='ltr'><strong>[ide</strong></span> <span class='ocrx_word' id='word_1_29' title='bbox 716 611 873 665; x_wconf 82' lang='lat' dir='ltr'><strong>ﬁrma</strong></span> <span class='ocrx_word' id='word_1_30' title='bbox 900 608 1088 680; x_wconf 85' lang='lat' dir='ltr'><strong>perlici</strong></span> <span class='ocrx_word' id='word_1_31' title='bbox 1123 622 1220 663; x_wconf 91' lang='lat' dir='ltr'><strong>vos</strong></span> <span class='ocrx_word' id='word_1_32' title='bbox 1249 605 1491 668; x_wconf 90' lang='lat' dir='ltr'><strong>creditis,</strong></span> <span class='ocrx_word' id='word_1_33' title='bbox 1518 615 1575 661; x_wconf 88' lang='lat' dir='ltr'><strong>et</strong></span> <span class='ocrx_word' id='word_1_34' title='bbox 1602 620 1700 676; x_wconf 91' lang='lat' dir='ltr'><strong>per</strong></span> <span class='ocrx_word' id='word_1_35' title='bbox 1731 620 1952 661; x_wconf 90' lang='lat' dir='ltr'><strong>omnem</strong></span> <span class='ocrx_word' id='word_1_36' title='bbox 1983 606 2155 660; x_wconf 87' lang='lat' dir='ltr'><strong>actio-</strong></span> 
     </span>
    </p>
   </div>
   <div class='ocr_carea' id='block_1_8' title="bbox 574 698 2157 772">
    <p class='ocr_par' dir='ltr' id='par_1_8' title="bbox 574 698 2157 772">
     <span class='ocr_line' id='line_1_8' title="bbox 574 698 2157 772; baseline -0.003 -13"><span class='ocrx_word' id='word_1_37' title='bbox 574 719 698 759; x_wconf 85' lang='lat' dir='ltr'><strong>nem</strong></span> <span class='ocrx_word' id='word_1_38' title='bbox 739 703 941 759; x_wconf 84' lang='lat' dir='ltr'><strong>bonam</strong></span> <span class='ocrx_word' id='word_1_39' title='bbox 977 702 1193 772; x_wconf 83' lang='lat' dir='ltr'><strong>placere</strong></span> <span class='ocrx_word' id='word_1_40' title='bbox 1242 700 1351 755; x_wconf 88' lang='lat' dir='ltr'><strong>Deo</strong></span> <span class='ocrx_word' id='word_1_41' title='bbox 1403 698 1663 756; x_wconf 83' lang='lat' dir='ltr'><strong>studetis.</strong></span> <span class='ocrx_word' id='word_1_42' title='bbox 1704 698 1765 753; x_wconf 84' lang='lat' dir='ltr'><strong>in</strong></span> <span class='ocrx_word' id='word_1_43' title='bbox 1817 698 1909 754; x_wconf 85' lang='lat' dir='ltr'><strong>his</strong></span> <span class='ocrx_word' id='word_1_44' title='bbox 1951 699 2157 772; x_wconf 86' lang='lat' dir='ltr'><strong>quippe</strong></span> 
     </span>
    </p>
   </div>
   <div class='ocr_carea' id='block_1_9' title="bbox 574 790 2157 869">
    <p class='ocr_par' dir='ltr' id='par_1_9' title="bbox 574 790 2157 869">
     <span class='ocr_line' id='line_1_9' title="bbox 574 790 2157 869; baseline -0.004 -16"><span class='ocrx_word' id='word_1_45' title='bbox 574 798 846 869; x_wconf 86' lang='lat' dir='ltr'><strong>spiritalis</strong></span> <span class='ocrx_word' id='word_1_46' title='bbox 884 796 1070 851; x_wconf 91' lang='lat' dir='ltr'><strong>cultus</strong></span> <span class='ocrx_word' id='word_1_47' title='bbox 1118 794 1202 849; x_wconf 93' lang='lat' dir='ltr'><strong>vis</strong></span> <span class='ocrx_word' id='word_1_48' title='bbox 1233 801 1288 849; x_wconf 88' lang='lat' dir='ltr'><strong>et</strong></span> <span class='ocrx_word' id='word_1_49' title='bbox 1320 792 1465 848; x_wconf 83' lang='lat' dir='ltr'><strong>ratio</strong></span> <span class='ocrx_word' id='word_1_50' title='bbox 1514 799 1816 862; x_wconf 84' lang='lat' dir='ltr'><strong>spectatur.</strong></span> <span class='ocrx_word' id='word_1_51' title='bbox 1866 790 1974 858; x_wconf 84' lang='lat' dir='ltr'><strong>Qui</strong></span> <span class='ocrx_word' id='word_1_52' title='bbox 2025 805 2157 864; x_wconf 91' lang='lat' dir='ltr'><strong>ergo</strong></span> 
     </span>
    </p>
   </div>
   <div class='ocr_carea' id='block_1_10' title="bbox 578 878 2160 958">
    <p class='ocr_par' dir='ltr' id='par_1_10' title="bbox 578 878 2160 958">
     <span class='ocr_line' id='line_1_10' title="bbox 578 878 2160 958; baseline -0.004 -18"><span class='ocrx_word' id='word_1_53' title='bbox 578 885 850 958; x_wconf 87' lang='lat' dir='ltr'><strong>purgandi</strong></span> <span class='ocrx_word' id='word_1_54' title='bbox 889 885 1138 947; x_wconf 86' lang='lat' dir='ltr'><strong>veniunt,</strong></span> <span class='ocrx_word' id='word_1_55' title='bbox 1168 887 1356 946; x_wconf 91' lang='lat' dir='ltr'><strong>erunt,</strong></span> <span class='ocrx_word' id='word_1_56' title='bbox 1388 879 1592 948; x_wconf 87' lang='lat' dir='ltr'><strong>inquit,</strong></span> <span class='ocrx_word' id='word_1_57' title='bbox 1636 879 1803 936; x_wconf 80' lang='lat' dir='ltr'><strong>sicuti</strong></span> <span class='ocrx_word' id='word_1_58' title='bbox 1837 894 1955 936; x_wconf 89' lang='lat' dir='ltr'><strong>vos.</strong></span> <span class='ocrx_word' id='word_1_59' title='bbox 1994 878 2160 936; x_wconf 85' lang='lat' dir='ltr'><strong>Doce-</strong></span> 
     </span>
    </p>
   </div>
   <div class='ocr_carea' id='block_1_11' title="bbox 581 971 2155 1045">
    <p class='ocr_par' dir='ltr' id='par_1_11' title="bbox 581 971 2155 1045">
     <span class='ocr_line' id='line_1_11' title="bbox 581 971 2155 1045; baseline -0.006 -12"><span class='ocrx_word' id='word_1_60' title='bbox 581 980 789 1033; x_wconf 90' lang='lat' dir='ltr'><strong>buntur</strong></span> <span class='ocrx_word' id='word_1_61' title='bbox 813 976 958 1031; x_wconf 90' lang='lat' dir='ltr'><strong>enim</strong></span> <span class='ocrx_word' id='word_1_62' title='bbox 989 974 1082 1045; x_wconf 91' lang='lat' dir='ltr'><strong>qui</strong></span> <span class='ocrx_word' id='word_1_63' title='bbox 1110 988 1285 1041; x_wconf 85' lang='lat' dir='ltr'><strong>nuper</strong></span> <span class='ocrx_word' id='word_1_64' title='bbox 1314 971 1523 1027; x_wconf 90' lang='lat' dir='ltr'><strong>diaboli</strong></span> <span class='ocrx_word' id='word_1_65' title='bbox 1557 971 1743 1043; x_wconf 87' lang='lat' dir='ltr'><strong>plagas</strong></span> <span class='ocrx_word' id='word_1_66' title='bbox 1764 978 2155 1036; x_wconf 82' lang='lat' dir='ltr'><strong>excusserunt,</strong></span> 
     </span>
    </p>
   </div>
   <div class='ocr_carea' id='block_1_12' title="bbox 576 1063 2159 1138">
    <p class='ocr_par' dir='ltr' id='par_1_12' title="bbox 576 1063 2159 1138">
     <span class='ocr_line' id='line_1_12' title="bbox 576 1063 2159 1138; baseline -0.005 -12"><span class='ocrx_word' id='word_1_67' title='bbox 576 1080 632 1126; x_wconf 91' lang='lat' dir='ltr'><strong>et</strong></span> <span class='ocrx_word' id='word_1_68' title='bbox 685 1068 1013 1125; x_wconf 67' lang='lat' dir='ltr'><strong>idololatriae</strong></span> <span class='ocrx_word' id='word_1_69' title='bbox 1071 1065 1312 1137; x_wconf 79' lang='lat' dir='ltr'><strong>expediti</strong></span> <span class='ocrx_word' id='word_1_70' title='bbox 1381 1065 1593 1138; x_wconf 82' lang='lat' dir='ltr'><strong>laqueis</strong></span> <span class='ocrx_word' id='word_1_71' title='bbox 1661 1063 1991 1136; x_wconf 77' lang='lat' dir='ltr'><strong>effugerunt,</strong></span> <span class='ocrx_word' id='word_1_72' title='bbox 2048 1078 2159 1118; x_wconf 91' lang='lat' dir='ltr'><strong>non</strong></span> 
     </span>
    </p>
   </div>
   <div class='ocr_carea' id='block_1_13' title="bbox 578 1156 2158 1233">
    <p class='ocr_par' dir='ltr' id='par_1_13' title="bbox 578 1156 2158 1233">
     <span class='ocr_line' id='line_1_13' title="bbox 578 1156 2158 1233; baseline -0.004 -18"><span class='ocrx_word' id='word_1_73' title='bbox 578 1162 814 1233; x_wconf 83' lang='lat' dir='ltr'><strong>amplius</strong></span> <span class='ocrx_word' id='word_1_74' title='bbox 840 1160 991 1215; x_wconf 92' lang='lat' dir='ltr'><strong>illius</strong></span> <span class='ocrx_word' id='word_1_75' title='bbox 1024 1159 1207 1215; x_wconf 87' lang='lat' dir='ltr'><strong>vivere</strong></span> <span class='ocrx_word' id='word_1_76' title='bbox 1238 1156 1472 1228; x_wconf 76' lang='lat' dir='ltr'><strong>legibus,</strong></span> <span class='ocrx_word' id='word_1_77' title='bbox 1507 1157 1628 1221; x_wconf 91' lang='lat' dir='ltr'><strong>sed,</strong></span> <span class='ocrx_word' id='word_1_78' title='bbox 1667 1167 1919 1211; x_wconf 88' lang='lat' dir='ltr'><strong>veterum</strong></span> <span class='ocrx_word' id='word_1_79' title='bbox 1952 1156 2158 1210; x_wconf 88' lang='lat' dir='ltr'><strong>rituum</strong></span> 
     </span>
    </p>
   </div>
   <div class='ocr_carea' id='block_1_14' title="bbox 580 1248 2161 1325">
    <p class='ocr_par' dir='ltr' id='par_1_14' title="bbox 580 1248 2161 1325">
     <span class='ocr_line' id='line_1_14' title="bbox 580 1248 2161 1325; baseline -0.005 -16"><span class='ocrx_word' id='word_1_80' title='bbox 580 1253 899 1325; x_wconf 86' lang='lat' dir='ltr'><strong>impuritate</strong></span> <span class='ocrx_word' id='word_1_81' title='bbox 924 1268 1027 1308; x_wconf 91' lang='lat' dir='ltr'><strong>ceu</strong></span> <span class='ocrx_word' id='word_1_82' title='bbox 1062 1250 1222 1306; x_wconf 87' lang='lat' dir='ltr'><strong>vanis</strong></span> <span class='ocrx_word' id='word_1_83' title='bbox 1253 1250 1430 1321; x_wconf 87' lang='lat' dir='ltr'><strong>paleis</strong></span> <span class='ocrx_word' id='word_1_84' title='bbox 1456 1264 1715 1311; x_wconf 79' lang='lat' dir='ltr'><strong>excussa,</strong></span> <span class='ocrx_word' id='word_1_85' title='bbox 1743 1256 1909 1320; x_wconf 88' lang='lat' dir='ltr'><strong>atque</strong></span> <span class='ocrx_word' id='word_1_86' title='bbox 1931 1248 2006 1302; x_wconf 92' lang='lat' dir='ltr'><strong>ita</strong></span> <span class='ocrx_word' id='word_1_87' title='bbox 2033 1262 2161 1320; x_wconf 87' lang='lat' dir='ltr'><strong>pro-</strong></span> 
     </span>
    </p>
   </div>
   <div class='ocr_carea' id='block_1_15' title="bbox 578 1341 2160 1418">
    <p class='ocr_par' dir='ltr' id='par_1_15' title="bbox 578 1341 2160 1418">
     <span class='ocr_line' id='line_1_15' title="bbox 578 1341 2160 1418; baseline -0.005 -15"><span class='ocrx_word' id='word_1_88' title='bbox 578 1346 854 1403; x_wconf 89' lang='lat' dir='ltr'><strong>ducendis</strong></span> <span class='ocrx_word' id='word_1_89' title='bbox 881 1346 1104 1418; x_wconf 90' lang='lat' dir='ltr'><strong>pietatis</strong></span> <span class='ocrx_word' id='word_1_90' title='bbox 1139 1343 1419 1400; x_wconf 81' lang='lat' dir='ltr'><strong>fructibus</strong></span> <span class='ocrx_word' id='word_1_91' title='bbox 1478 1358 1575 1413; x_wconf 90' lang='lat' dir='ltr'><strong>per</strong></span> <span class='ocrx_word' id='word_1_92' title='bbox 1633 1342 1878 1397; x_wconf 89' lang='lat' dir='ltr'><strong>divinam</strong></span> <span class='ocrx_word' id='word_1_93' title='bbox 1930 1341 2160 1414; x_wconf 83' lang='lat' dir='ltr'><strong>gratiam</strong></span> 
     </span>
    </p>
   </div>
   <div class='ocr_carea' id='block_1_16' title="bbox 581 1433 2159 1508">
    <p class='ocr_par' dir='ltr' id='par_1_16' title="bbox 581 1433 2159 1508">
     <span class='ocr_line' id='line_1_16' title="bbox 581 1433 2159 1508; baseline -0.004 -15"><span class='ocrx_word' id='word_1_94' title='bbox 581 1440 767 1495; x_wconf 87' lang='lat' dir='ltr'><strong>idonei</strong></span> <span class='ocrx_word' id='word_1_95' title='bbox 795 1439 1016 1502; x_wconf 88' lang='lat' dir='ltr'><strong>redditi,</strong></span> <span class='ocrx_word' id='word_1_96' title='bbox 1049 1436 1335 1508; x_wconf 88' lang='lat' dir='ltr'><strong>palmitum</strong></span> <span class='ocrx_word' id='word_1_97' title='bbox 1374 1435 1551 1492; x_wconf 88' lang='lat' dir='ltr'><strong>instar</strong></span> <span class='ocrx_word' id='word_1_98' title='bbox 1595 1434 1732 1488; x_wconf 92' lang='lat' dir='ltr'><strong>mihi</strong></span> <span class='ocrx_word' id='word_1_99' title='bbox 1777 1433 2159 1497; x_wconf 63' lang='lat' dir='ltr'><strong>adhaerebunt,</strong></span> 
     </span>
    </p>
   </div>
   <div class='ocr_carea' id='block_1_17' title="bbox 580 1524 2164 1601">
    <p class='ocr_par' dir='ltr' id='par_1_17' title="bbox 580 1524 2164 1601">
     <span class='ocr_line' id='line_1_17' title="bbox 580 1524 2164 1601; baseline -0.004 -14"><span class='ocrx_word' id='word_1_100' title='bbox 580 1540 637 1587; x_wconf 91' lang='lat' dir='ltr'><strong>et</strong></span> <span class='ocrx_word' id='word_1_101' title='bbox 663 1548 731 1587; x_wconf 90' lang='lat' dir='ltr'><strong>ex</strong></span> <span class='ocrx_word' id='word_1_102' title='bbox 762 1531 1035 1585; x_wconf 86' lang='lat' dir='ltr'><strong>charitate</strong></span> <span class='ocrx_word' id='word_1_103' title='bbox 1066 1544 1194 1601; x_wconf 87' lang='lat' dir='ltr'><strong>erga</strong></span> <span class='ocrx_word' id='word_1_104' title='bbox 1226 1544 1315 1584; x_wconf 90' lang='lat' dir='ltr'><strong>me</strong></span> <span class='ocrx_word' id='word_1_105' title='bbox 1345 1527 1647 1598; x_wconf 85' lang='lat' dir='ltr'><strong>pendentes</strong></span> <span class='ocrx_word' id='word_1_106' title='bbox 1677 1525 1886 1582; x_wconf 86' lang='lat' dir='ltr'><strong>inlluxu</strong></span> <span class='ocrx_word' id='word_1_107' title='bbox 1917 1524 2164 1597; x_wconf 84' lang='lat' dir='ltr'><strong>Spiritus</strong></span> 
     </span>
    </p>
   </div>
   <div class='ocr_carea' id='block_1_18' title="bbox 582 1618 2167 1694">
    <p class='ocr_par' dir='ltr' id='par_1_18' title="bbox 582 1618 2167 1694">
     <span class='ocr_line' id='line_1_18' title="bbox 582 1618 2167 1694; baseline -0.005 -15"><span class='ocrx_word' id='word_1_108' title='bbox 582 1624 754 1679; x_wconf 87' lang='lat' dir='ltr'><strong>corde</strong></span> <span class='ocrx_word' id='word_1_109' title='bbox 784 1622 1215 1694; x_wconf 87' lang='lat' dir='ltr'><strong>saginabuntur,</strong></span> <span class='ocrx_word' id='word_1_110' title='bbox 1248 1628 1303 1675; x_wconf 90' lang='lat' dir='ltr'><strong>et</strong></span> <span class='ocrx_word' id='word_1_111' title='bbox 1336 1635 1470 1675; x_wconf 59' lang='lat' dir='ltr'><strong>mea</strong></span> <span class='ocrx_word' id='word_1_112' title='bbox 1499 1619 1760 1675; x_wconf 87' lang='lat' dir='ltr'><strong>bonitatis</strong></span> <span class='ocrx_word' id='word_1_113' title='bbox 1791 1618 2022 1689; x_wconf 84' lang='lat' dir='ltr'><strong>gratiam</strong></span> <span class='ocrx_word' id='word_1_114' title='bbox 2068 1632 2167 1687; x_wconf 85' lang='lat' dir='ltr'><strong>po-</strong></span> 
     </span>
    </p>
   </div>
   <div class='ocr_carea' id='block_1_19' title="bbox 2260 510 3841 587">
    <p class='ocr_par' dir='ltr' id='par_1_19' title="bbox 2260 510 3841 587">
     <span class='ocr_line' id='line_1_19' title="bbox 2260 510 3841 587; baseline -0.003 -17"><span class='ocrx_word' id='word_1_115' title='bbox 2260 515 2366 587; x_wconf 77' lang='grc' dir='ltr'><strong>μὴν</strong></span> <span class='ocrx_word' id='word_1_116' title='bbox 2420 518 2478 570; x_wconf 81' lang='grc' dir='ltr'>έν</span> <span class='ocrx_word' id='word_1_117' title='bbox 2533 514 2777 587; x_wconf 81' lang='grc' dir='ltr'><strong>διδαχαῖς</strong></span> <span class='ocrx_word' id='word_1_118' title='bbox 2834 511 3164 585; x_wconf 81' lang='grc' dir='ltr'><strong>βαπτισμῶν</strong></span> <span class='ocrx_word' id='word_1_119' title='bbox 3189 553 3204 577; x_wconf 95' lang='grc'><strong>,</strong></span> <span class='ocrx_word' id='word_1_120' title='bbox 3264 510 3381 566; x_wconf 82' lang='grc' dir='ltr'>ἀλλ’</span> <span class='ocrx_word' id='word_1_121' title='bbox 3432 512 3558 565; x_wconf 81' lang='grc' dir='ltr'>οὐδὲ</span> <span class='ocrx_word' id='word_1_122' title='bbox 3606 514 3734 575; x_wconf 90' lang='grc' dir='ltr'>ταῖς</span> <span class='ocrx_word' id='word_1_123' title='bbox 3780 513 3841 566; x_wconf 72' lang='grc' dir='ltr'>δι’</span> 
     </span>
    </p>
   </div>
   <div class='ocr_carea' id='block_1_20' title="bbox 2254 602 3849 680">
    <p class='ocr_par' dir='ltr' id='par_1_20' title="bbox 2254 602 3849 680">
     <span class='ocr_line' id='line_1_20' title="bbox 2254 602 3849 680; baseline -0.004 -17"><span class='ocrx_word' id='word_1_124' title='bbox 2254 609 2504 680; x_wconf 79' lang='grc' dir='ltr'><strong>αἱμάτων</strong></span> <span class='ocrx_word' id='word_1_125' title='bbox 2553 610 2946 680; x_wconf 88' lang='grc' dir='ltr'>προσαγωγαῖς</span> <span class='ocrx_word' id='word_1_126' title='bbox 3014 605 3376 677; x_wconf 71' lang='grc' dir='ltr'>ὲκζητήσεται</span> <span class='ocrx_word' id='word_1_127' title='bbox 3428 604 3566 675; x_wconf 64' lang='lat' dir='ltr'><strong>Im.</strong></span> <span class='ocrx_word' id='word_1_128' title='bbox 3620 602 3849 675; x_wconf 73' lang='grc' dir='ltr'><strong>ὲιιζητή⁴</strong></span> 
     </span>
    </p>
   </div>
   <div class='ocr_carea' id='block_1_21' title="bbox 2258 697 3841 776">
    <p class='ocr_par' dir='ltr' id='par_1_21' title="bbox 2258 697 3841 776">
     <span class='ocr_line' id='line_1_21' title="bbox 2258 697 3841 776; baseline -0.004 -19"><span class='ocrx_word' id='word_1_129' title='bbox 2258 720 2381 757; x_wconf 90' lang='grc' dir='ltr'>σετε</span> <span class='ocrx_word' id='word_1_130' title='bbox 2405 702 2426 776; x_wconf 92' lang='grc'>]</span> <span class='ocrx_word' id='word_1_131' title='bbox 2455 702 2548 758; x_wconf 85' lang='grc' dir='ltr'><strong>τόν</strong></span> <span class='ocrx_word' id='word_1_132' title='bbox 2577 702 2874 774; x_wconf 81' lang='grc' dir='ltr'>ἀγιασμὸν,</span> <span class='ocrx_word' id='word_1_133' title='bbox 2916 699 3031 755; x_wconf 80' lang='grc' dir='ltr'>ἀλλ’</span> <span class='ocrx_word' id='word_1_134' title='bbox 3060 700 3118 753; x_wconf 80' lang='grc' dir='ltr'>έν</span> <span class='ocrx_word' id='word_1_135' title='bbox 3152 698 3335 753; x_wconf 81' lang='grc' dir='ltr'><strong>πίστει</strong></span> <span class='ocrx_word' id='word_1_136' title='bbox 3364 697 3564 769; x_wconf 74' lang='grc' dir='ltr'>βεδαίᾳ</span> <span class='ocrx_word' id='word_1_137' title='bbox 3604 697 3841 768; x_wconf 80' lang='grc' dir='ltr'>πληροῦο</span> 
     </span>
    </p>
   </div>
   <div class='ocr_carea' id='block_1_22' title="bbox 2259 791 3851 864">
    <p class='ocr_par' dir='ltr' id='par_1_22' title="bbox 2259 791 3851 864">
     <span class='ocr_line' id='line_1_22' title="bbox 2259 791 3851 864; baseline -0.004 -14"><span class='ocrx_word' id='word_1_138' title='bbox 2259 796 2386 851; x_wconf 84' lang='grc' dir='ltr'><strong>σθαι</strong></span> <span class='ocrx_word' id='word_1_139' title='bbox 2417 797 2730 863; x_wconf 84' lang='grc' dir='ltr'>πιστεύετε,</span> <span class='ocrx_word' id='word_1_140' title='bbox 2776 797 2872 850; x_wconf 74' lang='grc' dir='ltr'>καὶ</span> <span class='ocrx_word' id='word_1_141' title='bbox 2906 795 2996 849; x_wconf 83' lang='grc' dir='ltr'>διὰ</span> <span class='ocrx_word' id='word_1_142' title='bbox 3032 794 3213 864; x_wconf 86' lang='grc' dir='ltr'>πάσης</span> <span class='ocrx_word' id='word_1_143' title='bbox 3252 792 3631 863; x_wconf 88' lang='grc' dir='ltr'>ἀγαθουργίας</span> <span class='ocrx_word' id='word_1_144' title='bbox 3659 791 3851 863; x_wconf 80' lang='grc' dir='ltr'>εὐαρε-</span> 
     </span>
    </p>
   </div>
   <div class='ocr_carea' id='block_1_23' title="bbox 2260 880 3853 960">
    <p class='ocr_par' dir='ltr' id='par_1_23' title="bbox 2260 880 3853 960">
     <span class='ocr_line' id='line_1_23' title="bbox 2260 880 3853 960; baseline -0.006 -18"><span class='ocrx_word' id='word_1_145' title='bbox 2260 891 2407 942; x_wconf 89' lang='grc' dir='ltr'>στεῖν</span> <span class='ocrx_word' id='word_1_146' title='bbox 2433 887 2513 960; x_wconf 84' lang='grc' dir='ltr'><strong>τῷ</strong></span> <span class='ocrx_word' id='word_1_147' title='bbox 2540 888 2662 959; x_wconf 85' lang='grc' dir='ltr'><strong>Θεῷ</strong></span> <span class='ocrx_word' id='word_1_148' title='bbox 2687 886 3041 951; x_wconf 73' lang='grc' dir='ltr'><strong>σπουδάζετε.</strong></span> <span class='ocrx_word' id='word_1_149' title='bbox 3069 884 3368 956; x_wconf 84' lang='grc' dir='ltr'>Θεωρεῖται</span> <span class='ocrx_word' id='word_1_150' title='bbox 3409 881 3522 954; x_wconf 87' lang='grc' dir='ltr'><strong>γάρ</strong></span> <span class='ocrx_word' id='word_1_151' title='bbox 3552 882 3613 935; x_wconf 75' lang='grc' dir='ltr'>ἐν</span> <span class='ocrx_word' id='word_1_152' title='bbox 3641 880 3853 945; x_wconf 72' lang='grc' dir='ltr'>τούτοις</span> 
     </span>
    </p>
   </div>
   <div class='ocr_carea' id='block_1_24' title="bbox 2258 972 3853 1054">
    <p class='ocr_par' dir='ltr' id='par_1_24' title="bbox 2258 972 3853 1054">
     <span class='ocr_line' id='line_1_24' title="bbox 2258 972 3853 1054; baseline -0.006 -17"><span class='ocrx_word' id='word_1_153' title='bbox 2258 983 2358 1054; x_wconf 86' lang='grc' dir='ltr'><strong>τῆς</strong></span> <span class='ocrx_word' id='word_1_154' title='bbox 2414 980 2798 1054; x_wconf 84' lang='grc' dir='ltr'><strong>πνευματικῆς</strong></span> <span class='ocrx_word' id='word_1_155' title='bbox 2846 978 3106 1052; x_wconf 80' lang='grc' dir='ltr'>λατρείας</span> <span class='ocrx_word' id='word_1_156' title='bbox 3160 978 3195 1049; x_wconf 82' lang='grc' dir='ltr'><strong>ή</strong></span> <span class='ocrx_word' id='word_1_157' title='bbox 3247 975 3495 1047; x_wconf 86' lang='grc' dir='ltr'>δύναμις.</span> <span class='ocrx_word' id='word_1_158' title='bbox 3549 975 3616 1029; x_wconf 77' lang='lat' dir='ltr'><strong>Ol</strong></span> <span class='ocrx_word' id='word_1_159' title='bbox 3674 972 3853 1028; x_wconf 83' lang='grc' dir='ltr'>τοίνυν</span> 
     </span>
    </p>
   </div>
   <div class='ocr_carea' id='block_1_25' title="bbox 2259 1064 3854 1145">
    <p class='ocr_par' dir='ltr' id='par_1_25' title="bbox 2259 1064 3854 1145">
     <span class='ocr_line' id='line_1_25' title="bbox 2259 1064 3854 1145; baseline -0.008 -16"><span class='ocrx_word' id='word_1_160' title='bbox 2259 1072 2817 1145; x_wconf 87' lang='grc' dir='ltr'>ἀποκαθαρθήσεσθαι</span> <span class='ocrx_word' id='word_1_161' title='bbox 2850 1070 3173 1143; x_wconf 83' lang='grc' dir='ltr'><strong>μέλλοντες,</strong></span> <span class='ocrx_word' id='word_1_162' title='bbox 3204 1067 3419 1121; x_wconf 72' lang='grc' dir='ltr'>ἔσονται</span> <span class='ocrx_word' id='word_1_163' title='bbox 3439 1107 3458 1133; x_wconf 93' lang='grc'><strong>,</strong></span> <span class='ocrx_word' id='word_1_164' title='bbox 3516 1066 3662 1138; x_wconf 72' lang='grc' dir='ltr'>φησὶ</span> <span class='ocrx_word' id='word_1_165' title='bbox 3686 1106 3705 1132; x_wconf 91' lang='grc'><strong>,</strong></span> <span class='ocrx_word' id='word_1_166' title='bbox 3738 1064 3854 1118; x_wconf 83' lang='grc' dir='ltr'>καθ’</span> 
     </span>
    </p>
   </div>
   <div class='ocr_carea' id='block_1_26' title="bbox 2261 1155 3852 1240">
    <p class='ocr_par' dir='ltr' id='par_1_26' title="bbox 2261 1155 3852 1240">
     <span class='ocr_line' id='line_1_26' title="bbox 2261 1155 3852 1240; baseline -0.009 -17"><span class='ocrx_word' id='word_1_167' title='bbox 2261 1169 2426 1240; x_wconf 82' lang='grc' dir='ltr'>ὑμᾶς.</span> <span class='ocrx_word' id='word_1_168' title='bbox 2454 1166 2919 1237; x_wconf 84' lang='grc' dir='ltr'>Παιδευθήσονται</span> <span class='ocrx_word' id='word_1_169' title='bbox 2943 1163 3075 1236; x_wconf 86' lang='grc' dir='ltr'><strong>γάρ,</strong></span> <span class='ocrx_word' id='word_1_170' title='bbox 3104 1162 3156 1216; x_wconf 84' lang='grc' dir='ltr'><strong>οί</strong></span> <span class='ocrx_word' id='word_1_171' title='bbox 3192 1160 3291 1234; x_wconf 82' lang='grc' dir='ltr'>μὲν</span> <span class='ocrx_word' id='word_1_172' title='bbox 3328 1158 3454 1230; x_wconf 81' lang='grc' dir='ltr'>ἄρτι</span> <span class='ocrx_word' id='word_1_173' title='bbox 3482 1160 3588 1230; x_wconf 84' lang='grc' dir='ltr'><strong>τῆς</strong></span> <span class='ocrx_word' id='word_1_174' title='bbox 3612 1155 3715 1210; x_wconf 92' lang='grc' dir='ltr'><strong>τοῦ</strong></span> <span class='ocrx_word' id='word_1_175' title='bbox 3744 1156 3852 1209; x_wconf 82' lang='grc' dir='ltr'>δια-</span> 
     </span>
    </p>
   </div>
   <div class='ocr_carea' id='block_1_27' title="bbox 2262 1249 3854 1331">
    <p class='ocr_par' dir='ltr' id='par_1_27' title="bbox 2262 1249 3854 1331">
     <span class='ocr_line' id='line_1_27' title="bbox 2262 1249 3854 1331; baseline -0.009 -15"><span class='ocrx_word' id='word_1_176' title='bbox 2262 1261 2421 1316; x_wconf 74' lang='grc' dir='ltr'>ϐόλου</span> <span class='ocrx_word' id='word_1_177' title='bbox 2448 1262 2691 1331; x_wconf 80' lang='grc' dir='ltr'><strong>σαγήνης</strong></span> <span class='ocrx_word' id='word_1_178' title='bbox 2725 1257 3173 1330; x_wconf 83' lang='grc' dir='ltr'>ὲκδιδράσκοντες</span> <span class='ocrx_word' id='word_1_179' title='bbox 3199 1294 3216 1321; x_wconf 91' lang='grc'><strong>,</strong></span> <span class='ocrx_word' id='word_1_180' title='bbox 3262 1254 3359 1308; x_wconf 78' lang='grc' dir='ltr'>καὶ</span> <span class='ocrx_word' id='word_1_181' title='bbox 3396 1252 3527 1315; x_wconf 76' lang='grc' dir='ltr'>τοὺς</span> <span class='ocrx_word' id='word_1_182' title='bbox 3562 1249 3671 1321; x_wconf 85' lang='grc' dir='ltr'><strong>τῆς</strong></span> <span class='ocrx_word' id='word_1_183' title='bbox 3705 1249 3854 1303; x_wconf 74' lang='grc' dir='ltr'>είδωο</span> 
     </span>
    </p>
   </div>
   <div class='ocr_carea' id='block_1_28' title="bbox 2262 1339 3857 1425">
    <p class='ocr_par' dir='ltr' id='par_1_28' title="bbox 2262 1339 3857 1425">
     <span class='ocr_line' id='line_1_28' title="bbox 2262 1339 3857 1425; baseline -0.013 -14"><span class='ocrx_word' id='word_1_184' title='bbox 2262 1355 2582 1425; x_wconf 89' lang='grc' dir='ltr'>λολατρείας</span> <span class='ocrx_word' id='word_1_185' title='bbox 2623 1350 2943 1424; x_wconf 81' lang='grc' dir='ltr'>διαδράντες</span> <span class='ocrx_word' id='word_1_186' title='bbox 3001 1348 3268 1420; x_wconf 82' lang='grc' dir='ltr'>βρόχους,</span> <span class='ocrx_word' id='word_1_187' title='bbox 3324 1343 3511 1398; x_wconf 79' lang='grc' dir='ltr'>οὐκέτι</span> <span class='ocrx_word' id='word_1_188' title='bbox 3572 1339 3676 1413; x_wconf 71' lang='grc' dir='ltr'>μὶν</span> <span class='ocrx_word' id='word_1_189' title='bbox 3750 1340 3857 1401; x_wconf 86' lang='grc' dir='ltr'>τοῖς</span> 
     </span>
    </p>
   </div>
   <div class='ocr_carea' id='block_1_29' title="bbox 2263 1430 3856 1513">
    <p class='ocr_par' dir='ltr' id='par_1_29' title="bbox 2263 1430 3856 1513">
     <span class='ocr_line' id='line_1_29' title="bbox 2263 1430 3856 1513; baseline -0.013 -9"><span class='ocrx_word' id='word_1_190' title='bbox 2263 1450 2473 1507; x_wconf 77' lang='grc' dir='ltr'>ἐκείνου</span> <span class='ocrx_word' id='word_1_191' title='bbox 2497 1444 2875 1501; x_wconf 84' lang='grc' dir='ltr'>πολιτεύεσθαι</span> <span class='ocrx_word' id='word_1_192' title='bbox 2894 1442 3101 1513; x_wconf 89' lang='grc' dir='ltr'>νόμοις,</span> <span class='ocrx_word' id='word_1_193' title='bbox 3126 1434 3589 1506; x_wconf 83' lang='grc' dir='ltr'>ἀποτιναξάμενοι</span> <span class='ocrx_word' id='word_1_194' title='bbox 3610 1432 3671 1486; x_wconf 77' lang='grc' dir='ltr'>δὲ</span> <span class='ocrx_word' id='word_1_195' title='bbox 3695 1430 3856 1484; x_wconf 87' lang='grc' dir='ltr'>καθά-</span> 
     </span>
    </p>
   </div>
   <div class='ocr_carea' id='block_1_30' title="bbox 2264 1523 3856 1613">
    <p class='ocr_par' dir='ltr' id='par_1_30' title="bbox 2264 1523 3856 1613">
     <span class='ocr_line' id='line_1_30' title="bbox 2264 1523 3856 1613; baseline -0.014 -15"><span class='ocrx_word' id='word_1_196' title='bbox 2264 1560 2372 1613; x_wconf 92' lang='grc' dir='ltr'><strong>περ</strong></span> <span class='ocrx_word' id='word_1_197' title='bbox 2418 1541 2624 1596; x_wconf 77' lang='grc' dir='ltr'>εἰκαῖον</span> <span class='ocrx_word' id='word_1_198' title='bbox 2664 1536 2951 1610; x_wconf 78' lang='grc' dir='ltr'>συρφετὸν,</span> <span class='ocrx_word' id='word_1_199' title='bbox 2988 1533 3087 1604; x_wconf 75' lang='grc' dir='ltr'><strong>τὴν</strong></span> <span class='ocrx_word' id='word_1_200' title='bbox 3113 1531 3221 1585; x_wconf 83' lang='grc' dir='ltr'><strong>τῶν</strong></span> <span class='ocrx_word' id='word_1_201' title='bbox 3255 1528 3500 1600; x_wconf 90' lang='grc' dir='ltr'>ἀρχαίων</span> <span class='ocrx_word' id='word_1_202' title='bbox 3528 1524 3680 1579; x_wconf 78' lang='grc' dir='ltr'><strong>ὲθῶν</strong></span> <span class='ocrx_word' id='word_1_203' title='bbox 3728 1523 3856 1576; x_wconf 66' lang='lat' dir='ltr'><strong>du-</strong></span> 
     </span>
    </p>
   </div>
   <div class='ocr_carea' id='block_1_31' title="bbox 2267 1616 3855 1708">
    <p class='ocr_par' dir='ltr' id='par_1_31' title="bbox 2267 1616 3855 1708">
     <span class='ocr_line' id='line_1_31' title="bbox 2267 1616 3855 1708; baseline -0.014 -17"><span class='ocrx_word' id='word_1_204' title='bbox 2267 1634 2517 1708; x_wconf 90' lang='grc' dir='ltr'>θαρσίαν,</span> <span class='ocrx_word' id='word_1_205' title='bbox 2550 1632 2694 1687; x_wconf 76' lang='grc' dir='ltr'>οὔτω</span> <span class='ocrx_word' id='word_1_206' title='bbox 2725 1648 2785 1684; x_wconf 89' lang='grc' dir='ltr'><strong>τε</strong></span> <span class='ocrx_word' id='word_1_207' title='bbox 2816 1626 3007 1683; x_wconf 78' lang='grc' dir='ltr'>λοιπὸν</span> <span class='ocrx_word' id='word_1_208' title='bbox 3030 1624 3325 1696; x_wconf 75' lang='grc' dir='ltr'>ἐπιτήδειοι</span> <span class='ocrx_word' id='word_1_209' title='bbox 3353 1621 3491 1694; x_wconf 78' lang='grc' dir='ltr'>πρὸς</span> <span class='ocrx_word' id='word_1_210' title='bbox 3512 1622 3576 1673; x_wconf 70' lang='grc' dir='ltr'><strong>τὸ</strong></span> <span class='ocrx_word' id='word_1_211' title='bbox 3596 1616 3855 1672; x_wconf 79' lang='grc' dir='ltr'>δύνασθαι</span> 
     </span>
    </p>
   </div>
   <div class='ocr_carea' id='block_1_32' title="bbox 585 1707 2169 1799">
    <p class='ocr_par' dir='ltr' id='par_1_32' title="bbox 585 1711 2167 1785">
     <span class='ocr_line' id='line_1_32' title="bbox 585 1711 2167 1785; baseline -0.004 -14"><span class='ocrx_word' id='word_1_212' title='bbox 585 1724 770 1773; x_wconf 91' lang='lat' dir='ltr'><strong>tantes</strong></span> <span class='ocrx_word' id='word_1_213' title='bbox 803 1716 1013 1780; x_wconf 83' lang='lat' dir='ltr'><strong>vivent,</strong></span> <span class='ocrx_word' id='word_1_214' title='bbox 1045 1724 1210 1785; x_wconf 88' lang='lat' dir='ltr'><strong>atque</strong></span> <span class='ocrx_word' id='word_1_215' title='bbox 1242 1712 1311 1769; x_wconf 90' lang='lat' dir='ltr'><strong>ad</strong></span> <span class='ocrx_word' id='word_1_216' title='bbox 1346 1713 1601 1785; x_wconf 85' lang='lat' dir='ltr'><strong>pietatem</strong></span> <span class='ocrx_word' id='word_1_217' title='bbox 1632 1712 1870 1767; x_wconf 89' lang='lat' dir='ltr'><strong>alentur.</strong></span> <span class='ocrx_word' id='word_1_218' title='bbox 1906 1711 2167 1767; x_wconf 69' lang='lat' dir='ltr'><strong>Israelita:</strong></span> 
     </span>
    </p>
   </div>
   <div class='ocr_carea' id='block_1_33' title="bbox 2277 1707 3859 1799">
    <p class='ocr_par' dir='ltr' id='par_1_33' title="bbox 2277 1707 3859 1799">
     <span class='ocr_line' id='line_1_33' title="bbox 2277 1707 3859 1799; baseline -0.013 -18"><span class='ocrx_word' id='word_1_219' title='bbox 2277 1707 2641 1799; x_wconf 76' lang='grc' dir='ltr'>καρποφορεῖν</span> <span class='ocrx_word' id='word_1_220' title='bbox 2693 1722 2765 1777; x_wconf 85' lang='grc' dir='ltr'>τὰ</span> <span class='ocrx_word' id='word_1_221' title='bbox 2825 1721 2925 1792; x_wconf 90' lang='grc' dir='ltr'><strong>τῆς</strong></span> <span class='ocrx_word' id='word_1_222' title='bbox 2980 1714 3265 1787; x_wconf 86' lang='grc' dir='ltr'>θεοφιλοῦς</span> <span class='ocrx_word' id='word_1_223' title='bbox 3316 1714 3520 1786; x_wconf 86' lang='grc' dir='ltr'>ἀρετῆς</span> <span class='ocrx_word' id='word_1_224' title='bbox 3576 1711 3725 1783; x_wconf 73' lang='grc' dir='ltr'>εργα</span> <span class='ocrx_word' id='word_1_225' title='bbox 3780 1707 3859 1762; x_wconf 57' lang='lat' dir='ltr'><strong>hit</strong></span> 
     </span>
    </p>
   </div>
   <div class='ocr_carea' id='block_1_34' title="bbox 585 1805 2165 1879">
    <p class='ocr_par' dir='ltr' id='par_1_34' title="bbox 585 1805 2165 1879">
     <span class='ocr_line' id='line_1_34' title="bbox 585 1805 2165 1879; baseline -0.004 -13"><span class='ocrx_word' id='word_1_226' title='bbox 585 1825 723 1866; x_wconf 79' lang='lat' dir='ltr'><strong>vero</strong></span> <span class='ocrx_word' id='word_1_227' title='bbox 754 1824 883 1865; x_wconf 85' lang='lat' dir='ltr'><strong>cum</strong></span> <span class='ocrx_word' id='word_1_228' title='bbox 918 1808 1022 1864; x_wconf 82' lang='lat' dir='ltr'><strong>ﬁde</strong></span> <span class='ocrx_word' id='word_1_229' title='bbox 1074 1808 1204 1863; x_wconf 86' lang='lat' dir='ltr'><strong>mihi</strong></span> <span class='ocrx_word' id='word_1_230' title='bbox 1238 1807 1535 1879; x_wconf 85' lang='lat' dir='ltr'><strong>palmitum</strong></span> <span class='ocrx_word' id='word_1_231' title='bbox 1586 1805 1764 1861; x_wconf 90' lang='lat' dir='ltr'><strong>instar</strong></span> <span class='ocrx_word' id='word_1_232' title='bbox 1811 1805 2165 1869; x_wconf 82' lang='lat' dir='ltr'><strong>adhaeserint,</strong></span> 
     </span>
    </p>
   </div>
   <div class='ocr_carea' id='block_1_35' title="bbox 586 1898 2170 1971">
    <p class='ocr_par' dir='ltr' id='par_1_35' title="bbox 586 1898 2170 1971">
     <span class='ocr_line' id='line_1_35' title="bbox 586 1898 2170 1971; baseline -0.003 -13"><span class='ocrx_word' id='word_1_233' title='bbox 586 1912 720 1959; x_wconf 91' lang='lat' dir='ltr'><strong>tunc</strong></span> <span class='ocrx_word' id='word_1_234' title='bbox 751 1919 910 1969; x_wconf 88' lang='lat' dir='ltr'><strong>sane,</strong></span> <span class='ocrx_word' id='word_1_235' title='bbox 947 1910 1079 1957; x_wconf 92' lang='lat' dir='ltr'><strong>tunc</strong></span> <span class='ocrx_word' id='word_1_236' title='bbox 1111 1900 1217 1957; x_wconf 91' lang='lat' dir='ltr'><strong>mei</strong></span> <span class='ocrx_word' id='word_1_237' title='bbox 1268 1899 1543 1958; x_wconf 89' lang='lat' dir='ltr'><strong>sermonis</strong></span> <span class='ocrx_word' id='word_1_238' title='bbox 1578 1898 1957 1971; x_wconf 71' lang='lat' dir='ltr'><strong>purgationem</strong></span> <span class='ocrx_word' id='word_1_239' title='bbox 1986 1906 2170 1953; x_wconf 88' lang='lat' dir='ltr'><strong>mente</strong></span> 
     </span>
    </p>
   </div>
   <div class='ocr_carea' id='block_1_36' title="bbox 588 1991 2168 2067">
    <p class='ocr_par' dir='ltr' id='par_1_36' title="bbox 588 1991 2168 2067">
     <span class='ocr_line' id='line_1_36' title="bbox 588 1991 2168 2067; baseline -0.003 -18"><span class='ocrx_word' id='word_1_240' title='bbox 588 1996 979 2067; x_wconf 85' lang='lat' dir='ltr'><strong>suscipientes,</strong></span> <span class='ocrx_word' id='word_1_241' title='bbox 1010 2010 1117 2049; x_wconf 89' lang='lat' dir='ltr'><strong>non</strong></span> <span class='ocrx_word' id='word_1_242' title='bbox 1147 1994 1260 2064; x_wconf 89' lang='lat' dir='ltr'><strong>jam</strong></span> <span class='ocrx_word' id='word_1_243' title='bbox 1296 1994 1493 2049; x_wconf 71' lang='lat' dir='ltr'><strong>littera:</strong></span> <span class='ocrx_word' id='word_1_244' title='bbox 1539 1991 1824 2049; x_wconf 89' lang='lat' dir='ltr'><strong>mordicus</strong></span> <span class='ocrx_word' id='word_1_245' title='bbox 1876 1992 2168 2058; x_wconf 67' lang='lat' dir='ltr'><strong>inhaerent,</strong></span> 
     </span>
    </p>
   </div>
   <div class='ocr_carea' id='block_1_37' title="bbox 590 2081 2168 2156">
    <p class='ocr_par' dir='ltr' id='par_1_37' title="bbox 590 2081 2168 2156">
     <span class='ocr_line' id='line_1_37' title="bbox 590 2081 2168 2156; baseline -0.003 -17"><span class='ocrx_word' id='word_1_246' title='bbox 590 2101 689 2140; x_wconf 86' lang='lat' dir='ltr'><strong>nec</strong></span> <span class='ocrx_word' id='word_1_247' title='bbox 747 2085 939 2156; x_wconf 82' lang='lat' dir='ltr'><strong>ﬁguris</strong></span> <span class='ocrx_word' id='word_1_248' title='bbox 987 2083 1309 2139; x_wconf 89' lang='lat' dir='ltr'><strong>umbraticis</strong></span> <span class='ocrx_word' id='word_1_249' title='bbox 1357 2083 1521 2139; x_wconf 86' lang='lat' dir='ltr'><strong>sicuti</strong></span> <span class='ocrx_word' id='word_1_250' title='bbox 1576 2098 1723 2137; x_wconf 90' lang='lat' dir='ltr'><strong>nunc</strong></span> <span class='ocrx_word' id='word_1_251' title='bbox 1772 2082 1940 2138; x_wconf 91' lang='lat' dir='ltr'><strong>corde</strong></span> <span class='ocrx_word' id='word_1_252' title='bbox 1983 2081 2168 2147; x_wconf 81' lang='lat' dir='ltr'><strong>allixi,</strong></span> 
     </span>
    </p>
   </div>
   <div class='ocr_carea' id='block_1_38' title="bbox 587 2172 2169 2248">
    <p class='ocr_par' dir='ltr' id='par_1_38' title="bbox 587 2172 2169 2248">
     <span class='ocr_line' id='line_1_38' title="bbox 587 2172 2169 2248; baseline -0.003 -15"><span class='ocrx_word' id='word_1_253' title='bbox 587 2193 777 2233; x_wconf 84' lang='lat' dir='ltr'><strong>verum</strong></span> <span class='ocrx_word' id='word_1_254' title='bbox 806 2194 871 2234; x_wconf 88' lang='lat' dir='ltr'><strong>ac</strong></span> <span class='ocrx_word' id='word_1_255' title='bbox 910 2177 1214 2248; x_wconf 87' lang='lat' dir='ltr'><strong>spiritalem</strong></span> <span class='ocrx_word' id='word_1_256' title='bbox 1247 2178 1454 2232; x_wconf 90' lang='lat' dir='ltr'><strong>cultum</strong></span> <span class='ocrx_word' id='word_1_257' title='bbox 1492 2174 1603 2231; x_wconf 86' lang='lat' dir='ltr'><strong>Deo</strong></span> <span class='ocrx_word' id='word_1_258' title='bbox 1633 2177 1939 2246; x_wconf 80' lang='lat' dir='ltr'><strong>proferunt.</strong></span> <span class='ocrx_word' id='word_1_259' title='bbox 1985 2193 2003 2226; x_wconf 76' lang='grc' dir='ltr'><strong>ι</strong></span> <span class='ocrx_word' id='word_1_260' title='bbox 2043 2172 2169 2245; x_wconf 88' lang='lat' dir='ltr'><strong>Spi-</strong></span> 
     </span>
    </p>
   </div>
   <div class='ocr_carea' id='block_1_39' title="bbox 588 2266 2169 2339">
    <p class='ocr_par' dir='ltr' id='par_1_39' title="bbox 588 2266 2169 2339">
     <span class='ocr_line' id='line_1_39' title="bbox 588 2266 2169 2339; baseline -0.002 -16"><span class='ocrx_word' id='word_1_261' title='bbox 588 2271 730 2326; x_wconf 83' lang='lat' dir='ltr'><strong>ritus</strong></span> <span class='ocrx_word' id='word_1_262' title='bbox 759 2270 904 2326; x_wconf 90' lang='lat' dir='ltr'><strong>enim</strong></span> <span class='ocrx_word' id='word_1_263' title='bbox 948 2268 1093 2324; x_wconf 90' lang='lat' dir='ltr'><strong>Deus</strong></span> <span class='ocrx_word' id='word_1_264' title='bbox 1123 2275 1234 2332; x_wconf 89' lang='lat' dir='ltr'><strong>est,</strong></span> <span class='ocrx_word' id='word_1_265' title='bbox 1266 2276 1314 2324; x_wconf 89' lang='lat' dir='ltr'><strong>et</strong></span> <span class='ocrx_word' id='word_1_266' title='bbox 1357 2284 1453 2324; x_wconf 89' lang='lat' dir='ltr'><strong>eos</strong></span> <span class='ocrx_word' id='word_1_267' title='bbox 1484 2268 1579 2339; x_wconf 90' lang='lat' dir='ltr'><strong>qui</strong></span> <span class='ocrx_word' id='word_1_268' title='bbox 1628 2267 1862 2323; x_wconf 88' lang='lat' dir='ltr'><strong>adorant</strong></span> <span class='ocrx_word' id='word_1_269' title='bbox 1904 2282 2068 2333; x_wconf 90' lang='lat' dir='ltr'><strong>eum,</strong></span> <span class='ocrx_word' id='word_1_270' title='bbox 2115 2266 2169 2322; x_wconf 93' lang='lat' dir='ltr'><strong>in</strong></span> 
     </span>
    </p>
   </div>
   <div class='ocr_carea' id='block_1_40' title="bbox 590 2359 2172 2433">
    <p class='ocr_par' dir='ltr' id='par_1_40' title="bbox 590 2359 2172 2433">
     <span class='ocr_line' id='line_1_40' title="bbox 590 2359 2172 2433; baseline -0.003 -15"><span class='ocrx_word' id='word_1_271' title='bbox 590 2364 787 2433; x_wconf 88' lang='lat' dir='ltr'><strong>spiritu</strong></span> <span class='ocrx_word' id='word_1_272' title='bbox 818 2372 873 2417; x_wconf 93' lang='lat' dir='ltr'><strong>et</strong></span> <span class='ocrx_word' id='word_1_273' title='bbox 896 2363 1128 2418; x_wconf 83' lang='lat' dir='ltr'><strong>veritate</strong></span> <span class='ocrx_word' id='word_1_274' title='bbox 1162 2371 1379 2433; x_wconf 86' lang='lat' dir='ltr'><strong>oportet</strong></span> <span class='ocrx_word' id='word_1_275' title='bbox 1416 2361 1652 2416; x_wconf 89' lang='lat' dir='ltr'><strong>adorare</strong></span> <span class='ocrx_word' id='word_1_276' title='bbox 1677 2362 1746 2414; x_wconf 80' lang='lat'><strong>&quot;.</strong></span> <span class='ocrx_word' id='word_1_277' title='bbox 1789 2380 1807 2413; x_wconf 77' lang='grc' dir='ltr'><strong>ι</strong></span> <span class='ocrx_word' id='word_1_278' title='bbox 1845 2359 2017 2415; x_wconf 90' lang='lat' dir='ltr'><strong>Simul</strong></span> <span class='ocrx_word' id='word_1_279' title='bbox 2039 2373 2172 2433; x_wconf 85' lang='lat' dir='ltr'><strong>ergo</strong></span> 
     </span>
    </p>
   </div>
   <div class='ocr_carea' id='block_1_41' title="bbox 592 2451 2171 2526">
    <p class='ocr_par' dir='ltr' id='par_1_41' title="bbox 592 2451 2171 2526">
     <span class='ocr_line' id='line_1_41' title="bbox 592 2451 2171 2526; baseline -0.002 -16"><span class='ocrx_word' id='word_1_280' title='bbox 592 2465 646 2510; x_wconf 86' lang='lat' dir='ltr'><strong>et</strong></span> <span class='ocrx_word' id='word_1_281' title='bbox 678 2469 869 2509; x_wconf 90' lang='lat' dir='ltr'><strong>eorum</strong></span> <span class='ocrx_word' id='word_1_282' title='bbox 912 2454 1007 2525; x_wconf 87' lang='lat' dir='ltr'><strong>qui</strong></span> <span class='ocrx_word' id='word_1_283' title='bbox 1040 2454 1309 2526; x_wconf 86' lang='lat' dir='ltr'><strong>purgandi</strong></span> <span class='ocrx_word' id='word_1_284' title='bbox 1352 2460 1480 2509; x_wconf 91' lang='lat' dir='ltr'><strong>sunt</strong></span> <span class='ocrx_word' id='word_1_285' title='bbox 1514 2453 1752 2507; x_wconf 82' lang='lat' dir='ltr'><strong>futuram</strong></span> <span class='ocrx_word' id='word_1_286' title='bbox 1802 2451 2171 2525; x_wconf 87' lang='lat' dir='ltr'><strong>pulchritudi-</strong></span> 
     </span>
    </p>
   </div>
   <div class='ocr_carea' id='block_1_42' title="bbox 592 2546 2171 2620">
    <p class='ocr_par' dir='ltr' id='par_1_42' title="bbox 592 2546 2171 2620">
     <span class='ocr_line' id='line_1_42' title="bbox 592 2546 2171 2620; baseline 0.001 -21"><span class='ocrx_word' id='word_1_287' title='bbox 592 2561 716 2601; x_wconf 89' lang='lat' dir='ltr'><strong>nem</strong></span> <span class='ocrx_word' id='word_1_288' title='bbox 745 2547 894 2601; x_wconf 87' lang='lat' dir='ltr'><strong>clare</strong></span> <span class='ocrx_word' id='word_1_289' title='bbox 923 2549 1149 2617; x_wconf 81' lang='lat' dir='ltr'><strong>exponit</strong></span> <span class='ocrx_word' id='word_1_290' title='bbox 1181 2564 1280 2620; x_wconf 90' lang='lat' dir='ltr'><strong>per</strong></span> <span class='ocrx_word' id='word_1_291' title='bbox 1316 2546 1534 2603; x_wconf 90' lang='lat' dir='ltr'><strong>modum</strong></span> <span class='ocrx_word' id='word_1_292' title='bbox 1574 2546 1810 2617; x_wconf 88' lang='lat' dir='ltr'><strong>exempli</strong></span> <span class='ocrx_word' id='word_1_293' title='bbox 1853 2548 1970 2601; x_wconf 90' lang='lat' dir='ltr'><strong>suis</strong></span> <span class='ocrx_word' id='word_1_294' title='bbox 2003 2546 2171 2601; x_wconf 87' lang='lat' dir='ltr'><strong>disci-</strong></span> 
     </span>
    </p>
   </div>
   <div class='ocr_carea' id='block_1_43' title="bbox 591 2637 2172 2711">
    <p class='ocr_par' dir='ltr' id='par_1_43' title="bbox 591 2637 2172 2711">
     <span class='ocr_line' id='line_1_43' title="bbox 591 2637 2172 2711; baseline -0.001 -20"><span class='ocrx_word' id='word_1_295' title='bbox 591 2638 758 2707; x_wconf 92' lang='lat' dir='ltr'><strong>pulis,</strong></span> <span class='ocrx_word' id='word_1_296' title='bbox 791 2647 845 2692; x_wconf 91' lang='lat' dir='ltr'><strong>et</strong></span> <span class='ocrx_word' id='word_1_297' title='bbox 885 2651 982 2693; x_wconf 89' lang='lat' dir='ltr'><strong>eos</strong></span> <span class='ocrx_word' id='word_1_298' title='bbox 1010 2638 1187 2709; x_wconf 89' lang='lat' dir='ltr'><strong>magis</strong></span> <span class='ocrx_word' id='word_1_299' title='bbox 1212 2640 1500 2711; x_wconf 84' lang='lat' dir='ltr'><strong>magisque</strong></span> <span class='ocrx_word' id='word_1_300' title='bbox 1532 2638 1824 2693; x_wconf 75' lang='lat' dir='ltr'><strong>confirmat</strong></span> <span class='ocrx_word' id='word_1_301' title='bbox 1856 2637 1923 2693; x_wconf 91' lang='lat' dir='ltr'><strong>ad</strong></span> <span class='ocrx_word' id='word_1_302' title='bbox 1949 2638 2172 2692; x_wconf 88' lang='lat' dir='ltr'><strong>uberio-</strong></span> 
     </span>
    </p>
   </div>
   <div class='ocr_carea' id='block_1_44' title="bbox 590 2729 2169 2793">
    <p class='ocr_par' dir='ltr' id='par_1_44' title="bbox 590 2729 2169 2793">
     <span class='ocr_line' id='line_1_44' title="bbox 590 2729 2169 2793; baseline 0 -10"><span class='ocrx_word' id='word_1_303' title='bbox 590 2746 704 2786; x_wconf 89' lang='lat' dir='ltr'><strong>rem</strong></span> <span class='ocrx_word' id='word_1_304' title='bbox 758 2731 938 2785; x_wconf 90' lang='lat' dir='ltr'><strong>adhuc</strong></span> <span class='ocrx_word' id='word_1_305' title='bbox 983 2730 1242 2785; x_wconf 86' lang='lat' dir='ltr'><strong>virtutem</strong></span> <span class='ocrx_word' id='word_1_306' title='bbox 1288 2730 1696 2793; x_wconf 81' lang='lat' dir='ltr'><strong>assumendani,</strong></span> <span class='ocrx_word' id='word_1_307' title='bbox 1732 2729 2034 2784; x_wconf 91' lang='lat' dir='ltr'><strong>ostendens</strong></span> <span class='ocrx_word' id='word_1_308' title='bbox 2072 2744 2169 2783; x_wconf 87' lang='lat' dir='ltr'><strong>eos</strong></span> 
     </span>
    </p>
   </div>
   <div class='ocr_carea' id='block_1_45' title="bbox 590 2818 2169 2885">
    <p class='ocr_par' dir='ltr' id='par_1_45' title="bbox 590 2818 2169 2885">
     <span class='ocr_line' id='line_1_45' title="bbox 590 2818 2169 2885; baseline -0.004 -6"><span class='ocrx_word' id='word_1_309' title='bbox 590 2840 701 2879; x_wconf 92' lang='lat' dir='ltr'><strong>non</strong></span> <span class='ocrx_word' id='word_1_310' title='bbox 737 2822 939 2879; x_wconf 81' lang='lat' dir='ltr'><strong>frustra</strong></span> <span class='ocrx_word' id='word_1_311' title='bbox 966 2823 1069 2878; x_wconf 89' lang='lat' dir='ltr'><strong>sibi</strong></span> <span class='ocrx_word' id='word_1_312' title='bbox 1103 2822 1421 2885; x_wconf 61' lang='lat' dir='ltr'><strong>adhaesisse,</strong></span> <span class='ocrx_word' id='word_1_313' title='bbox 1450 2836 1553 2876; x_wconf 87' lang='lat' dir='ltr'><strong>nec</strong></span> <span class='ocrx_word' id='word_1_314' title='bbox 1582 2820 1834 2875; x_wconf 89' lang='lat' dir='ltr'><strong>inutilem</strong></span> <span class='ocrx_word' id='word_1_315' title='bbox 1878 2819 1959 2874; x_wconf 89' lang='lat' dir='ltr'><strong>eis</strong></span> <span class='ocrx_word' id='word_1_316' title='bbox 1993 2818 2169 2876; x_wconf 79' lang='lat' dir='ltr'><strong>fuisse</strong></span> 
     </span>
    </p>
   </div>
   <div class='ocr_carea' id='block_1_46' title="bbox 2267 1800 3859 1892">
    <p class='ocr_par' dir='ltr' id='par_1_46' title="bbox 2267 1800 3859 1892">
     <span class='ocr_line' id='line_1_46' title="bbox 2267 1800 3859 1892; baseline -0.015 -18"><span class='ocrx_word' id='word_1_317' title='bbox 2267 1821 2367 1892; x_wconf 90' lang='grc' dir='ltr'><strong>τῆς</strong></span> <span class='ocrx_word' id='word_1_318' title='bbox 2414 1817 2565 1881; x_wconf 81' lang='grc' dir='ltr'>θείας</span> <span class='ocrx_word' id='word_1_319' title='bbox 2613 1812 3027 1885; x_wconf 79' lang='grc' dir='ltr'>ἀποδειχθέντες</span> <span class='ocrx_word' id='word_1_320' title='bbox 3081 1809 3333 1881; x_wconf 87' lang='grc' dir='ltr'>χάριτος,</span> <span class='ocrx_word' id='word_1_321' title='bbox 3368 1804 3679 1875; x_wconf 82' lang='grc' dir='ltr'><strong>κλημάτων</strong></span> <span class='ocrx_word' id='word_1_322' title='bbox 3710 1800 3859 1868; x_wconf 80' lang='grc' dir='ltr'>δίκην</span> 
     </span>
    </p>
   </div>
   <div class='ocr_carea' id='block_1_47' title="bbox 2270 1891 3861 1982">
    <p class='ocr_par' dir='ltr' id='par_1_47' title="bbox 2270 1891 3861 1982">
     <span class='ocr_line' id='line_1_47' title="bbox 2270 1891 3861 1982; baseline -0.013 -17"><span class='ocrx_word' id='word_1_323' title='bbox 2270 1891 2394 1982; x_wconf 76' lang='grc' dir='ltr'>ἐμοὶ</span> <span class='ocrx_word' id='word_1_324' title='bbox 2428 1907 2909 1979; x_wconf 83' lang='grc' dir='ltr'>προσαφθήσονται</span> <span class='ocrx_word' id='word_1_325' title='bbox 2930 1942 2946 1968; x_wconf 91' lang='grc'><strong>,</strong></span> <span class='ocrx_word' id='word_1_326' title='bbox 2993 1901 3090 1957; x_wconf 72' lang='grc' dir='ltr'>καὶ</span> <span class='ocrx_word' id='word_1_327' title='bbox 3134 1899 3357 1969; x_wconf 79' lang='grc' dir='ltr'><strong>ἀγάπης</strong></span> <span class='ocrx_word' id='word_1_328' title='bbox 3384 1898 3488 1967; x_wconf 83' lang='grc' dir='ltr'><strong>τῆς</strong></span> <span class='ocrx_word' id='word_1_329' title='bbox 3516 1897 3601 1959; x_wconf 78' lang='grc' dir='ltr'>εἰς</span> <span class='ocrx_word' id='word_1_330' title='bbox 3643 1893 3752 1965; x_wconf 72' lang='grc' dir='ltr'><strong>ἐμὲ</strong></span> <span class='ocrx_word' id='word_1_331' title='bbox 3785 1891 3861 1958; x_wconf 79' lang='grc' dir='ltr'>ιε-</span> 
     </span>
    </p>
   </div>
   <div class='ocr_carea' id='block_1_48' title="bbox 2270 1982 3861 2075">
    <p class='ocr_par' dir='ltr' id='par_1_48' title="bbox 2270 1982 3861 2075">
     <span class='ocr_line' id='line_1_48' title="bbox 2270 1982 3861 2075; baseline -0.013 -19"><span class='ocrx_word' id='word_1_332' title='bbox 2270 2001 2572 2075; x_wconf 86' lang='grc' dir='ltr'>ηρτημένοι</span> <span class='ocrx_word' id='word_1_333' title='bbox 2595 1998 2989 2069; x_wconf 84' lang='grc' dir='ltr'>πιανθήσονται</span> <span class='ocrx_word' id='word_1_334' title='bbox 3024 1993 3125 2065; x_wconf 80' lang='grc' dir='ltr'>τὴν</span> <span class='ocrx_word' id='word_1_335' title='bbox 3152 1991 3380 2062; x_wconf 81' lang='grc' dir='ltr'>καρδίαν</span> <span class='ocrx_word' id='word_1_336' title='bbox 3402 1991 3523 2051; x_wconf 88' lang='grc' dir='ltr'>ταῖς</span> <span class='ocrx_word' id='word_1_337' title='bbox 3556 1986 3656 2040; x_wconf 91' lang='grc' dir='ltr'><strong>τοῦ</strong></span> <span class='ocrx_word' id='word_1_338' title='bbox 3692 1982 3861 2040; x_wconf 73' lang='grc' dir='ltr'>Πνεῦ-</span> 
     </span>
    </p>
   </div>
   <div class='ocr_carea' id='block_1_49' title="bbox 2275 2077 3862 2169">
    <p class='ocr_par' dir='ltr' id='par_1_49' title="bbox 2275 2077 3862 2169">
     <span class='ocr_line' id='line_1_49' title="bbox 2275 2077 3862 2169; baseline -0.014 -20"><span class='ocrx_word' id='word_1_339' title='bbox 2275 2111 2444 2169; x_wconf 89' lang='grc' dir='ltr'>ματος</span> <span class='ocrx_word' id='word_1_340' title='bbox 2467 2090 2799 2165; x_wconf 74' lang='grc' dir='ltr'>ἐπιρροίαις,</span> <span class='ocrx_word' id='word_1_341' title='bbox 2842 2087 2937 2145; x_wconf 72' lang='grc' dir='ltr'>καὶ</span> <span class='ocrx_word' id='word_1_342' title='bbox 2976 2086 3074 2158; x_wconf 79' lang='grc' dir='ltr'>τὴν</span> <span class='ocrx_word' id='word_1_343' title='bbox 3100 2084 3201 2154; x_wconf 89' lang='grc' dir='ltr'><strong>τῆς</strong></span> <span class='ocrx_word' id='word_1_344' title='bbox 3228 2082 3368 2153; x_wconf 75' lang='grc' dir='ltr'>ἐμῆς</span> <span class='ocrx_word' id='word_1_345' title='bbox 3397 2078 3745 2149; x_wconf 83' lang='grc' dir='ltr'>ἀγαθότητος</span> <span class='ocrx_word' id='word_1_346' title='bbox 3775 2077 3862 2169; x_wconf 79' lang='grc' dir='ltr'><strong>ὲκ-</strong></span> 
     </span>
    </p>
   </div>
   <div class='ocr_carea' id='block_1_50' title="bbox 2274 2168 3862 2254">
    <p class='ocr_par' dir='ltr' id='par_1_50' title="bbox 2274 2168 3862 2254">
     <span class='ocr_line' id='line_1_50' title="bbox 2274 2168 3862 2254; baseline -0.014 -13"><span class='ocrx_word' id='word_1_347' title='bbox 2274 2189 2519 2249; x_wconf 84' lang='grc' dir='ltr'>πίνοντες</span> <span class='ocrx_word' id='word_1_348' title='bbox 2567 2184 2726 2254; x_wconf 84' lang='grc' dir='ltr'>χάριν</span> <span class='ocrx_word' id='word_1_349' title='bbox 2769 2178 3141 2251; x_wconf 71' lang='grc' dir='ltr'>διαζήσονται,</span> <span class='ocrx_word' id='word_1_350' title='bbox 3174 2175 3269 2229; x_wconf 74' lang='grc' dir='ltr'>καὶ</span> <span class='ocrx_word' id='word_1_351' title='bbox 3309 2174 3688 2247; x_wconf 78' lang='grc' dir='ltr'>τραφήσονται</span> <span class='ocrx_word' id='word_1_352' title='bbox 3734 2168 3862 2238; x_wconf 67' lang='grc' dir='ltr'>πρὸς</span> 
     </span>
    </p>
   </div>
   <div class='ocr_carea' id='block_1_51' title="bbox 2272 2260 3863 2345">
    <p class='ocr_par' dir='ltr' id='par_1_51' title="bbox 2272 2260 3863 2345">
     <span class='ocr_line' id='line_1_51' title="bbox 2272 2260 3863 2345; baseline -0.015 -11"><span class='ocrx_word' id='word_1_353' title='bbox 2272 2279 2577 2334; x_wconf 75' lang='grc' dir='ltr'>εὐσέϐειαν.</span> <span class='ocrx_word' id='word_1_354' title='bbox 2610 2277 2674 2330; x_wconf 82' lang='grc' dir='ltr'><strong>Οἱ</strong></span> <span class='ocrx_word' id='word_1_355' title='bbox 2707 2274 2762 2328; x_wconf 82' lang='grc' dir='ltr'>δὲ</span> <span class='ocrx_word' id='word_1_356' title='bbox 2813 2272 2921 2345; x_wconf 83' lang='grc' dir='ltr'><strong>μὴν</strong></span> <span class='ocrx_word' id='word_1_357' title='bbox 2963 2269 3021 2338; x_wconf 81' lang='grc' dir='ltr'><strong>ὲξ</strong></span> <span class='ocrx_word' id='word_1_358' title='bbox 3075 2267 3330 2340; x_wconf 78' lang='grc' dir='ltr'>Ἰσραὴλ,</span> <span class='ocrx_word' id='word_1_359' title='bbox 3392 2265 3522 2318; x_wconf 78' lang='grc' dir='ltr'>ὃταν</span> <span class='ocrx_word' id='word_1_360' title='bbox 3552 2264 3624 2334; x_wconf 79' lang='grc' dir='ltr'><strong>τῇ</strong></span> <span class='ocrx_word' id='word_1_361' title='bbox 3683 2260 3863 2313; x_wconf 77' lang='grc' dir='ltr'>πίστει</span> 
     </span>
    </p>
   </div>
   <div class='ocr_carea' id='block_1_52' title="bbox 2274 2352 3864 2446">
    <p class='ocr_par' dir='ltr' id='par_1_52' title="bbox 2274 2352 3864 2446">
     <span class='ocr_line' id='line_1_52' title="bbox 2274 2352 3864 2446; baseline -0.016 -18"><span class='ocrx_word' id='word_1_362' title='bbox 2274 2370 2680 2446; x_wconf 83' lang='grc' dir='ltr'>προσηλωθεῖεν</span> <span class='ocrx_word' id='word_1_363' title='bbox 2712 2368 2854 2440; x_wconf 72' lang='grc' dir='ltr'>ἐμοὶ,</span> <span class='ocrx_word' id='word_1_364' title='bbox 2880 2363 3179 2435; x_wconf 82' lang='grc' dir='ltr'><strong>κλημάτων</strong></span> <span class='ocrx_word' id='word_1_365' title='bbox 3208 2360 3262 2413; x_wconf 79' lang='grc' dir='ltr'>δὲ</span> <span class='ocrx_word' id='word_1_366' title='bbox 3278 2357 3434 2413; x_wconf 75' lang='grc' dir='ltr'>αὐτοὶ</span> <span class='ocrx_word' id='word_1_367' title='bbox 3452 2352 3864 2446; x_wconf 74' lang='grc' dir='ltr'>παραρτηθεῖεν</span> 
     </span>
    </p>
   </div>
   <div class='ocr_carea' id='block_1_53' title="bbox 2273 2442 3865 2533">
    <p class='ocr_par' dir='ltr' id='par_1_53' title="bbox 2273 2442 3865 2533">
     <span class='ocr_line' id='line_1_53' title="bbox 2273 2442 3865 2533; baseline -0.017 -14"><span class='ocrx_word' id='word_1_368' title='bbox 2273 2442 2451 2533; x_wconf 72' lang='grc' dir='ltr'>δίκην,</span> <span class='ocrx_word' id='word_1_369' title='bbox 2504 2461 2625 2515; x_wconf 88' lang='grc' dir='ltr'>τότε</span> <span class='ocrx_word' id='word_1_370' title='bbox 2675 2460 2763 2530; x_wconf 84' lang='grc' dir='ltr'>δὴ,</span> <span class='ocrx_word' id='word_1_371' title='bbox 2810 2455 2932 2511; x_wconf 82' lang='grc' dir='ltr'>τότε</span> <span class='ocrx_word' id='word_1_372' title='bbox 2966 2453 3064 2525; x_wconf 79' lang='grc' dir='ltr'><strong>τὴν</strong></span> <span class='ocrx_word' id='word_1_373' title='bbox 3103 2450 3194 2505; x_wconf 85' lang='grc' dir='ltr'><strong>διὰ</strong></span> <span class='ocrx_word' id='word_1_374' title='bbox 3234 2450 3324 2503; x_wconf 85' lang='grc' dir='ltr'>τὸν</span> <span class='ocrx_word' id='word_1_375' title='bbox 3372 2446 3505 2519; x_wconf 85' lang='grc' dir='ltr'>ὲμδν</span> <span class='ocrx_word' id='word_1_376' title='bbox 3547 2445 3717 2512; x_wconf 89' lang='grc' dir='ltr'>λόγον</span> <span class='ocrx_word' id='word_1_377' title='bbox 3755 2442 3865 2494; x_wconf 84' lang='grc' dir='ltr'>δια-</span> 
     </span>
    </p>
   </div>
   <div class='ocr_carea' id='block_1_54' title="bbox 2277 2533 3866 2624">
    <p class='ocr_par' dir='ltr' id='par_1_54' title="bbox 2277 2533 3866 2624">
     <span class='ocr_line' id='line_1_54' title="bbox 2277 2533 3866 2624; baseline -0.016 -14"><span class='ocrx_word' id='word_1_378' title='bbox 2277 2555 2544 2624; x_wconf 85' lang='grc' dir='ltr'>κάθαρσιν</span> <span class='ocrx_word' id='word_1_379' title='bbox 2572 2554 2653 2614; x_wconf 80' lang='grc' dir='ltr'>εἰς</span> <span class='ocrx_word' id='word_1_380' title='bbox 2674 2548 2799 2603; x_wconf 81' lang='grc' dir='ltr'>νοῦν</span> <span class='ocrx_word' id='word_1_381' title='bbox 2817 2546 3122 2617; x_wconf 78' lang='grc' dir='ltr'>δεξάμενοι,</span> <span class='ocrx_word' id='word_1_382' title='bbox 3142 2540 3325 2596; x_wconf 73' lang='grc' dir='ltr'>οὐκέτι</span> <span class='ocrx_word' id='word_1_383' title='bbox 3344 2538 3442 2611; x_wconf 78' lang='grc' dir='ltr'><strong>μὲν</strong></span> <span class='ocrx_word' id='word_1_384' title='bbox 3465 2540 3531 2608; x_wconf 78' lang='grc' dir='ltr'><strong>τῇ</strong></span> <span class='ocrx_word' id='word_1_385' title='bbox 3553 2534 3651 2589; x_wconf 91' lang='grc' dir='ltr'><strong>τοῦ</strong></span> <span class='ocrx_word' id='word_1_386' title='bbox 3677 2533 3866 2604; x_wconf 79' lang='grc' dir='ltr'>γράμ-</span> 
     </span>
    </p>
   </div>
   <div class='ocr_carea' id='block_1_55' title="bbox 2279 2628 3868 2717">
    <p class='ocr_par' dir='ltr' id='par_1_55' title="bbox 2279 2628 3868 2717">
     <span class='ocr_line' id='line_1_55' title="bbox 2279 2628 3868 2717; baseline -0.014 -18"><span class='ocrx_word' id='word_1_387' title='bbox 2279 2660 2449 2717; x_wconf 88' lang='grc' dir='ltr'>ματος</span> <span class='ocrx_word' id='word_1_388' title='bbox 2497 2639 2825 2714; x_wconf 81' lang='grc' dir='ltr'>προσεδρείᾳ</span> <span class='ocrx_word' id='word_1_389' title='bbox 2866 2635 3227 2708; x_wconf 78' lang='grc' dir='ltr'>σχολάζουσι,</span> <span class='ocrx_word' id='word_1_390' title='bbox 3279 2632 3403 2686; x_wconf 75' lang='grc' dir='ltr'>οὐδὲ</span> <span class='ocrx_word' id='word_1_391' title='bbox 3459 2632 3573 2691; x_wconf 82' lang='grc' dir='ltr'>τοῖς</span> <span class='ocrx_word' id='word_1_392' title='bbox 3628 2628 3687 2681; x_wconf 75' lang='grc' dir='ltr'>ἑν</span> <span class='ocrx_word' id='word_1_393' title='bbox 3736 2628 3868 2694; x_wconf 77' lang='grc' dir='ltr'>σκιᾷ</span> 
     </span>
    </p>
   </div>
   <div class='ocr_carea' id='block_1_56' title="bbox 2275 2719 3864 2810">
    <p class='ocr_par' dir='ltr' id='par_1_56' title="bbox 2275 2719 3864 2810">
     <span class='ocr_line' id='line_1_56' title="bbox 2275 2719 3864 2810; baseline -0.013 -19"><span class='ocrx_word' id='word_1_394' title='bbox 2275 2735 2692 2810; x_wconf 78' lang='grc' dir='ltr'>προσπήξαντες</span> <span class='ocrx_word' id='word_1_395' title='bbox 2716 2732 2907 2796; x_wconf 79' lang='grc' dir='ltr'>τύποις</span> <span class='ocrx_word' id='word_1_396' title='bbox 2933 2770 2947 2795; x_wconf 90' lang='grc'><strong>,</strong></span> <span class='ocrx_word' id='word_1_397' title='bbox 2991 2728 3245 2797; x_wconf 91' lang='grc' dir='ltr'>καθάπερ</span> <span class='ocrx_word' id='word_1_398' title='bbox 3273 2725 3391 2780; x_wconf 77' lang='grc' dir='ltr'>νυνὶ</span> <span class='ocrx_word' id='word_1_399' title='bbox 3415 2766 3430 2790; x_wconf 95' lang='grc'><strong>,</strong></span> <span class='ocrx_word' id='word_1_400' title='bbox 3464 2722 3564 2795; x_wconf 81' lang='grc' dir='ltr'><strong>τὴν</strong></span> <span class='ocrx_word' id='word_1_401' title='bbox 3608 2719 3864 2792; x_wconf 77' lang='grc' dir='ltr'>καρδίαν,</span> 
     </span>
    </p>
   </div>
   <div class='ocr_carea' id='block_1_57' title="bbox 2274 2809 3870 2899">
    <p class='ocr_par' dir='ltr' id='par_1_57' title="bbox 2274 2809 3870 2899">
     <span class='ocr_line' id='line_1_57' title="bbox 2274 2809 3870 2899; baseline -0.013 -17"><span class='ocrx_word' id='word_1_402' title='bbox 2274 2828 2373 2899; x_wconf 76' lang='grc' dir='ltr'>τὴν</span> <span class='ocrx_word' id='word_1_403' title='bbox 2408 2826 2583 2899; x_wconf 81' lang='grc' dir='ltr'>ἀληθῆ</span> <span class='ocrx_word' id='word_1_404' title='bbox 2614 2825 2707 2879; x_wconf 79' lang='grc' dir='ltr'>καὶ</span> <span class='ocrx_word' id='word_1_405' title='bbox 2749 2825 2806 2876; x_wconf 81' lang='grc' dir='ltr'>ὲν</span> <span class='ocrx_word' id='word_1_406' title='bbox 2855 2820 3128 2892; x_wconf 77' lang='grc' dir='ltr'>πνεύματι</span> <span class='ocrx_word' id='word_1_407' title='bbox 3161 2817 3418 2889; x_wconf 84' lang='grc' dir='ltr'>λατρείαν</span> <span class='ocrx_word' id='word_1_408' title='bbox 3447 2809 3870 2885; x_wconf 75' lang='grc' dir='ltr'>καρποφοροῦσι</span> 
     </span>
    </p>
   </div>
   <div class='ocr_carea' id='block_1_58' title="bbox 591 2906 2169 2986">
    <p class='ocr_par' dir='ltr' id='par_1_58' title="bbox 591 2911 2169 2983">
     <span class='ocr_line' id='line_1_58' title="bbox 591 2911 2169 2983; baseline -0.004 -13"><span class='ocrx_word' id='word_1_409' title='bbox 591 2916 899 2970; x_wconf 87' lang='lat' dir='ltr'><strong>doctrinam</strong></span> <span class='ocrx_word' id='word_1_410' title='bbox 932 2924 985 2968; x_wconf 92' lang='lat' dir='ltr'><strong>et</strong></span> <span class='ocrx_word' id='word_1_411' title='bbox 1015 2914 1418 2969; x_wconf 68' lang='lat' dir='ltr'><strong>institutionem</strong></span> <span class='ocrx_word' id='word_1_412' title='bbox 1453 2911 1850 2983; x_wconf 84' lang='lat' dir='ltr'><strong>evangelicam,</strong></span> <span class='ocrx_word' id='word_1_413' title='bbox 1888 2926 1986 2981; x_wconf 91' lang='lat' dir='ltr'><strong>per</strong></span> <span class='ocrx_word' id='word_1_414' title='bbox 2008 2926 2169 2980; x_wconf 87' lang='lat' dir='ltr'><strong>quam</strong></span> 
     </span>
    </p>
   </div>
   <div class='ocr_carea' id='block_1_59' title="bbox 2277 2906 3868 2986">
    <p class='ocr_par' dir='ltr' id='par_1_59' title="bbox 2277 2906 3868 2986">
     <span class='ocr_line' id='line_1_59' title="bbox 2277 2906 3868 2986; baseline -0.01 -18"><span class='ocrx_word' id='word_1_415' title='bbox 2277 2914 2354 2986; x_wconf 81' lang='grc' dir='ltr'>τῷ</span> <span class='ocrx_word' id='word_1_416' title='bbox 2381 2914 2520 2985; x_wconf 83' lang='grc' dir='ltr'>Θεῷ.</span> <span class='ocrx_word' id='word_1_417' title='bbox 2557 2932 2576 2965; x_wconf 75' lang='grc' dir='ltr'><strong>ι</strong></span> <span class='ocrx_word' id='word_1_418' title='bbox 2612 2911 2840 2983; x_wconf 81' lang='grc' dir='ltr'>Πνεῦμα</span> <span class='ocrx_word' id='word_1_419' title='bbox 2887 2912 2997 2982; x_wconf 76' lang='grc' dir='ltr'><strong>γὰρ</strong></span> <span class='ocrx_word' id='word_1_420' title='bbox 3043 2912 3072 2963; x_wconf 86' lang='grc' dir='ltr'><strong>ό</strong></span> <span class='ocrx_word' id='word_1_421' title='bbox 3116 2908 3279 2974; x_wconf 82' lang='grc' dir='ltr'>Θεὸς,</span> <span class='ocrx_word' id='word_1_422' title='bbox 3334 2906 3585 2966; x_wconf 74' lang='grc' dir='ltr'>καὶτοὺς</span> <span class='ocrx_word' id='word_1_423' title='bbox 3616 2918 3868 2973; x_wconf 78' lang='grc' dir='ltr'>προσκυο</span> 
     </span>
    </p>
   </div>
   <div class='ocr_carea' id='block_1_60' title="bbox 596 2997 2169 3076">
    <p class='ocr_par' dir='ltr' id='par_1_60' title="bbox 596 3002 2169 3076">
     <span class='ocr_line' id='line_1_60' title="bbox 596 3002 2169 3076; baseline -0.001 -17"><span class='ocrx_word' id='word_1_424' title='bbox 596 3005 843 3061; x_wconf 89' lang='lat' dir='ltr'><strong>universi</strong></span> <span class='ocrx_word' id='word_1_425' title='bbox 875 3006 1030 3061; x_wconf 87' lang='lat' dir='ltr'><strong>orbis</strong></span> <span class='ocrx_word' id='word_1_426' title='bbox 1072 3005 1391 3060; x_wconf 88' lang='lat' dir='ltr'><strong>hominibus</strong></span> <span class='ocrx_word' id='word_1_427' title='bbox 1428 3019 1587 3076; x_wconf 89' lang='lat' dir='ltr'><strong>opem</strong></span> <span class='ocrx_word' id='word_1_428' title='bbox 1628 3002 1848 3059; x_wconf 87' lang='lat' dir='ltr'><strong>allaturi</strong></span> <span class='ocrx_word' id='word_1_429' title='bbox 1881 3011 2059 3067; x_wconf 90' lang='lat' dir='ltr'><strong>erant,</strong></span> <span class='ocrx_word' id='word_1_430' title='bbox 2091 3018 2169 3058; x_wconf 86' lang='lat' dir='ltr'><strong>se-</strong></span> 
     </span>
    </p>
   </div>
   <div class='ocr_carea' id='block_1_61' title="bbox 2277 2997 3872 3076">
    <p class='ocr_par' dir='ltr' id='par_1_61' title="bbox 2277 2997 3872 3075">
     <span class='ocr_line' id='line_1_61' title="bbox 2277 2997 3872 3075; baseline -0.01 -14"><span class='ocrx_word' id='word_1_431' title='bbox 2277 3007 2502 3071; x_wconf 81' lang='grc' dir='ltr'>νοῦντας</span> <span class='ocrx_word' id='word_1_432' title='bbox 2535 3005 2719 3071; x_wconf 81' lang='grc' dir='ltr'>αὑτὸν,</span> <span class='ocrx_word' id='word_1_433' title='bbox 2750 3005 2806 3058; x_wconf 78' lang='grc' dir='ltr'><strong>ὲν</strong></span> <span class='ocrx_word' id='word_1_434' title='bbox 2835 3003 3108 3075; x_wconf 85' lang='grc' dir='ltr'>πνεύματι</span> <span class='ocrx_word' id='word_1_435' title='bbox 3135 3001 3231 3056; x_wconf 79' lang='grc' dir='ltr'>καὶ</span> <span class='ocrx_word' id='word_1_436' title='bbox 3273 2998 3502 3070; x_wconf 76' lang='grc' dir='ltr'>ἀληθείᾳ</span> <span class='ocrx_word' id='word_1_437' title='bbox 3524 2997 3605 3051; x_wconf 84' lang='grc' dir='ltr'><strong>δεῖ</strong></span> <span class='ocrx_word' id='word_1_438' title='bbox 3627 3012 3872 3066; x_wconf 72' lang='grc' dir='ltr'>προσκυ-</span> 
     </span>
    </p>
   </div>
   <div class='ocr_carea' id='block_1_62' title="bbox 592 3087 2169 3172">
    <p class='ocr_par' dir='ltr' id='par_1_62' title="bbox 592 3096 2169 3169">
     <span class='ocr_line' id='line_1_62' title="bbox 592 3096 2169 3169; baseline -0.001 -16"><span class='ocrx_word' id='word_1_439' title='bbox 592 3098 746 3168; x_wconf 91' lang='lat' dir='ltr'><strong>ipsos</strong></span> <span class='ocrx_word' id='word_1_440' title='bbox 778 3098 1090 3168; x_wconf 83' lang='lat' dir='ltr'><strong>exemplum</strong></span> <span class='ocrx_word' id='word_1_441' title='bbox 1126 3098 1477 3154; x_wconf 85' lang='lat' dir='ltr'><strong>credentibus</strong></span> <span class='ocrx_word' id='word_1_442' title='bbox 1512 3098 1569 3152; x_wconf 92' lang='lat' dir='ltr'><strong>in</strong></span> <span class='ocrx_word' id='word_1_443' title='bbox 1601 3096 1882 3153; x_wconf 82' lang='lat' dir='ltr'><strong>Christum</strong></span> <span class='ocrx_word' id='word_1_444' title='bbox 1926 3096 2169 3169; x_wconf 68' lang='lat' dir='ltr'><strong>praeben-</strong></span> 
     </span>
    </p>
   </div>
   <div class='ocr_carea' id='block_1_63' title="bbox 2277 3087 3875 3172">
    <p class='ocr_par' dir='ltr' id='par_1_63' title="bbox 2277 3087 3875 3169">
     <span class='ocr_line' id='line_1_63' title="bbox 2277 3087 3875 3169; baseline -0.01 -15"><span class='ocrx_word' id='word_1_445' title='bbox 2277 3100 2410 3154; x_wconf 87' lang='grc' dir='ltr'>νεῖν.</span> <span class='ocrx_word' id='word_1_446' title='bbox 2452 3118 2471 3151; x_wconf 76' lang='grc' dir='ltr'><strong>ι</strong></span> <span class='ocrx_word' id='word_1_447' title='bbox 2521 3096 2690 3169; x_wconf 81' lang='grc' dir='ltr'>Ὀμοῦ</span> <span class='ocrx_word' id='word_1_448' title='bbox 2735 3094 3063 3167; x_wconf 88' lang='grc' dir='ltr'>τοιγαροῦν,</span> <span class='ocrx_word' id='word_1_449' title='bbox 3105 3095 3199 3148; x_wconf 73' lang='grc' dir='ltr'>καὶ</span> <span class='ocrx_word' id='word_1_450' title='bbox 3240 3093 3351 3146; x_wconf 80' lang='grc' dir='ltr'>τῶν</span> <span class='ocrx_word' id='word_1_451' title='bbox 3401 3090 3701 3162; x_wconf 84' lang='grc' dir='ltr'>μελλόντων</span> <span class='ocrx_word' id='word_1_452' title='bbox 3750 3087 3875 3139; x_wconf 55' lang='grc' dir='ltr'>διαί</span> 
     </span>
    </p>
   </div>
   <div class='ocr_carea' id='block_1_64' title="bbox 595 3178 2169 3263">
    <p class='ocr_par' dir='ltr' id='par_1_64' title="bbox 595 3188 2169 3259">
     <span class='ocr_line' id='line_1_64' title="bbox 595 3188 2169 3259; baseline 0.001 -17"><span class='ocrx_word' id='word_1_453' title='bbox 595 3198 701 3245; x_wconf 90' lang='lat' dir='ltr'><strong>tes.</strong></span> <span class='ocrx_word' id='word_1_454' title='bbox 734 3188 1014 3259; x_wconf 88' lang='lat' dir='ltr'><strong>Scriptum</strong></span> <span class='ocrx_word' id='word_1_455' title='bbox 1043 3188 1190 3244; x_wconf 90' lang='lat' dir='ltr'><strong>enim</strong></span> <span class='ocrx_word' id='word_1_456' title='bbox 1218 3196 1304 3244; x_wconf 89' lang='lat' dir='ltr'><strong>est</strong></span> <span class='ocrx_word' id='word_1_457' title='bbox 1341 3188 1409 3243; x_wconf 92' lang='lat' dir='ltr'><strong>de</strong></span> <span class='ocrx_word' id='word_1_458' title='bbox 1434 3188 1665 3254; x_wconf 89' lang='lat' dir='ltr'><strong>sanctis,</strong></span> <span class='ocrx_word' id='word_1_459' title='bbox 1695 3189 1905 3244; x_wconf 79' lang='lat' dir='ltr'><strong>exitum</strong></span> <span class='ocrx_word' id='word_1_460' title='bbox 1942 3203 2169 3244; x_wconf 85' lang='lat' dir='ltr'><strong>conver-</strong></span> 
     </span>
    </p>
   </div>
   <div class='ocr_carea' id='block_1_65' title="bbox 2277 3178 3874 3263">
    <p class='ocr_par' dir='ltr' id='par_1_65' title="bbox 2277 3178 3874 3263">
     <span class='ocr_line' id='line_1_65' title="bbox 2277 3178 3874 3263; baseline -0.008 -17"><span class='ocrx_word' id='word_1_461' title='bbox 2277 3190 2724 3263; x_wconf 84' lang='grc' dir='ltr'>καθαρθήσεσθαι</span> <span class='ocrx_word' id='word_1_462' title='bbox 2764 3188 2954 3258; x_wconf 83' lang='grc' dir='ltr'>σαφῶς</span> <span class='ocrx_word' id='word_1_463' title='bbox 2986 3187 3225 3243; x_wconf 82' lang='grc' dir='ltr'>δεικνύει</span> <span class='ocrx_word' id='word_1_464' title='bbox 3273 3186 3333 3240; x_wconf 81' lang='grc' dir='ltr'>τὸ</span> <span class='ocrx_word' id='word_1_465' title='bbox 3364 3184 3619 3255; x_wconf 76' lang='grc' dir='ltr'>ἐσόμενον</span> <span class='ocrx_word' id='word_1_466' title='bbox 3664 3178 3874 3243; x_wconf 78' lang='grc' dir='ltr'>κάλλος</span> 
     </span>
    </p>
   </div>
   <div class='ocr_carea' id='block_1_66' title="bbox 595 3271 2169 3356">
    <p class='ocr_par' dir='ltr' id='par_1_66' title="bbox 595 3279 2169 3353">
     <span class='ocr_line' id='line_1_66' title="bbox 595 3279 2169 3353; baseline 0.001 -18"><span class='ocrx_word' id='word_1_467' title='bbox 595 3279 830 3335; x_wconf 88' lang='lat' dir='ltr'><strong>sationis</strong></span> <span class='ocrx_word' id='word_1_468' title='bbox 861 3280 1030 3353; x_wconf 68' lang='grc'><strong>874</strong></span> <span class='ocrx_word' id='word_1_469' title='bbox 1061 3297 1252 3336; x_wconf 90' lang='lat' dir='ltr'><strong>eorum</strong></span> <span class='ocrx_word' id='word_1_470' title='bbox 1304 3297 1430 3339; x_wconf 88' lang='lat' dir='ltr'><strong>esse</strong></span> <span class='ocrx_word' id='word_1_471' title='bbox 1475 3280 1861 3353; x_wconf 73' lang='lat' dir='ltr'><strong>Spectandum,</strong></span> <span class='ocrx_word' id='word_1_472' title='bbox 1907 3290 1963 3338; x_wconf 92' lang='lat' dir='ltr'><strong>et</strong></span> <span class='ocrx_word' id='word_1_473' title='bbox 2015 3281 2169 3339; x_wconf 81' lang='lat' dir='ltr'><strong>[idem</strong></span> 
     </span>
    </p>
   </div>
   <div class='ocr_carea' id='block_1_67' title="bbox 2277 3271 3876 3356">
    <p class='ocr_par' dir='ltr' id='par_1_67' title="bbox 2277 3271 3876 3356">
     <span class='ocr_line' id='line_1_67' title="bbox 2277 3271 3876 3356; baseline -0.011 -15"><span class='ocrx_word' id='word_1_474' title='bbox 2277 3287 2350 3352; x_wconf 85' lang='grc' dir='ltr'>ὡς</span> <span class='ocrx_word' id='word_1_475' title='bbox 2373 3288 2430 3341; x_wconf 80' lang='grc' dir='ltr'>ὲν</span> <span class='ocrx_word' id='word_1_476' title='bbox 2454 3284 2821 3356; x_wconf 79' lang='grc' dir='ltr'>ὑποδείγματι</span> <span class='ocrx_word' id='word_1_477' title='bbox 2850 3285 2964 3345; x_wconf 83' lang='grc' dir='ltr'>τοῖς</span> <span class='ocrx_word' id='word_1_478' title='bbox 2994 3279 3188 3335; x_wconf 77' lang='grc' dir='ltr'>ἑαυτοῦ</span> <span class='ocrx_word' id='word_1_479' title='bbox 3215 3278 3504 3351; x_wconf 80' lang='grc' dir='ltr'>μαθηταῖς,</span> <span class='ocrx_word' id='word_1_480' title='bbox 3536 3274 3631 3329; x_wconf 73' lang='grc' dir='ltr'>καὶ</span> <span class='ocrx_word' id='word_1_481' title='bbox 3664 3271 3876 3334; x_wconf 70' lang='grc' dir='ltr'>αὐτοὺς</span> 
     </span>
    </p>
   </div>
   <div class='ocr_carea' id='block_1_68' title="bbox 598 3364 2169 3449">
    <p class='ocr_par' dir='ltr' id='par_1_68' title="bbox 598 3371 2169 3432">
     <span class='ocr_line' id='line_1_68' title="bbox 598 3371 2169 3432; baseline 0.001 -6"><span class='ocrx_word' id='word_1_482' title='bbox 598 3371 922 3428; x_wconf 82' lang='lat' dir='ltr'><strong>imitandam</strong></span> <span class='ocrx_word' id='word_1_483' title='bbox 950 3374 1040 3432; x_wconf 81' lang='lat'><strong>&quot;&#39;.</strong></span> <span class='ocrx_word' id='word_1_484' title='bbox 1074 3372 1277 3429; x_wconf 90' lang='lat' dir='ltr'><strong>Paulus</strong></span> <span class='ocrx_word' id='word_1_485' title='bbox 1301 3381 1484 3429; x_wconf 89' lang='lat' dir='ltr'><strong>autem</strong></span> <span class='ocrx_word' id='word_1_486' title='bbox 1513 3373 1678 3429; x_wconf 88' lang='lat' dir='ltr'><strong>etiam</strong></span> <span class='ocrx_word' id='word_1_487' title='bbox 1714 3372 1783 3429; x_wconf 87' lang='lat' dir='ltr'><strong>ad</strong></span> <span class='ocrx_word' id='word_1_488' title='bbox 1815 3373 2169 3429; x_wconf 83' lang='lat' dir='ltr'><strong>imitationem</strong></span> 
     </span>
    </p>
   </div>
   <div class='ocr_carea' id='block_1_69' title="bbox 2277 3364 3877 3449">
    <p class='ocr_par' dir='ltr' id='par_1_69' title="bbox 2277 3364 3877 3449">
     <span class='ocr_line' id='line_1_69' title="bbox 2277 3364 3877 3449; baseline -0.011 -16"><span class='ocrx_word' id='word_1_489' title='bbox 2277 3378 2333 3433; x_wconf 87' lang='grc' dir='ltr'>δὲ</span> <span class='ocrx_word' id='word_1_490' title='bbox 2381 3376 2644 3449; x_wconf 77' lang='grc' dir='ltr'>μειζόνως</span> <span class='ocrx_word' id='word_1_491' title='bbox 2684 3373 3123 3445; x_wconf 75' lang='grc' dir='ltr'>παραθαρσύνει,</span> <span class='ocrx_word' id='word_1_492' title='bbox 3169 3373 3307 3444; x_wconf 87' lang='grc' dir='ltr'>πρὸς</span> <span class='ocrx_word' id='word_1_493' title='bbox 3338 3368 3603 3441; x_wconf 75' lang='grc' dir='ltr'>ἀνάληψιν</span> <span class='ocrx_word' id='word_1_494' title='bbox 3630 3366 3735 3435; x_wconf 77' lang='grc' dir='ltr'><strong>τῆς</strong></span> <span class='ocrx_word' id='word_1_495' title='bbox 3793 3364 3877 3416; x_wconf 73' lang='grc' dir='ltr'>ἔτι</span> 
     </span>
    </p>
   </div>
   <div class='ocr_carea' id='block_1_70' title="bbox 598 3454 2169 3540">
    <p class='ocr_par' dir='ltr' id='par_1_70' title="bbox 598 3460 1453 3534">
     <span class='ocr_line' id='line_1_70' title="bbox 598 3460 1453 3534; baseline 0.004 -20"><span class='ocrx_word' id='word_1_496' title='bbox 598 3462 684 3515; x_wconf 87' lang='lat' dir='ltr'><strong>sui</strong></span> <span class='ocrx_word' id='word_1_497' title='bbox 712 3460 903 3519; x_wconf 74' lang='lat' dir='ltr'><strong>fideles</strong></span> <span class='ocrx_word' id='word_1_498' title='bbox 928 3464 1130 3534; x_wconf 71' lang='lat' dir='ltr'><strong>szepius</strong></span> <span class='ocrx_word' id='word_1_499' title='bbox 1161 3464 1359 3519; x_wconf 84' lang='lat' dir='ltr'><strong>invitat</strong></span> <span class='ocrx_word' id='word_1_500' title='bbox 1384 3465 1453 3517; x_wconf 79' lang='lat'><strong>“.</strong></span> 
     </span>
    </p>
   </div>
   <div class='ocr_carea' id='block_1_71' title="bbox 2277 3454 3881 3540">
    <p class='ocr_par' dir='ltr' id='par_1_71' title="bbox 2280 3454 3881 3540">
     <span class='ocr_line' id='line_1_71' title="bbox 2280 3454 3881 3540; baseline -0.009 -19"><span class='ocrx_word' id='word_1_501' title='bbox 2280 3468 2687 3540; x_wconf 80' lang='grc' dir='ltr'>πλουσιωτέρας</span> <span class='ocrx_word' id='word_1_502' title='bbox 2711 3466 2940 3539; x_wconf 76' lang='grc' dir='ltr'>ἀρετῆς,</span> <span class='ocrx_word' id='word_1_503' title='bbox 2958 3466 3060 3519; x_wconf 83' lang='grc' dir='ltr'>οὐκ</span> <span class='ocrx_word' id='word_1_504' title='bbox 3088 3464 3302 3519; x_wconf 80' lang='grc' dir='ltr'>εἰκαίαν</span> <span class='ocrx_word' id='word_1_505' title='bbox 3330 3463 3511 3525; x_wconf 82' lang='grc' dir='ltr'>αὐτοῖς</span> <span class='ocrx_word' id='word_1_506' title='bbox 3531 3454 3881 3529; x_wconf 80' lang='grc' dir='ltr'>γεγενῆσθαι</span> 
     </span>
    </p>
   </div>
   <div class='ocr_carea' id='block_1_72' title="bbox 596 3546 3882 3627">
    <p class='ocr_par' dir='ltr' id='par_1_72' title="bbox 596 3546 3882 3627">
     <span class='ocr_line' id='line_1_72' title="bbox 596 3546 3882 3627; baseline -0.002 -21"><span class='ocrx_word' id='word_1_507' title='bbox 596 3553 696 3625; x_wconf 75' lang='grc' dir='ltr'><strong>τὴν</strong></span> <span class='ocrx_word' id='word_1_508' title='bbox 722 3554 1081 3626; x_wconf 89' lang='grc' dir='ltr'>προσεδρείαν</span> <span class='ocrx_word' id='word_1_509' title='bbox 1104 3594 1118 3614; x_wconf 86' lang='grc'><strong>.</strong></span> <span class='ocrx_word' id='word_1_510' title='bbox 1147 3555 1241 3607; x_wconf 81' lang='grc' dir='ltr'>καὶ</span> <span class='ocrx_word' id='word_1_511' title='bbox 1267 3552 1366 3625; x_wconf 83' lang='grc' dir='ltr'>τὴν</span> <span class='ocrx_word' id='word_1_512' title='bbox 1394 3555 1459 3609; x_wconf 79' lang='grc' dir='ltr'>ὲκ</span> <span class='ocrx_word' id='word_1_513' title='bbox 1490 3554 1589 3624; x_wconf 87' lang='grc' dir='ltr'><strong>τῆς</strong></span> <span class='ocrx_word' id='word_1_514' title='bbox 1619 3555 1994 3627; x_wconf 81' lang='grc' dir='ltr'>γεγενημένης</span> <span class='ocrx_word' id='word_1_515' title='bbox 2048 3555 2402 3621; x_wconf 85' lang='grc' dir='ltr'>διδασκαλίας</span> <span class='ocrx_word' id='word_1_516' title='bbox 2448 3556 2740 3624; x_wconf 77' lang='grc' dir='ltr'>ἀποδείξας</span> <span class='ocrx_word' id='word_1_517' title='bbox 2782 3557 3065 3612; x_wconf 89' lang='grc' dir='ltr'>παίδευσιν</span> <span class='ocrx_word' id='word_1_518' title='bbox 3086 3593 3101 3618; x_wconf 94' lang='grc'><strong>,</strong></span> <span class='ocrx_word' id='word_1_519' title='bbox 3158 3550 3521 3622; x_wconf 83' lang='grc' dir='ltr'>εὐαγγελικῆς</span> <span class='ocrx_word' id='word_1_520' title='bbox 3578 3548 3637 3602; x_wconf 82' lang='grc' dir='ltr'>δὲ</span> <span class='ocrx_word' id='word_1_521' title='bbox 3673 3546 3882 3617; x_wconf 80' lang='grc' dir='ltr'>δηλον-</span> 
     </span>
    </p>
   </div>
   <div class='ocr_carea' id='block_1_73' title="bbox 600 3641 3884 3723">
    <p class='ocr_par' dir='ltr' id='par_1_73' title="bbox 600 3641 3884 3723">
     <span class='ocr_line' id='line_1_73' title="bbox 600 3641 3884 3723; baseline -0.003 -20"><span class='ocrx_word' id='word_1_522' title='bbox 600 3650 686 3703; x_wconf 91' lang='grc' dir='ltr'><strong>ότι</strong></span> <span class='ocrx_word' id='word_1_523' title='bbox 718 3649 920 3721; x_wconf 84' lang='grc' dir='ltr'>φαμὲν,</span> <span class='ocrx_word' id='word_1_524' title='bbox 978 3649 1044 3702; x_wconf 79' lang='grc' dir='ltr'><strong>δι’</strong></span> <span class='ocrx_word' id='word_1_525' title='bbox 1090 3643 1157 3721; x_wconf 82' lang='grc' dir='ltr'>ἦς</span> <span class='ocrx_word' id='word_1_526' title='bbox 1190 3648 1415 3719; x_wconf 78' lang='grc' dir='ltr'>ἔμελλον</span> <span class='ocrx_word' id='word_1_527' title='bbox 1459 3648 1616 3703; x_wconf 79' lang='grc' dir='ltr'>αὐτοὶ</span> <span class='ocrx_word' id='word_1_528' title='bbox 1647 3651 1775 3714; x_wconf 80' lang='grc' dir='ltr'>τοὺς</span> <span class='ocrx_word' id='word_1_529' title='bbox 1820 3650 1965 3704; x_wconf 86' lang='grc' dir='ltr'><strong>κατά</strong></span> <span class='ocrx_word' id='word_1_530' title='bbox 2000 3652 2182 3706; x_wconf 83' lang='grc' dir='ltr'>πᾶσαν</span> <span class='ocrx_word' id='word_1_531' title='bbox 2220 3650 2380 3715; x_wconf 79' lang='grc' dir='ltr'>ὄντας</span> <span class='ocrx_word' id='word_1_532' title='bbox 2416 3652 2636 3723; x_wconf 83' lang='grc' dir='ltr'>ὀνήσειν</span> <span class='ocrx_word' id='word_1_533' title='bbox 2666 3650 3151 3722; x_wconf 57' lang='grc' dir='ltr'>τὴννοίκουμένην,</span> <span class='ocrx_word' id='word_1_534' title='bbox 3174 3648 3405 3711; x_wconf 77' lang='grc' dir='ltr'>ἑαυτοὺς</span> <span class='ocrx_word' id='word_1_535' title='bbox 3442 3647 3521 3709; x_wconf 92' lang='grc' dir='ltr'><strong>είς</strong></span> <span class='ocrx_word' id='word_1_536' title='bbox 3579 3641 3884 3697; x_wconf 75' lang='grc' dir='ltr'>ὑποτύπωο</span> 
     </span>
    </p>
   </div>
   <div class='ocr_carea' id='block_1_74' title="bbox 600 3735 3875 3816">
    <p class='ocr_par' dir='ltr' id='par_1_74' title="bbox 600 3735 3875 3816">
     <span class='ocr_line' id='line_1_74' title="bbox 600 3735 3875 3816; baseline -0.001 -23"><span class='ocrx_word' id='word_1_537' title='bbox 600 3757 686 3795; x_wconf 93' lang='grc' dir='ltr'>σιν</span> <span class='ocrx_word' id='word_1_538' title='bbox 751 3743 865 3805; x_wconf 88' lang='grc' dir='ltr'>τοῖς</span> <span class='ocrx_word' id='word_1_539' title='bbox 918 3742 999 3805; x_wconf 87' lang='grc' dir='ltr'><strong>είς</strong></span> <span class='ocrx_word' id='word_1_540' title='bbox 1058 3742 1295 3813; x_wconf 80' lang='grc' dir='ltr'>Χριστὸν</span> <span class='ocrx_word' id='word_1_541' title='bbox 1336 3740 1654 3795; x_wconf 84' lang='grc' dir='ltr'>πιστεύουσι</span> <span class='ocrx_word' id='word_1_542' title='bbox 1703 3741 2091 3814; x_wconf 83' lang='grc' dir='ltr'>παρεχόμενοι.</span> <span class='ocrx_word' id='word_1_543' title='bbox 2140 3743 2455 3815; x_wconf 81' lang='grc' dir='ltr'>Γέγραπται</span> <span class='ocrx_word' id='word_1_544' title='bbox 2508 3744 2619 3816; x_wconf 81' lang='grc' dir='ltr'><strong>γὰρ</strong></span> <span class='ocrx_word' id='word_1_545' title='bbox 2664 3744 2795 3816; x_wconf 76' lang='grc' dir='ltr'>περὶ</span> <span class='ocrx_word' id='word_1_546' title='bbox 2843 3743 2952 3799; x_wconf 83' lang='grc' dir='ltr'>τῶν</span> <span class='ocrx_word' id='word_1_547' title='bbox 3011 3742 3226 3811; x_wconf 83' lang='grc' dir='ltr'>ἁγίων,</span> <span class='ocrx_word' id='word_1_548' title='bbox 3283 3740 3361 3804; x_wconf 82' lang='grc' dir='ltr'>ὡς</span> <span class='ocrx_word' id='word_1_549' title='bbox 3416 3738 3685 3811; x_wconf 79' lang='grc' dir='ltr'>προσήκει</span> <span class='ocrx_word' id='word_1_550' title='bbox 3765 3735 3875 3806; x_wconf 74' lang='grc' dir='ltr'><strong>μὲν</strong></span> 
     </span>
    </p>
   </div>
   <div class='ocr_carea' id='block_1_75' title="bbox 599 3828 3884 3908">
    <p class='ocr_par' dir='ltr' id='par_1_75' title="bbox 599 3828 3884 3908">
     <span class='ocr_line' id='line_1_75' title="bbox 599 3828 3884 3908; baseline -0.002 -22"><span class='ocrx_word' id='word_1_551' title='bbox 599 3831 780 3886; x_wconf 77' lang='grc' dir='ltr'>αὐτῶν</span> <span class='ocrx_word' id='word_1_552' title='bbox 805 3831 1141 3903; x_wconf 84' lang='grc' dir='ltr'>ἀναθεωρεῖν</span> <span class='ocrx_word' id='word_1_553' title='bbox 1163 3832 1262 3901; x_wconf 81' lang='grc' dir='ltr'>τὴν</span> <span class='ocrx_word' id='word_1_554' title='bbox 1283 3831 1509 3886; x_wconf 77' lang='grc' dir='ltr'>ἕκὸασιν</span> <span class='ocrx_word' id='word_1_555' title='bbox 1539 3833 1639 3903; x_wconf 85' lang='grc' dir='ltr'><strong>τῆς</strong></span> <span class='ocrx_word' id='word_1_556' title='bbox 1670 3835 2041 3904; x_wconf 78' lang='grc' dir='ltr'>ἀναστροφῆς,</span> <span class='ocrx_word' id='word_1_557' title='bbox 2086 3836 2179 3888; x_wconf 75' lang='grc' dir='ltr'>καὶ</span> <span class='ocrx_word' id='word_1_558' title='bbox 2217 3835 2387 3907; x_wconf 75' lang='grc' dir='ltr'>αὐτὴν</span> <span class='ocrx_word' id='word_1_559' title='bbox 2412 3836 2468 3890; x_wconf 81' lang='grc' dir='ltr'>δὲ</span> <span class='ocrx_word' id='word_1_560' title='bbox 2500 3835 2787 3908; x_wconf 88' lang='grc' dir='ltr'>μιμεῖσθαι</span> <span class='ocrx_word' id='word_1_561' title='bbox 2822 3835 2921 3907; x_wconf 84' lang='grc' dir='ltr'>τὴν</span> <span class='ocrx_word' id='word_1_562' title='bbox 2963 3834 3168 3888; x_wconf 84' lang='grc' dir='ltr'>πίστιν.</span> <span class='ocrx_word' id='word_1_563' title='bbox 3207 3831 3434 3886; x_wconf 81' lang='grc' dir='ltr'>Ἑαυτοῦ</span> <span class='ocrx_word' id='word_1_564' title='bbox 3497 3830 3555 3885; x_wconf 77' lang='grc' dir='ltr'>δὲ</span> <span class='ocrx_word' id='word_1_565' title='bbox 3614 3828 3884 3895; x_wconf 85' lang='grc' dir='ltr'>γίνεσθαι</span> 
     </span>
    </p>
   </div>
   <div class='ocr_carea' id='block_1_76' title="bbox 602 3926 2451 4001">
    <p class='ocr_par' dir='ltr' id='par_1_76' title="bbox 602 3926 2451 4001">
     <span class='ocr_line' id='line_1_76' title="bbox 602 3926 2451 4001; baseline 0.003 -22"><span class='ocrx_word' id='word_1_566' title='bbox 602 3926 848 3998; x_wconf 83' lang='grc' dir='ltr'>μιμητὰς</span> <span class='ocrx_word' id='word_1_567' title='bbox 883 3929 1009 3992; x_wconf 84' lang='grc' dir='ltr'>τοὺς</span> <span class='ocrx_word' id='word_1_568' title='bbox 1035 3927 1114 3998; x_wconf 86' lang='grc' dir='ltr'><strong>τῷ</strong></span> <span class='ocrx_word' id='word_1_569' title='bbox 1154 3927 1275 3999; x_wconf 83' lang='grc' dir='ltr'>Θεῷ</span> <span class='ocrx_word' id='word_1_570' title='bbox 1299 3926 1666 3998; x_wconf 83' lang='grc' dir='ltr'>λατρεύοντας</span> <span class='ocrx_word' id='word_1_571' title='bbox 1698 3927 2000 4001; x_wconf 86' lang='grc' dir='ltr'>προτρέπει</span> <span class='ocrx_word' id='word_1_572' title='bbox 2030 3929 2125 3983; x_wconf 73' lang='grc' dir='ltr'>καὶ</span> <span class='ocrx_word' id='word_1_573' title='bbox 2157 3932 2185 3983; x_wconf 87' lang='grc' dir='ltr'><strong>ό</strong></span> <span class='ocrx_word' id='word_1_574' title='bbox 2224 3930 2451 3994; x_wconf 79' lang='grc' dir='ltr'>Παῦλος.</span> 
     </span>
    </p>
   </div>
   <div class='ocr_carea' id='block_1_77' title="bbox 673 4016 2179 4090">
    <p class='ocr_par' dir='ltr' id='par_1_77' title="bbox 673 4016 2179 4090">
     <span class='ocr_line' id='line_1_77' title="bbox 673 4016 2179 4090; baseline 0.003 -19"><span class='ocrx_word' id='word_1_575' title='bbox 673 4016 791 4084; x_wconf 80' lang='lat' dir='ltr'><strong>XV,</strong></span> <span class='ocrx_word' id='word_1_576' title='bbox 831 4018 886 4073; x_wconf 76' lang='grc'>4.</span> <span class='ocrx_word' id='word_1_577' title='bbox 917 4017 1129 4073; x_wconf 78' lang='lat' dir='ltr'><strong>Manete</strong></span> <span class='ocrx_word' id='word_1_578' title='bbox 1164 4020 1218 4073; x_wconf 84' lang='lat' dir='ltr'><strong>in</strong></span> <span class='ocrx_word' id='word_1_579' title='bbox 1250 4034 1350 4083; x_wconf 78' lang='lat' dir='ltr'><strong>me,</strong></span> <span class='ocrx_word' id='word_1_580' title='bbox 1382 4028 1431 4074; x_wconf 78' lang='lat' dir='ltr'><strong>et</strong></span> <span class='ocrx_word' id='word_1_581' title='bbox 1463 4035 1558 4090; x_wconf 81' lang='lat' dir='ltr'><strong>ego</strong></span> <span class='ocrx_word' id='word_1_582' title='bbox 1595 4020 1648 4073; x_wconf 82' lang='lat' dir='ltr'><strong>in</strong></span> <span class='ocrx_word' id='word_1_583' title='bbox 1679 4019 1846 4074; x_wconf 75' lang='lat' dir='ltr'><strong>vobis.</strong></span> <span class='ocrx_word' id='word_1_584' title='bbox 1886 4019 2039 4075; x_wconf 81' lang='lat' dir='ltr'><strong>Sicut</strong></span> <span class='ocrx_word' id='word_1_585' title='bbox 2060 4021 2179 4088; x_wconf 86' lang='lat' dir='ltr'><strong>pal-</strong></span> 
     </span>
    </p>
   </div>
   <div class='ocr_carea' id='block_1_78' title="bbox 599 4109 2179 4180">
    <p class='ocr_par' dir='ltr' id='par_1_78' title="bbox 599 4109 2179 4180">
     <span class='ocr_line' id='line_1_78' title="bbox 599 4109 2179 4180; baseline 0.001 -16"><span class='ocrx_word' id='word_1_586' title='bbox 599 4126 707 4165; x_wconf 77' lang='lat' dir='ltr'><strong>mes</strong></span> <span class='ocrx_word' id='word_1_587' title='bbox 735 4127 839 4164; x_wconf 81' lang='lat' dir='ltr'><strong>non</strong></span> <span class='ocrx_word' id='word_1_588' title='bbox 866 4119 1036 4177; x_wconf 80' lang='lat' dir='ltr'><strong>potest</strong></span> <span class='ocrx_word' id='word_1_589' title='bbox 1058 4110 1197 4180; x_wconf 79' lang='lat' dir='ltr'><strong>ferre</strong></span> <span class='ocrx_word' id='word_1_590' title='bbox 1225 4109 1459 4179; x_wconf 77' lang='lat' dir='ltr'><strong>fructum</strong></span> <span class='ocrx_word' id='word_1_591' title='bbox 1486 4127 1520 4163; x_wconf 82' lang='grc' dir='ltr'><strong>α</strong></span> <span class='ocrx_word' id='word_1_592' title='bbox 1564 4111 1863 4179; x_wconf 74' lang='lat' dir='ltr'><strong>semetipso,</strong></span> <span class='ocrx_word' id='word_1_593' title='bbox 1894 4112 1999 4167; x_wconf 80' lang='lat' dir='ltr'><strong>nisi</strong></span> <span class='ocrx_word' id='word_1_594' title='bbox 2028 4129 2179 4167; x_wconf 84' lang='lat' dir='ltr'><strong>man-</strong></span> 
     </span>
    </p>
   </div>
   <div class='ocr_carea' id='block_1_79' title="bbox 601 4201 2035 4268">
    <p class='ocr_par' dir='ltr' id='par_1_79' title="bbox 601 4201 2035 4268">
     <span class='ocr_line' id='line_1_79' title="bbox 601 4201 2035 4268; baseline 0.004 -14"><span class='ocrx_word' id='word_1_595' title='bbox 601 4203 728 4255; x_wconf 73' lang='lat' dir='ltr'><strong>serit</strong></span> <span class='ocrx_word' id='word_1_596' title='bbox 753 4202 807 4257; x_wconf 85' lang='lat' dir='ltr'><strong>in</strong></span> <span class='ocrx_word' id='word_1_597' title='bbox 841 4201 941 4256; x_wconf 79' lang='lat' dir='ltr'><strong>uite</strong></span> <span class='ocrx_word' id='word_1_598' title='bbox 965 4243 980 4268; x_wconf 92' lang='lat'><strong>,</strong></span> <span class='ocrx_word' id='word_1_599' title='bbox 1003 4203 1078 4256; x_wconf 77' lang='lat' dir='ltr'><strong>sic</strong></span> <span class='ocrx_word' id='word_1_600' title='bbox 1101 4218 1194 4258; x_wconf 82' lang='lat' dir='ltr'><strong>nec</strong></span> <span class='ocrx_word' id='word_1_601' title='bbox 1229 4220 1341 4268; x_wconf 78' lang='lat' dir='ltr'><strong>vos,</strong></span> <span class='ocrx_word' id='word_1_602' title='bbox 1376 4205 1483 4259; x_wconf 79' lang='lat' dir='ltr'><strong>nisi</strong></span> <span class='ocrx_word' id='word_1_603' title='bbox 1512 4205 1568 4259; x_wconf 85' lang='lat' dir='ltr'><strong>in</strong></span> <span class='ocrx_word' id='word_1_604' title='bbox 1599 4220 1679 4259; x_wconf 80' lang='lat' dir='ltr'><strong>me</strong></span> <span class='ocrx_word' id='word_1_605' title='bbox 1710 4206 2035 4261; x_wconf 75' lang='lat' dir='ltr'><strong>manserilis.</strong></span> 
     </span>
    </p>
   </div>
   <div class='ocr_carea' id='block_1_80' title="bbox 677 4380 2184 4454">
    <p class='ocr_par' dir='ltr' id='par_1_80' title="bbox 677 4380 2184 4454">
     <span class='ocr_line' id='line_1_80' title="bbox 677 4380 2184 4454; baseline 0.004 -21"><span class='ocrx_word' id='word_1_606' title='bbox 677 4380 889 4435; x_wconf 78' lang='lat' dir='ltr'><strong>Rursus</strong></span> <span class='ocrx_word' id='word_1_607' title='bbox 913 4388 1170 4436; x_wconf 89' lang='lat' dir='ltr'><strong>accurate</strong></span> <span class='ocrx_word' id='word_1_608' title='bbox 1203 4381 1385 4437; x_wconf 89' lang='lat' dir='ltr'><strong>locum</strong></span> <span class='ocrx_word' id='word_1_609' title='bbox 1418 4382 1564 4438; x_wconf 92' lang='lat' dir='ltr'><strong>hunc</strong></span> <span class='ocrx_word' id='word_1_610' title='bbox 1592 4382 1993 4454; x_wconf 85' lang='lat' dir='ltr'><strong>perpendentes</strong></span> <span class='ocrx_word' id='word_1_611' title='bbox 2013 4397 2184 4454; x_wconf 87' lang='lat' dir='ltr'><strong>agno-</strong></span> 
     </span>
    </p>
   </div>
   <div class='ocr_carea' id='block_1_81' title="bbox 606 4472 2181 4544">
    <p class='ocr_par' dir='ltr' id='par_1_81' title="bbox 606 4472 2181 4544">
     <span class='ocr_line' id='line_1_81' title="bbox 606 4472 2181 4544; baseline 0.003 -18"><span class='ocrx_word' id='word_1_612' title='bbox 606 4488 827 4529; x_wconf 86' lang='lat' dir='ltr'><strong>scemtts</strong></span> <span class='ocrx_word' id='word_1_613' title='bbox 864 4472 1103 4543; x_wconf 84' lang='lat' dir='ltr'><strong>primum</strong></span> <span class='ocrx_word' id='word_1_614' title='bbox 1144 4488 1283 4543; x_wconf 91' lang='lat' dir='ltr'><strong>opus</strong></span> <span class='ocrx_word' id='word_1_615' title='bbox 1315 4474 1579 4531; x_wconf 89' lang='lat' dir='ltr'><strong>salutaris</strong></span> <span class='ocrx_word' id='word_1_616' title='bbox 1608 4489 1673 4529; x_wconf 88' lang='lat' dir='ltr'><strong>ac</strong></span> <span class='ocrx_word' id='word_1_617' title='bbox 1705 4476 1808 4544; x_wconf 63' lang='lat' dir='ltr'><strong>piae</strong></span> <span class='ocrx_word' id='word_1_618' title='bbox 1855 4490 2004 4533; x_wconf 60' lang='lat' dir='ltr'><strong>cura:</strong></span> <span class='ocrx_word' id='word_1_619' title='bbox 2036 4490 2181 4538; x_wconf 88' lang='lat' dir='ltr'><strong>esse,</strong></span> 
     </span>
    </p>
   </div>
   <div class='ocr_carea' id='block_1_82' title="bbox 609 4563 2180 4639">
    <p class='ocr_par' dir='ltr' id='par_1_82' title="bbox 609 4563 2180 4639">
     <span class='ocr_line' id='line_1_82' title="bbox 609 4563 2180 4639; baseline 0.001 -20"><span class='ocrx_word' id='word_1_620' title='bbox 609 4580 705 4635; x_wconf 88' lang='lat' dir='ltr'><strong>per</strong></span> <span class='ocrx_word' id='word_1_621' title='bbox 732 4563 891 4619; x_wconf 83' lang='lat' dir='ltr'><strong>[idem</strong></span> <span class='ocrx_word' id='word_1_622' title='bbox 950 4564 1227 4619; x_wconf 89' lang='lat' dir='ltr'><strong>sinceram</strong></span> <span class='ocrx_word' id='word_1_623' title='bbox 1263 4579 1329 4621; x_wconf 89' lang='lat' dir='ltr'><strong>ac</strong></span> <span class='ocrx_word' id='word_1_624' title='bbox 1358 4581 1547 4622; x_wconf 89' lang='lat' dir='ltr'><strong>veram</strong></span> <span class='ocrx_word' id='word_1_625' title='bbox 1592 4581 1621 4621; x_wconf 91' lang='lat' dir='ltr'><strong>a</strong></span> <span class='ocrx_word' id='word_1_626' title='bbox 1671 4565 1895 4623; x_wconf 87' lang='lat' dir='ltr'><strong>Christo</strong></span> <span class='ocrx_word' id='word_1_627' title='bbox 1951 4567 2180 4639; x_wconf 89' lang='lat' dir='ltr'><strong>suscipi.</strong></span> 
     </span>
    </p>
   </div>
   <div class='ocr_carea' id='block_1_83' title="bbox 610 4658 2184 4731">
    <p class='ocr_par' dir='ltr' id='par_1_83' title="bbox 610 4658 2184 4731">
     <span class='ocr_line' id='line_1_83' title="bbox 610 4658 2184 4731; baseline 0.001 -18"><span class='ocrx_word' id='word_1_628' title='bbox 610 4658 728 4714; x_wconf 77' lang='lat' dir='ltr'><strong>lioc</strong></span> <span class='ocrx_word' id='word_1_629' title='bbox 770 4658 917 4712; x_wconf 91' lang='lat' dir='ltr'><strong>enim</strong></span> <span class='ocrx_word' id='word_1_630' title='bbox 972 4665 1059 4714; x_wconf 90' lang='lat' dir='ltr'><strong>est</strong></span> <span class='ocrx_word' id='word_1_631' title='bbox 1098 4659 1314 4715; x_wconf 90' lang='lat' dir='ltr'><strong>censeri</strong></span> <span class='ocrx_word' id='word_1_632' title='bbox 1362 4659 1581 4716; x_wconf 91' lang='lat' dir='ltr'><strong>demum</strong></span> <span class='ocrx_word' id='word_1_633' title='bbox 1623 4661 1765 4716; x_wconf 89' lang='lat' dir='ltr'><strong>inter</strong></span> <span class='ocrx_word' id='word_1_634' title='bbox 1801 4660 2055 4731; x_wconf 88' lang='lat' dir='ltr'><strong>palmites</strong></span> <span class='ocrx_word' id='word_1_635' title='bbox 2090 4660 2184 4731; x_wconf 92' lang='lat' dir='ltr'><strong>qui</strong></span> 
     </span>
    </p>
   </div>
   <div class='ocr_carea' id='block_1_84' title="bbox 603 4750 2184 4817">
    <p class='ocr_par' dir='ltr' id='par_1_84' title="bbox 603 4750 2184 4817">
     <span class='ocr_line' id='line_1_84' title="bbox 603 4750 2184 4817; baseline 0.001 -12"><span class='ocrx_word' id='word_1_636' title='bbox 603 4764 747 4805; x_wconf 74' lang='lat' dir='ltr'><strong>vera:</strong></span> <span class='ocrx_word' id='word_1_637' title='bbox 770 4751 891 4817; x_wconf 90' lang='lat' dir='ltr'><strong>viti,</strong></span> <span class='ocrx_word' id='word_1_638' title='bbox 923 4750 981 4806; x_wconf 87' lang='lat' dir='ltr'><strong>id</strong></span> <span class='ocrx_word' id='word_1_639' title='bbox 1010 4761 1094 4807; x_wconf 89' lang='lat' dir='ltr'><strong>est</strong></span> <span class='ocrx_word' id='word_1_640' title='bbox 1120 4751 1343 4807; x_wconf 86' lang='lat' dir='ltr'><strong>Christo</strong></span> <span class='ocrx_word' id='word_1_641' title='bbox 1371 4752 1673 4809; x_wconf 66' lang='lat' dir='ltr'><strong>adhaerent.</strong></span> <span class='ocrx_word' id='word_1_642' title='bbox 1707 4751 1977 4808; x_wconf 75' lang='lat' dir='ltr'><strong>Secundae</strong></span> <span class='ocrx_word' id='word_1_643' title='bbox 2004 4760 2184 4807; x_wconf 80' lang='lat' dir='ltr'><strong>autem</strong></span> 
     </span>
    </p>
   </div>
   <div class='ocr_carea' id='block_1_85' title="bbox 602 4842 2184 4915">
    <p class='ocr_par' dir='ltr' id='par_1_85' title="bbox 602 4842 2184 4915">
     <span class='ocr_line' id='line_1_85' title="bbox 602 4842 2184 4915; baseline 0.001 -17"><span class='ocrx_word' id='word_1_644' title='bbox 602 4858 750 4899; x_wconf 63' lang='lat' dir='ltr'><strong>cura:</strong></span> <span class='ocrx_word' id='word_1_645' title='bbox 783 4842 1021 4899; x_wconf 87' lang='lat' dir='ltr'><strong>lructum</strong></span> <span class='ocrx_word' id='word_1_646' title='bbox 1056 4858 1181 4900; x_wconf 85' lang='lat' dir='ltr'><strong>esse</strong></span> <span class='ocrx_word' id='word_1_647' title='bbox 1204 4858 1349 4911; x_wconf 88' lang='lat' dir='ltr'><strong>reor,</strong></span> <span class='ocrx_word' id='word_1_648' title='bbox 1377 4845 1530 4899; x_wconf 91' lang='lat' dir='ltr'><strong>nullo</strong></span> <span class='ocrx_word' id='word_1_649' title='bbox 1560 4844 1726 4899; x_wconf 89' lang='lat' dir='ltr'><strong>modo</strong></span> <span class='ocrx_word' id='word_1_650' title='bbox 1767 4846 1942 4915; x_wconf 84' lang='lat' dir='ltr'><strong>prima</strong></span> <span class='ocrx_word' id='word_1_651' title='bbox 1973 4845 2066 4899; x_wconf 88' lang='lat' dir='ltr'><strong>illa</strong></span> <span class='ocrx_word' id='word_1_652' title='bbox 2101 4845 2184 4900; x_wconf 91' lang='lat' dir='ltr'><strong>in-</strong></span> 
     </span>
    </p>
   </div>
   <div class='ocr_carea' id='block_1_86' title="bbox 604 4935 2186 5007">
    <p class='ocr_par' dir='ltr' id='par_1_86' title="bbox 604 4935 2186 5007">
     <span class='ocr_line' id='line_1_86' title="bbox 604 4935 2186 5007; baseline 0.002 -19"><span class='ocrx_word' id='word_1_653' title='bbox 604 4935 883 5000; x_wconf 80' lang='lat' dir='ltr'><strong>feriorem,</strong></span> <span class='ocrx_word' id='word_1_654' title='bbox 923 4936 1036 4991; x_wconf 92' lang='lat' dir='ltr'><strong>imo</strong></span> <span class='ocrx_word' id='word_1_655' title='bbox 1077 4935 1344 5007; x_wconf 85' lang='lat' dir='ltr'><strong>majorem</strong></span> <span class='ocrx_word' id='word_1_656' title='bbox 1398 4935 1826 4992; x_wconf 86' lang='lat' dir='ltr'><strong>sollicitudinem</strong></span> <span class='ocrx_word' id='word_1_657' title='bbox 1892 4936 1948 4990; x_wconf 93' lang='lat' dir='ltr'><strong>in</strong></span> <span class='ocrx_word' id='word_1_658' title='bbox 2002 4936 2186 5007; x_wconf 83' lang='lat' dir='ltr'><strong>seipso</strong></span> 
     </span>
    </p>
   </div>
   <div class='ocr_carea' id='block_1_87' title="bbox 602 5026 2186 5090">
    <p class='ocr_par' dir='ltr' id='par_1_87' title="bbox 602 5026 2186 5090">
     <span class='ocr_line' id='line_1_87' title="bbox 602 5026 2186 5090; baseline 0.001 -9"><span class='ocrx_word' id='word_1_659' title='bbox 602 5026 1004 5090; x_wconf 88' lang='lat' dir='ltr'><strong>continentem,</strong></span> <span class='ocrx_word' id='word_1_660' title='bbox 1045 5028 1331 5083; x_wconf 66' lang='lat' dir='ltr'><strong>adhaerere</strong></span> <span class='ocrx_word' id='word_1_661' title='bbox 1378 5027 1637 5082; x_wconf 90' lang='lat' dir='ltr'><strong>nimirum</strong></span> <span class='ocrx_word' id='word_1_662' title='bbox 1680 5043 1746 5083; x_wconf 90' lang='lat' dir='ltr'><strong>ac</strong></span> <span class='ocrx_word' id='word_1_663' title='bbox 1788 5026 2018 5082; x_wconf 80' lang='lat' dir='ltr'><strong>ﬁrmiter</strong></span> <span class='ocrx_word' id='word_1_664' title='bbox 2052 5044 2186 5083; x_wconf 90' lang='lat' dir='ltr'><strong>con-</strong></span> 
     </span>
    </p>
   </div>
   <div class='ocr_carea' id='block_1_88' title="bbox 597 5118 2187 5190">
    <p class='ocr_par' dir='ltr' id='par_1_88' title="bbox 597 5118 2187 5190">
     <span class='ocr_line' id='line_1_88' title="bbox 597 5118 2187 5190; baseline 0.003 -19"><span class='ocrx_word' id='word_1_665' title='bbox 597 5118 756 5190; x_wconf 84' lang='lat' dir='ltr'><strong>jungi</strong></span> <span class='ocrx_word' id='word_1_666' title='bbox 786 5118 895 5175; x_wconf 91' lang='lat' dir='ltr'><strong>Deo</strong></span> <span class='ocrx_word' id='word_1_667' title='bbox 928 5134 1029 5189; x_wconf 89' lang='lat' dir='ltr'><strong>per</strong></span> <span class='ocrx_word' id='word_1_668' title='bbox 1056 5121 1382 5175; x_wconf 88' lang='lat' dir='ltr'><strong>charitatem</strong></span> <span class='ocrx_word' id='word_1_669' title='bbox 1414 5135 1727 5190; x_wconf 88' lang='lat' dir='ltr'><strong>operosam,</strong></span> <span class='ocrx_word' id='word_1_670' title='bbox 1757 5135 1880 5190; x_wconf 68' lang='lat' dir='ltr'><strong>quae</strong></span> <span class='ocrx_word' id='word_1_671' title='bbox 1910 5121 2088 5175; x_wconf 88' lang='lat' dir='ltr'><strong>sancti</strong></span> <span class='ocrx_word' id='word_1_672' title='bbox 2123 5136 2187 5176; x_wconf 93' lang='lat' dir='ltr'><strong>ac</strong></span> 
     </span>
    </p>
   </div>
   <div class='ocr_carea' id='block_1_89' title="bbox 607 5210 2187 5282">
    <p class='ocr_par' dir='ltr' id='par_1_89' title="bbox 607 5210 2187 5282">
     <span class='ocr_line' id='line_1_89' title="bbox 607 5210 2187 5282; baseline 0.004 -19"><span class='ocrx_word' id='word_1_673' title='bbox 607 5210 780 5264; x_wconf 84' lang='lat' dir='ltr'><strong>divini</strong></span> <span class='ocrx_word' id='word_1_674' title='bbox 803 5210 1047 5266; x_wconf 87' lang='lat' dir='ltr'><strong>mandati</strong></span> <span class='ocrx_word' id='word_1_675' title='bbox 1073 5211 1464 5282; x_wconf 78' lang='lat' dir='ltr'><strong>perfectionem</strong></span> <span class='ocrx_word' id='word_1_676' title='bbox 1488 5212 1759 5266; x_wconf 89' lang='lat' dir='ltr'><strong>continet.</strong></span> <span class='ocrx_word' id='word_1_677' title='bbox 1780 5212 1893 5267; x_wconf 81' lang='lat' dir='ltr'><strong>Hoc</strong></span> <span class='ocrx_word' id='word_1_678' title='bbox 1915 5212 2060 5268; x_wconf 93' lang='lat' dir='ltr'><strong>enim</strong></span> <span class='ocrx_word' id='word_1_679' title='bbox 2086 5230 2187 5270; x_wconf 91' lang='lat' dir='ltr'><strong>nos</strong></span> 
     </span>
    </p>
   </div>
   <div class='ocr_carea' id='block_1_90' title="bbox 608 5300 2177 5375">
    <p class='ocr_par' dir='ltr' id='par_1_90' title="bbox 608 5300 2177 5375">
     <span class='ocr_line' id='line_1_90' title="bbox 608 5300 2177 5375; baseline 0.004 -22"><span class='ocrx_word' id='word_1_680' title='bbox 608 5301 663 5353; x_wconf 90' lang='lat' dir='ltr'><strong>in</strong></span> <span class='ocrx_word' id='word_1_681' title='bbox 699 5314 765 5354; x_wconf 93' lang='lat' dir='ltr'><strong>eo</strong></span> <span class='ocrx_word' id='word_1_682' title='bbox 803 5300 1082 5357; x_wconf 88' lang='lat' dir='ltr'><strong>indivulse</strong></span> <span class='ocrx_word' id='word_1_683' title='bbox 1124 5305 1397 5359; x_wconf 76' lang='lat' dir='ltr'><strong>exsistere</strong></span> <span class='ocrx_word' id='word_1_684' title='bbox 1435 5310 1490 5357; x_wconf 93' lang='lat' dir='ltr'><strong>et</strong></span> <span class='ocrx_word' id='word_1_685' title='bbox 1529 5302 1797 5359; x_wconf 79' lang='lat' dir='ltr'><strong>inluerere</strong></span> <span class='ocrx_word' id='word_1_686' title='bbox 1834 5304 1987 5369; x_wconf 82' lang='lat' dir='ltr'><strong>facit,</strong></span> <span class='ocrx_word' id='word_1_687' title='bbox 2019 5304 2177 5375; x_wconf 80' lang='lat' dir='ltr'><strong>juxta</strong></span> 
     </span>
    </p>
   </div>
   <div class='ocr_carea' id='block_1_91' title="bbox 602 5389 2172 5467">
    <p class='ocr_par' dir='ltr' id='par_1_91' title="bbox 602 5389 2172 5467">
     <span class='ocr_line' id='line_1_91' title="bbox 602 5389 2172 5467; baseline 0.004 -24"><span class='ocrx_word' id='word_1_688' title='bbox 602 5391 734 5444; x_wconf 90' lang='lat' dir='ltr'><strong>illud</strong></span> <span class='ocrx_word' id='word_1_689' title='bbox 754 5389 1061 5449; x_wconf 72' lang='lat' dir='ltr'><strong>Psalmistte</strong></span> <span class='ocrx_word' id='word_1_690' title='bbox 1087 5412 1101 5447; x_wconf 90' lang='lat'><strong>:</strong></span> <span class='ocrx_word' id='word_1_691' title='bbox 1134 5414 1152 5445; x_wconf 75' lang='grc' dir='ltr'><strong>ι</strong></span> <span class='ocrx_word' id='word_1_692' title='bbox 1179 5394 1423 5449; x_wconf 66' lang='lat' dir='ltr'><strong>Adhaesit</strong></span> <span class='ocrx_word' id='word_1_693' title='bbox 1453 5396 1636 5449; x_wconf 87' lang='lat' dir='ltr'><strong>anima</strong></span> <span class='ocrx_word' id='word_1_694' title='bbox 1670 5410 1790 5451; x_wconf 90' lang='lat' dir='ltr'><strong>mea</strong></span> <span class='ocrx_word' id='word_1_695' title='bbox 1822 5406 1946 5467; x_wconf 91' lang='lat' dir='ltr'><strong>post</strong></span> <span class='ocrx_word' id='word_1_696' title='bbox 1976 5405 2029 5452; x_wconf 90' lang='lat' dir='ltr'><strong>te</strong></span> <span class='ocrx_word' id='word_1_697' title='bbox 2052 5399 2172 5451; x_wconf 69' lang='grc' dir='ltr'><strong>η’.»</strong></span> 
     </span>
    </p>
   </div>
   <div class='ocr_carea' id='block_1_92' title="bbox 600 5480 2173 5557">
    <p class='ocr_par' dir='ltr' id='par_1_92' title="bbox 600 5480 2173 5557">
     <span class='ocr_line' id='line_1_92' title="bbox 600 5480 2173 5557; baseline 0.004 -22"><span class='ocrx_word' id='word_1_698' title='bbox 600 5480 720 5537; x_wconf 83' lang='lat' dir='ltr'><strong>Non</strong></span> <span class='ocrx_word' id='word_1_699' title='bbox 756 5483 991 5541; x_wconf 80' lang='lat' dir='ltr'><strong>sulliciet</strong></span> <span class='ocrx_word' id='word_1_700' title='bbox 1022 5486 1186 5557; x_wconf 88' lang='lat' dir='ltr'><strong>igitur</strong></span> <span class='ocrx_word' id='word_1_701' title='bbox 1214 5485 1374 5540; x_wconf 90' lang='lat' dir='ltr'><strong>nobis</strong></span> <span class='ocrx_word' id='word_1_702' title='bbox 1421 5485 1489 5539; x_wconf 90' lang='lat' dir='ltr'><strong>ad</strong></span> <span class='ocrx_word' id='word_1_703' title='bbox 1521 5485 1754 5541; x_wconf 89' lang='lat' dir='ltr'><strong>solidam</strong></span> <span class='ocrx_word' id='word_1_704' title='bbox 1788 5487 1958 5541; x_wconf 88' lang='lat' dir='ltr'><strong>animi</strong></span> <span class='ocrx_word' id='word_1_705' title='bbox 2022 5496 2173 5542; x_wconf 87' lang='lat' dir='ltr'><strong>tran-</strong></span> 
     </span>
    </p>
   </div>
   <div class='ocr_carea' id='block_1_93' title="bbox 600 5570 2171 5645">
    <p class='ocr_par' dir='ltr' id='par_1_93' title="bbox 600 5570 2171 5645">
     <span class='ocr_line' id='line_1_93' title="bbox 600 5570 2171 5645; baseline 0.003 -19"><span class='ocrx_word' id='word_1_706' title='bbox 600 5570 923 5642; x_wconf 86' lang='lat' dir='ltr'><strong>quillitatem</strong></span> <span class='ocrx_word' id='word_1_707' title='bbox 953 5581 1008 5629; x_wconf 90' lang='lat' dir='ltr'><strong>et</strong></span> <span class='ocrx_word' id='word_1_708' title='bbox 1030 5574 1389 5645; x_wconf 85' lang='lat' dir='ltr'><strong>voluptatem,</strong></span> <span class='ocrx_word' id='word_1_709' title='bbox 1425 5575 1542 5632; x_wconf 89' lang='lat' dir='ltr'><strong>sive</strong></span> <span class='ocrx_word' id='word_1_710' title='bbox 1578 5576 1645 5631; x_wconf 88' lang='lat' dir='ltr'><strong>ad</strong></span> <span class='ocrx_word' id='word_1_711' title='bbox 1676 5575 2171 5633; x_wconf 82' lang='lat' dir='ltr'><strong>sanetilicationem</strong></span> 
     </span>
    </p>
   </div>
   <div class='ocr_carea' id='block_1_94' title="bbox 672 5751 1737 5825">
    <p class='ocr_par' dir='ltr' id='par_1_94' title="bbox 672 5751 1737 5825">
     <span class='ocr_line' id='line_1_94' title="bbox 672 5751 1737 5825; baseline 0.008 -19"><span class='ocrx_word' id='word_1_712' title='bbox 672 5753 716 5785; x_wconf 82' lang='lat'><strong>&quot;</strong></span> <span class='ocrx_word' id='word_1_713' title='bbox 744 5751 903 5810; x_wconf 70' lang='lat' dir='ltr'><strong>Joan.</strong></span> <span class='ocrx_word' id='word_1_714' title='bbox 934 5770 985 5810; x_wconf 82' lang='lat' dir='ltr'><strong>tv</strong></span> <span class='ocrx_word' id='word_1_715' title='bbox 1008 5793 1022 5820; x_wconf 93' lang='lat'><strong>,</strong></span> <span class='ocrx_word' id='word_1_716' title='bbox 1060 5754 1149 5811; x_wconf 65' lang='grc' dir='ltr'>Ἡ.</span> <span class='ocrx_word' id='word_1_717' title='bbox 1230 5760 1292 5790; x_wconf 61' lang='grc' dir='ltr'><strong>’θ’</strong></span> <span class='ocrx_word' id='word_1_718' title='bbox 1325 5757 1489 5815; x_wconf 85' lang='lat' dir='ltr'><strong>Hebr.</strong></span> <span class='ocrx_word' id='word_1_719' title='bbox 1522 5774 1642 5825; x_wconf 83' lang='lat' dir='ltr'><strong>xm,</strong></span> <span class='ocrx_word' id='word_1_720' title='bbox 1687 5762 1737 5814; x_wconf 89' lang='lat'><strong>7.</strong></span> 
     </span>
    </p>
   </div>
   <div class='ocr_carea' id='block_1_95' title="bbox 2354 4014 3887 4092">
    <p class='ocr_par' dir='ltr' id='par_1_95' title="bbox 2354 4014 3887 4092">
     <span class='ocr_line' id='line_1_95' title="bbox 2354 4014 3887 4092; baseline -0.008 -14"><span class='ocrx_word' id='word_1_721' title='bbox 2354 4024 2613 4080; x_wconf 79' lang='grc' dir='ltr'>Μείνατε</span> <span class='ocrx_word' id='word_1_722' title='bbox 2661 4024 2732 4077; x_wconf 80' lang='grc' dir='ltr'><strong>ὲν</strong></span> <span class='ocrx_word' id='word_1_723' title='bbox 2774 4022 2903 4092; x_wconf 73' lang='grc' dir='ltr'>ἐμοὶ</span> <span class='ocrx_word' id='word_1_724' title='bbox 2932 4062 2946 4087; x_wconf 92' lang='grc'><strong>,</strong></span> <span class='ocrx_word' id='word_1_725' title='bbox 2998 4020 3162 4089; x_wconf 79' lang='grc' dir='ltr'><strong>κάγὼ</strong></span> <span class='ocrx_word' id='word_1_726' title='bbox 3208 4020 3278 4073; x_wconf 80' lang='grc' dir='ltr'><strong>ἐν</strong></span> <span class='ocrx_word' id='word_1_727' title='bbox 3326 4016 3489 4087; x_wconf 79' lang='grc' dir='ltr'>ὑμῖν.</span> <span class='ocrx_word' id='word_1_728' title='bbox 3539 4015 3750 4079; x_wconf 77' lang='grc' dir='ltr'>Καθὼς</span> <span class='ocrx_word' id='word_1_729' title='bbox 3811 4014 3887 4068; x_wconf 77' lang='grc' dir='ltr'>τὸ</span> 
     </span>
    </p>
   </div>
   <div class='ocr_carea' id='block_1_96' title="bbox 2287 4106 3885 4187">
    <p class='ocr_par' dir='ltr' id='par_1_96' title="bbox 2287 4106 3885 4187">
     <span class='ocr_line' id='line_1_96' title="bbox 2287 4106 3885 4187; baseline -0.006 -18"><span class='ocrx_word' id='word_1_730' title='bbox 2287 4114 2493 4187; x_wconf 75' lang='grc' dir='ltr'>κλῆμα</span> <span class='ocrx_word' id='word_1_731' title='bbox 2540 4117 2613 4170; x_wconf 88' lang='grc' dir='ltr'>οὐ</span> <span class='ocrx_word' id='word_1_732' title='bbox 2651 4113 2903 4169; x_wconf 79' lang='grc' dir='ltr'>δύναται</span> <span class='ocrx_word' id='word_1_733' title='bbox 2955 4112 3161 4184; x_wconf 74' lang='grc' dir='ltr'>φέρειν</span> <span class='ocrx_word' id='word_1_734' title='bbox 3208 4110 3445 4180; x_wconf 63' lang='grc' dir='ltr'>καρπὸν</span> <span class='ocrx_word' id='word_1_735' title='bbox 3484 4108 3584 4178; x_wconf 67' lang='grc' dir='ltr'>ἀφ’</span> <span class='ocrx_word' id='word_1_736' title='bbox 3620 4106 3885 4169; x_wconf 72' lang='grc' dir='ltr'>ἑαυτοῦ.</span> 
     </span>
    </p>
   </div>
   <div class='ocr_carea' id='block_1_97' title="bbox 2286 4197 3883 4279">
    <p class='ocr_par' dir='ltr' id='par_1_97' title="bbox 2286 4197 3883 4279">
     <span class='ocr_line' id='line_1_97' title="bbox 2286 4197 3883 4279; baseline -0.007 -17"><span class='ocrx_word' id='word_1_737' title='bbox 2286 4207 2398 4262; x_wconf 80' lang='grc' dir='ltr'><strong>ἐὰν</strong></span> <span class='ocrx_word' id='word_1_738' title='bbox 2426 4207 2511 4279; x_wconf 81' lang='grc' dir='ltr'>μὴ</span> <span class='ocrx_word' id='word_1_739' title='bbox 2535 4208 2716 4277; x_wconf 78' lang='grc' dir='ltr'>μείνῃ</span> <span class='ocrx_word' id='word_1_740' title='bbox 2749 4208 2819 4261; x_wconf 76' lang='grc' dir='ltr'><strong>ἐν</strong></span> <span class='ocrx_word' id='word_1_741' title='bbox 2848 4207 2925 4276; x_wconf 79' lang='grc' dir='ltr'>τῇ</span> <span class='ocrx_word' id='word_1_742' title='bbox 2962 4205 3213 4276; x_wconf 74' lang='grc' dir='ltr'>ἀμπέλῳ</span> <span class='ocrx_word' id='word_1_743' title='bbox 3235 4245 3250 4270; x_wconf 91' lang='grc'><strong>,</strong></span> <span class='ocrx_word' id='word_1_744' title='bbox 3283 4204 3474 4269; x_wconf 82' lang='grc' dir='ltr'>οὕτως</span> <span class='ocrx_word' id='word_1_745' title='bbox 3500 4198 3642 4256; x_wconf 76' lang='grc' dir='ltr'>οὐδὲ</span> <span class='ocrx_word' id='word_1_746' title='bbox 3669 4197 3883 4267; x_wconf 76' lang='grc' dir='ltr'>ὑμεῖς,</span> 
     </span>
    </p>
   </div>
   <div class='ocr_carea' id='block_1_98' title="bbox 2286 4299 3071 4370">
    <p class='ocr_par' dir='ltr' id='par_1_98' title="bbox 2286 4299 3071 4370">
     <span class='ocr_line' id='line_1_98' title="bbox 2286 4299 3071 4370; baseline -0.003 -16"><span class='ocrx_word' id='word_1_747' title='bbox 2286 4300 2397 4354; x_wconf 76' lang='grc' dir='ltr'><strong>ἐὰν</strong></span> <span class='ocrx_word' id='word_1_748' title='bbox 2427 4299 2510 4370; x_wconf 81' lang='grc' dir='ltr'>μὴ</span> <span class='ocrx_word' id='word_1_749' title='bbox 2550 4301 2621 4354; x_wconf 78' lang='grc' dir='ltr'><strong>ἐν</strong></span> <span class='ocrx_word' id='word_1_750' title='bbox 2653 4299 2783 4369; x_wconf 75' lang='grc' dir='ltr'>ἐμοὶ</span> <span class='ocrx_word' id='word_1_751' title='bbox 2805 4300 3071 4370; x_wconf 79' lang='grc' dir='ltr'>μείνητε.</span> 
     </span>
    </p>
   </div>
   <div class='ocr_carea' id='block_1_99' title="bbox 2360 4382 3889 4463">
    <p class='ocr_par' dir='ltr' id='par_1_99' title="bbox 2360 4382 3889 4463">
     <span class='ocr_line' id='line_1_99' title="bbox 2360 4382 3889 4463; baseline 0 -18"><span class='ocrx_word' id='word_1_752' title='bbox 2360 4392 2633 4463; x_wconf 75' lang='grc' dir='ltr'>Εξσόμεθα</span> <span class='ocrx_word' id='word_1_753' title='bbox 2656 4392 2840 4457; x_wconf 89' lang='grc' dir='ltr'>πάλιν,</span> <span class='ocrx_word' id='word_1_754' title='bbox 2873 4392 2969 4446; x_wconf 78' lang='grc' dir='ltr'>καὶ</span> <span class='ocrx_word' id='word_1_755' title='bbox 3000 4390 3090 4445; x_wconf 86' lang='grc' dir='ltr'><strong>διά</strong></span> <span class='ocrx_word' id='word_1_756' title='bbox 3118 4390 3217 4461; x_wconf 86' lang='grc' dir='ltr'><strong>τῆς</strong></span> <span class='ocrx_word' id='word_1_757' title='bbox 3250 4390 3306 4441; x_wconf 76' lang='grc' dir='ltr'>ἐν</span> <span class='ocrx_word' id='word_1_758' title='bbox 3338 4390 3453 4450; x_wconf 83' lang='grc' dir='ltr'>τοῖς</span> <span class='ocrx_word' id='word_1_759' title='bbox 3480 4382 3889 4456; x_wconf 75' lang='grc' dir='ltr'>προκειμένοις</span> 
     </span>
    </p>
   </div>
   <div class='ocr_carea' id='block_1_100' title="bbox 2287 4474 3888 4556">
    <p class='ocr_par' dir='ltr' id='par_1_100' title="bbox 2287 4474 3888 4556">
     <span class='ocr_line' id='line_1_100' title="bbox 2287 4474 3888 4556; baseline -0.008 -18"><span class='ocrx_word' id='word_1_760' title='bbox 2287 4483 2549 4555; x_wconf 81' lang='grc' dir='ltr'>άκριδοῦς</span> <span class='ocrx_word' id='word_1_761' title='bbox 2590 4484 2845 4556; x_wconf 87' lang='grc' dir='ltr'>θεωρίας,</span> <span class='ocrx_word' id='word_1_762' title='bbox 2887 4484 2962 4547; x_wconf 79' lang='grc' dir='ltr'>ὡς</span> <span class='ocrx_word' id='word_1_763' title='bbox 2993 4483 3098 4554; x_wconf 76' lang='grc' dir='ltr'>ἄρα</span> <span class='ocrx_word' id='word_1_764' title='bbox 3142 4482 3261 4536; x_wconf 73' lang='grc' dir='ltr'><strong>ἐστὶ</strong></span> <span class='ocrx_word' id='word_1_765' title='bbox 3301 4479 3517 4550; x_wconf 84' lang='grc' dir='ltr'>πρῶτον</span> <span class='ocrx_word' id='word_1_766' title='bbox 3560 4477 3657 4549; x_wconf 71' lang='grc' dir='ltr'><strong>μιν</strong></span> <span class='ocrx_word' id='word_1_767' title='bbox 3704 4474 3888 4547; x_wconf 76' lang='grc' dir='ltr'>ἔργον</span> 
     </span>
    </p>
   </div>
   <div class='ocr_carea' id='block_1_101' title="bbox 2287 4566 3886 4646">
    <p class='ocr_par' dir='ltr' id='par_1_101' title="bbox 2287 4566 3886 4646">
     <span class='ocr_line' id='line_1_101' title="bbox 2287 4566 3886 4646; baseline -0.008 -17"><span class='ocrx_word' id='word_1_768' title='bbox 2287 4576 2526 4646; x_wconf 85' lang='grc' dir='ltr'>σπουδῆς</span> <span class='ocrx_word' id='word_1_769' title='bbox 2565 4577 2869 4645; x_wconf 84' lang='grc' dir='ltr'>ἀναγκαίας</span> <span class='ocrx_word' id='word_1_770' title='bbox 2924 4575 3021 4628; x_wconf 78' lang='grc' dir='ltr'>καὶ</span> <span class='ocrx_word' id='word_1_771' title='bbox 3068 4572 3386 4643; x_wconf 82' lang='grc' dir='ltr'>θεοφιλοῦς,</span> <span class='ocrx_word' id='word_1_772' title='bbox 3433 4569 3497 4623; x_wconf 83' lang='grc' dir='ltr'>τὸ</span> <span class='ocrx_word' id='word_1_773' title='bbox 3524 4566 3886 4638; x_wconf 80' lang='grc' dir='ltr'>εἰσδεχθῆναι</span> 
     </span>
    </p>
   </div>
   <div class='ocr_carea' id='block_1_102' title="bbox 2283 4657 3883 4738">
    <p class='ocr_par' dir='ltr' id='par_1_102' title="bbox 2283 4657 3883 4738">
     <span class='ocr_line' id='line_1_102' title="bbox 2283 4657 3883 4738; baseline -0.008 -16"><span class='ocrx_word' id='word_1_774' title='bbox 2283 4667 2375 4722; x_wconf 77' lang='grc' dir='ltr'><strong>διὰ</strong></span> <span class='ocrx_word' id='word_1_775' title='bbox 2420 4668 2517 4738; x_wconf 90' lang='grc' dir='ltr'><strong>τῆς</strong></span> <span class='ocrx_word' id='word_1_776' title='bbox 2568 4668 2803 4732; x_wconf 88' lang='grc' dir='ltr'>πίστεως</span> <span class='ocrx_word' id='word_1_777' title='bbox 2849 4667 2951 4737; x_wconf 88' lang='grc' dir='ltr'><strong>τῆς</strong></span> <span class='ocrx_word' id='word_1_778' title='bbox 3008 4663 3335 4736; x_wconf 73' lang='grc' dir='ltr'>εἰλικρινοῦς</span> <span class='ocrx_word' id='word_1_779' title='bbox 3390 4679 3452 4715; x_wconf 88' lang='grc' dir='ltr'><strong>τε</strong></span> <span class='ocrx_word' id='word_1_780' title='bbox 3506 4661 3600 4715; x_wconf 74' lang='grc' dir='ltr'>καὶ</span> <span class='ocrx_word' id='word_1_781' title='bbox 3630 4657 3883 4729; x_wconf 81' lang='grc' dir='ltr'>ἀληθοῦς</span> 
     </span>
    </p>
   </div>
   <div class='ocr_carea' id='block_1_103' title="bbox 2286 4747 3886 4829">
    <p class='ocr_par' dir='ltr' id='par_1_103' title="bbox 2286 4747 3886 4829">
     <span class='ocr_line' id='line_1_103' title="bbox 2286 4747 3886 4829; baseline -0.006 -19"><span class='ocrx_word' id='word_1_782' title='bbox 2286 4756 2437 4829; x_wconf 84' lang='grc' dir='ltr'>παρὰ</span> <span class='ocrx_word' id='word_1_783' title='bbox 2481 4756 2742 4829; x_wconf 83' lang='grc' dir='ltr'>Χριστοῦ.</span> <span class='ocrx_word' id='word_1_784' title='bbox 2794 4755 2956 4809; x_wconf 72' lang='grc' dir='ltr'>Τουτὶ</span> <span class='ocrx_word' id='word_1_785' title='bbox 2994 4754 3106 4827; x_wconf 84' lang='grc' dir='ltr'><strong>γάρ</strong></span> <span class='ocrx_word' id='word_1_786' title='bbox 3150 4752 3218 4808; x_wconf 79' lang='grc' dir='ltr'><strong>ἂν</strong></span> <span class='ocrx_word' id='word_1_787' title='bbox 3271 4751 3359 4823; x_wconf 72' lang='grc' dir='ltr'><strong>εἴη</strong></span> <span class='ocrx_word' id='word_1_788' title='bbox 3407 4750 3469 4805; x_wconf 74' lang='grc' dir='ltr'>τὸ</span> <span class='ocrx_word' id='word_1_789' title='bbox 3510 4747 3886 4821; x_wconf 82' lang='grc' dir='ltr'>ἀριθμεῖσθαι</span> 
     </span>
    </p>
   </div>
   <div class='ocr_carea' id='block_1_104' title="bbox 2285 4841 3884 4919">
    <p class='ocr_par' dir='ltr' id='par_1_104' title="bbox 2285 4841 3884 4919">
     <span class='ocr_line' id='line_1_104' title="bbox 2285 4841 3884 4919; baseline -0.005 -19"><span class='ocrx_word' id='word_1_790' title='bbox 2285 4847 2471 4902; x_wconf 81' lang='grc' dir='ltr'>λοιπὸν</span> <span class='ocrx_word' id='word_1_791' title='bbox 2500 4850 2558 4903; x_wconf 78' lang='grc' dir='ltr'>έν</span> <span class='ocrx_word' id='word_1_792' title='bbox 2589 4848 2832 4919; x_wconf 85' lang='grc' dir='ltr'>κλήμασι</span> <span class='ocrx_word' id='word_1_793' title='bbox 2861 4849 2974 4911; x_wconf 87' lang='grc' dir='ltr'>τοῖς</span> <span class='ocrx_word' id='word_1_794' title='bbox 3006 4849 3074 4919; x_wconf 76' lang='grc' dir='ltr'><strong>τῇ</strong></span> <span class='ocrx_word' id='word_1_795' title='bbox 3100 4845 3335 4918; x_wconf 86' lang='grc' dir='ltr'>ἀμπέλῳ</span> <span class='ocrx_word' id='word_1_796' title='bbox 3360 4841 3777 4916; x_wconf 79' lang='grc' dir='ltr'>προσπεφυκόσι</span> <span class='ocrx_word' id='word_1_797' title='bbox 3808 4843 3884 4911; x_wconf 76' lang='grc' dir='ltr'><strong>τῇ</strong></span> 
     </span>
    </p>
   </div>
   <div class='ocr_carea' id='block_1_105' title="bbox 2283 4930 3881 5013">
    <p class='ocr_par' dir='ltr' id='par_1_105' title="bbox 2283 4930 3881 5013">
     <span class='ocr_line' id='line_1_105' title="bbox 2283 4930 3881 5013; baseline -0.005 -18"><span class='ocrx_word' id='word_1_798' title='bbox 2283 4940 2555 5013; x_wconf 83' lang='grc' dir='ltr'>ἀληθινῇ,</span> <span class='ocrx_word' id='word_1_799' title='bbox 2619 4942 2765 5011; x_wconf 71' lang='grc' dir='ltr'>φημὶ</span> <span class='ocrx_word' id='word_1_800' title='bbox 2820 4940 2885 5011; x_wconf 88' lang='grc' dir='ltr'>δὴ</span> <span class='ocrx_word' id='word_1_801' title='bbox 2939 4938 3184 5010; x_wconf 82' lang='grc' dir='ltr'>Χριστῷ.</span> <span class='ocrx_word' id='word_1_802' title='bbox 3246 4938 3516 5009; x_wconf 81' lang='grc' dir='ltr'>Δευτέρας</span> <span class='ocrx_word' id='word_1_803' title='bbox 3559 4934 3640 4997; x_wconf 77' lang='grc' dir='ltr'>δὲ,</span> <span class='ocrx_word' id='word_1_804' title='bbox 3689 4930 3881 5004; x_wconf 76' lang='grc' dir='ltr'>οἶμαι.</span> 
     </span>
    </p>
   </div>
   <div class='ocr_carea' id='block_1_106' title="bbox 2287 5022 3883 5104">
    <p class='ocr_par' dir='ltr' id='par_1_106' title="bbox 2287 5022 3883 5104">
     <span class='ocr_line' id='line_1_106' title="bbox 2287 5022 3883 5104; baseline -0.007 -18"><span class='ocrx_word' id='word_1_805' title='bbox 2287 5032 2567 5104; x_wconf 88' lang='grc' dir='ltr'>φροντίδος</span> <span class='ocrx_word' id='word_1_806' title='bbox 2592 5030 2807 5102; x_wconf 84' lang='grc' dir='ltr'>καρπὸς</span> <span class='ocrx_word' id='word_1_807' title='bbox 2829 5072 2842 5096; x_wconf 92' lang='grc'><strong>,</strong></span> <span class='ocrx_word' id='word_1_808' title='bbox 2876 5029 2995 5083; x_wconf 85' lang='grc' dir='ltr'>κατ’</span> <span class='ocrx_word' id='word_1_809' title='bbox 3027 5028 3221 5082; x_wconf 82' lang='grc' dir='ltr'>οὐδένα</span> <span class='ocrx_word' id='word_1_810' title='bbox 3258 5027 3459 5101; x_wconf 84' lang='grc' dir='ltr'>τρόπον</span> <span class='ocrx_word' id='word_1_811' title='bbox 3504 5027 3605 5095; x_wconf 84' lang='grc' dir='ltr'><strong>τῆς</strong></span> <span class='ocrx_word' id='word_1_812' title='bbox 3642 5022 3883 5096; x_wconf 69' lang='grc' dir='ltr'>πρώτης</span> 
     </span>
    </p>
   </div>
   <div class='ocr_carea' id='block_1_107' title="bbox 2289 5116 3881 5195">
    <p class='ocr_par' dir='ltr' id='par_1_107' title="bbox 2289 5116 3881 5195">
     <span class='ocr_line' id='line_1_107' title="bbox 2289 5116 3881 5195; baseline -0.006 -18"><span class='ocrx_word' id='word_1_813' title='bbox 2289 5141 2357 5195; x_wconf 90' lang='grc' dir='ltr'><strong>με</strong></span> <span class='ocrx_word' id='word_1_814' title='bbox 2368 5122 2776 5191; x_wconf 86' lang='grc' dir='ltr'>ιονεκτούμενος</span> <span class='ocrx_word' id='word_1_815' title='bbox 2795 5163 2811 5188; x_wconf 97' lang='grc'><strong>,</strong></span> <span class='ocrx_word' id='word_1_816' title='bbox 2859 5120 3059 5191; x_wconf 84' lang='grc' dir='ltr'>μᾶλλον</span> <span class='ocrx_word' id='word_1_817' title='bbox 3088 5120 3146 5174; x_wconf 85' lang='grc' dir='ltr'>δὲ</span> <span class='ocrx_word' id='word_1_818' title='bbox 3178 5118 3582 5189; x_wconf 87' lang='grc' dir='ltr'>συντονωτέραν</span> <span class='ocrx_word' id='word_1_819' title='bbox 3612 5116 3747 5186; x_wconf 77' lang='grc' dir='ltr'>ἔχων</span> <span class='ocrx_word' id='word_1_820' title='bbox 3783 5117 3881 5185; x_wconf 69' lang='grc' dir='ltr'><strong>ἐφ’</strong></span> 
     </span>
    </p>
   </div>
   <div class='ocr_carea' id='block_1_108' title="bbox 2286 5208 3887 5285">
    <p class='ocr_par' dir='ltr' id='par_1_108' title="bbox 2286 5208 3887 5285">
     <span class='ocr_line' id='line_1_108' title="bbox 2286 5208 3887 5285; baseline -0.007 -15"><span class='ocrx_word' id='word_1_821' title='bbox 2286 5214 2464 5285; x_wconf 81' lang='grc' dir='ltr'>ἑαυτῷ</span> <span class='ocrx_word' id='word_1_822' title='bbox 2485 5214 2583 5285; x_wconf 81' lang='grc' dir='ltr'>τὴν</span> <span class='ocrx_word' id='word_1_823' title='bbox 2612 5213 2903 5285; x_wconf 82' lang='grc' dir='ltr'>μέριμναν,</span> <span class='ocrx_word' id='word_1_824' title='bbox 2928 5213 2988 5267; x_wconf 73' lang='grc' dir='ltr'><strong>τὸ</strong></span> <span class='ocrx_word' id='word_1_825' title='bbox 3006 5213 3345 5285; x_wconf 74' lang='grc' dir='ltr'>ὲνηρμόσθαι</span> <span class='ocrx_word' id='word_1_826' title='bbox 3368 5210 3564 5281; x_wconf 81' lang='grc' dir='ltr'>φιλεῖν,</span> <span class='ocrx_word' id='word_1_827' title='bbox 3588 5208 3683 5263; x_wconf 79' lang='grc' dir='ltr'><strong>καὶ</strong></span> <span class='ocrx_word' id='word_1_828' title='bbox 3698 5208 3887 5278; x_wconf 73' lang='grc' dir='ltr'>ἀπρὶξ</span> 
     </span>
    </p>
   </div>
   <div class='ocr_carea' id='block_1_109' title="bbox 2284 5300 3884 5377">
    <p class='ocr_par' dir='ltr' id='par_1_109' title="bbox 2284 5300 3884 5377">
     <span class='ocr_line' id='line_1_109' title="bbox 2284 5300 3884 5377; baseline -0.003 -19"><span class='ocrx_word' id='word_1_829' title='bbox 2284 5305 2506 5377; x_wconf 78' lang='grc' dir='ltr'>ἔχεσθαι</span> <span class='ocrx_word' id='word_1_830' title='bbox 2562 5303 2654 5357; x_wconf 89' lang='grc' dir='ltr'><strong>τοῦ</strong></span> <span class='ocrx_word' id='word_1_831' title='bbox 2703 5304 2880 5370; x_wconf 83' lang='grc' dir='ltr'>Θεοῦ,</span> <span class='ocrx_word' id='word_1_832' title='bbox 2923 5305 3012 5358; x_wconf 83' lang='grc' dir='ltr'><strong>διὰ</strong></span> <span class='ocrx_word' id='word_1_833' title='bbox 3058 5304 3159 5377; x_wconf 89' lang='grc' dir='ltr'><strong>τῆς</strong></span> <span class='ocrx_word' id='word_1_834' title='bbox 3201 5306 3259 5359; x_wconf 82' lang='grc' dir='ltr'><strong>ὲν</strong></span> <span class='ocrx_word' id='word_1_835' title='bbox 3311 5304 3498 5376; x_wconf 75' lang='grc' dir='ltr'>ἔργοις</span> <span class='ocrx_word' id='word_1_836' title='bbox 3534 5300 3755 5371; x_wconf 80' lang='grc' dir='ltr'>ἀγάπης</span> <span class='ocrx_word' id='word_1_837' title='bbox 3782 5339 3803 5362; x_wconf 87' lang='grc'><strong>,</strong></span> <span class='ocrx_word' id='word_1_838' title='bbox 3845 5300 3884 5370; x_wconf 73' lang='grc' dir='ltr'>ἢ</span> 
     </span>
    </p>
   </div>
   <div class='ocr_carea' id='block_1_110' title="bbox 2286 5392 3884 5470">
    <p class='ocr_par' dir='ltr' id='par_1_110' title="bbox 2286 5392 3884 5470">
     <span class='ocr_line' id='line_1_110' title="bbox 2286 5392 3884 5470; baseline -0.014 -4"><span class='ocrx_word' id='word_1_839' title='bbox 2286 5397 2421 5470; x_wconf 79' lang='grc' dir='ltr'><strong>[Τρο</strong></span> <span class='ocrx_word' id='word_1_840' title='bbox 2571 5398 2664 5449; x_wconf 63' lang='grc' dir='ltr'><strong>καὶ</strong></span> <span class='ocrx_word' id='word_1_841' title='bbox 2697 5395 2795 5467; x_wconf 80' lang='grc' dir='ltr'><strong>τῆς</strong></span> <span class='ocrx_word' id='word_1_842' title='bbox 2840 5397 3002 5465; x_wconf 80' lang='grc' dir='ltr'>ἁγίας</span> <span class='ocrx_word' id='word_1_843' title='bbox 3043 5413 3103 5450; x_wconf 83' lang='grc' dir='ltr'><strong>τε</strong></span> <span class='ocrx_word' id='word_1_844' title='bbox 3159 5398 3255 5450; x_wconf 70' lang='grc' dir='ltr'>καὶ</span> <span class='ocrx_word' id='word_1_845' title='bbox 3301 5395 3452 5460; x_wconf 88' lang='grc' dir='ltr'>θείας</span> <span class='ocrx_word' id='word_1_846' title='bbox 3504 5393 3722 5465; x_wconf 72' lang='grc' dir='ltr'>ἐντολῆς</span> <span class='ocrx_word' id='word_1_847' title='bbox 3765 5392 3884 5464; x_wconf 71' lang='grc' dir='ltr'>τὴν</span> 
     </span>
    </p>
   </div>
   <div class='ocr_carea' id='block_1_111' title="bbox 2289 5484 3884 5559">
    <p class='ocr_par' dir='ltr' id='par_1_111' title="bbox 2289 5484 3884 5559">
     <span class='ocr_line' id='line_1_111' title="bbox 2289 5484 3884 5559; baseline -0.002 -21"><span class='ocrx_word' id='word_1_848' title='bbox 2289 5485 2568 5558; x_wconf 81' lang='grc' dir='ltr'>πλήρωσιν</span> <span class='ocrx_word' id='word_1_849' title='bbox 2597 5486 2732 5555; x_wconf 79' lang='grc' dir='ltr'>ἔχει.</span> <span class='ocrx_word' id='word_1_850' title='bbox 2776 5484 2947 5539; x_wconf 84' lang='grc' dir='ltr'>Τοῦτο</span> <span class='ocrx_word' id='word_1_851' title='bbox 2991 5486 3102 5558; x_wconf 80' lang='grc' dir='ltr'><strong>γάρ</strong></span> <span class='ocrx_word' id='word_1_852' title='bbox 3150 5488 3295 5559; x_wconf 74' lang='grc' dir='ltr'>ἡμᾶς</span> <span class='ocrx_word' id='word_1_853' title='bbox 3348 5486 3729 5550; x_wconf 80' lang='grc' dir='ltr'>ἀδιασπάστως</span> <span class='ocrx_word' id='word_1_854' title='bbox 3784 5485 3884 5536; x_wconf 77' lang='grc' dir='ltr'><strong>ὲν-</strong></span> 
     </span>
    </p>
   </div>
   <div class='ocr_carea' id='block_1_112' title="bbox 2281 5576 3881 5651">
    <p class='ocr_par' dir='ltr' id='par_1_112' title="bbox 2281 5576 3881 5651">
     <span class='ocr_line' id='line_1_112' title="bbox 2281 5576 3881 5651; baseline 0 -22"><span class='ocrx_word' id='word_1_855' title='bbox 2281 5577 2551 5649; x_wconf 87' lang='grc' dir='ltr'>υπάρχειν</span> <span class='ocrx_word' id='word_1_856' title='bbox 2604 5576 2787 5648; x_wconf 72' lang='grc' dir='ltr'>αὐτῷ,</span> <span class='ocrx_word' id='word_1_857' title='bbox 2838 5579 2933 5632; x_wconf 75' lang='grc' dir='ltr'>καὶ</span> <span class='ocrx_word' id='word_1_858' title='bbox 2980 5579 3335 5651; x_wconf 80' lang='grc' dir='ltr'>ὲμπεπῆχθαι</span> <span class='ocrx_word' id='word_1_859' title='bbox 3367 5582 3547 5645; x_wconf 85' lang='grc' dir='ltr'>ποιεῖ,</span> <span class='ocrx_word' id='word_1_860' title='bbox 3590 5578 3730 5634; x_wconf 81' lang='grc' dir='ltr'><strong>κατά</strong></span> <span class='ocrx_word' id='word_1_861' title='bbox 3772 5577 3881 5630; x_wconf 68' lang='grc' dir='ltr'>τὸν</span> 
     </span>
    </p>
   </div>
   <div class='ocr_carea' id='block_1_113' title="bbox 1816 5761 3127 5831">
    <p class='ocr_par' dir='ltr' id='par_1_113' title="bbox 1816 5761 3127 5831">
     <span class='ocr_line' id='line_1_113' title="bbox 1816 5761 3127 5831; baseline 0.003 -17"><span class='ocrx_word' id='word_1_862' title='bbox 1816 5762 1908 5814; x_wconf 83' lang='lat' dir='ltr'><strong>&quot;l</strong></span> <span class='ocrx_word' id='word_1_863' title='bbox 1954 5761 2079 5816; x_wconf 76' lang='lat' dir='ltr'><strong>Cor.</strong></span> <span class='ocrx_word' id='word_1_864' title='bbox 2116 5778 2191 5831; x_wconf 73' lang='grc' dir='ltr'><strong>ιν,</strong></span> <span class='ocrx_word' id='word_1_865' title='bbox 2232 5763 2325 5831; x_wconf 88' lang='lat' dir='ltr'><strong>l6;</strong></span> <span class='ocrx_word' id='word_1_866' title='bbox 2370 5779 2448 5827; x_wconf 73' lang='grc' dir='ltr'><strong>τι,</strong></span> <span class='ocrx_word' id='word_1_867' title='bbox 2493 5766 2543 5819; x_wconf 88' lang='lat' dir='ltr'><strong>l.</strong></span> <span class='ocrx_word' id='word_1_868' title='bbox 2624 5764 2688 5796; x_wconf 82' lang='lat'><strong>&quot;&#39;</strong></span> <span class='ocrx_word' id='word_1_869' title='bbox 2719 5762 2865 5820; x_wconf 84' lang='lat' dir='ltr'><strong>Psal.</strong></span> <span class='ocrx_word' id='word_1_870' title='bbox 2899 5776 3030 5828; x_wconf 81' lang='lat' dir='ltr'><strong>int,</strong></span> <span class='ocrx_word' id='word_1_871' title='bbox 3073 5762 3127 5818; x_wconf 83' lang='lat'><strong>9.</strong></span> 
     </span>
    </p>
   </div>
  </div>
