4056 6474
94 343 211 397 56!
1188 343 1257 398 IN
1278 342 1559 400 JOANNIS
1600 342 2051 404 EVANGELIUM
2094 350 2220 405 LIB.
2263 350 2328 408 Χ.
3271 355 3378 412 36!

96 458 359 528 λέγοντα
379 458 715 530 Ψαλμῳδόνο
752 477 768 509 ι
815 457 1107 531 Ἐκολλήθη
1134 462 1167 530 ἡ
1205 461 1352 533 ψυχή
1388 480 1488 533 μου
1523 464 1702 515 ὀπίσω

1809 482 1911 535 qua
1942 467 2251 522 sanctilicat
2282 484 2384 525 nos
2401 468 2678 537 Christus,
2700 466 2907 538 suscipi
2944 470 3165 538 quidem
3198 472 3376 527 instar

98 564 236 601 σου.
277 566 297 599 ι
343 548 455 601 Ούκ
485 549 708 619 ἀρκέσει
752 546 1039 617 τοιγαροῦν
1086 548 1222 620 πρὸς
1254 551 1545 623 ὁλόκληρον
1573 553 1704 621 ἡμῖν

1809 557 2118 626 palmitum,
2152 558 2245 614 scd
2281 569 2543 631 praeterea
2590 575 2688 631 per
2717 560 3043 616 charitatem
3074 563 3373 634 perfectam

96 636 429 710 θυμηδίαν,
466 641 584 710 ἤτοι
627 639 762 710 πρὸς
789 640 1061 710 ἁγιασμὸν
1084 682 1098 707 ,
1130 642 1221 694 τὸν
1251 642 1325 705 ὡς
1361 644 1451 695 ἐπὶ
1494 642 1705 695 ἐκθέσει

1809 656 1861 700 et
1913 646 2308 706 indesinentem
2374 652 2590 707 sincere
2637 653 2950 723 sequendus
2993 662 3101 709 est.
3156 663 3216 710 tn
3272 654 3377 710 hoc

98 729 210 781 τοῦ
244 729 572 797 ἀγιάζοντος
598 732 748 801 ἡμᾶς
779 731 1018 802 Χριστοῦ
1039 773 1055 797 ,
1113 733 1174 786 τὸ
1220 733 1552 805 εἰσδεχθῆναι
1584 734 1703 805 μὲν,

1809 738 1953 793 enim
1987 740 2337 810 potissimum
2378 742 2637 799 consistit
2667 752 2722 799 et
2757 753 3007 799 servatur
3037 744 3121 801 vis
3146 755 3202 802 et
3234 744 3374 799 ratio

98 820 188 883 ὡς
215 822 278 873 ἑν
314 821 468 885 τάξει
502 822 799 893 κλημάτων
822 840 834 852 ·
872 825 1069 896 χρῆναι
1100 824 1157 878 δὲ
1188 825 1324 897 πρὸς
1357 826 1515 879 τοῦτό
1540 844 1703 897 φημι,

1809 828 2219 898 conjunctionis
2265 833 2550 903 spiritalis.
2586 833 2855 901 Quoniam
2889 851 3022 907 ergo
3054 836 3194 891 dixit
3217 836 3376 894 Chri-

100 914 215 966 καὶ
247 914 313 966 τὸ
354 914 442 967 διὰ
483 914 583 984 τῆς
619 913 827 978 τελείας
865 933 925 967 τε
979 916 1071 971 καὶ
1117 917 1435 982 ἀνελλιποῦς
1483 920 1705 989 ἀγάπης

1809 930 1926 977 stus
1960 923 2077 978 suis
2107 923 2430 995 discipulis:
2462 945 2479 978 ι
2513 924 2634 980 Jam
2660 942 2754 982 vos
2779 928 2967 983 mundi
2990 929 3123 985 estis
3154 938 3377 1000 propter

100 1004 367 1072 γνησίως
412 1002 745 1056 ἀκολουθεῖν.
826 1005 913 1057 Ἐν
964 1006 1073 1077 γάρ
1123 1006 1188 1078 δὴ
1239 1006 1415 1078 τούτῳ
1473 1009 1705 1079 μάλιστα

1809 1026 2116 1069 sermonem
2162 1031 2323 1085 quem
2370 1016 2588 1073 locutus
2638 1033 2759 1073 sum
2818 1020 3013 1075 vobis:
3053 1038 3073 1072 ι
3128 1034 3201 1075 ne
3252 1021 3377 1091 quis

102 1094 310 1158 καλῶς
348 1094 413 1148 ἂν
441 1094 553 1165 ἔχοι
592 1096 681 1148 καί
715 1096 944 1162 σώζοιτο
984 1097 1082 1165 τῆς
1113 1098 1171 1151 ὲν
1205 1099 1478 1168 πνεύματι
1512 1098 1705 1165 κολλή-

1809 1105 1978 1160 semel
2038 1113 2305 1176 purgatus
2344 1121 2374 1160 a
2431 1122 2565 1162 casu
2631 1108 2930 1164 immunem
3000 1124 3061 1167 se
3113 1117 3374 1181 putaret,

1806 1196 2018 1253 etiamsi
2050 1199 2252 1252 nullam
2287 1200 2353 1253 ad
2384 1198 2435 1253 id
2458 1214 2643 1254 curam
2672 1201 2944 1267 adhibeat,
2986 1203 3192 1258 utiliter
3223 1203 3378 1273 jubet

1808 1284 1862 1338 in
1892 1301 1958 1341 eo
1989 1301 2331 1357 permanere.
2363 1287 2636 1355 Quidnam
2666 1299 2847 1347 autem
2890 1294 3042 1347 aliud
3074 1294 3221 1349 istud
3268 1302 3390 1356 est,-

1807 1391 1967 1445 quam
1999 1381 2143 1449 quod
2176 1395 2273 1450 per
2310 1379 2540 1435 Paulum
2567 1390 2716 1437 recte
2740 1382 2944 1437 dicitur
2972 1400 2986 1437 :
3025 1401 3043 1435 ι
3076 1382 3257 1450 Quare
3281 1388 3375 1455 qui

1807 1469 1913 1523 sibi
1970 1471 2184 1525 videtur
2229 1480 2401 1535 stare,
2453 1474 2635 1528 videat
2675 1489 2742 1529 ne
2776 1475 2937 1529 cadat
2959 1473 3073 1526 W?
3112 1492 3129 1525 ι
3170 1473 3374 1528 lnilniti

1807 1561 1951 1614 enim
1996 1562 2182 1632 lapsus
2218 1565 2383 1618 etiam
2428 1565 2496 1621 iis
2530 1574 2834 1621 occurrunt
2864 1566 2957 1636 qui
3006 1565 3112 1621 sibi
3136 1567 3248 1637 jam
3282 1567 3378 1621 lir-

1808 1652 1968 1705 miter
1999 1661 2148 1708 stare
2186 1655 2466 1717 videntur,
2494 1657 2601 1709 nisi
2636 1659 2872 1713 maxime
2908 1659 3164 1713 studeant
3191 1658 3247 1713 in
3311 1674 3377 1712 eo

103 1202 260 1248 σεως
300 1188 619 1258 νοουμένης,
653 1188 771 1259 ἢτοι
806 1189 1100 1257 συναφείας
1133 1190 1166 1260 ἡ
1199 1188 1445 1260 δύναμις.
1485 1191 1704 1261 Ἐπειδὴ

100 1278 305 1330 τοίνυν
341 1278 444 1349 ἔφη
495 1280 728 1351 Χριστὸς
766 1283 876 1345 τοῖς
923 1280 1116 1333 ἑαυτοῦ
1172 1282 1471 1351 μαθηταῖς⁶
1509 1303 1527 1334 ‹
1566 1284 1703 1353 Ἤδη

105 1369 285 1438 ὑμεῖς
310 1370 541 1441 καθαροί
569 1373 714 1436 ὲστε,
736 1371 824 1425 διὰ
846 1371 934 1424 τὸν
952 1370 1107 1439 λόγον
1129 1370 1186 1424 ὂν
1212 1372 1482 1443 λελάληκα
1505 1373 1653 1444 ὑμῖνσ
1680 1392 1699 1425 ι

109 1462 210 1516 ἕνα
247 1464 329 1533 μή
364 1481 449 1527 τις
476 1464 684 1536 οἰηθείη
734 1466 864 1519 ποτε
918 1465 1027 1519 τῶν
1061 1464 1208 1531 ἅπαξ
1256 1467 1703 1539 κεκαθαρμένων,

103 1553 483 1618 ἀδιαπτώτως
513 1555 655 1625 ἔχειν
680 1556 964 1619 δύνασθαι,
988 1556 1080 1611 καὶ
1111 1557 1161 1608 εἰ
1199 1559 1272 1627 μή
1296 1573 1416 1610 τινα
1442 1557 1600 1628 τυχὸν
1626 1559 1704 1621 εἰς

105 1644 173 1696 τὸ
201 1640 266 1697 εὖ
292 1641 433 1698 εἶναι
458 1650 659 1699 ποιοῖτο
681 1647 937 1718 σπουδὴν,
964 1649 1384 1718 προσεπιτάττοι
1413 1648 1526 1721 [γρ.
1546 1665 1706 1720 προσ-

107 1735 446 1808 επιτάττει]
475 1737 781 1809 χρησίμως,
807 1738 889 1793 ὅτι
923 1740 1190 1809 προσήκοι
1227 1739 1414 1809 μένειν
1441 1742 1499 1793 ἐν
1529 1739 1701 1810 αὐτῷ.

1809 1742 1861 1795 in
1895 1757 2003 1812 quo
2035 1751 2165 1798 sunt
2196 1746 2369 1814 gradu
2410 1746 2639 1802 ﬁrmiter
2672 1748 2899 1805 ltzerere.
2925 1748 3161 1806 Necesse
3194 1756 3375 1804 autem

107 1828 223 1879 Κα¹ἰ
258 1827 316 1880 τί
345 1828 501 1881 τοῦτο
524 1828 704 1894 ἕσταις
731 1829 959 1902 Ἕτερον
998 1830 1169 1894 οὐδὲν,
1200 1830 1274 1895 ὥς
1299 1832 1362 1899 γέ
1395 1849 1483 1902 μοι
1513 1834 1700 1902 φαίνει

1809 1843 1911 1898 est,
1936 1835 2156 1905 opinor,
2193 1852 2292 1893 nos
2324 1854 2540 1893 omnem
2578 1854 2766 1895 curam
2801 1857 2863 1896 ac
2898 1843 3237 1914 vigilantiam
3277 1841 3379 1896 ad-

104 1936 227 1981 ται,
264 1918 471 1990 μᾶλλον
517 1920 572 1972 δὲ
611 1920 860 1992 ἐναργῶς
891 1922 951 1975 τὸ
992 1922 1081 1975 διά
1127 1923 1221 1977 τοῦ
1258 1922 1473 1977 Παύλου
1522 1924 1702 1988 καλῶς

1809 1925 2013 1991 bibere,
2044 1930 2296 1997 quamvis
2322 1946 2614 2002 progressu
2638 1932 2706 1987 ad
2748 1933 2886 1989 bene
2916 1934 3184 2005 agendum
3225 1950 3379 1990 cum-

105 2009 418 2079 εἰρημένον
442 2025 453 2038 ·
490 2028 508 2061 ι
544 2010 707 2063 Ὥστε
756 2014 783 2065 ό
816 2012 990 2065 δοκῶν
1033 2013 1287 2080 ἑστάναι,
1346 2014 1589 2084 βλεπέτω
1627 2015 1701 2086 μὴ

1809 2018 1998 2087 primis
2038 2022 2285 2078 ﬁrmatos
2309 2030 2363 2076 et
2395 2022 2674 2079 stabilitos
2705 2039 2805 2080 nos
2836 2034 3114 2093 putemus.
3149 2024 3375 2091 Qualem

110 2101 288 2174 πέσῃ.
321 2120 342 2154 ι
380 2102 564 2173 Μυρία
587 2103 695 2174 γάρ
720 2102 787 2157 ἂν
814 2104 906 2158 καὶ
931 2108 1043 2169 τοῖς
1070 2106 1168 2179 ήδη
1197 2105 1429 2176 βεϐαίως
1457 2105 1702 2160 δοκοῦσιν

110 2195 349 2249 ἑστάναι
378 2196 712 2266 συναντῆσαι
748 2196 1211 2269 τάλὶλισθήματα,
1249 2198 1323 2270 μὴ
1355 2198 1475 2269 οὐχὶ
1495 2198 1704 2268 διεδρά-

112 2286 249 2338 σθαι
270 2284 454 2349 καλῶς
479 2288 537 2338 ἐν
561 2282 755 2359 οἷσπερ
783 2288 849 2342 ἂν
875 2285 1107 2354 εἶεν,διά
1139 2289 1339 2360 πολλῆς
1358 2291 1495 2357 ἄγαν
1527 2306 1704 2343 ποιουν

118 2378 316 2446 μένοις
354 2378 609 2447 σπουδῆς.
660 2380 751 2432 Δεῖ
794 2380 875 2444 δὲ,
919 2377 1068 2451 οἶμαι
1097 2420 1114 2445 ,
1170 2381 1264 2435 καὶ
1318 2382 1500 2451 πάσης
1554 2382 1701 2451 ἡμᾶς

115 2469 312 2537 ἀξιοῦν
352 2471 649 2535 ἐπιεικείας
676 2473 770 2524 καὶ
801 2472 1016 2544 νήψεως
1040 2475 1110 2527 τὰ
1149 2475 1270 2527 καθ’
1301 2475 1565 2537 ἑαυτοὺς,
1598 2473 1702 2528 κ’ἂν

121 2559 448 2632 ἑρηρείσθαί
480 2578 596 2625 πως
625 2562 753 2634 δοκῇ
786 2580 892 2627 τις,
933 2564 999 2617 δι’
1036 2565 1276 2617 ἐπίδοσιν
1306 2564 1405 2634 τὴν
1431 2563 1528 2635 ἤδη
1565 2581 1704 2636 προ-

121 2652 443 2723 ηνυσμένην
477 2654 557 2716 εἰς
589 2654 926 2723 κατόρθωσιν
953 2655 1195 2723 ἀγαθῶν.
1238 2656 1463 2708 ὐποίαν
1489 2654 1597 2726 γάρ
1618 2672 1704 2719 τις

119 2743 221 2796 καὶ
255 2743 389 2814 ὅσην
420 2744 678 2814 ὑπομένει
718 2746 816 2815 τὴν
843 2745 1068 2815 ζημίαν,
1105 2748 1204 2815 τῆς
1236 2750 1372 2817 πρὸς
1405 2745 1536 2800 Θεὸν
1569 2762 1707 2815 συμ-

121 2836 292 2902 φυω
346 2837 796 2906 ἀποκεκομμένος
849 2836 1037 2909 ὥσπερ
1098 2836 1187 2891 διὰ
1247 2837 1340 2889 τοῦ
1398 2838 1483 2907 ἐφ’
1536 2836 1571 2892 ἃ
1630 2836 1706 2908 μὴ

122 2927 410 2998 προσῆκεν
463 2929 529 2980 ὲκ
582 2927 856 2998 ῥᾳθυμίας
924 2928 1306 2999 παρολισθεῖν,
1383 2927 1704 3001 παρέδειξεν

125 3020 446 3088 ἀναγκαίως
482 3021 721 3073 ἐπειπών
743 3035 757 3050 ο
792 3040 810 3070 r
853 3018 1050 3083 Καθὼς
1085 3019 1146 3072 τὸ
1171 3020 1355 3091 κλῆμα
1393 3021 1451 3073 οὐ
1480 3020 1706 3073 δύναται

1802 2110 1949 2164 enim
1980 2119 2034 2166 et
2063 2120 2328 2181 quantam
2352 2113 2625 2183 jacturam
2662 2114 2918 2184 patiatur,
2952 2115 3116 2186 875
3161 2117 3254 2186 qui
3281 2131 3378 2187 per

1804 2201 2194 2272 negligentiam
2224 2203 2280 2258 in
2303 2202 2434 2259 vitia
2465 2205 2830 2274 prolabendo,
2862 2221 2893 2261 a
2926 2204 3019 2261 Dei
3052 2206 3378 2277 cognatione

1804 2290 2040 2361 quodam
2078 2291 2241 2348 modo
2267 2301 2519 2349 resectus
2556 2294 2745 2362 fuerit,
2774 2296 2989 2351 utiliter
3019 2296 3266 2355 ostendit
3292 2297 3379 2352 his

1803 2384 2026 2439 verbis:
2056 2403 2075 2435 ε
2120 2384 2272 2440 Sicut
2296 2386 2504 2455 palmes
2529 2402 2640 2442 non
2670 2396 2851 2457 potest
2890 2386 3035 2443 ferre
3066 2388 3306 2443 fructum
3348 2402 3381 2442 a

1806 2477 2124 2548 semetipso,
2159 2478 2265 2532 nisi
2299 2479 2566 2535 manserit
2614 2481 2667 2533 in
2714 2480 2824 2534 vite
2849 2520 2865 2544 ,
2900 2480 2979 2535 sic
3026 2495 3200 2549 neque
3240 2496 3339 2536 vos
3361 2522 3378 2547 ,

1805 2569 1914 2624 nisi
1942 2569 1998 2623 in
2037 2585 2122 2625 me
2161 2571 2502 2626 manseritis.
2536 2589 2556 2621 ι
2585 2567 2698 2625 Nisi
2744 2572 2891 2626 enim
2945 2572 3153 2641 palmes
3183 2587 3213 2625 a
3268 2572 3381 2627 vite

1807 2667 2071 2729 tanquam
2100 2674 2131 2712 a
2160 2666 2335 2715 matre
2365 2658 2641 2715 viviﬂcum
2679 2659 2962 2714 humorem
3010 2659 3211 2725 trahat,
3242 2676 3380 2731 quo-

1807 2752 1971 2807 modo
2019 2767 2179 2807 uvam
2231 2752 2429 2822 pariet,
2479 2759 2575 2805 aut
2617 2766 2812 2821 quem,
2846 2762 2900 2805 et
2940 2751 3087 2807 unde
3136 2752 3378 2807 fructum

1807 2840 1981 2895 edet?
2010 2838 2188 2895 Simili
2223 2841 2411 2910 itaque
2449 2840 2661 2896 ratione
2688 2841 2756 2895 de
2792 2841 2956 2895 nobis
2998 2857 3216 2912 quoque
3244 2843 3382 2913 ipsis

1807 2931 2017 2985 dictum
2069 2930 2367 3000 intelliges.
2420 2928 2615 2984 Nullus
2670 2930 2817 2984 enim
2876 2945 3113 3001 unquam
3160 2931 3381 2984 virtutis

1810 3022 2023 3088 fructus
2071 3022 2128 3075 in
2167 3021 2326 3076 nobis
2360 3021 2713 3090 germinabit,
2774 3021 2819 3077 si
2853 3022 3245 3091 conjunctione
3290 3023 3382 3076 illa

124 3111 318 3181 φέρειν
368 3110 579 3181 καρπὸν
610 3111 702 3177 ἀφ’
733 3111 970 3174 ἑαυτοῦ,
1026 3109 1120 3164 ἐὰν
1173 3111 1248 3181 μὴ
1309 3112 1468 3184 μείνῃ
1525 3113 1582 3163 ἐν
1637 3114 1701 3181 τῇ

1813 3127 1935 3168 cum
1968 3112 2187 3167 Christo
2212 3112 2600 3167 exciderimus.
2637 3111 2794 3177 Quod
2827 3113 2872 3168 si
2904 3111 3025 3181 ejus
3057 3113 3152 3182 qui
3184 3113 3382 3184 impin-

123 3201 395 3271 ἀμπέλῳ,
444 3201 615 3265 οὕτως
660 3202 779 3255 οὐδὲ
829 3203 1022 3273 ὑμεῖς,
1060 3204 1155 3255 ὲάν
1193 3202 1267 3275 μὴ
1301 3206 1358 3257 ἐν
1410 3204 1531 3274 ἐμοὶ
1584 3204 1704 3275 μεί-

125 3307 279 3362 νητε.
323 3312 341 3343 ι
374 3292 437 3344 Εἰ
491 3290 599 3362 γὰρ
644 3293 718 3364 μὴ
771 3292 885 3364 ἔχοι
937 3294 999 3347 τὸ
1064 3293 1249 3364 κλῆμα
1301 3293 1551 3366 καθάπερ
1600 3294 1708 3347 ἀπὸ

129 3382 341 3454 μητρὸς
371 3384 470 3453 τῆς
500 3384 744 3455 ἀμπέλου
797 3384 895 3456 τὴν
940 3383 1207 3450 ζωοποιὸν
1254 3385 1405 3457 αὺτῷ
1442 3403 1709 3457 χορηγου-

130 3475 302 3545 μένην
333 3475 555 3545 ἰκμάδα,
584 3475 699 3538 πῶς
731 3474 797 3529 ἂν
831 3477 1092 3539 ἀποτέκοι
1129 3476 1221 3530 τὸν
1256 3476 1470 3547 βότρυν,
1500 3478 1534 3549 ἢ
1562 3478 1705 3539 τίνα,

130 3566 229 3619 καὶ
256 3565 419 3619 πόθεν
460 3566 658 3631 ἐξοίσει
680 3567 948 3659 Ιίὰρπόνς
1001 3568 1306 3635 Ἀναλόγως
1350 3564 1443 3621 οὖν
1476 3568 1584 3639 ἄρα
1616 3570 1708 3622 καὶ

132 3658 217 3725 ἔφ’
257 3657 414 3727 ἡμῶν
444 3658 624 3712 αὐτῶν
652 3657 866 3727 νοήσεις
904 3659 965 3711 τὸ
994 3660 1307 3730 εἰρημένον.
1338 3660 1571 3730 Καρπδς
1599 3660 1707 3730 γάρ

130 3748 309 3811 οὐδεὶς
345 3752 404 3802 ὲν
456 3752 590 3819 ἡμῖν
628 3750 831 3821 ἀρετῆς
877 3750 1280 3823 ἀναὸλαστήσει
1332 3751 1461 3805 ποτὲ
1494 3751 1590 3821 τῆς
1627 3751 1708 3814 εἰς

132 3838 366 3910 Χριστὸν
396 3840 695 3908 συναφείας
724 3840 1164 3897 ἐκπεπτωκόσιν.
1210 3842 1627 3913 Ἐξηρτυμένοις
1645 3859 1708 3912 γε

137 3929 244 4000 μὴν
274 3930 367 3982 τοῦ
400 3932 784 3985 καταπιαίνειν
823 3932 1096 4001 ἰσχύοντος
1118 3974 1133 4000 ,
1182 3934 1277 3986 καὶ
1308 3933 1711 4005 ἀποτρέφοντος

134 4024 216 4085 εἰς
266 4023 584 4090 εὑσέσειαν,
643 4025 894 4097 καθάπερ
951 4026 1102 4080 ὓδατι
1165 4025 1448 4097 ζωοποιῷ,
1505 4030 1571 4099 τῇ
1618 4027 1709 4082 τοῦ

136 4113 453 4185 Πνεύματος
508 4117 745 4187 χορηγίᾳ
793 4118 891 4170 καὶ
944 4117 1167 4188 χάριτι,
1219 4117 1315 4172 καὶ
1360 4118 1419 4172 τὸ
1449 4117 1710 4173 δύνασθαι

135 4209 506 4278 καρποφορεῖν
544 4208 840 4278 προσέσται
880 4209 1100 4280 ῥᾳδίως.
1136 4209 1251 4263 Καὶ
1297 4206 1457 4262 τοῦτο
1495 4209 1648 4274 εἰδὼς
1682 4212 1711 4264 ὁ

135 4297 487 4368 Μονογενὴς,
529 4301 592 4352 ὲν
629 4299 981 4370 Εὑαγγελίοις
1023 4300 1237 4369 ἔλεγέν·
1277 4321 1295 4353 ι
1334 4302 1400 4355 ει
1428 4319 1512 4367 τις
1557 4303 1707 4375 διψᾷ,

135 4389 381 4460 ἐρχέσθω
416 4391 551 4462 πρός
604 4409 709 4462 με,
760 4394 857 4446 καὶ
907 4391 1130 4446 πινέτω.
1172 4411 1191 4444 ι
1248 4394 1313 4445 ’Ὀ
1357 4393 1452 4445 καὶ
1507 4394 1709 4466 σφόδρα

1812 3216 1978 3272 guare
2006 3209 2184 3271 potest
2217 3217 2283 3257 ac
2324 3203 2377 3256 in
2418 3203 2623 3272 pietate
2662 3204 2858 3269 nutrit,
2925 3203 3170 3274 Spiritus
3212 3206 3382 3276 largi-

1811 3294 1959 3348 tione
1986 3301 2040 3349 et
2069 3294 2245 3364 gratia
2275 3309 2375 3349 ceu
2399 3294 2547 3349 unda
2575 3295 2809 3364 quadam
2836 3294 3049 3351 viviilca
3078 3296 3235 3366 rigati
3264 3295 3381 3353 fue-

1811 3383 2002 3450 rimus,
2055 3384 2213 3438 facile
2259 3399 2481 3454 quoque
2535 3384 2642 3440 erit
2688 3382 2907 3442 fructus
2941 3384 3271 3457 producere.
3322 3386 3386 3460 Id

1811 3490 1933 3529 cum
1981 3476 2147 3530 sciret
2181 3476 2528 3546 Unigenitus,
2561 3475 2616 3529 in
2662 3474 2972 3547 Evangeliis
3024 3477 3203 3533 dixit:
3249 3496 3268 3531 ι
3317 3477 3392 3534 Si~

1811 3568 1935 3636 quis
1962 3567 2097 3631 sitit,
2128 3568 2314 3622 veniat
2345 3567 2413 3622 ad
2439 3583 2545 3632 me,
2584 3576 2640 3623 et
2688 3568 2836 3623 bibat
2864 3568 2932 3622 ⁸⁸.
2977 3587 2995 3620 ι
3044 3569 3200 3636 Quod
3235 3580 3382 3627 recte

1810 3673 2029 3729 quoque
2056 3657 2218 3712 nobis
2249 3657 2619 3727 interpretans
2650 3657 2874 3713 divinus
2898 3660 3260 3729 evangelista,
3296 3667 3381 3714 te.-

1810 3757 1987 3804 status
2015 3755 2098 3804 est
2132 3748 2361 3804 dicens:
2402 3767 2421 3800 ι
2467 3747 2582 3801 Hoc
2627 3754 2807 3802 autem
2852 3747 3008 3815 dixit,
3060 3747 3259 3819 inquit,
3313 3748 3381 3804 de

1813 3838 2044 3910 Spiritu,
2066 3854 2227 3909 quem
2257 3838 2540 3909 accepturi
2561 3838 3020 3894 erantcredentes
3045 3838 3096 3892 in
3121 3839 3324 3894 eum".
3354 3858 3373 3890 ›

1811 3932 1879 3987 Et
1932 3936 2049 4004 ipse
2104 3938 2368 4001 praeterea
2412 3931 2604 3987 beatus
2662 3929 2832 3985 David
2890 3932 3262 4001 precabatur,
3311 3932 3377 3985 ad

1812 4020 1979 4077 Deum
2010 4037 2074 4076 ac
2102 4022 2317 4078 Patrem
2351 4019 2646 4090 inquiens:
2683 4038 2703 4071 ι
2738 4019 3007 4086 Quoniam
3040 4020 3181 4090 apud
3217 4028 3269 4076 te
3297 4028 3381 4075 est

1815 4114 1937 4170 fons
1958 4115 2104 4178 vitae,
2122 4122 2177 4169 et
2198 4120 2443 4169 torrente
2467 4112 2767 4182 voluptatis
2792 4119 2898 4166 tum
2920 4111 3133 4181 potabis
3156 4126 3251 4167 eos
3265 4112 3330 4166 ".
3356 4130 3374 4162 ι

1813 4205 1961 4261 Fons
1992 4206 2139 4261 enim
2180 4205 2377 4261 divinae
2407 4204 2551 4269 vitae,
2589 4214 2643 4259 et
2685 4203 3017 4273 spiritalium
3056 4201 3379 4258 deliciarum

1814 4308 2030 4355 torrens
2062 4298 2283 4367 quinam
2330 4296 2643 4354 censendus
2682 4304 2767 4350 est
2817 4295 2959 4350 alius
2993 4309 3156 4364 quam
3209 4293 3383 4349 Filius

1813 4391 1907 4462 qui
1943 4392 2269 4461 impinguat,
2303 4397 2356 4445 et
2381 4388 2577 4461 irrigat
2610 4386 2826 4443 vivilica
2859 4396 2914 4443 et
2955 4385 3115 4440 hilari
3144 4383 3382 4454 Spiritus

137 4481 317 4546 καλῶς
355 4483 731 4556 διερμηνεύων
764 4485 895 4554 ἡμῖν
925 4485 954 4536 ὁ
995 4482 1438 4553 πνευματοφόρος
1476 4484 1705 4553 εὐαγγε-

1814 4484 2014 4555 gratia,
2047 4496 2155 4537 non
2188 4496 2351 4536 secus
2403 4494 2468 4534 ac
2497 4479 2750 4551 palmites
2807 4478 2855 4533 ei
2890 4477 3237 4533 adhaerentes
3285 4490 3381 4547 per

135 4573 343 4644 λιστὴς,
377 4573 781 4646 διεμαρτύρατο
804 4574 977 4643 λέγων
997 4588 1011 4602 ·
1050 4592 1068 4625 ι
1097 4573 1269 4626 Τοῦτο
1303 4571 1359 4624 δὲ
1385 4568 1525 4638 εἷπε,
1553 4576 1706 4645 φησι,

1814 4573 2140 4630 charitatem
2172 4586 2236 4625 ac
2270 4570 2451 4635 tidem,
2484 4577 2702 4625 nostras
2726 4568 2940 4622 animas

137 4664 265 4734 περὶ
291 4662 385 4716 τοῦ
407 4664 744 4735 Πνεύματος,
773 4658 833 4720 οὗ
886 4660 1111 4732 ἔμελλον
1166 4660 1465 4731 λαμϐάνειν
1519 4663 1567 4714 οἰ
1623 4665 1970 4727 πιστεύοντες
2004 4663 2084 4725 εἰς
2116 4661 2297 4715 αὐτόν.
2338 4679 2357 4713 ›
2395 4659 2505 4713 Καὶ
2532 4658 2694 4722 αὐτὸς
2741 4657 2799 4710 δὲ
2837 4655 2973 4727 πρὸς
3002 4654 3174 4724 τούτῳ
3215 4667 3381 4721 προσ-

138 4751 333 4823 ηύχετο
374 4752 550 4822 λέγων
586 4754 615 4806 δ
651 4752 920 4824 μακάριος
945 4751 1141 4816 Δαδὶδ,
1172 4752 1247 4815 ὡς
1284 4751 1421 4823 πρὸς
1450 4751 1585 4805 Θεὸν
1614 4757 1709 4808 καὶ
1742 4757 1998 4828 ῐιατέρα’
2046 4772 2064 4806 ι
2107 4753 2230 4805 ’Ὁτι
2270 4750 2421 4822 παρά
2459 4750 2541 4803 σοὶ
2574 4748 2725 4820 πηγὴ
2751 4747 2924 4818 ζωῆς,
2958 4746 3053 4799 καὶ
3113 4743 3204 4795 τὸν
3266 4756 3381 4813 xst-

141 4848 382 4920 μάρῤουν
424 4847 520 4916 τῆς
576 4846 785 4917 τρυφῆς
836 4848 1036 4908 ποτιεῖί
1086 4843 1302 4906 @5105;-
1350 4862 1368 4895 ι
1408 4843 1565 4915 Πηγὴ
1634 4846 1745 4919 γὰρ
1779 4848 1925 4919 ζωῆς
1999 4844 2147 4909 θείας
2190 4844 2284 4898 καὶ
2336 4842 2710 4912 πνευματικῆς
2756 4839 3088 4910 χειμάρρους
3144 4831 3381 4904 τρυφῆς.

136 4936 217 4999 τίς
249 4936 314 4989 ἂν
342 4936 529 5006 ἕτερος
562 4938 734 4988 νοοῖτο
773 4933 924 5006 παρά
956 4934 1047 4987 τὸν
1077 4933 1225 4997 Υἰδν,
1272 4931 1331 4995 ὃς
1358 4932 1709 4987 καταπιαίνει
1748 4953 1807 4989 τε
1832 4937 1926 4990 καὶ
1956 4934 2299 5007 καταρδεύει,
2330 4935 2395 5003 τῇ
2457 4928 2704 5000 ζωοποιῷ
2734 4930 2828 4983 καὶ
2868 4928 3027 4999 ἰλαρᾷ
3072 4925 3166 4981 τοῦ
3212 4925 3382 4980 Πνεύ-

138 5042 303 5091 ματος
355 5026 577 5097 χάριτι.
613 5024 865 5095 καθάπερ
939 5026 996 5076 ιν
1070 5021 1221 5087 τάξει
1273 5021 1570 5092 κλημάτων
1628 5027 2098 5095 προσπεφυκότων
2153 5024 2303 5095 αὑτῴ
2349 5024 2418 5077 δι’
2479 5023 2704 5091 ἀγάπης
2789 5020 2883 5073 καί¹
2935 5019 3175 5081 πίστεως
3210 5060 3229 5085 ,

133 5112 406 5184 ἡμετέρας
438 5110 633 5181 ψυχάς.

232 5202 359 5271 ETd)
406 5204 522 5270 εἰμι
563 5202 601 5268 ἠ
647 5201 934 5271 ἄμπελος,
965 5200 1134 5268 ὑμεῖς
1182 5201 1253 5254 τὰ
1291 5198 1584 5269 κλήματα.
1650 5198 1711 5251 '0

129 5295 325 5371 μένων
345 5294 415 5347 ἐν
434 5293 584 5363 ἐμοὶ,
607 5281 781 5362 κάγὼ
799 5294 868 5347 ἐν
891 5289 1071 5358 αὐτῷ,
1095 5287 1271 5358 οὗτος
1299 5293 1463 5362 φέρει
1479 5292 1711 5360 καρπὸν

134 5386 348 5446 πολύν
391 5385 478 5438 ὅτι
506 5384 679 5452 χωρίς
706 5384 851 5453 ἐμοῦ
884 5386 956 5437 οὐ
996 5383 1259 5437 δύνασθε
1291 5381 1482 5437 ποιεῖν
1507 5381 1705 5435 οὐδέν.

135 5474 257 5529 Ed?
276 5472 362 5544 μή
391 5491 477 5540 τις
495 5475 672 5542 μείνῃ
694 5474 763 5526 ἐν
799 5474 950 5543 ἐμοὶ,
974 5473 1200 5541 ἐϐλήθη
1217 5473 1332 5539 ἔξω
1353 5474 1432 5539 ὠς
1468 5473 1533 5527 τὸ
1562 5471 1706 5539 κλῆ-

128 5581 229 5633 μα,
256 5556 361 5618 ’καὶ
390 5563 708 5633 ὲξνιρὰνθηδ
740 5566 839 5618 καὶ
868 5565 1246 5635 συνάγουσιν
1282 5564 1461 5629 αὐτὸ,
1494 5564 1590 5618 καί
1618 5569 1705 5629 εἰς

133 5657 248 5725 πῦρ
270 5657 601 5721 βάλλουσι,
638 5656 733 5708 καί
756 5657 1002 5711 καίεται.

3283 5017 3381 5082 τάς

1890 5195 2003 5263 XV,
2047 5197 2098 5262 5,
2125 5196 2178 5251 6.
2205 5195 2317 5267 Ego
2347 5212 2463 5251 sum
2496 5196 2637 5261 ritis,
2675 5210 2762 5254 vos
2787 5194 3052 5267 palantes.
3078 5192 3182 5261 Qui
3210 5207 3385 5255 manet

1814 5290 1870 5343 in
1899 5307 1996 5353 me,
2024 5300 2075 5344 et
2103 5275 2279 5360 egoin
2313 5304 2394 5351 eo,
2443 5286 2526 5339 hic
2565 5285 2666 5354 fert
2697 5287 2932 5356 fructum
2970 5286 3232 5342 multum:
3259 5290 3384 5358 quis

1814 5383 1927 5435 sine
1958 5398 2036 5434 me
2065 5381 2199 5434 nihil
2221 5380 2435 5449 potestis
2459 5380 2651 5447 facere.
2691 5378 2749 5435 Si
2777 5379 2893 5450 quis
2922 5379 2976 5432 in
3002 5395 3209 5447 menon
3236 5396 3383 5433 man-

1814 5475 1960 5539 serit,
2008 5474 2244 5525 mittetur
2281 5474 2427 5542 foras
2475 5474 2609 5528 sicut
2661 5473 2883 5543 palmes,
2935 5480 2985 5526 et
3043 5480 3283 5525 arescet:
3336 5481 3384 5524 et

1814 5565 2061 5635 colligent
2091 5580 2230 5631 eum,
2264 5574 2312 5618 et
2342 5566 2395 5619 in
2428 5566 2597 5637 ignem
2639 5566 2869 5629 mittent,
2899 5570 2947 5617 et
2978 5560 3152 5614 ardet.

201 5749 265 5781 ’δ’
307 5748 325 5802 l
357 5748 484 5802 Cor.
518 5762 545 5799 κ
570 5787 583 5803 .
614 5746 698 5798 12.
776 5745 820 5777 ε’
862 5744 1015 5799 luan.
1053 5762 1145 5807 vn,
1177 5747 1267 5801 '57.
1347 5749 1389 5781 ³⁵
1430 5744 1560 5802 ibid.
1594 5744 1681 5798 39.

1839 5741 1984 5799 i‘sal.
2022 5757 2189 5808 xxxv,
2225 5743 2276 5797 9.

457 5839 730 5900 PATROL.
774 5841 887 5900 Gn.
920 5841 1188 5902 LXXIV.

2981 5828 3053 5893 12
