4056 6478
654 351 761 412 563
1683 348 1742 402 5,
1782 341 2054 403 CYRILLI
2084 338 2549 401 ALEXANDRINI
2574 338 2890 399 ARCHIEP.

725 477 929 545 Aperte
990 470 1256 527 Dominus
1315 477 1505 527 noster
1554 467 1718 528 Iesus
1783 472 2041 527 Christus
2095 469 2313 527 hancA

655 566 836 621 solum
866 565 938 620 ob
974 579 1198 619 causam
1251 564 1491 633 seipsum
1544 562 1767 633 quidem
1798 563 1962 617 vitem
2015 576 2230 615 nuncu—

658 667 843 726 patum
889 672 1013 713 esse
1058 659 1153 722 ait,
1187 664 1246 710 ut
1286 660 1434 709 clare
1478 669 1854 720 cerneremus,
1896 664 1949 708 et
1981 654 2230 724 corporis

659 751 1051 821 propemodum
1071 749 1245 804 oculis
1266 756 1526 818 tanquam
1549 747 1604 802 in
1629 746 1772 812 rudi,
1795 754 1848 802 et
1869 746 2141 810 sensibili,
2169 759 2233 799 ac

661 841 955 897 manifesto
989 841 1237 910 exemplo
1281 840 1746 911 perspiceremus,
1796 838 1865 893 ad
1918 838 2232 910 pariendum

3821 342 3924 398 πό

2423 485 2750 554 Ἀναφανδὸν
2782 484 2810 537 ὁ
2845 482 3048 555 Κύριος
3066 481 3269 553 Ἰησοῦς
3296 484 3323 536 ό
3344 482 3580 555 Χριστὸς
3609 482 3818 553 ταύτης
3846 503 3920 538 τοι

2332 579 2427 632 καὶ
2468 578 2637 650 μόνης
2676 573 2839 631 ἕνεκα
2887 579 2989 649 τῆς
3025 576 3237 641 αἰτίας,
3286 576 3528 647 ἄμπελον
3587 575 3692 647 μὶν
3742 576 3923 629 {cutim

2332 666 2753 740 κατωνομάσθαι
2784 670 2969 739 φησὶν,
3012 667 3153 739 ὑπὲρ
3184 666 3276 720 τοῦ
3302 667 3540 721 συνιέναι
3576 663 3790 733 σαφῶς,
3841 668 3926 735 μό-

2333 778 2422 814 νον
2447 761 2504 814 δὲ
2524 760 2644 830 οὐχὶ
2669 758 2762 813 καὶ⁵
2785 761 2897 822 τοῖς
2936 756 3032 811 τοῦ
3074 757 3323 828 σώματος
3351 756 3649 827 ὀφθαλμοῖς
3681 756 3927 819 κατιδεῖν,

2332 851 2408 915 ὡς
2453 853 2510 904 έν
2541 851 2707 920 παχεῖ
2734 866 2792 903 τε
2834 848 2927 902 καὶ
2963 847 3211 918 αἰσθητῷ
3239 848 3333 900 καὶ
3364 848 3652 915 φανοτάτῳ
3690 844 3815 897 λίαν
3835 862 3929 897 πα-

662 935 939 999 virtutem,
980 932 1299 1001 fructusque
1355 930 1635 1000 spiritales
1679 929 2070 1001 producendos
2113 926 2233 982 ido-

2353 942 2683 1013 παδείγματι,
2717 939 2792 1003 ὡς
2830 941 2942 1001 τοῖς
2980 938 3079 1009 μὲν
3128 935 3278 1007 αὐτῷ
3325 934 3721 1009 προσηλῶσθαι
3774 951 3965 995 σπωο,

661 1037 797 1077 neos
831 1022 955 1075 illos
989 1035 1132 1086 esse,
1184 1020 1279 1090 qui
1315 1021 1364 1075 ei
1405 1020 1684 1074 mordicus
1720 1019 1998 1075 adhaerere
2031 1027 2237 1074 statue-

2353 1032 2594 1097 ἰάζουσι,
2673 1030 2769 1085 καὶ
2842 1028 3013 1102 ἀπρὶξ
3086 1028 3360 1099 ἑλομένοις
3444 1024 3930 1096 προσπεφυκέναι,

660 1116 795 1181 rint,
832 1128 863 1168 a
886 1113 993 1168 vite
1021 1113 1282 1167 nimirum
1318 1122 1544 1183 accepta
1574 1113 1778 1167 virtute
1811 1112 1983 1184 876
2006 1110 2164 1181 quasi
2206 1126 2236 1165 a

2353 1122 2622 1194 περιέσται
2644 1119 2844 1184 καλῶς,
2871 1119 2931 1172 τὸ
2950 1118 3213 1172 δύνασθαί
3229 1135 3289 1171 τε
3309 1117 3400 1169 καὶ
3420 1115 3754 1185 ἐπιτηδείως
3781 1112 3931 1183 ἔχειν,

660 1212 855 1269 matre,
886 1210 946 1256 ut
981 1204 1147 1257 etiam
1175 1203 1395 1271 operari
1431 1202 1667 1272 possint.
1718 1201 1820 1268 Qui
1853 1217 1983 1256 vero
2021 1202 2090 1257 ab
2116 1201 2238 1269 ejus

2353 1212 2476 1284 πρὸς
2524 1211 2624 1283 τὴν
2677 1210 2778 1280 τῆς
2838 1208 3042 1280 ἀρετῆς
3098 1206 3438 1278 ἀποκύησιν,
3498 1206 3599 1258 καὶ
3653 1218 3936 1273 καρποςο-

658 1294 1059 1364 conjunctione
1094 1295 1269 1347 avulsi
1302 1292 1709 1364 quodammodo
1756 1302 1851 1347 aut
1879 1294 2080 1348 resecti
2112 1302 2240 1349 sunt

2353 1304 2461 1373 οίας
2488 1301 2881 1373 πνευματικῆς,
2902 1299 3343 1373 χορηγουμένους
3370 1296 3637 1368 δηλονότι,
3685 1293 3937 1363 καθάπερ

659 1388 1028 1444 conversione
1066 1387 1133 1441 ad
1172 1386 1323 1451 vitia,
1375 1394 1428 1441 et
1482 1387 1648 1440 vitam
1694 1384 1804 1440 Deo
1850 1386 2076 1439 minime
2127 1386 2238 1456 pla-

2353 1398 2405 1449 ὲκ
2437 1395 2641 1466 μητρός
2668 1393 2768 1463 τῆς
2808 1391 3077 1463 ἀμπέλου,
3110 1391 3211 1463 τὴν
3244 1389 3305 1456 ἐξ
3354 1388 3525 1458 αὖτῆς
3569 1385 3839 1455 δύναμιν,
3862 1385 3933 1448 είς

659 1494 897 1547 contem,
930 1480 1081 1534 nullo
1111 1479 1272 1533 modo
1296 1478 1362 1531 ad
1388 1478 1644 1532 virtutem
1675 1478 1853 1533 idonei
1880 1477 2236 1543 videbuntur,

2353 1486 2401 1539 τὸ
2425 1486 2683 1541 δύνασθαι
2732 1485 2826 1537 καὶ
2869 1484 3118 1555 ἐνεργεῖν
3150 1499 3165 1515 ν
3200 1484 3315 1546 τοῖς
3344 1498 3409 1551 γε
3454 1480 3564 1551 μὴν
3606 1479 3937 1547 ἀποσπωμέ-

663 1583 758 1630 aut
797 1576 1069 1629 bonorum
1106 1588 1333 1643 operum
1362 1572 1665 1627 claritatem
1701 1570 1934 1641 adipisci
1958 1580 2237 1641 poterunt,

2353 1596 2453 1641 νοις
2510 1577 2719 1649 ὥσπερ,
2776 1577 2895 1649 ήτοι
2938 1575 3413 1647 διακεκομμένοις,
3474 1574 3579 1643 τῆς
3637 1572 3727 1634 είς
3787 1570 3937 1624 αὑτὸν

666 1666 759 1722 sed
794 1666 1084 1720 omnivoro
1136 1664 1249 1734 igni
1298 1663 1590 1717 tradentur
1637 1670 1898 1732 tanquam
1936 1662 2239 1717 inevitabili

2353 1667 2836 1740 σχέσεωςδιάτοῦ
2914 1708 2928 1723 .
3011 1707 3026 1722 .
3108 1709 3121 1722 .
3202 1708 3217 1721 .
3296 1706 3310 1720 .
3388 1705 3405 1719 .
3485 1705 3499 1719 .
3582 1706 3599 1721 .
3683 1661 3938 1731 ,πρδςᾶ

666 1756 993 1811 necessitate
1043 1754 1428 1809 consumendi.
1477 1752 1632 1819 Quod
1667 1752 1814 1808 enim
1875 1752 1943 1806 ad
1978 1752 2236 1822 pietatem

2353 1762 2423 1833 μὴ
2467 1761 2599 1825 δεῖν,
2626 1761 2720 1815 καὶ
2749 1763 2828 1825 εἰς
2865 1760 3079 1831 ἀπῳδὸν
3129 1759 3207 1829 τῷ
3233 1756 3351 1827 Θεῷ
3379 1755 3692 1818 πολιτείαν,
3728 1754 3943 1824 οὐδεμία

667 1859 751 1905 est
783 1848 999 1908 inutile,
1046 1846 1228 1917 poenis
1262 1845 1477 1900 luendis
1526 1844 1932 1915 quodammodo
1974 1820 2061 1898 est
2120 1842 2243 1897 ido—

2353 1820 2447 1923 μέν
2471 1820 2702 1923 δύναμις
2739 1820 3110 1920 ἐποφθήσεται
3149 1820 3247 1919 τίῆς
3277 1820 3355 1910 είς
3397 1846 3600 1920 ἀρετὴν
3639 1820 3939 1911 ἐπιτηδειό-

668 1957 855 2007 neum,
883 1937 1341 2011 quemadmodum
1374 1952 1568 2007 nempe
1596 1945 1648 1991 et
1670 1936 1815 2005 quod
1843 1935 1899 1989 in
1927 1935 2244 2006 palmitibus

2353 1962 2525 2017 τητος,
2555 1944 2669 1998 ἀλλ’
2706 1943 2827 1997 οὐδὲ
2870 1943 2967 1996 τοῦ
2992 1941 3250 1997 δύνασθαι
3294 1943 3407 2003 τοῖς
3444 1940 3511 1992 ὲκ
3544 1938 3651 2007 τῆς
3674 1934 3944 2004 ἀγαθουρ-

668 2042 752 2089 est
802 2032 1039 2092 aridum,
1095 2029 1160 2084 ad
1204 2029 1386 2099 ignem
1432 2030 1609 2083 solum
1656 2036 1741 2081 est
1786 2026 1937 2080 utile.
1997 2024 2245 2092 Quorum

2353 2038 2472 2107 γίας
2521 2036 2842 2107 διαπρέπειν
2896 2036 3154 2105 καρποῖς,
3214 2032 3363 2086 ἔσται
3416 2031 3472 2085 δὲ
3509 2029 3747 2101 μᾶλλον,
3788 2027 3944 2091 digii

670 2124 936 2181 indicium
995 2131 1051 2178 et
1104 2130 1491 2193 argumentum
1540 2134 1734 2176 verum
1781 2126 1836 2173 et
1875 2117 2243 2172 indubitatum

671 2217 933 2287 accipies,
967 2230 1077 2269 non
1106 2214 1327 2283 quidem
1360 2212 1409 2267 si
1436 2219 1681 2267 veterum
1714 2219 2033 2267 sanctorum
2067 2208 2245 2280 capita

671 2307 960 2377 respicias,
994 2302 1089 2359 sed
1121 2302 1187 2357 ad
1221 2304 1371 2373 ipsos
1418 2308 1643 2356 sanctos
1683 2299 1961 2369 apostolos
2007 2306 2244 2352 mentem

672 2397 949 2452 advertas.
982 2393 1050 2448 Ili
1080 2395 1226 2449 enim
1246 2435 1260 2459 ,
1290 2393 1441 2447 nullo
1472 2392 1634 2447 modo
1664 2400 1847 2462 spreta
1874 2391 2081 2446 Christi
2111 2389 2248 2445 dile-

672 2489 888 2552 ctione,
933 2485 1028 2540 sed
1071 2491 1457 2555 permanentes
1512 2483 1567 2537 in
1616 2498 1715 2549 eo,
1766 2482 2016 2551 nihilque
2057 2480 2247 2551 pietati

670 2592 797 2651 erga
822 2592 948 2633 eum
978 2575 1405 2647 praeponendum
1433 2574 1537 2629 rati
1559 2573 1903 2629 celeberrimi
1933 2572 2061 2626 facti
2094 2580 2244 2635 sunt,

669 2673 1021 2741 fructumque
1054 2685 1169 2725 sua:
1200 2670 1418 2724 virtutis
1447 2668 1619 2723 totius
1644 2667 1795 2723 orbis
1828 2666 2245 2722 conversionem

667 2765 1041 2836 protulerunt,
1083 2769 1137 2817 et
1168 2760 1379 2831 seipsos
1421 2760 1526 2830 pia:
1578 2759 2023 2814 conversationis
2059 2771 2245 2814 exem-

668 2857 817 2927 plum
843 2870 941 2910 ceu
972 2854 1242 2909 illustrem
1274 2850 1568 2922 quamdam
1602 2850 1767 2907 terris
1796 2849 2091 2919 imaginem
2120 2864 2248 2917 pro-

669 2952 959 3017 ponentes,
993 2940 1509 2995 immarcescibilem
1546 2940 1733 3010 gloria:
1761 2953 1881 3008 quae
1908 2939 2049 3007 apud
2079 2937 2247 2992 Deum

669 3047 757 3093 est
794 3029 1059 3089 coronam
1094 3031 1200 3086 sibi
1258 3040 1594 3101 pepererunt
1615 3031 1681 3085 ³⁸.
1742 3029 1881 3085 Vilis
1917 3039 2099 3083 autem
2134 3029 2245 3095 ille,

2345 2130 2590 2198 ἀνάγκης
2633 2127 3006 2198 ἀπαραιτήτου
3053 2124 3256 2190 λοιπὸν,
3308 2123 3367 2176 τὸ
3412 2122 3615 2193 χρῆναι
3663 2120 3946 2189 παμφᾶγψ

2345 2218 2687 2275 δαπανᾶσθαι
2752 2218 2905 2288 πυρί.
2979 2217 3053 2271 Τὸ
3112 2218 3219 2286 γὰρ
3290 2215 3561 2286 ἄχρηστον
3648 2214 3738 2275 εἰς
3808 2212 3949 2264 εὐσέ-

2347 2313 2521 2379 ϐειαν,
2561 2311 2861 2382 ἐπιτήδειόν
2893 2326 3009 2373 πως
3054 2310 3132 2372 είς
3163 2310 3222 2362 τὸ
3274 2308 3429 2370 δίκας
3464 2304 3825 2359 ἀποτιννύειν
3867 2303 3949 2355 δο-

2348 2408 2455 2473 κεῖ,
2511 2403 2699 2475 ὥσπερ
2749 2398 2843 2456 οὖν
2873 2402 3065 2472 ἀμέλει
3110 2400 3202 2454 καί⁵
3234 2400 3294 2453 τὸ
3328 2398 3558 2453 αὐανθέν
3591 2399 3651 2449 ὲν
3682 2395 3947 2465 κλήμασι,

2351 2496 2496 2567 μόνῳ
2534 2495 2800 2566 χρήσιμον
2832 2492 2983 2546 ἔσται
3010 2490 3161 2562 πυρί.
3198 2489 3396 2553 Λάὁοις
3423 2488 3466 2542 δ*
3487 2488 3552 2542 ἂν
3580 2487 3692 2540 τῶν
3729 2487 3949 2558 εἰρημέ-

2345 2601 2454 2640 νων
2483 2583 2853 2656 ἀναμφίλογόν
2892 2601 2953 2637 τε
2977 2584 3069 2636 καὶ
3106 2581 3281 2653 ἀληθῆ
3312 2582 3409 2652 τὴν
3426 2579 3726 2644 ἀπόδειξιν,
3759 2579 3826 2630 οὗ
3858 2580 3950 2639 τὰς

2347 2677 2455 2730 τῶν
2551 2675 2795 2747 ἀρχαίων
2851 2674 3019 2743 ἁγίων
3094 2672 3599 2743 περισκοποῦμενος
3678 2670 3951 2738 κεφαλὰς,

2348 2769 2462 2824 ἀλλ’
2497 2768 2680 2831 αὐτοῖς
2706 2768 2934 2836 ἐπαφεὶς
2963 2765 3060 2837 τὴν
3082 2765 3318 2818 διάνοιαν
3354 2766 3465 2827 τοῖς
3501 2764 3676 2831 ἀγίοις
3712 2760 3953 2815 ἀποστό-

2348 2861 2480 2924 λοις.
2514 2861 2576 2913 Οἱ
2610 2860 2705 2929 μὲν
2733 2859 2842 2929 γὰρ
2862 2860 2960 2928 τῆς
2993 2860 3071 2920 εἰς
3097 2857 3328 2927 Χριστὸν
3358 2856 3577 2925 ἀγάπης
3608 2852 3736 2907 κατ’
3764 2853 3951 2905 οὸδενα

2348 2952 2547 3023 τρόπον
2595 2950 3052 3020 ὀλιγωρήσαντες,
3099 2946 3561 3018 διαμεμενηκότες
3590 2944 3647 2998 δὲ
3678 2946 3744 2997 ὲν
3783 2944 3854 2997 αὖ
3869 2960 3953 3011 ny,

2351 3043 2444 3095 καὶ
2486 3040 2647 3112 μηδὲν
2695 3039 2831 3102 ὅλως
2875 3036 3271 3108 προτάττεσθαι
3296 3036 3396 3101 τῆς
3452 3036 3533 3099 είς
3571 3034 3745 3088 αὑτὸν
3801 3034 3952 3087 εὐσε-

670 3135 725 3182 et
755 3126 961 3183 venalis
992 3123 1167 3179 Judas
1200 3123 1351 3177 tenui
1398 3122 1597 3178 lucello
1644 3131 1859 3193 captus,
1905 3122 1975 3176 ab
2031 3120 2247 3176 intelle-

2353 3132 2505 3195 δείας
2554 3131 2789 3201 οίόμενοι
2846 3129 2981 3193 δεῖν,
3050 3129 3303 3197 γεγόνασι
3367 3127 3738 3197 παναοίδιμοι·
3824 3143 3956 3196 καρ-

670 3218 841 3274 etuali
872 3217 1002 3282 vite,
1025 3214 1130 3269 hoc
1159 3221 1243 3269 est
1276 3212 1519 3276 Christo,
1541 3221 1814 3275 resectus,
1837 3210 2250 3282 quodammodo

671 3311 903 3375 exaruit,
936 3322 1044 3362 una
1070 3321 1197 3361 cum
1240 3305 1498 3374 discipuli
1532 3303 1828 3374 dignitate,
1863 3302 2082 3357 vivitica
2127 3298 2250 3372 Spi—

672 3405 815 3459 ritus
856 3400 1061 3455 amissa
1097 3397 1150 3452 vi
1191 3397 1478 3467 qualitate.
1518 3392 1688 3448 Foras
1717 3393 1867 3448 enim
1902 3392 2114 3462 eiectus
2141 3400 2247 3454 est,

667 3496 823 3566 juxta
858 3489 1173 3547 Servatoris
1213 3503 1404 3543 vocem
1444 3504 1459 3541 :
1496 3485 1842 3541 abalienatus
1889 3483 2090 3554 quippe
2143 3491 2248 3546 est,

674 3591 836 3654 atque
895 3579 1192 3635 ultricibus
1252 3576 1489 3631 ﬂammis
1539 3576 1715 3630 instar
1762 3574 1935 3643 palea:
1990 3572 2248 3626 traditus.

675 3672 894 3728 Utiliter
923 3671 1108 3740 itaque
1144 3669 1410 3723 Dominus
1440 3674 1633 3722 noster
1673 3664 1838 3721 Jesus
1866 3664 2123 3720 Christus
2151 3677 2251 3717 au-

674 3763 951 3819 ditoribus
982 3762 1101 3817 suis
1131 3758 1376 3816 ostendit
1406 3767 1612 3829 quanta
1662 3772 1762 3814 eos
1792 3756 1981 3812 laetitia
2036 3761 2253 3810 maneat

674 3856 769 3929 qui
800 3855 905 3911 sibi
936 3852 1215 3910 adhaerere
1244 3850 1494 3913 student,
1530 3857 1586 3904 et
1634 3855 1902 3920 quantum
1936 3854 2128 3902 contra
2165 3846 2254 3916 ja-

676 3959 865 4009 ctura,
913 3946 959 4000 si
1006 3944 1099 4015 qui
1149 3959 1177 3997 a
1219 3959 1277 3999 se
1324 3949 1687 4005 resecentur,
1735 3939 2010 4010 duplicem
2060 3938 2254 3994 salutis

675 4041 899 4094 modum
931 4036 1273 4105 excogitans.
1308 4033 1405 4090 Vel
1431 4034 1576 4090 enim
1608 4033 1797 4105 gloriae
1846 4047 1911 4087 ac
1942 4032 2064 4087 vitae
2094 4030 2253 4102 cupi-

678 4132 869 4195 ditate,
895 4130 977 4185 vel
1001 4129 1145 4199 ignis
1174 4128 1430 4199 supplicii
1472 4135 1621 4182 metu
1651 4140 1714 4181 ac
1748 4125 1897 4195 fuga,
1931 4131 2048 4179 toto
2082 4122 2254 4178 animi

679 4220 862 4279 studio
906 4222 955 4276 ei
1004 4218 1199 4275 fortius
1239 4219 1658 4289 conjungemur.
1705 4216 2026 4287 Agricolam
2067 4223 2251 4271 autem

678 4312 897 4368 Patrem
929 4312 1025 4376 ait,
1060 4320 1271 4366 natura;
1308 4311 1509 4366 divine
1544 4310 1948 4381 inspectionem
1984 4308 2039 4363 in
2069 4324 2172 4365 nos
2202 4316 2256 4364 et

679 4418 871 4459 curam
905 4403 1239 4468 attribuens,
1271 4400 1733 4473 quemadmodum
1766 4408 1822 4456 et
1861 4400 1918 4455 in
1947 4399 2254 4470 superiori-

602 4534 605 4535 ν
679 4495 785 4555 bus
825 4494 1004 4552 fusius
1039 4493 1561 4549 demonstravimus.
1595 4490 1777 4563 Ipsum
1800 4492 2004 4562 quippe
2030 4482 2330 4562 compe-D

678 4586 890 4643 riemus
920 4601 1042 4641 esse
1090 4584 1350 4656 agricola:
1391 4599 1637 4652 manum,
1683 4598 2032 4655 nequaquam
2079 4583 2148 4638 ab
2189 4599 2254 4637 eo

678 4678 925 4756 essentia
947 4678 1186 4733 alienam
1213 4692 1276 4731 ac
1298 4678 1572 4744 dissitam,
1598 4677 1691 4732 sed
1715 4693 1781 4733 ex
1807 4678 1928 4747 ipso
1951 4685 2005 4733 et
2027 4677 2083 4730 in
2113 4676 2252 4747 ipso,

681 4754 1142 4839 quemadmodum
1170 4779 1223 4824 et
1251 4768 1306 4823 in
1334 4768 1497 4823 nobis
1522 4767 1715 4823 videre
1749 4768 1897 4823 licet.
1922 4767 2075 4834 Quod
2109 4768 2253 4821 enim

682 4864 884 4913 cuncta
916 4857 1029 4913 sint
1060 4873 1159 4929 per
1182 4855 1384 4913 Filium
1406 4899 1421 4925 ,
1450 4858 1616 4930 quasi
1664 4873 1759 4929 per
1794 4872 2017 4912 manum
2056 4856 2252 4921 Patris,

679 4950 847 5031 .877
888 4949 1069 5020 ipsum
1101 4949 1169 5006 de
1202 4951 1479 5007 creaturis
1507 4951 1825 5019 loquentem
1866 4948 2034 5003 audi:
2070 4964 2090 5000 ι
2139 4948 2257 5003 Ma-

690 5056 801 5096 nus
834 5054 955 5095 mea
987 5040 1117 5096 fecit
1159 5040 1275 5096 haec
1307 5041 1494 5096 omnia
1514 5041 1599 5093 ":
1638 5041 1854 5092 tametsi
1894 5039 2077 5093 omnia
2114 5038 2255 5093 facta

682 5137 813 5185 sunt
842 5144 938 5201 per
963 5127 1192 5194 Filium,
1241 5129 1398 5198 juxta
1445 5137 1667 5183 sanctas
1713 5126 2113 5197 Scripturas”.
2149 5126 2257 5182 No-

680 5221 909 5276 tandum
966 5235 1100 5277 vero
1133 5220 1377 5276 divinum
1433 5218 1666 5274 Paulum
1696 5222 2059 5275 resectionem
2091 5237 2254 5292 quam

681 5311 772 5366 hic
826 5311 1229 5383 intelligimus,
1284 5310 1373 5367 his
1430 5311 1567 5367 forte
1614 5313 1800 5368 verbis
1874 5314 2253 5371 subinnuere:

689 5421 709 5452 ι
746 5397 883 5457 Vlde
916 5416 1048 5472 ergo
1074 5401 1375 5457 bonitatem
1414 5410 1468 5458 et
1496 5404 1843 5459 severitatem
1880 5402 2018 5461 Dei:
2058 5407 2114 5461 in
2158 5422 2257 5463 eos

686 5491 904 5563 quidem
935 5493 1030 5564 qui
1074 5493 1412 5559 ceciderunt,
1455 5495 1801 5553 severitatem
1827 5513 1841 5527 ο
1875 5498 1931 5553 in
1972 5508 2025 5553 te
2073 5507 2254 5554 autem

753 5754 800 5787 "
835 5753 855 5809 ι
886 5752 1035 5809 Pctr.
1062 5770 1113 5819 v,
1152 5754 1187 5810 4
1263 5757 1305 5789 ⁸³
1344 5756 1448 5814 Isa.
1480 5776 1637 5829 uvt,
1674 5762 1727 5818 2.
1806 5760 1849 5796 ³⁸
1891 5760 2047 5817 Ioan.
2088 5779 2147 5831 ι,
2180 5764 2234 5818 3.

2352 3223 2453 3277 πδν
2474 3222 2530 3276 δὲ
2577 3223 2676 3292 τῆς
2714 3221 2923 3275 ἑαυτῶν
2970 3220 3168 3293 ἀρετῆς
3215 3219 3422 3287 ἔδειξαν
3454 3219 3551 3290 τὴν
3593 3218 3952 3288 οἰκουμένην,

2350 3316 2445 3368 καὶ
2472 3313 2717 3382 φιλοθέου
2754 3311 3029 3376 πολιτείας
3058 3311 3442 3383 ὑπογραμμὸν,
3473 3310 3542 3364 τά
3569 3309 3690 3364 καθ’
3722 3310 3956 3370 ἑαυτοὺς

2351 3406 2662 3471 ἀναθέντες,
2723 3405 2975 3477 καθάπερ
3032 3406 3217 3459 εἰκόνα
3276 3408 3341 3476 τῇ
3393 3404 3603 3475 ὕφηλίῳ
3655 3402 3953 3475 λαμπρὰν,

2352 3498 2442 3551 τὸν
2503 3498 2819 3567 ἀμάραντον
2870 3496 2970 3566 τῆς
3029 3496 3179 3568 παρά
3247 3495 3367 3568 Θεῷ
3424 3496 3581 3566 δόξης
3625 3494 3957 3548 ένεδύσαντο

2355 3588 2635 3657 στέφανον.
2670 3587 2732 3641 '0
2762 3588 2818 3641 δὲ
2879 3590 3097 3659 μικροῖς
3129 3588 3414 3659 ἀργυρίοις
3469 3585 3846 3656 σαγηνευθεὶς
3885 3587 3957 3649 είς

2354 3678 2649 3744 ἀπώλειαν,
2703 3678 2846 3750 φημὶ
2890 3677 2947 3731 δὲ
2985 3679 3076 3731 τὸν
3120 3678 3320 3749 εὐχερῆ
3376 3694 3435 3731 τε
3464 3678 3559 3730 καὶ
3612 3676 3957 3730 εὐωνότατον
4046 3669 4056 3695 ¹

2368 3768 2586 3833 Ἰούδαν,
2666 3766 3006 3839 ἀποτμηθεὶς
3087 3766 3189 3836 τῆς
3249 3765 3499 3837 ἀμπέλου
3562 3764 3661 3835 τῆς
3727 3765 3955 3834 νοητῆς.

2353 3859 2500 3914 τοῦτ’
2532 3860 2647 3915 ἐστι
2712 3859 2971 3932 Χριστοῦ,
3026 3858 3403 3931 κατεξηράνθη
3438 3857 3635 3929 τρόπον
3680 3856 3843 3923 τινὰ,
3886 3856 3957 3925 τῷ

2354 3950 2455 4020 τῆς
2487 3949 2787 4021 μαθητείας
2808 3949 3099 4021 ἀξιώματι,
3126 3951 3222 4004 καὶ
3243 3950 3341 4021 τὴν
3369 3948 3630 4012 ζωοποιὸν
3651 3948 3748 4001 τοῦ
3788 3948 3955 4002 πνεό-

2360 4057 2531 4111 ματος
2582 4041 2846 4111 ποιότητα
2896 4039 3309 4095 συναποὸαλών.
3346 4038 3611 4109 Βέδληται
3672 4036 3792 4109 γάρ
3839 4037 3955 4101 ἔξω,

2356 4132 2499 4186 κατά
2528 4130 2627 4203 τὴν
2659 4130 2752 4185 τοῦ
2792 4131 3047 4202 Σωτῆρος
3092 4134 3296 4201 φωνήψ
3351 4128 3795 4201 ἀπηλλοτρίωται
3830 4128 3955 4199 γὰρ,

2355 4227 2450 4280 καὶ
2478 4227 2614 4297 πυρὶ
2668 4224 2746 4297 τῷ
2799 4224 3079 4297 κολάζοντι
3128 4222 3395 4294 συρφετοῦ
3454 4219 3727 4293 παρεδόθη
3776 4220 3956 4289 δίκην.

2356 4287 2657 4390 Χρησίμως
2716 4287 2814 4370 οὖν
3029 4316 3142 4376 τοῖς
3201 4287 3589 4385 ἀκροωμένοις
3652 4312 3680 4363 ό
3714 4287 3956 4379 ῨΚύριος

2357 4410 2517 4487 ήμῶν
2561 4407 2767 4481 Ἰησοῦς
2800 4409 2828 4461 ό
2863 4407 3125 4477 Χριστὸς,
3165 4406 3265 4477 τήν
3306 4422 3365 4458 τε
3427 4405 3491 4457 ἑκ
3533 4402 3629 4457 τοῦ
3670 4402 3953 4473 προσηλῶ-

2361 4502 2483 4556 σθαι
2526 4499 2844 4565 σπουδάζειν
2884 4500 3031 4569 αὐτῷ
3061 4496 3374 4570 παρέδειξεν
3419 4496 3701 4567 εὐθυμίαν,
3725 4497 3837 4549 καὶ
3864 4496 3956 4563 τὴν

2361 4595 2424 4646 ὲκ
2453 4593 2546 4647 τοῦ
2576 4594 2966 4663 παρακοπῆναι
2995 4588 3198 4660 ζημίαν
3248 4587 3691 4657 ἁντιπαρίστησι,
3727 4584 3954 4637 διπλοῦν

2360 4686 2655 4755 ἐπινοήσας
2683 4683 2782 4753 τῆς
2820 4682 3088 4752 σωτηρίας
3118 4680 3208 4733 τὸν
3236 4679 3454 4749 τρόπον.
3513 4678 3585 4731 Ἢ
3617 4677 3723 4747 γὰρ
3770 4676 3952 4745 ἐφέσει

2361 4775 2426 4844 τῇ
2492 4773 2629 4843 πρὸς
2686 4771 2842 4836 δόξαν
2908 4769 3089 4841 ὁρώσῃ
3140 4771 3235 4823 καὶ
3288 4767 3452 4837 ζωὴν,
3507 4768 3674 4837 ἤγουν
3714 4765 3783 4818 τὸ
3832 4767 3952 4835 πυρὶ

2362 4863 2689 4927 κολάζεσθαι
2762 4862 3186 4934 παραιτούμενοι
3232 4859 3331 4928 τῆς
3398 4860 3533 4929 πρὸς
3593 4856 3756 4910 αὐτὸν
3837 4873 3950 4909 ow-

2362 4956 2560 5026 αφείας
2597 4953 2876 5025 ὁλοκλήρῳ
2930 4952 3010 5024 τῷ
3050 4953 3146 5022 τῆς
3192 4951 3433 5014 διανοίας
3488 4951 3624 5019 τόνῳ
3676 4946 3940 5002 σπουδαιό

2362 5063 2522 5117 τερον
2550 5044 2869 5115 ἀνεξόμεθα.
2902 5043 3153 5115 Γεωργδν
3205 5041 3263 5095 δέ
3302 5057 3435 5114 φησι
3466 5041 3558 5093 τὸν
3609 5036 3856 5111 Πατέρα,
3886 5039 3953 5105 τῇ

2366 5136 2484 5208 Θείᾳ
2530 5136 2689 5205 φύσει
2741 5136 2915 5199 διδοὺς
2969 5134 3079 5189 τῶν
3124 5133 3247 5188 καθ’
3288 5134 3437 5205 ήμᾶς
3490 5131 3591 5203 τὴν
3638 5126 3954 5198 ἐπίσκεψιν,

2366 5225 2510 5280 καθά
2535 5228 2631 5280 καὶ
2660 5228 2716 5278 ἐν
2763 5227 2875 5289 τοῖς
2912 5224 3171 5297 ἀνωτέρω
3210 5223 3299 5277 διά
3331 5221 3540 5276 πολλῶν
3573 5222 3703 5293 ἡμῖν
3730 5219 3947 5272 ἀπεδεί-

2364 5316 2467 5388 χθη
2513 5316 2705 5387 λόγων.
2758 5316 3128 5387 Εὑρεθήσεται
3172 5314 3278 5385 γάρ
3329 5313 3591 5382 ὑπάρχων
3638 5307 3807 5372 αὐτὸς
3863 5304 3953 5360 τος

2364 5409 2732 5481 γεωργοῦντος
2761 5411 2795 5479 ή
2822 5410 2963 5480 χεὶρ,
2994 5409 3089 5479 οὔχ
3117 5406 3279 5478 έτέρα
3303 5404 3432 5476 παρ’
3472 5404 3631 5459 αὑτὸν
3660 5401 3949 5471 νοουμένη,

2364 5500 2505 5558 κατὰ
2539 5517 2602 5572 γε
2629 5500 2689 5557 τδ
2721 5500 3003 5576 ὁμοούσιον
3033 5491 3126 5555 καὶ
3158 5498 3216 5567 ἐξ
3248 5494 3413 5552 αὐτοῦ
3473 5512 3533 5550 τε
3568 5494 3662 5550 καὶ
3687 5494 3744 5548 έν
3776 5490 3949 5562 αὐτῷ,
