4056 6474
47 382 143 445 ωε
942 424 944 427 τ
1098 382 1169 439 IN
1206 379 1491 443 JOANNIS
1524 384 1626 442 svi

1725 380 1975 445 GELIUM
2016 388 2146 445 LIB.
2183 388 2255 444 Χ.
3200 400 3308 457 566

49 497 290 570 καθάπερ
333 492 439 554 οὖν
487 497 603 553 ἐστι
657 497 751 552 καὶ
774 499 859 569 ἐφ’
914 500 1071 572 ἡμῶν
1122 500 1297 567 οὕτως
1325 502 1449 574 ἕχον
1479 504 1626 558 ίδετνι

1737 504 2046 561 bonitatem
2089 505 2211 569 Dei,
2243 508 2292 565 si
2346 511 2720 579 permanseris
2767 512 2821 569 in
2856 514 3143 575 bonitate:
3174 520 3312 576 alio-

48 592 167 643 Ὀτι
200 588 308 661 γὰρ
331 591 405 643 δι’
431 587 558 642 Υίοῦ
581 588 654 644 τὰ
684 591 881 656 πάντα,
914 590 1165 664 καθάπερ
1193 592 1285 646 διὰ
1319 595 1501 665 χειρὸς
1529 593 1623 647 τοῦ

1736 598 1868 666 quin
1898 604 1953 651 et
1983 607 2039 653 tu
2073 600 2430 658 excideris“.
2470 623 2490 654 ι

46 681 454 754 Πατρὸς,αύτοῦ
475 679 723 750 λέγοντος
753 683 983 736 ἄκουσον
999 681 1128 755 περὶ
1153 684 1261 737 τῶν
1294 687 1625 755 κτισμάτων·
1674 705 1694 739 ι
1738 687 1804 741 Ἦ
1849 689 1970 760 χείρ
2021 706 2122 761 μου
2155 693 2376 765 ἐποίησε
2430 696 2602 751 ταῦτα
2637 697 2833 764 πάντα,
2875 717 2896 753 ι
2977 704 3154 758 καίτοι
3202 706 3312 759 τῶν

47 778 255 832 πάντων
285 777 589 846 γεγονότων
618 776 688 831 δι’
714 778 865 843 Υίοῢ,
894 780 1035 835 κατὰ
1088 781 1188 844 τὰς
1220 782 1381 849 ἁγίας
1443 783 1686 855 Γραφάς.
1723 786 2069 856 Σημειωτέον
2101 790 2182 856 δὲ,
2212 789 2294 843 ὅτι
2322 791 2412 844 καὶ
2446 793 2475 844 ό
2517 791 2798 858 θεσπέσιος
2832 794 3063 862 Παῦλος,
3101 796 3197 868 τὴν
3229 798 3319 850 ὲνσ

49 872 163 926 θάδε
193 869 491 941 νοουμένην
526 871 660 941 ἡμῖν
687 870 1060 926 ὑπαινίττεται
1096 875 1290 945 τομὴν,
1338 877 1385 928 εί
1420 878 1511 929 καὶ
1552 877 1627 949 μὴ
1666 878 1743 942 ὡς
1771 876 2016 950 ἄμπελον
2052 881 2161 954 [Ion
2186 883 2456 957 ἀμπέλου]
2487 887 2667 956 τυχὸν,
2702 887 2845 943 οὕτω
2882 889 3076 958 λέγων·
3132 908 3150 943 ι
3200 888 3306 942 Ἴδε

48 960 131 1017 οὖν
197 962 543 1033 χρηστότητα
591 962 685 1016 καὶ
737 963 1040 1036 ἀποτομίαν
1075 966 1233 1020 Θεοῦο
1293 968 1385 1023 ἐπὶ
1435 969 1535 1039 μὲν
1561 971 1689 1034 τοὺς
1722 974 1984 1039 πεσόντας
2040 977 2365 1048 ἀποτομίαν,
2430 980 2521 1033 ἐπὶ
2580 980 2637 1035 δὲ
2697 982 2755 1036 σὲ
2799 984 3163 1055 χρηστότητα,
3212 983 3309 1039 ἐὰν

49 1056 320 1129 ὲπιμείνης
358 1058 428 1127 τῇ
470 1056 799 1129 χρηστότητι
837 1076 853 1092 ·
878 1059 1004 1113 ἐπεὶ
1041 1061 1228 1117 καὶσὺ
1256 1064 1559 1137 ἐκκοπήσῃ.
1602 1084 1621 1118 ι

122 1148 249 1202 Ἐὰν
294 1145 538 1217 μείνητε
563 1151 635 1205 ἐν
664 1151 814 1220 ἐμοὶ,
870 1153 969 1207 καί
999 1152 1073 1209 τὰ
1114 1155 1357 1224 ῥήματά
1384 1175 1504 1227 μου
1560 1159 1633 1213 ἐν

50 1239 177 1311 ὑμῖν
192 1241 392 1309 μείνῃ,
420 1241 452 1295 ὃ
486 1242 595 1296 ἐὰν
624 1245 840 1313 θέλητε
875 1246 1223 1316 αἰτήσεσθε,
1257 1250 1353 1303 καί
1384 1249 1632 1321 γενήσει

52 1350 131 1387 ται
149 1331 306 1401 ὑμῖν.

119 1424 293 1489 Ῥίζαν
324 1423 551 1479 ἔσεσθαί
577 1444 741 1498 φησιν
769 1429 1059 1499 εὐμενείας
1086 1432 1269 1497 αὐτοῖς
1294 1433 1394 1505 τῆς
1425 1435 1630 1492 ἀνωτά-

52 1535 132 1580 τω,
171 1517 230 1570 τὺ
258 1518 695 1587 προσκολλᾶσθαι
720 1521 896 1590 φιλεῖν
941 1522 1292 1595 ἀδιατμήτως
1315 1527 1487 1597 αὐτῷ,
1532 1528 1629 1583 καὶ

54 1607 317 1675 φυλάττειν
407 1609 469 1662 ὲν
539 1608 640 1680 νῷ,
713 1613 967 1684 καθάπερ
1034 1615 1155 1670 τινὰ
1233 1621 1629 1693 παρακαταθη-

58 1716 143 1768 κην
170 1698 311 1751 θείαν
332 1715 392 1753 τε
423 1701 523 1755 καὶ
570 1705 968 1778 πνευματικὴν,
1019 1706 1116 1780 τὴν
1148 1712 1626 1784 ἀκραιφνεστάτην

53 1790 145 1841 τῶν
168 1790 531 1858 εὐαγγελικῶν
549 1795 953 1865 παιδευμάτων,
989 1800 1085 1853 κα)⁵
1112 1798 1220 1854 τῶν
1235 1802 1327 1854 ἐπὶ
1343 1807 1410 1874 τῇ
1436 1804 1621 1858 πίστει

55 1879 308 1948 δογμάτων
334 1880 435 1952 τὴν
458 1882 632 1955 ἀληθῆ
657 1902 715 1938 τε
742 1885 911 1950 ὅντως
941 1884 1245 1955 παίδευσιν,
1272 1893 1363 1947 καὶ
1388 1892 1619 1965 εἰλικρι-

1803 1151 1922 1218 XV,
1952 1154 2003 1209 7.
2042 1154 2102 1210 Si
2134 1158 2438 1212 manseritis
2466 1160 2518 1214 in
2556 1178 2658 1225 me,
2698 1173 2748 1218 et
2785 1167 2939 1220 verba
2983 1185 3100 1225 mea
3131 1171 3186 1225 in
3218 1189 3307 1228 vo-

1716 1244 1807 1300 ‘bis
1839 1247 2152 1313 manserint,
2192 1248 2536 1320 quodcunque
2561 1253 2832 1311 volueritis
2888 1262 3096 1329 petatis,
3121 1272 3173 1318 et
3212 1264 3307 1336 ﬁet

1727 1339 1889 1395 vobis.

1796 1428 2061 1488 Radicem
2089 1434 2168 1490 eis
2214 1451 2468 1507 superna:
2516 1437 2915 1497 benevolentiae
2951 1443 3069 1501 fore
3114 1448 3212 1513 ait,
3253 1449 3302 1505 si

1728 1518 1835 1576 sibi
1868 1521 2313 1595 inseparabiliter
2364 1528 2702 1596 adhaereant,
2750 1541 2805 1587 et
2852 1533 2907 1588 in
2939 1536 3125 1592 animo
3168 1554 3305 1595 con-

1725 1621 1949 1669 servent
1991 1614 2240 1671 divinum
2282 1619 2451 1674 veluti
2485 1622 2762 1692 quoddam
2800 1638 2866 1679 ac
2915 1626 3163 1696 spiritale
3207 1628 3305 1684 de-

1720 1704 1988 1774 positum,
2013 1707 2364 1777 purissimam
2391 1725 2593 1784 nempe
2624 1715 2954 1785 evangelica
2987 1718 3300 1790 disciplina:

1720 1803 1777 1851 et
1822 1810 2009 1852 veram
2045 1798 2169 1855 ﬁdei
2209 1800 2528 1873 dogmatum
2564 1805 2897 1875 doctrinam,
2952 1825 3017 1866 ac
3064 1813 3300 1870 sinceris

1719 1886 2149 1957 cogitationibus
2188 1893 2481 1951 munitam.
2543 1896 2603 1951 In
2650 1896 2737 1952 his
2785 1900 2930 1954 enim
2989 1901 3300 1962 Servatoris

56 1971 179 2023 νέσιν
224 1971 454 2034 ἐννοίαις
493 1978 989 2050 κατωχυρωμένην.
1037 1982 1124 2034 Ἐν
1175 1983 1284 2055 γὰρ
1317 1984 1381 2056 δὴ
1408 1962 1621 2049 τούτοις

1725 1980 1900 2035 omnis
1939 1994 2123 2037 sermo
2164 1992 2440 2054 versatur,
2489 1986 2538 2042 si
2597 1985 3017 2059 Evangeliorum
3069 2009 3298 2066 scopum

58 2064 169 2131 ἡμῖν
193 2061 399 2133 σύμπας
448 2064 517 2118 ἂν
548 2066 634 2135 είη
679 2068 773 2122 τοῦ
805 2071 1057 2143 Σωτῆρος
1085 2074 1114 2126 ό
1159 2073 1338 2143 λόγος,
1368 2078 1416 2129 εί
1443 2078 1534 2130 τὸν
1561 2077 1618 2132 ὲν

56 2157 149 2215 τοῖς
202 2152 549 2222 Εὐαγγελίοις
602 2160 974 2233 περιαθρῆσαι
1036 2166 1237 2219 σκοπὸν
1296 2167 1617 2241 θελησομεν.

59 2244 120 2297 Τὸ
144 2246 238 2316 γὰρ
278 2249 389 2309 τοῖς
440 2248 688 2303 αίτοῦσιν
729 2251 995 2324 ἀμελλητὶ
1030 2254 1306 2329 διανέμειν
1347 2259 1416 2313 τά
1440 2261 1623 2331 ἀγαθά

58 2335 567 2403 κατεπαγγέλλεσθαι
614 2339 703 2393 τὸν
732 2342 985 2412 Χριστὸν,
1037 2346 1153 2411 πῶς
1182 2349 1301 2419 οὐχὶ
1330 2349 1490 2404 τοῦτο
1525 2352 1621 2406 καὶ

64 2425 185 2494 μάλα
211 2426 387 2497 σαφῶς
433 2430 740 2498 ἐγγυᾶσθαι
766 2435 1047 2507 φήσομεν;
1074 2439 1138 2492 Τί
1171 2439 1228 2493 δὲ
1259 2440 1322 2509 δὴ
1372 2439 1621 2512 βούλεται

65 2517 178 2587 πρὸς
201 2519 391 2583 τούτοις
417 2522 556 2591 ἡμῖν
594 2525 690 2576 καὶ
756 2526 851 2579 τοῦ
891 2527 1050 2597 λόγου
1077 2530 1138 2583 τὸ
1173 2532 1418 2603 ἀκριῦὲς,
1467 2536 1622 2605 ἐρευ-

63 2608 196 2677 νῆσαι
219 2610 319 2665 δεῖν
356 2612 751 2685 ὑπολαμϐάνω.
789 2636 811 2668 σ
877 2620 1002 2675 Ἐὰν
1048 2622 1291 2695 μείνητε,
1329 2626 1513 2696 φησὶν,
1562 2629 1620 2681 ἐν

62 2700 163 2767 ἐμοὶ
190 2702 270 2754 καὶ
295 2702 362 2756 τὰ
392 2706 624 2776 ῥήματά
652 2725 752 2778 μου
798 2709 856 2762 ὲν
886 2712 1015 2782 ὑμῖν
1053 2712 1232 2786 μείνῃ,
1262 2713 1292 2767 δ
1330 2715 1425 2769 ἐὰν
1456 2716 1619 2789 θέλη-

62 2807 110 2844 τε
150 2794 445 2865 αἰτήσεσθε,
502 2800 596 2853 καὶ
644 2802 936 2870 γενήσεται
985 2804 1133 2874 ὑμῖν.
1166 2823 1185 2856 ι
1232 2806 1481 2875 Ἐφικτὺν
1513 2809 1622 2881 γὰρ

64 2884 173 2948 ὅλως
199 2887 304 2958 δοίη
330 2906 411 2952 τις
450 2889 519 2943 ἂν
571 2891 631 2945 τὸ
672 2893 853 2963 μένειν
880 2896 938 2947 ἑν
969 2896 1192 2968 Χριστῷ
1232 2896 1511 2966 δύνασθαι,
1547 2901 1621 2972 μὴ

67 2975 151 3046 μὴν
167 2976 294 3047 ἔχειν
329 2982 384 3033 ὲν
424 2981 609 3053 ἑαυτῷ
652 2985 746 3038 καὶ
774 2987 900 3050 τοὺς
928 2986 1095 3040 αὑτοῦ
1130 2987 1340 3056 λόγους·
1371 2990 1478 3044 Ναὶ
1532 2992 1618 3064 δὴν

67 3071 192 3134 φαῖεν
230 3070 331 3141 γὰρ
374 3071 445 3125 ἂν
482 3075 710 3139 εἰκότως
739 3077 789 3129 oi
832 3078 1094 3148 φρονήσει
1143 3079 1618 3154 διαπρεπέστεροι.

69 3162 420 3232 Διαμεμνὴσθω
447 3165 603 3237 γάρὸ
627 3167 904 3238 φιλήκοος,
925 3171 1008 3223 ὅτι
1030 3170 1123 3224 τὸν
1152 3170 1252 3242 τῆς
1281 3175 1363 3237 είς
1386 3174 1622 3246 Χριστὸν

70 3253 247 3324 ἀγάπης
276 3255 691 3328 διερευνώμενοι
730 3259 951 3332 τρόπον,
998 3260 1083 3325 τίς
1116 3279 1174 3316 τε
1202 3263 1309 3335 εἴη,
1334 3265 1429 3319 καὶ
1472 3267 1619 3331 ὅπως
1644 3305 1690 3363 c

71 3343 123 3398 ὃν
184 3345 378 3414 γένοιτο
448 3351 632 3415 καλῶς
696 3353 1105 3424 δοκιμάζοντες,
1179 3355 1361 3426 διττὴν
1433 3358 1619 3428 ἐλέγο-

72 3454 151 3507 μεν
182 3438 309 3510 ἔχειν
335 3442 480 3507 όδδν,
507 3444 650 3513 φημὶ
680 3443 737 3498 δὲ
762 3445 861 3515 τὴν
875 3444 967 3498 διὰ
992 3446 1253 3511 πίστεως,
1282 3448 1382 3518 τῆς
1410 3450 1551 3504 κατά
1568 3466 1622 3504 τι

71 3528 174 3596 γοῦν
197 3533 508 3587 άνυπαιτίου
566 3535 865 3601 παντελῶς,
917 3537 1013 3591 καὶ
1043 3537 1143 3609 τῆς
1171 3540 1290 3592 κατ’
1344 3541 1624 3613 ἐνέργειαν

73 3625 357 3695 πρακτικῆς,
401 3626 439 3696 ἢ
492 3627 587 3681 καὶ
614 3627 703 3685 διὰ
748 3627 849 3698 τῆς
882 3628 1209 3700 εἰλικρινοῦς
1231 3631 1450 3703 ἀγάπης
1482 3649 1623 3704 παρ-

76 3714 375 3783 ιιοκρίνεται.
448 3718 639 3787 Ἐχειν
665 3718 720 3772 δὲ
783 3718 958 3785 οὕτως
1006 3723 1139 3792 ἡμῖν
1170 3726 1624 3794 πεπιστευμένων

74 3804 162 3857 τῶν
187 3806 363 3876 λόγων,
415 3809 473 3862 oi
505 3809 602 3879 μὲν
632 3808 692 3862 οὐ
736 3810 856 3865 λίαν
907 3810 1127 3883 ἀσφαλῆ
1175 3812 1270 3867 καὶ
1296 3813 1623 3869 εὐκάθεκτον

76 3895 146 3949 τὸν
161 3900 246 3969 τῆς
267 3900 584 3970 συναφείας,
607 3900 726 3971 ἦτοι
747 3901 845 3972 τῆς
862 3902 1196 3974 οἰκειότητος
1212 3903 1622 3975 ἐπιτηδεύοντες

77 3988 259 4057 τρόπον,
299 3991 463 4063 ψιλὴν
494 3991 591 4062 τὴν
632 3993 691 4045 ὲν
722 3992 900 4060 λόγοις
955 3993 1385 4066 ὁμολογήσαντες
1418 3995 1621 4062 πίστιν,
1660 4072 1673 4083 .

76 4080 228 4149 τήνγε
278 4082 378 4153 μὴν
403 4083 499 4137 διὰ
536 4081 645 4135 τῶν
693 4082 1134 4155 κατορθωμάτων
1180 4088 1259 4149 είς
1309 4086 1624 4159 τελειότητα

83 4174 412 4245 μορφουμὲνην
485 4174 706 4242 ἀγάπην
761 4175 861 4227 οὐκ
922 4174 1300 4248 ἑπιδεξάμενοι
1326 4218 1342 4242 ,
1402 4178 1622 4250 μένουσι

84 4261 161 4330 μὲν
192 4266 240 4317 ὲν
260 4265 499 4336 Χριστῷ,
528 4267 670 4320 κατά
698 4283 759 4335 γε
798 4268 896 4338 τὴν
921 4269 985 4321 ὲκ
1013 4267 1107 4321 τοῦ
1145 4271 1432 4325 πιστεῦσαι
1460 4272 1624 4343 τυχὸν

81 4355 359 4427 olm/imm,
392 4358 493 4410 καὶ
527 4358 615 4410 διά
646 4357 742 4412 τοῦ
793 4361 867 4430 μὴ
899 4360 1035 4431 πρὸς
1071 4361 1264 4431 ἑτέραν
1320 4363 1622 4435 ὲξοίχεσθαι

82 4445 309 4517 λατρείαν.
331 4448 533 4503 Οὐκέτι
556 4449 612 4503 δὲ
627 4451 863 4514 καὶτοὺς
882 4451 1074 4520 λόγους
1096 4452 1309 4523 ἔχοντες
1334 4456 1390 4508 ὲν
1412 4457 1623 4522 ἑαυτοῖς

84 4539 549 4610 καταληφθήσονται
604 4542 697 4595 τοῦ
746 4542 1004 4613 Χριστοῦ.
1065 4543 1175 4597 Καὶ
1224 4544 1345 4615 οὐχὶ
1372 4545 1437 4615 δὴ
1464 4546 1624 4601 τοῦτο

1723 2070 2008 2129 attendere
2039 2073 2295 2130 velimus.
2338 2076 2498 2142 Quod
2528 2078 2676 2133 enim
2707 2078 2967 2139 Christus
3006 2084 3153 2140 bona
3202 2103 3301 2157 pe-

1722 2164 1966 2221 tentibus
2027 2166 2416 2225 incunctanter
2470 2170 2796 2244 largiturum
2863 2192 2924 2232 se
2980 2179 3295 2247 pollicetur,

1720 2257 1990 2327 numquid
2021 2259 2171 2315 clare
2207 2260 2504 2317 admodum
2536 2263 2686 2319 istud
2710 2266 2960 2336 polliceri
3010 2270 3301 2329 dicemus?

1721 2345 1862 2412 Quid
1888 2356 2073 2404 autem
2102 2351 2211 2406 sibi
2235 2362 2500 2423 praeterea
2527 2356 2679 2419 velit,
2706 2366 2904 2430 etquae
2924 2377 3052 2417 vera
3086 2364 3159 2419 sit
3189 2365 3300 2422 loci

1721 2436 1886 2508 hujus
1943 2440 2257 2508 sententia,
2318 2443 2767 2516 investigandum
2819 2450 3095 2507 arbitror:
3163 2472 3183 2507 ι
3239 2455 3299 2510 Si

1720 2529 2058 2598 manseritis,
2086 2531 2286 2602 inquit,
2329 2534 2385 2589 in
2440 2550 2548 2600 me,
2579 2544 2633 2591 et
2662 2539 2831 2594 verba
2881 2556 3001 2595 mea
3037 2544 3093 2598 in
3140 2544 3298 2601 vobis

1723 2621 2049 2683 manserint.
2080 2622 2451 2695 quodcunque
2492 2627 2803 2694 volueritis,
2833 2633 3051 2699 petetis,
3097 2642 3152 2688 et
3208 2634 3302 2692 fiet

1724 2711 1900 2765 vobis.
1938 2729 1957 2762 ι
2006 2710 2153 2768 Fieri
2185 2713 2332 2769 enim
2375 2716 2601 2771 omnino
2633 2733 2794 2788 posse
2826 2722 3191 2780 concedemus
3240 2736 3300 2780 ut

1722 2802 1777 2855 in
1802 2799 2025 2857 Christo
2053 2804 2178 2873 quis
2210 2816 2449 2874 maneat,
2492 2823 2600 2863 non
2631 2820 2812 2866 tamen
2854 2813 2909 2867 in
2964 2816 3147 2887 seipso
3177 2818 3299 2888 ejus

1724 2910 1944 2966 quoque
1983 2897 2149 2951 verba
2185 2898 2406 2955 habeat.
2466 2900 2541 2955 Ita
2579 2918 2812 2972 prorsus
2847 2908 3186 2966 cordatiores
3220 2912 3303 2967 lo-

1722 2997 1977 3056 quentur.
2017 2986 2328 3045 Meminerit
2364 2993 2509 3047 enim
2541 2995 2822 3053 studiosus
2863 3000 3081 3056 auditor
3122 3004 3296 3073 quod,

1723 3091 1849 3132 cum
1889 3079 2203 3137 dilectionis
2255 3081 2312 3138 in
2358 3082 2639 3141 Christum
2692 3089 2964 3146 rationem
3009 3093 3300 3165 indagare-

1724 3184 1870 3237 mus,
1905 3180 1960 3227 et
1981 3188 2230 3244 quaenam
2261 3186 2410 3232 esset
2442 3193 2620 3247 quove
2648 3189 2810 3250 pacto
2849 3182 3003 3239 ﬁeret
3034 3201 3299 3256 ρει-δετα-

1724 3265 2009 3325 taremur,
2059 3262 2332 3335 duplicem
2373 3267 2516 3323 viam
2569 3272 2854 3328 continere
2904 3273 3166 3343 diximus,
3201 3293 3301 3349 per

1727 3350 1887 3405 fidem
1918 3352 2177 3409 nimirum
2220 3358 2369 3413 omni
2398 3372 2466 3414 ex
2500 3366 2656 3431 parte
2702 3362 3089 3435 inculpabilem
3133 3377 3300 3442 atque

1725 3456 2014 3513 operosam
2058 3444 2206 3500 illam
2248 3456 2302 3501 et
2330 3448 2386 3503 in
2419 3450 2631 3520 agendo
2664 3453 2926 3522 positam,
2964 3471 3086 3527 qua
3117 3466 3172 3513 et
3202 3474 3301 3531 per

1725 3534 2003 3591 sinceram
2039 3537 2367 3594 charitatem
2415 3541 2716 3598 inducitur.
2764 3544 2897 3611 Quae
2945 3562 3072 3602 cum
3122 3550 3199 3604 ita
3238 3566 3301 3608 se

1724 3626 1932 3682 habere
1966 3629 2281 3693 credamus,
2310 3631 2624 3702 quicunque
2655 3635 3064 3705 coniunctionis
3089 3640 3177 3695 vel
3201 3656 3299 3698 ne-

1724 3718 2079 3775 cessitudinis
2138 3719 2362 3776 modum
2419 3738 2528 3777 non
2583 3724 2879 3783 admodum
2927 3736 3297 3793 constantem.

1724 3811 1818 3865 sed
1850 3812 2021 3867 levem
2048 3826 2113 3866 ac
2142 3811 2391 3884 fragilem
2430 3815 2641 3881 colunt,
2679 3816 2843 3873 nudis
2866 3824 3078 3874 tantum
3113 3821 3299 3879 verbis

1724 3900 1886 3956 fidem
1935 3903 2259 3974 proﬁtentes
2285 3945 2300 3967 ,
2350 3904 2598 3977 adeoque
2658 3922 2756 3978 per
2805 3908 2980 3965 bonas
3048 3910 3297 3968 actiones

1722 3995 2049 4053 charitatem
2083 3996 2148 4051 ad
2178 3997 2579 4067 perfectionem
2609 4013 2721 4054 non
2751 4001 3141 4071 suscipientes,
3178 4018 3298 4058 ma-

1724 4096 1856 4143 nent
1883 4088 2102 4158 quidem
2126 4088 2184 4144 in
2217 4086 2466 4155 Christo,
2508 4089 2773 4145 nimirum
2803 4091 3200 4161 conjunctione
3228 4094 3299 4149 lio.

1724 4179 1835 4242 dei,
1872 4186 1928 4233 et
1960 4179 2090 4249 quia
2133 4179 2201 4233 ad
2251 4178 2492 4235 alienum
2535 4178 2744 4235 cultum
2775 4179 2844 4235 ab
2886 4196 2952 4237 eo
2979 4197 3090 4237 non
3134 4182 3295 4239 delle.

1724 4277 1901 4336 ctunt,
1930 4284 2039 4324 non
2069 4269 2181 4338 jam
2213 4276 2399 4325 tamen
2428 4270 2597 4325 verba
2628 4270 2842 4328 Christi
2870 4272 2926 4326 in
2962 4273 3160 4344 seipsis
3196 4273 3300 4329 ba»

1724 4360 1853 4417 bere
1894 4361 2396 4430 deprehendantur.
2441 4358 2629 4433 Neque
2675 4377 2805 4419 vero
2848 4364 3018 4436 878
3062 4364 3299 4422 dicimus

1724 4467 1820 4508 eos
1874 4452 2203 4524 evangelica:
2266 4453 2675 4523 praedicationis
2733 4456 2937 4511 oblitos
3002 4457 3298 4513 verborum

1729 4541 2047 4599 Servatoris
2082 4560 2207 4601 esse
2235 4560 2464 4614 prorsus
2495 4546 2865 4614 immemores,
2898 4548 2993 4603 sed
3022 4547 3300 4604 illecebris

87 4630 260 4695 πάντως
285 4634 478 4703 φαμὲν,
503 4633 587 4686 ὅτι
623 4632 764 4707 λήθη
788 4635 1203 4706 καταχώσαντες
1234 4636 1343 4690 τῶν
1376 4637 1622 4706 Εὐαγγε-

1730 4635 2069 4705 voluptatum
2100 4643 2153 4689 et
2188 4634 2452 4692 eii'renala
2487 4652 2670 4693 rerum
2712 4645 3056 4694 terrenarum
3090 4640 3301 4709 cupidi-

88 4714 251 4773 λίωντδ
266 4722 547 4792 κηρυγμα,
577 4722 853 4786 παντελῶς
882 4725 990 4775 εἱσι
1021 4722 1128 4777 τῶν
1147 4722 1242 4777 τοῦ
1264 4725 1514 4797 Σωτῆρος
1540 4726 1629 4780 λό-

89 4823 174 4872 γων
197 4811 509 4884 ἀμνήμονες,
548 4813 662 4868 ἀλλ’
695 4815 777 4869 ὅτι
820 4814 1049 4886 μηδενὸς
1090 4815 1299 4881 ἀξιοῦσι
1345 4816 1504 4886 λόγου
1532 4819 1630 4890 τὴν

90 4898 133 4948 ἓν
158 4900 349 4973 Χριστῷ
402 4906 698 4971 πολιτείαν,
724 4910 844 4969 ταῖς
886 4908 1042 4972 ίδίαις
1068 4908 1129 4961 τὸ
1158 4908 1265 4961 πᾶν
1312 4909 1630 4981 ἐπιτρέπον-

91 5004 159 5052 τες
187 4993 373 5062 ἡδοναῖς
396 4998 491 5050 καὶ
521 4998 656 5068 πρὸς
677 4998 735 5051 τὸ
778 4999 913 5068 μόνα
947 5004 1162 5070 φρονεῖν
1183 5002 1251 5055 τὰ
1281 5002 1373 5054 ἐπὶ
1399 5001 1499 5073 τῆς
1527 5003 1631 5072 γῆς

91 5079 299 5150 ἀχάλινον
329 5087 539 5159 ἔχοντες
566 5088 663 5161 τὴν
698 5089 892 5162 ῥοπὴν,
926 5090 1015 5144 διά
1038 5108 1097 5146 τε
1122 5092 1279 5146 τοῦτο
1306 5094 1405 5163 τῆς
1430 5092 1627 5162 νοητῆς

92 5174 165 5224 καὶ
197 5176 339 5243 ἁγίας
374 5181 619 5251 ἀμπέλου
672 5181 1116 5254 κατασπώμενοι,
1175 5184 1270 5238 καὶ
1302 5183 1456 5239 αὐτοὶ
1509 5187 1628 5247 ταῖς

94 5266 213 5334 σφῶν
234 5271 400 5325 αὐτῶν
446 5272 843 5343 φιλοπαθείαις.
874 5274 971 5344 τὴν
997 5274 1099 5345 τῆς
1134 5275 1464 5347 οἰκειότητος
1489 5276 1627 5329 ἀπο-

92 5352 391 5426 λεκτίζοντες
429 5365 608 5437 χάριν.
639 5365 845 5430 Παντὸς
880 5366 937 5419 δὲ
967 5366 1214 5420 τοιούτου
1252 5369 1379 5438 πέρι
1409 5368 1503 5421 καὶ
1530 5366 1628 5421 αὐ-

92 5445 164 5508 τδς
188 5448 279 5523 ἔφη
312 5454 558 5524 Χριστός·
594 5474 615 5509 ‹
656 5458 732 5512 Οὐ
761 5459 867 5521 πᾶς
895 5458 921 5511 ό
955 5456 1130 5526 λέγων
1158 5474 1268 5530 μοι·
1302 5458 1494 5531 Κύριε,
1518 5458 1633 5512 Κύ-

98 5550 181 5603 ριε,
208 5542 551 5601 είσελεύσεται
574 5548 654 5611 είς
672 5547 771 5619 τὴν
792 5547 1070 5618 βασιλείαν
1089 5548 1198 5603 τῶν
1219 5550 1491 5621 οὐρανῶν,
1514 5550 1632 5605 ἀλλ’

95 5625 117 5675 6
145 5631 287 5685 ποιῶν
311 5636 369 5689 τδ
397 5634 604 5710 θέλημα
626 5638 720 5694 τοῦ
750 5641 962 5712 Πατρός
989 5657 1092 5713 μου
1125 5641 1220 5696 τοῦ
1244 5645 1301 5697 ὲν
1325 5646 1434 5709 τοῖς
1468 5644 1637 5717 οὐρα-

128 5801 188 5837 ηι
225 5806 371 5869 Rom.
408 5828 488 5880 ιι,
527 5814 615 5874 22.
695 5816 737 5848 "
791 5814 989 5872 Matth.
1020 5820 1127 5890 γιιξ,
1169 5816 1261 5874 ﬁt.

1730 4732 1843 4781 tate
1868 4725 2150 4791 delinitos,
2176 4726 2520 4799 proindeque
2546 4728 2615 4783 ab
2643 4728 3002 4783 intellectuali
3026 4735 3081 4784 et
3105 4736 3298 4784 sancta

1727 4817 1838 4873 vite
1885 4818 2141 4884 avolsos,
2177 4819 2467 4889 gratiaque
2513 4818 2910 4874 familiaritatis
2964 4826 3021 4874 et
3065 4818 3374 4899 conjunnr‘

1727 4907 1928 4964 ctionis
1953 4908 2259 4979 repudiata,
2278 4910 2446 4962 vitam
2474 4915 2529 4965 et
2550 4908 3027 4964 conversationem
3056 4909 3115 4963 in
3136 4907 3327 4969 (Ἀπί-δ
3367 4910 3370 4912 ⁷

1727 5007 1813 5055 sto
1843 5000 1999 5054 nihili
2029 5015 2259 5070 prorsus
2290 5000 2511 5056 ducere.
2546 4998 2621 5054 De
2646 4998 2904 5055 omnibus
2923 4999 2990 5055 iis
3025 4999 3119 5071 qui
3150 5000 3304 5071 ejus-
3336 5032 3346 5043 κ

1727 5091 1939 5148 cemodi
1978 5102 2108 5147 sunt
2138 5093 2389 5149 Christus
2422 5093 2539 5163 ipse
2583 5090 2754 5146 dixit:
2800 5110 2820 5143 ε
2852 5089 2971 5146 Νοη
2999 5092 3184 5149 omnis
3210 5096 3307 5164 qui

1728 5183 1865 5239 dicit
1898 5184 2070 5240 mihi:
2107 5184 2356 5251 Domine,
2399 5183 2650 5246 Domine,
2693 5183 2920 5238 intrabit
2972 5185 3030 5241 in
3075 5200 3308 5257 regnum

1731 5276 2017 5342 ccelorum,
2064 5276 2160 5332 sed
2191 5277 2284 5348 qui
2316 5277 2451 5331 facit
2478 5276 2809 5331 voluntatem
2842 5274 3026 5332 Patris
3050 5277 3183 5342 mei,
3214 5279 3313 5348 qui

1732 5370 1787 5425 in
1815 5368 1973 5424 cmlis
2004 5377 2090 5425 est
2111 5368 2176 5423 ⁸¹.
2214 5387 2233 5421 ι
2279 5366 2438 5434 Quod
2462 5374 2644 5423 autem
2681 5366 2797 5423 sola
2839 5366 2976 5424 ﬁdes
3024 5368 3133 5425 nisi
3184 5384 3314 5440 ope-

1735 5476 1857 5517 rum
1922 5459 2215 5532 splendore
2267 5458 2495 5533 praedita
2560 5458 2627 5514 ad
2686 5459 3092 5516 conciliandam
3149 5460 3314 5516 nobis

1740 5568 1866 5610 cum
1910 5552 2022 5610 Deo
2063 5553 2511 5625 coniunctionem
2568 5566 2679 5607 non
2734 5551 3005 5617 suliiciat,
3040 5550 3316 5623 signiﬁcat

1743 5639 1962 5717 queque
2034 5644 2122 5700 his
2193 5644 2376 5703 verbis
2445 5642 2650 5701 Christi
2707 5642 3055 5712 discipulus:
3137 5660 3156 5694 ι
3229 5640 3321 5715 Tu
