4056 6520
754 367 858 425 567
885 378 900 390 '

1790 362 1853 425 8.,
1876 362 1932 417 'C
1945 360 2167 416 YRILLI
2204 359 2679 421 ALEXANURINI
2718 360 3038 417 ARCHIEP.
3856 381 3919 436 ω

754 488 938 544 credis
997 485 1260 558 quoniam
1327 496 1475 537 unus
1543 486 1630 535 est
1692 477 1884 535 Deus:
1936 489 1992 535 et
2052 479 2333 535 dcemones

2315 497 2333 534 ε
2362 484 2408 539 Α
2439 480 2567 543 νοῖς.
2602 497 2625 535 η»
2657 479 2777 533 Ὀτι
2796 478 2852 532 δὲ
2878 479 3037 551 μόνη,
3072 478 3169 532 καὶ
3199 480 3323 533 καθ’
3343 483 3591 555 εαυτήνή
3624 486 3781 553 πίστις
3799 492 3917 563 Titi!

753 579 1019 643 credunt,
1068 584 1125 632 et
1174 573 1610 631 contremiscunt
1637 570 1702 624 ³³.
1759 588 1777 621 ι
1832 571 1901 624 At
1947 571 2095 625 dicet
2135 572 2338 642 aliquis

754 673 823 726 iis
870 670 964 741 qui
1021 669 1225 723 nudam
1281 673 1336 721 et
1387 664 1559 719 solam
1609 662 1767 717 ﬁdem
1828 662 1937 717 sibi
1980 662 2336 717 suﬂ'ecturam

754 773 990 834 putant,
1028 769 1090 816 ut
1132 772 1430 829 supernam
1491 755 1942 825 conjunctionem
1999 771 2331 826 comparare

755 854 968 923 possint
992 852 1236 921 :Ergone
1270 849 1517 918 ipsorum
1546 848 1711 903 etiam
1740 848 2049 904 daemonum
2079 850 2337 906 cohortes

755 949 822 1003 ad
850 945 1275 1000 familiaritatem
1310 956 1433 996 cum
1499 941 1608 996 Deo
1668 942 1927 997 redibunt
1953 957 2017 996 ex
2075 957 2145 997 eo
2188 944 2336 1013 quod

756 1057 923 1095 unum
967 1040 1118 1093 illum
1155 1050 1282 1091 esse
1315 1035 1596 1089 credunt?
1625 1037 1695 1087 At
1727 1034 2004 1105 quomodo
2035 1035 2179 1090 istud
2219 1036 2335 1090 lieri

753 1135 973 1207 potest?
1014 1131 1168 1188 Scire
1195 1133 1342 1187 enim
1366 1138 1584 1184 tantum
1606 1128 1779 1184 Deum
1812 1144 1981 1183 unum
2005 1143 2150 1192 esse,
2179 1128 2332 1183 illum

753 1228 994 1283 universi
1059 1227 1323 1281 factorem
1358 1235 1411 1281 et
1463 1230 1769 1294 parentem,
1805 1233 1891 1278 est
1950 1222 2143 1277 inutile
2189 1222 2331 1277 :sed

750 1320 971 1391 pietatis
1005 1320 1059 1373 in
1092 1319 1269 1389 ipsum
1294 1317 1527 1387 gloriam
1557 1316 1681 1370 ﬁdei
1703 1316 1958 1369 comitem
1987 1329 2110 1369 esse
2136 1314 2336 1369 debere

751 1418 1000 1467 autumo.
1028 1409 1165 1463 Nam
1201 1408 1297 1479 qui
1332 1409 1460 1462 talis
1490 1416 1596 1470 est,
1638 1405 1807 1461 etiam
1846 1406 1905 1458 in
1938 1403 2164 1459 Christo
2214 1420 2330 1458 ma-

749 1511 864 1568 net,
894 1512 949 1558 ct
994 1502 1117 1571 ejus
1161 1501 1325 1555 verba
1381 1500 1584 1555 habere
1623 1498 2015 1564 comperietur,
2065 1495 2224 1566 juxta
2278 1496 2331 1552 id

749 1594 898 1664 quod
932 1594 989 1647 in
1040 1592 1181 1647 libro
1237 1591 1576 1646 Psalmorum
1630 1597 1894 1659 tanquam
1932 1588 1998 1642 ad
2036 1587 2209 1642 Deum
2246 1588 2332 1643 di-

748 1694 898 1738 ctum
940 1692 1068 1738 est:
1107 1702 1124 1733 ι
1164 1680 1220 1735 1η
1255 1681 1420 1737 corde
1454 1696 1578 1735 meo
1629 1679 1902 1735 abscondi
1953 1681 2171 1751 eloquia
2214 1689 2326 1743 tua,
2388 1734 2393 1739 ,

750 1779 809 1825 ιιι
844 1787 953 1824 non
999 1785 1221 1841 peccem
1280 1770 1377 1824 tibi
1402 1770 1466 1823 ³⁸.
1506 1788 1524 1820 ι
1568 1770 1639 1825 Ut
1688 1770 1835 1823 enim
1888 1770 2031 1839 ignis
2084 1770 2141 1824 in
2198 1786 2330 1826 vase

2441 569 2550 623 τῶν
2598 569 2775 642 ἔργων
2802 571 3158 641 φαιδρότητος
3199 574 3257 625 ού
3303 574 3537 644 λαχοῦσα
3578 576 3667 648 τὴν
3694 580 3917 655 συνδρομὴν,

2440 662 2807 733 ἀποχρώντως
2835 664 2933 733 οὐχ
2965 664 3074 729 ἕξει
3117 665 3195 728 είς
3228 666 3289 718 τὸ
3322 666 3573 722 δύνασθαι
3614 671 3841 740 προξενεῖν
3864 682 3917 749 τὴν

2437 756 2519 819 εἰς
2550 755 2682 809 Θεὸν
2725 756 3057 827 οἰκειότητα,
3095 758 3350 827 σημαίνει
3398 758 3567 827 λέγων
3600 763 3686 815 καὶ
3722 764 3917 836 ὀΧριστοᾷ

2441 846 2708 918 μαθητής
2742 867 2759 898 ι
2798 848 2869 900 Σὺ
2903 848 3202 914 πιστεύεις,
3236 851 3319 903 ὅτι
3350 845 3429 914 εἷς
3454 853 3482 904 6
3506 851 3651 915 Θεός·
3685 856 3761 907 καὶ
3785 858 3835 909 τὲ
3853 860 3919 912 δαι-

2440 936 2600 1005 μόνια
2655 938 2996 1005 πιστεύουσι,
3047 940 3139 993 καὶ
3169 940 3501 1011 φρίττουσιν.
3543 960 3565 992 ›
3596 940 3716 999 Εἶτα
3737 946 3825 1011 πῶς
3852 951 3917 1020 ἐρεῖ

2436 1046 2520 1092 τις
2567 1030 2664 1101 ήδη
2704 1032 2820 1093 τοῖς
2870 1032 3127 1103 ἀρκέσειν
3170 1035 3354 1097 αὐτοῖς
3382 1036 3593 1107 γυμνήν
3617 1053 3673 1089 τε
3721 1038 3917 1114 καὶμὸνην

2436 1121 2706 1192 οἰομένοις
2744 1121 2842 1194 τήν
2875 1123 3082 1188 πίστιν,
3117 1126 3197 1187 είς
3254 1126 3316 1179 τὸ
3362 1125 3620 1180 δύνασθαι
3657 1128 3742 1199 τήν
3784 1134 3915 1189 ἄνωθεν

2434 1214 2743 1287 οἰκειότητα
2779 1218 3106 1288 περιποιεῖνέ
3140 1214 3252 1291 ἆρα
3282 1219 3375 1272 καὶ
3414 1220 3596 1274 αὐτῶν
3620 1222 3718 1275 τῶν
3739 1223 3919 1296 δαιμόνων

2432 1305 2496 1357 τὸ
2530 1306 2715 1375 στῖφος
2730 1308 3123 1379 ἁναδραμεῖται
3147 1309 3284 1379 πρὸς
3320 1310 3626 1381 οεκειότητα
3654 1312 3739 1382 τὴν
3839 1322 3919 1389 egi;

2433 1396 2587 1470 Θεὸν,
2627 1398 2817 1453 ὲπείπε
2827 1416 2857 1471 ρ
2886 1394 3026 1453 οἶδεν
3052 1400 3151 1454 ἕνα
3177 1417 3235 1454 τε
3269 1402 3364 1455 καὶ
3386 1402 3516 1456 ὄντα
3534 1404 3816 1460 πεπίστευκε
3833 1413 3918 1472 ςκαι

2433 1489 2550 1552 πῶς
2570 1490 2634 1542 ἂν
2668 1492 2755 1560 εἴη
2781 1490 2944 1545 τοῦτό
2973 1509 3037 1561 γε
3069 1510 3083 1559 ;
3114 1494 3187 1547 Τὸ
3221 1494 3329 1566 γὰρ
3358 1495 3558 1549 εἰδέναι
3593 1496 3737 1567 μόνον
3757 1499 3917 1570 ἀχρεῖον,

2431 1580 2513 1633 ὅτι
2530 1581 2662 1645 Θεός
2679 1584 2825 1636 ἐστιν
2853 1578 2932 1647 εἷς
2955 1586 2984 1639 6
3011 1585 3228 1640 πάντων
3261 1588 3493 1659 ποιητής
3520 1604 3578 1640 τε
3601 1590 3688 1642 καὶ
3708 1606 3917 1664 γενεσισδρ-

2431 1674 2546 1743 γλός·
2587 1673 2695 1728 δεῖν
2722 1675 2778 1728 δὲ
2817 1672 2970 1747 οἶμαι
2996 1680 3064 1750 τῇ
3086 1678 3266 1733 πίστει
3292 1682 3761 1754 συμπαρομαρτεῖν
3777 1684 3843 1738 καὶ
3861 1685 3916 1753 τῆς

2431 1767 2509 1826 είς
2542 1765 2705 1819 αὐτὸν
2728 1766 3017 1832 εὐλαϐείας
3048 1769 3107 1824 τὸ
3138 1771 3419 1843 καύχημα.
3462 1773 3526 1826 '0
3548 1772 3650 1844 γὰρ
3668 1771 3851 1837 τοιοῦτος
3866 1780 3918 1828 ui

747 1879 889 1918 aereo
924 1862 1242 1916 reconditus
1277 1876 1441 1925 suum
1475 1862 1524 1915 ei
1557 1862 1798 1929 calorem
1851 1862 2044 1930 utique
2082 1877 2327 1916 commu-

2314 1893 2327 1903 .
2361 1847 2400 1904 Β
2430 1857 2488 1907 ὲν
2520 1857 2746 1928 Χριστῷ
2782 1859 2954 1929 μένει,
3005 1863 3100 1915 καὶ
3149 1861 3287 1934 ἔχων
3330 1864 3630 1935 ὀφθήσεται
3658 1864 3767 1929 τοὺς
3802 1865 3916 1936 λόγως

746 1957 919 2017 nieat,
947 1955 1027 2021 sic
1058 1971 1181 2025 quae
1241 1969 1339 2024 per
1382 1954 1566 2021 omnis
1618 1952 1843 2019 virtutis
1878 1953 2212 2008 desiderium
2273 1955 2325 2009 in

745 2042 927 2095 anima
957 2051 1011 2094 et
1043 2042 1208 2096 corde
1256 2040 1541 2107 caelestem
1602 2055 1666 2095 ac
1728 2040 1978 2111 divinum
2013 2057 2327 2097 sermonem

742 2129 898 2189 inens
934 2135 1201 2197 continet,
1237 2148 1454 2202 semper
1480 2132 1548 2186 ad
1583 2132 1715 2186 illud
1744 2147 1842 2202 per
1865 2147 1988 2188 cum
2017 2134 2325 2188 incalescit.

745 2224 1023 2293 Scriptum
1080 2232 1163 2297 est
1199 2224 1394 2278 enim:
1473 2244 1490 2275 ε
1537 2221 1774 2295 Ignitum
1829 2224 2111 2294 eloquium
2172 2235 2323 2281 tuum

744 2316 1120 2377 vehementer,
1157 2324 1211 2369 et
1251 2329 1446 2370 servus
1482 2322 1610 2369 tuus
1649 2315 1845 2369 dilexit
1874 2316 2009 2369 illud
2036 2316 2099 2369 ³⁵.
2141 2336 2157 2368 ι
2186 2316 2325 2383 Qui—

742 2423 957 2477 cunque
998 2409 1184 2478 igitur,
1224 2407 1424 2477 inquit,
1469 2423 1600 2463 suas
1655 2423 1743 2462 res
1778 2408 1835 2461 in
1879 2409 1963 2463 his
2010 2413 2321 2472 constituit,

739 2519 914 2573 coque
967 2513 1195 2557 evectus
1244 2511 1329 2557 est
1387 2502 1575 2572 gloriae
1619 2509 1680 2555 ut
1722 2509 1777 2557 et
1828 2503 1883 2556 in
1932 2518 2021 2556 me
2078 2514 2319 2569 maneat,

739 2609 971 2661 meaque
1004 2594 1144 2662 apud
1177 2607 1236 2647 se
1271 2593 1433 2659 verba
1464 2592 1685 2657 habeat,
1722 2592 2115 2648 incunctanter
2150 2610 2313 2650 acce-

738 2685 854 2749 dat,
886 2692 942 2739 et
971 2684 1340 2754 quodcunque
1372 2684 1599 2738 libuerit
1643 2698 1769 2739 cum
1806 2697 2022 2737 summa
2056 2684 2311 2741 libertate

740 2786 907 2848 petat,
948 2786 1002 2833 et
1037 2779 1178 2831 citra
1207 2791 1413 2832 moram
1461 2777 1626 2830 ullam
1652 2776 1875 2830 dabitur
1900 2775 1947 2831 ei
1983 2795 1996 2829 :
2028 2794 2129 2833 nec
2173 2778 2318 2833 enim

736 2870 966 2939 negabo.
1015 2867 1155 2922 Num
1210 2884 1341 2937 ergo
1398 2869 1445 2923 si
1501 2867 1632 2921 mali
1674 2868 1879 2937 aliquid
1932 2876 2108 2938 petat,
2170 2869 2318 2925 illico

739 2961 1029 3030 suscipiet,
1074 2960 1322 3029 illudque
1376 2959 1602 3025 virtutis
1637 2974 1829 3015 amans
1888 2958 2034 3016 Deus
2075 2961 2319 3026 tribuet?

737 3048 937 3104 Procul
975 3050 1065 3114 sit,
1101 3062 1308 3118 quaeso,
1347 3055 1498 3101 tanta
1532 3046 1953 3103 insaniatNihil
1985 3048 2191 3120 quippe
2226 3051 2309 3103 vi-

738 3139 865 3196 tiosi
924 3148 1016 3192 aut
1067 3138 1337 3208 inquinati
1395 3136 1538 3193 Deus
1586 3138 1848 3209 largietur
1891 3156 2159 3211 prorsus:
2218 3143 2312 3197 sed

735 3231 903 3302 879
934 3231 1285 3301 cogitandum
1336 3230 1518 3302 potius
1553 3230 1764 3301 justum
1812 3243 1865 3286 et
1926 3248 2145 3302 aequum
2196 3249 2319 3289 esse

738 3333 797 3377 ut
826 3324 920 3394 qui
971 3331 1155 3377 manet
1200 3322 1255 3376 in
1291 3321 1534 3387 Christo,
1571 3331 1627 3377 et
1686 3321 1851 3378 verba
1905 3323 2025 3392 ejus
2060 3325 2224 3379 habet
2261 3326 2317 3381 in

737 3414 945 3484 seipso,
978 3413 1285 3483 praesertim
1320 3428 1448 3467 cum
1479 3412 1657 3470 bonus
1686 3415 1759 3469 sit
1787 3429 1849 3466 ac
1870 3416 2018 3484 pius,
2044 3431 2109 3472 ea
2136 3416 2314 3471 solmn

734 3507 867 3560 velit
902 3521 1024 3575 qua:
1076 3512 1206 3559 sunt
1258 3503 1368 3573 Deo
1412 3505 1749 3575 gratissima.
1810 3504 2063 3561 Divinum
2115 3508 2317 3578 quippe

736 3614 1045 3655 sermonem
1077 3600 1131 3653 in
1156 3597 1322 3653 corde
1342 3598 1676 3654 habentibus
1700 3608 1883 3669 petere
1902 3601 2171 3671 permittit
2194 3619 2317 3671 quae

734 3706 857 3745 cum
900 3691 1111 3746 ratione
1146 3690 1349 3758 volent,
1396 3705 1504 3745 non
1547 3690 1811 3761 ignorans
1849 3708 1946 3748 eos
1982 3694 2314 3763 spiritalium

732 3785 992 3839 nimirum
1036 3799 1101 3839 ac
1148 3782 1462 3842 divinorum
1520 3782 1794 3840 bonorum
1836 3784 2313 3856 participationem

732 3874 1148 3945 concupiscere.
1194 3873 1337 3935 Cum
1378 3888 1506 3927 vero
1539 3888 1606 3929 ex
1666 3875 1756 3930 his
1810 3872 2074 3930 Servator
2127 3888 2317 3932 noster

730 3968 987 4021 Christus
1018 3966 1295 4035 imprimis
1328 3968 1586 4022 statuerit
1614 3968 1828 4038 qualem
1859 3977 1914 4023 et
1944 3968 2145 4037 quibus
2191 3960 2314 4024 mo—

732 4057 886 4113 ribus
914 4056 1199 4127 praeditum
1239 4073 1361 4114 esse
1398 4058 1551 4114 illum
1592 4068 1843 4131 Oporteat
1882 4061 1975 4130 qui
2024 4068 2310 4130 precatur,

730 4160 786 4204 et
815 4165 1164 4221 quaecunque
1196 4151 1314 4205 vult
1343 4166 1374 4203 a
1408 4148 1518 4204 Deo
1545 4151 1745 4222 dignus
1775 4159 1860 4206 est
1903 4152 2176 4221 accipere,
2210 4168 2313 4208 no-

732 4251 906 4297 strum
937 4244 1250 4298 institutum
1292 4242 1419 4297 huic
1451 4242 1885 4306 conlormemus,
1915 4244 1963 4299 si
1999 4243 2311 4315 benignita-

731 4336 1069 4405 tissuperna:
1086 4342 1367 4402 compotes
1393 4334 1507 4388 lieri
1535 4335 1785 4395 velimus.
1818 4334 1917 4390 Sin
1939 4344 2146 4403 autem,
2172 4339 2311 4392 scito

732 4435 786 4482 te
818 4426 980 4480 talem
1025 4424 1162 4489 fore,
1194 4424 1413 4493 qualem
1447 4425 1609 4480 nobis
1638 4426 1892 4483 Christus
1939 4429 2104 4483 modo
2136 4428 2308 4499 signi-

2431 1950 2617 2017 αὑτοῦ,
2647 1952 2787 2006 κατὰ
2826 1953 2886 2006 τὸ
2906 1955 2962 2007 ὲν
2993 1953 3160 2027 βίϐλῳ
3181 1956 3427 2028 Ψαλμῶν
3450 1958 3745 2029 εἰρημένον,
3766 1959 3821 2022 ὡς
3838 1962 3918 2031 πρὸς

2430 2044 2583 2097 Θεόν·
2631 2066 2650 2099 ί
2705 2046 2792 2101 Ἐν
2852 2050 2918 2119 τῇ
2943 2047 3142 2119 καρδίᾳ
3182 2066 3284 2120 μου
3340 2049 3560 2120 ἔκρυψα
3584 2049 3649 2104 τὰ
3692 2050 3815 2120 λόγια
3850 2070 3917 2117 σου,

2428 2136 2576 2201 ὅπως
2604 2138 2671 2191 ἂν
2725 2139 2800 2211 μὴ
2842 2140 3076 2213 ἁμάρτω
3111 2158 3214 2197 σοι.
3258 2159 3277 2195 ι
3314 2143 3531 2215 ’Ὥσπερ
3573 2143 3692 2214 γὰρ,
3741 2143 3784 2197 εί
3815 2149 3918 2203 cuti

2427 2228 2585 2298 ἄγγει
2615 2230 2800 2302 χαλκῷ
2831 2232 3002 2304 πυρὸς
3031 2233 3287 2288 ἀπόθοιτο
3322 2235 3567 2307 σπέρμα,
3598 2235 3784 2299 πάντως
3799 2236 3843 2307 δή
3860 2254 3919 2290 που

2427 2325 2518 2374 καὶ
2546 2323 2647 2396 τῆς
2674 2323 2807 2395 παρ’
2845 2324 3012 2379 αὑτοῦ
3054 2326 3387 2399 θερμότητος
3414 2329 3722 2382 ἀποτελέσει

2425 2415 2596 2479 οὕτως
2633 2418 2661 2469 6
2695 2418 2757 2470 ὲν
2786 2415 2931 2489 ψυχῇ
2953 2435 3012 2471 τε
3045 2422 3141 2473 καὶ
3186 2420 3384 2491 καρδίᾳ
3415 2420 3509 2483 τδν
3549 2420 3682 2473 θεῖόν
3708 2437 3758 2473 τε
3784 2422 3919 2475 καὶού-

2426 2510 2610 2578 ρὰνιον
2637 2507 2795 2577 λόγον
2844 2509 3181 2581 διακατέχων
3239 2511 3385 2576 νοῦς,
3420 2512 3492 2565 δι’
3522 2512 3741 2580 ἐφέσεως
3774 2513 3845 2582 τῆς
3874 2515 3919 2576 είς

2425 2602 2644 2654 ἃπασαν
2673 2600 2899 2673 ἀρετὴν,
2931 2603 3019 2656 ἀεὶ
3049 2603 3186 2673 πρὸς
3229 2603 3391 2657 τοῦτο
3421 2604 3493 2658 δι’
3525 2603 3686 2658 αὑτοῦ
3723 2603 3919 2675 θερμαίνε-

2421 2710 2531 2746 ται.
2558 2693 2869 2765 Γέγραπται
2888 2695 3467 2766 γάρ’«Πεπυρωμὲνον
3496 2697 3558 2751 τὸ
3580 2696 3741 2765 λόγιόν
3755 2713 3827 2749 σου
3844 2699 3919 2763 cpt

2420 2784 2542 2854 δρα,
2580 2785 2675 2838 καί
2698 2786 2726 2837 6
2774 2785 2959 2851 δοῦλός
2991 2804 3085 2840 σου
3123 2790 3413 2860 ἠγάπησεν
3461 2789 3616 2843 αὐτό.
3651 2807 3668 2840 ι
3709 2788 3760 2841 '0
3787 2788 3917 2849 τοίνυν,

2421 2876 2577 2944 φησὶ,
2615 2878 2964 2947 καταστήσας
2991 2879 3049 2933 ὲν
3079 2879 3286 2943 τούτοις
3308 2880 3378 2934 τὰ
3422 2882 3549 2935 καθ’
3575 2880 3763 2944 ἑαυτὸν,
3786 2880 3853 2933 καὶ
3873 2884 3918 2942 tl;

2418 2966 2573 3021 τούτο
2595 2967 2777 3023 λοιπὸν
2795 2971 3146 3041 καυχήματος
3162 2972 3620 3043 ἀναϐεϐηκὼς,ὠς
3635 2977 3686 3028 ἐν
3703 2978 3850 3049 ὲμοίτε
3862 2977 3920 3046 μέ-

2416 3075 2526 3111 νειν
2543 3060 2725 3126 αὐτὸν,
2757 3062 2900 3134 ἔχειν
2927 3081 2986 3117 τε
3019 3066 3148 3135 παρ’
3171 3066 3349 3138 ἑαυτῷ
3365 3068 3497 3131 τοὺς
3530 3071 3687 3140 ἐμοὺς
3702 3071 3919 3139 λόγουςᾴνο

2422 3151 2730 3217 υποστόλως
2747 3154 3012 3226 προσίτω,
3031 3159 3124 3209 καὶ
3146 3157 3282 3229 ὅπερ
3301 3157 3366 3212 ἂν
3390 3159 3494 3232 ἔχῃ
3513 3161 3642 3231 πρὸς
3660 3162 3816 3233 ήδονήν
3826 3160 3919 3227 ἐξαιο

2420 3243 2584 3297 τείτω
2612 3245 2733 3298 τότε
2769 3248 2865 3299 σὺν
2893 3248 3177 3321 παρρησία
3209 3250 3403 3322 πολλῇ,
3434 3253 3535 3306 καὶ
3564 3253 3829 3324 μελλησμοῦ
3844 3254 3919 3321 δίχα

2420 3333 2703 3405 δοθήσεται
2762 3337 2953 3407 αὐτῷ-⁸
2994 3342 3317 3394 κατανεύσω
3356 3342 3489 3415 γὰρ,
3546 3344 3715 3414 φησίν.
3748 3340 3841 3413 'Ap’
3865 3340 3921 3395 οὖν

2420 3425 2570 3492 εἴτις
2597 3430 2698 3484 κᾶν
2725 3445 2778 3483 τι
2800 3430 2907 3483 τῶν
2939 3431 3159 3499 φαύλων
3188 3435 3313 3505 αἰτῇ
3342 3436 3729 3507 προαλέστερον
3744 3437 3915 3506 λήψεται.

2420 3519 2514 3572 καὶ¹
2539 3520 2743 3574 τούτων
2777 3521 2930 3575 ἔσται
2948 3524 3239 3594 διανομεὺς
3266 3529 3294 3579 6
3318 3527 3639 3599 φιλάρετος;
3674 3530 3839 3596 Ἄπαγε
3860 3528 3918 3594 τῆς

2417 3609 2756 3678 δυσϐουλίας,
2802 3612 3076 3683 ἄνθρωπε.
3166 3616 3404 3687 Ἀπηχὲς
3457 3619 3572 3691 γὰρ
3620 3619 3769 3685 οὐδὲν,
3810 3617 3917 3687 ἡτῶν

2417 3703 2552 3768 ὅλως
2574 3706 3065 3777 κατηγορουμένων
3093 3709 3185 3760 ἐπ’
3206 3711 3528 3782 αίσχρότητι
3553 3713 3811 3783 χορηγήσει
3822 3708 3917 3766 ϐιός

2417 3794 2595 3849 ἐκεῖνο
2622 3794 2678 3848 δὲ
2704 3796 2903 3866 μᾶλλον
2933 3797 3186 3868 ἐννοῆσαι
3224 3800 3673 3873 πρεπωδέστερον
3694 3802 3740 3872 (ἦ
3762 3802 3843 3871 γὰρ
3858 3802 3917 3852 οὐκ

2418 3884 2571 3944 ἔσται
2632 3884 2839 3939 δίκαιόν
2887 3905 2948 3941 τε
2992 3888 3085 3941 καὶ
3130 3888 3307 3959 ὀρθῶς
3347 3890 3521 3961 ἔχον),
3569 3892 3641 3955 ὡς
3667 3893 3693 3943 6
3738 3890 3868 3959 μένων
3884 3891 3917 3939 ἐν

2415 3976 2655 4049 Χριστῷ,
2692 3980 2785 4032 καὶ
2826 3979 2964 4049 ἔχων
2999 3981 3055 4033 ἐν
3083 3982 3261 4053 ἑαυτῷ
3286 3984 3415 4046 τοὺς
3450 3983 3643 4053 λόγους
3663 3982 3814 4044 αὐτοῦ,
3836 3980 3917 4050 πρὸ·

2412 4071 2572 4142 δηλον
2600 4072 2682 4126 ὅτι
2707 4072 2802 4126 ἅτε
2828 4074 2923 4127 καὶ
2958 4075 3162 4142 ἀγαθὸς
3192 4076 3266 4131 ὢν
3297 4078 3391 4132 καὶ
3422 4078 3689 4149 ἐπιεικὴς,
3708 4078 3815 4147 μόνα
3834 4090 3916 4142 φρο-

2414 4164 2522 4215 νεῖν
2553 4162 2760 4231 ἔγνωκε
2786 4163 2854 4217 τὰ
2878 4164 2997 4237 Θεῷ
3021 4164 3167 4237 θυμή
3178 4167 3430 4236 ρέστατα.
3458 4170 3588 4233 Τοῖς
3609 4170 3706 4239 γὰρ
3718 4170 3765 4221 ὲν
3786 4163 3915 4235 καρδίᾳ

2412 4256 2503 4309 τὸν
2532 4255 2673 4311 θεῖον
2697 4256 2881 4327 ἔχουσι
2934 4258 3113 4327 λόγον,
3147 4259 3291 4331 ἅπερ
3338 4261 3404 4315 ἂν
3437 4262 3703 4333 βούλοιντο
3727 4256 3915 4325 καθηκίνο

2411 4360 2537 4406 τως,
2584 4344 2885 4415 ἐπέτρεψεν
2927 4347 3119 4411 αἰτεῖν,
3166 4351 3268 4404 οὐκ
3300 4351 3577 4423 ἀγνοήσας
3623 4345 3914 4421 πνευματικῶν

2410 4434 2649 4503 δηλονότι
2688 4438 2781 4490 καὶ
2810 4437 2971 4492 θείων
3020 4441 3242 4509 ἀγαθῶν
3280 4444 3539 4513 ὀρεκτίαν
3574 4446 3678 4517 [γρ.
3715 4435 3914 4513 ὀρεκτιᾷνὶ

731 4520 938 4575 licavit.
970 4516 1095 4573 Noli
1150 4517 1424 4587 repulsam
1470 4533 1613 4587 :egre
1659 4521 1790 4588 pati.
1834 4519 1993 4586 Quod
2047 4521 2095 4576 si
2145 4535 2309 4590 grave

2338 4547 2385 4604 υ
2412 4528 2510 4597 τῆς
2563 4528 2850 4598 μεθέξεως.
2895 4533 3255 4602 Ὀρισαμὲνου
3284 4534 3341 4589 δὲ
3381 4535 3472 4589 διὰ
3522 4516 3701 4590 τούτου
3738 4530 3786 4588 εὖ

727 4613 876 4669 istud
906 4613 1004 4667 tibi
1026 4611 1262 4672 videtur,
1279 4609 1624 4681 coniungens
1650 4611 1774 4667 lidei
1790 4612 2059 4670 bonorum
2082 4628 2305 4683 operum

725 4706 956 4778 gloriam
999 4704 1130 4774 (hoc
1162 4701 1310 4758 enim
1371 4708 1457 4756 est
1487 4701 1542 4756 in
1589 4701 1812 4761 Christo
1857 4719 2103 4771 manere,
2148 4712 2203 4760 et
2254 4706 2305 4765 in

725 4799 915 4868 seipso
959 4795 1130 4852 verba
1188 4792 1310 4863 ejus
1347 4791 1551 4849 habere
1571 4794 1612 4863 ).
1672 4809 1903 4851 securus
1942 4795 2209 4857 accedito,
2255 4807 2307 4851 et

723 4890 863 4943 citra
891 4885 1306 4943 cunctationem
1336 4884 1503 4939 ullam
1545 4885 1784 4954 accipies
1811 4884 2179 4956 quodcunque
2210 4902 2305 4957 po-

723 4982 970 5050 posceris
998 4996 1026 5033 a
1063 4978 1196 5035 Deo.

2404 4618 2499 4673 τοῦ
2528 4621 2776 4691 Σωτῆρος
2809 4622 2966 4694 ήμῶν
3006 4624 3268 4696 Χριστοῦ,
3304 4626 3388 4699 τίς
3418 4643 3479 4679 τε
3512 4626 3618 4697 εἴη.
3646 4627 3729 4680 καὶ
3748 4620 3911 4681 ποδαπὰ

2405 4709 2496 4763 τὸν
2518 4709 2718 4783 τρόπον
2747 4712 2775 4764 ὁ
2805 4714 3264 4785 προσευχόμενος,
3316 4718 3410 4771 καὶ
3466 4716 3747 4787 λαμϐάνειν
3781 4710 3910 4778 ἀξιῶν.

2406 4802 2548 4873 ειπερ
2576 4801 2642 4856 ἂν
2667 4802 2924 4875 βούληται
2953 4807 3105 4878 παρὰ
3151 4807 3309 4873 Θεοῦ,
3348 4808 3449 4880 τήν
3484 4810 3683 4863 ἑαυτῶν
3722 4807 3786 4869 είς
3809 4802 3913 4856 τοῦτο

2404 4891 2817 4963 διαπλάττωμεν
2868 4897 3166 4963 πολιτείαν,
3222 4900 3269 4951 εἰ
3323 4902 3511 4969 τυχεῖν
3568 4896 3805 4969 εὐχόμεθα
3848 4888 3913 4954 τῆἓ

2405 4982 2611 5039 ἄνωθεν
2638 4988 2950 5056 εὐμενείας.
2984 4992 3047 5043 Et
3103 4993 3159 5045 δὲ
3194 4991 3291 5064 μὴ,
3324 4993 3521 5047 σαυτὸν
3555 4988 3701 5047 οἶσθα
3726 4984 3909 5058 γεγονότι

721 5076 979 5140 τοιοῦτον,
1022 5077 1204 5130 ὁποῖον
1246 5078 1377 5148 ἡμῖν
1423 5075 1626 5147 ἀρτίως
1667 5072 1944 5137 ὑπέδειξεν
1992 5073 2020 5123 ὁ
2057 5075 2307 5144 Χριστός.
2372 5078 2464 5150 Μὴ
2509 5080 2765 5154 δυσφόρει
2820 5087 3324 5157 παρακρουόμενος.
3382 5090 3447 5142 El
3511 5089 3568 5143 δέ
3597 5106 3674 5142 σοι
3717 5084 3832 5138 δοκεῖ
3873 5090 3911 5133 υ.

720 5171 952 5242 πρᾶγμα
978 5170 1252 5239 φορτικὸν,
1272 5165 1733 5239 συμπαραζεύξας
1751 5166 1815 5236 τῇ
1842 5163 2017 5216 πίστει
2057 5165 2121 5217 τὰ
2159 5168 2221 5220 ἐκ
2251 5170 2345 5238 τῆς
2384 5170 2750 5243 ἁγαθουργίας
2780 5178 3108 5247 καυχήματα
3126 5177 3304 5235 (τοῦτο
3331 5179 3441 5250 γάρ
3476 5182 3591 5233 ἑστι
3620 5179 3675 5232 τὸ
3698 5177 3842 5247 μένειν
3876 5174 3911 5221 ἐν

719 5264 943 5336 Χριστῷ
964 5262 1103 5327 ,καὶ
1137 5262 1282 5332 ἔχειν
1312 5266 1371 5316 ἐν
1400 5259 1577 5329 ἑαυτῷ
1603 5259 1730 5320 τοὺς
1774 5256 1964 5323 λόγους
1998 5255 2215 5349 αὑτοῦ),
2262 5261 2477 5331 πρόσιθι
2516 5264 2813 5330 πεποιθὼς.
2868 5267 2965 5320 καὶ
2998 5267 3147 5342 λήψῃ
3185 5271 3277 5324 καὶ
3325 5271 3485 5335 αὐτὸς
3524 5267 3799 5343 μελλησμοῦ
3832 5262 3910 5328 δίχα

720 5359 939 5422 παντὸς,
969 5359 1107 5429 ὅπερ
1124 5356 1191 5412 ἂν
1214 5359 1442 5428 αἰτήσῃς
1474 5354 1628 5422 παρὰ
1648 5350 1815 5413 Θεοῦ.
2304 5404 2312 5411 .

788 5442 908 5512 ΧΥ,
948 5448 1001 5502 8.
1046 5447 1113 5501 In
1162 5447 1259 5499 hoc
1292 5444 1627 5512 clariﬁcatus
1684 5451 1763 5497 est
1804 5441 1968 5496 Pater
2018 5458 2163 5507 naeus
2188 5482 2203 5507 ,
2245 5453 2307 5497 ut

717 5538 951 5607 fructum
980 5538 1269 5607 plurimum
1297 5535 1540 5603 offeratis
1559 5572 1581 5598 ,η
1605 5541 1656 5587 et
1674 5532 1977 5601 eﬂiciamini
2008 5532 2107 5585 mei
2140 5531 2304 5587 disci.

715 5627 852 5697 puli.
1044 5668 1073 5674 --
1179 5684 1190 5690 ,
1257 5645 1260 5648 ’
1741 5669 1750 5677 ι
1809 5646 1833 5668 '~'

788 5720 1167 5775 Clariﬁcatum
1207 5733 1331 5773 esse
1370 5715 1503 5770 dicit
1544 5729 1704 5769 suum
1747 5706 1962 5800 Patrem
2013 5730 2078 5768 ac
2104 5712 2297 5777 Deum,
2348 5732 2353 5736 ι

797 5836 837 5864 ιδ
873 5833 992 5887 Jac.
1034 5850 1109 5900 ιι,
1152 5835 1233 5887 to.
1312 5835 1355 5865 εἰ
1393 5832 1532 5887 Psal.
1567 5844 1783 5903 cxvttt,
1822 5810 1941 5881 tl."
1990 5828 2034 5860 π
2070 5826 2197 5884 ibid.
2241 5830 2363 5884 NO.

2494 5445 2591 5502 Ἑν
2630 5448 2820 5513 τούτῳ
2850 5448 3153 5518 ἐδοξάσθη
3203 5453 3237 5504 ό
3283 5452 3483 5518 Πατήρ
3520 5468 3658 5519 μου,
3694 5451 3777 5504 ἵνα
3815 5458 3908 5509 καθ’

2408 5535 2529 5589 πὸν
2579 5538 2780 5609 πολὺν
2844 5541 3061 5609 φέρητε
3082 5580 3095 5604 ,
3150 5543 3252 5597 καὶ
3307 5544 3634 5612 γενήσεσθε
3689 5539 3795 5611 ἐμοὶ
3835 5552 3908 5606 μιν

2410 5630 2583 5694 θητιιί
2592 5669 2604 5680 .
2750 5674 2753 5677 .
2783 5684 2786 5687 λ

2477 5720 2795 5786 Aeacidis-0a:
2844 5726 2975 5796 φησὶ
3030 5726 3117 5780 τὸν
3185 5729 3379 5783 ἑαυτοῦ
3431 5729 3642 5798 Πατέρα
3686 5725 3762 5779 καὶ
3802 5719 3906 5780 ee»,
