4056 6538
38 398 142 453 369
1110 397 1189 453 ΙΝ
1204 398 1488 463 JOANNIS
1525 398 1694 456 ΕνΑι

1797 399 1970 457 ιιιωι
2000 400 2127 455 ιω.
2170 400 2238 456 Χ.
2266 448 2269 455 .

40 516 125 568 tn‘
152 513 527 585 ἀσυγκρίτῳ
553 515 773 580 δικαίως
803 515 1215 588 θαυμαζόμενον
1236 518 1557 592 ἁγαθότητι,
1585 521 1680 576 καὶ

1797 522 1988 591 quippe
2012 522 2104 591 qui
2121 522 2193 575 ob
2214 520 2701 591 incomparabilem
2730 520 3027 575 bonitatem
3053 520 3109 575 in'
3126 519 3368 577 admira-

42 605 143 673 τῆς
181 604 271 666 είς
297 603 504 675 ἀκρον
545 606 724 677 ἰούσης
750 606 1088 678 ἡμερότητος
1122 611 1373 682 καθάπερ
1401 614 1525 667 τινὰ
1559 615 1682 667 στέ-

1797 616 1936 668 ιιοιιε
1958 612 2081 683 jure
2110 613 2183 666 sit
2220 613 2473 676 habitus,
2502 620 2554 666 et
2582 628 2648 668 ex
2683 612 2775 665 illa
2811 611 3185 667 celebratione
3212 628 3358 669 sum-

48 713 218 764 φανον
249 697 445 768 ἀναδη
456 702 700 772 σάμενον
726 701 824 773 τὴν
856 701 1131 768 ἀπόδειξιν
1151 721 1163 733 ·
1205 726 1223 757 ι
1264 707 1549 778 Ἠγάπησε
1574 707 1682 780 γὰρ

1797 718 1887 758 mae
1912 703 2266 773 benignitatis
2314 718 2518 759 corona
2564 704 2730 758 veluti
2788 701 3026 772 quadam
3079 711 3313 756 ornatus
3352 721 3364 755 :

46 789 193 842 οὕτω
229 789 335 842 τὸν
386 791 635 864 κόσμον,
686 793 829 847 κατὰ
872 794 935 847 τὸ
969 798 1375 867 γεγραμμένον,
1414 798 1557 852 ὥστε
1592 799 1683 852 τὸν

1797 791 1914 848 rS‘ic
1932 794 2078 848 enim
2100 794 2293 849 dilexit
2314 795 2602 862 mundum,
2622 794 2773 850 sicut
2791 795 3056 861 scriptum
3075 801 3181 859 est,
3208 801 3268 847 ut
3283 790 3371 847 Fi-

52 878 183 932 Υίδν
209 877 398 933 αὐτοῦ
428 881 540 934 τὸν
561 884 820 954 μονογενῆ
850 883 1069 949 ἔδωκεν,
1100 886 1188 940 ἵνα
1217 888 1325 952 πᾶς
1353 889 1383 940 ὁ
1410 888 1684 943 πιστεύων

1797 885 1922 939 lium
1948 901 2110 941 suum
2155 887 2495 954 unigenitum
2531 874 2722 949 daret,
2763 893 2825 940 ut
2854 885 3033 941 omnis
3068 886 3162 955 qui
3192 882 3365 939 credit

56 973 135 1030 είς
168 969 344 1023 αὐτὸν
400 971 489 1043 μὴ
547 973 831 1042 ἀπόληται,
883 974 1000 1027 ἀλλ’
1045 976 1144 1048 ἔχῃ
1189 977 1334 1049 ζωὴν
1382 979 1619 1033 αἰώνιον.
1658 1000 1680 1033 ι

1797 981 1840 1031 in
1875 992 2019 1041 eum,
2049 991 2158 1031 non
2189 986 2396 1047 pereat,
2418 978 2512 1031 sed
2545 979 2738 1033 habeat
2774 979 2943 1033 vitam
2971 984 3232 1031 aeternam
3259 974 3360 1027 ".r
3388 1008 3391 1015 ~

59 1059 292 1132 Καρπὸς
327 1055 438 1113 οῦν
473 1063 590 1133 ἄρα
614 1066 713 1134 τῆς
749 1065 1080 1136 ἡμερότητος
1120 1066 1213 1119 τοῦ
1243 1067 1378 1121 Θεοῦ
1428 1069 1523 1123 καὶ
1570 1071 1684 1124 Πα-

1797 1067 2024 1125 Fructus
2056 1070 2223 1141 igitur
2250 1069 2510 1123 bonitatis
2541 1068 2636 1123 Dei
2665 1084 2729 1123 ac
2759 1070 2963 1131 Patris,
2994 1068 3103 1121 vita
3134 1074 3222 1120 est
3244 1080 3366 1120 om-

62 1153 207 1223 τρὸς,
241 1153 277 1221 ἡ
320 1147 569 1207 πάντων
597 1154 731 1225 ζωὴ,
775 1157 1124 1229 πληρουμένη
1160 1159 1400 1229 δηλονότι
1430 1160 1519 1214 διὰ
1551 1164 1687 1233 Χρι-

1797 1163 1966 1228 nium,
1992 1176 2114 1231 qua:
2139 1176 2237 1231 per
2264 1160 2543 1215 Christum
2576 1161 2788 1215 scilicet
2819 1161 3098 1229 impletur.
3130 1157 3368 1227 Ideoque

64 1240 213 1296 στοῦ.
249 1243 360 1296 Διὰ
395 1243 574 1298 τοῦτο
600 1248 693 1299 καὶ
725 1247 886 1311 αὐτὸς
915 1248 1017 1318 ἔφη
1046 1265 1170 1313 που,
1197 1250 1580 1321 διαλεγόμενος
1610 1254 1687 1317 ὡς

1797 1255 1906 1325 ipse
1952 1255 2019 1310 ad
2069 1254 2240 1309 Deum
2291 1262 2345 1308 et
2401 1253 2617 1307 Patrem
2652 1268 2813 1308 suum
2866 1254 3101 1321 loquens
3163 1248 3366 1302 alicubi

69 1332 205 1401 πρὸς
240 1332 387 1386 Θεὸν
419 1334 531 1389 καὶ
559 1336 809 1408 Πατέρα·
848 1360 866 1391 ι
921 1339 1062 1407 Ἑγώ
1093 1357 1151 1393 σε
1194 1340 1420 1406 ἐδόξασα
1462 1343 1555 1397 ἐπὶ
1588 1345 1688 1413 τῆς

1797 1346 1929 1401 dixit
1962 1366 1974 1401 :
2011 1365 2028 1398 ι
2066 1346 2179 1418 Ego
2211 1354 2264 1400 te
2294 1344 2612 1400 clariﬁcavi.
2646 1357 2785 1412 opus
2815 1340 3187 1396 consummavi
3220 1338 3367 1408 quod

68 1423 189 1492 γῆς.
234 1422 301 1475 τὸ
355 1422 541 1493 ἔργον
593 1425 905 1492 τελειώσας,
950 1428 978 1481 ὃ
1025 1429 1263 1493 δέδωκάς
1297 1447 1410 1500 μοι,
1439 1432 1526 1487 ἵνα
1557 1435 1690 1502 πλη.

1797 1438 1992 1494 dedisti
2023 1437 2180 1503 mihi,
2218 1445 2277 1491 ut
2311 1436 2508 1491 faciam
2537 1436 2602 1488 ⁸⁷.
2640 1453 2657 1485 ι
2694 1436 2990 1503 Acceptam
3022 1433 3169 1487 enim
3204 1447 3233 1485 a
3264 1430 3368 1483 Pa-

77 1512 236 1578 ρώσω
262 1514 431 1568 αύτό.
460 1534 485 1567 ιη
528 1516 1005 1590 Ἐγχειρισάμενος
1029 1521 1139 1593 γάρ
1172 1525 1322 1587 παρὰ
1349 1524 1444 1579 τοῦ
1475 1527 1690 1597 Πατρδς

1797 1537 1873 1581 Lre
1911 1526 2323 1598 quodammodo
2377 1526 2763 1580 universorum
2822 1523 3058 1578 salutem
3099 1521 3205 1575 rite
3253 1533 3397 1590 pera

74 1606 263 1677 ὥσπερ
304 1608 417 1677 τὴν
462 1610 728 1665 ἁπάντων
763 1613 921 1682 ἡμῶν
962 1616 1238 1687 σωτηρίαν
1279 1619 1307 1671 ό
1356 1618 1685 1689 Μονογενὴς,

1797 1620 1902 1690 egit
1938 1620 2289 1690 Unigenitus,
2324 1634 2431 1672 non
2469 1616 2708 1672 ministri
2743 1616 2864 1669 loco
2898 1619 3235 1681 assumptus,
3271 1610 3367 1665 sed

84 1694 138 1752 εὖ
172 1697 318 1767 μάλα
350 1699 749 1769 κατώρθωκεν.
777 1703 876 1756 οὐκ
911 1706 967 1758 ἐν
1001 1706 1302 1777 ὑπουργίας
1328 1709 1479 1773 τάξει
1505 1727 1687 1780 παρα-

1797 1712 2027 1779 ipsamet
2057 1707 2241 1765 Patris
2286 1709 2553 1778 sapientia
2584 1714 2640 1761 et
2682 1705 2861 1758 virtus
2905 1703 3185 1758 exsistens
3218 1699 3368 1769 geni-

85 1788 327 1859 ληφθεὶς,
362 1790 494 1843 ἀλλ’
525 1793 839 1862 αύτοσοφία,
872 1798 966 1849 καὶ
1016 1796 1245 1868 δύναμις
1281 1799 1375 1853 τοῦ
1421 1800 1689 1868 φύσαντος

1797 1803 1954 1867 toris,
2009 1802 2129 1857 sine
2177 1815 2288 1870 qua
2350 1799 2467 1853 fieri
2523 1797 2656 1851 nihil
2715 1794 2874 1865 plane
2907 1799 3109 1863 potest.
3173 1789 3371 1843 Omnia

90 1881 366 1951 ὑπάρχων,
416 1877 493 1952 ἧς
544 1884 640 1939 καὶ
682 1884 804 1955 δίχα
837 1886 1047 1954 γένοιτο
1088 1890 1149 1942 τὸ
1199 1891 1462 1963 παράπαν
1513 1892 1687 1945 οὐδέν.

1797 1893 1997 1963 quippe
2048 1906 2144 1962 per
2189 1893 2392 1961 ipsum,
2447 1889 2606 1959 juxta
2658 1894 2913 1941 sanctum
2948 1882 3368 1953 evangelistam,

92 1972 267 2024 Πάντα
296 1971 408 2042 γὰρ
459 1972 533 2025 δι’
570 1975 759 2039 αὑτοῦ,
795 1976 934 2031 κατὰ
968 1980 1058 2033 τὸν
1093 1981 1246 2048 ἅγιον
1276 1983 1686 2055 εύαγγελιστὴν,

1797 1967 1889 2038 sed
1919 1997 2020 2037 nos
2050 1983 2253 2038 eximio
2285 1981 2520 2051 quodam
2547 1978 2728 2033 modo.
2780 1976 2934 2031 L'nde
2961 1975 3156 2030 beatus
3200 1969 3371 2025 David

96 2059 382 2130 ὶξαιρέτως
429 2060 492 2113 δὲ
543 2063 614 2116 τὰ
658 2064 780 2117 καθ’
817 2066 984 2135 ἡμᾶς.
1029 2068 1139 2121 Καὶ
1180 2069 1309 2137 γοῦν
1344 2072 1373 2123 ό
1420 2072 1691 2144 μακάριος

97 2150 249 2204 Δαδὶδ
279 2150 391 2204 τῶν
438 2151 571 2205 καθ’
615 2155 762 2224 ἡμᾶς
814 2158 1154 2228 πραγμάτων
1206 2161 1303 2232 τὴν
1359 2164 1689 2235 οἰκονομίαν,

100 2242 187 2295 καλ⁵
208 2241 306 2310 τῆς
337 2243 611 2299 ἁπάντων
640 2245 786 2317 ζωῆς
816 2250 915 2319 τὴν
938 2251 1274 2322 κατόρθωσιν
1298 2255 1690 2326 ἐπιτρέπεσθαι

100 2334 174 2403 τῷ
196 2333 310 2405 Υίῷ
345 2336 509 2406 παρὰ
542 2338 779 2408 Πατρὸς,
825 2340 920 2394 ἅτε
959 2342 1020 2413 δὴ
1073 2344 1168 2397 καὶ
1201 2345 1500 2416 ὑπάρχοντι
1532 2348 1692 2402 δυνά-

109 2441 190 2493 μει
226 2425 319 2477 καὶ
366 2426 542 2497 σοφίᾳ
575 2426 762 2494 αὐτοῦ,
799 2433 1105 2499 παρακαλεί
1154 2434 1327 2504 λέγων
1372 2438 1501 2491 ποτὲ
1557 2440 1688 2508 μέν’

115 2534 133 2565 ι
165 2519 451 2578 Ἐντειλαι.
482 2522 513 2572 ό
546 2520 700 2585 Θεὸς,
729 2525 794 2593 τῇ
842 2524 1069 2594 δυνάμει
1123 2544 1247 2581 σου’
1296 2530 1634 2601 δυνάμωσον,
1665 2536 1693 2586 ό

111 2604 247 2666 Θεὸς,
275 2606 436 2658 τοῦτο
464 2607 496 2659 ὃ
526 2613 879 2683 κατειργάσω
906 2616 964 2668 ἐν
994 2620 1146 2689 ἡμῖν,
1185 2640 1203 2670 ι
1237 2622 1365 2674 ποτὲ
1401 2623 1457 2675 δὲ
1494 2625 1656 2677 πάλιν
1675 2642 1687 2655 ·

120 2694 400 2786 ι-Ὀ-Θεὸς,
447 2698 514 2751 τὸ
564 2703 741 2772 κρτμά
795 2722 887 2759 σου
931 2707 1008 2778 τῷ
1041 2708 1252 2777 βασιλεί
1284 2711 1392 2773 δός.
1435 2731 1453 2763 ι
1495 2715 1691 2786 Ἔργον

114 2782 209 2854 γὰρ
233 2778 300 2853 ἦν
331 2785 504 2855 μόνου
537 2790 633 2844 τοῦ
663 2794 1154 2863 συμϐασιλεύοντος
1181 2800 1259 2869 τῷ
1294 2800 1413 2871 Θεῷ
1447 2805 1539 2857 καὶ
1563 2778 1695 2859 ’Πα-

117 2875 215 2966 τρί,
234 2875 293 2966 τὸ
320 2879 510 2933 πᾶσαν
549 2884 1008 2957 κατεφθαρμένην
1034 2889 1414 2961 ἐπανορθῶσαι
1444 2895 1543 2965 τὴν
1568 2897 1689 2966 γῆν,

1726 1860 1767 1913 Β

1796 2083 2111 2129 nostrarum
2146 2088 2331 2129 rerum
2365 2072 2843 2143 dispensationem
2883 2078 2939 2124 et
2980 2069 3106 2121 vitae
3147 2065 3369 2119 univer-

1794 2178 1981 2221 serum
2020 2164 2412 2235 perfectionem
2450 2163 2590 2217 Filio
2620 2177 2650 2215 a
2679 2161 2842 2216 Patre
2880 2157 3152 2222 mandari,
3183 2162 3375 2225 utpote.

1794 2274 1918 2313 cum
1951 2259 2022 2312 sit
2051 2257 2227 2311 virtus
2259 2256 2380 2325 ejus
2414 2267 2467 2310 et
2497 2254 2765 2324 sapientia
2787 2252 2857 2317 ³⁸,
2882 2252 3134 2305 hortatur
3156 2249 3370 2312 dicens,

1796 2349 1961 2402 modo
1999 2348 2221 2417 quidem
2252 2365 2264 2400 :
2306 2364 2323 2396 ι
2357 2343 2549 2398 lllanda
2576 2386 2590 2408 ,
2621 2342 2768 2397 Deus
2790 2381 2804 2406 ,
2835 2340 3027 2397 virtuti
3058 2350 3199 2404 tuae;
3238 2354 3373 2393 con-

1797 2438 1951 2492 firma
1978 2438 2104 2501 hoc,
2133 2437 2299 2499 Deus,
2322 2436 2489 2506 880
2508 2435 2653 2505 quod
2680 2433 2958 2502 perfecisti
2986 2432 3039 2485 in
3069 2431 3229 2486 nobis
3254 2430 3299 2465 "
3318 2446 3366 2495 ςι

1793 2530 1957 2584 modo
1990 2544 2219 2584 rursus:
2253 2547 2270 2579 ι
2304 2527 2764 2596 Deus,judicium
2806 2533 2961 2578 tuum
2999 2522 3112 2592 regi
3143 2523 3212 2576 da
3239 2521 3306 2574 ‘°.
3345 2538 3364 2571 ι

1795 2619 1947 2689 Opus
1976 2620 2126 2673 enim
2178 2628 2265 2674 est
2300 2619 2422 2686 ejus
2473 2618 2639 2672 unius
2673 2617 2767 2685 qui
2812 2615 2977 2670 simul
3007 2628 3133 2667 cum
3170 2613 3280 2667 Deo
3306 2626 3373 2666 ac

1796 2710 1957 2765 Patre
1990 2714 2202 2779 regnat,
2234 2709 2549 2763 universam
2575 2716 2778 2764 terram
2805 2716 3121 2774 corruptam
3156 2707 3374 2761 instau-

1796 2814 1940 2860 rare,
1972 2806 2025 2852 et
2059 2798 2125 2851 ad
2158 2798 2215 2851 id
2242 2799 2389 2866 quod
2434 2805 2550 2852 erat
2605 2797 2787 2861 initio,
2839 2796 3147 2852 reformare
3185 2810 3369 2865 posse.

1794 2890 2143 2945 Clariﬁcatus
2175 2890 2341 2958 igitur
2371 2898 2455 2943 cst
2488 2889 2650 2943 Pater
2680 2904 2836 2944 meus
2874 2887 3003 2942 dato
3028 2887 3250 2957 proprio
3282 2887 3373 2941 Fi-

119 2964 199 3017 καὶ
224 2965 628 3040 ἁναμορφῶσαι
662 2974 920 3030 δύνασθαι
951 2977 1088 3047 πρὸς
1115 2979 1252 3048 ὅπερ
1279 2977 1347 3051 ἦν
1386 2985 1444 3035 ἐν
1477 2964 1690 3054 ἀρχαίς.

1797 2978 1871 3031 lio
1928 2979 1983 3031 in
2038 2977 2281 3046 pretium
2329 2976 2728 3045 redemptionis
2764 2976 2889 3030 vitae
2935 2975 3123 3029 mundi
3162 2976 3369 3043 hujus,

132 3056 402 3129 Ἐδοξάσθη
444 3063 741 3134 τοιγαροῦν
786 3067 813 3118 ὁ
854 3067 1043 3139 Πατήρ
1088 3087 1189 3140 μου
1235 3071 1453 3135 ἐπιδοὺς
1482 3076 1693 3129 ἀντίλυ-

1797 3068 2017 3137 quando
2048 3066 2256 3137 placuit
2283 3067 2337 3120 in
2367 3066 2608 3120 humana
2639 3081 2807 3121 carne
2828 3065 3011 3121 videre
3043 3081 3131 3120 me
3160 3068 3255 3134 qui
3280 3081 3374 3120 su-

119 3161 231 3254 τρον
250 3150 348 3220 τῆς
375 3150 472 3205 τοῦ
504 3155 714 3225 κόσμου
749 3156 893 3227 ζωῆς
921 3160 1013 3213 τὸν
1043 3160 1173 3215 ἴδιον
1196 3163 1390 3218 ἑαυτοῦ
1415 3164 1564 3229 Υίὸν,
1596 3168 1687 3219 εύ-

1797 3174 1894 3228 pra
1937 3173 2155 3213 onmem
2204 3165 2516 3213 creaturam
2565 3171 2707 3221 sum,
2764 3171 2875 3212 non
2908 3166 2964 3211 ut
2997 3156 3202 3226 aliquid
3244 3157 3373 3212 boni

124 3239 336 3310 δοκήσας
365 3243 496 3299 ἰδεῖν
526 3246 590 3301 ἑν
620 3250 731 3312 τοῖς
756 3249 877 3302 καθ’
905 3253 1053 3321 ἡμᾶς
1089 3253 1180 3307 τὸν
1207 3256 1347 3327 ὑπὲρ
1379 3261 1560 3311 πᾶσαν
1591 3261 1691 3329 τὴν

1797 3265 1909 3305 suae
1946 3259 2159 3305 naturae
2204 3251 2530 3305 conciliaret
2562 3248 3038 3319 (perfectissimus
3105 3250 3250 3303 enim
3292 3258 3373 3304 est

124 3331 299 3424 κτίσιν,
329 3335 426 3404 οὑχ
476 3336 569 3392 ἵνα
616 3356 670 3391 τι
710 3340 821 3393 τῶν
846 3342 1069 3411 ἀγαθῶν
1115 3348 1181 3415 τῇ
1218 3347 1322 3417 ἰδίᾳ
1371 3351 1692 3424 κατορθώσῃ

130 3418 268 3511 φύσει
290 3424 635 3492 (παντέλειος
660 3428 770 3500 γὰρ
808 3430 903 3484 καί¹
930 3432 1258 3507 ἁπροσδεης,
1281 3418 1535 3491 ἁπάντων
1556 3418 1693 3511 ἔχων

129 3509 179 3562 τό
205 3514 439 3583 κράτος),
480 3517 599 3571 ἀλλ’
634 3520 720 3574 ἵνα
763 3521 922 3591 ὑμεῖς
957 3524 1178 3578 πλείονα
1224 3529 1437 3598 καρπὸν
1465 3509 1691 3601 φέρητε,

131 3601 212 3653 καὶ
242 3602 466 3677 γένησθε
514 3608 645 3677 ἐμοὶ
696 3610 955 3681 μαθηταί.
1006 3609 1070 3664 Et
1106 3613 1180 3685 μὴ
1218 3614 1326 3686 γὰρ
1356 3617 1578 3686 γέγονεν
1603 3619 1694 3673 ἄν·

132 3689 340 3783 epam,
387 3697 500 3750 οὐδ’
539 3697 607 3753 ἂν
656 3700 793 3765 ὅλως
833 3704 997 3772 ἡμεῖς
1036 3702 1139 3774 τῆς
1177 3706 1316 3776 πρὸς
1358 3709 1520 3763 αὑτὸν
1551 3727 1693 3783 συμ-

133 3782 273 3849 Quid;
296 3785 612 3857 ἠξιωμένοι,
639 3792 733 3844 καὶ
780 3793 1075 3862 κλημάτων
1105 3794 1259 3864 δίκην
1293 3798 1691 3868 ἐμπεφυκότες,

1796 3354 1859 3396 ac
1888 3343 2093 3398 nullius
2121 3342 2202 3396 rei
2251 3341 2492 3412 indigus,
2532 3342 2715 3396 omnia
2750 3348 3025 3411 potestate
3056 3355 3156 3396 sua
3197 3341 3374 3395 conri-

1795 3433 1977 3505 nens),
2013 3433 2107 3490 sed
2142 3440 2201 3487 ut
2238 3449 2334 3489 vos
2378 3433 2689 3488 uberiorem
2725 3432 2967 3487 fructum
3014 3432 3275 3497 all‘eratis,
3319 3440 3374 3486 et

1795 3523 2110 3579 elllciamini
2157 3524 2263 3577 mei
2310 3523 2590 3592 discipuli.
2642 3522 2758 3577 Nisi
2803 3524 2948 3577 enim
2988 3523 3152 3577 homo
3192 3522 3373 3577 factus

1794 3622 1963 3678 esset,
2011 3615 2328 3685 neutiquam
2373 3626 2520 3669 certe
2558 3628 2659 3669 nos
2692 3614 2812 3684 ejus
2863 3614 3118 3668 honorati
3171 3627 3373 3684 cogna-

1795 3708 1962 3770 tione,
1997 3714 2052 3762 et
2096 3706 2383 3777 palmitum
2412 3704 2588 3759 instar
2634 3706 2683 3761 ei
2733 3705 2900 3767 alliai,
2948 3712 3002 3760 et
3054 3705 3121 3758 ad
3157 3704 3373 3759 fructus

1796 3796 2178 3869 producendos
2202 3796 2271 3851 ab
2304 3811 2371 3851 eo
2398 3795 2583 3850 donati
2611 3811 2709 3865 per
2740 3796 3219 3865 participationem
3250 3794 3375 3865 Spi-

3259 388 3463 464 δῖοί

135 3872 214 3924 καὶ
246 3874 466 3948 δύναμιν
501 3881 585 3943 είς
622 3883 1003 3953 καρποφορίαν
1052 3884 1401 3956 ποριζόμενοι
1444 3892 1574 3961 παρ’
1600 3893 1698 3945 αύο

136 3962 235 4028 τοῦ,
262 3965 343 4021 διὰ
385 3972 681 4038 μετουσίας
722 3974 817 4028 τοῦ
872 3976 1210 4047 Πνεύματος,
1243 3979 1586 4052 ἁπετέκομεν
1628 3984 1696 4038 ἂν

138 4055 213 4106 τὸν
250 4058 343 4126 τῆς
384 4060 669 4132 θεοφιλοῦς
702 4064 978 4130 πολιτείας
1014 4070 1247 4140 καρπὸν,
1292 4071 1353 4125 ὃν
1391 4074 1485 4127 καὶ
1529 4076 1697 4131 πολὺν

138 4146 383 4217 ὀνομάζει,
411 4152 505 4205 τὸν
536 4154 602 4207 ὲκ
632 4155 733 4225 τῆς
760 4159 989 4229 νομικῆς
1014 4160 1270 4232 λατρείας
1300 4163 1475 4219 ὀπίσω
1504 4166 1693 4232 τιθεὶς,

142 4236 188 4328 ἐν
213 4237 474 4296 ἐλάττοσιν
510 4238 649 4299 εἶναι
689 4247 884 4316 δηλῶν.
923 4267 941 4299 ε
975 4248 1303 4307 Τετελείωκε
1336 4254 1443 4327 γὰρ
1469 4258 1497 4310 ό
1535 4258 1700 4328 νόμος

139 4327 286 4395 οὐδὲν,
322 4351 340 4381 ι
375 4334 522 4388 κατὰ
571 4334 671 4407 τὴν
712 4336 804 4391 τοῦ
855 4339 1069 4393 Παύλου
1120 4344 1326 4415 φωνήν.
1389 4345 1489 4400 Διὰ
1536 4347 1696 4403 τοῦτο

144 4416 255 4486 πρὸς
288 4421 408 4485 τοὺς
452 4422 644 4491 ἁγίους
691 4424 895 4492 ἔφασκε
931 4429 1199 4499 μαθητὰς,
1231 4432 1432 4502 μᾶλλον
1460 4433 1517 4488 δὲ
1559 4438 1697 4508 πρὸς

1795 3890 1960 3954 ritus,
1986 3889 2090 3959 piae
2112 3890 2554 3946 conversationis
2578 3889 2816 3945 fructum
2840 3902 3184 3960 pareremus,
3212 3900 3374 3957 quem

1794 3994 1849 4037 et
1887 3982 2190 4052 plurimum
2222 3991 2490 4045 nominat,
2526 3981 2760 4051 legalem
2794 3979 3002 4034 cultum
3053 3977 3183 4031 huic
3224 3982 3374 4046 post-

1796 4086 2030 4142 ponens,
2079 4079 2136 4126 ct
2186 4071 2457 4125 minorem
2513 4085 2638 4125 esse
2688 4069 3099 4124 demonstrans.
3224 4062 3373 4119 Nihil

1796 4164 1943 4218 enim
1973 4161 2042 4217 ad
2080 4162 2385 4232 perfectum
2422 4161 2651 4216 adduxit
2680 4161 2790 4224 lex,
2826 4178 2845 4212 ι
2879 4159 3037 4228 juxta
3066 4156 3218 4212 Pauli
3242 4171 3373 4211 sen-

1795 4252 2029 4307 tentiam
2066 4252 2133 4306 “.
2178 4251 2390 4307 Idcirco
2420 4252 2488 4307 ad
2525 4261 2751 4307 sanctos
2800 4249 3105 4319 discipulos
3150 4246 3376 4307 aiebat.

1796 4345 1908 4399 imo
1936 4358 2068 4399 vero
2103 4343 2289 4413 potius
2319 4342 2387 4398 ad
2431 4357 2533 4399 nos
2577 4357 2792 4408 omnes,
2830 4341 2926 4411 qui
2969 4355 3066 4410 per
3117 4338 3275 4392 [idem
3325 4345 3381 4393 et

1796 4437 2167 4491 omnimodam
2195 4437 2522 4494 charitatem
2571 4438 2622 4494 ei
2671 4437 3065 4492 adhazremus:
3115 4454 3134 4487 ι
3177 4434 3376 4497 Amen,

145 4508 359 4607 ῦπαντας
406 4516 593 4607 ημᾶς,
645 4517 695 4570 οἳ
742 4518 831 4572 διὰ
881 4519 1117 4587 πίστεως
1170 4525 1265 4578 καὶ
1310 4526 1411 4598 τῆς
1466 4529 1694 4583 είσάπαν

1804 4542 1966 4583 amen
2004 4528 2131 4583 dico
2159 4528 2343 4596 vobis,
2388 4529 2495 4584 nisi
2544 4527 2909 4584 abundaverit
2946 4528 3165 4598 justitia
3196 4533 3379 4581 vestra

147 4600 334 4691 άγατιης
358 4605 509 4678 αύτῷ
538 4608 877 4680 κεκλήμεθα·
905 4631 924 4663 ι
960 4613 1155 4685 Ἀμὴν,
1191 4615 1337 4689 ἀμὴν
1368 4618 1511 4686 λέγω
1545 4622 1695 4691 ὑμῖν,

147 4688 221 4741 ἐὰν
250 4693 319 4765 μὴ
368 4700 706 4771 περισσεύσῃ
756 4700 790 4772 ἡ
833 4700 1143 4776 δικαιοσύνη
1197 4706 1355 4776 ὑμῶν
1398 4708 1562 4763 πλέον
1584 4688 1711 4766 *τῶνῖ

149 4778 491 4871 Γλραμματέων
525 4789 619 4843 καὶ
669 4792 997 4864 Φαρισαίων,
1046 4797 1107 4849 οὐ
1161 4797 1237 4869 μὴ
1290 4798 1568 4871 εἰσέλθητε
1622 4804 1702 4866 είς

149 4869 228 4957 τὴν
272 4872 538 4944 βασιλείαν
584 4881 693 4935 τῶν
747 4884 1008 4956 οὐρανῶν.
1050 4905 1071 4940 ι
1108 4888 1219 4943 Καὶ
1271 4890 1467 4944 πάλιν*
1496 4869 1542 4943 ἡ(
1588 4894 1704 4957 Πᾶς

151 4956 479 5055 ξραμματεὺς
507 4972 867 5044 μαθητευθεὶς
894 4979 959 5048 τῇ
996 4976 1247 5053 βασιλείᾳ
1276 4981 1388 5036 τῶν
1426 4984 1693 5055 οὐρανῶν,

154 5051 304 5141 ὅμοιός
355 5059 500 5115 ἐστιν
545 5064 818 5138 ἀνθρώπῳ
860 5067 1122 5141 πλουσίῳ,
1156 5051 1304 5137 ὅστις
1344 5051 1596 5130 ἐκσάλλει
1631 5077 1697 5132 ὲκ

155 5140 228 5239 τεξῦ
257 5144 514 5239 θησαυροῦ
557 5153 722 5209 αὐτοῦ
768 5157 943 5217 καινὰ,
975 5140 1337 5217 καὶίπαλαιάο
1387 5182 1406 5214 ι
1443 5166 1697 5239 καθάπερ

156 5234 243 5303 γὰρ
273 5238 331 5292 ἐκ
357 5240 627 5317 Θησαυροῦ
665 5248 764 5319 τῆς
801 5249 1030 5322 καρδίας
1070 5252 1141 5306 τὰ
1189 5255 1462 5312 Μωσαῖκά
1503 5234 1694 5331 διηγήλ

162 5338 298 5429 ματα,
326 5334 545 5429 καὶτῶν
578 5339 821 5410 ἀρχαίων
844 5346 1292 5417 συγγραμμάτων
1326 5348 1426 5421 τὴν
1450 5353 1691 5424 μνήμην.

182 5415 217 5466 0
234 5435 293 5520 γε
447 5430 711 5502 κατήκοός
739 5449 798 5485 τε
827 5434 920 5487 καὶ
952 5415 1196 5510 εύμαθὴς
1220 5441 1314 5495 καὶ
1341 5415 1695 5514 ﬁg'gog-ffg-

160 5501 288 5609 λικης
328 5501 600 5590 δᾳδουχίας
640 5522 947 5591 ἀνάπλεως,
985 5501 1299 5593 τέυλιέάωι
1344 5501 1592 5599 διπλοῦς.
1616 5501 1696 5601 εἰς

166 5607 379 5670 πλοῦτον,
403 5609 488 5665 τὸν
516 5612 573 5665 ὲν
599 5613 873 5684 Πνεύματι
904 5616 962 5671 δὲ
989 5617 1229 5691 δηλονότι
1255 5623 1418 5693 φημί.
1446 5625 1557 5679 Νέα
1587 5628 1693 5698 γὰρ

1798 4620 1924 4690 plus
1952 4634 2115 4689 quam
2150 4619 2472 4675 Scribarum
2513 4630 2567 4675 et
2599 4620 3029 4682 Pharisaeorum,
3063 4633 3173 4672 non
3202 4618 3380 4671 intra-

1797 4712 1927 4766 bitis
1955 4710 2010 4764 in
2041 4726 2272 4781 regnum
2299 4713 2568 4767 caelorum
2599 4712 2667 4766 ".
2712 4731 2731 4762 ι
2763 4710 2830 4764 Et
2858 4725 3051 4764 rursus
3084 4727 3099 4763 :
3131 4726 3150 4759 ι
3185 4706 3381 4763 Omnis

1802 4802 1994 4857 Scriba
2027 4802 2226 4857 doctus
2261 4802 2315 4856 in
2349 4818 2520 4872 regno
2549 4803 2843 4865 caelorum,
2897 4800 3095 4855 similis
3144 4804 3230 4853 est
3275 4797 3375 4850 hoc

1803 4893 1937 4947 mini
1989 4893 2146 4947 diviti
2193 4895 2286 4963 qui
2325 4893 2538 4962 profert
2588 4894 2657 4949 de
2707 4893 2968 4948 thesauro
3001 4905 3104 4946 suo
3149 4904 3289 4943 nova
3321 4897 3378 4945 et

1802 4992 1988 5039 vetera
2020 4985 2064 5016 ι³
2097 5004 2111 5039 :
2146 5004 2164 5037 ι
2200 5000 2230 5040 e
2260 4985 2521 5041 thesauro
2551 4984 2736 5041 cordis
2765 4982 3052 5047 nimirum,
3080 4980 3381 5036 Mosaicam

1803 5074 2090 5130 historiam
2124 5082 2182 5129 et
2220 5084 2468 5130 veterum
2520 5077 2856 5144 scriptorum
2888 5070 3235 5125 memoriam.
3277 5070 3380 5127 Do-

1803 5164 1925 5219 cilis
1960 5172 2143 5221 autem
2165 5172 2220 5221 et
2240 5166 2571 5236 evangelicae
2601 5162 2995 5219 illustrationis
3025 5161 3245 5232 plenus,
3283 5177 3382 5216 co-

1806 5260 2018 5331 piosus,
2043 5270 2099 5317 et
2126 5260 2297 5332 duplo
2322 5261 2491 5316 ditior
2524 5267 2630 5327 est,
2676 5258 3017 5331 spiritalibus
3058 5272 3258 5327 nempe
3297 5256 3414 5317 (ιι-ξ

1803 5350 1975 5407 vitiis.
2010 5350 2161 5409 Nova
2193 5353 2335 5407 enim
2367 5350 2575 5422 profert
2613 5359 2669 5409 et
2699 5360 2905 5413 vetera,
2949 5350 3086 5422 legis
3125 5348 3380 5404 umbram

1802 5442 2087 5510 nimirum,
2120 5452 2175 5500 et
2198 5444 2310 5499 vim
2344 5445 2528 5501 cultus
2557 5446 2747 5517 legalis
2788 5446 2843 5499 in
2880 5442 3215 5514 evangelicae
3253 5441 3381 5496 vitae

1804 5533 2040 5589 formam
2072 5534 2443 5591 transferens.
2476 5535 2631 5601 Quod
2659 5535 2806 5591 enim
2843 5536 2924 5590 lex
2951 5551 3047 5605 per
3070 5533 3274 5604 ﬁguras
3303 5532 3377 5585 si-

1804 5624 2123 5697 gniﬁcabat,
2148 5627 2255 5683 hoc
2281 5626 2537 5695 Christus
2562 5627 2617 5683 in
2644 5628 2899 5690 veritate,
2929 5626 3073 5682 nude
3094 5634 3148 5680 et
3167 5630 3373 5693 aperte.

226 5707 263 5809 ."
298 5709 580 5809 {tm-.1"...
605 5723 691 5809 li.-
769 5724 812 5756 ³⁷
851 5725 1007 5809 ιρξηι-
1044 5747 1173 5809 sv".
1217 5733 1269 5788 ιι.
1350 5734 1393 5767 ³ο
1432 5733 1451 5789 ι
1485 5737 1612 5793 cor.
1648 5756 1694 5805 ι,

1797 5742 1832 5796 ι.
1916 5744 1958 5776 ³³
2000 5742 2145 5799 Psal.
2179 5742 2461 5809 t.xvtt,29.
2542 5742 2752 5800 “Psal.
2799 5757 2949 5807 mm,
2990 5739 3038 5795 l.
3116 5738 3157 5771 δ’
3196 5736 3361 5793 Hebr.

175 5780 267 5845 νη.
308 5782 382 5841 18.
452 5791 493 5825 η
536 5780 723 5849 Matth.
768 5811 821 5863 v,
870 5780 1006 5853 so.“
1044 5780 1616 5873 ῖδ’”ιὶειίἰι..χιιῖξ’ἐεῖ
