4056 6538
645 383 748 442 371

1656 382 1713 438 S.
1755 382 2036 440 CYRILLI
2071 386 2539 448 ALEXANDRINI
2578 389 2904 452 ARCHIEP.

3811 389 3910 446 37!

622 498 874 574 .ldeoque
904 497 1122 558 dicebat
1156 519 1169 556 :
1224 519 1244 552 ‹
1279 496 1399 555 Non
1449 498 1569 554 veni
1622 498 1841 557 solvere
1883 502 2078 574 legem,
2120 504 2212 561 sed

2323 509 2597 577 ικδάλλει,
2629 510 2724 565 καὶ
2754 508 2986 575 παλαιὰ,
3018 507 3116 580 τὴν
3143 505 3236 562 τοῦ
3265 505 3431 579 νόμου
3464 504 3649 570 σκιὰν,
3673 505 3782 560 ’καὶ
3816 508 3907 577 τῆς

638 590 1050 664 adimplere“;
1098 611 1116 643 ι
1164 601 1216 647 et
1262 606 1509 645 rursus:
1555 607 1573 642 ι
1619 589 1792 646 Amen
1820 634 1835 657 ,
1886 608 2045 648 amen
2087 596 2215 649 dico

623 688 798 742 rvo‘bis
824 724 838 747 .
875 685 986 740 iota
1014 701 1183 740 unum
1220 693 1317 738 aut
1348 696 1494 739 unus
1525 696 1663 752 apex
1702 698 1813 738 non
1851 685 2153 752 praeteribit
2183 702 2213 740 a

618 778 779 848 ,lege,
806 775 986 832 donec
1022 775 1207 829 omnia
1243 772 1373 829 ﬁant
1404 772 1471 827 ⁸⁵.
1510 792 1529 825 ι
1557 772 1799 829 Fructus
1825 774 2010 845 itaque
2038 775 2215 847 pluri-

621 883 766 923 mus
789 868 884 939 qui
912 868 967 922 in
997 864 1209 937 Spiritu
1242 873 1296 920 et
1325 864 1562 919 veritate
1588 865 1873 931 censistit,
1904 866 2214 936 evangelici

637 960 821 1013 cultus
855 958 939 1014 vis
975 964 1031 1012 et
1068 955 1210 1010 ratio
1247 963 1352 1019 est,
1387 955 1838 1025 quandoquidem
1883 957 1940 1012 in
1981 956 2213 1027 gloriam

616 1050 734 1104 τι)ρὶ
774 1064 837 1104 ac
867 1047 1045 1104 Patris
1080 1048 1243 1102 homo
1280 1046 1464 1102 lactus
1497 1054 1583 1101 est
1612 1047 1968 1117 Unigenitus.
1999 1047 2215 1103 Idcirco

614 1154 768 1217 l:vero
795 1138 1029 1209 contigit
1060 1146 1120 1192 ut
1147 1146 1205 1193 et
1252 1138 1506 1192 homines
1553 1137 1676 1206 ejus
1706 1136 1965 1207 discipuli
1996 1137 2211 1193 ﬁerent.

636 1230 988 1300 Loquebatur
1019 1231 1166 1285 enim
1194 1228 1476 1283 veteribus
1502 1228 1665 1282 etiam
1693 1228 1821 1281 olim
1851 1242 1948 1297 per
1977 1230 2215 1298 prophe-

636 1332 722 1376 tas
746 1321 792 1354 “
811 1362 826 1388 ,
862 1330 923 1376 ut
953 1319 1119 1385 Deus,
1148 1320 1244 1375 sed
1272 1335 1437 1375 causa
1468 1320 1631 1390 881
1665 1320 1839 1375 nostri
1875 1328 1930 1375 et
1957 1319 2024 1374 de
2053 1319 2215 1375 nobis

636 1408 847 1465 dictum
885 1419 970 1466 est
1010 1426 1025 1464 :
1061 1428 1080 1461 ι
1126 1409 1194 1464 Εῑ
1236 1417 1400 1465 erunt
1431 1425 1622 1464 omnes
1657 1409 1922 1465 docibiles
1955 1408 2051 1463 Dei
2081 1410 2147 1464 ⁵⁷.
2188 1427 2209 1460 ι

634 1500 805 1558 Nobis
841 1503 988 1557 enim
1023 1502 1121 1573 qui
1174 1501 1230 1556 in
1290 1517 1414 1556 eum
1464 1499 1801 1555 credidimus
1850 1500 1993 1557 alius
2050 1516 2215 1557 nemo

636 1608 948 1647 sermonem
976 1593 1098 1662 ejus
1127 1592 1499 1656 annuntiavit,
1533 1591 1629 1646 sed
1658 1606 1761 1646 nec
1797 1592 1920 1662 ejus
1954 1592 2213 1648 volunta-

636 1694 753 1739 tum
813 1684 1189 1739 internuntius
1238 1685 1531 1755 quisquam
1605 1683 1733 1751 fuit,
1794 1685 1962 1740 sicuti
2016 1700 2213 1755 nempe

636 1775 820 1831 Moses
864 1774 1128 1831 lsraelitis
1179 1775 1235 1829 in
1283 1782 1466 1829 monte
1521 1772 1674 1839 Sina,
1714 1781 1810 1827 aut
1844 1783 1974 1844 post
2023 1773 2211 1831 Mosen

636 1865 916 1936 propheta:
974 1864 1061 1920 sui
1115 1865 1383 1934 temporis
1434 1862 1787 1930 hominibus;
1852 1878 2043 1918 verum
2093 1864 2214 1935 ipse

635 1973 738 2013 nos
766 1957 955 2013 docuit
984 1956 1262 2012 Christus.
1321 1955 1599 2010 Docibiles
1655 1964 1842 2011 autem
1873 1954 1970 2011 Dei
2019 1970 2214 2012 omnes

634 2047 847 2103 idcirco
884 2061 1099 2101 sumus.
1148 2045 1267 2100 Non
1299 2059 1431 2114 ergo
1484 2042 1616 2099 facti
1675 2059 1927 2100 essemus
1979 2045 2207 2100 omnino

633 2138 754 2209 ejus
781 2136 1075 2207 discipuli,
1111 2151 1215 2191 nec
1242 2134 1417 2190 divini
1447 2135 1657 2190 amoris
1692 2133 1939 2190 fructum
1974 2150 2212 2206 eumque

632 2230 866 2287 multum
918 2228 1245 2290 ederemus,
1293 2226 1410 2283 nisi
1458 2240 1556 2297 per
1602 2226 1995 2297 benignitatem
2049 2240 2208 2282 suam

630 2319 966 2375 clariﬁcatus
1017 2326 1166 2374 esset
1199 2316 1385 2382 Pater,
1428 2316 1522 2371 cui
1558 2315 1640 2371 sic
1689 2316 2093 2387 beneplacitum
2124 2324 2211 2373 est

624 2414 687 2467 in
716 2413 896 2478 nobis,
920 2419 981 2467 ut
1005 2410 1247 2467 Verbum
1272 2409 1422 2481 quod
1450 2426 1516 2467 ex
1540 2410 1657 2479 ejus
1685 2409 1995 2465 substantia
2020 2423 2212 2480 proce-

636 2503 719 2558 dit
744 2505 1021 2559 hOminem
1058 2502 1177 2558 ﬁeri
1212 2503 1477 2557 voluerit.
1512 2500 1604 2556 Sic
1636 2501 2009 2572 intelligemus
2037 2502 2206 2567 enim,

631 2610 758 2651 cum
794 2597 848 2650 in
899 2594 1205 2666 Scripturis
1236 2594 1436 2650 divinis
1481 2593 1772 2649 audiemus
1816 2608 1941 2648 eum
1984 2592 2209 2649 dedisse

629 2685 831 2742 Filium
858 2704 1045 2743 suum.
1073 2688 1131 2742 ld
1162 2688 1308 2743 enim
1336 2686 1671 2758 complacuit
1698 2686 1747 2742 ei
1778 2686 1873 2757 qui
1909 2702 2009 2758 pro
2044 2685 2206 2743 nobis

629 2778 743 2848 pati
784 2778 980 2841 voluit,
1016 2780 1357 2849 proindeque
1387 2776 1553 2835 etiam
1603 2777 1825 2834 dedisse
1857 2777 2079 2843 dicitur,
2121 2776 2208 2832 id-

628 2884 740 2939 que
772 2870 932 2925 valde
969 2877 1359 2925 consentanee.

2316 605 2377 655 ὲν
2428 602 2580 673 νόμῳ
2626 603 2883 674 λατρείας
2930 601 3032 670 τὴν
3090 599 3320 671 δύναμιν
3380 597 3785 669 μεταπλάττων
3837 601 3904 662 εἰς

2318 693 2503 763 σχῆμα
2555 692 2831 756 πολιτείας
2880 690 3261 760 εύαγγελικῆς.
3297 692 3365 743 '0
3415 691 3526 761 γὰρ
3583 688 3781 759 ἐδήλου
3828 687 3906 741 ad

2314 783 2425 837 τῶν
2452 782 2639 837 τύπων
2674 786 2703 836 ὀ
2736 784 2916 854 νόμος,
2947 780 3109 835 τοῦτο
3132 781 3368 852 Χριστὸς
3409 777 3900 849 ἀπημφιεσμὲνως,

2316 875 2374 927 ὲν
2396 873 2642 945 ἀληθείᾳ.
2680 874 2771 926 Διὸ
2802 874 2897 927 καὶ
2928 873 3111 942 ἔλεγεν
3132 889 3145 903 ·
3178 890 3196 922 ι
3236 872 3352 925 υύκ
3396 866 3566 941 ἦλθον
3606 867 3900 922 καταλῦσαι

2316 964 2405 1017 τὸν
2448 965 2629 1034 νόμον,
2685 965 2821 1017 ἀλλὰ
2866 964 3186 1035 πληρῶσαι·
3229 982 3247 1014 ι
3278 964 3374 1016 καὶ
3410 962 3607 1017 πάλιν
3648 980 3669 1012 ι
3719 960 3897 1029 Ἀμὴν,

2316 1056 2463 1125 ἀμὴν
2496 1057 2638 1125 λέγω
2665 1058 2815 1127 ὑμῖν,
2847 1056 2978 1110 ἰῶτα
3012 1056 3092 1117 ἒν,
3120 1056 3152 1125 ἢ
3203 1055 3301 1124 μία
3332 1054 3540 1124 κεραία
3571 1053 3633 1106 ού
3667 1054 3746 1122 μὴ
3777 1069 3900 1121 παρ-

2315 1147 2445 1218 έλθῃ
2469 1149 2575 1201 ἀπὸ
2596 1147 2690 1201 τοῦ
2709 1148 2895 1219 νόμου,
2921 1148 3026 1210 ἕως
3050 1146 3115 1200 ἂν
3157 1148 3337 1202 πάντα
3359 1145 3609 1216 γένηται.
3644 1164 3664 1195 ι
3690 1145 3898 1212 Καριδς

2313 1233 2406 1292 οὖν
2435 1238 2544 1309 ἄρα
2571 1238 2738 1301 πολὺς
2766 1240 2794 1290 ὁ
2828 1240 2884 1290 ὲν
2915 1235 3195 1308 Πνεύματι
3218 1237 3314 1289 καλ⁸
3338 1235 3589 1306 ἀληθείᾳ,
3612 1237 3721 1305 τῆς
3750 1234 3895 1303 eilar-

2313 1328 2537 1400 γελικῆς
2581 1329 2834 1398 λατρείας
2864 1330 2896 1398 ἡ
2930 1328 3180 1399 δύναμις,
3230 1327 3464 1397 ἐπείπερ
3498 1328 3583 1389 εις
3622 1325 3789 1390 δόξαν
3815 1325 3895 1378 τοῦ

2313 1419 2447 1473 Θεοῦ
2495 1420 2590 1473 καὶ
2636 1420 2871 1491 Πατρὺς,
2912 1419 3198 1490 ἄνθρωπος
3226 1418 3448 1487 γέγονεν
3491 1420 3520 1470 ό
3572 1415 3891 1485 Μονογενής.

2314 1510 2636 1582 Συμϐέδηκε
2661 1511 2719 1563 δὲ
2750 1510 2838 1563 διὰ
2862 1510 3023 1564 τοῦτο
3050 1509 3143 1564 καὶ
3173 1508 3339 1562 αὐτοῦ
3367 1508 3630 1576 γενέσθαι
3665 1507 3895 1576 μαθητὰς

2312 1602 2438 1664 τοὺς
2463 1601 2624 1664 ὄντας
2648 1600 2743 1652 ἐπὶ
2765 1599 2866 1667 τῆς
2893 1600 3017 1670 γῆς.
3053 1598 3386 1670 Προσελάλει
3412 1598 3520 1669 γὰρ
3544 1599 3663 1660 τοῖς
3698 1597 3897 1666 ἀρχαιο-

2313 1692 2512 1762 τέροις,
2548 1692 2644 1745 καὶ
2676 1691 2846 1745 πάλαι
2880 1691 2968 1745 διὰ
3009 1691 3122 1747 τῶν
3154 1690 3451 1763 προφητῶν
3488 1690 3567 1752 ὡς
3604 1689 3765 1755 Θεὸς,

2313 1785 2392 1846 είς
2423 1785 2593 1854 ἡμᾶς,
2618 1784 2711 1836 καὶ
2734 1783 2863 1855 περὶ
2890 1782 3047 1854 ἡμῶν
3075 1783 3313 1852 ἐλέγετο·
3344 1802 3362 1835 ι
3390 1782 3503 1836 Καὶ
3533 1781 3761 1834 ἔσονται
3782 1780 3896 1834 πάνυ

2313 1889 2404 1937 τες
2430 1872 2667 1926 διδακτοὶ
2701 1871 2859 1926 Θεοῦ.
2892 1891 2913 1927 ι
2954 1874 3120 1944 Ἡμῖν
3157 1874 3268 1945 γὰρ
3321 1876 3432 1936 τοῖς
3476 1873 3559 1936 είς
3604 1871 3773 1924 αὐτὸν
3818 1886 3897 1921 πι-

2311 1964 2623 2031 στεύσασιν,
2658 1965 2759 2035 οὐχ
2806 1964 2997 2036 ἕτερός
3052 1982 3138 2029 τις
3188 1964 3591 2037 μεσολαϐήσας,
3639 1962 3737 2014 τὸν
3783 1963 3896 2031 παρ’

2307 2055 2473 2109 αὐτοῦ
2500 2055 2897 2128 διεπόρθμευσε
2923 2056 3100 2126 λόγον,
3127 2056 3245 2109 ἀλλ’
3277 2055 3401 2109 οὐδὲ
3441 2054 3681 2126 μεσίτης
3716 2052 3891 2120 γέγονε

2304 2147 2415 2200 τῶν
2451 2147 2774 2218 θελημάτων
2812 2147 2978 2202 αὑτοῦ
3024 2147 3165 2219 πρὸς
3209 2148 3378 2217 ἡμᾶς,
3413 2146 3672 2215 καθάπερ
3720 2143 3896 2213 ἀμέλει

2305 2239 2509 2310 Μωσῆς
2544 2241 2656 2305 τοῖς
2685 2239 2746 2304 ἐξ
2780 2239 3013 2312 Ἰσραὴλ,
3055 2238 3217 2310 ὲντῷ
3258 2239 3377 2310 δρει
3426 2238 3578 2309 Σινᾷ,
3636 2239 3814 2307 ἤγουν
3855 2238 3894 2290 οε

2312 2329 2450 2399 μετά
2476 2330 2683 2385 Μωσὲα
2723 2331 3001 2402 προφῆται
3042 2332 3157 2394 τοῖς
3198 2328 3321 2383 κατ’
3348 2328 3569 2391 αὐτοὺς,
3604 2327 3726 2381 ἀλλ’
3753 2326 3898 2391 add;

2308 2420 2459 2490 ἡμᾶς
2490 2420 2729 2487 ἐδίδαξεν
2760 2422 2788 2473 ὁ
2811 2420 3064 2491 Χριστός.
3102 2421 3352 2474 Διδακτοὶ
3383 2419 3441 2474 δὲ
3466 2418 3608 2471 Θεοῦ
3638 2417 3736 2470 διὰ
3756 2416 3897 2470 τοῦτο

2307 2512 2509 2575 πάντες
2551 2513 2732 2583 ἡμεῖς.
2785 2513 2900 2565 Ούκ
2949 2513 3015 2566 ἂν
3062 2507 3157 2566 οῦν
3201 2512 3339 2576 ὅλως
3387 2510 3554 2566 αὑτοῦ
3597 2509 3899 2579 γεγόναμεν

2310 2602 2572 2672 μαθηταὶ,
2598 2602 2699 2656 ούκ
2740 2601 2806 2655 ἂν
2840 2603 3103 2674 ὲτέκομεν
3130 2603 3221 2656 τὸν
3252 2603 3352 2673 τῆς
3381 2600 3665 2671 φιλοθεῒας
3691 2596 3896 2671 καρπὸν

2313 2690 2408 2742 καὶ¹
2434 2688 2623 2743 τοῦτον
2665 2690 2853 2754 πολὺν,
2894 2692 2944 2745 εί
2992 2690 3068 2764 μὴ
3113 2690 3373 2761 ἐδοξάσθη
3410 2691 3478 2744 δι’
3506 2688 3897 2761 ἡμερότητοςὸ

2313 2778 2525 2851 Πατὴρ,
2548 2778 2845 2849 εὐδοκήσας
2881 2780 2940 2833 ὲν
2977 2782 3129 2851 ἡμῖν,
3172 2780 3246 2843 ὡς
3293 2779 3386 2833 καὶ⁵
3433 2779 3733 2849 ἄνθρωπον
3758 2775 3897 2844 γενέ·

2315 2870 2460 2935 σθαι,
2490 2870 2583 2924 τὸν
2626 2872 2691 2923 ὲκ
2736 2871 2838 2940 τῆς
2876 2870 3066 2934 οὐσίας
3110 2870 3275 2924 αὐτοῦ
3320 2870 3657 2942 προελθόντα
3710 2867 3891 2936 Λόγον.

628 2964 916 3035 Νοήσομεν
962 2960 1073 3033 γὰρ
1120 2962 1314 3028 οὕτως,
1360 2963 1449 3016 ὅτε
1489 2961 1756 3032 λεγούσης
1800 2959 2072 3033 ἀκούομεν
2113 2963 2212 3031 τῆς
2253 2960 2405 3026 θείας
2430 2963 2654 3034 Γραφῆς
2697 2964 2779 3017 ὃτι
2806 2964 3004 3017 δέδωκε
3052 2964 3146 3017 τὸν
3175 2964 3303 3018 ἴδιον
3340 2964 3490 3017 Υίόν.
3529 2962 3891 3033 Συνευδόκησι

630 3055 741 3127 γὰρ
788 3054 948 3107 τοῦτο
983 3053 1062 3123 τῷ
1096 3053 1287 3107 παθεῖν
1333 3053 1474 3123 ὑπὲρ
1508 3053 1666 3123 ἡμῶν
1700 3052 1961 3123 ἑλομένῳ,
2002 3053 2097 3105 καὶ
2123 3052 2213 3105 διὰ
2243 3053 2401 3108 τοῦτο
2426 3056 2521 3108 καὶ
2544 3054 2836 3108 δεδωκέναι
2859 3054 3097 3123 λέγεται,
3121 3056 3217 3109 καὶ
3242 3055 3383 3126 μάλα
3410 3055 3662 3118 εἰκότως.

702 3146 825 3214 XV,
866 3146 900 3200 9
924 3186 938 3209 ,
984 3144 1072 3199 10.
1116 3145 1269 3200 Sicut
1303 3145 1491 3198 dilexit
1521 3161 1602 3199 me
1635 3143 1823 3208 Pater,
1852 3155 1898 3197 et
1925 3160 2018 3214 ego
2048 3143 2212 3196 dilexi

2385 3143 2593 3212 Καθὼς
2642 3144 2922 3214 ἠγάπησέ
2948 3163 3027 3215 με
3066 3148 3100 3199 d
3138 3144 3362 3213 Πατὴρ,
3412 3145 3574 3215 κάγὼ
3610 3145 3892 3213 ἠγάπησα

633 3255 725 3295 vos
751 3253 771 3293 .'
823 3243 1028 3291 manete
1066 3233 1120 3287 in
1162 3233 1440 3288 dilectione
1480 3247 1618 3285 mea.
1673 3232 1735 3287 Si
1781 3240 2041 3300 praecepta
2092 3244 2209 3283 mea

634 3331 992 3394 servoveritis,
1034 3326 1313 3380 ntanebitis
1361 3325 1415 3379 in
1459 3325 1740 3379 dilectione
1789 3340 1937 3389 mea,
1974 3325 2111 3376 sicut
2158 3330 2209 3376 et

634 3439 727 3495 ego
763 3420 942 3476 Patris
969 3427 1231 3487 prwcepta
1267 3415 1499 3481 servavi,
1529 3424 1578 3469 et
1615 3431 1799 3469 maneo
1832 3414 1888 3468 in
1922 3413 2037 3482 ejus
2072 3412 2210 3467 dile-

634 3515 826 3570 ctione.

708 3604 1014 3661 Subtiliore
1042 3602 1241 3658 mentis
1279 3601 1443 3657 oculo
1480 3598 1875 3656 consideranda
1921 3604 2052 3654 sunt
2081 3611 2209 3651 rur-

635 3714 732 3754 sus
768 3697 964 3751 horum
1017 3693 1312 3749 verborum
1367 3691 1654 3761 mysteria.
1696 3690 1855 3744 Altus
1886 3691 2088 3758 quippe
2126 3693 2210 3741 est

634 3802 839 3851 sermo,
874 3787 1174 3855 totiusque,
1216 3791 1277 3837 ut
1317 3784 1489 3838 verbo
1549 3782 1752 3846 dicam,
1807 3778 2210 3835 incarnationis

634 3879 908 3935 rationem
948 3877 1109 3932 nobis
1134 3876 1332 3946 aperit.
1371 3873 1636 3929 Dilectum
1672 3873 1819 3929 enim
1850 3888 1911 3927 se
1945 3886 1975 3925 a
2016 3869 2128 3924 Deo
2157 3878 2212 3925 et

633 3972 797 4028 Patre
826 3952 1045 4033 asserit,
1084 3982 1298 4038 nosque
1330 3966 1410 4022 sic
1439 3964 1688 4022 vicissim
1721 3963 1980 4034 diligere,
2018 3962 2208 4017 eodem

576 4106 579 4111 .
634 4063 800 4119 modo
824 4062 1035 4117 scilicet
1061 4073 1175 4130 quo
1196 4067 1251 4114 et
1285 4060 1400 4128 ipse
1427 4071 1457 4110 a
1489 4070 1589 4110 suo
1614 4054 1777 4108 Patre
1806 4052 1959 4122 diligi
1986 4065 2213 4106 censea-

636 4167 752 4214 tur.
780 4154 1029 4225 Subjecit
1057 4151 1256 4207 deinde
1278 4191 1294 4218 ,
1326 4163 1551 4205 manere
1576 4160 1678 4200 nos
1710 4151 1969 4214 oportere
2000 4143 2055 4197 in
2090 4140 2210 4212 ejus

639 4248 959 4308 dilectione.
1001 4244 1318 4311 Quinetiam
1356 4254 1584 4296 causam
1632 4234 1927 4307 quamdam
1978 4249 2212 4304 eamque

638 4340 1010 4397 necessariam
1054 4335 1213 4391 all‘ert
1257 4349 1358 4389 cur
1391 4347 1420 4386 a
1459 4330 1627 4385 Patre
1673 4328 1955 4398 diligatur,
2012 4340 2212 4396 nempe

638 4430 785 4502 quod
812 4429 931 4499 ejus
953 4431 1208 4484 observet
1230 4429 1524 4497 praecepta.
1542 4418 1697 4487 Quod
1717 4418 1893 4490 ipsum
1909 4431 2011 4472 nos
2035 4415 2213 4472 facere

2315 3235 2502 3304 ὑμᾶς’
2553 3237 2797 3306 μείνατε
2837 3238 2909 3291 ἐν
2961 3235 3037 3306 τῇ
3081 3237 3281 3307 ἀγάπῃ
3330 3237 3404 3306 τῇ
3452 3238 3585 3308 ἐμῇ.
3626 3239 3776 3293 Ἐὰν
3800 3240 3893 3307 τὰς

2314 3326 2569 3394 ἐντολάς
2617 3345 2737 3397 μου
2788 3326 3106 3398 τηρήσητε,
3159 3328 3393 3398 μενεῖτε
3447 3330 3516 3383 ὲν
3567 3328 3647 3399 τῇ
3700 3329 3892 3401 ἀγάπῃ

2309 3433 2462 3486 μου,
2507 3417 2703 3482 καθὼς
2735 3418 2898 3488 κάγὼ
2936 3420 3043 3486 τὰς
3078 3420 3336 3487 ἐντολὰς
3372 3421 3477 3476 τοῦ
3513 3424 3752 3489 Πατρός
3780 3438 3893 3491 μου

2314 3508 2627 3577 τετήρηκα,
2652 3508 2752 3563 καί
2772 3509 2935 3579 μενῶ
2968 3511 3157 3565 αὑτοῦ
3184 3512 3253 3565 ἐν
3285 3510 3360 3579 τῇ
3383 3511 3607 3581 ἀγάπῃ.

2400 3597 2709 3671 Ἰσχνοτέρῳ
2747 3599 2907 3653 πάλιν
2933 3600 3012 3670 τῷ
3037 3602 3135 3672 τῆς
3163 3600 3401 3664 διανοίας
3437 3602 3706 3672 ὀφθαλμῷ
3739 3604 3806 3656 τὰ
3842 3605 3891 3655 ὲν

2315 3692 2428 3755 τοῖς
2458 3690 2837 3764 προκειμένοις
2876 3689 3140 3761 ἀθρητέον
3184 3694 3458 3764 μυστήρια
3508 3692 3691 3756 Βαθὺς
3729 3694 3837 3763 γὰρ
3866 3697 3891 3746 ό

2316 3780 2493 3848 λόγος,
2521 3780 2613 3834 καὶ
2633 3779 2759 3850 ὃλην
2790 3780 2941 3850 ἡμῖν,
2969 3779 3045 3843 ὡς
3070 3779 3200 3843 ἔπος
3230 3782 3425 3843 εἰπεῖν,
3457 3785 3557 3851 τῆς
3587 3782 3733 3851 μετὰ
3772 3799 3891 3851 σαρ-

2318 3872 2412 3935 κὸς
2458 3870 2765 3940 οἰκονομίας
2817 3869 3085 3941 παραθεὶς
3119 3869 3218 3941 τὴν
3258 3870 3509 3941 δήλωσιν.
3549 3871 3889 3941 Ἠγαπῆσθαι

2319 3963 2419 4034 μὲν
2450 3963 2558 4036 γὰρ
2605 3962 2793 4017 ἑαυτὸν
2839 3960 3229 4033 διῖσχυρίζεται
3276 3961 3427 4031 παρὰ
3477 3961 3574 4015 τοῦ
3624 3961 3767 4015 Θεοῦ
3807 3964 3890 4017 καὶ

2315 4057 2549 4128 Πατρός,
2582 4053 2970 4124 ἁνταγαπῆσαι
3000 4052 3056 4107 δὲ
3086 4053 3258 4116 οὕτως
3294 4054 3461 4124 ἡμᾶς.
3492 4054 3636 4108 κατὰ
3677 4056 3770 4107 τὸν
3799 4056 3887 4109 a6-

2315 4149 2407 4202 τὸν
2436 4147 2674 4219 δηλονότι
2698 4147 2918 4219 τρόπον,
2946 4145 3066 4201 καθ’
3090 4147 3258 4218 ὅνπερ
3280 4145 3348 4200 ἂν
3373 4146 3699 4217 ὴγαπῆσθαι
3731 4150 3889 4201 νοοῖτο

2317 4241 2413 4294 καὶ
2436 4239 2598 4303 αὐτὸς
2618 4240 2767 4311 παρὰ
2796 4239 2888 4293 τοῦ
2927 4238 3059 4293 ίδίου
3081 4240 3427 4310 γεννήτορος.
3451 4235 3587 4292 Εἶτα
3607 4238 3662 4293 τί
3690 4238 3886 4303 τούτοις

2317 4331 2651 4404 ὲπήνεγκενς
2685 4330 2804 4383 Ὀτι
2833 4329 3097 4400 προσήκει
3130 4327 3313 4400 μένειν
3338 4331 3486 4400 ἡμᾶς
3516 4332 3575 4383 ὲν
3604 4332 3673 4400 τῇ
3708 4330 3887 4403 ἀγάπῃ

2317 4420 2505 4476 αὐτοῦ.
2541 4420 2700 4475 ’Δλλὰ
2747 4420 2844 4474 καὶ
2887 4420 3160 4491 πρόφασιν
3200 4418 3389 4491 ὥσπερ
3416 4421 3559 4486 τινὰ,
3605 4423 3703 4475 καὶ
3734 4423 3885 4490 ἀναγο

636 4522 814 4594 jubet,
848 4529 905 4576 et
932 4520 1013 4575 sie
1052 4531 1276 4573 manere
1308 4530 1410 4569 nos
1446 4513 1501 4567 in
1533 4511 1655 4581 ejus
1685 4510 2002 4566 dilectione.
2038 4510 2212 4580 Atque

2318 4513 2609 4584 καιοτάτην
2635 4511 2811 4566 αἰτίαν
2839 4510 3149 4574 ἀποδίδωσι,
3182 4511 3278 4565 τοῦ
3308 4515 3401 4566 καὶ
3434 4513 3643 4585 σφόδρα
3676 4514 3886 4577 δικαίως

640 4611 756 4667 haec
778 4610 1073 4666 verborum
1108 4608 1342 4661 istorum
1375 4600 1767 4673 compendiosa
1800 4610 1886 4658 est
1911 4602 2211 4671 expositio.

641 4702 749 4760 Sed
788 4702 1048 4774 quoniam
1080 4698 1209 4754 inde
1240 4696 1642 4765 simpliciorum
1690 4701 1931 4749 mentem
1974 4708 2084 4747 non
2118 4708 2215 4762 pa-

641 4812 763 4853 rum
793 4795 1073 4850 turbatum
1105 4792 1171 4846 iri
1201 4798 1452 4852 autumo,
1489 4801 1588 4857 age
1620 4801 1812 4842 rursus
1832 4785 2083 4841 dicamus
2107 4799 2216 4855 quo

641 4900 802 4962 pacto
835 4900 1058 4943 sensum
1091 4883 1289 4938 horum
1311 4879 1603 4937 verborum
1634 4891 2012 4949 assequamur.
2052 4875 2214 4931 V’ide-

641 4990 736 5038 tur
778 4979 1044 5035 Dominus
1077 4984 1267 5032 noster
1306 4971 1469 5028 Jesus
1510 4969 1767 5027 Christus
1807 4977 1996 5041 typum
2043 4968 2214 5024 veluti

643 5070 937 5143 quemdam
963 5077 1020 5123 et
1063 5074 1271 5122 sancte
1301 5062 1740 5120 conversationis
1778 5061 2087 5131 exemplum
2129 5074 2215 5116 se-

646 5164 828 5233 ipsum
867 5160 1034 5217 nobis
1082 5171 1429 5231 proponere,
1463 5153 1699 5209 maxime
1746 5167 1873 5207 cum
1915 5151 2080 5207 fuerit
2113 5152 2218 5207 sub

644 5258 795 5328 lege,
827 5263 883 5310 et
914 5262 1116 5310 nostra:
1145 5249 1485 5323 paupertatis
1517 5246 1888 5303 conditionem
1935 5259 2220 5301 assumere

646 5364 757 5403 non
794 5346 1123 5418 dedignatus
1154 5346 1248 5410 sit,
1284 5351 1345 5397 ut
1384 5341 1552 5412 832
1587 5338 1795 5393 nostris
1824 5336 2076 5393 moribus
2105 5338 2219 5393 sin-

646 5438 823 5510 gulari
846 5437 1081 5493 consilio
1109 5434 1510 5495 conformatus,
1546 5431 1662 5486 suis
1692 5429 1946 5499 exemplo
1975 5444 2078 5484 suo
2111 5430 2219 5485 dux

646 5539 704 5584 et
748 5535 947 5584 auctor
995 5534 1144 5583 esset
1187 5524 1424 5580 insolitae
1456 5530 1511 5576 et
1546 5521 1707 5575 nobis
1739 5519 2037 5576 inaccessa:
2064 5535 2220 5589 pror-

650 5634 747 5676 sus
785 5616 1245 5675 conversationis.
1279 5614 1514 5670 Ubinam
1557 5626 1690 5686 ergo
1722 5620 1817 5666 aut
1843 5613 2006 5683 quale
2037 5609 2220 5668 Patris

2310 4603 2627 4675 ὴγαπῆσθαι
2657 4602 2807 4676 παρὰ
2846 4602 2940 4656 τοῦ
2976 4602 3205 4674 Πατρός,
3240 4602 3302 4656 τὸ
3334 4605 3571 4675 τηρῆσαι
3616 4606 3717 4669 τὰς
3746 4609 3881 4660 ἐντο-

2310 4700 2409 4763 λὰς
2448 4697 2636 4763 αὐτοῦ,
2666 4698 2761 4751 ttat!
2807 4698 2939 4767 ἡμῖν
2965 4695 3023 4748 δὲ
3069 4696 3254 4759 αὐτοῖς
3300 4695 3459 4749 τοῦτο
3502 4697 3880 4763 διακελεύεται,

2313 4789 2586 4861 διαμένειν
2608 4806 2668 4843 τε
2693 4788 2852 4851 οὕτω,
2891 4787 3078 4859 φησὶν,
3111 4790 3169 4842 ὲν
3210 4792 3277 4861 τῇ
3306 4789 3496 4862 ἀγάπῃ
3529 4790 3718 4845 αὐτοῦ.
3759 4792 3882 4843 Συλ-

2313 4880 2512 4954 λὴὁδην
2542 4880 2665 4933 ὅσον
2696 4878 2793 4951 μὲν
2825 4874 2920 4933 οὖν
2951 4878 3097 4932 ἐστιν
3126 4880 3318 4947 εἰπεῖν,
3342 4882 3436 4935 καὶ
3473 4880 3543 4935 τὰ
3572 4885 3632 4935 ἐν
3658 4882 3737 4953 τῷ
3764 4900 3884 4954 προ-

2318 4970 2555 5043 κειμένῳ
2586 4969 2926 5037 συνενεγκεῖν
2953 4967 3187 5040 ἀθρόως,
3215 4970 3272 5022 ὲν
3310 4969 3519 5033 τούτοις
3546 4965 3605 5024 εὖ
3644 4971 3784 5041 μάλα
3804 4972 3881 5023 δε-

2315 5061 2662 5135 δηλώκαμεν.
2698 5059 2919 5130 Ἐπειδὴ
2967 5059 3026 5113 δὲ
3068 5055 3223 5131 οἶμαι
3283 5060 3393 5114 δεῖν
3440 5059 3501 5115 τδ
3545 5060 3736 5115 δοκοῦν
3781 5061 3882 5114 ἐσθ’

2317 5156 2408 5209 ὅτε
2452 5152 2775 5225 θορυϐήσειν
2808 5151 2867 5204 ού
2903 5149 3114 5223 μικρῶς
3161 5151 3271 5205 τῶν
3314 5151 3592 5222 ἀκεραίων
3646 5153 3734 5206 τὸν
3768 5151 3883 5207 νοῦν

2320 5243 2779 5315 κατεξευμαρίσαι
2803 5283 2817 5306 ,
2868 5242 3028 5298 πάλιν
3078 5243 3210 5315 φέρε
3247 5244 3309 5315 δὴ
3352 5245 3619 5314 λέγωμεν,
3660 5246 3799 5308 ὅπως
3831 5262 3882 5297 τε

2326 5338 2420 5391 καὶ
2450 5336 2573 5391 τίνα
2604 5336 2804 5406 τρόπον
2838 5335 2930 5389 τὸν
2978 5336 3038 5390 ὲν
3087 5339 3198 5400 τοῖς
3237 5338 3621 5408 προκειμένοις
3668 5337 3879 5407 Exinde-

2330 5425 2469 5496 μεθα
2496 5424 2640 5483 νοῦν.
2669 5426 2923 5480 Φαίνεται
2968 5423 3145 5477 τοίνυν
3195 5427 3223 5478 ὁ
3263 5425 3468 5498 Κύριος
3500 5428 3657 5498 ἡμῶν
3693 5426 3879 5497 Ἰησοῦς

2323 5520 2353 5569 ό
2382 5516 2638 5587 Χριστὸς,
2663 5515 2833 5569 τύπον
2856 5515 3043 5586 ὥσπερ
3080 5515 3220 5578 τινὰ,
3268 5518 3360 5569 καὶ
3403 5520 3500 5586 τῆς
3551 5519 3774 5587 εὐαγοῦς
3802 5534 3876 5569 πο-

2320 5604 2526 5667 λιτείας
2554 5604 2916 5678 ὑπογραμμὸν
2956 5606 3144 5661 ἑαυτὸν
3187 5608 3317 5678 ἡμῖν
3362 5608 3649 5678 παραθεὶς,
3698 5608 3781 5663 ἅτε
3821 5607 3876 5676 δὴ

615 5856 623 5863 ,
723 5800 768 5834 δι
810 5796 1004 5854 Matth.
1040 5813 1104 5864 ν,
1146 5796 1231 5853 17.
1311 5798 1354 5879 ἐ’
1394 5796 1531 5854 ibid.
1568 5794 1650 5849 l8.
1730 5788 1997 5877 "_chr..
2027 5804 2081 5860 ι,
2125 5792 2171 5847 Ι.

2333 5789 2492 5848 Joan.
2526 5808 2600 5860 vi,
2667 5781 2756 5846 43.
