4056 6482
96 387 194 447 διδ

1124 369 1200 426 ,ΙΝ
1239 364 1522 426 ιοΑΝΝιε
1574 357 2023 419 EVANGELIUM
2061 356 2197 414 LIB.
2228 355 2301 412 Χ.

3246 329 3361 390 576»

93 502 176 555 καὶ
208 494 291 550 διὰ
320 486 735 560 τοῦτο,γιγονὼς
762 485 868 540 ὑπὸ
912 485 1098 556 νόμον,
1138 481 1235 536 καὶ
1257 483 1353 552 τῆς
1382 475 1655 549 ἡμετέρας
1684 478 1706 534 Α

1806 470 2075 527 laudatum
2111 465 2437 531 servaverit,
2477 459 2766 518 autetiam
2805 443 3193 527 quomodoab
3233 431 3355 518 ipso

2473 554 2488 560 ‘
2740 548 2773 560 ⁸-
2855 546 2870 560 ⁸
2909 545 2921 560 ¹
2961 543 2998 560 Ἀ
3049 554 3167 560 --μλ
3212 536 3324 560 ⁴Ιδι...

96 588 351 659 πτωχείας
383 584 488 638 οὑκ
531 578 847 645 ἀπαξιώσας
889 577 950 630 τὸ
991 575 1188 647 μέτρον
1228 571 1389 635 ἑλεῖν,
1436 568 1523 624 ἵνα
1557 568 1667 629 τοῖς

99 679 370 753 ἡμετέροις
419 674 599 728 ἔθεσιν
641 669 1003 742 οἰκονομικῶς
1049 660 1668 751 συνανιιπλαττόμενοςξ

98 730 277 842 (gub;
316 767 544 839 εὑρεθῇ,
574 730 914 834 καθάπερ-ὲν
947 730 1354 830 παραδείγμασι
1395 730 1506 815 rei;
1549 730 1669 803 καθ’

103 838 306 924 ὶαῦτὸν,
364 838 506 929 πρὸς
546 852 814 922 ἀνάληψιν
869 848 1183 913 πολιτείας,
1240 843 1333 899 καὶ
1384 841 1529 911 ζωῆς
1570 838 1671 908 τῆς

104 955 285 1027 ἀήθους
316 928 451 1022 ἡμίν
481 949 574 1003 καὶ
604 943 864 1007 άστιὸοῦς
894 939 1193 1003 παντελῶς.
1222 936 1330 991 Ποῦ
1358 928 1669 1003 τοιγαροῦν,

106 1016 311 1115 ἢποίαν
337 1016 450 1093 ῠτοῦ
497 1036 707 1108 Πατρὸς
746 1035 1048 1103 τετήρηκεν
1094 1022 1388 1095 ὲντολὴν,ἢ
1419 1020 1511 1073 καὶ
1550 1016 1673 1071 τίνα

116 1109 286 1209 ιρόπον
326 1128 646 1202 ὴγαπῆσθαι
684 1124 938 1194 λέγεσθαι
967 1120 1079 1194 [τσ.
1110 1111 1355 1186 λέγεται]
1400 1111 1529 1183 παρ’
1571 1109 1672 1163 αὑ-

110 1202 210 1291 τοῦ,
234 1221 516 1295 ζητητέον.
543 1218 809 1291 Παρέστω
829 1211 1116 1285 τοιγαροῦν
1139 1206 1357 1271 Παῦλος
1373 1207 1401 1260 6
1426 1202 1671 1273 σοφώτα·

109 1338 206 1384 τος,
229 1293 320 1372 καὶ
359 1309 788 1385 μνσταγωγείτω
828 1307 1003 1376 λέγων
1045 1301 1175 1375 περὶ
1198 1297 1387 1365 αὑτοῦ,
1421 1296 1497 1361 ὡς
1522 1313 1543 1347 ι
1586 1293 1675 1346 Ἐν

114 1411 277 1481 μορφῇ
324 1406 537 1477 ὑπῆρχε
580 1402 737 1468 Θεοῦ,
783 1400 897 1455 ἀλλ’
945 1396 1133 1452 ἑαυτὸν
1184 1390 1419 1447 ὲκένωσε
1462 1385 1674 1459 μορφὴν

113 1480 279 1558 δούλου
311 1495 525 1559 λαῦὼν,
570 1496 626 1549 ὲν
670 1489 976 1564 ὁμοιώματι
1025 1483 1327 1557 ἀνθρώπων
1363 1480 1676 1549 γενόμενος,

114 1592 198 1645 καὶ
230 1588 461 1660 σχήματι
499 1582 748 1656 εὑρεθεὶς
794 1580 871 1645 ώς
923 1577 1230 1649 ἄνθρωπος.
1265 1568 1677 1625 Τεταπείνωκεν

78 1734 81 1735 ,
118 1682 305 1745 taurini,
332 1677 624 1749 γενόμενος
656 1675 894 1745 ὑπήκοος
942 1670 1105 1741 μέχρι
1154 1665 1408 1727 θανάτου,
1442 1660 1675 1716 θανάτου

118 1778 166 1835 δι
189 1770 429 1843 σταυροῦ.
463 1768 561 1823 Διὸ
593 1768 686 1822 καὶ
736 1766 765 1819 6
818 1763 950 1828 Θεὸς
993 1760 1157 1817 αὑτὸν
1190 1753 1542 1826 ὑπερύψωσε,
1582 1749 1678 1804 καὶ

1769 562 1924 634 diligi
1950 562 2189 624 dicatur,
2233 554 2587 629 qumrendum
2633 548 2801 606 venit.
2843 543 3003 599 Adsit
3040 554 3172 610 ergo
3212 536 3358 589 Pau-

1768 655 1857 710 lus
1892 626 2359 723 sapientissimus,
2395 647 2573 716 deque
2617 658 2685 698 eo
2725 640 2945 700 doceat,
2980 629 3129 704 quod
3166 649 3183 681 ι
3218 626 3355 682 Cum

1769 745 1826 800 in
1868 742 2045 798 forma
2079 741 2176 797 Dei
2209 747 2399 803 esset,
2433 738 2676 809 seipsum
2741 725 3047 787 exinanivit
3069 765 3083 789 ,
3120 721 3355 777 formam

1771 835 1915 892 servi
1943 834 2247 904 accipiens,
2276 833 2331 886 in
2359 826 2778 886 similitudinem
2813 819 3095 877 hominum
3135 814 3313 869 factus
3337 848 3353 873 ,

1771 936 1829 984 et
1884 926 2077 981 habitu
2127 927 2388 979 inventus
2429 932 2491 976 ut
2544 920 2732 975 homo.
2788 909 3106 969 Ilumiliavit
3153 910 3356 959 semet-

1772 1022 1981 1092 ipsum,
2016 1017 2197 1073 factus
2229 1014 2497 1071 obediens
2527 1026 2706 1081 usque
2734 1007 2803 1062 ad
2835 1013 3090 1065 mortem.
3124 1004 3356 1052 mortem

1773 1119 1959 1168 autem
2018 1110 2224 1165 crucis.
2287 1106 2517 1175 Propter
2577 1101 2721 1173 quod
2782 1108 2837 1155 et
2890 1096 3036 1151 Deus
3099 1087 3359 1146 exaltavit

1775 1204 1967 1269 illum,
2025 1210 2079 1257 et
2131 1199 2283 1255 dedit
2335 1196 2387 1252 ei
2422 1210 2625 1250 nomen
2667 1191 2818 1262 quod
2861 1198 2946 1244 est
2991 1199 3157 1254 super
3197 1194 3360 1234 omne

1776 1310 1980 1352 nomen
2014 1293 2083 1347 “.
2106 1311 2126 1345 ι
2155 1289 2374 1346 Audisti
2408 1303 2519 1358 quo
2547 1292 2727 1357 pacto,
2756 1282 2881 1336 licet
2902 1278 3050 1333 Deus
3074 1290 3236 1331 verus
3267 1287 3358 1325 es-

1777 1399 1883 1454 set,
1907 1393 2100 1457 utpote
2122 1384 2288 1440 etiam
2315 1377 2624 1436 conformis
2644 1372 2796 1429 Patri
2829 1388 2858 1424 a
2886 1384 2995 1441 quo
3017 1367 3230 1436 genitus
3256 1368 3360 1422 est,

1779 1456 2089 1535 humiliavit
2115 1481 2297 1529 tamen
2332 1470 2715 1540 semetipsum,
2751 1463 2935 1518 factus
2969 1456 3232 1513 obediens
3264 1468 3361 1507 us-

1777 1584 1885 1639 que
1912 1567 1982 1622 ad
2016 1574 2247 1621 mortem
2268 1564 2289 1617 ?
2310 1560 2444 1617 Nam
2475 1575 2601 1614 cum
2634 1556 2781 1611 Deus
2808 1568 2871 1608 ac
2893 1551 3055 1605 Pater
3078 1562 3239 1603 omne
3267 1560 3365 1614 ge-

1779 1676 1886 1716 nus
1916 1659 2197 1714 hominum
2233 1662 2555 1724 corruptum
2588 1649 2805 1705 salvare
2848 1642 3159 1702 statuisset,
3190 1650 3370 1706 neque

1781 1753 1838 1807 id
1874 1754 1943 1807 ab
1974 1751 2085 1805 ulla
2128 1755 2385 1805 creatura
2429 1744 2543 1800 fieri
2580 1746 2788 1803 posset,
2825 1751 2953 1792 cum
2988 1738 3367 1787 creaturarum

120 1821 383 1941 ὶχιρίσαττο
408 1860 561 1933 αὑτῷ
588 1860 780 1932 ὄνομα,
808 1858 869 1913 τὸ
898 1821 1042 1927 ὑπὲρ
1079 1854 1187 1908 πᾶν
1221 1821 1412 1920 ὄνομα.
1445 1865 1464 1899 ι
1510 1844 1677 1914 Ἀκή-

1806 1846 1926 1900 ’ἰτεε
1959 1856 2155 1898 omnes
2195 1840 2359 1909 longe
2388 1834 2716 1897 excederet,
2750 1831 2869 1900 ipse
2900 1821 3368 1895 dispensationem

1808 1937 1839 1941 ’“
2036 1935 2047 1941 “
2072 1933 2105 1941 ’⁸
2267 1932 2279 1941 ¹
2588 1923 2679 1941 ’κγ’
2728 1936 2783 1941 -ι
2820 1917 3000 1941 τῖλε-ξι-
3029 1914 3368 1941 ..Λιιιηίηίιληι

259 1960 418 2022 ὅπως,
460 1955 644 2010 καίτοι
689 1951 825 2015 Θεὸς
864 1948 1127 2020 ὑπάρχων
1177 1941 1452 2015 ἀληθινὸς,
1488 1937 1585 1992 ἅτε
1618 1935 1684 2006 δὴ

124 2054 203 2112 καὶ
256 2050 576 2122 σύμμορφος
622 2043 701 2116 τῷ
754 2041 967 2097 τεκόντι
1026 2036 1225 2109 Πατρὶ.
1287 2030 1686 2105 τεταπείνωκεν

127 2145 310 2206 ἑαυτὸν,
324 2118 632 2210 γενόμενος
654 2136 920 2206 ὑπήκοος,
959 2130 1125 2203 μέχρι
1158 2126 1428 2190 θανάτου;
1468 2118 1688 2190 Ἐπειδὴ

126 2236 218 2306 γὰρ
241 2207 491 2288 διασώσαι
522 2227 588 2282 τὸ
621 2220 1067 2293 κατεφθαρμένον
1100 2216 1192 2271 ἐπὶ
1219 2216 1323 2285 γῆς
1351 2212 1506 2281 γένος
1536 2207 1691 2263 ἐϐου-

130 2298 327 2379 ίαὺσατο
368 2323 397 2375 6
440 2318 582 2382 Θεὸς
628 2317 725 2370 κα)⁸
767 2312 960 2384 Πατὴρ
983 2352 999 2377 ,
1037 2309 1138 2363 οὑκ
1184 2301 1256 2377 ἦν
1301 2304 1358 2358 δὲ
1415 2300 1574 2355 τοῦτο
1607 2298 1690 2355 διο

132 2414 300 2471 ανῦσαι
326 2410 478 2481 θέμις
505 2409 620 2463 τῶν
650 2409 706 2461 ὲν
754 2403 964 2474 γενέσει
989 2399 1115 2462 τινὶ,
1160 2398 1342 2451 πᾶσαν
1370 2393 1560 2463 ὥσπερ
1593 2390 1692 2461 τὴν

135 2507 327 2562 ἐνοῦσαν
355 2507 419 2575 τῇ
462 2501 646 2555 κτίσει
682 2497 910 2568 δύναμιν
938 2490 1322 2564 άναπηδῶντος
1363 2485 1458 2541 τοῦ
1498 2498 1695 2554 κατορ-

136 2599 372 2670 θώματος,
401 2594 569 2656 αὑτὸς
614 2589 782 2645 ὑπέδυ
830 2588 929 2659 τὴν
973 2582 1307 2653 οἰκονομίαν,
1335 2582 1364 2632 6
1408 2575 1696 2649 γινώσκων

138 2693 186 2746 τὸ
209 2668 414 2759 θέλημα
462 2683 565 2739 τοῦ
620 2680 756 2737 Θεοῦ
800 2679 895 2735 καὶ
947 2675 1161 2747 [ἰατρὸς
1206 2671 1340 2737 Θεὸς
1381 2668 1694 2743 μονογενής.

138 2757 427 2850 Ructat-6k
479 2774 662 2838 οὕτως
712 2774 793 2836 είς
847 2770 1093 2824 ἑκούσιον
1135 2762 1436 2834 ὑποταγὴν.
1481 2760 1557 2823 ὡς
1605 2757 1700 2812 καὶ

143 2874 279 2943 μέχρι
308 2870 538 2926 θανάτου
572 2862 896 2920 καθικέσθαι
947 2859 1045 2915 καὶ
1092 2856 1282 2912 τούτου
1344 2850 1696 2922 ἀτιμοτάτου.

140 2966 201 3019 T6
233 2964 333 3035 γάρ
389 2957 728 3033 ἐξηρτῆσθαι
785 2950 1043 3025 σταυροῦ,
1077 2949 1192 3012 πῶς
1239 2947 1306 3002 ἂν
1360 2944 1449 3014 εἴη
1496 2943 1698 3012 τίμιον,

146 3034 317 3128 μᾶλλον
365 3055 421 3108 δὲ
477 3052 602 3116 πῶς
668 3050 767 3119 οὑχ
829 3046 1049 3112 ἁπάσης
1116 3040 1333 3107 ἀδοξίας
1399 3034 1699 3096 ὲπέκεινα;

154 3126 344 3219 Ἐπειδὴ
378 3148 440 3219 δὴ
485 3146 551 3200 δὲ
599 3142 775 3198 ταῦτα
819 3139 1049 3209 ὑπέστη,
1080 3134 1266 3207 φησιν,
1307 3134 1336 3186 6
1379 3129 1510 3191 Θεὸς
1542 3126 1703 3180 αὑτὸν

146 3218 486 3311 ὑπερύψωσεν.
520 3233 735 3291 Οὐκοῦν
765 3232 932 3303 ἔχεις,
981 3231 1039 3283 ὲν
1074 3227 1173 3297 μὲν
1216 3226 1281 3295 τῇ
1317 3220 1457 3277 κατὰ
1486 3218 1704 3288 θέλησιν

149 3333 335 3402 ὑπακοῇ
364 3330 469 3384 τῶν
520 3327 621 3383 τοῦ
662 3324 875 3395 Πατρὸς
927 3317 1310 3393 βουλευμάτων
1354 3314 1452 3383 τὴν
1484 3311 1706 3380 πλήρω-

153 3440 251 3480 σιν*
372 3422 462 3478 καὶ
499 3423 564 3476 ὲν
616 3418 771 3486 τάξει
823 3414 1052 3469 ἐντολῶν
1102 3425 1236 3479 φησι
1282 3404 1536 3476 γενέσθαι
1572 3400 1706 3473 πρὸς

153 3518 288 3573 αὑτὸν
333 3517 361 3570 6
402 3515 558 3577 Υἱός.
604 3510 792 3573 Συνεὶς
837 3507 946 3578 γὰρ
989 3504 1065 3568 ὡς
1119 3501 1291 3570 Λόγος
1338 3497 1406 3552 τὰ
1442 3496 1501 3548 ὲν
1531 3491 1709 3562 Πατρὶ

156 3611 432 3683 σχέμματα,
467 3607 572 3661 καὶ
602 3603 698 3658 τοῦ
732 3600 978 3662 τεκόντος
1016 3593 1178 3650 αὑτὸν
1229 3589 1299 3645 τὰ
1328 3587 1469 3659 βάθη
1501 3584 1710 3653 διερευ-

155 3675 383 3772 νώμενος,
416 3697 622 3771 μᾶλλον
659 3694 716 3748 δὲ
760 3691 922 3753 αὑτὸς
972 3687 1232 3758 ὑπάρχων
1256 3684 1290 3753 ἡ
1324 3678 1505 3748 σοφία,
1543 3676 1637 3729 καὶ
1674 3675 1709 3743 ἡ

156 3766 354 3862 δύναμις
400 3766 492 3844 τοῦ
543 3785 780 3857 Πατρὸς,
819 3784 899 3845 είς
952 3778 1112 3849 ἔργον
1152 3775 1275 3843 ἄγει
1318 3771 1379 3825 τὸ
1420 3768 1600 3833 δόξαν,
1634 3766 1713 3827 είς

324 3882 450 3938 αὑτὸ
475 3878 652 3942 τιθεὶς
676 3856 927 3944 ἐντολῆς,
973 3870 1066 3924 καὶ
1099 3861 1385 3937 ὀνομάζων
1414 3860 1586 3923 οὑτως
1618 3856 1714 3915 ἀνα

161 3976 566 4048 θρωπινώτερον.
604 3970 782 4025 Βλέπε
812 3967 871 4020 δὲ
898 3965 1002 4019 κάν
1037 3958 1214 4029 τούτῳ
1250 3956 1352 4027 τῆς
1398 3952 1618 4022 ἀγάπης
1656 3947 1720 4002 τὸ

166 4042 354 4142 μέτρον.
393 4042 754 4139 ’Ϋπερὺψωσε
799 4059 912 4131 γὰρ
962 4056 1124 4113 αὑτὸν
1164 4055 1195 4108 6
1238 4050 1392 4115 Θεὸς,
1425 4044 1578 4117 φησί.
1613 4042 1719 4096 Τὸν

165 4135 340 4233 enim
368 4162 467 4232 ἤδη
505 4135 608 4214 θέαι
632 4150 1024 4223 δεδοξασμένον
1051 4143 1322 4214 ὑπερνψοῖ
1364 4139 1460 4193 καὶ
1483 4135 1719 4203 δοξάζει,

166 4215 319 4308 καίτοι
348 4215 474 4314 Θὲδξ
519 4247 667 4304 κατὰ
709 4215 877 4315 φῦσιν
900 4240 1038 4305 ἐστὶ,
1080 4236 1178 4293 καὶ
1228 4230 1498 4305 ἀληθινὸς,
1528 4228 1626 4283 ἅτε
1657 4224 1723 4296 δὴ
1827 4215 1840 4270 ἰ

169 4346 247 4398 καὶ
273 4343 526 4414 ὑπάρχων
554 4339 654 4410 οὑχ
679 4332 760 4401 εἷς
796 4335 907 4389 τῶν
944 4328 1292 4401 κτισμάτων,
1344 4321 1486 4378 κατά
1516 4336 1581 4388 γε
1624 4316 1723 4388 τὴν

1787 1937 1935 1992 illam
1968 1933 2157 1996 subiit.
2187 1932 2392 2003 quippe
2429 1941 2554 1983 cum
2587 1923 2682 1979 Dei
2724 1936 2787 1975 ac
2820 1917 3004 1973 Patris
3029 1914 3371 1969 voluntatem

1788 2027 1932 2084 Deus
1968 1999 2305 2096 unigenitus
2328 1999 2676 2090 agnosceret.
2728 2013 2821 2068 Sic
2864 2017 3045 2064 autem
3089 2004 3145 2058 in
3187 1999 3372 2069 subje-

1789 2120 2032 2175 ctiunem
2067 2112 2437 2169 voluntariam
2473 2109 2621 2164 ultro
2654 2101 2959 2165 descendit,
3003 2107 3064 2151 ut
3093 2094 3260 2150 etiam
3304 2089 3375 2143 ad

1791 2220 2022 2267 mortem
2047 2219 2243 2273 usque,
2260 2212 2495 2269 eamque
2519 2193 2920 2265 turpissimam,
2951 2202 3009 2243 se
3034 2184 3373 2240 demitteret.

1794 2303 1852 2358 In
1882 2314 2047 2356 cruce
2075 2298 2224 2353 enim
2255 2292 2515 2365 pendere,
2569 2300 2756 2342 nonne
2784 2294 3002 2337 omnem
3033 2273 3258 2332 omnino
3289 2270 3378 2325 itt-

1794 2393 2017 2449 Iamiam
2039 2387 2306 2459 superat?
2335 2383 2474 2450 Quia
2503 2394 2633 2435 vero
2658 2377 2763 2432 ista
2799 2372 3140 2444 passusest,
3175 2360 3376 2431 inquit,

1796 2488 2005 2545 idcirco
2040 2450 2187 2538 Deus
2225 2470 2658 2548 superexaltavit
2688 2480 2835 2523 eum.
2880 2460 3062 2515 Habes
3102 2454 3271 2526 igitur
3320 2450 3379 2504 in

1797 2576 2144 2649 subjectione
2169 2542 2487 2627 voluntaria
2508 2562 2853 2618 voluntatum
2891 2552 3076 2608 Patris
3110 2542 3378 2613 adimple-

1798 2675 2030 2733 tiouem,
2056 2681 2199 2739 quas
2226 2664 2351 2718 loco
2390 2654 2775 2713 mandatorum
2800 2646 2972 2700 Filius
3001 2637 3142 2710 apud
3167 2651 3228 2692 sc
3256 2647 3383 2688 esse

1800 2759 1895 2812 ait.
1935 2722 2235 2809 Nam'cutn
2269 2746 2452 2802 Patris
2480 2739 2737 2800 consilia,
2782 2744 2841 2789 ut
2872 2732 3133 2788 Verbum,
3180 2722 3384 2780 intelli-

1802 2853 1893 2918 gat
1914 2883 1928 2908 ,
1957 2843 2185 2911 ejusque
2219 2831 2491 2908 profunda
2524 2834 2826 2885 scrutetur,
2854 2821 2963 2874 imo
2994 2830 3124 2872 vero
3152 2828 3277 2868 cum
3314 2811 3386 2866 sit

1804 2935 2071 3008 sapientia
2099 2946 2164 2985 ac
2190 2928 2365 2983 virtus
2401 2922 2604 2984 Patris,
2629 2917 2965 2972 Voluntatem
3002 2908 3122 2976 ejus
3148 2906 3213 2959 ad
3245 2916 3387 2971 opus

1807 3026 2082 3100 perducit,
2129 3018 2372 3077 mandati
2415 3016 2538 3069 loco
2571 3025 2692 3067 eam
2721 3005 2949 3068 habens,
2991 3007 3153 3069 atque
3184 2997 3260 3050 ita
3288 2994 3388 3047 hu-

1808 3132 1970 3175 mano
2001 3128 2157 3170 more
2191 3125 2312 3166 eam
2346 3115 2696 3174 nuncnpans.
2728 3094 2866 3151 Vide
2896 3105 3060 3162 porro
3091 3087 3254 3143 etiam
3298 3083 3391 3138 hic

1811 3204 2126 3265 dilectionis
2186 3199 2433 3255 modum.
2507 3183 2951 3261 Snpcrexaltavit
3010 3180 3155 3234 enim
3207 3176 3390 3246 ipsum

1813 3300 1981 3361 Deus,
2024 3294 2223 3365 inquit.
2272 3288 2561 3343 Excelsum
2606 3282 2718 3352 jam
2768 3284 2822 3332 et
2864 3272 3037 3345 gloria
3078 3266 3394 3324 redimitum

1815 3361 2190 3463 superexal—tat
2222 3391 2277 3439 et
2305 3378 2577 3452 gloriﬁcat
2599 3416 2614 3441 ,
2647 3368 2864 3427 tametsi
2910 3365 3051 3420 Deus
3082 3361 3154 3416 sit
3189 3372 3391 3413 secun-

1815 3486 1947 3541 dum
1987 3489 2266 3541 naturam,
2296 3489 2362 3527 ac
2383 3484 2568 3535 verus,
2612 3462 2861 3534 ejusdem
2898 3469 3093 3525 nempe
3120 3466 3242 3506 cum
3274 3450 3394 3517 ipso

1817 3570 2164 3631 substantiae,
2196 3571 2382 3635 utpote
2419 3573 2543 3616 cum
2575 3570 2685 3611 non
2717 3552 2788 3608 sit
2814 3564 2845 3605 e
2876 3556 3256 3602 creaturarum
3290 3553 3395 3592 nu-

1819 3680 1993 3730 rnero,
2026 3669 2080 3716 et
2127 3658 2337 3713 idcirco
2388 3654 2685 3707 censeatur
2719 3657 2784 3697 ac
2829 3652 2957 3695 vere
3005 3636 3076 3691 sit
3129 3643 3294 3700 supra
3342 3626 3399 3683 id

1819 3716 1993 3812 omne,
2016 3748 2163 3821 quod
2193 3752 2376 3801 mente
2401 3731 2905 3808 comprehenditur,
2938 3726 3183 3793 adeoque
3212 3716 3400 3787 gloriae

1822 3845 2086 3901 Dominus
2106 3840 2478 3906 nuncupetur,
2505 3823 2809 3885 secundum
2837 3817 3178 3888 Scripturas.
3208 3806 3399 3863 Enim-

1822 3952 1954 3995 vero
1995 3933 2269 3990 exaltatnr
2289 3903 2314 3991 ,—
2338 3921 2540 3994 inquit,
2588 3927 2643 3974 et
2686 3913 3046 3971 clarilicatur.
3090 3904 3211 3970 Quo
3240 3903 3404 3971 pacto

1822 4043 1978 4094 vero,
2026 4034 2121 4081 aut
2151 4019 2395 4094 quando,
2441 4022 2538 4069 aut
2584 4004 2901 4082 quomodo?
2948 3997 3180 4067 Quando
3208 4005 3408 4060 nempe

1827 4120 2007 4175 factus
2036 4123 2119 4170 est
2148 4084 2201 4166 in
2230 4107 2407 4163 forma
2452 4100 2619 4166 servi,
2662 4104 2716 4153 et
2746 4096 2806 4151 in
2832 4087 3165 4149 humilitatis
3206 4084 3408 4142 forma,

1829 4318 1996 4362 carne
2045 4298 2316 4356 exaltatur
2372 4287 2539 4361 883
2592 4281 2759 4340 simul
2802 4292 2926 4334 cum
2959 4273 3146 4335 Patre,
3195 4273 3253 4321 ct
3283 4277 3410 4320 con-

1675 4362 1722 4462 ί-
1832 4394 2193 4468 glorificatur,
2230 4393 2287 4442 et
2314 4383 2547 4439 dilectus
2585 4385 2673 4433 est
2706 4373 2776 4428 ab
2803 4385 2892 4434 eo,
2925 4382 3037 4423 non
3070 4362 3263 4432 utique
3291 4365 3409 4411 tum

176 4447 439 4507 τιιυτιτπητα
464 4447 571 4505 την
598 4447 663 4486 εκ
696 4447 796 4501 της
825 4447 1012 4489 ουσιας
1050 4447 1239 4482 αυτυυ,
1263 4447 1352 4473 usus
1388 4447 1545 4470 'buvuv
1578 4447 1706 4465 νυν.-

176 4528 309 4599 μινός
334 4543 390 4582 τε
426 4526 522 4580 κα)⁸
554 4524 629 4579 ὢν
654 4519 872 4591 άληθῶς
906 4514 1109 4578 παντὸς
1152 4509 1447 4582 ὑψώματος
1474 4504 1706 4559 ὲπέκεινι

1834 4490 2072 4562 primum
2115 4494 2240 4537 cum
2276 4470 2646 4532 voluntariam
2695 4461 3097 4534 subiectionem
3139 4447 3410 4522 implevit,

1844 4598 1849 4599 κ
1914 4580 1927 4599 ι
1971 4579 2071 4599 ιη-
2108 4573 2318 4599 “nam.
2348 4566 2400 4599 ιιι
2426 4562 2695 4599 ς..ιοιιιορο
2760 4546 3234 4599 ηιιρηιἎιῘῐῐιΟάιιιη
3266 4539 3410 4593 enim

175 4594 362 4689 νοητοῦ,
387 4616 523 4672 ἀλλὰ
550 4614 648 4669 καὶ
680 4615 779 4684 τῆς
809 4609 968 4680 δόξης
997 4605 1225 4678 Κύριος,
1251 4599 1393 4656 κατὰ
1438 4596 1538 4660 τὰς
1571 4594 1733 4663 ἁγίας

176 4687 388 4782 Γρσφάς.
424 4707 588 4762 Ἀλλά
622 4706 734 4769 ναὶ,
766 4701 952 4773 φησιν,
1000 4696 1233 4768 ὑψοῦται
1278 4692 1374 4747 καὶ
1427 4687 1733 4754 δοξάζεται.

180 4777 295 4865 Πῶς
334 4800 409 4865 δὲ,
452 4801 487 4871 ἢ
542 4798 674 4852 πότε
727 4795 821 4849 καὶ
847 4792 971 4847 τινα
1023 4787 1262 4861 τρόπον;
1304 4784 1434 4836 Ὅτε
1495 4777 1741 4849 δηλονότι

182 4892 380 4960 γέγονεν
411 4869 568 4961 ὲν-τῇ
596 4886 692 4941 τοῦ
719 4884 907 4939 δούλου
954 4882 1158 4954 μορφῇ,
1193 4876 1287 4931 καὶ
1315 4875 1372 4928 ὲν
1400 4870 1479 4942 τῷ
1518 4869 1617 4941 τῆς
1642 4885 1742 4921 τα-

185 4979 464 5045 πεινώσεως
518 4952 780 5051 ἀγήματι,
840 4972 984 5028 τοῦτ’
1029 4952 1224 5035 ἔστιν,
1279 4964 1566 5034 ἄνθρωπος
1622 4952 1743 5012 καθ’

185 5075 331 5144 ἡμᾶς.
365 5074 679 5145 Ἀνατρέχει
707 5068 817 5140 γὰρ
842 5067 936 5121 καὶ
972 5062 1113 5135 μετὰ
1139 5057 1341 5130 σαρκὸς
1390 5056 1470 5119 εἰς
1512 5052 1575 5106 τὸ
1616 5067 1741 5104 συν-

188 5143 429 5236 νψοῦσθαι
457 5143 637 5231 πάλιν,
670 5164 763 5218 καὶ
798 5155 1211 5227 συνδοξάζεσθαι
1254 5149 1332 5223 τῷ
1364 5145 1542 5217 Πατρί
1562 5161 1576 5175 ⁸
1607 5143 1743 5212 ἠγα-

191 5232 321 5328 πῆθη
347 5275 404 5311 τε
435 5256 564 5329 παρ’
590 5252 778 5319 αὑτοῦ,
804 5250 899 5306 καὶ
935 5247 1055 5319 οὐχὶ
1086 5245 1209 5301 τότε
1240 5240 1480 5313 πρῶτον,
1512 5236 1601 5290 ὅτε
1641 5232 1742 5304 τὴν

193 5324 414 5403 ἑκούσιον
460 5324 740 5416 ὑποταγὴν
782 5342 1139 5413 πεπλήρωκε,
1181 5334 1394 5405 νοήσεις
1431 5328 1489 5383 δὲ
1542 5324 1741 5399 μᾶλλον

195 5440 412 5506 ἐκείνως.
446 5439 658 5510 Ὀνπερ
701 5436 809 5512 γάρ
847 5433 1057 5504 ,τρόπον
1105 5426 1309 5500 ὑψηλὸς
1340 5422 1602 5493 ὑπάρχων
1633 5415 1744 5482 ἀεὶ,

200 5534 279 5587 καὶ
306 5507 704 5603 δεδοξασμένος,
733 5507 870 5581 -ὀσον
916 5525 994 5589 είς
1040 5520 1176 5577 ἰδίαν
1226 5516 1408 5589 φύσιν,
1437 5507 1749 5579 δεδοξάσθαι

202 5641 249 5678 τε
276 5642 362 5679 και
386 5600 627 5697 esseom
648 5624 884 5691 λέγεται,
906 5619 993 5673 ὅτε
1017 5616 1236 5685 γέγονεν
1264 5609 1359 5666 ἄνθ
1371 5622 1570 5682 ρωπος,
1599 5604 1628 5658 6
1655 5600 1753 5672 τῆς

270 5811 307 5845 ⁸⁸
345 5806 572 5882 Philipp.
618 5822 699 5875 ιι,
743 5808 773 5862 6
807 5805 862 5862 9.

1835 4539 1931 4638 sed
1971 4579 2074 4633 hac
2108 4573 2319 4628 ratione
2348 4566 2403 4622 id
2426 4562 2717 4632 intelliges.
2760 4546 3234 4623 Quemadmodum
3266 4539 3414 4593 enim

1834 4673 2086 4732 excelsus
2141 4679 2268 4720 cum
2319 4661 2394 4717 sit
2419 4668 2660 4726 semper,
2738 4645 3074 4705 clariﬁcatus
3126 4646 3309 4689 tamen
3362 4635 3420 4683 et

1838 4765 2113 4823 cxaltatus
2136 4757 2477 4813 diciturcum
2508 4746 2687 4801 factus
2712 4747 2798 4796 est
2820 4739 3009 4797 homo,
3038 4727 3222 4783 divina
3245 4720 3418 4792 gloria

1840 4864 2107 4929 quantum
2152 4848 2219 4903 ad
2250 4845 2648 4902 humanitatem
2694 4835 2910 4903 spectat
2957 4819 3298 4877 destitutus:
3342 4810 3423 4867 sic

2988 4921 3001 4929 ‘
3090 4916 3306 4929 -Α-Α-ι--Α
3344 4902 3392 4929 .l:

1843 4902 2107 4929 ‘I"""'"‘
2158 4902 2179 4903 "
2728 4902 2737 4903 κ

1843 4952 2007 5007 etiam
2048 4959 2172 5001 cum
2209 4956 2239 4995 a
2270 4933 2561 5010 principio,
2591 4936 2645 4985 et
2673 4935 2911 4993 semper,
2953 4921 3007 4969 et
3045 4916 3310 4982 perpetuo
3342 4902 3426 4957 di-

1843 5044 2073 5114 ligatur,
2107 5036 2343 5091 dilectus
2385 5036 2567 5082 tamen
2613 5019 2786 5073 fuisse
2828 5010 3031 5065 dicitur
3084 5002 3250 5058 etiam
3296 5011 3425 5052 cum

2597 5112 2608 5114 “
2633 5109 2646 5114 ⁸
2687 5108 2698 5114 ⁸
2886 5101 2897 5112 ·
2980 5097 3013 5114 ι·
3055 5108 3149 5114 μ--
3226 5088 3278 5114 2.1
3342 5091 3422 5114 nu.

1843 5088 2029 5188 etiame.
2082 5122 2353 5196 Apparuit
2401 5116 2548 5173 enim
2596 5108 2805 5166 idcirco
2855 5097 3019 5157 sicuti
3051 5108 3176 5159 nos,
3226 5088 3280 5144 id
3340 5091 3427 5141 est

1844 5228 2196 5292 nuncupatus
2229 5224 2314 5271 est
2362 5218 2416 5268 et
2451 5207 2633 5262 lactus
2677 5205 2763 5255 est
2816 5195 3004 5256 homo,
3061 5196 3124 5242 ut
3172 5197 3296 5241 eum
3333 5178 3431 5249 qui

1840 5277 1984 5374 olim
2017 5277 2145 5369 ddio
2173 5318 2258 5366 est
2288 5304 2511 5361 habitus
2553 5300 2778 5368 propter
2815 5286 3050 5359 primam
3100 5277 3251 5374 illam
3285 5285 3431 5343 prae-

1854 5405 2282 5465 varicationem,
2316 5404 2370 5454 et
2401 5390 2779 5451 intromissum
2826 5381 3137 5451 peccatum,
3169 5366 3431 5422 dilectum

1858 5503 1971 5557 Deo
2006 5495 2278 5553 redderet.
2312 5490 2490 5546 Janua
2533 5483 2680 5542 enim
2727 5474 2960 5535 idcirco,
2993 5474 3046 5521 et
3080 5456 3432 5535 principium,

1861 5603 1915 5651 et
1951 5591 2039 5648 via
2069 5586 2312 5646 omnium
2347 5578 2505 5637 nobis
2537 5576 2808 5632 bonorum
2856 5558 3142 5622 exstitisse
3182 5547 3439 5607 Christus
