4056 6482
634 361 743 419 £75

1636 353 1696 408 Β.
1736 350 2010 408 εγιιιιυ
2048 345 2523 405 ΑιεΧΑΝοιιιΝι
2563 348 2883 407 ᾹΒΟΗΙΕΡ.

3801 355 3895 412 576

631 478 856 534 dicitur.
900 471 1175 546 Numquid
1214 488 1343 544 ergo
1388 471 1609 527 demunt
1662 478 1811 526 recte
1844 478 1899 525 et
1936 468 2193 539 inculpat:

2316 468 2655 540 Θεοπρεποῦς
2678 470 2837 540 δόξης
2868 471 3075 541 ἔρημος
3099 472 3196 537 ὢν,
3216 470 3342 525 ὅσον
3374 471 3457 536 είς
3483 472 3891 544 MM

632 583 693 624 se
718 566 980 622 dilectum
1013 580 1137 620 esse
1170 565 1267 626 ait,
1314 579 1378 619 ex
1406 577 1472 617 eo
1514 561 1661 632 quod
1708 570 1981 631 praecepta
2026 558 2208 616 Patris

629 659 976 715 observarit?
1022 656 1296 727 Numquid
1332 655 1431 709 tibi
1486 654 1734 726 mysterii
1793 654 1934 707 ratio
1973 652 2093 707 visa
2125 660 2210 708 est

630 750 887 815 dlmcilis,
925 758 982 804 et
1012 750 1179 803 menti
1227 756 1337 802 tuae
1374 746 1949 817 incomprehensibilis
1982 746 2211 816 dispen-

629 843 869 898 sationis
899 850 1127 912 propter
1149 855 1251 895 nos
1290 840 1533 909 impleta:
1564 838 1834 895 altitudo?
1875 858 1895 891 ι
1922 840 1990 893 At
2021 839 2205 893 omnia

630 933 921 1002 p‘rzesentia
991 929 1461 1000 intelligentibus,
1518 943 1735 982 necnon
1800 937 1947 982 recta
1998 928 2205 981 haben-

628 1022 775 1076 tibus
810 1022 1135 1083 scientiam,
1180 1039 1199 1071 ι
1241 1021 1391 1074 sicut
1439 1021 1710 1089 scriptum
1757 1029 1843 1073 est
1878 1018 1944 1072 δ’.
1990 1018 2207 1074 Manete

627 1115 816 1184 igitur,
849 1114 1051 1182 inquit,
1103 1114 1158 1167 in
1211 1112 1508 1168 dilectione
1555 1128 1695 1175 mea,
1750 1112 1853 1166 hoc
1903 1122 2007 1175 est,
2054 1111 2201 1164 omni

623 1220 757 1258 cura
800 1220 865 1259 ac
911 1204 1096 1259 studio
1128 1205 1407 1258 conamini
1455 1204 1552 1257 tali
1581 1218 1683 1259 vos
1715 1219 1745 1256 a
1794 1218 1878 1257 me
1908 1202 2203 1257 dilectione

623 1295 854 1362 donari,
891 1296 1109 1365 qualem
1133 1310 1235 1365 ego
1268 1310 1488 1365 quoque
1511 1293 1655 1361 apud
1684 1292 1853 1347 Deum
1887 1307 1951 1347 ac
1982 1290 2201 1347 Patrem

620 1386 817 1443 habeo.
863 1386 1013 1443 Patri
1044 1388 1247 1458 quippe
1294 1402 1380 1441 me
1413 1386 1647 1455 subjeci,
1680 1386 1912 1455 ejusque
1941 1386 2201 1439 volunta-

621 1488 732 1533 tem
767 1481 949 1550 peregi
978 1499 991 1534 :
1037 1480 1269 1549 ideoque
1304 1494 1521 1538 maneo.
1558 1486 1881 1533 constanter
1915 1477 1985 1532 ab
2014 1492 2080 1532 eo
2121 1478 2203 1531 di-

621 1565 819 1620 lectus.
863 1566 969 1623 Sed
1010 1566 1057 1621 si
1088 1581 1186 1621 vos
1223 1582 1341 1621 mea
1382 1567 1484 1636 ipsi
1515 1581 1735 1635 quoque
1771 1575 2043 1635 praecepta
2080 1582 2200 1621 ser-

617 1658 901 1722 vaveritis,
953 1659 1148 1713 eodem
1200 1658 1393 1729 utique
1443 1660 1607 1713 modo
1652 1659 1705 1712 in
1742 1658 2041 1713 dilectione
2078 1673 2199 1713 mea

620 1748 937 1805 manebitis.
982 1748 1200 1804 Nullam
1236 1753 1651 1807 excusationem
1708 1751 1945 1821 pigritiae
2000 1750 2055 1804 in
2094 1750 2197 1804 hoc

618 1838 917 1905 habebitis,
965 1856 1065 1896 nec
1096 1842 1243 1896 enim
1276 1842 1433 1896 labor
1471 1842 1727 1897 mercede
1776 1842 2009 1898 carebit.
2052 1841 2200 1897 Tan—

620 1940 733 1985 tum
769 1932 915 1986 enim
964 1932 1279 1987 dilectionis
1333 1933 1490 1988 vobis
1562 1934 1865 2003 impertiar,
1929 1944 2196 2003 quantum

617 2021 795 2075 habeo
826 2022 941 2091 ipse
974 2037 1003 2075 a
1037 2022 1222 2085 Patre,
1250 2025 1562 2094 aequalibus
1596 2025 1995 2095 propemodum
2032 2026 2197 2080 bono-

614 2113 767 2166 l'lbllS
798 2128 1043 2167 meorum
1076 2128 1401 2169 sermonum
1447 2116 1730 2171 custodem
1778 2131 2077 2171 coronans.
2114 2116 2198 2172 ΜΘ

612 2202 817 2273 quippe
840 2206 1273 2274 superexaltavit
1308 2206 1488 2270 Pater,
1514 2222 1827 2277 nomenque
1852 2207 2005 2263 dedit
2047 2208 2195 2279 quod

610 2302 695 2348 est
731 2309 898 2363 super
927 2309 1093 2351 omne
1124 2312 1347 2351 nomen.
1392 2297 1716 2353 Declaratus
1745 2298 1889 2353 enim
1915 2314 2034 2354 sum
2069 2300 2196 2353 uni-

610 2385 758 2439 versi
800 2382 975 2452 Deus;
1018 2386 1115 2441 sed
1151 2401 1262 2441 non
1309 2388 1614 2443 accusabor
1664 2395 1817 2441 tanta
1848 2389 1994 2443 bona
2034 2388 2194 2442 vobis

610 2476 900 2533 invidisse.
930 2477 1043 2534 Vos
1090 2479 1237 2533 enim
1286 2480 1504 2533 tametsi
1540 2480 1816 2544 homines,
1856 2494 1920 2535 ac
1961 2480 2193 2549 proinde

610 2569 799 2623 servili
842 2570 1103 2639 praeditos
1133 2578 1328 2623 natura
1371 2570 1509 2626 deos
1544 2585 1608 2625 ac
1635 2570 1731 2625 Dei
1766 2569 1907 2625 ﬁlios
1937 2570 2152 2625 reddidi
2176 2610 2190 2633 ,

609 2660 1129 2729 supernaturalibus
1162 2662 1475 2716 illustratos
1524 2662 1877 2730 dogmatibus
1921 2676 2020 2730 per
2068 2676 2191 2731 gra-

607 2752 765 2811 tiam.
798 2752 854 2806 in
886 2753 1041 2824 regni
1068 2754 1173 2807 mei
1204 2761 1416 2821 partem
1452 2752 1669 2822 recepi,
1709 2751 2029 2806 conformes
2059 2766 2191 2806 cur-

607 2844 727 2912 pori
762 2843 951 2911 gloriae
975 2857 1109 2896 mea:
1154 2842 1369 2897 reddidi
1402 2843 1482 2904 '°,
1534 2841 1954 2910 incorruptione
1980 2858 2043 2897 ac
2077 2843 2190 2896 vita

606 2936 821 2990 ornavi.
866 2934 973 2989 Sed
1011 2935 1125 2989 haac
1168 2934 1393 3004 quidem
1446 2935 1501 2987 in
1537 2948 1667 3002 spe,
1711 2941 1766 2986 et
1818 2933 1872 2986 in
1926 2934 2188 2987 saeculum

607 3026 855 3081 futurum
890 3037 1199 3082 servantur.
1238 3025 1407 3097 884
1442 3026 1585 3091 Quid
1637 3041 1768 3080 vero
1808 3026 2188 3094 inpraesentia-

2312 562 2490 631 λόγον,
2518 562 2661 616 οὕτω
2712 564 2808 617 καὶ
2855 564 2914 630 ἐξ
2939 563 3136 635 ἀρχῆς,
3188 566 3276 617 ἀεί
3317 581 3375 617 τε
3424 566 3522 617 καὶ
3564 564 3656 617 διὰ
3707 568 3893 630 παντὸς

2310 654 2695 726 ἀγαπώμενος,
2719 655 3041 724 ήγαπῆσοαι
3090 654 3306 723 λέγεται
3357 656 3453 709 καὶ
3498 656 3643 725 μετά
3677 659 3889 726 σαρκός.

2310 747 2524 816 Πέφηνε
2558 746 2669 817 γὰρ
2700 746 2789 800 διὰ
2816 745 2975 799 τοῦτο
3006 745 3130 799 καθ’
3161 748 3330 817 ἡμᾶς,
3354 746 3504 801 τοῦτ’
3532 745 3676 812 ἔστι,
3706 764 3895 817 κεχρηο

2310 840 2504 910 μάτικε
2535 839 2630 892 καὶ
2658 839 2881 906 γέγονεν
2910 837 3221 907 ἄνθρωπος,
3252 837 3340 891 ἴνα
3381 840 3476 892 τὸν
3519 839 3694 891 πάλαι
3742 856 3893 908 μεμε.

2309 930 2566 1001 σημένον,
2595 929 2686 983 διὰ
2705 930 2805 999 τὴν
2849 931 2908 982 ὲν
2950 931 3093 1001 ἀρχῇ
3132 929 3449 999 παράΰασιν
3478 932 3574 983 καὶ
3610 932 3718 1000 τὴν
3747 934 3805 983 ὲν
3827 932 3894 1000 τῷ

2309 1021 2512 1092 μεταξὺ
2564 1020 3055 1092 παρεισψρήσασαν
3093 1020 3392 1090 ἁμαρτίαν,
3436 1020 3732 1089 ἀγαπητὸν
3769 1022 3894 1073 an.

2304 1112 2498 1183 τελέσῃ
2532 1111 2610 1182 τῷ
2652 1112 2793 1183 Θεῷ.
2843 1112 2994 1181 Θύρα
3025 1112 3135 1181 γὰρ
3162 1112 3254 1165 διά
3296 1112 3475 1175 τοῦτο,
3508 1112 3603 1163 καὶ
3631 1112 3781 1181 ἀρχὴ
3810 1115 3893 1165 καὶ

2304 1205 2421 1268 ὁδὸς
2448 1204 2704 1257 ἁπάντων
2744 1204 2879 1274 ἡμῖν
2909 1203 3020 1257 τῶν
3068 1202 3289 1270 ἀγαθῶν
3338 1203 3645 1273 πεφηνέναι
3686 1202 3889 1267 λέγεται

2303 1296 2559 1367 Χριστός.
2606 1291 2755 1367 Ἀρα
2801 1296 2865 1367 δή
2917 1311 3000 1348 σοι
3044 1294 3237 1347 λοιπὸν
3292 1294 3649 1363 ἀνεγκλήτως
3712 1294 3891 1344 ἑαυτὸν

2301 1386 2620 1456 ήγαπῆσθαί
2656 1404 2809 1456 φησι,
2841 1387 2927 1439 διὰ
2972 1386 3034 1438 τὸ
3064 1384 3397 1455 τετηρῆσθαι
3441 1385 3574 1455 παρ’
3605 1382 3776 1437 αὐτοῦ
3803 1383 3891 1445 τὰς

2300 1476 2396 1529 τοῦ
2423 1476 2635 1548 Πατρδς
2665 1477 2914 1541 ὲντολάς;
2955 1476 3100 1546 Ἄρα
3144 1476 3217 1545 μή
3262 1491 3342 1528 σοι
3368 1476 3578 1545 τραχὺς
3613 1475 3642 1526 ό
3672 1473 3773 1525 τοῦ
3800 1490 3890 1541 μυ-

2304 1568 2527 1640 στηρίου
2554 1568 2830 1638 κατεφάνη
2862 1566 3039 1634 λόγος,
3064 1567 3164 1620 καὶ
3190 1566 3291 1635 τῆς
3314 1565 3381 1617 δι’
3406 1567 3555 1634 ἡμᾶς
3580 1561 3888 1631 τετελεσμέ-

2301 1676 2400 1728 νης
2436 1659 2747 1727 οἰκονομίας
2779 1659 2838 1711 τὸ
2867 1657 3030 1728 βάθος
3072 1660 3147 1729 μὴ
3189 1657 3515 1726 δυσέφικτόν
3550 1654 3784 1723 πωςτῷ
3819 1655 3887 1723 σῷ

2302 1750 2490 1819 γέγονε
2515 1751 2590 1820 νῷ
2614 1769 2628 1816 ;
2665 1751 2807 1803 Ἀλλ’
2824 1751 2972 1803 ἔστιν
2990 1750 3196 1804 ἐνώπια
3215 1752 3327 1810 τοῖς
3357 1745 3622 1810 συνιοῦσι,
3642 1748 3743 1799 καὶ
3763 1746 3887 1814 ὀρθὰ

2232 1804 2276 1859 Β
2519 1804 2630 1907 τοῖς
2682 1842 2862 1912 ἔχουσι
2896 1843 3138 1910 γνῶσιν,
3368 1840 3430 1893 τὸ
3478 1804 3881 1911 γεγραμμένον.

2296 1936 2534 1989 Μείνατε
2571 1936 2771 1997 τοίνυν,
2823 1936 3012 2006 φησιν,
3038 1935 3096 1986 ὲν
3129 1938 3195 2004 τῇ
3245 1934 3433 2004 ἀγάπῃ
3460 1936 3529 2003 τῇ
3570 1934 3706 2001 ἐμῇ,
3748 1930 3882 1982 τοῦτ’

2294 2028 2428 2087 ἔστι,
2466 2027 2555 2080 διὰ
2594 2027 2830 2096 σπουδῆς
2863 2028 3080 2097 ἀπάσης
3119 2026 3213 2079 καὶ
3241 2025 3552 2096 προθυμίας
3581 2023 3885 2094 ἐρχόμενοι,

2293 2120 2885 2191 διαπραγματεύσασθέ
2911 2137 2971 2171 τε
3004 2122 3097 2171 καὶ
3129 2116 3561 2186 ἑπιτηδεύσασθε
3602 2115 3665 2166 τὸ
3705 2113 3883 2166 τοιαύ-

2293 2214 2392 2282 τῆς
2430 2212 2712 2279 ἀξιοῦσθαι
2754 2213 2882 2281 παρ’
2924 2210 3061 2281 ὲμοῦ
3107 2210 3209 2278 τῆς
3250 2209 3496 2277 ἀγάπης,
3543 2205 3745 2259 ὁποίαν
3785 2205 3885 2274 ἔχω

2294 2304 2451 2371 κάγὼ
2501 2303 2654 2372 παρὰ
2696 2302 2774 2371 τῷ
2817 2301 2938 2371 Θεῷ
2982 2301 3078 2355 καὶ
3130 2300 3329 2371 Πατρί.
3380 2299 3591 2365 Γέγονα
3637 2298 3743 2365 μὲν
3784 2296 3885 2364 γὰρ

2295 2395 2536 2465 ὑπήκοος
2564 2392 2697 2461 ὲγὼ,
2731 2393 2825 2446 καὶ
2861 2392 2971 2446 τῶν
2998 2392 3093 2445 τοῦ
3145 2391 3361 2461 [ἰατρὸς
3388 2388 3724 2458 θελημάτων
3750 2385 3881 2438 ἀπο-

2293 2486 2567 2554 τελεστὴς,
2602 2485 2748 2553 μένω
2776 2501 2834 2536 τε
2866 2482 2957 2535 διὰ
2985 2481 3162 2542 τοῦτο,
3208 2482 3304 2534 καὶ
3347 2478 3637 2548 ἀραρότως
3663 2479 3881 2545 infami-

2296 2579 2473 2649 μένος.
2516 2576 2653 2629 Ἀλλ’
2682 2578 2811 2629 ὅταν
2844 2574 3076 2644 γένησθε
3110 2574 3203 2625 καὶ
3251 2570 3407 2623 αὐτοὶ
3446 2568 3556 2620 τῶν
3593 2569 3751 2635 ἐμῶν
3783 2567 3879 2634 φύ-

2291 2670 2454 2733 λακες
2484 2667 2733 2727 ἐντολῶν,
2782 2666 2923 2719 κατά
2959 2666 3054 2717 τὸν
3102 2665 3216 2716 ἴσον
3248 2662 3451 2733 τρόπον
3493 2662 3715 2730 μενεῖτε
3749 2659 3879 2711 πάν-

2290 2780 2399 2825 τως
2444 2764 2500 2814 ὲν
2549 2763 2616 2832 τῇ
2673 2760 2861 2829 ἀγάπῃ
2912 2760 2980 2827 τῇ
3037 2760 3168 2826 ἐμῇ.
3204 2754 3644 2823 Ἀπροφάσιστον
3695 2750 3754 2803 δὲ
3789 2750 3879 2819 τήν

2292 2854 2372 2915 εἰς
2402 2851 2580 2913 τοῦτο,
2606 2852 2791 2919 φησὶν,
2818 2849 2969 2914 ἕξετε
2997 2846 3300 2917 ῥᾳθυμίανο
3334 2844 3396 2897 οὐ
3426 2842 3539 2912 γὰρ
3566 2839 3767 2911 ἀμισθὶ⁵
3793 2840 3879 2892 τὸν

2291 2941 2383 2994 ἐπὶ
2414 2941 2624 3003 τούτοις
2658 2938 2858 3008 ἱδρῶτα
2885 2935 3214 3004 διατλήσετε.
3257 2933 3576 3003 Φανήσομαι
3616 2929 3731 2999 γὰρ
3757 2946 3875 2981 τοσο

2291 3035 2459 3103 αὐτην
2496 3036 2627 3104 ὑμῖν
2675 3033 2891 3095 ἐπιδοὺς
2940 3032 3041 3101 τὴν
3088 3031 3328 3099 ἀγάπην,
3384 3030 3517 3097 ὅσην
3557 3027 3722 3088 αὐτὸς
3774 3026 3876 3095 ἔχω

606 3116 771 3170 rum?
800 3114 1076 3185 Numquid
1113 3116 1359 3171 illustres
1401 3124 1455 3170 et
1478 3116 1652 3185 gloria
1687 3116 2021 3184 conspicuos
2064 3116 2189 3169 red-

2293 3124 2442 3194 παρά
2475 3122 2709 3193 Πατρδς,
2741 3123 2834 3174 καὶ
2869 3122 3153 3191 μονονουχὶ
3191 3122 3309 3182 ταῖς
3346 3117 3662 3188 ίσορρόποις
3694 3118 3873 3182 τιμαῖς

605 3205 719 3260 didi
752 3212 807 3261 et
839 3208 982 3275 apud
1018 3206 1141 3276 pios
1169 3221 1361 3261 omnes
1396 3207 1739 3262 venerandos
1778 3222 1873 3261 vos
1908 3208 2187 3276 praestiti?

2293 3217 2381 3268 τὸν
2410 3215 2517 3268 τῶν
2556 3215 2707 3285 ὲμῶν
2752 3214 2925 3281 λόγων
2971 3212 3187 3282 φύλακα
3242 3210 3541 3278 στεφανῶν.
3589 3208 3727 3277 Ἐμὲ
3772 3223 3874 3276 γαρ

606 3296 820 3367 Quippe
842 3296 1121 3352 daemones
1147 3298 1395 3367 impuros
1421 3298 1759 3368 increpastis
1786 3317 1799 3352 :
1829 3299 2009 3353 omnis
2043 3313 2190 3352 mor-

606 3390 701 3457 bi,
734 3403 785 3447 et
810 3392 994 3447 omnis
1026 3391 1365 3447 inﬁrmitatis
1390 3395 1650 3447 sanandm
1680 3402 2007 3463 potestatem
2033 3394 2187 3449 vobis

605 3483 733 3539 feci.
760 3483 1047 3538 Pollicitus
1076 3500 1196 3539 sum
1221 3484 1411 3540 dicens
1440 3504 1452 3539 :
1481 3505 1499 3537 ο
1524 3486 1716 3549 Amen,
1744 3501 1901 3539 amen
1931 3486 2059 3540 dico
2090 3501 2189 3539 vo-

604 3572 720 3628 bis:
758 3574 853 3643 qui
884 3573 1061 3628 credit
1086 3574 1139 3628 in
1174 3590 1279 3637 me,
1314 3589 1482 3644 opera
1513 3590 1635 3644 quae
1659 3591 1759 3645 ego
1794 3577 1957 3639 facio,
1987 3586 2038 3631 et
2070 3578 2187 3645 ipse

602 3664 793 3732 faciet,
821 3673 875 3721 et
905 3666 1115 3735 majora
1143 3666 1339 3720 borum
1374 3665 1540 3722 faciet
1571 3668 1639 3720 ".
1665 3688 1681 3719 ι
1709 3666 1835 3723 Haec
1866 3668 2075 3723 sanctis
2100 3668 2185 3723 di-

603 3754 835 3827 scipulis
868 3755 1047 3826 ipsum
1080 3755 1485 3826 quodammodo
1522 3756 1707 3812 dicere
1743 3758 2062 3827 putabimus
2088 3798 2103 3821 ,
2138 3759 2183 3813 si

600 3846 1009 3917 propositorum
1053 3847 1343 3902 verborum
1393 3862 1618 3903 sensum
1654 3847 1801 3917 apud
1836 3862 1938 3902 nos
1976 3862 2185 3918 expen-

601 3938 820 3995 damus.
847 3937 1063 4009 Ubique
1084 3953 1216 3993 vero
1244 3938 1493 3993 veritatis
1512 3937 1787 4006 dogmatis
1812 3948 2050 3993 mentem
2079 3952 2182 3992 no-

603 4040 777 4086 stram
810 4030 1229 4092 submittentes,
1250 4037 1305 4082 et
1330 4043 1677 4099 quaecunque
1704 4028 2034 4097 exponenda
2057 4044 2184 4085 sese

600 4120 863 4185 offerunt,
893 4129 1063 4183 recte,
1095 4121 1275 4191 quoad
1311 4120 1457 4182 licet,
1489 4119 1709 4190 pietatis
1735 4119 1947 4174 artibus
1979 4120 2047 4176 ad
2072 4122 2181 4176 uti-

600 4214 809 4269 litatem
857 4213 1175 4267 auditorum
1216 4219 1606 4268 convertentes
1632 4252 1648 4276 ,
1676 4214 1996 4269 cavebimus
2023 4230 2092 4270 ne
2123 4216 2179 4269 in

598 4304 925 4358 scandalum
956 4306 1124 4360 stulte
1151 4305 1483 4359 incidamus.
1528 4302 1803 4374 Scriptum
1832 4313 1917 4361 est
1942 4306 2090 4361 enim
2121 4308 2178 4363 in

599 4394 749 4450 libro
785 4393 1132 4451 Psalmorum
1160 4415 1175 4451 :
1210 4415 1227 4447 ι
1254 4395 1369 4451 Pax
1406 4397 1579 4450 multa
1612 4395 1970 4468 diligentibus
2003 4400 2175 4472 legem

600 4496 773 4555 tuam,
811 4498 865 4544 et
887 4504 994 4543 non
1024 4496 1109 4544 est
1142 4488 1253 4544 illis
1282 4487 1603 4544 scandalum
1637 4490 1704 4542 ".
1741 4510 1760 4542 ι

2294 3306 2650 3376 ὑπερύψωσεν
2678 3308 2706 3359 ὁ
2733 3306 2944 3375 Πατὴρ,
2972 3303 3264 3375 ἐχαρίσατό
3286 3320 3344 3354 τε
3367 3302 3427 3354 τὸ
3454 3302 3627 3370 ὄνομα
3652 3301 3717 3352 τὸ
3741 3301 3872 3368 ὑπὲρ

2292 3401 2400 3452 πᾶν
2429 3398 2619 3467 ὄνομα.
2659 3397 3063 3465 ’Δναδέδειγμαι
3106 3394 3218 3466 γὰρ
3247 3394 3354 3448 τῶν
3394 3394 3534 3446 ὅλων
3574 3391 3733 3454 Θεὸς,
3763 3390 3868 3443 ἀλλ’

2288 3490 2386 3559 οὐχ
2435 3488 2714 3558 ἁλώσομαι
2768 3487 3055 3557 βάσκανος,
3106 3486 3225 3540 οὐδὲ
3277 3484 3384 3537 τῶν
3432 3482 3700 3536 τοιούτων
3750 3483 3868 3551 ὑμῖν

2287 3580 2652 3650 διαφθονήσας
2699 3579 2941 3647 ἀγαθῶν.
2991 3577 3334 3648 ’Δνθρώπους
3380 3576 3491 3643 γὰρ
3531 3574 3721 3636 ὂντας,
3758 3572 3868 3625 δού-

2288 3673 2385 3743 λην
2407 3689 2465 3725 τε
2493 3672 2582 3724 διὰ
2610 3671 2768 3724 τοῦτο
2792 3670 3052 3740 λαχόντας
3082 3668 3179 3740 τὴν
3204 3667 3385 3736 φύσιν,
3410 3667 3569 3729 θεοὺς
3598 3665 3696 3717 καὶ
3729 3664 3866 3726 υἱοὺς

2287 3763 2545 3829 ἀπέδειξα
2573 3763 2729 3823 Θεοῦ,
2762 3764 2871 3824 τοῖς
2907 3762 3048 3831 ὑπὲρ
3076 3762 3239 3829 φύσιν
3284 3758 3563 3827 ἀξιώμασι
3598 3773 3865 3824 καταφαι⁴

2285 3857 2484 3927 δρύνας
2512 3856 2600 3909 διά
2629 3856 2730 3923 τῆς
2769 3855 2991 3924 χάριτος
3016 3893 3031 3915 ,
3088 3854 3379 3912 κοινωνοὺς
3411 3851 3508 3920 τῆς
3537 3850 3684 3919 ἐμῆς
3724 3848 3865 3917 βασι-

2284 3950 2432 4012 λείας
2467 3948 2839 4019 εἰσεδεξάμην,
2875 3946 3231 4018 συμμόρφους
3265 3943 3523 4007 ἀπέδειξα
3552 3940 3631 4011 τῷ
3662 3939 3867 4009 σώματι

2283 4041 2382 4111 τῆς
2422 4040 2580 4109 δόξης
2616 4040 2718 4109 τῆς
2762 4040 2920 4109 ἐμῆς,
2962 4036 3247 4107 ἀφθαρσίᾳ
3284 4034 3553 4103 τετίμηκα
3598 4032 3697 4084 καὶ
3736 4028 3863 4099 ζωῇ.

2296 4138 2453 4192 Ἀλλὰ
2481 4137 2655 4190 ταῦτα
2684 4137 2783 4207 μὲν
2817 4138 2876 4188 ὲν
2919 4135 3120 4193 ἐλπίσι,
3154 4134 3252 4186 καὶ
3288 4133 3366 4194 είς
3411 4129 3586 4183 αίῶνα
3622 4128 3867 4197 τηρεῖται

2280 4233 2371 4285 τὸν
2408 4229 2692 4299 μέλλοντα.
2731 4228 2796 4281 Τί
2829 4227 2889 4279 δὲ
2918 4227 2981 4297 δὴ
3025 4226 3121 4280 καὶ
3154 4226 3234 4289 είς
3259 4223 3320 4277 τὸ
3354 4223 3527 4292 παρόν
3552 4239 3567 4285 ;
3593 4216 3726 4288 Ἆρ’
3754 4219 3866 4286 οὐχὶ

2280 4319 2601 4389 λαμπροὺς,
2656 4316 2750 4369 καὶ
2800 4313 3224 4383 δεδοξασμένονς
3278 4312 3579 4379 ἀπέφηνας
3641 4308 3864 4369 σεπτοὺς

2278 4411 2335 4464 δὲ
2364 4410 2485 4479 οὐχὶ
2514 4407 2666 4478 παρά
2696 4408 2829 4460 πᾶσι
2855 4408 2967 4469 τοῖς
3000 4404 3268 4473 φιλοθέοις
3294 4402 3606 4469 κατέστησα
3630 4416 3645 4461 ς
3677 4397 3864 4450 Καίτοι

2280 4506 2394 4566 τοῖς
2423 4500 2658 4563 ἀνοσίοις
2685 4499 3057 4568 ἐπετιμήσατε
3085 4496 3305 4564 δαίμοσι
3323 4510 3339 4525 ·
3370 4494 3549 4547 πᾶσαν
3572 4490 3753 4553 νόσον,
3775 4487 3863 4539 καὶ

600 4577 782 4630 πᾶσαν
823 4577 1114 4648 μαλακίαν,
1147 4576 1422 4649 ἐπέτρεψα
1448 4575 1790 4649 θεραπεύειν.
1838 4580 2305 4663 Ἐπηγγειλάμην,
2330 4591 2532 4659 λέγων·
2570 4607 2587 4640 ο
2634 4589 2830 4659 Ἀμὴν.
2898 4585 3046 4657 ἀμὴν
3087 4585 3231 4653 λέγω
3275 4586 3434 4656 ὑμῖν·
3498 4584 3529 4636 6
3597 4578 3863 4634 πιστεύων

600 4671 681 4735 εἰς
718 4669 839 4739 εμὲ,
866 4670 934 4723 τά
966 4668 1103 4741 ἔργα
1132 4668 1169 4722 δ·
1200 4668 1309 4736 ἐγὼ
1340 4668 1500 4732 ποιῶν
1530 4670 1778 4735 κάκεῖνος
1812 4674 2045 4744 ποιήσει,
2076 4682 2171 4733 καὶ
2213 4683 2437 4753 μείζονα
2462 4683 2667 4737 τούτων
2698 4683 2935 4749 ποιήσει.
2986 4703 3007 4732 ι
3037 4679 3225 4733 Ταῦτά
3252 4697 3369 4741 πως
3394 4681 3507 4742 τοῖς
3549 4676 3729 4746 ἁγίοις
3762 4692 3857 4745 μα-

600 4764 789 4832 θηταῖς
820 4760 1116 4832 οἰησόμεθα
1160 4760 1342 4829 λέγειν
1379 4761 1563 4825 αὐτὸν,
1599 4763 1689 4816 τὸν
1737 4763 1844 4817 τῶν
1884 4772 2261 4842 προκειμένων
2292 4777 2727 4847 ἀναματτόμενοι
2762 4773 2906 4828 νοῦν.
2968 4773 3253 4844 Πανταχοῦ
3282 4773 3339 4825 δὲ
3396 4775 3509 4834 τοῖς
3567 4771 3670 4840 τῆς
3737 4768 3858 4834 ἀλη-

599 4854 749 4916 θείας
801 4852 1034 4924 δόγμασι
1073 4854 1172 4923 ’τὴν
1214 4851 1451 4907 διάνοιαν
1491 4854 1916 4921 ὑποζεύξαντες.
1970 4864 2065 4917 καὶ
2110 4868 2179 4921 τά
2218 4870 2675 4941 παρεμπίπτοντα
2700 4866 2810 4920 τῶν
2833 4864 3224 4935 θεωρημάτων,
3250 4864 3326 4925 ὠς
3356 4861 3456 4927 ἔνι,
3513 4858 3697 4923 καλῶς
3750 4860 3854 4917 ταῖς

595 4946 677 5009 εἰς
706 4944 986 4998 εὐσέϐειαν
1017 4943 1234 5013 τέχναις
1271 4946 1353 5007 εἰς
1394 4947 1454 4998 τδ
1502 4948 1613 5010 τοῖς
1638 4946 2013 5019 ἀκροωμένοις
2081 4957 2360 5023 λυσιτελὲς
2438 4960 2886 5032 περιτρέποντες,
2954 4960 3016 5012 τὸ
3060 4958 3193 5026 γοῦν
3243 4954 3524 5023 σκανδάλῳ
3564 4952 3673 5005 τινί
3714 4968 3853 5020 περι,

598 5038 783 5090 πεσεῖν
837 5036 1077 5104 ἀνοήτως
1128 5035 1550 5107 διαφευξόμεθα.
1600 5038 1912 5111 Γέγραπται
1958 5047 2068 5118 γὰρ
2119 5052 2177 5105 ὲν
2216 5052 2385 5125 βίϐλῳ
2414 5053 2693 5123 Ψαλμῶν*
2770 5053 3028 5125 (Εἰρήνη
3074 5049 3241 5122 πολλὴ
3290 5051 3405 5114 τοῖς
3443 5046 3705 5117 ἀγαπῶσι
3772 5045 3852 5098 τὸν

596 5128 759 5198 νόμον
794 5145 911 5192 σου,
950 5130 1045 5181 καί⁸
1073 5128 1172 5181 οὐκ
1201 5128 1350 5181 ἔστιν
1380 5128 1563 5193 αὐτοῖς
1586 5132 1901 5190 σκάνδαλον.
1942 5156 1960 5187 ι

664 5218 784 5283 XV,
846 5220 931 5273 Η.
976 5219 1103 5274 Πιιέ
1147 5220 1356 5275 locutus
1409 5237 1528 5275 sum
1576 5223 1756 5289 vobis,
1810 5235 1867 5279 ut
1919 5231 2176 5299 gaudium

2362 5232 2556 5286 Ταῦτα
2581 5232 2891 5299 λελάληκα
2927 5230 3067 5301 ὔμῖν
3092 5273 3106 5297 ,
3161 5233 3263 5285 ἵνα
3291 5232 3329 5299 ἡ
3367 5234 3523 5300 χαρὰ
3558 5232 3593 5298 ἡ
3636 5230 3746 5300 ἐμὴ
3790 5231 3852 5282 ἐν

598 5328 771 5367 meum
802 5314 856 5366 in
892 5312 1033 5367 vobis
1064 5314 1168 5377 sit,
1198 5322 1251 5366 et
1283 5314 1539 5382 gaudium
1591 5328 1823 5372 vestrum
1865 5321 2173 5391 impleatur.

2293 5324 2435 5394 ὑμῖν
2457 5325 2662 5394 μείνῃ,
2690 5324 2791 5377 καὶ
2832 5325 2868 5391 ἡ
2902 5324 3062 5393 χαρὰ
3094 5323 3261 5393 ὑμῶνί
3289 5321 3598 5391 πληρωθῇ.

666 5403 838 5461 Facta
869 5407 997 5462 vitis
1031 5406 1334 5473 mentione,
1384 5418 1436 5462 et
1485 5409 1729 5479 palmitis
1769 5414 1835 5467 ab
1869 5429 1932 5469 ea
1975 5419 2175 5484 avulsi,

2356 5416 2457 5468 Τδν
2488 5416 2617 5486 περὶ
2666 5418 2765 5489 τῆς
2800 5416 3044 5488 ἀμπέλου
3083 5417 3240 5485 λόγον
3271 5417 3405 5488 ἡμῖν
3440 5410 3843 5484 εἰσκεκομικῶςν

510 5562 513 5563 ν
595 5515 660 5554 ac
685 5500 833 5553 velut
861 5499 1102 5554 ab‘alma
1132 5508 1310 5553 matre
1341 5502 1563 5567 resecti,
1599 5518 1661 5556 ac
1697 5505 1927 5573 proinde
1960 5510 2172 5566 inutilis

2293 5505 2406 5562 εἶτα
2448 5508 2509 5561 τὸ
2547 5508 2953 5579 ἀποσπώμενον
2989 5508 3174 5579 κλῆμα
3196 5550 3211 5575 ,
3263 5509 3357 5562 καὶ
3405 5508 3570 5562 οἱονεὶ
3604 5506 3703 5576 τῆς
3732 5520 3843 5576 τρι-

606 5594 768 5663 plane
813 5590 1004 5659 futuri,
1046 5592 1292 5662 adeoque
1331 5592 1455 5662 igne
1500 5596 1881 5662 consumendi,
1930 5615 2038 5654 non
2076 5616 2175 5671 pa-

2293 5599 2496 5672 φούσης
2539 5601 2674 5655 αὐτὸ
2720 5602 2924 5673 μητρδς
2980 5602 3448 5674 διακεκομμένον,
3489 5602 3708 5672 ἀχρεῖον
3755 5595 3841 5668 μὲν

665 5768 711 5802 ⁸⁸
738 5769 895 5827 l’rov.
926 5787 1043 5839 vm,
1068 5770 1121 5828 9.
1198 5772 1243 5806 ⁸ο
1262 5769 1494 5845 Philipp.
1522 5788 1602 5840 Ill,
1625 5774 1716 5830 2i.
1794 5776 1834 5809 "
1856 5774 2008 5832 Joan.
2042 5793 2151 5843 xw,

2334 5780 2378 5812 "
2408 5778 2551 5837 Psal.
2580 5796 2768 5847 cxvnt,
2823 5781 2943 5835 165.
