4056 6500
159 397 262 456 S77

1164 395 1230 452 IN
1271 395 1563 455 JOANNIS
1588 396 2048 459 EVANGELICM
2088 400 2219 460 UB.
2246 405 2314 460 x.
2348 402 2353 403 ί

3322 410 3443 465 578

159 514 387 572 laedat
421 514 732 578 παντελῶς,
757 513 891 586 πυρὶ
920 513 978 567 δέ
1012 514 1211 585 χρῆναι
1239 509 1582 570 δαπανᾶσθαι
1608 516 1740 571 διδά⁴

1865 534 1985 573 rum
2016 520 2087 574 ob
2117 520 2169 575 id
2203 521 2438 576 terroris
2472 520 3043 591 discipulistncussit.
3083 523 3273 581 Solent
3295 530 3444 585 enim

160 609 293 675 ξας.
338 606 408 660 οὐ
462 606 669 679 μικρὰν
714 606 999 677 ἐνεποίησε
1050 609 1166 668 τοῖς
1225 606 1493 678 μαθηταῖς
1530 608 1630 678 τὴν
1664 610 1757 663 ἐπὶ

162 697 335 771 τούτῳ
390 700 617 753 πτοίαν.
669 698 733 751 At
789 697 900 770 γὰρ
942 698 1055 752 τῶν
1101 699 1392 753 ἀπευκτῶν
1439 701 1753 771 ἀκροάσεις,

163 792 252 846 καὶ
286 790 337 843 εί
368 792 448 861 μή
495 809 583 845 πω
631 790 909 861 φαίνοιντο
938 791 1179 861 παρόντα
1207 790 1392 861 τυχὸν,
1424 793 1486 844 οὐ
1519 793 1756 864 μετρίως

164 882 301 937 εἰσὶν
335 883 707 954 ἐκταράττειν
761 883 988 947 ἱκαναὶ,
1053 883 1270 953 μάλισθ’
1330 884 1459 936 ὅταν
1516 884 1755 939 ἐντίκτοι

162 972 303 1027 τισὶν
332 972 432 1026 τοῦ
486 973 810 1043 συμϐαίνειν
852 973 993 1027 αύτά
1044 972 1307 1025 δύνασθαι
1364 974 1464 1043 τὴν
1516 973 1755 1043 ὑποψίαν

164 1061 266 1115 τῶν
295 1061 588 1133 ἐσομένων
632 1062 695 1116 τὸ
740 1062 955 1133 ἄδηλον.
1008 1063 1275 1134 Καθάπερ
1323 1063 1543 1133 ἀμέλει,
1598 1065 1694 1118 καὶ
1725 1065 1754 1117 ὁ

164 1154 318 1225 τήνδε
358 1154 583 1223 μέλλων
614 1154 862 1207 διαπλεῖν
892 1153 993 1224 τὴν
1034 1152 1331 1217 θάλασσαν,
1361 1153 1434 1217 ὡς
1470 1154 1754 1227 ἐνδεχομέ-

164 1262 252 1298 νου
285 1246 382 1298 καὶ
424 1244 703 1315 χειμῶνος
751 1246 833 1307 είς
884 1248 1081 1315 πεῖραν
1126 1242 1322 1309 ἐλθεῖν,
1367 1246 1462 1298 καὶ
1508 1247 1615 1317 μὴν
1659 1249 1754 1301 καὶ

166 1337 355 1407 ἀγρίου
399 1334 653 1405 κύματος
700 1335 795 1388 καὶ
835 1335 1148 1390 ἀτιθάσσων
1182 1336 1444 1408 κυμάτων
1493 1339 1755 1409 καταδροο

171 1428 293 1499 μῆς,
325 1426 421 1479 καὶ
469 1428 523 1479 εί
571 1428 645 1497 μή
698 1440 786 1480 πω
840 1428 1087 1499 παρόντα
1128 1427 1443 1499 καταθεῷτο
1475 1429 1658 1501 τυχὸν,
1693 1432 1751 1484 ἐν

172 1519 355 1589 μόναις
398 1512 711 1589 φροντίσιν
736 1514 816 1572 ἔτι
866 1519 967 1573 καὶ
1005 1517 1166 1573 τοῦτο
1213 1520 1462 1592 ἀδήλως,
1512 1521 1589 1585 ὡς
1649 1520 1748 1593 ἤδη

169 1609 406 1680 παρόντα
426 1608 625 1664 δέδιεν.
667 1609 1127 1680 ’Υποφρίττοντας
1157 1612 1337 1665 τοίνυν
1368 1615 1496 1676 τοὺς
1519 1612 1750 1666 ἀποστό-

170 1701 307 1763 λους,
339 1700 436 1753 καλ⁸
474 1704 545 1771 τῇ
579 1700 690 1754 τῶν
720 1702 913 1755 δεινῶν
940 1704 1079 1775 ἀκοῇ
1121 1704 1262 1774 τάχα
1291 1721 1430 1770 πως,
1467 1706 1561 1759 καὶ
1589 1722 1749 1774 γεγο-

171 1792 316 1855 νότας
346 1790 629 1861 περιδεεῖς
652 1833 667 1856 ,
718 1795 811 1847 καὶ
856 1794 993 1865 πρὸς
1040 1794 1140 1863 τὴν
1170 1794 1279 1848 τῶν
1310 1795 1587 1866 ἐσομένων
1620 1797 1749 1849 ἀπο-

1866 609 1983 665 dira
2020 626 2273 682 qumque,
2308 614 2529 668 tametsi
2576 614 2817 668 nondum
2870 615 3077 680 adsint,
3122 617 3205 671 vel
3253 619 3445 675 auditu

1861 703 1982 757 solo
2014 705 2371 767 conturbare,
2422 706 2661 760 maxime
2720 721 2843 760 cum
2898 723 3082 760 rerum
3131 708 3443 765 futurarum
3546 694 3549 695 ν

1861 796 2105 849 incertus
2152 805 2386 851 eventus
2437 797 2720 852 nonnullis
2758 799 3131 867 suspicionem
3167 801 3345 867 injicit
3378 817 3443 856 ea

1859 900 2021 955 posse
2051 886 2371 958 contingere
2401 905 2415 942 :
2462 903 2569 943 non
2606 904 2769 945 secus
2797 905 2861 943 ac
2892 891 2983 960 qui
3015 891 3122 946 hoc
3160 908 3313 946 mare
3339 902 3454 945 ιτα--

1858 977 2043 1030 naturi
2080 986 2231 1040 sunt,
2284 978 2443 1048 quasi
2486 981 2812 1050 contingere
2858 982 3037 1049 possit
3080 989 3138 1035 ut
3185 983 3443 1051 procellis

1856 1067 2121 1138 durisque
2150 1070 2574 1139 tempestatibus
2602 1070 2901 1135 jactentur,
2933 1073 3059 1127 licet
3086 1089 3150 1128 ea
3194 1078 3441 1127 nondum

1858 1160 2050 1215 adesse
2077 1160 2319 1224 videant,
2367 1175 2500 1215 cura
2531 1172 2711 1216 tamen
2744 1172 2798 1218 et
2844 1165 3140 1228 anxietate,
3186 1166 3314 1219 licet
3344 1166 3447 1218 ad-'

1856 1252 1964 1305 huc
2008 1252 2220 1304 incerto
2272 1253 2462 1316 exitu,
2512 1254 2668 1322 quasi
2719 1256 3008 1322 praesentia
3054 1256 3443 1311 reformidant.-

1854 1342 1997 1397 Metu
2033 1344 2216 1412 itaque
2264 1349 2317 1397 et
2369 1343 2601 1397 horrore
2653 1343 2967 1398 futurorum
3006 1347 3276 1400 malorum
3316 1362 3440 1416 per-

1852 1434 2037 1489 culsos
2075 1434 2355 1502 apostolos
2384 1434 2451 1487 ad
2486 1434 2656 1488 animi
2701 1434 2961 1488 virtutem
3000 1436 3288 1492 commode
3319 1454 3442 1491 rur-

1851 1542 1947 1581 sus
1988 1528 2218 1591 excitat,
2270 1526 2528 1595 tristique
2575 1539 2834 1581 sermone
2882 1525 3103 1587 relicto,
3148 1526 3217 1579 de
3254 1527 3439 1581 laetitia

1851 1633 1972 1687 qua:
1997 1617 2299 1673 secundum
2338 1615 2506 1671 Deum
2540 1627 2623 1673 est
2655 1618 2724 1672 iis
2752 1615 3038 1671 disseruit.
3087 1614 3206 1669 Non
3255 1617 3398 1671 enim
3422 1652 3443 1678 .-

1851 1710 2047 1780 inquit,
2080 1725 2114 1764 ο
2144 1710 2251 1764 mei
2282 1709 2539 1779 discipuli
2563 1750 2580 1775 ,
2628 1710 2769 1763 hanc
2804 1710 2874 1762 ob
2909 1722 3137 1762 causam
3188 1724 3337 1763 nunc
3369 1714 3444 1763 ad.

1850 1818 1951 1858 vos
1973 1814 2281 1856 sermonem
2307 1801 2494 1865 habui,
2526 1810 2586 1855 ut
2608 1800 2884 1855 imbellem
2913 1800 2968 1853 in
3006 1800 3166 1854 vobis
3192 1800 3438 1855 animum

173 1883 541 1953 ναρκήσαντες
565 1881 693 1955 [γρ.
720 1884 1255 1958 ἀποναρκήσαντας]
1286 1888 1503 1956 πεῖραν,
1533 1888 1740 1940 ἀνανεοῑ

1867 1891 2088 1956 faciam,
2130 1901 2226 1945 aut
2254 1906 2351 1946 vos
2379 1892 2591 1946 incerto
2624 1898 2773 1947 metu
2814 1891 3289 1961 perterrefaciam,
3339 1910 3439 1949 nec

172 1973 447 2044 χρησίμως
492 1976 579 2037 εἰς
612 1973 828 2029 εὔτονον
862 1976 1121 2045 φρόνημα
1145 2017 1159 2040 ,
1215 1977 1309 2030 καὶ
1365 1977 1608 2045 στυγνῶν
1646 1978 1748 2045 ἀφ-

177 2067 352 2135 έμενος
387 2063 594 2133 λόγων,
625 2067 755 2138 περὶ
783 2066 885 2136 τῆς
914 2067 1056 2120 κατά
1099 2067 1234 2120 Θεὸν
1262 2068 1446 2131 αὐτοῖς
1471 2067 1749 2134 διελέγετο

176 2154 449 2225 θυμηδίας.
481 2155 565 2208 Οὐ
601 2155 712 2226 γάρ
753 2172 857 2219 τοι,
891 2157 1077 2225 φησὶν,
1104 2150 1150 2208 ὦ
1179 2156 1440 2227 ἡμέτεροι
1482 2156 1745 2227 μαθηταὶ,

176 2247 347 2303 τούτου
379 2265 446 2317 γε
477 2250 648 2303 ἕνεκα
692 2252 811 2303 νυνὶ
834 2250 928 2303 τὸν
967 2250 1106 2321 πρὸς
1138 2251 1286 2321 ὑμᾶς
1316 2251 1625 2321 πεποίημαι
1661 2250 1746 2305 26-

175 2352 298 2409 γον,
351 2340 427 2404 ὼς
481 2339 752 2413 ἄνανδρον
806 2342 905 2412 μὲν
954 2343 1085 2413 ὑμῖν
1134 2343 1433 2413 ἐμποιῆσαι
1467 2343 1742 2413 φρόνημα,

179 2435 329 2504 ἢγουν
360 2432 448 2485 ἐπ’
474 2431 664 2502 ἀδήλῳ
693 2431 934 2503 δείματι,
966 2433 1062 2485 καὶ
1102 2433 1224 2503 οὐχὶ
1259 2434 1475 2498 πάντως
1498 2434 1746 2504 ἐσομένῳ

180 2523 318 2593 κακῷ
354 2523 968 2595 προσκατακλωμένους
1004 2524 1170 2593 ὑμᾶς,
1204 2525 1300 2578 καὶ
1343 2524 1745 2595 ἀτολμοτάτους

180 2613 387 2685 ὁρᾶσθαι
414 2613 560 2684 πρὸς
590 2612 930 2684 κατόρθωσιν
962 2613 1183 2682 ἀγαθῶν
1203 2656 1218 2679 ,
1252 2614 1367 2668 ἀλλ’
1408 2615 1498 2669 ἵνα
1525 2615 1738 2680 τούτοις

183 2705 428 2775 συμϐαίνῃ
487 2705 563 2757 τὰ
617 2704 834 2758 ἐναντία
860 2741 877 2768 ,
940 2706 1035 2759 καὶ
1085 2704 1353 2777 θυμηδίαν
1418 2706 1580 2776 ἔχητε
1645 2706 1744 2778 τὴν

180 2797 321 2869 ἐμὴν,
356 2798 474 2867 ἦτοι
500 2799 537 2868 ἠ
584 2796 691 2868 ἐμὴ
729 2796 876 2867 χαρά
903 2799 960 2849 ἐν
987 2797 1120 2867 ὑμῖν
1151 2797 1333 2868 μείνῃ.
1367 2798 1477 2851 Καὶ
1503 2799 1556 2851 τί
1584 2797 1745 2852 τοῦτό

181 2888 302 2952 ἐστι,
333 2888 385 2940 τί
425 2887 483 2941 δέ
531 2887 625 2941 διά
677 2887 868 2941 τούτου
918 2891 1058 2941 νοεῖν
1098 2889 1248 2958 ἡμᾶς
1278 2888 1455 2942 ἐθέλει
1485 2890 1741 2959 Χριστὸς,

180 2978 479 3049 πικεκῦτερον
512 2973 671 3047 οἶμαι
703 2978 1105 3048 διασκέψασθαι
1145 2980 1276 3034 δεῖν.
1317 2979 1491 3050 Διχῶς
1522 2997 1745 3051 τοιγαρ-

180 3069 262 3125 οῦν
281 3069 517 3139 νοητέον.
558 3070 630 3123 ’Ἡ
655 3070 764 3141 γάρ
788 3069 979 3142 ῶσπερ
1004 3072 1062 3123 ἐν
1092 3071 1339 3141 λογισμῷ
1372 3071 1539 3142 μηδὲν
1563 3072 1742 3141 ἔχοντι

182 3163 434 3226 παντελῶς
476 3162 909 3235 περιεργότερον
952 3163 1072 3232 ἐρεῖ
1117 3178 1202 3225 τις
1258 3162 1461 3232 τυχὸν,
1500 3162 1588 3214 ἵνα
1639 3161 1737 3232 τὴν

183 3255 294 3327 περὶ
340 3255 437 3326 ἐμὲ
484 3254 666 3325 χαράν
713 3253 915 3324 ἔχητε,
955 3253 1075 3323 ἦτοι
1122 3252 1223 3322 τὴν
1273 3253 1354 3315 εἰς
1402 3252 1525 3322 ἐμέ.
1581 3251 1739 3306 Οὕτω

180 3347 274 3417 γὰρ
303 3347 365 3400 ἂν
393 3348 486 3400 καὶ
538 3346 696 3400 αὐτοὶ
747 3345 846 3417 τὴν
913 3345 1051 3398 ἰδίαν
1099 3343 1574 3415 ἀναπληρώσητε,
1629 3344 1740 3397 τῶν

184 3438 546 3512 ὑπερκοσμίων
589 3436 812 3506 ἀγαθῶν
860 3436 1170 3499 ἐννοοῦντες
1202 3436 1301 3506 sip;
1331 3435 1570 3507 ἀμοιϐὴν
1598 3475 1613 3499 ,
1645 3436 1740 3488 καὶ

181 3531 265 3600 τὴν
302 3531 571 3601 ἐσομένην
613 3531 729 3593 τοῖς
778 3528 917 3598 παρ’
976 3526 1132 3598 ὑμῶν
1183 3525 1402 3599 ἱδρῶσιν
1448 3525 1737 3593 ἀντίδοσιν,

184 3622 262 3675 καὶ
291 3622 381 3693 τῆς
410 3622 570 3693 παρὰ
597 3621 718 3692 Θεῷ
742 3620 903 3690 δόξης
931 3620 994 3672 τὸ
1023 3619 1277 3690 μέγεθος.
1316 3616 1523 3687 Ἦγουν
1551 3619 1739 3690 ἕτερόν

181 3729 225 3765 τι
249 3712 570 3775 σκοποῦντες
593 3712 688 3765 καὶ
715 3710 1079 3780 λογιζόμενοι,
1106 3708 1243 3780 πρὸς
1271 3707 1579 3781 βαθυτέραν
1600 3709 1736 3763 ἱέναι

184 3802 387 3873 θεωρίαν
417 3804 519 3857 οὐκ
552 3804 955 3875 ἀποκνήσομεν.
1007 3803 1224 3872 Χρῆναι
1275 3800 1385 3873 γὰρ
1419 3799 1596 3874 οἶμαι,
1638 3804 1738 3857 καὶ

182 3894 283 3948 λίαν
309 3890 363 3948 εὖ
394 3895 544 3965 μάλα
577 3895 891 3966 φιλοθηρείν
936 3893 1180 3957 εὐσεϐῶς
1226 3893 1446 3966 ἀπάσης
1496 3895 1730 3967 θεωρίας

182 3987 259 4039 τὸν
286 3988 494 4041 σκοπόν.
528 3988 597 4040 Τί
635 3984 729 4041 οὖν
757 3988 867 4058 ἄρα
891 3987 1044 4057 δηλοῖ
1078 3985 1165 4050 τὸ,
1201 4006 1225 4039 ι
1259 3987 1443 4058 Ἴναή
1493 3989 1641 4060 χαρά
1699 3992 1731 4061 ή

184 4077 272 4149 ἐμὴ
381 4082 437 4133 ἐν
477 4082 647 4151 {iin
689 4098 708 4131 ι
758 4078 790 4150 ἢ
826 4079 924 4144 τὸ,
975 4079 1057 4132 ὅτι
1100 4081 1293 4148 γέγονε
1346 4079 1467 4133 καθ’
1515 4082 1662 4152 ἡμᾶς
1704 4085 1733 4135 ὁ

183 4168 474 4242 Μονογενὴς,
503 4169 657 4224 τοῦτ’
695 4170 861 4233 ἔστιν,
894 4168 1177 4241 ἄνθρωπος
1208 4170 1332 4240 δίχα
1357 4172 1525 4243 μόνης
1556 4173 1734 4244 ἀμαρ-

182 4259 297 4323 τίις,
330 4263 499 4317 πάντα
547 4260 822 4333 κεκρικὼς
867 4262 1164 4331 ὑπομεῖναι
1212 4263 1308 4315 καὶ
1365 4262 1555 4317 παθεῖν
1588 4265 1731 4318 ὅσων

184 4350 360 4418 1ἢγαγεν
392 4354 469 4417 εἰς
514 4355 712 4425 πεῖραν
741 4352 905 4407 αὐτὸν
937 4354 971 4421 ἡ
1003 4353 1282 4423 ἐπάρατος
1305 4351 1414 4407 τῶν
1460 4353 1729 4409 Ἰουδαίων

186 4441 413 4508 ἀπόνοια;
445 4445 772 4517 Εὐρήσομεν
803 4443 914 4513 γάρ
944 4443 1272 4514 ὑϐρισθέντα
1304 4462 1369 4499 τε
1396 4446 1492 4500 καὶ
1531 4447 1723 4501 διωκό-

1853 1984 2013 2052 plane
2054 1990 2113 2036 ut
2136 1982 2209 2035 ob
2242 1990 2570 2035 eventurum
2602 1980 2805 2034 malum
2843 1979 3004 2034 fracti
3054 1989 3108 2035 et
3148 1996 3347 2051 segnes
3370 1982 3439 2037 ad

1850 2075 1990 2129 bene
2023 2071 2295 2143 agendum
2346 2073 2492 2139 sitis,
2546 2072 2641 2127 sed
2705 2082 2765 2125 ut
2809 2071 2895 2127 his
2951 2073 3227 2125 contraria
3280 2073 3438 2129 vobis

1849 2162 2129 2228 eveniant,
2171 2175 2227 2217 et
2268 2162 2534 2232 gaudium
2572 2176 2755 2217 meum
2787 2161 3060 2225 habeatis,
3096 2161 3200 2215 hoc
3232 2171 3343 2223 est,
3378 2170 3438 2216 ut

1847 2254 2103 2323 gaudium
2146 2267 2329 2307 meum
2366 2253 2423 2307 in
2469 2253 2622 2308 vobis
2653 2261 2889 2307 maneat.
2926 2251 3071 2319 Quid
3104 2269 3272 2323 porro
3304 2254 3434 2308 illud

1851 2346 2017 2416 885
2053 2347 2146 2410 sit,
2186 2345 2436 2414 autquid
2468 2344 2553 2399 bis
2589 2345 2778 2400 verbis
2813 2346 3124 2415 intelligere
3150 2362 3252 2400 nos
3278 2346 3438 2401 Chri-

1846 2443 1966 2489 stus
1998 2433 2149 2498 velit,
2180 2432 2437 2489 subtilius
2475 2432 2635 2487 nobis
2674 2432 3140 2487 considerandum
3168 2433 3437 2490 arbitror.

1845 2526 2037 2596 Itaque
2086 2525 2383 2595 dupliciter
2462 2532 2547 2580 est
2611 2524 3049 2594 intelligendum.
3124 2526 3233 2579 Aut
3285 2526 3433 2580 enim

1845 2616 2169 2687 simpliciter
2204 2616 2308 2669 hoc
2337 2613 2503 2668 modo
2528 2613 2655 2683 quia
2691 2615 3143 2685 interpretabitur
3169 2634 3183 2646 ο
3221 2627 3277 2670 ιιι
3300 2632 3435 2688 ςαιιο
3472 2656 3473 2659 η

1845 2708 1994 2764 dium
2038 2723 2167 2777 erga
2195 2721 2285 2762 me
2316 2707 2590 2769 habeatis,
2641 2706 2727 2762 vel
2779 2707 2837 2761 in
2892 2723 2999 2762 me.
3055 2707 3147 2763 Sic
3180 2709 3333 2763 enim
3379 2717 3433 2765 et

1844 2799 1949 2869 ipsi
1988 2806 2233 2853 vestrum
2285 2796 2627 2866 implebitis,
2680 2798 3086 2866 perpendentes
3134 2799 3278 2868 apud
3335 2814 3431 2854 vos

1844 2892 2149 2946 caelestium
2211 2890 2481 2944 bonorum
2537 2889 3000 2953 retributionem,
3060 2897 3113 2944 et
3181 2889 3465 2943 futuram.

1841 2983 2044 3039 vestris
2076 2982 2365 3037 laboribus
2405 2980 2948 3049 compensationem,
2993 2989 3046 3034 et
3082 2982 3271 3051 gloriae
3307 2997 3431 3051 qua:

1846 3073 1992 3143 apud
2023 3071 2192 3127 Deum
2220 3079 2306 3126 est
2341 3069 2804 3139 magnitudinem.
2843 3070 2955 3124 Aut
2992 3070 3145 3124 aliud
3166 3070 3428 3140 quiddam

1844 3162 2242 3233 excogitantes,
2268 3159 2335 3214 ad
2370 3160 2621 3214 altiorem
2650 3160 3180 3229 contemplationem
3208 3163 3287 3215 ire
3317 3176 3429 3215 non

1844 3253 2220 3326 gravabimur.
2255 3250 2527 3306 Existimo
2557 3251 2704 3305 enim
2751 3251 2841 3319 pie
2886 3251 3160 3320 imprimis
3207 3252 3429 3306 investi-

1842 3344 2085 3414 gandum
2144 3358 2270 3399 esse
2344 3342 2519 3397 totius
2595 3343 3092 3412 contemplationis
3174 3358 3425 3412 scopum.

1841 3436 1984 3502 Quid
2032 3450 2166 3505 ergo
2228 3434 2510 3504 significat
2544 3434 2705 3498 illud.
2761 3454 2781 3486 ι
2833 3444 2893 3488 ιιι
2936 3435 3200 3505 gaudium
3243 3451 3425 3489 meum

1839 3528 1912 3583 sit
1935 3529 1989 3581 in
2026 3527 2208 3591 vobis,
2251 3544 2270 3576 ι
2309 3526 2415 3580 nisi
2446 3525 2595 3595 quod
2631 3527 2815 3581 lactus
2850 3527 2923 3581 sit
2959 3526 3125 3581 sicuti
3160 3541 3263 3580 nos
3292 3524 3420 3580 Uni-

1838 3621 2083 3690 genitus,
2114 3618 2167 3672 id
2209 3625 2295 3671 est
2331 3617 2524 3681 homo,
2560 3618 2775 3686 absque
2804 3626 3053 3686 peccato,
3074 3632 3199 3671 cum
3232 3618 3426 3671 volun-

1842 3718 1949 3763 tate
1979 3723 2042 3763 ac
2081 3707 2373 3778 proposito
2403 3722 2467 3761 ea
2504 3705 2779 3777 patiendi,
2825 3722 3170 3775 quacunque
3200 3705 3420 3760 Juda’o-

1837 3816 1958 3854 rum
1990 3798 2351 3854 exsecrabilis
2385 3797 2744 3867 intemperies
2800 3797 2984 3867 ipsth
3032 3798 3270 3867 experiri
3327 3813 3421 3851 co-

1836 3892 1982 3962 egit?
2008 3890 2358 3947 Iuveniemus
2389 3890 2537 3945 enim
2568 3905 2693 3945 eum
2730 3889 2953 3958 injuriis
2982 3905 3047 3944 ac
3077 3891 3421 3958 persecutim

1837 3984 2003 4038 nibus
2023 3982 2275 4053 petitum,
2301 3981 2637 4052 probrisque
2659 3981 2877 4036 acerbis
2906 3981 3210 4050 pulsatum,
3242 3983 3420 4051 sputis

1836 4076 2208 4146 inquinatum,
2258 4073 2513 4144 colaphis
2556 4074 2750 4139 ictum,
2795 4073 3125 4129 verberibus
3170 4088 3376 4128 casum
3403 4114 3418 4136 .

1834 4164 2170 4236 tandemque
2195 4166 2350 4221 cruci
2386 4173 2611 4235 propter
2633 4180 2735 4221 nos
2766 4171 2823 4220 et
2855 4179 2955 4235 pro
2984 4164 3149 4221 nobis
3172 4164 3413 4220 anisum.

1835 4261 2048 4329 Quibus
2081 4261 2251 4315 tantis
2298 4275 2364 4316 ac
2401 4269 2512 4313 tam
2549 4258 2823 4329 gravibus
2867 4258 3032 4314 malis
3080 4260 3135 4314 in
3167 4258 3415 4315 dolorem

1834 4367 2182 4424 nequaquam
2223 4350 2496 4407 abductus
2546 4359 2655 4413 est.
2694 4366 2877 4421 neque
2929 4351 3210 4421 passionis
3258 4351 3415 4418 igno-

1833 4447 2061 4501 miniam
2098 4454 2375 4516 quatenus
2424 4445 2869 4515 dispensationis
2918 4459 3055 4515 ergo
3104 4444 3417 4516 patiebatur

190 4548 322 4605 μενον
345 4542 435 4595 κα)⁴
464 4547 684 4613 πικροῖς
717 4543 948 4597 ὀνείδεσι
973 4542 1491 4613 διακεκρουσμένον,
1520 4543 1728 4611 ἐμπτυ-

1842 4538 2145 4601 exborruit.
2198 4538 2294 4594 sed
2338 4537 2531 4593 lmtitia
2583 4538 2692 4593 sibi
2741 4538 3095 4592 convenienti
3128 4544 3184 4591 et
3212 4536 3415 4609 gaudio

187 4626 353 4684 σθέντα
387 4649 444 4685 τε
488 4634 589 4689 καὶ
635 4633 971 4706 ραπισθέντα
997 4677 1009 4701 ,
1050 4634 1145 4687 καὶ
1173 4634 1274 4704 τῆς
1302 4631 1393 4685 διὰ
1444 4631 1727 4703 μαστίγων

186 4718 339 4785 αεκίας
374 4724 469 4776 οὐκ
503 4726 885 4799 ἀμοιρήσαντα
912 4770 927 4795 ,
976 4729 1071 4782 καὶ
1115 4728 1429 4781 τελευταῖον
1471 4728 1564 4780 ἐπὶ
1607 4727 1731 4780 τού.

188 4824 280 4872 τοις
302 4812 374 4884 τῷ
416 4815 480 4870 δι’
521 4819 705 4888 ἡμᾶς,
758 4820 854 4873 καὶ
901 4820 1042 4891 ὑπὲρ
1088 4821 1246 4891 ἡμῶν
1303 4819 1728 4890 προσηλωθέντα

190 4903 392 4973 σταυρῷ.
430 4907 554 4960 Ἐπὶ
600 4908 656 4962 δὲ
700 4909 913 4974 τούτοις
957 4909 1131 4965 ἅπασι
1175 4914 1288 4976 τοῖς
1319 4910 1461 4964 οὕτω
1513 4911 1729 4975 δεινοῖς,

190 4988 237 5043 οὐ
271 4998 608 5070 κατεσπάσθη
641 5000 778 5070 πρὸς
818 5000 1028 5073 λύπην,
1062 5001 1205 5072 πλὴν
1246 5004 1369 5055 ὅσον
1398 5001 1493 5055 τοῦ
1531 5002 1727 5056 παθεῖν

189 5081 510 5155 οἰκονομικῶς
544 5092 608 5144 ού
658 5093 958 5163 κατέφριξε
992 5094 1090 5166 τὴν
1141 5093 1360 5159 ἀδοξίαν
1385 5134 1400 5159 ,
1454 5094 1590 5149 ἀλλά
1628 5095 1729 5168 τῆς

192 5177 469 5249 πρεπούσης
496 5181 763 5253 θυμηδίας
785 5184 959 5256 αὐτῷ,
990 5186 1085 5238 καὶ
1118 5187 1293 5259 χαρᾶς
1320 5186 1606 5249 ἀνάπλεως
1631 5178 1731 5259 ἦν,-

192 5264 390 5342 ἐπείπερ
410 5273 670 5329 ἐθεάσατο
696 5274 795 5348 τὴν
820 5275 933 5332 τῶν
958 5278 1285 5350 σωζομένων
1316 5278 1552 5351 πληθὺν,
1585 5280 1725 5352 πλη-

196 5357 416 5429 ρούμενον
444 5384 504 5421 τε
543 5368 603 5421 τὸ
639 5368 851 5441 θέλημα
880 5370 973 5424 τοῦ
1013 5367 1149 5424 Θεοῦ
1197 5374 1293 5425 καὶ
1340 5372 1574 5441 Πατρός.
1619 5374 1720 5429 Διά

193 5449 328 5506 τοῦτο
340 5458 506 5525 χαρὰν
534 5461 781 5516 ἐποιεῖτο
806 5462 905 5534 τὴν
934 5465 1180 5535 ἀτιμίαν,
1209 5467 1421 5537 τρυφὴν
1446 5466 1723 5536 ἐλογίζετο

197 5541 303 5606 τοὺς
319 5547 519 5615 πόνους.
558 5554 753 5607 Καίτοι
778 5557 886 5626 γὰρ
917 5556 1162 5622 πολλῶν,
1194 5559 1288 5613 καὶ
1322 5561 1719 5631 ἀπηχεστάτων

197 5634 292 5683 m‘
326 5636 485 5693 αὐτοῦ
517 5642 880 5716 τολμωμένων
903 5687 919 5714 ,
972 5650 1359 5722 γεγραμμένον
1389 5652 1717 5724 εὑρήσομεν,

259 5803 481 5870 "Matth.
511 5835 583 5889 τι,
611 5822 700 5889 23,
730 5821 819 5877 26.

1831 4630 2027 4700 plenus
2064 4638 2201 4691 erat,
2245 4627 2699 4698 quandoquidem
2732 4627 3124 4683 salvandorum
3158 4626 3411 4679 multitu-

1829 4724 2023 4778 dinem
2044 4721 2287 4785 videbat,
2329 4719 2541 4790 Deique
2570 4735 2633 4775 ae
2664 4720 2845 4775 Patris
2870 4720 3211 4774 voluntatem
3243 4718 3412 4771 adim-

1830 4816 2005 4887 pleri;
2047 4814 2281 4885 ideoque
2331 4814 2518 4885 gaudii
2572 4814 2693 4867 loco
2747 4812 2983 4867 habebat
3022 4808 3406 4880 ignominiam,

1829 4907 2051 4963 labores
2080 4907 2369 4976 reputabat
2419 4905 2667 4960 delicias.
2721 4902 2987 4970 Quamvis
3037 4903 3182 4957 enim
3238 4902 3409 4957 multa

1828 5014 2005 5071 eaque
2037 4998 2425 5054 crudelissima
2469 4996 2524 5050 in
2578 5011 2702 5051 eum
2746 5001 3228 5066 perpetrarentur,
3271 4996 3410 5048 scri-

1830 5103 1981 5164 ptum
2024 5102 2209 5147 tamen
2265 5089 2611 5145 inveniemus
2670 5086 2863 5143 Iesum
2913 5095 3045 5141 tunc
3098 5087 3410 5143 exsultasse

1832 5182 2064 5256 Spiritu,
2097 5192 2152 5239 et
2179 5183 2386 5239 dixisse
2412 5202 2424 5237 :
2457 5201 2475 5234 ι
2502 5178 2781 5236 Conﬁteor
2814 5180 2939 5245 tibi,
2964 5178 3149 5243 Pater,
3179 5181 3409 5235 Domine

1827 5279 1951 5332 coeli
1991 5288 2055 5333 ac
2090 5284 2269 5341 terrae,
2299 5275 2430 5346 quia
2466 5272 2816 5329 abscondisti
2851 5273 2971 5327 lucc
2999 5288 3027 5327 a
3063 5273 3407 5342 sapientibus

1826 5378 1878 5426 et
1911 5368 2297 5441 prudentibus,
2328 5377 2382 5423 et
2417 5367 2673 5422 revelasti
2699 5380 2763 5422 ea
2793 5366 3060 5437 parvulis.
3094 5366 3191 5431 lla,
3222 5364 3403 5429 Pater,

1827 5463 2086 5534 quoniam
2125 5461 2212 5516 sic
2259 5460 2363 5515 fuit
2399 5460 2662 5531 placitum
2720 5469 2846 5515 ante
2875 5468 2932 5514 te
2963 5459 3063 5515 “.0
3109 5458 3285 5514 Audis
3320 5468 3397 5520 ut,

1828 5572 1953 5613 cum
1983 5555 2198 5611 videret
2244 5552 2313 5608 ad
2362 5552 2692 5624 sapientiam
2737 5554 2947 5609 erudiri
3000 5567 3097 5609 eos
3140 5551 3233 5622 qui
3271 5566 3401 5620 par-

1829 5649 1940 5706 vuli
1967 5650 2098 5707 olim
2127 5658 2182 5705 et
2209 5648 2365 5706 stulti
2392 5655 2572 5715 erant,
2599 5649 2833 5721 gaudeat
2859 5649 3104 5721 quidem,
3132 5658 3185 5705 ct
3211 5646 3397 5702 exsul-
