4056 6492
567 334 676 396 επ

1562 338 1619 395 S.
1660 334 1936 393 CYRILLI
1972 332 2442 392 ALEXANDRINI
2474 339 2796 399 ARCHIEP.

3720 345 3825 402 580

571 464 649 508 tet
678 468 777 525 per
807 449 1100 525 Spiritum,
1128 459 1184 508 et
1227 451 1440 522 gratias
1474 449 1884 522 quodammodo
1913 464 2012 520 pro
2046 466 2146 505 no-

2250 447 2330 501 δτι
2355 451 2475 504 τότε
2510 451 2539 505 ὁ
2584 450 2792 522 Ἰησοῦς
2833 451 3211 521 ἠγαλλιάσατο
3257 453 3336 524 τῷ
3384 454 3688 525 Πνεῦματι,
3730 458 3824 511 καὶ

570 548 657 620 bis
681 556 802 619 agat
836 547 1081 603 servanti
1110 543 1302 600 Patri?
1334 543 1477 611 Quin
1508 550 1564 599 et
1603 559 1729 599 cum
1765 543 2142 597 Samaritano-

574 652 693 690 rum
725 636 998 707 regionem
1032 643 1348 706 peragraret
1369 673 1383 697 .
1420 649 1484 688 ac
1518 633 1586 689 de
1623 634 1710 687 via
1760 634 1941 689 lassus
1974 641 2142 698 esset,

571 734 633 779 ut
660 725 926 794 scriptum
954 734 1037 779 est
1059 724 1125 787 ",
1151 724 1217 778 ad
1253 730 1475 795 puteum
1498 722 1670 778 ,ΙΑοοῦ
1698 722 1873 787 sedit;
1906 735 2142 790 cumque

571 816 896 870 muliercula
925 816 976 870 ei
1009 816 1302 870 obtulisset
1349 815 1496 870 unde
1544 828 1745 885 aquam
1781 813 2046 877 hauriret,
2088 818 2144 866 et

571 907 835 961 salutaria
859 906 909 962 ei
959 906 1175 960 locutus
1207 915 1315 971 est,
1344 914 1401 961 et
1446 905 1921 960 Samaritanorum
1951 902 2142 956 multi-

570 997 759 1052 tudine
784 1006 1121 1066 exspectata,
1148 997 1465 1053 necessario
1503 1012 1724 1067 quoque
1753 997 1877 1051 cibo
1906 1010 1965 1052 se
1995 994 2141 1048 frau-

569 1088 742 1142 davit.
793 1087 936 1153 Quid
983 1088 1131 1142 enim
1181 1087 1252 1141 ad
1301 1087 1611 1156 discipulos
1655 1101 1788 1142 suos
1843 1085 2003 1148 dixit,
2046 1084 2142 1154 qui

571 1189 631 1234 ut
668 1180 792 1235 cibo
822 1195 1024 1251 corpus
1060 1180 1316 1234 reticeret
1344 1195 1470 1234 eum
1500 1179 1903 1233 hortabantur?
1941 1196 1961 1229 ι
1993 1176 2144 1232 Meus

568 1272 728 1325 cibus
760 1278 847 1327 est
874 1280 934 1325 ut
977 1271 1175 1326 faciam
1207 1272 1550 1325 voluntatem
1595 1272 1764 1342 886
1803 1270 1982 1324 Patris
2015 1270 2143 1336 mei,

568 1374 619 1416 et
649 1362 933 1430 perﬁciam
964 1364 1090 1434 ejus
1120 1379 1261 1434 opus
1294 1364 1362 1417 ".
1397 1383 1416 1416 ι
1452 1362 1647 1418 Nonne
1690 1363 1855 1433 igitur
1887 1363 1971 1417 vel
2016 1362 2145 1416 hinc

570 1455 786 1524 patebit
812 1455 1043 1512 delicias
1064 1458 1116 1513 ei
1141 1466 1195 1512 et
1226 1456 1483 1527 gaudium
1514 1456 1709 1521 fuisse,
1739 1454 1919 1510 Patris
1951 1456 2146 1510 volun-

569 1554 739 1600 tatem
794 1548 1115 1620 adimplere,
1166 1550 1271 1605 hoc
1312 1557 1420 1614 est,
1469 1564 1567 1604 eos
1616 1548 1710 1618 qui
1750 1550 2026 1619 perierant
2077 1547 2142 1601 ad

572 1639 807 1694 salutem
846 1641 1146 1696 revocare?
1177 1640 1414 1695 Dubium
1446 1640 1501 1695 id
1536 1646 1686 1695 certe
1730 1655 1841 1694 non
1869 1648 1974 1694 est.
2018 1637 2146 1693 Haec

571 1727 740 1799 igitur
769 1732 975 1795 omnia,
1031 1733 1233 1802 inquit,
1269 1733 1488 1787 locutus
1533 1746 1656 1788 sum
1688 1731 1868 1795 vobis,
1921 1740 1978 1784 ut
2008 1745 2139 1801 gau-

2251 537 2441 596 εἶπενο
2480 562 2499 596 ι
2557 542 3021 616 Ἐξομολογοῦμαί
3070 562 3193 610 σοι,
3240 546 3463 617 Πάτερ,
3511 547 3693 618 Κύριε
3730 547 3824 601 τοῦ

2244 633 2477 704 οὐρανοῦ
2528 636 2623 689 καὶ
2662 635 2765 704 τῆς
2800 636 2940 706 γῆς,
2987 636 3070 690 ὅτι
3114 637 3439 709 ἀπέκρυψας
3485 637 3662 691 ταῦτα
3718 637 3824 692 ἀπὸ

2251 726 2432 796 σοφῶν
2462 728 2556 780 καὶ
2600 727 2858 792 συνετῶν,
2886 728 2982 782 καὶ
3015 728 3371 798 ἀπεκάλυψας
3398 728 3539 783 αὐτὰ
3585 727 3820 798 νηπίοις.

2245 816 2374 880 Ναὶ,
2401 819 2430 871 ό
2451 817 2661 890 Πατὴρ,
2691 820 2772 874 ὃτι
2803 818 2977 884 οῦτως
3002 820 3223 875 εὐδοκία
3257 820 3476 889 ἐγένετο
3510 819 3823 891 ἔμπροσθέν

2247 923 2363 959 σου.
2401 925 2420 959 ι
2465 908 2750 973 Ἀκούεις,
2801 912 2886 964 ὅτι
2938 910 3171 982 ἐπείπερ
3218 910 3411 965 ἐθεᾶτο
3452 910 3820 981 σοφουμένους

2242 997 2367 1061 τοῦς
2394 999 2622 1069 νηπίους
2672 1018 2735 1055 τε
2781 1002 2943 1066 ὄντας
2993 1002 3090 1056 καὶ
3136 1004 3399 1074 ἀνοήτους
3444 1003 3601 1065 ποτὲ.
3642 1002 3820 1072 χαίρει

2247 1090 2347 1160 μὲν
2393 1093 2485 1145 καὶ
2524 1093 2850 1161 ἀγαλλιᾶται
2888 1095 2977 1149 διὰ
3028 1094 3123 1149 τοῦ
3168 1094 3526 1166 Πνεύματος,
3570 1094 3736 1165 χάριν
3761 1093 3819 1148 δέ

2244 1180 2433 1254 ὥσπερ
2462 1184 2602 1256 ὑπὲρ
2638 1186 2795 1256 ἡμῶν
2833 1188 3080 1241 ἀνατιθεῖ
3113 1186 3193 1259 τῷ
3237 1187 3561 1253 διασώζοντι
3609 1187 3816 1257 Πατρίς

2257 1274 2417 1328 Ἀλλά
2461 1278 2555 1330 καὶ
2601 1278 2689 1330 ὅτε
2729 1277 2829 1349 τὴν
2873 1278 2984 1332 τῶν
3030 1278 3385 1352 Σαμαρειτῶν
3412 1278 3579 1332 διέθει
3614 1275 3816 1347 χώραν,

2244 1367 2493 1437 κέκμηκε
2545 1369 2603 1423 δὲ
2656 1371 2721 1423 ἐκ
2765 1371 2868 1441 τῆς
2896 1370 3239 1442 ὁδοιπορίας,
3288 1370 3436 1424 καθὰ
3484 1368 3817 1438 γέγραπται.

2245 1458 2537 1524 ἐκαθέζετο
2574 1462 2668 1514 ἐπὶ
2710 1463 2778 1532 τῇ
2813 1465 2965 1533 πηγῇ
3008 1461 3103 1516 τοῦ
3160 1461 3376 1516 Ἰακώ6.
3419 1459 3643 1531 Ἐπειδὴ
3682 1458 3823 1513 δέτδ

2244 1550 2465 1617 γύναιον
2522 1551 2672 1621 αὐτῷ
2751 1552 3118 1622 προσεκόμιζε
3191 1552 3290 1622 τὴν
3347 1550 3441 1605 τοῦ
3513 1548 3822 1621 ἀρύσασθαι

2244 1640 2457 1711 χρείαν,
2482 1641 2856 1712 προσελάλησέ
2882 1660 2941 1695 τε
2978 1642 3132 1707 αὐτῷ
3156 1641 3226 1695 τὰ
3253 1643 3464 1705 είκότα,
3503 1640 3599 1693 καὶ
3646 1641 3824 1709 Σαμα-

2250 1727 2443 1798 ρειτῶν
2471 1728 2628 1798 ὄχλον
2656 1727 2857 1799 ἥξοντα
2896 1729 3263 1800 προσεδόκησε
3297 1728 3392 1781 καὶ
3421 1726 3633 1799 τροφῆς
3661 1728 3827 1794 ἀναγ-

569 1819 721 1876 dium
754 1836 935 1878 meum
966 1823 1038 1878 sit
1060 1824 1113 1877 in
1138 1823 1317 1888 vobis,
1342 1822 1395 1877 id
1428 1829 1533 1888 est,
1566 1830 1627 1877 ut
1655 1822 1726 1877 ob
1752 1822 1846 1876 illa
1876 1822 2144 1876 duntaxat

2250 1818 2411 1883 καίας
2441 1819 2718 1890 ἀλογήσας
2768 1820 3037 1889 φαίνεται.
3089 1820 3155 1873 Τί
3198 1820 3307 1889 γὰρ
3352 1819 3457 1888 ἔφη
3506 1818 3647 1889 πρὸς
3703 1818 3825 1881 τοὺς

571 1911 744 1967 latari
783 1914 982 1980 velitis,
1012 1915 1214 1985 quibus
1248 1914 1462 1985 gaudeo
1491 1928 1621 1984 ego,
1656 1922 1713 1968 ut
1739 1914 1804 1969 ad
1841 1911 2145 1967 certamina

570 2003 744 2056 fortes
782 2002 1118 2070 elliciamini,
1163 2013 1217 2060 et
1259 2020 1356 2077 spe
1404 2005 1800 2061 salvandorum
1855 2003 2144 2058 hominum

568 2098 879 2167 precincti,
922 2098 1050 2156 licet
1080 2100 1289 2170 aliquid
1333 2100 1545 2156 idcirco
1573 2099 1688 2172 pati
1728 2098 2035 2168 contingat,
2079 2112 2149 2151 ne

567 2188 810 2244 animum
840 2190 1141 2260 dejiciatis,
1174 2207 1364 2247 verum
1397 2198 1555 2246 tanto
1605 2198 1740 2245 tunc
1787 2189 1964 2260 magis
2009 2203 2149 2260 gau-

566 2280 769 2348 deatis,
822 2283 952 2353 quia
984 2298 1081 2353 per
1108 2296 1210 2339 vos
1257 2283 1519 2354 impletur
1566 2281 1827 2337 voluntas
1878 2280 1998 2351 ejus
2052 2279 2149 2351 qui

566 2371 689 2427 vult
719 2387 914 2429 omnes
944 2372 1198 2429 homines
1230 2374 1416 2430 salvos
1446 2373 1587 2440 fieri,
1619 2380 1675 2429 et
1703 2374 1774 2427 ad
1809 2372 2147 2443 agnitionem

564 2462 821 2519 veritatis
852 2464 1041 2520 venire
1069 2466 1137 2522 ".
1160 2464 1402 2522 Gavisus
1430 2467 1577 2521 enim
1610 2481 1739 2522 sum
1773 2465 1846 2521 oh
1880 2464 1996 2520 haec
2021 2478 2146 2535 ego,

564 2560 621 2608 et
670 2553 829 2624 longe
870 2553 1238 2610 suavissimas
1274 2553 1499 2609 labores
1555 2551 1714 2607 duxi.
1777 2550 1917 2606 Cum
1990 2563 2148 2620 ergo,

567 2644 767 2713 inquit,
793 2644 1054 2713 gaudium
1083 2644 1291 2701 habere
1320 2644 1636 2707 volueritis,
1666 2640 1817 2714 quod
1846 2641 1978 2696 mihi
2010 2655 2146 2695 con-

566 2735 753 2792 venire
803 2736 1016 2806 putavi,
1069 2744 1203 2793 tunc
1253 2736 1559 2808 perfectum
1621 2736 1759 2791 illud
1809 2751 1876 2791 ac
1899 2734 2145 2791 solidum

565 2827 706 2883 estis
738 2828 1006 2885 habituri.
1045 2828 1358 2885 Perfectum
1390 2829 1537 2885 enim
1580 2836 1732 2884 certe
1768 2836 1825 2882 et
1852 2827 2146 2882 abundan-

568 2916 844 2972 tissimum
896 2933 1025 2974 esse
1085 2920 1351 2990 gaudium
1408 2918 1544 2973 illud
1592 2929 1850 2988 putamus
1892 2919 2040 2988 quod
2090 2919 2147 2974 in

569 3005 683 3063 Deo
715 3016 823 3072 est,
857 3016 913 3065 et
954 3016 1182 3080 prapter
1228 3009 1422 3074 Deum,
1457 3018 1513 3066 et
1544 3011 1614 3066 de
1653 3010 1816 3066 bonis
1860 3010 2145 3081 cperibus,

2251 1909 2523 1982 μαθητὰς,
2543 1911 2860 1982 ἐδεσμάτων
2893 1911 3041 1981 αύτῷ
3073 1911 3397 1982 μεταλαϐεῖν
3426 1908 3824 1981 συμϐουλεύονφ

2246 2021 2383 2071 τας;
2423 2024 2442 2055 ι
2489 2004 2649 2072 Ἐμὸν
2677 2003 2873 2076 βρῶμά
2918 2005 3087 2066 ἐστιν,
3130 2004 3218 2057 ἴνα
3249 2004 3460 2075 ποιήσω
3499 2003 3564 2056 τὸ
3611 2002 3819 2073 θέλημα

2247 2094 2341 2149 τοῦ
2376 2096 2588 2167 Πατρός
2620 2113 2719 2166 μου
2743 2138 2760 2163 ,
2801 2097 2895 2151 καὶ
2929 2095 3201 2151 τελειώσω
3251 2094 3420 2150 αὑτοῦ
3467 2095 3530 2149 τὸ
3580 2094 3765 2166 ἔργον.
3801 2112 3819 2144 ι

2245 2181 2376 2259 Ἀρ*
2412 2183 2504 2241 οῦν
2544 2187 2838 2241 κάντεῦθεν
2887 2188 2988 2242 οὐκ
3037 2187 3103 2241 ἂν
3151 2188 3363 2256 γένοιτο
3411 2186 3700 2257 συμφανὲς
3747 2185 3825 2238 ὅτι

2248 2278 2460 2351 τρυφὴν
2507 2281 2744 2333 ἐποιεῖτο
2775 2280 2871 2334 καὶ
2920 2278 3095 2351 χαρὰν
3130 2278 3240 2334 τῶν
3274 2276 3548 2350 πατρῴων
3587 2277 3829 2346 θελημά-

2248 2388 2356 2425 των
2380 2373 2482 2442 τὴν
2529 2371 2847 2443 πλήρωσιν,
2880 2369 3027 2425 τοῦτ’
3062 2370 3214 2436 ἐστι,
3259 2370 3361 2443 τὴν
3410 2372 3491 2435 είς
3548 2369 3824 2442 σωτηρίαν

2249 2461 2562 2533 ἀναδρομὴν
2593 2462 2700 2517 τῶν
2736 2465 2815 2527 είς
2846 2462 3126 2517 ἀπώλειαν
3168 2462 3641 2534 διωλισθηκότων;
3685 2460 3823 2515 Ἀλλ’

2251 2554 2398 2609 ἐστιν
2448 2554 2548 2609 οὐκ
2589 2552 2912 2624 ἀμφίλογον.
2946 2552 3134 2607 Ταῦτα
3189 2552 3371 2607 τοίνυν
3411 2554 3633 2618 πάντα,
3671 2552 3825 2623 φησὶ,

2248 2646 2550 2717 διείλεγμαι
2575 2648 2711 2719 πρὸς
2735 2648 2900 2717 ὑμᾶς,
2939 2647 3029 2701 ἵνα
3057 2648 3090 2717 ἡ
3122 2645 3268 2717 χαρὰ
3298 2646 3332 2715 ἡ
3358 2645 3467 2715 ἐμὴ
3494 2646 3552 2697 ἓν
3581 2646 3716 2715 ὑμῖν
3810 2662 3822 2675 ’

2247 2736 2393 2791 τοῦτ’
2430 2736 2598 2802 ἐστιν,
2640 2737 2730 2791 ῖνα
2769 2738 2855 2790 ἐπ’
2882 2736 3116 2799 ἐκείνοις
3155 2735 3378 2805 ἐθέλητε
3416 2734 3825 2804 διευθυμεῖσθαι

2251 2828 2436 2899 μόνοις
2461 2871 2476 2897 ,
2518 2830 2604 2897 ἐφ’
2630 2825 2826 2899 οἷσπερ
2859 2827 3016 2896 κάγὼ
3037 2867 3052 2892 ,
3105 2826 3192 2881 ἵνα
3230 2827 3367 2895 πρὸς
3393 2825 3613 2893 ἀγῶνας
3644 2824 3828 2895 ἀνδρί-

2252 2923 2417 2991 σηοθε
2442 2962 2459 2987 ,
2508 2921 2603 2976 καί
2635 2920 2733 2992 τὴν
2780 2920 2875 2973 ἐπὶ
2907 2922 3019 2983 τοῖς
3061 2919 3394 2989 σωζομένοις
3440 2917 3640 2970 ἐλπίδα
3676 2933 3828 2986 περιο

2250 3014 2582 3084 ζωσάμενοι,
2620 3012 2722 3066 κάν
2764 3029 2819 3066 τι
2847 3011 2937 3065 διὰ
2963 3009 3125 3064 τοῦτο
3170 3008 3446 3080 συμσαίνῃ
3498 3008 3717 3072 παθεῖν,
3756 3007 3831 3078 μὴ

569 3108 800 3168 propter
858 3114 1011 3169 spem
1070 3099 1285 3154 ﬁrmam
1333 3108 1389 3155 et
1438 3099 1862 3163 inconcussam,
1914 3108 1971 3155 et
2014 3102 2143 3170 quia

2253 3104 2391 3173 πρὸς
2429 3104 2658 3171 ἀκηδίας
2704 3103 2955 3174 ἀδρανεῖς
2995 3100 3379 3172 καταφέρησθε
3415 3099 3656 3170 μᾶλλον,
3707 3099 3826 3169 χαί-

567 3190 637 3245 de
674 3191 744 3245 iis
769 3190 974 3260 quibus
1004 3206 1104 3262 par
1132 3198 1218 3245 est
1248 3206 1355 3245 non
1389 3191 1566 3246 solum
1599 3208 1721 3256 nos,
1758 3193 1851 3247 sed
1881 3202 1934 3247 et
1962 3192 2144 3262 ipsum

568 3279 759 3338 Jesum
804 3281 973 3337 laetari
1008 3282 1235 3353 contigit
1267 3302 1280 3337 :
1316 3282 1702 3353 imperfectum
1747 3299 1877 3339 vero
1914 3283 2149 3338 munda-

569 3388 702 3427 num
742 3374 1000 3445 gaudium
1036 3374 1173 3428 illud
1216 3374 1542 3435 asserimus,
1574 3389 1697 3428 cum
1750 3381 1973 3444 propter
2011 3375 2148 3428 levi-

570 3469 739 3518 tatem
767 3474 821 3519 et
841 3464 1292 3530 inconstantiam,
1321 3472 1437 3518 tum
1458 3463 1608 3534 quod
1628 3464 1699 3518 ob
1722 3479 1785 3519 ea
1809 3480 1932 3535 quae
1961 3465 2147 3521 minus

570 3553 729 3610 decet
778 3563 1096 3625 peragatur,
1144 3556 1199 3611 id
1244 3563 1331 3611 est
1366 3556 1439 3610 oh
1498 3571 1588 3610 res
1648 3556 1977 3619 mundanas,
2027 3572 2150 3626 quae

568 3646 1018 3718 phantasmatum
1071 3655 1122 3704 et
1174 3647 1383 3703 umhrze
1428 3647 1605 3703 instar
1645 3648 1912 3704 avolant:
1957 3664 2150 3719 quem-

570 3737 863 3793 admodum
909 3737 1216 3809 perfectum
1268 3739 1455 3793 odium
1505 3754 1631 3795 esse
1685 3740 1947 3806 dicimus,
2001 3740 2148 3811 quod

572 3838 726 3884 recte
760 3838 814 3884 et
836 3829 986 3898 juste
1020 3830 1094 3885 oh
1118 3830 1418 3885 nonnullas
1454 3844 1542 3885 res
1569 3845 1599 3883 a
1632 3831 1795 3886 nobis
1822 3832 2150 3901 suscipitur.

574 3920 751 3976 Sicuti
798 3936 994 3992 nempe
1027 3920 1221 3978 beatus
1254 3922 1349 3978 ille
1398 3921 1572 3977 David
1617 3922 1687 3978 de
1724 3923 1793 3978 iis
1825 3924 1918 3994 qui
1962 3926 2151 3994 gloria:

571 4010 671 4069 Dei
700 4022 1007 4085 repugnant
1033 4014 1145 4070 ait:
1168 4034 1188 4068 ι
1211 4012 1465 4071 Perfecto
1487 4014 1619 4071 odio
1638 4014 1862 4071 oderam
1888 4016 2075 4074 illos"
2094 4034 2109 4085 ;
2126 4035 2145 4068 ι

574 4102 871 4176 perfectam
904 4120 1034 4161 vero
1083 4106 1463 4171 dilectionem,
1503 4122 1627 4178 qua:
1678 4107 1789 4165 Deo
1832 4118 1976 4164 totos
2010 4124 2150 4168 con-

570 4196 761 4267 jungit
803 4213 898 4253 eos
931 4197 1026 4269 qui
1084 4198 1213 4254 llam
1249 4200 1607 4269 susceperint
1650 4200 1708 4255 in
1761 4200 1875 4257 Deo
1920 4210 1977 4257 et
2028 4218 2154 4274 pro-

575 4295 698 4358 pter
725 4287 934 4358 Deum,
981 4304 1090 4347 non
1137 4298 1324 4347 autem
1363 4305 1483 4346 eam
1537 4306 1662 4363 quae
1705 4291 1765 4348 in
1808 4296 2047 4351 terrenis
2087 4310 2152 4351 ac

575 4380 732 4435 nihili
768 4382 934 4439 rebus
964 4390 1237 4439 versatur.

2256 3214 2386 3270 ρητε
2431 3197 2489 3250 δὲ
2527 3196 2650 3251 τότε
2703 3194 3136 3265 πλουσιώτερον,
3170 3194 3401 3264 ἐπείπερ
3440 3193 3535 3247 καὶ
3576 3192 3647 3247 δι’
3678 3192 3831 3262 ὑμῶν

2251 3280 2777 3358 ἀναπληροῦται“τὸ
2827 3286 3038 3357 θέλημα
3083 3287 3178 3339 τοῦ
3232 3287 3444 3349 πάντας
3507 3285 3829 3355 ἀνθρώπους

2253 3379 2501 3442 θέλοντος
2538 3378 2839 3443 σώζεσθαι,
2880 3379 2979 3432 καὶ
3022 3378 3102 3442 εἰς
3130 3378 3425 3445 ἐπίγνωσιν
3459 3376 3722 3443 ἀληθείας
3751 3377 3830 3428 ἐλ-

2253 3467 2388 3522 θεῖν.
2434 3468 2696 3537 Ἔχαιρον
2722 3466 2831 3538 γὰρ
2869 3467 2963 3520 ἐπὶ
2992 3466 3199 3531 τούτοις
3233 3464 3410 3534 κάγὼ,
3439 3465 3536 3519 καὶ
3569 3465 3695 3519 λίαν
3724 3466 3831 3536 ηδίο

2255 3577 2413 3624 στους
2440 3558 2762 3630 ἐλογιζόμην
2799 3560 2924 3624 τοὺς
2975 3559 3193 3620 πόνους.
3237 3559 3407 3611 Ὅταν
3434 3556 3643 3620 τοίνυν,
3680 3558 3828 3627 φησὶ,

2251 3654 2509 3725 τοιαύτην
2559 3653 2758 3725 ἕλησθε
2798 3652 2942 3724 ἔχειν
2969 3651 3146 3724 χαράν
3171 3695 3186 3720 ,
3230 3653 3298 3722 ἣν
3330 3650 3556 3723 ἐμαυτῷ
3602 3652 3830 3721 πρέπειν

2254 3746 2607 3816 ἐλογισάμην,
2638 3745 2759 3799 τότε
2794 3744 3007 3799 τελείαν
3046 3745 3216 3815 αὐτὴν
3250 3744 3400 3810 ἕξετε
3423 3784 3439 3808 ,
3474 3743 3571 3797 καὶ
3613 3743 3833 3812 ὀλόκλη-

2256 3854 2368 3909 ρον.
2423 3837 2812 3908 Πληρεστάτην
2865 3837 2975 3907 γάρ
3037 3837 3208 3900 ὅντως
3264 3837 3358 3889 καὶ
3421 3834 3641 3889 τελείαν
3696 3830 3833 3889 εἶναι

2254 3929 2427 4001 χαρὰν
2463 3928 2812 4000 λογιζόμεθα,
2849 3927 2948 3999 τὴν
2997 3929 3055 3981 ἐν
3084 3927 3237 3998 Θεῷ,
3274 3928 3369 3981 καὶ
3412 3926 3504 3979 διά
3541 3924 3715 3990 Θεδν,
3746 3923 3838 3977 καὶ

2253 4021 2341 4075 ἐπ’
2374 4020 2556 4092 ἔργοις
2595 4019 2845 4088 ἀγαθοῖς,
2875 4018 2964 4072 διὰ
3009 4017 3072 4071 τὸ
3102 4018 3372 4089 πεπηγὸς,
3406 4016 3503 4070 καὶ
3543 4015 3835 4085 ἀκλόνητον

2254 4113 2354 4185 τῆς
2381 4112 2595 4177 ἐλπίδος
2619 4128 2634 4143 ο
2672 4111 2766 4165 καὶ
2794 4113 2876 4165 ὅτι
2902 4111 3125 4179 γέγονεν
3151 4150 3166 4173 ,
3197 4111 3280 4179 ἐφ’
3309 4104 3392 4172 οἷς
3421 4104 3489 4179 ἦν
3518 4108 3693 4171 εἰκὸς,
3720 4106 3837 4176 οὐχὶ

2259 4208 2455 4279 μόνους
2485 4206 2653 4276 ἡμᾶς,
2688 4202 2827 4258 ἀλλά
2852 4204 2947 4256 καὶ
2976 4202 3139 4256 αὐτὸν
3166 4201 3403 4272 ἡσθῆναι
3445 4200 3539 4256 τὸν
3579 4198 3796 4271 Ἰησοῦν
3818 4214 3834 4229 ·

2256 4298 2422 4369 ἀτελῆ
2450 4297 2509 4351 δὲ
2534 4294 2708 4368 χαρὰν
2734 4294 2832 4366 τὴν
2871 4296 2928 4347 ἐν
2952 4294 3145 4365 κόσμῳ
3165 4292 3364 4363 φαμὲν,
3390 4291 3482 4344 διά
3508 4306 3570 4342 τε
3594 4287 3834 4357 εὐπαρά-

2258 4408 2447 4465 φορον,
2487 4386 2585 4442 καὶ
2608 4386 2670 4440 τὸ
2701 4387 2785 4455 ἐφ’
2815 4380 2896 4448 οἷς
2931 4384 3129 4456 ἥκιστα
3175 4384 3313 4451 χρῆν
3341 4379 3683 4451 τελουμένην
3707 4378 3833 4449 6.95.-

577 4472 723 4539 σθαισ
753 4472 899 4562 ’φίλ’
962 4473 1098 4543 ἔστι.
1159 4476 1451 4549 πράγμασι
1507 4480 1815 4549 κοσμικαῖς.
1874 4478 1911 4535 ἃ
1970 4489 2374 4562 φαντασμάτων
2429 4483 2526 4536 καὶ
2582 4481 2741 4542 σκιᾶς
2803 4477 3087 4545 ἐξίπταται
3147 4475 3337 4547 δίκην
3384 4473 3578 4544 ῶσπερ
3637 4472 3834 4525 τέλειον

577 4570 734 4639 μῖσος
755 4561 896 4621 εἷναί
922 4584 1122 4639 φαμεν,
1149 4569 1212 4622 τὸ
1237 4569 1463 4633 δικαίως
1497 4586 1557 4623 τε
1592 4570 1685 4624 καὶ
1713 4571 1888 4642 ὀρθῶς
1924 4574 2015 4629 ἐπί
2052 4594 2162 4634 τισι
2193 4561 2322 4652 παρ’
2346 4575 2501 4649 ἡμῶν
2523 4573 2825 4644 γινόμενον.
2861 4572 3070 4641 Ὠσπερ
3096 4565 3191 4623 οῦν
3228 4568 3419 4639 ἀμέλει
3452 4568 3545 4623 καὶ
3595 4569 3631 4623 ὁ
3661 4565 3831 4637 μακά·

576 4678 691 4733 ριος
744 4661 940 4729 Δαὸὶδ,
987 4662 1115 4733 περὶ
1148 4663 1258 4718 τῶν
1288 4664 1701 4734 ἀνθεστηκότων
1760 4669 1828 4738 τῇ
1890 4666 2014 4740 δόξῃ
2079 4673 2173 4727 τοῦ
2218 4672 2354 4727 Θεοῦ
2389 4686 2522 4740 φησι
2547 4685 2561 4699 ’
2605 4687 2623 4718 ι
2666 4666 2880 4721 Τέλειον
2922 4667 3077 4734 μῖσος
3116 4663 3342 4734 ἐμίσουν
3400 4660 3629 4724 αὐτούς’
3666 4680 3685 4711 ι
3744 4675 3830 4713 τε·

570 4757 722 4814 λείαν
756 4757 814 4813 δέ
856 4757 1098 4830 ἀγάπην,
1136 4758 1235 4829 τὴν
1280 4758 1590 4830 ὁλοκλήρως
1615 4759 1937 4814 ἀνακεῖσθαι
1986 4763 2104 4837 Θεῷ
2134 4762 2659 4841 παρασκευάζουσαν
2708 4760 2832 4822 τοὺς
2867 4758 3087 4821 ἑλόντας
3136 4756 3305 4829 αὐτὴν
3354 4757 3412 4809 ἐν
3451 4755 3574 4826 Θεῷ
3621 4757 3714 4809 καὶ
3744 4753 3827 4809 διά

571 4849 739 4915 Θεδν,
793 4847 855 4904 οὐ
908 4848 1007 4920 τὴν
1058 4848 1149 4902 ἐπί
1194 4864 1336 4902 τισιν
1382 4849 1685 4918 ἐπιγείοις,
1756 4851 1851 4905 καί¹
1892 4851 2053 4923 λόγου
2090 4858 2318 4931 μηδενὸς
2341 4855 2513 4921 ἀξίοις
2544 4852 2882 4925 πράγμασιν.

644 4984 766 5051 XV,
819 4985 925 5051 12,
967 4986 1057 5042 15.
1103 4984 1218 5040 Hoc
1256 4994 1337 5042 est
1360 4995 1679 5056 praeceptum
1720 5002 1917 5052 meum,
1949 4999 2006 5042 ut
2030 4988 2146 5044 dili-

2329 4990 2490 5059 Αὕτη
2538 4988 2710 5043 ἐστὶν
2766 4989 2804 5057 ἡ
2854 4986 3074 5055 ἐντολὴ
3129 4988 3165 5055 ἡ
3204 4986 3318 5055 ἐμὴ
3344 5026 3357 5050 ,
3412 4986 3514 5038 ἵνα
3550 4982 3826 5057 ,ἀγαπᾶτε

574 5080 715 5150 gatis
757 5078 1001 5141 invicem,
1031 5079 1172 5133 sicut
1200 5077 1369 5133 dilexi
1406 5094 1520 5132 vos.
1569 5075 1831 5147 Maiorem
1878 5078 1976 5132 hac
2021 5078 2146 5134 dile-

2256 5080 2611 5148 ἀλλήλους,
2662 5078 2858 5145 καθὼς
2907 5078 3070 5149 κάγὼ
3123 5077 3413 5148 ἠγάπησα
3464 5076 3646 5146 ὑμᾶς.
3701 5076 3827 5131 Μεί-

576 5170 804 5222 ctionem
839 5185 989 5223 nemo
1019 5167 1194 5233 habet,
1226 5184 1385 5240 quam
1415 5176 1473 5221 ut
1521 5166 1759 5221 animam
1796 5184 1950 5222 suam
1995 5184 2146 5239 ponai

2258 5172 2396 5234 (ora
2425 5172 2650 5238 ταύτης
2679 5169 2926 5241 ἀγάπην
2975 5169 3177 5235 οὐδεὶς
3233 5170 3396 5239 ἔχει,
3444 5169 3548 5222 ἵνα
3600 5187 3690 5235 τις
3724 5166 3827 5235 τὴν

575 5260 694 5329 quis
719 5275 816 5330 pro
848 5259 1035 5315 amicis
1065 5261 1201 5315 suis.

648 5392 884 5449 Sensum
918 5409 1110 5451 eorum
1132 5410 1254 5465 quae
1279 5396 1435 5465 prius
1456 5396 1603 5451 dicta
1645 5404 1776 5453 sunt
1803 5394 2152 5452 manifestius

577 5486 665 5541 his
687 5487 869 5544 verbis
893 5488 1094 5557 aperit,
1118 5488 1221 5542 hoc
1245 5495 1349 5551 est,
1383 5487 1584 5544 debere
1610 5488 1920 5559 discipulos
1948 5488 2155 5543 habere

578 5578 837 5649 gaudium
874 5578 997 5648 ejus
1027 5577 1081 5632 in
1114 5577 1327 5648 seipsis.
1354 5577 1488 5649 Ego,
1517 5578 1717 5650 inquit,
1745 5580 1849 5635 hoc
1875 5577 2155 5649 prmeipio,

2261 5260 2476 5330 ψυχὴν
2500 5260 2684 5315 αὐτοῦ
2715 5259 2813 5329 θῇ,
2847 5260 2999 5328 ὑπὲρ
3032 5257 3152 5314 τῶν
3183 5261 3378 5331 φίλων
3412 5260 3621 5315 αὐτοῦ.

2349 5392 2797 5464 Ἐμφανεστέραν
2842 5395 2942 5467 ἤδη
2980 5394 3306 5465 καθίστησι,
3354 5392 3444 5448 διὰ
3493 5393 3597 5464 τῆς
3633 5392 3819 5446 τούτων

2262 5486 2599 5555 ἐπαγωγῆς,
2661 5486 2770 5539 τῶν
2830 5486 2929 5558 ἤδη
2984 5486 3399 5559 προειρημένων
3459 5485 3556 5557 τὴν
3588 5484 3815 5554 δύναμιν.

2266 5576 2406 5631 τοῦτ’
2441 5576 2554 5629 ἔστι
2580 5619 2594 5643 ,
2647 5576 2707 5630 τὸ
2763 5578 2960 5651 χρῆναι
3003 5580 3129 5644 τοὺς
3182 5579 3432 5651 μαθητὰς
3458 5620 3472 5644 ,
3528 5577 3626 5648 τὴν
3668 5570 3813 5632 αὑτοῦ

651 5761 700 5796 ⁸⁸
740 5760 900 5817 Joan.
944 5775 1018 5815 tv.
1096 5759 1139 5790 ⁵³
1193 5755 1349 5814 Joau.
1385 5772 1537 5823 xxxi,
1571 5756 1661 5814 5i.
1744 5759 1787 5791 “
1842 5758 1863 5813 ῐ
1903 5757 2044 5817 Tim.
2078 5780 2137 5829 ιι,

2316 5762 2356 5792 ⁵⁷
2399 5759 2543 5819 Psal.
2582 5779 2811 5832 cxxvm,
2844 5763 2934 5817 ΞΕ.
