4056 6472
191 351 288 408 58!

1255 359 1322 418 IN
1360 361 1645 422 JOANNIS
1678 364 2130 429 EVANGELIUM
2180 374 2310 430 LIB.
2351 375 2419 430 X.

3315 440 3317 443 .
3361 383 3466 438 58?.

191 471 365 544 χαρὰν
411 468 560 541 ἔχειν
595 470 653 524 ἐν
692 469 925 536 ἑαυτοῖς.
995 473 1323 546 ’Λναφανδὸν
1367 483 1425 536 δέ
1479 501 1642 553 φησιν
1693 485 1774 538 ὅτι

1879 488 2074 544 ethoc
2109 490 2284 547 doceo
2345 490 2657 548 faciendum
2717 509 2780 550 ac
2839 494 3190 551 sentiendum
3242 497 3312 553 iis
3371 503 3462 570 qui

192 563 347 616 τοῦτο
397 563 716 634 ἐντέλλομαι
747 606 762 630 ,
817 566 1102 620 καιοτοῦτο
1138 567 1377 626 διδάσκω
1415 574 1549 645 δρᾷν
1592 593 1650 627 τε
1683 576 1776 628 καὶ

193 658 437 727 φρονεῖν,
472 659 598 720 τοὺς
625 658 857 712 ἕπεσθαι
902 661 1014 712 δεῖν
1055 663 1336 734 οἰομένους
1363 667 1506 735 ἐμοὶ,
1537 672 1774 721 τοιουτό-

192 761 392 818 τροπον
423 749 508 810 είς
535 748 797 820 ἀλλήλους
824 752 1132 824 ὲκμελετᾷν
1177 755 1277 826 τὴν
1306 758 1549 827 ἀγάπην,
1583 759 1776 813 ὁποίαν

195 839 302 908 ἐγὼ
369 839 587 906 φθάσας
631 842 998 914 ἐπεδειξάμην
1056 846 1150 898 καὶ
1200 848 1564 919 πεπλήρωκα.
1618 853 1778 904 Ποῖον

195 927 282 984 οὖν
308 931 417 1001 ἄρα
453 932 518 985 τὸ
544 933 740 1003 μέτρον
774 933 1052 1006 θεωρῆσαι
1082 955 1166 1000 τις
1194 937 1258 992 ἂν
1291 943 1390 1010 τῆς
1419 941 1639 1012 ἀγάπης
1679 943 1776 996 τοῦ

195 1022 454 1092 Χριστοῦ,
490 1023 654 1077 πάλιν
704 1026 867 1089 αὑτὸς
895 1027 1205 1097 ὑπέφηνεν,
1259 1031 1464 1098 είπὼν,
1499 1033 1558 1086 τὸ
1592 1034 1778 1104 μεῖζον

196 1109 329 1165 εἶναι
392 1113 564 1183 μηδὲν
621 1117 721 1184 τῆς
773 1116 1026 1188 τοιαύτης
1073 1118 1335 1190 ἀγάπης,
1389 1123 1423 1192 ἢ
1469 1125 1563 1176 καὶ
1606 1127 1776 1197 αὑτὴν

197 1202 460 1273 προέσθαι
505 1203 605 1274 τὴν
644 1203 821 1274 ψυχὴν
854 1208 993 1277 ὑπὲρ
1031 1208 1140 1261 τῶν
1171 1212 1556 1281 ἀγαπωμένων
1589 1217 1777 1269 διακε-

195 1295 428 1350 λεύεται.
477 1295 574 1350 Ἐκ
629 1299 694 1369 δὴ
745 1300 951 1353 τούτων
1009 1302 1265 1356 ἁπάντων
1321 1308 1605 1377 μονονουχὶ
1663 1311 1776 1372 τοῖς

201 1389 345 1452 ίδίοις
367 1389 748 1444 διακελεύεται
786 1393 1076 1463 μαθηταῖς,
1107 1397 1188 1449 ὅτι
1219 1399 1488 1468 προσήκει
1523 1399 1777 1452 τοσοῦτον

199 1479 494 1548 ἀφεστάναι
521 1480 616 1533 τοῦ
646 1481 874 1535 δεδιέναι
913 1483 1087 1551 φιλεῖν
1134 1485 1259 1547 τοὺς
1291 1485 1432 1554 ὑπὲρ
1464 1486 1572 1539 τῶν
1609 1485 1778 1550 σωζο⁶

201 1571 371 1640 μένων
403 1571 647 1638 ἀγῶνας,
674 1573 770 1625 καί
800 1574 962 1628 αὑτὸν
993 1575 1318 1638 ἀοκνότατα,
1353 1577 1449 1629 καὶ
1488 1576 1607 1630 λίαν
1640 1577 1778 1630 ἐτοίο

204 1680 310 1734 μως
333 1662 479 1732 ἔχειν
511 1664 817 1735 ὑποστῆναι
861 1665 954 1720 τὸν
980 1669 1079 1736 τῆς
1112 1669 1314 1739 σαρκὸς
1341 1668 1592 1722 θάνατον.
1623 1668 1773 1721 Καθ-

203 1754 338 1807 ίκετο
388 1755 501 1825 γάρ
563 1757 655 1808 καὶ
709 1757 872 1828 μέχρι
925 1758 1077 1811 τοῦδε
1121 1759 1217 1812 τοῦ
1273 1760 1475 1830 μέτρου
1532 1761 1633 1829 τῆς
1679 1760 1773 1814 τοῦ

200 1845 436 1916 Σωτῆρος
485 1846 650 1916 ἡμῶν
710 1847 933 1919 ἀγάπης
985 1850 1018 1920 ή
1073 1849 1324 1918 δύναμις.
1379 1851 1452 1903 Τὸ
1500 1852 1556 1904 δὲ
1603 1852 1774 1906 ταῦτα

199 1938 366 2006 λέγειν
395 1939 588 2009 ἕτερον
639 1935 708 2011 ἦν
759 1940 993 2012 δρῶντος
1039 1943 1231 2005 οὐδὲν,
1275 1943 1308 2014 ἢ
1357 1943 1775 2013 παραθήσοντος

200 2029 320 2104 [ῑσ.
347 2031 811 2106 παραθήγοντος]
855 2033 956 2104 μὲν
988 2036 1068 2097 είς
1115 2035 1374 2105 ὑπερφυᾶ
1402 2052 1460 2087 τε
1497 2037 1591 2088 καί
1635 2037 1775 2100 ἐξαί-

203 2139 346 2192 ρετον
399 2124 653 2196 ἀνδρείαν
708 2126 833 2189 τοὺς
894 2125 1180 2196 μαθητάς,
1244 2126 1676 2190 διανιστάνοντος
1719 2127 1774 2180 δὲ

201 2215 311 2270 λίαν
338 2216 416 2278 είς
442 2217 828 2286 ἀκμαιοτάτην
861 2217 1236 2286 φιλαδελφίαν,
1279 2219 1373 2271 καὶ
1408 2218 1666 2289 φρόνημα
1710 2219 1773 2272 τὸ

205 2307 436 2360 νεανικὸν
474 2307 574 2360 καὶ
613 2308 861 2377 φιλόθεον
891 2307 1353 2378 ἑγχαλκεύοντος,
1394 2310 1488 2363 καὶ
1532 2311 1612 2372 είς
1642 2311 1776 2378 ἅμα·

205 2398 289 2470 χόν
315 2416 453 2462 τινα,
486 2401 586 2454 καὶ
619 2399 1063 2469 ἀκαταγώνιστον
1107 2401 1414 2472 ἐγείροντος
1443 2401 1772 2473 προθυμίαν,

207 2493 278 2554 είς
301 2492 361 2545 τὸ
393 2492 576 2546 πάντα
607 2492 906 2564 κατορθοῦν
937 2493 1252 2560 ἐπείγεσθαι
1279 2494 1496 2564 γοργῶς
1521 2493 1591 2546 τά
1623 2493 1774 2564 αὑτῷ

207 2583 609 2654 θυμηρέστατα.
644 2586 897 2639 Τοιοῦτον
929 2586 1061 2656 ἡμῖν
1083 2585 1272 2639 ἑαυτόν
1297 2585 1576 2638 ἐπεδείκνυ
1600 2584 1774 2654 λέγων

208 2675 234 2728 6
261 2675 458 2738 Παῦλος
489 2691 505 2707 ·
550 2695 568 2728 ι
620 2677 775 2747 Ἐμοὶ
834 2677 943 2748 γάρ
985 2679 1044 2730 τὸ
1087 2680 1186 2749 ζῇν
1221 2681 1498 2752 Χριστὸς,
1559 2680 1656 2732 καὶ
1713 2679 1775 2731 τὸ

207 2766 483 2820 ἀποθανεῖν
531 2768 740 2837 κέρδος.
779 2787 798 2818 ι
833 2770 943 2821 Καὶ¹
992 2770 1194 2823 πάλινο
1235 2791 1252 2822 ι
1302 2772 1366 2824 Ἦ
1421 2771 1530 2842 γὰρ
1577 2771 1774 2842 ἀγάπη

206 2857 290 2910 τοῦ
317 2856 556 2927 Χριστοῦ
586 2857 802 2928 συνέχει
837 2860 987 2928 ἡμᾶς
1030 2859 1322 2929 κρίναντας
1365 2860 1543 2922 τοῦτο,
1578 2860 1658 2914 ὅτι
1695 2854 1776 2922 εἷς

207 2947 336 3019 ὑπὲρ
362 2949 588 3002 πάντων
615 2949 888 3002 ἀπέθανεν
915 2967 927 2978 ’
958 2950 1064 3020 ἄρα
1098 2951 1148 3003 oi
1189 2951 1389 3014 πάντες
1426 2951 1717 3004 ἀπέθανον.
1749 2969 1767 3001 ι

207 3041 308 3094 Καὶ
339 3041 472 3112 πρὸς
502 3041 716 3106 τούτοις
755 3042 835 3097 ἔτι
863 3059 876 3072 ·
916 3062 934 3094 ι
979 3043 1074 3107 Τίς
1105 3045 1250 3114 ἡμᾶς
1289 3045 1513 3115 χωρίσει
1542 3044 1648 3098 ἀπὸ
1677 3044 1775 3113 τῆς

1881 595 1967 635 me
2001 581 2156 650 sequi
2197 584 2517 651 statuerint,
2581 583 2740 638 talem
2798 586 2942 640 inter
2997 602 3056 642 se
3106 588 3462 645 dilectionem

1877 687 2157 738 exercere,
2199 676 2414 740 qualem
2451 691 2554 746 ego
2597 677 2755 746 prius
2814 678 3037 732 exhibui
3094 687 3145 733 et
3205 679 3460 748 implevi.

1879 759 2096 825 Quanta
2127 779 2259 817 vero
2290 765 2455 834 887
2483 766 2556 820 sit
2585 767 2902 822 dilectionis
2930 768 3138 825 Christi
3177 785 3462 834 mensura,

1881 849 1997 918 ipse
2030 867 2229 907 rursus
2282 854 2640 922 significavit,
2691 856 2880 912 dicens
2931 858 3065 912 nihil
3113 875 3237 914 esse
3276 861 3462 929 majus

1877 958 1939 995 ea
1979 943 2279 998 dilectione
2315 961 2437 1015 quae
2478 947 2562 1001 vel
2605 948 2844 1002 animam
2890 949 3062 1017 ipsam
3115 966 3215 1020 pro
3269 952 3464 1008 amicis

1873 1032 2062 1101 jubeat
2096 1032 2452 1101 profundere.
2485 1035 2560 1089 Ex
2595 1036 2683 1092 his
2708 1039 2986 1104 omnibus,
3017 1040 3132 1093 suis
3165 1054 3462 1110 propemo-

1879 1123 2007 1177 dum
2047 1125 2271 1179 mandat
2317 1127 2608 1197 discipulis
2634 1145 2807 1198 usqne
2841 1130 2980 1184 adeo
3015 1147 3123 1184 non
3167 1148 3290 1186 esse
3343 1147 3463 1187 me-

1882 1217 2081 1271 tuenda
2114 1234 2212 1287 pro
2247 1220 2530 1275 salvandis
2567 1220 2883 1276 hominibus
2917 1224 3242 1286 certamina.
3289 1232 3347 1277 ut
3376 1225 3460 1279 vel

1878 1307 2053 1376 ipsam
2101 1311 2285 1365 carnis
2337 1320 2570 1365 mortem
2604 1321 2830 1367 strenue
2891 1322 2945 1368 et
2992 1314 3222 1385 impigre
3274 1315 3464 1370 subire

1875 1399 2270 1455 detrectemus.
2306 1400 2384 1454 Eo
2410 1403 2557 1456 enim
2601 1403 2910 1457 Salvatoris
2945 1407 3118 1458 nostri
3146 1407 3464 1459 dilectionis

1876 1488 1960 1544 vis
2010 1492 2280 1558 pervenit.
2332 1493 2444 1546 Iloc
2495 1501 2680 1547 autem
2729 1495 2948 1558 dicere,
3004 1495 3153 1549 aliud
3193 1496 3325 1549 nihil
3379 1507 3463 1551 est

1877 1597 2040 1650 quam
2078 1582 2146 1635 ad
2196 1586 2678 1652 supernaturalem
2735 1594 2792 1639 et
2832 1586 3092 1639 eximiam
3145 1587 3312 1640 animi
3351 1589 3462 1639 vir-

1877 1681 2047 1727 tutem
2080 1688 2143 1727 ac
2197 1675 2501 1729 maximum
2561 1675 2796 1730 fratrum
2853 1691 3097 1728 amorem
3154 1675 3464 1770 discipu‘los

1875 1765 2148 1832 excitare,
2201 1765 2256 1819 in
2308 1767 2500 1836 eisque
2547 1783 2874 1838 generosum
2910 1783 2973 1821 ac
3015 1767 3162 1837 pium
3218 1765 3461 1822 animum

1877 1855 2103 1919 cudere,
2132 1865 2185 1910 et
2219 1855 2287 1909 ad
2359 1856 2628 1911 invictum
2687 1873 2752 1912 ac
2800 1856 3170 1926 insuperabile
3218 1855 3462 1911 studium

1877 1949 2111 2018 erigere,
2150 1949 2217 2003 ad
2255 1952 2440 2004 omnia
2482 1959 2734 2020 prompte
2779 1950 3086 2019 praestanda
3117 1963 3464 2020 quacunque

1878 2041 1927 2095 ei
1961 2041 2295 2110 placuerint.
2332 2041 2519 2096 Talem
2567 2058 2627 2098 se
2681 2042 2846 2097 nobis
2889 2040 3096 2095 Paulus
3140 2041 3460 2106 exhibebat,

1876 2130 2066 2187 dicens
2099 2145 2114 2184 :
2165 2151 2182 2184 ι
2213 2131 2349 2186 Mihi
2382 2133 2530 2188 enim
2560 2133 2744 2188 vivere
2786 2132 3042 2188 Christus
3076 2141 3184 2195 est,
3219 2143 3274 2188 ει
3319 2132 3461 2186 mori

1877 2224 2096 2279 lucrum
2126 2225 2204 2291 ";
2247 2243 2266 2276 ›
2309 2233 2362 2280 ει
2397 2241 2640 2283 rursus:
2695 2243 2714 2278 ι
2755 2225 3012 2281 Charitas
3063 2224 3209 2279 enim
3247 2223 3456 2277 Christi

1877 2322 2036 2384 urget
2064 2329 2190 2377 nos,
2219 2315 2562 2370 aestimantes
2603 2316 2732 2379 hoc,
2770 2316 3055 2385 quoniam,
3097 2314 3141 2368 si
3185 2327 3330 2367 unus
3361 2327 3462 2381 pro

1877 2404 2135 2459 omnibus
2168 2412 2425 2458 mortuus
2449 2412 2555 2470 est,
2587 2419 2722 2473 ergo
2748 2419 2942 2458 omnes
2968 2404 3172 2457 mortui
3198 2409 3328 2456 sunt
3354 2402 3455 2457 δ’.»

1876 2492 2144 2549 Praeterea
2181 2512 2196 2548 :
2245 2513 2263 2546 ι
2314 2493 2454 2561 Quis
2486 2510 2588 2550 nos
2625 2495 2906 2566 separabit
2933 2511 2960 2548 a
2996 2495 3271 2550 eharitate
3297 2493 3462 2549 Obvi-

1877 2585 1984 2640 sti?
2019 2584 2355 2651 Tribulatio,
2387 2601 2458 2639 an
2497 2587 2776 2655 angustia,
2811 2601 2878 2640 an
2917 2585 3164 2651 nuditas,
3209 2599 3276 2638 an
3310 2587 3459 2654 peri-

1876 2676 2099 2739 culum,
2153 2691 2220 2729 an
2269 2676 2487 2745 gladius
2532 2677 2618 2729 “'3
2663 2694 2682 2728 ι
2739 2676 2914 2730 Audis
2965 2691 3076 2746 quo
3129 2685 3296 2745 pacto
3325 2673 3460 2727 nihil

1876 2780 1972 2820 eos
2004 2779 2034 2817 a
2066 2765 2276 2821 Christi
2317 2764 2614 2819 dilectione
2638 2765 2815 2835 possit
2851 2763 3142 2833 seiungere
3169 2763 3192 2816 ἲ
3221 2762 3374 2828 Quod
3412 2761 3460 2814 si

1878 2872 2074 2928 greges
2106 2867 2158 2912 et
2191 2872 2362 2928 agnos
2399 2857 2610 2912 Christi
2645 2871 2890 2925 pascere,
2926 2862 3011 2910 est
3043 2855 3221 2924 ipsum
3249 2867 3459 2914 amare,

1879 2951 2157 3019 quomodo
2185 2950 2704 3006 manifestissimum
2747 2965 2854 3004 non
2899 2950 3007 3003 erit
3038 2956 3216 3001 morte
3244 2953 3292 2999 et
3333 2961 3458 3014 per-

1879 3040 2264 3095 secutiouibus
2301 3040 2645 3109 superiorem
2680 3038 2820 3101 fore,
2858 3052 3053 3092 omnes
3080 3035 3320 3103 denique
3350 3049 3463 3086 an-

207 3133 414 3205 ἀγάπης
456 3135 558 3188 τοῦ
611 3135 882 3207 Χριστοῦ;
933 3134 1166 3204 Θλίψις,
1225 3136 1257 3206 ἢ
1310 3136 1684 3206 στενοχωρία,
1735 3135 1766 3206 ἢ

1877 3133 2088 3201 gustius
2137 3147 2239 3200 pro
2278 3132 2454 3185 nihilo
2505 3130 2814 3184 habiturum
2856 3145 2980 3184 eum
3028 3129 3119 3198 qui
3161 3129 3461 3184 salutarem

206 3219 389 3294 λιμὸς,
438 3223 470 3293 ἢ
533 3225 842 3295 γυμνότης,
895 3224 928 3295 ἢ
991 3224 1270 3290 κίνδυνος,
1332 3225 1364 3295 ἢ
1419 3226 1704 3296 μάχαιρα;
1750 3245 1767 3276 ι

219 3312 485 3379 Ἀκούεις,
544 3314 694 3377 ὅπως
740 3314 894 3368 οὐδὲν
939 3313 1076 3376 ὅλως
1127 3313 1269 3378 ἕξειν
1306 3314 1366 3366 τὸ
1416 3315 1772 3368 ἀντιστατοῦν

209 3401 635 3473 δπαγγέλλεται,
697 3406 865 3475 ἧγουν
920 3405 1235 3458 διακόπτειν
1297 3405 1478 3476 ἰσχύον
1532 3407 1634 3474 τῆς
1692 3407 1772 3468 εἰς

208 3497 427 3566 Χριστὸν
470 3497 700 3568 ἀγάπης
747 3495 982 3562 αὑτούς;
1037 3498 1099 3550 El
1147 3497 1204 3550 δὲ
1248 3497 1309 3549 τὸ
1365 3495 1674 3566 ποιμαίνειν
1707 3496 1775 3550 τὰ

213 3589 422 3659 ποίμνια
455 3591 559 3643 καὶ
618 3590 680 3643 τὸ
739 3590 958 3659 βόσκειν
1021 3590 1090 3642 τά
1139 3590 1302 3660 ἀρνία
1359 3590 1454 3642 τοῦ
1512 3589 1774 3660 Χριστοῦ,

211 3680 353 3734 τοῦτο
377 3682 440 3736 ἂν
472 3681 565 3751 εἴη
605 3682 665 3736 τὸ
693 3684 914 3752 ἀγαπᾷν
959 3682 1140 3746 αὑτὸν,
1176 3681 1296 3744 πῶς
1325 3681 1424 3734 οὑκ
1459 3681 1612 3733 ἔσται
1648 3697 1778 3750 προ-

213 3771 510 3844 δηλότατον,
561 3775 643 3828 ὅτι
683 3775 777 3829 καὶ
815 3775 1048 3828 θανάτου
1085 3773 1351 3846 κρείττων
1388 3774 1593 3839 ἔσεται,
1621 3773 1774 3843 φησι,

213 3866 448 3936 διωγμῶν
498 3883 564 3919 τε
611 3866 706 3919 καὶ
755 3867 1030 3936 μαχαίρας
1092 3865 1373 3935 ἀμείνων,
1432 3866 1690 3936 ἀλογήσει
1721 3865 1777 3917 δὲ

215 3956 474 4019 παντελῶς
505 3956 603 4009 καὶ
631 3957 994 4026 στενοχωρίας
1035 3957 1063 4008 6
1101 3956 1190 4007 τὸν
1227 3954 1494 4025 σωτήριον
1526 3959 1639 4018 τοῖς
1677 3956 1778 4008 οὑκ

214 4045 361 4098 είδόσι
398 4046 533 4099 Θεὸν
570 4045 951 4117 διακηρύττων
984 4045 1174 4112 λόγον;
1210 4047 1272 4099 Εἰ
1310 4046 1367 4098 δὲ
1411 4045 1474 4115 δὴ
1513 4047 1777 4116 προσήκοι

212 4132 288 4190 διὰ
306 4137 398 4206 τὴν
421 4135 520 4190 τοῦ
559 4137 832 4207 νοήματος
875 4135 1184 4206 συστροφὴν
1207 4175 1219 4197 ,
1271 4136 1362 4188 τὸν
1405 4134 1497 4188 τοῦ
1528 4135 1780 4204 Σωτῆρος

215 4227 625 4294 συνενεγκόντας
673 4227 865 4294 λόγον,
924 4227 1464 4296 κεφαλαιωδέστερον
1519 4228 1695 4278 εἰπεῖν
1751 4225 1780 4278 ὃ

217 4313 444 4384 βούλεται
489 4319 626 4389 δρᾷν
666 4318 792 4380 τοὺς
826 4316 1021 4370 ἑαυτοῦ
1059 4315 1326 4386 μαθητὰς,
1362 4316 1689 4370 ἀοκνότατόν
1720 4333 1776 4369 τε

214 4407 298 4460 καὶ
322 4409 522 4470 παντὸς
552 4406 656 4472 ἔξω
695 4407 988 4477 δείματος,
1027 4405 1119 4458 τὸν
1165 4408 1365 4459 οίκεῖον
1411 4406 1777 4471 διασώζοντας

1874 3222 2181 3277 doctrinam
2209 3221 2378 3277 Deum
2412 3223 2800 3292 ignorantibus
2821 3221 3119 3292 przedicat?
3141 3219 3194 3274 In
3221 3234 3465 3282 summa,

1878 3314 2140 3368 Servator
2169 3313 2256 3368 his
2290 3314 2478 3369 verbis
2533 3330 2664 3369 suos
2703 3313 3010 3383 discipulos
3056 3311 3214 3381 jubet
3263 3312 3464 3366 incun-

1875 3416 2091 3461 ctanter
2125 3415 2178 3461 et
2231 3407 2504 3477 intrepide
2544 3408 2666 3460 fidei
2724 3405 3034 3460 doctrinam
3089 3405 3459 3467 snnctilicare,

1875 3504 1930 3552 et
1961 3495 2220 3550 omnibus
2246 3512 2343 3565 per
2388 3496 2710 3551 universum
2746 3495 2936 3550 orbem
2977 3494 3299 3548 hominibus
3341 3507 3460 3547 ma-

1877 3585 2145 3642 nifestare
2209 3586 2591 3657 Evangelium.
2666 3585 2911 3654 ldipsum
2991 3593 3176 3638 autem
3233 3583 3309 3636 ait
3366 3598 3462 3651 per

1881 3679 2035 3733 lsaiaa
2073 3693 2260 3732 vocem
2292 3697 2305 3730 :
2345 3697 2361 3729 ι
2402 3675 2580 3747 Super
2615 3687 2858 3730 montem
2885 3677 3166 3730 excelsum
3197 3675 3456 3734 ascende,

1878 3771 1970 3839 qui
2012 3769 2358 3840 evangelizas
2391 3769 2559 3836 Sion;
2591 3769 2770 3822 exalta
2809 3768 2864 3820 in
2912 3765 3236 3821 fortitudine
3270 3780 3461 3819 vocem

1880 3871 2054 3926 tuam,
2091 3862 2186 3929 qui
2215 3861 2574 3930 evangelizas
2613 3859 2918 3914 Jerusalem
2949 3877 2964 3925 ;
2997 3858 3256 3922 exaltate,
3293 3856 3464 3911 nolite

1879 3955 2165 4009 timere“.
2191 3972 2208 4004 ι
2233 3952 2391 4018 Quod
2422 3960 2480 4006 ut
2509 3951 2690 4006 facere
2719 3959 2947 4021 possent
2979 3951 3153 4006 sancti
3176 3950 3460 4018 discipuli,

1881 4046 2226 4101 inveniemus
2273 4061 2372 4100 cos
2426 4044 2911 4099 vehementissima
2967 4042 3220 4097 oratione
3268 4057 3297 4095 a
3349 4040 3464 4097 Deo

1881 4148 2084 4209 petere,
2137 4152 2262 4192 cum
2303 4135 2617 4191 Iudaeorum
2677 4135 2919 4190 furorem
2972 4143 3028 4188 et
3080 4133 3461 4204 intemperiem

1881 4235 2210 4283 accusantes
2241 4227 2504 4281 dicebant
2542 4245 2556 4280 :
2593 4245 2613 4278 ι
2645 4224 2709 4278 Et
2740 4240 2911 4290 nunc,
2954 4223 3207 4286 Domine,
3247 4224 3462 4294 respice

1881 4318 1936 4372 itt
1971 4319 2148 4372 minas
2172 4333 2388 4380 eorum,
2412 4325 2468 4370 et
2493 4317 2560 4371 da
2598 4317 2776 4370 servis
2804 4315 2914 4369 tuis
2943 4330 3068 4368 cum
3109 4314 3280 4384 888
3310 4313 3461 4367 omni

1882 4408 2079 4463 fiducia
2113 4409 2263 4477 loqui
2297 4408 2524 4462 verbum
2557 4417 2711 4461 tuum
2739 4406 2806 4460 ⁸².
2849 4424 2867 4457 ι
2915 4404 3074 4460 Multi
3121 4407 3268 4459 enim
3299 4419 3462 4473 pror-

213 4497 345 4561 νοῦν,
370 4499 458 4552 τὸν
483 4500 586 4569 τῆς
613 4501 692 4562 εις
720 4499 883 4552 αὑτὸν
910 4498 1144 4561 πίστεως
1175 4499 1528 4570 ίερουργῆσαι
1564 4498 1774 4552 κελεύει

1881 4518 1978 4557 sus
2029 4501 2397 4556 adversantur
2447 4500 2516 4556 iis
2569 4500 2661 4570 qui
2709 4500 3059 4554 sanetilicant
3099 4498 3460 4567 Evangelium

215 4586 374 4655 λόγον,
404 4591 498 4643 καὶ
525 4593 636 4653 τοῖς
665 4591 767 4642 ἀνά
806 4591 986 4642 πᾶσαν
1033 4587 1131 4659 τὴν
1173 4590 1498 4659 οἰκουμένην
1529 4589 1776 4660 ἐμφανὲς

216 4681 540 4749 καταστῆσαι
583 4681 641 4732 τὸ
685 4680 1034 4747 Εὑαγγὲλιον.
1083 4678 1226 4732 Αὐτὸ
1250 4679 1303 4730 δὲ
1335 4679 1524 4741 τοῦτο,
1566 4680 1661 4732 καὶ
1689 4678 1777 4732 διά

216 4774 382 4841 φωνῆς
417 4773 646 4824 Ἥσαῖου
675 4772 838 4840 φησίν
862 4788 873 4801 ·
903 4790 920 4823 ι
973 4772 1089 4826 Ἐπ’
1113 4771 1239 4842 ὅρος
1282 4771 1484 4842 ὑψηλὸν
1517 4772 1773 4842 ἀνάϐηθι,

214 4858 240 4911 6
262 4858 738 4930 εὐαγγελιζόμενος
767 4859 904 4914 Σιών
926 4877 939 4891 ·
987 4859 1205 4930 ὑψωσον
1235 4863 1302 4932 τῇ
1348 4861 1490 4931 ἰσχύϊ
1523 4861 1621 4932 τὴν
1665 4880 1777 4931 φω-

214 4949 301 5020 νήν
339 4967 450 5014 σου,
476 4954 506 5005 ὁ
535 4951 1022 5021 εὐαγγελιζόμενος
1056 4952 1415 5023 Ἰερουσαλήμ
1437 4968 1449 4980 ·
1488 4952 1769 5023 ἰσχύσατε,

219 5039 284 5111 μὴ
310 5042 577 5110 φοϐεῖσθε.
628 5063 647 5096 ι
689 5046 756 5098 Ὃ
803 5045 898 5098 καὶ
929 5044 1185 5098 δύνασθαι
1227 5044 1574 5108 ἐξαιτοῦντας
1625 5046 1776 5118 παρά

181 5130 338 5196 18εοῦ
382 5137 681 5208 κατορθοῦν
719 5138 784 5191 δι’
834 5139 1226 5204 ὲκτενεστάτης
1281 5140 1590 5210 προσευχῆς
1617 5179 1631 5202 ,
1681 5140 1776 5193 καὶ

215 5224 397 5289 αὐτοὺς
448 5229 753 5298 εὑρήσομεν
809 5231 934 5292 τοὺς
971 5230 1160 5296 ἁγίους
1207 5228 1484 5300 μαθητάς,
1534 5231 1622 5284 ὅτε
1675 5232 1773 5301 τῆς

226 5315 476 5372 Ἰουδαίων
494 5320 926 5390 κατηγοροῦντες
943 5322 1202 5384 ἀπονοίας
1229 5321 1485 5390 ἔφασκον·
1519 5342 1535 5372 ι
1565 5322 1674 5375 Καὶ
1699 5323 1769 5376 τά

217 5402 320 5466 νῦν,
349 5407 517 5477 Κύριε
538 5451 552 5472 ,
587 5408 736 5460 ἔπιδε
783 5409 874 5461 ἐπὶ
920 5409 1016 5471 τὰς
1045 5409 1276 5473 ἀπειλὰς
1312 5409 1512 5472 αὑτῶν,
1557 5411 1650 5464 καὶ
1683 5411 1770 5475 δὸς

217 5498 315 5560 τοῖς
341 5499 542 5564 δούλοις
585 5518 677 5554 σου
715 5501 849 5570 μετὰ
890 5501 1204 5574 παρρησίας
1251 5501 1435 5556 λαλεῖν
1480 5501 1570 5555 τὸν
1609 5503 1767 5573 λόγον

218 5601 320 5639 σου.
359 5607 376 5639 ›
418 5589 892 5660 Ὀμολογουμένως
923 5590 1020 5660 μὲν
1057 5591 1166 5662 γάρ
1191 5594 1299 5655 τοῖς
1330 5593 1679 5664 ίερουργοῦσι
1709 5595 1767 5648 τὸ

283 5701 326 5773 '3
345 5700 570 5773 Philipp.
607 5721 646 5766 ι,
680 5704 769 5758 et.
864 5705 909 5736 ιο
934 5703 970 5756 ιι
1003 5705 1128 5761 Cor.
1166 5722 1215 5771 v,
1263 5705 1343 5761 ι-ι.

225 5768 274 5834 2,
300 5770 348 5824 5.
444 5768 706 5846 “Ἐρὶιεε.
743 5792 802 5844 ιι,
841 5776 926 5832 ιε.

1436 5709 1477 5738 θ’*
1507 5707 1666 5766 Rom.
1703 5729 1824 5781 vin,
1864 5716 1947 5771 33.

1873 4592 2117 4657 Christi,
2168 4593 2439 4662 multique
2494 4593 2873 4662 obstrepunt:
2937 4590 3033 4646 sed
3095 4591 3224 4644 licet
3279 4589 3465 4659 gravis

1876 4693 2058 4739 metus
2093 4683 2337 4754 ingruat,
2377 4693 2432 4738 et
2467 4684 2798 4738 insidiarum
2845 4681 3325 4738 vehementissimi
3359 4679 3460 4734 llu-

1874 4779 2001 4825 ctus
2039 4772 2358 4842 insurgant,
2391 4772 2660 4841 supplicia
2700 4778 2888 4825 tamen
2919 4785 3031 4825 non
3072 4769 3461 4824 detrectabunt

1873 4877 2002 4917 vere
2042 4861 2339 4932 discipuli,
2391 4863 2568 4918 donec
2616 4861 2681 4916 ad
2723 4862 2932 4916 exitum
2980 4861 3300 4917 dilectionis
3344 4878 3460 4918 suae

1872 4969 2037 5025 opera
2096 4953 2488 5024 perduxerint,
2556 4951 2912 5017 dilectionis,
2981 4952 3231 5022 inquam,
3289 4952 3456 5018 talis,

1873 5047 2094 5117 qualem
2130 5046 2292 5101 nobis
2321 5046 2579 5100 Servator
2612 5044 2882 5110 exhibuit,
2915 5045 3007 5115 qui
3044 5045 3162 5098 loco
3187 5045 3458 5115 propositi

1875 5140 1977 5194 sibi
2024 5139 2211 5210 gaudii
2267 5153 2488 5193 erucem
2535 5136 2824 5202 sustinuit,
2870 5136 3176 5207 ignominia
3206 5145 3457 5192 contem-

1877 5240 1987 5298 pta,
2021 5239 2077 5282 ut
2126 5229 2512 5299 peccatoribus
2567 5229 2806 5284 salutem
2860 5230 3151 5300 perﬁceret
3185 5231 3249 5284 ⁸³.
3279 5230 3454 5298 ,Quod

1879 5327 1924 5381 si
1953 5340 2052 5395 pro
2092 5326 2256 5380 nobis
2281 5325 2392 5395 pati
2423 5325 2716 5390 noluisset,
2743 5326 2946 5380 mortui
2983 5325 3163 5379 adhuc
3180 5340 3452 5383 essemus.

1879 5417 2082 5472 diaboli
2138 5417 2363 5480 famuli,
2407 5418 2565 5472 stulti
2612 5433 2675 5472 ac
2710 5418 2865 5484 caeci,
2911 5427 3078 5488 atque
3122 5418 3272 5472 omni
3306 5417 3454 5472 bono

1879 5508 2163 5572 destituti,
2196 5508 2344 5564 servi
2393 5508 2691 5579 voluptatis
2725 5517 2777 5563 et
2827 5510 3083 5580 peccati,
3134 5522 3289 5577 spem
3343 5521 3451 5559 non

1879 5601 2164 5666 habentes,
2202 5608 2255 5656 et
2296 5600 2414 5656 sine
2449 5601 2559 5656 Deo
2594 5602 2648 5656 in
2685 5601 2786 5656 hoc
2817 5600 3026 5656 mundo
3066 5600 3130 5653 ".
3161 5597 3317 5652 Nunc
3354 5611 3446 5650 aut

2545 5718 2587 5746 "
2622 5716 2742 5770 Act.
2777 5732 2848 5781 tv,
2878 5716 2968 5771 ει).
3077 5715 3122 5746 ⁸³
3147 5711 3312 5768 Hebr.
3349 5725 3452 5775 an,

2047 5716 2088 5748 δι
2111 5713 2194 5770 lsa
2248 5731 2337 5780 XL,
2369 5716 2424 5770 9.
