4056 6494
560 371 671 427 583

1604 364 1662 421 S.
1692 363 1970 425 CYRILLI
2007 363 2478 425 ALEXANDRINI
2518 361 2844 428 ARCH'IEP.

3710 384 3801 442 384

562 496 671 542 tem
703 484 867 541 etiam
898 484 1072 554 ipsam
1119 499 1218 554 pro
1250 476 1409 539 nobis
1440 485 1677 538 animam
1723 499 1824 554 pro
1870 500 1970 541 sua
2009 490 2137 556 erga

2262 489 2579 557 Ξύαγγέλιον
2619 489 2715 543 τοῦ
2751 490 3024 561 Χριστοῦ,
3070 490 3254 546 πολλοὶ
3303 493 3423 547 λίαν
3474 495 3523 550 οί
3565 494 3800 554 ἀνθιστά-

561 594 669 635 nos
700 578 1001 633 dilectione
1029 576 1292 633 Servator
1324 578 1529 647 posuit,
1571 584 1625 632 et
1650 576 2140 647 incomparabilem

560 670 856 739 quamdam
911 669 1213 724 bonitatem
1263 685 1391 737 erga
1456 684 1557 723 nos
1603 668 1910 731 exhibens,
1952 669 2143 725 beatos

563 762 820 827 reddidit,
853 779 918 818 ac
949 771 1032 818 ter
1065 763 1274 827 felices,
1304 763 1510 817 nullius
1537 763 1699 832 plane
1727 762 1855 817 boni
1896 763 2137 834 indigos.

562 854 772 909 Textus
796 856 981 924 itaque
1010 854 1277 923 propositi
1307 868 1506 909 sensus
1539 854 1699 923 juxta
1731 856 1877 909 hunc
1913 869 2141 926 scopum

562 946 770 999 divinis
808 945 1207 1014 discipulorum
1257 944 1535 1014 capitibus
1579 946 1857 1000 convenit.
1905 944 2062 1011 Quod
2098 947 2142 1000 si

564 1036 628 1088 ad
658 1037 797 1089 alios
828 1050 1018 1089 omnes
1040 1035 1251 1089 dictum
1280 1034 1415 1089 illud
1454 1037 1807 1098 extendatur,
1836 1037 2097 1093 nimirum
2127 1056 2140 1093 :

571 1146 589 1179 ι
631 1128 743 1182 lloc
775 1137 858 1183 est
897 1136 1228 1198 praaceptum
1258 1142 1439 1183 meum
1471 1137 1531 1182 ut
1577 1130 1825 1198 diligatis
1862 1131 2099 1186 invicem
2122 1171 2137 1195 ,

564 1223 708 1275 sicut
746 1222 907 1275 dilexi
944 1236 1045 1275 vos
1083 1221 1166 1285 “,
1219 1234 1239 1271 ι
1296 1221 1528 1273 multum
1582 1222 1837 1276 utilitatis
1889 1223 2145 1278 omnibus

564 1312 845 1380 continget
877 1325 943 1364 ex
985 1310 1135 1363 illius
1173 1308 1451 1378 indagine.
1487 1308 1622 1363 Nam
1665 1311 1711 1365 si
1745 1313 1992 1365 omnium
2023 1312 2147 1365 δει-

566 1402 773 1457 νοιοινίε
807 1401 978 1456 nostri
1012 1400 1398 1455 mandatorum
1442 1403 1971 1457 consummationem
2005 1418 2144 1457 con-

567 1495 704 1547 tinet
741 1508 806 1548 ac
837 1502 1104 1563 operatur
1148 1492 1381 1547 fratrum
1428 1494 1674 1559 dilectio,
1725 1496 2005 1565 quomodo
2036 1512 2145 1550 non

566 1584 723 1639 valde
752 1585 1037 1638 mirandus
1068 1593 1153 1639 est
1198 1585 1295 1651 qui
1338 1585 1477 1639 hanc
1505 1586 1720 1640 sincere
1764 1595 1817 1640 et
1867 1586 2148 1656 inculpate

566 1676 729 1765 colit,
751 1690 873 1729 cum
902 1676 1166 1738 omnium,
1195 1683 1254 1727 ut
1282 1676 1450 1729 semel
1472 1675 1671 1739 dicam,
1693 1677 1958 1731 virtutum
1984 1685 2149 1748 caput

569 1766 625 1821 in
660 1781 724 1821 ea
758 1768 1146 1820 contineatur?
1184 1766 1436 1820 Secunda
1478 1768 1622 1822 enim
1658 1777 1743 1823 est
1779 1781 1900 1839 post
1939 1769 2034 1825 Dei
2066 1771 2150 1825 di-

2249 596 2433 649 μενοι,
2483 582 2580 634 καὶ
2637 580 2918 647 δυσσεϐῶς
2986 582 3394 655 ἐπιτρίζοντες·
3450 586 3565 640 ἀλλ’
3620 590 3668 641 εί
3720 595 3800 645 καὶ

2244 671 2438 741 δριμὺς
2470 674 2499 725 6
2528 670 2722 742 φόδος,
2756 675 2850 728 καὶ
2882 673 3165 729 δεινότατα
3199 676 3270 728 τὰ
3307 675 3371 729 ἐκ
3399 677 3499 747 τῆς
3530 678 3805 751 ἐπιϐουλῆς

2244 763 2581 817 διανίσταται
2611 766 2853 836 κύματα,
2889 767 3049 836 λόγος
3076 767 3172 821 τοῦ
3202 767 3400 821 παθεῖν
3438 769 3643 835 οὐδεὶς,
3674 775 3807 843 παρά

2245 869 2309 919 γε
2352 855 2465 917 τοῖς
2502 856 2719 926 ἀληθῶς
2755 859 3025 927 μαθηταῖς
3048 900 3062 924 ,
3118 858 3228 912 ἐστ’
3257 859 3324 912 ἂν
3354 858 3438 930 εἴη
3484 859 3624 931 πρὸς
3666 860 3806 931 ἔργον

2248 946 2432 1010 αὐτοῖς
2466 946 2537 1001 τὰ
2582 949 2646 1001 ἐκ
2674 949 2772 1018 τῆς
2810 949 3030 1020 ἀγάπης
3057 951 3482 1022 κατορθώματα,
3518 952 3734 1022 ἀγάπης
3757 955 3806 1007 δέ

2248 1055 2390 1108 φημι
2420 1039 2520 1108 τῆς
2551 1039 2807 1111 τοιαύτης
2826 1083 2839 1103 ,
2891 1043 3083 1097 ὁποίαν
3132 1044 3271 1113 πρὸς
3312 1046 3463 1115 ἡμᾶς
3492 1044 3765 1110 ὑπέδειξεν
3785 1048 3810 1098 6

2248 1129 2473 1200 Σωτὴρ,
2516 1129 2575 1193 ὃς
2617 1132 2737 1186 ἀντὶ
2780 1134 2879 1203 τῆς
2912 1134 3280 1205 προκειμένης
3318 1134 3467 1204 αύτῷ
3520 1135 3697 1204 χαρᾶς
3722 1136 3811 1188 ὑπ-

2249 1221 2433 1290 έμεινε
2463 1222 2697 1293 σταυρὸν
2716 1264 2731 1286 ,
2761 1224 3025 1293 αἰσχύνης
3073 1226 3498 1296 καταφρονήσας
3522 1268 3537 1291 ,
3585 1224 3675 1278 ἵνα
3716 1228 3811 1289 τοῖς

2250 1311 2596 1381 ἡμαρτηκόσι
2645 1311 2968 1384 κατορθώσῃ
3018 1311 3117 1383 τὴν
3176 1313 3470 1382 σωτηρίαν.
3531 1312 3596 1363 Εί
3646 1311 3699 1363 δέ
3748 1312 3810 1381 μή

2249 1401 2445 1455 παθεῖν
2487 1401 2752 1471 ἠθέλησεν
2802 1402 2944 1474 ὑπὲρ
2991 1402 3172 1472 ἡμῶν,
3207 1398 3351 1473 ἦμεν
3388 1401 3455 1455 ἀν
3484 1401 3568 1454 ἔτι
3625 1402 3811 1471 νεκροὶ,

2248 1494 2457 1547 οἰκέται
2492 1493 2741 1546 διαὸόλου
2766 1533 2781 1560 ,
2837 1494 3012 1565 μωροὶ
3034 1535 3051 1559 ,
3101 1494 3195 1547 καὶ
3224 1493 3448 1562 τυφλοὶ,
3486 1494 3587 1547 καὶ
3631 1494 3813 1556 παντὸς

2253 1587 2507 1655 μένοντες
2530 1585 2759 1649 ἐπιδεεῖς
2780 1585 3011 1654 ἀγαθοῦ,
3035 1586 3231 1656 ἡδονῆς
3256 1586 3313 1638 δὲ
3336 1585 3515 1638 δοῦλοι
3537 1586 3636 1639 καὶ
3660 1586 3816 1655 ἀμαρ-

2250 1678 2391 1741 τίας,
2421 1677 2610 1729 ἐλπίδα
2644 1677 2719 1747 μὴ
2747 1677 2985 1747 ἔχοντες,
3026 1677 3124 1730 καὶ
3172 1674 3323 1729 ἄθεοι
3372 1677 3431 1729 ἐν
3478 1666 3562 1746 τῷ
3614 1676 3809 1745 κόσμῳ.

2253 1766 2390 1819 Νυνὶ
2418 1766 2474 1818 δὲ
2505 1768 2597 1819 καὶ
2630 1766 2802 1836 αὐτὴν
2835 1767 2976 1837 ὑπὲρ
3008 1765 3167 1837 ήμῶν
3192 1766 3405 1819 τέθεικε
3432 1764 3534 1836 τὴν
3564 1764 3740 1835 ψυχήν
3764 1765 3812 1828 ἐξ

570 1854 885 1916 lectionem,
910 1856 962 1909 in
998 1855 1198 1910 fratres
1228 1856 1495 1921 cliaritas,
1526 1865 1579 1911 et
1609 1838 1791 1912 omnis
1820 1873 1947 1928 erga
1976 1858 2141 1913 Deum

2262 1858 2471 1928 Ξιγάπης
2494 1857 2592 1925 τῆς
2616 1858 2695 1919 είς
2732 1858 2884 1926 ἡμᾶς
2916 1860 2944 1910 6
2969 1857 3182 1928 Σωτὴρ,
3210 1858 3303 1911 καὶ
3345 1857 3682 1927 ἀσύγκριτόν
3708 1873 3812 1909 τινα

570 1946 791 2015 pietatis
825 1948 905 2002 vis
946 1947 1047 2001 hoc
1089 1962 1197 2000 uno
1227 1948 1397 2001 verbo
1441 1948 1851 2017 quodammodo
1895 1966 2143 2020 compre-

570 2033 873 2091 henditur:
913 2056 932 2089 ι
986 2035 1190 2106 Diliges
1246 2038 1559 2106 proximum
1614 2045 1770 2092 tuum
1821 2040 1966 2094 sicut
2002 2042 2143 2110 teip~

570 2141 693 2183 sum
716 2128 781 2182 “.
822 2142 843 2180 ι

2250 1950 2349 2019 τὴν
2408 1948 2819 2020 φιλανθρωπίαν
2879 1950 3316 2019 ἐπιδειξάμενος,
3394 1950 3675 2019 ζηλωτοὺς
3726 1949 3813 2000 ἀπ-

2253 2043 2440 2111 έφηνε,
2470 2043 2561 2095 καὶ
2587 2041 3041 2112 τρισμακαρίους,
3088 2042 3301 2105 οὐδενὸς
3329 2042 3390 2094 τὸ
3430 2042 3697 2112 παράπαν
3722 2038 3813 2091 τῶν

2256 2132 2480 2199 ἀγαθῶν
2515 2133 2769 2195 ἐπιδεεῖς.
2812 2132 3071 2203 Ἀρμόσει
3110 2134 3208 2202 μὲν
3249 2128 3343 2187 οὗν
3387 2133 3497 2186 τῶν
3538 2131 3816 2201 προκειμέο

568 2220 735 2290 νωνή
767 2218 1017 2290 δύναμις,
1047 2218 1187 2273 κατὰ
1216 2217 1405 2272 τοῦτον
1443 2213 1599 2289 οἶμαι
1647 2220 1739 2271 τὸν
1784 2220 1984 2272 σκοπὸν
2030 2224 2150 2286 ταῖς
2187 2220 2568 2286 θεοπνεύστοις
2600 2222 2708 2277 τῶν
2759 2222 3020 2294 μαθητῶν
3057 2224 3340 2292 κεφαλαῖς.
3385 2223 3447 2276 El
3488 2222 3550 2274 δὲ
3616 2220 3680 2291 δὴ
3739 2218 3817 2272 καὶ

570 2313 652 2374 είς
680 2311 920 2372 ἅπαντας
958 2308 1089 2373 ἐξίοι
1126 2309 1187 2362 τὸ
1220 2309 1529 2378 εἰρημένον,
1568 2308 1712 2361 τοῦτ’
1735 2308 1900 2375 ἔστιν,
1940 2327 1958 2359 ι
1992 2309 2139 2380 Αὕτη
2178 2310 2328 2362 ἐστὶν
2354 2310 2387 2380 ἡ
2413 2311 2598 2381 ἐντολὴ
2628 2313 2662 2382 ἡ
2694 2312 2822 2383 ἐμὴ,
2860 2313 2947 2366 ἴνα
3005 2313 3259 2379 ἀγαπᾶτε
3326 2310 3620 2381 ἀλλήλους,
3658 2306 3818 2367 καθὼς

569 2401 832 2475 ἠγάπησα
862 2402 1040 2473 ὑμᾶς’
1074 2420 1091 2451 i
1131 2400 1265 2453 πολύ
1338 2419 1390 2455 τι
1433 2403 1547 2464 τοῖς
1600 2401 1743 2462 ὅλοις
1787 2400 2066 2462 λυσιτελὲς
2135 2400 2223 2453 διὰ
2260 2402 2359 2470 τῆς
2392 2404 2623 2474 ἐρεύνης
2666 2405 3001 2476 είσ6ήσεται.
3050 2406 3113 2459 El
3166 2403 3273 2475 γὰρ
3324 2402 3552 2470 ἀπάσης
3597 2398 3696 2469 τῆς
3736 2395 3817 2449 τοῦ

571 2498 823 2570 Σωτῆρος
858 2497 1013 2568 ήμῶν
1060 2496 1281 2566 ἐντολῆς
1308 2495 1407 2567 τὴν
1438 2496 1740 2567 πλήρωσιν,
1775 2496 1807 2565 ἡ
1862 2496 1943 2558 είς
1986 2495 2251 2564 ἀδελφοὺς
2277 2497 2469 2566 ἀγάπη
2494 2502 2655 2570 τηρεῖ
2720 2501 2813 2555 καὶ
2854 2501 3169 2572 ἐργάζεται,
3239 2498 3360 2561 πῶς
3414 2499 3476 2551 οὐ
3537 2495 3659 2548 λίαν
3690 2492 3815 2555 ἀξιο-

570 2590 885 2659 θαύμαστος
912 2587 1170 2658 ὁταύτην
1213 2588 1296 2640 ὅτι
1361 2586 1598 2656 μάλιστα
1668 2585 1973 2658 κατορθοῦν
2018 2588 2345 2659 ἐπιχειρῶν,
2385 2589 2749 2662 ἀλοιδορήτως
2810 2609 2870 2644 τε
2914 2592 3007 2645 καὶ
3049 2590 3412 2653 ἀνυπαιτίως,
3482 2589 3577 2641 ὅτε
3632 2583 3814 2644 πασῶν,

570 2682 646 2744 ὡς
675 2682 801 2744 ἔπος
828 2682 1033 2741 εἰπεῖν,
1067 2677 1178 2731 τῶν
1220 2678 1432 2748 ἀρετῶν
1479 2680 1833 2733 ἐναπόκειται
1883 2680 1944 2732 τὸ
1977 2679 2315 2745 κεφάλαιον;
2384 2682 2627 2754 Δευτέρα
2680 2684 2789 2754 γὰρ
2834 2684 2935 2752 τῆς
2982 2686 3064 2746 είς
3105 2683 3243 2737 Θεὸν
3310 2682 3537 2750 ἀγάπης
3566 2720 3582 2743 ,

3660 2680 3691 2747 ἡ
3751 2678 3815 2738 είς

571 2771 834 2842 ἀλλήλους
890 2771 1026 2833 ἐστὶ,
1078 2766 1172 2819 καὶ
1216 2769 1365 2824 πᾶσα
1410 2769 1511 2838 τῆς
1566 2770 1645 2831 είς
1688 2768 1821 2823 Θεὸν
1860 2768 2143 2833 εὐσεϐείας
2175 2771 2208 2840 ή
2244 2769 2473 2841 δύναμις
2501 2770 2577 2834 ὡς
2616 2772 2676 2823 ἐν
2720 2772 2801 2824 ἐνὶ
2843 2769 3018 2842 τούτῳ
3073 2768 3513 2841 συμπεραιοῦται
3552 2768 3727 2835 λόγῳ,
3770 2768 3817 2819 ἐν

572 2865 672 2936 τῷ,
709 2883 727 2915 ι
751 2867 1078 2935 Ἀγαπήσεις
1107 2866 1200 2917 τὸν
1227 2864 1453 2934 πλησίον
1482 2880 1597 2929 σου,
1628 2865 1704 2927 ὡς
1728 2864 1941 2918 ἑαυτόν.
1982 2884 2001 2916 ι

646 2955 765 3020 XV,
807 2955 906 3020 l4,
950 2956 1035 3010 ιδ.
1099 2953 1201 3008 Vos
1250 2956 1411 3007 amici
1461 2955 1563 3008 mei
1612 2955 1776 3017 estis,
1820 2955 1869 3007 si
1921 2955 2157 3024 feceritis

575 3064 692 3122 quin
712 3065 805 3119 ego
831 3049 1080 3118 praecipio
1113 3048 1276 3103 vobis.
1312 3048 1436 3102 Jam
1470 3064 1574 3101 non
1602 3046 1779 3101 dicam
1823 3063 1910 3102 vos
1937 3065 2114 3104 servos
2135 3091 2151 3115 ,

2344 2951 2530 3020 Ὑμεῖς
2566 2951 2735 3020 φίλοι
2756 2951 2876 3019 μού
2930 2950 3108 3014 ἐστε,
3157 2949 3268 3004 ἐὰν
3316 2950 3530 3019 ποιῆτε
3574 2952 3691 3006 ὅσα
3719 2955 3817 3023 ἐγὼ

2259 3042 2615 3112 ἐντέλλομαι
2655 3041 2818 3112 ὑμῖν.
2869 3042 3081 3096 Οὐκέτι
3129 3042 3285 3112 λέγω
3335 3041 3491 3111 ὑμᾶς
3551 3044 3813 3111 δούλους,

575 3142 702 3212 quia
745 3155 925 3194 servus
978 3141 1142 3194 nescit
1192 3138 1318 3209 quid
1368 3138 1533 3209 faciat
1566 3137 1812 3194 dominus
1866 3139 2028 3209 ejus:
2065 3158 2154 3196 vos

2262 3132 2351 3185 ὅτι
2380 3136 2412 3187 ὀ
2455 3132 2677 3198 δοῦλος
2718 3135 2830 3186 οὐκ
2861 3130 2985 3187 οἶδε
3015 3134 3073 3187 τι
3105 3133 3268 3188 ποιεῖ
3293 3135 3482 3188 αὐτοῦ
3523 3138 3559 3189 ό
3599 3138 3814 3203 κύριος·

577 3243 755 3290 autem
787 3232 901 3286 dixi
934 3234 1155 3294 amicos,
1189 3233 1314 3301 quia
1348 3231 1527 3285 omnia
1572 3247 1889 3302 quacunque
1914 3232 2094 3287 audivi
2124 3249 2157 3286 a

590 3324 746 3382 Patre
778 3339 888 3377 meo
919 3333 1044 3376 nota
1076 3322 1176 3392 feci
1210 3320 1373 3375 vobis.

650 3415 921 3487 Opposuit
966 3430 1161 3471 rursus
1206 3414 1489 3469 eventui-is
1541 3414 1841 3484 aliquando
1897 3429 1962 3469 ex
2022 3414 2153 3470 obe-

584 3511 787 3567 dientia
820 3517 874 3566 et
920 3509 1135 3564 virtutis
1185 3508 1367 3563 studio
1414 3509 1677 3579 periculis
1727 3525 1791 3563 ae
1848 3509 2159 3563 terroribus

582 3604 797 3660 lrcrum
834 3600 982 3671 quod
1016 3616 1082 3656 ex
1112 3614 1296 3654 amore
1339 3615 1468 3668 erga
1522 3616 1583 3655 se
1617 3600 1952 3670 reportaturi
2005 3608 2158 3661 sunt,

584 3706 636 3751 ut
674 3693 874 3765 gaudio
910 3691 1037 3747 inde
1064 3699 1331 3762 concepto
1361 3701 1415 3747 et
1451 3693 1506 3746 in
1540 3692 1722 3762 majus
1771 3692 2159 3761 progrediendi

581 3787 903 3857 cupiditate,
950 3799 1143 3841 eorum
1176 3785 1589 3854 abstergeretur
1626 3785 1903 3847 molestia,
1930 3794 1983 3838 et
2015 3784 2160 3852 quod

583 3894 748 3953 grave
805 3876 1138 3949 quandoque
1181 3877 1404 3931 videtur
1464 3877 1517 3929 in
1579 3875 1813 3929 nihilum
1869 3874 2162 3929 recideret.

585 3971 770 4028 Dulcis
801 3972 945 4025 enim
993 3978 1107 4023 tum
1149 3969 1305 4024 labor
1342 3976 1428 4024 est
1469 3967 1639 4022 Deum
1683 3966 2001 4019 amantibus
2036 3982 2162 4020 cum

587 4061 833 4131 proxima
882 4066 937 4114 et
976 4059 1203 4129 copiosa
1257 4065 1342 4113 est
1396 4072 1630 4113 merces.
1676 4057 1746 4110 At
1788 4055 1921 4125 quid
1962 4056 2161 4124 majus,

588 4163 682 4210 aut
720 4153 994 4209 illustrius
1022 4151 1193 4223 889
1223 4150 1333 4206 dici
1365 4158 1551 4220 potest
1574 4164 1738 4220 quam
1770 4148 1982 4203 Christi
2026 4150 2166 4203 ami-

592 4258 713 4299 cum
746 4252 800 4300 et
827 4259 951 4299 esse
995 4254 1049 4298 et
1083 4242 1382 4315 appellari?
1427 4243 1673 4298 Observa
1712 4239 1859 4294 enim
1896 4249 2165 4309 quantum

591 4350 705 4390 "ree
752 4335 991 4405 dignitas
1044 4340 1256 4389 natura:
1290 4333 1544 4387 humana:
1598 4331 1862 4386 terminos
1917 4331 2165 4384 excedat.

589 4426 788 4480 Omnia
833 4426 979 4481 enim
1030 4422 1283 4479 Creatori
1333 4422 1606 4486 serviunt,
1648 4421 1806 4491 juxta
1859 4420 2169 4476 Psalmista'.

2259 3222 2416 3293 ὑμᾶς
2462 3223 2532 3277 δὲ
2576 3226 2792 3294 εἴρηκα
2842 3226 3096 3294 φίλους,
3147 3225 3239 3280 ὅτι
3268 3226 3467 3279 πάντα
3522 3225 3563 3281 d
3606 3226 3819 3295 ἤκουσα

2260 3314 2419 3384 παρὰ
2450 3315 2559 3369 τοῦ
2588 3318 2819 3384 Πατρός
2842 3334 2962 3387 μου
3003 3316 3299 3387 ἐγνώρισα
3325 3318 3486 3387 ὑμῖν.

2344 3406 2627 3472 Ἀντέταξε
2677 3408 2837 3461 πάλιν
2875 3411 2987 3472 τοῖς
3026 3410 3091 3462 ἐκ
3136 3410 3237 3478 τῆς
3281 3409 3531 3478 ὑπακοῆς
3577 3410 3672 3463 καὶ
3721 3409 3820 3478 φιλ-

2260 3502 2457 3572 αρέτου
2485 3502 2711 3572 γνώμης
2756 3501 3038 3573 ἐσομένοις
3067 3501 3179 3555 ἔσθ’
3205 3502 3295 3555 ὅτε
3333 3502 3584 3572 δείμασι,
3623 3502 3717 3571 τῆς
3755 3503 3820 3564 είς

2261 3594 2422 3646 αὑτὸν
2454 3593 2635 3663 φιλίας
2665 3594 2724 3647 τὸ
2752 3594 2962 3664 κέρδος,
2995 3594 3081 3647 ἵνα
3112 3598 3231 3657 ταῖς
3269 3594 3520 3646 ἐντεῦθεν
3554 3592 3822 3663 εὐθυμίαις

2262 3687 2357 3739 καὶ
2385 3687 2450 3755 τῇ
2482 3684 2619 3755 πρὸς
2648 3684 2709 3737 τὸ
2741 3684 2924 3754 μεῖζον
2954 3684 3162 3752 ἐφέσει,
3196 3683 3258 3736 τὸ
3295 3685 3354 3735 ὲν
3383 3684 3616 3747 ἐκείνοις
3647 3683 3821 3752 ἀφανί-

2265 3778 2428 3846 ζηται
2458 3776 2739 3845 φορτικὸν,
2765 3777 2861 3829 καὶ
2894 3776 2955 3829 τὸ
2991 3776 3182 3829 λυπεῖν
3215 3775 3326 3829 ἔσθ’
3353 3777 3441 3829 ὅτε
3468 3775 3665 3829 δοκοῦν
3691 3775 3821 3845 οίχήο

2266 3882 2417 3920 σεται
2440 3864 2579 3936 πρὸς
2601 3865 2662 3918 τὸ
2693 3865 2883 3935 μηδὲν.
2915 3865 3127 3928 Γλυκὺς
3150 3866 3261 3936 γάρ
3285 3866 3406 3919 τότε
3432 3869 3546 3929 τοῖς
3577 3866 3823 3936 φιλοθέοις

2264 3958 2292 4010 6
2323 3958 2484 4021 πόνος
2509 3995 2524 4021 ,
2574 3958 2664 4011 ὅτε
2709 3955 2908 4026 γείτων
2959 3958 3068 4029 ἀρα
3125 3959 3223 4012 καὶ
3278 3958 3533 4022 πλούσιος
3565 3960 3595 4012 6
3635 3958 3821 4030 μισθός.

2266 4045 2399 4103 Εἶτα
2429 4050 2513 4114 τίς
2542 4050 2608 4105 ἂν
2636 4048 2849 4121 οἰηθείη
2893 4051 2947 4104 τί
2983 4050 3167 4121 μεῖζον
3189 4090 3206 4116 ,
3247 4051 3298 4104 τί
3332 4051 3387 4104 δὲ
3417 4048 3558 4105 εἶναι
3600 4050 3825 4122 λαμπρό-

2265 4160 2424 4215 τερον
2464 4144 2583 4215 ἐρεῖ
2618 4143 2713 4196 τοῦ
2749 4142 2903 4213 φίλον
2948 4138 3090 4197 εἶναι
3132 4143 3228 4197 καὶ
3272 4144 3531 4212 λέγεσθαι
3561 4141 3823 4214 Χριστοῦς

2267 4234 2379 4288 Θέα
2408 4234 2517 4306 γὰρ
2549 4235 2700 4298 ὅπως
2745 4233 2841 4288 καὶ
2889 4234 3029 4304 ὑπὲρ
3066 4235 3266 4298 αὐτοὺς
3312 4236 3437 4299 τοὺς
3494 4234 3597 4305 τῆς
3636 4234 3826 4305 ἀνθρωο

2270 4328 2432 4391 πείας
2457 4328 2671 4397 φύσεώς
2701 4326 2861 4397 ὄρους
2896 4327 3011 4380 ἐστὶ
3046 4326 3106 4379 τὸ
3134 4327 3371 4397 ἀξίωμα.
3403 4326 3576 4380 Δοῦλα
3617 4328 3712 4398 μὲν
3738 4326 3829 4397 γὰρ

2270 4422 2450 4476 πάντα
2469 4419 2566 4473 τοῦ
2591 4418 2950 4489 πεποιηκότος
2982 4418 3142 4483 αύτά,
3178 4418 3320 4472 κατά
3349 4420 3449 4489 τὴν
3481 4418 3578 4472 τοῦ
3608 4419 3829 4476 Ψάλλον-

592 4534 780 4575 vocem
811 4519 879 4585 ",
914 4533 1016 4574 nec
1049 4518 1159 4572 ulla
1196 4531 1287 4572 res
1317 4523 1402 4571 est
1427 4523 1611 4569 creata
1646 4529 1769 4584 quae
1801 4513 2025 4569 subdita
2056 4527 2163 4568 non

2274 4528 2365 4575 τος
2387 4509 2602 4580 φωνὴν,
2634 4508 2729 4562 καὶ
2758 4508 2911 4561 οὐδὲν
2933 4547 2948 4572 ,
2980 4503 3134 4578 οἶμαι
3159 4547 3173 4572 ,
3214 4508 3321 4561 τῶν
3348 4509 3651 4577 γεγονότων
3702 4508 3829 4561 ἐστίν

592 4614 664 4667 sit
698 4612 831 4684 jugo
869 4612 1180 4673 servitutis.
1230 4611 1275 4667 si
1314 4609 1454 4663 ratio
1492 4608 1774 4664 Creatoris
1803 4615 1858 4663 et
1903 4615 2175 4662 creaturae

592 4711 886 4773 spectetur.
940 4702 1050 4757 Nec
1088 4702 1236 4758 enim
1269 4700 1495 4770 aequalis
1533 4706 1618 4754 est
1668 4707 1925 4755 creatura
1980 4697 2174 4753 factori

592 4810 718 4860 suo,
758 4794 911 4849 nullo
942 4795 1106 4849 modo
1141 4812 1154 4847 :
1189 4792 1284 4849 sed
1322 4793 1556 4861 imperat
1588 4790 1775 4862 potius
1806 4799 1861 4846 et
1912 4789 2177 4861 praeposi-

595 4898 683 4942 tus
710 4887 914 4957 estqui
946 4901 1115 4957 supra
1143 4898 1335 4939 omnes
1366 4892 1451 4939 est
1483 4882 1649 4939 Deus.
1683 4883 1964 4953 Subjcctis
2011 4883 2180 4953 igitur

594 4982 957 5048 omnibus,et
1017 4980 1131 5035 Deo
1181 4977 1516 5040 substratis,
1575 4976 1641 5032 ad
1699 4975 2176 5047 Supernaturalem

596 5074 825 5143 gloriam
869 5080 1097 5129 sanctos
1138 5071 1405 5127 mandata
1432 5084 1531 5125 sita
1583 5078 1869 5125 servantes
1914 5064 2180 5123 Dominus

598 5166 783 5236 erigit,
809 5174 863 5222 et
891 5165 958 5220 ad
1000 5165 1336 5233 inculpatum
1365 5160 1764 5229 subjectionem
1791 5161 1946 5230 quasi
1986 5175 2180 5213 mune-

602 5260 675 5312 ris
710 5259 832 5313 loco
883 5257 1131 5314 deducit.
1168 5256 1331 5311 Clara
1362 5254 1528 5323 igitur
1556 5261 1609 5307 et
1654 5252 1887 5306 illustris
1917 5252 2072 5305 valde
2098 5260 2183 5306 est

603 5360 812 5407 merces
847 5368 861 5405 :
896 5357 1275 5405 verumtamen
1312 5347 1442 5399 illud
1476 5346 1566 5399 hic
1604 5344 1879 5415 imprimis
1918 5342 2179 5398 conside-

604 5444 835 5498 randum
871 5450 957 5499 est
995 5442 1118 5512 (nec
1160 5440 1305 5495 enim
1358 5451 1550 5509 parum
1595 5438 1911 5506 conducet),
1944 5437 2088 5507 quod
2128 5436 2172 5491 si

606 5532 727 5591 Filii
759 5550 911 5590 amor
953 5534 1020 5588 ad
1062 5533 1334 5587 libertatis
1378 5532 1724 5601 dignitatem,
1771 5538 1935 5599 atque
1963 5538 2024 5583 ut
2073 5543 2179 5583 non

608 5628 842 5699 amplius
870 5626 1013 5684 servi
1066 5633 1353 5689 vocentur,
1412 5625 1693 5679 nonnullis
1731 5624 1993 5685 sulliciat,
2042 5636 2183 5691 quo-

2272 4602 2301 4655 δ
2332 4602 2408 4672 μὴ
2434 4601 2513 4671 τῷ
2550 4601 2651 4670 τῆς
2681 4599 2929 4663 δουλείας
2972 4596 3253 4670 ὑπηνέχθη
3285 4599 3453 4670 ζυγῷ,
3489 4602 3631 4655 κατά
3659 4617 3718 4667 γε
3750 4598 3829 4651 τὸν

2276 4693 2556 4765 πρέποντα
2595 4692 2754 4760 λόγον
2789 4692 2883 4745 καὶ
2915 4690 3260 4762 δημιουργῷ,
3302 4692 3397 4745 καλ⁵
3440 4693 3722 4763 ποιήματι.
3764 4691 3826 4744 οὗ

2275 4787 2385 4856 γάρ
2428 4787 2485 4839 ἐν
2522 4782 2621 4852 ίσῳ
2665 4782 2727 4835 τὸ
2790 4781 3014 4853 ποιηθὲν
3070 4781 3150 4852 τῷ
3205 4782 3596 4853 τεκτηναμένῳ
3664 4780 3826 4839 ποθὲν,

2276 4873 2538 4946 κατάρξει
2579 4874 2635 4927 δὲ
2691 4872 2929 4943 μᾶλλον,
2980 4872 3078 4925 καὶ
3127 4870 3507 4942 καθηγήσεται
3553 4871 3659 4925 τῶν
3704 4868 3829 4922 ἰδίων

2277 4969 2451 5040 ἔργων
2476 4968 2504 5019 6
2538 4966 2631 5018 ἐπὶ
2658 4964 2867 5028 πάντας
2901 4964 3054 5026 Θεός.
3097 4963 3560 5035 ’Υπεζευγμένων
3609 4959 3697 5017 οὖν
3739 4961 3829 5030 ἀρα

2277 5061 2387 5113 τῶν
2430 5059 2601 5123 ὅλων,
2652 5058 2748 5110 καὶ
2780 5055 2965 5109 δοῦλον
3006 5056 3441 5127 ὑπεστρωκότων
3477 5056 3558 5126 τῷ
3604 5054 3716 5123 Θεῷ
3754 5052 3831 5103 τὸν

2280 5154 2506 5223 αὐχένα,
2545 5150 2681 5221 πρὸς
2702 5148 2803 5219 τὴν
2834 5147 2975 5219 ὑπὲρ
3005 5147 3167 5216 φύσιν
3199 5146 3524 5217 ἀνακομίζει
3550 5144 3699 5210 δόξαν
3726 5144 3832 5203 τοὺς

2279 5247 2467 5314 ἁγίους
2511 5244 2539 5294 6
2590 5239 2826 5310 Κύριος,
2882 5240 2929 5290 εἰ
2970 5237 3101 5308 δρᾷν
3146 5236 3423 5300 ἐθέλοντες
3466 5237 3734 5305 φαίνοιντο
3777 5230 3835 5283 τὰ

2285 5336 2547 5393 δοκοῦντα
2571 5331 2720 5401 αὐτῷ
2747 5371 2762 5395 ,
2798 5331 2891 5384 καὶ
2921 5329 3176 5400 καθάπερ
3217 5332 3276 5383 ἐν
3308 5329 3462 5395 τάξει
3499 5324 3829 5399 δωροφορίας,

2288 5426 2711 5498 ἀκατηγόρητον
2775 5422 2925 5493 αὐτῷ
2981 5419 3345 5494 προσκομίζει
3401 5421 3501 5492 τὴν
3557 5416 3833 5484 ὑποταγὴν.

2292 5519 2557 5592 Λαμπρὸς
2581 5514 2676 5571 οὖν
2704 5516 2832 5587 ἀρα,
2862 5515 2958 5568 καὶ
2999 5512 3362 5586 ἀξιοζήλωτος
3388 5516 3416 5567 6
3453 5512 3638 5584 μισθός
3660 5525 3672 5538 ·
3712 5505 3833 5571 πλὴν

2292 5618 2466 5670 ἐκεῖνο
2494 5608 2902 5666 κατασκεπτέον
2924 5609 2980 5661 ἐν
3007 5607 3217 5672 τούτοις
3241 5604 3298 5661 εὖ
3329 5607 3472 5678 μάλα
3504 5598 3830 5675 (λυσιτελήσει

685 5804 907 5864 “Joan.
943 5808 1145 5875 0312.
1227 5810 1268 5841 ⁸⁸
1302 5807 1494 5864 Matth.
1520 5824 1570 5874 ν,
1612 5808 1690 5865 l3.
1772 5808 1811 5837 ⁶⁷
1851 5762 1998 5864 Dsal.
2029 5822 2193 5862 cxvut
2224 5846 2237 5872 ,
2274 5806 2361 5863 9|.
