4056 6484
257 388 366 445 385

256 497 369 567 γὰρ
395 490 457 545 οὗ
497 485 785 561 μικρῶς),
833 482 883 536 ει
928 479 1033 552 γὰρ

256 563 420 660 θερον
448 583 688 651 ἀξίωμα,
720 575 975 647 καὶπρὸς
1001 570 1284 643 τδμηκέτι
1309 566 1594 622 καλεῖσθαι
1619 563 1836 660 δούλους

257 678 295 749 ἡ
324 652 467 747 πρὸς
498 673 590 727 τδν
626 670 752 725 Υίὸν
784 665 971 737 φιλία,
1016 663 1134 725 πῶς
1179 660 1246 715 ἂν
1296 660 1382 729 εἴη
1417 656 1639 719 δοῦλος,
1688 654 1722 725 ἢ
1765 652 1839 749 ὼς

263 743 502 836 ποίημα,
550 762 645 816 καὶ
673 757 919 828 γενητὸς,
951 755 1095 810 κατά
1121 754 1218 823 τήν
1239 766 1402 805 τινων
1428 747 1723 811 ἁϐουλίανς
1766 743 1838 836 os

260 834 470 928 γὰρήδὴ
506 856 616 915 τοῖς
655 849 861 920 ἑτέροις
903 847 1002 916 τὴν
1053 843 1153 915 μὲν
1187 844 1283 912 τῆς
1316 838 1626 908 ἐλευθερίας
1673 834 1841 928 τιμὴν

261 924 543 1018 διανέμειν
570 944 718 997 ἐστὶν
760 938 975 1001 ἱκανὸς,
1016 936 1220 1007 ἔρημον
1245 933 1302 986 δὲ
1338 930 1556 1018 ταύτης»
1574 928 1672 997 τὴν
1709 924 1843 1018 ἰδίαν

261 1038 378 1107 ἕξει
401 1014 561 1105 φύσιν
583 1050 595 1063 ·
626 1032 822 1102 χρῆναι
856 1026 966 1098 γὰρ
990 1020 1164 1094 οἶμαι,
1194 1021 1300 1091 πρὸ
1336 1017 1443 1072 τῶν
1479 1016 1652 1107 ἄλλων
1683 1014 1844 1068 αὑτὸν

263 1106 509 1183 τοιοῦτον
548 1118 686 1176 εἶναι
725 1116 1033 1188 φαίνεσθαι.
1093 1112 1264 1164 Δώσει
1321 1107 1430 1178 γὰρ
1465 1106 1585 1158 τότε
1621 1120 1843 1174 πρεπω-

263 1220 419 1271 δέστε
431 1233 520 1285 ρον
550 1214 662 1276 τοῖς
692 1212 794 1264 ούκ
824 1208 1008 1278 ἔχουσι
1036 1204 1097 1257 τὸ
1120 1203 1251 1267 ίδιον
1278 1199 1500 1268 ἀγαθόν.
1544 1195 1707 1250 Ἀλλὰ
1731 1195 1843 1285 τοῖς

265 1309 447 1376 ἁγίοις
476 1303 797 1364 ἀποστόλοις
822 1342 836 1366 ,
877 1299 910 1369 ἢ
943 1297 1036 1351 καὶ
1067 1297 1177 1357 τοῖς
1221 1290 1402 1354 ἄλλοις
1459 1288 1632 1343 ἅπασι
1684 1284 1844 1355 τυχὸν

264 1404 379 1463 τοῖς
410 1398 495 1451 διὰ
530 1395 768 1455 πίστεως
810 1391 889 1453 είς
925 1387 1107 1457 φιλίαν
1157 1381 1510 1438 ἀναϐαίνουσι
1558 1378 1658 1447 τὴν
1708 1375 1845 1447 πρδς

264 1494 359 1547 τὸν
391 1489 595 1553 Κύριον
626 1484 783 1557 ὴμῶν
823 1480 1030 1553 Ἰησοῦν
1075 1476 1308 1549 Χριστὸν
1333 1513 1348 1537 ,
1387 1472 1622 1526 ἐπακτὸν
1653 1471 1721 1524 ἂν
1759 1469 1844 1539 εἴη

264 1579 363 1633 καὶ
396 1576 545 1631 δοτὸν
572 1615 586 1638 ,
633 1574 707 1635 ὼς
739 1575 795 1625 ἐν
844 1569 995 1633 τάξει
1024 1568 1189 1636 τιμῆς
1224 1565 1284 1617 τὸ
1318 1564 1533 1632 ἀξίωμα
1558 1602 1573 1627 ,
1621 1560 1742 1629 ἔχον
1790 1558 1845 1611 δὲ

265 1668 453 1731 οὐκέτι
479 1664 623 1719 κατὰ
651 1664 743 1715 τὸν
774 1664 889 1716 ῐσον
917 1659 1139 1729 τρόπον.
1176 1658 1239 1709 Οἱ
1281 1655 1389 1727 γὰρ
1422 1657 1488 1724 τῇ
1520 1651 1655 1723 πρὸς
1683 1650 1845 1704 αὑτὸν

264 1758 523 1831 ὁμοιώσει
580 1755 715 1827 πρὸς
783 1752 883 1824 τὴν
938 1751 1036 1821 τῆς
1083 1747 1397 1819 ἐλευθερίας
1453 1741 1843 1813 ἀνατρέχοντες

1279 361 1344 417 ΙΝ
1370 356 1653 419 JOANNIS
1688 352 2139 415 EYANGELIUM
2182 351 2311 405 LIB.
2352 350 2423 409 Χ.

1073 477 1356 550 ἐξαρκέσει
1393 475 1536 529 τισὶν
1572 476 1651 537 είς
1684 469 1835 525 ἐλεύ-

1965 464 2103 519 nodo
2136 477 2331 523 servus
2359 460 2499 525 erit,
2538 465 2631 513 aut
2666 468 2926 530 tanquam
2974 464 3225 512 creatura
3271 466 3326 515 et
3363 473 3515 513 crea-

1942 561 2051 621 tus,
2080 560 2139 607 ut
2178 550 2432 621 imperite
2460 546 2681 618 quidam
2723 546 3025 602 asserunt?
3065 543 3176 601 Nec
3212 546 3357 600 enim
3393 547 3519 600 aliis

1942 644 2219 698 libertatis
2248 643 2515 696 honorem
2541 639 2782 694 tribuere
2813 644 3014 709 potest,
3056 636 3151 707 qui
3183 647 3387 713 natura
3421 653 3521 693 sua

1942 748 2137 799 expers
2170 731 2288 801 ejus
2328 731 2423 793 sit,
2460 727 2552 783 sed
2586 742 2697 797 pra:
2723 726 2938 783 caeteris
2977 727 3159 797 ipsum
3199 726 3363 779 talem
3399 741 3522 781 esse

1943 822 2147 876 debere
2199 827 2446 873 autumo.
2508 816 2664 871 Tunc
2722 818 2867 872 enim
2909 816 3259 872 convenienti
3311 816 3524 870 rationm

1946 915 2150 969 bonum
2182 926 2343 965 suum
2382 911 2723 979 iinpcrtietur
2756 924 2821 963 eo
2852 909 3157 963 destitutis.
3180 906 3287 961 Sed
3313 907 3524 961 sanctis

1944 1003 2234 1075 aposmlis,
2268 1002 2379 1055 imo
2412 1001 2625 1055 caeteris
2673 1001 2857 1055 forsan
2891 1000 3152 1054 omnibus
3196 1000 3291 1069 qui
3332 1014 3430 1068 per
3462 996 3525 1052 ti-

1946 1096 2068 1150 dem
2102 1094 2167 1149 ad
2208 1094 2503 1147 amicitiam
2535 1091 2752 1146 Domini
2786 1093 2962 1148 nostri
3005 1090 3136 1147 Jesu
3169 1089 3375 1144 Christi
3402 1103 3527 1145 eve-

1947 1186 2175 1249 huntur,
2236 1183 2535 1238 adventitia
2583 1190 2667 1237 est
2707 1190 2871 1251 atque
2925 1182 3155 1236 honoris
3215 1180 3337 1233 loco
3398 1177 3526 1233 data

1947 1277 2203 1347 dignitas,
2242 1290 2351 1331 non
2393 1282 2575 1329 tamen
2610 1274 2806 1343 aequali
2838 1273 3021 1327 modo.
3052 1270 3115 1325 Hi
3152 1270 3296 1326 enim
3330 1269 3527 1324 simili-

1947 1367 2137 1421 tudine
2169 1381 2292 1419 cum
2326 1368 2446 1441 ipso
2481 1367 2544 1418 ad
2582 1363 2848 1419 libertatis
2881 1363 3111 1432 gloriam
3144 1362 3357 1427 evecti,
3394 1358 3447 1414 id
3479 1360 3527 1413 ei

1947 1473 2011 1512 ac
2044 1457 2147 1512 soli
2180 1457 2511 1511 naturaliter
2543 1458 2727 1510 inesse
2761 1451 3126 1510 ostenderint.
3179 1450 3335 1519 Quod
3381 1453 3527 1505 enim

1947 1548 2265 1619 adoptivum
2301 1555 2385 1600 est.
2414 1546 2649 1600 naturali
2681 1558 2897 1621 semper
2931 1541 3291 1598 assimilatur.
3323 1538 3529 1595 Obser-

1947 1642 2184 1695 vandum
2226 1650 2406 1693 tamen
2443 1638 2676 1708 (etenim
2718 1652 2814 1708 per
2844 1649 3006 1689 omne
3041 1650 3213 1704 genus
3261 1633 3531 1702 indaginis

1947 1730 2211 1794 eundum,
2236 1744 2356 1799 qua:
2389 1728 2454 1781 ad
2484 1726 2880 1797 expositionem
2913 1724 3064 1779 utilis
3092 1725 3159 1778 sit
3190 1738 3254 1776 ac
3279 1737 3529 1781 necessa-

266 1814 463 1912 δόξαν,
500 1843 648 1914 αύτῷ
683 1842 747 1909 δὴ
786 1840 961 1910 τούτῳ
1010 1837 1105 1891 καὶ
1156 1836 1301 1906 μόνῳ
1361 1833 1561 1903 προσὸν
1596 1830 1839 1899 φυσικῶς

1965 1822 2050 1891 'ia)
2068 1820 2432 1891 antiquiorem
2459 1835 2582 1875 esse
2605 1817 3035 1873 declarationem
3060 1815 3292 1887 justitia:
3317 1828 3439 1883 quae
3465 1829 3531 1868 ex

266 1938 632 2004 ἀποδείξειαν.
660 1933 749 2003 Τῷ
784 1932 892 2003 γὰρ
918 1929 1059 1984 κατᾶ
1089 1927 1271 1998 φύσιν,
1305 1926 1392 1979 ἀεὶ
1419 1925 1481 1978 τὸ
1513 1923 1656 1977 κατὰ
1693 1920 1844 1974 θέσιν

266 2027 690 2098 παρεικάζεται.
722 2018 1065 2093 Σημειωτέον
1108 2034 1171 2086 γε
1221 2017 1328 2087 μὴν
1375 2013 1523 2085 (δεῖν
1554 2012 1664 2083 γὰρ
1691 2006 1844 2080 οἶμαι

264 2120 360 2174 διὰ
399 2118 595 2181 παντὸς
630 2116 767 2169 ίέναι
797 2113 1154 2184 θεωρήματος
1191 2106 1466 2179 χρησίμου
1505 2120 1565 2156 τε
1606 2102 1698 2155 καλ⁵
1728 2100 1845 2153 λίαν

1946 1911 2050 1966 (ide
2083 1912 2136 1965 in
2165 1909 2468 1974 Christum,
2501 1923 2664 1989 quam
2697 1907 2767 1960 sit
2792 1907 3023 1976 iustitia:
3044 1905 3234 1976 legalis
3260 1924 3272 1959 :
3300 1918 3363 1957 ac
3392 1916 3533 1973 prie-

1946 2012 2094 2058 terea
2117 2001 2473 2058 credentibus
2493 2010 2546 2055 et
2563 1998 2948 2054 obedientibus
2964 1997 3206 2061 Christo,
3226 1994 3534 2050 divinorum

1945 2094 2334 2168 mysteriorum
2370 2092 2740 2163 cognitionem
2762 2089 3019 2155 revelari,
3041 2102 3095 2144 et
3126 2088 3219 2144 Dei
3258 2102 3320 2141 ac
3352 2084 3535 2140 Patris

1946 2191 2281 2243 voluntatem
2310 2202 2338 2240 a
2370 2184 2531 2251 Filio,
2560 2184 2653 2256 qui
2685 2199 2805 2239 eam
2832 2183 3014 2251 novit,
3047 2181 3271 2254 aperiri,
3292 2172 3534 2235 infideli;

1958 2281 2057 2335 bus
2098 2293 2207 2333 non
2249 2278 2531 2347 item.Age
2570 2291 2702 2331 vero
2741 2274 2984 2346 idipsum
3015 2288 3214 2329 rursus
3246 2288 3312 2335 ex
3335 2268 3535 2325 divinis

270 2208 588 2278 ἀναγκαίαν
638 2205 852 2276 ἔχοντος
903 2202 1002 2272 τὴν
1057 2197 1355 2270 ἐξήγησιν)
1425 2196 1507 2248 δτι
1557 2192 1657 2261 τῆς
1705 2190 1845 2244 κατά

270 2302 438 2373 νόμον
471 2298 819 2367 δικαιοσύνης
842 2337 857 2359 ,
907 2297 941 2366 ἡ
980 2296 1044 2347 ἐκ
1098 2294 1334 2353 πίστεως
1367 2290 1466 2359 τῆς
1502 2288 1581 2353 είς
1612 2282 1847 2356 Χριστὸν

271 2366 640 2464 ἀρχαιοτέραν
677 2366 790 2458 ἔχει
838 2386 936 2455 τὴν
970 2383 1238 2447 ἀνάδειξιν
1263 2398 1275 2410 ·
1316 2380 1411 2433 καὶ
1444 2378 1579 2449 πρὸς
1618 2374 1854 2464 τούτοις,

1965 2371 2181 2425 Litteris
2208 2367 2591 2433 ostendamus,
2631 2383 2732 2423 nos
2766 2367 2978 2421 utiliter
3008 2366 3061 2423 in
3096 2366 3167 2424 iis
3195 2369 3535 2423 exercentes.

269 2488 356 2544 ὅτι
413 2486 524 2548 τοῖς
578 2480 895 2536 πιστεύουσι
954 2477 1049 2531 καί
1128 2471 1467 2529 ὑπακούουσι
1514 2469 1590 2540 τῷ
1646 2463 1889 2537 Χριστῷ,
1965 2463 1998 2532 ἠ
2051 2460 2158 2513 τῶν
2210 2458 2372 2514 θείων
2436 2459 2751 2531 μυστηρίων
2809 2456 3259 2512 ἀποκαλύπτεται
3311 2451 3537 2523 γνῶσις,

272 2580 373 2632 καὶ
452 2579 486 2647 ἡ
535 2575 629 2630 τοῦ
678 2572 812 2628 Θεοῦ
867 2572 960 2625 καὶ
1022 2569 1231 2639 Πατρδς
1294 2562 1651 2637 ἑρμηνεύεται
1724 2558 1887 2631 βουλὴ
1925 2554 2077 2627 παρὰ
2125 2553 2219 2608 τοῦ
2273 2552 2477 2620 ταύτην
2528 2552 2728 2616 εἰδότος
2779 2550 2947 2605 Υίοῦ·
2995 2555 3107 2617 τοῖς
3158 2551 3216 2604 δὲ
3306 2547 3537 2618 ἀπειθη-
3600 2554 3603 2555 ⁷

279 2640 719 2721 σασιντούκέτι.
775 2660 885 2714 Καὶ
933 2658 1066 2729 φέρε
1116 2656 1276 2710 πάλιν
1325 2654 1493 2725 αὐτὸ,
1542 2649 1631 2703 διὰ
1689 2649 1789 2719 τῆς
1856 2643 2218 2699 θεοπνεύστου
2289 2640 2624 2711 δεικνύωμεν
2692 2641 2950 2713 Γραφῆς,
3022 2641 3180 2711 ὀλίγα
3238 2640 3528 2717 χρησίμως

275 2760 541 2829 ἀδολεσχή
551 2769 755 2816 σαντες.

348 2815 663 2924 Γέγραπται
712 2815 891 2897 τοίνυν
942 2842 1000 2894 ἐν
1050 2837 1216 2909 βίϐλῳ
1266 2834 1529 2899 Μωσέως,
1572 2833 1654 2887 ὅτι
1701 2830 1858 2884 πεπί-

2035 2820 2310 2890 Scriptum
2341 2830 2422 2873 est
2470 2818 2635 2889 igitur
2680 2817 2736 2872 in
2782 2817 2923 2872 libro
2972 2815 3203 2888 Moysis,
3238 2819 3541 2879 credidisse

276 2908 476 3003 στευνίέ
522 2942 619 3013 μὲν
658 2934 910 3009 Ἀϐραὰμ
942 2930 1020 3003 τῷ
1046 2908 1193 3001 Θεῷ,
1215 2929 1354 2999 πλὴν
1393 2930 1426 2999 ή
1478 2927 1662 2989 πίστις
1710 2922 1857 2993 αύτῷ

1965 2912 2183 2984 quidem
2213 2912 2488 2965 Abraham
2541 2908 2673 2970 Deo,
2704 2920 2757 2964 et
2814 2908 2968 2963 [idem
2998 2910 3045 2963 ei
3077 2918 3385 2980 reputatam
3420 2928 3540 2975 esse

272 2999 583 3104 λελόγισται
625 3031 704 3093 είς
736 2999 1100 3094 δικαιοσύνην.
1125 2999 1223 3075 παὶ
1254 3020 1405 3089 φίλος
1445 3016 1579 3071 Θεοῦ
1630 3014 1854 3104 ἐκλήθη.

1965 3005 2029 3059 ad
2059 3004 2330 3075 justitiam
2370 3002 2434 3065 °',
2466 3009 2520 3057 et
2552 3002 2791 3056 amicum
2842 2999 2935 3055 Dei
2970 3009 3351 3071 nuncupatum
3397 3018 3539 3059 esse.

276 3128 393 3181 Καὶ
415 3092 499 3187 τίς
529 3122 557 3174 δ
578 3121 674 3190 τῆς
688 3092 927 3178 πίστεως
955 3092 1226 3185 τρόπος,ῆ
1251 3108 1366 3173 πῶς
1388 3108 1497 3177 ἄρα
1519 3105 1670 3175 φίλος
1694 3103 1855 3194 ἐκλήέ

1965 3098 2225 3165 Quaenam
2283 3102 2467 3147 autem
2522 3101 2607 3148 est
2653 3093 2741 3146 illa
2787 3092 2913 3147 tidei
2942 3092 3105 3159 ratio,
3140 3100 3235 3149 aut
3264 3095 3542 3165 quomodo

277 3218 350 3289 θη
386 3184 557 3278 Θεο-ῦ;
586 3184 857 3264 ³Ἰῖίκουσεν
882 3223 897 3237 ·
939 3224 957 3267 ι
984 3201 1206 3270 Ἔξελθε
1239 3202 1304 3259 ἐκ
1333 3197 1432 3267 τῆς
1463 3197 1565 3266 γῆς
1605 3212 1729 3258 σου,
1764 3193 1858 3247 καὶ

1965 3189 2174 3243 amicus
2221 3185 2315 3240 Dei
2356 3192 2581 3239 vocatus
2632 3184 2756 3239 est?
2793 3184 2959 3255 890
3007 3184 3241 3241 Audiit:
3280 3205 3298 3237 ι
3340 3185 3439 3243 Exi
3479 3187 3539 3242 dt

282 3274 350 3366 ἐνί
377 3310 475 3380 τῆς
515 3274 835 3374 συγγενείας
888 3313 1020 3362 σου,
1052 3295 1146 3348 καὶ
1194 3292 1353 3364 δεῦρο
1383 3290 1462 3352 είς
1500 3287 1599 3359 τὴν
1631 3286 1757 3380 γῆν,
1795 3284 1861 3357 ἢν

1965 3289 2112 3336 terra
2147 3286 2242 3332 tua
2273 3285 2327 3333 et
2356 3274 2424 3331 de
2453 3276 2780 3347 cognatione
2830 3284 2944 3340 tua,
2986 3284 3041 3331 et
3070 3277 3195 3341 veni
3249 3278 3304 3331 in
3342 3287 3543 3339 terram

282 3365 349 3456 ἄν
383 3365 472 3453 σοί
504 3365 683 3463 δείξω.
728 3414 747 3445 ι
784 3390 942 3446 Ἀλλὰ
985 3387 1079 3441 καὶ
1127 3387 1215 3440 ὅτε
1260 3383 1351 3436 τὸν
1394 3378 1662 3451 μονογενῆ
1692 3394 1861 3448 προσ-

1965 3387 2127 3444 quam
2159 3379 2537 3425 monstravero
2577 3366 2672 3421 tibi
2708 3368 2774 3421 ⁸⁸.
2826 3385 2845 3417 ι
2891 3365 2997 3422 Sed
3038 3375 3094 3427 et
3127 3382 3252 3423 cum
3284 3369 3541 3440 unigeni-

282 3494 538 3546 ετάττετο
591 3488 738 3541 θύειν
781 3485 860 3547 εἰς
893 3481 1063 3535 τύπον
1104 3474 1367 3550 Χριστοῦ,
1402 3472 1491 3527 τὸν
1541 3474 1597 3525 ἐν
1628 3471 1706 3542 τῷ
1748 3469 1861 3542 Θεῷ

1967 3472 2080 3517 tum
2111 3477 2270 3516 suum
2295 3461 2485 3530 jussus
2510 3467 2596 3513 est
2646 3457 2930 3512 immolare
2959 3458 3013 3513 in
3051 3458 3279 3531 ﬁguram
3318 3458 3542 3521 Christi,

285 3580 672 3654 κεκρυμμένον
702 3577 1012 3631 ἐδιδάσκετο
1047 3547 1268 3625 σκοπόν.
1308 3567 1415 3620 Καὶ
1460 3562 1590 3631 γοῦν
1620 3564 1648 3616 ὁ
1679 3560 1861 3631 Σωτὴρ

1968 3552 2350 3608 absconditum
2388 3550 2442 3605 in
2474 3549 2583 3605 Deo
2620 3561 2844 3617 scopum
2873 3547 3103 3603 edoctus
3151 3556 3256 3603 est.
3313 3547 3382 3601 Et
3418 3565 3543 3606 sane

286 3651 553 3745 Eequspt
588 3670 751 3725 αὐτοῦ
785 3670 896 3729 τοῖς
929 3664 1165 3726 ἀνοσίοις
1215 3657 1489 3719 Ἰουδαίοις
1518 3651 1864 3745 προσλαλῶνο

294 3737 340 3817 ι’
359 3737 614 3834 ’.λϐρόιάμ
650 3761 677 3812 ὁ
719 3756 905 3827 Πατὴρ
946 3752 1100 3825 ὑμῶν
1130 3746 1517 3821 ⁴ἠγαλλιάσατο,
1547 3742 1634 3795 ἵνα
1662 3740 1743 3834 ἴδη

286 3829 502 3928 ἡμέραν
528 3829 624 3923 την
654 3849 815 3920 ἐμὴν,
852 3847 947 3900 καὶ
990 3840 1120 3908 εἶδε,
1149 3842 1243 3894 καὶ
1271 3838 1466 3909 ἐχάρη.
1500 3856 1516 3886 ι
1554 3831 1762 3885 Οὐκοῦν
1802 3829 1870 3881 δι’

290 3922 710 4016 ῦπανοῆς,νκαὶ
770 3940 957 4001 θυσίας
1014 3938 1043 3990 ὀ
1093 3931 1378 3990 θεσπέσιος
1420 3926 1672 3998 Ἀϐραὰμ
1722 3922 1871 3992 φίλος

290 4036 497 4107 ἐκλήθη
556 4030 731 4095 Θεοῦ,
761 4030 855 4083 καὶ
910 4029 972 4082 τὸ
1027 4025 1129 4095 τῆς
1177 4019 1523 4089 δικαιοσύνης
1575 4016 1875 4107 ἀνεδήσατο

292 4104 557 4196 καύχημα
592 4136 607 4153 ⁶
659 4121 752 4175 καὶ
796 4118 918 4190 οὐχὶ
971 4116 1129 4170 τοῦτο
1173 4109 1529 4184 μόνον,ἀλλά
1577 4107 1670 4161 καὶ
1716 4104 1875 4196 θείων

294 4194 504 4287 nausea
535 4215 729 4282 λόγων,
760 4212 855 4263 καὶ
880 4208 1073 4279 βουλὴν
1107 4205 1246 4273 ἔγνω
1280 4201 1436 4263 Θεοῦ,
1473 4200 1569 4271 τὴν
1605 4197 1689 4249 ἐπ’
1708 4194 1872 4287 ἐσχα-

292 4284 408 4373 τοις
440 4284 741 4376 γενομένην
764 4303 995 4371 καιροῖς.
1029 4297 1151 4351 Ἐπὶ
1174 4293 1452 4363 συντελείᾳ
1475 4291 1583 4361 γὰρ
1612 4287 1717 4341 τῶν
1747 4284 1876 4338 aid)-

296 4418 403 4453 νων
438 4398 581 4469 ὑπὲρ
605 4395 763 4465 ἡμῶν
805 4391 1078 4447 ἀπέθανεν
1108 4389 1137 4440 ὁ
1170 4385 1423 4457 Χριστὸς,
1455 4382 1515 4435 τὺ
1542 4379 1683 4451 ἱερὸν
1711 4379 1877 4440 ὅντως

1971 3644 2225 3699 Salvator
2268 3641 2471 3697 Iudaeis
2514 3640 2695 3711 impiis
2748 3638 2814 3694 de
2854 3639 2975 3709 ipso
3033 3639 3267 3710 loquens
3323 3640 3543 3694 aiebat:

1980 3754 1997 3786 ι
2038 3734 2314 3789 Abraham
2344 3732 2507 3787 Pater
2547 3740 2727 3787 vester
2754 3730 3050 3787 exsultavit
3084 3740 3143 3786 ut
3172 3732 3380 3788 videret
3406 3731 3544 3789 diuus

1973 3842 2152 3880 meum
2183 3845 2195 3880 :
2244 3825 2412 3889 vidit,
2437 3833 2491 3879 et
2542 3824 2764 3893 gavisus
2800 3834 2882 3878 est
2912 3824 2979 3878 7°.
3019 3842 3035 3874 ι
3085 3822 3256 3896 Igitur
3287 3840 3385 3895 per
3420 3824 3543 3877 obe—

1974 3918 2235 3972 dientiam
2286 3927 2338 3970 et
2376 3914 2709 3971 sacriﬁcium
2759 3915 2979 3969 divinus
3036 3916 3307 3970 Abraham
3345 3915 3546 3968 amicus

1975 4007 2070 4063 Dei
2105 4016 2338 4062 vocatus
2370 4016 2472 4068 est,
2504 4012 2557 4061 et
2582 4006 2811 4075 justitiae
2861 4007 3034 4075 gloria
3088 4006 3378 4060 redimitus
3420 4013 3509 4061 est
3542 4020 3555 4055 τ.

1976 4112 2155 4165 neque
2194 4096 2244 4149 id
2282 4103 2518 4158 tantum,
2564 4094 2657 4149 sed
2702 4103 2756 4149 et
2807 4095 3013 4150 divinis
3061 4098 3411 4151 sermonibus
3454 4097 3553 4149 ho-

1978 4194 2227 4241 nestatus
2249 4194 2355 4251 est,
2379 4194 2434 4240 et
2463 4185 2754 4239 consilium
2786 4184 2879 4239 Dei
2910 4185 3177 4241 extremis
3216 4186 3557 4255 temporibus

1978 4276 2045 4329 ad
2094 4277 2301 4331 exitum
2353 4275 2762 4344 perducendum
2799 4274 3047 4347 agnovit.
3102 4275 3159 4331 In
3205 4292 3554 4331 consumma-

1981 4368 2131 4439 tione
2189 4368 2392 4437 quippe
2452 4366 2775 4420 saeculorum
2830 4383 2926 4435 pro
2966 4366 3125 4421 nobis
3178 4375 3429 4421 mortuus
3475 4377 3556 4427 est

296 4493 391 4546 καὶ
418 4457 573 4558 ἅγιον
604 4457 751 4558 θῦμα
780 4484 841 4538 τὸ
877 4478 1029 4553 αἶρον
1071 4480 1170 4549 τὴν
1219 4475 1493 4547 ἁμαρτίαν
1523 4472 1616 4525 τοῦ
1647 4472 1861 4539 κόσμου⁴

1979 4457 2257 4521 Christus,
2291 4474 2448 4512 sacra
2500 4458 2594 4511 illa
2645 4473 2769 4513 vere
2806 4468 2861 4512 et
2910 4466 3104 4512 sancta
3148 4458 3395 4524 victima,
3439 4471 3558 4525 qum

310 4583 455 4636 Ἀλλ’
484 4582 586 4651 δρα
622 4595 711 4650 μοι
739 4576 900 4630 πάλιν
932 4573 999 4627 τὰ
1033 4571 1125 4624 ἴσα
1149 4565 1506 4639 πληρούμενα
1537 4564 1632 4616 καὶ
1656 4560 1877 4651 ἐπὶτῶν

295 4672 388 4727 διὰ
421 4649 655 4730 πίστεως
692 4668 773 4728 είς
819 4663 1000 4733 φιλίαν
1056 4656 1452 4712 ἀναϐαινόντων
1500 4651 1595 4705 τοῦ
1630 4649 1882 4720 Σωτῆρος

297 4760 460 4832 ἡμῶν
487 4755 744 4829 Χριστοῦ.
772 4754 1049 4807 Ἤκουσαν
1090 4750 1182 4802 καὶ
1206 4745 1359 4800 αὐτοί
1378 4761 1391 4774 ⁸
1433 4739 1652 4806 Ἔξελθε
1688 4742 1751 4793 ἐκ
1786 4739 1884 4806 τῆς

297 4831 405 4922 γῆς
429 4865 546 4911 σου,
566 4847 662 4901 καὶ
682 4846 763 4899 ὄτι
788 4842 1077 4913 δεδράκασι
1101 4836 1416 4910 προθύμως,
1434 4833 1596 4888 ἄκουε
1619 4831 1671 4884 τί
1699 4844 1880 4922 φασγγο

306 4920 324 4996 ι
362 4920 443 4996 ἠΟὐ
471 4941 579 5007 γὰο
605 4938 800 5008 ἔχομεν
822 4930 920 4989 ὧδε
960 4933 1226 5002 μένουσαν
1253 4929 1426 4990 πόλιν,
1461 4924 1595 4980 ἀλλά
1630 4923 1729 4993 τὴν
1760 4920 1884 4991 μέλ-

299 5039 503 5088 λουσαν
537 5027 901 5100 ἐπιζητοῦμεν
923 5043 934 5053 ·
969 5046 988 5077 ι
1020 5021 1084 5095 ἧς
1113 5022 1360 5095 τεχνίτης
1389 5019 1482 5072 καὶ
1502 5014 1829 5088 δημιουργὸς
1858 5013 1886 5063 ὁ

298 5127 456 5189 Θεός.
496 5124 754 5177 Μέτοικοι
798 5119 907 5189 γάρ
946 5119 1051 5169 είσι
1076 5157 1089 5179 ,
1118 5116 1211 5167 xal
1252 5108 1624 5181 παρεπίδημοι
1656 5105 1748 5181 ἐπὶ
1791 5104 1887 5173 τῆς

299 5217 428 5286 γῆς,
451 5215 567 5274 τοῖς
597 5210 708 5264 ἄνω
733 5205 1159 5274 πολιτευόμενοι,
1194 5201 1288 5255 καὶ
1308 5200 1406 5266 τὴν
1434 5196 1532 5265 μὲν
1560 5191 1888 5262 ἐνεγκοῦσαν

300 5283 538 5376 ἀφέντες
571 5343 585 5365 ,
616 5303 739 5355 ὅσον
773 5294 909 5370 ἧκεν
941 5297 1113 5348 εἰπεῖν
1144 5295 1222 5355 είς
1257 5291 1509 5362 φρόνημα
1535 5286 1595 5340 τὸ
1622 5283 1891 5356 φιλόθεον,

301 5399 621 5469 γλιχόμενοι
657 5394 716 5447 δὲ
766 5392 864 5461 τῆς
918 5390 1029 5443 ἀνω
1060 5384 1245 5458 μονῆς.
1278 5382 1493 5452 Ταύτην
1526 5380 1629 5450 γὰρ
1655 5378 1885 5469 αύτοίςό

304 5490 500 5561 Σωτὴρ
539 5480 782 5560 ύπέδειξε
823 5482 1031 5555 λέγων·
1061 5499 1080 5530 ε
1127 5473 1435 5547 Πορεύομαι
1472 5471 1566 5525 καὶ
1611 5468 1885 5539 ἑτοιμάσω

305 5584 473 5636 τόπον
503 5583 631 5652 ύμῖν
658 5594 672 5608 ο
706 5578 794 5655 ὅτε
842 5573 899 5628 δέ
942 5571 1079 5626 ἔλθω
1102 5612 1115 5638 ,
1151 5566 1543 5640 παραλήψομαι
1578 5563 1723 5634 ὑμᾶς
1769 5561 1884 5631 μετ’

1981 4550 2121 4605 tollit
2161 4559 2441 4618 peccatum
2482 4548 2671 4604 mundi
2724 4550 2789 4602 7’.
2826 4548 2931 4603 Sed
2988 4548 3112 4603 vide
3162 4548 3317 4613 mihi,
3348 4562 3557 4616 qumso,

1978 4643 2166 4696 eadem
2224 4642 2437 4711 impleri
2496 4657 2718 4711 quoque
2776 4642 2829 4695 in
2890 4642 2958 4695 iis
3007 4641 3100 4711 qui
3152 4641 3220 4697 ad
3261 4639 3561 4693 amicitiam

1984 4732 2295 4788 Servatoris
2331 4734 2511 4788 nostri
2542 4734 2741 4788 Christi
2791 4734 3124 4791 evehuntur.
3154 4732 3464 4784 Audieruot
3505 4740 3558 4784 et

1984 4826 2087 4894 ipsi
2117 4845 2129 4880 :
2166 4846 2183 4877 ι
2214 4824 2310 4879 Exi
2336 4824 2404 4880 de
2428 4834 2572 4880 terra
2600 4837 2726 4882 tua:
2757 4844 2774 4875 ι
2810 4824 2956 4895 quod
2989 4840 3152 4894 quam
3185 4830 3412 4877 strenue
3441 4838 3558 4892 cge-

1986 4921 2116 4982 rint,
2146 4919 2272 4973 audi
2329 4918 2461 4989 quid
2498 4917 2726 4973 dicant:
2772 4937 2789 4978 ᾳ
2826 4915 2943 4972 Νοη
2976 4916 3123 4971 enim
3157 4915 3428 4970 habemus
3472 4915 3557 4975 hir

1985 5020 2295 5064 manentem
2329 5009 2633 5075 civitatem,
2663 5009 2755 5065 sed
2786 5010 3024 5072 futuram
3062 5006 3401 5079 inquirimus
3428 5008 3498 5069 ",
3540 5025 3559 5056 ι

1985 5104 2145 5173 cujus
2179 5101 2359 5171 opifex
2389 5109 2443 5156 et
2474 5100 2731 5156 conditor
2760 5110 2844 5155 est
2879 5099 3042 5155 Deus.
3085 5097 3371 5168 Peregrini
3416 5098 3561 5151 enim

1990 5200 2122 5248 sunt
2168 5201 2222 5247 et
2275 5192 2499 5245 advenae
2534 5191 2764 5245 interra
2816 5192 2906 5261 qui
2935 5191 3213 5245 cmlestem
3249 5189 3417 5242 vitam
3462 5188 3555 5244 du-

1991 5292 2143 5345 cunt,
2175 5291 2227 5335 et
2262 5292 2462 5336 terram
2488 5281 2686 5335 affectu
2714 5297 2775 5335 ac
2798 5283 2983 5337 studio
3002 5281 3223 5353 pictatis
3247 5296 3375 5350 erga
3399 5279 3561 5334 Deum

1990 5377 2336 5445 relinquunt,
2386 5390 2637 5443 superna:
2684 5375 2986 5433 mansionis
3014 5370 3293 5441 desiderio
3321 5356 3334 5425 ὲ
3367 5370 3559 5441 ηυίρρε

1992 5468 2132 5522 hanc
2163 5467 2247 5521 eis
2275 5450 2825 5531 Salvator'ostendit,
2854 5465 3043 5520 dicens
3079 5483 3094 5519 :
3132 5486 3149 5516 ι
3189 5461 3342 5531 vado
3373 5476 3562 5533 parare

1999 5557 2151 5614 vobis
2184 5552 2362 5635 loctm
2390 5574 2403 5619 ;
2434 5572 2557 5613 cum
2585 5568 2764 5612 autem
2798 5573 3022 5631 venero,
3072 5555 3334 5627 accipiam
3361 5534 3464 5615 ’τοῦ
3501 5542 3564 5606 ad

405 5763 450 5793 “
491 5760 631 5818 Gen.
678 5778 763 5828 xv,
796 5760 849 5818 6.
930 5760 972 5792 "
1011 5758 1144 5816 Gen.
1180 5770 1279 5821 In,
1322 5751 1371 5807 l.
1449 5755 1494 5786 "
1542 5750 1789 5813 10am",
1830 5745 1920 5802 96.
1998 5747 2038 5780 '”
2064 5744 2221 5803 Joan.
2249 5783 2285 5811 .,
2311 5745 2405 5801 29.
2482 5747 2523 5777 ⁷“³
2550 5743 2715 5802 llebr.
2741 5742 2863 5809 siit,
2892 5740 2974 5797 ll.
