4056 6536
513 399 621 459 387

514 609 822 665 Audierunt
884 602 1192 659 exeundum
1250 614 1375 655 esse
1438 595 1506 651 de
1571 594 1902 664 cognatione
1962 607 2083 646 sua.

516 703 587 756 At
625 696 901 772 quomodo
959 694 1104 751 istud
1156 687 1715 748 demonstrabimus?
1768 685 1949 756 Ipsum
1988 684 2086 738 tibi

516 792 795 849 Christum
826 788 1173 857 interpretem
1204 782 1577 836 adducemus:
1618 798 1637 831 ι
1675 778 1777 844 Qui
1813 784 1963 830 amat
1995 790 2088 847 pa-

516 893 657 939 trem
702 888 796 937 aut
827 886 1055 933 matrem
1098 877 1221 947 plus
1250 887 1418 944 quam
1452 886 1559 936 me,
1594 885 1702 926 non
1736 877 1822 924 est
1871 883 1957 922 me
2006 866 2089 921 di-

517 990 660 1046 gnus
681 974 750 1029 ⁷⁸.
791 992 809 1025 ι
846 969 1002 1037 Quod
1047 976 1226 1022 autem
1280 963 1528 1020 terrestri
1562 972 1615 1018 et
1643 962 1857 1018 carnali
1888 975 2091 1030 cogna-

517 1067 654 1121 tioni
704 1070 923 1135 praestet
957 1059 1049 1115 Dei
1100 1056 1364 1122 amicitia,
1392 1065 1447 1111 et
1489 1055 1632 1123 apud
1694 1054 1815 1123 ejus
1845 1052 2090 1107 cultores

518 1155 678 1225 longe
711 1153 890 1222 potior
920 1150 991 1204 sit
1042 1148 1095 1202 in
1124 1147 1401 1202 Christum
1438 1144 1685 1208 dilectio,
1719 1143 1905 1213 utique
1930 1142 2090 1197 dubi-

516 1248 742 1302 tandum
789 1259 899 1298 non
948 1250 1050 1298 est.
1106 1240 1171 1294 Et
1218 1241 1413 1295 beatus
1452 1237 1672 1309 quidem
1705 1236 1981 1290 Abraham
2026 1234 2093 1288 ﬁ-

516 1340 654 1397 lium
692 1351 854 1393 suum
902 1334 958 1389 in
998 1334 1223 1388 odorem
1257 1329 1544 1386 suavitatis
1584 1326 1781 1383 oﬁ'erre
1822 1325 1931 1380 Deo
1968 1326 2091 1395 jus-

517 1444 615 1486 sus
642 1437 727 1484 est
751 1426 833 1477 ’δε
875 1425 929 1479 hi
962 1438 1091 1479 vero
1124 1422 1339 1492 justitia
1387 1421 1508 1476 ﬁdei
1552 1418 1852 1490 praecincti,
1886 1432 2093 1487 nequa-

518 1536 681 1592 quam
714 1518 874 1585 alios,
905 1516 999 1573 sed
1037 1516 1249 1586 seipsos
1281 1513 1423 1584 jussi
1456 1520 1585 1567 sunt
1621 1510 1837 1566 oﬁ‘erre.
1864 1529 1883 1562 ι
1923 1510 2091 1565 Exhi-

516 1610 697 1666 beatis
754 1610 929 1674 enim,
966 1608 1164 1677 inquit,
1216 1619 1452 1676 corpora
1497 1610 1679 1658 vestra
1729 1602 1964 1656 hostiam
2009 1601 2093 1655 vi-

518 1710 762 1766 ventem,
806 1708 1076 1762 sanctam,
1108 1699 1218 1753 Deo
1251 1698 1577 1768 placentem,
1630 1694 1958 1751 rationabile
1995 1693 2093 1748 ob-

520 1795 773 1862 sequium
808 1800 1051 1848 vestrum
1076 1791 1147 1857 ",
1184 1808 1203 1840 ι
1239 1805 1361 1845 cum
1391 1798 1444 1844 et
1477 1789 1543 1844 de
1572 1788 1642 1844 iis
1668 1788 1934 1858 scriptum
1976 1786 2088 1841 sit:

524 1903 545 1937 ι
585 1884 689 1953 Qui
715 1894 891 1939 autem
924 1891 1052 1938 sunt
1098 1882 1301 1937 Christi
1331 1879 1485 1946 Jesu,
1514 1894 1736 1936 carnem
1768 1895 1922 1935 suam
1959 1893 2090 1932 cru-

520 1978 812 2031 ciﬁxerunt
840 1990 963 2030 cum
996 1975 1144 2030 vitiis
1195 1981 1249 2028 et
1279 1972 1740 2043 concupiscentiis
1771 1971 1839 2025 ⁷⁷.
1886 1991 1903 2021 ι
1951 1969 2094 2024 Prae-

520 2077 671 2124 terea
704 2075 1077 2139 cognoverunt
1108 2066 1214 2137 ipsi
1244 2081 1464 2135 quoque
1502 2065 1711 2119 Christi
1742 2062 2091 2135 mysterium.

521 2160 717 2217 Sciunt
742 2161 891 2215 enim
925 2159 1158 2214 virtutes
1203 2158 1369 2212 futuri
1401 2158 1611 2222 saeculi,
1646 2166 1845 2224 etquae
1876 2155 1929 2209 in
1965 2153 2093 2208 ulti-

523 2253 627 2306 mis
659 2251 840 2305 futura
874 2257 1005 2305 sunt
1027 2248 1395 2320 temporibus,
1435 2249 1539 2304 sibi
1570 2263 1792 2303 suorum
1846 2247 2093 2300 laborum

522 2344 744 2414 praemia
773 2344 961 2399 datum
993 2342 1082 2406 iri,
1114 2350 1168 2397 et
1195 2341 1419 2412 pietatis
1449 2341 1505 2395 in
1539 2340 1822 2394 Christum
1859 2338 2092 2392 retribu-

522 2437 750 2490 tionem.
783 2434 943 2505 891
995 2435 1184 2499 Itaque
1208 2434 1345 2504 justi
1383 2440 1437 2488 et
1469 2432 1632 2486 amici
1663 2430 1756 2485 Dei
1807 2445 2093 2499 nuncupa-

523 2526 726 2589 bimur,
761 2525 924 2581 sicuti
944 2524 1242 2578 Abraham.
1267 2523 1452 2592 Longe
1481 2537 1612 2577 vero
1636 2521 1793 2591 legali
1816 2521 2097 2589 antiquior

521 2623 606 2669 est
656 2613 967 2683 evangelica
1001 2613 1368 2678 conversatio,
1401 2612 1453 2665 id
1484 2619 1568 2666 est
1608 2611 1698 2665 illa
1735 2625 1858 2682 qua:
1904 2625 2004 2680 per
2030 2609 2095 2663 ﬁ-

522 2706 646 2762 dem
676 2715 730 2760 et
758 2706 1060 2760 amicitiam
1088 2705 1182 2759 Dei
1208 2706 1261 2759 in
1298 2705 1474 2775 primo
1509 2703 1733 2774 quidem
1788 2713 1921 2760 tunc
1955 2703 2097 2772 ﬁgu-

521 2807 641 2855 rata
670 2810 753 2854 est
793 2799 1127 2861 Abrahamo,
1180 2806 1240 2852 ut
1285 2800 1339 2851 in
1375 2798 1593 2868 generis
1634 2798 1935 2853 secundum
1971 2811 2095 2850 car-

522 2905 669 2954 nem,
709 2889 812 2943 hoc
844 2896 929 2944 est
959 2888 1180 2943 lsraelis
1211 2887 1500 2956 principio,
1530 2885 1627 2940 sed
1661 2902 1807 2942 nunc
1832 2896 2095 2956 tanquam

523 2998 554 3036 a
589 2990 719 3051 typo
757 2979 825 3033 ad
871 2980 1154 3033 veritatem
1190 2977 1461 3048 pervenit,
1496 2985 1551 3031 et
1590 2977 1645 3030 in
1700 2976 1911 3031 sanctis
1960 2976 2096 3046 ipsis

524 3071 812 3141 discipulis
842 3071 991 3125 velut
1021 3070 1075 3123 in
1109 3069 1371 3138 primitiis
1398 3068 1614 3137 generis
1642 3067 1943 3122 secundum
1987 3068 2097 3137 spi-

1510 385 1568 439 S.
1615 377 1889 439 CYRILLI
1949 372 2417 432 ALEXANDRINI
2459 374 2777 434 ARCIIIEP.

510 518 826 589 meipsum,
892 520 952 569 ut
1002 513 1091 568 ubi
1153 525 1271 566 sum
1333 522 1454 580 ego,
1505 516 1561 563 et
1611 520 1710 560 vos
1767 505 1889 560 sitis
1937 504 2007 561 τ’.
2063 520 2080 552 ι

2198 501 2453 570 ἐμαυτοῦ,
2490 503 2576 555 ἵνα
2607 503 2742 557 ὅπου
2770 502 2885 574 εἰμὶ
2915 501 3045 570 ἐγὼ,
3066 501 3160 557 καὶ
3194 504 3351 573 ὑμεῖς
3379 499 3500 574 ἦτε.
3526 521 3544 555 ι
3576 504 3781 558 Ἤκουσ-

3671 384 3775 441 888

2190 609 2289 646 σαν
2338 592 2574 658 ἐξελθεῖν
2606 593 2715 646 ἀπὸ
2756 593 2859 664 τῆς
2914 593 3236 664 συγγενείας
3268 594 3470 650 αὐτῶν.
3513 595 3628 648 Καὶ
3662 595 3777 658 πῶς

2187 685 2346 737 τοῦτο
2388 684 2674 755 δείξομεν;
2707 686 2880 740 Αὐτόν
2914 704 2996 740 σοι
3045 686 3380 758 παροίσομεν
3425 686 3658 756 λέγοντα
3687 688 3777 740 τὸν

2190 778 2422 849 Χριστόν
2442 794 2453 805 ⁸
2487 798 2505 830 ι
2527 779 2586 831 Ὀ
2618 778 2786 847 φιλῶν
2812 779 3026 850 πατέρα
3046 779 3080 848 ἢ
3107 779 3320 851 μητέρα
3358 780 3501 851 ὑπὲρ
3534 779 3659 850 ἐμὲ,
3677 780 3776 831 οἰκ

2189 870 2304 923 ἐστι
2335 889 2437 941 μου
2467 872 2670 936 ἄξιος.»
2699 874 2822 926 Ὅτι
2846 872 2903 926 δὲ
2930 874 3251 942 συγγενείας
3275 874 3373 944 τῆς
3404 872 3655 940 ἐπιγείου
3684 872 3777 923 καὶ

2191 963 2461 1034 σαρκικῆς
2502 964 2896 1036 προτετίμηται
2925 966 2995 1019 τὰ
3025 964 3176 1037 παρὰ
3216 965 3375 1029 Θεοῦ,
3406 964 3504 1018 καὶ
3548 961 3684 1015 πολὺ
3709 962 3773 1033 δὴ

2190 1056 2455 1127 κρείττων
2496 1059 2530 1128 ἡ
2585 1059 2665 1122 είς
2706 1059 2938 1130 Χριστὸν
2973 1059 3162 1130 ἀγάπη
3209 1057 3486 1124 τέθειται,
3525 1056 3682 1126 παρά
3710 1070 3774 1123 γε

2188 1149 2301 1212 τοῖς
2326 1148 2638 1219 σεϐομένοις
2669 1150 2831 1204 αὑτὸν
2847 1192 2862 1216 ,
2886 1150 3101 1222 άληθῶς
3122 1150 3225 1204 οὐκ
3250 1149 3576 1221 ἀμφίλογον.
3610 1147 3720 1201 Καὶ
3747 1150 3776 1200 ὁ

2195 1243 2295 1311 μὲν
2317 1243 2587 1314 μακάριος
2613 1243 2866 1316 Ἀϐραὰμ
2889 1244 2980 1297 τὸν
3026 1244 3155 1298 ίδιον
3195 1244 3308 1297 υἱὸν
3351 1244 3430 1307 εἰς
3466 1240 3643 1312 ὀσμὴν
3684 1241 3775 1295 εὐ-

2190 1331 2355 1398 ωδίας
2377 1336 2750 1405 προσαγαγεῖν
2776 1335 2856 1405 τῷ
2878 1335 2998 1405 Θεῷ
3030 1332 3361 1389 διεκελεύετο
3379 1348 3394 1364 ·
3431 1334 3479 1386 oi
3509 1333 3569 1385 δὲ
3589 1330 3691 1402 τὴν
3719 1332 3775 1385 ἐν

2193 1423 2375 1478 πίστει
2396 1424 2738 1497 δικαιοσύνην
2759 1426 3219 1497 περιζωσάμενοι,
3238 1426 3337 1495 οὐχ
3365 1424 3586 1495 ἐτέρους
3608 1439 3776 1493 προσ-

2193 1515 2439 1581 αγαγεῖν,
2468 1514 2582 1567 ἀλλ’
2611 1517 2836 1579 ἑαυτοὺς
2868 1514 3289 1585 ἐκελεύσθησαν.
3328 1534 3346 1565 ι
3375 1512 3773 1583 Παραστήσατε

2193 1603 2322 1675 γὰρ,
2359 1605 2511 1675 φησὶ,
2543 1606 2613 1660 τὰ
2655 1605 2882 1677 σώματα
2926 1604 3081 1676 ὑμῶν
3126 1602 3318 1658 Θυσίαν
3358 1601 3563 1667 ζῶσαν,
3592 1601 3771 1670 ἁγίαν,

2194 1694 2486 1767 εὐάρεστον
2511 1696 2590 1768 τῷ
2637 1696 2777 1768 Θεῷ,
2822 1696 2920 1768 τὴν
2967 1695 3190 1768 λογικὴν
3228 1694 3485 1767 λατρείαν
3534 1694 3719 1763 ΰμῶνζ
3750 1712 3769 1745 ι

2195 1787 2285 1839 ὅτε
2319 1787 2412 1841 καὶ
2444 1788 2752 1860 γέγραπται
2780 1790 2906 1859 περὶ
2954 1787 3134 1843 αὐτῶν
3164 1803 3178 1817 ⁸
3212 1805 3233 1840 ι
3277 1786 3341 1840 Ui
3375 1787 3485 1858 γάρ
3511 1786 3606 1839 τοῦ
3644 1785 3778 1856 Χριο

2196 1877 2322 1931 στοῦ
2366 1879 2543 1948 Ἰησοῦ
2592 1879 2692 1951 τὴν
2727 1880 2909 1951 σάρκα
2935 1876 3288 1951 ἐσταύρωσαν
3319 1879 3417 1932 σὺν
3453 1878 3568 1941 τοῖς
3599 1877 3774 1948 παθή-

2197 1983 2329 2037 μασι
2379 1970 2472 2024 καὶ
2513 1971 2631 2033 ταῖς
2677 1970 3010 2040 ἐπιθυμίαις.
3046 1989 3065 2022 ι
3101 1969 3384 2038 Ἕγνωσαν
3404 1964 3463 2022 δέ
3498 1968 3595 2022 καί
3624 1964 3777 2020 αὐτοὶ

2192 2063 2254 2118 τὸ
2285 2065 2343 2116 ἐν
2372 2060 2591 2134 Χριστῷ
2632 2061 2951 2133 μυστήριον.
2986 2062 3162 2115 ’Ἰσασι
3191 2061 3299 2132 γὰρ
3343 2060 3606 2131 δυνάμεις
3650 2058 3776 2128 μέλ·

2194 2153 2375 2217 λοντος
2402 2151 2597 2215 αἰῶνος
2622 2191 2637 2215 ,
2662 2152 2762 2206 καί⁵
2782 2151 2850 2205 τὰ
2894 2152 2951 2204 ἐν
2980 2151 3231 2221 ἐσχάτοις
3276 2151 3513 2220 ἐσόμενα
3537 2151 3773 2219 καιροῖς,

2193 2248 2277 2301 ὅτι
2318 2246 2427 2300 τῶν
2457 2246 2603 2299 ίδίων
2630 2244 2996 2315 ἀπολήψονται
3035 2244 3213 2298 πόνων
3243 2245 3369 2307 τοὺς
3403 2241 3652 2316 μισθοὺς,
3684 2240 3776 2295 καὶ

2194 2341 2293 2412 τῆς
2316 2343 2395 2405 είς
2438 2338 2678 2409 Χριστὸν
2716 2339 2998 2403 εὐσεϐείας
3029 2337 3471 2409 ἀντικομιοῦνται
3495 2338 3597 2408 τὴν
3617 2338 3775 2406 ἀμοι-

2196 2432 2317 2504 ϐήν.
2335 2432 2543 2487 Οὐκοῦν
2576 2433 2775 2486 δίκαιοί
2803 2449 2860 2486 τε
2888 2432 2983 2485 καί⁵
3009 2432 3149 2501 φίλοι
3171 2430 3304 2484 Θεοῦ
3338 2448 3441 2502 χρη
3451 2428 3772 2500 ματιοῦμεν,

2195 2523 2447 2595 καθάπερ
2508 2523 2780 2595 Ἀϐραάμ.
2820 2523 3177 2594 Ἀρχαιοτέρα
3207 2519 3263 2574 δέ
3317 2520 3521 2592 σφόδρα
3550 2519 3654 2589 τῆς
3691 2536 3775 2572 νο⁶

2199 2616 2364 2686 μικῆς
2408 2615 2746 2686 πολιτείας-ἠ
2797 2613 3165 2684 εὑαγγελικὴ,
3202 2612 3345 2666 τοῦτ’
3403 2611 3571 2677 ἐστιν,
3611 2614 3645 2684 ή
3688 2609 3775 2665 διὰ

2195 2706 2431 2768 πίστεως
2454 2746 2468 2770 ,
2497 2704 2592 2758 καὶ
2625 2703 2807 2773 φιλίας
2852 2703 3011 2767 Θεοῦ,
3039 2706 3096 2758 ἐν
3133 2703 3334 2774 πρώτῳ
3374 2703 3473 2774 μὲν
3513 2703 3638 2756 τότε
3662 2703 3774 2757 δια·

2196 2795 2555 2867 πεπλασμένη
2600 2794 2677 2865 τῷ
2746 2794 3130 2865 Ἀϐραάμ,ὼς
3182 2796 3240 2848 ἐν
3287 2795 3427 2865 ἀρχῇ
3479 2792 3575 2847 τοῦ
3633 2793 3773 2848 κατά

2198 2887 2376 2958 σάρκα
2400 2886 2591 2955 γένους
2610 2928 2625 2951 ,
2655 2886 2800 2941 τοῦτ’
2845 2886 2961 2940 ἐστι
2996 2888 3092 2942 τοῦ
3137 2887 3351 2959 Ἰσραήλ
3372 2902 3387 2914 ·
3418 2886 3690 2959 ἐρχομένη
3720 2886 3774 2941 δέ

2197 2981 2331 3043 νυνὶ,
2363 2980 2614 3050 καθάπερ
2642 2980 2705 3032 ἐκ
2736 2978 2907 3032 τύπου
2936 2979 3073 3050 πρὸς
3119 2977 3395 3049 ἀλήθειαν,
3420 2976 3773 3049 πληρουμένη

2194 3089 2255 3125 τε
2308 3071 2488 3135 καλῶς
2532 3073 2590 3125 ἐν
2640 3072 2822 3135 αὐτοῖς
2873 3074 2986 3135 τοῖς
3033 3071 3208 3141 ἁγίοις
3266 3071 3565 3141 μαθηταῖς,
3594 3071 3674 3133 ὼς
3719 3072 3774 3122 ἐν

523 3161 697 3217 ritum
733 3170 881 3216 recte
908 3160 1258 3231 adimpletur,
1288 3160 1437 3230 quod
1473 3160 1764 3229 acquisivit
1804 3160 1860 3214 in
1905 3161 2091 3229 acqui-

2198 3165 2414 3235 άπαρχῇ
2448 3164 2541 3218 τοῦ
2573 3164 2712 3218 κατὰ
2741 3162 2959 3234 πνεῦμα
2983 3162 3193 3232 γένους,
3210 3162 3304 3216 τοῦ
3336 3165 3431 3216 καὶ
3458 3180 3774 3234 περιποιουο

525 3253 779 3309 sitionem
828 3252 1039 3322 populi,
1076 3252 1170 3321 qui
1218 3259 1269 3306 et
1293 3267 1427 3323 gens
1473 3260 1683 3313 sancta,
1716 3259 1769 3307 et
1796 3251 1978 3321 regale
2008 3267 2099 3307 sa-

525 3346 831 3401 cerdotium
863 3356 1214 3414 nuncupatur
1245 3346 1310 3399 7'.
1341 3344 1574 3416 Ideoque
1607 3354 1660 3400 et
1684 3346 1751 3401 ad
1785 3344 2097 3400 Judaeorum

525 3445 780 3500 matrem,
810 3435 865 3490 id
895 3444 980 3492 est
1026 3435 1394 3507 Synagogam,
1430 3452 1526 3506 per
1564 3434 1868 3491 Psalmistze
1904 3450 2098 3491 vocem

526 3530 736 3587 dictum
764 3536 893 3586 est:
931 3547 951 3581 ι
984 3528 1090 3584 Pro
1116 3529 1368 3599 patribus
1395 3528 1503 3586 tuis
1553 3528 1668 3583 nati
1716 3536 1848 3585 sunt
1885 3528 1984 3583 tibi
2039 3529 2100 3582 ﬁ-

525 3621 588 3679 lii
615 3622 685 3677 ".
720 3640 741 3675 ι
778 3620 1042 3689 Quamvis
1094 3623 1242 3677 enim
1277 3629 1459 3677 essent
1511 3621 1608 3675 ﬁlii
1655 3620 1954 3694 Synagogae
2001 3619 2100 3677 Ju-

527 3713 770 3769 daeorum
810 3712 979 3769 divini
1032 3713 1289 3785 discipuli
1338 3713 1609 3784 (moribus
1658 3714 1804 3770 enim
1848 3712 2100 3769 Judaicis

527 3802 781 3858 innutriti
831 3804 1100 3873 fuerant),
1159 3806 1215 3860 in
1274 3812 1458 3875 patres
1514 3813 1699 3860 tamen
1759 3806 1889 3859 facti
1948 3813 2098 3870 sunt,

525 3892 822 3951 Abrahami
875 3896 1056 3951 locum
1115 3904 1389 3962 tenentes,
1448 3903 1504 3952 et
1559 3896 1778 3966 generis
1833 3896 2101 3965 spiritalis

527 3987 857 4058 principium
888 3985 1019 4041 iacti
1046 3997 1194 4049 sunt,
1232 3996 1395 4057 atque
1428 3986 1635 4042 idcirco
1665 3985 1827 4055 primi
1859 4002 1955 4055 per
1986 3986 2102 4040 uni-

530 4091 753 4132 versum
802 4080 989 4132 orbem
1030 4078 1314 4133 constituti
1350 4086 1500 4141 sunt,
1534 4088 1590 4133 et
1629 4078 1720 4148 qui
1758 4077 2103 4132 immolarent

525 4170 983 4242 [sanctiﬁcarent]
1018 4168 1373 4241 Evangelium
1411 4170 1639 4236 Christi,
1663 4170 1809 4226 sicut
1839 4169 1932 4224 ille
1958 4171 2011 4224 in
2042 4169 2102 4223 ﬁ-

528 4273 664 4332 gura
698 4259 902 4316 Christi
936 4259 1105 4315 ﬁlium
1137 4277 1299 4316 suum
1332 4262 1507 4318 Isaac.
1538 4261 1665 4316 llaec
1715 4261 1971 4325 dicimus,
2009 4276 2102 4316 ne:

528 4367 802 4424 quaquam
824 4353 1007 4408 debita
1034 4361 1087 4408 et
1108 4354 1456 4410 convenienti
1480 4355 1655 4425 gloria
1677 4354 1895 4410 beatum
1927 4354 2105 4410 Abra-

529 4443 751 4499 hamum
798 4442 1209 4508 defraudantes,
1243 4448 1340 4503 sed
1388 4446 1747 4502 ostendentes
1790 4447 1845 4501 in
1881 4462 1945 4502 eo
1979 4456 2100 4502 tan-

527 4550 692 4607 quam
738 4535 793 4590 in
824 4543 953 4609 typo
994 4539 1307 4608 dispensata
1359 4538 1530 4594 fuisse
1565 4554 1660 4608 per
1708 4538 1987 4594 Christum
2035 4554 2097 4593 ea

527 4640 651 4696 quae
680 4626 998 4682 novissimis
1026 4630 1363 4698 temporibus
1390 4629 1761 4700 contigerunt.
1795 4631 2100 4685 Comitatur

529 4717 733 4787 itaque,
761 4726 816 4773 et
839 4718 1097 4790 colligata
1138 4728 1221 4776 est
1252 4722 1659 4791 quodammodo
1689 4723 1930 4779 libertati
1976 4724 2099 4779 ﬁdei

529 4810 735 4865 amoris
779 4826 906 4882 erga
948 4811 1117 4867 Deum
1165 4813 1440 4884 dignitas:
1489 4815 1633 4886 quod
1666 4817 1843 4872 visum
1879 4818 2099 4888 quidem

527 4908 610 4954 est
639 4907 770 4955 tunc
804 4900 857 4955 in
888 4902 1066 4973 primo
1094 4903 1185 4957 illo
1203 4905 1549 4961 Abrahamo:
1588 4922 1736 4962 nunc
1764 4916 1948 4963 autem
1978 4924 2103 4964 rur-

529 5006 627 5048 sus
680 4993 735 5047 in
787 4995 994 5049 sanctis
1048 4996 1339 5067 discipulis
1393 5006 1655 5069 tanquam
1712 5000 1768 5055 in
1822 5002 2099 5072 primitiis.

529 5083 686 5151 Quod
722 5093 779 5139 ut
812 5102 1123 5144 asseramus
1151 5089 1372 5146 divinus
1399 5092 1491 5148 ille
1520 5092 1724 5147 Paulus
1767 5109 1870 5150 nos
1907 5094 2101 5165 adigit,

533 5176 627 5245 qui
656 5192 780 5231 cum
809 5176 1013 5235 Iudaeis
1052 5183 1213 5237 enixe
1261 5184 1632 5240 contendebat
1665 5185 1788 5240 ﬁdei
1834 5186 2103 5256 justitiam

532 5264 693 5337 longe
739 5271 1105 5341 antiquiorem
1149 5289 1274 5329 esse
1306 5274 1487 5344 legali.
1539 5275 1676 5329 Cum
1714 5275 1862 5330 enim
1894 5277 1961 5332 de
1994 5276 2101 5331 cir-

532 5358 873 5417 cumcisione
923 5365 1109 5421 carnis
1164 5366 1333 5421 verba
1388 5366 1626 5433 faceret,
1662 5382 1773 5423 non
1832 5369 1997 5424 aliam
2030 5370 2103 5427 ob

531 5464 755 5506 causam
783 5452 964 5509 datam
999 5471 1123 5511 esse
1165 5456 1310 5512 hanc
1340 5457 1561 5526 generis
1591 5458 1873 5528 primitiis,
1922 5459 1979 5514 id
2023 5470 2107 5516 est

532 5538 864 5609 Abrahamo,
892 5546 1261 5611 conﬁrmavit,
1294 5562 1460 5618 quam
1513 5558 1573 5605 ut
1604 5560 1989 5622 argumentum
2016 5567 2106 5607 es-

532 5635 618 5686 set
644 5644 711 5687 ac
756 5633 1096 5704 signaculum
1125 5636 1249 5691 ﬁdei
1285 5652 1406 5708 quae
1436 5637 1491 5694 in
1535 5644 1819 5713 praputio.
1849 5640 2005 5708 Quod
2055 5643 2099 5698 si

604 5746 823 5827 τροπῇ,
848 5769 959 5827 35w,
992 5756 1044 5810 3.
1119 5757 1164 5787 '"‘
1190 5758 1377 5814 Matth.
1411 5761 1567 5827 3,37.

535 5831 595 5887 ll,
633 5820 691 5877 9.
785 5824 828 5855 7’
856 5824 1002 5879 I’snl.
1044 5841 1185 5890 κων,
1220 5829 1270 5882 7.

1649 5765 1691 5797 τι
1721 5764 1832 5820 cm
1883 5782 2021 5833 xm,
2062 5768 2082 5820 ί
2118 5782 2271 5841 804‘!—

2200 3255 2365 3326 μένου
2411 3257 2491 3319 εἰς
2540 3254 2886 3327 περιποίησιν
2916 3254 3066 3322 λαοῦ,
3098 3254 3159 3318 ὃς
3191 3255 3286 3309 καὶ
3311 3254 3461 3319 ἔθνος
3489 3255 3647 3323 άγιον
3682 3254 3775 3308 καὶ

2200 3346 2472 3418 βασίλειον
2517 3347 2813 3418 ἱεράτευμα
2862 3345 3351 3418 προσαγορεύεται.
3388 3345 3481 3400 Διὸ
3511 3347 3607 3400 καὶ
3643 3343 3776 3417 πρὸς

2198 3440 2297 3509 τὴν
2320 3440 2427 3492 τῶν
2460 3439 2726 3493 Ἰουδαίων
2760 3438 2991 3510 μητέρα,
3023 3438 3166 3510 φημὶ
3200 3438 3264 3508 δὴ
3291 3438 3389 3510 τὴν
3422 3440 3775 3510 Συναγωγὴν,

2198 3530 2289 3584 διὰ
2325 3533 2421 3603 τῆς
2459 3531 2553 3585 τοῦ
2577 3531 2887 3594 Ψάλλοντος
2928 3530 3141 3603 εἴρηται
3177 3531 3389 3603 φωνῆς·
3428 3552 3448 3586 ι
3490 3534 3640 3588 Ἀντὶ
3673 3534 3777 3589 τῶν

2202 3620 2451 3691 πατέρων
2494 3636 2589 3673 σου
2658 3619 3026 3690 ἐγεννήθησαν
3088 3621 3138 3673 οἱ
3197 3620 3302 3674 υίοί
3362 3639 3476 3676 σου.
3524 3641 3543 3674 ι
3584 3623 3778 3676 Καίτοι

2200 3712 2309 3785 γὰρ
2341 3712 2492 3775 ὄντες
2513 3712 2619 3764 υἱοὶ
2637 3710 2737 3783 τῆς
2761 3712 3034 3765 Ἰουδαίων
3064 3712 3394 3783 Συναγωγῆς
3419 3714 3472 3766 οἱ
3500 3713 3779 3767 θεσπέσιος

2204 3804 2442 3877 μαθηταὶ
2482 3804 2648 3875 (ἔθεσι
2693 3804 2802 3875 γάρ
2843 3804 3229 3877 ἀνετράφησαν
3276 3808 3382 3870 τοῖς
3414 3805 3776 3877 Μωσαῖκοῖς),

2202 3899 2491 3967 γεγόνασιν
2518 3900 2596 3962 είς
2639 3898 2903 3970 πατέρας,
2928 3898 3028 3969 τὴν
3062 3896 3157 3952 τοῦ
3202 3896 3455 3970 Ἀϐραάμ
3485 3899 3777 3970 ἐπέχοντες

2201 3991 2371 4055 τάξιν,
2397 3991 2491 4044 καὶ
2518 3991 2705 4059 γένους
2722 3991 2865 4061 ἁρχὴ
2889 3990 3229 4061 κατέστησαν
3257 3989 3353 4044 τοῦ
3377 3993 3773 4062 πνευματικοῦ,

2201 4080 2459 4151 ἄρχοντές
2488 4097 2548 4132 τε
2576 4079 2664 4134 διά
2706 4079 2866 4132 τοῦτο
2914 4079 3382 4150 κεχειροτόνηνται
3416 4079 3563 4132 κατὰ
3599 4080 3774 4132 πᾶσαν

2201 4172 2299 4243 τὴν
2352 4170 2676 4241 οίκουμένην
2739 4171 3145 4241 ἱερουργοῦντες
3191 4170 3253 4223 τὸ
3300 4170 3635 4238 Εὐαγγέλιον
3684 4168 3772 4223 τοῦ

2202 4264 2474 4337 Χριστοῦ,
2509 4263 2763 4333 καθάπερ
2818 4265 3024 4326 ἐκεῖνος
3076 4264 3133 4316 ἐν
3182 4262 3336 4334 τύπῳ
3391 4263 3634 4335 Χριστοῦ
3689 4264 3774 4316 τὸν

2216 4356 2419 4412 Ἰσαάκ.
2476 4356 2661 4410 Ταῦτά
2691 4373 2891 4425 φαμεν,
2933 4356 3053 4426 οὐχὶ
3102 4355 3203 4426 τῆς
3233 4355 3592 4427 ὀφειλομένης
3631 4355 3772 4427 αὐτῷ

2206 4451 2299 4504 καὶ
2356 4448 2674 4521 πρεπούσης
2718 4447 2876 4519 δόξης
2932 4447 3035 4512 ἔξω
3074 4447 3313 4510 τιθέντες
3364 4446 3455 4500 τὸν
3509 4448 3770 4518 μακάριον

2215 4544 2486 4615 Ἀϐραάμ,
2515 4542 2629 4595 ἀλλ’
2660 4540 2735 4603 ὠς
2756 4543 2814 4594 ἐν
2846 4540 3002 4612 τύπῳ
3045 4540 3382 4604 δεικνύοντες
3426 4541 3484 4592 ἐν
3528 4542 3677 4612 αὐτῷ
3707 4540 3769 4594 τὰ

2200 4637 2258 4689 ἐν
2308 4635 2559 4706 ἐσχάτοις
2622 4634 2834 4705 καιροῖς
2890 4630 3313 4701 οίκονομηθέντα
3376 4629 3465 4684 διά
3512 4629 3766 4701 Χριστοῦ.

2199 4726 2510 4798 Παρὲπεται
2562 4724 2741 4778 τοίνυν
2784 4723 2877 4776 καὶ
2931 4721 3281 4786 συνέζευκταί
3324 4738 3440 4786 πως
3472 4724 3537 4793 τῇ
3572 4721 3662 4775 διά
3690 4722 3770 4775 πί-

2203 4837 2370 4883 στεως
2398 4818 2699 4889 ἐλευθερίᾳ,
2720 4816 2783 4870 τὸ
2804 4816 2903 4885 τῆς
2935 4814 3071 4886 πρὸς
3099 4813 3231 4868 Θεὸν
3259 4814 3439 4884 φιλίας
3458 4814 3518 4867 τέ
3539 4814 3770 4883 ἀξίωμα,

2200 4914 2336 4982 ὅπερ
2366 4910 2525 4980 ὤφθη
2556 4909 2653 4980 μὲν
2686 4910 2743 4961 ἐν
2774 4906 2974 4978 πρώτῳ
3004 4907 3125 4960 τότε
3152 4905 3230 4977 τῷ
3270 4906 3549 4978 ’Δϐραάρυ
3582 4909 3699 4960 νυνὶ
3720 4907 3773 4960 δέ

2201 5003 2381 5064 πάλιν,
2417 5002 2492 5064 ὡς
2533 5002 2589 5054 ἐν
2620 5000 2843 5070 ἁπαρχῇ
2878 5000 2989 5060 τοῖς
3036 4995 3211 5064 ἁγίοις
3271 4994 3560 5065 μαθηταῖς.
3595 4995 3775 5066 Παρα-

2201 5094 2423 5165 κομίσαι
2456 5093 2513 5146 δέ
2541 5109 2657 5155 πως
2700 5092 2793 5144 ἐπί
2839 5090 2901 5142 τὸ
2936 5086 3109 5141 ταῦτα
3151 5086 3347 5159 χρῆναι
3372 5085 3552 5153 λέγειν
3585 5084 3775 5156 ημᾶςό

2204 5184 2490 5246 θεσπέσιος
2519 5180 2749 5243 Παῦλος,
2780 5179 2841 5232 οὐ
2897 5177 3131 5250 μετρίως
3170 5180 3282 5242 τοῖς
3319 5175 3597 5239 Ἰουδαίοις
3641 5173 3778 5244 φιλοο

2203 5276 2520 5339 νεικῶν,ὄτι
2553 5276 2651 5344 τῆς
2687 5269 2829 5324 κατὰ
2856 5271 3020 5341 νόμον
3045 5266 3393 5337 δικαιοσύνης
3429 5265 3776 5337 πρεσϐυτέρα

2207 5368 2328 5422 λίαν
2362 5368 2507 5420 ἐστὶν
2554 5366 2587 5435 ἡ
2632 5365 2698 5416 ἐκ
2745 5363 2999 5425 πίστεως.
3038 5361 3166 5414 Ὅτε
3219 5359 3330 5431 γὰρ
3372 5359 3465 5412 τὸν
3501 5357 3604 5428 τῆς
3642 5355 3777 5411 κατὰ

2210 5461 2391 5531 σάρκα
2437 5456 2740 5529 περιτομῆς
2773 5455 3011 5509 ἐποιεῖτο
3042 5452 3204 5521 λόγον
3223 5490 3238 5517 ,
3264 5452 3365 5523 οὐχ
3408 5449 3599 5521 ἐτέρου
3640 5447 3777 5510 τινὸς

2208 5555 2368 5626 χάριν
2408 5549 2653 5605 δεδόσθαι
2702 5547 2909 5619 ταύτην
2949 5545 3325 5617 διῖσχυρίσατο
3368 5545 3438 5615 τῇ
3469 5542 3565 5597 τοῦ
3595 5543 3777 5610 γένους

2209 5645 2457 5715 ἀπαρχῇ,
2502 5640 2644 5695 τοῦτ’
2692 5640 2806 5694 εστι
2854 5638 2932 5710 τῷ
2974 5638 3245 5709 Ἀϐραὰμ,
3300 5636 3334 5706 ἢ
3390 5634 3485 5688 τοῦ
3532 5632 3773 5703 γενέσθαι

2375 5763 2599 5818 "Rom.
2649 5778 2744 5830 xu,
2784 5764 2830 5817 1.
2938 5759 3187 5816 "Galat.
3229 5776 3282 5826 ν,
3315 5759 3406 5815 24.
3510 5757 3598 5814 ⁷⁸1
3631 5756 3763 5813 Patr.

3814 301 3844 325 Ι
