4056 6482
618 352 724 413 395

1642 353 1696 406 S.
1738 350 2014 407 CYRILLI
2053 351 2525 407 ALEXANDRINI
2566 350 2886 408 ARCIIIEP.

3792 349 3898 406 5'33

618 471 788 524 bant:
839 476 1028 540 gentes
1084 484 1233 531 vero.
1274 467 1554 523 diversum
1605 468 1926 539 proﬁtentes
1954 485 2197 525 errorem

2304 472 2412 523 τεῖν
2446 468 2861 541 ἐπιτρέψαντες.
2916 466 3078 522 Ἀλλά
3114 465 3222 538 γὰρ
3251 466 3454 538 μικροῦ
3483 465 3554 537 μέ
3590 483 3644 520 τι
3670 464 3783 519 τῶν
3808 468 3891 519 άν-

616 569 670 615 ct
731 559 1061 616 ineﬂabilem
1110 559 1203 615 Dei
1255 560 1489 631 gloriam
1536 568 1806 615 creatura:
1858 560 2200 633 afﬁngentes,

618 653 925 708 doctrinam
957 667 1063 724 qua
1095 652 1475 707 illuminentur
1502 651 1646 706 haud
1676 667 1833 723 aequo
1864 654 2049 708 animo
2079 669 2204 709 sus—

618 744 856 814 cipiunt.
888 742 1179 799 Veteribus
1232 741 1436 813 quippe
1488 744 1648 798 malis
1682 745 2089 813 quodammodo
2115 746 2202 800 in-

620 835 771 893 olitis
809 850 1163 905 summopere
1194 834 1670 904 amplectebantur
1716 835 2015 899 inscitiam,
2050 847 2105 892 et
2134 839 2204 893 ab

620 926 871 997 ingenito
893 926 1084 981 morbo
1107 925 1366 980 recedere
1395 925 1483 979 vix
1518 940 1581 979 ac
1613 941 1679 981 ne
1707 927 1795 981 vix
1831 927 2053 997 quidem
2086 936 2205 982 stu-

619 1014 841 1069 debant.
904 1014 1041 1068 Cum
1090 1029 1223 1084 ergo
1275 1030 1459 1068 rerum
1508 1024 1704 1069 natura
1756 1016 1831 1069 ita
1874 1031 1933 1071 se
1976 1017 2198 1083 habeat,

618 1105 742 1176 quis
790 1105 1005 1161 dubitet
1032 1106 1346 1164 Servatoris
1396 1108 1707 1179 discipulos
1742 1124 1943 1165 exosos
1971 1108 2086 1163 fore
2109 1108 2206 1163 Ju-

616 1194 749 1249 dzeis
782 1209 845 1249 ac
876 1195 1172 1266 gentilibus
1214 1196 1481 1260 infensos,
1517 1198 1845 1269 voluptariis
1885 1207 2067 1253 autem
2106 1201 2205 1254 ho-

614 1287 861 1342 minibus
897 1289 1058 1359 longe
1092 1290 1456 1359 gravissimos
1480 1289 1503 1341 ἵ
1531 1290 1601 1341 At
1630 1292 1677 1343 si
1706 1289 1962 1360 discipuli
2006 1288 2205 1345 Serva.

616 1378 753 1433 toris
774 1394 919 1449 aegre
948 1379 1115 1434 laturi
1139 1388 1330 1436 essent
1353 1380 1422 1433 ab
1444 1380 1633 1450 aliquo
1662 1395 1850 1435 eorum
1882 1396 2022 1451 quos
2043 1381 2205 1436 modo

614 1472 1000 1527 recensuimus
1020 1471 1151 1527 odio
1180 1472 1393 1539 haberi,
1420 1488 1485 1527 ac
1500 1487 1610 1526 non
1634 1474 1821 1542 potius
1842 1489 2033 1528 eorum
2065 1474 2205 1527 ami-

614 1561 804 1615 citiam
841 1562 989 1615 omni
1020 1562 1210 1618 studio
1245 1565 1435 1619 venari
1472 1565 1760 1628 deberent,
1792 1563 2056 1634 numquid
2088 1580 2205 1617 om-

612 1654 776 1708 nibus
804 1662 953 1723 patet
987 1655 1192 1709 nullam
1224 1656 1387 1727 plane
1423 1656 1639 1712 laudem
1670 1664 2075 1727 rcportaturos,
2106 1656 2203 1727 qui

613 1745 927 1799 doctrinam
978 1747 1114 1801 nulli
1164 1761 1394 1817 prorsus
1436 1749 1624 1804 utilem
1667 1750 2053 1820 profiteantur,
2103 1749 2205 1804 sed

616 1838 979 1892 assentationi
1019 1838 1191 1909 896
1244 1840 1427 1909 potius
1471 1840 1751 1907 studeant,
1798 1841 2061 1911 arguendi
2112 1856 2202 1894 se-

613 1929 854 1983 cundum
896 1928 1065 1983 Deum
1118 1929 1375 1984 ﬁduciam
1404 1932 1794 2002 comprimant,
1820 1932 1969 2003 quod
2004 1933 2205 2003 cuique

612 2031 825 2092 gratum
858 2022 929 2077 sit
962 2023 1252 2093 loquentes
1278 2031 1444 2096 atque
1475 2024 1774 2081 docentes?
1814 2024 2202 2081 Necessarium

610 2120 696 2169 est
737 2113 903 2183 igitur
931 2128 1160 2169 monere
1190 2130 1301 2169 non
1333 2131 1459 2171 esse
1487 2116 1790 2171 amicitiam
1821 2119 2200 2187 qumrendam,

612 2206 705 2262 sed
740 2206 824 2261 vel
851 2206 905 2260 in
936 2206 1335 2261 nonnullorum
1357 2209 1543 2263 odium
1568 2208 1854 2263 incurrere
1882 2210 2027 2264 haud
2062 2208 2204 2263 mul-

613 2308 727 2351 tum
765 2298 1115 2364 curandum,
1159 2314 1286 2354 cum
1331 2315 1397 2355 ex
1434 2300 1813 2364 admonitione
1861 2302 2071 2373 aliquid
2121 2303 2204 2358 eis

611 2392 873 2447 utilitatis
912 2392 1154 2447 exsistit.
1188 2391 1305 2449 lloc
1330 2393 1519 2464 utique
1548 2405 1603 2449 et
1627 2394 1855 2449 Paulum
1892 2395 2091 2451 fecisse
2122 2396 2204 2449 vi-

610 2483 889 2550 debimus,
920 2494 974 2538 et
1000 2483 1149 2539 clare
1180 2484 1391 2541 dixisse
1419 2504 1434 2540 :
1466 2506 1483 2536 ι
1515 2484 1674 2540 Modo
1700 2486 1845 2540 enim
1884 2487 2203 2541 hominibus

610 2574 840 2641 suadeo,
881 2590 948 2630 an
983 2574 1139 2631 Deo?
1168 2576 1249 2630 An
1275 2592 1463 2648 quaero
1499 2578 1815 2634 hominibus
1849 2579 2111 2648 placere?
2144 2580 2201 2633 Si

610 2668 793 2721 adhuc
828 2668 1146 2724 hominibus
1173 2668 1469 2740 placerem,
1503 2670 1710 2724 Christi
1742 2686 1937 2726 servus
1972 2687 2083 2726 non
2112 2686 2202 2726 es-

608 2776 725 2815 sem
753 2761 820 2814 ⁸⁵.
854 2780 872 2813 ι
905 2760 1041 2816 Cum
1077 2772 1261 2817 autem
1302 2762 1652 2817 Corinthium
1683 2764 1981 2832 quemdam
2029 2764 2204 2819 corri-

607 2853 845 2922 puisset,
878 2861 1041 2923 atque
1074 2852 1128 2906 id
1163 2852 1488 2921 gravissime
1521 2853 1717 2908 tulisse
1753 2854 2064 2917 didicisset,
2102 2855 2199 2909 ait:

613 2961 631 2994 ι
677 2942 732 2995 Si
781 2944 927 2997 enim
966 2956 1068 3012 ego
1106 2942 1380 2997 contristo
1426 2957 1545 3007 vos,
1594 2953 1649 2997 et
1701 2942 1827 3013 quis
1873 2950 1958 2997 est
1988 2943 2078 3011 qui
2117 2958 2203 2998 me

608 3032 869 3096 lmtiilcet,
904 3031 1009 3085 nisi
1034 3030 1126 3098 qui
1163 3032 1535 3085 contristatur
1568 3047 1633 3085 ex
1676 3046 1763 3086 me
1788 3032 1873 3085 '7?
1903 3050 1921 3082 ι
1952 3029 2200 3086 Tristitia

2306 564 2555 632 αγκαίων
2610 562 2927 635 παρελάσαν
2954 561 3150 632 ᾤχετο,
3182 560 3363 614 καίτοι
3387 561 3511 621 ταῖς
3534 558 3650 612 τῶν
3681 576 3901 630 προκειε

2309 654 2489 725 μένων
2514 653 2770 724 θεωρίαις
2790 653 2874 706 ὅτι
2896 652 3133 723 μάλιστα
3154 650 3369 722 πρέπον
3386 667 3448 703 τε
3470 650 3567 702 καὶ
3600 647 3902 719 χρεωστού·

2310 763 2486 815 μενον.
2530 744 2773 799 Ἰουδαῖοι
2825 744 2923 815 μὲν
2964 744 3075 815 γάρ
3112 744 3259 814 μόνῳ
3286 742 3367 813 τῷ
3414 739 3708 809 Μωσαῖκῷ
3741 756 3903 809 προσο

2306 834 2617 907 εδρεύοντες
2670 834 2958 906 πράγματι
2992 833 3122 906 [γρ.
3177 829 3495 905 γράμματι]
3547 831 3646 883 καί
3687 830 3804 890 τοῖς
3847 828 3901 878 ἐν

2305 924 2463 994 τύπῳ
2500 924 2905 994 τετελεσμένοις
2927 964 2941 987 ,
2972 924 3135 995 μέχρι
3187 923 3386 995 καιροῦ
3434 920 3786 993 διορθώσεως
3817 918 3901 970 τὸν

2306 1020 2505 1071 οἰκεῖον
2537 1018 2921 1089 ὲνιδρύσαντες
2967 1018 3113 1085 νοῦν,
3144 1018 3247 1087 τῆς
3273 1014 3647 1084 εὐαγγελικῆς
3684 1010 3901 1065 παιδεύ-

2308 1131 2447 1176 σεως
2469 1112 2659 1165 οὐδένα
2713 1112 2813 1183 μὲν
2860 1111 2921 1164 τὸ
2950 1111 3215 1182 παράπαν
3245 1108 3529 1163 ἐποιοῦντο
3557 1106 3749 1173 λόγον.
3781 1102 3903 1165 rei»;

2305 1205 2361 1258 δέ
2389 1223 2453 1275 γε
2502 1204 2847 1277 πρεσϐευτὰς
2870 1245 2883 1269 ,
2920 1203 3214 1274 φορτικοὺς
3261 1200 3513 1272 ἡγεῖσθαι
3558 1197 3769 1270 μᾶλλον
3802 1195 3903 1247 τῶν

2308 1297 2514 1368 σφόδρα
2549 1295 2975 1364 πολεμιωτάτων
3015 1294 3183 1365 ᾤοντο
3210 1294 3351 1346 δεῖν·
3384 1292 3436 1345 οἰ
3486 1289 3544 1343 δὲ
3579 1290 3684 1359 τὴν
3718 1287 3905 1357 ἑτέραν

2310 1389 2588 1459 μετιόντες
2623 1388 2893 1458 πλάνησιν
2917 1428 2933 1450 ,
2968 1388 3063 1441 καὶ
3088 1388 3190 1458 τὴν
3236 1387 3481 1457 ἄρρητον
3518 1381 3619 1436 τοῦ
3650 1380 3793 1434 Θεοῦ
3823 1380 3903 1432 δό-

2308 1481 2405 1546 ξαν
2441 1480 2815 1553 περιτιθέντες
2853 1482 2919 1550 τῇ
2955 1480 3155 1543 κτίσει,
3194 1477 3342 1548 φημὶ
3365 1476 3421 1530 δὲ
3455 1476 3588 1536 τοὺς
3621 1473 3685 1536 ἐξ
3719 1470 3901 1534 ἐθνῶν,

2305 1574 2368 1626 οὺ
2394 1573 2515 1626 λίαν
2554 1572 2809 1643 ἀσμένως
2836 1571 2929 1624 τὸν
2972 1567 3461 1639 καταλαμπρύνειν
3492 1565 3700 1626 αὐτοὺς
3740 1562 3905 1614 εἰδότα

2307 1664 2707 1737 παραδέχονται
2762 1662 2940 1732 λόγον.
3004 1660 3391 1729 Ἐντετηκότες
3421 1657 3535 1728 γάρ
3576 1656 3778 1725 ὥσπερ
3805 1654 3905 1716 τοῖς

2306 1755 2561 1826 ἀρχαίοις
2600 1756 2793 1818 κακοῖς
2812 1794 2826 1819 ,
2854 1752 3181 1823 φιλαιτάτην
3211 1750 3497 1803 ἐποιοῦντο
3516 1748 3623 1818 τὴν
3646 1746 3903 1817 ἀμαθίαν,

2306 1848 2402 1901 καὶ
2431 1847 2729 1917 συντρόφου
2768 1846 3079 1917 νοσήματος
3120 1844 3424 1912 άποφοιτᾷν
3458 1836 3606 1910 ἦσαν
3634 1841 3722 1893 ὅτι
3757 1838 3906 1909 μάλι-

2308 1957 2407 1994 στα
2440 1938 2837 1993 δυσοκνότατοι,
2864 1937 3027 1991 Οῦτω
3052 1934 3345 2006 τοιγαροῦν
3376 1933 3478 2003 τῆς
3508 1932 3621 1985 τῶν
3650 1932 3908 2002 πραγμά-

2304 2048 2413 2085 των
2444 2031 2677 2102 ἐχούσης
2738 2028 2976 2099 φύσεως,
3004 2027 3090 2090 τίς
3144 2026 3210 2080 ἀν
3266 2025 3543 2078 ἐνδοιάσαι
3595 2022 3911 2087 λοιπὸν,ώς

2304 2119 2531 2191 ἔμελλον
2578 2119 2799 2174 ἔσεσθαι
2827 2117 2922 2173 τοῦ
2958 2118 3211 2187 Σωτῆρος
3248 2117 3301 2169 οἱ
3348 2116 3621 2187 μαθηταὶ,
3652 2114 3911 2183 στυγητοί⁵

2308 2212 2408 2283 μὲν
2440 2214 2552 2276 τοῖς
2613 2210 2887 2273 Ἰουδαίοις
2908 2250 2922 2275 ,
2955 2207 3340 2278 διεπτυσμένοι
3373 2208 3430 2261 δὲ
3477 2206 3639 2275 παρὰ
3670 2206 3793 2267 τοῖς
3816 2204 3909 2271 τὴν

2316 2304 2587 2374 Ἐλλήνων
2612 2302 2829 2357 νοσοῦσι
2861 2301 3129 2371 πλάνησιν
3157 2316 3171 2331 ⁸
3197 2301 3401 2371 ἥκιστα
3427 2299 3486 2352 δὲ
3510 2300 3686 2369 ἡδεῖς,
3717 2296 3913 2367 μᾶλλον

2304 2396 2361 2449 δὲ
2397 2395 2819 2466 δυσαγθέστατοι
2869 2395 2985 2457 τοῖς
3011 2392 3318 2463 φιληδονεῖν
3347 2391 3671 2461 ἑλομένοις,
3707 2387 3911 2441 καὶτὸν

2304 2488 2549 2559 ἐξίτηλον
2612 2489 2671 2540 ἐν
2707 2489 2943 2558 τρυφαῖς
2988 2485 3315 2556 τετιμηκόσι
3360 2483 3510 2554 βίον;
3571 2482 3724 2536 Ἀλλ’
3760 2481 3907 2551 εἴπερ

2306 2580 2529 2651 ἔμελλον
2573 2580 2668 2633 τοῦ
2699 2579 2953 2649 Σωτῆρος
3000 2579 3050 2632 oi
3100 2578 3384 2649 μαθηταὶ,
3420 2577 3482 2630 τὸ
3525 2578 3628 2646 μὲν
3677 2576 3789 2628 ὑπὸ
3816 2573 3909 2627 τοῦ

2306 2671 2420 2743 [γρ.
2448 2671 2555 2724 ὑπό
2588 2669 2709 2743 του]
2746 2669 3023 2741 μισεῖσθαι
3044 2667 3210 2738 τυχὸν
3248 2668 3358 2720 τῶν
3394 2667 3499 2737 ήδη
3533 2664 3904 2735 κατειλεγμέο

2303 2780 2410 2816 νων
2432 2761 2705 2815 ποιεῖσθαι
2732 2761 3009 2833 φορτικὸν,
3034 2760 3233 2830 ζηλοῦν
3252 2760 3313 2813 δὲ
3352 2759 3558 2829 μᾶλλον
3588 2755 3906 2824 ἐπείγεσθαι

2303 2855 2400 2907 καὶ
2449 2853 2767 2925 φιλοθηρεῖν
2823 2854 3072 2916 ἐκτόπως
3104 2855 3197 2905 καὶ
3224 2852 3326 2923 τὴν
3375 2850 3530 2922 παρὰ
3552 2850 3671 2902 τῶν
3700 2849 3774 2900 τὰ
3800 2865 3905 2900 τοι·

2303 2948 2441 3003 αῦτα
2473 2947 2771 3002 νοσούντων
2799 2946 3104 3015 ἀγάπησιν,
3153 2942 3274 3007 πῶς
3305 2941 3367 2996 ού
3405 2943 3545 2996 πᾶσι
3573 2939 3907 3009 προδηλότα-

2303 3057 2417 3103 τον,
2452 3039 2527 3102 ὡς
2556 3038 2656 3091 ούκ
2680 3038 2746 3091 ἂν
2777 3037 3025 3105 ἐγένοντο
3054 3035 3403 3107 περιφανεῖς,
3434 3032 3617 3085 οὐδενὶ
3638 3031 3702 3083 τὸ
3738 3031 3902 3101 παρά-

609 3124 811 3195 quippe
842 3137 965 3194 qua:
1000 3121 1303 3177 secundum
1338 3120 1507 3177 Deum
1549 3132 1658 3185 est,
1714 3124 2098 3194 pmnitcntiam
2141 3124 2196 3178 in

2304 3148 2411 3185 παν
2437 3132 2529 3184 τὸν
2553 3130 2781 3198 ὠφελεῖν
2823 3127 3077 3197 ἰσχύοντα
3116 3126 3511 3198 προϊσχόμενοι
3542 3123 3733 3191 λόγον,
3772 3139 3902 3191 κομ-

608 3217 845 3271 salutem
904 3211 1301 3267 immutabilem
1360 3220 1645 3282 Operatur.
1715 3212 1952 3267 Dubium
2013 3214 2197 3283 itaque

608 3323 720 3361 non
769 3306 877 3361 erit
918 3318 1255 3369 sermonem,
1302 3303 1372 3357 ad
1421 3304 1842 3359 oblectationem
1879 3304 2195 3359 auditorum

610 3397 977 3467 compositum
1005 3404 1061 3451 ct
1108 3395 1202 3465 qui
1236 3394 1383 3465 quod
1427 3396 1551 3450 usui
1582 3396 1655 3450 sit
1692 3396 1773 3451 eis
1805 3411 1914 3450 non
1946 3397 2194 3467 exponit,

611 3489 819 3541 mundo
850 3486 1034 3557 potius
1064 3486 1334 3540 assentari
1370 3500 1536 3555 quam
1585 3485 1893 3555 prodesse:
1934 3488 2027 3557 qui
2064 3502 2200 3542 vero

613 3579 927 3634 Servatoris
987 3576 1176 3632 verbis
1215 3576 1413 3643 credit,
1468 3577 1607 3630 nihil
1649 3577 1960 3632 istiusmodi
1999 3578 2198 3648 praedi-

608 3672 778 3728 cabit.
820 3670 878 3725 Ei
912 3671 1117 3742 quippe
1148 3670 1371 3741 placere
1413 3670 1516 3725 sibi
1565 3670 1741 3725 satius
1784 3686 1909 3725 csse
1959 3671 2195 3740 putabit,

608 3772 663 3819 ct
698 3762 1032 3834 spiritalium
1067 3761 1384 3819 divitiarum
1426 3760 1551 3816 loco
1577 3760 1920 3815 existimabit
1955 3760 2086 3814 odio
2126 3761 2199 3815 ab

609 3857 681 3912 iis
723 3856 912 3911 haberi
960 3855 1054 3925 qui
1086 3854 1475 3925 gravissimum
1505 3852 1695 3907 virtuti
1745 3853 1953 3907 bellum
1983 3852 2197 3907 indixe-

608 3960 757 4003 runt.
791 3948 927 4001 Cum
959 3961 1091 4015 ergo
1120 3944 1287 3999 vestri
1316 3943 1562 3998 nominis
1597 3943 1877 4012 splendori
1921 3943 2194 3998 interdum

608 4039 825 4096 clllcere
858 4037 1138 4092 videbitur
1165 4037 1291 4090 odio
1325 4050 1449 4091 esse
1482 4038 1710 4099 mundo,
1744 4035 2195 4106 impedimentum

612 4131 745 4186 illud
801 4128 1101 4200 projicite,
1149 4126 1482 4197 contemptis
1543 4127 1651 4181 illis
1704 4127 2035 4191 honoribus,
2090 4128 2198 4183 nisi

611 4237 737 4276 cum
785 4220 1048 4274 utilitatis
1093 4219 1313 4273 ratione
1370 4218 1816 4288 coniungantur:
1857 4232 2035 4287 neque
2069 4234 2199 4273 vero

612 4314 908 4368 molestum
941 4311 1101 4367 vobis
1137 4310 1211 4365 sit
1251 4310 1380 4365 odio
1409 4310 1625 4377 haberi,
1662 4325 1787 4364 cum
1834 4311 1987 4381 prior
2015 4309 2066 4363 id
2097 4325 2201 4381 ego

612 4405 719 4458 sim
764 4411 1047 4474 expertus.
1091 4400 1223 4457 Sum
1277 4409 1461 4455 autem
1513 4399 1786 4456 Dominus
1833 4410 1887 4455 et
1932 4404 2200 4473 magister

2300 3222 2482 3293 ψείαις
2519 3220 2576 3273 δὲ
2615 3219 2818 3290 μᾶλλον
2844 3217 3176 3280 ἐπιδιδόντες
3202 3217 3271 3270 τά
3297 3216 3657 3287 φρονήματα,
3688 3213 3789 3266 καὶ
3816 3214 3901 3265 τὸν

2304 3312 2403 3383 μὲν
2440 3313 2505 3363 ἐκ
2532 3308 2844 3381 παρρησίας
2868 3308 2969 3377 τῆς
3001 3307 3143 3361 κατά
3175 3306 3310 3359 Θεὸν
3344 3305 3736 3363 συστείλαντες
3761 3304 3900 3370 ἔλεγε

2300 3422 2413 3475 χον,
2440 3402 2501 3455 τό
2524 3420 2588 3471 γε
2632 3402 2738 3473 μὴν
2764 3401 2982 3470 ἑκάστῳ
3008 3398 3211 3470 μᾶλλον
3241 3398 3362 3469 ἡδὺ,
3398 3396 3705 3459 λαλοῦντές
3734 3413 3792 3448 τε
3814 3396 3900 3447 καὶ

2298 3494 2678 3566 εἰσηγούμενοι
2698 3513 2713 3560 ;
2732 3493 3036 3561 ’Λναγκαία
3059 3490 3355 3563 τοιγαροῦν
3390 3492 3424 3561 ἡ
3454 3490 3792 3557 παραίνεσις
3813 3485 3899 3538 τοῦ

2303 3588 2378 3658 μὴ
2406 3588 2613 3656 σφόδρα
2646 3585 2920 3657 φιλεῖσθαι
2948 3585 3153 3655 ζητεῖν,
3178 3582 3454 3637 ποιεῖσθαι
3476 3582 3536 3634 δὲ
3570 3583 3705 3651 παρ’
3734 3580 3899 3640 οὐδὲν,

2299 3678 2360 3731 τὸ
2388 3677 2482 3729 καὶ
2504 3676 2593 3729 διὰ
2614 3676 2805 3746 μίσους
2836 3675 2971 3728 ίέναι
2994 3675 3136 3727 τισὶν
3170 3673 3282 3726 ἐστ’
3314 3672 3382 3726 ἂν
3416 3672 3607 3734 aheni;
3639 3670 3701 3724 τὸ
3720 3673 3783 3723 ἐκ
3810 3672 3902 3739 τῆς

2298 3770 2581 3831 νουθεσίας
2601 3769 2836 3839 ὑπάρχοι
2868 3770 3156 3838 χρήσιμον.
3188 3764 3366 3819 Τοῦτό
3391 3782 3447 3818 τι
3470 3764 3591 3836 [γρ.
3619 3763 3784 3817 τοῦτό
3802 3760 3903 3832 τοι]

2300 3863 2397 3916 καὶ
2448 3862 2664 3917 Παῦλον
2716 3861 3022 3934 δεδρακότα
3056 3860 3413 3931 θεωρήσομεν
3439 3898 3454 3921 ,
3488 3858 3588 3911 καὶ
3644 3859 3899 3927 εἰρηκότα

2303 3954 2519 4023 σαφῶς
2559 3974 2577 4006 ι
2622 3956 2782 4025 Ἀρτι
2820 3954 2929 4025 γάρ
2959 3951 3285 4023 ἀνθρώπους
3318 3950 3516 4017 πείθω,
3553 3950 3587 4020 ἢ
3613 3950 3707 4002 τὸν
3740 3948 3899 4011 Θεόνς

2306 4044 2374 4098 ’⁸11
2426 4045 2574 4115 ζητῶ
2627 4044 2939 4116 ἀνθρώποις
2982 4044 3282 4115 ἀρέσκειν;
3318 4042 3383 4095 Εἰ
3417 4040 3498 4093 ἔτι
3527 4039 3795 4109 ἀρέσκειν
3814 4039 3901 4091 iv-

2302 4137 2545 4209 θρώποις
2604 4136 2796 4209 ἦθελον
2829 4177 2845 4204 ,
2874 4135 3115 4206 Χριστοῦ
3164 4134 3354 4197 δοῦλος
3396 4133 3500 4187 οὐκ
3525 4131 3622 4197 ,ἂν
3670 4132 3841 4201 ἥμην.
3878 4148 3895 4179 ι

2314 4231 2679 4301 Ἐπιτιμήσας
2718 4230 2776 4283 δὲ
2810 4229 2971 4284 πάλιν
3010 4228 3119 4282 τῶν
3148 4230 3205 4280 ἐν
3238 4225 3493 4295 Κορίνθῳ
3522 4226 3658 4289 τινὶ,
3701 4223 3900 4293 ἀφορή-

2301 4339 2410 4385 τως
2433 4338 2493 4374 τε
2539 4320 2660 4373 λίαν
2698 4319 3063 4390 ἀπηλγηκότα
3101 4317 3264 4371 τοῦτο
3295 4314 3509 4387 μαθὼν,
3543 4314 3715 4384 φησίν
3744 4328 3760 4344 ο
3787 4333 3804 4361 ι
3840 4312 3897 4364 Ei

2302 4416 2413 4485 γὰρ
2440 4413 2551 4482 ἐγὼ
2577 4412 2731 4465 λυπῶ
2755 4413 2920 4482 ὑμᾶς.
2954 4410 3051 4463 καὶ
3077 4409 3158 4472 τίς
3198 4411 3226 4462 ὁ
3256 4408 3573 4479 εὐφραίνων
3612 4424 3705 4476 με,
3750 4408 3797 4458 εἰ
3828 4404 3897 4473 μὴ

610 4496 844 4553 scilicet.
874 4493 1034 4562 Quod
1061 4502 1245 4548 autem
1276 4493 1363 4548 sui
1386 4492 1586 4564 capitis
1615 4494 1787 4547 exitio
1816 4494 1999 4563 ipsum
2031 4495 2197 4550 etiam

2304 4509 2331 4561 ὁ
2351 4504 2685 4576 λυπούμενος
2714 4504 2773 4568 ἐξ
2796 4502 2968 4574 ἐμοῦ;
2998 4522 3017 4554 ι
3047 4502 3111 4555 Ἡ
3142 4502 3255 4571 γὰρ
3290 4499 3437 4554 κατὰ
3464 4499 3599 4552 Θεὸν
3631 4498 3779 4567 λύπη
3809 4513 3892 4566 με.

609 4588 891 4646 Christum
924 4586 1142 4643 oderint
1182 4585 1278 4657 qui
1338 4584 1617 4640 mundana
1663 4584 1884 4654 sapiunt
1922 4600 1987 4640 ac
2029 4587 2199 4641 coale-

608 4682 715 4738 stia
756 4682 901 4736 bona
930 4685 1320 4736 contemnunt.
1353 4676 1612 4732 existimo
1659 4675 1892 4747 probatu
1932 4691 2042 4732 non
2074 4691 2201 4734 esse

608 4772 848 4829 dillicile.
877 4770 999 4844 lpse
1024 4770 1171 4827 enim
1202 4770 1256 4824 in
1297 4768 1613 4839 Evangeliis
1647 4767 1715 4822 ad
1757 4769 2031 4839 quosdam
2079 4770 2196 4825 ait:

612 4888 632 4919 ι
664 4864 786 4921 Non
816 4871 993 4937 potest
1023 4863 1262 4919 mundus
1320 4861 1508 4917 odisse
1554 4875 1675 4926 vos,
1722 4875 1810 4916 me
1841 4871 2021 4916 autem
2058 4862 2196 4929 odit,

604 4959 737 5030 quia
775 4974 877 5030 ego
901 4944 1276 5014 testimonium
1308 4956 1571 5027 perhibeo
1601 4954 1669 5009 de
1705 4954 1799 5009 illo
1835 4954 1982 5025 quod
2027 4969 2197 5027 opera

605 5051 727 5122 ejus
763 5051 907 5105 mala
942 5058 1074 5106 sunt
1098 5050 1164 5105 ⁸⁸.
1194 5068 1213 5101 ι
1247 5046 1542 5117 Exemplar
1565 5046 1757 5117 itaque
1793 5047 2041 5117 scipsum
2067 5062 2197 5118 prie-

605 5145 743 5200 bens
773 5143 940 5200 etiam
970 5144 1059 5199 hic
1088 5143 1300 5199 sanctis
1335 5138 1626 5211 apostolis,
1663 5138 1769 5193 hoc
1800 5138 1904 5194 iter
1936 5139 2195 5195 insistere

597 5239 776 5311 jubet,
806 5253 932 5295 cum
974 5236 1102 5292 alibi
1148 5250 1350 5291 rursus
1399 5241 1589 5305 aperte
1633 5232 1749 5286 ait:
1796 5249 1814 5283 ‹
1857 5231 2007 5287 Beati
2058 5234 2195 5290 estis

602 5348 727 5387 cum
762 5329 1156 5387 maledixeriut
1200 5317 1680 5419 volitomines,
1730 5333 1785 5379 et
1818 5325 2193 5395 exprobrave-

600 5432 736 5489 rmt,
772 5434 826 5479 et
857 5422 1101 5478 dixerint
1130 5434 1294 5475 omne
1335 5417 1542 5472 malum
1576 5417 1871 5474 adversum
1905 5433 2004 5473 vos
2036 5432 2193 5472 men-

602 5517 803 5572 tientes
830 5524 1056 5586 propter
1086 5526 1174 5567 me
1200 5531 1213 5566 :
1241 5511 1475 5582 gaudete
1508 5520 1563 5567 et
1588 5510 1887 5577 esxnltate,
1928 5509 2191 5580 quoniam

689 5781 934 5835 “Galat.
978 5796 1014 5845 ι,
1056 5780 1139 5835 l0.
1248 5782 1291 5812 ⁸⁷
1317 5778 1357 5833 ll
1392 5780 1519 5836 Cor.
1556 5793 1620 5843 ιι,
1658 5775 1713 5829 2.

1812 5774 1858 5806 ⁸⁸
1894 5772 2054 5828 Joan.
2089 5788 2186 5836 vn,
2224 5773 2275 5825 7.

2305 4598 2525 4651 τάνοιαν
2576 4596 2657 4658 είς
2710 4594 2985 4666 σωτηρίαν
3031 4592 3418 4664 ἀμετάϐλητον
3472 4587 3893 4660 κατεργάζεται.

2308 4689 2501 4741 Ἔσται
2538 4684 2830 4757 τοιγαροῦν
2860 4684 3166 4757 οὐδαμόθεν
3192 4683 3501 4753 ἀμφίλογον
3535 4680 3615 4745 ὡς
3638 4678 3894 4733 scolam}-

2305 4796 2391 4832 σει
2453 4778 2552 4849 μὲν
2596 4776 2689 4830 τὸν
2742 4777 2949 4848 κόσμον
2988 4819 3003 4843 ,
3037 4777 3186 4847 ἥπερ
3235 4775 3425 4845 ὀνήσει
3485 4773 3691 4843 μᾶλλον
3722 4772 3751 4824 ό
3784 4768 3892 4822 καθ’

2302 4870 2495 4942 ἡδονὴν
2518 4872 2630 4934 τοῖς
2649 4870 3019 4941 ἀκροωμένοις
3053 4870 3309 4939 ἐσόμενος
3342 4867 3525 4933 λόγος,
3544 4866 3641 4919 καὶ
3663 4865 3783 4934 οὐχὶ
3806 4862 3891 4932 τὴν

2302 4958 2394 5010 τοῦ
2420 4957 2788 5029 συμφέροντος
2822 4957 3051 5028 γνώμην
3091 4956 3421 5027 παρατιθείς
3457 4969 3472 4983 ⁸
3501 4958 3530 5009 ὁ
3559 4954 3618 5008 δὲ
3665 4957 3777 5016 τοῖς
3806 4951 3893 5004 τοῦ

2303 5049 2554 5121 Σωτῆρος
2589 5048 2917 5120 πειθόμενος
2964 5050 3169 5118 λόγοις,
3218 5049 3341 5119 οὐχὶ
3379 5045 3545 5100 τοῦτο
3570 5044 3888 5118 πρεσσεύσει

2304 5141 2486 5197 ποθέν.
2537 5142 2858 5213 Προελεῖται
2898 5141 3009 5213 γάρ
3063 5140 3267 5212 μᾶλλον
3310 5140 3374 5193 τὸ
3420 5138 3687 5209 ἀρέσκειν
3729 5134 3883 5205 αὐτῷ,

2296 5236 2391 5290 καὶ
2411 5234 2779 5307 πνευματικὸν
2806 5235 3076 5304 ἡγήσεται
3107 5231 3361 5294 πλοῦτον,
3392 5231 3490 5284 καὶ
3530 5228 3593 5283 τὸ
3626 5226 3882 5299 μισεῖσθαι

2294 5328 2485 5381 λοιπὸν
2512 5329 2662 5399 παρά
2695 5327 2805 5380 τῶν
2837 5325 3090 5397 ἡγεῖσθαι
3116 5323 3544 5394 πολεμιωτάτην
3566 5321 3667 5393 τὴν
3698 5315 3879 5389 ἀρετὴν

2296 5420 2588 5489 ἑλομένων.
2627 5420 2797 5473 Ὅταν
2830 5420 3011 5472 τοίνυν
3036 5462 3047 5482 ,
3075 5418 3232 5488 φησὶ,
3258 5418 3384 5478 ταῖς
3416 5414 3716 5485 ὑμετέραις
3746 5408 3871 5462 εὐδο-

2297 5511 2591 5581 κιμήσεσιν
2631 5511 3020 5582 ἀντιπράττειν
3054 5509 3164 5562 ἐσθ’
3196 5510 3287 5563 ὅτε
3321 5504 3499 5578 ὁρῷτο
3540 5500 3875 5575 κεκινημένον
