4056 6478
120 293 224 352 ’597
1172 290 1238 348 IN
1271 290 1555 350 JOANNIS
1594 292 1723 350 EVA

1833 289 2048 352 ELIUM
2086 291 2216 348 LIB.
2258 292 2324 351 Χ.
3295 296 3401 356 398

114 413 171 466 τὸ
200 412 488 483 μισεῖσθαι
529 411 677 484 παρά
716 409 809 464 τοῦ
861 410 1102 483 κόσμου·
1135 413 1397 479 νικάσθω,
1423 415 1519 468 καὶ
1557 414 1716 468 τοῦτο

1829 428 2035 469 merces
2062 421 2248 469 vestra
2300 411 2523 485 copiosa
2552 422 2634 469 est
2670 414 2724 467 in
2754 413 2933 471 caelis.
2972 413 3064 471 Sic
3100 414 3249 471 enim
3280 430 3407 487 per-

115 504 538 577 διαρρίπτεσθαι
592 504 653 557 τὸ
708 504 1140 577 παραπόδισμα,
1195 504 1284 558 διὰ
1320 505 1418 558 τοῦ
1468 506 1543 576 μὴ
1584 504 1703 558 λίαν

1829 505 2002 560 secuti
2036 514 2165 561 sunt
2191 505 2511 575 prophetas,
2546 497 2642 576 q'ui
2673 503 2895 561 fuerunt
2923 515 3051 562 ante
3081 520 3179 561 vos
3204 505 3271 557 ".
3311 526 3330 559 ι

116 596 409 667 ἐφήδεσθαι
445 598 563 659 ταῖς
595 596 703 648 τῶν
748 596 1090 665 ἀγαπώντων
1130 598 1297 652 αὐτὸν
1326 600 1531 668 τιμαῖς,
1554 599 1602 651 εἰ
1636 597 1712 669 μὴ
1749 597 1844 651 τοῦ
1891 597 2199 666 πεφυκότος
2236 597 2469 667 ὠφελεῖν
2513 597 2789 669 ἀνέχοιντο
2816 597 2978 667 λόγου
3002 614 3016 628 ο
3079 598 3297 670 όράσθω
3352 598 3407 652 δὲ

122 666 389 760 μηδαμῶς
452 688 515 741 τὸ
550 688 832 757 μισεῖσθαι
888 690 1165 762 φορτικὸν,
1211 690 1347 761 ἐμοῦ
1386 666 1550 745 ⁷τοῦτο
1590 666 2202 762 προπεπονθότος.Εἰμὶ
2226 689 2555 763 δὲδηλονότι
2612 666 2821 761 Κύριος
2887 666 2982 744 καὶ
3054 666 3406 752 Διδάσκαλος,
3480 704 3495 717 δ
3544 666 3552 675 ’

120 785 235 835 Ὀτι
262 784 318 836 δὲ
373 782 469 836 ἐπ’
511 783 718 855 ὀλέθρῳ
754 784 858 855 τῆς
895 784 1105 840 ἑαυτῶν
1156 784 1396 855 κεφαλῆς
1425 785 1519 839 καὶ
1548 785 1713 840 αὐτὸν
1754 786 2097 857 μεμισήκασι
2146 787 2239 840 τὸν
2323 786 2591 858 Χριστὸν,
2656 788 2707 841 οἱ
2748 786 2815 841 τὰ
2854 787 2914 839 ἐν
2958 787 3149 858 κόσμῳ
3194 788 3408 857 φρονεῖν

118 877 404 949 ᾑρημένοι,
435 880 531 933 καὶ
559 879 670 932 τῶν
708 879 979 951 οὐρανίων
1030 880 1546 952 ὐπερφρονήσαντες
1572 879 1815 949 ἀγαθῶν,
1849 881 1949 934 οὐκ
2021 880 2181 952 ἔργον
2218 876 2374 952 οἶμαι
2413 881 2699 936 δεικνύειν.
2751 883 2895 954 Ἔφη
2939 884 3047 954 γὰρ
3110 882 3273 946 αὐτὸς
3351 884 3409 937 ὲν

119 974 219 1033 τοῖς
250 973 611 1041 Εὐαγγελίοις
637 973 773 1044 πρός
798 990 950 1036 τινας
973 989 989 1006 ·
1030 991 1048 1024 ι
1084 973 1158 1027 Οὐ
1186 973 1410 1027 δύναται
1440 976 1468 1027 ό
1498 972 1703 1045 κόσμος
1743 975 1920 1044 μισεῖν
1953 973 2097 1044 ὑμᾶς
2122 988 2137 1003 ⁸
2170 974 2269 1043 ἐμὲ
2318 974 2377 1027 δὲ
2428 976 2600 1043 μισεῖ,
2640 977 2721 1029 ὅτι
2767 975 2879 1044 ἐγὼ
2947 976 3214 1047 μαρτυρῶ
3283 976 3413 1044 περὶ

118 1064 310 1129 αὐτοῦ,
340 1065 426 1118 ὅτι
452 1063 523 1118 τά
543 1062 679 1135 ἔργα
727 1062 895 1117 αὐτοῦ
929 1064 1147 1136 πονηρά
1184 1066 1322 1120 ἐστι.
1372 1082 1390 1115 δ
1425 1063 1608 1118 Τύπον
1665 1060 1758 1119 οῦν
1795 1065 1906 1137 ἄρα
1964 1066 2077 1128 τοῖς
2145 1065 2325 1134 ἁγίοις
2371 1066 2713 1131 ἀποστόλοις,
2750 1066 2819 1121 τά
2873 1067 2993 1122 καθ’
3041 1068 3258 1133 ἑαυτὸν,
3309 1069 3412 1121 κάν

120 1162 284 1231 τούτῳ
336 1160 401 1231 δὴ
452 1161 617 1215 πάλιν
666 1159 968 1231 παραθεὶς,
1014 1160 1322 1232 ἰχνηλατεῖν
1369 1158 1582 1214 κελεύει
1616 1159 1712 1215 καὶ
1748 1159 1849 1231 τὴν
1880 1161 1974 1214 ἐπὶ
2012 1159 2226 1224 τούτοις
2272 1160 2411 1225 ὁδὸν,
2434 1163 2523 1215 ὅτε
2558 1163 2652 1216 καὶ
2696 1163 2993 1235 διαρρήδην
3047 1164 3234 1233 ἔλεγεν
3292 1163 3414 1217 ἐτέ-

124 1258 246 1328 ρωθί
306 1275 401 1311 ποι
454 1257 654 1311 πάλινο
733 1256 1063 1329 ιΜακάριοί
1105 1257 1251 1323 ἐστε,
1298 1258 1429 1311 ὅταν
1479 1256 1746 1322 διώξωσιν
1818 1258 1967 1329 ὑμᾶς
2005 1258 2100 1311 καὶ
2145 1256 2448 1311 όνειδίσωσι
2501 1257 2597 1311 καὶ
2646 1258 2841 1312 εἴπωσι
2887 1261 2995 1313 πᾶν
3023 1260 3258 1332 πονηρὸν
3288 1259 3410 1313 καθ’

122 1352 268 1422 ὑμῶν
315 1352 645 1423 ψευδόμενοι
690 1354 879 1407 ἕνεκεν
923 1351 1063 1423 ἐμοῦ
1100 1370 1113 1381 ·

1190 1352 1414 1423 χαίρετε
1474 1352 1571 1407 καὶ
1618 1353 2024 1423 ἀγαλλιᾶσθς,“
2072 1354 2155 1407 ὅτι
2201 1355 2231 1407 ὁ
2280 1352 2471 1425 μισθὸς
2541 1352 2695 1423 ὑμῶν
2750 1352 2919 1417 πολὺς
2978 1356 3036 1407 ἐν
3089 1358 3201 1419 τοῖς
3240 1356 3409 1427 οὐρα-

120 1450 240 1510 νοῖς,
281 1446 439 1500 Οῦτω
489 1447 599 1518 γὰρ
648 1446 876 1521 ἐδίωξαν
918 1448 1045 1512 τοὺς
1092 1450 1378 1520 προφήτας
1425 1450 1551 1513 τοὺς
1602 1450 1710 1520 πρὸ
1743 1449 1918 1521 ὑμῶν.
1957 1468 1976 1501 ι

186 1550 252 1602 Εἰ
285 1548 354 1600 ἐκ
411 1544 522 1599 τοῦ
567 1516 802 1612 κόσῖιου
830 1539 954 1615 ἦτε,
985 1546 1018 1599 ὀ
1048 1516 1279 1615 κόονμοξ
1322 1546 1400 1600 ἂν
1441 1546 1510 1601 τὸ
1556 1516 1712 1601 ἴδιον

124 1641 322 1709 ἐφίλει·
359 1637 451 1691 ὅτι
485 1636 557 1691 δὲ
575 1636 644 1690 ἐκ
677 1636 783 1691 τοῦ
832 1636 1068 1705 κόσμου
1105 1638 1216 1691 οὐκ
1237 1636 1400 1703 ἐστὲ,
1434 1638 1571 1693 ἀλλ’
1599 1638 1714 1708 ἐγὼ

1888 1545 2054 1616 897
2091 1544 2206 1611 XV,
2234 1545 2322 1601 l9.
2349 1545 2409 1602 Si
2431 1545 2495 1600 de
2520 1545 2714 1599 mundo
2732 1544 2993 1614 fuissetis,
3018 1544 3245 1601 mundus
3269 1548 3411 1617 quod

1820 1654 1975 1693 suum
2009 1647 2125 1693 erat
2156 1638 2433 1709 diligeret:
2458 1639 2586 1709 quia
2628 1653 2748 1692 vero
2788 1636 2851 1690 de
2885 1637 3083 1691 mundo
3115 1654 3217 1692 non
3248 1640 3410 1704 estis,

127 1728 491 1798 ἐξελεξάμην
514 1725 672 1799 ὑμᾶς
694 1727 762 1782 ἐκ
782 1727 892 1783 τοῦ
918 1728 1174 1798 κόσμου,
1206 1728 1304 1783 διὰ
1339 1730 1516 1785 τοῦτο
1543 1730 1719 1800 μισεῖ

1829 1735 1913 1787 sed
1962 1749 2056 1803 ego
2108 1732 2241 1804 elegi
2297 1749 2384 1787 vos
2429 1731 2495 1785 de
2540 1728 2777 1798 mundo,
2831 1739 3109 1798 propterea
3162 1730 3275 1785 odit
3318 1747 3409 1786 vos

127 1821 270 1893 ὑμᾶς
306 1824 337 1875 ό
367 1821 626 1889 κόσμος.

202 1911 459 1983 Ἐλαφρὸν
479 1913 548 1964 ὲκ
573 1909 769 1982 τέχνης
796 1910 891 1965 καὶ
917 1910 977 1964 τὸ
997 1912 1213 1966 πάντων
1232 1913 1315 1966 ὅτι
1348 1912 1581 1983 μάλιστα
1596 1913 1723 1967 δυσ-

130 2006 443 2076 αχθέστατον
479 2004 579 2058 καὶ
623 2006 709 2075 ἐφ’
736 2005 872 2076 ὅπερ
916 2004 1028 2076 [ίσ.
1064 1997 1243 2077 ᾧπερ]
1276 2002 1343 2078 ἦν
1370 2006 1515 2069 εἰκὸς
1542 2006 1603 2059 οὐ
1627 2024 1723 2078 με·

132 2100 280 2170 τρίως
297 2096 695 2168 δυσχεραίνειν,
724 2096 1043 2167 παραδόξως
1080 2096 1305 2168 ἥδεσθαι
1344 2101 1508 2152 ποιεῖ.
1531 2100 1722 2170 Φορτι-

134 2193 216 2245 κὸν
244 2192 336 2261 μὲν
362 2190 474 2261 γάρ
511 2189 685 2253 ὅντως
709 2188 771 2242 τὸ
800 2188 1076 2259 μισεῖσθαι
1124 2189 1261 2261 πρός
1294 2208 1481 2252 τινων,
1534 2190 1625 2244 διά
1652 2191 1722 2245 τά

136 2281 362 2337 ἐντεῦθεν
406 2280 527 2334 ἐσθ’
575 2282 663 2335 ὅτε
682 2279 1079 2335 διεκκύπτοντα
1101 2280 1273 2353 βλάϐη
1301 2282 1395 2335 καὶ
1426 2282 1721 2355 ἀδοκήτους

137 2370 430 2436 ἐπιϐουλὰς,
490 2370 611 2424 ἀλλ’
655 2372 755 2441 ἡδὺ
803 2373 901 2425 καὶ
942 2370 1102 2425 τοῦτο
1131 2371 1220 2427 διὰ
1258 2372 1412 2439 Θεὸν,
1453 2373 1547 2427 καὶ
1593 2374 1721 2427 ὅταν

142 2464 393 2537 συμϐαίνῃ
420 2464 488 2517 δι’
532 2463 835 2529 εὐσέϐειαν,
864 2462 1137 2529 ἀπόδειξιν
1174 2464 1577 2535 ἐναργεστάτην
1608 2466 1721 2517 εἰσ-

142 2558 277 2628 φέρει
302 2556 392 2610 τοῦ
426 2556 505 2627 μὴ
539 2551 677 2609 εἶναι
705 2556 988 2626 κοσμικόν,
1018 2556 1108 2611 τὸν
1137 2557 1221 2626 ἐφ’
1279 2549 1433 2628 ᾧπερ
1462 2556 1529 2611 ἂν
1552 2558 1723 2629 πράτ-

142 2669 267 2705 τοιτο
288 2650 433 2721 παρά
450 2668 640 2703 τινων.
660 2650 872 2721 Ὠσπερ
887 2650 992 2722 γὰρ
1018 2651 1305 2719 σωμάτων,
1328 2648 1521 2714 οὕτως,
1544 2644 1716 2720 οἶμαι,

141 2744 219 2794 καί
263 2742 474 2809 τρόπων
510 2741 835 2809 συγγενείας
878 2744 1205 2813 εὑρήσομεν,
1245 2744 1340 2795 καλ⁸
1376 2742 1485 2795 τῶν
1521 2742 1719 2812 ὲθῶνή

142 2834 397 2903 ταυτότης,
421 2833 523 2885 καὶ
551 2834 584 2903 ἡ
634 2832 775 2886 κατά
804 2834 910 2886 πᾶν
983 2833 1159 2886 ὁτιοῦν
1222 2833 1495 2904 ὁμοιότης,
1536 2832 1634 2903 τὴν
1662 2832 1719 2899 ἐξ

141 2927 346 2995 αἵματος
364 2924 687 2995 ἀγχιστείαν
720 2918 1055 2995 ὑποδραμεῖν
1102 2924 1281 2993 ἱκανή.
1314 2925 1428 2978 Πᾶν
1450 2922 1557 2994 γὰρ
1583 2923 1721 2987 ζῶον

144 3015 349 3084 ἀγαπῶν
380 3016 441 3068 τὸ
468 3017 659 3086 ὅμοιον
688 3014 857 3085 αὐτῷ,
887 3014 1028 3068 κατά
1075 3014 1136 3067 τὸ
1190 3013 1595 3085 γεγραμμένον,
1626 3014 1720 3066 καὶ

1824 1823 2078 1878 mundus.

1894 1912 2209 1969 Artiﬁciose
2261 1912 2423 1983 plane
2476 1910 2659 1966 reddit
2708 1908 2931 1966 facilem
2980 1924 3100 1967 rem
3162 1909 3411 1964 omnium

1823 2008 1987 2078 longe
2026 2006 2415 2078 gravissimam
2441 2044 2457 2069 ,
2496 2020 2676 2074 eoque
2714 2015 2912 2075 praeter
2950 2018 3103 2074 spem
3141 2002 3413 2059 obiectari

1823 2100 1985 2164 facit,
2022 2096 2172 2168 quod
2200 2111 2309 2152 non
2343 2095 2677 2151 mediocrem
2720 2096 3032 2152 molestiam
3055 2094 3181 2166 jure
3207 2095 3411 2149 allatu-

1822 2204 1946 2243 rum
1994 2188 2305 2243 videbatur.
2354 2184 2533 2241 Grave
2578 2186 2725 2241 enim
2767 2194 2854 2242 est
2891 2200 3085 2241 revera
3118 2184 3247 2241 odio
3287 2200 3413 2240 esse

1822 2281 2127 2344 nonnullis,
2146 2288 2374 2351 propter
2397 2279 2601 2335 damna
2630 2295 2755 2351 qua:
2775 2280 3051 2335 interdum
3079 2279 3207 2334 hinc
3229 2294 3411 2333 emer-

1820 2379 1992 2443 gunt,
2036 2380 2091 2428 et
2122 2372 2439 2442 in0pinatas
2478 2370 2712 2427 insidias
2746 2390 2759 2425 :
2813 2370 2907 2427 sed
2949 2386 3119 2426 suave
3149 2370 3283 2426 illud
3326 2380 3414 2426 est

1822 2478 2053 2539 propter
2086 2466 2281 2531 Deum,
2308 2475 2384 2534 et,
2422 2466 2470 2523 si
2502 2465 2576 2521 ob
2604 2466 2865 2536 pietatem
2896 2466 3203 2536 contingat,
3229 2465 3412 2519 mani-

1825 2559 2127 2616 festissimo
2174 2567 2507 2629 argumento
2560 2565 2648 2614 est
2702 2572 2766 2612 ac
2847 2556 3053 2612 indicio
3123 2572 3232 2613 non
3289 2571 3414 2612 esse

1824 2649 2161 2704 mundanum
2200 2664 2327 2704 eum
2380 2649 2435 2704 in
2486 2664 2649 2719 quem
2690 2648 2838 2704 istud
2882 2648 3051 2719 aliqui
3090 2649 3410 2703 moliantur.

1823 2743 1897 2799 Ut
1928 2742 2073 2797 enim
2109 2755 2440 2810 corporum,
2479 2740 2554 2795 ita
2600 2756 2813 2796 morum
2864 2740 3125 2812 cognatio
3162 2739 3412 2809 quaedam

1822 2842 1909 2890 est
1948 2852 1964 2888 :
2021 2842 2076 2889 et
2104 2848 2318 2887 morum
2350 2832 2589 2903 perlecta
2617 2833 2923 2890 similitudo
2964 2832 3035 2887 ad
3087 2832 3413 2904 propinqui-

1824 2933 1992 2980 tatem
2042 2925 2330 2995 sanguinis
2376 2923 2793 2995 exprimendam
2830 2925 2995 2979 valet.
3059 2923 3236 2979 Omne
3266 2924 3413 2978 enim

1824 3018 2031 3073 animal
2068 3018 2250 3087 diligit
2290 3017 2470 3072 simile
2512 3016 2660 3077 sibi,
2712 3024 2770 3070 ut
2805 3016 3073 3085 scriptum
3121 3023 3208 3071 est
3229 3016 3275 3048 ⁹⁰
3302 3056 3316 3080 ,
3357 3024 3416 3071 et

144 3110 211 3178 τῷ
260 3108 421 3180 ὁμοίῳ
458 3108 629 3163 αὐτοῦ
686 3108 1221 3179 προσκολληθήσεται
1274 3108 1436 3179 ἀνήρ.
1495 3107 1605 3176 Τῆς
1665 3106 1721 3160 δὲ

1829 3108 2010 3163 omnis
2061 3108 2226 3163 homo
2267 3107 2436 3162 simili
2477 3108 2564 3162 sui
2595 3106 2923 3163 sociabitur.
2973 3106 3184 3160 Murum
3228 3114 3414 3161 autem

144 3202 407 3274 δμοηθείας
427 3200 677 3273 δηλονότι
709 3202 799 3255 τὸν
838 3204 937 3271 τῆς
968 3203 1047 3265 εἰς
1068 3201 1331 3271 ἀλλήλους
1346 3200 1569 3270 ἀγάπης
1591 3200 1723 3253 ἀνα-

145 3294 346 3364 νεούσης
390 3294 581 3364 νόμον,
615 3292 771 3360 ἀγιος
812 3292 910 3363 μὲν
938 3293 1078 3364 ἁγίῳ
1112 3293 1567 3364 συνδιαιτήσεται,
1630 3293 1726 3347 καὶ

146 3385 248 3439 λίαν
265 3385 426 3456 ἡδέως
455 3385 645 3437 ἔσεται
664 3384 805 3438 κατὰ
834 3385 1030 3438 ταυτὸν
1062 3384 1156 3437 καὶ
1194 3385 1448 3438 συνέσται
1471 3384 1725 3455 φιλοφρό-

148 3495 253 3541 νωςο
283 3476 490 3548 βεϐήλῳ
522 3476 579 3530 δὲ
608 3476 769 3531 πάλιν
800 3478 829 3529 ό
848 3476 1088 3539 τοιοῦτος
1134 3476 1225 3529 τὸν
1262 3476 1481 3547 τρόπον.
1512 3476 1727 3547 Ταύτῃ-

148 3587 217 3622 τοι
250 3571 337 3623 καὶ
364 3570 539 3641 νόμος
579 3571 609 3623 ὁ
646 3568 736 3623 διὰ
774 3568 1020 3632 Μωσέως
1051 3568 1335 3639 διαστολὴν
1364 3570 1597 3621 ἐποιεῖτο
1628 3568 1727 3639 τὴν

150 3661 240 3715 ἀνά
301 3662 457 3732 μέσον
529 3660 688 3730 ἁγίου
744 3678 806 3715 τε
859 3660 954 3715 καὶ
1014 3660 1245 3730 βεϐήλου
1300 3661 1465 3731 φημὶ,
1517 3659 1729 3730 ἄμικτά

153 3770 251 3817 πως
273 3753 523 3825 ἀλλήλοις
552 3754 646 3808 καὶ¹
674 3752 955 3824 ἀσύγχυτα
1001 3753 1071 3807 τὰ
1098 3753 1323 3808 τοιαῦτα
1355 3754 1559 3825 τηρῶν,
1587 3754 1728 3808 κατά

151 3860 204 3911 γε
236 3844 319 3897 τὸν
349 3846 403 3896 ὲν
453 3844 649 3915 ἀγάπῃ
678 3843 855 3912 λόγον.
892 3864 909 3895 ι
933 3843 1218 3916 Φθείρουσι
1242 3844 1352 3915 γάρ
1381 3844 1483 3915 ἤθη
1516 3844 1729 3915 χρηστά

152 3935 333 4010 ὁμιλίαι
363 3936 556 3998 κακαὶ,
599 3954 617 3985 ι
657 3936 754 3988 καὶ
802 3936 1030 4006 πολεμεῖ
1072 3953 1187 3998 πως
1231 3935 1481 4006 ἀλλήλοις
1512 3935 1581 3989 τά
1608 3937 1728 3989 ἐτε-

158 4028 408 4098 ροτροπεῖν
441 4028 719 4098 ᾑρημένα,
755 4027 849 4080 καλ⁵
896 4027 966 4079 τά
992 4028 1104 4090 τοῖς
1140 4029 1221 4091 είς
1244 4027 1305 4079 τὸ
1334 4025 1573 4079 ἐναντίον
1603 4026 1726 4097 βλέ-

154 4135 293 4174 πουσι
345 4118 683 4190 διῳκισμένα
737 4118 1030 4190 θελήμασι,
1086 4120 1367 4190 μονονουχὶ
1419 4120 1511 4173 καὶ
1563 4120 1728 4191 ἀλλή-

156 4210 245 4264 λων
286 4215 598 4282 κατηγορεῖ,
654 4211 916 4282 ἑκατέρου
986 4212 1047 4266 τὸ
1098 4213 1298 4266 οἰκεῖον
1358 4212 1730 4283 θαυμάζοντος

156 4302 486 4372 ἐπιτήδευμα.
549 4300 759 4355 Οὐκοῦν
797 4302 1011 4373 ἀνάγκη
1061 4303 1335 4373 μισεῖσθαι
1381 4304 1471 4357 τὸν
1505 4303 1728 4375 φιλάρε-

156 4409 250 4456 τον,
276 4393 337 4446 δι’
368 4387 440 4447 ὧν
466 4393 632 4456 αὐτὸς
682 4393 1015 4464 θαυμάζοιτο
1048 4394 1145 4465 τὴν
1178 4396 1489 4467 φαυλότητα
1515 4396 1723 4466 διελέγ-

159 4500 318 4550 χοντα,
339 4485 430 4537 καὶ
448 4484 514 4537 τὸ
530 4485 587 4537 ὲν
612 4486 725 4546 τοῖς
749 4485 1007 4551 πονηροῖς
1028 4481 1214 4554 αἶσχος
1234 4484 1719 4551 ἀπολευκαίνοντα,

158 4576 212 4643 τῇ
240 4573 337 4627 τῶν
358 4574 573 4628 οἰκείων
604 4573 1029 4645 ἀντιπαραθέσει
1056 4575 1294 4645 τρόπων·
1330 4575 1724 4647 παραδειχθέν-

159 4682 232 4728 τος
263 4665 361 4737 γὰρ
403 4666 494 4720 τοῦ
543 4664 776 4735 ἀγαθοῦ,
832 4665 999 4737 πολλή
1030 4683 1147 4728 πως
1188 4667 1403 4738 ἀνάγκη
1430 4670 1491 4721 τὸ
1520 4668 1725 4737 φαῦλον

162 4755 477 4825 ἀσχημονεῖν.
503 4760 603 4811 Διά
629 4759 852 4827 ταύτην,
875 4751 1048 4826 οἶμαι,
1076 4757 1175 4827 τὴν
1224 4758 1424 4821 αἰτίαν,
1473 4763 1583 4822 τοῖς
1614 4760 1728 4829 φιλ-

162 4848 347 4916 αρέτοις
378 4851 806 4921 ὲπιμεμήνασιν,
842 4852 891 4903 οἰ
916 4850 991 4921 μὴ
1037 4850 1128 4903 τὸν
1161 4850 1271 4904 ίσον
1304 4852 1488 4915 αὐτοῖς
1516 4850 1725 4921 ἐζηλω-

165 4937 296 5002 κότες
324 4941 541 5011 τρόπον.
567 4942 681 4994 υύκ
712 4942 777 5011 ἐᾷ
822 4941 1108 5013 τοιγαροῦν
1140 4942 1428 4996 λυπεῖσθαι
1457 4942 1585 5007 τοὺς
1621 4962 1726 5014 μα-

165 5030 331 5099 θητάς,
358 5033 459 5086 κᾶν
486 5032 917 5105 ἀπηχθημένους
947 5036 1174 5098 ἑαυτοὺς
1212 5036 1380 5106 ὁρῶσι
1410 5035 1488 5107 τῷ
1517 5037 1727 5117 κόσμῳ,

166 5116 238 5173 διὰ
257 5122 311 5174 τὸ
334 5124 617 5193 φιλάρετον
645 5125 737 5177 καὶ
764 5124 865 5195 τὴν
890 5127 969 5188 εἰς
1006 5126 1168 5180 αὑτὸν
1192 5126 1492 5192 εὐσέϐειαν,
1518 5128 1729 5199 χαίρειν

164 5212 212 5264 δὲ
249 5216 435 5284 μᾶλλον
462 5220 527 5271 ὲκ
556 5217 663 5271 τῶν
688 5218 947 5272 ἐναντίων
1001 5221 1303 5290 εἰσηγεῖται
1340 5221 1469 5287 δεῖν,
1501 5221 1728 5291 δεχομέ-

165 5318 270 5366 νους
295 5308 365 5369 εἰς
396 5308 667 5374 ἀπόδειξιν
688 5308 783 5361 τοῦ
820 5310 972 5379 παρά
1016 5310 1135 5380 Θεῷ
1163 5312 1446 5382 λαμπροὺς
1488 5312 1726 5377 ἔσεσθαι,

167 5395 244 5445 καὶ
282 5397 427 5465 λόγου
479 5400 677 5463 παντὸς
731 5400 936 5467 ἀξίους,
996 5402 1056 5453 τὸ
1117 5403 1391 5473 μισεῖσθαι
1434 5404 1583 5475 παρά
1631 5404 1725 5457 τοῦ

170 5484 366 5553 κόσμου.
396 5488 566 5542 Βλέπε
604 5490 714 5561 γάρ
763 5490 910 5553 ὅπως
946 5491 1211 5563 σφαλερὸν
1246 5493 1553 5557 ἀπέδειξεν,
1589 5493 1724 5565 ὅπερ

170 5568 225 5644 ἦν
256 5580 388 5644 εἰκὸς
414 5581 624 5636 ἑλέσθαι
660 5584 845 5653 τυχὸν,
870 5584 1164 5655 τληπαθεῖν
1189 5586 1289 5638 οὐκ
1340 5586 1720 5656 ἀνεχςμένους.

1825 3200 2211 3257 conformitate
2259 3208 2465 3254 mutua:
2495 3198 2817 3255 dilectionis
2856 3198 3032 3270 legem
3072 3208 3413 3262 renovante,

1825 3303 2050 3350 sanctus
2080 3292 2302 3363 quidem
2334 3306 2460 3346 cum
2492 3298 2686 3346 sancto
2715 3289 3161 3355 conversabitur,
3198 3298 3251 3346 et
3282 3305 3416 3345 sua-

1809 3384 2050 3440 ~vissime
2100 3392 2267 3453 atque
2334 3380 2719 3437 amantissime
2776 3395 2885 3435 una
2937 3396 3065 3434 eum
3113 3395 3179 3436 eo
3229 3380 3413 3451 deget,

1826 3477 2093 3548 profanus
2116 3475 2244 3530 item
2272 3488 2397 3528 cum
2428 3471 2682 3542 profano.
2707 3472 2920 3527 Idcirco
2951 3472 3035 3525 lex
3064 3486 3284 3542 quoque
3305 3470 3418 3528 Mo-

1825 3569 1974 3625 saica
2022 3567 2163 3620 inter
2195 3570 2449 3617 sanctum
2492 3570 2547 3617 et
2578 3560 2872 3630 profanum
2904 3561 3209 3616 discrimen
3246 3576 3417 3632 pone-

1826 3661 1940 3721 bat,
1964 3672 2237 3727 nusquam
2269 3669 2333 3709 ea
2360 3655 2505 3708 inter
2532 3668 2593 3708 se
2624 3652 2777 3707 coire
2805 3666 2967 3721 posse
2995 3661 3246 3707 statuens
3277 3652 3416 3705 ami-

1826 3751 1969 3806 citiae
2006 3750 2144 3820 lege.
2183 3768 2201 3800 ι
2227 3747 2607 3816 Corrumpunt
2640 3744 2785 3799 enim
2826 3744 3003 3799 bonos
3032 3758 3215 3801 mores
3244 3744 3417 3798 collo-

1826 3842 1954 3912 quia
1989 3854 2158 3910 prava
2184 3840 2289 3902 ",i
2324 3845 2379 3892 et
2407 3851 2529 3906 qua:
2557 3835 2876 3905 discrepant
2903 3833 3138 3890 diversis
3171 3835 3415 3890 moribus

1829 3949 1893 3989 ac
1923 3934 1978 3988 in
2002 3934 2282 3988 diversum
2311 3928 2665 3986 tendentibus
2710 3927 2935 3992 animis,
2984 3927 3129 3982 inter
3172 3942 3233 3983 se
3274 3942 3415 3998 quo-

1828 4024 2124 4081 dammodo
2164 4022 2370 4079 bellum
2415 4028 2651 4093 gerunt,
2689 4033 2859 4090 seque
2894 4026 3088 4073 mutuo
3122 4033 3416 4089 propemo-

1829 4120 1959 4174 dum
1994 4123 2300 4180 accusant,
2332 4112 2694 4171 exosculante
2728 4121 2966 4181 utroque
3000 4127 3165 4167 suum
3202 4112 3418 4168 institu-

1833 4222 1968 4267 tum.
1998 4210 2269 4277 Quocirca
2295 4222 2525 4264 necesse
2546 4214 2633 4263 est
2663 4205 2792 4261 odio
2820 4204 3012 4259 haberi
3042 4204 3266 4259 virtutis
3297 4214 3418 4260 stu-

1830 4303 2050 4359 diosum
2099 4319 2167 4359 ex
2214 4302 2283 4358 iis
2335 4301 2407 4356 ob
2445 4314 2569 4370 qua:
2607 4297 2959 4354 admirationi
2998 4312 3123 4353 esse
3174 4287 3413 4361 debeat,

1831 4397 2037 4467 quippe
2082 4395 2177 4465 qui
2230 4392 2639 4465 improbitatem
2683 4396 2949 4462 coarguat
2979 4430 2994 4454 ,
3044 4396 3097 4444 et
3144 4388 3414 4443 malorum

1832 4488 2233 4545 obscenitatem
2272 4485 2543 4557 Oppositis
2569 4484 2686 4539 suis
2711 4483 2960 4537 moribus
2991 4489 3199 4550 retegat
3225 4496 3239 4533 :
3268 4481 3416 4536 bono

1830 4581 2035 4650 quippe
2068 4578 2315 4634 exhibito
2344 4592 2575 4634 necesse
2598 4584 2683 4632 est
2711 4574 2841 4629 mali
2870 4581 3059 4646 patere
3086 4570 3411 4627 foeditatem.

1833 4671 2009 4736 lianc,
2029 4671 2247 4740 opinor,
2277 4670 2347 4724 ob
2367 4684 2590 4725 causam
2628 4668 2865 4737 virtutis
2886 4665 3154 4721 studiosis
3184 4679 3415 4720 succen-

1832 4771 1989 4828 sent,
2021 4763 2116 4833 qui
2151 4778 2261 4817 non
2293 4762 2517 4817 eosdem
2548 4769 2830 4816 sectantur
2862 4773 3064 4812 mores.
3102 4756 3415 4826 Discipulos

1832 4857 2001 4928 igitur
2026 4855 2152 4926 angi
2180 4870 2289 4910 non
2318 4854 2471 4919 sinit,
2498 4851 2751 4923 quamvis
2775 4849 2989 4919 seipsos
3022 4863 3223 4904 exesos
3254 4864 3414 4903 mun-

1835 4947 1907 5001 do
1945 4946 2167 5001 videant
2212 4953 2435 5015 propter
2470 4941 2693 4997 virtutis
2745 4940 3077 5011 pietatisque
3125 4939 3412 4996 studium:

1836 5040 1930 5095 sed
1966 5055 1996 5094 e
2035 5037 2313 5093 contrario
2355 5034 2649 5091 laetandum
2682 5047 2806 5088 esse
2831 5031 3030 5099 docet,
3069 5030 3269 5087 futura:
3309 5033 3417 5087 sibi

1836 5131 1981 5201 apud
2019 5129 2188 5184 Deum
2237 5128 2506 5184 claritatis
2547 5140 2610 5180 ac
2645 5122 2962 5195 splendoris
3024 5131 3247 5193 sumpto
3290 5124 3419 5178 hinc

1836 5227 2161 5291 argumento
2190 5227 2244 5274 ct
2280 5218 2508 5281 indicio,
2537 5215 2683 5286 quod
2716 5215 2845 5270 odio
2870 5230 2898 5266 τι
2931 5213 3143 5269 mundo
3174 5215 3419 5271 habean-

1837 5322 1945 5368 tur.
1985 5310 2118 5366 Vide
2152 5310 2297 5365 enim
2328 5325 2437 5381 quo
2462 5317 2623 5379 pacto
2648 5306 3019 5379 periculosum
3067 5322 3193 5364 esse
3232 5316 3421 5363 osten-

1835 5404 1929 5457 dat
1973 5402 2119 5456 nolle
2181 5402 2295 5471 pati
2353 5399 2501 5471 quod
2541 5399 2678 5454 velle
2713 5399 2925 5455 deceat.
2967 5396 3109 5453 Odio
3151 5398 3357 5468 quippe
3388 5412 3419 5451 a

1834 5492 2115 5548 nonnullis
2137 5492 2350 5558 haberi,
2372 5490 2621 5562 periculo
2647 5489 2839 5559 utique
2858 5504 3092 5559 prorsus
3114 5502 3223 5542 non
3247 5495 3419 5549 caret,

1834 5587 2057 5641 liberam
2086 5593 2269 5641 tamen
2298 5584 2443 5655 apud
2474 5582 2646 5654 898
2670 5582 2839 5639 Deum
2866 5583 3282 5639 excusationem
3311 5593 3421 5633 non

234 5758 273 5788 "
296 5758 477 5817 Matth.
512 5781 561 5825 v,
600 5766 687 5833 ll,
735 5764 818 5819 Η..
895 5764 940 5797 ⁹⁰
970 5763 1282 5831 ιΞ<ξε1ἱ.ςιιιἐ
1335 5764 1417 5829 19,
1455 5762 1546 5818 Εὶι).
1610 5764 1666 5839 ,³³
1696 5764 1713 5819 l
1744 5763 1875 5819 Cor.
1915 5780 2003 5831 xv,
2050 5765 2140 5818 33.
