4056 6478
610 303 718 362 399
1643 300 1700 355 S.
1735 298 2008 354 (IYRIILI
2046 295 2521 354 ALEXANDRINI
2548 298 2867 357 ARCIHEP.
3796 311 3891 366 ιω

613 423 779 480 habet
803 462 819 490 ,
856 420 953 478 sed
990 417 1129 476 lucri
1166 417 1464 490 plurimum
1497 416 1683 487 potius
1719 434 1843 473 eum
1878 428 2062 476 manet
2098 419 2190 490 qui

2299 418 2372 470 Τὸ
2402 419 2500 489 μὲν
2529 419 2637 490 γὰρ
2672 420 2941 491 μισεῖσθαι
2997 421 3150 491 παρά
3180 439 3363 487 τινων,
3386 416 3453 495 ἧν
3484 424 3655 494 δήπου
3685 426 3889 489 πάντως

616 518 752 573 illud
786 516 932 571 ultro
962 512 1287 584 susceperit.
1337 510 1393 565 Si
1425 511 1570 564 enim
1602 510 1695 579 qui
1727 509 1854 563 odio
1888 519 1972 565 est
2004 511 2071 566 iis
2103 514 2192 582 qui

2305 511 2402 580 οὐχ
2420 510 2724 582 ὁλοκλήρως
2751 511 3005 584 ἀζήμιον·
3032 512 3146 566 ἀλλ’
3175 513 3275 567 οὐκ
3308 513 3422 584 ἔχει
3440 514 3539 586 τὴν
3567 515 3889 589 παραίτησιν

615 611 898 666 mundana
934 608 1194 680 sapiunt,
1236 615 1495 679 tanquam
1524 610 1680 658 extra
1715 601 1980 656 mundum
2012 618 2203 660 cense-

618 711 712 757 tur
740 716 900 758 esse:
937 714 1067 770 ergo
1099 696 1190 767 qui
1224 712 1330 751 non
1357 695 1592 749 habetur
1629 693 1759 748 odio
1782 732 1798 759 ,
1841 708 2070 749 necesse
2117 705 2202 751 est

616 792 807 848 mundi
840 790 998 845 malis
1027 788 1320 857 implicari.
1365 783 1509 852 Quid
1537 799 1669 855 ergo
1700 783 1787 839 his
1826 784 2009 838 verbis
2039 783 2202 839 Chri-

617 893 738 940 stus
769 882 1000 940 statuit?
1038 879 1173 933 Cum
1209 876 1404 931 liducia
1444 884 1498 931 et
1539 876 1710 931 libere
1745 890 1841 931 eos
1864 876 2050 947 .loqui,
2096 891 2200 932 nec

616 985 965 1048 peccatorum
990 981 1134 1027 metu
1166 978 1259 1023 aut
1277 984 1466 1023 eorum
1496 969 1615 1038 qui,
1643 968 1827 1023 divina
1853 968 2199 1040 {medicatio-

617 1084 685 1123 ne
709 1071 1041 1133 contempta,
1078 1060 1477 1131 castigationes
1504 1068 1557 1113 et
1575 1060 1983 1114 admonitiones
2012 1060 2199 1130 probi-

615 1158 765 1221 bent,
796 1156 911 1209 sine
939 1153 1120 1207 fructu
1148 1151 1427 1207 dimittere
1451 1149 1755 1215 auditores,
1781 1153 1903 1216 sed,
1932 1153 2199 1222 periculis

614 1241 735 1319 qua:
773 1262 838 1301 ex
885 1244 1015 1301 odio
1050 1259 1196 1314 saepe
1230 1243 1559 1313 contingunt
1593 1243 1859 1313 neglectis
1881 1284 1895 1307 ,
1932 1243 2105 1302 fortes
2135 1259 2199 1302 ac

616 1348 875 1395 strenuos
906 1338 956 1389 in
990 1336 1268 1406 proposito
1303 1349 1545 1399 manere,
1571 1348 1673 1387 nec
1709 1334 1863 1403 prius
1894 1334 2195 1404 quidquam

615 1430 819 1485 habere
866 1440 961 1483 aut
1005 1429 1213 1482 ducere
1267 1442 1429 1496 quam
1477 1436 1533 1479 ut
1589 1424 1700 1479 Deo
1730 1426 2002 1495 placeant.
2036 1426 2194 1493 Quod

615 1540 741 1579 cum
763 1522 966 1577 Paulus
988 1520 1209 1591 egregie
1240 1526 1565 1589 praestaret,
1601 1518 1673 1573 ita
1706 1517 1901 1572 scribit
1932 1537 1945 1572 :
1981 1536 1998 1569 ι
2036 1518 2196 1575 Modo

614 1618 762 1673 enim
793 1614 1106 1671 hominibus
1132 1612 1371 1678 suadeo,
1405 1627 1473 1667 an
1506 1610 1653 1666 Deo?
1682 1611 1763 1665 An
1794 1626 1985 1680 quazro
2016 1611 2196 1669 homi-

614 1711 779 1764 nibus
804 1708 1057 1779 placere?
1086 1706 1141 1761 Si
1165 1705 1345 1761 adhuc
1374 1704 1687 1759 hominibus
1711 1704 2008 1772 placerem,
2034 1705 2196 1762 Chri-

2304 601 2593 673 ἐλευθέραν
2627 602 2779 674 παρά
2797 602 2939 674 Θεῷ,
2979 603 3116 657 πολὺ
3148 604 3204 657 δὲ
3232 604 3296 678 δή
3327 622 3379 658 τι
3412 606 3475 659 τὸ
3507 606 3700 677 κέρδος
3738 606 3794 658 ὲν
3823 608 3888 676 τῷ

2306 694 2508 763 μᾶλλον
2550 694 2807 766 ἐθελῆσαι
2849 695 3043 749 παθεῖν
3075 695 3227 750 αὑτό.
3260 695 3325 750 Ei
3380 696 3488 769 γὰρ
3518 698 3548 749 δ
3576 695 3889 766 μισούμενος

2303 786 2455 857 παρά
2483 786 2590 841 τῶν
2609 788 2675 841 τὰ
2702 789 2759 842 ὲν
2782 787 2973 859 κόσμῳ
2996 787 3440 861 πεφρονηκότων,
3469 787 3544 851 ὡς
3572 786 3681 852 ἔξω
3697 788 3888 857 κόσμου

2301 879 2630 949 λελόγισται,
2655 880 2748 933 τὸν
2779 880 2887 951 ἄρα
2935 881 3008 952 μὴ
3050 879 3369 951 μισηθέντα,
3420 883 3531 943 τοῖς
3556 879 3653 934 τοῦ
3694 880 3887 949 κόσμσ)

2302 974 2494 1035 κακοῖς
2532 971 2839 1026 συνδεῖσθαι
2888 972 3076 1025 λοιπὸν
3106 972 3319 1042 ἀνάγκη
3353 974 3515 1027 νοεῖν.
3556 971 3622 1023 Τί
3651 966 3752 1024 οὖν
3794 974 3887 1041 ἄρα

2299 1065 2387 1120 διὰ
2414 1065 2621 1120 τούτων
2650 1066 3002 1138 ᾠκονόμησεν
3053 1068 3084 1120 ὁ
3113 1068 3347 1138 Χριστός
3374 1084 3388 1131 ;
3436 1066 3509 1120 Τὸ
3528 1068 3588 1120 ὲν
3616 1067 3889 1137 παρρησίᾳ

2302 1158 2573 1213 ποιεῖσθαι
2596 1159 2688 1212 τὸν
2704 1159 2862 1229 λόγον
2886 1160 3106 1225 αὑτοὺς,
3128 1160 3221 1212 καὶ
3255 1158 3329 1231 μὴ
3350 1159 3489 1214 αἰδοῖ
3510 1161 3576 1230 τῇ
3604 1160 3738 1229 περί
3752 1175 3889 1221 τινας

2298 1252 2406 1304 τῶν
2437 1252 2857 1324 ἡμαρτηκότων,
2894 1253 3064 1324 ἦγουν
3088 1251 3334 1306 ἀπειθεῖν
3363 1250 3631 1322 ἑλομένων
3663 1248 3749 1319 τῷ
3774 1248 3890 1320 θείῳ

2300 1343 2637 1416 κηρύγματι,
2664 1344 2756 1399 τὸν
2787 1346 3087 1415 σωφρονεῖν
3104 1343 3465 1397 ἀναπείθοντα
3494 1342 3884 1405 διακωλύοντας

2297 1437 2474 1506 λόγον,
2510 1438 2889 1509 ἀνωφελήτους
2920 1439 3015 1510 seu
3074 1436 3203 1501 τοὺς
3238 1436 3647 1510 ἀκροωμένους,
3685 1452 3883 1505 παριπ-

2299 1502 2565 1593 πεύοντας
2597 1502 2653 1583 δὲ
2688 1502 2789 1585 καὶ
2815 1530 2881 1583 τά
2906 1502 2970 1583 ἐκ
3011 1529 3120 1582 τῶν
3156 1502 3441 1600 μισεῖσθαι⁷
3479 1527 3750 1588 πολλάκις
3773 1502 3883 1579 γὲσό-

2302 1638 2439 1691 μενα
2456 1621 2627 1691 βλάϐη
2653 1624 2825 1692 γοργῇ
2845 1622 2940 1675 καὶ
2962 1621 3316 1691 ἀνυποστόλῳ
3336 1619 3639 1691 κεχρῆσθαι
3660 1621 3735 1688 τῇ
3762 1635 3884 1687 συμο

2298 1708 2486 1779 ϐουλῇ,
2510 1709 2677 1779 μηδὲν
2691 1710 2752 1762 τὸ
2778 1710 3038 1779 παράπαν
3063 1710 3470 1781 ὑφορωμένους,
3488 1711 3658 1779 ἢγουν
3690 1708 3882 1778 προύρ-

616 1803 684 1856 sti
723 1817 916 1856 servus
942 1817 1048 1854 non
1080 1814 1260 1854 essent
1288 1799 1355 1851 θ’.
1392 1815 1409 1846 ι
1454 1794 1564 1850 Nec
1597 1796 1743 1850 cnim
1776 1794 1892 1850 fieri
1919 1807 2099 1866 potest
2134 1810 2192 1855 ut

2297 1799 2574 1867 γιαίτερόν
2600 1816 2650 1851 τι
2673 1797 3059 1870 λογιζομένους
3085 1800 3177 1853 τοῦ
3208 1800 3318 1852 δεῖν
3342 1800 3537 1871 ἀρέσαι
3559 1798 3707 1869 Θεῷ.
3749 1802 3810 1851 Ὅ
3832 1799 3885 1870 δὴ

614 1894 740 1965 quis
769 1892 1033 1963 improbis
1058 1890 1268 1960 placeat
1294 1896 1348 1942 et
1398 1888 1526 1943 Deo.
1554 1887 1843 1953 Quomodo
1867 1890 2011 1945 enim
2035 1890 2198 1947 ambo

614 1986 671 2040 hi
716 1986 772 2039 in
822 1998 989 2038 unum
1026 1981 1376 2046 coalescent,
1423 1995 1549 2037 cum
1580 1981 1835 2038 voluntas
1870 1981 1924 2036 in
1958 1989 2198 2054 utroque

615 2082 772 2151 longe
797 2079 871 2133 sit
895 2076 1215 2132 dissimilis?
1243 2076 1369 2129 Haec
1396 2074 1543 2129 enim
1567 2074 1851 2140 virtute’m,
1879 2076 1975 2131 illa
2007 2076 2198 2131 vitium

615 2172 854 2243 reSpicit.
889 2169 992 2236 Qui
1023 2183 1154 2240 ergo
1190 2166 1399 2222 servire
1433 2164 1546 2221 Deo
1578 2165 1931 2221 uniformiter
1960 2169 2196 2232 statuit,

614 2281 717 2320 nec.
762 2264 965 2334 pietate
1002 2276 1132 2331 erga
1167 2275 1291 2315 eum
1345 2258 1501 2330 prius
1547 2259 1850 2329 quidquam
1886 2260 2087 2323 habet.
2138 2260 2191 2315 in

612 2357 973 2412 offensionem
1013 2351 1418 2407 mundanorum
1460 2351 1746 2407 hominum
1798 2354 2045 2408 incurrat
2098 2369 2191 2408 ne-

611 2465 769 2506 cesse
792 2457 897 2510 est,
930 2446 979 2501 si
1012 2443 1233 2515 quando
1264 2445 1332 2497 ab
1362 2444 1684 2514 impuritate
1720 2445 1908 2498 mundi
1938 2459 2033 2501 eos
2062 2460 2194 2499 avo-

611 2550 716 2595 cet.
756 2537 1110 2592 Gravissimte
1158 2534 1307 2589 enim
1355 2542 1483 2590 sunt
1533 2535 1837 2604 voluptatis
1887 2536 2193 2591 cultoribus

609 2627 1020 2684 exhortationes
1048 2662 1065 2688 ,
1109 2636 1233 2693 qua:
1257 2623 1322 2676 ad
1357 2624 1636 2681 meliorem
1672 2622 1883 2693 frugem
1909 2639 2007 2680 eos
2038 2639 2193 2681 revo—

609 2730 772 2783 cant,
821 2715 982 2773 sicuti
1034 2714 1298 2770 nimirum
1339 2727 1393 2767 et
1436 2714 1509 2770 iis
1538 2714 1741 2783 quibus
1788 2713 1940 2771 hisce
1978 2714 2191 2769 morbis

608 2825 810 2881 corpus
837 2816 1162 2880 corruptum
1181 2814 1286 2873 est,
1307 2807 1549 2863 remedia
1576 2806 1667 2860 illa
1690 2814 1824 2863 sunt
1849 2805 2045 2863 acerba
2069 2821 2191 2876 qua:

608 2899 889 2955 salutaria.

2295 1892 2391 1945 καὶ
2421 1890 2632 1953 Παῦλος
2677 1891 2875 1962 ἄριστα
2908 1890 3214 1963 κατορθῶν,
3237 1890 3379 1946 ούτω
3411 1892 3636 1962 γράφει·
3676 1912 3697 1942 ‹
3746 1892 3882 1963 ’Δρτι

2295 1984 2403 2054 γὰρ
2431 1984 2753 2055 ἀνθρώπους
2778 1983 3031 2056 πείθω,ἢ
3063 1985 3153 2040 τὸν
3192 1985 3361 2052 Θεόν;
3402 1987 3473 2040 Ἦ
3499 1985 3648 2057 ζητῶ
3681 1985 3883 2057 ἀνθρώ-

2297 2093 2419 2139 ποις
2448 2077 2739 2146 άρέσκεινς
2776 2078 2842 2131 Εἰ
2880 2076 2961 2131 ἔτι
3014 2076 3323 2148 ἀνθρώποις
3361 2078 3618 2148 ἦρεσκον,
3656 2078 3885 2149 Χριστοῦ

2294 2166 2478 2229 δοῦλος
2504 2167 2605 2221 ούκ
2628 2167 2693 2221 ἂν
2724 2168 2922 2237 ἥμην.»
2953 2166 3027 2221 Οὐ
3055 2168 3163 2238 γὰρ
3184 2168 3324 2233 ἐστι,
3347 2168 3451 2223 ούκ
3473 2169 3621 2222 ἐστιν
3639 2170 3884 2238 πονηραὶ

2298 2257 2552 2325 ἀρέσκειν
2595 2257 2689 2313 καὶ
2747 2257 2885 2328 Θεῷ.
2940 2258 3065 2322 Πῶς
3112 2259 3222 2330 γάρ
3272 2258 3338 2314 ἂν
3399 2260 3468 2314 τοι
3504 2259 3645 2317 κατά
3699 2260 3884 2315 ταυτίν

2296 2348 2604 2418 ἀμφότερα,
2632 2346 2768 2401 πολύ
2784 2365 2835 2401 τι
2856 2350 2936 2412 είς
2961 2349 3326 2420 ἀνομοιότητα
3340 2350 3712 2422 διῳκισμένης
3728 2349 3820 2419 τῆς
3838 2352 3885 2404 ὲν

2295 2438 2541 2509 ἑκατέρῳ
2571 2438 2879 2510 θελήσεως;
2923 2441 2986 2496 Ἦ
3016 2442 3115 2511 μὲν
3139 2442 3250 2514 γὰρ
3279 2443 3358 2506 είς
3394 2444 3616 2515 ἀρετὴν,
3653 2445 3693 2515 ἡ
3736 2443 3791 2496 δὲ
3816 2446 3883 2504 εἰς

2294 2530 2604 2600 φαυλότητα
2665 2530 2873 2600 βλέπει.
2927 2532 3030 2589 Τὸν
3076 2531 3186 2603 ἀρα
3233 2534 3583 2606 μονοτρόπως
3640 2536 3888 2593 ἐθέλοντα

2299 2622 2569 2677 δουλεύειν
2588 2623 2667 2693 τῷ
2694 2622 2831 2694 Θεῷ,
2864 2624 2956 2678 καὶ
2986 2625 3087 2695 τῆς
3124 2626 3203 2689 είς
3235 2627 3399 2683 αὐτὸν
3438 2628 3728 2691 εύσεὸείας
3749 2627 3887 2685 οὐδὲν

2298 2713 2517 2767 τιθέντα
2552 2715 2609 2769 τὸ
2656 2715 2898 2787 ἄμεινον,
2950 2716 3313 2787 προσκρούειν
3370 2719 3585 2791 ἀνάγκη
3618 2722 3740 2782 τοῖς
3767 2721 3884 2787 ἁγα-

2300 2805 2443 2859 πῶσι
2469 2806 2558 2860 τὸν
2592 2807 2816 2878 κόσμον,
2846 2809 2974 2861 ὅταν
3002 2809 3272 2882 ἀναπείθῃ
3304 2814 3520 2880 φρονεῖν
3550 2810 3620 2864 τά
3659 2811 3763 2881 τῆς
3804 2812 3885 2863 κό-

2300 2916 2436 2969 σμου
2517 2898 2800 2970 βδελυρίας
2884 2899 3209 2972 ἐκφέροντα.
3287 2900 3707 2971 Δυσφορώτατοι
3787 2902 3885 2972 γάρ

607 2997 718 3058 τοῖς
766 2994 1087 3064 φιληδόνοις,
1147 2994 1204 3045 αἱ
1255 2991 1391 3061 πρὸς
1436 2991 1621 3060 ἕτερόν
1672 3009 1723 3044 τι
1766 2991 2032 3045 καλοῦσαι
2073 2994 2683 3066 συμϐουλαὶ,.καθάπερ
2717 2996 2911 3067 ἀμέλει
2942 2997 3038 3051 καὶ⁸
3082 3000 3197 3062 τοῖς
3227 2997 3332 3051 ὑπὸ
3386 2997 3591 3052 τούτων
3644 2998 3759 3051 τῶν
3794 3017 3886 3052 πα-

608 3088 715 3142 θῶν
742 3088 803 3141 τὸ
824 3088 983 3159 σῶμα
1012 3084 1432 3154 διεφθαρμένοις
1463 3081 1533 3137 τὰ
1564 3082 1820 3153 ἐπωφελῆ
1856 3082 1951 3136 καὶ
1973 3082 2241 3139 δάκνοντα
2276 3086 2385 3141 τῶν
2423 3086 2810 3157 βοηθημάτων.

676 3179 772 3234 XV
794 3219 808 3242 ,
850 3179 942 3233 20.
982 3176 1300 3231 Mementote
1332 3172 1591 3226 sermonis
1628 3172 1726 3224 mei
1757 3187 1910 3240 quem
1944 3188 2038 3243 ego
2078 3174 2192 3228 dixi

2367 3176 2789 3243 Μνημονεύετε
2812 3176 2917 3230 τοῦ
2945 3177 3133 3245 ,λόγου
3166 3172 3238 3231 οὗ
3267 3176 3383 3249 ἐγὼ
3402 3172 3575 3233 εἶπον
3589 3177 3752 3247 ὑμῖν
3774 3183 3879 3236 Οὐκ

605 3274 794 3329 vobis:
848 3270 974 3325 Non
1017 3278 1095 3322 est
1137 3280 1315 3320 servus
1374 3262 1545 3329 major
1586 3261 1799 3316 domino
1843 3279 1963 3317 suo.
2010 3262 2067 3318 Si
2114 3281 2194 3318 me

605 3363 861 3436 persecuti
890 3368 1053 3422 sunt,
1108 3366 1157 3411 et
1202 3374 1289 3411 vos
1333 3363 1755 3423 persequentur:
1807 3354 1854 3409 si
1898 3371 2193 3410 sermonem

606 3472 780 3511 meum
808 3458 1182 3513 servaverunt,
1218 3456 1267 3501 et
1304 3455 1532 3502 uestrum
1564 3444 1871 3498 servabunt.

662 3546 959 3615 Postquam
994 3540 1250 3610 superius
1283 3538 1525 3593 ostendit
1548 3537 1754 3591 bonum
1788 3553 1909 3595 csse
1943 3538 2069 3593 odio
2100 3538 2195 3592 ha-

607 3640 747 3703 beri,
790 3642 836 3692 si
866 3644 1083 3704 tempus
1117 3633 1168 3686 id
1202 3630 1437 3700 postulet
1470 3628 1854 3697 (levissimum
1888 3631 2037 3684 enim
2086 3642 2192 3692 εει,

604 3736 718 3787 imo
751 3745 882 3786 vero
915 3737 997 3783 ter
1026 3722 1329 3795 optandum
1364 3722 1732 3793 quodcunque
1766 3723 2036 3794 contingit
2067 3736 2193 3792 pro-

604 3830 730 3895 fter
756 3820 947 3883 Deum,
977 3820 1069 3887 qui
1101 3823 1161 3868 ut
1191 3813 1477 3869 obstacula
1504 3827 1733 3882 quaeque
1763 3812 2047 3866 vincamus
2076 3811 2193 3877 elli-

605 3929 731 3970 cere
759 3908 1012 3983 potest),
1048 3906 1201 3961 addit
1234 3905 1460 3972 insuper
1491 3903 1700 3958 utiliter
1728 3902 1878 3972 quod
1909 3903 2095 3968 novit,
2135 3913 2193 3956 ut

607 4008 754 4062 Deus
782 4046 796 4068 ,
838 3998 1255 4057 retardaturum
1290 4009 1388 4051 eos
1423 3996 1723 4063 quominus
1763 3994 1975 4049 ardenti
2008 3996 2192 4051 studio

607 4097 889 4153 cmlestem
941 4089 1254 4145 doctrinam
1310 4084 1631 4157 prmdicent.
1682 4082 1819 4141 Nam
1856 4086 1952 4157 qui
1989 4085 2188 4143 delecti

607 4198 739 4244 sunt
771 4185 837 4239 ad
868 4180 1202 4246 docendum,
1231 4180 1408 4235 solent
1443 4186 1502 4234 ut
1530 4176 1826 4247 plurimum
1863 4178 1919 4232 in
1946 4179 2190 4249 pericula

608 4289 663 4335 et
688 4275 1023 4349 ignominias
1057 4275 1341 4329 incurrere
1366 4312 1380 4336 ,
1414 4286 1539 4327 cum
1586 4270 1653 4325 iis
1706 4286 1845 4340 quos
1894 4269 2191 4327 admonent

610 4372 793 4425 minus
851 4371 1069 4439 placent
1133 4382 1256 4435 quae
1295 4366 1592 4432 dicuntur;
1642 4381 1877 4434 cumque
1927 4374 2191 4439 pratterea

608 4460 889 4529 contingat
920 4466 978 4512 ut
1010 4458 1296 4527 repudiata
1326 4472 1425 4511 sua
1453 4454 1702 4513 doctrina
1732 4455 1904 4525 899
1934 4472 2190 4525 persecu-

606 4555 814 4607 tionem
844 4551 1149 4623 patiantur,
1177 4550 1342 4605 etiam
1378 4547 1645 4604 adversus
1676 4550 1789 4604 ιιωο
1814 4550 2100 4619 expeditos
2123 4564 2187 4607 ac

609 4656 834 4702 strenue
868 4654 1090 4717 paratos
1124 4660 1247 4700 esse
1268 4644 1445 4714 jubet.
1469 4642 1591 4698 [hec
1620 4651 1799 4697 autem
1833 4640 2016 4697 futura
2048 4658 2185 4712 quo-

607 4735 906 4791 dammodo
950 4734 1223 4806 praedicit,
1262 4743 1483 4804 propter
1518 4748 1709 4789 eorum
1759 4734 1850 4803 qui
1896 4734 2185 4789 erudiendi

606 4830 903 4885 veniebant
930 4826 1365 4897 improbitatem.
1398 4825 1558 4892 Quod
1591 4826 1721 4881 alibi
1758 4841 1977 4896 quoque
2020 4825 2184 4895 signi-

2295 3266 2427 3320 ἒστι
2478 3266 2700 3333 δοῦλος
2730 3266 2943 3337 μείζων
2999 3266 3106 3321 τοῦ
3158 3269 3368 3336 κυρίου
3412 3270 3621 3327 αὐτοῦ.
3671 3272 3746 3323 Et
3791 3272 3881 3341 ἐμὲ

2295 3356 2569 3423 ἐδίωξαν,
2618 3360 2715 3413 καί
2773 3358 2929 3428 ὑμᾶς
2958 3359 3289 3423 διώξουσιν
3311 3378 3323 3392 ·
3351 3364 3404 3414 ει
3431 3362 3539 3415 τὸν
3563 3364 3755 3432 λόγον
3776 3380 3883 3432 μου

2294 3448 2623 3516 ἐτήρησαν,
2652 3451 2748 3503 καὶ
2786 3450 2894 3504 τὸν
2930 3450 3219 3520 ὑμέτερον
3267 3452 3625 3521 τηρήσουσι.

2368 3539 2768 3607 Προαποδείξας
2807 3537 2866 3594 εὖ
2926 3542 3071 3612 μάλα
3110 3543 3205 3596 καὶ
3251 3543 3316 3596 τὸ
3372 3546 3651 3614 μισεῖσθαι
3706 3547 3879 3609 καλὸν,

2295 3632 2454 3698 εἴπερ
2484 3632 2567 3702 εἴη
2604 3635 2698 3686 καὶ
2730 3632 2922 3686 τούτου
2951 3634 3141 3705 καιρὸς
3161 3635 3416 3707 (φορητὸν
3437 3637 3543 3710 γὰρ
3568 3639 3733 3707 ἄγαν,
3756 3640 3880 3710 μᾶλ-

2294 3722 2381 3775 λον
2404 3721 2458 3774 δὲ
2480 3722 2829 3793 τριπόθητον,
2856 3725 2993 3796 ὅπερ
3017 3724 3083 3779 ἂν
3108 3725 3379 3798 συμϐαίνῃ
3408 3727 3498 3781 διὰ
3524 3728 3679 3794 Θεὸν,
3718 3747 3879 3800 παραυ

2294 3813 2639 3883 ποδισμάτων
2678 3814 2935 3886 ἀμείνους
2987 3816 3317 3887 ἐργάζεσθαι
3340 3819 3678 3890 δυνάμενον),
3728 3838 3879 3892 προσ-

2295 3906 2477 3975 ανερεῖ
2530 3904 2595 3974 δὴ
2657 3905 2967 3977 χρησίμως,
3025 3908 3163 3979 ὅπερ
3250 3906 3391 3968 οἶδεν
3445 3912 3521 3976 ὡς
3567 3912 3723 3976 Θεὸς,
3764 3931 3879 3969 κατ-

2292 3997 2543 4064 οκνήσειν
2568 3994 2857 4049 άναπεῖθον
2888 3997 3083 4061 αὐτοὺς
3119 4000 3255 4071 πρὸς
3302 4002 3364 4054 τὸ
3385 4002 3590 4073 σφόδρα
3626 4005 3877 4057 συντείνει

2295 4088 2419 4141 σθαι
2456 4087 2629 4143 θέλειν
2661 4090 2789 4161 περὶ
2842 4090 2904 4142 τὸ
2936 4090 3136 4161 χρῆναι
3187 4094 3477 4164 κηρύττειν
3518 4096 3610 4149 τὸν
3640 4097 3877 4167 οὐράνιον

2293 4182 2470 4249 λόγον.
2517 4182 2816 4253 Ἐπόμενον
2848 4182 2959 4255 γὰρ
2987 4184 3081 4237 ἐπὶ
3114 4185 3248 4240 πολὺ
3278 4190 3390 4251 τοῖς
3423 4190 3502 4252 είς
3530 4188 3592 4241 τὸ
3619 4188 3875 4245 διδάσκειν

2296 4273 2841 4344 προκεχειρισμένοις
2886 4274 2946 4328 τὸ
3004 4275 3368 4346 ἀτιμάζεσθαι
3398 4279 3491 4332 καὶ
3536 4280 3871 4343 κινδυνεύειν,

2292 4363 2419 4419 ὅταν
2444 4363 2541 4433 οὐχ
2561 4363 2705 4433 ἡδεῖς
2726 4366 2838 4427 τοῖς
2866 4364 3309 4437 νουθετουμένοις
3342 4370 3390 4421 oi
3430 4371 3561 4440 παρ’
3590 4373 3770 4435 αὐτοῖς
3796 4373 3874 4426 εύ-

2297 4460 2574 4527 ρίσκονται
2604 4459 2771 4527 λόγοι,
2809 4460 3197 4531 συμϐαίνοντος
3228 4480 3287 4515 τε
3318 4460 3452 4535 πρὸς
3476 4465 3652 4537 τούτῳ
3677 4467 3765 4521 καὶ
3790 4467 3874 4518 τού

2292 4550 2647 4604 διαπυθέσθαι
2699 4551 2775 4621 μὴ
2832 4552 3265 4624 παραδεχθέντος
3310 4556 3423 4610 ἐσθ’
3457 4557 3547 4610 ὅτε
3573 4558 3667 4611 τοῦ
3708 4558 3874 4625 λόγον.

2293 4643 2577 4713 εὐτρεπεῖς
2612 4636 2749 4696 εἶναι
2800 4643 2893 4699 καὶ
2945 4644 3078 4714 πρὸς
3125 4645 3301 4705 ταῦτα
3331 4646 3450 4702 λίαν
3502 4650 3742 4721 εὐχερεῖς
3788 4653 3877 4705 καὶ

2298 4731 2592 4803 προθύμως
2659 4734 2751 4786 καὶ
2808 4733 3071 4797 νεανικῶς
3132 4736 3526 4794 διακελεύεται.
3578 4741 3871 4813 Προμηνύει

2297 4824 2355 4877 δὲ
2386 4823 2575 4896 ὥσπερ
2602 4826 2783 4895 πάντη
2818 4842 2876 4878 τε
2926 4828 3017 4880 καὶ
3072 4828 3289 4893 πάντως
3324 4831 3621 4901 ἐσομένων,
3675 4832 3758 4887 διά
3783 4833 3870 4902 τὴν

607 4923 826 4986 ticahat,
853 4922 1044 4977 dicens
1076 4940 1088 4975 :
1130 4938 1149 4973 ι
1182 4917 1279 4974 Va:
1314 4917 1519 4974 mundo
1548 4934 1577 4973 a
1604 4918 1927 4974 scandatis:
1964 4934 2192 4977 necesse

2298 4918 2406 4971 τῶν
2439 4917 2741 4987 μελλόντων
2762 4918 3356 4992 παιδαγωγηθήσεσθαι
3376 4923 3696 4995 μοχθηρίαν.
3718 4924 3872 4978 Τοῦτο

606 5013 754 5068 enim
803 5020 889 5067 est
923 5019 981 5066 ut
1031 5012 1254 5067 veniant
1302 5008 1563 5066 scandala
1595 5010 1663 5065 ³³.
1703 5030 1721 5060 ι
1761 5003 1975 5080 Ubique
2023 5027 2191 5082 porro

606 5103 875 5175 singulari
901 5104 1131 5160 consilio
1153 5106 1463 5174 exemplum
1505 5119 1565 5161 sc
1604 5104 1844 5173 prtebet,
1880 5121 1952 5161 ne
1983 5105 2188 5174 majora

607 5202 929 5265 appetentes
960 5196 1108 5250 aliud
1150 5196 1388 5253 infamia:
1432 5213 1607 5269 genus
1658 5198 1945 5253 incurrere
1992 5200 2185 5266 deprc-

608 5286 922 5341 hendantur
947 5330 961 5353 ,
1002 5288 1099 5343 sed
1134 5290 1463 5344 necessitate
1502 5305 1551 5343 vi
1572 5288 1669 5343 luti
1700 5288 1939 5359 quadam
1968 5285 2185 5342 Domini

607 5376 836 5445 gloriam
869 5392 1009 5447 pone
1043 5390 1335 5448 sequentes
1376 5394 1541 5448 supra
1595 5396 1719 5435 eum
1763 5376 1944 5435 ell‘erri
1986 5376 2184 5432 nolint.

607 5469 717 5524 Eos
748 5470 911 5540 igitur
947 5471 1305 5542 ignominiam
1353 5472 1680 5528 incursuros
1732 5470 2021 5527 subinnuit
2050 5511 2065 5535 .
2107 5471 2189 5526 di-

607 5578 780 5618 cens:
840 5581 859 5615 ι
893 5562 1011 5618 Non
1041 5572 1127 5619 est
1171 5580 1367 5619 servus
1407 5565 1585 5635 major
1617 5565 1839 5619 domino
1879 5579 2001 5619 suo.
2040 5581 2055 5614 ι
2103 5562 2186 5617 Me

678 5742 981 5829 "Galatat,
1021 5744 1108 5799 l0.
1200 5742 1459 5798 "Matth.
1498 5758 1657 5808 xvm,
1698 5744 1751 5795 7.

2294 5009 2351 5062 δὲ
2386 5011 2479 5063 καὶ
2514 5010 2571 5063 ὲν
2613 5010 2821 5081 ἑτέροις
2865 5011 3052 5082 ἐδήλου
3098 5012 3294 5083 λέγων·
3332 5034 3352 5068 ι
3413 5018 3550 5071 Uini.
3591 5018 3673 5089 τῷ
3699 5018 3873 5087 κόσμῳ

2295 5101 2403 5156 ἀπὸ
2435 5100 2543 5154 τῶν
2594 5100 2925 5156 σκανδάλων’
2986 5105 3199 5176 ἀνάγκη
3256 5107 3367 5178 γάρ
3406 5108 3585 5162 ἐλθεῖν
3624 5110 3693 5165 τά
3722 5111 3871 5164 σκάν-

2293 5195 2447 5249 δαλα.
2492 5214 2509 5244 ι
2546 5196 2834 5265 Οἱκονομεί
2860 5194 2915 5249 δὲ
2947 5200 3197 5267 πανταχῆ
3228 5198 3297 5252 τά
3321 5200 3442 5253 καθ’
3471 5201 3667 5255 ἑαυτὸν
3686 5204 3742 5255 ὲν
3760 5204 3870 5256 τού-

2289 5307 2369 5358 τῳ
2433 5288 2821 5356 παραδεικνὺς,
2865 5289 2952 5342 ἴνα
2996 5291 3071 5361 μὴ
3118 5291 3383 5360 μειζόνων
3424 5292 3721 5363 ἐφιέμενοι,
3758 5294 3869 5347 καθ’

2290 5381 2475 5452 ἕτερον
2502 5396 2701 5453 τροπον
2723 5382 3159 5453 ἀσχημονοῦντες
3181 5385 3535 5453 ἁλίσκωνται,
3566 5388 3680 5442 ἀλλ’
3698 5386 3870 5455 ὦστπρ

2294 5471 2354 5539 ἐξ
2395 5470 2644 5542 ἀνάγκης
2666 5472 2903 5525 κατόπιν
2930 5473 3030 5542 τῆς
3067 5473 3159 5527 τοῦ
3188 5476 3396 5547 Κυρίου
3435 5477 3703 5547 βαίνοντες
3724 5476 3869 5544 δόξης

2293 5566 2352 5619 τὸ
2385 5566 2460 5636 μὴ
2482 5566 2619 5637 ὑπὲρ
2655 5567 2815 5621 αὐτὸν
2842 5569 3092 5635 γενέσθαι
3147 5568 3511 5634 σπουδάζωσι.
3549 5570 3625 5625 Τὸ
3663 5569 3757 5641 μὲν
3785 5563 3868 5621 οὖν
