4056 6484
176 437 292 493 ειμι

1194 433 1257 487 ΙΝ
1290 430 1579 489 JOANNIS
1620 428 2073 489 EVANJELIUM
2113 431 2238 490 LIB.
2268 432 2333 488 Χ.

3353 444 3462 502 402

176 556 675 628 ἀτιμασθήσεσθαι
706 556 921 619 πάντως
947 555 1145 619 αὐτοὺς
1170 556 1536 627 ὑποσημαίνει
1565 555 1737 622 λέγων
1772 572 1783 583 ·

1894 555 2037 608 enim
2063 593 2078 619 ,
2122 555 2302 625 inquit
2330 597 2344 623 ,
2382 556 2645 612 eﬂ'rcnata
2675 557 2859 629 lingua
2893 558 3212 629 petierunt,
3252 564 3461 618 nullum

185 669 209 700 c
249 649 369 702 Οὐκ
396 648 511 701 ἔστι
549 647 730 711 δοῦλος
785 646 919 718 ὑπὲρ
978 646 1070 701 τὸν
1118 645 1306 718 κύριον
1333 646 1521 701 αὑτοῦ.
1568 667 1584 699 ι
1654 646 1784 717 Ἐμὲ

178 738 321 807 γὰρ,
386 739 574 807 φησὶν,
638 737 877 809 ἀχαλίνῳ
928 738 1029 808 μὲν
1076 738 1488 810 κατεκράτησαν
1547 735 1782 807 γλώττῃ,

174 829 458 900 λοιδορίας
476 831 674 898 τρόπον
691 829 1104 900 ἀνεπιτήδευτον
1120 830 1219 884 οὐκ
1230 829 1457 899 ἀφέντες
1472 829 1521 882 oi
1541 828 1781 892 δείλαιοι,

172 922 532 992 δαιμονῶντα
558 924 651 976 καὶ
680 922 915 993 μέθυσον
946 921 1041 975 καὶ
1072 924 1327 993 πορνείας
1375 923 1601 977 ἐκάλουν
1651 938 1787 992 καρ·

181 1015 315 1068 πόν.
356 1015 496 1068 Ἀλλ’
527 1016 626 1096 of»):
667 1015 895 1084 ἐζήτουν
925 1016 1272 1086 παραχρῆμα
1323 1014 1423 1078 τὰς
1448 1014 1621 1077 δίκας,
1667 1013 1783 1067 ἀλλ’

178 1106 316 1159 οὐδὲ
339 1110 461 1169 ταῖς
487 1107 614 1177 παρ’
639 1106 818 1161 αὐτῶν
842 1108 1128 1179 λοιδορίαις
1153 1106 1535 1177 καταδηχθεὶς,
1555 1108 1646 1160 τὸν
1671 1109 1782 1171 τοῖς

178 1198 564 1270 ἀκροωμένοις
598 1199 863 1269 σωτήριον
908 1199 1201 1271 ἀνέκαμψα
1236 1199 1414 1268 λόγον.
1444 1197 1655 1253 Οὐκοῦν
1708 1198 1782 1270 μὴ

175 1290 464 1358 ζητείσθω
505 1291 630 1360 παρ’
661 1289 813 1360 ὑμῶν
861 1290 921 1343 τὸ
970 1290 1153 1361 μεῖζον
1207 1291 1476 1363 ἀκαίρως,
1510 1292 1645 1363 μηδὲ
1674 1290 1782 1344 τῶν

177 1381 283 1435 τοῦ
316 1383 523 1452 Κυρίου
552 1382 1055 1454 κατασοϐαρεύεσθε
1086 1383 1318 1456 μέτρων,
1352 1384 1491 1456 πρὸς
1512 1383 1783 1454 τοσαύτην

181 1474 389 1528 ἑαυτὸν
424 1475 491 1527 δι’
519 1478 667 1547 ἡμᾶς
700 1475 1166 1541 καταὸιϐάσαντος
1191 1476 1288 1548 τὴν
1316 1477 1667 1542 ταπείνωσιν,
1694 1476 1782 1531 διά

180 1565 249 1617 τὸ
310 1568 446 1619 πᾶσι
497 1567 791 1631 λυσιτελές.
840 1567 1045 1621 υύκοῦν
1077 1568 1332 1638 ἀμείνους
1362 1568 1655 1639 ἐργάζεται
1690 1571 1783 1623 καὶ

179 1656 295 1725 τῆς
317 1659 377 1710 ὲν
401 1657 578 1726 λόγοις
600 1658 962 1731 σκληρότητος
984 1660 1076 1713 καὶ⁵
1098 1660 1197 1730 τῆς
1215 1660 1321 1714 τῶν
1339 1661 1646 1731 φιλοψογεῖν
1663 1665 1782 1715 εἰω-

180 1749 366 1803 θότων
396 1750 758 1820 ἀνοσιότητος,
810 1751 1061 1821 καθάπερ
1092 1752 1285 1821 ἀμέλει
1339 1754 1432 1805 καὶ
1452 1755 1480 1805 ό
1517 1755 1784 1825 μακάριος

184 1842 483 1911 προψήτης
538 1841 826 1911 Ἱερεμίας,
864 1841 999 1912 πρὸς
1044 1842 1176 1896 αὐτὸ
1207 1843 1270 1913 δὴ
1308 1843 1465 1897 τοῦτο
1503 1861 1781 1915 γεγυμνα-

184 1929 396 1999 σμένος
446 1929 648 1997 έλεγενο
703 1949 720 1981 ι
772 1931 833 1983 Ἡ
894 1932 1044 2001 ἰσχύς
1108 1950 1209 2002 μου
1261 1932 1509 1999 ἐξέλιπεν
1563 1937 1621 1987 ὲν
1669 1938 1781 1999 τοῖς

184 2021 607 2091 καταρωμένοις
665 2039 751 2092 με.
815 2040 833 2073 ι
870 2022 1145 2086 Μειζόνως
1172 2041 1234 2091 γε
1289 2025 1395 2094 μὴν
1426 2027 1453 2076 ὁ
1498 2025 1781 2089 θεσπέσιος

184 2112 410 2177 Παῦλος
438 2113 743 2184 διαλάμψας
777 2115 833 2167 ὲν
885 2114 1053 2184 αὐτῷ,
1112 2116 1205 2167 καὶ
1269 2118 1401 2169 πολὺ
1438 2116 1784 2188 καταθλήσας

181 2203 294 2269 τῆς
334 2203 442 2255 τῶν
495 2204 823 2273 ὑϐριζόντων
873 2204 1240 2275 ἀνοσιότητος,
1269 2226 1287 2256 t
1345 2207 1781 2278 Λοιδορούμενοι,

184 2296 383 2364 φησὶν,
457 2295 805 2365 εὐλογοῦμεν,
884 2296 1347 2368 δυσφημούμενοι,
1434 2299 1782 2368 παρακαλοῦ-

186 2404 318 2456 μεν.
349 2408 367 2439 ι
409 2387 482 2440 Τὸ
504 2389 601 2458 μὲν
620 2389 727 2459 γὰρ
747 2387 851 2441 τῶν
874 2389 1130 2442 τοιούτων
1156 2391 1669 2445 κατανεανιεύεσθαι
1694 2411 1783 2461 φι-

183 2478 327 2542 λεῖν,
372 2477 538 2550 ἔργον
593 2479 661 2532 ἂν
706 2480 919 2548 γένοιτο
976 2479 1211 2541 διανοίας
1265 2482 1653 2554 πτωχευούσης
1707 2484 1785 2555 τῷ

186 2570 488 2639 πνεύματι,
529 2569 673 2623 κατά
705 2570 766 2623 τὸ
805 2571 1214 2642 γεγραμμένον,
1260 2574 1354 2625 καὶ
1395 2573 1599 2646 μετρίῳ
1628 2594 1787 2645 κομι-

182 2660 254 2731 δῇ
314 2661 733 2731 κεκοσμημένης
779 2662 1108 2732 φρονήματι.
1142 2662 1339 2715 Φύεται
1379 2664 1487 2735 γάρ
1539 2683 1656 2729 πως
1692 2668 1786 2719 καὶ

186 2751 449 2821 καθάπερ
498 2753 561 2804 ὲκ
590 2753 745 2823 ῥίζης
789 2752 1001 2823 ἀνίσχει
1043 2754 1237 2825 καλῆς,
1276 2757 1339 2809 ὲκ
1378 2755 1570 2811 τούτου
1603 2757 1658 2811 δὲ
1686 2758 1788 2828 μά-

183 2841 376 2905 λιστα,
404 2841 464 2894 τὸ
494 2841 841 2912 μακρόθυμόν
870 2859 926 2895 τε
963 2843 1059 2897 καὶ
1094 2845 1437 2911 ἀνεξίκακον.
1474 2848 1546 2900 Τὸ
1573 2849 1628 2901 δὲ
1649 2850 1785 2918 ἀφο-

187 2935 379 3005 ρήτως
432 2934 575 3004 ἔχειν
639 2935 718 2997 είς
779 2933 971 3003 λόγους
1022 2938 1147 3000 τοὺς
1184 2940 1655 3009 παροτρύνοντας,
1709 2944 1789 3005 εἰς

186 3026 416 3079 πάντων
445 3023 559 3096 [γρ.
609 3024 761 3096 πᾶν],
797 3026 830 3095 ἢ
874 3026 971 3078 καὶ
1013 3026 1189 3080 ὁτιοῦν
1233 3029 1454 3098 ἀτιμίας
1485 3026 1641 3097 εἶδος,
1690 3034 1788 3102 τῆς

187 3118 351 3189 παρά
381 3135 559 3184 τινων,
585 3117 806 3181 ἔνδειξιν
838 3118 903 3171 ἂν
929 3118 1041 3189 ἔχοι
1064 3119 1209 3190 σαφῆ
1232 3121 1492 3191 λογισμοῦ
1528 3124 1788 3194 φιλοκόμ-

1886 646 2122 701 convicii
2158 663 2330 718 genus
2364 648 2630 704 intactum
2668 650 3043 721 relinquentes
3076 653 3298 716 miseri,
3352 654 3464 707 dee-

1887 737 2231 803 moniacum,
2279 740 2636 795 temulentum
2674 750 2728 795 et
2759 743 3007 813 spurium
3045 752 3329 797 vocarunt.
3365 741 3465 798 Ve-

1886 846 2007 884 rutn
2042 846 2150 886 non
2181 833 2366 887 statim
2403 849 2594 904 poenas
2629 837 2819 905 exegi,
2853 838 2949 892 sed
2984 852 3160 907 neque
3195 836 3462 891 conviciis

1884 939 2073 980 eorum
2113 926 2393 995 appetitus
2436 928 2732 985 salutarem
2774 931 3123 985 auditoribus
3154 930 3463 983 doctrinam

1884 1016 2118 1071 inhibui.
2145 1016 2328 1083 Quare
2358 1020 2525 1073 nolite
2555 1022 2723 1074 altum
2760 1021 3145 1092 intempestive
3175 1034 3366 1091 sapere
3391 1019 3457 1083 ",

1884 1124 1987 1163 nec
2027 1108 2239 1163 Domini
2281 1110 2719 1166 mediocritatem
2755 1114 2990 1183 superbe
3021 1113 3322 1181 despicite,
3365 1110 3462 1178 qui

1886 1208 2088 1254 tantam
2130 1200 2196 1255 ad
2237 1200 2630 1257 dcmissionem
2671 1212 2893 1273 propter
2936 1220 3039 1259 nos
3098 1211 3155 1257 ut
3204 1202 3461 1258 omnibus

1886 1290 2171 1359 prodesset
2203 1308 2263 1349 se
2292 1291 2585 1361 depressit.
2618 1292 2788 1364 Igitur
2819 1296 3131 1364 superiores
3161 1311 3257 1349 eos
3298 1293 3460 1356 facit,

1884 1390 1939 1436 et
1970 1383 2258 1437 verborum
2288 1383 2491 1439 duritie
2516 1426 2529 1448 ,
2574 1393 2627 1439 et
2672 1386 3104 1441 conviciatorum
3139 1386 3416 1455 impietate
3445 1422 3460 1445 ,

1885 1475 2343 1544 quemadmodum
2376 1492 2571 1548 nempe
2600 1477 2796 1532 beatus
2825 1477 2916 1532 ille
2938 1492 3159 1546 quoque
3197 1476 3466 1545 propheta

1883 1564 2150 1622 Jeremias
2174 1567 2228 1621 in
2259 1582 2326 1621 eo
2359 1567 2479 1637 ipso
2506 1570 2841 1624 exercitatus
2870 1568 3051 1623 aiebat
3077 1586 3089 1620 :
3132 1584 3149 1617 t
3180 1564 3464 1620 Fortitudo

1885 1669 2004 1709 mea
2037 1653 2242 1710 defecit
2273 1655 2327 1708 in
2356 1656 2423 1709 iis
2475 1657 2569 1726 qui
2611 1657 2950 1712 maledicunt
2996 1654 3129 1710 mihi
3154 1656 3219 1706 ".
3257 1673 3277 1707 ι
3320 1655 3464 1721 Quin

1884 1751 1939 1799 et
1964 1745 2186 1801 divinus
2227 1747 2318 1801 ille
2348 1746 2552 1802 Paulus
2592 1763 2655 1803 ea
2694 1764 2753 1802 re
2785 1748 3023 1802 maxime
3057 1755 3340 1816 spectatus
3363 1787 3376 1808 ,
3412 1754 3467 1800 et

1887 1838 2182 1908 impiorum
2214 1854 2355 1907 saepe
2388 1840 2758 1895 contumelias
2803 1853 3102 1909 perpessus
3135 1856 3148 1891 :
3188 1857 3204 1888 ι
3239 1836 3467 1891 Maledi-

1882 1930 2084 1993 cimur,
2113 1930 2313 2000 inquit,
2348 1941 2403 1985 et
2442 1931 2821 1987 benedicimus
2852 1950 2866 1997 ;
2906 1931 3377 2001 blasphemamur,
3412 1936 3467 1984 et

1884 2021 2247 2077 obsecramus
2282 2024 2347 2073 ’6.
2387 2040 2405 2073 ι
2476 2023 2581 2077 Ista
2636 2024 2841 2093 quippe
2886 2037 3153 2092 generose
3211 2022 3465 2090 perpeti,

1884 2130 2023 2185 Opus
2063 2123 2145 2170 est
2187 2115 2385 2167 mentis
2423 2114 2680 2183 pauperis
2721 2114 2919 2183 spiritu
2951 2151 2967 2175 ,
3008 2115 3154 2167 sicut
3195 2112 3466 2181 scriptum

1883 2215 1968 2262 est
2009 2207 2053 2237 ’⁷
2079 2245 2092 2268 ,
2133 2215 2188 2260 et
2233 2206 2502 2276 singulari
2545 2204 2811 2259 modestia
2845 2204 3109 2273 praedita.
3148 2200 3290 2254 llinc
3319 2198 3467 2255 enim

1884 2298 2033 2353 velut
2065 2315 2131 2351 ex
2166 2299 2308 2351 bona
2342 2297 2529 2353 radice
2561 2298 2823 2351 oriuntur
2850 2293 3247 2363 longanimitas
3278 2303 3333 2346 et
3368 2306 3468 2360 pa-

1886 2390 2100 2444 tientia.
2124 2388 2279 2443 Nolle
2313 2396 2495 2443 autem
2534 2403 2602 2443 ne
2638 2387 2805 2441 verbo
2832 2386 3057 2456 quidem
3092 2385 3207 2438 ullo
3244 2381 3468 2447 lacessi,

1886 2488 1980 2534 aut
2030 2480 2318 2535 minimum
2358 2478 2706 2534 contumeliae
2752 2492 2924 2548 genus
2967 2475 3198 2546 perpeti,
3236 2472 3475 2527 manife-

1888 2582 2033 2630 stum
2082 2580 2169 2628 est
2214 2580 2599 2642 argumentum
2637 2570 2804 2624 animi
2848 2568 3113 2639 superbi,
3170 2581 3272 2621 nec
3320 2565 3473 2621 inani

1887 2666 2077 2737 gloriae
2130 2663 2426 2718 mundana:
2482 2662 2667 2718 studio
2720 2663 2956 2716 multum
3013 2660 3275 2731 expediti.
3328 2659 3470 2724 Quid

1886 2756 2034 2811 enim
2056 2755 2243 2821 faciet,
2266 2769 2477 2824 quaeso,
2501 2762 2596 2808 aut
2621 2770 2730 2824 qua
2764 2756 2819 2807 in
2853 2768 2912 2808 re
2937 2754 3212 2807 hominem
3242 2768 3270 2804 a
3300 2752 3473 2821 typho

1890 2849 2130 2904 alienum
2162 2846 2322 2901 lzedet
2349 2847 2735 2902 contumelia?
2775 2848 2883 2901 Aut
2925 2844 3200 2916 quomodo
3233 2844 3471 2899 munda-

1890 2954 1974 2993 na:
2020 2938 2209 3009 gloria:
2252 2944 2601 3007 contemptor
2636 2937 2906 2992 conviciis
2951 2937 3082 2991 ullis
3120 2935 3475 2991 oﬂ‘endetur?

1892 3029 2007 3083 liae
2047 3030 2233 3098 itaque
2289 3028 2590 3083 vanissima
2636 3036 2690 3083 et
2736 3043 2902 3097 quam
2942 3027 3183 3081 mundus
3232 3025 3473 3095 suspicit

1892 3121 2065 3192 gloria
2127 3128 2366 3175 mentem
2438 3118 2690 3173 altiorem
2756 3132 2951 3190 gerere
3014 3118 3212 3173 merito
3271 3117 3472 3187 jubet,

189 3227 325 3274 που,
353 3211 447 3264 καὶ
477 3211 573 3281 τῆς
603 3212 662 3264 ἐν
693 3210 882 3281 κόσμῳ
912 3210 1215 3281 φιλοδοξίας
1242 3213 1303 3266 ού
1347 3213 1469 3267 λίαν
1509 3216 1792 3287 ἀπηλλαγ,

1897 3213 2063 3283 900
2088 3212 2388 3282 quinetiam
2424 3211 2798 3265 necessariam
2832 3211 2995 3265 veluti
3031 3210 3345 3263 cautionem
3380 3224 3477 3263 ex-

194 3302 367 3374 μένου
392 3303 757 3371 φρονήματος.
777 3301 840 3353 Τί
865 3303 974 3372 γὰρ
998 3301 1062 3355 ἂν
1082 3302 1258 3374 δράσῃ
1284 3304 1467 3375 τυχὸν,
1502 3306 1534 3377 ἢ
1562 3308 1613 3360 τί
1640 3308 1792 3380 ὕϐρις

1900 3307 2146 3375 cogitat,
2190 3312 2251 3357 ut
2291 3304 2428 3357 tales
2472 3317 2597 3357 esse
2635 3303 2842 3367 velint,
2887 3313 2941 3358 et
2983 3301 3231 3357 adhibito
3268 3301 3319 3354 in
3352 3314 3475 3353 eam

190 3393 436 3467 ἀδικήσῃ
458 3393 546 3445 τὸν
584 3393 681 3464 τῆς
727 3392 955 3461 ἀτυςςίας
991 3394 1262 3465 ὲραστήνς
1297 3395 1387 3466 Τῷ
1424 3397 1481 3450 δὲ
1529 3398 1603 3468 μὴ
1637 3399 1796 3469 δόξης

193 3488 479 3559 ἐφιεμένῳ
513 3485 804 3555 κοσμικῆς,
840 3483 954 3549 πῶς
990 3485 1212 3558 ἀνιαρὸν
1246 3486 1398 3540 ἔσται
1451 3489 1512 3541 τὸ
1538 3490 1797 3561 λοιδορεί-

196 3582 329 3634 σθαι
371 3581 506 3651 πρός
537 3597 681 3645 τινος
707 3598 721 3645 ;
755 3580 919 3652 Δόξης
939 3575 1031 3634 οὖν
1068 3580 1178 3650 ἄρα
1206 3581 1434 3652 ταυτησὶ
1464 3583 1561 3652 τῆς
1598 3585 1799 3637 εἰκαιο-

194 3677 397 3745 τάτης,
425 3675 587 3743 φημὶ,
620 3674 716 3725 καὶ
748 3674 845 3743 τῆς
872 3675 929 3725 ὲν
947 3672 1137 3743 κόσμῳ
1161 3675 1534 3744 τετιμημένης
1565 3676 1675 3729 ἀνω
1707 3675 1797 3745 βε-

196 3766 416 3835 6ηκότα
452 3767 541 3818 τὸν
590 3765 737 3827 νοῦν,
767 3765 860 3817 καὶ
904 3764 995 3818 τὸν
1045 3764 1302 3818 τοιούτων
1354 3765 1798 3837 ὐπεριπταμενον

198 3857 373 3926 ἔχειν,
426 3858 652 3917 εἰκότως
701 3855 1091 3909 διακελεύεται·
1151 3861 1465 3927 προεπινοεῖ
1508 3859 1564 3912 δὲ
1609 3859 1799 3930 ὥσπερ

199 3950 511 4018 ἀναγκαίαν
536 3950 856 4017 ἀσφάλειαν,
892 3949 1027 4020 πρὸς
1055 3950 1114 4002 τὸ
1137 3950 1245 4003 δεῖν
1277 3948 1483 4003 ἐθέλειν
1513 3953 1570 4005 ὲν
1593 3952 1799 4017 τούτοις

201 4043 463 4107 δρᾶσθαι,
515 4042 610 4094 καὶ
672 4040 923 4111 καθάπερ
977 4042 1163 4095 αἰκίαν
1221 4041 1321 4112 τὴν
1352 4042 1431 4105 είς
1463 4043 1622 4097 τοῦτο
1668 4061 1801 4098 κατ-

200 4134 456 4188 ωθοῦντα
488 4133 667 4202 τίθησι
699 4134 978 4204 λογισμὸν,
1014 4134 1151 4204 ὅπερ
1195 4134 1458 4205 ἐλέγομεν
1502 4136 1561 4200 ἐξ
1602 4136 1797 4208 ἀρχῆς,

200 4228 268 4279 τὸ
293 4226 527 4280 κατόπιν
557 4226 691 4278 ἰέναι
724 4224 825 4294 τῆς
858 4225 952 4278 τοῦ
1002 4224 1210 4297 Κυρίου
1266 4228 1452 4297 τιμῆς,
1501 4228 1691 4298 ἣδιστα
1744 4230 1800 4283 δὲ

200 4320 333 4374 λίαν
361 4316 679 4389 προσίεσθαι
708 4318 813 4371 πᾶν
838 4318 975 4388 ὅπερ
1006 4316 1071 4371 ἂν
1104 4318 1172 4371 τοι
1194 4319 1335 4372 κατὰ
1355 4320 1564 4389 καιρὸν,
1596 4320 1708 4374 ἔστ’
1734 4322 1801 4375 ἂν

202 4410 395 4472 αὐτοῖς
411 4408 473 4461 τὸ
490 4408 791 4477 εὐδοκιμεῖν
813 4408 1033 4479 ὑπάρχῃ
1054 4407 1141 4460 διὰ
1164 4407 1317 4473 Θεὸν,
1333 4410 1395 4461 ού
1414 4412 1534 4473 ταῖς
1559 4411 1801 4481 ἀτιμίαις

204 4502 627 4571 ὖςττιουμένους,
685 4499 761 4562 ὡς
824 4498 980 4553 ὄκνον
1024 4499 1308 4570 ἀνωφελῆ,
1370 4500 1491 4553 οὐδὲ
1548 4504 1651 4555 ὑπό
1704 4520 1799 4555 του

1896 3413 2011 3452 rem
2049 3396 2287 3465 quodam
2316 3395 2474 3465 quasi
2502 3395 2730 3451 stimulo
2760 3402 2917 3466 urget
2945 3410 3043 3450 eos
3067 3396 3282 3450 ratione
3312 3408 3477 3464 quam

1898 3489 2057 3543 initio
2085 3488 2349 3548 diximus,
2376 3501 2572 3557 nempe
2592 3486 2806 3542 Domini
2828 3488 3059 3559 gloriam
3088 3503 3215 3543 esse
3242 3502 3479 3558 sequen-

1898 3581 2047 3647 dam,
2083 3589 2138 3636 et
2179 3580 2551 3650 quodcunque
2604 3595 2663 3635 se
2700 3580 2962 3635 obtulerit
2994 3580 3231 3649 libenter
3267 3579 3477 3647 ample-

1898 3673 2180 3735 ctendum,
2214 3671 2435 3742 quoties
2472 3671 2697 3726 occasio
2725 3686 2786 3725 se
2840 3671 2991 3725 dabit
3026 3670 3213 3741 gloriae
3256 3679 3480 3739 propter

1901 3765 2067 3820 Deum
2093 3763 2486 3833 adipiscendae,
2520 3772 2706 3818 utnec
2736 3763 2983 3817 infamia:
3020 3772 3172 3817 metu
3204 3762 3387 3816 inutili
3418 3776 3480 3816 se

1899 3856 2102 3913 dedant
2136 3854 2381 3917 inertiae,
2420 3868 2522 3908 nec
2556 3869 2624 3908 ex
2652 3869 2721 3908 eo
2752 3853 2901 3922 quod
2951 3853 3020 3907 ab
3064 3853 3252 3922 aliquo
3285 3852 3478 3907 forsan

1899 3949 2167 4005 conviciis
2195 3950 2383 4002 acrius
2417 3946 2643 4016 appetiti
2676 3945 2909 4012 fuerint,
2944 3945 3183 4001 docendi
3220 3943 3478 4000 fiduciam

1900 4040 2199 4097 retundant
2223 4081 2238 4104 ,
2294 4054 2395 4094 nec
2436 4038 2625 4094 divina
2658 4037 2917 4091 mandata
2952 4046 3307 4093 contemnunt
3333 4078 3347 4101 ,
3383 4037 3481 4092 scd

1900 4134 2249 4191 dilectionem
2286 4132 2471 4203 potius
2510 4130 2657 4184 illam
2694 4130 2750 4183 in
2791 4128 2995 4183 fratres
3039 4128 3441 4198 amplectantur
3464 4168 3479 4193 ,

1901 4236 1954 4282 et
1982 4235 2238 4281 errantes
2265 4222 2525 4279 omnibus
2553 4220 2733 4276 modis
2778 4220 2976 4290 juvare
3004 4219 3282 4274 studeant.
3320 4216 3482 4273 Post-

1900 4333 2064 4390 quam
2099 4318 2266 4387 igitur
2295 4314 2573 4385 persuasit
2600 4312 2937 4368 mundanam
2968 4311 3117 4366 illam
3165 4326 3229 4364 ae
3264 4318 3482 4380 tempo-

1904 4411 2102 4467 rariam
2131 4409 2362 4481 gloriam
2394 4406 2801 4477 aspernandam
2821 4445 2836 4471 ,
2873 4403 3025 4460 aliud
3055 4403 3317 4473 quiddam
3348 4401 3485 4458 utile

1903 4518 1968 4557 ac
2016 4500 2397 4556 necessarium
2447 4499 2672 4567 insuper
2721 4496 2991 4551 molitur:
3051 4516 3068 4546 ‹
3106 4495 3163 4549 Si
3202 4494 3349 4549 enim
3399 4509 3487 4547 me

203 4592 372 4663 τυχὸν
416 4590 644 4659 ἐπείπερ
683 4588 1165 4659 διαλελοιδόρηνται
1220 4589 1449 4660 πικρῶς,
1481 4591 1579 4661 τὴν
1620 4592 1678 4643 ὲν
1722 4591 1792 4663 τῷ

1908 4592 2182 4664 persecuti
2213 4599 2367 4656 sunt,
2397 4589 2597 4660 inquit,
2628 4597 2682 4643 et
2715 4602 2814 4641 vos
2842 4596 3246 4657 persequentur
3270 4584 3337 4635 ³⁸.
3370 4602 3389 4635 ι
3423 4581 3487 4634 Et

203 4684 484 4737 διδάσκειν
519 4678 828 4751 παρρησίαν
879 4678 1354 4751 ἀνασειράζοντας,
1382 4681 1607 4735 καὶτῶν
1641 4682 1801 4737 θείων

207 4773 568 4843 ὲνταλμάτων
606 4771 1069 4841 ὀλιγωρήσαντας,
1122 4771 1444 4843 ἀντέχεσθαι
1492 4772 1549 4823 δὲ
1602 4773 1801 4841 μᾶλλον

207 4868 313 4937 τῆς
354 4867 435 4928 είς
461 4864 722 4932 ἀδελφοὺς
752 4862 992 4934 ἀγάπης,
1022 4864 1115 4916 καὶ
1153 4864 1241 4917 διά
1263 4864 1461 4926 παντὸς
1486 4864 1801 4933 ἐπείγεσθαι

208 4957 417 5029 τρόπου
444 4956 567 5020 τοὺς
589 4953 970 5023 πλανωμένους
990 4953 1237 5023 ὠφελεῖν.
1284 4954 1603 5018 Ἀναπείσας
1623 4954 1802 5008 τοίνυν

210 5049 323 5103 ὑπὸ
376 5047 542 5111 πόδας
604 5048 703 5118 τῆς
774 5047 1109 5118 προσκαίρου
1159 5046 1318 5119 δόξης
1364 5046 1638 5117 φείδεσθαι
1701 5048 1801 5119 τῆς

212 5140 515 5211 κοσμικῆς,
598 5138 785 5209 ἕτερόν
852 5155 905 5192 τι
984 5138 1547 5211 προσεπαγωνίζεται,
1610 5140 1808 5210 χρήσι-

215 5234 320 5303 μόν
345 5249 403 5284 τε
428 5232 521 5284 καὶ
546 5231 861 5296 ἀναγκαῖον.
896 5249 914 5280 ‹
953 5231 1017 5285 Ei
1051 5232 1158 5301 γάρ
1182 5231 1301 5301 ἐμὲ,
1345 5230 1529 5301 φησιν,
1564 5231 1805 5296 ἐδίωξαν,

214 5324 315 5377 καὶ
352 5324 496 5394 ὑμᾶς
526 5320 792 5389 διώξουσι.
828 5343 844 5373 ι
891 5322 1002 5376 Καὶ
1031 5323 1265 5394 συγγενῆ
1309 5323 1406 5393 μὲν
1438 5327 1545 5385 τοῖς
1576 5323 1812 5394 πρώτοις

216 5416 335 5488 ἔχει
364 5414 461 5468 καὶ
489 5414 648 5467 τοῦτο
692 5415 790 5485 τὴν
823 5414 1079 5486 θεωρίαν.
1117 5414 1425 5487 Τληπαθεῖν
1478 5416 1521 5469 δ’
1544 5412 1635 5469 οὖν
1662 5417 1813 5487 ὅμως

218 5506 526 5571 ἀναπείθει,
562 5507 655 5560 καὶ
686 5506 793 5561 τῶν
832 5506 1048 5561 ἔσεσθαι
1079 5510 1133 5561 ἐν
1169 5511 1298 5579 ἡμῖν
1334 5508 1807 5581 προσδοκηθέντων

217 5598 586 5669 διαλογισμῶν
627 5603 947 5671 προαναιρεί
984 5601 1080 5671 τὴν
1108 5600 1411 5655 ἀσθένειαν.
1434 5596 1541 5654 Ἧν
1575 5601 1672 5673 μὲν
1701 5600 1807 5673 γὰρ

219 5692 324 5745 οὐκ
355 5690 680 5761 ἀμφίϐολον,
705 5692 784 5744 ὃτι
816 5692 936 5756 ταῖς
966 5691 1070 5745 τῶν
1102 5692 1401 5747 διωκόντων
1429 5692 1527 5764 τὴν
1556 5692 1808 5763 ἀλήθειαν

1910 4690 2025 4741 haec
2056 4684 2276 4755 quidem
2306 4682 2539 4739 similem
2574 4680 2779 4735 habent
2811 4694 2932 4732 cum
2966 4677 3241 4747 prioribus
3264 4682 3488 4730 senten-

1908 4780 2062 4833 tiam.
2105 4774 2367 4830 Tolerare
2412 4774 2594 4842 itaque
2648 4769 2981 4841 persuadet,
3027 4775 3081 4821 et
3124 4780 3314 4819 eorum
3364 4780 3487 4833 qua:

1902 4867 2200 4941 cogitaturi
2242 4880 2436 4921 sumus
2476 4864 2852 4918 infirmitatem
2908 4858 3203 4930 praevertit.
3248 4855 3487 4911 Dubium

1907 4963 2115 5034 quippe
2140 4975 2253 5015 non
2283 4967 2403 5014 erat
2427 4958 2557 5028 quin
2577 4954 2893 5011 Servatoris
2922 4950 3208 5021 discipuli,
3242 4948 3298 5003 in
3341 4949 3487 5003 veri-

1906 5055 2033 5111 tatis
2060 5059 2442 5124 persecutores
2473 5048 2803 5112 incidentes,
2836 5046 2955 5101 dira
2986 5058 3221 5115 quaeque
3244 5041 3489 5099 subituri

1904 5156 2133 5203 essent:
2185 5160 2375 5201 verum
2410 5140 2696 5215 probabile
2720 5148 2808 5194 est
2835 5154 2933 5195 eos
2958 5138 3013 5192 in
3048 5137 3295 5191 animum
3329 5136 3491 5191 indu-

1907 5241 2074 5305 xisse,
2108 5253 2235 5293 cum
2268 5236 2337 5291 de
2365 5236 2539 5308 gloria
2570 5234 2777 5290 Christi
2806 5231 2975 5288 verba
3006 5229 3277 5295 facerent,
3308 5228 3489 5284 abun-

1908 5332 2093 5387 dantis
2138 5331 2262 5400 cjus
2308 5327 2703 5383 misericordiae
2737 5341 2797 5381 se
2836 5324 2953 5380 fore
2981 5322 3318 5394 participes,
3351 5320 3489 5387 adeo

1912 5432 1969 5478 ut
1997 5423 2133 5478 nihil
2156 5434 2264 5476 tam
2284 5422 2606 5491 praeclarum
2634 5418 2879 5475 studium
2902 5429 3135 5487 prorsus
3157 5412 3485 5472 retardaret,

1913 5514 2008 5570 sed
2040 5515 2223 5567 omnis
2265 5513 2496 5566 omnino
2536 5510 2804 5565 tumultus
2846 5524 2909 5563 ac
2956 5506 3193 5577 periculi
3236 5512 3488 5575 expertes

1912 5611 2120 5667 essent,
2152 5603 2395 5673 nihilque
2433 5602 2588 5657 triste
2628 5610 2972 5671 paterentur,
3007 5599 3100 5654 sed
3137 5596 3205 5651 ab
3232 5594 3490 5649 omnibus

1912 5696 2275 5751 laudarentur
2302 5739 2314 5761 ,
2372 5702 2561 5766 utpote
2600 5694 2694 5763 qui
2732 5692 3029 5748 salutarem
3066 5690 3148 5745 eis
3179 5685 3489 5743 doctrinam

298 5884 344 5924 a"
372 5880 535 5937 Rom.
566 5897 643 5949 τι,
675 5881 763 5933 20.
845 5880 888 5909 ³⁵
914 5875 1113 5935 Jorem.
1150 5897 1237 5948 xv,
1278 5881 1361 5937 lO.
1434 5884 1517 5939 ³⁸1
1552 5886 1679 5940 Cor.
1725 5900 1792 5951 tv,

1894 5886 1922 5937 ι.
2002 5883 2443 5953 ονιιειιιιι.γ,;ν›.
2525 5883 2842 5940 υιιυιιωι).
