4056 6518
540 445 650 502 405

517 661 748 722 τριιρρτε
797 653 896 709 abs
930 669 991 709 re
1039 669 1148 708 non
1186 661 1346 719 erat,
1392 654 1485 723 qui
1533 652 1601 707 ad
1639 661 1902 709 aeternam
1952 654 2121 707 vitam

546 744 688 799 alios
731 758 932 800 vocare
983 745 1281 800 studebant
1333 752 1387 799 et
1427 743 1774 799 auditoribus
1808 743 2122 798 divinarum

547 835 855 904 gratiarum
885 846 1140 893 auctores
1178 845 1343 906 atque
1374 836 1581 907 pararii
1614 851 1740 892 esse
1772 836 2121 892 videbantur.

549 926 658 982 Sed
691 942 817 982 cum
855 930 1237 999 unusquisque
1280 930 1335 984 in
1371 945 1490 985 eam
1523 939 1733 1000 partem
1769 929 1974 985 feratur
2003 945 2127 1000 qua:

547 1019 791 1075 maxime
836 1020 1076 1087 arridet,
1119 1022 1283 1092 eique
1308 1023 1651 1094 voluptatem
1687 1021 1867 1087 affert,
1899 1022 2128 1079 demon-

549 1110 837 1165 strandum
871 1112 1053 1181 potius
1085 1123 1204 1169 erat
1242 1117 1560 1186 quicunque
1590 1116 1809 1171 veritati
1848 1117 2127 1172 contraria

548 1201 832 1267 sentiunt,
867 1211 920 1257 et
959 1204 1120 1260 malis
1153 1207 1534 1277 voluptatibus
1568 1207 1975 1272 succumbunt,
2010 1209 2129 1263 bel-

546 1288 659 1341 lum
708 1292 793 1346 eis
845 1292 1094 1350 indicere
1138 1297 1231 1367 qui
1287 1312 1316 1351 a
1368 1298 1535 1353 rebus
1582 1298 1935 1354 suavissimis
1981 1298 2130 1369 ipsos

547 1382 813 1439 avellunt.
858 1385 971 1442 Nec
1021 1388 1168 1443 enim
1223 1391 1555 1460 voluptariis
1596 1391 1917 1445 hominibus
1972 1400 2127 1461 grata

547 1483 681 1529 sunt
730 1494 855 1547 quae
904 1494 972 1535 eo
1017 1490 1272 1551 spectant
1318 1485 1549 1539 monita.
1596 1484 1927 1541 Necessario
1963 1484 2131 1553 igitur

548 1570 955 1628 ostendendum
1000 1585 1119 1631 erat
1156 1575 1273 1632 fore
1320 1578 1415 1647 qui
1455 1586 1714 1649 tanquam
1760 1577 2128 1634 infensissimi

548 1660 742 1719 hostes
785 1679 1273 1737 persequerentur,
1308 1678 1363 1725 et
1393 1672 1580 1743 plagas
1619 1671 1890 1727 inferrent
1919 1713 1932 1737 ,
1969 1681 2130 1743 atque

550 1766 719 1808 omne
748 1758 1115 1813 tentationum
1147 1776 1321 1831 genus
1350 1763 1748 1834 excogitarent.
1778 1764 1938 1835 θοι
1969 1763 2127 1819 Virili

551 1841 743 1913 itaque
776 1847 969 1903 animo
1002 1849 1254 1907 Christus
1297 1867 1391 1908 eos
1430 1868 1556 1909 esse
1584 1854 1765 1924 jubet,
1797 1870 1909 1910 non
1940 1855 2127 1909 celans

551 1936 695 2003 quod
726 1945 845 1991 erat
879 1949 1227 2010 eventurum,
1265 1944 1360 1999 sed
1391 1960 1457 2000 ex
1496 1962 1563 2002 eo
1586 1920 1755 2016 vquod
1796 1946 1953 2016 jubet
1984 1947 2129 2001 virili
2159 1920 2205 1981 Β

552 2038 676 2079 esse
718 2028 923 2094 animo,
971 2031 1276 2099 praedicens
1326 2034 1517 2091 adfore
1558 2043 1967 2105 persecutores.
2014 2056 2032 2089 ι
2069 2035 2127 2091 Si

551 2117 699 2171 enim
730 2134 815 2174 me
840 2123 1117 2190 persecuti
1164 2133 1314 2191 sunt,
1341 2127 1538 2197 inquit,
1566 2136 1622 2182 et
1664 2143 1763 2184 vos
1786 2144 2132 2199 persequen-

553 2213 664 2260 tur.
681 2206 880 2274 iQuasi
907 2211 1117 2269 diceret
1136 2232 1151 2269 :
1172 2215 1282 2285 Ego
1306 2215 1549 2271 universi
1574 2217 1780 2286 opifex,
1797 2218 1957 2288 cujus
1975 2226 2132 2288 pote-

555 2299 686 2352 stati
708 2310 907 2355 cuncta
931 2304 1223 2374 subjacent
1247 2322 1587 2377 quaecunque
1612 2308 1665 2362 in
1682 2310 1822 2365 coelo
1842 2320 1895 2364 et
1912 2310 1966 2364 in
1985 2319 2134 2364 terra

552 2398 717 2452 sunt.
748 2391 966 2448 frenum
1000 2397 1201 2453 animis
1253 2398 1534 2453 hominum
1581 2414 1690 2453 non
1734 2402 1996 2470 imposui,
2031 2416 2136 2456 nec

555 2483 716 2551 quasi
745 2485 921 2556 plagis
953 2497 1007 2543 et
1037 2490 1359 2545 verberibus
1399 2491 1714 2547 auditorum
1750 2508 1999 2548 meorum
2034 2493 2139 2547 im-

554 2583 743 2643 petum
776 2580 1019 2646 coercui,
1041 2581 1137 2637 sed
1162 2582 1436 2653 cujusque
1454 2584 1723 2639 voluntati
1742 2585 1927 2655 potius
1958 2585 2134 2656 quod-

555 2680 776 2738 cunque
805 2670 1001 2727 liberet
1035 2688 1099 2729 ac
1130 2673 1311 2732 facere
1334 2676 1498 2731 vellet
1524 2677 1771 2747 permisi.
1802 2677 1869 2732 Et
1908 2679 2131 2750 quidem

555 2772 683 2813 cum
744 2764 1190 2831 persecutionem
1248 2775 1501 2836 paterer,
1560 2768 1836 2834 sustinui,
1885 2771 2139 2839 quamvis

556 2851 710 2907 illius
743 2853 1059 2912 inhibendae
1089 2866 1415 2928 potestatem
1448 2860 1733 2917 haberem.
1761 2860 1998 2927 Quando
2044 2878 2137 2917 er-

558 2959 627 3015 go
671 2950 1112 3015 persecutionem
1170 2952 1276 3021 ipsi
1338 2968 1562 3024 quoque
1616 2954 1941 3024 patiemini,
1990 2956 2140 3012 illico

558 3037 860 3094 tolerantes
895 3055 1121 3095 osorum
1157 3043 1524 3109 aversionem,
1563 3060 1665 3100 nec
1698 3044 1769 3100 ob
1798 3060 1992 3101 eorum
2019 3048 2143 3116 qui-

560 3126 668 3182 bus
695 3129 953 3200 Opitulati
982 3130 1200 3187 fueritis
1228 3132 1678 3204 ingratitudinem
1710 3134 1877 3192 nimis
1910 3151 2142 3205 exaspe-

1564 443 1620 500 S.
1664 440 1941 500 CYRILLI
1982 441 2455 501 ALEXANDRINI
2492 446 2812 504 ARCIIIEP.

506 498 961 637 kannuntiarent.
1009 563 1077 617 Et
1128 560 1244 618 bare
1296 558 1515 632 quidem
1565 575 1663 618 eos
1702 567 2028 632 exspectare
2067 570 2121 617 et

2243 567 2640 634 περιπταίοντες
2668 568 2859 638 ὀργαῖς
2881 565 2974 620 τοῦ
3001 567 3252 639 Σωτῆρος
3272 566 3322 619 οί
3355 563 3596 637 μαθηταὶ
3614 565 3740 625 τοῖς
3772 563 3846 615 ἐκ

3720 442 3843 501 εει

2225 656 2321 709 τοῦ
2375 658 2666 712 διώκεσθαι
2706 659 3129 730 περιπεσοῦνται
3181 660 3394 721 δεινοῖςο
3439 657 3559 711 ἀλλ’
3604 652 3675 727 ἦν
3738 655 3845 723 δήο

2226 766 2330 801 που
2365 753 2460 802 καὶ
2493 750 2636 820 μάλα
2675 750 2821 813 εἰκὸς
2852 750 3184 819 λογίζεσθαι,
3209 752 3290 804 δτι
3312 750 3404 802 τὸν
3424 748 3567 820 ὑπὲρ
3605 747 3716 817 τῆς
3745 745 3843 797 ὁὸ-

2229 842 2325 913 ξης
2357 842 2593 913 Χριστοῦ
2617 842 2927 913 ποιούμενοι
2956 842 3134 912 λόγον,
3177 842 3396 905 πάντως
3423 858 3527 893 που
3556 838 3844 899 πλουσίας

2226 933 2328 1004 τῆς
2348 934 2478 1006 παρ’
2510 934 2673 988 αὑτοῦ
2709 935 2992 1006 μεθέξουσι
3019 935 3253 1005 φειδοῦς,
3284 934 3361 997 ὡς
3394 933 3558 1004 μηδὲν
3594 932 3742 993 ὅλως
3778 929 3844 981 τὸ

2229 1026 2600 1098 παραποδίζον
2650 1028 2882 1099 ὁρᾶσθαι
2943 1028 3079 1100 πρὸς
3127 1028 3226 1099 τὴν
3276 1025 3448 1087 οὕτως
3493 1024 3850 1091 ἀξιάγαστον

2231 1120 2539 1192 προθυμίαν
2593 1121 2791 1185 αὐτῶν,
2857 1119 3085 1191 θορύϐου
3141 1119 3198 1173 δὲ
3257 1117 3456 1181 παντὸς
3502 1117 3598 1170 καὶ
3645 1113 3847 1167 κινδύο

2230 1228 2321 1265 νου
2352 1210 2578 1281 ὁρᾶσθαι
2631 1211 2967 1283 κρείττονας,
3024 1208 3391 1279 ὑπομένοντας
3431 1207 3490 1261 δὲ
3527 1206 3588 1259 τὺ
3638 1203 3841 1275 παρὰ·

2231 1321 2341 1359 παν
2390 1304 2542 1357 οὐδὲν
2598 1303 2703 1357 τῶν
2754 1305 2853 1357 ὅσα
2907 1302 3118 1372 πέφυκε
3187 1302 3394 1365 λυπεῖν,
3438 1298 3843 1371 ἐντρυφῶντας

2230 1398 2287 1451 δὲ
2320 1398 2521 1468 μᾶλλον
2557 1400 2677 1460 ταῖς
2706 1395 2861 1467 παρά
2880 1396 3097 1449 πάντων
3125 1397 3333 1465 τιμαῖς,
3366 1393 3462 1447 ἅτε
3500 1392 3565 1463 δὴ
3613 1391 3711 1445 καὶ
3740 1387 3845 1440 τὸν

2233 1491 2500 1561 σωτήριον
2523 1490 2709 1552 αὐτοῖς
2731 1487 3133 1559 πρεσὸεύοντας
3158 1486 3333 1555 λόγον.
3362 1485 3471 1539 Καὶ
3498 1480 3565 1555 ἦν
3601 1483 3702 1553 μὲν
3730 1481 3845 1532 οὐκ

2232 1584 2341 1638 ἀπὸ
2391 1582 2593 1637 σκοποῦ
2620 1581 2715 1635 τοῦ
2762 1581 3085 1652 πρέποντος,
3136 1578 3198 1632 τὸ
3233 1578 3303 1631 τά
3334 1576 3560 1631 τοιαῦτα
3592 1572 3842 1645 προσδο-

2232 1676 2354 1745 κᾷν,
2402 1674 2497 1726 καὶ
2549 1675 2606 1726 ἐν
2650 1670 2861 1734 τούτοις
2891 1665 3031 1722 εἶναι
3062 1668 3268 1738 ζητεῖν,
3307 1668 3431 1730 τοὺς
3472 1666 3526 1719 οἴ
3546 1682 3611 1733 γε
3645 1662 3846 1715 καλεῖν

2234 1765 2623 1828 σπουδάζουσιν
2648 1766 2727 1826 εἰς
2748 1763 2966 1817 αἰώνιον
2989 1762 3156 1833 ζωὴν,
3185 1758 3438 1832 πρόξενοί
3457 1775 3517 1810 τε
3541 1755 3654 1809 τῶν
3678 1751 3842 1821 παρὰ

2231 1856 2368 1912 Θεοῦ
2398 1857 2754 1929 χαρισμάτων
2782 1857 2895 1919 τοῖς
2915 1852 3288 1926 ἀκροωμένοις
3305 1851 3654 1923 ηὑρίσκοντο.
3689 1835 3843 1898 Ἀλλ’

2233 1949 2465 2003 ἑκάστου
2494 1950 2594 2018 τῆς
2628 1946 2764 2010 ἰδίας
2788 1944 3161 2017 προαιρέσεως
3185 1942 3282 2013 τὴν
3300 1941 3477 2013 ῥοπὴν
3495 1938 3580 2006 ἐφ’
3608 1937 3751 2005 ὅπερ
3772 1933 3846 1985 ἂν

2236 2038 2479 2110 βούλοιτο
2505 2036 2851 2099 διῐθύνοντος,
2870 2030 3314 2105 παρατρέποντος
3342 2045 3402 2082 τε
3428 2027 3567 2098 πρὸς
3588 2025 3651 2079 τὸ
3684 2022 3841 2089 αύτῷ

2236 2130 2482 2201 θελητὸν,
2512 2130 2604 2181 καὶ
2642 2126 2812 2199 ἡδέως
2847 2142 2963 2188 πως
2990 2124 3130 2194 ἕχον,
3180 2116 3670 2189 ἀναδειχθήσεσθαι
3700 2113 3841 2184 μᾶλ-

2234 2222 2328 2275 λον
2359 2220 2489 2280 ἔδει,
2522 2220 2617 2272 καὶ
2642 2217 2877 2286 τοῦςτῆς
2901 2214 3013 2288 [γρ.
3044 2213 3141 2286 τῇῖ
3154 2211 3381 2283 ἀληθείᾳ
3406 2206 3740 2279 φρονοῦντας
3767 2203 3836 2255 τὰ

2236 2311 2479 2375 ἐναντία,
2508 2310 2603 2364 καὶ
2622 2307 3008 2379 νενικημένους
3032 2309 3154 2369 ταῖς
3180 2306 3263 2368 εἰς
3288 2303 3347 2357 τὺ
3363 2301 3568 2370 φαῦλον
3596 2299 3837 2369 ἡδοναῖς,

2241 2402 2510 2475 μάχεσθαι
2534 2400 2643 2453 δεῖν
2666 2398 2975 2468 ἐγνωκότας
3000 2398 3112 2461 τοῖς
3143 2395 3198 2449 οἵ
3219 2412 3284 2464 γε
3311 2392 3567 2447 καλοῦσιν
3598 2389 3710 2456 ἔξω
3727 2387 3845 2440 τῶν

2236 2496 2472 2567 ἡδίστων
2514 2492 2731 2557 αὐτούς.
2770 2492 2846 2546 Οὐ
2879 2491 2989 2563 γάρ
3019 2489 3242 2560 θυμήρη
3285 2489 3397 2550 τοῖς
3434 2482 3742 2553 φιληδόνοις
3768 2479 3838 2532 τὰ

2238 2589 2379 2660 πρὸς
2414 2584 2575 2640 τοῦτο
2620 2585 2884 2656 βλέποντα
2926 2582 3249 2654 μαθήματα.
3292 2576 3404 2631 Ἦν
3452 2571 3546 2629 οῦν
3580 2574 3693 2645 ἄρα
3730 2572 3838 2623 λοι-

2240 2677 2340 2732 πὸν
2393 2676 2644 2747 καθάπερ
2709 2673 2769 2738 ἐξ
2818 2671 3067 2740 ἀνάγκης
3107 2664 3596 2737 ἀναδειχθήσεσθαι
3664 2678 3838 2731 προσ-

2239 2771 2422 2842 δοκᾷν,
2480 2768 2606 2830 τοὺς
2652 2766 2705 2819 οῖ
2748 2782 2812 2834 γε
2870 2766 2928 2817 ἐν
2982 2762 3132 2826 τάξει
3179 2758 3451 2830 πολεμίων
3510 2754 3833 2842 γεγονότες.

2240 2841 2489 2931 διώξουσί
2550 2876 2611 2913 τε
2667 2857 2762 2912 καὶ
2830 2855 3264 2915 καταικίσονται,
3338 2852 3434 2903 καὶ
3512 2849 3622 2901 πᾶν
3698 2841 3835 2906 εἶδος

2240 2955 2585 3026 ἐπινοήσουσι
2660 2948 3003 3021 πειρασμῶν.
3076 2944 3360 3017 Ἀνδρείως
3424 2938 3517 2996 οῦν
3572 2941 3683 3011 ἆρα
3740 2939 3834 2991 καὶ

2242 3045 2380 3116 πρὸς
2411 3042 2569 3097 τοῦτο
2607 3039 2753 3111 ἔχειν
2801 3037 2999 3102 αὐτοὺς
3026 3032 3400 3090 διακελεύεται
3423 3028 3665 3100 Χριστδς
3685 3067 3700 3093 ,
3729 3026 3830 3079 οὐκ

2243 3136 2533 3206 ἀποφήσας
2571 3134 2655 3187 ὅτι
2697 3131 3077 3203 συμϐήσεται’
3118 3125 3209 3180 διὰ
3250 3124 3307 3177 δὲ
3336 3122 3432 3177 τοῦ
3458 3121 3663 3194 χρῆναι
3699 3120 3832 3189 μᾶλ-

562 3220 690 3284 rati,
715 3235 895 3276 meum
916 3222 1232 3279 institutum
1259 3234 1552 3296 sequentes
1573 3242 1673 3296 per
1696 3228 1915 3283 easdem
1947 3230 2140 3283 volun-

2246 3227 2337 3282 λον
2371 3226 2602 3296 ὁρᾶσθαι
2642 3223 2929 3286 νεανικοὺς
2958 3220 3270 3274 ἐπιτάττειν
3297 3214 3733 3289 προκηρύττων,
3756 3212 3837 3264 ὃτι

562 3318 706 3367 tates
738 3311 1001 3380 incedite,
1034 3322 1093 3369 nt
1120 3323 1177 3371 et
1208 3315 1410 3372 similis
1444 3317 1635 3387 gloria:
1666 3318 1790 3374 sitis
1822 3320 2143 3389 participes.

569 3420 591 3452 ι
624 3400 730 3469 Qui
773 3403 918 3460 enim
967 3405 1411 3476 compatiuntur,
1454 3417 1509 3462 et
1560 3409 1984 3479 conregnabunt
2017 3412 2085 3465 '9.
2122 3430 2142 3462 ι

563 3491 702 3550 Cum
735 3506 918 3551 autem
957 3496 1111 3552 addit
1146 3497 1374 3553 tertium
1400 3538 1414 3562 ,
1450 3498 1715 3556 nimirum
1752 3519 1765 3556 :
1805 3520 1824 3553 ι
1851 3500 1909 3557 Si
1939 3517 2149 3558 sermo-

564 3602 690 3642 nem
723 3603 905 3644 meum
953 3597 1346 3659 servaverunt,
1372 3599 1427 3646 et
1454 3599 1701 3647 vestrum
1738 3594 2040 3649 servabunt
2066 3595 2143 3659 ,’›

563 3680 910 3751 despondere
948 3697 1044 3738 eos
1097 3684 1282 3738 animo
1334 3699 1445 3739 non
1498 3685 1668 3751 sinit,
1720 3685 1765 3741 si
1814 3685 2151 3756 quandoque

563 3772 870 3829 doctrina
927 3790 1084 3830 suam
1124 3775 1351 3831 videant
1412 3791 1525 3832 non
1565 3775 1758 3847 recipi.
1794 3775 1952 3843 Quod
1999 3785 2151 3833 recte

563 3867 784 3933 quidem
823 3865 974 3922 facit.
1018 3866 1310 3922 Existimat
1347 3868 1496 3923 enim
1544 3868 1639 3938 qui
1684 3868 1752 3923 ad
1799 3869 1853 3923 id
1902 3870 2150 3924 muneris

565 3957 814 4015 delectus
844 3967 930 4015 est
962 3958 1150 4016 irritos
1184 3975 1308 4016 esse
1336 3975 1467 4017 suos
1496 3961 1749 4025 labores,
1790 3961 1899 4017 nisi
1929 3962 2147 4016 audito-

565 4066 658 4107 res
697 4051 1078 4122 obtemperare
1118 4052 1290 4108 velint
1332 4053 1449 4110 suis
1482 4054 1862 4109 sermonibus.
1897 4051 2007 4108 Sed
2036 4068 2148 4109 non

566 4145 645 4200 ita
687 4159 775 4200 res
803 4152 933 4211 est;
966 4160 1126 4201 nemo
1160 4145 1264 4202 hoc
1297 4146 1402 4202 sibi
1440 4147 1792 4218 persuadeat.
1826 4145 1961 4200 Nam
1998 4154 2150 4219 post-

568 4254 733 4306 quam
766 4238 1051 4294 consulter
1081 4254 1265 4295 rerum
1307 4240 1523 4295 utilium
1561 4240 1931 4311 cognitionem
1976 4243 2144 4296 semel

568 4329 841 4400 exposuit,
874 4330 1020 4401 quod
1052 4331 1105 4386 in
1128 4347 1188 4387 se
1214 4340 1334 4387 erat
1361 4331 1623 4402 praastitit
1650 4349 1663 4385 :
1697 4335 1842 4401 quod
1870 4333 2147 4397 reliquum

566 4431 672 4483 est,
706 4424 761 4477 in
793 4422 1073 4478 voluntate
1098 4424 1415 4479 auditorum
1447 4431 1535 4479 est
1567 4424 1831 4493 positum.
1867 4424 1976 4481 Eos
1999 4426 2147 4481 enim

566 4514 635 4570 ad
669 4514 817 4585 quod
847 4516 1082 4587 quisque
1107 4517 1240 4572 velit
1268 4528 1594 4572 convertere
1625 4517 1843 4573 facilius
1874 4525 1960 4574 est
1982 4535 2148 4589 quam

2253 3319 2601 3391 παρέσονται.
2646 3335 2664 3369 ι
2699 3315 2762 3370 Εἰ
2791 3314 2900 3387 γάρ
2928 3313 3050 3383 ἐμὲ,
3080 3312 3267 3383 φησὶν,
3295 3308 3541 3375 ἐδίωξαν,
3571 3305 3667 3359 καὶ
3693 3303 3841 3373 ὑμᾶς

2251 3410 2556 3477 διώξουσιν.
2590 3430 2609 3462 ι
2667 3411 2811 3463 Ἴσον
2854 3409 2931 3470 ὡς
2971 3408 3020 3460 εἰ
3051 3406 3237 3475 ἔλεγεν
3259 3422 3273 3435 ·
3327 3400 3469 3471 Ἐγὼ
3506 3399 3616 3454 τῶν
3642 3396 3783 3452 ὅλων
3812 3396 3843 3448 ὁ

2253 3503 2501 3573 ποιητὴς,
2522 3503 2549 3554 ὁ
2578 3502 2756 3555 πάντα
2778 3501 2883 3555 ὑπὸ
2905 3502 3061 3572 χεῖρα
3085 3498 3246 3570 ἔχων,
3271 3497 3338 3551 τά
3362 3513 3422 3549 τε
3444 3496 3502 3547 ἐν
3517 3493 3597 3563 τῷ
3622 3487 3845 3561 ούρανῷ

2253 3595 2348 3647 καὶ
2381 3594 2447 3647 τὰ
2477 3593 2571 3646 ἐπὶ
2597 3593 2698 3663 τῆς
2726 3593 2852 3661 γῆς,
2878 3593 2938 3645 ού
2971 3591 3187 3661 χαλινὸν
3213 3588 3461 3658 ἐπέθηκα
3487 3587 3602 3648 τοῖς
3624 3583 3840 3652 θυμοῖς.

2251 3686 2372 3739 οὐδὲ
2400 3684 2665 3757 καθεῖρξα
2706 3685 2959 3757 καθάπερ
2993 3685 3199 3746 αἰκίαις
3245 3681 3308 3734 τὸ
3358 3679 3590 3733 ἑκάστου
3630 3676 3843 3746 κίνημα

2251 3777 2360 3830 τῶν
2386 3777 2780 3848 ἀκροωμένων,
2815 3777 2997 3847 ἐφῆκα
3027 3775 3084 3828 δὲ
3121 3773 3325 3846 μᾶλλον
3345 3774 3412 3842 τῇ
3448 3770 3683 3824 ἑκάστου
3708 3784 3841 3838 προ-

2253 3870 2461 3939 αιρέσει
2491 3868 2551 3922 τὸ
2592 3869 2809 3922 ἑλέσθαι
2844 3868 2904 3922 τὸ
2933 3867 3143 3932 δοκοῦν,
3174 3867 3371 3938 δρᾶσαι
3402 3864 3459 3916 δὲ
3493 3863 3522 3915 ὃ
3555 3861 3609 3914 τί
3638 3877 3747 3929 περ
3777 3857 3844 3912 ἂν

2255 3962 2517 4033 βούλοιτο.
2571 3962 2682 4015 Καὶ
2726 3961 2858 4030 γοῦν
2886 3960 3221 4031 διωκόμενος
3255 3956 3623 4029 ἐκαρτέρουν,
3660 3952 3841 4005 καίτοι

2252 4056 2344 4109 τοῦ
2388 4054 2722 4109 διακωλῦσαι
2762 4055 2903 4124 ἔχων
2934 4053 3033 4125 τὴν
3079 4052 3352 4120 ἐξουσίαν.
3388 4051 3560 4103 Ὅταν
3605 4042 3699 4101 οῦν
3734 4047 3841 4117 ἄρα

2252 4147 2525 4221 διώκησθε
2574 4147 2670 4201 καὶ
2736 4145 2892 4199 αὐτοὶ
2944 4143 3440 4215 διακαρτεροῦντες
3496 4138 3843 4210 παραχρῆμα

2252 4241 2351 4312 τὴν
2380 4240 2490 4294 τῶν
2525 4238 2827 4310 μισούντων
2854 4236 3204 4310 ἀποτροπὴν,
3258 4234 3395 4307 μηδὲ
3442 4230 3842 4302 δυσφοροῦντες

2252 4334 2393 4404 ἄγαν
2434 4334 2525 4387 ἐπὶ
2564 4334 2685 4396 ταῖς
2713 4331 3062 4403 ἀχαριστίαις
3099 4329 3207 4382 τῶν
3233 4324 3668 4397 ὠφελουμένων,
3708 4339 3841 4374 κατ-

2252 4426 2377 4480 όπιν
2404 4425 2503 4496 τῆς
2533 4425 2672 4495 ἐμῆς
2704 4425 2871 4488 ἰόντες
2897 4420 3210 4491 οἰκονομίας
3230 4461 3243 4483 ,
3280 4417 3367 4471 διὰ
3400 4417 3509 4471 τῶν
3542 4415 3726 4469 αὐτῶν
3752 4414 3841 4483 ἐρ-

2253 4520 2414 4591 χεσθε
2469 4518 2826 4590 θελημάτων,
2882 4516 2969 4568 ἰνα
3017 4515 3110 4568 καὶ
3142 4513 3242 4584 τῆς
3286 4510 3479 4581 ὁμοίας
3532 4508 3839 4579 μετάσχητε

565 4606 632 4661 ad
673 4607 1037 4679 obsequium,
1079 4615 1176 4662 aut
1200 4614 1417 4662 contra.
1460 4607 1697 4664 Strenue
1730 4610 1917 4681 itaque
1947 4610 2140 4667 debenl

2255 4614 2433 4684 δόξης.
2460 4631 2478 4663 ι
2503 4614 2565 4666 Οἱ
2586 4612 2694 4683 γὰρ
2718 4609 3133 4680 συμπάσχοντες
3159 4606 3254 4660 καὶ
3274 4602 3793 4675 συμϐασιλεύσουσι.
3817 4617 3833 4649 ι

563 4715 754 4755 rerum
788 4700 1121 4771 optimarum
1153 4700 1406 4771 magistri
1452 4708 1507 4755 et
1567 4701 1660 4772 qui
1697 4716 1820 4756 cum
1858 4701 1962 4758 (ide
1991 4703 2153 4772 perli-

564 4806 695 4848 cere
725 4806 888 4861 posse
918 4790 1170 4847 tribuunt
1201 4807 1324 4862 qum
1353 4792 1491 4849 alias
1521 4809 1630 4848 non
1665 4808 1967 4863 possumus
1997 4809 2150 4849 asse-

565 4886 662 4956 qui
690 4926 706 4951 ,
739 4885 901 4941 etiam
926 4882 1237 4955 desperatis
1260 4885 1571 4941 doctrinam
1603 4902 1709 4956 qua
1737 4886 1923 4957 juvari
1948 4898 2149 4957 queant

568 4981 816 5036 inserere
849 4978 1054 5034 virtute
1100 4978 1303 5034 divina.
1352 4980 1507 5046 Quod
1537 4980 1758 5050 quidem
1794 4979 2003 5034 factum
2034 4980 2151 5036 sive

567 5079 717 5127 recte
747 5071 1135 5127 adumbratum
1168 5072 1225 5127 in
1259 5072 1352 5127 illa
1383 5072 1775 5129 distributione
1804 5073 2145 5129 talentorum

567 5164 993 5233 comperiemus.
1022 5162 1125 5220 llic
1153 5164 1298 5219 enim
1326 5165 1513 5221 decem
1542 5166 1826 5234 accepisse
1848 5164 2148 5236 reperitur,

565 5254 659 5310 ille
688 5255 930 5326 quinque
952 5299 967 5324 ,
1016 5256 1160 5312 alius
1199 5265 1386 5311 autem
1430 5256 1539 5311 duo
1560 5301 1574 5324 ,
1623 5265 1677 5312 et
1707 5256 1854 5313 alius
1883 5265 2148 5327 praeterea

566 5360 775 5413 unum,
817 5348 915 5419 qui
949 5355 1319 5403 mercaturam
1361 5347 1544 5405 facere
1594 5365 1835 5405 renuens
1880 5350 2147 5405 talentum

565 5437 720 5495 humi
749 5438 963 5495 infodit.
987 5439 1335 5510 Proindeque
1359 5439 1548 5496 audit:
1585 5460 1604 5492 ι
1637 5440 1809 5498 Serve
1830 5457 2067 5514 nequam
2097 5450 2151 5498 et

567 5532 1008 5605 piger,oportuit
1026 5540 1078 5587 te
1103 5533 1443 5589 committere
1468 5534 1754 5603 pecuniam
1776 5551 1950 5590 meam
1984 5551 2149 5590 num-

567 5625 821 5680 mulariis
845 5666 861 5691 ,
891 5632 947 5680 et
977 5623 1206 5681 veniens
1250 5640 1352 5697 ego
1391 5626 1729 5695 recepissem
1765 5629 1961 5699 utique
2000 5628 2147 5699 quod

566 5729 751 5771 meum
797 5724 918 5784 est,
961 5730 1085 5769 cum
1136 5730 1305 5772 usura
1336 5718 1375 5770 ί.
1412 5736 1430 5769 ι
1479 5717 1958 5784 Quemadmodum
2000 5719 2145 5776 enim

638 5898 683 5930 ⁸³
708 5898 751 5952 ll
781 5899 922 5957 Tim.
950 5917 1009 5971 ll,
1046 5901 1133 5958 12.
1232 5898 1460 5955 ‘Matth.
1498 5914 1626 5967 xxv,
1651 5896 1743 5954 ‘16.

2256 4706 2523 4779 Προσθεὶς
2569 4704 2627 4757 δὲ
2661 4703 2757 4757 καὶ
2791 4702 2974 4772 τρίτον
2996 4739 3011 4763 ,
3054 4719 3070 4751 ι
3102 4700 3166 4751 Εἰ
3190 4698 3283 4751 τὸν
3310 4696 3470 4765 λόγον
3504 4712 3608 4764 μου
3644 4693 3839 4761 ἐτήρη-

2258 4816 2358 4853 σαν
2379 4840 2393 4860 ,
2435 4798 2531 4851 καὶ
2578 4797 2667 4849 τὸν
2697 4795 2965 4865 ὑμέτερον
2995 4792 3353 4862 τηρήσουσιν,
3386 4808 3403 4840 ι
3442 4787 3669 4855 ἀθύμως
3700 4784 3837 4853 ἔχειν

2255 4889 2357 4941 οὐκ
2390 4888 2456 4958 ἐᾷ
2505 4887 2579 4956 μὴ
2633 4882 3064 4955 παραδεχθείσης
3116 4878 3299 4933 αὐτῶν
3345 4878 3441 4947 τῆς
3487 4873 3835 4936 διδασκαλίας

2254 4981 2367 5035 ἔσθ’
2399 4982 2508 5034 ὅτε.
2556 4980 2708 5031 Ποιεῖ
2749 4977 2807 5031 δὲ
2845 4975 3051 5048 σφόδρα
3093 4971 3186 5026 καὶ
3229 4970 3390 5024 τοῦτο
3415 4968 3620 5031 καλῶς.
3658 4968 3832 5021 Οῖεται

2259 5072 2359 5143 μὲν
2388 5072 2497 5141 γάρ
2528 5071 2555 5122 ὁ
2590 5069 2726 5139 πρὸς
2754 5067 2913 5122 τοῦτο
2948 5060 3490 5136 προκεχειρισμένος,
3524 5060 3609 5113 ὅτι
3667 5060 3837 5112 πόνων

2257 5163 2466 5231 ὑπέστη
2504 5160 2735 5231 ζημίαν,
2768 5160 2815 5212 εἰ
2847 5158 2920 5230 μὴ
2950 5154 3228 5229 βούλοιντό
3262 5171 3408 5217 τινες
3434 5154 3548 5215 τοῖς
3589 5152 3722 5222 παρ’
3743 5150 3835 5204 αὖα

2255 5256 2351 5311 τοῦ
2384 5252 2669 5307 πείθεσθαι
2700 5251 2879 5319 λόγοις
2905 5267 2918 5281 '
2950 5249 3011 5302 τὸ
3033 5250 3090 5302 δὲ
3109 5248 3208 5320 οὐχ
3241 5245 3414 5308 οὕτως
3445 5244 3591 5314 ἔχει·
3633 5242 3707 5314 μὴ
3733 5240 3834 5309 γάρ

2252 5351 2314 5422 δή
2341 5366 2423 5412 τις
2450 5346 2643 5401 οἰέσθω
2673 5344 2854 5397 ποθέν.
2900 5340 3153 5412 Είρηκὼς
3182 5341 3292 5410 γὰρ
3323 5335 3471 5401 ἅπαξ
3502 5336 3597 5390 καὶ
3629 5334 3724 5405 τὴν
3745 5330 3829 5422 τρῦ

2256 5419 2633 5513 συμφέροντος
2656 5436 2860 5507 γνῶσιν
2888 5436 2916 5487 ὁ
2949 5433 3250 5505 σύμϐουλος
3282 5428 3571 5502 παραθεὶς,
3608 5429 3740 5495 ὅπερ
3767 5419 3828 5493 ἦν

2258 5538 2314 5588 ἐν
2347 5532 2493 5603 αὐτῷ
2519 5530 2678 5585 τοῦτο
2722 5531 2817 5584 καὶ
2847 5527 3094 5600 δέδρακε’
3137 5526 3380 5579 κείσεται
3426 5521 3612 5574 λοιπὸν
3639 5522 3693 5573 ἐν
3713 5518 3821 5576 ταῖς

2261 5627 2372 5681 τῶν
2406 5623 2772 5697 ἀκροωμένων
2805 5620 3073 5692 γνώμαις.
3129 5616 3447 5690 Τραπέσθαι
3486 5615 3594 5685 γὰρ
3640 5609 3817 5668 αὐτοὺς

2256 5721 2340 5791 ἐφ’
2370 5721 2506 5792 ὅπερ
2532 5717 2761 5780 ἕκαστος
2788 5716 2959 5769 ἐθέλει
2992 5714 3170 5786 ῥάδιον
3200 5714 3233 5775 ἠ
3264 5710 3378 5781 in).
3399 5707 3460 5782 ἢ]
3495 5706 3628 5778 πρὸς
3652 5697 3815 5756 εὐπεί-
