4098 6456
190 301 350 357 1017
1204 312 1465 370 FRAGM.
1515 315 1589 371 IN

1658 316 2048 374 EPISTOLAM
2084 318 2128 374 ll
2167 319 2228 375 Β.
2254 319 2481 377 PETRI.

3335 328 3473 393 1018

202 462 3252 499 .____._______._____._____________________________________

1013 625 1137 713 IN
1199 624 1880 722 EPISTOLAM
1959 634 2047 721 II
2093 638 2199 722 Β.
2254 636 2661 727 PETRI.

194 978 432 1067 06,71?!)
464 980 936 1067 σεσοφισμέῖοις
953 983 1797 1067 μύθᾳςζρξακολρυρήᾳᾳντες

1903 988 1942 1056 Ι,
1981 989 2184 1067 εδει-ι.
2220 993 2343 1067 Non
2389 998 2530 1067 enim
2567 996 2753 1051 doctas
2798 997 3037 1067 fabulas,
3066 998 3251 1061 secuti,
3297 1007 3478 1052 notam

277 1048 690 1125 ἐγνωρίσίαμεν
714 1048 859 1119 ὑμῖν
880 1048 993 1125 τὴν·
1018 1053 1126 1107 τοῦ
1144 1048 1373 1122 Κυρίου
1397 1048 1567 1124 ήμῶιλ
1592 1048 1795 1125 Ἰησοῧ

283 1120 545 1193 Χριστοῦ
574 1122 831 1193 δύναμιν
855 1123 951 1175 καὶ
983 1120 1343 1193 παρουσὶαν,
1378 1120 1517 1180 ἀλλ’
1542 1120 1796 1183 ἐπόπται

281 1191 639 1263 γενηθέντες
663 1190 776 1263 τῆς
807 1192 1045 1247 ἐκείνου
1065 1190 1551 1263 μεγαλειότητος.
1587 1200 1797 1253 Λαϐὼν

279 1258 395 1380 Ξνὰρ
419 1258 581 1327 παρὰ
610 1261 759 1349 Θεοᾷ
780 1263 1011 1342 ΙΖατρὸς
1036 1258 1216 1332 τὶμὴν
1234 1258 1564 1346 καὶηὸὀξαᾶθ,
1592 1269 1796 1339 φωνῆς

351 1331 639 1380 εγθείσιηρ
670 1346 832 1380 avra)
865 1333 1108 1380 τοιηιγδε
1131 1335 1250 1380 ὑπὸ
1285 1353 1397 1380 τηρ
1429 1344 1795 1380 urew11n11nc-

351 1331 639 1409 exacti-717(-
670 1331 832 1396 αὐτῷ
865 1331 1108 1389 τοιᾶσδε
1131 1335 1250 1390 ὑπὸ
1285 1335 1397 1407 τῆς
1420 1331 1795 1409 μεγαλοπρᾶ

280 1398 441 1465 ποῦς
474 1398 682 1469 δόξης.

278 1512 610 1579 Κυρίλλου.
652 1515 831 1571 Μῦθοι
872 1516 980 1591 γὰρ
1026 1517 1196 1585 ὅντως
1234 1521 1330 1575 καὶ
1361 1521 1679 1595 ἀνθρώπινα
1707 1542 1797 1578 σο-

200 1602 459 1675 φίσματα
504 1604 614 1659 τῶν
662 1609 955 1681 αίρετικῶν
996 1610 1065 1665 τά
1112 1613 1496 1684 προϐλήματα,
1543 1615 1796 1680 οὕστινας

201 1694 575 1764 ἐκτρέπεσθαι
621 1697 945 1770 βουλόμενος
996 1702 1146 1773 ἡμᾶς
1201 1706 1230 1757 6
1281 1704 1494 1767 Παῦλος
1542 1707 1744 1778 γράφει
1777 1724 1792 1740 ο

208 1804 230 1835 ι
263 1786 550 1857 Αίρετικὸν
598 1788 885 1862 ἄνθρωπον
928 1792 1067 1862 μετὰ
1103 1793 1232 1864 μίαν
1260 1796 1354 1848 καὶ
1384 1794 1644 1867 δευτέραν
1675 1814 1795 1851 νουο

200 1874 395 1929 θεσίαν
423 1880 715 1949 παραιτοῦ,
745 1901 764 1933 ι
810 1883 904 1936 καὶ
935 1883 1006 1937 τὰ
1034 1884 1183 1955 ἑξῆς.

282 1966 549 2037 Ἀρχεται
600 1971 700 2041 μὲν
747 1972 848 2044 ήδη
891 1975 991 2045 τῆς
1035 1974 1178 2029 κατὰ
1206 1977 1315 2031 τῶν
1347 1979 1640 2050 αίρετικῶν
1672 1983 1796 2036 ἐπι-

203 2056 442 2129 δρομῆς·
471 2060 605 2114 καθδ
632 2064 855 2130 ἐκεῖνοι,
886 2066 985 2136 τὴν
1002 2066 1264 2139 ἀλήθειαν
1291 2072 1391 2124 οὐκ
1411 2070 1650 2141 ἔχοντες,
1679 2090 1798 2126 ποι-

204 2146 384 2211 κίλοις
412 2148 595 2219 λόγοις
640 2152 1043 2223 ἀναγκάζονται
1072 2158 1463 2230 περιπλάττειν
1490 2161 1551 2215 τό
1578 2161 1793 2231 ψεῦδος.

218 2234 365 2288 Ἀλλ’
412 2237 577 2309 ήμείς
622 2241 723 2314 οὐχ
751 2242 917 2309 οὕτω,
954 2248 1142 2319 φησὶν,
1188 2248 1326 2303 ἀλλὰ
1352 2253 1464 2316 τοῖς
1496 2251 1797 2323 ὀφθαλμοῖς

1976 1061 2194 1130 fecimus
2221 1066 2364 1119 vobis
2407 1066 2615 1121 Domini
2651 1061 2824 1122 nostri
2852 1067 2983 1124 Iesu
3009 1066 3206 1123 Christi
3236 1070 3477 1123 virtutem

1971 1142 2020 1185 et
2048 1137 2532 1209 p_rtcseittiant,‘sed
2556 1138 2909 1203 speculatores
2940 1140 3075 1209 facti
3101 1138 3248 1193 illius
3283 1139 3481 1208 magni-

1970 1203 2195 1260 tudinis.
2244 1206 2524 1270 Accipiens
2572 1209 2711 1262 enim
2742 1226 2774 1262 a
2808 1209 2914 1263 Deo
2938 1203 3102 1263 Patre
3134 1203 3390 1263 honorent
3428 1219 3478 1262 et

1967 1273 2214 1349 gloriam,
2248 1293 2364 1349 voce
2392 1275 2614 1347 delapsa
2646 1279 2716 1332 ad
2748 1296 2867 1333 eum
2900 1280 3267 1349 hujuscemodi
3298 1297 3329 1333 a
3361 1296 3477 1333 nta-

1966 1346 2165 1413 gniﬁca
2197 1348 2392 1417 gloria.

1969 1513 2181 1587 συνείη.
2218 1518 2443 1576 Fabulae
2475 1522 2621 1577 enim
2651 1538 2782 1579 vere
2814 1532 2868 1580 et
2898 1524 3140 1580 humana
3170 1535 3478 1582 commenta

1898 1606 2282 1665 haereticorum
2317 1613 2634 1683 opiniones,
2667 1630 2808 1685 quos
2838 1624 2898 1671 ut
2927 1630 3251 1687 reapuamus
3296 1620 3483 1673 horta-

1896 1709 1987 1754 tur
2038 1700 2242 1759 Paulus
2273 1704 2566 1763 scribens:
2625 1726 2643 1758 ι
2684 1708 3012 1763 Ητιπριὶςιιηι
3047 1709 3324 1765 hominem
3359 1719 3483 1780 post

1897 1808 2064 1848 unam
2112 1802 2169 1851 et
2213 1796 2512 1852 secundum
2566 1799 2974 1870 correptiouem
3029 1799 3217 1855 devita
3247 1801 3313 1866 ⁸³,
3354 1819 3374 1854 ι
3426 1811 3483 1858 et

1897 1893 2115 1942 canere.

1968 1973 2263 2031 Exorditur
2290 1975 2401 2046 jam
2432 1976 2723 2033 haereticos
2748 1977 3107 2049 increpando,
3132 1979 3335 2049 quippe
3363 1978 3482 2049 qui,

1897 2082 1931 2143 a_
1965 2068 2193 2124 veritate
2224 2068 2412 2134 alieni,
2448 2070 2620 2125 variis
2644 2071 2997 2127 sermonibus
3017 2082 3293 2141 coguntur
3327 2087 3482 2127 com-

1897 2172 2079 2216 menta
2110 2178 2209 2217 sua
2231 2178 2523 2219 exornare.
2555 2163 2628 2219 De
2662 2164 2825 2219 nobis
2873 2174 3080 2231 autem,
3105 2168 3205 2229 ait,
3254 2180 3344 2220 res
3372 2180 3483 2220 non

1900 2268 1960 2309 se
1989 2253 2158 2308 habet
2180 2253 2291 2321 ita;
2326 2269 2448 2308 nam
2476 2254 2654 2309 oculis
2678 2256 2890 2311 nostris
2917 2255 3203 2310 veritatem
3234 2262 3484 2309 content-

207 2326 310 2419 τὴν
351 2328 609 2401 ἀλήθειαν
650 2332 1028 2408 ἐθεασάμεθα,
1076 2342 1193 2411 μετ’
1237 2342 1403 2396 αὑτοῦ
1451 2343 1604 2408 ὄντες
1631 2346 1691 2398 ὲν
1719 2344 1798 2417 τῷ

1903 2346 2136 2419 plamur,
2173 2362 2302 2402 cum
2326 2362 2391 2403 ea
2420 2354 2710 2403 versantes
2742 2347 2796 2402 in
2831 2356 3040 2402 monte.
3073 2345 3353 2401 Habemus
3383 2346 3485 2417 igi-

204 2418 329 2490 6ρει
354 2437 370 2451 ·
418 2421 615 2494 ἔχομεν
643 2420 736 2479 οὖν
762 2428 857 2482 καὶ
907 2430 1034 2493 τοὺς
1075 2434 1363 2504 προφήτας
1393 2434 1598 2507 ταύτην
1624 2436 1795 2509 αὐτὴν

206 2509 309 2580 τήν
353 2511 613 2584 ἀλήθειαν
658 2518 792 2587 ἡμῖν
842 2522 1329 2592 προμηνύσαντας,
1380 2526 1477 2581 καί¹
1504 2527 1680 2593 οὕτως
1706 2529 1798 2585 διά

214 2604 311 2673 τῆς
354 2604 528 2675 ὅψεως
574 2606 920 2682 βεϐαιότερος
949 2612 1057 2668 τῶν
1096 2618 1391 2688 προφητῶν
1419 2621 1448 2673 ὁ
1475 2618 1633 2688 λόγος
1663 2622 1795 2693 ἡμῖν

207 2696 427 2764 ἐγένετο
451 2715 465 2729 ο
494 2698 531 2753 ἀ
550 2698 659 2771 γὰρ
687 2702 885 2757 ἐκεῖνοι
907 2699 1081 2771 εἷπον,
1104 2706 1278 2762 ταῦτα
1299 2709 1492 2781 παρὼν
1512 2713 1541 2764 6
1560 2712 1797 2784 Χριστὸς

207 2786 576 2847 ἐπιστώσατο.
608 2794 718 2847 Καὶ
749 2795 1025 2867 μάρτυρες
1055 2798 1237 2869 ήμεῖς,
1268 2802 1317 2854 οί
1347 2802 1443 2855 καὶ
1468 2803 1567 2875 τὴν
1597 2822 1798 2876 μαρτυ⁴

210 2878 336 2949 ρίαν
366 2880 701 2949 ἀκούσαντες
734 2886 828 2939 τοῦ
862 2888 1097 2959 Πατρός.
1135 2887 1209 2945 Εὖ
1238 2892 1294 2945 δὲ
1329 2894 1423 2946 καὶ
1452 2894 1610 2960 ὑμεῖς
1640 2896 1797 2966 ποιή-

210 2988 335 3025 σετε
380 2973 458 3042 τῷ
507 2979 834 3049 προφητικῷ
882 2981 1196 3052 πειθόμενοι
1245 2983 1425 3056 λόγῳ·
1480 2980 1635 3051 οὗτος
1686 2987 1795 3059 γὰρ

209 3064 339 3127 τοὺς
367 3066 425 3117 ὲν
451 3067 646 3139 ἀγνοίᾳ
667 3074 1011 3140 φωταγωγεῖ,
1043 3071 1150 3137 ἕως
1174 3073 1414 3146 καθαρὸν
1442 3077 1570 3147 ὑμῖν
1596 3077 1657 3131 τὸ
1680 3079 1796 3147 φῶς

210 3151 307 3205 τοῦ
354 3154 690 3225 Εὕαγγελίου
746 3159 1000 3233 διαφανῆ,
1047 3163 1143 3215 καὶ
1189 3166 1218 3217 6
1260 3166 1451 3235 νοητὸς
1497 3168 1794 3239 ἑωσφόρος,

209 3243 457 3299 τουτέστι
489 3247 748 3318 Χριστὸς,
802 3252 859 3304 ὲν
890 3254 1011 3315 ταῖς
1042 3252 1291 3326 καρδίαις
1329 3255 1482 3327 ὑμῶν
1514 3258 1792 3331 ἀνατείλῃ,

212 3337 588 3409 μαρτυρηθεὶς
622 3340 727 3394 ὑπὸ
760 3340 856 3396 τοῦ
883 3343 1117 3415 Πατρός.

215 3445 391 3537 Οὖτσι
424 3450 513 3537 δέ,
657 3453 1014 3537 ἆῆογαθζῶρ,
1047 3458 1411 3537 γεγενημένα
1438 3462 1526 3525 εἱς
1565 3460 1798 3537 ἅλωσιν

281 3522 379 3599 καὶ
418 3523 686 3599 52009er
708 3521 903 3599 ἐνξόζς
930 3521 1224 3594 ἀγνοοῦσι
1244 3521 1794 3599 Έλασφήμοῦντες,

281 3590 353 3643 ἐν
385 3590 462 3659 τῇ
496 3592 687 3670 φθορᾷ
714 3594 917 3670 αὐτῶν
940 3590 1531 3668 καταφθαρῆσονὲαίξ
1560 3590 1795 3670 κομιοῦί

279 3677 451 3731 μενοι
482 3664 708 3732 μισθὸν
738 3664 993 3731 ἀδικίας.

288 3776 617 3844 Κυρίλλου.
658 3778 770 3832 Καὶ
792 3779 923 3848 γοῦν
946 3783 974 3836 6
1001 3780 1287 3845 θεσπέσιος
1306 3780 1561 3852 Μελῳδὸς
1583 3820 1602 3847 ,
1644 3782 1802 3836 «Ἂν-

215 3864 456 3937 θρωπος,
513 3868 699 3936 φησὶν,
744 3870 803 3922 ὲν
842 3872 977 3942 τιμῇ
1021 3869 1097 3924 ὢν
1145 3870 1207 3924 οὐ
1254 3871 1477 3940 συνῆκε,
1523 3887 1803 3943 παρασυν-

214 3957 419 4029 εϐλήθη
446 3961 558 4022 τοῖς
582 3960 807 4030 κτήνεσι
831 3964 944 4025 τοῖς
971 3962 1244 4032 ἀνοήτοις,
1285 3963 1381 4016 καὶ
1409 3962 1669 4034 ὡμοιώθη
1697 3964 1800 4017 αὑ-

124 4048 129 4049 “
213 4052 347 4112 τοῖς.
384 4069 404 4102 ι
459 4050 596 4121 Ἔθη
650 4052 762 4122 γὰρ
813 4051 1040 4120 ἀλογίας
1089 4053 1561 4125 συμπεπλεγμένα
1602 4054 1803 4128 νόμους

214 4138 404 4212 ὥσπερ
433 4140 668 4212 ἔχοντες,
704 4144 862 4214 ὀλίγα
889 4146 1084 4218 κομιδῇ
1121 4146 1495 4216 διενεγκόντες
1518 4148 1804 4217 ἐφαίνοντο

215 4235 450 4306 κτηνῶν,
495 4236 571 4301 ὼς
630 4237 788 4311 ἔφην,
828 4239 865 4293 ἃ
913 4239 1051 4311 πρὸς
1102 4240 1272 4311 μόνην
1327 4240 1519 4310 γέγονε
1568 4240 1798 4315 φθοράν.

218 4328 362 4399 Πρὸς
410 4328 489 4400 τῷ
541 4329 786 4396 ἀσεϐεῖν,
823 4332 979 4402 φησὶ,
1012 4332 1109 4386 καὶ
1155 4333 1246 4387 τὸν
1280 4333 1395 4404 βίον
1423 4333 1640 4388 ἅπαντα
1669 4352 1802 4389 κατ-

219 4420 561 4494 εφθαρμένον
644 4423 865 4489 ἔδειξεν.
919 4424 1082 4490 Ἐθος
1150 4429 1215 4497 τῇ
1287 4425 1409 4498 θείᾳ
1484 4427 1676 4499 Γραφῇ
1735 4427 1807 4481 τὰ

218 4513 359 4568 κατὰ
404 4513 568 4584 φύσιν
594 4515 723 4569 ὄντα
755 4516 874 4570 θεῖα
926 4515 992 4588 [Ῑ.
1023 4515 1242 4590 θήρεια]
1286 4518 1588 4589 πράγματα
1628 4516 1805 4572 ταῦτα

217 4607 329 4668 τοῖς
380 4604 691 4676 ἀνθρώποις
715 4607 796 4670 εἰς
840 4607 1055 4670 είκόνας
1083 4606 1178 4661 καὶ
1216 4606 1645 4679 παραδείγματα·
1667 4608 1805 4679 λαμ-

217 4697 420 4751 ϐάνειν.
478 4697 652 4751 Τοῦτο
717 4699 776 4752 δὲ
857 4699 1030 4763 ποιεῖ,
1086 4699 1173 4752 ἵνα
1218 4700 1283 4752 ὲκ
1327 4699 1438 4753 τῶν
1493 4698 1636 4754 κατά
1689 4698 1806 4768 φύ-

218 4807 301 4842 σιν
365 4789 591 4844 ἐκείνων
656 4789 729 4845 τά
795 4793 860 4845 ὲκ
927 4790 1304 4862 προαιρέσεως
1374 4790 1628 4862 φαίνηται
1696 4790 1807 4846 τῶν

217 4880 536 4951 κινημάτων
585 4881 695 4935 τῶν
753 4880 1083 4954 ἀνθρώπων,
1131 4881 1225 4935 καὶ
1278 4879 1452 4946 οὕτως
1513 4881 1547 4953 ἢ
1603 4881 1806 4950 φαῦλος

216 4971 250 5039 ἢ
310 4971 519 5037 δίκαιος
567 4975 597 5028 ὁ
649 4973 856 5029 τούτων
914 4974 1187 5028 δείκνυται
1238 4973 1459 5043 τρόπος.
1524 4973 1647 5027 Ἐπὶ
1703 4973 1805 5046 μὲν

1902 2446 1993 2492 ῑιιι·
2022 2447 2076 2493 et
2112 2439 2414 2510 prophetas
2451 2438 2701 2509 ejusdem
2736 2439 2903 2509 hujus
2938 2438 3189 2495 veritatis
3218 2437 3488 2508 praedica-

1902 2538 2074 2594 tores,
2124 2540 2179 2587 et
2219 2531 2435 2587 ﬁrmior
2466 2532 2645 2588 factus
2676 2540 2762 2588 est
2794 2547 2986 2587 eorum
3028 2546 3211 2586 sermo
3247 2530 3317 2587 iis
3364 2543 3488 2600 quas

1901 2622 2178 2689 vidimus;
2206 2639 2338 2693 qua;
2370 2622 2514 2678 enim
2548 2624 2921 2695 praedixerant
2947 2623 3053 2687 illi,
3091 2621 3280 2677 eadem
3325 2619 3488 2674 Chri-

1902 2721 2023 2768 stus
2081 2730 2247 2783 opere
2280 2715 2600 2786 complevit.
2635 2714 2701 2770 Et
2735 2721 2905 2770 testes
2938 2728 3060 2779 nos,
3096 2710 3190 2781 qui
3237 2710 3488 2765 testimo-

1902 2801 2052 2854 nium
2081 2800 2259 2857 Patris
2290 2802 2626 2873 accepimus.
2662 2800 2780 2858 Non
2814 2803 2999 2873 inepte
3034 2800 3205 2870 igitur
3232 2814 3330 2854 vos
3351 2812 3490 2869 quo-

1902 2907 2010 2961 que
2034 2891 2358 2962 prophetico
2382 2893 2627 2949 sermoni
2654 2893 2816 2949 ﬁdem
2840 2892 3199 2957 adhibebitis;
3226 2891 3318 2946 hic
3339 2891 3488 2946 enim

1904 2982 2127 3050 ignaros
2155 2982 2458 3049 illuminat,
2493 2983 2673 3039 donec
2693 2997 2833 3053 pura
2867 2981 2987 3039 dies
3025 2981 3303 3052 Evangelii
3330 2979 3489 3036 vobis

1906 3071 2214 3140 illucescat,
2245 3073 2570 3144 oriaturque
2596 3075 2650 3128 in
2686 3074 2953 3130 cordibus
2984 3074 3191 3130 vestris
3219 3073 3491 3144 spiritalis

1903 3161 2149 3230 Lucifer,
2180 3165 2283 3219 hoc
2312 3172 2397 3220 est
2427 3165 2705 3232 Christus,
2740 3165 3105 3222 conﬁrmatus
3136 3181 3168 3220 a
3198 3164 3382 3221 Patre.

1903 3442 1970 3506 ll,
2013 3443 2096 3496 12.
2128 3442 2200 3496 Ili
2237 3460 2355 3498 vero
2404 3446 2544 3499 velut
2583 3444 2993 3499 irrationabilia
3025 3461 3236 3512 pecora.
3268 3456 3492 3501 natura-

1976 3513 2098 3568 liter
2126 3516 2179 3585 in
2216 3518 2507 3583 captionem
2530 3526 2580 3569 et
2612 3517 2666 3569 in
2690 3515 2973 3584 perniciem
3009 3516 3062 3569 in
3099 3516 3178 3569 Itis
3208 3532 3325 3585 qua:
3347 3518 3492 3585 igno-

1977 3593 2099 3638 rant
2134 3584 2579 3652 blasphemantes,
2612 3587 2667 3639 in
2709 3588 3051 3653 corruptione
3090 3602 3189 3639 sua
3222 3584 3489 3655 peribunt,

1824 3697 1868 3756 Ω
1977 3655 2325 3725 percipientes
2350 3655 2641 3710 mercedem
2672 3656 2979 3725 injustitiw.

1974 3769 2186 3843 Cyrilli.
2236 3770 2390 3826 Haud
2419 3771 2677 3827 dissimili
2725 3772 2946 3826 ratione
2980 3770 3210 3826 divinus
3238 3769 3489 3835 Psaltes,

1910 3880 1930 3915 ι
1968 3862 2169 3930 Homo,
2208 3863 2305 3928 ait,
2331 3878 2457 3917 cum
2509 3862 2562 3917 in
2595 3863 2807 3918 honore
2842 3868 2990 3918 esset
3046 3874 3159 3915 non
3196 3860 3489 3921 intellexit.

1905 3961 2268 4025 comparatus
2307 3961 2391 4008 est
2441 3953 2716 4023 jumentis
2756 3951 3176 4023 insipientibus,
3214 3959 3267 4006 et
3297 3951 3494 4006 similis

1905 4042 2087 4101 lactus
2123 4052 2210 4100 est
2245 4028 2361 4100 illis
2380 4046 2446 4099 “.
2484 4064 2504 4097 ι
2541 4043 2681 4098 Nam
2716 4058 2842 4099 cum
2877 4043 3132 4099 moribus
3186 4042 3494 4099 inserviant

1906 4151 1938 4192 a
1974 4136 2191 4193 ratione
2231 4135 2466 4200 aversis,
2494 4150 2690 4205 parum
2724 4136 2883 4189 abest
2913 4134 3045 4204 quin
3068 4132 3337 4204 jumentis
3364 4148 3492 4203 per-

1906 4228 2121 4285 similes
2170 4228 2465 4283 videantur
2499 4242 2642 4297 qum,
2680 4234 2739 4281 ut
2796 4226 2896 4290 ait,
2951 4223 3022 4279 ad
3076 4224 3492 4295 corruptionem

1906 4324 2125 4371 tantum
2176 4316 2319 4371 facta
2373 4324 2527 4373 sunt.
2573 4317 2755 4387 lmpii,
2804 4316 3005 4387 inquit,
3059 4329 3280 4370 omnem
3323 4315 3494 4369 vitam

1907 4417 2228 4480 corruptam
2279 4408 2505 4464 habent.
2562 4409 2715 4464 Solet
2777 4406 3087 4478 Scriptura,
3124 4423 3248 4477 qua:
3295 4415 3494 4462 natura

1911 4502 2097 4558 divina
2134 4510 2305 4569 sunt,
2354 4502 2673 4558 hominibus
2709 4511 2971 4571 tanquam
3007 4502 3259 4571 exempla
3295 4515 3495 4571 propo-

1909 4610 2063 4652 nere.
2101 4594 2219 4652 Hoc
2241 4604 2426 4651 autem
2454 4596 2609 4661 facit,
2631 4603 2692 4650 ut
2722 4596 2945 4650 illorum
2972 4594 3195 4649 dotibus
3229 4593 3369 4649 certi
3394 4593 3495 4647 ho-

1907 4689 2119 4745 minum
2151 4687 2390 4745 allectus
2428 4688 2795 4758 designentur
2820 4706 2835 4757 ;
2865 4688 3051 4759 itaque
3095 4696 3190 4743 aut
3220 4687 3372 4757 pravi
3401 4701 3493 4741 eo-

1908 4798 2028 4838 rum
2074 4790 2170 4836 aut
2212 4781 2350 4852 justi
2401 4781 2857 4837 demonstrentur
2908 4795 3130 4836 sensus.
3166 4778 3247 4833 Ad
3291 4792 3495 4847 pravos

1909 4876 2188 4947 pertinent
2218 4874 2350 4929 illa:
2390 4892 2409 4926 ι
2444 4872 2631 4929 Nolite
2661 4872 2776 4929 ﬁeri
2806 4873 2953 4929 sicut
2996 4888 3177 4944 equus
3227 4880 3284 4926 et
3312 4869 3494 4923 mulus

1909 4966 2114 5037 quibus
2140 4981 2250 5020 non
2283 4971 2372 5019 est
2397 4962 2714 5019 intellectus
2748 4963 2813 5017 ⁸⁸.
2852 4981 2871 5015 ι
2911 4962 2995 5018 Ad
3042 4960 3267 5018 eosdem
3304 4956 3494 5013 redar-

218 5060 310 5117 οὖν
352 5064 461 5118 τῶν
491 5065 735 5134 φαύλων,
793 5065 889 5119 ὲάν
945 5064 1301 5137 παραγγέλλῃ
1328 5080 1343 5094 ·
1394 5083 1412 5116 ι
1444 5064 1536 5135 Μὴ
1586 5042 1803 5134 γίνεσθε

1912 5058 2166 5131 guendos
2211 5056 2521 5113 scribitur:
2556 5075 2575 5108 ι
2613 5054 2789 5111 Homo
2819 5071 2943 5111 cum
2981 5053 3038 5109 in
3092 5054 3302 5108 honore
3347 5056 3496 5106 esset

219 5153 291 5220 ὡς
321 5156 487 5221 ίππος
510 5158 606 5211 καὶ
631 5157 877 5229 ἡμίονος,
908 5151 990 5220 οἷς
1015 5158 1115 5213 οὐκ
1141 5157 1255 5210 ἐστι
1291 5156 1523 5220 σύνεσις.
1556 5175 1574 5207 ι
1609 5158 1679 5210 Ἦ
1710 5157 1805 5211 καί⁵

1910 5162 2022 5203 non
2057 5145 2352 5207 intellexit,
2391 5153 2754 5215 comparatus
2800 5153 2885 5199 est
2915 5143 3185 5213 jumentis
3220 5141 3494 5211 insipien—

219 5248 345 5300 ὅταν
376 5249 729 5320 μεμφόμενος
753 5248 881 5313 τοὺς
906 5247 1049 5303 οὓτω
1075 5249 1401 5321 γενομένους
1425 5248 1557 5321 λέγῃ
1583 5264 1596 5278 ’
1632 5268 1652 5301 t
1677 5251 1802 5305 Ἀν-

1909 5240 2080 5306 tibus,
2113 5248 2167 5294 et
2197 5240 2400 5295 similis
2435 5239 2615 5293 factus
2644 5248 2729 5293 est
2765 5237 2897 5293 illis.
2929 5256 2947 5288 ι
2978 5235 3044 5290 Ει
3069 5236 3245 5290 alias:
3291 5254 3309 5286 ι
3354 5233 3490 5303 Equi

222 5337 438 5408 θρωπος
464 5340 524 5394 ὲν
557 5342 689 5411 τιμῇ
737 5338 812 5392 ὣν
854 5339 916 5393 οὐ
945 5340 1168 5409 συνῆκε,
1200 5338 1655 5411 παρασυνεὸλήθη
1688 5342 1803 5405 τοῖς

1908 5334 2161 5389 furentes
2192 5332 2249 5388 in
2278 5332 2513 5389 fetutinas
2539 5331 2665 5387 facti
2715 5337 2845 5387 sunt
2876 5329 2944 5383 “.
2983 5348 3000 5380 ι
3040 5327 3243 5384 Eadem
3277 5326 3491 5381 ratione

221 5433 442 5500 κτήνεσι
478 5435 592 5495 τοῖς
632 5433 905 5505 ἀνοήτοις,
950 5433 1045 5486 καὶ
1071 5431 1330 5503 ὡμοιώθη
1379 5432 1582 5497 αὐτοῖς.
1621 5451 1640 5485 ι
1692 5434 1806 5487 Καὶ

1912 5427 2171 5485 Servator
2195 5425 2467 5482 Herodem
2504 5444 2523 5477 ι
2557 5424 2775 5494 vulpem
2802 5424 2846 5455 ⁵⁷
2879 5442 2898 5477 ›
2922 5431 3104 5489 vocat,
3136 5429 3189 5477 et
3217 5420 3353 5475 dicit
3406 5418 3490 5472 di-

223 5522 422 5578 πάλινο
479 5545 499 5575 ι
530 5525 715 5580 Ἵπποι
766 5525 1095 5597 θηλυμανετς
1144 5525 1499 5596 ἐγενήθησαν.
1538 5545 1558 5577 ι
1614 5526 1726 5579 Καὶ
1773 5527 1803 5580 ό

1912 5518 2145 5590 scipulis
2180 5517 2340 5573 suis:
2392 5536 2412 5567 ι
2444 5514 2585 5571 Ecce
2625 5528 2728 5584 ego
2758 5513 2920 5568 mitto
2949 5528 3048 5569 vos
3095 5512 3237 5568 sicut
3265 5524 3397 5563 oves
3435 5507 3491 5561 in

223 5615 413 5686 Σωτὴρ
451 5617 544 5670 τὸν
604 5617 852 5690 Ἡρώδην
900 5616 1199 5672 ιάλώπεκα
1223 5638 1241 5670 ι
1302 5618 1500 5673 καλεῖ·
1554 5619 1647 5671 καί¹
1687 5620 1799 5682 τοῖς

1908 5610 2094 5667 medio
2139 5610 2426 5681 luporum.
2463 5606 2652 5664 Eslote
2680 5622 2811 5678 ergo
2846 5606 3147 5677 prudentes
3179 5601 3322 5658 sicut
3370 5613 3490 5654 ser-

301 5747 343 5778 ⁴³
381 5748 484 5803 Tit.
523 5765 602 5815 ιιι,
642 5750 725 5805 l0.
805 5750 849 5781 ⁵⁵
878 5747 1022 5806 Psal.
1066 5764 1261 5817 xum,
1298 5751 1385 5807 2|.
1473 5752 1515 5784 ⁸⁸
1550 5749 1697 5807 Psal.
1744 5766 1827 5805 xx:

1930 5748 1983 5804 9.
2061 5747 2107 5781 ⁸⁸
2141 5745 2341 5803 Jerem.
2382 5762 2434 5813 ν,
2471 5746 2522 5800 8.
2609 5745 2654 5777 ⁸⁷
2685 5742 2819 5798 Luc.
2856 5756 2992 5808 xui,
3029 5738 3120 5793 32.
