4098 6490
601 357 735 412 1019

1584 356 1641 412 S.
1685 355 1958 411 CYRILLI
2000 354 2471 411 ALEXANDRINI
2512 353 2832 412 ARCHIEI’.

3737 362 3856 419 {0‘20

601 475 807 534 pontes,
857 474 911 520 et
956 464 1237 536 simplices
1272 466 1419 521 sicut
1447 458 1722 521 columba:
1754 468 1821 522 ⁸⁸.
1882 487 1915 537 ο,
1937 469 2026 521 Ait
2062 468 2175 521 haec

2282 468 2553 538 μαθηταῖς
2584 469 2953 539 παρήγγειλεν
2976 487 2990 502 ο
3035 491 3052 521 ‹
3076 471 3206 525 Ἰδοὺ
3235 470 3347 539 ἐγὼ
3377 471 3707 525 ἀποστέλλω
3728 474 3858 543 ὑμᾶς

600 570 705 608 non
761 563 819 608 ut
850 565 1135 624 serpentes
1168 555 1365 611 ﬁamus
1420 565 1517 610 aut
1571 556 1860 619 columbas,
1896 572 1996 612 nos
2030 556 2176 610 enim

600 662 708 698 non
732 645 865 699 fecit
887 646 968 701 sic
995 664 1008 699 :
1036 662 1214 717 neque
1244 647 1567 702 admitteret
1607 648 1713 703 hoc
1743 658 1942 702 natura
1964 656 2177 712 nostra,

599 738 922 791 exhortatur
988 746 1167 791 autem
1227 754 1329 793 nos
1386 747 1491 804 ut,
1550 750 1876 794 caeterarum
1935 740 2177 793 ferarum

600 838 784 883 motus
836 830 1230 884 immoderatos
1285 830 1579 899 fugientes,
1616 832 1891 901 serpentis
1938 831 2180 901 pruden-

600 922 729 975 tiam
750 937 1116 991 agnoscamus
1139 938 1371 992 eamque
1398 923 1521 977 ideo
1545 924 1891 987 deludamus,
1913 925 2180 979 columba:

599 1024 779 1069 autem
813 1014 1105 1068 induamus
1140 1015 1646 1071 mansuetudinem.
1692 1017 1766 1071 De
1796 1015 2000 1071 divinis
2035 1030 2178 1085 quo-

598 1121 706 1174 que
740 1106 1105 1160 desumuntur
1154 1108 1549 1163 similitudines
1574 1110 1776 1178 quibus
1811 1107 2066 1163 homines
2102 1107 2180 1161 al-

597 1197 858 1266 loquatur
888 1196 1151 1251 Servatur
1185 1197 1378 1252 dicens
1408 1218 1422 1254 :
1463 1218 1480 1250 ι
1539 1200 1728 1254 Estote
1763 1198 2178 1262 misericordes,

595 1289 740 1342 sicut
770 1288 935 1343 Pater
963 1298 1144 1345 vester
1174 1291 1265 1359 qui
1296 1295 1350 1345 in
1382 1293 1539 1346 cmlis
1571 1299 1657 1346 est
1687 1292 1751 1345 ⁸⁸.
1774 1310 1793 1340 ι
1834 1291 1900 1344 Ει
1934 1305 2134 1345 rursus
2162 1309 2175 1345 :

602 1401 619 1431 ι
654 1380 717 1434 Ει
748 1390 926 1436 estote
952 1398 1051 1437 vos
1080 1382 1337 1452 perfecti,
1362 1384 1506 1438 sicut
1538 1382 1702 1436 Pater
1724 1389 1904 1436 vester
1936 1382 2179 1437 caelestis

596 1474 876 1545 perfectus
910 1484 994 1530 est
1024 1476 1091 1529 ⁷ο.
1129 1494 1147 1526 ι
1188 1474 1355 1529 Habet
1386 1477 1551 1531 etiam
1601 1476 1723 1540 hoc,
1758 1490 1867 1528 non
1916 1485 1977 1529 ut
2025 1473 2177 1529 Patri

593 1566 773 1636 reipsa
812 1565 1021 1621 similes
1060 1567 1294 1621 ﬁamus:
1332 1583 1456 1619 nam
1518 1567 1861 1636 impossibile
1896 1574 1984 1622 est
2014 1582 2173 1621 crea-

594 1666 779 1712 turam
838 1673 905 1713 ex
953 1659 1122 1713 nihilo
1162 1658 1363 1713 factam
1398 1675 1522 1713 cum
1562 1660 1727 1713 Patre
1778 1658 2020 1713 conferri
2065 1676 2077 1711 :
2122 1664 2178 1711 at

594 1749 1062 1819 quiemadmodum
1122 1766 1228 1803 non
1267 1758 1424 1804 cavet
1460 1766 1527 1804 ne
1556 1749 1805 1816 jumenta
1856 1751 2174 1816 evadamus,

2281 559 2356 621 ὡς
2386 559 2632 630 πρόϐατα
2662 561 2718 612 ὲν
2755 560 2905 629 μέσῳ
2931 560 3110 614 λύκων
3135 578 3149 592 ·
3192 564 3407 630 γίνεσθε
3438 565 3704 635 φρόνιμοι
3742 566 3865 619 ὡσεὶ

2279 650 2450 718 ὄφεις,
2498 650 2590 701 καὶ
2628 649 2875 720 ἀκέραιοι
2923 650 2998 713 ὼς
3032 654 3086 705 αἱ
3124 655 3469 725 περιστεραί.
3506 675 3527 705 ›
3581 655 3781 723 Ἔλεγε
3815 658 3864 710 δὲ

2278 741 2456 807 τοῦτο,
2483 742 2579 809 ούχ
2607 742 2692 793 ἵνα
2720 742 3005 811 γενώμεθα
3034 744 3183 810 ὄφεις
3211 744 3243 813 ἢ
3280 746 3636 815 περιστεραίο
3670 747 3732 799 οὐ
3766 748 3864 817 γὰρ

2280 830 2451 896 οὕτως
2481 833 2628 902 ἡμᾶς
2650 832 2811 895 αὐτὸς
2845 835 3114 903 πεποίηκε
3147 847 3161 860 ⁸
3202 835 3281 887 διὸ
3306 836 3428 888 οὐδὲ
3456 838 3625 889 τοῦτο
3658 831 3801 889 οἶδεν
3836 841 3865 908 ἡ

2282 921 2445 988 φύσις
2471 937 2485 951 °
2531 922 2648 974 ἀλλ’
2680 923 2766 975 ἴνα
2802 925 2984 992 ἡμεῖς,
3012 924 3122 976 τῶν
3160 925 3258 994 μὲν
3292 926 3391 989 τὰς
3422 928 3665 993 ἀλόγους
3702 931 3864 997 ὁρμὰς

2281 1012 2659 1081 ὲκφεύγωμεν,
2702 1011 2794 1064 τοῦ
2836 1013 2891 1065 δὲ
2938 1013 2997 1065 τὸ
3042 1014 3324 1087 φρόνιμον,
3378 1016 3467 1067 ἵνα
3500 1017 3865 1083 γινώσκοντες

2285 1102 2359 1175 μὴ
2392 1103 2735 1174 ἀπατιῦμεθα
2764 1104 2893 1174 παρ’
2930 1104 3118 1169 αὑτοῦ,
3162 1107 3257 1157 καὶ
3295 1108 3390 1176 τῆς
3429 1111 3778 1178 περιστερᾶς
3812 1109 3865 1160 τὰ

2282 1197 2455 1267 πρᾶον
2478 1195 2857 1265 ἀναλάϐωμεν.
2909 1194 3032 1247 Ἐπὶ
3051 1196 3107 1248 δὲ
3127 1196 3237 1248 τῶν
3268 1195 3426 1249 θείων
3456 1200 3629 1250 πάλιν
3662 1198 3864 1261 εἰκόνας

2281 1292 2391 1353 τοῖς
2416 1287 2720 1359 ἀνθρώποις
2749 1286 3060 1355 λαμϐάνων,
3086 1288 3250 1357 φησὶν
3277 1289 3304 1339 6
3336 1289 3531 1359 Σωτήρ
3554 1305 3569 1319 ·
3611 1308 3628 1339 ι
3656 1289 3865 1342 Γίνεσθε

2290 1382 2634 1451 οἰκτίρμονες
2679 1378 2754 1442 ὡς
2788 1380 2817 1431 6
2849 1378 3038 1448 Πατὴρ
3074 1380 3225 1449 ὑμῶν
3257 1380 3285 1431 6
3315 1382 3371 1432 ὲν
3396 1382 3511 1442 τοῖς
3539 1381 3820 1450 οὐρανοῖς.
3847 1401 3861 1430 ι

2281 1489 2378 1521 -ι
2410 1471 2519 1523 Καὶ
2544 1470 2732 1523 ἔσεσθε
2763 1470 2920 1540 ὑμεῖς
2942 1470 3157 1533 τέλειοι,
3181 1470 3255 1534 ὡς
3273 1471 3301 1522 6
3324 1472 3515 1542 Πατὴρ
3542 1472 3709 1539 ὑμῶν
3728 1472 3862 1543 [ϐοά.

2279 1560 2463 1634 ἡμῶν]
2515 1563 2543 1615 6
2583 1561 2834 1632 οὐράνιος
2888 1560 3089 1625 τέλειός
3139 1563 3275 1615 ἐστι.
3325 1582 3343 1614 ι
3410 1562 3620 1630 Ἔλεγε
3679 1563 3739 1615 δὲ
3784 1565 3867 1615 καὶ

2279 1654 2458 1718 τοῦτο,
2488 1655 2586 1724 οὐχ
2609 1654 2696 1706 ἵνα
2726 1652 3010 1722 γενώμεθα
3042 1654 3203 1706 πάλιν
3227 1654 3301 1717 ὡς
3326 1656 3353 1707 6
3377 1655 3601 1725 Πατήρ·
3629 1654 3868 1721 γίνεσθαι

2280 1747 2389 1817 γάρ
2419 1747 2570 1816 ἡμᾶς
2601 1745 2675 1808 ὡς
2721 1748 2749 1797 6
2789 1745 2979 1815 Πατὴρ
3007 1745 3285 1811 ἀδύνατον,
3328 1747 3537 1817 κτίσμα
3585 1747 3753 1809 ὄντας
3782 1747 3867 1799 καὶ

595 1842 867 1895 dicendo:
912 1862 927 1888 ι
956 1841 1133 1894 Nolite
1170 1841 1282 1893 ﬁeri
1317 1843 1459 1895 sicut
1486 1856 1666 1909 equus
1691 1850 1744 1895 et
1777 1843 1985 1908 mulus,
2020 1862 2039 1894 ι
2073 1843 2176 1898 sed

2282 1844 2345 1896 ὲκ
2386 1840 2481 1895 τοῦ
2534 1842 2608 1912 μὴ
2654 1843 2807 1903 ὄντος
2851 1842 3210 1911 γενομένους·
3261 1841 3375 1894 ἀλλ’
3422 1843 3625 1910 ὥσπερ
3658 1842 3759 1909 οὐχ
3788 1843 3867 1893 ἵνα

597 1949 668 1987 ne
714 1933 1086 2001 insipientiam
1123 1948 1315 1986 eorum
1367 1934 1692 1999 imitemur;
1734 1934 1804 1988 ita
1832 1950 1942 1988 non
1973 1943 2033 1989 ut
2083 1935 2176 1991 Dei

598 2024 806 2079 similes
860 2024 1075 2086 tlamus,
1115 2024 1227 2077 ait:
1288 2044 1306 2075 ι
1338 2023 1523 2079 Estote
1584 2025 1977 2081 misericordes
2034 2027 2178 2081 sicut

595 2116 779 2181 Pater,
824 2136 842 2168 ι
880 2118 975 2171 sed
1015 2125 1092 2181 ut,
1131 2117 1395 2172 beneficia
1430 2118 1553 2186 ejus
1602 2118 1905 2185 intuentes,
1944 2134 2065 2188 qua:
2100 2120 2180 2173 fa-

596 2208 778 2263 cimus
815 2209 982 2272 bona,
1013 2224 1120 2261 non
1158 2219 1382 2278 propter
1405 2209 1710 2274 hominem,
1737 2209 1832 2265 sed
1862 2209 1958 2264 Dei
2007 2226 2178 2265 causa

597 2309 1025 2367 agamus,atque
1043 2300 1163 2353 ideo
1185 2300 1252 2353 ab
1278 2300 1419 2368 ipso,
1448 2316 1557 2353 non
1578 2302 1644 2355 ab
1666 2301 2003 2369 hominibus,
2032 2318 2177 2357 mer-

596 2389 785 2443 cedem
823 2391 1181 2459 accipiamus.
1219 2390 1351 2443 Nam
1396 2392 1855 2461 quemadmodum
1891 2408 1992 2447 nos
2041 2408 2179 2463 quo-

597 2497 705 2549 que
758 2482 851 2534 Dei
899 2482 993 2534 filii
1028 2483 1317 2536 evadimus
1351 2482 1525 2553 gratia
1564 2484 1734 2551 ipsius
1766 2499 1867 2538 nos
1903 2485 2175 2550 vocantis,

594 2590 719 2629 cum
756 2590 922 2627 unum
958 2574 1117 2628 modo
1148 2572 1347 2627 Filium
1380 2584 1575 2627 natura
1629 2575 1831 2629 habeat.
1876 2584 1930 2631 et
1988 2592 2176 2631 verum

592 2675 649 2720 et
683 2666 1066 2733 Unigenitum,
1099 2674 1151 2719 et
1186 2665 1259 2718 dii
1292 2668 1641 2720 nominemur
1698 2669 1799 2721 etsi
1832 2668 2084 2724 homines
2108 2671 2177 2733 ⁷⁸,

594 2772 703 2811 non
752 2756 878 2824 jure
910 2756 1133 2825 quidem
1172 2765 1231 2810 ut
1282 2773 1446 2812 verus
1498 2757 1645 2811 Deus
1674 2768 1727 2812 et
1752 2757 1996 2813 Verbum
2030 2760 2174 2828 ejus,

595 2850 689 2903 sed
722 2850 1001 2902 voluntate
1028 2849 1118 2902 Dei
1144 2866 1243 2905 nos
1271 2850 1375 2903 hoc
1406 2851 1692 2920 largientis
1721 2851 1830 2914 ;ita
1859 2853 2005 2905 sicut
2034 2851 2178 2908 Deus

599 2941 983 2994 misericordes
1019 2941 1201 3006 tinnis,
1236 2942 1361 2995 licet
1412 2958 1521 2995 non
1558 2942 1733 3011 ipsius
1788 2944 2023 3008 similes,
2078 2959 2179 2999 nec

599 3042 793 3086 natura
828 3050 956 3087 vere
991 3034 1372 3088 benel'actores
1406 3034 1609 3089 ell'ecti.
1670 3033 1829 3087 Prior
1859 3037 2006 3088 enim
2038 3035 2179 3090 Deus

600 3124 761 3178 nobis
790 3125 932 3178 bona
968 3141 1068 3180 sua
1116 3125 1337 3188 tribuit,
1373 3134 1429 3178 ut
1476 3142 1597 3195 qua:
1630 3126 1709 3179 sic
1744 3127 1903 3180 nobis
1945 3127 2179 3197 largitus

599 3224 701 3278 est,
732 3215 855 3269 aliis
900 3224 954 3269 et
1007 3232 1108 3270 nos
1157 3217 1554 3280 ministremus,
1590 3218 1802 3287 absque
1852 3219 1959 3271 ulla
1992 3234 2179 3289 perso—

599 3323 792 3361 narum
841 3307 1194 3372 discretione,
1246 3325 1440 3363 omnes
1471 3326 1624 3379 aeque
1657 3312 2004 3379 atljuvantes.
2063 3311 2179 3367 Hac

600 3399 741 3452 enim
788 3398 1023 3460 ratione,
1073 3415 1181 3452 non
1215 3399 1347 3464 alia,
1385 3400 1475 3454 Dei
1512 3400 1819 3457 imitatores
1872 3402 1992 3457 ﬁeri
2044 3419 2177 3472 pos-

600 3506 815 3553 sumus,
848 3490 1069 3560 quando
1106 3491 1321 3545 caeteris
1354 3502 1579 3562 accepta
1613 3494 1682 3546 ab
1716 3509 1780 3546 eo
1813 3494 2139 3549 dividimus.

2280 1934 2565 2005 γενώμεθα
2591 1934 2759 2003 κτήνη
2803 1931 3207 2002 παραγγέλλει,
3249 1951 3267 1981 ι
3292 1934 3384 2002 Μὴ
3414 1932 3642 2000 γίνεσθε
3675 1932 3754 1993 ὡς
3784 1932 3866 1983 ἶπ-

2281 2047 2380 2092 πος
2409 2030 2504 2081 καὶ
2534 2027 2774 2097 ἡμίονος,
2808 2045 2825 2076 ›
2887 2024 2973 2077 ἵνα
3013 2026 3086 2096 μὴ
3128 2024 3187 2077 τὸ
3220 2024 3413 2091 ἄλογον
3435 2024 3673 2078 ἐκείνων
3706 2041 3868 2094 μιμη-

2282 2120 2503 2191 σὼμεθα
2527 2136 2539 2148 '
2580 2118 2752 2181 οὕτως
2776 2118 2872 2187 ούχ
2904 2119 2990 2170 ἵνα
3034 2116 3323 2187 γενώμεθα
3359 2118 3435 2180 ὡς
3459 2120 3487 2169 6
3510 2118 3653 2180 Θεὸς
3684 2116 3865 2185 ἔλεγε,

2286 2211 2546 2264 «Γίνεσθε
2576 2210 2920 2280 οίκτίρμονες
2947 2208 3020 2270 ὡς
3062 2211 3090 2261 6
3131 2209 3344 2278 Πατὴρ,
3391 2228 3413 2259 ι
3444 2208 3561 2261 ἀλλ’
3592 2208 3705 2271 ἵνα,
3743 2208 3868 2277 πρὸς

2278 2306 2377 2369 τὰς
2408 2304 2725 2376 εὐεργεσίας
2764 2303 2972 2356 ἐκείνου
3006 2302 3312 2371 βλέποντες,
3350 2302 3387 2354 ἃ.
3409 2300 3688 2371 ποιοῦμεν
3713 2299 3865 2363 καλὰ,

2283 2401 2357 2471 μὴ
2403 2400 2469 2452 δι’
2505 2397 2856 2468 ἀνθρώπους,
2903 2395 3037 2450 ἀλλά
3074 2395 3141 2447 δι’
3178 2394 3341 2447 αὑτὸν
3389 2394 3645 2463 ποιιῖιμεν
3674 2410 3688 2422 °
3737 2392 3867 2445 ὥστε

2280 2492 2409 2561 παρ’
2434 2489 2621 2545 αὑτοῦ,
2643 2488 2735 2541 καὶ
2758 2488 2832 2559 μὴ
2859 2487 3006 2556 παρά
3024 2486 3119 2539 ἀνθ
3129 2485 3347 2556 ρώπων,
3371 2486 3462 2538 τὸν
3488 2485 3688 2555 μισθὸν
3712 2483 3866 2553 ἔχειν.

2283 2582 2493 2650 Ὠσπερ
2532 2580 2639 2650 γάρ
2668 2581 2784 2642 ἐνὸς
2818 2580 2969 2641 ὄντος
3012 2578 3141 2632 Υἱοῦ
3172 2577 3330 2645 φύσει
3356 2579 3451 2630 καὶ
3482 2575 3750 2646 ἀληθινοῦ
3784 2576 3865 2629 καὶ

2285 2672 2626 2742 μονογενοῦς,
2665 2670 2935 2740 γενόμεθα
2975 2671 3049 2737 (1)
3084 2670 3179 2723 καὶ
3210 2673 3369 2740 ἡμεῖς
3398 2670 3507 2722 υἱοὶ
3547 2669 3696 2722 κατά
3721 2670 3868 2739 χάριν

2280 2761 2375 2814 τοῦ
2422 2762 2750 2824 καλέσαντος
2779 2776 2791 2789 ·
2847 2761 2941 2813 καὶ
2992 2761 3271 2830 ἄνθρωποι
3338 2761 3718 2831 τυγχάνοντες
3766 2760 3868 2813 θεοῖ

2281 2872 2385 2925 χρη
2396 2852 2692 2922 ματίζομεν
2720 2852 2815 2922 (‘2),
2847 2852 2943 2922 οὐχ
2979 2853 3053 2915 ὡς
3075 2855 3102 2905 6
3128 2853 3381 2921 ἀληθινὸς
3412 2852 3613 2922 Θεὸς,ἧ
3637 2852 3666 2902 6
3689 2852 3869 2903 τούτου

2281 2943 2451 3011 Λόγος
2477 2960 2492 2974 ·
2528 2943 2641 2995 ἀλλ’
2665 2943 2739 3006 ὡς
2774 2942 3038 3012 ἠθέλησεν
3066 2944 3094 2994 6
3119 2942 3278 2996 τοῦτο
3308 2945 3687 3014 χαρισάμενος
3710 2942 3837 3003 6:6;
3855 2960 3867 2971 ·

2281 3034 2424 3087 οὕτω
2477 3034 2570 3086 καὶ
2621 3034 2696 3097 ὡς
2747 3036 2774 3085 6
2835 3033 2967 3097 Θεὸς
3015 3034 3358 3105 οἰκτίρμονες
3410 3033 3713 3103 γινόμεθα,
3780 3034 3871 3086 οὐκ

2206 3166 2249 3223 C
2281 3127 2622 3197 ἐξισούμενοι
2676 3125 2753 3195 τῷ
2794 3125 2930 3196 Θεῷ,
2993 3128 3114 3179 οὐδὲ
3148 3127 3305 3195 φύσει
3346 3129 3441 3179 καὶ
3488 3126 3741 3195 ἀληθινοὶ
3788 3126 3869 3177 3'3-

2287 3218 2507 3290 εργέται
2545 3218 2853 3288 γινόμενοι·
2907 3219 2966 3270 ού
3012 3219 3119 3288 γὰρ
3167 3218 3326 3287 ἡμῶν
3370 3216 3596 3287 εὕρημα
3636 3217 3698 3269 τὸ
3729 3217 3869 3286 εὐερ-

2286 3316 2485 3381 γετεῖν,
2524 3311 2661 3365 ἀλλά
2706 3312 2799 3364 τοῦ
2838 3312 2971 3366 Θεοῦ
3007 3331 3020 3343 ’
3053 3314 3142 3367 ἵνα
3163 3314 3218 3365 δὲ
3248 3313 3387 3366 αύτά
3433 3314 3504 3364 τά
3547 3313 3704 3381 παρά
3745 3310 3869 3363 Θεοῦ

2285 3404 2366 3466 εἰς
2409 3404 2558 3473 ἡμᾶς
2612 3401 2754 3455 κατά
2794 3404 2953 3473 χάριν
3017 3405 3308 3472 γινόμενα,
3349 3403 3528 3455 ταῦτα
3574 3405 3676 3455 καὶ
3722 3403 3868 3472 ἡμεῖς

2289 3495 2714 3565 μεταδιώκωμεν
2738 3497 2817 3558 εἰς
2850 3496 3092 3566 ἐτέρους,
3118 3498 3193 3569 μὴ
3231 3497 3669 3567 διακρινόμενοι,
3700 3493 3868 3555 ἀτελῶς

600 3583 653 3637 δὲ
695 3586 774 3645 είς
817 3583 1025 3647 πάντας
1055 3582 1385 3648 ἐκτείνοντες
1425 3584 1521 3654 τὴν
1559 3584 1878 3655 εὐεργεσίαν
1902 3602 1916 3615 ·
1972 3587 2114 3641 κατὰ
2150 3586 2309 3641 τοῦτο
2342 3589 2449 3661 γὰρ
2484 3589 2645 3660 μόνον
2679 3585 2957 3659 δυνάμεθά
2981 3606 3094 3652 πως
3127 3588 3291 3642 αὐτοῦ
3324 3590 3570 3659 μιμηταὶ
3602 3588 3868 3656 γενέσθαι,

599 3675 692 3730 καὶ
720 3675 821 3729 ούκ
854 3675 1027 3739 ἄλλως
1052 3691 1066 3705 ο
1117 3676 1198 3728 ὅτι
1225 3676 1358 3745 παρ’
1383 3676 1546 3729 αὑτοῦ
1574 3677 1929 3748 διακονοῦμεν
1960 3676 2230 3747 ἀλλήλοις.

600 3810 688 3878 Ill,
712 3812 799 3866 16.
836 3811 985 3865 Sicut
1018 3820 1065 3864 et
1100 3812 1152 3863 in
1183 3810 1425 3864 omnibus
1461 3811 1720 3878 epistolis,
1771 3811 1985 3878 loquens
2021 3812 2077 3864 in
2107 3811 2183 3863 eis

668 3883 733 4005 fe
778 3882 900 3936 his:
937 3884 988 3935 in
1031 3882 1220 3951 quibus
1267 3890 1390 3934 sunt
1431 3882 1677 3950 quwdam
1733 3881 1975 3951 di/ﬁcilia
2025 3880 2186 3934 intel-

681 3964 827 4007 tectu.

675 4084 870 4154 ϐυτ-ἰαὶ
923 4084 1295 4139 Alexandrini.
1336 4082 1565 4138 Videtur
1621 4083 1907 4138 nonnullis
1966 4084 2187 4154 sapien-

605 4176 854 4232 tissimus
890 4175 1091 4230 Paulus
1136 4174 1272 4228 dura
1301 4174 1475 4244 loqui,
1514 4184 1609 4228 aut
1663 4193 1681 4224 ι
1721 4172 1969 4227 dillicilia
2023 4174 2187 4229 intel-

602 4271 773 4328 lectu.
803 4288 820 4320 ι
859 4278 916 4323 ιιι
949 4285 1112 4324 voces
1136 4277 1453 4323 sanctorum
1487 4266 1867 4335 apostolorum
1900 4282 2182 4335 usurpem.

603 4358 839 4424 Quando
872 4367 1055 4412 autem
1088 4373 1327 4427 superna
1356 4357 1626 4426 sapientia
1653 4354 1945 4421 redundat,
1979 4370 2088 4409 non
2125 4357 2181 4410 in

604 4450 840 4505 dubium
872 4450 1121 4504 revocari
1155 4458 1429 4519 possunt;
1464 4448 1709 4519 loquitur
1748 4447 1897 4502 enim
1928 4447 2185 4504 Christus

606 4540 661 4593 in
702 4540 841 4608 ipso.

608 4650 698 4715 ιιι,
735 4652 815 4704 17Δ
860 4650 965 4704 Vos
993 4652 1176 4720 igitur,
1201 4650 1419 4719 fratres.
1449 4653 1781 4720 prcescientes
1813 4648 2099 4712 custodite,
2126 4664 2188 4701 ne

681 4722 1041 4789 insipientium
1088 4738 1267 4776 errore
1301 4721 1539 4776 traducti
1587 4722 1849 4776 excidatis
1900 4737 1933 4773 a
1969 4720 2189 4787 propria

680 4795 952 4861 ﬁrmitate.

685 4902 897 4971 Cyrilli.
932 4901 1247 4972 ltespucndi
1280 4902 1448 4972 igitur
1490 4900 1873 4971 hujuscemodi
1909 4899 2187 4961 homines,

618 4994 743 5047 licet
786 5008 985 5047 nomen
1019 4994 1222 5048 Christi
1251 4994 1317 5048 ad
1373 4992 1729 5063 decipiendos
1759 4992 1974 5045 animos
2006 4989 2189 5061 profe-

613 5091 755 5139 rant.
779 5084 898 5154 Ipse
918 5086 1065 5139 enim
1095 5084 1360 5140 Dominus
1390 5096 1579 5140 noster
1599 5084 1761 5139 Jesus
1789 5084 2042 5138 Christus
2080 5083 2183 5136 hoc

611 5187 886 5245 prtecepto
918 5177 1041 5231 lidei
1065 5186 1119 5231 et
1149 5177 1309 5233 saluti
1338 5188 1541 5232 nostrae
1573 5174 1837 5240 consulit,
1865 5175 1994 5229 dum
2027 5174 2181 5227 dicit:

618 5287 637 5319 ι
675 5267 952 5323 Attendite
990 5270 1057 5322 ab
1079 5269 1163 5325 eis
1194 5270 1287 5340 qui
1320 5270 1548 5324 veniunt
1581 5267 1648 5321 ad
1676 5282 1773 5321 vos
1806 5268 1860 5321 in
1890 5268 2187 5321 vestimen-

618 5359 694 5414 tis
721 5361 928 5423 ovium,
958 5360 1291 5416 intrinsecus
1316 5370 1497 5416 autem
1528 5370 1659 5416 sunt
1685 5359 1798 5429 lupi
1831 5372 2056 5427 rapaces
2080 5358 2182 5409 ".s

623 5452 687 5508 Et
710 5469 933 5508 rursus:
966 5470 986 5504 ‹
1008 5452 1200 5510 Videte
1219 5470 1286 5510 ne
1314 5456 1437 5527 quis
1458 5470 1556 5511 vos
1579 5454 1833 5520 seducat;
1862 5452 2015 5507 multi
2043 5448 2190 5506 enim

689 5590 734 5621 “
774 5590 960 5645 Matth.
999 5609 1064 5657 x,
1105 5592 1187 5646 16.
1269 5594 1313 5625 θ’
1349 5592 1487 5648 Luc.
1523 5610 1613 5661 γι,
1650 5591 1739 5648 '56.

696 5703 772 5771 (l)
812 5705 1098 5778 Γενὼμεθα
1129 5724 1274 5764 corr.
1311 5724 1422 5764 rec.
1459 5724 1531 5764 In.

2216 4585 2263 4644 D

1822 5592 1865 5622 ⁷⁰
1902 5588 2095 5645 Matth.
2130 5604 2196 5653 v,
2233 5585 2322 5642 48.

2300 3819 2397 3884 Ὠς
2437 3832 2535 3869 και
2583 3816 2653 3867 ἐν
2693 3815 2916 3879 πάσαις
2949 3813 3078 3879 ταῖς
3111 3812 3516 3884 Ἐπιστολαῖς,
3565 3810 3778 3884 gadiis.

2358 3879 2568 3951 αὑταῖς
2619 3886 2753 3954 περὶ
2796 3886 3058 3939 τούτων·
3111 3883 3182 3936 ἐν
3226 3880 3317 3949 οἷς
3369 3883 3506 3936 ἐστι
3566 3879 3871 3947 δυσνόητά

2351 3976 2504 4014 τινα.

2362 4094 2668 4163 Κυρίλλου
2710 4090 3185 4159 Ἀλεξανδρείας.
3218 4088 3463 4142 Δοκεῖδέ
3493 4106 3643 4141 τισιν
3677 4089 3708 4141 6
3742 4087 3870 4140 πάν-

2287 4204 2447 4256 σοφος
2480 4187 2687 4248 Παῦλος
2710 4186 2943 4257 δυσχερῆ
2974 4202 3094 4237 τινα
3124 4184 3455 4253 λέγειν,ἥτοι
3491 4202 3509 4232 ι
3533 4182 3827 4250 δυσνόητά,
3848 4199 3864 4231 ι

2287 4277 2427 4332 κατά
2465 4278 2564 4349 τὴν
2597 4277 2705 4329 τῶν
2734 4276 2905 4344 ἁγίων
2935 4274 3254 4327 ἀποστόλων
3298 4274 3485 4341 φωνήν
3510 4288 3523 4301 ·
3572 4272 3658 4323 ὃτι
3698 4271 3755 4323 δὲ
3792 4288 3870 4322 σο-

2287 4371 2414 4440 φίας
2436 4374 2536 4441 τῆς
2572 4370 2779 4423 ἄνωθεν
2809 4368 3157 4439 μεμὲστωται
3193 4366 3369 4419 ταῦτα
3397 4365 3497 4417 οὐκ
3525 4364 3680 4418 ἐστιν
3707 4366 3871 4433 ἀμφι-

2287 4461 2501 4515 ϐάλλειν
2532 4479 2541 4490 ’
2574 4460 2728 4515 λαλεῖ
2758 4459 2867 4532 γάρ
2897 4460 2954 4511 ὲν
2980 4457 3127 4529 αὐτῷ
3158 4460 3186 4510 6
3220 4457 3477 4527 Χριστός.

2304 4650 2503 4719 ’Υμεῖς
2533 4649 2666 4710 οὖν,
2708 4642 3601 4719 ἀγαπηςοὶκπρο-γιγώσκοντες.
3627 4638 3869 4709 φυλάσ-

2363 4710 2592 4789 ἱγεσθε,
2627 4719 2728 4771 ἵνα
2992 4710 3119 4767 τῶν(
3158 4710 3437 4789 ἀθέσμων
3476 4710 3684 4777 πλάνῃ
3727 4726 3869 4789 (ξυνα

2362 4783 2766 4857 απαχθέντες,
2794 4787 3093 4852 ἐκπέσητε
3122 4784 3228 4837 τοῦ
3260 4783 3414 4836 ἰδίου
3442 4783 3801 4850 στηριγμοῦ.

2363 4898 2689 4965 Κυρίλλου.
2732 4896 3006 4965 Προσήκει
3042 4894 3220 4947 τοίνυν
3264 4892 3712 4963 ἀποστρέφεσθαι
3750 4891 3869 4951 τοὺς

2290 4990 2561 5051 τοιούτους
2585 5029 2598 5050 ,
2642 4987 2744 5041 κᾶν
2788 4987 2848 5040 τὸ
2877 4987 3046 5057 ὄνομα
3076 4985 3168 5037 τοῦ
3212 4982 3450 5055 Χριστοῦ
3487 4984 3629 5056 πρὸς
3658 4982 3870 5050 ἀπάτην

2288 5081 2699 5151 ἀμφιέννυνται.
2738 5076 2915 5131 Αὐτοῦ
2948 5078 3056 5147 γὰρ
3093 5076 3186 5129 τοῦ
3237 5075 3443 5145 Κυρίου
3486 5073 3643 5143 ἡμῶν
3703 5071 3869 5143 Ἰησοῦ

2290 5173 2527 5242 Χριστοῦ
2553 5170 2845 5243 πρόσταξίς
2873 5171 2986 5221 ἐστι
3018 5169 3155 5238 πρὸς
3186 5168 3465 5237 ἡμετέραν
3486 5166 3791 5235 ἀσφάλειάν
3815 5181 3869 5217 τε

2292 5262 2387 5314 καὶ
2422 5260 2696 5329 σωτηρίαν
2722 5258 2971 5325 λέγοντος
2995 5274 3009 5286 ·
3050 5275 3067 5305 ι
3094 5255 3395 5326 Προσέχετε
3434 5254 3545 5305 ἀπὸ
3573 5252 3682 5305 τῶν
3714 5254 3867 5322 ἐρχο-

2296 5353 2474 5425 μένων
2506 5350 2639 5419 πρὸς
2666 5350 2809 5418 ὑμᾶς
2851 5350 2908 5399 ὲν
2949 5345 3210 5415 ἐνδύμασι
3236 5344 3546 5415 προϐάτων,
3583 5339 3788 5393 ἔσωθεν
3812 5338 3868 5391 δέ

2295 5447 2400 5498 εἱσι
2432 5442 2587 5495 λύκοι
2613 5441 2882 5513 ἅρπαγες.
2908 5458 2926 5490 ι
2961 5439 3071 5491 Καὶ
3107 5437 3267 5490 πάλιν
3290 5453 3304 5467 ·
3351 5454 3371 5487 ι
3401 5434 3639 5489 Βλέπετε
3675 5434 3751 5504 μή
3786 5448 3867 5495 τις

2948 5576 2993 5607 τ’
3042 5573 3237 5630 Matth.
3270 5589 3381 5638 vn,
3421 5572 3510 5628 15.

2375 5700 2448 5771 (ἢ)
2490 5696 2927 5771 Χρηματίζωμεν
2967 5707 3079 5750 rec.
3114 5707 3187 5747 ιιι.

2402 5584 2443 5614 ⁷¹
2484 5581 2639 5637 Joan.
2680 5595 2781 5644 ιιι,
2820 5578 2870 5633 1.
