4098 6504
198 347 344 405 1021

1029 326 1055 341 “
1163 355 1424 415 maca.
1453 357 1521 414 IN
1568 357 1954 418 EPISTOLAM
1993 364 2014 420 ι
2051 362 2111 417 B.
2149 361 2451 423 JOANNIS.

3337 363 3478 420 1022

199 466 358 538 ὑμᾶς
380 469 628 542 πλανήσῃ
649 489 664 504 ο
697 472 884 528 πολλοὶ
901 475 1012 548 γὰρ
1032 476 1343 534 ἐλεύσονται
1363 480 1455 534 ἐπὶ
1473 481 1552 552 τῷ
1575 481 1772 554 όνόματ

1902 485 2132 543 venient
2163 485 2218 541 iu
2250 487 2472 542 nomine
2497 499 2641 547 meo,
2669 483 2923 539 dicentes
2951 500 2964 536 :
3015 481 3135 553 Ego
3161 497 3282 536 sum
3313 480 3475 536 Chri-
3517 468 3520 472 ’

202 576 316 631 μου
363 563 650 632 λέγοντεςο
705 566 846 636 Ἐγώ
888 571 1004 640 εἰμι
1051 572 1080 625 6
1111 571 1376 640 Χριστὸς,
1428 575 1524 629 καὶ
1565 575 1792 640 πολλοὺς

200 652 572 726 πλανήσουσι.
604 681 622 705 ο
681 660 790 712 Kal.
835 661 864 713 6
910 661 1122 726 Παῦλος
1163 663 1260 735 βοᾷ
1286 681 1301 695 ο
1347 688 1366 717 ι
1394 665 1633 721 Βλέπετε
1667 669 1793 732 τοὺς

197 745 399 809 κύνας,
437 746 661 816 βλέπετε
711 748 837 812 τοῦς
871 753 1074 816 κακοὺς
1117 753 1356 823 ἐργάτας
1406 755 1506 827 τῆς
1555 758 1793 822 πίστεως

195 837 304 907 τῆς
349 840 430 902 είς
455 838 542 892 τὸν
590 839 794 912 Κύριον
829 842 1054 913 Ἰησοῦν.
1103 863 1120 895 ι

277 972 326 1002 ⁷³
354 971 546 1034 Matth.
580 990 738 1041 xxut,
777 976 832 1029 4.
909 976 954 1007 ⁷⁸
986 976 1224 1049 Philipp.
1259 995 1342 1044 ιιι,
1376 979 1432 1034 2.

1897 589 2055 646 stus,
2107 587 2163 635 et
2211 579 2415 633 multos
2446 576 2714 634 seducent
2753 575 2816 628 ⁷⁸.
2863 595 2882 626 ι
2936 573 3262 629 Conclamat
3308 573 3474 628 etiam

1899 674 2154 729 Paulus:
2196 692 2214 724 ι
2257 673 2450 728 Videte
2510 685 2700 734 canes,
2733 668 2915 724 videte
2961 667 3134 722 malos
3189 665 3476 735 operarios

1899 759 2023 818 ﬁdei
2051 760 2107 816 in
2140 758 2426 815 Dominum
2446 757 2635 815 Jesum
2658 757 2726 812 ".
2759 775 2778 810 ι

845 1313 998 1404 AD
1070 1313 1744 1408 EPISTOLAM
1825 1315 1859 1402 Ι
1929 1315 2189 1407 DIVI
2263 1312 2816 1404 JOANNIS.

198 1657 289 1733 (1)
339 1659 400 1714 '0
434 1660 580 1725 Θεὸς
614 1659 740 1728 φῶς
771 1659 904 1733 ἑστι
928 1699 942 1724 ,
979 1661 1076 1733 καί
1107 1663 1321 1718 σκοτία
1369 1652 1437 1717 ἐν
1475 1661 1638 1729 αὐτῷ
1679 1666 1781 1720 οὐκ

1929 1663 1970 1731 I,
2000 1665 2052 1720 5.
2082 1663 2224 1719 Deus
2260 1664 2354 1718 lux
2377 1672 2476 1727 ost,
2502 1673 2550 1718 es
2578 1662 2804 1718 tenebra:
2837 1662 2888 1716 in
2905 1679 2964 1717 eo
2993 1679 3095 1717 non
3130 1674 3254 1718 sunt
3288 1663 3435 1720 ulla.

761 1731 934 1784 ἔστιν
963 1732 1231 1802 οὐδεμία.

280 1842 604 1909 Κυρίλλου.
650 1843 721 1894 Ἢ
771 1844 853 1895 ὅτι
910 1846 1031 1897 κατ’
1077 1844 1267 1898 οὐσίαν
1317 1845 1435 1914 φῶς
1478 1846 1714 1918 ὑπάρχει
1761 1849 1791 1901 6

201 1929 362 1995 Θεὸς,
393 1934 451 1985 ὲν
479 1936 592 1996 τοῖς
622 1935 679 1988 ὲν
703 1935 850 2004 αύτῷ
875 1934 961 1987 διὰ
984 1935 1093 1987 τῶν
1121 1936 1334 2007 ἀρετῶν
1367 1937 1786 2008 περιπατοῦσιν,

200 2020 421 2092 ἀληθῶς
453 2022 567 2090 φῶς
591 2023 879 2094 γενόμενος
901 2041 914 2054 ·
947 2025 981 2095 ἢ
1023 2025 1243 2079 σκοτίαν
1276 2024 1375 2096 τὴν
1403 2026 1603 2080 κακίαν
1637 2027 1788 2096 λέγει

198 2112 294 2166 διὰ
321 2114 447 2176 τοὺς
483 2114 788 2179 Ἰουδαίους.

211 2222 560 2310 Ἆπιξπξῃτόὶ,
606 2225 720 2310 dim
775 2225 1037 2310 ενςοαζὴν
1085 2227 1306 2310 Ξιαινηὴν
1365 2228 1583 2310 γρᾴςξω.
1622 2230 1786 2310 ὑμῖν,

272 2293 411 2368 ᾀλεϊ
449 2293 714 2368 ἐντολὴν
743 2295 1025 2368 παλαιὰν,
1073 2295 1154 2363 ἣν
1179 2293 1517 2366 εἴχετε”ἁ.τὶ’
1551 2293 1784 2368 ἁρῇἦςέ

272 2365 312 2448 ᾖ
341 2363 561 2448 {rem}!
584 2365 620 2431 ἡ
646 2364 870 2418 παλαιά
897 2365 1068 2419 ἐστιν
1087 2370 1120 2420 ό
1139 2363 1342 2436 λόγὸς,
1386 2368 1459 2422 ὃν
1482 2363 1788 2438 ἠκὸὖὸνὰτε

272 2434 374 2486 ἀπ’
403 2434 618 2502 ἀρχῆς·

273 2543 598 2610 Κυρίλλου.
630 2544 765 2614 Περὶ
785 2544 1006 2616 ἀγάπης
1031 2545 1161 2616 ύμῖν
1183 2547 1570 2619 διαλεγόμενος
1587 2566 1603 2580 ο
1626 2550 1787 2604 τοῦτο

194 2633 310 2704 γάρ
336 2635 451 2687 ἐστι
471 2633 532 2686 τὸ
552 2653 569 2684 ι
597 2633 780 2698 καθὼς
799 2636 1006 2698 ἐκεῖνος
1036 2628 1468 2708 περιεπάτησεν)
1494 2643 1552 2694 ὲν
1571 2639 1781 2714 ἀγάπτγ

191 2725 277 2786 ὡς
319 2723 427 2796 γὰρ
472 2724 634 2788 αὐτὸς
675 2727 704 2778 ὁ
748 2725 951 2796 Κύριος
993 2725 1146 2794 ἔλεγε
1171 2743 1186 2757 ·
1240 2746 1258 2778 t
1287 2729 1523 2794 Μείζονα
1565 2729 1774 2800 ταύτης

199 2817 420 2886 ἀγάπην
461 2815 634 2879 οὐδεὶς
673 2815 788 2886 ἔχει
843 2815 1212 2882 ἐνδείξασθαι,
1258 2819 1291 2889 ἢ
1341 2819 1428 2873 ἴνα
1459 2837 1542 2884 τις
1580 2821 1644 2892 θῇ
1688 2820 1786 2892 τὴν

197 2911 380 2981 ψυχὴν
423 2909 590 2963 αὐτοῦ
627 2909 767 2980 ὑπὲρ
798 2909 906 2964 τῶν
947 2909 1117 2980 φίλων
1141 2911 1330 2967 αὐτοῦ.
1366 2931 1385 2963 ι
1436 2913 1653 2985 Ταύτην
1691 2910 1785 2969 οὖν

1965 1841 2176 1912 σιμ-ἰαὶ.
2213 1841 2305 1896 Sic
2346 1842 2424 1895 ait
2459 1843 2536 1898 vel
2565 1843 2691 1911 quia
2727 1841 2870 1896 Deus
2905 1842 3347 1897 substantialiter
3383 1842 3471 1896 lux

1890 1943 1996 2000 est,
2028 1945 2304 2004 quatenus
2337 1935 2404 1989 iis
2435 1935 2752 1989 IiOminibus
2787 1935 2880 2003 qui
2921 1934 2973 1987 in
3007 1935 3128 2002 ipso
3173 1934 3474 1989 virtutibus

1891 2029 2009 2083 suis
2041 2029 2351 2091 ambulant,
2379 2044 2508 2082 vere
2533 2029 2624 2082 lux
2659 2027 2910 2090 eﬂicitur,
2951 2027 3034 2080 vel
3059 2028 3313 2082 tenebras
3341 2027 3476 2082 dicit

1889 2118 2194 2189 nequitiam
2229 2129 2450 2187 promer
2469 2116 2709 2172 Judaaos.

1888 2229 1957 2295 ll,
1987 2229 2039 2284 7.
2085 2229 2423 2292 Charissimi,
2470 2246 2571 2283 non
2606 2227 2915 2281 mandatum
2954 2242 3140 2280 novum
3173 2225 3346 2279 scribo
3379 2243 3470 2280 vo-
3555 2260 3557 2263 ι

1961 2303 2062 2364 bis,
2095 2300 2187 2354 sed
2236 2299 2550 2353 mandatum
2600 2309 2767 2358 vetus.
2797 2297 2934 2368 quod
2965 2295 3330 2368 habuistisab
3365 2297 3472 2368 ini:

1961 2373 2035 2453 tio
2053 2362 2082 2452 ς,
2101 2370 2415 2425 mandatum
2435 2379 2576 2424 vetus
2608 2379 2684 2423 est
2726 2362 2960 2435 verbum,
2981 2367 3120 2437 quod
3144 2365 3371 2420 audistis
3403 2362 3470 2419 ab

1961 2453 2136 2496 1111110.

1958 2550 2169 2622 Cyrilli.
2213 2549 2290 2606 De
2335 2541 2880 2614 charitate'dissero;
2907 2547 3008 2601 hoc.
3032 2546 3175 2601 enim
3198 2546 3472 2615 signiﬁcat

1888 2642 2023 2698 illud
2075 2661 2094 2694 ι
2135 2644 2282 2699 sicut
2336 2643 2454 2711 ipse
2483 2641 2789 2696 ambulavit
2827 2659 2846 2692 ι
2883 2640 2938 2693 in
2981 2639 3276 2695 charitate.
3331 2639 3468 2694 Nam

1887 2734 2032 2790 idem
2069 2735 2288 2790 dixerat
2322 2734 2440 2802 ipse
2471 2732 2736 2788 Dominus
2766 2747 2780 2782 :
2833 2751 2851 2783 ι
2904 2731 3164 2800 Majorem
3200 2732 3300 2786 hac
3331 2730 3470 2786 dile-

1886 2829 2129 2883 ctionem
2161 2841 2324 2882 nemo
2358 2826 2542 2889 habet,
2591 2835 2651 2879 ut
2678 2825 2916 2878 animam
2945 2841 3099 2880 suam
3145 2835 3308 2894 ponat
3342 2824 3468 2893 quis

1887 2936 1988 2991 pro
2042 2920 2236 2974 amicis
2297 2919 2416 2974 suis
2451 2918 2520 2972 ’⁸.
2571 2935 2591 2970 ι
2642 2915 2717 2972 De
2773 2917 3040 2972 eharitate
3100 2917 3267 2987 igitur
3317 2931 3469 2970 man-

195 3003 301 3072 τὴν
349 3003 475 3073 περὶ
513 3002 734 3072 ἀγάπης
782 3002 1004 3073 ἐντολὴν
1046 3003 1106 3056 ού
1143 3005 1340 3074 καινὴν
1380 3005 1578 3074 γράφω
1613 3005 1742 3074 ὑμῖν
1767 3021 1781 3037 ⁸

1887 3011 2077 3066 datum
2104 3026 2215 3065 non
2249 3024 2449 3064 novum
2485 3009 2674 3065 scribo
2711 3026 2724 3062 :
2752 3009 3080 3075 jamdudum
3112 3010 3257 3064 enim
3285 3023 3314 3062 a
3341 3024 3470 3079 pro-

198 3099 366 3153 πάλαι
407 3099 515 3170 γὰρ
554 3098 723 3167 αὐτὴν
753 3097 841 3151 διὰ
882 3097 990 3151 τῶν
1034 3097 1333 3168 προφητῶν
1372 3099 1740 3168 ἐπηγγείλατο
1765 3116 1779 3130 ⁸

206 3211 227 3243 ε
254 3191 328 3243 Ού
361 3189 468 3261 γὰρ
494 3187 757 3260 πρέσὸὖς,
782 3188 966 3258 φησιν,
1001 3189 1102 3241 οὐκ
1131 3188 1383 3257 ἄγγελος,
1419 3187 1533 3241 ἀλλ’
1559 3189 1722 3252 αὐτὸς
1754 3190 1784 3242 6

196 3283 406 3352 Κύριος
447 3280 649 3334 ἔσωσεν
683 3280 902 3346 αὐτοὺς,
950 3279 1038 3332 διὰ
1078 3279 1139 3332 τὸ
1179 3279 1402 3349 ἀγαπᾷν
1445 3279 1645 3342 αὐτοὺς
1689 3279 1784 3332 καὶ

197 3372 462 3442 κήδεσθαι
490 3369 690 3424 αὐτῶν.
725 3389 744 3422 ι

200 3487 253 3546 Γ
247 3484 419 3555 ρὰερω
451 3483 613 3550 ὑμῖν,
652 3483 903 3555 πατέρες
927 3500 940 3513 ’
977 3481 1192 3555 γράφω
1213 3482 1390 3555 ὑμῖν,
1428 3485 1741 3541 νεανίσκοι
1766 3501 1780 3518 ο

658 3553 863 3623 γράφω
889 3553 1051 3623 ὑμῖν,
1091 3554 1318 3609 παιδία.

270 3667 598 3735 Κυρίλλου.
652 3665 896 3730 Ἦλικίας
943 3666 1177 3722 ἐνταῦθά
1229 3686 1320 3739 μοι
1361 3671 1473 3724 νόει
1518 3671 1660 3724 κατὰ.
1690 3670 1784 3724 τὸν

198 3759 312 3820 ἔσω
340 3759 627 3832 ἄνθρωπον
653 3774 666 3788 ·
715 3759 775 3812 ού
810 3758 917 3828 γὰρ
949 3760 978 3811 6
1009 3758 1400 3834 εύαγγελιστὴς
1439 3762 1576 3834 πρὸς
1607 3762 1784 3834 βρέφη

198 3851 430 3922 ἔγραφε.
478 3852 591 3904 Kal.
620 3850 829 3904 νεανίαι
883 3850 1002 3920 μὲν,
1043 3853 1091 3904 οἱ
1142 3853 1223 3916 είς
1278 3854 1500 3926 ἀνδρίαν
1539 3854 1785 3920 ἐλθόντες

197 3945 614 4015 πνευματικήν’
665 3943 968 4014 πρεσϐῦται
1009 3944 1088 4009 δὲ,
1136 3945 1186 3997 oi
1231 3946 1310 4009 είς
1359 3949 1620 4018 φρόνησιν
1655 3947 1783 4001 ἐλά-

199 4051 438 4100 σαντες·
498 4035 684 4105 νήπιοι
734 4033 830 4100 δὲ,
884 4036 934 4088 oi
984 4035 1044 4088 ὲν
1095 4036 1320 4109 Χριστῷ
1369 4038 1493 4092 ᾶοτι
1557 4038 1784 4093 πιστεύ-

199 4143 416 4190 σαντες.

195 4240 295 4307 Μὴ
322 4239 591 4364 arcades
618 4240 1010 4319 tér_xdo'yor,
1053 4239 1211 4308 μηδὲ
1234 4240 1304 4295 τὰ
1330 4241 1400 4294 ἐν
1437 4241 1518 4308 τῷ
1553 4243 1779 4311 κόσμῳ.

282 4313 336 4363 'E
379 4329 417 4364 ν
441 4327 530 4364 τις
549 4311 751 4364 ἀγαπα
774 4309 884 4362 τὸν
903 4311 1158 4364 κόσμον.
1189 4313 1299 4364 οὐκ
1321 4311 1493 4364 ἐστιν
1518 4314 1556 4364 ἢ
1579 4313 1779 4364 ἀγάπη

379 4329 417 4364 ν

441 4327 530 4395 τις
549 4307 751 4395 circini
774 4307 894 4395 1:61:
903 4307 1158 4379 κόσμον,
1189 4313 1299 4365 οὐκ
1321 4307 1495 4366 ἔστιν
1518 4314 1556 4382 ἠ
1579 4307 1781 4382 ἀγὲίπη
1816 4341 1859 4395 D

267 4381 373 4436 τοῦ
400 4381 628 4448 Πατρός
650 4380 719 4432 ἐν
742 4380 919 4445 αὐτῷ.

267 4493 595 4562 Κυριλλου.
637 4492 749 4545 Καὶ
776 4492 828 4546 τί
866 4492 934 4546 τὰ
954 4494 1012 4546 ὲν
1049 4492 1128 4564 τῷ
1162 4493 1352 4564 κόσμῳ
1385 4493 1418 4565 ἢ
1459 4494 1776 4564 ματαιότης,

195 4587 266 4659 ἢν
299 4586 384 4639 ἐπ’
415 4584 591 4637 οὐδενὶ
629 4582 738 4636 τῶν
771 4584 1058 4654 χρησίμων
1097 4584 1328 4657 τηροῦσί
1357 4601 1539 4648 τινες;
1571 4586 1778 4654 Ἤγουν

194 4676 450 4747 ἐμμόνως
469 4673 706 4745 ὁρῶνται
730 4674 1061 4743 πράττοντες
1084 4691 1099 4706 ο
1131 4677 1159 4728 6
1181 4676 1435 4746 περιττὸς
1464 4677 1558 4730 καὶ
1587 4677 1777 4748 ἀνόνη-

191 4783 286 4830 τος
315 4765 410 4818 τοῦ
444 4763 710 4836 παρόντος
747 4764 864 4835 βίου
895 4767 1280 4836 περισπασμός
1302 4784 1318 4798 ο
1365 4769 1398 4838 ἡ
1441 4767 1549 4820 τῶν
1585 4786 1776 4840 κοσμι-

191 4855 307 4909 κῶν
343 4853 648 4923 ἐπιθυμιῶν
682 4854 992 4925 χοδαιότης.
1051 4855 1356 4926 Ἐξίστησιν
1397 4857 1542 4927 ἡμᾶς
1577 4859 1604 4911 6
1641 4861 1773 4930 Χρι-

193 4945 324 5000 στοῦ
351 4945 598 5017 μαθητὴς
619 4945 762 5000 οὕτω
778 4945 951 5016 λέγων
976 4963 990 4978 ο
1026 4948 1146 5017 «Μὴ
1166 4949 1416 5015 ἀγαπᾶτε
1437 4949 1526 5003 τὸν
1548 4951 1775 5022 κόσμον,

195 5036 334 5107 μηδὲ
356 5039 422 5091 τὰ
446 5038 503 5089 ὲν
530 5037 607 5105 τῷ
638 5037 849 5109 κόσμῳ,
880 5056 898 5089 ι
948 5037 1044 5092 καὶ
1066 5038 1137 5092 τὰ
1166 5037 1314 5109 ἑξῆς.

203 5149 514 5223 Ἀγαῖτηῖοι
537 5189 553 5215 ν
595 5149 705 5223 ἐὰν
729 5151 766 5218 ή
796 5149 1007 5223 καρδία
1031 5149 1203 5219 ἡμῶν
1226 5150 1313 5223 μὴ
1356 5151 1772 5223 καταγινώσκῃ

319 5217 509 5286 ἡμῶν,
545 5217 889 5286 παρρησίαν
920 5217 1138 5290 ἔχομεν
1167 5217 1318 5288 πρὸς·
1343 5223 1448 5274 τὸν
1483 5217 1650 5276 Θεόν.

265 5312 594 5378 Κυρίλλου.
625 5311 770 5374 Ἕως
797 5304 849 5363 εἴ
879 5313 1018 5366 κατὰ
1041 5313 1131 5367 τὸν
1155 5314 1268 5384 βίον
1294 5312 1501 5377 τοῦτον,
1523 5313 1640 5376 ὁδὸς
1663 5313 1771 5385 γὰρ

269 5470 316 5501 ⁷⁵
346 5466 506 5524 Joan.
547 5484 643 5534 xv,
675 5469 765 5524 l3.
841 5467 889 5498 "
921 5467 1024 5523 lsa.
1066 5485 1197 5523 mu
1224 5511 1237 5535 ,
1270 5469 1323 5524 9.

267 5603 346 5673 (1)
382 5601 458 5658 De
486 5603 680 5676 hocet
711 5619 838 5659 mox
860 5603 1122 5676 sequenti
1148 5604 1238 5676 gat!
1273 5620 1416 5676 vers.
1454 5607 1520 5662 15
1545 5622 1666 5676 cap.
1702 5609 1764 5676 ιι)

191 5671 527 5744 fragmento,
572 5672 707 5744 vider
741 5674 895 5729 card.
950 5671 1092 5744 Aug.
1144 5674 1244 5728 Mai
1295 5671 1675 5732 Pra‘l‘atitmcin
1711 5671 1766 5731 iu

193 5743 332 5798 tum.
380 5743 445 5798 Ill
495 5743 743 5799 Biblioth.
791 5761 933 5800 nova:
968 5743 1213 5806 Patrum.
1260 5763 1379 5816 qua:
1420 5757 1596 5804 exstat
1629 5749 1768 5805 inter

1887 3102 2049 3172 pheta
2085 3101 2356 3172 prolatum
2393 3109 2473 3154 est
2509 3099 2729 3154 dicente
2758 3115 2772 3150 :
2805 3117 2823 3150 ι
2854 3098 2972 3153 Νοιι
3023 3100 3254 3170 legatus,
3289 3116 3470 3170 neque

1886 3194 2138 3263 angelus,
2163 3193 2256 3248 sed
2292 3193 2414 3261 ipse
2449 3189 2717 3245 Dominus
2744 3191 2988 3247 servavit
3016 3206 3133 3256 eos,
3163 3192 3310 3263 quod
3342 3193 3471 3247 dili-

1885 3293 2036 3356 geret
2066 3299 2162 3340 eos
2189 3291 2244 3337 et
2273 3282 2589 3338 consuleret
2614 3283 2694 3338 eis
2715 3283 2780 3338 ".
2815 3301 2834 3336 ι

1885 3482 1952 3548 ll,
1986 3482 2070 3536 15.
2110 3481 2297 3537 Scriba
2335 3479 2501 3543 vobis,
2527 3489 2734 3547 patres;
2763 3477 2936 3533 scribo
2968 3478 3134 3534 vobis.
3159 3478 3468 3535 adolescen-

2287 3560 2393 3615 tes;
2432 3550 2604 3604 scribo
2629 3551 2793 3612 vobis,
2827 3549 3078 3618 infantes.

1957 3665 2168 3738 Cyrilli.
2199 3663 2412 3719 Etates
2442 3664 2546 3717 hoc
2575 3659 2696 3717 loco
2729 3678 2941 3718 meeum
2983 3662 3226 3733 intellige
3268 3679 3467 3719 secun-

1886 3757 2014 3813 dum
2053 3757 2369 3812 interiorem
2397 3755 2672 3811 hominem
2702 3773 2717 3822 ;
2753 3771 2929 3826 neque
2959 3755 3103 3810 enim
3132 3756 3466 3827 evangelista

1887 3847 1952 3902 ad
1977 3845 2214 3902 infantes
2247 3847 2537 3903 scriberet.
2572 3845 2637 3901 Et
2670 3847 3054 3903 adolescentes
3087 3846 3306 3916 quidem
3338 3853 3466 3902 sunt

1885 3939 1978 4008 qni
2029 3939 2097 3991 ad
2141 3937 2441 4008 spiritalem
2477 3936 2785 3992 ﬁrmitatem
2830 3946 3232 4007 pervenerant;
3283 3953 3465 4003 senes,

1886 4031 1978 4102 qui
2036 4029 2382 4102 prudentiam
2439 4026 2727 4086 assecuti:
2783 4027 3024 4084 infantes
3059 4029 3318 4098 denique,
3369 4028 3464 4100 qui

1885 4140 2062 4195 nuper
2090 4123 2459 4178 crediderant.

1886 4239 1950 4304 ll,
1985 4239 2071 4294 15.
2111 4237 2294 4292 Nolite
2342 4237 2560 4308 diligere
2616 4236 2894 4298 mundum,
2937 4253 3098 4308 neque
3149 4255 3212 4291 ea
3244 4255 3362 4307 qua:
3411 4239 3464 4292 in

1959 4311 2157 4363 mundo
2191 4317 2334 4362 sunt.
2371 4307 2573 4377 Siquis
2603 4307 2778 4376 diligit
2808 4307 3084 4371 mundum,
3113 4326 3215 4362 non
3245 4319 3320 4362 est
3348 4309 3456 4363 cha-

1959 4381 2090 4434 τίτας
2114 4379 2298 4432 Patris
2325 4379 2379 4430 in
2404 4394 2481 4432 eo.

1957 4486 2171 4558 Cyr-illi.
2204 4484 2345 4552 Quid
2372 4502 2435 4539 ea
2463 4502 2583 4556 qua:
2608 4487 2659 4542 in
2691 4488 2892 4542 mundo
2919 4500 3117 4560 praeter
3139 4491 3460 4554 vanitatem,

1883 4581 1974 4637 cui
2009 4581 2196 4650 plures
2245 4579 2454 4650 absque
2500 4581 2739 4636 utilitate
2778 4581 3102 4652 indulgent?
3127 4582 3460 4639 Constanter

1880 4673 2134 4728 videlicet
2167 4671 2419 4725 laborare
2453 4670 2726 4736 videntur,
2771 4673 2867 4726 sed
2901 4673 3179 4743 superﬂuo
3210 4682 3264 4729 et
3311 4674 3460 4729 inani

1880 4765 2070 4820 labore
2093 4763 2262 4817 vitam
2296 4761 2616 4817 distrahunt
2648 4777 2826 4828 suam,
2859 4771 2914 4818 et
2952 4764 3154 4818 vilibus
3183 4764 3457 4835 cupidita-

1877 4857 2032 4912 tibus
2066 4853 2393 4908 inserviunt.
2438 4852 2554 4908 Non
2611 4853 2885 4908 inunerito
2934 4854 3105 4926 igitur
3137 4871 3239 4911 nos
3284 4857 3353 4911 ab
3378 4857 3459 4912 eis

1881 4949 2120 5004 deterret
2151 4945 2354 5001 Christi
2386 4945 2692 5015 discipulus
2717 4945 2931 5002 dicens:
2965 4965 2983 4998 ι
3018 4947 3200 5003 Nolite
3231 4950 3458 5022 diligere

1884 5040 2175 5104 mundum,
2208 5053 2386 5109 neque
2413 5053 2476 5092 ea
2511 5053 2633 5107 qua:
2661 5039 2714 5091 in
2752 5040 2954 5094 mundo
2981 5048 3132 5105 sunt,
3165 5060 3184 5094 ›
3207 5050 3313 5096 etc.

1882 5151 1978 5217 Ill,
2009 5149 2100 5205 21.
2131 5149 2472 5222 Charissimi,
2493 5150 2550 5222 si
2591 5161 2949 5222 cornostrum
2981 5169 3084 5205 non
3120 5154 3444 5222 reprehende-

2091 5220 2162 5273 rit
2192 5236 2308 5284 nos,
2339 5221 2591 5290 ﬁduciam
2618 5221 2868 5276 habemus
2891 5222 3031 5292 apud
3054 5220 3242 5279 Deum.

1953 5309 2166 5383 Cyrilli.
2191 5311 2446 5378 Quandiu
2472 5312 2576 5367 hac
2607 5311 2661 5367 in
2694 5313 2802 5368 vita
2826 5312 2996 5370 fueris
3027 5317 3177 5382 (nam
3205 5317 3314 5370 vita
3343 5331 3450 5371 non

1875 5603 2266 5674 Prolegomena
2296 5603 2360 5658 ad
2395 5603 2601 5658 hancce
2646 5617 2842 5657 novam
2889 5603 3189 5674 editionem
3231 5601 3444 5674 Cyrilli,

1876 5677 1983 5732 col.
2024 5673 2146 5730 105.
2176 5703 2245 5714 -
2277 5675 2503 5745 Reliqua
2533 5674 2842 5744 suppeditat
2875 5683 3066 5729 catena
3093 5673 3443 5730 Crameriana

1877 5747 2069 5802 annii
2099 5746 2245 5801 edita
2276 5762 2420 5801 anno
2453 5745 2604 5801 I840.
2650 5746 2808 5799 Ευιτ.
