4098 6458
644 302 782 361 16Ιῦ

1610 316 1669 372 S.
1703 315 1974 375 CYBILLI
2011 318 2484 383 ALEXANDRINI
2522 327 2843 388 ARCHIEP.

3771 332 3891 389 1016

641 425 1038 497 redemptionis
1082 438 1290 487 nostrae
1336 442 1547 490 natura:
1581 439 1729 507 leges
1758 440 2083 513 plerumque
2119 457 2194 498 ex

2324 448 2497 503 πλείω
2548 452 2649 522 τῆς
2692 453 2815 507 καθ’
2859 453 3006 525 ἡμᾶς
3057 452 3367 523 οἰκονομίας
3412 450 3553 523 ὑπὲρ
3603 448 3770 519 φύσιν
3814 451 3892 502 καὶ

640 517 806 583 cedit,
836 527 892 573 et
932 521 1022 575 vix
1066 526 1246 593 possit
1294 529 1565 583 enarrari.
1607 528 2079 596 Quemadmodum
2116 535 2221 607 igi-

640 617 732 663 tur
763 611 849 667 his
886 612 939 667 in
970 616 1135 672 terris
1180 616 1435 674 Christus
1493 636 1664 677 carne
1716 634 1971 694 suscepta
2024 640 2218 683 omnes

637 716 794 770 aeque
825 705 1099 762 allocutus
1132 718 1235 776 est,
1266 711 1556 769 credentes
1608 724 1790 770 autem
1832 718 1886 772 in
1942 733 2066 773 eum
2101 735 2219 775 ser-

639 794 748 847 vati
793 808 923 851 sunt
962 807 1176 854 tantum
1208 820 1221 869 ;
1263 805 1338 856 ita
1371 814 1425 860 et
1464 807 1529 861 ad
1564 807 1815 865 infernos
1843 810 2213 877 descendens,

637 884 762 940 illos
816 888 977 943 modo
1010 892 1105 961 qui
1139 894 1497 950 crediderunt
1531 914 1770 969 eumque
1807 912 2154 972 agnoverunt
2184 919 2215 958 a

635 978 834 1034 mortis
864 981 1103 1040 vinculis
1143 986 1421 1043 liberavit.
1459 988 1578 1044 Non
1610 993 1904 1047 valuerunt
1942 995 2088 1049 enim
2120 1010 2215 1067 op-

634 1072 880 1138 parentis
928 1074 1021 1130 Dei
1054 1077 1408 1146 splendorem
1464 1084 1741 1139 sustinere
1783 1085 1983 1140 animae
2019 1101 2211 1143 eorum

633 1159 727 1229 qui
764 1161 866 1217 hac
923 1164 977 1220 in
1014 1168 1122 1221 vita
1184 1168 1455 1226 idolorum
1515 1174 1688 1229 cultui
1744 1175 2130 1243 inservierant,
2159 1187 2215 1235 et

632 1249 819 1319 impiis
848 1252 1195 1324 libidinibus,
1227 1261 1384 1330 quasi
1436 1262 1670 1319 fuissent
1704 1267 2030 1323 carnalibus
2087 1268 2212 1325 istis

628 1342 1025 1410 cupiditatibus
1059 1349 1341 1407 obcaecati.
1378 1356 1773 1419 Quamobrem,
1810 1373 1910 1413 nec
1941 1372 2069 1414 eum
2100 1360 2210 1417 fide

630 1436 890 1504 prosequi
917 1447 1250 1506 potuerunt,
1277 1445 1371 1515 qui
1403 1445 1528 1501 ideo
1560 1447 1808 1503 infernos
1831 1449 1965 1504 adiit
2000 1458 2060 1505 ut
2089 1466 2209 1507 om-

629 1540 730 1581 nes
776 1540 1040 1598 quantum
1084 1533 1137 1587 in
1195 1535 1318 1605 ipso
1375 1546 1499 1593 erat
1534 1549 1798 1606 servaret,
1841 1542 2048 1612 quique
2085 1558 2208 1599 om-

627 1616 794 1673 nibus
836 1636 942 1675 una
991 1623 1406 1693 praedicavit,et
1431 1631 1673 1700 seipsum
1700 1632 1866 1687 simul
1906 1634 2205 1704 benignum

627 1714 684 1758 et
709 1706 916 1774 justum
953 1714 1205 1782 praebuit.
1234 1716 1352 1772 Non
1408 1708 1665 1776 incusent
1698 1724 1863 1794 igitur
1893 1728 2036 1783 alios
2064 1747 2205 1799 prae-

2324 538 2621 609 παράδοσιν
2646 558 2660 571 ο
2688 542 2941 613 καθάπερ
2960 535 3053 595 οὖν
3082 541 3356 611 ὁμοτίμοις
3387 541 3522 592 πᾶσι
3548 541 3663 601 τοῖς
3692 538 3785 592 ἐπὶ
3804 537 3894 606 γῆς

2320 629 2409 683 διὰ
2439 630 2540 701 τῆς
2588 634 2856 705 ὲνσάρκου
2889 634 3191 704 παρουσίας
3221 631 3493 701 ἐπεφώνει
3525 630 3784 700 Χριστὸς,
3812 631 3892 682 καὶ

2320 723 2370 775 οί
2400 723 2792 790 πιστεύσαντες
2833 725 3193 798 ὠφελήθησαν
3218 740 3236 756 ·
3284 722 3431 777 οὕτω
3460 723 3555 776 καὶ
3582 721 3673 774 διὰ
3706 720 3804 789 τῆς
3825 722 3893 784 εἰς

2319 813 2445 885 ᾅδου
2467 815 2845 885 καταϐάσεως,
2871 818 2999 881 τοὺς
3023 817 3377 879 πιστεύοντας
3403 815 3497 868 καὶ
3522 812 3893 881 ἐπεγνωκότες

2319 906 2484 959 αὑτὸν
2521 907 2865 979 ἠλευθέρωσε
2894 910 3003 963 τῶν
3034 908 3129 962 τοῦ
3162 907 3397 963 θανάτου
3430 905 3672 975 δεσμῶν.
3706 905 3774 956 Αἱ
3800 906 3893 972 γὰρ

2315 997 2425 1051 τῶν
2494 1000 2554 1051 ὲν
2607 998 3044 1072 εἰδωλολατρίαις
3098 1000 3191 1054 καὶ
3254 998 3539 1069 ἀθεμίτοις
3591 994 3893 1062 ἀσελγείαις

2317 1091 2630 1163 βιωσάντων
2649 1092 2841 1163 ψυχαὶ,
2870 1095 2988 1156 ταῖς
3008 1093 3297 1163 σαρκικαῖς
3315 1087 3725 1160 προσπαθείαις
3748 1084 3891 1139 οἱονεὶ

2315 1185 2794 1255 ἀποτυφλωθεϊσαι
2819 1227 2834 1250 ,
2888 1184 3026 1256 πρὸς
3072 1184 3170 1247 τὰς
3212 1185 3314 1252 τῆς
3362 1180 3690 1249 θεοφανείας
3733 1175 3889 1243 αὖτάς

2316 1275 2535 1345 βλέπειν
2567 1278 2666 1330 οὐκ
2697 1280 2880 1347 ίσχυον
2905 1318 2920 1342 ,
2973 1276 3061 1330 ἵνα
3105 1275 3202 1328 καὶ
3249 1271 3459 1335 πιστῶς
3502 1272 3783 1338 ὲπιγνοῖεν
3812 1266 3889 1319 τὸν

2313 1365 2406 1418 ἐπὶ
2446 1365 2526 1436 τῷ
2572 1367 2780 1429 πάντας
2827 1364 3217 1436 ἐλευθερῶσαι,
3251 1362 3311 1416 τό
3359 1380 3423 1431 γε
3455 1363 3543 1415 ἐπ’
3578 1358 3758 1428 αὐτῷ,
3791 1358 3890 1417 τοῖς

2312 1458 2687 1527 καταχθονίοις
2711 1458 3062 1528 ἐπιφανέντα,
3088 1456 3352 1525 καὶκοινῇ
3384 1454 3517 1508 πᾶσι
3546 1450 3887 1522 κηρύξαντα.

2312 1550 2407 1602 καὶ
2443 1549 2583 1619 μετὰ
2609 1549 2703 1603 τοῦ
2740 1549 3125 1621 φιλανθρώπου
3168 1548 3261 1601 καὶ
3294 1549 3356 1601 τὸ
3387 1546 3597 1599 δίκαιον
3627 1541 3889 1597 ἐνδεικνύ-

2314 1656 2474 1711 μενον
2498 1658 2509 1670 ·
2545 1641 2631 1694 ἵνα
2659 1642 2709 1695 οἱ
2737 1641 2838 1711 τῆς
2865 1640 3123 1710 τοιαύτης
3151 1636 3470 1710 εὐεργεσίας
3498 1634 3884 1699 ἀτοοπεσόντες,

2311 1731 2451 1798 σφᾶς
2497 1730 2695 1794 αὐτοὺς
2742 1731 2915 1802 ἔχοιεν
2961 1729 3262 1797 αἰτιᾶσθαι,
3308 1730 3403 1782 τὸν
3434 1724 3775 1798 δημιουργὸν
3802 1725 3887 1776 καὶ

629 1801 713 1849 ter
737 1797 951 1868 seipsos
976 1841 990 1863 ,
1026 1804 1118 1871 qui
1152 1806 1356 1874 rejecto
1399 1817 1557 1864 tanto
1603 1812 1905 1877 beneﬁcio.
1938 1797 2194 1875 derelicto

2306 1797 2399 1875 τδν
2426 1823 2547 1876 τῶν
2565 1823 2704 1877 ὅλων
2750 1797 2882 1877 Θεὸν
2914 1821 3292 1884 ἀπολιπόντες,
3323 1819 3420 1872 καὶ
3448 1797 3673 1887 δαίμοσι
3705 1831 3883 1885 μισανο

625 1898 812 1941 rerum
844 1893 1087 1948 omnium
1122 1897 1413 1954 conditore
1439 1909 1495 1955 et
1546 1904 1799 1969 Domino,
1835 1908 2068 1967 infensis
2095 1911 2205 1967 dae—

625 1978 883 2035 monibus
922 1997 982 2038 se
1023 1986 1323 2057 tradentes,
1354 1992 1585 2049 istorum
1616 1996 1682 2051 ad
1714 1999 2004 2056 arbitrium
2031 2004 2199 2060 vitam

624 2081 780 2122 suam
808 2071 1187 2133 instituerunt.

621 2176 710 2242 IV.
745 2182 1057 2269 i.__Cl3risto
1093 2191 1261 2269 igitur
1283 2212 1442 2269 passo
1487 2198 1541 2251 in
1588 2215 1769 2263 carne,
1808 2210 1856 2253 et
1901 2217 1989 2256 vos
2016 2204 2195 2258 eadem

691 2263 1008 2338 {agitatione
1030 2263 1318 2338 armamini
1335 2284 1354 2332 ;
1377 2269 1501 2337 quia
1530 2271 1617 2338 qui
1645 2285 1832 2337 passus
1862 2282 1940 2325 est
1964 2274 2016 2326 in
2039 2291 2198 2330 carne

689 2322 843 2376 desiit
872 2342 903 2379 a
930 2332 1185 2396 peccatis.

690 2434 900 2505 (ἕψεαι.
934 2439 1311 2501 Recordemur
1353 2449 1520 2519 igitur
1549 2461 1767 2523 oportet
1821 2456 1913 2512 Dei
1949 2457 2196 2516 Verbum

614 2525 721 2583 hac
788 2530 841 2584 in
892 2540 1039 2589 terra
1096 2551 1267 2595 carne
1316 2540 1579 2600 libentius
1625 2561 1852 2615 passum
1906 2565 2050 2607 esse.
2102 2551 2196 2609 Sic

613 2619 759 2672 enim
798 2622 1056 2693 baptizati
1091 2643 1284 2686 sumus
1315 2633 1372 2687 in
1402 2646 1575 2692 morte
1604 2638 1723 2707 ejus
1757 2641 1822 2696 θ’.
1878 2641 2013 2699 Nam
2047 2662 2192 2703 unus

612 2708 869 2781 idemque
894 2711 1066 2772 Filius
1092 2718 1249 2787 juxta
1278 2721 1518 2777 divinam
1542 2736 1801 2782 naturam
1834 2731 1943 2800 pati
1976 2736 2188 2803 nequit,

606 2800 765 2870 juxta
800 2804 1094 2863 humanam
1128 2827 1261 2867 vero
1290 2816 1529 2869 cruciari
1560 2828 1762 2889 potest.

681 2892 888 2963 Cyrilli.
921 2897 1056 2953 Cum
1093 2903 1234 2960 Deus
1265 2906 1338 2960 sit
1376 2906 1655 2972 Christus,
1682 2913 1957 2981 sapienter
1982 2923 2036 2970 et
2061 2925 2188 2986 apte

608 2981 741 3038 dicit
778 3002 901 3040 eum
930 2991 1241 3062 discipulus
1274 3011 1444 3054 carne
1472 3000 1643 3057 fuisse
1668 3004 2082 3071 mortilicatum,
2108 3008 2188 3063 di-

606 3078 893 3135 vinitatem
930 3083 1053 3153 ejus
1084 3088 1152 3142 ab
1175 3090 1325 3143 omni
1354 3092 1498 3146 malo
1534 3092 1834 3150 immunem
1865 3097 2178 3165 declarans,

605 3184 732 3238 quae
765 3171 975 3230 doloris
1010 3191 1240 3246 prorsus
1269 3194 1484 3251 expers.
1518 3182 1627 3238 Sua
1650 3185 1818 3255 igitur
1854 3202 2019 3243 carne
2053 3205 2183 3260 pas-

605 3274 728 3314 sum
782 3271 867 3317 est
909 3264 999 3319 Dei
1045 3266 1285 3324 Verbum
1314 3311 1328 3334 ,
1386 3272 1516 3328 licet
1553 3290 1651 3344 per
1680 3291 1739 3331 se
1778 3282 1886 3347 pati
1922 3290 2179 3349 nequeat.

604 3350 749 3407 Deus
778 3368 911 3426 ergo
938 3356 1218 3425 Christus,
1256 3362 1549 3420 divinitate
1585 3368 1777 3423 mortis
1828 3384 2045 3440 expers.
2082 3374 2183 3428 hu-

605 3446 876 3503 manitate
904 3458 1084 3506 autem
1117 3454 1282 3507 morti
1319 3456 1613 3513 obnoxius.

602 3553 694 3622 IV,
733 3557 818 3613 ll.
850 3558 912 3615 Si
944 3564 1061 3632 quis
1101 3566 1391 3645 mittistrat,
1429 3577 1682 3645 taqquam
1718 3587 1785 3625 ex
1809 3575 2000 3628 virtute
2021 3591 2181 3645 quam

1119 3635 1460 3692 administrat
1488 3635 1649 3695 Deus.

672 3737 886 3809 Cyrilli.
932 3744 1037 3810 Qui
1092 3746 1235 3802 alios
1274 3746 1514 3820 hospitio
1574 3752 1877 3821 excipiunt,
1926 3754 2081 3810 laetos
2120 3771 2181 3811 se

600 3831 881 3899 praebeant
924 3844 979 3890 et
1008 3838 1314 3903 studiosos,
1369 3857 1477 3897 non
1528 3852 1636 3898 tam
1690 3844 1758 3900 de
1795 3847 1911 3901 suis
1963 3846 2176 3917 largiri,

601 3935 766 3990 quam
800 3925 871 3981 ab
893 3927 1015 3984 aliis
1035 3928 1218 4000 juvari
1252 3932 1563 3990 videantur.
1592 3936 1772 4007 Atque
1809 3937 1913 3993 hoc
1953 3939 2177 4008 quidem

599 4013 807 4084 duplici
858 4019 1072 4078 ratione
1101 4041 1115 4078 :
1164 4025 1401 4095 primum
1431 4026 1577 4082 enim
1601 4028 1879 4099 hospitum
1914 4031 2179 4088 societate

599 4105 882 4174 fruuntur,
912 4119 967 4165 et
998 4112 1123 4168 dein
1156 4115 1382 4187 insuper
1405 4119 1711 4174 mercedem
1744 4130 2028 4177 merentur
2050 4121 2181 4179 bos-

598 4197 909 4267 pitalitatis.
946 4202 1102 4269 Quod
1127 4208 1174 4262 si
1208 4206 1433 4265 fratrem
1465 4210 1707 4283 hospitio
1728 4214 2029 4283 receperis,
2064 4215 2177 4270 noli

599 4287 893 4358 multiplici
930 4293 1241 4351 ministerio
1265 4299 1483 4363 diverti,
1505 4316 1603 4355 uec
1634 4301 1858 4358 aﬂectes
1888 4320 2011 4376 quae
2030 4306 2176 4361 vires

599 4388 724 4433 tuas
758 4387 813 4434 et
856 4383 1147 4440 utilitatem
1179 4402 1459 4458 superant.
1484 4390 1672 4447 Taedio
1695 4396 1844 4449 enim
1876 4411 2092 4466 semper
2122 4407 2177 4453 et

2307 1910 2543 1981 θρώποις
2565 1911 2967 1977 δουλεύσαντες,
2998 1912 3097 1966 καὶ
3119 1912 3196 1976 ὡς
3223 1909 3456 1972 ἐκείνοις
3485 1907 3649 1978 φίλον
3680 1905 3882 1976 ὑπῆρχε

2302 2001 2711 2067 διαϐιώσαντες.

2300 2200 2560 2280 Χρισζοῦ
2588 2196 2718 2280 ,οὖν
2742 2203 3062 2280 -πᾳθόῖτος
3106 2200 3257 2280 ὑπέρ
3286 2198 3498 2280 Δῂμῶν·Δ
3536 2196 3746 2265 σαρκί,
3777 2198 3875 2280 ,καί

2345 2271 2515 2342 ὑμεῖς
2543 2272 2658 2340 τὴν
2686 2271 2884 2341 αὐτὴν
2907 2271 3155 2325 ἔννοιαν
3186 2271 3552 2334 ὁπλίσασθε,
3595 2286 3651 2322 κ.
3686 2284 3741 2322 τ.
3777 2271 3824 2321 λ.

2369 2451 2695 2518 Κυρίλλου.
2735 2450 2944 2504 Οὐκοῦν
2965 2448 3178 2518 ἀνάγκη
3201 2449 3360 2511 νοεῖν,
3385 2448 3467 2503 ὅτι
3493 2444 3743 2515 γεγονὼς
3763 2446 3872 2499 καθ’

2297 2541 2444 2611 ἡμᾶς
2472 2540 2500 2592 ό
2532 2539 2624 2591 τοῦ
2655 2538 2789 2591 Θεοῦ
2815 2539 2985 2607 Λόγος
3022 2537 3186 2608 σαρκὶ
3216 2536 3487 2589 πέπονθεν
3516 2534 3685 2589 ἑκών.
3719 2534 3877 2588 856a-

2295 2631 2572 2700 πτίσμεθα
2599 2629 2708 2701 γὰρ
2736 2629 2907 2692 οὕτως
2941 2632 3019 2692 εἰς
3049 2630 3140 2682 τὸν
3171 2628 3336 2683 αὐτοῦ
3368 2628 3625 2690 θάνατον,
3653 2627 3731 2687 ὡς
3766 2624 3874 2689 ἑνὸς

2293 2725 2445 2787 ὄντος
2474 2722 2625 2787 Υίοῦ,
2681 2720 2821 2775 κατὰ
2858 2721 2954 2790 μὲν
2986 2721 3085 2791 τὴν
3115 2720 3214 2788 τῆς
3244 2719 3497 2789 θεότητος
3538 2719 3707 2786 φύσιν
3738 2719 3872 2771 ἁπα-

2293 2816 2438 2877 θοῦς,
2476 2812 2718 2884 παθητοῦ
2747 2813 2803 2865 δὲ
2831 2811 2972 2865 κατὰ
3005 2810 3105 2881 τὴν
3140 2810 3340 2880 σάρκα.

2360 2907 2687 2973 Κυρίλλου.
2721 2904 2809 2967 Ὠς
2837 2904 2945 2973 γὰρ
2968 2904 3303 2974 ὑπάρχοντος
3326 2899 3459 2953 Θεοῦ
3485 2899 3583 2953 τοῦ
3616 2899 3871 2970 Χριστοῦ,

2291 2999 2470 3065 σοφῶς
2513 2998 2607 3050 καὶ
2657 2994 2945 3067 ἐμφρόνως
2981 2997 3009 3048 ὁ
3057 2993 3304 3065 μαθητὴς
3350 2992 3516 3064 σαρκὶ⁵
3545 2990 3874 3044 πεπονθέναι

2289 3092 2455 3161 φησὶν
2499 3088 2681 3152 αὐτὸν,
2728 3086 3013 3155 ύπεξάγων
3056 3085 3150 3138 τοῦ
3206 3084 3399 3138 παθεῖν
3427 3084 3527 3154 τὴν
3560 3084 3872 3153 ἀπόρρητον

2288 3179 2471 3249 φύσιν,
2497 3172 2566 3250 ἧς
2596 3176 2873 3247 ἀλλότριον
2906 3176 2965 3227 τὸ
2998 3173 3211 3228 παθεῖν.
3259 3173 3392 3244 ’ἰδίᾳ
3419 3172 3605 3226 τοίνυν
3639 3170 3869 3224 πέπονθε

2288 3271 2478 3341 σαρκὶ,
2509 3269 2692 3322 καίτοι
2725 3265 2820 3321 τοῦ
2868 3265 3060 3319 παθεῖν
3094 3266 3343 3336 ἀμοιρεῖν
3393 3263 3711 3332 είθισμένος
3751 3264 3779 3314 ὁ
3811 3263 3869 3313 ἐκ

2284 3364 2421 3417 Θεοῦ
2469 3362 2662 3430 Λόγος.
2697 3360 2831 3423 Θεὸς
2857 3355 2951 3412 οὖν
2999 3357 3109 3429 ἀρα
3158 3359 3187 3411 ὁ
3234 3357 3491 3426 Χριστὸς,
3541 3354 3747 3417 θεῖκῶς
3778 3354 3868 3425 μὲν

2284 3455 2526 3525 ἀπαθὴς,
2556 3451 2800 3523 παθητὸς
2825 3451 2883 3504 δὲ
2915 3450 3054 3504 κατὰ
3084 3449 3182 3520 τὴν
3214 3450 3413 3518 σάρκα.

2284 3571 2358 3627 Et
2377 3589 2467 3637 τις
2491 3566 2777 3633 διακονεῖ,
2814 3568 2893 3633 ὡς
2928 3566 2997 3631 ἐξ
3029 3565 3243 3635 ἰσχύος
3266 3560 3341 3635 ἧς
3364 3561 3619 3633 χορηγεῖ
3638 3563 3672 3615 ὀ
3708 3561 3865 3625 Bede.

2353 3749 2678 3817 Κυριλλου.
2704 3745 2768 3799 υἱ
2794 3742 2893 3815 τὴν
2915 3742 3099 3797 ἑστίαν
3121 3740 3439 3811 εὐρύνοντες
3467 3740 3869 3794 ὑπαντάτωσαν

2285 3842 2478 3915 ἱλαροὶ,
2530 3837 2824 3909 πρόθυμοι,
2870 3834 2969 3904 οὐχ
3000 3833 3076 3897 ὡς
3118 3832 3351 3896 διδόντες
3396 3850 3448 3886 τι
3484 3831 3711 3904 μᾶλλον,
3761 3831 3870 3884 ἀλλι

2281 3935 2356 3998 ὡς
2380 3931 2533 3989 αὐτοὶ
2560 3928 2856 4000 ληψόμενοι
2883 3924 3026 3980 κατὰ
3050 3924 3227 3979 διττὸν
3250 3924 3453 3997 τρόπον
3476 3941 3490 3955 ’
3525 3922 3750 3994 πρῶτον
3776 3924 3871 3993 μὲν

2280 4024 2390 4095 γὰρ
2417 4024 2536 4085 ταῖς
2565 4021 2717 4091 παρὰ
2735 4018 2845 4072 τῶν
2879 4016 3237 4087 ξενιζομένων
3269 4018 3659 4088 ἐντρυφήσωσι
3680 4032 3872 4067 συντυ-

2279 4116 2427 4188 χίαις
2452 4129 2467 4143 ⁸
2514 4108 2632 4167 εἶτα
2662 4110 2801 4182 πρὸς
2824 4108 2984 4163 τοῦτο
3014 4109 3109 4163 καὶ
3141 4108 3236 4163 τὸν
3261 4109 3361 4179 τῆς
3394 4106 3708 4176 φιλοξενίας
3738 4124 3871 4175 κερ-

2277 4208 2499 4263 δανοῦσι
2534 4203 2750 4276 μισθόν.
2786 4202 3075 4273 Δεχόμενοι
3115 4201 3175 4255 δὲ
3219 4203 3300 4264 εἰς
3328 4200 3516 4253 ἑστίαν
3548 4199 3681 4261 τοὺς
3710 4198 3870 4251 ἀδελο

2280 4302 2435 4369 φοὺς.
2474 4298 2550 4370 μὴ
2581 4294 3043 4367 περισπάσθωσαν
3072 4292 3203 4363 περὶ
3230 4290 3429 4362 πολλὴν
3456 4290 3766 4354 διακονίαν,
3795 4288 3867 4358 μὴ

2279 4387 2616 4459 ζητείτωσαν
2664 4385 2731 4438 τὰ
2770 4384 2911 4455 ὑπὲρ
2959 4384 3114 4453 χεῖρα
3156 4383 3251 4436 καὶ
3280 4381 3492 4453 χρείαν.
3545 4381 3728 4434 Λυπεῖ
3758 4378 3868 4448 γὰρ

596 4469 803 4540 ubique
846 4473 995 4542 quod
1043 4478 1383 4546 superfluum
1416 4499 1431 4547 ;
1470 4482 1574 4537 hoc
1613 4484 1797 4538 studia
1840 4493 1934 4538 tua
1967 4486 2172 4541 restin-

2297 4478 2557 4549 πανταχοῦ
2591 4480 2651 4531 ὲν
2679 4477 2842 4529 παντὶ
2883 4476 3170 4545 πράγματι
3199 4474 3259 4527 τὸ
3292 4472 3549 4542 περιττόν
3571 4488 3585 4503 ο
3633 4469 3863 4539 ἐνεργά-

593 4570 789 4627 gucret
824 4574 880 4618 et
925 4564 1241 4637 hospitibus
1289 4568 1430 4626 foret
1478 4573 1657 4628 oneri.
1723 4573 1843 4629 Non
1898 4575 2173 4646 hospitem

595 4652 696 4707 tibi
747 4665 971 4725 reputes
1002 4662 1248 4728 penuriae
1277 4672 1370 4717 aut
1403 4663 1827 4720 tribulationum
1867 4676 1964 4721 aut
2015 4666 2173 4723 infir-

593 4744 803 4803 mitatis
837 4763 1086 4817 causam,
1120 4753 1217 4809 sed
1250 4753 1331 4810 vel
1367 4754 1425 4809 in
1484 4758 1756 4826 angustiis
1788 4757 2067 4814 liberalem
2118 4765 2172 4814 te

593 4835 927 4897 demonstra.

667 5100 713 5132 “
746 5102 905 5159 Rom.
939 5120 1017 5172 v1,
1053 5104 1109 5161 5.

2277 4570 2430 4635 ζεται
2462 4569 2560 4640 μὲν
2587 4569 2699 4629 τοῖς
2724 4566 3019 4635 φιλοξενεῖν
3048 4564 3347 4627 ἐθέλουσιν,
3380 4563 3542 4616 ὄκνον
3565 4578 3579 4590 ·
3610 4563 3861 4630 κάματος

2275 4662 2334 4716 δὲ
2358 4664 2471 4726 τοῖς
2495 4659 2848 4729 ἑστιωμένοις
2880 4656 3214 4724 εὑρίσκεται.
3252 4657 3343 4726 Μὴ
3374 4654 3529 4719 ξένον
3560 4654 3639 4724 (1)
3674 4653 3859 4706 τοῦτον

2276 4754 2534 4826 νομίσητε
2568 4751 2883 4821 συμϐαίνειν
2911 4750 3041 4820 ὑμῖν
3074 4748 3169 4802 irai.
3203 4746 3569 4817 στενοχωρξας
3611 4746 3707 4799 καὶ
3748 4744 3857 4796 θλί-

2273 4845 2396 4915 ψεις
2422 4843 2518 4899 καὶ
2540 4842 2852 4915 ἀρρωστίας
2887 4840 3206 4908 σωματικάς
3228 4856 3242 4870 ·
3271 4839 3385 4893 ἀλλ’
3417 4840 3475 4891 ὲν
3500 4839 3617 4902 τοῖς
3642 4835 3854 4890 δοκοῦσι

2275 4935 2564 5007 δυσχερέσι
2589 4935 2649 4987 τὸ
2680 4933 2902 5005 δόκιμον
2934 4932 3290 4998 ἐπιδείξασθε,

663 5259 741 5327 (Ι)
782 5256 837 5311 In
881 5276 1054 5329 marg.
1102 5259 1358 5330 πρόξενον
1411 5274 1521 5315 sec.
1564 5274 1710 5312 man.
1745 5258 1994 5331 quaedam
2027 5270 2176 5317 certe

2297 5259 2564 5317 uiderunt.
