4098 6468
184 313 317 368 1017
1170 316 1430 374 FRAGM.
1481 319 1556 375 IN

1624 319 2015 377 EPISTOLAM
2051 319 2095 375 ll
2134 321 2194 375 Β.
2220 319 2447 378 PETRI.

3301 324 3440 386 1018

980 631 1104 719 ῙΝ
1167 630 1847 726 EPISTOLAM
1926 636 2014 723 II
2062 639 2167 723 B.
2222 637 2629 726 PETRI.

184 987 400 1064 Diri-(ip
432 986 904 1064 σεσοφισμέγοις
922 988 1766 1064 μιόθοέςγὲξακολουᾷήσαντες
1796 1026 1805 1050 λ

1882 991 1912 1057 [,
1950 991 2153 1064 l6,l7.
2189 993 2312 1049 Non
2358 997 2499 1050 enim
2536 995 2721 1050 doctas
2767 994 2982 1064 fabulas
3034 995 3219 1058 secuti,
3266 1003 3446 1048 notam

253 1057 658 1127 ἐγνωρίσαμεν
682 1057 827 1126 ὑμῖν
848 1058 961 1123 τὴν
987 1059 1094 1112 τοῦ
1123 1061 1341 1127 Κυρίου
1366 1060 1537 1127 ἡμῶν
1561 1062 1764 1128 Ἰησοῦ

257 1128 514 1194 Χριστοῦ
542 1129 800 1198 δύναμιν
824 1129 920 1182 καὶ
952 1131 1313 1198 παρουσίαν,
1348 1132 1487 1185 ἀλλ’
1512 1132 1766 1185 ἐπόπται

255 1198 608 1267 γενηθέντες
632 1197 745 1263 τῆς
776 1198 1014 1251 ἐκείνου
1036 1197 1521 1267 μεγαλειότητος.
1557 1203 1767 1257 Λαϐὼν

254 1266 366 1342 ῒάρ
389 1266 552 1342 θιαρά
580 1267 728 1342 Θεοῦ
750 1268 981 1342 llatae;
1005 1266 1185 1342 {iam
1203 1266 1534 1342 miseras,
1562 1271 1767 1342 φωνῆς

254 1337 608 1413 ὲνεχθείσῃς
640 1336 801 1403 αὐτῷ
835 1336 1078 1394 τοιᾶσδε
1102 1340 1220 1395 ὑπὸ
1255 1340 1368 1411 τῆς
1390 1336 1765 1413 μεγαλοπρὲὲ

255 1407 412 1472 ποῦς
445 1406 652 1476 δόξης.

252 1520 581 1587 Κυρίλλου.
622 1522 801 1579 Μῦθοι
842 1522 950 1597 γὰρ
997 1523 1166 1590 ὅντως
1205 1525 1300 1580 καὶ
1333 1525 1651 1599 ἀνθρώπινα
1678 1544 1768 1580 σο-

186 1611 430 1683 φίσματα
475 1612 585 1667 τῶν
633 1615 926 1687 αίρετικῶν
967 1615 1036 1671 τὰ
1084 1617 1467 1689 προϐλήματα,
1514 1618 1767 1683 οὕστινας

185 1703 546 1773 ἐκτρέπεσθαι
593 1704 917 1777 βουλόμενος
967 1708 1117 1779 ἡμᾶς
1173 1711 1201 1762 6
1252 1708 1466 1771 Παῦλος
1513 1709 1764 1781 γράψει’

191 1813 209 1844 ι
238 1794 522 1865 Αίρετικὸν
570 1796 857 1868 ἄνθρωπον
900 1798 1039 1868 μετὰ
1074 1798 1204 1869 μίαν
1232 1800 1326 1853 καὶ
1355 1797 1615 1870 δευτέραν
1647 1817 1767 1853 νου-

185 1883 368 1937 θεσίαν
394 1887 687 1957 παραιτοῦ,
718 1907 736 1939 ι
782 1889 876 1942 καὶ
907 1889 978 1943 τὰ
1006 1889 1155 1959 ἑξῆς.

257 1974 522 2045 Ἀρχεται
572 1978 673 2048 μὲν
720 1979 821 2051 ἤδη
864 1980 964 2051 τῆς
1008 1979 1151 2034 κατὰ
1179 1981 1288 2035 τῶν
1319 1983 1613 2054 αἱρετικῶν
1646 1985 1769 2037 ἐπι-

186 2064 414 2136 δρομῆς⁸
444 2067 579 2122 καθὸ
606 2071 828 2135 ἐκεῖνοι,
859 2072 958 2141 τὴν
975 2072 1237 2144 ἀλήθειαν
1265 2076 1365 2128 οὐκ
1384 2074 1623 2145 ἔχοντες,
1652 2092 1772 2129 ποι-

186 2154 357 2219 κίλοις
385 2155 568 2227 λόγοις
613 2159 1016 2228 ἀναγκάζονται
1046 2162 1437 2235 περιπλάττειν
1464 2164 1525 2218 τὸ
1552 2164 1767 2235 ψεῦδος.

197 2242 337 2297 Ἀλλ’
385 2245 551 2316 ἡμεῖς
597 2248 696 2320 οὐχ
725 2249 890 2315 οὕτω,
928 2253 1115 2324 φησὶν,
1162 2253 1299 2307 ἀλλὰ
1326 2257 1438 2319 τοῖς
1470 2254 1771 2326 ὀφθαλμοῖς

1945 1063 2163 1131 fecimus
2190 1066 2332 1119 vobis
2376 1066 2584 1120 Domini
2620 1063 2793 1121 nostri
2821 1065 2952 1121 Iesu
2978 1064 3175 1120 Christi
3205 1067 3446 1119 virtutem

1941 1145 1989 1187 et
2018 1136 2379 1206 praesentiam,
2410 1137 2501 1190 sed
2526 1137 2878 1202 speculatores
2910 1138 3044 1206 facti
3070 1135 3218 1189 illius
3252 1135 3450 1204 magni-

1940 1204 2165 1261 tudinis.
2213 1206 2493 1270 Accipiens
2542 1207 2680 1260 enim
2713 1224 2744 1260 a
2778 1207 2883 1261 Deo
2908 1204 3072 1261 Patre
3103 1206 3350 1260 honorem
3398 1215 3448 1259 et

1937 1274 2183 1347 gloriam,
2218 1293 2334 1330 voce
2362 1275 2584 1347 delapsa
2616 1277 2686 1331 ad
2719 1293 2836 1331 etun
2870 1276 3236 1347 hujuscemodi
3269 1293 3299 1330 a
3330 1292 3447 1329 ma-

1937 1346 2135 1414 gniﬁca
2167 1347 2362 1417 gloria.

1940 1516 2152 1588 Cyrilli.
2188 1518 2414 1575 Fabula:
2446 1521 2592 1576 enim
2621 1536 2753 1576 vere
2785 1530 2839 1578 et
2868 1522 3111 1577 humana
3141 1531 3449 1578 commenta

1869 1609 2253 1665 haereticorum
2288 1613 2605 1683 opiniones,
2638 1629 2779 1684 quos
2809 1621 2869 1668 ut
2898 1628 3223 1684 respuamns
3268 1616 3454 1670 horta—

1868 1710 1959 1755 tur
2010 1701 2213 1759 Paulus
2244 1704 2537 1762 scribens:
2597 1725 2615 1757 ι
2655 1706 2984 1761 Ηίθτειίριιιιι
3019 1706 3296 1761 hominem
3332 1716 3455 1776 post

1869 1810 2036 1850 unam
2084 1803 2142 1851 et
2185 1796 2484 1853 secundam
2538 1797 2946 1868 correptiouem
3001 1796 3190 1852 devita
3220 1798 3286 1863 ⁸³,
3327 1816 3346 1850 ι
3399 1806 3455 1854 et

1869 1895 2088 1942 cmtera.

1941 1974 2236 2031 Exorditur
2262 1975 2374 2046 jam
2404 1976 2695 2032 htereticos
2720 1975 3080 2047 increpando,
3106 1975 3308 2045 quippe
3336 1974 3454 2045 qui,

1871 2084 1901 2123 a
1939 2069 2166 2125 veritate
2197 2068 2385 2134 alieni,
2421 2070 2592 2124 variis
2616 2069 2971 2124 sermonibus
2991 2078 3266 2138 coguntur
3301 2082 3455 2122 como

1871 2173 2052 2217 menta
2083 2178 2183 2216 sua
2205 2177 2495 2219 exornare.
2528 2162 2601 2218 De
2635 2162 2798 2217 nobis
2846 2172 3053 2229 autem,
3079 2166 3179 2226 ait,
3228 2176 3317 2216 res
3346 2176 3456 2215 non

1874 2269 1933 2310 se
1964 2253 2132 2308 habet
2154 2253 2265 2321 ita;
2300 2269 2423 2308 nam
2450 2253 2629 2309 oculis
2653 2254 2864 2309 nostris
2890 2252 3177 2308 veritatem
3208 2258 3457 2305 contem-

188 2334 281 2406 τὴν
323 2336 584 2409 ἀλήθειαν
624 2339 1003 2415 ἐθεασάμεθα,
1051 2346 1167 2415 μετ’
1211 2346 1377 2400 αὑτοῦ
1425 2347 1578 2411 ὄντες
1606 2349 1665 2401 ὲν
1693 2344 1805 2418 τῷζ

1882 2347 2110 2420 plamur,
2148 2361 2276 2402 cum
2300 2362 2365 2403 ea
2393 2354 2683 2402 versantes
2716 2346 2771 2400 in
2804 2354 3014 2399 monte.
3048 2343 3327 2398 Habemus
3357 2342 3459 2412 igi-

186 2426 300 2499 ὖρει
326 2445 344 2460 ’
393 2429 590 2501 ἔχομεν
617 2427 710 2486 οὗν
736 2434 832 2488 καὶ
881 2436 1009 2499 τοὺς
1050 2438 1338 2508 προφήτας
1367 2436 1573 2510 ταύτην
1599 2438 1770 2511 αὐτὴν

187 2517 279 2589 τήν
326 2520 588 2591 ἀλήθειαν
634 2524 767 2593 ήμῖν
817 2527 1305 2598 προμηνύσαντας,
1355 2530 1453 2584 καὶ
1480 2530 1655 2595 οὕτως
1681 2531 1773 2586 διὰ

193 2612 281 2680 τῆς
326 2612 504 2683 ὅψεως
550 2613 895 2688 βεδαιότερος
924 2618 1032 2673 τῶν
1072 2622 1367 2693 προφητῶν
1395 2625 1423 2676 ὁ
1451 2622 1609 2692 λόγος
1638 2625 1771 2695 ἡμῖν

187 2704 403 2772 ἐγένετο
426 2722 441 2736 ·
469 2705 506 2761 ἃ
526 2706 636 2778 γὰρ
663 2709 861 2763 ἐκεῖνοι
883 2704 1057 2777 εἷπον,
1080 2711 1254 2767 ταῦτα
1275 2713 1468 2784 παρὼν
1489 2716 1517 2768 6
1536 2715 1773 2786 Χριστὸς

187 2794 552 2854 ἐπιστώσατο.
584 2800 694 2853 Kal
725 2801 1001 2873 μάρτυρες
1031 2804 1213 2875 ἡμεῖς,
1244 2806 1294 2858 oi
1323 2806 1419 2859 καὶ
1444 2806 1543 2878 τὴν
1573 2824 1774 2878 μαρτυ-

188 2886 306 2957 ρίαν
341 2888 677 2956 ἀκούσαντες
710 2892 805 2945 τοῦ
838 2894 1074 2965 Πατρός.
1111 2891 1186 2949 Εὖ
1214 2897 1271 2949 δὲ
1306 2897 1400 2949 καὶ
1428 2897 1587 2963 ὑμεῖς
1617 2898 1773 2968 ποιή-

188 2995 305 3033 σετε
357 2980 434 3050 τῷ
484 2984 810 3056 προφητικῷ
858 2986 1172 3057 πειθόμενοι
1222 2988 1402 3059 λόγῳ’
1457 2984 1611 3054 οὗτος
1662 2990 1773 3062 γὰρ

188 3073 309 3135 τοὺς
342 3074 402 3125 ἐν
428 3075 623 3146 ἀγνοίᾳ
644 3079 988 3146 φωταγωγεῖ,
1020 3076 1127 3142 ἕως
1151 3078 1391 3151 καθαρὸν
1420 3081 1547 3150 ὑμῖν
1573 3080 1634 3134 τὸ
1658 3081 1773 3150 φῶς

188 3159 278 3213 τοῦ
328 3162 667 3232 Εὐαγγελίου
723 3165 978 3238 διαφανῆ,
1025 3168 1121 3221 καὶ
1166 3170 1196 3222 6
1238 3169 1429 3239 νοητὸς
1475 3171 1772 3243 ἑωσφόρος,

188 3251 434 3306 τουτέστι
468 3254 725 3326 Χριστὸς,
780 3258 838 3309 ὲν
868 3259 989 3321 ταῖς
1019 3257 1269 3330 καρδίαις
1306 3259 1460 3331 ὑμῶν
1492 3261 1770 3335 ἀνατείλῃ,

191 3344 566 3416 μαρτυρηθεὶς
599 3347 705 3400 ὑπὸ
738 3346 834 3402 τοῦ
861 3349 1096 3420 Πατρός.

192 3452 370 3542 Οὗτοι
404 3458 491 3542 δέ,
636 3458 993 3542 ᾶξογαφζὶἶζα,
1025 3463 1390 3542 γεγενηιέένα
1417 3465 1504 3529 είς
1544 3464 1777 3542 ἅθωσιν

256 3529 357 3603 καί
398 3530 664 3603 5300pde
687 3527 882 3603 ἐνόζς
908 3527 1203 3600 ἀγνοοῦσι
1224 3527 1773 3603 Ἑλασφήμοῦντες,

256 3598 328 3651 ἐν
364 3597 441 3667 τῇ
475 3599 666 3674 φθορᾷ
693 3600 896 3674 αὐτῶν
919 3597 1509 3672 καταφθαρήσονιίαιξ
1539 3597 1774 3674 κομιοῦὲ

253 3685 430 3738 μενοι
461 3671 687 3739 μισθὸν
716 3670 972 3737 ἀδικίας.

262 3784 597 3852 Κυρίλλου.
636 3784 750 3838 Kal
772 3785 903 3854 γοῦν
925 3788 954 3841 ὁ
981 3786 1267 3850 θεσπέσιος
1286 3784 1540 3856 Μελῳδὸς
1563 3824 1582 3850 ,
1624 3804 1641 3836 ι
1656 3785 1782 3839 Ἀν-

194 3872 436 3945 θρωπος,
492 3875 679 3944 φησιν,
724 3877 783 3928 ὲν
822 3877 957 3948 τιμῇ
1001 3874 1077 3929 ὢν
1124 3874 1187 3929 οὐ
1234 3876 1457 3944 συνῆκε,
1503 3891 1784 3947 παρασυν-

194 3965 399 4037 εὸλήθη
426 3968 538 4030 τοῖς
562 3966 786 4037 κτήνεσι
811 3970 924 4030 τοῖς
952 3968 1225 4037 ἀνοήτοις,
1266 3967 1361 4020 καὶ
1388 3966 1649 4038 ὡμοιώθη
1678 3967 1781 4020 αὑ-

126 4054 129 4055 ⁷
192 4060 323 4121 τοῖς.
365 4076 385 4109 ι
440 4057 577 4128 Ἐθη
631 4059 742 4128 γὰρ
794 4057 1021 4125 ἀλογίας
1069 4058 1542 4130 συμπεπλεγμένα
1582 4058 1784 4131 νόμους

194 4146 386 4219 ὥσπερ
414 4147 650 4219 ἔχοντες,
685 4150 843 4219 ὀλίγα
870 4151 1065 4224 κομιδῇ
1102 4151 1476 4221 διενεγκόντες
1499 4151 1785 4221 ἐφαίνοντο

195 4242 431 4314 κτηνῶν,
476 4243 553 4308 ὡς
612 4244 769 4317 ἔφην,
809 4246 846 4299 ἃ
894 4244 1031 4317 πρὸς
1084 4244 1253 4315 μόνην
1308 4244 1500 4314 γέγονε
1549 4244 1780 4318 φθοράν.

197 4336 343 4406 Πρὸς
393 4336 472 4408 τῷ
523 4336 768 4401 ἀσεϐεῖν,
804 4338 961 4408 φησι,
994 4337 1091 4391 καὶ
1137 4337 1228 4391 τὸν
1262 4337 1376 4409 βίον
1404 4337 1622 4391 ἅπαντα
1650 4354 1784 4391 κατ-

198 4429 543 4501 εφθαρμένον
626 4429 847 4495 ἔδειξεν.
900 4430 1064 4495 Ἕθος
1132 4433 1197 4502 τῇ
1268 4430 1391 4502 θείᾳ
1466 4430 1658 4502 Γραφῇ
1717 4429 1789 4484 τὰ

198 4520 341 4575 κατά
388 4520 550 4591 φύσιν
576 4521 706 4576 ὄντα
737 4522 856 4576 θεῖα
909 4520 975 4593 [Γ.
1006 4519 1224 4594 θήρεια]
1268 4521 1571 4593 πράγματα
1610 4519 1787 4574 ταῦτα

197 4615 309 4675 τοῖς
364 4611 674 4683 ἀνθρώποις
698 4612 778 4675 εἰς
823 4612 1037 4674 εἰκόνας
1066 4611 1161 4665 καὶ
1198 4610 1628 4683 παραδείγματα
1649 4610 1788 4682 λαμ-

197 4704 403 4758 δάνειν.
461 4703 635 4758 Τοῦτο
700 4705 759 4758 δὲ
840 4704 1013 4768 ποιεῖ,
1069 4703 1156 4756 ἵνα
1201 4704 1267 4756 ὲκ
1310 4702 1421 4757 τῶν
1477 4702 1619 4757 κατὰ
1672 4701 1789 4771 φύ-

198 4814 282 4849 σιν
349 4796 575 4850 ἐκείνων
639 4795 712 4850 τὰ
778 4799 844 4851 ὲκ
910 4794 1287 4866 προαιρέσεως
1357 4794 1612 4865 φαίνηται
1679 4793 1791 4849 τῶν

198 4887 520 4958 κινημάτων
569 4887 679 4941 τῶν
737 4886 1067 4959 ἀνθρώπων,
1115 4885 1209 4939 καί
1262 4883 1436 4949 οὕτως
1497 4885 1531 4955 ἢ
1586 4884 1790 4954 φαῦλος

197 4978 231 5046 ἢ
292 4979 503 5044 δίκαιος
551 4981 581 5034 6
633 4979 840 5034 τούτων
898 4979 1172 5033 δείκνυται
1222 4976 1443 5047 τρόπος.
1508 4976 1631 5030 Ἐπὶ
1687 4976 1789 5048 μὲν

1878 2447 1968 2493 tur
1997 2447 2051 2493 et
2086 2439 2389 2510 prophetas
2426 2437 2675 2509 ejusdem
2711 2437 2878 2507 hujus
2912 2436 3163 2492 veritatis
3192 2433 3462 2505 praedica-

1878 2540 2050 2595 tores,
2099 2540 2155 2588 et
2194 2531 2410 2587 ﬁrmior
2441 2531 2619 2586 factus
2651 2539 2737 2586 est
2768 2544 2961 2586 eorum
3002 2543 3185 2584 sermo
3222 2527 3291 2583 iis
3339 2539 3462 2596 quae

1877 2623 2154 2689 vidimus;
2180 2639 2314 2694 quae
2346 2622 2489 2677 enim
2524 2622 2896 2694 praedixerant
2923 2620 3028 2684 illi,
3066 2618 3254 2674 eadem
3300 2615 3463 2670 Clui-

1879 2722 1999 2770 stus
2057 2730 2223 2784 opere
2255 2714 2576 2785 complevit.
2610 2712 2677 2768 Et
2711 2719 2881 2768 testes
2913 2725 3036 2775 nos,
3072 2707 3165 2778 qui
3212 2706 3463 2762 testimo-

1878 2802 2029 2855 nium
2057 2801 2235 2857 Patris
2266 2801 2603 2872 accepimus.
2638 2799 2756 2856 Non
2790 2801 2975 2870 inepte
3009 2797 3181 2867 igitur
3207 2811 3306 2850 vos
3326 2808 3465 2866 quo-

1879 2908 1987 2962 que
2010 2892 2335 2964 prophetico
2358 2892 2602 2948 sermoni
2631 2891 2792 2947 ﬁdem
2816 2889 3176 2954 adhibebitis;
3202 2887 3294 2942 hic
3315 2886 3464 2943 enim

1882 2984 2103 3052 ignaros
2132 2982 2434 3048 illuminat,
2469 2982 2650 3037 donec
2670 2995 2810 3052 pura
2844 2979 2964 3036 dies
3001 2978 3280 3049 Evangelii
3306 2976 3465 3032 vobis

1882 3073 2191 3141 illucescat,
2222 3074 2547 3144 oriaturque
2573 3075 2627 3127 in
2663 3072 2930 3127 cordibus
2961 3071 3168 3127 vestris
3196 3069 3467 3141 spiritalis

1880 3163 2127 3231 Lucifer,
2157 3167 2261 3220 hoc
2289 3172 2374 3220 est
2403 3166 2683 3231 Christus,
2717 3164 3082 3220 conﬁrmatus
3113 3178 3144 3218 ιι
3175 3162 3359 3217 Patre.

1882 3444 1949 3508 ll,
1991 3445 2075 3499 12.
2107 3443 2179 3498 lli
2215 3461 2334 3499 vero
2384 3446 2522 3499 velut
2561 3443 2971 3499 irrationabilia
3003 3459 3214 3509 pecora,
3246 3452 3470 3497 natura-

1955 3515 2077 3569 liter
2105 3518 2158 3567 in
2195 3519 2486 3584 captionem
2509 3525 2559 3569 et
2592 3517 2645 3569 in
2668 3514 2951 3583 perniciem
2988 3514 3040 3566 in
3077 3513 3156 3566 Itis
3187 3529 3303 3582 qua:
3325 3514 3471 3584 igno-

1956 3594 2079 3639 rant
2113 3582 2557 3653 blasp'ltemantes,
2592 3587 2646 3639 in
2670 3582 3029 3651 corruptione
3068 3599 3169 3637 sua
3201 3582 3468 3653 peribunt,

1804 3699 1848 3759 ϐ
1957 3657 2305 3727 percipientes
2330 3655 2620 3710 mercedem
2651 3656 2958 3724 injustitiw.

1954 3771 2167 3845 Cyrilli.
2216 3771 2370 3827 Haud
2399 3772 2657 3826 dissimili
2705 3771 2925 3826 ratione
2960 3768 3189 3828 divinus
3217 3766 3469 3832 Psaltes,

1890 3882 1910 3917 ι
1948 3864 2149 3931 Homo,
2189 3864 2285 3929 ait,
2311 3879 2438 3918 eum
2489 3862 2543 3917 in
2576 3863 2787 3917 honore
2822 3866 2970 3917 esset
3026 3873 3138 3914 non
3175 3857 3469 3917 intellexit.

1886 3963 2248 4027 comparatus
2288 3962 2372 4009 est
2422 3953 2696 4023 jumentis
2736 3950 3155 4023 insipientibus,
3193 3956 3247 4004 et
3277 3948 3474 4003 similis

1886 4045 2068 4103 iactus
2104 4053 2191 4102 est
2226 4031 2427 4100 illis“.
2466 4064 2484 4097 ι
2522 4042 2661 4097 Nam
2696 4058 2823 4098 eum
2857 4041 3112 4097 moribus
3165 4039 3474 4096 inserviant

1887 4154 1918 4195 a
1954 4139 2172 4194 ratione
2213 4135 2448 4201 aversis,
2474 4150 2671 4206 parum
2705 4135 2864 4187 abest
2893 4132 3025 4202 quin
3047 4130 3317 4202 jumentis
3344 4144 3473 4200 pcr-

1888 4230 2102 4286 similes
2151 4228 2447 4284 videantur
2481 4241 2623 4297 quae,
2662 4233 2721 4279 ut
2777 4224 2877 4289 ait,
2931 4221 3003 4277 ad
3057 4221 3473 4293 corruptionem

1888 4326 2106 4373 tantum
2157 4317 2301 4372 facta
2356 4323 2509 4373 sunt.
2556 4316 2736 4385 Impii,
2784 4313 2986 4385 inquit,
3040 4327 3261 4368 omnem
3303 4312 3475 4366 vitam

1889 4418 2210 4482 corruptam
2261 4409 2487 4464 habent.
2544 4408 2696 4463 Solet
2758 4405 3069 4477 Scriptura,
3106 4420 3229 4475 quae
3276 4412 3475 4458 natura

1893 4505 2080 4560 divina
2116 4512 2288 4569 sunt,
2337 4502 2654 4557 hominibus
2690 4510 2953 4570 tanquam
2989 4499 3241 4569 exempla
3277 4512 3477 4568 propo-

1892 4612 2046 4654 nere.
2083 4595 2202 4653 Hoc
2224 4605 2409 4651 autem
2437 4596 2591 4660 facit,
2613 4603 2674 4650 ut
2704 4596 2927 4649 illormn
2954 4592 3177 4647 dotibus
3211 4589 3352 4645 certi
3377 4589 3477 4643 ho-

1891 4691 2102 4746 minum
2134 4689 2373 4746 allectus
2412 4688 2778 4758 designentur
2803 4705 2819 4755 ;
2848 4688 3033 4757 itaque
3077 4693 3172 4741 aut
3202 4684 3355 4753 pravi
3384 4697 3476 4737 eo-

1892 4800 2011 4840 rum
2057 4791 2154 4837 aut
2195 4782 2334 4853 justi
2384 4782 2840 4837 demonstrentur
2891 4792 3113 4835 sensus.
3148 4775 3230 4830 Ad
3275 4787 3478 4844 pravos

1893 4878 2171 4949 pertinent
2202 4875 2333 4930 illa:
2372 4892 2392 4926 ι
2428 4873 2614 4928 Nolite
2644 4872 2760 4928 ﬁeri
2790 4871 2936 4928 sicut
2979 4885 3160 4942 equus
3210 4877 3267 4923 et
3295 4865 3477 4920 mulus

1893 4968 2098 5039 quibus
2124 4982 2234 5021 non
2267 4971 2356 5019 est
2380 4962 2698 5018 intellectus
2731 4962 2797 5016 ⁸³.
2835 4979 2855 5014 ι
2894 4960 2978 5015 Ad
3025 4957 3251 5015 eosdem
3287 4952 3477 5009 redar-

199 5044 292 5124 o'Sv
338 5071 446 5125 τῶν
476 5071 719 5141 φαύλων,
777 5070 873 5124 saw
930 5044 1327 5141 παραγγέλλῄ’
1378 5087 1396 5119 ι
1428 5067 1521 5138 Μὴ
1570 5044 1787 5137 γίνεσθε

1896 5060 2150 5132 guendos
2195 5057 2505 5113 scribitur:
2541 5075 2559 5107 ι
2597 5053 2773 5110 Homo
2803 5069 2927 5109 eum
2964 5051 3021 5106 in
3075 5051 3286 5105 honore
3331 5052 3480 5102 esset

201 5160 275 5227 ὡς
305 5163 473 5227 ἵππος
490 5137 591 5218 καὶ
616 5162 862 5235 ἡμίονος,
893 5156 975 5225 οἷς
1000 5137 1106 5218 οὐκ
1126 5137 1515 5224 έστιτσύνεσις.
1541 5178 1559 5211 ι
1594 5160 1663 5213 Ἦ
1696 5159 1790 5213 καὶ

1895 5164 2007 5205 non
2042 5146 2337 5207 intellexit,
2375 5152 2739 5215 comparatus
2784 5150 2869 5199 est
2900 5140 3168 5212 iumentis
3204 5137 3477 5207 insipien-

201 5255 331 5307 ὃταν
363 5229 715 5327 μεμφόμενος
739 5254 866 5319 τοὺς
890 5253 1034 5309 οὕτω
1060 5254 1387 5325 γενομένους
1410 5252 1542 5324 λέγῃ
1567 5267 1582 5281 ’
1618 5271 1637 5304 ι
1662 5254 1787 5307 Ἀν-

1894 5242 2065 5307 tibus,
2098 5248 2152 5295 et
2182 5239 2385 5294 similis
2420 5238 2600 5293 factus
2629 5246 2714 5292 est
2750 5236 2881 5291 illis.
2912 5254 2931 5287 ι
2963 5233 3028 5288 Ει
3052 5234 3229 5288 alias:
3274 5250 3292 5282 ι
3337 5229 3474 5299 Equi

205 5322 509 5415 θρωποςνέν
542 5322 674 5417 τιμῇ
723 5344 798 5399 ὢν
840 5346 901 5399 οὺ
931 5322 1154 5414 συνῆκε,
1186 5322 1641 5416 παραπνεὸλήθη
1674 5344 1789 5407 τοῖς

1894 5335 2146 5391 furentes
2178 5333 2233 5388 in
2263 5332 2498 5389 feminas
2525 5331 2650 5386 laeti
2700 5336 2831 5385 sunt
2861 5328 2929 5381 “.
2967 5346 2984 5378 ι
3024 5325 3226 5382 Eadem
3261 5322 3476 5377 ratione

206 5414 429 5507 κτήνεσι
464 5441 578 5503 τοῖς
604 5414 891 5510 ἡάνοήτοις,
936 5438 1031 5491 καὶ
1057 5414 1316 5507 ὡμοιώθη
1365 5436 1568 5500 αὐτοῖς.
1607 5454 1626 5487 ι
1678 5436 1791 5489 Kal

1898 5429 2156 5486 Servator
2181 5426 2452 5482 Herodem
2489 5444 2509 5477 ι
2542 5424 2760 5493 vulpem
2787 5422 2831 5454 ⁸⁷
2864 5441 2883 5475 ι
2907 5428 3088 5486 vocat,
3119 5426 3173 5473 et
3201 5417 3338 5472 dicit
3391 5414 3475 5468 di-

209 5503 372 5584 πάλιν
398 5547 410 5560 ·
466 5552 485 5583 ι
517 5532 702 5586 Ἲπποι
740 5503 1082 5603 ’θηλυμανεῖς
1110 5503 1486 5600 ’ἐγενήθησαῑ
1525 5549 1543 5581 ι
1599 5528 1712 5582 Kal
1760 5529 1789 5581 6

1898 5519 2131 5590 scipulis
2166 5517 2284 5573 suis
2313 5535 2326 5570 :
2379 5536 2397 5568 ι
2429 5514 2571 5570 Ecce
2611 5527 2714 5583 ego
2743 5513 2905 5567 mitto
2934 5526 3032 5567 vos
3080 5509 3221 5565 sicut
3250 5520 3383 5560 oves
3420 5503 3477 5556 in

209 5621 402 5692 Σωτὴρ
439 5623 530 5676 τὸν
590 5598 839 5696 Ἡρώδην
887 5598 1186 5677 ιὰλώπεκα
1211 5642 1228 5674 ι
1280 5598 1487 5676 καλεῖ·
1540 5621 1634 5674 καὶ
1674 5621 1786 5683 τοῖς

1894 5611 2080 5667 medio
2125 5610 2412 5680 luporum.
2449 5605 2638 5664 Eslote
2665 5621 2797 5677 ergo
2831 5604 3132 5676 prudentes
3164 5598 3308 5655 sicut
3355 5609 3476 5650 ser-

291 5752 334 5783 ⁶³
370 5755 472 5809 Tit,
510 5771 589 5821 ιιι,
630 5756 713 5812 l0.
793 5756 837 5787 εδ
866 5753 1009 5811 Psal.
1053 5768 1249 5821 XLVIII,
1285 5754 1373 5810 2|.
1460 5755 1503 5786 ”
1536 5751 1684 5809 Psal-
1731 5768 1800 5806 XX

1882 5800 1883 5803 η
1916 5748 1971 5805 9.
2048 5748 2094 5781 “
2128 5746 2329 5803 Jerem.
2369 5761 2421 5813 v,
2458 5745 2509 5800 8.
2596 5744 2639 5775 ⁸⁷
2672 5740 2805 5797 Luc.
2841 5754 2978 5806 xm,
3014 5736 3105 5791 32.
