4098 6496
603 353 738 409 1019
1587 351 1644 407 S.
1687 349 1961 405 CYRILLI
2002 348 2184 404 ALEX

2291 348 2474 404 DRINI
2515 346 2835 406 ARCHIEP.
3772 356 3911 413 1020

604 471 810 531 pcntes,
860 470 914 516 et
959 461 1240 532 simplices
1275 461 1422 517 sicut
1450 452 1725 517 columba:
1757 463 1824 517 °'.
1886 482 1919 532 ι,
1941 463 2030 516 Ait
2065 462 2178 515 haec

2290 461 2556 532 μαθηταῖς
2587 462 2957 533 παρήγγειλεν
2979 480 2994 495 υ
3038 483 3056 514 ι
3079 465 3210 518 Ἰδοὺ
3238 464 3352 533 ἐγὼ
3381 465 3735 520 ἀποστέλλω
3761 467 3910 537 ὑμᾶς

603 567 709 605 non
765 559 821 604 ut
852 561 1138 620 serpentes
1170 551 1368 606 ﬂatuus
1423 559 1521 605 aut
1573 551 1863 614 columbae,
1899 567 2000 606 nos
2033 550 2180 604 enim

2290 553 2360 615 ὡς
2389 552 2636 624 πρόὸατα
2665 555 2722 605 ὲν
2759 553 2910 623 μέσῳ
2935 553 3114 607 λύκων
3139 571 3153 586 ο
3195 556 3410 623 γίνεσθε
3440 559 3730 629 φρόνιμοι
3771 560 3910 613 ὡσεὶ

603 657 711 695 non
735 641 868 696 fecit
890 643 972 698 sic
998 660 1012 696 :
1039 657 1217 712 neque
1247 641 1570 697 admitteret
1610 643 1717 698 hoc
1745 652 1946 697 natura
1967 650 2180 706 nostra,

2290 645 2453 712 ὗφεις,
2502 644 2594 695 καὶ
2631 642 2880 714 ἀκέραιοι
2927 643 3003 707 ὼς
3035 647 3090 698 αί
3127 648 3469 718 περιστεραί.
3505 669 3522 699 ι
3578 648 3815 717 Ἔλεγε
3853 651 3908 705 ἃ

603 734 924 788 exhortatur
991 741 1170 788 autem
1230 749 1332 788 nos
1389 743 1494 799 ut,
1553 745 1880 789 caeterarum
1938 734 2182 788 ferarum

2290 734 2460 800 τοῦτο,
2487 735 2584 803 οὐχ
2611 735 2696 787 ἵνα
2724 735 3008 804 γενώμεθα
3037 737 3187 804 ὄφεις
3215 738 3248 806 ἦ
3283 740 3646 809 περιστεραίο
3685 740 3756 792 οὗ
3793 742 3904 810 γὰρ

604 834 788 880 motus
839 825 1234 880 immoderatos
1288 825 1583 894 fugientes,
1619 827 1894 896 serpentis
1940 825 2184 896 pruden-

604 919 733 971 tiam
753 933 1119 987 agnoscamus
1142 933 1374 988 eamque
1401 918 1524 973 ideo
1548 919 1894 983 deludamus,
1916 919 2184 973 columba:

603 1019 783 1066 autem
817 1009 1108 1065 induamus
1143 1011 1650 1066 mansuetudinem.
1696 1011 1770 1066 De
1800 1010 2004 1065 divinis
2039 1025 2182 1079 quo-

601 1117 710 1170 que
744 1102 1109 1156 desumuutur
1158 1103 1552 1158 similitudines
1577 1105 1780 1172 quibus
1815 1101 2070 1158 homines
2105 1101 2184 1156 al-

601 1193 862 1262 loquatur
891 1191 1154 1247 Servatur
1189 1192 1382 1248 dicens
1412 1213 1426 1249 :
1465 1212 1484 1244 ι
1542 1195 1731 1249 Estote
1767 1192 2182 1256 misericordes,

599 1285 744 1339 sicut
774 1284 940 1339 Pater
967 1294 1148 1340 vester
1179 1286 1269 1354 qui
1299 1290 1353 1340 in
1385 1288 1543 1342 caelis
1575 1293 1660 1341 est
1690 1286 1756 1339 ⁸⁸.
1778 1304 1797 1336 ι
1837 1286 1904 1339 Ει
1937 1299 2138 1340 rursus
2166 1303 2179 1340 :

606 1397 623 1428 ι
657 1376 722 1430 Ει
753 1386 930 1432 estote
955 1394 1055 1433 vos
1084 1378 1340 1447 perfecti.
1366 1378 1511 1434 sicut
1542 1376 1706 1431 Pater
1727 1383 1908 1430 vester
1939 1376 2182 1431 caalestis

600 1470 880 1541 perfectus
914 1480 998 1526 est
1029 1471 1095 1524 7°.
1133 1490 1152 1521 »
1193 1469 1360 1524 Habet
1390 1472 1556 1525 etiam
1604 1471 1727 1534 hoc,
1762 1485 1872 1523 non
1921 1479 1981 1523 ut
2028 1467 2180 1523 Patri

598 1563 778 1632 reipsa
816 1561 1026 1617 similes
1065 1561 1298 1616 (iamus:
1337 1577 1460 1615 nam
1523 1561 1866 1631 impossibile
1900 1569 1988 1616 est
2017 1575 2177 1616 crea-

599 1662 784 1708 turam
842 1669 910 1709 ex
957 1655 1126 1708 nihilo
1167 1653 1368 1708 factam
1403 1669 1528 1708 cum
1567 1655 1731 1708 Patre
1782 1651 2023 1707 conferri
2069 1670 2081 1705 :
2125 1657 2182 1705 at

599 1744 1067 1814 quemadmodum
1127 1761 1233 1798 non
1271 1753 1429 1798 cavet
1465 1761 1532 1799 ne
1560 1744 1809 1811 jumenta
1861 1745 2179 1810 evadamus,

2283 824 2455 889 οὕτως
2485 827 2632 896 ἡμᾶς
2653 826 2815 889 αὐτὸς
2849 828 3117 896 πεποίηκε
3151 840 3166 854 °
3207 828 3285 880 διὸ
3310 829 3430 881 οὐδὲ
3458 831 3630 882 τοῦτο
3670 825 3833 883 οἶδεν
3871 834 3902 901 ἡ

2285 915 2450 983 φύσις
2475 930 2490 945 ⁸
2535 915 2652 968 ἀλλ’
2684 916 2771 968 ἵνα
2806 918 2989 985 ἡμεῖς,
3017 917 3126 968 τῶν
3164 919 3263 986 μὲν
3296 918 3397 982 τὰς
3424 921 3675 987 ἀλόγους
3716 925 3900 990 ὁρμὰς

2285 1005 2663 1075 ὲκφεύγωμεν,
2706 1004 2798 1057 τοῦ
2840 1006 2897 1058 δὲ
2942 1006 3001 1058 τὸ
3045 1007 3329 1079 φρόνιμον,
3382 1008 3469 1061 ἵνα
3503 1010 3899 1076 γινώσκοντες

2289 1096 2364 1169 μὴ
2396 1096 2740 1167 ἀπατώμεθα
2769 1097 2897 1168 παρ’
2935 1097 3122 1161 αὐτοῦ,
3166 1099 3262 1150 καὶ
3300 1101 3395 1168 τῆς
3431 1103 3798 1172 περιστερᾶς
3835 1102 3896 1153 τι

2285 1191 2460 1261 πρᾶον
2481 1189 2862 1259 ἀναλάϐωμεν.
2914 1187 3036 1240 Ἐπὶ
3055 1189 3110 1240 δὲ
3132 1187 3242 1240 τῶν
3273 1188 3429 1242 θείων
3458 1192 3630 1244 πάλιν
3667 1191 3895 1254 εἰκόνας

2284 1286 2396 1346 τοῖς
2419 1280 2725 1352 ἀνθρώποις
2754 1279 3064 1348 λαμὸἀνων,
3090 1280 3256 1350 φησιν
3282 1282 3310 1332 6
3341 1282 3532 1352 Σωτήρ
3551 1298 3567 1312 ·
3611 1301 3628 1332 ι
3659 1281 3891 1334 Γίνεσθε

2295 1375 2639 1444 οἰκτίρμονες
2683 1372 2759 1435 ὡς
2793 1373 2821 1424 6
2853 1370 3042 1441 Πατὴρ
3077 1372 3230 1443 ὑμῶν
3263 1373 3290 1424 6
3321 1373 3376 1425 ὲν
3401 1375 3515 1435 τοῖς
3538 1374 3840 1443 οὐρανοῖς.
3869 1393 3886 1423 ι

2284 1482 2383 1515 -ι
2413 1464 2524 1516 Καὶ⁸
2548 1462 2737 1516 ἔσεσθε
2768 1463 2925 1533 ὑμεῖς
2946 1463 3162 1526 τέλειοι,
3186 1463 3260 1526 ὡς
3279 1463 3306 1515 6
3329 1465 3516 1535 Πατὴρ
3541 1464 3714 1533 ὑμῶν
3735 1465 3885 1536 lead.

2283 1554 2468 1628 ἡμῶν]
2519 1557 2548 1608 6
2587 1553 2839 1626 οὐράνιος
2893 1553 3094 1618 τέλειός
3144 1556 3280 1608 ἐστι.
3330 1575 3348 1606 ι
3415 1554 3618 1624 Ἔλεγε
3679 1555 3746 1607 δὲ
3796 1557 3888 1608 καί

2283 1646 2462 1712 τοῦτο,
2491 1648 2590 1717 οὐχ
2613 1647 2702 1699 ἴνα
2731 1644 3015 1715 γενώμεθα
3046 1646 3208 1698 πάλιν
3232 1647 3308 1710 ὡς
3331 1648 3359 1700 6
3383 1648 3597 1718 Πατήρ·
3627 1647 3887 1714 γίνεσθαι

2285 1741 2394 1810 γὰρ
2424 1741 2575 1810 ἡμᾶς
2605 1738 2681 1802 ὡς
2727 1740 2755 1790 6
2794 1738 2984 1808 Πατὴρ
3011 1737 3291 1803 ἀδύνατον,
3333 1739 3536 1809 κτίσμα
3580 1739 3759 1802 ὄντες
3791 1739 3885 1791 καὶ

601 1837 872 1891 dicendo:
917 1857 932 1883 ι
961 1836 1138 1889 Nolite
1175 1835 1287 1888 fieri
1322 1838 1465 1890 sicut
1491 1851 1671 1904 equus
1695 1845 1748 1889 et
1781 1837 1989 1903 mulus,
2025 1855 2042 1888 ι
2077 1836 2180 1892 sed

2290 1838 2350 1890 ὲκ
2391 1834 2486 1888 τοῦ
2538 1835 2612 1906 μὴ
2659 1835 2812 1896 ὄντος
2856 1834 3216 1904 γενομένους·
3265 1834 3381 1887 ἀλλ’
3426 1835 3622 1904 ὥσπερ
3656 1834 3763 1902 οὐχ
3797 1835 3883 1886 ἵνα

602 1944 674 1983 ne
719 1929 1091 1997 insipientiam
1128 1942 1320 1981 eorum
1372 1928 1697 1994 imitemur;
1738 1929 1809 1982 ita
1837 1943 1946 1982 non
1977 1936 2038 1983 ut
2087 1928 2181 1985 Dei

603 2019 812 2075 similes
864 2020 1080 2081 tiamus,
1119 2018 1232 2072 ait:
1292 2038 1310 2070 ι
1343 2017 1528 2073 Estote
1588 2019 1982 2074 misericordes
2038 2021 2183 2075 sicut

600 2111 784 2176 Pater,
830 2131 847 2163 I
885 2112 980 2166 sed
1020 2120 1096 2176 ut,
1136 2111 1400 2166 beneﬁcia
1435 2112 1559 2181 ejus
1607 2113 1910 2178 intuentes,
1948 2128 2070 2182 qua:
2105 2113 2184 2166 fa-

601 2204 784 2258 cimus
821 2204 987 2266 bona,
1018 2219 1125 2257 non
1162 2214 1388 2273 pmpter
1411 2203 1716 2268 hominem,
1742 2203 1837 2258 sed
1867 2202 1962 2258 Dei
2012 2219 2183 2259 causa

602 2304 1031 2362 agamus,atque
1048 2294 1168 2348 ideo
1190 2295 1257 2347 ab
1283 2294 1424 2363 ipso,
1453 2310 1562 2348 non
1583 2295 1649 2348 ah
1672 2295 2009 2362 hominibus,
2037 2311 2182 2350 mer-

603 2385 791 2439 cedem
828 2386 1186 2454 accipiamus.
1225 2384 1356 2438 Nam
1401 2386 1860 2455 quemadmodum
1896 2401 1997 2440 nos
2046 2401 2185 2457 quo-

602 2491 710 2544 que
763 2476 857 2528 Dei
905 2476 998 2528 lilii
1033 2477 1322 2530 evadimus
1356 2476 1530 2547 gratia
1568 2477 1740 2546 ipsius
1771 2493 1872 2532 nos
1908 2479 2180 2543 vocantis,

600 2584 725 2623 cum
761 2584 928 2621 unum
964 2569 1123 2622 modo
1154 2566 1353 2621 Filium
1384 2577 1581 2622 natura
1634 2569 1837 2623 haheat
1881 2579 1936 2625 et
1993 2585 2182 2625 verum

599 2669 656 2714 et
690 2659 1072 2727 Uuigeuitum,
1105 2668 1158 2714 et
1191 2659 1265 2712 dii
1297 2663 1647 2714 nominemur
1703 2662 1804 2715 etsi
1837 2661 2090 2718 homines
2113 2664 2183 2727 τί,

600 2766 710 2805 non
759 2750 884 2818 jure
917 2750 1139 2818 quidem
1178 2759 1236 2804 ut
1288 2766 1451 2806 verus
1504 2750 1651 2805 Deus
1679 2761 1733 2806 et
1759 2751 2002 2807 Verbum
2036 2753 2180 2822 ejus,

601 2844 697 2897 sed
728 2843 1008 2896 voluntate
1035 2842 1124 2896 Dei
1151 2860 1249 2899 nos
1277 2843 1382 2897 hoc
1411 2844 1699 2914 largientis
1727 2845 1836 2909 ;it.a
1865 2847 2010 2899 sicut
2039 2844 2185 2901 Deus

606 2934 989 2988 misericordes
1025 2935 1208 3001 fimus,
1243 2935 1368 2990 licet
1419 2951 1528 2989 non
1564 2935 1740 3005 ipsius
1794 2938 2030 3001 similes,
2084 2953 2185 2992 nec

607 3036 801 3080 natura
835 3043 963 3081 vere
999 3028 1379 3082 benel‘actores
1413 3028 1616 3082 eﬂccti.
1676 3027 1836 3081 Prior
1864 3031 2012 3082 enim
2045 3028 2186 3084 Deus

607 3118 770 3172 nobis
797 3119 940 3172 bona
974 3134 1074 3174 sua
1123 3119 1344 3182 tribuit,
1380 3127 1436 3172 ut
1483 3136 1604 3188 qua:
1637 3120 1716 3173 sic
1750 3120 1910 3174 nobis
1951 3120 2185 3191 largitus

607 3217 710 3272 est,
741 3209 864 3263 aliis
908 3217 962 3263 et
1014 3226 1115 3264 nos
1164 3211 1560 3274 tniniStremus,
1596 3212 1808 3280 absque
1858 3212 1966 3265 ulla
1999 3227 2185 3282 perso-

607 3317 800 3355 narum
849 3301 1202 3366 discretione,
1253 3319 1447 3357 outnes
1477 3320 1630 3372 aeque
1663 3305 2011 3372 atljuvantes.
2070 3305 2186 3360 Hac

608 3392 749 3446 enim
796 3392 1030 3454 ratione,
1080 3409 1187 3446 nou
1223 3393 1354 3457 alia,
1392 3394 1482 3448 Dei
1519 3394 1826 3451 imitatores
1879 3395 1999 3451 ﬁeri
2051 3412 2184 3466 pos-

609 3499 823 3547 sumus,
855 3484 1077 3554 quando
1113 3485 1328 3540 caeteris
1361 3496 1586 3556 accepta
1619 3487 1688 3540 ab
1723 3502 1787 3540 eo
1820 3487 2146 3544 dividimus.

2212 3158 2255 3216 C

2284 1927 2570 1998 γενώμεθα
2595 1927 2764 1996 κτήνη
2808 1923 3214 1995 παραγγέλλει,
3253 1944 3272 1974 ι
3299 1925 3389 1995 Μὴ
3418 1924 3641 1992 γίνεσθε
3675 1924 3757 1987 ὡς
3791 1924 3880 1974 ἶπ-

2286 2040 2386 2085 πος
2414 2023 2509 2075 καὶ
2538 2020 2780 2091 ἡμίονος,
2813 2037 2830 2069 ι
2891 2017 2977 2069 ἵνα
3017 2018 3092 2089 μὴ
3133 2016 3193 2070 τὸ
3225 2017 3418 2084 ἀλογον
3438 2018 3673 2072 ἐκείνων
3706 2034 3880 2087 μιμη-

2287 2113 2508 2184 σώμεθα
2532 2129 2544 2141 ·
2585 2111 2757 2174 οὕτως
2781 2112 2878 2180 οὐχ
2908 2111 2995 2163 ἵνα
3039 2109 3329 2180 γενώμεθα
3363 2110 3439 2174 ὡς
3459 2113 3488 2163 6
3510 2111 3650 2173 Θεὸς
3683 2110 3839 2179 ἔλεγε
3857 2151 3876 2174 ,

2291 2225 2308 2258 ι
2334 2204 2552 2258 Γίνεσθε
2581 2203 2924 2273 οἰκτίρμονες
2951 2201 3026 2263 ὡς
3068 2204 3096 2254 6
3137 2202 3348 2271 Πατὴρ,
3394 2220 3416 2252 ι
3447 2201 3558 2254 ἀλλ’
3586 2202 3701 2265 ἵνα,
3739 2200 3877 2270 πρὸς

2283 2299 2382 2363 τὰς
2413 2297 2730 2370 εὐεργεσίας
2769 2296 2976 2349 ἐκείνου
3010 2294 3318 2364 βλέποντες,
3355 2295 3392 2347 ἃ
3413 2292 3682 2364 ποιοῦμεν
3708 2291 3873 2357 καλά,

2288 2394 2362 2464 μὴ
2409 2393 2474 2444 δι’
2510 2390 2862 2461 ἀνθρώπους,
2908 2388 3042 2443 ἀλλά
3081 2388 3146 2440 δι’
3185 2387 3347 2440 αὑτὸν
3394 2386 3640 2456 ποιῶμεν
3668 2403 3683 2414 ·
3731 2385 3875 2438 ὥστε

2286 2485 2415 2554 παρ’
2440 2482 2627 2538 αὑτοῦ.
2648 2481 2740 2534 καὶ
2763 2481 2838 2552 μὴ
2864 2479 3011 2549 παρά
3028 2479 3125 2532 ἀνθ
3135 2478 3354 2549 ρώπων,
3377 2479 3466 2530 τὸν
3489 2477 3684 2548 μισθὸν
3707 2477 3874 2546 ἔχειν.

2288 2575 2499 2643 Ὠσπερ
2537 2573 2644 2643 γὰρ
2673 2574 2789 2635 ἐνὸς
2823 2572 2974 2634 δντος
3017 2570 3147 2624 Υἰοῦ
3176 2569 3337 2638 φύσει
3362 2571 3456 2622 καὶ
3483 2568 3744 2639 ἀληθινοῦ
3783 2569 3873 2622 καὶ

2290 2665 2632 2736 μονογενοῦς,
2670 2663 2940 2733 γενόμεθα
2980 2663 3054 2730 (l)
3089 2663 3184 2716 καὶ
3215 2665 3375 2733 ἡμεῖς
3403 2663 3509 2715 υἱοὶ
3547 2662 3694 2715 κατά
3717 2662 3875 2732 χάριν

2285 2755 2380 2808 τοῦ
2427 2755 2796 2817 καλέσαντο-ς’
2852 2754 2946 2806 καί
2997 2753 3277 2824 ἄνθρωποι
3345 2753 3715 2824 τυγχάνοντες
3763 2753 3875 2806 θεοὶ

2286 2845 2697 2918 χρηματίξομεν
2725 2845 2820 2915 (‘2),
2852 2845 2948 2916 οὐχ
2984 2845 3059 2908 ὡς
3081 2847 3108 2898 6
3133 2846 3387 2914 ἀληθινὸς
3418 2845 3608 2916 eam
3632 2845 3663 2896 6
3687 2845 3875 2897 τούτου

2286 2936 2457 3005 Λόγος
2483 2953 2498 2968 ⁶
2534 2935 2647 2988 ἀλλ’
2670 2936 2744 2998 ὡς
2779 2936 3043 3006 ἠθέλησεν
3071 2937 3099 2987 6
3124 2936 3284 2990 τοῦτο
3314 2938 3686 3007 χαρισάμενος
3707 2936 3842 2998 Θεός
3860 2953 3874 2964 ·

2287 3027 2430 3081 οὕτω
2481 3027 2576 3079 καὶ
2627 3027 2702 3090 ὼς
2752 3029 2779 3079 6
2840 3026 2973 3090 Θεὸς
3020 3027 3365 3098 οἰκτίρμονες
3416 3027 3712 3096 γινόμεθα,
3779 3028 3876 3080 οῦκ

2287 3120 2628 3190 ἐξισούμενοι
2682 3119 2759 3189 τῷ
2799 3119 2936 3190 Θεῷ,
2998 3121 3119 3173 οὐδὲ
3153 3120 3312 3189 φύσει
3353 3122 3448 3172 καὶ
3491 3119 3740 3189 ἀληθινοὶ
3787 3120 3875 3171 εύ-

2293 3212 2513 3283 εργέται
2551 3210 2858 3281 γινόμενοι·
2912 3212 2972 3264 οὐ
3018 3212 3126 3282 γὰρ
3173 3211 3333 3281 ἡμῶν
3376 3210 3597 3280 εὕρημα
3634 3210 3696 3262 1:6
3727 3210 3875 3280 εύερ·

2292 3309 2492 3374 γετεῖν,
2530 3305 2667 3359 ἀλλὰ
2712 3304 2806 3357 τοῦ
2844 3305 2976 3359 Θεοῦ
3013 3323 3025 3336 ·
3059 3307 3148 3361 ἵνα
3168 3306 3224 3359 δὲ
3255 3306 3392 3360 αύτά
3438 3307 3506 3358 τὰ
3549 3307 3704 3376 παρὰ
3745 3303 3873 3356 Θεοῦ

2291 3397 2372 3460 εἰς
2416 3397 2565 3466 ἡμᾶς
2617 3394 2760 3448 κατὰ
2801 3397 2959 3466 χάριν
3023 3398 3313 3466 γινόμενα,
3356 3397 3530 3449 ταῦτα
3577 3397 3674 3449 καὶ
3720 3397 3872 3465 ἡμεῖς

2295 3489 2720 3559 μεταδιώκωμεν
2745 3490 2824 3552 εἰς
2856 3489 3098 3560 ἐτέρους,
3123 3491 3200 3562 μὴ
3237 3490 3666 3560 διακρινόμενοι,
3697 3487 3872 3548 ἀτελῶς

608 3577 663 3631 δὲ
703 3579 783 3638 εἰς
826 3577 1032 3640 πάντας
1063 3576 1392 3643 ἐκτείνοντες
1432 3577 1528 3648 τὴν
1565 3578 1884 3648 εὐεργεσίαν
1909 3595 1923 3610 ’
1978 3579 2121 3634 κατά
2156 3579 2316 3635 τοῦτο
2349 3582 2456 3654 γὰρ
2491 3582 2652 3653 μόνον
2686 3579 2963 3652 δυνάμεθά
2985 3599 3100 3645 πως
3133 3581 3298 3636 αὑτοῦ
3331 3583 3571 3652 μιμηταὶ
3603 3580 3871 3650 γενέσθαι,

608 3669 701 3724 καί
729 3669 829 3723 ούκ
862 3668 1036 3732 ἄλλως
1060 3685 1074 3699 ·
1125 3669 1206 3723 ὅτι
1233 3670 1366 3740 παρ’
1390 3669 1554 3722 αὑτοῦ
1581 3670 1936 3741 διακονοῦμεν
1965 3669 2237 3742 ἀλλήλοις.

608 3804 807 3870 111,16.
843 3803 994 3858 Sicut
1026 3814 1074 3858 et
1107 3805 1160 3857 in
1191 3803 1433 3857 omnibus
1468 3804 1727 3872 epistolis,
1777 3805 1992 3872 loquens
2027 3805 2084 3858 in
2113 3805 2190 3858 eis

677 3877 741 3930 de
787 3875 908 3930 his:
945 3877 997 3929 in
1039 3875 1228 3945 quibus
1275 3884 1398 3928 sunt
1439 3875 1684 3944 quantum
1740 3873 1982 3944 diﬂicilia
2032 3874 2193 3928 intel-

675 3947 834 4001 lectu.

683 4078 878 4148 Cyrilli
931 4077 1304 4132 Alexandrini.
1343 4075 1574 4131 Videtur
1628 4076 1913 4132 nonnullis
1972 4079 2194 4148 sapien-

612 4171 863 4226 tissimus
897 4168 1099 4224 Paulus
1143 4167 1280 4222 dura
1309 4167 1483 4237 loqui,
1522 4178 1617 4221 aut
1671 4186 1690 4217 ι
1729 4165 1976 4221 diﬂicilia
2029 4168 2194 4222 intel-

610 4265 780 4322 lectu.
810 4282 828 4315 ι
867 4271 924 4317 ιιι
957 4278 1120 4318 voces
1144 4271 1463 4317 sanctorum
1496 4259 1875 4328 apostolorum
1907 4275 2189 4329 usurpem.

610 4352 847 4420 Quando
879 4361 1062 4406 autem
1095 4366 1336 4421 superna
1364 4350 1634 4419 sapientia
1661 4348 1953 4415 redundat,
1986 4363 2096 4404 non
2133 4351 2188 4404 in

612 4445 847 4500 dubium
880 4443 1129 4499 revocari
1163 4450 1437 4514 possunt;
1472 4440 1718 4512 loquitur
1756 4441 1904 4496 enim
1935 4440 2192 4498 Christus

613 4534 669 4588 in
709 4535 848 4603 ipso.

615 4645 705 4711 III,
742 4647 822 4699 l7.
869 4645 973 4698 Vos
1001 4646 1184 4715 igitur,
1209 4643 1428 4714 fratres.
1457 4646 1789 4714 prwscicntes
1821 4642 2107 4706 custodite,
2134 4657 2196 4715 ne

688 4714 1049 4784 insipientium
1095 4731 1275 4770 errore
1309 4715 1547 4769 traducti
1595 4715 1857 4770 excidatis
1907 4731 1941 4767 a
1977 4714 2196 4782 prapria

686 4790 960 4857 ﬁrmitate.

692 4897 905 4966 Cyrilli.
939 4896 1256 4967 Respucudi
1288 4895 1456 4966 igitur
1498 4893 1881 4964 hujuscemodi
1917 4893 2194 4956 homines,

625 4989 751 5042 licet
794 5003 994 5042 nomen
1026 4987 1231 5042 Christi
1252 4987 1325 5042 ad
1381 4985 1738 5056 decipiendos
1767 4987 1983 5040 animos
2013 4983 2196 5057 profe-

2223 4579 2272 4638 D

2306 3811 2404 3878 Ὠς
2443 3825 2543 3863 και
2589 3808 2660 3860 ἐν
2699 3808 2923 3873 πάσαις
2955 3806 3084 3872 ταῖς
3117 3805 3519 3878 Ἐπιστολαῖς,
3567 3802 3778 3878 {tumba

2365 3872 2575 3944 ἁὺταῖς
2626 3879 2759 3948 περὶ
2803 3872 3064 3933 τούτων·
3117 3875 3189 3930 ἐν
3233 3873 3323 3942 οἷς
3376 3877 3511 3930 ἐστι
3567 3872 3871 3942 δυσνόητά

2357 3970 2390 4006 τ
2396 3969 2512 4008 ινα.

2369 4087 2676 4156 Κυρίλλου
2717 4083 3192 4153 Ἀλεξανδρείας.
3226 4085 3383 4135 Δοκεῖ
3409 4081 3469 4134 δέ
3499 4099 3645 4134 τισιν
3678 4082 3708 4134 6
3741 4081 3868 4134 πάνυ

2294 4197 2454 4250 σοφος
2488 4180 2694 4242 Παῦλος
2717 4180 2950 4250 δυσχερῆ
2981 4195 3102 4231 τινα
3131 4177 3327 4246 λέγειν,
3343 4177 3462 4247 ἦτοι
3497 4195 3514 4226 ι
3537 4174 3826 4243 δυσνόητα,
3846 4193 3862 4224 ι

2294 4270 2434 4326 κατά
2472 4272 2571 4342 τὴν
2603 4271 2712 4323 τῶν
2741 4270 2912 4338 ἁγίων
2941 4267 3262 4321 ἀποστόλων
3306 4267 3492 4335 φωνήν
3517 4281 3529 4294 ο
3577 4265 3662 4317 ὅτι
3698 4264 3758 4317 δὲ
3792 4280 3867 4316 σο-

2294 4365 2422 4434 φίας
2443 4367 2543 4435 τῆς
2579 4363 2786 4417 ἄνωθεν
2816 4361 3164 4432 μεμέστωται
3201 4359 3375 4413 ταῦτα
3403 4359 3505 4411 οὐκ
3530 4356 3681 4411 ἔστιν
3707 4359 3866 4427 ἀμφι-

2294 4455 2508 4509 6ἀλλειν
2539 4473 2548 4484 ·
2581 4454 2735 4508 λαλεῖ
2765 4453 2875 4526 γὰρ
2905 4454 2962 4505 ὲν
2987 4451 3135 4522 αὐτῷ
3166 4453 3194 4504 6
3227 4449 3482 4520 Χριστός.

2311 4643 2510 4712 ’Υμεῖς
2540 4641 2673 4704 οὖν,
2716 4635 3604 4712 ἀπηπηιξοὶηπρογιξιώσκοντες.
3631 4631 3862 4702 φυλάσ-

2370 4703 2600 4782 ἇεσᾙεη
2634 4713 2735 4764 ἵνα
2999 4703 3126 4761 τῶνδέ
3166 4703 3443 4782 ἀθέσμων
3480 4703 3687 4770 πλάνῃ
3728 4719 3864 4782 (ξω-ο

2369 4776 2773 4851 απαχθέντες,
2801 4779 3100 4845 ἐκπέσητε
3129 4777 3236 4830 τοῦ
3266 4776 3421 4830 ἰδίου
3446 4776 3800 4842 στηριγμοῦ.

2370 4891 2696 4960 Κυρίλλου.
2739 4889 3014 4959 Προσήκει
3049 4887 3228 4941 τοίνυν
3271 4885 3714 4957 ἀποστρέφεσθαι
3751 4884 3862 4945 τοὺς

2298 4984 2569 5045 τοιούτους
2592 5023 2604 5045 ,
2650 4981 2752 5035 κᾶν
2795 4981 2856 5034 τὸ
2885 4981 3054 5050 ὄνομα
3084 4978 3175 5031 τοῦ
3218 4976 3456 5048 Χριστοῦ
3493 4977 3632 5049 πρὸς
3663 4975 3862 5044 ἀπάτην

619 5086 762 5134 rant.
788 5079 906 5150 Ipse
925 5080 1073 5134 enim
1103 5078 1369 5134 Dominus
1398 5090 1588 5134 uoster
1607 5077 1770 5134 Jesus
1798 5079 2050 5134 Christus
2088 5077 2185 5130 hoc

2295 5074 2706 5145 ἀμφιέννυνται.
2745 5069 2923 5125 Αὐτοῦ
2955 5071 3064 5140 γὰρ
3100 5069 3192 5123 τοῦ
3244 5068 3450 5138 Κυρίου
3491 5066 3650 5137 ἡμῶν
3705 5064 3863 5137 Ἰησοῦ

617 5182 894 5242 praecepto
927 5171 1050 5226 lidei
1073 5180 1128 5225 et
1156 5171 1317 5227 saluti
1348 5181 1550 5225 nostrae
1581 5170 1846 5234 consulit,
1874 5170 2002 5223 dum
2035 5169 2190 5222 dicit:

625 5283 644 5316 ι
681 5263 960 5318 Attendite
997 5264 1064 5317 ah
1087 5263 1171 5319 eis
1202 5263 1296 5333 qui
1329 5263 1558 5318 veniunt
1590 5262 1657 5317 ad
1685 5277 1782 5317 vos
1816 5262 1868 5316 in
1898 5262 2195 5316 vestimen-

624 5356 700 5410 tis
728 5357 936 5418 ovium,
965 5355 1300 5410 intrinsecus
1324 5364 1506 5410 autem
1538 5364 1668 5411 sunt
1694 5353 1808 5424 lupi
1840 5367 2065 5422 rapaces
2088 5353 2189 5405 τ’.»

2297 5166 2534 5237 Χριστοῦ
2560 5163 2853 5236 πρόσταξίς
2880 5164 2993 5215 ἐστι
3025 5162 3162 5231 πρὸς
3193 5160 3470 5231 ἡμετέραν
3491 5159 3791 5228 ἀσφάλειάν
3813 5175 3864 5210 τε

2300 5256 2394 5309 καί⁸
2430 5253 2703 5323 σωτηρίαν
2729 5251 2978 5319 λέγοντος
3002 5267 3016 5280 ·
3057 5269 3074 5299 ι
3101 5248 3402 5320 Προσέχετε
3441 5246 3551 5298 ἀπὸ
3576 5245 3688 5297 τῶν
3718 5247 3862 5315 epra-

2303 5347 2482 5420 μένων
2513 5344 2646 5414 πρὸς
2673 5344 2816 5412 ὑμᾶς
2857 5343 2916 5393 ὲν
2955 5338 3074 5392 ὲνδύ
3084 5354 3217 5409 μασι
3243 5337 3552 5408 προϐάτων,
3587 5333 3790 5387 ἔσωθεν
3812 5332 3864 5385 δι

629 5449 693 5505 Et
716 5465 940 5504 rursus:
973 5465 993 5500 ι
1015 5447 1208 5504 Videte
1227 5464 1295 5504 ne
1323 5450 1448 5520 quis
1468 5465 1566 5506 vos
1589 5448 1842 5514 seducat;
1870 5447 2024 5502 multi
2051 5443 2185 5502 enim

2302 5441 2408 5493 εἰσι
2440 5436 2594 5490 λύκοι
2620 5435 2890 5508 ἅρπαγες.
2916 5451 2934 5484 ι
2969 5433 3079 5485 Καὶ
3114 5431 3274 5484 πάλιν
3297 5446 3310 5460 ·
3359 5447 3379 5481 ι
3406 5428 3645 5482 Βλέπετε
3683 5427 3756 5498 μή
3788 5442 3862 5489 τις

695 5588 740 5619 ⁸⁸
780 5588 967 5642 Matth.
1007 5605 1072 5654 ιι,
1112 5587 1196 5641 16.
1277 5587 1322 5620 ⁶⁹
1359 5586 1497 5644 Luc.
1534 5605 1584 5644 vt
1608 5627 1623 5655 ,
1660 5586 1748 5642 36.
1830 5586 1874 5618 ⁷⁰
1911 5583 2103 5640 Matth.
2137 5599 2170 5638 v

2290 5579 2330 5634 Ξ.
2410 5579 2452 5608 '”
2491 5575 2647 5631 Joan.
2688 5589 2788 5638 ιιι,
2827 5572 2877 5627 1.
2955 5570 3000 5602 τ’
3051 5567 3245 5624 Matth.
3277 5583 3388 5633 vn,
3427 5566 3514 5622 15.

701 5702 778 5771 (1)
819 5703 1107 5776 Γενώμεθα
1137 5719 1284 5760 corr.
1321 5717 1433 5759 rec.
1469 5719 1541 5759 ιιι.

2383 5694 2456 5766 (εἴ)
2498 5690 2934 5766 Χρηματίζωμεν
2975 5701 3088 5744 rec.
3122 5700 3196 5741 ιιι.
