4098 6500
203 340 331 397 ιοει

1024 316 1047 331 “
1155 346 1416 404 suasu.
1447 346 1514 403 IN
1561 346 1947 407 EPISTOLAM
1986 354 2007 408 ι
2043 351 2104 406 B.
2142 350 2445 413 JOANNIS.

3330 352 3470 409 1022

202 459 345 529 ὑμᾶς
366 459 619 533 πλανήσῃ
641 478 655 494 ·
689 462 877 518 πολλοὶ
894 465 1004 537 γὰρ
1024 466 1335 524 ἐλεύσονται
1356 470 1447 523 ἐπὶ
1466 470 1544 541 τῷ
1567 471 1765 543 όνόματ

1895 474 2125 532 venient
2156 475 2211 529 in
2244 476 2465 531 nomine
2491 488 2634 535 meo.
2663 472 2915 528 dicentes
2944 490 2957 525 :
3008 470 3127 541 Ego'
3153 487 3273 526 sum
3305 470 3467 525 Chri-
3516 466 3519 469 ’

204 569 304 623 μου
350 553 641 621 λέγοντεςο
697 556 837 625 Ἐγώ
880 561 996 629 εἰμι
1044 562 1072 614 6
1102 561 1369 630 Χριστὸς,
1420 564 1517 618 καὶ
1558 564 1772 629 πολλοὺς

1891 579 2048 635 stus,
2100 576 2156 623 et
2205 568 2408 621 multos
2440 565 2706 623 seducent
2746 565 2809 617 ".
2856 584 2874 615 ι
2929 563 3255 618 Conclamat
3300 563 3466 617 etiam

200 644 566 716 πλανήσουσι.
597 671 614 694 ι
672 650 781 702 Καὶ
828 650 856 703 6
902 651 1115 716 Παῦλος
1155 653 1293 725 βοᾷ·
1340 679 1358 706 ι
1386 654 1626 710 Βλέπετε
1660 659 1772 721 τοὺς

1892 663 2147 718 Paulus:
2190 682 2207 713 ι
2250 662 2443 717 Videte
2503 674 2692 722 canes,
2726 657 2908 713 videte
2954 656 3126 710 malos
3182 656 3469 724 operarios

197 736 385 798 κύνας,
426 736 652 805 βλέπετε
703 739 829 802 τοῦς
864 743 1067 805 κακοὺς
1109 743 1348 813 ἐργάτας
1399 745 1499 816 τῆς
1548 748 1772 811 πίστεως

1892 748 2015 806 ﬁdei
2044 749 2099 804 in
2133 748 2419 803 Dominum
2440 746 2627 805 Jesum
2651 746 2718 800 ⁷⁵.
2752 764 2771 799 ι

195 828 292 897 τῆς
335 829 417 891 εὶς
444 828 536 883 τὸν
583 829 785 901 Κύριον
821 832 1047 903 Ἰησοῦν.
1095 853 1113 884 ι

266 962 311 992 ⁷³
340 961 539 1021 Matth.
574 980 731 1031 χχιιι,
769 966 824 1019 4.
901 966 946 997 ⁷⁸
980 966 1215 1038 Philipp.
1252 984 1334 1034 ιιι,
1368 968 1424 1023 2.

838 1303 991 1393 AD
1063 1302 1737 1397 EPISTOLAM
1818 1304 1851 1391 Ι
1922 1304 2182 1395 DIVI
2256 1301 2809 1393 JOANNIS.

190 1646 274 1722 (1)
324 1648 386 1702 '0
423 1650 572 1714 Θεὸς
607 1648 733 1717 φῶς
764 1648 896 1722 ἐστι
920 1688 935 1712 ,
971 1650 1068 1722 καὶ
1100 1651 1313 1707 σκοτία
1362 1640 1429 1706 ἐν
1468 1650 1630 1718 αὐτῷ
1672 1655 1772 1709 οὐκ

1922 1652 1963 1720 Ι,
1993 1654 2045 1709 5.
2076 1652 2217 1707 Deus
2253 1654 2347 1707 lux
2370 1662 2469 1716 est,
2496 1663 2544 1706 et
2572 1650 2796 1706 tenebrat
2830 1651 2881 1705 in
2898 1668 2957 1706 eo
2986 1669 3087 1705 non
3124 1663 3247 1707 sunt
3281 1652 3428 1708 αιιω.

754 1721 926 1773 ἔστιν
956 1721 1224 1791 οὐδεμία.

264 1832 597 1899 Κυρίλλου.
644 1833 713 1883 Ἢ
764 1833 846 1884 ὅτι
903 1836 1024 1886 κατ’
1070 1833 1260 1887 οὐσίαν
1310 1834 1427 1903 φῶς
1471 1835 1707 1907 ὑπάρχει
1754 1839 1784 1890 6

192 1919 348 1984 Θεὸς,
380 1923 441 1974 ὲν
470 1925 585 1985 τοῖς
615 1924 671 1976 ὲν
696 1924 843 1993 αὐτῷ
868 1923 953 1976 διὰ
977 1924 1086 1976 τῶν
1114 1925 1327 1997 ἀρετῶν
1361 1927 1778 1997 περιπατοῦσιν,

190 2010 409 2080 ἀληθῶς
444 2012 559 2080 φῶς
583 2012 872 2083 γενόμενος
894 2030 906 2043 ·
940 2014 973 2085 ἢ
1016 2015 1236 2068 σκοτίαν
1269 2013 1368 2086 τὴν
1397 2015 1596 2069 κακίαν
1631 2016 1781 2086 λέγει

189 2101 279 2155 διὰ
306 2104 437 2165 τοὺς
475 2104 781 2168 Ἰουδαίους.

200 2211 552 2287 Ἅγαπῃτ-οὶ,
599 2214 712 2287 οίικ
768 2214 1030 2287 ἐντολὴν
1078 2216 1299 2287 καινὴν
1358 2218 1558 2287 γράφω
1616 2220 1778 2287 ὑμῖν,

258 2283 398 2357 ᾀλεΐ
439 2282 707 2357 ἐντοᾼὴν
735 2285 1018 2357 παλαιὰν,
1066 2284 1146 2352 ἣν
1173 2282 1510 2355 εἴχετε”ἀέι⁹
1545 2282 1776 2357 ἀρρέῆςέ

257 2353 296 2435 ἡ
326 2352 553 2435 errati!
578 2355 612 2420 ἠ
639 2354 863 2407 παλαιά
889 2355 1061 2408 ἐστιν
1080 2359 1113 2410 ό
1131 2352 1335 2425 λόγος,
1380 2357 1452 2411 ὃν
1475 2352 1780 2427 ὴκόύῦἀτε

257 2423 359 2475 ἀπ’
390 2423 611 2491 ἀρχῆς·

258 2533 591 2599 Κυρίλλου.
622 2534 757 2603 Περὶ
778 2534 999 2605 ἀγάπης
1025 2535 1153 2605 ύμῖν
1177 2536 1562 2608 διαλεγόμενος
1581 2555 1595 2569 ο
1620 2539 1780 2593 τοῦτο

186 2622 295 2693 γάρ
322 2624 444 2676 ἐστι
463 2623 524 2675 τὸ
545 2643 562 2674 ι
590 2622 772 2687 καθὼς
792 2626 998 2687 ἐκεῖνος
1029 2618 1461 2697 περιεπάτησεν)
1487 2632 1545 2683 ὲν
1564 2628 1774 2702 ἀγάπγγ

183 2713 261 2774 ὡς
304 2712 416 2785 γὰρ
465 2714 627 2777 αὐτὸς
668 2716 696 2767 6
740 2715 944 2784 Κύριος
986 2715 1178 2783 ἕλεγε’
1233 2735 1250 2767 ι
1280 2718 1516 2782 Μείζονα
1559 2718 1766 2788 ταύτης

189 2806 409 2875 ἀγάπην
454 2805 626 2867 οὐδεὶς
667 2805 780 2874 ἔχει
837 2806 1204 2871 ἐνδείξασθαι,
1251 2808 1284 2877 ἢ
1334 2808 1421 2861 ἵνα
1452 2826 1535 2872 τις
1573 2809 1637 2880 θῇ
1681 2809 1779 2880 τὴν

186 2899 366 2970 ψυχὴν
413 2898 582 2952 αὑτοῦ
619 2898 759 2969 ὑπὲρ
791 2898 899 2953 τῶν
940 2899 1110 2969 φίλων
1134 2900 1323 2955 αὑτοῦ.
1360 2919 1378 2951 ι
1429 2902 1646 2973 Ταύτην
1684 2898 1777 2957 οὖν

1957 1830 2169 1901 Cyrilli.
2207 1831 2298 1885 Sic
2340 1831 2418 1883 ait
2452 1832 2530 1886 vel
2558 1832 2684 1900 quia
2720 1830 2861 1885 Deus
2898 1831 3340 1886 substantialiter
3376 1831 3464 1885 lux

1883 1932 1989 1989 est,
2022 1934 2297 1993 quatenus
2331 1924 2397 1978 iis
2428 1924 2745 1977 hemiuibus
2781 1924 2873 1991 qui
2914 1924 2966 1975 iu
3000 1924 3121 1990 ipso
3166 1924 3466 1978 virtutibus

1884 2018 2001 2072 suis
2034 2018 2344 2080 ambulant,
2373 2033 2501 2070 vere
2527 2018 2617 2070 lux
2653 2016 2903 2079 edicitur,
2945 2016 3027 2069 vel
3052 2017 3306 2071 tenebras
3333 2016 3468 2071 dicit

1883 2107 2187 2178 nequitiam
2221 2117 2443 2176 proliter
2462 2105 2702 2160 Judaeos.

1882 2219 1949 2283 ll,
1980 2219 2031 2273 7.
2078 2218 2416 2281 Charissimi,
2463 2235 2565 2271 non
2599 2216 2907 2270 mandatum
2948 2231 3133 2269 novum
3166 2213 3339 2267 scribo
3372 2231 3463 2268 vo-

1955 2292 2054 2352 bis,
2088 2289 2179 2343 sed
2229 2289 2543 2342 mandatum
2594 2298 2760 2346 vetus.
2790 2286 2927 2356 quod
2959 2284 3323 2356 habuistisab
3359 2285 3464 2356 ini:

1954 2362 2028 2441 tio
2048 2376 2075 2440 ;.
2095 2359 2406 2413 mandatum
2428 2368 2569 2412 vetus
2600 2368 2677 2412 est
2719 2351 2953 2423 verbum,
2976 2356 3113 2425 quod
3138 2354 3364 2409 audistis
3396 2351 3463 2407 ab

1954 2442 2129 2484 mmo.

1951 2539 2162 2610 Cyrilli.
2204 2538 2283 2593 De
2328 2537 2597 2592 charitate
2625 2536 2873 2602 dissero;
2901 2536 3002 2589 hoc
3027 2536 3167 2589 enim
3191 2535 3465 2603 signiﬁcat

1880 2631 2016 2686 illud
2068 2650 2087 2683 ι
2129 2632 2275 2687 sicut
2330 2630 2447 2699 ipse
2476 2629 2782 2684 ambulavit
2822 2648 2839 2680 ι
2878 2629 2932 2682 iu
2976 2628 3269 2682 charitate.
3324 2627 3461 2682 Nam

1880 2723 2026 2778 idem
2062 2723 2282 2777 dixerat
2315 2721 2433 2791 ipse
2464 2720 2730 2775 Dominus
2761 2735 2773 2770 :
2826 2739 2844 2771 ι
2898 2720 3157 2788 Maiorem
3193 2720 3293 2773 hac
3324 2718 3463 2774 dile-

1879 2817 2122 2871 ctionem
2154 2829 2317 2870 nemo
2351 2814 2535 2877 habet,
2585 2822 2644 2866 ut
2672 2813 2910 2866 animam
2939 2829 3092 2867 suam
3138 2823 3301 2881 ponat
3335 2812 3461 2880 quis

1879 2924 1980 2979 pro
2035 2908 2229 2962 amicis
2290 2907 2409 2961 suis
2444 2906 2513 2960 ⁷⁵.
2564 2924 2584 2958 ι
2635 2904 2710 2959 De
2768 2905 3032 2960 eharitate
3094 2906 3259 2974 igitur
3310 2919 3461 2958 man-

185 2992 285 3061 τὴν
333 2993 467 3063 περὶ
505 2991 727 3061 ἀγάπης
775 2991 998 3062 ἐντολὴν
1039 2992 1099 3045 ού
1137 2993 1333 3062 καινὴν
1373 2994 1572 3063 γράφω
1606 2994 1734 3062 ὑμῖν
1760 3010 1772 3025 ·

1880 3000 2069 3055 datum
2097 3014 2208 3053 non
2242 3012 2442 3051 novum
2480 2998 2667 3052 scribo
2704 3014 2716 3050 :
2746 2997 3073 3063 jamdudum
3105 2999 3249 3051 enim
3278 3012 3307 3049 a
3334 3013 3462 3067 pro-

187 3088 351 3141 πάλαι
395 3089 507 3159 γὰρ
547 3088 715 3156 αὐτὴν
746 3086 833 3140 διὰ
876 3087 984 3139 τῶν
1028 3086 1325 3157 προφητῶν
1365 3088 1734 3157 ἐπηγγείλατο
1759 3105 1771 3118 ·

194 3199 212 3231 ι
239 3180 312 3232 Οὐ
346 3179 461 3251 γὰρ
486 3176 750 3249 πρέσόὖς,
775 3178 959 3247 φησιν,
994 3178 1095 3230 ούκ
1124 3178 1376 3246 ἄγγελος,
1412 3177 1525 3230 ἀλλ’
1552 3178 1715 3240 αὐτὸς
1747 3179 1776 3231 6

186 3271 395 3340 Κύριος
440 3270 641 3323 ἔσωσεν
676 3269 895 3334 αὐτοὺς,
943 3268 1030 3321 διὰ
1072 3268 1132 3321 τὸ
1173 3269 1395 3338 ἀγαπᾷν
1438 3268 1638 3330 αὐτοὺς
1682 3268 1776 3321 καὶ

186 3362 455 3431 κήδεσθαι
483 3358 683 3413 αὐτῶν.
718 3378 736 3411 ι

188 3473 412 3544 Γράφω
443 3473 605 3540 ὑμῖν,
645 3472 896 3544 πατέρες
920 3489 933 3502 ο
972 3471 1185 3544 γράφω
1219 3472 1383 3541 ὑμῖν,
1421 3474 1733 3529 νεανίσκοι
1759 3490 1773 3507 ⁸

651 3543 856 3612 γράφω
882 3542 1044 3612 ὑμῖν,
1083 3544 1310 3597 παιδία.

256 3656 590 3724 Κυριλλου.
645 3654 889 3719 Ἦλικξας
936 3656 1169 3711 ἐνταῦθά
1221 3675 1311 3728 μοι
1354 3660 1465 3713 νόει
1510 3660 1653 3713 κατὰ
1684 3660 1777 3713 τὸν

188 3747 297 3808 ἔσω
326 3748 620 3821 ἄνθρωπον
645 3764 659 3777 ’
708 3748 768 3801 ού
804 3748 910 3817 γὰρ
942 3750 971 3801 6
1002 3747 1393 3822 εύαγγελιστὴς
1431 3752 1569 3823 πρὸς
1600 3751 1776 3822 βρέφη

188 3839 422 3911 ἔγραφε.
471 3841 583 3893 Καὶ
613 3839 822 3893 νεανίαι
876 3840 994 3909 μὲν,
1036 3842 1083 3893 οἱ
1134 3842 1214 3905 εἰς
1270 3843 1493 3915 ἀνδρίαν
1531 3844 1777 3908 ἐλθόντες

187 3934 606 4005 πνευματικήν·
658 3932 961 4002 πρεσϐῦται
1002 3933 1080 3998 δὲ,
1128 3934 1177 3986 οἱ
1223 3935 1302 3998 εἰς
1352 3938 1612 4008 φρόνησιν
1648 3936 1776 3990 ἐλά-

188 4040 430 4089 σαντες·
490 4024 676 4094 νήπιοι
727 4023 823 4088 δὲ,
878 4025 927 4077 οἱ
977 4024 1036 4077 ὲν
1087 4025 1312 4097 Χριστῷ
1362 4028 1485 4082 ἄοτι
1550 4027 1776 4081 πιστεύ-

184 4131 409 4179 σαντες.

181 4229 276 4297 Mi;
316 4228 583 4298 ἀγαπᾶτε
610 4229 1001 4300 τὸν-κόσμον,
1045 4228 1203 4297 μηδὲ
1227 4229 1297 4284 τὰ
1323 4230 1393 4283 ἐν
1429 4230 1510 4297 τῷ
1545 4233 1771 4300 κόσμῳ.

1880 3091 2041 3161 pheta
2078 3090 2349 3160 prolatum
2386 3097 2466 3143 est
2502 3088 2722 3142 dicente
2752 3103 2764 3138 :
2799 3105 2817 3138 ι
2847 3086 2965 3140 Non
3017 3088 3247 3158 legatus,
3282 3104 3462 3158 neque

1879 3183 2131 3252 angelus,
2157 3182 2249 3237 sed
2285 3182 2407 3250 ipse
2442 3179 2710 3233 Dominus
2738 3180 2981 3235 servavit
3010 3194 3126 3245 eos,
3156 3181 3301 3251 quod
3335 3182 3463 3235 dili-

1878 3282 2029 3344 geret
2059 3288 2155 3329 eos
2183 3281 2238 3327 et
2267 3272 2581 3327 consuleret
2606 3272 2687 3326 eis
2708 3272 2773 3326 ⁷⁸.
2808 3289 2827 3325 ι

1879 3471 1945 3537 Π,
1980 3472 2062 3525 15.
2104 3470 2290 3525 Scribe
2328 3469 2493 3531 vobis,
2520 3478 2727 3535 patres;
2757 3466 2929 3521 scribo
2961 3467 3127 3523 vobis.
3153 3467 3461 3524 adolescan-

2281 3549 2386 3603 tes;
2425 3539 2597 3592 scribo
2622 3540 2787 3600 vobis,
2821 3538 3071 3606 infantes.

1950 3654 2161 3726 Cyrilli.
2193 3652 2405 3707 [Etates
2436 3652 2539 3706 hoc
2569 3648 2690 3706 loco
2723 3668 2934 3707 mecum
2976 3651 3219 3721 intellige
3261 3667 3460 3707 secun-

1878 3746 2007 3801 dum
2047 3746 2362 3800 interiorem
2390 3744 2665 3799 hominem
2696 3763 2710 3811 ;
2746 3760 2922 3814 neque
2952 3745 3096 3798 enim
3126 3745 3459 3815 evangelista

1880 3836 1945 3890 ad
1970 3835 2206 3891 infantes
2240 3837 2530 3892 scriberet.
2565 3834 2630 3890 Et
2664 3836 3047 3892 adolescentes
3080 3835 3299 3905 quidem
3332 3842 3459 3890 sunt

1878 3928 1972 3997 qui
2023 3928 2090 3980 ad
2134 3927 2434 3996 spiritalem
2470 3925 2778 3980 firmitatem
2824 3935 3225 3995 pervenerant;
3277 3942 3458 3991 senes,

1879 4020 1971 4091 qui
2031 4018 2375 4090 prudentiam
2433 4016 2720 4074 assecuti:
2776 4016 3017 4073 infantes
3052 4018 3311 4087 denique,
3362 4017 3456 4088 qui

1879 4128 2056 4184 nuper
2083 4112 2452 4167 crediderant.

1880 4229 1942 4293 ll,
1978 4228 2064 4282 15.
2104 4226 2287 4281 Nolite
2335 4225 2553 4296 diligere
2610 4224 2887 4287 mundum,
2931 4243 3091 4294 neque
3143 4243 3204 4280 ea
3238 4243 3354 4295 qua:
3404 4227 3456 4280 in

265 4296 523 4384 Fair-"uc
542 4297 743 4384 d‘rafzgi
767 4298 887 4384 ζόη
896 4296 1150 4367 κόσμον,
1182 4302 1292 4353 οὐκ
1314 4296 1487 4355 ἔστιν
1512 4303 1549 4371 ἠ
1572 4296 1772 4371 ἀγᾶπη

1953 4300 2152 4384 ιιιιιηάρ
2184 4306 2336 4379 εαξη..
2364 4296 2421 4349 Si
2450 4298 2567 4365 quis
2596 4296 2772 4365 diligit
2802 4297 3077 4359 mundum,
3106 4315 3207 4350 non
3237 4307 3312 4351 est
3340 4298 3448 4351 cha-

252 4371 366 4424 τοῦ
393 4370 621 4437 Πατρὸς
642 4369 711 4422 ἐν
735 4367 911 4435 αὐτῷ.

254 4482 587 4551 Κυρίλλου.
630 4481 741 4534 Καὶ
768 4481 821 4534 τί
858 4481 926 4535 τὰ
947 4483 1005 4534 ἐν
1042 4481 1120 4553 τῷ
1154 4482 1345 4553 κόσμῳ
1378 4482 1410 4554 ἦ
1452 4483 1769 4554 ματαιότης,

186 4576 253 4646 ἢν
292 4574 377 4627 ἐπ’
408 4573 583 4626 οὐδενὶ
621 4572 730 4625 τῶν
764 4573 1051 4643 χρησίμων
1090 4574 1321 4647 τηροῦσί
1350 4590 1532 4637 τινες;
1564 4576 1770 4643 Ἤγουν

186 4664 443 4735 ἐμμόνως
462 4663 699 4734 ὁρῶνται
723 4663 1054 4732 πράττοντες
1077 4681 1091 4695 ·
1124 4666 1152 4717 6
1174 4665 1427 4735 περιττὸς
1457 4667 1550 4719 καὶ
1580 4666 1770 4738 ἀνόνη-

184 4772 279 4819 τος
309 4754 402 4807 τοῦ
438 4753 702 4824 παρόντος
740 4754 857 4823 βίου
888 4756 1273 4825 περισπασμός
1296 4774 1311 4788 ο
1358 4759 1391 4827 ἡ
1434 4757 1542 4809 τῶν
1578 4776 1769 4829 κοσμι-

185 4845 300 4897 κῶν
336 4842 641 4912 ἐπιθυμιῶν
675 4844 985 4914 χυδαιότης.
1044 4845 1349 4915 Ἐξεστησιν
1390 4847 1535 4915 ἡμᾶς
1569 4849 1597 4899 6
1634 4850 1765 4919 Xpt-

187 4934 317 4988 στοῦ
344 4934 591 5006 μαθητὴς
612 4934 754 4988 οὕτω
771 4934 944 5005 λέγων
970 4952 983 4966 ⁶
1020 4937 1138 5006 ιΜὴ
1160 4938 1409 5004 ἀγαπᾶτε
1430 4939 1519 4992 τὸν
1540 4939 1767 5011 κόσμον,

190 5026 326 5097 μηδὲ
349 5028 415 5080 τὰ
439 5028 496 5078 ὲν
522 5025 599 5093 τῷ
631 5026 842 5097 κόσμῳ,
873 5045 892 5078 ι
942 5026 1036 5080 καὶ
1060 5027 1130 5081 τὰ
1160 5026 1306 5098 ἑξῆς.

197 5137 507 5212 Ἀγαᾳτηξοὶ
529 5178 545 5203 ,
587 5138 698 5212 ἐὰν
723 5140 760 5207 ἡ
790 5139 1000 5212 καρδία
1025 5138 1195 5207 ἡμῶν
1219 5139 1306 5212 μὴ
1349 5140 1765 5212 καταγινώσκῃ

312 5206 501 5276 ἡμῶν,
538 5206 882 5275 παρρησίαν
913 5206 1131 5279 ἔχομεν
1161 5206 1310 5278 πρὸς
1337 5212 1441 5264 τὸν
1476 5206 1642 5265 Θεόν.

258 5302 587 5368 Κυρίλλου.
619 5301 763 5364 Ἕως
790 5294 843 5352 εἷ
873 5302 1010 5355 κατὰ
1034 5303 1123 5355 τὸν
1148 5304 1261 5373 βίον
1288 5302 1493 5367 τοῦτον,
1516 5302 1633 5366 ὁδὸς
1657 5302 1764 5374 γὰρ

263 5459 308 5490 ⁷⁵
338 5456 499 5512 Joan.
540 5473 637 5523 xv,
670 5458 758 5513 15.
834 5456 882 5487 ’⁸
914 5456 1017 5511 lsa.
1059 5473 1189 5512 um
1216 5500 1230 5524 ,
1264 5458 1315 5513 9.

261 5592 338 5661 (Ι)
375 5591 450 5645 De
478 5592 674 5665 hocet
706 5608 831 5647 mox
853 5592 1115 5665 sequenti
1142 5593 1231 5665 ςηιι
1266 5609 1409 5665 vers.
1447 5596 1513 5651 15
1539 5611 1659 5665 cap.
1696 5598 1757 5665 ιι)

188 5659 520 5733 fragmento,
566 5661 700 5733 vide
735 5663 888 5717 card.
943 5659 1084 5733 Aug.
1138 5664 1237 5716 Mai
1288 5659 1668 5721 Pra'latium-‘ut
1704 5659 1759 5720 iu

190 5732 324 5787 tum.
373 5732 438 5787 lll
488 5732 736 5788 Biblioth.
784 5750 926 5788 nova:
962 5732 1206 5794 Patrum,
1254 5753 1372 5804 qua:
1414 5746 1589 5792 exstat
1622 5738 1762 5793 inter

1952 4370 2083 4423 ritas
2107 4368 2290 4420 Patris
2319 4368 2371 4419 in
2397 4383 2475 4421 eo.

1950 4475 2163 4547 Cyrilli.
2197 4474 2337 4541 Quid
2365 4490 2428 4528 ea
2456 4491 2577 4545 quae
2602 4476 2653 4530 in
2684 4477 2886 4531 mundo
2913 4489 3110 4548 praeter
3133 4479 3453 4542 vanitatem,

1876 4570 1967 4625 cui
2002 4570 2189 4640 plures
2239 4568 2447 4639 absque
2494 4570 2733 4624 utilitate
2771 4570 3095 4640 indulgent?
3120 4571 3453 4627 Constanter

1874 4662 2127 4717 videlicet
2160 4660 2411 4714 laborare
2446 4659 2719 4725 videntur,
2765 4661 2860 4715 sed
2895 4662 3171 4731 superﬂuo
3202 4670 3256 4717 et
3304 4662 3453 4717 inani

1874 4754 2062 4809 labore
2087 4752 2254 4805 vitam
2289 4750 2610 4805 distrahunt
2642 4766 2819 4816 suam,
2852 4760 2907 4806 et
2946 4752 3147 4807 vilibus
3175 4752 3450 4823 cupidita-

1870 4846 2025 4900 tibus
2059 4843 2386 4897 inserviunt.
2431 4841 2548 4897 Non
2606 4842 2878 4896 immerito
2928 4842 3097 4914 igitur
3130 4860 3231 4899 nos
3276 4844 3345 4899 ab
3371 4845 3452 4899 eis

1874 4938 2113 4992 deterret
2144 4934 2347 4990 Christi
2380 4934 2686 5004 discipulus
2711 4933 2923 4989 dicens:
2957 4953 2975 4985 ι
3011 4935 3193 4991 Nolite
3224 4938 3451 5010 diligere

1877 5029 2168 5094 mundum,
2202 5043 2379 5098 neque
2406 5041 2468 5081 ea
2504 5041 2626 5096 qua:
2655 5026 2707 5079 in
2745 5027 2946 5081 mundo
2974 5036 3125 5093 sunt,
3159 5048 3177 5081 ι
3201 5038 3307 5085 etc.

1875 5140 1971 5206 Ill,
2002 5139 2093 5194 2|.
2125 5138 2465 5210 Charissimi,
2496 5139 2542 5192 si
2584 5149 2941 5210 carinostrum
2974 5156 3076 5193 non
3114 5142 3437 5210 reprehende-

2084 5209 2155 5262 rit
2185 5226 2301 5272 nos,
2332 5209 2583 5278 ﬁduciam
2611 5208 2861 5263 habemus
2884 5210 3024 5279 apud
3048 5208 3235 5267 Deum.

1946 5299 2159 5371 Cyrilli.
2185 5300 2438 5366 Quandiu
2465 5300 2568 5355 hac
2599 5300 2653 5355 in
2686 5300 2794 5355 vita
2818 5300 2989 5358 l'ueris
3021 5305 3171 5370 (nam
3199 5306 3307 5358 vita
3338 5319 3443 5359 non

1869 5592 2259 5662 Prolegomena
2289 5591 2353 5645 ad
2387 5591 2594 5646 hancce
2639 5605 2835 5645 novam
2882 5591 3182 5662 editionem
3225 5589 3437 5662 Cyrilli,

1870 5666 1976 5720 col.
2021 5660 2138 5718 1⁷05.
2170 5691 2237 5702 —-
2270 5663 2496 5732 Reliqua
2526 5662 2835 5732 suppeditat
2868 5671 3059 5717 catena
3087 5660 3435 5717 Cramcriana

1871 5736 2062 5790 Uxunii
2093 5734 2238 5789 edita
2269 5750 2412 5789 anno
2446 5733 2597 5789 [840.
2644 5734 2801 5787 Ευιτ.
