3882 6206
1857 410 1933 422 μ-Ἷ
1945 409 2157 422 -υ--ρ-Ι--ε

464 449 2873 819 ἜῇἷῇἝνῇἷίῇ

265 968 2059 1127 COMMENTARIORUM
2117 980 2319 1126 IN
2382 977 3283 1134 JOANNEM

1236 1261 2270 1381 CONTINUATIO.

151 407 3385 467 Ἥ

464 449 1353 462 Μ
1931 450 2261 460 m—

720 1606 1345 1697 LIBROBUM
1412 1606 1588 1696 VII
1644 1604 1794 1693 ΕΤ
1843 1608 2066 1694 VIII
2145 1608 2896 1702 FRAGMENTA.

1587 1910 1973 1973 LECTORI.

152 2052 301 2108 Libri
342 2052 447 2108 VII
472 2064 520 2108 et
542 2053 961 2137 ‘I’lllnnuspinrn
987 2058 1203 2137 reperiri
1230 2058 1480 2137 bac-tenus
1515 2070 1819 2137 potuerunt.
1849 2062 2098 2137 Qute‘ltic
2119 2064 2294 2130 habes,
2324 2067 2621 2136 fragmenta
2644 2081 2765 2123 sunt
2786 2087 2988 2136 eorum,
3018 2089 3083 2126 ea:
3098 2074 3373 2129 illustria.

221 2142 282 2208 nc
310 2126 649 2208 reuerendiss.
679 2126 754 2207 0..
776 2124 840 2208 de
875 2128 1084 2208 Harl-ay
1110 2124 1727 2208 uolat-iensisepiswpi
1754 2124 1945 2208 catena
1982 2134 2037 2186 in
2051 2124 2334 2208 Joannem,
2358 2124 2475 2191 αὖθι
2511 2141 2943 2207 interpretatione

220 2197 493 2258 Borbonii,
512 2196 697 2265 quibus
735 2197 956 2261 interea,
984 2198 1105 2249 dum
1142 2198 1333 2267 integri
1362 2199 1482 2251 libri
1506 2196 1749 2253 alicunde
1763 2202 2040 2269 prodeant,
2070 2215 2216 2259 utere
2251 2196 2327 2277 (1)

217 2500 383 2573 660
424 2498 750 2563 Ἐξουσίαν
799 2496 937 2565 ἔχω,
970 2498 1123 2568 φησὶ,
1153 2498 1336 2554 θεῖναι
1366 2502 1479 2570 τὴν
1498 2504 1709 2574 ψυχήν

1879 2507 1948 2573 Χ,
1986 2510 2073 2565 18.
2105 2509 2427 2565 Potestatem
2457 2513 2640 2581 habeo,
2666 2516 2861 2586 inquit,
2890 2517 3114 2584 ponendi
3143 2520 3382 2574 animant

148 2611 289 2663 μου.

236 2682 495 2736 Ἐνταῦθα
538 2681 637 2751 μέν
663 2699 747 2735 τοι
774 2681 1013 2735 διδάσκει
1057 2683 1138 2735 ὅτι
1182 2684 1242 2735 οὐ
1285 2685 1443 2754 μόνον
1470 2687 1713 2758 ὑπῆρχεν

154 2776 355 2846 ποιμὴν
386 2774 589 2841 ἀγαθὸς
626 2773 950 2826 κινδυνεύων
993 2773 1133 2844 ὑπὲρ
1167 2774 1266 2845 τῆς
1300 2778 1554 2847 ποίμνης,
1576 2780 1713 2834 ἀλλὰ

155 2870 245 2923 καὶ
272 2868 403 2931 Θεὸς
438 2867 616 2936 φύσει.
648 2867 739 2918 Διὸ
782 2867 880 2918 οὐκ
909 2866 974 2920 ἂν
1018 2866 1109 2919 τὸν
1143 2866 1372 2921 θάνατον
1398 2870 1712 2940 ὑπέμεινεν,

149 2962 300 3033 εἰμὴ
340 2958 481 3013 ἑκὼν
519 2958 608 3011 διὰ
659 2958 720 3011 τὸ
767 2957 911 3028 ἔχειν
964 2957 1424 3030 θεοπρεπέστερον
1470 2961 1715 3025 ἐξουσίαν

151 3054 247 3123 τῆς
295 3050 607 3122 οἰκονομίας
653 3050 858 3121 ταύτης
910 3049 1043 3102 πολὺ
1091 3049 1151 3102 τὸ
1183 3052 1449 3120 χρήσιμον
1486 3053 1715 3123 ἐχούσης

153 3144 293 3215 ὑπὲρ
316 3142 472 3214 ἡμῶν
490 3160 504 3174 '
534 3143 627 3195 καὶ
648 3140 1001 3210 διδασκούσης
1028 3141 1127 3210 τῆς
1159 3141 1252 3193 τοῦ
1278 3142 1435 3209 λόγου
1458 3144 1599 3214 ὑφῆς
1622 3146 1716 3197 καὶ

150 3238 277 3300 τοὺς
313 3235 619 3297 Ἰουδαίους,
682 3234 764 3286 ὅτι
802 3232 1053 3285 οὐδέποτε
1108 3232 1332 3301 ἔμελλον
1365 3234 1528 3288 αὐτοῦ
1563 3253 1717 3307 περι-

152 3327 404 3396 γενέσθαι
446 3326 519 3398 μὴ
547 3326 891 3396 θελήσαντος.
939 3327 1012 3378 Οὐ
1048 3326 1206 3396 μόνον
1234 3328 1290 3381 δὲ
1318 3330 1409 3380 ἐπὶ
1428 3329 1520 3381 τοῦ
1546 3328 1715 3381 θεῖναι

148 3420 249 3491 τὴν
266 3419 467 3489 ψυχὴν,
501 3413 653 3470 εἶπεν
677 3435 695 3466 ι
720 3416 997 3481 Ἐξουσίαν
1027 3417 1155 3489 ἔχω,
1182 3437 1200 3468 ι
1227 3416 1342 3471 ἀλλ’
1360 3420 1452 3471 ἐπὶ
1481 3416 1718 3488 ἀμφοτέ-

154 3531 260 3584 ρων
282 3511 378 3565 τοῦ
407 3528 467 3564 τε
493 3510 721 3565 θανάτου
750 3512 843 3563 καὶ
867 3511 968 3580 τῆς
999 3510 1345 3574 ἀναστάσεως
1369 3512 1452 3574 τὸ,
1481 3530 1498 3561 ι
1539 3513 1717 3577 Ἐξου-

150 3602 271 3655 τίαν
296 3599 426 3669 ἔχω,
472 3617 491 3650 ι
534 3598 755 3669 ἔθηκεν,
784 3598 871 3651 ἵνα
903 3599 977 3671 μὴ
1024 3598 1304 3669 δυνάμεώς
1334 3617 1391 3652 τε
1428 3600 1523 3652 καὶ
1566 3603 1718 3672 ἐνερ-

148 3694 303 3763 γείας
332 3693 525 3764 ἑτέρου
553 3692 808 3762 φαίνηται
851 3691 913 3743 τὸ
958 3691 1291 3762 κατόρθωμα
1322 3692 1573 3763 καθάπερ
1615 3695 1720 3748 ὑπ-

150 3788 321 3861 ηρέτῃ
366 3788 461 3840 καὶ
505 3786 764 3857 ὑπουργῷ
803 3786 923 3839 κατ’
964 3786 1269 3858 ἐπιτροπὴν
1320 3786 1470 3856 αὐτῷ
1505 3803 1715 3856 συγχω-

1813 2618 2001 2654 meam.

1884 2688 1997 2744 Hoc
2043 2706 2259 2761 quoque
2292 2692 2415 2746 loco
2449 2692 2608 2748 docet
2633 2710 2744 2748 non
2790 2695 2967 2751 solum
3008 2712 3069 2753 se
3095 2709 3376 2768 pastorem

1812 2780 2016 2835 bonum
2054 2797 2178 2838 esse
2222 2784 2621 2853 periclitantem
2653 2800 2750 2855 pro
2784 2802 2966 2858 grege,
3000 2789 3096 2843 sed
3120 2796 3175 2843 et
3209 2791 3380 2847 Deum

1813 2882 2029 2928 natura.
2052 2873 2395 2945 Quapropter
2423 2892 2702 2946 nunquam
2736 2888 2965 2934 mortem
2996 2883 3380 2949 sustinuisset,

1814 2967 1922 3021 nisi
1955 2967 2145 3022 volens
2168 2974 2221 3020 et
2249 2968 2417 3031 ultro,
2446 2967 2652 3023 habens
2680 2969 2936 3024 nimirum
2967 2974 3383 3030 convenientem

1815 3054 1926 3109 Deo
1943 3065 2267 3126 potestatem
2306 3059 2474 3113 totius
2498 3059 2728 3127 hujusce
2749 3061 3109 3119 ordinationis
3130 3080 3382 3137 magnam

1816 3150 1977 3204 nobis
2023 3151 2314 3205 utilitatem
2363 3151 2416 3204 in
2463 3167 2526 3206 se
2555 3154 2927 3208 continentis:
2963 3154 3194 3211 docente
3236 3172 3381 3227 prat-

1814 3249 1965 3294 terea
2010 3241 2285 3296 sermonis
2335 3242 2475 3296 serie
2529 3257 2593 3297 ac
2648 3251 2905 3297 contextu
2962 3246 3111 3314 ipsos
3160 3244 3382 3302 Iudaeos

1814 3344 2098 3399 nunquam
2153 3345 2277 3384 eum
2328 3331 2382 3384 in
2431 3339 2701 3401 potestate
2751 3332 3038 3389 habituros
3086 3334 3282 3402 fuisse,
3332 3339 3383 3393 si

1816 3423 2105 3476 noluisset.
2131 3420 2317 3490 Neque
2340 3422 2606 3477 duntaxat
2634 3424 2781 3479 circa
2809 3426 3115 3494 ponendam
3143 3429 3381 3483 animam

1816 3512 1976 3573 dixit,
2019 3530 2038 3562 ι
2078 3510 2410 3566 Potestatem
2455 3512 2665 3575 habeo,
2713 3532 2733 3565 ι
2790 3515 2884 3569 sed
2928 3516 3077 3570 circa
3126 3525 3380 3589 utraque,

1817 3612 2046 3657 mortem
2070 3604 2285 3658 scilicet
2304 3611 2360 3658 et
2386 3605 2863 3672 resurrectionem,
2887 3609 3206 3677 usurpavit:
3233 3627 3254 3661 ι
3278 3609 3386 3665 Po-

1817 3705 2068 3751 testatem
2102 3697 2299 3759 habeo,
2343 3716 2363 3748 ι
2396 3712 2465 3751 ne
2495 3699 2786 3767 potestatis
2841 3706 2894 3753 et
2935 3700 3273 3769 operationis
3300 3704 3381 3757 al-

1818 3788 1992 3842 terius
2045 3787 2294 3841 videatur
2330 3786 2436 3841 hoc
2471 3788 2731 3857 praeclare
2778 3786 3004 3851 factum,
3039 3789 3089 3844 ei
3121 3798 3383 3862 tauquam

152 3877 433 3948 ρούμενον,
478 3878 592 3930 ἀλλ’
641 3878 729 3930 ἵνα
767 3875 981 3946 φύσεως
1038 3878 1173 3940 ἰδίας
1216 3878 1459 3951 ἐπιδείξῃ
1501 3879 1709 3949 καρπὸν

1819 3880 2074 3935 ministro
2105 3887 2159 3934 et
2194 3894 2352 3934 servo
2375 3878 2642 3933 duntaxat
2676 3879 2993 3934 mandatum
3040 3896 3107 3936 ac
3150 3883 3383 3953 permis-

149 3971 208 4023 τὸ
236 3971 331 4023 καὶΙ
379 3970 541 4022 αὐτὸν
570 3968 827 4022 δύνασθαι
870 3969 1308 4036 κατεξουσιάζειν
1347 3970 1456 4023 τῶν
1487 3969 1581 4023 τοῦ
1616 3969 1714 4024 Θα-

148 4061 310 4114 νάτου
342 4060 579 4131 δεσμῶν,
601 4062 695 4113 καὶ
717 4062 802 4129 ἐφ’
829 4061 963 4131 ὅπερ
993 4060 1058 4114 ἂν
1093 4060 1335 4131 βούλοιτο
1358 4063 1720 4133 μετατρέπειν

146 4152 386 4217 εὐκόλως
432 4151 541 4205 τῶν
591 4152 934 4223 πραγμάτων
962 4151 1061 4215 τὰς
1109 4152 1317 4220 φύσεις.
1358 4154 1535 4223 Ὅπερ
1565 4154 1715 4207 ἐστὶν

228 4307 309 4379 (1)
348 4306 442 4362 llis
476 4306 1178 4379 JoannisAAubertiverbis
1214 4305 1468 4379 addimus
1501 4323 1564 4362 ea
1594 4321 1716 4379 qua:

142 4379 219 4433 ad
242 4377 562 4446 fragmenta
593 4378 662 4431 ab
708 4377 827 4445 ipso
862 4377 1112 4446 restituta
1137 4377 1521 4446 iveltprimum
1567 4378 1714 4430 edita

147 4443 371 4502 monuit
391 4448 527 4514 Aug.
561 4446 663 4499 Mai
696 4443 835 4499 Bibl.
883 4445 1035 4499 Nova
1076 4445 1190 4499 PP.
1222 4443 1310 4509 Ill,
1347 4461 1469 4514 pag.
1500 4446 1640 4500 153:

220 4536 240 4569 σ
278 4518 416 4571 Cum
446 4515 994 4587 Cyrilliiamplissima
1033 4523 1209 4587 existet
1234 4516 1289 4568 in
1326 4514 1592 4568 Joannem
1619 4532 1714 4570 ex-

145 4587 472 4658 planatioin
497 4585 785 4658 duodecim
816 4586 984 4639 libros
1027 4585 1248 4647 diﬂ'usa,
1290 4600 1497 4658 eituqua
1533 4594 1715 4658 tamen

144 4654 284 4712 vitio
310 4656 557 4710 codicum
589 4656 856 4724 septimus
887 4664 1049 4722 atque
1076 4663 1304 4709 octavus
1335 4655 1471 4708 liber
1497 4654 1714 4709 excide-

142 4737 293 4791 runt,
312 4740 450 4795 quos
471 4723 687 4778 nonnisi
704 4723 998 4779 Gallicana:
1021 4725 1305 4791 cujusdam
1338 4734 1544 4778 catena:
1575 4725 1713 4778 laci-

143 4798 255 4852 niis
288 4806 568 4863 utcunque
616 4795 890 4849 Aubertus
924 4795 1226 4863 supplevit,
1257 4795 1366 4847 huc
1407 4810 1560 4847 mens
1591 4810 1710 4848 mea

142 4869 519 4922 convertenda
553 4864 654 4917 fuit
688 4883 702 4917 :
734 4872 787 4918 et
820 4864 946 4927 quia
973 4866 1098 4919 libri
1132 4865 1209 4918 illi
1242 4864 1539 4919 desiderati
1571 4880 1710 4917 non-

142 4939 272 4991 dum
308 4935 443 4988 mihi
499 4949 598 4987 nec
628 4935 749 4988 aliis
799 4934 944 4987 obvii
987 4934 1225 4997 fuerunt,
1261 4934 1517 4987 consului
1560 4943 1707 4987 cate-

140 5021 268 5060 nam
304 5006 563 5084 priscam,
602 5004 746 5088 inter
790 5003 1086 5088 Vnaticanas
1138 5012 1507 5083 praestantem,
1542 5020 1703 5081 quam
1735 5028 1779 5088 ο

136 5073 435 5144 ωειθτὸιιιιί
481 5090 603 5127 cum
638 5074 784 5128 edita
813 5073 1094 5144 Gallicana
1128 5073 1451 5143 conspirare
1495 5074 1702 5144 passim

140 5143 500 5215 deprehendi,
534 5146 821 5215 itatamen
855 5152 913 5195 ut
954 5143 1257 5215 fragmenta
1291 5158 1429 5215 nova
1473 5143 1702 5215 aliquot,

141 5213 405 5285 tanquam
445 5215 560 5267 auri
585 5214 1076 5285 dilapsiramenta,
1101 5213 1244 5285 _mihi
1277 5213 1554 5278 obtulerit,
1585 5228 1706 5282 quae

140 5303 211 5341 ne
246 5281 301 5339 in
332 5284 670 5339 Corderiana
709 5284 929 5351 quidem
971 5285 1038 5336 ad
1093 5281 1359 5337 Joannem
1392 5290 1585 5337 catena
1606 5281 1707 5336 Vre-

138 5367 297 5424 pet-ta
340 5365 498 5408 sunt.
528 5353 750 5424 Rursus
791 5369 915 5407 cum
958 5354 1203 5407 decimus
1247 5351 1706 5424 sextus_Macarii

140 5420 413 5479 tractatus
463 5427 517 5477 in
556 5423 756 5481 Lazari
816 5424 1217 5478 resurrectione
1251 5424 1393 5491 apud
1439 5420 1707 5475 Joannem

138 5504 362 5548 narrata
412 5503 559 5548 totus
605 5501 878 5559 vertatur,
914 5508 1034 5561 quae
1079 5508 1208 5562 pars
1236 5492 1518 5563 Cyrilliani
1552 5507 1706 5545 com-

140 5565 399 5618 mentarii
444 5566 500 5619 in
544 5564 833 5634 praedictis
886 5563 1102 5634 lacunis
1135 5562 1300 5617 cubat
1330 5563 1439 5633 (ed.
1473 5562 1702 5634 Aubert.

134 5642 180 5688 ι.
209 5634 301 5700 IV,
335 5651 388 5705 p.
435 5631 599 5705 676),
625 5633 719 5687 hic
768 5648 985 5705 quoque
1022 5631 1352 5705 llIacarium;
1380 5631 1706 5705 compellavi

140 5720 271 5760 nutu
304 5702 444 5761 forte
474 5704 604 5757 mihi
636 5717 836 5756 novum
867 5702 1071 5772 aliquid
1110 5702 1355 5771 poscenti
1392 5704 1658 5773 praeberet
1687 5716 1703 5750 :

462 5796 730 5858 Parnon.
764 5797 877 5858 Gn.
911 5796 1166 5857 LXXIV.

1820 3988 1964 4039 sum,
2000 3972 2093 4027 sed
2136 3979 2190 4026 et
2233 3972 2469 4041 promite
2519 3980 2729 4026 natura:
2778 3972 2923 4026 hunc
2978 3972 3218 4029 fructum
3260 3990 3385 4030 esse

1820 4067 2158 4121 demonstrat
2200 4078 2365 4133 posse
2419 4062 2616 4118 habere
2643 4065 2697 4117 in
2729 4071 3007 4133 potestate
3036 4065 3234 4119 mortis
3261 4065 3383 4119 vin-

1820 4152 1965 4217 cula,
2003 4157 2057 4205 et
2095 4165 2421 4220 quocunque
2470 4151 2702 4205 voluerit
2732 4152 2883 4205 nullo
2932 4153 3151 4223 negotio
3198 4168 3381 4209 rerum

1816 4306 1960 4373 quod
1993 4319 2207 4374 reapse,
2237 4303 2518 4374 modicum,
2552 4303 2696 4367 licet,
2735 4306 3025 4374 impetravi
3055 4326 3072 4360 :
3105 4307 3210 4362 etsi
3238 4308 3383 4363 enim

1818 4373 2363 4446 Mat-ariusiquoque
2423 4373 2611 4446 eadem
2672 4373 2838 4443 prope
2897 4375 3201 4446 fragmenta
3265 4393 3385 4446 quae

1817 4454 1947 4500 sunt
1992 4446 2046 4497 in
2101 4445 2328 4498 Joannis
2380 4445 2591 4498 catenis
2636 4447 2855 4506 recitat,
2893 4445 3249 4502 nihilominus
3286 4445 3385 4502 ise-

1816 4524 2031 4586 gmenta
2056 4514 2315 4569 nonnulla
2337 4513 2641 4567 editoribus
2669 4513 2859 4585 Cyrilli
2882 4515 3065 4586 ignota
3088 4518 3343 4572 servavit.
3359 4537 3377 4569 ο

1879 4585 1944 4639 Ει
1979 4600 2099 4654 pag.
2127 4586 2227 4637 154
2259 4602 2273 4635 :
2458 4608 2467 4654 ρ

1894 4674 1910 4705 ι
1950 4653 2124 4724 Supra
2171 4655 2411 4707 diximus
2456 4653 2732 4724 invenisse
2783 4670 2887 4710 nos
2946 4654 3144 4724 partim
3188 4656 3243 4710 in
3291 4670 3384 4709 ca-

1820 4732 1944 4779 tena
1975 4723 2125 4794 Vat.,
2176 4726 2372 4791 partim
2416 4724 2471 4776 in
2505 4723 2727 4794 Macarii
2768 4723 2956 4793 opere,
3006 4727 3381 4794 supplementa

1818 4796 2002 4863 aliqua
2073 4793 2481 4863 deperditorum
2541 4792 2760 4862 septimi
2804 4792 2894 4848 ’ct
2953 4792 3129 4848 octavi
3210 4797 3381 4849 libro-

1816 4862 1939 4917 rum
2014 4864 2192 4918 sancti
2254 4862 2442 4932 Cyrilli
2493 4864 2545 4916 in
2605 4863 2903 4929 Joannem;
2968 4866 3167 4919 deinde
3251 4881 3384 4920 vero

1815 4935 2061 5004 pleniore
2089 4933 2195 4985 alia
2214 4934 2489 5004 _vestigata
2524 4934 2666 5004 inter
2696 4934 2915 5004 codices
2951 4934 3244 4989 Vaticanos
3283 4951 3379 4988 ca-

1814 5001 1935 5057 tena
1982 5002 2139 5071 (Reg.
2209 5001 2365 5055 Svec.
2401 5005 2525 5056 cod.
2562 5003 2616 5074 9)
2662 5004 2716 5056 in
2764 5001 3069 5066 Joannem,
3107 5007 3381 5073 comperi-

1811 5091 1935 5128 mus
1983 5087 2211 5142 prorsus
2252 5081 2543 5143 auctorem
2604 5074 2771 5143 hujus
2823 5075 3087 5129 habuisse
3139 5075 3381 5143 integros

1812 5144 1935 5198 illos
1997 5142 2457 5214 Cyrilli_libros,
2515 5158 2585 5197 ex
2648 5142 2826 5211 iisque
2890 5160 3001 5198 non
3065 5145 3381 5214 paenitenda

1812 5211 2070 5283 excerpta
2130 5211 2346 5275 fecisse,
2401 5227 2635 5280 quorum
2688 5229 2788 5268 nos
2841 5211 3264 5283 partem'modo
3326 5214 3380 5266 in

1812 5282 2038 5337 Auberti
2075 5283 2497 5351 supplementis,
2552 5282 2715 5336 modo
2762 5284 2817 5338 in
2848 5282 3114 5338 Corderii
3162 5292 3379 5345 catena,

1814 5356 1979 5407 modo
2010 5353 2306 5421 utrobique
2356 5352 2505 5405 edita
2547 5355 2926 5421 cognovimus,
2954 5353 3187 5423 ideoque
3241 5352 3383 5423 omi-

1814 5424 2020 5487 simus;
2055 5430 2262 5491 partem
2313 5429 2666 5493 tamennon
2724 5422 3111 5493 spernendam,
3159 5422 3382 5489 utrique

1814 5493 2017 5564 editori
2046 5492 2691 5564 incognitam,_vidimus,
2715 5492 2944 5564 eamque
2980 5493 3164 5545 statim
3194 5493 3378 5564 inse-

1813 5563 2111 5633 quentibus
2148 5559 2365 5634 paginis
2415 5562 2608 5618 lectori
2646 5559 3118 5620 nostro'libenter
3150 5559 3380 5615 exhibe-

1814 5648 1955 5688 JIIUS.
1999 5651 2017 5684 ι

3088 5783 3113 5848 1
