3882 6206
460 354 519 409 Η
1458 351 1519 410 S.
1559 354 1834 411 CYBILLI
1872 357 2343 414 ALEXANDRINI
2373 358 2695 416 ARCHIEP.
3644 363 3705 417 I2

456 484 681 532 naturas
703 481 1021 529 convenere
1047 488 1109 529 ac
1136 474 1432 531 traducere
1456 493 1469 528 :
1493 479 1639 548 quod
1659 480 1880 550 quidem
1901 497 2029 551 pro-

2140 484 2264 538 ῐδιον
2291 485 2385 539 τοῦ
2414 484 2557 538 κατὰ
2588 483 2749 554 φύσιν
2775 480 2934 535 Θεοῦ.
2982 480 3152 535 Τοῦτο
3191 496 3284 533 ουν
3323 477 3572 549 βούλεται
3600 479 3704 533 δεῖ·

456 566 638 637 prium
684 572 772 621 est
800 563 1100 620 secundum
1124 570 1378 619 naturam
1417 563 1539 620 .Dei.
1584 566 1698 622 Hoc
1725 569 1897 639 igitur
1919 570 2033 623 vult

2140 574 2243 641 ξαι,
2257 576 2345 629 διὰ
2371 576 2465 630 τοῦ
2482 575 2681 644 λέγειν,
2717 593 2736 625 ι
2757 571 3032 637 Ἐξουσίαν
3064 570 3172 641 ἔχω
3200 570 3370 624 θεῖναι
3394 571 3493 643 τὴν
3508 571 3702 642 ψυχὴν,

454 655 763 717 ostendere,
807 670 932 709 cum
985 654 1159 709 dicit:
1194 673 1213 706 ι
1251 653 1582 711 Potestatem
1616 657 1796 713 habeo
1826 673 2034 729 ponere

2140 667 2228 721 καὶ
2252 665 2498 731 ἐξουσίαν
2535 665 2644 736 ἔχω
2676 663 2860 718 λαϐεῖν
2887 663 3060 733 αὑτήν
3079 679 3093 692 ⁸
3125 681 3145 713 ι
3182 661 3264 715 ὅτι
3294 662 3358 715 οὐ
3394 660 3704 723 κελευσθεὶς

454 748 718 812 animam,
765 757 821 801 et
867 754 1193 817 potestatem
1232 745 1408 801 habeo
1440 748 1699 817 accipere
1726 763 1871 815 eam,
1912 769 1931 805 ι
1973 766 2035 806 se

2140 755 2210 819 ὡς
2237 755 2421 819 δοῦλος
2458 754 2493 825 ἢ
2530 753 2843 824 ὑπηρέτης,
2875 752 2988 805 ἀλλ’
3020 751 3143 805 οὐδὲ
3187 750 3264 815 ὡς
3308 750 3368 815 ἐξ
3397 751 3641 821 ἀνάγκης
3673 750 3705 820 ἢ

456 852 565 893 non
608 837 827 907 jussum
870 837 1031 909 66],
1078 843 1139 891 ιιι
1186 851 1406 893 servum
1432 844 1527 891 aut
1557 839 1895 906 ministrant,
1937 840 2032 895 sed

2140 847 2381 917 βιασθεὶς
2405 846 2559 916 παρά
2582 863 2767 913 τινων,
2792 844 2907 899 ἀλλ’
2934 842 3077 897 ἑκὼν
3108 839 3273 915 ἦλθεν
3300 844 3392 896 ἐπὶ
3424 843 3603 896 τοῦτο.

455 943 630 998 neque
656 943 722 981 ex
752 928 1082 982 necessitate
1108 927 1190 982 vel
1220 942 1251 980 a
1276 926 1609 998 quibusdam
1635 937 1916 994 coactum,
1938 930 2032 986 sed

455 1022 728 1075 volentem
764 1019 831 1074 ad
856 1019 909 1074 id
937 1020 1171 1075 venisse.

523 1111 592 1177 X,
628 1111 717 1166 18.
761 1110 878 1165 Hoc
912 1110 1220 1169 mandatum
1251 1110 1427 1180 accepi
1456 1128 1486 1163 α
1521 1107 1685 1165 Patre
1719 1127 1853 1165 meo.

2212 1108 2441 1176 Ταύτην
2473 1107 2588 1175 τὴν
2618 1106 2878 1175 ἐντολὴν
2905 1105 3127 1160 ἔλαϐον
3157 1104 3315 1173 παρὰ
3348 1104 3453 1159 τοῦ
3480 1107 3707 1173 Πατρός

2128 1216 2271 1269 μου.

522 1287 602 1344 Ne
623 1288 750 1360 quis
776 1288 924 1344 enim
964 1287 1134 1353 dicat,
1165 1297 1365 1359 praeter
1402 1274 1740 1343 voluntatem
1760 1287 1883 1343 Filii
1923 1305 2035 1344 non

2208 1292 2327 1345 Ἵνα
2353 1292 2461 1363 γάρ
2498 1292 2571 1362 μή
2593 1308 2677 1354 τις
2708 1289 2858 1361 εἴπῃ,
2885 1290 2965 1344 ὅτι
2994 1293 3146 1363 παρὰ
3174 1291 3281 1361 τὴν
3305 1289 3400 1344 τοῦ
3428 1290 3559 1344 Υἱοῦ
3583 1290 3707 1361 βού-

452 1396 618 1452 posse
658 1380 873 1436 Patrem
921 1395 1143 1436 sumere
1180 1381 1421 1435 animam
1463 1382 1606 1451 ejus,
1643 1396 1820 1451 neque
1848 1397 1914 1436 ex
1968 1398 2036 1437 eo

2140 1384 2292 1456 λησιν
2326 1386 2389 1439 οὐ
2427 1384 2651 1438 δύναται
2693 1383 2722 1436 0
2766 1384 2956 1454 Πατὴρ
2982 1382 3166 1437 λαϐεῖν
3192 1381 3359 1437 αὐτοῦ
3391 1382 3491 1453 τὴν
3508 1382 3706 1452 ψυχὴν,

454 1475 512 1528 in
548 1487 655 1528 una
689 1472 893 1528 deitate
938 1471 1118 1527 Patris
1156 1479 1213 1527 et
1245 1470 1367 1526 Filii
1391 1471 1685 1527 dissidium
1726 1481 1782 1528 et
1825 1473 2038 1528 discor-

2140 1480 2229 1533 καὶ
2252 1480 2318 1533 ὲκ
2336 1478 2530 1532 τούτου
2559 1476 2894 1546 στασιασμὸν
2928 1476 3021 1529 καὶ⁸
3054 1475 3319 1546 διχόνοιαν
3349 1473 3619 1546 εἰσαγάγῃ
3651 1474 3711 1525 ἐν

455 1566 602 1620 diam
642 1564 831 1625 faciat.
861 1564 1085 1635 quando
1116 1563 1251 1620 dicit
1285 1579 1346 1621 se
1377 1564 1692 1619 mandatum
1723 1566 2033 1637 accepisse,

2140 1574 2201 1642 τῇ
2239 1572 2338 1643 μιᾷ
2372 1570 2587 1642 θεότητι
2618 1569 2713 1623 τοῦ
2743 1568 2951 1641 Πατρὸς
2993 1566 3201 1621 καὶτοῦ
3232 1566 3386 1632 Υῑοῦ,
3411 1565 3476 1619 δι’
3506 1558 3580 1619 ὧν
3603 1582 3708 1634 φη-

456 1659 513 1712 in
547 1658 653 1714 hoc
696 1658 1137 1713 consentientem
1189 1657 1722 1739 convenientemque
1754 1659 2037 1714 voluntate

2140 1679 2243 1729 σιν,
2272 1662 2501 1717 Ἐλαόον
2540 1661 2779 1732 ἐντολὴν,
2812 1658 3225 1730 συμφωνοῦντα,
3264 1658 3359 1713 καὶ¹
3390 1656 3711 1712 συνθέλοντα

454 1745 699 1802 ostendit
729 1745 973 1813 Patrem,
1023 1757 1078 1802 et
1126 1754 1391 1817 tauquam
1445 1748 1514 1802 ab
1568 1762 1679 1802 una
1740 1755 1925 1804 mente
1980 1754 2036 1802 et

2140 1756 2274 1825 πρὸς
2300 1753 2460 1808 τοῦτο
2512 1753 2751 1807 δείκνυσι
2808 1754 2904 1806 καὶ
2940 1752 3031 1804 τὸν
3089 1751 3330 1821 Πατέρα,
3363 1750 3455 1803 καὶ
3497 1750 3572 1812 ὡς
3603 1751 3712 1803 ἀπὸ

457 1854 625 1894 sensu
670 1837 739 1894 ad
792 1838 849 1894 id
893 1853 954 1895 se
1006 1839 1194 1894 venire
1241 1837 1465 1905 fatetur,
1512 1839 1730 1894 tametsi
1785 1839 1903 1910 ipse
1949 1846 2035 1894 est

2141 1845 2271 1916 μιᾶς
2299 1841 2526 1914 γνώμης
2570 1843 2652 1906 εἰς
2692 1840 2852 1895 τοῦτο
2899 1841 3189 1912 παρελθεῖν
3216 1841 3489 1912 ὁμολογεῖ,
3530 1844 3579 1895 εἰ
3619 1845 3713 1897 καὶ

456 1930 637 1986 Patris
666 1930 989 1997 consilium,
1029 1929 1174 2001 quod
1218 1931 1385 1985 etiam
1439 1931 1732 1985 conveniet
1775 1930 2036 1986 incarna-

2140 1935 2305 1998 αὐτός
2327 1936 2473 1988 ἐστιν
2513 1935 2546 2005 ἠ
2587 1932 2681 1987 τοῦ
2727 1932 2941 2004 Πατρὸς
2966 1932 3157 2004 βουλή·
3193 1933 3424 2005 ἁρμόσει
3462 1932 3518 1986 δὲ
3553 1932 3714 1987 τοῦτο

457 2023 615 2078 tioui.
661 2021 805 2093 Ergo
853 2022 1172 2077 mandatum
1237 2022 1445 2077 indicat
1505 2024 1861 2079 concordiam
1912 2039 2037 2079 cum

2140 2028 2236 2083 καὶ
2260 2029 2326 2100 τῇ
2358 2026 2495 2098 μετὰ
2528 2026 2730 2093 σαρκὸς
2761 2025 3062 2097 οἰκονομίᾳ.
3113 2025 3176 2079 Ἦ
3216 2020 3310 2079 οὖν
3342 2024 3529 2096 ἐντολὴ
3563 2025 3716 2097 δηλοί

455 2113 655 2178 Patre,
716 2112 822 2169 etsi
877 2112 1159 2168 humiliter
1212 2112 1486 2183 loquatur.
1534 2113 1850 2168 Mandatum
1904 2127 2040 2168 vero

2140 2120 2237 2192 τὴν
2261 2121 2513 2190 ὁμόνοιαν
2551 2118 2649 2190 τὴν
2682 2117 2820 2189 πρὸς
2842 2117 2933 2172 τὸν
2964 2117 3205 2189 Πατέρα,
3231 2120 3280 2170 εξ
3324 2117 3418 2171 καὶ
3442 2117 3716 2181 ταπεινῶς

456 2212 542 2258 est
570 2217 674 2275 pro
705 2201 913 2258 mundo
948 2204 1109 2260 mori.
1141 2201 1388 2258 Maudati
1419 2219 1553 2275 ergo
1601 2204 1723 2260 loco
1754 2205 2040 2275 accepisse

2140 2211 2309 2266 λαλεῖ.
2352 2211 2417 2264 Ἦ
2447 2210 2505 2265 δὲ
2536 2209 2722 2281 ἐντολή
2762 2211 2932 2275 ἐστιν,
2976 2208 3270 2264 ἀποθανεῖν
3309 2210 3449 2281 ὑπὲρ
3484 2208 3579 2263 τοῦ
3619 2210 3715 2263 κό-

456 2314 517 2353 se
551 2298 744 2353 dicens
783 2296 837 2351 id
867 2295 1014 2368 quod
1041 2295 1185 2366 apud
1224 2295 1439 2350 Patrem
1471 2296 1650 2352 visum
1681 2304 1766 2353 est
1794 2312 1854 2352 se
1890 2305 2040 2353 recte

2140 2320 2303 2374 σμου.
2342 2303 2595 2373 Ἐντολῆς
2632 2302 2689 2356 δὲ
2720 2301 2871 2367 τάξει
2909 2301 3303 2374 παρειληφέναι
3336 2302 3508 2371 λέγων
3539 2302 3599 2355 τὸ
3627 2302 3715 2355 δό-

458 2389 684 2453 habere,
713 2401 826 2442 non
862 2386 1130 2442 minorem
1171 2400 1232 2440 se
1269 2383 1430 2439 Patre
1466 2385 1618 2449 facit,
1656 2394 1853 2440 natura
1886 2388 2037 2441 exsi-

2140 2396 2237 2465 ξαν
2260 2396 2410 2468 παρὰ
2449 2394 2528 2465 τῷ
2553 2394 2727 2466 Πατρὶ
2757 2393 2934 2465 ὀρθῶς
2963 2392 3128 2465 ἔχειν,
3159 2395 3261 2448 οὐκ
3282 2393 3493 2447 ἐλαττοῖ
3526 2393 3717 2448 ἑαυτὸν

455 2487 613 2536 stens
654 2476 825 2541 Deus,
849 2475 944 2532 sed
991 2486 1176 2532 servat
1207 2473 1264 2529 id
1308 2476 1457 2545 quod
1489 2477 1751 2532 convenit
1786 2476 2040 2532 humani-

2140 2487 2232 2542 τοῦ
2279 2487 2514 2558 Πατρὸς,
2545 2484 2621 2539 ὢν
2651 2485 2810 2555 φύσει
2838 2484 2990 2551 Θεὸς,
3021 2485 3157 2539 ἀλλὰ
3182 2485 3243 2538 τὸ
3280 2485 3378 2556 μὲν
3408 2484 3618 2557 πρέπον
3645 2487 3717 2555 τῇ

455 2570 579 2627 tati.
603 2570 748 2637 Quin
781 2569 948 2625 etiam
984 2567 1209 2638 subiicit
1232 2568 1431 2623 animis
1462 2583 1522 2624 se
1557 2583 1682 2623 eum
1714 2568 2037 2640 prophetam

455 2679 600 2728 esse,
625 2662 693 2718 de
730 2676 841 2732 quo
874 2660 1009 2716 dicit
1060 2661 1221 2716 Pater
1253 2678 1269 2716 :
1306 2679 1325 2713 ι
1362 2658 1644 2732 Loquetur
1679 2660 2038 2731 quemadmo-

455 2758 588 2810 dum
639 2753 1089 2809 mandaverimus
1134 2752 1186 2808 ei
1219 2752 1237 2783 ¹
1274 2770 1289 2808 :
1320 2753 1763 2808 communionem
1817 2753 2033 2808 consilii

455 2864 582 2902 cum
628 2844 740 2901 Deo
788 2853 845 2901 et
883 2843 1045 2899 Patre
1103 2851 1364 2915 tanquam
1406 2844 1725 2899 mandatum
1765 2860 1825 2900 se
1874 2859 2036 2900 acce—

455 2942 604 3012 pisse
636 2939 845 2995 dicens.
879 2936 1036 3004 Quod
1070 2938 1294 3008 quidem
1342 2937 1563 2992 dicebat
1594 2938 1661 2991 ad
1692 2935 1934 3000 Iudaeos.
1968 2952 2038 2993 ne

457 3033 862 3087 arbitrarentur
900 3044 1026 3085 eum
1073 3036 1274 3100 praeter
1316 3029 1571 3084 mandata
1625 3027 1808 3084 Patris
1860 3029 2034 3099 loqui.

456 3123 649 3193 Neque
687 3137 818 3177 vero
846 3131 900 3177 te
931 3119 1115 3175 turbet
1145 3119 1292 3191 quod
1323 3118 1485 3176 Pater
1513 3121 1797 3190 proprium
1831 3117 2031 3174 Filium

2139 2580 2552 2653 ὲνανθρωπήσει
2598 2580 2778 2650 τηρεῖ.
2810 2578 2956 2649 Πλὴν
2978 2577 3388 2647 ὑπομιμνήσκει
3427 2579 3509 2631 ὃτι
3555 2578 3719 2639 αὐτός

2138 2674 2286 2727 ἐστιν
2309 2674 2338 2726 0
2367 2672 2677 2743 προφήτης,
2718 2668 2848 2740 περὶ
2892 2660 2953 2722 οὗ
2985 2664 3138 2721 εἶπεν
3166 2670 3196 2721 0
3224 2667 3436 2740 Πατὴρ,
3456 2670 3539 2722 ὅτι
3559 2689 3581 2720 ι
3609 2670 3720 2722 Aa.-

2137 2764 2312 2835 λήσει,
2337 2763 2526 2818 καθότι
2557 2761 2623 2816 ἂν
2655 2759 2980 2829 ὲντείλωμεν
3021 2758 3170 2831 αὐτῷ
3195 2777 3209 2792 ·
3255 2778 3275 2812 ι
3312 2762 3413 2830 τὴν
3452 2760 3588 2832 πρὸς
3624 2761 3719 2813 τὸν

2136 2855 2273 2909 Θεὸν
2299 2853 2394 2908 καὶ
2413 2853 2635 2925 Πατέρα
2677 2852 3068 2915 κοινοδουλίαν,
3105 2851 3181 2916 ὡς
3219 2851 3439 2922 ἐντολὴν
3468 2850 3720 2921 δεδέχθαι

2138 2946 2334 3009 λέγων.
2367 2946 2545 3018 Ὅπερ
2583 2944 2736 3012 ἔλεγε
2770 2945 2908 3017 πρὸς
2953 2943 3242 3007 Ἰουδαίους
3265 2943 3402 3015 πρὸς
3431 2943 3492 2996 τὸ
3522 2942 3597 3014 μὴ
3626 2961 3719 2996 νο-

2143 3035 2322 3108 μίζειν
2346 3036 2510 3090 αὑτὸν
2571 3036 2722 3108 παρὰ
2767 3037 2836 3091 τὰ
2890 3035 2985 3089 τοῦ
3019 3035 3233 3105 Πατρὸς
3265 3034 3446 3090 λαλεῖν
3475 3036 3720 3103 προστά-

2140 3144 2347 3199 γματα.
2380 3129 2442 3181 Εἰ
2470 3128 2528 3182 δὲ
2568 3129 2855 3199 προφήτην
2904 3128 3156 3198 ὠνόμασε
3205 3127 3297 3180 τὸν
3336 3127 3467 3181 ῐδιον
3517 3127 3645 3180 Υἱὸις
3691 3127 3725 3181 0

456 3212 995 3271 consubstantialem
1025 3212 1345 3281 prophetam
1381 3212 1742 3283 appellaverit
1771 3230 1784 3266 :
1816 3212 2037 3282 quando

2140 3222 2331 3293 Πατὴρ
2367 3221 2458 3275 τὸν
2484 3220 2793 3292 ὀμοούσιον,
2827 3220 2901 3291 μὴ
2933 3218 3263 3291 θορυϐηθῇς·
3301 3220 3391 3274 ὅτε
3421 3219 3530 3288 γὰρ
3555 3219 3721 3289 γέγο-

456 3309 604 3363 enim
650 3305 832 3361 lactus
856 3311 942 3360 est
987 3303 1176 3368 homo,
1223 3311 1357 3357 tunc
1403 3303 1709 3372 quadrasse
1750 3304 1853 3373 ipsi
1904 3318 2036 3372 pro—

457 3402 637 3472 phetae
673 3412 896 3460 nomen,
925 3403 1059 3449 tunc
1098 3396 1353 3449 mandata
1392 3395 1441 3450 ei
1476 3410 1505 3447 a
1547 3394 1709 3450 Patre
1737 3394 1863 3449 data
1912 3410 2038 3451 esse

457 3490 821 3555 teconomice,
853 3489 958 3543 hoc
1008 3496 1095 3542 est
1145 3497 1369 3543 servato
1413 3502 1600 3543 rerum
1640 3486 1857 3553 ordine,
1884 3487 2036 3543 dice-

459 3599 605 3639 mus.
648 3582 975 3652 Quanquam
1037 3580 1132 3651 qui
1187 3578 1388 3650 accipit
1437 3579 1696 3633 mandata
1756 3594 1865 3634 non
1912 3594 2039 3648 pro-

458 3688 645 3749 pterea
678 3677 859 3730 minor
882 3684 981 3729 aut
1009 3672 1298 3730 dissimilis
1327 3670 1508 3742 quoad
1543 3679 1798 3726 naturam
1827 3681 1881 3726 et
1909 3672 2040 3728 sub.

459 3769 718 3824 stantiam
757 3765 1069 3831 mandanti,
1101 3764 1324 3835 quando
1354 3774 1409 3818 et
1431 3763 1683 3818 homines
1723 3764 2040 3819 hominibus

454 3862 676 3933 jubent,
721 3868 777 3915 et
809 3859 990 3929 angeli
1016 3857 1251 3928 angelis,
1293 3871 1392 3911 nec
1438 3863 1664 3927 propter
1714 3855 1821 3911 hoc
1859 3867 2037 3912 tamen

459 3953 602 4007 alios
640 3960 837 4005 natura
882 3949 967 4005 vel
1016 3947 1314 4003 inferiores
1366 3947 1555 4017 iussos
1608 3946 1866 4002 dicimus.
1894 3945 2040 4016 Ergo

461 4057 643 4113 neque
689 4040 853 4096 Patre
879 4039 1051 4096 Filius
1085 4038 1339 4100 inferior.
1386 4040 1493 4094 etsi
1528 4037 1708 4094 factus
1734 4047 1823 4094 est
1851 4038 2037 4101 homo,

461 4145 523 4191 ut
550 4134 712 4191 nobis
739 4134 921 4189 omnis
954 4132 1180 4188 virtutis
1207 4132 1517 4201 exemplum
1555 4130 1707 4185 ﬁeret
1741 4151 1754 4184 :
1786 4144 1958 4201 quare
1986 4137 2041 4184 et

461 4230 566 4284 hoc
603 4228 761 4284 docet
808 4235 1062 4296 oportere
1110 4240 1212 4280 nos
1246 4225 1396 4279 dicto
1444 4223 1733 4278 audientes
1778 4237 1903 4278 esse
1940 4237 2039 4291 pa-

459 4322 737 4384 rentibus.
784 4318 889 4375 etsi
944 4334 1107 4389 pares
1160 4332 1352 4373 sumus
1394 4316 1698 4371 secundum
1759 4323 2036 4369 naturam.

459 4413 781 4484 Aliquando
842 4427 974 4467 vero
1022 4427 1051 4464 a
1085 4410 1251 4465 Patre
1286 4409 1521 4475 dictum,
1553 4406 1839 4469 mandabo,
1870 4408 2042 4478 signi-

461 4508 589 4562 ticat
622 4504 1036 4572 convenienter,
1080 4502 1302 4568 faciam,
1336 4510 1397 4556 ut
1435 4517 1563 4555 cum
1613 4500 1750 4556 dicit
1782 4520 1795 4557 :
1833 4520 1853 4553 ι
1888 4501 2040 4556 Mau-

2138 3328 2227 3366 νεν
2257 3310 2562 3383 ἄνθρωπος,
2588 3311 2709 3365 τότε
2744 3310 3022 3382 ἡρμόσθαι
3050 3311 3201 3382 αὐτῷ
3234 3312 3330 3364 καὶ
3366 3311 3427 3365 τὸ
3455 3310 3551 3365 τοῦ
3585 3329 3723 3382 προσ

2137 3404 2310 3473 φήτου
2350 3403 2518 3474 ὄνομα
2539 3419 2552 3432 ·
2580 3401 2703 3456 τότε
2756 3403 2852 3455 καὶ
2896 3399 3116 3464 ἐντολάς
3165 3399 3312 3471 αὐτῷ
3342 3399 3585 3454 δεδόσθαι
3618 3418 3725 3468 φα-

2141 3495 2240 3567 μὲν
2262 3494 2413 3565 παρὰ
2443 3493 2537 3547 τοῦ
2574 3494 2785 3566 Πατρὸς
2830 3493 3212 3565 οἰκονομικῶς.
3254 3492 3400 3563 Πλὴν
3440 3496 3470 3546 0
3506 3491 3723 3562 λαμϐά-

2138 3603 2245 3640 νων
2286 3584 2522 3648 ὲντολάς,
2549 3586 2609 3639 οὐ
2641 3585 2781 3639 κατὰ
2804 3584 2963 3639 τοῦτο
2991 3585 3228 3655 ἐλάττων
3261 3585 3294 3656 ἢ
3324 3585 3576 3655 ἀνόμοιός
3600 3586 3722 3637 ἐστι

2138 3674 2240 3744 τῆς
2268 3674 2361 3727 τοῦ
2390 3673 2768 3743 ἐντελλομένου
2810 3675 2998 3738 οὐσίας
3028 3674 3061 3746 ἢ
3103 3674 3339 3744 φύσεως,
3375 3674 3508 3727 ὅπου
3531 3691 3595 3742 γε
3627 3676 3723 3727 καὶ

2139 3766 2415 3839 ἄνθρωποι
2447 3765 2753 3837 ἀνθρώποις
2790 3767 3147 3830 ἐντέλλονται,
3180 3768 3274 3820 καὶ
3301 3766 3523 3835 ἄγγελοι
3545 3764 3684 3835 ἀγγὲ
3703 3796 3719 3806 -

2139 3860 2273 3924 λοις,
2300 3861 2397 3915 καὶ
2428 3860 2490 3913 οὐ
2528 3858 2619 3913 διὰ
2655 3859 2815 3914 τοῦτο
2857 3861 3171 3931 ὲτεροφυείς
3203 3860 3236 3931 ὴ
3267 3860 3554 3923 ἐλάττονας
3592 3860 3719 3919 τοὺς

2140 3953 2601 4023 ἐπιταττομένους
2645 3952 2898 4023 λέγομεν.
2933 3952 3047 4007 Οὐκ
3079 3947 3174 4006 οὖν
3213 3950 3335 4005 οὕτε
3381 3951 3476 4005 τοῦ
3510 3951 3722 4022 Πατρὸς

2141 4047 2171 4099 0
2199 4047 2324 4110 Υἱὸς
2355 4046 2612 4111 ἐλάττων,
2663 4048 2711 4100 εἰ
2743 4048 2836 4100 καὶ
2866 4046 3089 4115 γέγονεν
3125 4046 3408 4117 ἅνθρωπος
3442 4046 3527 4099 ἵνα
3559 4045 3693 4114 γένη

2140 4156 2229 4191 ται
2258 4139 2388 4207 ἡμῖν
2419 4138 2600 4207 πάσης
2625 4135 2989 4207 ὑπογραμμὸς
3023 4134 3244 4206 ἀρετ-ἧς’
3276 4133 3357 4187 διὸ
3414 4135 3508 4187 καὶ
3561 4134 3722 4187 τοῦτο

2140 4230 2376 4284 διδάσκει
2426 4229 2509 4282 ὅτι
2544 4228 2650 4299 χρὴ
2684 4231 2797 4291 τοῖς
2836 4227 3086 4296 γονεῦσιν
3118 4225 3414 4280 ὑπακούειν
3458 4226 3625 4296 ἡμᾶς,
3671 4227 3720 4279 εἰ

2142 4320 2314 4374 καὶτὸ
2347 4318 2459 4372 ἴσον
2490 4319 2688 4389 ἔχομεν
2715 4318 2857 4372 κατὰ
2885 4319 2985 4388 τὴν
3012 4317 3192 4386 φύσιν.
3221 4315 3379 4369 Ἐστι
3408 4315 3464 4369 δὲ
3495 4317 3631 4369 ὅπου
3659 4317 3721 4368 τὸ

2142 4411 2293 4483 παρὰ
2328 4410 2423 4464 τοῦ
2470 4410 2682 4480 Πατρὸς
2709 4409 3021 4480 λεγόμενον,
3050 4408 3423 4479 ἐντελοῦμαι,
3466 4409 3615 4480 δηλοί
3638 4411 3718 4474 τὸ,

2143 4501 2422 4572 ἀραρότως
2464 4500 2696 4570 ποιήσω,
2753 4500 2831 4563 ὡς
2862 4501 2991 4553 ὅταν
3018 4498 3171 4571 εἷπεν
3202 4517 3222 4551 ι
3264 4499 3375 4552 Καὶ
3400 4498 3720 4571 ἐντελοῦμαι

460 4599 605 4654 dabo
650 4598 749 4651 toti
786 4595 992 4651 mundo
1030 4595 1200 4661 mala,
1230 4604 1285 4649 et
1309 4593 1494 4664 impiis
1525 4600 1755 4664 peccata
1798 4608 1897 4649 sua
1928 4596 1971 4647 ².
2015 4614 2034 4647 ι

2143 4596 2209 4663 τῇ
2234 4592 2528 4664 οἰκουμένῃ
2549 4592 2646 4665 ὅλῃ
2691 4591 2862 4657 κακά,
2896 4590 2994 4645 καὶ
3022 4592 3135 4655 τοῖς
3168 4591 3388 4646 ἀσεϐέσι
3410 4591 3510 4655 τὰς
3540 4593 3721 4663 ἁμαρ-

461 4690 708 4747 Tametsi
742 4696 796 4745 et
833 4702 1233 4758 nonnunquam
1285 4687 1533 4754 loquitur
1566 4685 1738 4741 Filius
1772 4701 1869 4757 per
1901 4702 2040 4742 con-

460 4782 907 4846 descensiouem,
961 4788 1019 4835 ut
1071 4795 1173 4836 nos
1229 4778 1523 4834 inelTabilia
1565 4779 1816 4842 oracula,
1859 4780 2041 4852 quoad

460 4875 586 4946 ejus
635 4874 753 4931 ﬁeri
807 4880 1010 4944 potest,
1063 4872 1437 4944 intelligamus
1492 4891 1506 4927 :
1560 4880 1615 4926 et
1673 4879 1859 4927 tamen
1912 4887 2040 4928 eum

462 4965 785 5022 mandatum
825 4964 1109 5036 accepisse
1141 4963 1327 5019 dicere
1380 4978 1490 5018 non
1540 4962 1683 5017 tollit
1718 4964 1885 5018 Deum
1917 4976 2042 5019 esse

465 5068 663 5115 natura
700 5056 1056 5113 exsistentem
1084 5054 1277 5111 Deum.
1307 5053 1405 5111 Vel
1446 5055 1615 5126 igitur
1643 5055 1734 5110 die
1764 5054 1955 5120 Deum,
1984 5063 2042 5110 et

463 5149 707 5206 concede
738 5148 944 5204 habere
968 5147 1153 5203 omnia
1184 5162 1307 5219 quae
1336 5147 1528 5202 deitati
1559 5147 1920 5213 conveniunt,
1954 5146 2039 5202 vel

463 5245 556 5300 dic
606 5243 786 5313 ipsum
827 5249 1141 5296 creaturam
1194 5239 1508 5295 manifesto.
1539 5238 1652 5295 Nec
1685 5244 1829 5294 enim
1880 5255 2040 5295 acce-

466 5335 614 5405 pisse
654 5330 969 5387 mandatum
999 5331 1109 5385 ulla
1137 5330 1300 5403 662
1344 5342 1500 5400 parte
1536 5332 1871 5385 naturalium
1914 5347 2044 5402 per-

2144 4683 2267 4747 τιας
2298 4681 2499 4738 αὐτῶν.
2533 4701 2553 4735 ι
2600 4681 2746 4753 Πλὴν
2793 4682 2887 4737 καὶ
2939 4682 3422 4751 συγκαταϐατικῶς
3473 4682 3585 4736 ἔσθ’
3631 4684 3721 4736 ὅτε

2145 4775 2298 4830 λαλεῖ
2323 4777 2353 4828 0
2377 4775 2525 4839 Υἱὸς,
2556 4774 2646 4829 διὰ
2681 4775 2742 4827 τὸ
2779 4776 2925 4846 ἡμᾶς
2961 4775 3171 4845 νοῆσαι,
3200 4775 3274 4840 ὡς
3318 4775 3434 4828 ἐστι
3474 4774 3720 4838 δυνατὸν,

2145 4868 2215 4923 τὰ
2246 4870 2462 4939 ἄρρητα
2488 4867 2643 4935 λόγια
2674 4866 2822 4937 ὅμως
2850 4867 2911 4919 οὐ
2951 4866 3013 4919 τὸ
3041 4869 3214 4921 εἰπεῖν
3244 4868 3327 4920 ὅτι
3359 4865 3578 4937 ἐντολὴν
3598 4866 3723 4920 ἔλα·

2147 4959 2261 5024 ὗεν,
2282 4962 2425 5013 ποιεῖ
2454 4960 2529 5031 μὴ
2559 4955 2697 5013 εἶναι
2719 4957 2852 5012 Θεὸν
2877 4958 2969 5011 τὸν
3002 4957 3161 5028 φύσει
3189 4959 3317 5012 ὄντα
3343 4958 3494 5013 Θεόν.
3537 4960 3606 5013 Ἣ
3628 4957 3725 5014 οὖν

2146 5051 2271 5120 λέγε
2296 5051 2449 5116 Θεὸν,
2485 5050 2582 5104 καὶ
2611 5050 2754 5103 δίδου
2785 5051 2887 5104 ὅσα
2905 5053 2972 5121 τῇ
3003 5050 3219 5121 θεότητι
3248 5050 3475 5121 ἁρμόζει
3501 5049 3662 5121 ἔχειν,
3686 5051 3722 5122 ἢ

2144 5143 2271 5212 λέγε
2299 5144 2463 5197 αὐτὸν
2492 5142 2700 5214 κτίσμα
2726 5141 2995 5213 φανερῶς.
3027 5142 3102 5196 Οὐ
3130 5141 3238 5213 γὰρ
3267 5142 3329 5195 τὸ
3365 5141 3549 5195 λασεῐν
3569 5146 3721 5196 ἐντο-

2146 5237 2265 5309 λὴν,
2294 5238 2491 5307 γυμνοῖ
2514 5234 2622 5288 τῶν
2646 5233 2890 5304 φυσικῶν
2918 5251 3024 5288 τινι
3047 5233 3373 5305 προσώπων·
3405 5234 3594 5306 ἐπειδὴ
3623 5236 3724 5288 ὅσα

2141 5331 2171 5383 0
2193 5328 2382 5399 Πατὴρ
2410 5327 2714 5381 ἐνετείλατο
2743 5325 2820 5398 τῷ
2849 5324 2964 5397 Υἱῷ
3000 5325 3169 5380 ταῦτα
3196 5325 3365 5391 λαλεῖ,
3395 5326 3489 5379 καί
3516 5343 3681 5397 φησιν
3704 5344 3719 5357 ·

454 5437 731 5481 sonarum
759 5422 995 5492 spoliat:
1030 5421 1478 5492 quandoquidem
1512 5437 1854 5492 quaecunque
1882 5421 2041 5477 Pater

2151 5441 2169 5472 ι
2212 5418 2353 5488 Ἐγὼ
2382 5422 2475 5472 καὶ
2504 5420 2533 5472 0
2558 5419 2750 5491 Πατὴρ
2788 5419 2845 5472 ἓν
2873 5418 3060 5488 ἐσμεν,
3105 5437 3122 5470 ι
3164 5417 3478 5487 ἠνάγκασεν
3523 5420 3719 5480 εἰπεῖν,

464 5512 748 5569 mandavit
799 5511 944 5568 Filio
998 5513 1113 5569 haec
1165 5513 1443 5583 loquitur,
1489 5522 1543 5569 et
1594 5514 1669 5567 ait
1708 5533 1721 5568 :
1760 5532 1779 5565 ι
1825 5512 1937 5583 Ego
1988 5522 2041 5568 et

2147 5512 2271 5583 ἦτοι
2304 5511 2387 5564 ὃτι
2410 5509 2699 5581 ἀληθεύειν
2730 5512 2757 5562 0
2780 5509 2967 5581 Πατὴρ
2996 5508 3298 5563 ἐνετείλατο
3322 5510 3399 5581 τῷ
3424 5508 3609 5582 Υἱῷ,ῆ
3640 5512 3721 5563 ὅτι

464 5603 631 5661 Pater
658 5619 826 5659 unum
853 5619 1046 5661 sumus
1071 5605 1112 5670 ³,
1146 5624 1172 5663 ›
1216 5620 1447 5661 necesse
1482 5606 1578 5660 tibi
1619 5616 1706 5661 cst
1735 5606 1919 5661 dicere
1952 5607 2032 5661 vel

2142 5600 2453 5673 ψεύδεσθαι.
2494 5603 2559 5655 "A
2588 5600 2695 5673 γὰρ
2726 5600 2915 5657 ἐλαϐεν
2960 5603 2988 5655 0
3033 5600 3161 5665 Υἱὸς
3214 5601 3432 5673 ἐντολὴν
3463 5601 3716 5674 λαλῆσαι,

542 5781 559 5815 ⁸
591 5779 793 5839 Jerem.
843 5797 995 5849 nix,
1037 5783 1132 5841 ‘23.
1210 5787 1229 5818 ’
1263 5782 1365 5841 lsa.
1399 5802 1517 5849 ttn.
1550 5787 1632 5842 ll.
1710 5786 1731 5818 ³
1759 5783 1920 5842 Joan.
1956 5803 2008 5847 κ.
2046 5787 2135 5844 50.
