3882 6206
298 373 370 429 1'5
1080 366 1141 419 [Ν
1178 366 1512 420 ιοΑΝΝΕΜ.
1546 395 1609 406 -ν
1668 366 1795 420 LIB.
1843 367 1929 422 Ἧι
1992 368 2078 423 ΕΤ
2137 370 2249 425 V'lll
2293 367 2737 425 FRAGMENTA.
3252 332 3255 335 Ι
3476 381 3533 433 Η

300 487 467 540 λαλεῖ·
505 501 523 533 ι
565 484 623 535 '0
653 482 869 551 πέμψας
904 482 1031 552 γὰρ,
1075 484 1226 552 φησὶ,
1257 483 1465 553 Πατὴρ,
1494 484 1709 553 ἐντολὴν
1738 484 1862 536 ἔδω-

1970 486 2109 553 quod
2129 501 2254 540 vera
2280 486 2427 555 loqui
2448 485 2609 540 Pater
2634 485 2913 539 mandavit
2930 485 3093 551 Filio,
3113 490 3195 543 vel
3221 493 3362 562 quod
3387 502 3540 549 nien-

303 594 366 630 κε
391 577 443 630 τί
469 576 607 628 είπω
635 576 728 628 καὶ
756 576 807 627 τί
829 575 1067 645 λαλήσω.
1101 594 1119 627 ι
1164 575 1225 627 Εἰ
1247 575 1302 628 δὲ
1334 576 1428 627 καὶ
1454 571 1604 627 εἶπεν
1632 577 1711 628 ὅτι
1750 594 1767 625 ι
1813 577 1871 628 Ὀ

304 670 492 738 Πατήρ
510 685 611 737 μου
642 666 839 737 μείζων
872 666 972 738 μού
1008 668 1175 732 ἐστιν,
1205 686 1222 718 ι
1256 667 1407 720 οὐδὲν
1435 668 1689 721 ἐναντίον.
1722 668 1868 720 Καθὸ

306 761 405 832 μὲν
424 762 531 831 γὰρ
558 761 716 829 φύσει
742 761 893 824 Θεὸς,
922 762 1033 824 ῖσος
1066 761 1142 830 τῷ
1172 762 1363 831 Πατρὶ,
1391 761 1524 813 καθὸ
1556 762 1611 813 δὲ
1647 761 1867 829 γέγονεν

304 849 589 920 ἄνθρωπος
622 850 718 902 καὶ
766 850 1125 904 ἐταπείνωσεν
1155 852 1366 917 ἑαυτὸν,
1397 851 1465 904 τά
1495 851 1769 921 πρέποντα
1804 854 1869 922 τῇ

303 942 682 1015 ἀνθρωπότητι
723 945 939 1015 ῥήματα
984 943 1135 996 λαλεῖ
1175 943 1551 1013 οἰκονομικῶς.
1583 945 1771 1014 Ὅμως
1809 946 1871 996 τὸ

302 1038 399 1105 τῆς
440 1034 656 1104 ἐντολῆς
701 1035 869 1104 ὄνομα
896 1034 1094 1100 ἔξωθεν
1128 1035 1226 1105 τῆς
1247 1036 1442 1099 ὀὐσίας
1478 1037 1739 1106 ὑπάρχον,
1773 1036 1872 1089 οὐκ

302 1126 369 1178 ἂν
387 1125 602 1193 γένοιτο
625 1125 724 1194 τῆς
749 1126 938 1190 οὐσίας
959 1127 1234 1197 ἔγκλημα·
1266 1127 1329 1179 οὐ
1362 1128 1469 1198 γάορ
1499 1128 1557 1179 ὲν
1588 1126 1667 1198 τῷ
1692 1128 1871 1180 ἐντέλ-

303 1216 490 1270 λεσθαι
523 1217 615 1269 τὸν
636 1218 881 1288 Πατέρα,
914 1217 974 1270 τὸ
1004 1214 1143 1270 εἷναί
1168 1220 1283 1271 ἐστι
1312 1218 1388 1289 τῷ
1419 1218 1552 1289 Υίῷ,
1576 1219 1873 1273 οὐδὲτοῦτο

304 1308 512 1376 γένοιτό
542 1325 669 1361 ποτε
694 1312 794 1380 τῆς
827 1310 1013 1371 οὐσίας
1040 1311 1181 1378 ὄρος.
1224 1305 1345 1363 Οἵδε
1384 1310 1563 1363 τοίνυν
1592 1314 1621 1363 6
1653 1310 1777 1373 Υἱὸς
1796 1311 1874 1375 ὠς

307 1398 468 1470 βουλὴ
503 1401 596 1453 καὶ
629 1400 787 1468 σοφία
819 1399 912 1452 τοῦ
944 1400 1175 1471 Πατρὸς,
1212 1400 1272 1454 τὸ
1302 1402 1583 1471 ἀραρότως
1610 1401 1870 1471 κεκριμέυ

304 1509 394 1544 νον
421 1493 550 1562 παρ’
574 1491 760 1545 αὐτοῦ.
794 1493 855 1544 Εἰ
890 1492 945 1544 δὲ
974 1492 1048 1554 ὡς
1087 1492 1303 1563 ἐντολὴν
1351 1492 1581 1562 δέχεται,
1624 1493 1698 1562 μὴ
1740 1492 1871 1545 θαυ-

308 1581 507 1651 μάσῃς⁸
562 1580 920 1651 ἀνθρωπίνοις
948 1581 1057 1651 γὰρ
1086 1580 1263 1649 λόγοις
1308 1582 1378 1634 τὰ
1416 1583 1550 1653 ὑπὲρ
1583 1582 1737 1651 λόγον
1778 1600 1872 1652 ση-

308 1672 578 1740 μαίνεται,
617 1674 711 1725 καὶ
758 1673 826 1725 τά
864 1676 985 1737 ταῖς
1034 1674 1328 1744 ἡμετέραις
1370 1674 1582 1745 ἄρρητα
1646 1677 1871 1743 φωναῖς,

303 1762 658 1832 κατεσπάσθη
714 1763 849 1832 πρὸς
898 1764 987 1815 τὸν
1044 1763 1197 1831 λόγον
1250 1764 1341 1815 τὸν
1378 1766 1435 1815 ὲν
1468 1765 1617 1834 ἡμῖν,
1660 1764 1745 1817 ἵνα
1781 1765 1874 1817 καὶ

1974 578 2089 630 tiri.
2113 577 2245 643 Quae
2274 579 2420 631 enim
2456 578 2508 630 in
2535 577 2808 631 mandatis
2837 577 3026 631 habuit
3058 579 3227 635 Filius
3263 592 3320 635 ιιι
3348 584 3535 654 loque-

1976 675 2151 732 retur,
2187 668 2433 735 loquitur
2467 684 2479 719 :
2520 684 2537 715 ι
2568 664 2670 731 Qui
2713 681 2798 721 me
2827 668 2972 721 enim
2999 669 3147 722 misit
3180 668 3362 732 Pater,
3383 690 3538 729 man-

1976 757 2163 811 datum
2204 758 2357 812 dedit
2391 756 2523 825 quid
2564 756 2742 810 dicam
2787 765 2842 811 et
2882 759 3027 827 quod
3060 761 3253 829 loquar
3281 761 3321 816 ⁸.
3367 782 3387 813 ι
3422 763 3538 819 Etsi

1972 863 2102 902 vero
2130 847 2275 901 dixit
2310 866 2323 901 :
2364 865 2382 898 ι
2429 846 2590 901 Pater
2626 862 2780 902 meus
2816 848 2995 917 major
3032 865 3117 905 me
3154 862 3235 905 est
3264 853 3307 913 ⁵,
3346 873 3363 904 ι
3406 856 3540 908 nihil

1971 946 2055 995 est
2109 940 2472 993 contrarium.
2504 938 2560 992 In
2608 947 2876 1008 quantum
2935 942 3080 995 enim
3126 953 3323 998 natura
3375 944 3538 1009 Deus,

1972 1031 2205 1101 aequalis
2257 1038 2340 1085 est
2378 1030 2528 1083 Patri
2567 1049 2578 1082 :
2624 1031 2676 1083 iu
2722 1040 2992 1101 quantum
3040 1049 3171 1089 vero
3224 1035 3404 1091 factus
3458 1051 3541 1093 est

1975 1123 2158 1188 homo,
2203 1130 2258 1177 et
2305 1122 2612 1175 humiliavit
2664 1123 2933 1193 seipsum,
2964 1126 3127 1180 verba
3180 1144 3303 1197 qua:
3348 1131 3542 1185 decent

1973 1214 2372 1268 humanitatem
2428 1214 2773 1269 (ecouomice
2826 1216 3091 1285 loquitur.
3156 1218 3540 1275 Verumtamen

1973 1307 2215 1361 mandati
2245 1322 2468 1370 nomen,
2492 1322 2615 1361 cum
2660 1319 2813 1362 extra
2858 1312 3154 1364 essentiam
3205 1313 3297 1377 sit,
3354 1316 3539 1367 nullo-

1973 1400 2137 1452 modo
2167 1400 2418 1453 essentia;
2457 1398 2777 1467 prejudicat
2815 1419 2827 1453 :
2864 1418 2972 1455 non
3023 1404 3168 1456 enim
3212 1404 3265 1457 in
3303 1420 3367 1459 eo
3398 1406 3540 1475 quod

1974 1486 2133 1541 Pater
2166 1489 2398 1557 imperat
2439 1498 2522 1543 est
2574 1505 2698 1544 esse
2749 1488 2913 1553 Filio,
2963 1508 3141 1561 neque
3194 1495 3245 1547 id
3301 1512 3539 1563 unquam

1976 1578 2139 1631 fuerit
2169 1580 2423 1633 essentia;
2456 1579 2727 1633 terminus
2760 1588 2855 1632 aut
2893 1581 3155 1635 deﬁnitio.
3187 1582 3343 1637 Novit
3375 1586 3541 1654 igitur

1974 1668 2147 1725 Filius
2174 1678 2453 1739 tanquam,
2475 1672 2763 1726 consilium
2788 1679 2843 1726 et
2873 1673 3140 1741 sapientia
3170 1674 3369 1741 Patris,
3393 1680 3539 1746 quod

1976 1763 2044 1814 ab
2070 1778 2136 1816 eo
2162 1763 2557 1817 convenienter
2581 1761 2888 1832 iudicatum
2919 1775 3018 1819 est.
3046 1763 3103 1817 Si
3126 1781 3253 1820 vero
3284 1778 3537 1838 tanquam

303 1856 444 1906 νοεῖν
495 1854 818 1925 ἰσχύσωμεν.
852 1854 1231 1924 Αἰτιασώμεθα
1277 1855 1475 1917 τοίνυν,
1529 1855 1590 1907 οὐ
1640 1855 1735 1925 τὴν
1780 1856 1862 1908 τοῐ

1977 1853 2291 1907 mandatum
2327 1854 2550 1923 accipit,
2581 1871 2649 1909 ne
2683 1855 2943 1922 mireris;
2972 1855 3226 1910 humanis
3251 1858 3394 1933 enim
3419 1876 3509 1914 ser

303 1946 627 2016 πράγματος
656 1948 907 2009 ἀτοπίαν,
942 1948 1078 2000 ἀλλά
1111 1946 1208 2017 τὴν
1252 1946 1360 1999 τῶν
1416 1948 1674 2018 ῥημάτων
1714 1947 1871 2001 ἀσθέ-

302 2054 453 2091 νειαν
493 2038 554 2090 οὐ
602 2037 912 2108 δυναμένων
961 2038 1267 2107 ἐφικέσθαι,
1320 2036 1440 2090 καθ’
1484 2038 1544 2091 ὃν
1589 2038 1695 2091 ἔδει
1741 2039 1870 2109 τρό-

303 2145 425 2190 πον,
460 2129 557 2198 τῆς
586 2128 693 2180 τῶν
727 2128 1065 2199 πραγμάτων
1122 2128 1406 2197 ποιότητος
1455 2128 1548 2181 καὶ
1605 2127 1867 2198 ἀκριόοῦς

304 2218 619 2287 ἑρμηνείας.

1979 1943 2234 1998 monibus
2263 1958 2384 2012 qua:
2415 1959 2583 2014 supra
2618 1959 2930 2000 sermonem
2976 1955 3105 2000 sunt
3134 1948 3537 2016 signiﬁcantur,

1975 2041 2029 2088 et
2058 2049 2179 2103 quae
2208 2035 2415 2089 nostris
2450 2036 2676 2091 vocibus
2717 2035 2951 2103 exprimi
2995 2051 3103 2089 non
3143 2047 3377 2107 possunt
3406 2056 3538 2093 con-

1975 2134 2150 2179 tracta
2195 2137 2323 2181 sunt
2373 2125 2441 2179 ad
2480 2128 2746 2180 rationein
2789 2126 3059 2179 internam
3110 2143 3228 2195 qua:
3275 2128 3327 2181 in
3381 2130 3539 2183 nobis

1972 2226 2075 2282 est,
2105 2228 2162 2271 ut
2196 2218 2440 2287 cogitare
2467 2218 2764 2272 valeamus.
2794 2216 2972 2282 Quare
3011 2217 3383 2273 ineusabimus
3425 2236 3536 2273 non

304 2330 492 2368 rerum
526 2314 875 2368 insolentiam
905 2321 961 2368 et
1001 2314 1421 2377 absurditatem,
1476 2314 1571 2369 sed
1612 2313 1908 2368 verborum
1950 2311 2345 2378 inﬁrmitatem,
2396 2328 2518 2382 qua:
2577 2327 2760 2367 rerum
2815 2313 3137 2382 qualitatem
3196 2324 3539 2366 accuratam-

302 2426 409 2479 que
445 2410 952 2478 interpretationem
990 2426 1090 2480 pro
1125 2426 1311 2466 earum
1348 2412 1619 2481 dignitate
1649 2411 1868 2479 assequi
1906 2425 2014 2464 non
2057 2417 2310 2477 possunt.

374 2506 609 2571 Σχίσμα
636 2499 750 2557 οὖν
787 2502 973 2557 πάλιν
1007 2505 1241 2573 ἐγένετο
1285 2504 1501 2570 ἐντοῖς
1544 2504 1863 2569 Ἰουδαίοις,

303 2593 399 2645 καὶ
430 2593 497 2644 τὰ
524 2592 668 2663 ἑξῆς.

376 2684 603 2737 Κάτεισι
677 2684 769 2737 τοῦ
848 2685 1097 2756 Σωτῆρος
1150 2687 1180 2739 6
1248 2687 1403 2754 λόγος
1468 2687 1548 2748 είς
1607 2686 1702 2748 τὰς
1759 2685 1868 2737 τῶν

300 2779 664 2848 ἀκροωμένων
707 2777 949 2848 καρδίας,
986 2778 1079 2831 καὶ
1110 2776 1528 2848 τρυφερωτέρας
1559 2777 1659 2848 μὲν
1690 2777 1866 2848 εὐρὼν

305 2868 668 2939 μταπλάττει
704 2870 1063 2939 παραχρῆμα,
1103 2870 1198 2922 καὶ
1240 2869 1379 2939 πρὸς
1407 2868 1518 2933 ἕξιν
1554 2867 1868 2938 μεθίστησιν

299 2959 543 3030 ἀγαθήνο
602 2959 859 3029 σκληραῖς
909 2960 965 3012 δὲ
1002 2959 1311 3029 περιτυχὼν
1374 2961 1729 3014 ἀπανίσταται
1776 2963 1869 3015 καὶ

298 3050 554 3105 ἀπονεύει
580 3050 778 3120 τρόπον
804 3046 944 3104 τινα.
971 3049 1178 3103 Οὐκοῦν
1216 3053 1244 3104 6
1274 3051 1372 3120 μὲν
1408 3052 1621 3122 ἕτοιμόν
1648 3071 1765 3117 πως
1792 3056 1869 3117 είς

298 3141 717 3213 εὐγνωμοσύνην
742 3143 880 3212 ἔχων
903 3142 991 3195 τὸν
1022 3142 1166 3205 νοῦν,
1193 3144 1292 3211 τὴν
1324 3148 1588 3216 σωτήριον
1614 3146 1864 3215 ἀσμένως

2046 2498 2112 2565 Χ,
2143 2501 2227 2555 l9.
2264 2500 2544 2567 Diueusio,
2572 2502 2763 2553 iterum
2790 2500 2935 2567 facta
2950 2509 3035 2552 est
3066 2500 3200 2552 inter
3227 2499 3463 2554 Judwos.

2047 2678 2357 2733 Servatoris
2408 2694 2589 2733 sermo
2636 2678 2920 2733 descendit
2965 2679 3019 2733 in
3075 2680 3387 2736 auditorum
3444 2699 3539 2753 pe-

1976 2781 2151 2835 etora,
2177 2785 2350 2841 eaque
2387 2780 2583 2825 nactus
2612 2770 2965 2839 aliquantum
3006 2772 3213 2834 mollia,
3249 2772 3539 2842 derepente

1978 2871 2153 2919 mutat
2184 2872 2238 2917 et
2285 2862 2352 2918 ad
2392 2862 2593 2919 bonum
2624 2862 2869 2919 traducit
2907 2862 3166 2918 habitum
3213 2883 3225 2917 :
3258 2863 3537 2922 olTentlens

1972 2970 2104 3010 vero
2149 2954 2309 3021 dura,
2364 2955 2769 3024 quodammodo
2830 2956 3039 3010 recedit
3073 2972 3136 3010 ac
3188 2958 3533 3014 retrofertur.

1969 3046 2142 3117 igitur
2193 3049 2281 3101 cui
2367 3063 2521 3103 mens
2585 3048 2652 3102 ad
2718 3049 3152 3104 benevolentiam
3222 3061 3537 3121 comparata

1970 3141 2156 3205 fuerit,
2211 3140 2523 3195 Servatoris
2569 3157 2880 3197 sermonem
2937 3144 3114 3199 libens
3172 3146 3405 3215 excipit;
3440 3150 3535 3217 qui

298 3233 657 3304 παραδέξεται
684 3233 857 3301 λόγον,
888 3235 917 3285 6
936 3233 993 3285 δὲ
1020 3232 1092 3303 μὴ
1115 3234 1370 3297 τοιοῦτος,
1391 3236 1591 3288 οὐκέτι.
1617 3235 1862 3288 Τοιοῦτόν

1970 3247 2126 3287 secus
2166 3248 2226 3287 se
2256 3232 2439 3295 habet,
2482 3250 2849 3303 nequaquam.
2875 3236 3071 3291 Simile
3108 3238 3365 3306 quiddam
3401 3257 3534 3295 usu-

298 3341 351 3376 τι
382 3324 579 3394 συνέϐη
605 3325 794 3378 παθεῖν
823 3325 949 3387 τοὺς
994 3324 1256 3377 Ἰουδαίων
1284 3324 1463 3387 λαούς.
1510 3325 1728 3396 Ἐπειδὴ
1759 3327 1866 3396 γὰρ

296 3416 408 3470 τῶν
428 3416 522 3469 τοῦ
552 3417 799 3487 Σωτῆρος
830 3415 1271 3485 κατηκροάσαντο
1298 3415 1492 3483 λόγων,
1521 3417 1868 3486 κατασχίζον-

296 3526 391 3563 ται
414 3508 551 3580 πρὸς
577 3509 860 3578 διχόνοιαν,
903 3508 997 3560 καὶ
1036 3509 1084 3559 οί
1138 3507 1236 3576 μὲν
1274 3506 1739 3577 αἰσθητικώτεροι,
1774 3506 1868 3576 ρέ-

296 3618 493 3655 πουσιν
527 3601 626 3671 ἤδη
650 3601 784 3668 πρὸς
809 3599 1081 3670 σωτηρίας
1107 3599 1303 3669 ἀρχήνο
1338 3600 1386 3651 οἱ
1420 3598 1476 3651 δὲ
1501 3598 1745 3667 σκληροὶ,
1775 3614 1864 3649 νο-

300 3692 453 3746 σοῦσι
480 3695 758 3762 χειρόνως,
781 3691 926 3760 ἥπερ
954 3686 1097 3759 εἶχον
1130 3690 1187 3741 ἐν
1220 3690 1385 3759 ἀρχῇ.
1412 3688 1863 3758 Καταπλήττεται

295 3782 353 3836 δὲ
397 3782 588 3853 ὥσπερ
638 3784 666 3835 6
708 3780 991 3843 θεσπέσιος
1026 3778 1417 3848 εὐαγγελιστὴς
1453 3780 1501 3830 εί
1530 3778 1617 3831 διὰ
1645 3778 1865 3840 τούτους

293 3874 422 3936 τοὺς
451 3873 641 3941 λόγους
678 3871 870 3942 συνέϐη
902 3870 1186 3940 σχισθῆναι
1218 3870 1343 3932 τοὺς
1382 3870 1646 3923 Ἰουδαίων
1678 3869 1856 3931 λαούς.

308 3962 797 4032 Ἐμφαντικώτατα
827 3965 933 4032 γὰρ
952 3958 1105 4031 οἶμαι
1135 3961 1311 4029 λέγειν
1342 3961 1502 4015 αὐτὸν
1538 3962 1598 4014 τὸ
1630 3961 1861 4031 σκληρὸν

291 4055 401 4106 τῶν
428 4055 838 4123 ἀπειθησάντων
865 4053 1234 4123 θαυμάζοντα,
1267 4054 1347 4107 ὅτι
1388 4055 1593 4124 σχίσμα
1649 4056 1861 4123 ἐγένετο

290 4145 379 4198 διὰ
412 4146 537 4208 τοὺς
562 4146 747 4213 λόγους
772 4144 991 4207 τούτους
1012 4144 1078 4197 δι’
1098 4144 1209 4207 οὓς,
1232 4146 1415 4214 φησὶν,
1448 4145 1553 4199 ἔδει
1585 4148 1710 4209 τοὺς
1733 4147 1859 4199 Ἰου-

290 4236 473 4300 δαίους
501 4236 741 4307 ἀκριϐῶς
773 4235 1156 4304 πεισθῆναιότι
1190 4236 1350 4298 αὐτός
1379 4236 1525 4289 ἐστιν
1555 4239 1583 4289 6
1604 4237 1852 4306 Χριστός

291 4328 543 4380 τοσοῦτον
558 4328 696 4398 ἦσαν
712 4329 760 4380 οἱ
787 4327 881 4379 τοῦ
902 4328 1149 4396 Σωτῆρος
1178 4326 1324 4392 λόγοι
1352 4325 1670 4396 θαυμαστοί.
1701 4326 1857 4379 Ἀλλά

295 4420 388 4471 καὶ
440 4419 645 4472 τούτων
693 4420 876 4481 αὐτοῖς
925 4418 1227 4489 εἰρημένων
1278 4412 1359 4481 οἷς
1405 4419 1551 4481 είκὸς
1599 4414 1667 4489 ἦν
1721 4420 1856 4488 πρὸς

1971 3325 2121 3378 venit
2167 3324 2484 3380 Judteorum
2518 3328 2757 3395 populis.
2800 3328 3097 3397 Postquam
3141 3330 3286 3383 enim
3337 3330 3535 3384 Serva-

1972 3418 2110 3471 toris
2157 3419 2323 3471 verba
2358 3416 2681 3481 audierunt,
2736 3419 2791 3472 in
2848 3429 3035 3488 partes
3088 3420 3245 3473 scissi
3300 3433 3450 3485 sunt,
3481 3433 3535 3475 et

1972 3508 2187 3573 quidem
2236 3507 2397 3575 paulo
2452 3508 2757 3563 teneriores
2804 3508 2918 3575 jam
2959 3507 3025 3561 ad
3066 3509 3281 3561 initium
3337 3513 3534 3565 salutis

1966 3605 2221 3667 vergunt,
2251 3599 2371 3652 duri
2397 3613 2525 3652 vero
2558 3599 2847 3667 plusquam
2884 3608 3041 3653 antea
3078 3609 3363 3669 aegrotant.
3389 3602 3535 3668 Quo-

1964 3689 2257 3743 dammodo
2288 3704 2419 3744 vero
2447 3690 2787 3758 obstupescit
2818 3690 3042 3745 divinus
3070 3692 3403 3760 evangelista
3438 3698 3531 3762 qui

1966 3780 2117 3834 ﬁeret
2168 3790 2226 3832 ut
2266 3788 2489 3849 propter
2534 3779 2637 3833 hos
2670 3794 2953 3834 sermones
2992 3778 3163 3833 Judmi
3215 3782 3533 3837 scinderen-

1969 3880 2077 3927 tur.
2116 3872 2251 3925 Puto
2294 3872 2441 3925 enim
2472 3886 2599 3925 eum
2635 3873 2920 3925 mirantem
2954 3872 3209 3926 duritiem
3247 3875 3529 3928 rebellium

1972 3966 2307 4036 minimeque
2339 3966 2763 4035 obsequentium
2807 3966 2994 4020 dicere
3037 3967 3327 4021 admodum
3360 3969 3532 4037 signi-

1970 4055 2194 4108 ﬁcanter
2227 4056 2539 4111 scissuram
2572 4056 2773 4109 factam
2811 4071 2934 4111 esse
2971 4066 3194 4125 propter
3234 4058 3382 4126 ipsos
3412 4075 3529 4111 ser-

1968 4160 2181 4209 mones,
2223 4154 2443 4215 propter
2477 4162 2640 4215 quos,
2690 4148 2904 4215 inquit,
2951 4146 3157 4201 Judaeis
3210 4148 3531 4216 plenissime

1967 4250 2293 4304 persuasum
2326 4250 2450 4291 esse
2477 4236 2716 4304 oportuit
2737 4252 2861 4291 eum
2891 4252 3011 4291 esse
3035 4236 3337 4301 Christum,
3358 4254 3531 4306 usque

1965 4328 2103 4381 adeo
2136 4330 2444 4383 admirandi
2477 4338 2633 4383 erant
2665 4329 2970 4384 Servatoris
2994 4346 3294 4384 sermones.
3322 4331 3526 4386 Etcum

1965 4421 2080 4475 haec
2105 4421 2185 4475 eis
2206 4422 2352 4475 dicta
2386 4429 2593 4487 essent,
2617 4422 2817 4491 quibus
2849 4437 2944 4490 par
2972 4432 3118 4477 esset
3140 4423 3301 4493 663
3331 4440 3526 4494 quem-

290 4507 603 4560 εὐπείθειαν
629 4507 1023 4578 σαγηνεύεσθαι
1048 4506 1250 4559 καὶτὸν
1278 4507 1479 4578 σιρόδρα
1502 4508 1854 4578 δυσθήρατον,

1970 4512 2091 4566 libet
2117 4512 2198 4567 vel
2238 4513 2476 4567 maxime
2515 4513 2637 4581 capi
2677 4512 2950 4566 dillicilem
2996 4514 3061 4565 ad
3087 4516 3413 4583 obsequium
3453 4516 3527 4568 ir-

292 4602 497 4671 ςχίσμα
521 4602 742 4668 γέγονεν
776 4601 978 4660 αὐτοῖς.
1025 4597 1427 4667 Ἀποθαυμάζει
1457 4601 1634 4653 τοίνυν
1658 4603 1853 4664 αὐτοὺς

289 4696 370 4757 είς
395 4692 744 4761 ἀναίσχυντον
778 4690 1060 4761 παρακοὴν
1086 4691 1314 4753 ἀνοσίως
1360 4692 1848 4762 ἐκτετραμμένους.

286 4784 537 4853 Τοσούτῳ
568 4784 704 4853 γὰρ,
733 4779 907 4852 οἶμαι,
939 4782 1357 4853 κατηγορεῖσθαι
1391 4782 1605 4847 δίκαιοι,
1637 4785 1853 4855 ὅσῳπερ

284 4874 352 4928 ἂν
380 4874 605 4935 εἰκότως
632 4876 661 4926 6
684 4873 925 4943 περὶτοῦ
948 4874 1197 4944 Σωτῆρος
1217 4876 1250 4944 η
1259 4873 1373 4943 μῶν
1403 4874 1730 4944 θαυμάζοιτο
1762 4874 1851 4926 λό-

284 4983 397 5033 γος.
444 4966 504 5016 ’0
535 4965 632 5034 μὲν
658 4960 751 5016 οὖν
784 4964 963 5017 ἐλάλει
987 4963 1262 5034 θεοπρεπῆ
1301 4963 1393 5016 καὶ
1418 4964 1561 5035 ἅπερ
1582 4965 1853 5034 ὑπερανα-

283 5056 461 5112 6αίνει
490 5056 795 5127 ἄνθρωπον·
843 5057 876 5125 ἡ
927 5054 983 5106 δὲ
1022 5054 1127 5109 τῶν
1175 5054 1315 5126 ὑπὲρ
1359 5054 1641 5123 ἄνθρωπον
1680 5056 1852 5123 λόγων

283 5147 607 5217 λαμπρότης
629 5148 721 5199 καὶ
751 5148 782 5215 ἡ
809 5145 1115 5216 θεοπρεπὴς
1136 5147 1435 5218 παρρησία,
1462 5146 1597 5215 πρὸς
1617 5143 1853 5215 ἄκρατον

287 5237 546 5292 ἀδουλίαν
572 5236 816 5306 ἐξίστησι
839 5236 963 5299 τοὺς
988 5235 1234 5298 πολλούς.
1255 5236 1363 5289 Καὶ
1389 5234 1616 5304 ἐπείπερ
1641 5231 1708 5305 ἦν
1733 5234 1851 5297 ἔθος

278 5332 396 5390 τοῖς
444 5327 661 5399 ἀληθῶς
705 5327 1171 5397 δαιμονιζομένοις
1223 5328 1619 5399 προχειρότατα
1648 5328 1853 5398 δυσφη-

284 5424 425 5490 μεῖν,
456 5419 552 5472 ἀτε
601 5418 666 5488 δὴ
712 5418 1092 5488 λελυττηκόσιν
1150 5419 1384 5481 εὐκόλως
1441 5420 1533 5472 καὶ
1586 5420 1852 5483 συνέσεως

278 5512 497 5579 ἀπάσης
532 5510 635 5575 ἔξω
676 5509 965 5578 κειμένοις,
1005 5507 1171 5578 ᾤοντο
1202 5508 1258 5561 δὲ
1286 5509 1374 5561 τὸν
1402 5509 1603 5579 Κύριον
1629 5509 1850 5580 ἀνθρω-

279 5618 380 5654 πον
430 5596 567 5653 εἶναι
600 5599 775 5670 ψιλὸν,
802 5600 903 5653 οὐκ
934 5598 1259 5662 ἐννοοῦντες,
1294 5600 1375 5652 ὃτι
1406 5599 1537 5664 Θεὸς
1571 5598 1637 5672 ῆν
1664 5600 1842 5669 φύσει,

358 5781 377 5812 ⁸
400 5778 556 5835 Joan.
592 5796 690 5845 1m,
719 5782 805 5837 49.
884 5778 1083 5837 ’Joan.
1115 5794 1226 5847 xw,
1256 5778 1347 5835 28.

1961 4605 2135 4668 retiri,
2167 4604 2404 4659 schisma
2434 4604 2635 4658 factum
2669 4613 2751 4657 est
2780 4604 2880 4657 eis.
2921 4604 3147 4658 Miratur
3173 4622 3302 4675 ergo
3335 4622 3431 4661 eos
3471 4609 3523 4662 in

1961 4701 2069 4745 tam
2127 4693 2500 4761 impudentem
2549 4694 2953 4747 contumaciam
2994 4694 3159 4763 impie
3203 4711 3519 4751 conversos.

1960 4782 2136 4836 Tanto
2182 4784 2355 4853 magis
2393 4784 2538 4837 enim
2587 4785 2835 4838 accusari
2872 4798 3168 4847 merentur,
3205 4800 3409 4855 quanto
3440 4789 3524 4841 vi-

1960 4874 2160 4928 delicet
2188 4874 2499 4929 Servatoris
2525 4890 2707 4929 sermo
2729 4875 2928 4943 majori
2959 4876 3303 4930 admirationi
3334 4876 3521 4932 fuerit.

1956 4965 2053 5019 llle
2104 4967 2250 5020 enim
2299 4964 2409 5019 Deo
2466 4967 2624 5037 digna
2660 4975 2716 5019 et
2750 4967 3023 5021 hominem
3078 4969 3520 5023 Iranseendenlia

1957 5056 2593 5125 loquebatur;splendor
2627 5070 2760 5109 vero
2788 5057 3076 5109 verborum
3106 5056 3329 5111 homine
3349 5058 3521 5113 subli-

1957 5147 2192 5200 miorum
2240 5158 2294 5201 et
2348 5150 2685 5203 conveniens
2727 5148 2835 5202 Deo
2870 5147 3129 5215 loquendi
3182 5149 3405 5205 libertas
3451 5150 3518 5201 ad

1956 5236 2307 5293 immodicam
2342 5242 2652 5295 vecordiam
2691 5247 2747 5294 et
2792 5240 3156 5295 temeritatem
3185 5241 3379 5309 vulgus
3414 5240 3517 5293 im-

1956 5331 2132 5400 pellit.
2167 5331 2233 5384 Et
2259 5333 2387 5399 quia
2428 5322 2601 5385 moris
2640 5342 2720 5385 est
2758 5332 2824 5387 iis
2854 5332 2945 5401 qui
2983 5333 3159 5401 reipsa
3190 5332 3517 5386 daemonium

1959 5423 2161 5478 habent
2188 5422 2521 5478 effusissime
2552 5423 2901 5486 maledicere,
2928 5430 3118 5489 utpote
3149 5422 3244 5491 qui
3276 5420 3435 5475 facile
3464 5422 3517 5475 in

1956 5513 2161 5567 rabiem
2199 5521 2451 5583 agantur,
2498 5522 2553 5569 et
2584 5515 2650 5569 de
2680 5522 2826 5569 statu
2861 5514 3058 5567 mentis
3089 5514 3311 5568 omnino
3349 5514 3516 5568 emoti

1958 5605 2087 5672 sint,
2120 5606 2388 5676 putabant
2417 5606 2703 5662 Dominum
2735 5607 3010 5683 hominem
3037 5604 3345 5677 simplicem
3376 5620 3518 5669 esse,
