3882 6206
321 347 392 404 15
1305 344 1360 399 S.
1404 341 1682 399 CYRIILI
1723 342 2191 400 ALEXANDBINI
2231 341 2552 399 ARCHIEI‘.
3484 341 3576 396 16·

320 461 465 518 haud
496 458 994 516 animadvortentes
1023 473 1146 513 eum
1168 473 1291 514 esse
1312 467 1507 513 natura
1533 459 1722 524 Deum,
1743 460 1891 514 ideo-

2002 462 2077 516 5ιὰ
2102 462 2260 515 τοῦτο
2285 461 2362 524 de;
2381 461 2706 531 ἀκρατήτως
2735 456 3198 529 βλασφημοῦντες,
3221 457 3558 528 δαιμονῶντα

320 569 426 625 que
456 553 522 606 ad
553 552 914 606 contumelias
944 549 1175 606 effrenes
1211 551 1315 620 ipsi
1344 550 1594 606 daemone
1622 553 1886 622 agitatum

320 645 612 700 vocabant.
660 643 971 698 Audiebant
1007 642 1152 698 enim
1187 643 1458 697 dicentem
1506 658 1568 697 ea
1621 658 1742 713 quae
1792 645 1884 696 uni

327 737 436 791 Deo
482 735 665 788 dicere
715 734 1082 802 competebat,
1130 743 1392 802 tanquam
1447 748 1618 786 unum
1671 748 1803 788 vero
1859 746 1890 786 e

324 827 488 881 nobis
517 826 784 890 videntes,
809 834 864 878 et
913 825 1039 892 quis
1092 823 1397 878 secundum
1445 832 1699 876 naturam
1747 833 1892 878 esset

323 920 566 973 nondum
614 926 1034 988 cognoscentes,
1083 932 1208 970 cum
1264 916 1470 984 aliquid
1508 914 1615 969 Deo
1664 915 1889 984 dignum

322 1011 555 1071 diceret,
584 1008 958 1078 blasphetnias
999 1007 1524 1076 interpretabantur.
1549 1005 1716 1077 igitur
1745 1021 1893 1062 (eco-

323 1103 540 1156 nomice
585 1109 641 1154 et
682 1115 866 1155 rerum
908 1099 1104 1154 ordine
1153 1107 1382 1169 prOpter
1419 1098 1756 1152 audientium
1793 1098 1892 1151 im-

325 1189 672 1244 becillitatem
703 1202 1082 1256 saepenumero
1115 1187 1392 1242 submisse
1419 1194 1469 1241 et
1496 1187 1699 1242 usitato
1733 1187 1893 1241 nobis

325 1295 582 1334 sermone
628 1279 891 1348 loquitur.
923 1280 1067 1348 Ergo
1119 1278 1395 1333 scinditur
1441 1276 1754 1333 Iudaeorum
1795 1293 1892 1348 po-

325 1373 510 1442 pulus,
545 1381 601 1426 et
657 1371 751 1425 alii
809 1369 1033 1440 quidem
1089 1385 1436 1440 nequaquam
1495 1369 1895 1440 perpendentes

325 1461 582 1532 mysteria
621 1476 742 1530 quae
791 1461 848 1514 in
897 1461 986 1516 bis
1035 1469 1219 1527 erant,
1279 1461 1450 1529 impie
1502 1459 1890 1515 contumeliosi

326 1555 595 1620 sunt;alii
628 1569 758 1609 vero
787 1553 958 1608 animi
985 1553 1174 1608 habitu
1202 1553 1598 1609 moderatiores
1618 1571 1725 1608 non
1761 1568 1896 1623 prm-

325 1662 559 1716 propere
588 1645 980 1702 condemnant.
1010 1644 1369 1702 Revolventes
1423 1657 1601 1700 autem
1657 1647 1800 1715 apud
1836 1659 1898 1699 se

325 1738 448 1807 ejus
486 1738 650 1793 verba
679 1747 734 1794 et
771 1747 1026 1794 accurate
1063 1738 1456 1807 expendentes,
1483 1753 1677 1790 eorum
1714 1735 1898 1790 suavi-

1991 555 2238 609 ἐκάλουν.
2278 553 2515 606 Ἤκουον
2549 552 2657 623 γὰρ
2682 551 2931 620 λέγοντος
2962 550 3102 622 άπερ
3129 550 3196 604 ἂν
3230 550 3432 621 πρέποι
3465 550 3560 619 μό-

1994 663 2066 717 νῳ
2088 646 2262 714 λέγειν
2283 643 2361 714 τῷ
2377 644 2497 714 Θεῷ
2513 663 2525 674 ·
2553 644 2627 707 ὠς
2652 643 2746 697 ἕνα
2771 643 2827 695 δὲ
2853 643 2960 696 τῶν
2989 642 3111 695 καθ’
3135 644 3280 712 ἡμᾶς
3305 641 3559 711 ὁρῶντες,

1990 738 2085 790 καὶ
2119 736 2201 801 τίς
2233 739 2346 790 ἐστι
2373 735 2512 789 κατὰ
2553 733 2712 803 φύσιν
2744 734 2898 788 οὔπω
2931 734 3309 802 γινώσκοντες,
3353 732 3556 803 δυσφη-

1995 833 2115 900 μεῖν
2149 829 2398 900 ἐνόμιζον
2435 829 2524 883 ὅτε
2551 845 2604 880 τι
2637 827 2784 895 λέγει
2819 825 3138 897 θεοπρεπὲς.
3179 823 3388 879 Οὐκοῦν
3415 826 3561 878 οἰκο-

1992 922 2235 994 νομικῶς
2263 922 2350 975 διά
2377 920 2474 992 τὴν
2499 920 2607 973 τῶν
2633 919 2998 990 ἀκροωμένων
3023 917 3303 972 ἀσθένειαν
3336 914 3564 987 ὑφειμέ-

1992 1031 2098 1076 νως
2151 1013 2410 1075 πολλάκις
2461 1012 2554 1065 καὶ
2598 1009 2676 1080 τῷ
2724 1009 2846 1064 καθ’
2892 1010 3040 1080 ἡμᾶς
3085 1009 3349 1078 κέχρηται
3398 1007 3560 1077 λόγῳ.

1995 1101 2396 1173 Κατασχίζεται
2442 1101 2621 1154 τοίνυν
2655 1100 2761 1153 τῶν
2804 1099 3072 1153 Ἰουδαίων
3110 1101 3138 1152 ὁ
3165 1099 3354 1169 δῆμος,
3384 1099 3479 1152 καὶ
3513 1100 3561 1152 οἱ

1997 1194 2118 1265 μὲν,
2146 1194 2295 1246 οὐδὲν
2330 1193 2681 1257 ἐννοήσαντες
2719 1190 2855 1254 ὅλως
2881 1189 2988 1243 τῶν
3019 1191 3105 1242 ἐπ’
3141 1189 3322 1253 αὐτοῖς
3355 1206 3562 1261 μυστη-

1997 1285 2149 1354 ρίων,
2181 1283 2406 1345 ἀνοσίως
2435 1280 2766 1352 ὑϐρίζουσιν,
2786 1282 2834 1334 οἱ
2856 1280 2911 1333 δὲ
2927 1280 3024 1348 τὴν
3040 1279 3153 1344 ἕξιν
3170 1280 3564 1352 ἐπιεικέστεροι

1995 1373 2302 1446 προχείρως
2327 1373 2386 1424 ού
2414 1371 2852 1442 κατακρίνουσιν.
2871 1367 3320 1439 Ἀναμασώμενοι
3350 1368 3407 1422 δὲ
3435 1369 3564 1432 τοὺς

1995 1464 2127 1535 παρ’
2151 1462 2314 1516 αὐτοῦ
2355 1463 2546 1530 λόγους
2566 1462 2662 1515 καὶ
2695 1461 2833 1530 μετά
2855 1461 3138 1531 ἀκριϐείας
3160 1458 3563 1530 βασανίζοντες,

1996 1558 2096 1626 τῆς
2124 1560 2180 1610 ὲν
2213 1559 2393 1621 αὐτοῖς
2423 1557 2755 1625 γλυκύτητος
2792 1553 3230 1616 ὑπαισθάνονται,
3263 1553 3566 1622 δοκιμωτά-

1995 1665 2096 1720 την
2142 1667 2202 1702 τε
2237 1648 2380 1701 οὓτω
2422 1647 2698 1701 ποιοῦνται
2727 1647 2823 1716 τὴν
2853 1646 3143 1718 διάκρισιν,
3175 1647 3441 1716 νήφοντας
3472 1645 3567 1700 καὶ

1998 1741 2268 1802 συνέσεως
2308 1739 2406 1804 τῆς
2432 1738 2710 1808 ἀνωτάτης
2753 1738 3022 1808 γέμοντας
3063 1737 3274 1806 λόγους,
3313 1741 3431 1802 ταῖς
3459 1737 3568 1790 τῶν

328 1840 500 1885 tatem
547 1829 984 1900 subodorantur,
1034 1837 1089 1885 et
1143 1831 1217 1884 ita
1255 1830 1701 1900 probatissimum
1744 1826 1896 1897 judi-

2002 1831 2290 1900 δαιμονίων
2319 1829 2606 1901 ἐλαφρίαις
2627 1829 2688 1882 οὐ
2716 1828 3083 1900 χαριζόμενοι.
3115 1829 3274 1891 ’Ἐθος
3297 1828 3404 1898 γὰρ
3420 1828 3564 1882 ὲκεί-

327 1925 475 1978 cium
533 1924 736 1988 ferunt,
777 1931 888 1977 tam
943 1925 1158 1978 sobrias
1212 1923 1566 1993 cwlestisque
1619 1921 1899 1988 sapientiae

329 2018 520 2087 plenas
549 2031 712 2069 voces
745 2015 946 2070 levitati
991 2016 1302 2069 daemonum
1336 2013 1564 2068 minime
1594 2013 1900 2066 attribuen-

328 2117 429 2162 tes.
476 2106 572 2162 Est
610 2109 753 2162 enim
785 2107 956 2160 moris
991 2106 1100 2160 illis
1135 2106 1280 2160 inter
1309 2105 1695 2160 insaniendum
1734 2104 1900 2157 inter-

327 2197 568 2252 cidentia
619 2204 674 2249 et
721 2196 1018 2250 titubantia
1069 2195 1238 2266 loqui.
1280 2195 1450 2266 Igitur
1497 2196 1602 2266 ipsi
1639 2194 1898 2249 Pharisaei

330 2289 550 2360 magisa
579 2289 825 2342 daemone
850 2288 1208 2353 vexabantur,
1239 2289 1403 2342 talem
1437 2289 1776 2356 appellantes
1804 2288 1898 2356 qui

328 2383 397 2436 ab
428 2397 489 2438 ea
524 2380 940 2453 perturbatione
975 2380 1234 2433 immunis
1275 2388 1358 2433 est
1387 2380 1452 2442 ⁵⁸,
1485 2393 1584 2432 nec
1619 2379 1806 2432 vident
1841 2393 1901 2431 se

330 2478 552 2530 insitum
594 2475 699 2528 sibi
751 2473 1006 2527 morbum
1062 2473 1350 2541 evulgare,
1399 2471 1644 2540 adeoque
1692 2473 1896 2524 malum

328 2579 438 2634 quo
509 2563 903 2618 conflictantur
953 2574 1064 2630 prae
1138 2560 1416 2628 imperitia
1491 2570 1546 2614 et
1598 2561 1900 2614 stoliditate

330 2657 507 2726 palam
543 2653 748 2709 facere.
775 2651 842 2705 Et
881 2665 1002 2706 meo
1045 2649 1266 2720 quidem
1294 2650 1507 2719 judicio
1536 2666 1749 2704 summa
1785 2667 1902 2705 ma-

331 2748 446 2810 litia
477 2746 676 2800 dicunt
706 2742 996 2799 Dominum
1029 2742 1228 2796 habere
1257 2739 1608 2796 daemonium.
1641 2740 1899 2808 Quando-

329 2837 551 2909 quidem
586 2835 732 2891 enim
768 2842 1029 2904 tanquam
1064 2841 1318 2902 pastores
1357 2834 1650 2889 incusabat
1682 2834 1903 2889 timidos

330 2941 383 2984 et
405 2928 801 2991 mcrceuarios,
825 2927 1028 2997 quippe
1059 2927 1150 2995 qui
1188 2926 1566 2996 relinquerent
1589 2941 1720 2984 oves
1750 2927 1901 2998 lupo,

330 3034 636 3092 parumque
675 3018 966 3074 admodum
997 3017 1066 3073 de
1098 3032 1260 3088 grege
1300 3018 1522 3073 solliciti
1554 3025 1762 3085 essent,
1792 3034 1900 3073 non

332 3111 686 3168 mediocriter
713 3110 1076 3173 consternati,
1098 3111 1367 3179 veritique
1392 3124 1461 3165 ne
1492 3110 1679 3180 populi
1714 3111 1903 3181 utique

331 3204 698 3274 intelligentes
747 3202 894 3272 quod
934 3201 1142 3256 dictum
1195 3210 1333 3266 erat,
1383 3201 1646 3272 deinceps
1695 3203 1764 3257 ab
1819 3203 1900 3270 eis

331 3297 484 3366 pasci
524 3296 924 3356 detrectarent.
970 3302 1025 3349 et
1077 3294 1133 3348 in
1171 3293 1522 3363 disciplinam
1583 3292 1792 3349 Christi
1841 3309 1900 3350 se

330 3390 562 3443 darent:
594 3397 884 3458 propterea
940 3386 1141 3442 animis
1185 3385 1559 3456 gregariorum
1613 3385 1899 3439 hominum

332 3482 520 3534 fucum
567 3479 831 3533 facientes
878 3479 1080 3534 aiunt:
1116 3495 1136 3529 ι
1175 3475 1512 3531 Daemonium
1557 3477 1740 3542 habet,
1768 3477 1898 3547 quid

332 3573 487 3627 illum
510 3573 712 3626 auditis
730 3572 833 3624 ’Ἴ
852 3591 871 3624 ι
905 3569 1061 3636 Quod
1081 3585 1205 3624 cum
1222 3584 1319 3638 per
1335 3582 1604 3623 summam
1635 3568 1898 3622 malitiam

331 3665 603 3731 dicerent,
628 3663 923 3718 consilium
961 3673 1142 3716 tamen
1177 3661 1286 3716 illis
1326 3661 1380 3715 in
1411 3661 1749 3716 contrarium
1778 3676 1900 3716 ces-

333 3756 405 3825 sit
439 3773 450 3809 :
480 3763 534 3808 et
568 3755 658 3808 alii
681 3752 844 3824 664,
874 3752 1093 3823 quidem
1119 3759 1403 3822 perspecta
1434 3753 1727 3806 verborum
1763 3766 1898 3822 qua-

329 3841 482 3895 titate
513 3858 575 3895 ea
610 3851 761 3895 recte
807 3841 1080 3910 judicent,
1103 3854 1204 3894 nec
1236 3840 1366 3894 talia
1391 3841 1586 3895 cadere
1633 3841 1691 3894 in
1718 3827 1896 3895 homi-

332 3947 458 3984 nem
497 3946 526 3984 a
573 3932 820 3986 daemone
864 3945 1179 4000 possessum
1216 3947 1230 3984 :
1273 3936 1456 3983 tamen
1502 3929 1894 3984 miraculorum

331 4021 646 4078 etlectiones
714 4021 1141 4090 inexpugnabile
1201 4019 1576 4074 testimonium
1634 4019 1902 4090 praebent,

334 4113 430 4165 ait.
479 4111 594 4168 Etsi
624 4113 770 4167 enim
807 4112 1084 4167 accusatis
1116 4111 1282 4166 verba
1318 4119 1377 4165 ut
1409 4126 1519 4166 non
1561 4121 1709 4168 recte
1733 4113 1900 4176 dicta,

332 4212 575 4260 attamen
630 4205 748 4260 fieri
800 4219 915 4273 non
966 4211 1147 4272 potest
1204 4211 1265 4256 ut
1315 4204 1441 4275 quis
1502 4204 1796 4259 identidem
1849 4213 1904 4260 et

2000 1941 2106 1976 νων
2136 1924 2192 1976 ὲν
2221 1921 2296 1992 τῷ
2329 1922 2684 1992 παραπαίειν,
2713 1920 2776 1973 τὸ
2830 1919 3216 1992 παρεμπίπτον
3263 1919 3461 1973 λαλεῖν.
3501 1920 3565 1971 Οί

1998 2010 2092 2067 οὖν
2125 2015 2403 2084 Φαρισαῖοι
2436 2013 2635 2083 μᾶλλον
2657 2007 2795 2083 ἦσαν
2822 2013 2870 2064 of
2899 2011 3280 2081 δαιμονῶντες,
3317 2011 3366 2064 oi
3389 2008 3566 2064 τοιοῦ-

1998 2121 2090 2157 τον
2134 2104 2424 2166 καλοῦντες
2463 2105 2554 2157 τὸν
2599 2103 2800 2167 παντὸς
2847 2103 3131 2174 ἐλεύθερον
3179 2103 3405 2169 πάθους,
3470 2103 3566 2156 καὶ

1999 2194 2284 2265 λελήθασιν
2308 2196 2532 2257 ἑαυτοὺς
2562 2195 2660 2266 τὴν
2687 2195 2909 2249 ἐνοῦσαν
2939 2195 3122 2258 αὐτοῖς
3152 2194 3568 2265 ἐξαγορεύοντες

1999 2286 2154 2338 νόσον
2201 2287 2294 2338 καὶ
2347 2286 2404 2338 τὸ
2455 2286 2674 2357 συνέχον
2718 2287 2916 2348 αὐτοὺς
2946 2285 3112 2339 κακὸν
3147 2284 3208 2349 ἐξ
3233 2285 3454 2354 άγνοίας
3481 2283 3568 2350 ιε-

1999 2377 2248 2447 ηγεῖσϐαι
2285 2378 2346 2429 ού
2386 2377 2827 2448 παραιτούμενοι.
2855 2373 3021 2448 Οἶμαι
3045 2376 3102 2430 δὲ
3130 2375 3304 2445 ἔγωγε
3331 2391 3568 2448 κακουρ-

1999 2469 2241 2537 γοτάτως
2267 2467 2468 2539 σφόδρα
2497 2467 2677 2535 λέγειν
2698 2466 2913 2532 αὐτοὺς,
2937 2468 3020 2521 ὅτι
3042 2467 3270 2538 δαιμονᾷ
3290 2468 3318 2519 ό
3342 2466 3566 2538 Κύριος.

2011 2560 2230 2630 Ἐπειδὴ
2277 2559 2385 2629 γὰρ
2432 2559 2508 2622 ὼς
2553 2560 2814 2630 ποιμένας
2859 2561 3154 2630 κατῃτιᾶτο
3203 2559 3412 2622 δειλοὺς
3474 2561 3568 2614 καὶ

2003 2650 2330 2720 μισθωτοὺς,
2353 2648 2429 2713 ὡς
2479 2651 2705 2714 άνέντας
2736 2650 2813 2722 τῷ
2845 2650 2994 2722 λύκῳ
3040 2653 3107 2706 τά
3159 2651 3428 2722 πρόϐατα,
3472 2655 3567 2706 καὶ

1999 2741 2154 2809 ὀλίγα
2185 2741 2463 2805 παντελῶς
2513 2743 2609 2813 τῆς
2663 2744 2864 2813 ἀγέλης
2919 2745 3331 2816 φροντίσαντας,
3375 2747 3434 2798 ού
3468 2764 3567 2817 με-

1999 2835 2168 2904 τρίως
2191 2833 2657 2906 καταπτοούμενοι
2699 2836 2775 2906 μὴ
2798 2836 2906 2906 ἄρα
2939 2837 3210 2900 συνιέντες
3239 2839 3288 2890 οἱ
3314 2837 3475 2908 δῆμοι
3506 2839 3571 2893 τὸ

2002 2925 2309 2996 εἰρημένον,
2341 2928 2789 2997 παραιτήσωνται
2823 2928 2922 2999 μὲν
2945 2929 3048 3000 ήδη
3081 2930 3142 2982 τὸ
3164 2931 3255 2983 ὑπ’
3278 2930 3459 2993 αὐτοῖς
3486 2929 3567 2984 ἔτι

2003 3016 2404 3087 ποιμαίνεσθαι,
2434 3018 2824 3090 προσδράμωσι
2844 3019 2902 3073 δὲ
2930 3023 2995 3092 τῇ
3024 3022 3128 3074 ὑπὸ
3154 3021 3371 3092 Χριστῷ
3397 3021 3570 3094 μαθη-

2001 3108 2143 3179 τείᾳ,
2165 3107 2251 3162 διὰ
2281 3108 2438 3162 τοῦτο
2465 3109 2556 3163 τὸν
2587 3109 2711 3164 νοῦν
2734 3111 2842 3163 τῶν
2871 3112 3142 3180 ἁγελαίων
3166 3113 3568 3180 φενακίζοντες,

2003 3198 2155 3267 φασίο
2199 3216 2218 3250 ι
2257 3200 2541 3270 Δαιμόνιον
2598 3200 2731 3271 ἔχει,
2789 3202 2844 3255 τί
2880 3201 3045 3255 αὐτοῦ
3087 3202 3346 3269 ἀκούετε;
3394 3221 3413 3252 ι
3460 3200 3571 3255 Καὶ

2001 3288 2173 3343 ταῦτα
2214 3291 2436 3344 ἐκείνων
2489 3291 2577 3344 διὰ
2630 3292 2967 3362 κακουργίαν
3025 3293 3310 3362 λεγόντων,
3370 3294 3449 3355 είς
3507 3290 3577 3346 τὸ

2001 3382 2241 3434 ὲναντίον
2271 3383 2453 3445 αὐτοῖς
2487 3383 2659 3455 ἐπέϐη
2707 3383 2768 3438 τὸ
2803 3385 3049 3456 σκέμμα,
3075 3385 3224 3440 ἄλλοι
3256 3383 3313 3438 δὲ
3335 3384 3442 3438 ἀπὸ
3473 3383 3574 3454 μὲν

2001 3471 2099 3541 τῆς
2127 3471 2234 3529 τῶν
2263 3473 2435 3542 λόγων
2463 3475 2764 3546 ποιότητος,
2785 3475 2976 3546 ὀρθοὺς
2997 3471 3137 3531 εἶναι
3167 3477 3409 3548 κρίνουσι
3443 3476 3572 3540 τοὺς

2003 3563 2096 3617 τοῦ
2129 3565 2337 3636 Κυρίου
2373 3566 2587 3635 λόγους,
2616 3568 2692 3632 ὼς
2723 3568 2824 3622 οὐκ
2845 3568 3016 3622 ὄντων
3041 3568 3149 3623 τῶν
3167 3567 3427 3623 τοιούτων
3452 3567 3570 3621 δαι-

2009 3659 2383 3730 μονιζομένοψ
2415 3661 2564 3731 ὅμως
2587 3663 2642 3714 αἱ
2663 3661 3120 3733 Θαυματουργίαι,
3150 3662 3335 3733 φησὶν,
3360 3661 3574 3731 ἄμαχον

2004 3751 2187 3820 ἔχουσι
2217 3752 2544 3822 μαρτυρίαν.
2571 3753 2636 3806 Εἰ
2661 3753 2770 3823 γὰρ
2792 3755 2886 3808 καὶ
2915 3754 3022 3808 τῶν
3052 3754 3225 3823 λόγων
3256 3753 3331 3816 ὡς
3351 3753 3449 3806 οὐκ
3475 3753 3572 3825 ὀρ-

2004 3842 2113 3905 θῶς
2170 3842 2481 3912 λεγομένων
2537 3847 2927 3915 κατηγορεῖτε,
2992 3845 3106 3900 ἀλλ’
3170 3845 3447 3916 ἀμήχανον
3511 3845 3576 3896 ἐν

2003 3932 2186 4003 ταυτῷ
2243 3951 2362 3988 τινα
2410 3935 2505 3989 καὶ
2554 3935 2829 4006 δαιμόνιον
2888 3937 3052 4009 ἔχειν,
3098 3937 3324 3992 κάκεῖνα
3376 3937 3566 3988 ποιεῖν.

2017 4025 2150 4077 Ἀπὸ
2209 4021 2303 4079 οὖν
2356 4027 2466 4080 τῶν
2519 4028 2748 4099 καρπῶν
2812 4030 2862 4083 ot
2917 4029 3083 4084 αἴσιοι
3145 4030 3330 4102 κριταὶ
3385 4026 3573 4096 ὲπεγί-

2004 4133 2212 4170 νωσκον
2243 4119 2425 4183 αὐτὸν,
2457 4121 2592 4190 μετὰ
2623 4122 2716 4175 καὶ
2747 4121 2840 4174 τοῦ
2869 4120 3166 4193 Θαυμάζειν
3196 4123 3290 4175 τὸν
3317 4122 3444 4193 παρ’
3472 4121 3572 4174 αύ-

2004 4207 2099 4260 τοῦ
2135 4208 2311 4278 λόγον.

332 4297 663 4352 daemonium
695 4297 894 4352 habeat
923 4305 977 4351 et
1006 4296 1098 4351 illa
1136 4295 1321 4350 faciat.
1384 4297 1428 4350 A
1471 4297 1742 4353 fructibus
1775 4297 1943 4368 igitur
1980 4303 2118 4369 aequi
2150 4302 2367 4372 judices
2406 4305 2811 4376 cognoscebant
2853 4321 2998 4368 eum,
3064 4305 3228 4362 simul
3272 4312 3326 4361 et
3362 4317 3573 4360 sermo-

334 4410 458 4449 nem
493 4392 616 4460 ejus
648 4390 1089 4445 admirabantur.

403 4485 470 4547 Χ,
487 4485 576 4539 22.
607 4482 776 4537 Facta
802 4493 924 4537 sunt
951 4493 1124 4537 autem
1149 4482 1402 4538 Euctem'u
1421 4486 1474 4538 in
1492 4485 1896 4557 Hierosolymis,

2077 4485 2339 4555 Ἐγένετο
2359 4486 2427 4539 δὲ
2455 4487 2526 4542 τὰ
2548 4488 2850 4558 Ἐγκαίνια
2869 4487 2938 4541 ἐν
2962 4487 3086 4554 τοῖς
3112 4488 3572 4558 Ἱεροσολύμοις,

331 4589 378 4632 ει
415 4579 578 4630 hiems
609 4587 742 4630 erat.

407 4671 673 4723 Intererat
701 4675 885 4721 autem
916 4665 1072 4722 festis
1103 4665 1393 4734 Dominus,
1426 4682 1535 4721 non
1577 4676 1636 4722 ut
1666 4683 1730 4723 ea
1771 4684 1897 4724 cum

331 4758 541 4814 Iudaeis
563 4759 904 4824 celebraret;
931 4758 1027 4827 qui
1059 4757 1113 4812 id
1144 4760 1292 4812 enim
1322 4758 1438 4813 fieri
1473 4766 1688 4829 poterat
1727 4760 1797 4816 ab
1833 4776 1900 4815 eo

334 4850 427 4920 qui
445 4847 799 4910 dixerat,0di
821 4858 879 4903 et
907 4863 1110 4919 respuo
1129 4847 1266 4903 festa
1285 4850 1613 4906 vestra?scd
1649 4859 1710 4906 ut
1739 4851 1902 4907 utiles

334 4956 468 4995 suos
503 4954 792 4995 sermones
820 4954 1005 4994 coram
1048 4940 1252 5009 populo
1295 4941 1466 4995 multo
1517 4941 1748 5007 diceret,
1780 4959 1897 4998 ma-

332 5031 593 5086 nifestum
627 5047 688 5086 se
721 5031 928 5085 Judaeis
959 5031 1184 5095 sistens,
1225 5039 1278 5085 et
1314 5047 1626 5102 quanquam
1665 5051 1772 5089 non
1809 5051 1895 5090 re-

333 5125 575 5194 quisilus
622 5137 680 5178 se
719 5123 828 5176 illis
885 5121 1220 5176 admiscens.
1275 5120 1656 5178 Enr-seniorum
1714 5134 1895 5179 autem

332 5215 556 5269 nomine
606 5213 694 5267 hic
745 5219 828 5267 est
886 5212 1302 5281 intelligendum
1338 5215 1419 5268 vel
1473 5217 1709 5285 primum
1764 5215 1896 5270 il!ud

330 5303 531 5359 festum
567 5317 678 5373 quo
729 5300 990 5356 Salomon
1037 5316 1240 5356 novum
1293 5304 1550 5373 templum
1586 5303 1890 5369 dedicavit;

330 5400 416 5453 vel
450 5397 582 5452 illud
634 5393 1014 5456 Zorobabelis.
1049 5395 1142 5464 qui
1183 5395 1377 5450 deinde
1417 5413 1540 5450 cum
1580 5395 1734 5461 Jesu,
1774 5408 1898 5467 post

332 5487 569 5543 reditum
591 5504 620 5542 e
637 5486 933 5558 Babylone,
951 5486 1214 5554 templum
1243 5484 1384 5541 idem
1402 5488 1894 5542 restauravitﬁnm

398 5624 437 5652 "
469 5618 628 5674 Joan.
655 5636 774 5686 νιιι,
801 5621 892 5674 48.
969 5621 1032 5650 ⁸⁸·
1063 5619 1196 5672 ibid.

2005 4576 2102 4633 καὶ
2133 4576 2354 4646 χειμὼν
2372 4573 2469 4648 ἦν.

2078 4668 2362 4740 Παρῆνῌ)
2387 4669 2444 4722 δὲ
2465 4669 2524 4722 ὲν
2543 4673 2663 4733 ταῖς
2680 4671 2893 4741 ἑορταῖς
2911 4672 2940 4724 ό
2963 4669 3188 4741 Κύριος,
3219 4671 3316 4741 οὐχ
3342 4671 3418 4735 ὡς
3444 4688 3571 4725 συν-

2006 4761 2300 4832 εορτάσων·
2318 4760 2433 4823 πῶς
2455 4761 2562 4828 γάρ
2578 4777 2594 4827 ;
2613 4761 2642 4812 ὁ
2663 4760 3179 4831 είπὼν,Μεμίσηκα,
3200 4761 3460 4832 ἀπῶσμαι
3474 4762 3574 4824 τὰς

2006 4854 2199 4925 ἑορτὰς
2225 4853 2378 4924 ὑμῶν
2407 4872 2420 4884 ·
2450 4853 2563 4906 ἀλλ’
2596 4854 2684 4906 ἵνα
2712 4854 2838 4917 τοὺς
2866 4853 3166 4922 ὲπωφελεῖς
3194 4854 3358 4907 αὑτοῦ
3384 4854 3574 4924 λόγους

2005 4947 2096 5000 ἐπὶ
2113 4947 2383 5016 παρουσίᾳ
2410 4943 2617 4998 πολλῶν
2648 4945 2794 5016 εἴπῃ,
2843 4945 3058 5016 ἐμφανῆ
3089 4946 3277 5000 ἑαυτὸν
3298 4948 3574 5018 καταστή-

2006 5055 2100 5101 σας
2125 5041 2239 5100 τοῖς
2275 5037 2569 5099 Ἰουδαίοις,
2595 5037 2689 5089 καὶ
2709 5036 2998 5105 ἀζητήτως
3027 5038 3210 5100 αὐτοῖς
3242 5039 3435 5091 ἑαυτὸν
3467 5056 3568 5092 κα-

2001 5127 2253 5197 ταμίξας.
2321 5125 2600 5194 Ἐγκαίνια
2648 5126 2704 5178 δὲ
2750 5127 2958 5196 οἰητέον
3009 5126 3259 5192 ἐνταῦθα,
3303 5129 3420 5198 ἦτοι
3471 5129 3578 5199 τὴν

2002 5215 2224 5287 πρώτην
2275 5215 2486 5286 ἑορτὴν,
2545 5214 2666 5267 καθ’
2715 5216 2836 5287 ἢνό
2884 5215 3133 5287 Σολομὼν
3175 5217 3458 5271 ἐπετέλεσε
3505 5219 3576 5272 τά

2012 5307 2291 5376 Ἐγκαίνια
2316 5323 2330 5336 ο
2363 5305 2396 5376 ἢ
2424 5306 2510 5358 ὅτε
2537 5307 2564 5358 ό
2587 5305 2889 5376 Ζοροϐάϐελ
2919 5305 3140 5369 ὕστερον
3170 5308 3266 5361 σὺν
3286 5307 3364 5378 τῷ
3394 5309 3572 5378 Ἰησοῦ

2007 5397 2144 5468 μετά
2161 5395 2260 5468 τὴν
2285 5399 2350 5449 ὲκ
2378 5395 2694 5459 Βαϐυλῶνος
2737 5395 3012 5460 ἐπάνοδον,
3055 5395 3146 5450 τὸν
3187 5396 3314 5451 ναὸν
3373 5397 3566 5469 ᾠκοδό·

2009 5506 2199 5562 μησεν.
2229 5487 2511 5558 Χειμῶνος
2534 5486 2588 5539 δὲ
2619 5488 2712 5541 καὶ⁵
2751 5486 2907 5541 ὑετοῦ
2934 5486 3084 5551 ὄντος
3128 5489 3450 5559 τηνικαῦτα,
3493 5493 3573 5544 εξ·-

397 5755 479 5830 (1)
513 5755 717 5826 Παρῆν
741 5799 754 5815 .
783 5798 796 5814 .
822 5798 837 5814 .
858 5796 874 5813 .
902 5759 1120 5828 λόγους
1149 5774 1211 5812 ex
1243 5767 1428 5815 catena
1473 5759 1729 5846 Vaticana
1755 5803 1765 5826 ,
1798 5759 1896 5814 fol.

2002 5760 2061 5829 ιο,
2099 5777 2186 5833 ap.
2224 5761 2325 5820 Mai
2347 5762 2487 5820 Bibl.
2518 5764 2650 5820 Nov.
2687 5765 2827 5831 PR,
2850 5764 2934 5834 ΙΙΙ,
2965 5765 3092 5823 154.
