3882 6206
302 376 369 431 17
1066 368 1134 422 IN
1174 364 1593 422 .I‘OANNEM.-—
1628 362 1756 416 LIB.
1789 359 1875 414 VII
1918 359 2005 414 ΕΤ
2045 362 2157 416 VIII
2188 362 2607 420 FRAGMENTA
3468 373 3534 432 ιιι

297 495 469 548 κότως
499 485 737 540 ἅπαντες
766 482 857 535 ἐπὶ
886 482 983 551 τὴν
1000 480 1161 535 στοὰν
1188 481 1426 551 ἔτρεχον.
1453 480 1542 532 Διὸ
1562 479 1655 531 καὶ
1680 479 1707 530 6
1735 478 1864 545 Χρι-

1990 475 2154 532 ιίιξιιις
2185 486 2333 534 esset
2364 486 2418 534 et
2453 489 2583 534 tunc
2614 482 2847 550 plueret,
2868 487 3074 549 cuncti,
3100 494 3158 538 ut
3183 502 3278 555 par
3304 494 3444 548 erat,
3466 486 3532 539 ad

300 578 421 642 στος
452 576 567 629 ἐκεῖ
593 570 777 645 ἦλθεν,
798 574 884 626 ἵνα
903 574 1036 625 πᾶσι
1067 572 1302 641 γνωρίσῃ
1339 572 1526 623 ἑαυτὸν
1547 572 1655 627 τοῖς
1684 568 1867 619 θέλου-

298 671 384 723 σιν
416 666 576 721 αὑτὸν
608 666 757 729 ἰδεῖν,
790 664 883 716 καὶ
909 660 1120 732 μεταδῷ
1142 663 1324 724 αὐτοῖς
1345 659 1628 728 ὡφελείας,
1665 658 1727 712 Οἱ
1760 657 1867 727 γὰρ

298 762 531 834 ὁρῶντες
547 758 818 827 ἠκονῶντο
848 756 983 826 πρὸς
1014 756 1074 808 τὸ
1096 755 1305 825 ἐρωτᾷν
1329 771 1378 805 τι
1407 752 1565 805 αὐτόν
1598 768 1611 782 ·
1648 752 1729 805 ὅτι
1779 751 1869 803 καὶ

302 855 502 926 μᾶλλον
526 856 583 907 ἐν
613 856 731 917 ταῖς
761 852 980 921 άργίαις
1000 848 1305 917 πεφύκασιν
1348 848 1395 898 ot
1430 845 1702 914 ἄνθρωποι
1746 843 1870 905 τοὺς

296 945 573 1007 τοιούτους
590 942 860 1014 ἐπιμελῶς
887 941 1161 993 ἀνακινεῖν
1193 937 1402 1003 λόγους.

384 1120 776 1173 Ἐκύκλωσαν
816 1108 927 1168 οὖν
976 1110 1164 1165 αὑτὸν
1213 1112 1267 1162 οἱ
1326 1107 1617 1169 Ἰουδαῖοι,
1668 1107 1759 1157 καὶ
1804 1104 1874 1157 τά

302 1210 453 1280 i571:-

375 1305 731 1376 Παραιτείται
793 1302 892 1371 μὲν
948 1300 1144 1361 αὐτοὺς
1198 1296 1263 1348 τὸ
1302 1295 1382 1357 εἰς
1416 1291 1596 1345 πίστιν
1628 1290 1721 1355 ὀξὺ
1760 1288 1873 1359 δρι-

308 1395 533 1466 μύσσων
567 1396 594 1449 6
622 1394 835 1463 φθόνος·
872 1391 1185 1453 ἐκϐιάζεται
1211 1387 1268 1441 δὲ
1308 1385 1442 1458 πρὸς
1471 1385 1618 1455 ἡμᾶς
1652 1381 1710 1435 τὸ
1742 1380 1874 1433 θαῦ-

308 1502 386 1554 μα
443 1483 554 1536 τῶν
605 1481 942 1552 τελουμένων
989 1480 1052 1533 τὸ
1097 1475 1347 1549 μέγεθος.
1393 1471 1779 1527 ’Υπαιτιῶνταί
1810 1486 1874 1538 γε

309 1578 418 1647 μὴν
447 1576 540 1628 τὸν
577 1575 757 1643 λόγον,
802 1571 897 1626 καὶ
930 1570 992 1625 τὸ
1036 1571 1134 1639 τῆς
1164 1565 1513 1629 διδασκαλίας
1553 1561 1875 1635 περιεσταλ-

310 1668 493 1735 μένον,
547 1665 802 1736 έμπόδιον
863 1662 1045 1723 αὐτοῖς
1096 1654 1237 1712 εἶναί
1307 1673 1442 1725 φασι
1490 1653 1583 1708 τοῦ
1640 1651 1875 1705 συνιέναι

302 1757 563 1813 δύνασθαι
596 1755 775 1818 καλῶς
809 1754 954 1824 άπερ
982 1752 1089 1805 ἔδει
1120 1750 1334 1822 μαθεῖν.
1382 1746 1616 1814 Ἀξιοῦσι
1656 1760 1878 1813 τοιγαρ-

1974 570 2245 635 porticum
2308 570 2678 627 conﬂuebant.
2734 572 2913 639 Quare
2977 585 3032 629 et
3095 576 3347 631 Christus
3404 577 3533 630 illuc

1970 660 2140 724 venit,
2182 669 2239 714 ut
2286 676 2346 716 se
2392 665 2611 718 cunctis
2647 665 2733 719 sui
2776 665 2995 720 videndi
3046 667 3312 721 studiosis
3344 674 3533 721 osten-

1972 752 2144 819 deret,
2168 763 2221 808 et
2250 755 2539 808 utilitatem
2568 756 2811 825 aliquam
2842 758 3236 827 impertiretur.
3259 756 3391 810 Nam
3418 758 3535 811 viso

1971 860 2057 908 eo,
2085 846 2150 899 ad
2206 846 2660 915 interrogandum
2693 848 2762 903 de
2813 864 2870 903 re
2914 850 3099 918 aliqua
3146 849 3532 903 acuebantur:

1973 936 2151 989 solent
2194 939 2338 993 enim
2378 938 2649 1005 homines,
2697 955 2823 994 cum
2876 940 3168 1004 feriantur,
3218 938 3533 1008 hujusmodi

1974 1043 2254 1083 sermones
2295 1029 2529 1086 libenter
2563 1047 2926 1087 commovere.

2046 1116 2109 1181 Χ,
2136 1119 2228 1173 24.
2261 1120 2729 1175 Circumdederunt
2757 1125 2917 1192 igitur
2943 1140 3061 1176 eum
3095 1121 3293 1185 Juda'i,
3322 1128 3429 1175 etc.

2045 1310 2353 1376 Quominus
2385 1314 2452 1367 ad
2486 1312 2647 1370 ﬁdem
2680 1315 3049 1383 pelliciantur,
3081 1313 3305 1383 impedit
3329 1329 3425 1368 eos
3455 1313 3538 1367 vis

1974 1404 2261 1457 astuantis
2307 1404 2545 1468 invidiae,
2594 1406 2691 1459 sed
2747 1405 2851 1458 alia
2909 1414 3062 1474 parte
3104 1405 3274 1458 trahit
3313 1418 3540 1473 operum

1975 1494 2303 1549 miraculum
2356 1505 2411 1550 et
2450 1498 2787 1567 magnitudo.
2823 1497 3134 1553 Causantur
3168 1495 3387 1565 quidem
3422 1510 3541 1549 ser-

1977 1600 2194 1641 monem
2227 1596 2282 1642 et
2313 1588 2576 1643 doctrina:
2600 1597 2940 1643 contractam
2971 1591 3385 1652 obscuritatem,
3422 1602 3543 1656 qua:

1978 1677 2372 1747 impedimento
2412 1682 2485 1735 sit
2534 1696 2603 1735 ne
2643 1689 2790 1735 recte
2827 1680 3129 1750 intelligere
3173 1679 3385 1751 possint
3421 1694 3545 1746 qua:

1978 1767 2245 1824 discenda
2281 1779 2427 1825 sunt.
2471 1769 2669 1826 Petunt
2718 1772 2885 1842 igitur
2914 1780 2972 1825 ut
3022 1772 3282 1841 loquatur
3319 1770 3544 1825 eviden-

304 1848 400 1901 οὖν
449 1849 621 1900 είπεῖν
684 1844 845 1900 αὑτὸν
899 1841 1325 1913 ἐναργέστερον,
1381 1839 1560 1893 καίτοι
1618 1834 1875 1896 πολλάκις

1990 1860 2114 1923 tius,
2143 1864 2361 1917 tametsi
2410 1879 2551 1932 saepe
2586 1864 2861 1920 audierint
2907 1866 3042 1920 satis
3076 1864 3348 1934 prolixam
3381 1864 3450 1919 de
3479 1878 3546 1918 eo

304 1939 710 2009 ἀκροασάμενοι
790 1936 886 1990 καὶ
946 1934 1163 2006 μακρὰν
1223 1933 1314 1986 ἐπὶ
1378 1930 1552 2001 τούτῳ
1623 1927 1880 1989 λαϐόντες

304 2030 585 2098 ὶξήγησιν.
616 2027 679 2080 Εἰ
713 2025 821 2096 γὰρ
866 2024 960 2078 καὶ
1003 2024 1077 2095 μὴ
1118 2023 1220 2094 ἔφη
1257 2021 1464 2092 σαφῶς·
1509 2019 1650 2087 Ἐγώ
1688 2021 1803 2088 εἰμι
1849 2020 1878 2071 6

302 2118 567 2186 Χριστὸς,
621 2117 758 2172 ἀλλὰ
834 2116 941 2169 τῶν
1004 2118 1288 2188 προσεῖναι
1356 2113 1676 2183 πεφυκότων
1729 2111 1877 2182 αύτῷ

304 2212 656 2279 ἀξιωμάτων,
687 2209 855 2262 πολλὰ
879 2208 1125 2279 παρῆγεν
1158 2209 1239 2270 είς
1271 2205 1454 2276 μέσον,
1498 2204 1627 2257 ποτὲ
1667 2204 1764 2274 μὲν
1794 2203 1879 2256 λέ-

307 2320 437 2370 γωνο
467 2322 485 2354 ι
521 2301 663 2370 Ἐγώ
691 2304 805 2369 εἰμι
842 2302 875 2372 ὴ
904 2300 1201 2362 ἀνάστασις
1229 2298 1321 2352 καὶ
1350 2298 1383 2368 ἡ
1413 2297 1548 2367 ζωὴ⁶
1600 2295 1738 2363 Ἐγώ
1763 2298 1878 2365 εἰμι

309 2399 342 2466 ἡ
372 2395 507 2457 ὁδός·
555 2393 830 2463 Ἑγώείμι
856 2396 889 2463 ἡ
917 2392 1073 2463 θύρω
1116 2389 1255 2459 Ἑγὼ
1283 2392 1399 2459 είμι
1431 2391 1460 2442 6
1494 2388 1692 2459 ποιμὴν
1723 2391 1751 2440 6
1782 2405 1878 2441 κα-

308 2488 418 2550 λός·
454 2507 473 2537 ι
510 2486 569 2550 ἐξ
601 2479 675 2538 ὧν
708 2484 815 2554 γὰρ
852 2483 1022 2536 ταῦτα
1074 2481 1264 2534 ἑαυτὸν
1316 2478 1589 2548 ὀνομάζει,
1626 2478 1880 2549 σημαίνει

306 2580 389 2632 ὃτι
434 2579 462 2629 6
510 2577 741 2648 Χριστός
774 2577 909 2627 ἐστι.
940 2575 1063 2636 Τοῖς
1098 2574 1206 2642 γὰρ
1241 2571 1502 2634 τοιούτοις
1555 2570 1880 2639 ἀξιώμασιν,

309 2671 500 2723 εῖωοεν
536 2671 567 2738 ἡ
601 2669 788 2739 Γραφὴ
821 2665 1117 2735 στεφανοῦν
1152 2664 1243 2717 τὸν
1276 2664 1531 2734 Χριστόν·
1562 2665 1610 2716 εί
1642 2664 1735 2717 καὶ
1764 2663 1882 2717 λευ-

311 2761 422 2822 κῶς
454 2759 612 2812 τούτο
643 2758 803 2812 αὑτὸν
832 2758 1073 2827 ἀπῄτουν
1116 2758 1165 2808 οί
1203 2756 1448 2808 Ἰουδαῖοι
1482 2756 1677 2815 εἰπεῖν,
1709 2753 1883 2815 ἄλλως

310 2871 370 2905 τε
414 2853 555 2921 τάχα
607 2868 720 2912 πως
776 2850 873 2903 καὶ
926 2849 985 2901 ού
1027 2847 1231 2918 σφόδρα
1276 2847 1678 2917 εύπαράδεκτον
1722 2846 1783 2899 τὸ
1824 2848 1883 2897 ἐν

310 2945 510 3007 ἁπλαῖς
538 2943 718 3011 λέγειν
749 2943 977 3011 φωναῖς,
1018 2940 1159 3007 Ἐγώ
1215 2939 1330 3009 είμι
1387 2941 1415 2993 6
1473 2939 1729 3009 Χριστὸς,
1782 2939 1881 3009 οὐχ

313 3038 594 3108 ἑπομένων
622 3038 702 3097 εἰς
729 3033 1000 3097 ἀπόδειξιν
1038 3033 1145 3087 τῶν
1189 3032 1549 3103 πραγμάτων,
1599 3032 1666 3083 δι’
1699 3024 1773 3084 ὧν
1817 3029 1882 3083 ἂν

1977 1951 2399 2019 expositionem.
2465 1952 2579 2007 Etsi
2641 1955 2786 2008 enim
2858 1970 2966 2007 non
3024 1954 3252 2007 dixisset
3323 1962 3543 2023 aperte,

1984 2039 2095 2109 Ego
2164 2056 2285 2095 sum
2329 2042 2617 2108 Christus,
2661 2053 2900 2100 attamen
2956 2046 3126 2098 multa
3193 2045 3248 2099 in
3308 2044 3545 2098 medium

1983 2132 2211 2187 adduxit
2262 2141 2427 2188 tanta:
2481 2136 2817 2205 dignationis
2882 2137 3142 2207 adjuncta
3228 2146 3282 2191 ct
3350 2152 3549 2206 praero-

1982 2224 2235 2294 gativas,
2289 2226 2581 2281 identidem
2641 2228 2868 2291 (licens,
2926 2248 2943 2278 ι
3014 2228 3121 2297 Ego
3188 2244 3309 2282 smn
3362 2243 3548 2281 resur-

1983 2316 2155 2370 rectio
2180 2326 2235 2371 et
2262 2318 2376 2371 vita
2398 2319 2501 2379 "“,
2532 2316 2646 2387 Ego
2680 2334 2802 2373 sum
2834 2320 2916 2372 via
2936 2318 2978 2383 ⁸,
3013 2319 3123 2388 Ego
3146 2333 3267 2372 sum
3311 2316 3479 2385 janua
3502 2317 3546 2378 ⁷,

1985 2404 2095 2476 Ego
2129 2421 2249 2460 sum
2288 2417 2480 2476 pastor
2513 2407 2695 2461 bonus
2720 2406 2742 2437 ⁸
2776 2424 2789 2460 :
2831 2426 2850 2459 ι
2885 2422 2950 2461 ex
2985 2421 3052 2461 eo
3088 2407 3234 2461 enim
3268 2405 3412 2474 quod
3446 2404 3549 2460 sibi

1983 2498 2111 2551 talia
2149 2498 2424 2562 attribuit,
2456 2499 2735 2568 signiﬁcat
2786 2514 2847 2553 se
2895 2497 3179 2553 Christum
3214 2513 3359 2552 esse.
3393 2494 3552 2564 Ejus-

1983 2589 2131 2643 modi
2173 2590 2319 2645 enim
2357 2590 2678 2645 honoriﬁcis
2717 2589 3177 2660 appellationibus
3225 2589 3365 2643 solet
3399 2585 3549 2640 Scri-

1985 2690 2147 2751 ptora
2199 2682 2465 2736 decorare
2510 2681 2815 2743 Christum,
2856 2690 2909 2735 et
2952 2695 3264 2750 quanquam
3305 2679 3552 2748 postula-

1984 2771 2118 2823 bant
2167 2767 2341 2825 Juﬂari
2393 2779 2452 2824 ut
2498 2771 2739 2825 dilucide
2796 2772 3135 2840 loqueretur,
3195 2786 3303 2824 non
3372 2779 3553 2824 tamen

1987 2876 2380 2931 usquequaque
2440 2860 2603 2916 tidem
2635 2860 2797 2916 facile
2866 2862 3108 2924 fecisset,
3139 2860 3371 2915 dicendo
3420 2860 3554 2915 sim-

1988 2952 2221 3020 plicibus
2267 2952 2514 3016 vocibus,
2546 2950 2660 3022 Ego
2709 2967 2830 3006 sum
2864 2952 3143 3015 Christus,
3174 2951 3277 3005 nisi
3322 2950 3388 3004 ad
3429 2966 3555 3018 pro-

1988 3043 2265 3099 bationem
2322 3058 2492 3112 opera
2563 3052 2962 3112 sequerentur,
3014 3042 3218 3111 quibus
3274 3056 3373 3111 par
3436 3048 3555 3094 erat

315 3130 540 3193 εἰκότως
574 3126 867 3197 ἐπιστεύθη
905 3127 981 3190 ὼς
1015 3126 1179 3189 αὐτὸς
1220 3125 1304 3195 εἴη
1340 3126 1368 3177 6
1402 3125 1653 3194 Χριστός.
1691 3125 1882 3192 Ἀσυγ-

1990 3132 2139 3186 credi
2175 3147 2299 3187 eum
2329 3148 2454 3188 esse
2481 3132 2786 3187 Christum.
2806 3132 2873 3187 Et
2904 3133 3126 3203 quidem
3155 3139 3310 3186 extra
3336 3146 3553 3185 omnem

315 3222 517 3291 κρίτως
549 3220 605 3273 δὲ
631 3223 878 3290 κρεῖττον
924 3218 997 3288 μὴ
1052 3218 1110 3283 ἐξ
1141 3210 1215 3270 ὧν
1242 3217 1400 3280 αὐτὸς
1442 3217 1591 3285 ἔλεγε
1622 3217 1882 3287 γνωρίζε-

316 3312 442 3367 σθαι
474 3310 657 3375 αὐτὸν,
699 3310 779 3363 ὅτι
809 3310 972 3369 αὐτός
1004 3312 1149 3362 ἐστιν
1186 3310 1214 3360 6
1245 3307 1499 3377 Χριστὸς,
1537 3307 1650 3359 ἀλλ’
1685 3309 1747 3360 ἐκ
1778 3308 1886 3360 τῶν

317 3406 601 3476 προσεῖναι
651 3402 974 3470 πεφυκότων
1029 3400 1249 3469 μᾶλλον,
1281 3401 1377 3453 καὶ
1421 3400 1478 3465 ἐξ
1533 3391 1608 3451 ὧν
1654 3399 1709 3451 αἱ
1747 3396 1887 3450 θεῖαι

317 3498 445 3569 περὶ
474 3494 639 3549 αὐτοῦ
660 3492 1042 3565 χρησμῳδούσι
1074 3493 1308 3563 Γραφαὶ,
1342 3492 1436 3545 καὶ
1465 3490 1698 3561 φανερὸν
1727 3489 1887 3543 αὑτὸν

318 3589 537 3642 ἔσεσθαι
570 3587 886 3659 μηνύουσιν.
914 3587 1093 3655 "Amp
1125 3586 1199 3655 μὴ
1230 3586 1517 3655 νοήσαντες
1547 3585 1596 3636 oi
1625 3583 1885 3647 Ἰουδαῖοι,

313 3681 390 3745 ὡς
416 3682 557 3749 ἄγαν
600 3678 1082 3751 μικροψνχοῦντες,
1113 3677 1483 3745 φασίν·ι’Έως
1508 3676 1636 3729 πότε
1663 3675 1758 3746 τὴν
1788 3676 1890 3743 ψυ-

317 3773 418 3843 χὴν
448 3772 605 3843 ἡμῶν
634 3773 808 3843 αἴρεις
830 3787 845 3836 ;
870 3790 889 3822 ι
932 3770 1092 3833 Ἕθος
1122 3768 1231 3839 γὰρ
1253 3770 1365 3832 τοῖς
1394 3767 1717 3839 ὀλιγωροῦσι
1735 3767 1890 3821 τοῦτο

317 3864 523 3931 λέγειν.

398 3958 472 4011 Τὰ
492 3957 635 4027 ἔργα
667 3956 703 4009 ἇ
729 3955 844 4026 ἐγὼ
872 3954 1018 4008 ποιῶ
1043 3953 1112 4007 ἐν
1148 3951 1228 4018 τῷ
1253 3954 1496 4022 ὀνόματι
1529 3950 1634 4006 τοῦ
1654 3952 1889 4019 Πατρός

314 4068 456 4121 μου,
486 4048 671 4103 ταῦτα
694 4047 984 4117 μαρτυρεῖ
1000 4046 1131 4115 περὶ
1160 4045 1329 4113 ἐμοῦ.

393 4140 650 4213 Περιττὸν
683 4135 775 4192 οὖν
802 4139 1019 4208 ἐνόμισε
1048 4136 1140 4189 καὶ
1168 4138 1197 4189 6
1222 4134 1452 4206 Χριστὸς
1492 4137 1605 4198 τοῖς
1632 4134 1892 4197 πολλάκις

320 4232 589 4287 ἀκούσασι
627 4232 721 4284 καὶ
766 4230 840 4300 μὴ
885 4227 1175 4289 πεισθεῖσι,
1213 4227 1375 4280 πάλιν
1412 4225 1482 4279 τά
1524 4226 1661 4280 αὐτὰ
1691 4227 1889 4279 εἰπεῖν.

321 4326 444 4397 Χρὴ
463 4326 568 4398 γάρ
594 4323 701 4377 ἀπὸ
725 4323 824 4392 τῆς
845 4320 953 4374 τῶν
976 4320 1275 4390 γινομένων
1304 4319 1586 4390 ποιότητος
1606 4315 1897 4388 δοκιμάζε-

325 4419 451 4474 σθαι
498 4417 567 4470 τὰ
601 4417 853 4477 ἑκάστου,
880 4415 975 4467 καὶ
1007 4413 1067 4465 ού
1124 4412 1342 4475 πάντως
1392 4412 1473 4474 είς
1513 4410 1704 4478 λόγους
1736 4411 1888 4481 ὁρᾷν.

1987 3226 2454 3295 comparationem
2514 3226 2710 3280 melius
2742 3236 2828 3281 est
2874 3242 2983 3280 non
3032 3242 3098 3281 ex
3139 3226 3207 3279 iis
3252 3239 3374 3293 quae
3417 3223 3558 3276 dixit

1989 3330 2115 3368 cum
2153 3330 2486 3385 cognoscere
2513 3315 2661 3385 quod
2695 3315 2812 3385 ipse
2843 3315 2915 3371 sit
2942 3315 3219 3377 Christus,
3256 3314 3349 3369 sed
3385 3314 3557 3384 magis

1988 3422 2051 3460 ex
2097 3406 2166 3462 iis
2198 3422 2319 3474 quae
2352 3408 2541 3461 insunt
2572 3407 2699 3476 ipsi,
2736 3408 2914 3476 iisque
2967 3408 3129 3461 etiam
3163 3405 3404 3459 oraculis
3436 3420 3558 3474 qua:

1988 3497 2057 3551 de
2083 3512 2149 3552 eo
2175 3497 2375 3553 divinae
2401 3498 2699 3567 SCriptura:
2726 3508 2952 3559 canunt,
2983 3508 3035 3551 et
3069 3497 3312 3551 futurum
3350 3505 3407 3549 ut
3439 3498 3557 3564 ipse

1991 3590 2304 3644 innotescat
2356 3589 2681 3658 praedicunt.
2719 3588 2852 3655 Qum
2894 3604 3017 3643 cum
3064 3604 3170 3642 non
3216 3588 3558 3658 perpeudant

1989 3680 2185 3745 Iudici,
2217 3681 2364 3736 velut
2407 3682 2749 3737 consternati
2778 3680 2981 3735 animis
3005 3684 3161 3735 aiunt
3199 3700 3211 3736 :
3251 3701 3268 3730 ι
3303 3680 3558 3745 Quandiu

1991 3773 2227 3827 animam
2272 3785 2513 3828 nostram
2564 3790 2887 3845 suspensam
2918 3775 3110 3830 tenes?
3143 3792 3159 3823 ι
3200 3773 3366 3827 Moris
3412 3772 3565 3827 enim

1992 3871 2076 3919 est
2106 3864 2508 3933 negligentibus
2535 3880 2598 3919 ac
2637 3864 3048 3919 fastidientibus
3082 3864 3185 3917 hoc
3219 3863 3388 3931 loqui.

2066 3953 2131 4014 Χ.
2162 3955 2255 4009 ‘25.
2288 3953 2460 4023 Opera
2484 3971 2601 4023 qua:
2629 3972 2720 4025 ego
2744 3955 2881 4023 facio
2908 3955 2961 4008 in
2989 3954 3196 4009 nomine
3227 3951 3406 4006 Patris
3436 3952 3557 4016 mei,

1992 4047 2101 4101 Ita'c
2125 4047 2189 4101 de
2214 4064 2295 4100 me
2322 4058 2601 4103 testantur.

2065 4135 2414 4205 Superlluum
2450 4137 2621 4208 igitur
2661 4137 2817 4191 duxit
2845 4137 3100 4192 Christus
3153 4136 3294 4205 apud
3333 4151 3429 4191 eos
3467 4136 3560 4203 qui

1994 4227 2157 4282 toties
2186 4227 2480 4282 audierant
2512 4242 2613 4281 nec
2640 4227 2994 4282 crediderant
3025 4243 3221 4281 rursus
3262 4225 3449 4281 eadem
3485 4241 3562 4279 re—

1994 4327 2203 4389 petere.
2243 4319 2473 4389 Oportet
2503 4322 2647 4375 enim
2696 4336 3145 4391 unumquemque
3194 4335 3271 4375 ex.
3297 4320 3564 4388 qualitate

1995 4426 2227 4481 operum
2272 4412 2530 4481 spectari,
2558 4428 2658 4465 nec
2692 4413 2759 4465 ad
2804 4412 2919 4467 sola
2954 4412 3116 4465 verba
3152 4411 3562 4479 respiciendum

334 4506 711 4577 Ἀποπληροῦν
741 4504 798 4557 δὲ
826 4504 973 4571 λέγει
1007 4502 1198 4556 ἑαυτὸν
1219 4502 1286 4554 τὰ
1311 4502 1448 4570 ἔργα
1470 4502 1527 4554 ὲν
1556 4500 1636 4572 τῷ
1662 4501 1882 4571 ὀνόματι

1992 4510 2097 4557 est.
2151 4502 2222 4559 Se
2273 4520 2401 4558 vero
2452 4505 2754 4574 adimplere
2809 4504 2944 4557 dicit
2999 4518 3163 4573 Opera
3231 4503 3283 4556 in
3344 4503 3565 4557 nomine

319 4596 416 4651 τοῦ
445 4596 678 4665 Πατρδς,
706 4595 768 4647 οὐ
798 4592 896 4665 τὴν
922 4593 1127 4646 ἄνωθεν
1154 4592 1297 4646 καθά
1339 4609 1424 4654 τις
1460 4592 1616 4659 άγιος
1639 4593 1889 4664 καρπού-

1995 4594 2197 4659 Patris,
2226 4611 2336 4650 non
2374 4598 2522 4651 velut
2564 4598 2765 4666 aliquis
2798 4602 3024 4651 sanctus
3062 4595 3298 4664 desuper
3325 4602 3565 4664 potesta-

325 4704 488 4761 μενος
519 4689 768 4756 δύναμιν,
795 4686 902 4739 οὐδ’
932 4686 1008 4749 ὡς
1037 4686 1340 4755 ἀδυναμίαν
1365 4684 1540 4755 ἐαυτῷ
1568 4687 1882 4758 κατηγορῶν

1997 4696 2107 4742 tem
2145 4688 2441 4757 accipiens,
2468 4689 2561 4743 sed
2598 4703 2698 4741 nec
2727 4687 2892 4742 etiam
2926 4688 3075 4740 illam
3123 4688 3176 4741 in
3218 4702 3277 4741 se
3323 4686 3567 4741 imbecil-

320 4785 351 4836 6
384 4780 517 4843 Θεὸς
545 4781 609 4832 ἐκ
642 4777 800 4831 Θεοῦ·
830 4780 859 4831 6
898 4776 992 4830 τοῦ
1024 4776 1235 4847 [ἰατρὸς
1267 4777 1569 4846 ὁμοούσιος,
1598 4780 1631 4847 ἠ
1662 4778 1882 4848 δύναμις

1998 4779 2207 4833 litatem
2234 4794 2536 4845 accusans;
2571 4778 2734 4849 665
2763 4778 2961 4849 quippe
2980 4794 3046 4832 ex
3082 4777 3190 4832 Deo
3219 4777 3385 4841 Deus,
3418 4776 3564 4830 Patri

320 4873 417 4927 τοῦ
449 4872 680 4942 Πατρὸς,
716 4870 829 4923 ἀλλ’
857 4869 932 4932 ὡς
953 4870 1242 4938 ἀπονέμων
1265 4872 1337 4941 τῇ
1362 4869 1482 4941 θεία
1510 4869 1636 4941 δόξῃ
1660 4870 1757 4942 τὴν
1782 4870 1882 4923 τῶι.

1998 4871 2512 4935 consubstantialis,
2569 4872 2750 4927 Patris
2808 4871 3001 4934 virtus,
3055 4878 3110 4924 et
3156 4871 3308 4925 velut
3367 4870 3565 4924 divina:

321 4963 661 5035 τελουμένων
686 4962 933 5032 δύναμιν,
983 4964 1042 5015 ὲν
1072 4962 1151 5031 τῷ
1185 4961 1410 5029 ὀνόματι
1447 4960 1543 5013 τοῦ
1574 4962 1785 5032 Πατρὸς
1823 4963 1882 5015 τὰ

1992 4964 2184 5035 gloria:
2211 4979 2401 5019 eorum
2435 4978 2558 5034 quae
2594 4965 2733 5018 ﬁunt
2765 4968 2871 5019 vim
2904 4963 3211 5027 ascribens,
3257 4964 3311 5017 in
3344 4964 3566 5018 nomine

322 5055 464 5127 ἔργα
496 5055 630 5123 φησί
664 5056 856 5107 ποιεῖν.
890 5052 1035 5120 Πλὴν
1076 5055 1171 5106 καὶ
1204 5053 1394 5121 ἀνάγει
1428 5055 1521 5106 ἐπὶ
1548 5053 1640 5107 τὸν
1675 5054 1882 5125 Πατέρα

1993 5057 2181 5113 Patris
2210 5073 2270 5113 se
2308 5072 2478 5127 Opera
2514 5056 2692 5112 facere
2717 5057 2869 5111 dicit.
2906 5055 3217 5123 Quinetiam
3249 5063 3301 5111 et
3345 5056 3409 5109 ad
3461 5053 3566 5109 Pa-

323 5147 427 5217 τὴν
451 5146 639 5216 τιμήνο
683 5145 770 5197 ἕνα
819 5144 893 5215 μὴ
937 5145 1011 5215 δῷ
1050 5149 1161 5208 τοῖς
1213 5144 1486 5208 Ἰουδαίοις
1521 5144 1771 5215 ἀφορμὴν
1803 5145 1882 5198 τοί

1996 5159 2134 5205 trem
2163 5150 2428 5205 honorem
2462 5148 2653 5211 refert,
2678 5164 2746 5203 ne
2770 5149 2917 5202 illam
2953 5147 3162 5203 Judacis
3193 5148 3245 5201 in
3288 5163 3347 5202 se
3373 5162 3562 5201 ansam

328 5236 657 5306 ἑπιφύεσθαι
685 5237 854 5308 αὐτῷ.
884 5238 1072 5307 Ὅμως
1100 5238 1193 5290 καὶ
1215 5237 1362 5304 ἄξιον
1388 5238 1634 5309 ἡγήσατο
1663 5238 1739 5309 μὴ
1763 5255 1897 5309 παρ-

326 5331 506 5384 ελθεῖν
536 5332 597 5386 τὸ
642 5333 837 5403 μέτρον
887 5333 986 5403 τῆς
1030 5332 1215 5385 δούλου
1263 5333 1477 5404 μορφῆς
1507 5334 1600 5386 καὶ
1629 5332 1895 5404 ὑπάρχειν

326 5423 463 5487 Θεὸς
485 5423 577 5476 καὶ
593 5424 821 5495 Κύριοςι
848 5424 1016 5477 εἰπὼν
1037 5426 1093 5478 δὲ
1117 5426 1198 5479 ὅτι
1222 5426 1278 5477 ὲν
1306 5426 1526 5495 ὀνόματι
1564 5426 1658 5478 τοῦ
1690 5426 1897 5495 Πατρὸς

330 5514 479 5566 ποιεῖ
501 5513 568 5565 τὰ
600 5514 755 5584 ἔργα,
780 5515 1020 5569 διδάσκει
1046 5516 1126 5568 ὅτι
1160 5516 1212 5567 οἱ
1244 5516 1487 5569 Ἰουδαῖοι
1522 5515 1901 5586 βλασφημούν-

330 5618 423 5666 τες
454 5602 659 5673 ἔλεγον,
685 5606 743 5658 ἐν
766 5605 1091 5670 Βεελζεόοὺλ
1120 5606 1399 5660 ἐκϐάλλειν
1428 5608 1587 5661 αὐτὸν
1625 5607 1693 5661 τὰ
1719 5608 1903 5679 δαιμό-

1994 5243 2262 5312 przebeat.
2312 5240 2485 5294 Simul
2545 5256 2763 5311 aequum
2818 5240 3033 5295 censuit
3093 5240 3314 5294 modum
3379 5239 3567 5291 forma:

1998 5334 2141 5389 servi
2177 5349 2285 5387 non
2331 5332 2640 5402 transgredi
2677 5341 2732 5386 et
2764 5333 3035 5387 exsistere
3076 5332 3215 5387 Deus
3263 5345 3330 5384 ac
3382 5329 3567 5384 Domi-

1999 5442 2107 5481 nus
2141 5443 2155 5479 :
2194 5426 2384 5479 dicens
2420 5440 2547 5479 vero
2598 5424 2653 5478 in
2698 5429 2921 5482 nomine
2954 5423 3135 5477 Patris
3173 5436 3337 5490 opera
3385 5437 3443 5475 se
3484 5420 3567 5474 fa-

2002 5531 2148 5581 cere,
2186 5512 2427 5569 ostendit
2470 5511 2692 5568 Iudaeos
2748 5511 3125 5581 blasphemare
3172 5508 3265 5576 qui
3313 5506 3569 5560 dicebant

2005 5623 2129 5663 eum
2164 5608 2218 5662 in
2245 5606 2528 5663 Beelzebul
2555 5605 2755 5676 ejicere
2780 5603 3046 5659 daemonia
3074 5620 3085 5655 :
3109 5600 3236 5657 auia
3265 5615 3392 5655 vero
3410 5597 3579 5653 Pater.

410 5782 493 5813 ⁸⁶“
522 5780 682 5839 Joan.
715 5785 906 5850 31,24.
985 5789 1003 5819 θ
1028 5785 1185 5842 Joan.
1224 5802 1333 5852 xn',
1369 5788 1421 5841 6.
1499 5787 1519 5817 ⁷
1553 5785 1708 5843 Joan.
1746 5803 1800 5852 χ,
1835 5788 1882 5843 9.

2016 5782 2157 5840 Ibid.
2205 5786 2285 5839 II.
