3882 6206
329 362 398 419 ,9
1320 359 1376 414 s.
1414 358 1692 416 CYRlLLl
1725 359 2195 420 ALEXANDRINI
2231 364 2555 421 Αιιιιιιιιῑι).
3495 323 3601 423 ω’

331 496 437 532 mm
465 477 594 548 quia
631 474 789 531 Pater
818 483 906 532 est
942 475 1074 531 facit
1095 476 1387 543 miracula,
1415 480 1509 534 sed
1540 479 1671 549 quia
1704 489 1901 535 natura

2020 502 2112 539 ηα-
2139 486 2263 539 ὲπεὶ
2297 483 2354 537 δὲ
2385 485 2416 536 δ
2439 480 2650 553 Πατὴρ,
2685 481 2793 534 οὐκ
2820 479 3008 550 ἐπειδὴ
3049 478 3237 549 Πατήρ
3263 479 3401 543 ἐστι,
3428 480 3573 534 ποιεῖ

333 570 476 626 Deus
506 576 611 633 est,
643 576 698 624 et
724 566 902 623 Filius
944 583 1139 624 rursus
1169 584 1276 623 non
1306 571 1441 638 quia
1473 569 1671 635 Filius,
1710 570 1807 626 sed
1837 579 1899 625 ut

331 664 474 719 licus
503 678 573 717 ex
598 661 710 717 Deo
732 667 914 732 potest
970 659 1137 716 etiam
1180 660 1298 730 ipse
1344 675 1507 730 opera
1533 660 1713 717 Patris
1761 676 1898 732 prse-

329 761 501 819 stare,
521 751 645 807 ideo
662 750 1002 807 (nconomice
1022 757 1076 806 et
1098 760 1315 806 servato
1339 767 1520 807 rerum
1548 752 1747 807 ordine
1766 751 1902 808 dicit

329 862 389 902 se
416 846 473 901 in
496 845 719 902 nomine
750 843 932 899 Patris
955 857 1123 914 opera
1152 840 1355 898 facere.

398 1023 482 1085 Χ,
541 1023 633 1079 26.
676 1022 780 1078 Sed
829 1038 917 1077 vos
970 1022 1099 1075 mihi
1153 1038 1257 1075 non
1305 1020 1561 1088 creditis,
1610 1022 1740 1092 quia
1798 1039 1903 1078 non

327 1119 455 1173 estis
485 1133 552 1171 ea:
585 1118 767 1171 ovibus
792 1116 943 1170 meis.

396 1207 665 1262 iudicium
713 1215 768 1262 et
834 1213 1220 1276 argumentum
1279 1206 1657 1262 certissimum
1713 1206 1900 1262 ovium

327 1298 531 1355 Christi
574 1306 661 1354 est
700 1296 863 1353 facile
901 1296 1093 1352 audire
1120 1307 1174 1352 et
1206 1306 1455 1366 paratum
1495 1313 1621 1354 esse
1668 1299 1737 1353 ad
1772 1299 1899 1355 obe-

327 1391 613 1454 diendum,
662 1390 808 1446 sicut
851 1395 908 1443 et
954 1388 1258 1443 alienarum
1316 1405 1425 1444 non
1475 1389 1725 1461 obsequi.
1763 1390 1897 1445 Nam

330 1484 522 1539 audire
558 1483 640 1538 sic
689 1483 1139 1552 interpretamur,
1185 1482 1352 1538 dictis
1400 1482 1558 1539 ﬁdem
1614 1483 1898 1539 adhibere».

327 1577 410 1631 lili
459 1591 587 1631 vero
620 1582 1033 1645 cognoscuntur
1070 1589 1101 1628 a
1149 1574 1262 1629 Deo
1314 1575 1407 1643 qui
1457 1575 1693 1630 audiunt
1725 1590 1897 1629 eum:

326 1666 586 1737 cognosci
617 1680 746 1720 vero
787 1664 1066 1735 signiﬁcat
1116 1664 1380 1735 conjungi
1415 1686 1426 1720 :
1474 1665 1704 1719 omnino
1752 1664 1898 1720 enim

2003 577 2077 630 τά-
2101 576 2375 646 θαύματα,
2408 573 2520 629 ἀλλ’
2544 572 2729 640 ἐπειδὴ
2755 571 2885 634 Θεὸς
2916 571 3030 624 ἐστι
3055 569 3235 640 φύσει·
3271 571 3363 624 καὶ
3388 573 3418 625 ὁ
3442 570 3574 635 Tib;

2003 669 2134 739 ἄρα,
2162 669 2263 721 οὐκ
2289 666 2476 736 ἐπειδὴ
2507 664 2655 730 Υἱὸς,
2678 662 2793 718 ἀλλ’
2817 662 2893 726 ὡς
2916 662 3047 727 Θεὸς
3076 662 3149 714 ὲκ
3172 660 3329 725 θεοῦ,
3352 660 3572 716 δύναται

2005 761 2100 814 καὶ
2143 758 2307 823 αὐτὸς
2370 757 2440 812 τὰ
2488 756 2584 812 τοῦ
2638 755 2848 826 Πατρός
2903 754 3039 826 ἔργα
3103 756 3294 807 ποιεῖν·
3360 751 3442 806 διὸ
3493 753 3573 805 οἱ·

2006 851 2315 924 κονομικῶς
2366 847 2538 915 εἶπεν,
2588 850 2647 903 ὲν
2686 848 2910 919 ὀνόματι
2963 845 3056 900 τοῦ
3084 845 3296 916 Ηατρὸς
3339 843 3410 898 τὰ
3435 842 3574 915 ἔργα

2003 945 2200 996 ποιεῖν.

2086 1034 2237 1090 Ἀλλ’
2266 1033 2436 1102 ὑμεῖς
2474 1033 2547 1087 οὐ
2586 1028 2898 1085 πιστεύετέ
2931 1046 3052 1099 μοι,
3076 1027 3171 1081 ὅτι
3195 1028 3307 1082 οὐκ
3335 1024 3476 1080 ἐστὲ
3501 1023 3572 1078 ἐκ

1999 1127 2121 1183 τῶν
2143 1126 2454 1196 προϐάτων
2473 1124 2592 1179 τῶν
2608 1122 2783 1194 ἐμῶν.

2087 1219 2385 1283 Ἀπόδειξις
2413 1218 2521 1271 τῶν
2542 1216 2637 1270 τοῦ
2660 1212 2896 1286 Χριστοῦ
2927 1211 3236 1284 προϐάτων,
3259 1209 3320 1263 rb
3347 1209 3574 1277 εὑὴκοον

2005 1314 2101 1369 καὶ
2128 1313 2189 1366 τὸ
2208 1311 2422 1382 ἕτοιμον
2449 1311 2529 1372 εἰς
2552 1307 2882 1369 εὐπείθειαν,
2924 1304 3112 1374 ὥσπερ
3143 1298 3253 1357 τῶν
3277 1301 3574 1371 ἀλλοτρίων

2005 1407 2067 1460 rb
2094 1403 2335 1468 ἀπειθές.
2363 1402 2437 1457 Tb
2465 1400 2575 1472 γὰρ
2598 1398 2818 1454 ἀκούειν
2836 1391 2937 1451 ὧδε
2966 1396 3213 1466 νοοῦμεν,
3247 1393 3309 1446 τὸ
3341 1394 3452 1455 τοῖς
3489 1390 3575 1442 λε-

2007 1499 2263 1570 γομένοις
2318 1494 2624 1563 πεισθῆναι.
2678 1491 2908 1544 Ἐκεῖνοι
2959 1487 3016 1541 δὲ
3069 1482 3426 1555 γινώσκονται
3469 1481 3576 1533 ὑπὸ

2006 1569 2141 1645 Θεοῦ
2173 1591 2222 1644 οἱ
2245 1587 2534 1649 ἀκούοντες
2561 1583 2746 1639 αὐτοῦ’
2767 1582 2829 1636 rb
2860 1581 2915 1634 δὲ
2941 1575 3304 1649 γινώσκεσθαι
3335 1573 3483 1644 δηλοῖ
3512 1569 3577 1625 rb

2006 1678 2355 1736 οἰκειοῦσθαν
2383 1675 2609 1731 καθόλου
2633 1673 2740 1745 γὰρ
2758 1671 2934 1733 οὐδεὶς
2961 1668 3066 1722 ὑπὸ
3082 1666 3178 1720 τοῦ
3200 1663 3335 1718 Θεοῦ
3366 1662 3575 1730 ἀγνοεϊι

326 1757 512 1811 nullus
542 1772 572 1811 a
602 1755 713 1810 Deo
741 1756 1050 1826 ignoratur.
1073 1755 1209 1810 Cum
1237 1770 1367 1810 vero
1394 1755 1550 1820 dicit,
1577 1775 1594 1807 ι
1616 1756 1902 1826 Cognosce

2020 1794 2114 1830 :at.
2147 1774 2315 1828 Ὅταν
2362 1766 2456 1825 οῦν
2521 1768 2691 1837 λέγει,
2728 1785 2747 1817 ι
2789 1765 2828 1816 Γ
2836 1763 3048 1816 ινώσκω
3093 1757 3164 1812 τὰ
3197 1755 3326 1828 ὲμά,
3363 1773 3383 1807 ι
3420 1751 3578 1806 τοῦτό

326 1847 541 1915 meas”,
577 1867 597 1900 ι
628 1847 730 1901 hoc
762 1848 920 1910 dicit,
961 1850 1259 1917 amplectar
1277 1856 1331 1902 et
1361 1847 1586 1918 jungam
1618 1848 1750 1902 mihi
1781 1863 1895 1919 my-

326 1941 466 1997 stice
514 1948 570 1995 et
618 1955 714 2010 per
770 1940 1093 1995 relationem
1150 1940 1399 1995 aﬁ'ectus.
1453 1940 1737 2010 Quispiam
1770 1953 1902 1994 vero

331 2032 528 2087 (ﬁxerit
549 2047 695 2096 eum,
723 2039 1005 2102 quatenus
1036 2032 1207 2087 homo
1229 2031 1406 2088 factus
1443 2039 1548 2097 est,
1582 2046 1778 2086 omnes
1811 2030 1904 2085 ho-

327 2123 504 2178 mines
544 2124 645 2178 sibi
700 2124 1035 2205 conjungere
1083 2132 1307 2195 propter
1340 2123 1782 2178 communionem
1812 2120 1904 2191 ge-

329 2215 477 2270 neris
521 2224 573 2269 et
614 2216 1198 2285 consanguinitatcm,
1243 2217 1316 2269 ita
1346 2222 1406 2270 ut
1438 2228 1631 2269 omnes
1678 2212 1903 2267 Christo

326 2306 605 2376 conjuncti
634 2308 811 2362 simus
841 2316 897 2362 et
931 2305 1125 2364 afﬁnes
1159 2321 1260 2376 per
1290 2305 1678 2361 habitudinem
1713 2303 1903 2374 mysti-

325 2412 445 2452 cam
485 2396 541 2452 in
571 2406 839 2468 quantum
870 2399 1032 2453 homo
1062 2397 1237 2454 iactus
1265 2410 1381 2465 est;
1417 2399 1586 2453 alieni
1613 2412 1746 2453 vero
1779 2396 1905 2467 qui-

326 2504 544 2559 cunque
585 2488 924 2544 conformem
957 2490 1273 2545 sanctitatis
1302 2488 1598 2558 imaginem
1633 2502 1746 2541 non
1789 2501 1905 2541 ser-

326 2589 476 2634 vant.
514 2580 606 2636 Sic
642 2589 699 2636 et
739 2580 912 2636 Judaai
946 2596 1071 2635 cum
1113 2589 1303 2636 essent
1349 2578 1537 2635 afﬁnes
1574 2587 1632 2633 et
1677 2578 1907 2648 conjun-

327 2675 403 2727 cti
439 2673 742 2729 secundum
781 2688 957 2745 genus
994 2672 1271 2726 Abraham
1319 2671 1522 2735 ﬁdelis,
1580 2669 1705 2725 ideo
1756 2669 1902 2740 quod

327 2769 578 2825 inﬁdeles
605 2766 627 2821 ι
627 2768 735 2822 acti
757 2775 887 2823 sunt
901 2774 1125 2837 propter
1139 2780 1350 2820 morum
1371 2764 1901 2828 dissimilitudinem,

327 2863 399 2918 ab
416 2861 535 2932 ejus
552 2860 812 2915 aﬁinitate
827 2860 1165 2915 exciderunt.
1186 2858 1327 2912 Dicit
1350 2874 1500 2926 vero,
1526 2878 1545 2910 ι
1572 2857 1637 2912 Ει
1661 2872 1907 2927 sequun-

329 2962 422 3006 tur
454 2966 539 3005 me
568 2965 746 3006 oves:
785 2969 804 3003 ι
840 2950 935 3020 qui
959 2950 1105 3005 enim
1148 2949 1405 3010 credunt,
1439 2949 1624 3004 divina
1668 2947 1902 3018 quadam

329 3042 504 3114 gratia
528 3043 695 3097 etiam
723 3040 932 3096 Christi
962 3040 1212 3111 vestigiis
1235 3040 1520 3101 insistunt,
1546 3053 1652 3093 non
1674 3038 1905 3107 amplius

330 3134 596 3207 legalibus
634 3132 846 3188 umbris
891 3133 1214 3195 servientes,
1247 3133 1341 3188 sed
1389 3132 1664 3187 mandata
1690 3130 1896 3186 Christi
1933 3132 1979 3193 ο

330 3237 385 3281 et
420 3242 730 3283 sermonem
764 3224 886 3296 ejus
916 3240 1011 3296 per
1038 3226 1271 3295 gratiam
1307 3231 1624 3295 sequentes,
1671 3222 1741 3277 ad
1785 3222 1905 3293 ejus

331 3319 727 3389 dignationem,
763 3324 952 3387 utpote
991 3315 1087 3370 ﬁlii
1135 3315 1232 3371 Dei
1266 3314 1447 3370 vocati
1477 3316 1543 3381 '°,
1578 3314 1903 3370 ascendent.

330 3411 555 3466 Christo
596 3409 743 3466 enim
772 3407 1108 3464 ascendente
1139 3407 1193 3462 in
1236 3407 1460 3471 coelum,
1510 3407 1674 3462 etiam
1707 3406 1785 3460 illi
1821 3422 1907 3461 se-

332 3512 568 3572 quentur
601 3521 615 3556 :
646 3501 951 3557 mercedem
979 3514 1111 3555 vero
1140 3507 1194 3555 ct
1222 3497 1509 3568 praemium
1543 3513 1602 3552 se
1632 3498 1910 3568 sequenti-

336 3596 438 3650 hus
469 3595 634 3648 vitam
688 3602 945 3649 aeternam
994 3606 1055 3648 se
1097 3590 1288 3661 largiri
1333 3590 1430 3655 ait,
1483 3596 1747 3660 prreterea
1798 3601 1904 3643 nec

335 3686 533 3755 subjici
562 3686 723 3739 morti
755 3691 853 3738 aut
891 3681 1260 3751 corruptioni,
1309 3695 1412 3735 nec
1454 3678 1748 3734 tormentis
1788 3691 1912 3747 qua:

335 3775 788 3845 delinquentibus
820 3787 849 3826 a
900 3771 1094 3842 judice
1133 3771 1467 3839 irrogantur.
1520 3766 1600 3819 Ex
1658 3780 1726 3821 eo
1764 3763 1909 3818 enim

336 3868 487 3938 quod
525 3867 619 3920 dat
648 3866 834 3929 vitam,
871 3863 1113 3918 ostendit
1151 3877 1211 3916 se
1245 3867 1443 3915 natura
1470 3873 1596 3914 esse
1625 3858 1792 3911 vitam
1826 3855 1911 3926 ip-

337 3973 478 4021 sam,
521 3958 687 4029 666
715 3972 886 4026 seque
913 3970 1035 4010 eam
1077 3951 1432 4023 suppeditare
1476 3965 1512 4003 a
1538 3950 1748 4020 seipso,
1798 3962 1910 4002 non

340 4054 411 4108 ab
444 4052 554 4105 alio
583 4058 871 4119 acceptam
906 4065 920 4102 :
952 4051 1116 4103 vitam
1145 4053 1325 4101 autem
1361 4041 1726 4113 intelligimus
1753 4049 1916 4095 atter-

340 4158 500 4207 nam,
536 4157 645 4197 non
683 4140 945 4210 temporis
967 4140 1290 4194 immensam
1310 4134 1757 4195 diuturnitatem,
1806 4145 1914 4201 qua

339 4250 530 4290 omnes
565 4242 676 4287 tam
724 4232 853 4287 boni
898 4245 1064 4301 quam
1115 4228 1243 4283 mali
1285 4235 1410 4298 post
1446 4224 1913 4280 resurrectionem

342 4331 617 4394 fruentur,
666 4331 759 4385 sed
816 4328 873 4382 in
914 4327 1082 4380 animi
1129 4323 1531 4393 tranquillitate
1569 4329 1623 4376 et
1654 4336 1789 4391 pace
1821 4319 1917 4375 de-

342 4439 488 4494 gere.
517 4421 824 4478 Possumus
858 4429 913 4475 et
944 4420 1113 4473 vitam
1152 4417 1402 4487 accipere
1430 4414 1719 4486 mysticam
1760 4413 1914 4468 eulo-

1956 1876 1964 1883 '
2008 1883 2193 1938 φησιν,
2209 1866 2291 1918 ὅτι
2316 1860 2690 1934 Προσδέξομαι
2714 1856 2810 1910 καὶ
2828 1850 3188 1921 οἰκειώσομαι
3212 1846 3352 1901 αὐτὰ
3375 1858 3576 1938 puerti-

2006 1932 2119 2021 κώς
2151 1973 2209 2010 τε
2243 1955 2338 2008 καὶ
2365 1932 2647 2024 σχετικῶς.
2674 1948 2833 2003 Εἴποι
2870 1946 2916 1998 δ’
2944 1944 3011 1997 ἄν
3050 1958 3135 2004 τις
3178 1941 3259 1994 ὅτι
3304 1936 3398 1991 καὶ
3442 1932 3577 1988 καθὸ

2007 2049 2294 2119 ἄνθρωπος
2328 2044 2540 2113 γέγονε,
2564 2041 2770 2102 πάντας
2800 2034 3117 2106 ἀνθρώπους
3149 2028 3463 2101 ᾠκειώσατο
3489 2024 3579 2078 διὰ

2006 2142 2067 2196 rb
2084 2115 2362 2211 ὁμογενὲς
2394 2135 2535 2189 ὣστε
2565 2134 2756 2187 οἰκεῖοι
2782 2129 2982 2190 πάντες
3009 2124 3173 2196 ἐσμὲν
3194 2115 3591 2211 Χριστῷκατὰσ

2010 2209 2194 2302 σχέσιν
2233 2225 2519 2300 μυστικὴν,
2547 2222 2683 2277 καθὸ
2715 2220 2939 2290 γέγονεν
2969 2215 3273 2287 ἄνθρωπος’
3309 2209 3580 2302 ἀλλότριοι

2007 2299 2077 2378 δέ-
2093 2324 2209 2377 ὅσοι
2240 2299 2316 2391 μὴ
2344 2317 2674 2389 φυλάττουσι
2720 2313 2818 2383 τὴν
2858 2309 3182 2380 σύμμορφον
3227 2304 3326 2374 τῆς
3361 2299 3585 2391 ἀγιότηέ

2008 2432 2099 2479 τος
2145 2390 2351 2466 εἰκόνα,
2389 2408 2546 2464 Οὕτω
2579 2406 2675 2460 καὶ
2715 2403 2958 2457 Ἰουδαῖοι
3009 2400 3199 2453 οἰκεῖοι
3247 2397 3402 2456 ὄντες
3438 2390 3587 2445 κατὰ

2008 2510 2165 2578 γένος
2204 2504 2297 2559 τοῦ
2344 2501 2595 2573 Ἀϐραὰμ
2621 2497 2714 2553 τοῦ
2740 2494 2951 2561 πιστοῦ,
2983 2486 3042 2558 ὲξ
3068 2484 3142 2544 ὧν
3174 2489 3391 2578 ἄπιστοι
3422 2482 3582 2578 γεγό-

2009 2574 2184 2663 νασιν,
2213 2594 2588 2666 ἐστερήθησαν
2617 2592 2715 2662 τῆς
2752 2586 2961 2641 ἐκείνου
3005 2578 3325 2650 συγγενείας
3359 2575 3447 2629 διά
3480 2574 3597 2644 τὴψ

2008 2693 2118 2747 τῶν
2147 2689 2364 2761 τρόπων
2389 2682 2769 2755 ἀνομοιότητα.
2803 2676 2941 2748 Φησὶ
2972 2674 3030 2727 δὲ
3055 2674 3135 2725 ὅτι
3168 2688 3186 2721 ι
3208 2668 3318 2722 Καὶ
3352 2665 3581 2761 ἀκολου-

2010 2755 2289 2851 θοῦσί”μοι
2311 2777 2381 2830 τά
2409 2772 2678 2846 πρόϐατα·
2706 2791 2723 2822 ι
2751 2769 2800 2822 οἱ
2822 2767 2930 2838 γὰρ
2957 2762 3289 2832 πειθόμενοι,
3315 2757 3409 2851 καὶ
3422 2755 3584 2851 ἕπον·-

2008 2892 2100 2929 ται
2135 2843 2247 2925 ἀπό
2265 2884 2409 2930 τινος
2431 2843 2709 2918 θεοσδότου
2744 2857 2966 2931 χάριτος
2993 2852 3111 2907 κατ’
3139 2850 3284 2921 ῐχνος
3314 2843 3580 2918 Χριστοῦ,

2009 2964 2193 3020 οὐκέτι
2236 2962 2359 3024 ταῖς
2395 2957 2647 3028 νομικαῖς
2683 2949 3024 3009 δουλεύοντες
3060 2946 3259 3009 σκιαῖς,
3292 2940 3405 2995 ἀλλ’
3435 2931 3518 3001 οἷς
3554 2938 3595 2990 ὁ

2010 3055 2243 3129 Χριστὸς
2287 3050 2568 3106 ἐπιτάττει
2598 3045 2694 3099 καὶ
2737 3040 2815 3113 τῷ
2850 3037 3015 3094 αὐτοῦ
3055 3033 3471 3094 ἀκολουθοῦντες
3503 3028 3587 3082 λό-

2010 3122 2112 3220 γιξ),
2141 3146 2230 3201 διὰ
2263 3143 2507 3215 χάριτος,
2537 3139 2616 3202 είς
2641 3136 2703 3189 rb
2735 3131 2901 3188 αὑτοῦ
2938 3129 3302 3217 ἀναϐήσονται
3344 3122 3596 3220 ἀξίωμα,

2013 3210 2120 3292 υίοῖ
2140 3210 2657 3299 Θεοῦτκαλούμενοι.
2678 3221 2917 3297 Χριστοῦ
2950 3219 3059 3290 γὰρ
3089 3210 3329 3277 ἀνιόντος
3359 3214 3437 3275 εἰς
3458 3210 3595 3272 τοὺς

2011 3328 2295 3401 οὐρανοὺς,
2337 3325 2578 3377 κάκεῖνοι
2638 3314 3093 3385 ἀκολουθήσουσιν
3131 3306 3299 3378 αὐτῷ·
3350 3302 3601 3375 ἀμοιϐὴν

2011 3395 2204 3476 δὲίκαὶ
2234 3417 2401 3489 γέρας
2441 3416 2554 3477 τοῖς
2605 3408 2890 3481 ἑπομένοις
2946 3402 3094 3474 αὐτῷ
3155 3400 3253 3472 τὴν
3302 3397 3450 3489 (tum
3488 3395 3597 3489 τὴν

2013 3486 2595 3582 αἰώνιονὴχαρίσασθαί
2635 3518 2790 3572 φησι,
2821 3497 2916 3552 καὶ
2948 3495 3008 3551 rb
3037 3494 3110 3566 μὴ
3138 3487 3463 3582 ὑποκεῖσθαιΔ
3494 3486 3591 3540 θα·
3679 3524 3690 3533 .

2014 3604 2222 3676 νάτῳῆ
2257 3579 2433 3674 ιρθορᾷ
2474 3598 2569 3653 καὶ
2612 3596 2733 3658 ταῖς
2771 3591 3031 3664 βασάνοις
3069 3588 3188 3649 ταῖς
3221 3579 3592 3676 έπαγομέναις

2018 3664 2170 3767 παρά
2207 3664 2302 3746 τοῦ
2337 3664 2524 3763 κριτοῦ
2561 3687 2674 3748 τοῖς
2716 3678 3163 3767 πλημμελήσασι.
3192 3672 3286 3767 ’Δι’
3316 3664 3392 3724 ὧν
3422 3670 3478 3767 δὲ
3508 3666 3602 3767 ξε-

2016 3757 2148 3841 δωσι
2186 3783 2351 3855 ζωὴν,
2378 3757 2656 3835 ⁷δείκνυσιν
2685 3772 2845 3834 αὐτὸς
2879 3768 2992 3839 ζωὴ
3030 3766 3111 3855 ὣν
3136 3763 3327 3855 φύσει,
3349 3758 3487 3855 -και
3509 3757 3593 3810 ὅτι

2019 3878 2180 3940 αὐτὸς
2196 3845 2419 3941 νταύτην
2453 3866 2679 3939 χορηγεῖ
2711 3861 2771 3927 ἐξ
2796 3855 2988 3914 ἑαυτοῦ
3032 3854 3128 3909 καὶ
3169 3852 3271 3905 οὐκ
3313 3847 3375 3913 ἐξ
3402 3845 3604 3941 ἑτέρου.

2019 3936 2218 4024 λαϐὼν.
2250 3936 2403 4035 Ζωὴν
2522 3936 2753 4027 νοοῦμεν
2783 3950 3020 4014 αἰώνιον,
3053 3946 3114 4035 οὐ
3145 3944 3245 4035 τὴν
3277 3936 3596 4035 μακροημέ-

2025 4070 2227 4128 ρευσιν,
2262 4045 2329 4123 ἧς
2359 4025 2582 4109 ’πάντες
2637 4025 2918 4114 μέλλουσιν
2962 4032 3276 4095 ἀπολαύειν,
3320 4025 3605 4128 μετὰ-τὴν

2021 4118 2315 4202 ἀνάστασιν
2380 4138 2537 4195 καλοί
2589 4153 2650 4190 τε
2706 4133 2802 4187 καὶ
2853 4128 3047 4184 κακοίο
3099 4123 3237 4180 ἀλλά
3287 4120 3383 4175 καὶ
3433 4118 3497 4173 rb
3531 4120 3593 4171 ὲν

2022 4236 2254 4308 εὐθυμία
2302 4232 2532 4300 διάγειν.
2581 4224 2816 4280 Δυνατδν
2861 4223 2919 4276 δὲ
2966 4218 3116 4308 ζωὴν
3166 4217 3328 4279 νοεῖν,
3372 4213 3467 4308 καὶ
3492 4209 3595 4308 τῂν

1996 4342 2001 4345 ⁷
2026 4300 2292 4402 μυστικὴν
2348 4321 2598 4390 εὐλογίαν
2652 4319 2721 4372 δι’
2759 4312 2825 4387 ἦς
2878 4307 3178 4384 ἐμφυτεύει
3198 4303 3463 4402 ῌΧρξστδς
3495 4300 3596 4373 τὴν

2024 4394 2221 4474 έαυτοῦ
2250 4394 2430 4483 -ζωὴν,
2473 4410 2563 4465 διὰ
2611 4409 2714 4479 τῆς
2774 4401 3127 4476 μεταλήψεως
3162 4396 3264 4467 τῆς
3292 4394 3426 4456 ἰδίας
3461 4408 3597 4461 σαρ-

342 4519 621 4585 giam,per
644 4527 810 4583 quam
833 4509 1030 4576 inserit
1046 4483 1306 4563 Christus
1334 4483 1908 4575 suamvipsius'vitam,

2022 4511 2116 4574 κὸς
2156 4510 2266 4570 τοῖς
2299 4505 2528 4566 πιστοῖς,
2580 4499 2723 4554 κατά
2766 4496 2829 4550 rb
2868 4491 3182 4585 sipnpévov:
3208 4506 3229 4539 ι
3273 4486 3332 4585 '9
3368 4483 3594 4585 τρώγειν

343 4608 469 4661 data
495 4604 732 4675 propriae
770 4602 957 4658 carnis
991 4600 1245 4655 ﬁdelibus
1285 4597 1726 4670 participatione,
1758 4596 1915 4666 juxta

343 4698 396 4751 id
432 4695 576 4768 quod
612 4694 822 4749 dictum
858 4699 944 4748 est
977 4710 990 4745 :
1034 4711 1053 4742 ι
1091 4691 1196 4757 Qui
1232 4687 1529 4744 manducat
1571 4703 1748 4743 meam
1795 4702 1918 4742 car-

345 4803 493 4853 nem,
517 4793 573 4841 et
612 4786 751 4842 bibit
780 4799 959 4839 meum
985 4783 1332 4854 sanguinem,
1366 4780 1529 4835 habet
1556 4779 1726 4834 vitam
1754 4786 1911 4834 atter-

346 4895 472 4933 uam
515 4879 580 4933 “.
624 4896 643 4929 ι

421 4970 502 5035 Χ,
555 4969 643 5024 29.
686 4967 755 5022 Et
789 4984 937 5022 nemo
982 4975 1152 5035 potest
1202 4979 1383 5033 rapere
1422 4962 1486 5016 de
1524 4978 1686 5015 manu
1739 4960 1919 5014 Patris

347 5078 467 5113 11181,

418 5150 636 5206 Fideles
666 5149 929 5205 auxilium
965 5148 1176 5203 habent
1205 5156 1259 5202 et
1299 5160 1330 5199 a
1367 5143 1613 5211 Christo,
1656 5156 1783 5197 cum
1826 5154 1923 5195 eos

349 5244 401 5296 in
429 5242 668 5311 praedam
695 5241 901 5295 habere
925 5238 1179 5295 diabolus
1215 5241 1452 5306 nequeat
1480 5253 1495 5289 :
1522 5233 1637 5288 sive
1669 5245 1795 5286 cum
1827 5229 1926 5283 ba-

352 5338 518 5391 beant
552 5334 952 5390 indesinentem
991 5333 1262 5388 bonorum
1297 5343 1458 5383 usum
1495 5342 1558 5379 ac
1580 5322 1924 5386 fruitionem,

351 5431 578 5478 manent
605 5424 659 5477 in
693 5438 779 5488 eo,
806 5421 1023 5476 nemine
1066 5421 1191 5475 illos
1218 5435 1246 5471 a
1281 5419 1414 5473 data
1459 5417 1540 5471 eis
1567 5414 1737 5468 animi
1772 5422 1924 5466 tran-

355 5513 628 5583 quillitate
675 5514 747 5568 ad
781 5528 995 5585 pinnam
1027 5522 1082 5567 et
1125 5512 1406 5567 cruciatus
1457 5505 1780 5576 abripicnte.
1812 5500 1924 5557 Nec

355 5608 500 5661 enim
532 5606 645 5660 ﬁeri
685 5614 861 5676 potest
897 5613 957 5659 ut
990 5604 1085 5674 qui
1123 5609 1255 5659 sunt
1290 5603 1351 5665 in
1399 5615 1563 5654 manu
1608 5595 1813 5651 Christi
1856 5592 1924 5648 ad

429 5790 448 5821 '
486 5784 643 5841 Joan.
681 5800 733 5852 ιι,
769 5784 855 5839 Η.
934 5783 976 5814 ¹⁶
1012 5781 1167 5838 Joan.
1210 5796 1287 5847 ιιι,
1329 5779 1374 5831 l.
1457 5777 1492 5808 ”
1526 5774 1681 5831 Joan.
1717 5789 1790 5838 vx,
1832 5770 1919 5826 55.

2027 4618 2128 4673 μου
2169 4597 2268 4669 τὴν
2307 4595 2488 4667 σάρκα
2525 4591 2621 4645 καὶ
2670 4588 2840 4642 πίνων
2890 4600 2991 4656 μου
3024 4581 3085 4636 rb
3121 4574 3260 4651 αἷμα
3307 4577 3421 4649 ἔχει
3452 4574 3593 4669 ζωὴν

2025 4691 2263 4747 αἰώνιον.
2300 4707 2320 4741 ›

2098 4956 2206 5012 Καὶ
2240 4952 2441 5017 οὐδεὶς
2471 4948 2728 5019 ἁρπάσει
2755 4946 2825 5000 ἐκ
2862 4943 2972 5013 τῆς
3004 4956 3199 5011 χειρός
3234 4934 3341 4991 τοῦ
3370 4931 3601 5000 Πατρός

2023 5065 2165 5119 μου.

2101 5138 2165 5191 Οί
2196 5134 2379 5190 πιστοὶ
2405 5132 2502 5188 καὶ
2529 5131 2629 5202 τὴν
2660 5125 2980 5198 ἐπικουρίαν
3015 5124 3195 5195 έχουσι
3219 5119 3311 5173 τοῦ
3334 5112 3599 5184 Χριστοῦ,

2031 5229 2093 5283 οὐ
2125 5226 2427 5297 δυναμένου
2460 5222 2552 5277 τοῦ
2579 5220 2828 5275 διαϐόλου
2866 5215 3134 5290 ἁρπάζειν
3165 5208 3381 5273 αὐτούς·
3403 5207 3523 5278 ἦτοι
3548 5204 3600 5297 οἱ

2032 5321 2245 5391 ἔχοντες
2265 5292 2696 5371 ’ἀκατάπαυστον
2740 5310 2849 5364 τῶν
2878 5304 3102 5376 ἀγαθῶν
3140 5301 3459 5391 ἀπόλαυσιν,
3498 5292 3602 5391 μέ-

2031 5428 2211 5466 νουσιν
2262 5411 2320 5462 ὲν
2368 5405 2538 5476 αὐτῷ,
2590 5405 2687 5474 οὐχ
2725 5400 3062 5474 ἁρπάζοντος
3104 5392 3298 5453 αὐτοὺς
3335 5388 3416 5440 ἑτι
3457 5381 3602 5476 τινος

2030 5502 2139 5556 ἀπὸ
2180 5501 2282 5571 τῆς
2325 5469 2572 5567 δοθείσης
2612 5469 2793 5556 αῦττοῖς
2828 5488 3115 5557 εὐθυμίας,
3156 5484 3234 5546 είς
3264 5469 3601 5571 τιμωρίανῇ

2034 5561 2316 5662 βασάνοῦς.
2354 5588 2429 5643 Οὐ
2482 5561 2589 5659 γάρ
2635 5581 2857 5638 δυνατὸν
2911 5577 3036 5640 τοὺς
3085 5575 3244 5636 ὄντας
3288 5573 3345 5625 ὲν
3393 5569 3461 5638 τῇ
3504 5561 3603 5618 τοῦ
