3882 6206
221 263 292 319 2t
1014 267 1080 324 1N
1121 267 1456 325 JOANNEM.
1483 297 1548 305 —
1583 264 1707 320 LIB.
1749 265 1811 320 Vl

1916 265 1965 320 .T
2001 267 2114 324 V'lll
2143 267 2584 324 FRAGMENTA.
3397 265 3470 320 22

223 383 470 448 Χριστοῦ
504 398 669 452 χειρι,
700 383 1019 454 ἀρπαγῆναι
1052 386 1131 447 εἰς
1159 385 1220 438 τὸ
1241 384 1597 454 κολασθῆναι,
1625 382 1712 436 διὰ
1744 384 1804 436 τὸ

1916 385 2234 454 supplicium
2255 400 2312 437 ra
2323 384 2509 455 piantu
2521 401 2566 446 r,
2602 381 2932 452 praevalente
2947 397 3001 435 in
3020 379 3293 435 inﬁnitum
3309 379 3474 438 Chri-

220 475 372 538 ἆγαν
419 470 621 540 ἰσχύειν
649 472 740 524 τὸν
769 473 1023 543 Χριστόν.
1067 473 1130 526 Ἦ
1180 473 1286 542 γὰρ
1323 475 1463 545 χεὶρ,
1487 475 1544 526 ἐν
1569 477 1634 545 τῇ
1683 472 1800 543 θεία

224 560 444 631 Γραφῇ,
475 560 573 632 τὴν
603 561 828 632 δύναμιν
871 562 1040 632 δηλοί’
1080 563 1162 616 ὅτι
1207 563 1306 634 μὲν
1337 559 1431 617 οῦν
1469 564 1724 632 ἀνίκητος
1767 565 1799 634 ἡ

223 653 324 706 τοῦ
359 653 594 723 Χριστοῦ
618 655 740 725 χεὶρ
763 655 854 708 καὶ
876 658 958 716 εἰς
988 655 1169 709 πάντα
1194 655 1470 726 ἰσχύουσα,
1501 654 1803 726 ἀναμφίὸο-

227 744 342 798 λον.
380 745 518 798 Ἀλλ’
550 746 778 817 ἐπείπερ
801 745 948 817 ἑώρα
979 747 1105 810 τοὺς
1147 747 1429 809 Ἰουδαίους
1458 746 1800 817 καταγελῶν-

231 854 333 899 τας
366 837 533 890 αὑτοῦ
571 837 646 901 ὡς
673 837 960 910 ἀνθρώπου
994 838 1172 908 ψιλοῦ,
1205 839 1278 910 μὴ
1310 838 1562 902 νοοῦντας
1595 839 1676 892 ὅτι
1701 837 1801 908 φύ-

227 939 314 974 σει
347 923 479 986 Θεὸς
506 919 576 994 ἦν
605 923 884 995 ὁρώμενος
921 926 1014 979 καὶ
1055 926 1452 998 ψηλαφώμενπ
1493 927 1800 999 ἅνθρωπος,

228 1016 434 1070 πείθων
475 1019 672 1082 αὑτοὺς
703 1020 784 1074 ὅτι
813 1022 976 1086 αὑτός
1025 1024 1172 1077 ἐστιν
1213 1025 1245 1094 ἡ
1283 1023 1376 1077 τοῦ
1407 1025 1617 1096 Πατρὸς
1645 1026 1800 1080 δύνα-

228 1127 346 1178 μις,
373 1111 557 1180 φησιν,
590 1113 671 1165 ὅτι
703 1133 721 1164 ε
757 1114 945 1175 Οὐδεὶς
970 1114 1078 1167 ἀπὸ
1113 1115 1214 1186 τῆς
1243 1115 1425 1188 χειρὸς
1465 1117 1560 1171 τοῦ
1598 1119 1805 1192 Πατρός

230 1216 359 1268 μου,
375 1220 392 1251 ι
414 1199 559 1252 τοῦτ’
583 1200 749 1266 ἔστιν,
793 1202 979 1272 Ἑμοῦ.
999 1201 1224 1256 Ἑαυτὸν
1246 1205 1355 1275 γάρ
1385 1222 1518 1274 φησι
1542 1206 1641 1276 τὴν
1668 1225 1801 1260 πανο

225 1290 530 1361 τοδύναμον
563 1293 657 1346 τοῦ
691 1295 902 1364 Πατρὸς
936 1293 1136 1360 δεξιὰν,
1186 1279 1262 1360 ὡς
1310 1297 1377 1350 δι’
1420 1297 1583 1351 αὐτοῦ
1632 1298 1803 1354 πάντα

229 1384 585 1454 ἐνεργοῦντος
635 1384 727 1439 τοῦ
770 1387 1002 1456 Πατρός·
1041 1387 1115 1451 ὡς
1149 1389 1241 1441 καὶ
1283 1389 1369 1442 διά
1403 1391 1502 1462 τῆς
1535 1393 1806 1463 ἡμετέρα..

232 1476 417 1547 χειρὸς
447 1478 515 1531 τά
541 1478 672 1548 παρ’
703 1478 856 1548 ἡμῶν
885 1481 1272 1550 ἐνεργούμενα.
1315 1480 1403 1534 Ἐν
1445 1481 1659 1545 πολλοῖς
1695 1482 1804 1552 γὰρ

228 1570 335 1637 τῆς
365 1569 586 1638 Γραφῆς
616 1570 822 1635 τόποις,
848 1573 876 1624 6
921 1573 1155 1642 Χριστὸς
1193 1574 1315 1644 χεὶρ
1355 1574 1677 1645 ὀνομάζεται
1709 1575 1804 1629 καὶ

1909 487 2014 532 sto.
2049 477 2240 531 Manus
2281 477 2430 530 enim
2482 477 2536 529 iu
2583 475 2768 529 divina
2813 473 3098 544 Scriptura
3147 482 3472 543 potestatem

1909 567 2222 637 signiﬁcat:
2255 567 2400 636 quod
2431 583 2562 622 vero
2596 567 2800 620 invicta
2848 565 2921 620 sit
2963 563 3170 619 Christi
3201 581 3395 620 manus
3425 575 3477 620 ct

1907 662 1962 713 in
1993 659 2175 714 omnia
2209 667 2422 728 potens,
2462 674 2571 712 non
2609 658 2925 726 ambigitur.
2967 656 3181 710 Etenim
3216 657 3476 724 quoniam

1907 750 2124 806 videbat
2151 749 2370 804 Judaeos
2402 749 2580 820 ipsum
2617 757 2676 803 ut
2701 749 3006 818 simplicem
3042 747 3321 802 hominem
3351 747 3478 800 irri-

1907 841 2122 901 dentes,
2165 854 2264 894 ncc
2317 839 2820 894 animadvertentes
2873 837 3052 907 ipsum
3114 852 3234 892 esse
3283 844 3479 891 natura

1909 929 2072 992 Deum
2102 931 2196 1000 qui
2237 938 2559 986 cerneretur
2589 940 2643 984 et
2681 939 3003 996 tangeretur
3032 930 3214 995 homo,
3248 929 3330 984 eis
3359 945 3482 1000 pcr—

1905 1021 2141 1091 guadere
2170 1022 2362 1076 volens
2395 1038 2454 1076 se
2476 1037 2604 1076 esse
2623 1021 2807 1076 Patris
2831 1023 3112 1088 virtutem,
3141 1024 3242 1077 ait:
3271 1041 3290 1074 ‹
3310 1022 3481 1078 Nemo

1909 1133 1938 1168 e
1969 1129 2130 1168 manu
2162 1111 2338 1168 Patris
2363 1114 2488 1178 mei,
2523 1132 2540 1163 ι
2567 1113 2674 1168 hoc
2697 1123 2782 1168 est
2819 1129 2959 1169 mea.
2995 1114 3248 1184 Seipsum
3277 1115 3482 1186 quippe

1905 1203 2039 1258 dicit
2094 1203 2529 1273 omnipotentem
2583 1203 2768 1258 Patris
2835 1203 3146 1264 dexteram,
3216 1213 3476 1273 tanquam

1908 1295 2068 1351 Patre
2099 1311 2197 1365 per
2229 1311 2353 1350 eum
2395 1294 2581 1349 omnia
2611 1303 2896 1364 Operaute,
2940 1295 3087 1349 sicut
3113 1304 3166 1348 et
3203 1311 3268 1349 ea
3299 1311 3422 1366 quae
3452 1311 3482 1348 α

1904 1389 2068 1444 nobis
2097 1395 2227 1442 sunt
2259 1404 2354 1457 per
2387 1401 2609 1441 manum
2643 1397 2885 1441 nostrain
2921 1395 3173 1456 operata.
3208 1389 3263 1442 In
3295 1388 3484 1442 multis

1910 1483 2055 1536 enim
2087 1481 2388 1552 Scriptura:
2443 1483 2582 1537 locis
2617 1481 2875 1536 Christus
2915 1483 3237 1536 nominatur
3287 1497 3484 1536 manus

1911 1583 1966 1629 et
1994 1575 2216 1629 dextera
2267 1573 2467 1638 Patris,
2519 1575 2663 1644 quod
2713 1582 2874 1628 sonat
2916 1581 3242 1644 potestatem
3279 1589 3344 1628 ac
3370 1575 3484 1627 vir-

227 1662 384 1725 ὃεξιὰ
424 1663 518 1715 τοῦ
558 1663 790 1733 Πατρός
829 1665 967 1734 ὅπερ
1000 1667 1254 1736 σημαίνει
1288 1667 1386 1738 τὴν
1429 1668 1676 1738 δύναμιν’
1712 1670 1804 1722 καὶ

1916 1675 2081 1723 Lutem
2124 1687 2137 1721 :
2179 1676 2231 1723 et
2263 1669 2590 1738 simpliciter
2627 1683 2824 1724 manus
2862 1668 2952 1722 Dei
2994 1675 3350 1737 nuncupatur
3403 1668 3482 1722 vis

227 1753 421 1816 ἁπλῶς
452 1755 569 1826 χεὶρ
594 1755 916 1825 ὀνομάζεται
943 1757 1076 1809 Θεοῦ
1098 1759 1131 1829 ἡ
1158 1760 1531 1830 παντουργικὴ
1560 1759 1807 1831 ὲνέργεια

229 1845 328 1895 καὶ
351 1844 526 1914 ἰσχύς.
567 1845 832 1915 Ἀμείνων
858 1849 966 1919 γάρ
1001 1864 1118 1911 πως
1143 1849 1231 1901 ἀεὶ
1266 1850 1583 1922 σωματικῆς
1607 1869 1809 1919 φαντα-

229 1934 356 1998 σίας
405 1937 434 1988 6
465 1936 594 2006 περὶ
631 1935 765 1989 Θεοῦ
796 1937 972 2006 λόγος·
998 1938 1216 2007 λέγεται
1247 1940 1302 1992 δὲ
1336 1944 1364 1993 ὁ
1396 1941 1585 2013 Πατὴρ
1606 1942 1808 1996 διδόναι

227 2027 309 2096 τῷ
337 2027 472 2096 Υίῷ,
504 2030 602 2099 οὐχ
629 2029 702 2092 ὡς
732 2028 806 2100 μὴ
837 2029 1011 2101 ἔχοντι
1037 2033 1123 2085 ἀεὶ
1153 2032 1258 2086 ὑπὸ
1288 2036 1446 2104 χεῖρα
1480 2035 1577 2106 τὴν
1611 2035 1808 2098 κτίσιν,

229 2117 451 2180 ἀλλ’ὡς
479 2119 591 2172 ὄντι
636 2119 784 2191 αὐτῷ
827 2121 988 2189 φύσει
1047 2123 1184 2194 ζωῇ,
1234 2125 1616 2196 προσκομίζων
1666 2128 1812 2197 ἡμᾶς

233 2211 361 2272 τοὺς
392 2211 774 2282 ἐπιδεομένους
804 2214 970 2283 ζωῆς,
1005 2215 1092 2267 ἵνα
1125 2217 1229 2270 ὑπὸ
1265 2217 1359 2270 τοῦ
1389 2218 1521 2271 Υἱοῦ
1548 2220 1814 2290 ζωοποιη-

235 2302 420 2372 θῶμεν
472 2303 568 2356 τοῦ
620 2305 771 2368 ὄντος
836 2305 996 2374 φύσει
1041 2307 1206 2377 ζωῆς,
1234 2311 1324 2361 καὶ
1361 2310 1572 2364 οἴκοθεν
1601 2310 1814 2381 ἔχοντος

234 2395 417 2449 τοῦτο.
454 2397 600 2468 Πλὴν
642 2398 736 2450 καὶ
788 2399 928 2452 καθὸ
969 2399 1188 2468 γέγονεν
1229 2401 1530 2473 ἄνθρωπος,
1581 2403 1813 2474 ἁρμόζει

236 2485 408 2555 αὐτῷ,
447 2486 506 2538 τὸ
536 2489 708 2540 αἰτεῖν
742 2505 802 2541 τε
838 2489 934 2542 καὶ
961 2489 1262 2560 λαμϐάνειν
1301 2489 1568 2562 παρά.τοῦ
1603 2492 1813 2564 Πατρὸς

234 2580 271 2632 ἃ
298 2575 445 2648 εἶχεν
476 2580 551 2643 ὡς
577 2579 734 2648 φύσει
767 2580 918 2644 Θεὸς.

321 2671 468 2740 Ἐγὼ
495 2672 593 2726 καὶ
622 2676 656 2726 ὀ
685 2673 890 2741 Πατὴρ
914 2673 983 2726 ἓν
1005 2675 1211 2744 ἐσμεν.

320 2764 519 2826 Ἐἀσας
557 2764 665 2834 γὰρ
703 2764 770 2817 τὰ
797 2765 1113 2836 ἀνθρώπινα
1145 2771 1173 2821 6
1203 2769 1455 2840 Χριστὸς,
1493 2770 1583 2822 ἐπὶ
1614 2769 1673 2822 τὸ
1696 2769 1816 2822 θεο-

234 2857 446 2929 πρεπὲς
471 2855 637 2908 αὑτοῦ
659 2857 948 2927 ἀνατρέχει
983 2855 1219 2928 ἀξίωμα,
1250 2861 1674 2931 έναϐρυνόμενος
1703 2865 1814 2925 τοῖς

233 2951 488 3016 φυσικοῖς
515 2948 678 3001 αὐτοῦ
714 2949 1158 3020 πλεονεκτήμασι
1188 2953 1277 3006 διὰ
1315 2954 1377 3006 τὸ
1408 2954 1678 3024 χρήσιμον
1705 2955 1815 3006 τῶν

1909 1771 1964 1819 et
2005 1773 2246 1832 potestas
2274 1764 2523 1819 omnium
2565 1762 2836 1818 effectrix.
2876 1761 3102 1831 Semper
3126 1763 3271 1816 enim
3303 1778 3484 1817 sermo

1909 1851 1980 1911 de
2024 1856 2137 1910 Deo
2183 1857 2360 1922 major
2410 1863 2690 1924 estquam
2742 1863 2802 1909 ut
2853 1869 2976 1908 eum
3019 1868 3286 1923 corporeo
3319 1869 3484 1909 sensu

1911 1950 2198 2020 imaginari
2234 1966 2299 2004 ac
2341 1949 2674 2004 adumbrare
2718 1948 2999 2017 possimus
3032 1969 3044 2003 :
3078 1948 3283 2002 dicitur
3323 1947 3488 2002 Pater

1912 2044 2042 2097 dare
2072 2040 2231 2108 Filio,
2263 2057 2373 2095 non
2415 2048 2677 2110 tauquam
2712 2055 2819 2092 non
2854 2039 3090 2094 habenti
3138 2054 3355 2108 semper
3382 2039 3488 2091 sub

1913 2151 2078 2190 manu
2100 2143 2433 2198 creaturam,
2471 2133 2565 2189 sed
2596 2140 2860 2200 tanquam
2892 2130 2943 2184 ei
2974 2130 3261 2185 exsistenti
3289 2138 3487 2183 natura

1914 2230 2038 2283 vitae
2062 2242 2163 2282 nos
2188 2227 2300 2282 vita
2329 2223 2926 2296 indigentes-ollerens,
2952 2229 3063 2275 uta
3089 2220 3255 2283 Filio,
3276 2222 3366 2291 qui
3387 2237 3489 2276 ex-

1915 2322 2063 2376 sistit
2098 2328 2296 2374 natura
2319 2319 2431 2372 vita
2455 2325 2511 2372 et
2535 2315 2902 2371 donuestictnu
2934 2315 3040 2368 hoc
3083 2313 3267 2377 habet,
3309 2313 3487 2366 viviti-

1914 2429 2123 2468 cemur.
2155 2412 2260 2467 Sed
2287 2419 2562 2482 quatenus
2594 2409 2889 2463 factusest
2925 2408 3112 2470 homo,
3148 2405 3408 2460 convenit
3437 2405 3486 2460 ei

1917 2517 2104 2578 petere
2135 2517 2190 2564 et
2223 2507 2472 2577 accipere
2499 2521 2529 2560 a
2561 2503 2724 2559 Patre
2754 2518 2818 2558 ea
2852 2517 2973 2573 qua:
3013 2509 3071 2556 ut
3104 2509 3302 2555 natura
3345 2500 3489 2555 Deus

1914 2603 2078 2656 etiam
2123 2599 2383 2654 habebat.

1989 2692 2068 2755 Χ,
2096 2693 2186 2748 50.
2232 2690 2344 2762 Ego
2385 2701 2436 2746 et
2475 2689 2634 2745 Pater
2661 2704 2826 2743 unum
2868 2705 3073 2742 sumus.

1986 2783 2235 2838 llumana
2269 2783 2412 2838 enim
2447 2781 2727 2836 facessere
2758 2779 2962 2849 jubens
2989 2777 3267 2840 Christus,
3299 2776 3363 2829 ad
3401 2775 3489 2829 di-

1916 2877 2075 2930 vinas
2101 2889 2233 2932 suas
2263 2873 2422 2928 dotes
2453 2873 2939 2942 dignationemque
2964 2870 3221 2932 recurrit,
3261 2876 3491 2922 natura-

1918 2969 2065 3022 libus
2097 2968 2212 3024 suis
2243 2965 2620 3036 prmrogativis
2649 2964 2817 3036 667
2851 2963 3202 3034 triumphans
3234 2962 3306 3016 ob
3337 2962 3488 3016 utili-

235 3040 450 3094 πιστῶν
481 3042 574 3094 καὶ
597 3041 695 3112 τὴν
749 3042 878 3110 ὑγιᾶ
911 3042 1113 3107 πίστιν,
1151 3045 1274 3113 ἥτις
1320 3045 1437 3098 ἐστὶ
1465 3045 1524 3098 τὸ
1576 3044 1811 3116 μηδόλως

1919 3069 2086 3114 tatem
2115 3066 2172 3114 et
2198 3073 2388 3114 sanam
2423 3058 2584 3111 ﬁdem
2619 3056 2885 3120 ﬁdelium,
2917 3071 3039 3125 qua:
3067 3063 3186 3110 erat
3215 3053 3488 3122 ejusmodi

235 3131 568 3185 ὑποπτεύειν
591 3133 851 3187 ἐλάττονα
871 3130 1012 3189 εἶναι
1025 3134 1121 3190 τοῦ
1146 3137 1360 3206 Πατρὸς
1376 3136 1466 3188 τὸν
1487 3137 1636 3191 Υίόν.
1661 3136 1816 3191 Οὕτω

234 3225 348 3296 γὰρ
378 3225 649 3281 δείκνυται
691 3227 857 3282 εἰκὼν
894 3229 1087 3299 ἀσινὴς
1120 3229 1212 3282 τοῦ
1259 3229 1492 3301 Πατρὸς,
1525 3231 1816 3303 ὁλόκληρον

233 3320 295 3370 ἐν
323 3318 503 3389 ἐαυτῷ
535 3320 628 3372 καὶ
653 3320 780 3389 ὑγιῆ
815 3319 1098 3383 διασώζων
1137 3321 1229 3374 τὸν
1269 3321 1362 3374 τοῦ
1396 3322 1605 3393 Πατρὸς
1642 3341 1815 3394 χαρα-

236 3412 439 3482 κτῆρα.
477 3411 574 3465 Ἐν
600 3411 656 3465 δὲ
680 3412 912 3483 λέγομεν
942 3415 1033 3467 τὸν
1065 3413 1191 3466 Υἰὸν
1215 3414 1308 3466 καὶ
1333 3416 1423 3468 τὸν
1457 3416 1694 3484 Πατέρα,
1718 3417 1817 3471 οὐκ

236 3505 607 3575 ἀναφύροντες
632 3505 731 3568 τὰς
764 3507 822 3559 ἐν
869 3505 1086 3578 ἀριθμῷ
1137 3506 1372 3576 μονάδας
1397 3547 1411 3568 ,
1444 3508 1624 3571 καθώς
1671 3527 1815 3572 τινες

234 3598 330 3648 τὸν
354 3598 514 3650 αὑτὸν
543 3593 682 3650 εἶναι
715 3598 932 3667 λέγουσι
967 3599 1187 3668 Πατέρα
1207 3599 1301 3652 καὶ
1329 3599 1478 3661 Υίὸν,
1510 3599 1646 3653 ἀλλά
1672 3601 1818 3664 ἰδίως

237 3691 538 3756 ὑφεστάναι
588 3691 937 3754 πιστεύοντες
987 3690 1078 3744 τὸν
1126 3691 1364 3762 Πατέρα,
1407 3691 1501 3745 καὶ
1553 3692 1701 3756 ίδίως
1724 3693 1816 3746 τὸν

239 3779 392 3845 Υίὸν,
423 3783 549 3843 τοὺς
589 3782 644 3835 δὲ
695 3782 788 3835 δύο
839 3783 919 3846 εἰς
961 3783 1092 3854 μίαν
1138 3783 1326 3847 οὐσίας
1354 3783 1658 3853 ταυτότητα
1687 3801 1814 3838 συν-

237 3875 486 3940 άγοντες,
520 3874 614 3927 καὶ
646 3873 774 3943 μίαν
819 3874 1040 3944 ἔχοντας
1100 3876 1254 3945 ἰσχὺν
1293 3876 1511 3939 εἰδότες,
1553 3877 1628 3940 ὡς
1658 3878 1715 3930 έν
1737 3877 1816 3948 τῷ

236 3965 412 4033 ἑτέρῳ
443 3966 629 4035 ἕτερον
675 3965 1111 4036 ἀπαραλλάκτως
1153 3967 1412 4038 ὁρᾶσθαιο
1452 3967 1551 4031 τάς
1575 3968 1633 4021 δέ
1663 3985 1725 4036 γε
1757 3969 1815 4022 ὲν

236 4059 354 4118 τοίς
400 4056 748 4123 Εὑαγγελίοις
784 4057 879 4110 τοῦ
935 4057 1185 4129 Σωτῆρος
1237 4059 1394 4128 ἡμῶν
1434 4058 1637 4127 φωνὰς,
1689 4057 1814 4114 οὔτε

239 4147 571 4199 ὑποστάσεσι
595 4148 768 4213 δυσὶν,
800 4148 922 4202 οὔτε
952 4149 1060 4220 μὴν
1089 4151 1399 4220 προσώποις
1443 4151 1815 4224 καταμερίζο-

245 4256 366 4308 μεν.
398 4240 470 4294 Ού
499 4241 606 4310 γάρ
644 4243 759 4294 ἐστι
805 4227 1026 4304 διπλοῦς
1056 4245 1084 4296 6
1123 4238 1202 4307 εἷς
1235 4244 1330 4298 καὶ
1361 4244 1521 4315 μόνος
1558 4245 1814 4316 Χριστὸς,

240 4330 347 4382 κᾶν
367 4332 429 4384 έκ
452 4331 546 4385 δύο
568 4333 757 4402 νοῆται
787 4335 881 4387 καὶ
917 4335 1192 4404 διαφόρων
1223 4337 1564 4408 πραγμάτων
1594 4339 1675 4401 είς
1697 4337 1815 4392 ἐνό-

1918 3161 1976 3206 ut
2011 3150 2204 3204 Filium
2243 3149 2401 3202 Patre
2440 3148 2708 3202 minorem
2738 3163 2864 3203 esse
2892 3144 3213 3200 tuillomodo
3239 3144 3488 3213 suspica-

1917 3245 2130 3293 rentur.
2160 3235 2253 3291 Sic
2288 3237 2436 3292 enim
2465 3237 2794 3291 intemerata
2822 3234 3007 3290 Patris
3033 3235 3213 3304 imago
3243 3231 3490 3288 ostendi-

1917 3340 2006 3383 tur
2023 3331 2296 3400 integrum
2314 3337 2368 3383 et
2385 3327 2627 3383 solidum
2659 3343 2890 3383 servans
2917 3328 2972 3381 in
3001 3343 3059 3382 se
3083 3326 3264 3382 Patris
3291 3326 3488 3378 chara-

1916 3431 2143 3476 cterem.
2187 3417 2368 3472 Unum
2408 3433 2538 3473 vero
2586 3419 2827 3473 dicimus
2882 3417 3102 3472 Patrem
3152 3425 3206 3472 et
3259 3414 3484 3481 Filium,

1915 3525 2024 3565 non
2073 3509 2312 3564 unitates
2365 3508 2419 3562 in
2452 3524 2682 3565 numero
2721 3507 3130 3566 confundentes
3165 3551 3180 3571 ,
3218 3509 3487 3580 quemad—
3538 3568 3552 3582 ,

1917 3599 2141 3654 modum
2185 3599 2440 3653 nonnulli
2485 3600 2739 3655 eumdem
2773 3616 2904 3656 esse
2943 3600 3134 3654 dicunt
3168 3603 3386 3655 Patrem
3435 3607 3491 3655 et

1915 3688 2139 3754 Filium,
2171 3689 2268 3744 sed
2293 3687 2512 3759 proprie
2550 3703 2614 3742 ac
2648 3692 2878 3745 seorsim
2919 3690 3223 3745 subsistere
3253 3688 3489 3744 creden-

1916 3790 2000 3837 tes
2033 3783 2277 3842 Patrem,
2317 3780 2542 3850 proprie
2567 3787 2620 3834 ct
2651 3781 2885 3835 seorsim
2929 3779 3153 3843 Filium,
3193 3779 3332 3835 duos
3358 3795 3489 3834 vero
3521 3827 3524 3830 _

1918 3875 1970 3927 in
2015 3889 2176 3928 unam
2219 3872 2545 3928 substantia:
2585 3871 2931 3926 identitatem
2972 3873 3391 3942 coniungentes,
3435 3879 3492 3925 et

1916 3981 2080 4020 unam
2117 3965 2317 4018 habere
2345 3964 2454 4016 vim
2495 3978 2560 4017 ac
2603 3969 2936 4032 potestatem
2988 3963 3250 4025 scientes,
3306 3963 3377 4016 ita
3427 3971 3489 4015 ιη

1917 4060 2057 4113 alter
2089 4057 2144 4112 in
2173 4058 2348 4112 altero
2381 4055 2865 4111 indiscriminatim
2903 4066 3196 4122 cernatur;
3230 4065 3489 4111 casterum

1917 4148 2234 4205 Servatoris
2272 4147 2452 4203 nostri
2489 4146 2548 4201 in
2579 4146 2896 4216 Evangeliis
2918 4162 3106 4209 voces,
3138 4163 3312 4216 neque
3355 4147 3492 4202 dna-

1915 4239 2022 4294 hns
2052 4237 2448 4310 hypostasibus
2484 4251 2659 4306 neque
2703 4234 2959 4306 personis
3002 4234 3323 4290 dividimus.
3369 4233 3487 4289 Non

1919 4330 2066 4386 enim
2101 4330 2299 4400 duplex
2337 4335 2423 4384 est
2470 4344 2614 4383 unus
2662 4335 2717 4383 et
2771 4325 3235 4387 solustristus,
3279 4327 3384 4382 etsi
3421 4343 3489 4381 ex

236 4439 380 4490 τητα
403 4424 815 4501 τὴνάμέριστον
846 4426 1320 4496 συνενηνεγμένος,
1344 4428 1596 4499 καθάπερ
1621 4429 1811 4500 ἀμέλει

1919 4423 2138 4478 duabus
2167 4431 2221 4476 et
2246 4420 2627 4476 differentibus
2656 4419 2824 4475 rebus
2856 4419 2912 4473 in
2947 4419 3206 4472 unitatem
3239 4418 3491 4473 indivisi-

239 4515 337 4566 καὶ
369 4513 651 4585 ἄνθρωπος
703 4517 768 4569 ὲκ
809 4517 988 4587 ψυχῆς
1034 4519 1129 4571 καὶ
1169 4519 1438 4589 σώματος,
1487 4523 1548 4575 οὑ
1594 4521 1814 4586 διπλοῦς

241 4605 465 4674 μᾶλλον,
505 4606 618 4659 ἀλλ’
643 4601 721 4670 εἷς
748 4606 807 4672 ὲξ
840 4610 1064 4678 ἀμφοῖν.
1108 4610 1268 4663 Ἀλλά
1289 4613 1384 4664 καὶ
1410 4611 1508 4676 τὰς
1533 4612 1813 4684 ἀνθρωπί-

236 4715 338 4762 νας
370 4699 465 4752 καὶ
490 4699 588 4762 τὰς
613 4697 802 4763 θεῖκάς
830 4701 960 4771 παρ’
991 4701 1109 4764 ἑνὸς
1140 4702 1392 4773 εἰρῆσθαί
1438 4720 1646 4773 φαμεν,
1681 4721 1813 4774 φρο-

235 4790 458 4854 νοῦντες
490 4791 665 4862 ὀρθῶς
687 4809 700 4822 ·
732 4793 859 4845 ὅταν
893 4797 992 4862 μὲν
1013 4794 1122 4864 γὰρ
1156 4794 1474 4864 θεοπρεπῶς
1506 4795 1639 4866 λέγῃ
1686 4795 1815 4864 περὶ

238 4882 437 4936 ἑαυτοῦ
457 4899 472 4912 ο
505 4903 523 4935 ι
571 4883 712 4952 Ἐγὼ
744 4885 838 4938 καὶ
865 4887 892 4937 ὁ
921 4885 1110 4956 Πατὴρ
1133 4885 1191 4938 ἓν
1222 4887 1408 4954 ἐσμεν,
1447 4905 1465 4937 ι
1507 4886 1604 4954 τὴν
1629 4884 1816 4956 θεῖκὴν

237 4976 406 5029 αὑτοῦ
435 4978 529 5030 καὶ
553 4978 865 5048 ἀπόρρητον
894 4977 1181 5046 ἐννοοῦμεν
1221 4976 1402 5045 φύσιν,
1445 4976 1568 5029 καθ’
1607 4977 1675 5048 ἦν
1721 4976 1816 5030 καὶ

237 5069 299 5120 ἓν
325 5071 441 5121 ἐστι
475 5068 610 5138 πρὸς
644 5069 735 5120 τὸν
759 5067 954 5121 ἑαυτοῦ
987 5068 1206 5139 Πατέρα
1249 5067 1336 5120 διὰ
1373 5068 1473 5138 τὴν
1511 5067 1814 5138 ταυτότητα

237 5158 340 5224 τῆς
373 5157 580 5221 οὐσίας,
631 5157 794 5210 είκὼν
828 5175 888 5210 τε
917 5160 1012 5212 καὶ
1046 5158 1333 5230 χαρακτὴρ
1362 5158 1454 5211 καὶ
1479 5158 1817 5230 ἀπαύγασμα

236 5249 340 5318 τῆς
368 5250 523 5318 δόξης
557 5248 721 5302 αὐτοῦ
743 5263 757 5278 ⁸
788 5251 916 5303 ὅταν
960 5249 1016 5303 δὲ
1048 5251 1109 5304 τὸ
1140 5251 1238 5320 τῆς
1281 5250 1696 5322 ἀνθρωπότητος
1729 5251 1816 5320 μέ-

237 5356 370 5408 τρον
401 5339 500 5391 οὐκ
527 5338 830 5409 ἀτιμάζων,
858 5340 968 5402 τοῖς
1011 5339 1286 5402 Ἰουδαίοις
1316 5338 1593 5409 προσλαλῇ
1614 5353 1627 5365 °
1653 5357 1671 5388 ι
1701 5338 1814 5390 Νῦν

237 5431 297 5483 δὲ
323 5429 536 5499 ζητεῖτέ
569 5447 636 5501 με
668 5431 986 5484 ἀποκτεῖναι
1017 5431 1322 5500 ἄνθρωπον,
1348 5429 1405 5494 ὃς
1428 5429 1526 5500 τὴν
1558 5427 1816 5500 ἀλήθειαν

238 5524 370 5590 ὑμῖν
391 5522 662 5591 λελάληκα
685 5541 700 5555 ο
748 5543 766 5574 ι
799 5523 960 5577 πάλιν
987 5524 1140 5578 οὐδὲν
1175 5518 1337 5594 ἦττον
1381 5523 1438 5574 ἐν
1476 5522 1681 5592 ἰσότητι
1721 5517 1813 5574 τοῦ

238 5614 472 5681 Ματρὸς,
501 5615 592 5667 καὶ
610 5616 673 5667 ὲκ
703 5615 811 5668 τῶν
846 5617 943 5688 τῆς
970 5615 1389 5689 ἀνθρωπότητος
1409 5613 1572 5668 αὑτοῦ
1596 5613 1810 5685 μέτρων

316 5726 357 5757 δ’
392 5724 550 5781 Jaan.
579 5740 700 5795 \‘tll,
732 5724 818 5780 57.

1919 4515 2084 4569 bilem
2119 4513 2342 4569 collatis
2366 4513 2728 4583 intelligatur,
2751 4509 3213 4580 quemadmodum
3235 4510 3491 4564 videlicet

1918 4607 2082 4662 homo
2133 4614 2218 4661 est
2268 4605 2448 4659 anima
2497 4612 2554 4660 et
2586 4618 2820 4672 corpore
2868 4618 2989 4656 non-
3019 4603 3246 4672 duplex,
3277 4603 3371 4657 sed
3421 4620 3488 4657 ex

1918 4712 2152 4770 utroque
2181 4715 2344 4754 unus.
2379 4697 2485 4752 Sed
2525 4705 2591 4753 et~
2617 4696 2888 4750 humanas
2929 4703 2983 4750 et
3027 4695 3336 4750 divinas-ab
3380 4710 3489 4748 uno

1919 4793 2164 4862 prolatas
2194 4790 2450 4852 dicimus,
2502 4796 2653 4842 recto
2710 4787 2933 4856 quidem
2999 4802 3206 4841 sensu:
3264 4783 3488 4854 quando

1921 4883 2089 4950 enim,
2129 4889 2294 4952 prout
2364 4881 2532 4934 Deum
2578 4878 2760 4944 decet,
2797 4878 2883 4933 de.
2929 4877 3112 4946 seipso
3177 4877 3420 4947 loquitur
3469 4893 3485 4930 :

1927 4993 1946 5025 ι
1986 4972 2099 5042 Ego
2142 4979 2197 5028 et
2245 4972 2402 5023 Pater
2440 4984 2607 5022 unum
2649 4983 2864 5033 sumus,
2916 4988 2934 5020 ι
2981 4968 3220 5022 divinam
3269 4967 3389 5037 ejus
3435 4979 3491 5021 et

1923 5063 2251 5119 incﬂabilem
2291 5060 2598 5130 cogitamus
2639 5067 2917 5122 naturam,
2966 5059 3270 5113 secundum
3320 5073 3484 5126 quam

1922 5171 2093 5210 unum
2126 5162 2211 5209 est
2237 5168 2368 5207 cum
2392 5166 2498 5208 suo
2532 5151 2693 5204 Patre
2723 5160 2948 5220 prepter
2978 5151 3305 5205 substantiae
3335 5149 3490 5204 iden-

1921 5246 2157 5307 titatem,
2202 5243 2383 5310 imago
2421 5254 2640 5309 quoque
2690 5248 2744 5293 et
2788 5239 3074 5293 character
3120 5246 3174 5292 et
3227 5237 3491 5307 splendor

1920 5337 2114 5405 gloria
2132 5333 2250 5401 ejus
2278 5353 2290 5387 :
2326 5331 2555 5402 quando.
2575 5346 2704 5385 vero
2735 5330 3093 5385 humanitatis
3123 5329 3346 5383 modum
3377 5343 3487 5383 non

1922 5441 2193 5497 spernens
2224 5423 2442 5478 Judaeos
2467 5422 2806 5492 alloquitur:
2847 5440 2864 5472 ι
2896 5420 3052 5474 Nunc
3083 5435 3213 5474 vero
3242 5419 3490 5490 quaeritis

1921 5535 2010 5573 me
2037 5515 2347 5571 interﬁcere
2377 5515 2653 5569 hominem
2685 5513 2781 5584 qui
2820 5512 3108 5574 veritatem
3139 5511 3298 5567 vobis
3339 5511 3489 5566 locu-

1921 5620 2011 5669 tus
2044 5626 2164 5667 sum
2201 5609 2280 5674 ";
2347 5627 2364 5662 ι
2415 5623 2610 5663 rursus
2665 5605 3024 5662 nihilominus
3075 5605 3130 5660 in
3177 5605 3518 5678 aequalitate
