  <div class='ocr_page' id='page_1' title='image "/cluster/home/n/w/nwhite01/storage/ocr_20150623/74/nnc1.0046980180/019.png"; bbox 0 0 3882 6206; ppageno 0'>
   <div class='ocr_carea' id='block_1_1' title="bbox 435 281 3680 370">
    <p class='ocr_par' dir='ltr' id='par_1_1' title="bbox 435 281 3680 370">
     <span class='ocr_line' id='line_1_1' title="bbox 435 281 3680 370; baseline 0.011 -36"><span class='ocrx_word' id='word_1_1' title='bbox 435 281 510 334; x_wconf 72' lang='grc' dir='ltr'><strong>Ξδ</strong></span> <span class='ocrx_word' id='word_1_2' title='bbox 1427 289 1486 346; x_wconf 91' lang='lat' dir='ltr'><strong>S.</strong></span> <span class='ocrx_word' id='word_1_3' title='bbox 1515 290 1794 348; x_wconf 74' lang='lat' dir='ltr'><strong>CYBILLI</strong></span> <span class='ocrx_word' id='word_1_4' title='bbox 1829 291 2300 352; x_wconf 73' lang='lat' dir='ltr'><strong>ALEXANDRINI</strong></span> <span class='ocrx_word' id='word_1_5' title='bbox 2335 299 2660 358; x_wconf 76' lang='lat' dir='ltr'><strong>ARCHIEP.</strong></span> <span class='ocrx_word' id='word_1_6' title='bbox 3603 317 3680 370; x_wconf 64' lang='grc'><strong>24</strong></span> 
     </span>
    </p>
   </div>
   <div class='ocr_carea' id='block_1_2' title="bbox 437 391 1982 496">
    <p class='ocr_par' dir='ltr' id='par_1_2' title="bbox 437 391 1982 474">
     <span class='ocr_line' id='line_1_2' title="bbox 437 391 1982 474; baseline 0.007 -27"><span class='ocrx_word' id='word_1_7' title='bbox 437 391 619 447; x_wconf 81' lang='lat' dir='ltr'><strong>Patris</strong></span> <span class='ocrx_word' id='word_1_8' title='bbox 646 392 814 448; x_wconf 87' lang='lat' dir='ltr'><strong>etiam</strong></span> <span class='ocrx_word' id='word_1_9' title='bbox 843 408 910 450; x_wconf 78' lang='lat' dir='ltr'><strong>ex</strong></span> <span class='ocrx_word' id='word_1_10' title='bbox 943 393 1308 454; x_wconf 87' lang='lat' dir='ltr'><strong>humanitatis</strong></span> <span class='ocrx_word' id='word_1_11' title='bbox 1353 398 1476 470; x_wconf 85' lang='lat' dir='ltr'><strong>ejus</strong></span> <span class='ocrx_word' id='word_1_12' title='bbox 1503 403 1682 459; x_wconf 89' lang='lat' dir='ltr'><strong>modis</strong></span> <span class='ocrx_word' id='word_1_13' title='bbox 1715 404 1982 474; x_wconf 77' lang='lat' dir='ltr'><strong>cognosci</strong></span> 
     </span>
    </p>
   </div>
   <div class='ocr_carea' id='block_1_3' title="bbox 2093 391 3675 496">
    <p class='ocr_par' dir='ltr' id='par_1_3' title="bbox 2107 408 3675 496">
     <span class='ocr_line' id='line_1_3' title="bbox 2107 408 3675 496; baseline 0.014 -38"><span class='ocrx_word' id='word_1_14' title='bbox 2107 408 2561 482; x_wconf 82' lang='grc' dir='ltr'>ὲπιγινώσκομεν.</span> <span class='ocrx_word' id='word_1_15' title='bbox 2608 415 2671 468; x_wconf 77' lang='grc' dir='ltr'><strong>ΕΞ</strong></span> <span class='ocrx_word' id='word_1_16' title='bbox 2701 415 2810 488; x_wconf 88' lang='grc' dir='ltr'><strong>γὰρ</strong></span> <span class='ocrx_word' id='word_1_17' title='bbox 2837 433 3167 490; x_wconf 77' lang='grc' dir='ltr'>πιστευομεν</span> <span class='ocrx_word' id='word_1_18' title='bbox 3202 420 3285 475; x_wconf 82' lang='grc' dir='ltr'>δτι</span> <span class='ocrx_word' id='word_1_19' title='bbox 3309 421 3442 488; x_wconf 81' lang='grc' dir='ltr'>Θεὸς</span> <span class='ocrx_word' id='word_1_20' title='bbox 3471 422 3549 478; x_wconf 82' lang='grc' dir='ltr'>ὣν</span> <span class='ocrx_word' id='word_1_21' title='bbox 3570 426 3675 496; x_wconf 79' lang='grc' dir='ltr'><strong>φύ-</strong></span> 
     </span>
    </p>
   </div>
   <div class='ocr_carea' id='block_1_4' title="bbox 436 482 2002 558">
    <p class='ocr_par' dir='ltr' id='par_1_4' title="bbox 436 482 2002 558">
     <span class='ocr_line' id='line_1_4' title="bbox 436 482 2002 558; baseline 0.01 -22"><span class='ocrx_word' id='word_1_22' title='bbox 436 498 580 537; x_wconf 88' lang='lat' dir='ltr'><strong>mus.</strong></span> <span class='ocrx_word' id='word_1_23' title='bbox 616 482 672 536; x_wconf 92' lang='lat' dir='ltr'><strong>Si</strong></span> <span class='ocrx_word' id='word_1_24' title='bbox 693 484 839 539; x_wconf 91' lang='lat' dir='ltr'><strong>enim</strong></span> <span class='ocrx_word' id='word_1_25' title='bbox 866 486 1146 544; x_wconf 88' lang='lat' dir='ltr'><strong>credimus</strong></span> <span class='ocrx_word' id='word_1_26' title='bbox 1176 489 1305 558; x_wconf 86' lang='lat' dir='ltr'><strong>quia</strong></span> <span class='ocrx_word' id='word_1_27' title='bbox 1331 491 1473 548; x_wconf 88' lang='lat' dir='ltr'><strong>Deus</strong></span> <span class='ocrx_word' id='word_1_28' title='bbox 1497 501 1693 548; x_wconf 88' lang='lat' dir='ltr'><strong>natura</strong></span> <span class='ocrx_word' id='word_1_29' title='bbox 1726 495 2002 552; x_wconf 76' lang='lat' dir='ltr'><strong>exsistens</strong></span> 
     </span>
    </p>
   </div>
   <div class='ocr_carea' id='block_1_5' title="bbox 435 572 2000 654">
    <p class='ocr_par' dir='ltr' id='par_1_5' title="bbox 435 572 2000 654">
     <span class='ocr_line' id='line_1_5' title="bbox 435 572 2000 654; baseline 0.01 -29"><span class='ocrx_word' id='word_1_30' title='bbox 435 572 599 628; x_wconf 92' lang='lat' dir='ltr'><strong>homo</strong></span> <span class='ocrx_word' id='word_1_31' title='bbox 645 574 826 631; x_wconf 83' lang='lat' dir='ltr'><strong>factus</strong></span> <span class='ocrx_word' id='word_1_32' title='bbox 871 584 980 644; x_wconf 87' lang='lat' dir='ltr'><strong>est,</strong></span> <span class='ocrx_word' id='word_1_33' title='bbox 1031 580 1114 633; x_wconf 81' lang='lat' dir='ltr'><strong>vel</strong></span> <span class='ocrx_word' id='word_1_34' title='bbox 1143 580 1293 651; x_wconf 89' lang='lat' dir='ltr'><strong>quod</strong></span> <span class='ocrx_word' id='word_1_35' title='bbox 1329 590 1587 654; x_wconf 82' lang='lat' dir='ltr'><strong>tanquam</strong></span> <span class='ocrx_word' id='word_1_36' title='bbox 1624 586 1792 641; x_wconf 92' lang='lat' dir='ltr'><strong>homo</strong></span> <span class='ocrx_word' id='word_1_37' title='bbox 1818 587 2000 641; x_wconf 89' lang='lat' dir='ltr'><strong>anima</strong></span> 
     </span>
    </p>
   </div>
   <div class='ocr_carea' id='block_1_6' title="bbox 433 665 2000 746">
    <p class='ocr_par' dir='ltr' id='par_1_6' title="bbox 433 665 2000 746">
     <span class='ocr_line' id='line_1_6' title="bbox 433 665 2000 746; baseline 0.008 -29"><span class='ocrx_word' id='word_1_38' title='bbox 433 665 690 719; x_wconf 87' lang='lat' dir='ltr'><strong>rationali</strong></span> <span class='ocrx_word' id='word_1_39' title='bbox 720 667 1019 734; x_wconf 83' lang='lat' dir='ltr'><strong>animatus,</strong></span> <span class='ocrx_word' id='word_1_40' title='bbox 1046 685 1169 738; x_wconf 65' lang='lat' dir='ltr'><strong>quae</strong></span> <span class='ocrx_word' id='word_1_41' title='bbox 1200 671 1342 728; x_wconf 86' lang='lat' dir='ltr'><strong>ratio</strong></span> <span class='ocrx_word' id='word_1_42' title='bbox 1370 681 1476 738; x_wconf 93' lang='lat' dir='ltr'><strong>est,</strong></span> <span class='ocrx_word' id='word_1_43' title='bbox 1506 690 1669 730; x_wconf 88' lang='lat' dir='ltr'><strong>voces</strong></span> <span class='ocrx_word' id='word_1_44' title='bbox 1709 676 1828 746; x_wconf 88' lang='lat' dir='ltr'><strong>ejus</strong></span> <span class='ocrx_word' id='word_1_45' title='bbox 1873 693 2000 731; x_wconf 88' lang='lat' dir='ltr'><strong>eru-</strong></span> 
     </span>
    </p>
   </div>
   <div class='ocr_carea' id='block_1_7' title="bbox 433 753 1998 828">
    <p class='ocr_par' dir='ltr' id='par_1_7' title="bbox 433 753 1998 828">
     <span class='ocr_line' id='line_1_7' title="bbox 433 753 1998 828; baseline 0.008 -19"><span class='ocrx_word' id='word_1_46' title='bbox 433 753 682 824; x_wconf 89' lang='lat' dir='ltr'><strong>bescere,</strong></span> <span class='ocrx_word' id='word_1_47' title='bbox 714 759 860 828; x_wconf 89' lang='lat' dir='ltr'><strong>quod</strong></span> <span class='ocrx_word' id='word_1_48' title='bbox 903 759 1016 815; x_wconf 91' lang='lat' dir='ltr'><strong>sint</strong></span> <span class='ocrx_word' id='word_1_49' title='bbox 1049 761 1256 818; x_wconf 83' lang='lat' dir='ltr'><strong>homini</strong></span> <span class='ocrx_word' id='word_1_50' title='bbox 1287 766 1718 824; x_wconf 88' lang='lat' dir='ltr'><strong>convenientes?</strong></span> <span class='ocrx_word' id='word_1_51' title='bbox 1764 767 1820 822; x_wconf 92' lang='lat' dir='ltr'><strong>Si</strong></span> <span class='ocrx_word' id='word_1_52' title='bbox 1852 770 1998 822; x_wconf 86' lang='lat' dir='ltr'><strong>enim</strong></span> 
     </span>
    </p>
   </div>
   <div class='ocr_carea' id='block_1_8' title="bbox 430 845 1996 930">
    <p class='ocr_par' dir='ltr' id='par_1_8' title="bbox 430 845 1996 930">
     <span class='ocr_line' id='line_1_8' title="bbox 430 845 1996 930; baseline 0.009 -30"><span class='ocrx_word' id='word_1_53' title='bbox 430 845 760 904; x_wconf 83' lang='lat' dir='ltr'><strong>detrectaret</strong></span> <span class='ocrx_word' id='word_1_54' title='bbox 786 864 1071 908; x_wconf 86' lang='lat' dir='ltr'><strong>sermones</strong></span> <span class='ocrx_word' id='word_1_55' title='bbox 1093 853 1372 911; x_wconf 87' lang='lat' dir='ltr'><strong>hominem</strong></span> <span class='ocrx_word' id='word_1_56' title='bbox 1397 858 1676 920; x_wconf 84' lang='lat' dir='ltr'><strong>decentes.</strong></span> <span class='ocrx_word' id='word_1_57' title='bbox 1703 859 1826 930; x_wconf 87' lang='lat' dir='ltr'><strong>quis</strong></span> <span class='ocrx_word' id='word_1_58' title='bbox 1844 861 1996 914; x_wconf 91' lang='lat' dir='ltr'><strong>illum</strong></span> 
     </span>
    </p>
   </div>
   <div class='ocr_carea' id='block_1_9' title="bbox 429 1123 1994 1195">
    <p class='ocr_par' dir='ltr' id='par_1_9' title="bbox 429 1123 1994 1195">
     <span class='ocr_line' id='line_1_9' title="bbox 429 1123 1994 1195; baseline 0.012 -21"><span class='ocrx_word' id='word_1_59' title='bbox 429 1129 596 1176; x_wconf 80' lang='lat' dir='ltr'><strong>tatem</strong></span> <span class='ocrx_word' id='word_1_60' title='bbox 649 1123 727 1190; x_wconf 78' lang='lat'><strong>”,</strong></span> <span class='ocrx_word' id='word_1_61' title='bbox 765 1141 929 1195; x_wconf 88' lang='lat' dir='ltr'><strong>quam</strong></span> <span class='ocrx_word' id='word_1_62' title='bbox 978 1128 1052 1182; x_wconf 89' lang='lat' dir='ltr'><strong>ob</strong></span> <span class='ocrx_word' id='word_1_63' title='bbox 1080 1144 1306 1186; x_wconf 86' lang='lat' dir='ltr'><strong>causam</strong></span> <span class='ocrx_word' id='word_1_64' title='bbox 1349 1136 1518 1188; x_wconf 85' lang='lat' dir='ltr'><strong>verba</strong></span> <span class='ocrx_word' id='word_1_65' title='bbox 1568 1136 1696 1190; x_wconf 86' lang='lat' dir='ltr'><strong>huic</strong></span> <span class='ocrx_word' id='word_1_66' title='bbox 1745 1137 1994 1193; x_wconf 86' lang='lat' dir='ltr'><strong>inanitati</strong></span> 
     </span>
    </p>
   </div>
   <div class='ocr_carea' id='block_1_10' title="bbox 429 1214 1994 1298">
    <p class='ocr_par' dir='ltr' id='par_1_10' title="bbox 429 1214 1994 1298">
     <span class='ocr_line' id='line_1_10' title="bbox 429 1214 1994 1298; baseline 0.013 -32"><span class='ocrx_word' id='word_1_67' title='bbox 429 1214 815 1270; x_wconf 83' lang='lat' dir='ltr'><strong>convenientia</strong></span> <span class='ocrx_word' id='word_1_68' title='bbox 850 1218 1218 1277; x_wconf 85' lang='lat' dir='ltr'><strong>detrectaret?</strong></span> <span class='ocrx_word' id='word_1_69' title='bbox 1241 1224 1344 1280; x_wconf 91' lang='lat' dir='ltr'><strong>Uni</strong></span> <span class='ocrx_word' id='word_1_70' title='bbox 1381 1226 1549 1296; x_wconf 84' lang='lat' dir='ltr'><strong>igitur</strong></span> <span class='ocrx_word' id='word_1_71' title='bbox 1584 1244 1836 1298; x_wconf 68' lang='lat' dir='ltr'><strong>personae</strong></span> <span class='ocrx_word' id='word_1_72' title='bbox 1872 1247 1994 1285; x_wconf 89' lang='lat' dir='ltr'><strong>om-</strong></span> 
     </span>
    </p>
   </div>
   <div class='ocr_carea' id='block_1_11' title="bbox 428 1309 1996 1388">
    <p class='ocr_par' dir='ltr' id='par_1_11' title="bbox 428 1309 1996 1388">
     <span class='ocr_line' id='line_1_11' title="bbox 428 1309 1996 1388; baseline 0.013 -31"><span class='ocrx_word' id='word_1_73' title='bbox 428 1318 527 1358; x_wconf 87' lang='lat' dir='ltr'><strong>nes</strong></span> <span class='ocrx_word' id='word_1_74' title='bbox 558 1320 725 1362; x_wconf 82' lang='lat' dir='ltr'><strong>voces</strong></span> <span class='ocrx_word' id='word_1_75' title='bbox 772 1309 827 1362; x_wconf 89' lang='lat' dir='ltr'><strong>in</strong></span> <span class='ocrx_word' id='word_1_76' title='bbox 874 1309 1210 1382; x_wconf 80' lang='lat' dir='ltr'><strong>Evangeliis,</strong></span> <span class='ocrx_word' id='word_1_77' title='bbox 1257 1316 1353 1370; x_wconf 92' lang='lat' dir='ltr'><strong>uni</strong></span> <span class='ocrx_word' id='word_1_78' title='bbox 1401 1317 1683 1388; x_wconf 86' lang='lat' dir='ltr'><strong>hypostasi</strong></span> <span class='ocrx_word' id='word_1_79' title='bbox 1723 1319 1886 1377; x_wconf 81' lang='lat' dir='ltr'><strong>Verbi</strong></span> <span class='ocrx_word' id='word_1_80' title='bbox 1913 1323 1996 1377; x_wconf 92' lang='lat' dir='ltr'><strong>in-</strong></span> 
     </span>
    </p>
   </div>
   <div class='ocr_carea' id='block_1_12' title="bbox 427 1398 1997 1471">
    <p class='ocr_par' dir='ltr' id='par_1_12' title="bbox 427 1398 1997 1471">
     <span class='ocr_line' id='line_1_12' title="bbox 427 1398 1997 1471; baseline 0.016 -24"><span class='ocrx_word' id='word_1_81' title='bbox 427 1398 644 1452; x_wconf 87' lang='lat' dir='ltr'><strong>carnati</strong></span> <span class='ocrx_word' id='word_1_82' title='bbox 673 1400 1037 1459; x_wconf 58' lang='lat' dir='ltr'><strong>attribuenda</strong></span> <span class='ocrx_word' id='word_1_83' title='bbox 1068 1414 1218 1460; x_wconf 91' lang='lat' dir='ltr'><strong>sunt.</strong></span> <span class='ocrx_word' id='word_1_84' title='bbox 1250 1406 1514 1464; x_wconf 86' lang='lat' dir='ltr'><strong>Dominus</strong></span> <span class='ocrx_word' id='word_1_85' title='bbox 1547 1413 1692 1466; x_wconf 91' lang='lat' dir='ltr'><strong>enim</strong></span> <span class='ocrx_word' id='word_1_86' title='bbox 1728 1429 1873 1470; x_wconf 91' lang='lat' dir='ltr'><strong>unus</strong></span> <span class='ocrx_word' id='word_1_87' title='bbox 1906 1413 1997 1471; x_wconf 79' lang='lat' dir='ltr'><strong>Je-</strong></span> 
     </span>
    </p>
   </div>
   <div class='ocr_carea' id='block_1_13' title="bbox 427 1487 1994 1562">
    <p class='ocr_par' dir='ltr' id='par_1_13' title="bbox 427 1487 1994 1562">
     <span class='ocr_line' id='line_1_13' title="bbox 427 1487 1994 1562; baseline 0.013 -21"><span class='ocrx_word' id='word_1_88' title='bbox 427 1501 526 1542; x_wconf 85' lang='lat' dir='ltr'><strong>sus</strong></span> <span class='ocrx_word' id='word_1_89' title='bbox 550 1487 821 1558; x_wconf 80' lang='lat' dir='ltr'><strong>Christus,</strong></span> <span class='ocrx_word' id='word_1_90' title='bbox 841 1496 1144 1551; x_wconf 90' lang='lat' dir='ltr'><strong>secundum</strong></span> <span class='ocrx_word' id='word_1_91' title='bbox 1161 1513 1350 1555; x_wconf 88' lang='lat' dir='ltr'><strong>voces.</strong></span> <span class='ocrx_word' id='word_1_92' title='bbox 1381 1499 1645 1558; x_wconf 84' lang='lat' dir='ltr'><strong>Praeterea</strong></span> <span class='ocrx_word' id='word_1_93' title='bbox 1665 1504 1712 1560; x_wconf 91' lang='lat' dir='ltr'><strong>si</strong></span> <span class='ocrx_word' id='word_1_94' title='bbox 1738 1507 1994 1562; x_wconf 91' lang='lat' dir='ltr'><strong>omnibus</strong></span> 
     </span>
    </p>
   </div>
   <div class='ocr_carea' id='block_1_14' title="bbox 427 1578 1993 1652">
    <p class='ocr_par' dir='ltr' id='par_1_14' title="bbox 427 1578 1993 1652">
     <span class='ocr_line' id='line_1_14' title="bbox 427 1578 1993 1652; baseline 0.014 -22"><span class='ocrx_word' id='word_1_95' title='bbox 427 1578 604 1648; x_wconf 88' lang='lat' dir='ltr'><strong>major</strong></span> <span class='ocrx_word' id='word_1_96' title='bbox 623 1591 706 1636; x_wconf 89' lang='lat' dir='ltr'><strong>est</strong></span> <span class='ocrx_word' id='word_1_97' title='bbox 737 1581 920 1652; x_wconf 85' lang='lat' dir='ltr'><strong>Pater,</strong></span> <span class='ocrx_word' id='word_1_98' title='bbox 949 1587 1190 1644; x_wconf 85' lang='lat' dir='ltr'><strong>divinam</strong></span> <span class='ocrx_word' id='word_1_99' title='bbox 1223 1590 1480 1648; x_wconf 82' lang='lat' dir='ltr'><strong>videlicet</strong></span> <span class='ocrx_word' id='word_1_100' title='bbox 1505 1596 1860 1650; x_wconf 84' lang='lat' dir='ltr'><strong>eminentiam</strong></span> <span class='ocrx_word' id='word_1_101' title='bbox 1896 1599 1993 1652; x_wconf 79' lang='lat' dir='ltr'><strong>lia-</strong></span> 
     </span>
    </p>
   </div>
   <div class='ocr_carea' id='block_1_15' title="bbox 425 1669 1992 1761">
    <p class='ocr_par' dir='ltr' id='par_1_15' title="bbox 425 1669 1992 1761">
     <span class='ocr_line' id='line_1_15' title="bbox 425 1669 1992 1761; baseline 0.015 -38"><span class='ocrx_word' id='word_1_102' title='bbox 425 1669 561 1728; x_wconf 88' lang='lat' dir='ltr'><strong>bens</strong></span> <span class='ocrx_word' id='word_1_103' title='bbox 599 1680 659 1728; x_wconf 80' lang='lat' dir='ltr'><strong>ut</strong></span> <span class='ocrx_word' id='word_1_104' title='bbox 694 1689 821 1747; x_wconf 81' lang='lat' dir='ltr'><strong>erga</strong></span> <span class='ocrx_word' id='word_1_105' title='bbox 867 1678 1129 1749; x_wconf 81' lang='lat' dir='ltr'><strong>facturas,</strong></span> <span class='ocrx_word' id='word_1_106' title='bbox 1189 1690 1246 1739; x_wconf 85' lang='lat' dir='ltr'><strong>et</strong></span> <span class='ocrx_word' id='word_1_107' title='bbox 1297 1695 1450 1740; x_wconf 82' lang='lat' dir='ltr'><strong>extra</strong></span> <span class='ocrx_word' id='word_1_108' title='bbox 1500 1689 1686 1744; x_wconf 88' lang='lat' dir='ltr'><strong>omnia</strong></span> <span class='ocrx_word' id='word_1_109' title='bbox 1729 1697 1783 1744; x_wconf 88' lang='lat' dir='ltr'><strong>et</strong></span> <span class='ocrx_word' id='word_1_110' title='bbox 1826 1705 1992 1761; x_wconf 88' lang='lat' dir='ltr'><strong>supra</strong></span> 
     </span>
    </p>
   </div>
   <div class='ocr_carea' id='block_1_16' title="bbox 2112 498 3681 587">
    <p class='ocr_par' dir='ltr' id='par_1_16' title="bbox 2112 498 3681 587">
     <span class='ocr_line' id='line_1_16' title="bbox 2112 498 3681 587; baseline 0.014 -39"><span class='ocrx_word' id='word_1_111' title='bbox 2112 512 2193 549; x_wconf 87' lang='grc' dir='ltr'><strong>σει</strong></span> <span class='ocrx_word' id='word_1_112' title='bbox 2231 498 2452 568; x_wconf 80' lang='grc' dir='ltr'>γέγονεν</span> <span class='ocrx_word' id='word_1_113' title='bbox 2477 503 2780 572; x_wconf 77' lang='grc' dir='ltr'>ἄνθρωπος,</span> <span class='ocrx_word' id='word_1_114' title='bbox 2814 505 2845 577; x_wconf 80' lang='grc' dir='ltr'>ἢ</span> <span class='ocrx_word' id='word_1_115' title='bbox 2867 507 2943 571; x_wconf 87' lang='grc' dir='ltr'><strong>ὡς</strong></span> <span class='ocrx_word' id='word_1_116' title='bbox 2969 508 3256 580; x_wconf 75' lang='grc' dir='ltr'>ἄνθρωπος</span> <span class='ocrx_word' id='word_1_117' title='bbox 3285 513 3681 587; x_wconf 77' lang='grc' dir='ltr'>ὲμψυχωμένος</span> 
     </span>
    </p>
   </div>
   <div class='ocr_carea' id='block_1_17' title="bbox 2107 589 3677 677">
    <p class='ocr_par' dir='ltr' id='par_1_17' title="bbox 2107 589 3677 677">
     <span class='ocr_line' id='line_1_17' title="bbox 2107 589 3677 677; baseline 0.014 -36"><span class='ocrx_word' id='word_1_118' title='bbox 2107 589 2250 662; x_wconf 78' lang='grc' dir='ltr'>ψυχῇ</span> <span class='ocrx_word' id='word_1_119' title='bbox 2287 590 2500 665; x_wconf 81' lang='grc' dir='ltr'>λογικῇ,</span> <span class='ocrx_word' id='word_1_120' title='bbox 2535 599 2686 649; x_wconf 79' lang='grc' dir='ltr'>ποῖον</span> <span class='ocrx_word' id='word_1_121' title='bbox 2710 597 2777 652; x_wconf 79' lang='grc' dir='ltr'>ἂν</span> <span class='ocrx_word' id='word_1_122' title='bbox 2821 597 2934 670; x_wconf 82' lang='grc' dir='ltr'><strong>ἔχοι</strong></span> <span class='ocrx_word' id='word_1_123' title='bbox 2967 601 3123 671; x_wconf 88' lang='grc' dir='ltr'>λόγον</span> <span class='ocrx_word' id='word_1_124' title='bbox 3153 604 3213 657; x_wconf 78' lang='grc' dir='ltr'>τὸ</span> <span class='ocrx_word' id='word_1_125' title='bbox 3251 607 3677 677; x_wconf 77' lang='grc' dir='ltr'><strong>ἐπαισχύνεσθαι</strong></span> 
     </span>
    </p>
   </div>
   <div class='ocr_carea' id='block_1_18' title="bbox 2105 685 3679 770">
    <p class='ocr_par' dir='ltr' id='par_1_18' title="bbox 2105 685 3679 770">
     <span class='ocr_line' id='line_1_18' title="bbox 2105 685 3679 770; baseline 0.013 -36"><span class='ocrx_word' id='word_1_126' title='bbox 2105 685 2226 746; x_wconf 86' lang='grc' dir='ltr'>ταῖς</span> <span class='ocrx_word' id='word_1_127' title='bbox 2251 685 2380 756; x_wconf 88' lang='grc' dir='ltr'>παρ’</span> <span class='ocrx_word' id='word_1_128' title='bbox 2413 687 2578 741; x_wconf 79' lang='grc' dir='ltr'>αὑτοῦ</span> <span class='ocrx_word' id='word_1_129' title='bbox 2602 692 2828 757; x_wconf 81' lang='grc' dir='ltr'><strong>φωναῖς,</strong></span> <span class='ocrx_word' id='word_1_130' title='bbox 2868 693 2918 746; x_wconf 88' lang='grc' dir='ltr'><strong>εί</strong></span> <span class='ocrx_word' id='word_1_131' title='bbox 2957 693 3242 763; x_wconf 87' lang='grc' dir='ltr'>γεγόνασιν</span> <span class='ocrx_word' id='word_1_132' title='bbox 3285 697 3679 770; x_wconf 84' lang='grc' dir='ltr'>άνθρωποπρε-</span> 
     </span>
    </p>
   </div>
   <div class='ocr_carea' id='block_1_19' title="bbox 2106 776 3678 862">
    <p class='ocr_par' dir='ltr' id='par_1_19' title="bbox 2106 776 3678 862">
     <span class='ocr_line' id='line_1_19' title="bbox 2106 776 3678 862; baseline 0.013 -35"><span class='ocrx_word' id='word_1_133' title='bbox 2106 776 2257 843; x_wconf 86' lang='grc' dir='ltr'><strong>πῶς;</strong></span> <span class='ocrx_word' id='word_1_134' title='bbox 2288 779 2350 832; x_wconf 81' lang='lat' dir='ltr'><strong>Ei</strong></span> <span class='ocrx_word' id='word_1_135' title='bbox 2380 778 2490 850; x_wconf 86' lang='grc' dir='ltr'>γὰρ</span> <span class='ocrx_word' id='word_1_136' title='bbox 2533 785 2849 852; x_wconf 82' lang='grc' dir='ltr'>παραιτοίτο</span> <span class='ocrx_word' id='word_1_137' title='bbox 2884 787 3012 850; x_wconf 81' lang='grc' dir='ltr'>τοὺς</span> <span class='ocrx_word' id='word_1_138' title='bbox 3049 787 3323 860; x_wconf 82' lang='grc' dir='ltr'><strong>ἀνθρώπῳ</strong></span> <span class='ocrx_word' id='word_1_139' title='bbox 3363 791 3678 862; x_wconf 81' lang='grc' dir='ltr'>πρέποντας</span> 
     </span>
    </p>
   </div>
   <div class='ocr_carea' id='block_1_20' title="bbox 2104 865 3678 954">
    <p class='ocr_par' dir='ltr' id='par_1_20' title="bbox 2104 865 3678 954">
     <span class='ocr_line' id='line_1_20' title="bbox 2104 865 3678 954; baseline 0.013 -36"><span class='ocrx_word' id='word_1_140' title='bbox 2104 865 2314 935; x_wconf 86' lang='grc' dir='ltr'>λόγους,</span> <span class='ocrx_word' id='word_1_141' title='bbox 2347 869 2432 933; x_wconf 89' lang='grc' dir='ltr'><strong>τίς</strong></span> <span class='ocrx_word' id='word_1_142' title='bbox 2457 872 2486 923; x_wconf 99' lang='lat'><strong>6</strong></span> <span class='ocrx_word' id='word_1_143' title='bbox 2513 872 2829 941; x_wconf 77' lang='grc' dir='ltr'><strong>ἀναγκάσας</strong></span> <span class='ocrx_word' id='word_1_144' title='bbox 2852 877 3106 945; x_wconf 83' lang='grc' dir='ltr'>γενέσθαι</span> <span class='ocrx_word' id='word_1_145' title='bbox 3145 880 3267 932; x_wconf 87' lang='grc' dir='ltr'>καθ’</span> <span class='ocrx_word' id='word_1_146' title='bbox 3293 883 3440 952; x_wconf 78' lang='grc' dir='ltr'>ἡμᾶς</span> <span class='ocrx_word' id='word_1_147' title='bbox 3472 884 3678 954; x_wconf 83' lang='grc' dir='ltr'>ἄνθρω-</span> 
     </span>
    </p>
   </div>
   <div class='ocr_carea' id='block_1_21' title="bbox 2105 961 3675 1040">
    <p class='ocr_par' dir='ltr' id='par_1_21' title="bbox 2105 961 3675 1040">
     <span class='ocr_line' id='line_1_21' title="bbox 2105 961 3675 1040; baseline 0.011 -29"><span class='ocrx_word' id='word_1_148' title='bbox 2105 977 2240 1024; x_wconf 89' lang='grc' dir='ltr'>πον;</span> <span class='ocrx_word' id='word_1_149' title='bbox 2285 961 2344 1013; x_wconf 90' lang='grc' dir='ltr'>Ὁ</span> <span class='ocrx_word' id='word_1_150' title='bbox 2374 963 2432 1015; x_wconf 79' lang='grc' dir='ltr'><strong>δὲ</strong></span> <span class='ocrx_word' id='word_1_151' title='bbox 2467 963 2656 1028; x_wconf 75' lang='grc' dir='ltr'>καθεὶς</span> <span class='ocrx_word' id='word_1_152' title='bbox 2689 967 2882 1022; x_wconf 78' lang='grc' dir='ltr'>ἑαυτὸν</span> <span class='ocrx_word' id='word_1_153' title='bbox 2925 969 2995 1022; x_wconf 85' lang='grc' dir='ltr'>δι’</span> <span class='ocrx_word' id='word_1_154' title='bbox 3016 971 3164 1040; x_wconf 81' lang='grc' dir='ltr'><strong>ἡμᾶς</strong></span> <span class='ocrx_word' id='word_1_155' title='bbox 3196 972 3274 1036; x_wconf 83' lang='grc' dir='ltr'><strong>είς</strong></span> <span class='ocrx_word' id='word_1_156' title='bbox 3303 971 3546 1027; x_wconf 81' lang='grc' dir='ltr'>ἑκούσιον</span> <span class='ocrx_word' id='word_1_157' title='bbox 3574 975 3675 1028; x_wconf 80' lang='grc' dir='ltr'><strong>κέ-</strong></span> 
     </span>
    </p>
   </div>
   <div class='ocr_carea' id='block_1_22' title="bbox 1951 1049 3675 1136">
    <p class='ocr_par' dir='ltr' id='par_1_22' title="bbox 1951 1049 3675 1136">
     <span class='ocr_line' id='line_1_22' title="bbox 1951 1049 3675 1136; baseline 0.01 -35"><span class='ocrx_word' id='word_1_158' title='bbox 1951 1049 1996 1102; x_wconf 92' lang='lat' dir='ltr'><strong>i-</strong></span> <span class='ocrx_word' id='word_1_159' title='bbox 2104 1068 2288 1116; x_wconf 87' lang='grc' dir='ltr'>νωσιν,</span> <span class='ocrx_word' id='word_1_160' title='bbox 2310 1053 2398 1106; x_wconf 76' lang='grc' dir='ltr'>διὰ</span> <span class='ocrx_word' id='word_1_161' title='bbox 2419 1054 2577 1108; x_wconf 88' lang='grc' dir='ltr'>ποίαν</span> <span class='ocrx_word' id='word_1_162' title='bbox 2601 1057 2778 1113; x_wconf 75' lang='grc' dir='ltr'>αἰτίαν</span> <span class='ocrx_word' id='word_1_163' title='bbox 2803 1065 3118 1132; x_wconf 85' lang='grc' dir='ltr'>παραιτοῖτο</span> <span class='ocrx_word' id='word_1_164' title='bbox 3151 1063 3217 1117; x_wconf 82' lang='grc' dir='ltr'>ἂν</span> <span class='ocrx_word' id='word_1_165' title='bbox 3247 1065 3374 1128; x_wconf 82' lang='grc' dir='ltr'>τοὺς</span> <span class='ocrx_word' id='word_1_166' title='bbox 3399 1068 3465 1136; x_wconf 78' lang='grc' dir='ltr'>τῇ</span> <span class='ocrx_word' id='word_1_167' title='bbox 3502 1070 3675 1118; x_wconf 79' lang='grc' dir='ltr'>κενὼ-</span> 
     </span>
    </p>
   </div>
   <div class='ocr_carea' id='block_1_23' title="bbox 2104 1144 3676 1227">
    <p class='ocr_par' dir='ltr' id='par_1_23' title="bbox 2104 1144 3676 1227">
     <span class='ocr_line' id='line_1_23' title="bbox 2104 1144 3676 1227; baseline 0.01 -32"><span class='ocrx_word' id='word_1_168' title='bbox 2104 1160 2185 1196; x_wconf 90' lang='grc' dir='ltr'><strong>σει</strong></span> <span class='ocrx_word' id='word_1_169' title='bbox 2208 1144 2520 1216; x_wconf 81' lang='grc' dir='ltr'>πρέποντας</span> <span class='ocrx_word' id='word_1_170' title='bbox 2552 1148 2774 1216; x_wconf 86' lang='grc' dir='ltr'>λόγους;</span> <span class='ocrx_word' id='word_1_171' title='bbox 2814 1150 2929 1204; x_wconf 79' lang='grc' dir='ltr'><strong>Ἑνὶ</strong></span> <span class='ocrx_word' id='word_1_172' title='bbox 2954 1154 3243 1225; x_wconf 82' lang='grc' dir='ltr'>τοιγαροῦν</span> <span class='ocrx_word' id='word_1_173' title='bbox 3265 1155 3540 1227; x_wconf 84' lang='grc' dir='ltr'><strong>προσώπῳ</strong></span> <span class='ocrx_word' id='word_1_174' title='bbox 3570 1157 3676 1220; x_wconf 85' lang='grc' dir='ltr'>τὰς</span> 
     </span>
    </p>
   </div>
   <div class='ocr_carea' id='block_1_24' title="bbox 2102 1237 3676 1315">
    <p class='ocr_par' dir='ltr' id='par_1_24' title="bbox 2102 1237 3676 1315">
     <span class='ocr_line' id='line_1_24' title="bbox 2102 1237 3676 1315; baseline 0.01 -28"><span class='ocrx_word' id='word_1_175' title='bbox 2102 1237 2160 1287; x_wconf 84' lang='grc' dir='ltr'>ὲν</span> <span class='ocrx_word' id='word_1_176' title='bbox 2191 1238 2305 1300; x_wconf 84' lang='grc' dir='ltr'>τοῖς</span> <span class='ocrx_word' id='word_1_177' title='bbox 2352 1238 2704 1307; x_wconf 87' lang='grc' dir='ltr'>Εὐαγγελίοις</span> <span class='ocrx_word' id='word_1_178' title='bbox 2737 1240 2916 1305; x_wconf 80' lang='grc' dir='ltr'>πάσας</span> <span class='ocrx_word' id='word_1_179' title='bbox 2964 1244 3250 1299; x_wconf 79' lang='grc' dir='ltr'>ἀναθετέον</span> <span class='ocrx_word' id='word_1_180' title='bbox 3302 1247 3505 1315; x_wconf 83' lang='grc' dir='ltr'>φωνὰς,</span> <span class='ocrx_word' id='word_1_181' title='bbox 3541 1249 3676 1302; x_wconf 85' lang='grc' dir='ltr'>ὑπο-</span> 
     </span>
    </p>
   </div>
   <div class='ocr_carea' id='block_1_25' title="bbox 2103 1328 3677 1410">
    <p class='ocr_par' dir='ltr' id='par_1_25' title="bbox 2103 1328 3677 1410">
     <span class='ocr_line' id='line_1_25' title="bbox 2103 1328 3677 1410; baseline 0.008 -31"><span class='ocrx_word' id='word_1_182' title='bbox 2103 1328 2290 1381; x_wconf 80' lang='grc' dir='ltr'>στάσει</span> <span class='ocrx_word' id='word_1_183' title='bbox 2329 1331 2427 1400; x_wconf 81' lang='grc' dir='ltr'><strong>μιᾷ</strong></span> <span class='ocrx_word' id='word_1_184' title='bbox 2447 1329 2542 1384; x_wconf 80' lang='grc' dir='ltr'>τοῦ</span> <span class='ocrx_word' id='word_1_185' title='bbox 2559 1332 2732 1400; x_wconf 87' lang='grc' dir='ltr'>Λόγου</span> <span class='ocrx_word' id='word_1_186' title='bbox 2761 1337 3198 1406; x_wconf 86' lang='grc' dir='ltr'>σεσαρκωμένου.</span> <span class='ocrx_word' id='word_1_187' title='bbox 3216 1337 3423 1407; x_wconf 77' lang='grc' dir='ltr'>Κύριος</span> <span class='ocrx_word' id='word_1_188' title='bbox 3453 1337 3559 1410; x_wconf 86' lang='grc' dir='ltr'>γὰρ</span> <span class='ocrx_word' id='word_1_189' title='bbox 3586 1333 3677 1403; x_wconf 79' lang='grc' dir='ltr'><strong>εἷς</strong></span> 
     </span>
    </p>
   </div>
   <div class='ocr_carea' id='block_1_26' title="bbox 2113 1419 3672 1494">
    <p class='ocr_par' dir='ltr' id='par_1_26' title="bbox 2113 1419 3672 1494">
     <span class='ocr_line' id='line_1_26' title="bbox 2113 1419 3672 1494; baseline 0.007 -23"><span class='ocrx_word' id='word_1_190' title='bbox 2113 1419 2318 1491; x_wconf 80' lang='grc' dir='ltr'>Ἰησοῦς</span> <span class='ocrx_word' id='word_1_191' title='bbox 2355 1422 2610 1491; x_wconf 79' lang='grc' dir='ltr'>Χριστὸς,</span> <span class='ocrx_word' id='word_1_192' title='bbox 2650 1423 2791 1477; x_wconf 81' lang='grc' dir='ltr'>κατὰ</span> <span class='ocrx_word' id='word_1_193' title='bbox 2814 1424 2914 1489; x_wconf 84' lang='grc' dir='ltr'>τὰς</span> <span class='ocrx_word' id='word_1_194' title='bbox 2968 1425 3171 1494; x_wconf 76' lang='grc' dir='ltr'>φωνάς.</span> <span class='ocrx_word' id='word_1_195' title='bbox 3199 1428 3318 1480; x_wconf 83' lang='grc' dir='ltr'>Ἔτι</span> <span class='ocrx_word' id='word_1_196' title='bbox 3349 1431 3398 1482; x_wconf 82' lang='grc' dir='ltr'><strong>εί</strong></span> <span class='ocrx_word' id='word_1_197' title='bbox 3450 1429 3672 1482; x_wconf 84' lang='grc' dir='ltr'>πάντων</span> 
     </span>
    </p>
   </div>
   <div class='ocr_carea' id='block_1_27' title="bbox 2103 1510 3673 1589">
    <p class='ocr_par' dir='ltr' id='par_1_27' title="bbox 2103 1510 3673 1589">
     <span class='ocr_line' id='line_1_27' title="bbox 2103 1510 3673 1589; baseline 0.006 -26"><span class='ocrx_word' id='word_1_198' title='bbox 2103 1510 2307 1580; x_wconf 77' lang='grc' dir='ltr'>μείζων</span> <span class='ocrx_word' id='word_1_199' title='bbox 2333 1512 2479 1567; x_wconf 76' lang='grc' dir='ltr'>ἐστὶν</span> <span class='ocrx_word' id='word_1_200' title='bbox 2502 1516 2532 1567; x_wconf 87' lang='lat'><strong>6</strong></span> <span class='ocrx_word' id='word_1_201' title='bbox 2555 1516 2764 1586; x_wconf 80' lang='grc' dir='ltr'>Πατὴρ,</span> <span class='ocrx_word' id='word_1_202' title='bbox 2805 1515 3080 1588; x_wconf 84' lang='grc' dir='ltr'>θεοπρεπῆ</span> <span class='ocrx_word' id='word_1_203' title='bbox 3107 1516 3346 1589; x_wconf 87' lang='grc' dir='ltr'>δηλονότι</span> <span class='ocrx_word' id='word_1_204' title='bbox 3378 1519 3476 1588; x_wconf 74' lang='grc' dir='ltr'>τὴν</span> <span class='ocrx_word' id='word_1_205' title='bbox 3501 1519 3673 1588; x_wconf 77' lang='grc' dir='ltr'>ὑπερο</span> 
     </span>
    </p>
   </div>
   <div class='ocr_carea' id='block_1_28' title="bbox 2097 1601 3680 1678">
    <p class='ocr_par' dir='ltr' id='par_1_28' title="bbox 2097 1601 3680 1678">
     <span class='ocr_line' id='line_1_28' title="bbox 2097 1601 3680 1678; baseline 0.004 -24"><span class='ocrx_word' id='word_1_206' title='bbox 2097 1601 2229 1672; x_wconf 82' lang='grc' dir='ltr'>οχὴν</span> <span class='ocrx_word' id='word_1_207' title='bbox 2259 1602 2396 1672; x_wconf 76' lang='grc' dir='ltr'>ἔχων</span> <span class='ocrx_word' id='word_1_208' title='bbox 2445 1603 2521 1667; x_wconf 85' lang='grc' dir='ltr'>ὠς</span> <span class='ocrx_word' id='word_1_209' title='bbox 2559 1604 2694 1675; x_wconf 69' lang='grc' dir='ltr'>πρὸς</span> <span class='ocrx_word' id='word_1_210' title='bbox 2742 1605 2810 1660; x_wconf 84' lang='grc' dir='ltr'><strong>τὰ</strong></span> <span class='ocrx_word' id='word_1_211' title='bbox 2857 1608 3154 1678; x_wconf 86' lang='grc' dir='ltr'>ποιήματα,</span> <span class='ocrx_word' id='word_1_212' title='bbox 3196 1609 3287 1662; x_wconf 77' lang='grc' dir='ltr'>καὶ</span> <span class='ocrx_word' id='word_1_213' title='bbox 3310 1609 3414 1672; x_wconf 78' lang='grc' dir='ltr'><strong>ἔξω</strong></span> <span class='ocrx_word' id='word_1_214' title='bbox 3450 1610 3680 1662; x_wconf 58' lang='grc' dir='ltr'>πάντων</span> 
     </span>
    </p>
   </div>
   <div class='ocr_carea' id='block_1_29' title="bbox 2100 1693 3670 1768">
    <p class='ocr_par' dir='ltr' id='par_1_29' title="bbox 2100 1693 3670 1768">
     <span class='ocr_line' id='line_1_29' title="bbox 2100 1693 3670 1768; baseline 0.004 -22"><span class='ocrx_word' id='word_1_215' title='bbox 2100 1693 2190 1746; x_wconf 85' lang='grc' dir='ltr'>καὶ</span> <span class='ocrx_word' id='word_1_216' title='bbox 2212 1695 2306 1746; x_wconf 69' lang='grc' dir='ltr'><strong>ἐπὶ</strong></span> <span class='ocrx_word' id='word_1_217' title='bbox 2329 1694 2505 1748; x_wconf 87' lang='grc' dir='ltr'>πάντα</span> <span class='ocrx_word' id='word_1_218' title='bbox 2539 1694 2689 1748; x_wconf 72' lang='grc' dir='ltr'>ἔσται</span> <span class='ocrx_word' id='word_1_219' title='bbox 2714 1711 2726 1723; x_wconf 91' lang='grc'><strong>·</strong></span> <span class='ocrx_word' id='word_1_220' title='bbox 2756 1699 2785 1749; x_wconf 92' lang='lat'><strong>6</strong></span> <span class='ocrx_word' id='word_1_221' title='bbox 2811 1696 2867 1749; x_wconf 82' lang='grc' dir='ltr'><strong>δὲ</strong></span> <span class='ocrx_word' id='word_1_222' title='bbox 2891 1697 3063 1761; x_wconf 79' lang='grc' dir='ltr'>οὕτως</span> <span class='ocrx_word' id='word_1_223' title='bbox 3087 1698 3225 1768; x_wconf 77' lang='grc' dir='ltr'>ἔχων</span> <span class='ocrx_word' id='word_1_224' title='bbox 3249 1698 3464 1768; x_wconf 81' lang='grc' dir='ltr'>φύσεώς</span> <span class='ocrx_word' id='word_1_225' title='bbox 3488 1717 3546 1753; x_wconf 90' lang='grc' dir='ltr'><strong>τε</strong></span> <span class='ocrx_word' id='word_1_226' title='bbox 3571 1702 3670 1754; x_wconf 75' lang='grc' dir='ltr'>καὶ</span> 
     </span>
    </p>
   </div>
   <div class='ocr_carea' id='block_1_30' title="bbox 424 1761 1982 1859">
    <p class='ocr_par' dir='ltr' id='par_1_30' title="bbox 424 1761 1982 1848">
     <span class='ocr_line' id='line_1_30' title="bbox 424 1761 1982 1848; baseline 0.015 -33"><span class='ocrx_word' id='word_1_227' title='bbox 424 1764 618 1819; x_wconf 87' lang='lat' dir='ltr'><strong>omnia</strong></span> <span class='ocrx_word' id='word_1_228' title='bbox 655 1768 729 1822; x_wconf 90' lang='lat' dir='ltr'><strong>sit</strong></span> <span class='ocrx_word' id='word_1_229' title='bbox 761 1784 773 1819; x_wconf 93' lang='lat'>:</span> <span class='ocrx_word' id='word_1_230' title='bbox 808 1771 902 1842; x_wconf 88' lang='lat' dir='ltr'><strong>qui</strong></span> <span class='ocrx_word' id='word_1_231' title='bbox 944 1788 1076 1827; x_wconf 86' lang='lat' dir='ltr'><strong>vero</strong></span> <span class='ocrx_word' id='word_1_232' title='bbox 1117 1775 1191 1828; x_wconf 92' lang='lat' dir='ltr'><strong>ita</strong></span> <span class='ocrx_word' id='word_1_233' title='bbox 1225 1791 1286 1831; x_wconf 92' lang='lat' dir='ltr'><strong>se</strong></span> <span class='ocrx_word' id='word_1_234' title='bbox 1316 1761 1482 1834; x_wconf 74' lang='lat' dir='ltr'><strong>habet</strong></span> <span class='ocrx_word' id='word_1_235' title='bbox 1520 1781 1701 1848; x_wconf 86' lang='lat' dir='ltr'><strong>quoad</strong></span> <span class='ocrx_word' id='word_1_236' title='bbox 1734 1789 1982 1842; x_wconf 81' lang='lat' dir='ltr'><strong>naturam</strong></span> 
     </span>
    </p>
   </div>
   <div class='ocr_carea' id='block_1_31' title="bbox 2093 1761 3670 1859">
    <p class='ocr_par' dir='ltr' id='par_1_31' title="bbox 2094 1761 3670 1859">
     <span class='ocr_line' id='line_1_31' title="bbox 2094 1761 3670 1859; baseline 0.004 -21"><span class='ocrx_word' id='word_1_237' title='bbox 2094 1784 2424 1856; x_wconf 80' lang='grc' dir='ltr'>ἀξιώματος,</span> <span class='ocrx_word' id='word_1_238' title='bbox 2480 1787 2538 1840; x_wconf 77' lang='grc' dir='ltr'>ἓν</span> <span class='ocrx_word' id='word_1_239' title='bbox 2588 1789 2735 1841; x_wconf 77' lang='grc' dir='ltr'>ἐστιν</span> <span class='ocrx_word' id='word_1_240' title='bbox 2773 1788 2850 1850; x_wconf 84' lang='grc' dir='ltr'>ὡς</span> <span class='ocrx_word' id='word_1_241' title='bbox 2879 1790 3013 1859; x_wconf 83' lang='grc' dir='ltr'>πρὸς</span> <span class='ocrx_word' id='word_1_242' title='bbox 3046 1761 3147 1844; x_wconf 37' lang='grc' dir='ltr'>τὸν.</span> <span class='ocrx_word' id='word_1_243' title='bbox 3174 1761 3333 1845; x_wconf 65' lang='grc' dir='ltr'>Υίάν·</span> <span class='ocrx_word' id='word_1_244' title='bbox 3379 1761 3497 1845; x_wconf 82' lang='grc' dir='ltr'>εἶτα</span> <span class='ocrx_word' id='word_1_245' title='bbox 3547 1793 3670 1857; x_wconf 81' lang='grc' dir='ltr'>πῶς</span> 
     </span>
    </p>
   </div>
   <div class='ocr_carea' id='block_1_32' title="bbox 423 1855 1991 1944">
    <p class='ocr_par' dir='ltr' id='par_1_32' title="bbox 423 1855 1991 1944">
     <span class='ocr_line' id='line_1_32' title="bbox 423 1855 1991 1944; baseline 0.013 -36"><span class='ocrx_word' id='word_1_246' title='bbox 423 1861 479 1908; x_wconf 85' lang='lat' dir='ltr'><strong>et</strong></span> <span class='ocrx_word' id='word_1_247' title='bbox 501 1870 570 1910; x_wconf 84' lang='lat' dir='ltr'><strong>ex</strong></span> <span class='ocrx_word' id='word_1_248' title='bbox 609 1855 898 1928; x_wconf 78' lang='lat' dir='ltr'><strong>dignitate,</strong></span> <span class='ocrx_word' id='word_1_249' title='bbox 931 1879 1100 1918; x_wconf 92' lang='lat' dir='ltr'><strong>unum</strong></span> <span class='ocrx_word' id='word_1_250' title='bbox 1124 1875 1208 1922; x_wconf 87' lang='lat' dir='ltr'><strong>est</strong></span> <span class='ocrx_word' id='word_1_251' title='bbox 1236 1875 1294 1921; x_wconf 91' lang='lat' dir='ltr'><strong>ut</strong></span> <span class='ocrx_word' id='word_1_252' title='bbox 1321 1884 1450 1941; x_wconf 64' lang='lat' dir='ltr'><strong>erga</strong></span> <span class='ocrx_word' id='word_1_253' title='bbox 1480 1869 1682 1926; x_wconf 90' lang='lat' dir='ltr'><strong>Filium</strong></span> <span class='ocrx_word' id='word_1_254' title='bbox 1717 1891 1730 1926; x_wconf 93' lang='lat'><strong>:</strong></span> <span class='ocrx_word' id='word_1_255' title='bbox 1763 1889 1991 1944; x_wconf 85' lang='lat' dir='ltr'><strong>quomo-</strong></span> 
     </span>
    </p>
   </div>
   <div class='ocr_carea' id='block_1_33' title="bbox 423 1942 1988 2030">
    <p class='ocr_par' dir='ltr' id='par_1_33' title="bbox 423 1942 1988 2030">
     <span class='ocr_line' id='line_1_33' title="bbox 423 1942 1988 2030; baseline 0.013 -33"><span class='ocrx_word' id='word_1_256' title='bbox 423 1942 520 2008; x_wconf 84' lang='lat' dir='ltr'><strong>do,</strong></span> <span class='ocrx_word' id='word_1_257' title='bbox 537 1948 754 2016; x_wconf 83' lang='lat' dir='ltr'><strong>amabo,</strong></span> <span class='ocrx_word' id='word_1_258' title='bbox 772 1953 987 2019; x_wconf 78' lang='lat' dir='ltr'><strong>genitus</strong></span> <span class='ocrx_word' id='word_1_259' title='bbox 1003 1954 1110 2010; x_wconf 89' lang='lat' dir='ltr'><strong>erit</strong></span> <span class='ocrx_word' id='word_1_260' title='bbox 1136 1957 1231 2026; x_wconf 91' lang='lat' dir='ltr'><strong>qui</strong></span> <span class='ocrx_word' id='word_1_261' title='bbox 1250 1957 1496 2030; x_wconf 74' lang='lat' dir='ltr'><strong>ingenito</strong></span> <span class='ocrx_word' id='word_1_262' title='bbox 1516 1959 1664 2014; x_wconf 86' lang='lat' dir='ltr'><strong>Patri</strong></span> <span class='ocrx_word' id='word_1_263' title='bbox 1688 1942 1988 2018; x_wconf 78' lang='lat' dir='ltr'><strong>secundum</strong></span> 
     </span>
    </p>
   </div>
   <div class='ocr_carea' id='block_1_34' title="bbox 423 2033 1988 2119">
    <p class='ocr_par' dir='ltr' id='par_1_34' title="bbox 423 2033 1988 2119">
     <span class='ocr_line' id='line_1_34' title="bbox 423 2033 1988 2119; baseline 0.013 -31"><span class='ocrx_word' id='word_1_264' title='bbox 423 2033 787 2092; x_wconf 77' lang='lat' dir='ltr'><strong>substantiam</strong></span> <span class='ocrx_word' id='word_1_265' title='bbox 836 2041 980 2096; x_wconf 86' lang='lat' dir='ltr'><strong>idem</strong></span> <span class='ocrx_word' id='word_1_266' title='bbox 1046 2045 1169 2100; x_wconf 80' lang='lat' dir='ltr'><strong>est?</strong></span> <span class='ocrx_word' id='word_1_267' title='bbox 1207 2046 1305 2102; x_wconf 82' lang='lat' dir='ltr'><strong>Vel</strong></span> <span class='ocrx_word' id='word_1_268' title='bbox 1357 2051 1638 2119; x_wconf 88' lang='lat' dir='ltr'><strong>quomodo</strong></span> <span class='ocrx_word' id='word_1_269' title='bbox 1680 2053 1737 2106; x_wconf 93' lang='lat' dir='ltr'><strong>in</strong></span> <span class='ocrx_word' id='word_1_270' title='bbox 1801 2055 1988 2109; x_wconf 83' lang='lat' dir='ltr'><strong>omni-</strong></span> 
     </span>
    </p>
   </div>
   <div class='ocr_carea' id='block_1_35' title="bbox 421 2123 1990 2214">
    <p class='ocr_par' dir='ltr' id='par_1_35' title="bbox 421 2123 1990 2214">
     <span class='ocr_line' id='line_1_35' title="bbox 421 2123 1990 2214; baseline 0.015 -37"><span class='ocrx_word' id='word_1_271' title='bbox 421 2123 528 2179; x_wconf 83' lang='lat' dir='ltr'><strong>bus</strong></span> <span class='ocrx_word' id='word_1_272' title='bbox 558 2133 618 2180; x_wconf 90' lang='lat' dir='ltr'><strong>ut</strong></span> <span class='ocrx_word' id='word_1_273' title='bbox 649 2127 859 2184; x_wconf 81' lang='lat' dir='ltr'><strong>factura</strong></span> <span class='ocrx_word' id='word_1_274' title='bbox 881 2136 1197 2190; x_wconf 85' lang='lat' dir='ltr'><strong>censebitur</strong></span> <span class='ocrx_word' id='word_1_275' title='bbox 1226 2141 1319 2208; x_wconf 88' lang='lat' dir='ltr'><strong>qui</strong></span> <span class='ocrx_word' id='word_1_276' title='bbox 1350 2142 1517 2213; x_wconf 72' lang='lat'><strong>668</strong></span> <span class='ocrx_word' id='word_1_277' title='bbox 1547 2144 1723 2214; x_wconf 87' lang='lat' dir='ltr'><strong>major</strong></span> <span class='ocrx_word' id='word_1_278' title='bbox 1755 2157 1840 2202; x_wconf 88' lang='lat' dir='ltr'><strong>est</strong></span> <span class='ocrx_word' id='word_1_279' title='bbox 1871 2162 1990 2201; x_wconf 88' lang='lat' dir='ltr'><strong>om-</strong></span> 
     </span>
    </p>
   </div>
   <div class='ocr_carea' id='block_1_36' title="bbox 419 2215 1988 2309">
    <p class='ocr_par' dir='ltr' id='par_1_36' title="bbox 419 2215 1988 2309">
     <span class='ocr_line' id='line_1_36' title="bbox 419 2215 1988 2309; baseline 0.017 -41"><span class='ocrx_word' id='word_1_280' title='bbox 419 2215 583 2272; x_wconf 80' lang='lat' dir='ltr'><strong>nibus</strong></span> <span class='ocrx_word' id='word_1_281' title='bbox 622 2232 746 2273; x_wconf 87' lang='lat' dir='ltr'><strong>cum</strong></span> <span class='ocrx_word' id='word_1_282' title='bbox 789 2221 972 2290; x_wconf 86' lang='lat' dir='ltr'><strong>Patre,</strong></span> <span class='ocrx_word' id='word_1_283' title='bbox 1013 2235 1067 2282; x_wconf 89' lang='lat' dir='ltr'><strong>et</strong></span> <span class='ocrx_word' id='word_1_284' title='bbox 1100 2230 1319 2299; x_wconf 90' lang='lat' dir='ltr'><strong>quidem</strong></span> <span class='ocrx_word' id='word_1_285' title='bbox 1367 2235 1542 2304; x_wconf 86' lang='lat' dir='ltr'><strong>major</strong></span> <span class='ocrx_word' id='word_1_286' title='bbox 1579 2251 1647 2290; x_wconf 89' lang='lat' dir='ltr'><strong>eo</strong></span> <span class='ocrx_word' id='word_1_287' title='bbox 1685 2237 1850 2293; x_wconf 91' lang='lat' dir='ltr'><strong>modo</strong></span> <span class='ocrx_word' id='word_1_288' title='bbox 1881 2255 1988 2309; x_wconf 90' lang='lat' dir='ltr'><strong>quo</strong></span> 
     </span>
    </p>
   </div>
   <div class='ocr_carea' id='block_1_37' title="bbox 419 2306 1391 2388">
    <p class='ocr_par' dir='ltr' id='par_1_37' title="bbox 419 2306 1391 2388">
     <span class='ocr_line' id='line_1_37' title="bbox 419 2306 1391 2388; baseline 0.013 -25"><span class='ocrx_word' id='word_1_289' title='bbox 419 2306 565 2364; x_wconf 87' lang='lat' dir='ltr'><strong>Deus</strong></span> <span class='ocrx_word' id='word_1_290' title='bbox 588 2308 753 2388; x_wconf 66' lang='lat' dir='ltr'><strong>fuerit</strong></span> <span class='ocrx_word' id='word_1_291' title='bbox 774 2327 902 2385; x_wconf 78' lang='lat' dir='ltr'><strong>erga</strong></span> <span class='ocrx_word' id='word_1_292' title='bbox 942 2316 1189 2376; x_wconf 80' lang='lat' dir='ltr'><strong>facturas</strong></span> <span class='ocrx_word' id='word_1_293' title='bbox 1218 2322 1391 2378; x_wconf 88' lang='lat' dir='ltr'><strong>suas?</strong></span> 
     </span>
    </p>
   </div>
   <div class='ocr_carea' id='block_1_38' title="bbox 489 2398 1988 2484">
    <p class='ocr_par' dir='ltr' id='par_1_38' title="bbox 489 2398 1988 2484">
     <span class='ocr_line' id='line_1_38' title="bbox 489 2398 1988 2484; baseline 0.016 -32"><span class='ocrx_word' id='word_1_294' title='bbox 489 2398 602 2470; x_wconf 86' lang='lat' dir='ltr'><strong>Ego</strong></span> <span class='ocrx_word' id='word_1_295' title='bbox 628 2410 678 2455; x_wconf 78' lang='lat' dir='ltr'><strong>et</strong></span> <span class='ocrx_word' id='word_1_296' title='bbox 709 2401 874 2458; x_wconf 80' lang='lat' dir='ltr'><strong>Pater</strong></span> <span class='ocrx_word' id='word_1_297' title='bbox 893 2423 1056 2462; x_wconf 80' lang='lat' dir='ltr'><strong>unum</strong></span> <span class='ocrx_word' id='word_1_298' title='bbox 1081 2427 1292 2466; x_wconf 78' lang='lat' dir='ltr'><strong>sumus.</strong></span> <span class='ocrx_word' id='word_1_299' title='bbox 1316 2412 1519 2484; x_wconf 84' lang='lat' dir='ltr'><strong>Nempe</strong></span> <span class='ocrx_word' id='word_1_300' title='bbox 1539 2419 1809 2475; x_wconf 86' lang='lat' dir='ltr'><strong>vocabulo</strong></span> <span class='ocrx_word' id='word_1_301' title='bbox 1825 2438 1988 2476; x_wconf 77' lang='lat' dir='ltr'><strong>unum</strong></span> 
     </span>
    </p>
   </div>
   <div class='ocr_carea' id='block_1_39' title="bbox 417 2490 1985 2580">
    <p class='ocr_par' dir='ltr' id='par_1_39' title="bbox 417 2490 1985 2580">
     <span class='ocr_line' id='line_1_39' title="bbox 417 2490 1985 2580; baseline 0.015 -34"><span class='ocrx_word' id='word_1_302' title='bbox 417 2490 662 2561; x_wconf 83' lang='lat' dir='ltr'><strong>ejusdem</strong></span> <span class='ocrx_word' id='word_1_303' title='bbox 704 2511 828 2552; x_wconf 89' lang='lat' dir='ltr'><strong>esse</strong></span> <span class='ocrx_word' id='word_1_304' title='bbox 867 2515 926 2554; x_wconf 85' lang='lat' dir='ltr'><strong>se</strong></span> <span class='ocrx_word' id='word_1_305' title='bbox 960 2502 1281 2559; x_wconf 75' lang='lat' dir='ltr'><strong>substantiae</strong></span> <span class='ocrx_word' id='word_1_306' title='bbox 1315 2521 1439 2559; x_wconf 93' lang='lat' dir='ltr'><strong>cum</strong></span> <span class='ocrx_word' id='word_1_307' title='bbox 1473 2506 1636 2565; x_wconf 89' lang='lat' dir='ltr'><strong>Patre</strong></span> <span class='ocrx_word' id='word_1_308' title='bbox 1675 2512 1985 2580; x_wconf 72' lang='lat' dir='ltr'><strong>signiﬁcat;</strong></span> 
     </span>
    </p>
   </div>
   <div class='ocr_carea' id='block_1_40' title="bbox 416 2582 1993 2671">
    <p class='ocr_par' dir='ltr' id='par_1_40' title="bbox 416 2582 1993 2671">
     <span class='ocr_line' id='line_1_40' title="bbox 416 2582 1993 2671; baseline 0.015 -34"><span class='ocrx_word' id='word_1_309' title='bbox 416 2582 588 2637; x_wconf 78' lang='lat' dir='ltr'><strong>verbo</strong></span> <span class='ocrx_word' id='word_1_310' title='bbox 616 2595 797 2641; x_wconf 82' lang='lat' dir='ltr'><strong>autem</strong></span> <span class='ocrx_word' id='word_1_311' title='bbox 831 2605 1014 2646; x_wconf 85' lang='lat' dir='ltr'><strong>sumus</strong></span> <span class='ocrx_word' id='word_1_312' title='bbox 1052 2593 1108 2648; x_wconf 90' lang='lat' dir='ltr'><strong>in</strong></span> <span class='ocrx_word' id='word_1_313' title='bbox 1138 2595 1248 2650; x_wconf 92' lang='lat' dir='ltr'><strong>duo</strong></span> <span class='ocrx_word' id='word_1_314' title='bbox 1263 2597 1458 2652; x_wconf 86' lang='lat' dir='ltr'><strong>dividit</strong></span> <span class='ocrx_word' id='word_1_315' title='bbox 1488 2615 1603 2654; x_wconf 89' lang='lat' dir='ltr'><strong>rem</strong></span> <span class='ocrx_word' id='word_1_316' title='bbox 1632 2601 1993 2671; x_wconf 80' lang='lat' dir='ltr'><strong>intellectam,</strong></span> 
     </span>
    </p>
   </div>
   <div class='ocr_carea' id='block_1_41' title="bbox 418 2679 1563 2757">
    <p class='ocr_par' dir='ltr' id='par_1_41' title="bbox 418 2679 1563 2757">
     <span class='ocr_line' id='line_1_41' title="bbox 418 2679 1563 2757; baseline 0.014 -29"><span class='ocrx_word' id='word_1_317' title='bbox 418 2689 718 2747; x_wconf 87' lang='lat' dir='ltr'><strong>rursusque</strong></span> <span class='ocrx_word' id='word_1_318' title='bbox 748 2679 807 2734; x_wconf 93' lang='lat' dir='ltr'><strong>in</strong></span> <span class='ocrx_word' id='word_1_319' title='bbox 834 2697 997 2736; x_wconf 90' lang='lat' dir='ltr'><strong>unam</strong></span> <span class='ocrx_word' id='word_1_320' title='bbox 1032 2686 1244 2757; x_wconf 80' lang='lat' dir='ltr'><strong>col.igit</strong></span> <span class='ocrx_word' id='word_1_321' title='bbox 1281 2689 1563 2746; x_wconf 88' lang='lat' dir='ltr'><strong>deitatem.</strong></span> 
     </span>
    </p>
   </div>
   <div class='ocr_carea' id='block_1_42' title="bbox 487 2763 1983 2852">
    <p class='ocr_par' dir='ltr' id='par_1_42' title="bbox 487 2763 1983 2852">
     <span class='ocr_line' id='line_1_42' title="bbox 487 2763 1983 2852; baseline 0.013 -34"><span class='ocrx_word' id='word_1_322' title='bbox 487 2763 571 2833; x_wconf 70' lang='grc' dir='ltr'>Χ,</span> <span class='ocrx_word' id='word_1_323' title='bbox 617 2767 706 2822; x_wconf 76' lang='grc'><strong>51.</strong></span> <span class='ocrx_word' id='word_1_324' title='bbox 748 2767 1089 2828; x_wconf 80' lang='lat' dir='ltr'><strong>Sustulerunt</strong></span> <span class='ocrx_word' id='word_1_325' title='bbox 1137 2791 1258 2847; x_wconf 81' lang='lat' dir='ltr'><strong>ergo</strong></span> <span class='ocrx_word' id='word_1_326' title='bbox 1301 2795 1488 2834; x_wconf 79' lang='lat' dir='ltr'><strong>rursus</strong></span> <span class='ocrx_word' id='word_1_327' title='bbox 1551 2778 1732 2835; x_wconf 71' lang='lat' dir='ltr'><strong>Iudwi</strong></span> <span class='ocrx_word' id='word_1_328' title='bbox 1781 2783 1983 2852; x_wconf 75' lang='lat' dir='ltr'><strong>lapides</strong></span> 
     </span>
    </p>
   </div>
   <div class='ocr_carea' id='block_1_43' title="bbox 416 2855 960 2925">
    <p class='ocr_par' dir='ltr' id='par_1_43' title="bbox 416 2855 960 2925">
     <span class='ocr_line' id='line_1_43' title="bbox 416 2855 960 2925; baseline 0.015 -17"><span class='ocrx_word' id='word_1_329' title='bbox 416 2863 475 2908; x_wconf 79' lang='lat' dir='ltr'><strong>tu</strong></span> <span class='ocrx_word' id='word_1_330' title='bbox 500 2855 797 2925; x_wconf 79' lang='lat' dir='ltr'><strong>lapidarent</strong></span> <span class='ocrx_word' id='word_1_331' title='bbox 822 2877 960 2916; x_wconf 84' lang='lat' dir='ltr'><strong>eum.</strong></span> 
     </span>
    </p>
   </div>
   <div class='ocr_carea' id='block_1_44' title="bbox 485 2945 1983 3032">
    <p class='ocr_par' dir='ltr' id='par_1_44' title="bbox 485 2945 1983 3032">
     <span class='ocr_line' id='line_1_44' title="bbox 485 2945 1983 3032; baseline 0.015 -30"><span class='ocrx_word' id='word_1_332' title='bbox 485 2945 606 3004; x_wconf 85' lang='lat' dir='ltr'><strong>Non</strong></span> <span class='ocrx_word' id='word_1_333' title='bbox 633 2953 780 3005; x_wconf 92' lang='lat' dir='ltr'><strong>enim</strong></span> <span class='ocrx_word' id='word_1_334' title='bbox 805 2951 1044 3013; x_wconf 88' lang='lat' dir='ltr'><strong>ferentes</strong></span> <span class='ocrx_word' id='word_1_335' title='bbox 1083 2973 1209 3013; x_wconf 92' lang='lat' dir='ltr'><strong>eum</strong></span> <span class='ocrx_word' id='word_1_336' title='bbox 1251 2963 1344 3032; x_wconf 89' lang='lat' dir='ltr'><strong>qui</strong></span> <span class='ocrx_word' id='word_1_337' title='bbox 1370 2979 1491 3020; x_wconf 86' lang='lat' dir='ltr'><strong>sese</strong></span> <span class='ocrx_word' id='word_1_338' title='bbox 1520 2981 1690 3020; x_wconf 93' lang='lat' dir='ltr'><strong>unum</strong></span> <span class='ocrx_word' id='word_1_339' title='bbox 1713 2982 1836 3024; x_wconf 88' lang='lat' dir='ltr'><strong>esse</strong></span> <span class='ocrx_word' id='word_1_340' title='bbox 1855 2984 1983 3024; x_wconf 89' lang='lat' dir='ltr'><strong>cum</strong></span> 
     </span>
    </p>
   </div>
   <div class='ocr_carea' id='block_1_45' title="bbox 417 3035 1980 3131">
    <p class='ocr_par' dir='ltr' id='par_1_45' title="bbox 417 3035 1980 3131">
     <span class='ocr_line' id='line_1_45' title="bbox 417 3035 1980 3131; baseline 0.017 -39"><span class='ocrx_word' id='word_1_341' title='bbox 417 3035 580 3094; x_wconf 85' lang='lat' dir='ltr'><strong>Patre</strong></span> <span class='ocrx_word' id='word_1_342' title='bbox 607 3040 840 3111; x_wconf 88' lang='lat' dir='ltr'><strong>diceret,</strong></span> <span class='ocrx_word' id='word_1_343' title='bbox 870 3047 937 3102; x_wconf 91' lang='lat' dir='ltr'><strong>ad</strong></span> <span class='ocrx_word' id='word_1_344' title='bbox 970 3050 1332 3108; x_wconf 88' lang='lat' dir='ltr'><strong>occidendum</strong></span> <span class='ocrx_word' id='word_1_345' title='bbox 1362 3072 1486 3111; x_wconf 93' lang='lat' dir='ltr'><strong>eum</strong></span> <span class='ocrx_word' id='word_1_346' title='bbox 1510 3058 1714 3128; x_wconf 89' lang='lat' dir='ltr'><strong>impetu</strong></span> <span class='ocrx_word' id='word_1_347' title='bbox 1743 3062 1980 3131; x_wconf 85' lang='lat' dir='ltr'><strong>quodam</strong></span> 
     </span>
    </p>
   </div>
   <div class='ocr_carea' id='block_1_46' title="bbox 2094 1877 3667 1952">
    <p class='ocr_par' dir='ltr' id='par_1_46' title="bbox 2094 1877 3667 1952">
     <span class='ocr_line' id='line_1_46' title="bbox 2094 1877 3667 1952; baseline 0.004 -22"><span class='ocrx_word' id='word_1_348' title='bbox 2094 1877 2247 1930; x_wconf 78' lang='grc' dir='ltr'>ἔσται</span> <span class='ocrx_word' id='word_1_349' title='bbox 2277 1878 2534 1949; x_wconf 74' lang='grc' dir='ltr'>γεννητὸς</span> <span class='ocrx_word' id='word_1_350' title='bbox 2557 1881 2584 1932; x_wconf 97' lang='lat'><strong>6</strong></span> <span class='ocrx_word' id='word_1_351' title='bbox 2619 1879 2698 1951; x_wconf 82' lang='grc' dir='ltr'>τῷ</span> <span class='ocrx_word' id='word_1_352' title='bbox 2731 1881 3010 1950; x_wconf 84' lang='grc' dir='ltr'>ἀγεννήτῳ</span> <span class='ocrx_word' id='word_1_353' title='bbox 3054 1880 3225 1952; x_wconf 77' lang='grc' dir='ltr'>Πατρί</span> <span class='ocrx_word' id='word_1_354' title='bbox 3261 1885 3381 1936; x_wconf 85' lang='grc' dir='ltr'>κατ’</span> <span class='ocrx_word' id='word_1_355' title='bbox 3414 1885 3602 1938; x_wconf 78' lang='grc' dir='ltr'>οὐσίαν</span> <span class='ocrx_word' id='word_1_356' title='bbox 3635 1886 3667 1937; x_wconf 89' lang='lat'><strong>6</strong></span> 
     </span>
    </p>
   </div>
   <div class='ocr_carea' id='block_1_47' title="bbox 2093 1969 3665 2045">
    <p class='ocr_par' dir='ltr' id='par_1_47' title="bbox 2093 1969 3665 2045">
     <span class='ocr_line' id='line_1_47' title="bbox 2093 1969 3665 2045; baseline 0.004 -23"><span class='ocrx_word' id='word_1_357' title='bbox 2093 1969 2290 2035; x_wconf 83' lang='grc' dir='ltr'>αὐτὸς;</span> <span class='ocrx_word' id='word_1_358' title='bbox 2324 1972 2392 2024; x_wconf 84' lang='grc' dir='ltr'>Ἢ</span> <span class='ocrx_word' id='word_1_359' title='bbox 2416 1969 2532 2034; x_wconf 85' lang='grc' dir='ltr'><strong>πῶς</strong></span> <span class='ocrx_word' id='word_1_360' title='bbox 2555 1973 2613 2025; x_wconf 83' lang='grc' dir='ltr'>ἐν</span> <span class='ocrx_word' id='word_1_361' title='bbox 2633 1973 2744 2035; x_wconf 86' lang='grc' dir='ltr'>τοῖς</span> <span class='ocrx_word' id='word_1_362' title='bbox 2759 1975 2925 2026; x_wconf 81' lang='grc' dir='ltr'>πᾶσιν</span> <span class='ocrx_word' id='word_1_363' title='bbox 2948 1973 3024 2036; x_wconf 82' lang='grc' dir='ltr'><strong>ὡς</strong></span> <span class='ocrx_word' id='word_1_364' title='bbox 3048 1974 3260 2043; x_wconf 83' lang='grc' dir='ltr'>ποίημα</span> <span class='ocrx_word' id='word_1_365' title='bbox 3284 1974 3665 2045; x_wconf 82' lang='grc' dir='ltr'>λογισθήσεται</span> 
     </span>
    </p>
   </div>
   <div class='ocr_carea' id='block_1_48' title="bbox 2093 2063 3665 2136">
    <p class='ocr_par' dir='ltr' id='par_1_48' title="bbox 2093 2063 3665 2136">
     <span class='ocr_line' id='line_1_48' title="bbox 2093 2063 3665 2136; baseline 0.004 -22"><span class='ocrx_word' id='word_1_366' title='bbox 2093 2063 2121 2114; x_wconf 90' lang='lat'><strong>6</strong></span> <span class='ocrx_word' id='word_1_367' title='bbox 2155 2063 2356 2132; x_wconf 81' lang='grc' dir='ltr'>μείζων</span> <span class='ocrx_word' id='word_1_368' title='bbox 2373 2064 2588 2117; x_wconf 81' lang='grc' dir='ltr'>πάντων</span> <span class='ocrx_word' id='word_1_369' title='bbox 2617 2065 2756 2135; x_wconf 84' lang='grc' dir='ltr'>μετὰ</span> <span class='ocrx_word' id='word_1_370' title='bbox 2783 2065 3020 2136; x_wconf 82' lang='grc' dir='ltr'>Πατρὸς,</span> <span class='ocrx_word' id='word_1_371' title='bbox 3052 2064 3253 2136; x_wconf 75' lang='grc' dir='ltr'>μείζων</span> <span class='ocrx_word' id='word_1_372' title='bbox 3280 2066 3335 2119; x_wconf 82' lang='grc' dir='ltr'><strong>δὲ</strong></span> <span class='ocrx_word' id='word_1_373' title='bbox 3367 2065 3557 2131; x_wconf 77' lang='grc' dir='ltr'>οὕτως,</span> <span class='ocrx_word' id='word_1_374' title='bbox 3585 2065 3665 2131; x_wconf 83' lang='grc' dir='ltr'>ὡς</span> 
     </span>
    </p>
   </div>
   <div class='ocr_carea' id='block_1_49' title="bbox 2093 2153 3035 2233">
    <p class='ocr_par' dir='ltr' id='par_1_49' title="bbox 2093 2153 3035 2233">
     <span class='ocr_line' id='line_1_49' title="bbox 2093 2153 3035 2233; baseline 0.005 -26"><span class='ocrx_word' id='word_1_375' title='bbox 2093 2153 2164 2208; x_wconf 77' lang='grc' dir='ltr'><strong>ἂν</strong></span> <span class='ocrx_word' id='word_1_376' title='bbox 2183 2155 2266 2226; x_wconf 76' lang='grc' dir='ltr'>εἴη</span> <span class='ocrx_word' id='word_1_377' title='bbox 2296 2155 2427 2220; x_wconf 82' lang='grc' dir='ltr'>Θεὸς</span> <span class='ocrx_word' id='word_1_378' title='bbox 2460 2157 2596 2228; x_wconf 75' lang='grc' dir='ltr'>πρὸς</span> <span class='ocrx_word' id='word_1_379' title='bbox 2617 2158 2685 2211; x_wconf 80' lang='grc' dir='ltr'><strong>τὰ</strong></span> <span class='ocrx_word' id='word_1_380' title='bbox 2716 2159 2995 2233; x_wconf 76' lang='grc' dir='ltr'>ποιήματα</span> <span class='ocrx_word' id='word_1_381' title='bbox 3011 2176 3035 2226; x_wconf 87' lang='grc'><strong>;·</strong></span> 
     </span>
    </p>
   </div>
   <div class='ocr_carea' id='block_1_50' title="bbox 2177 2415 3677 2493">
    <p class='ocr_par' dir='ltr' id='par_1_50' title="bbox 2177 2415 3677 2493">
     <span class='ocr_line' id='line_1_50' title="bbox 2177 2415 3677 2493; baseline 0.005 -25"><span class='ocrx_word' id='word_1_382' title='bbox 2177 2415 2322 2484; x_wconf 75' lang='grc' dir='ltr'><strong>Ἐγὼ</strong></span> <span class='ocrx_word' id='word_1_383' title='bbox 2358 2417 2434 2485; x_wconf 81' lang='grc'><strong>(1)</strong></span> <span class='ocrx_word' id='word_1_384' title='bbox 2472 2417 2573 2470; x_wconf 73' lang='grc' dir='ltr'>καῖ</span> <span class='ocrx_word' id='word_1_385' title='bbox 2591 2420 2624 2472; x_wconf 85' lang='grc' dir='ltr'><em>ὁ</em></span> <span class='ocrx_word' id='word_1_386' title='bbox 2648 2418 2850 2488; x_wconf 74' lang='grc' dir='ltr'>Πατὴρ</span> <span class='ocrx_word' id='word_1_387' title='bbox 2876 2419 2947 2474; x_wconf 75' lang='grc' dir='ltr'><strong>ἓν</strong></span> <span class='ocrx_word' id='word_1_388' title='bbox 2973 2421 3180 2490; x_wconf 76' lang='grc' dir='ltr'><strong>ἐσμεν.</strong></span> <span class='ocrx_word' id='word_1_389' title='bbox 3229 2422 3328 2476; x_wconf 80' lang='grc' dir='ltr'><strong>Διὰ</strong></span> <span class='ocrx_word' id='word_1_390' title='bbox 3375 2423 3472 2493; x_wconf 79' lang='grc' dir='ltr'><strong>μὲν</strong></span> <span class='ocrx_word' id='word_1_391' title='bbox 3499 2423 3560 2476; x_wconf 81' lang='grc' dir='ltr'>τὸ</span> <span class='ocrx_word' id='word_1_392' title='bbox 3587 2422 3677 2476; x_wconf 58' lang='grc' dir='ltr'><strong>ἐν</strong></span> 
     </span>
    </p>
   </div>
   <div class='ocr_carea' id='block_1_51' title="bbox 2091 2507 3650 2584">
    <p class='ocr_par' dir='ltr' id='par_1_51' title="bbox 2091 2507 3650 2584">
     <span class='ocr_line' id='line_1_51' title="bbox 2091 2507 3650 2584; baseline 0.005 -24"><span class='ocrx_word' id='word_1_393' title='bbox 2091 2507 2190 2577; x_wconf 83' lang='grc' dir='ltr'>τὴν</span> <span class='ocrx_word' id='word_1_394' title='bbox 2236 2509 2538 2579; x_wconf 84' lang='grc' dir='ltr'>ταυτότητα</span> <span class='ocrx_word' id='word_1_395' title='bbox 2591 2511 2687 2580; x_wconf 83' lang='grc' dir='ltr'><strong>τῆς</strong></span> <span class='ocrx_word' id='word_1_396' title='bbox 2745 2512 2936 2576; x_wconf 81' lang='grc' dir='ltr'>οὐσίας</span> <span class='ocrx_word' id='word_1_397' title='bbox 2987 2515 3278 2584; x_wconf 76' lang='grc' dir='ltr'>σημαίνειο</span> <span class='ocrx_word' id='word_1_398' title='bbox 3325 2515 3415 2568; x_wconf 85' lang='grc' dir='ltr'>διὰ</span> <span class='ocrx_word' id='word_1_399' title='bbox 3465 2516 3522 2568; x_wconf 84' lang='grc' dir='ltr'><strong>δὲ</strong></span> <span class='ocrx_word' id='word_1_400' title='bbox 3553 2514 3650 2568; x_wconf 80' lang='lat' dir='ltr'><strong>toﬁ</strong></span> 
     </span>
    </p>
   </div>
   <div class='ocr_carea' id='block_1_52' title="bbox 2091 2599 3666 2676">
    <p class='ocr_par' dir='ltr' id='par_1_52' title="bbox 2091 2599 3666 2676">
     <span class='ocr_line' id='line_1_52' title="bbox 2091 2599 3666 2676; baseline 0.006 -25"><span class='ocrx_word' id='word_1_401' title='bbox 2091 2599 2280 2668; x_wconf 78' lang='grc' dir='ltr'><strong>ἐσμὲν</strong></span> <span class='ocrx_word' id='word_1_402' title='bbox 2306 2603 2385 2663; x_wconf 83' lang='grc' dir='ltr'><strong>εἰς</strong></span> <span class='ocrx_word' id='word_1_403' title='bbox 2413 2602 2580 2654; x_wconf 82' lang='grc' dir='ltr'>δύαδα</span> <span class='ocrx_word' id='word_1_404' title='bbox 2607 2602 2796 2672; x_wconf 79' lang='grc' dir='ltr'>τέμνει</span> <span class='ocrx_word' id='word_1_405' title='bbox 2823 2604 2884 2657; x_wconf 82' lang='grc' dir='ltr'>τὸ</span> <span class='ocrx_word' id='word_1_406' title='bbox 2934 2605 3239 2676; x_wconf 79' lang='grc' dir='ltr'>νοούμενον,</span> <span class='ocrx_word' id='word_1_407' title='bbox 3267 2608 3363 2661; x_wconf 78' lang='grc' dir='ltr'>καὶ</span> <span class='ocrx_word' id='word_1_408' title='bbox 3389 2608 3549 2662; x_wconf 79' lang='grc' dir='ltr'>πάλιν</span> <span class='ocrx_word' id='word_1_409' title='bbox 3576 2610 3666 2669; x_wconf 76' lang='grc' dir='ltr'><strong>είς</strong></span> 
     </span>
    </p>
   </div>
   <div class='ocr_carea' id='block_1_53' title="bbox 2093 2692 2880 2764">
    <p class='ocr_par' dir='ltr' id='par_1_53' title="bbox 2093 2692 2880 2764">
     <span class='ocr_line' id='line_1_53' title="bbox 2093 2692 2880 2764; baseline 0.008 -20"><span class='ocrx_word' id='word_1_410' title='bbox 2093 2692 2221 2762; x_wconf 86' lang='grc' dir='ltr'>μίαν</span> <span class='ocrx_word' id='word_1_411' title='bbox 2249 2694 2595 2763; x_wconf 81' lang='grc' dir='ltr'>περισφίγγει</span> <span class='ocrx_word' id='word_1_412' title='bbox 2629 2693 2880 2764; x_wconf 89' lang='grc' dir='ltr'>θεότητα.</span> 
     </span>
    </p>
   </div>
   <div class='ocr_carea' id='block_1_54' title="bbox 2170 2780 3670 2856">
    <p class='ocr_par' dir='ltr' id='par_1_54' title="bbox 2170 2780 3670 2856">
     <span class='ocr_line' id='line_1_54' title="bbox 2170 2780 3670 2856; baseline 0.007 -22"><span class='ocrx_word' id='word_1_413' title='bbox 2170 2782 2542 2838; x_wconf 81' lang='grc' dir='ltr'>Ἐϐάστασαν</span> <span class='ocrx_word' id='word_1_414' title='bbox 2564 2780 2679 2841; x_wconf 80' lang='grc' dir='ltr'><strong>οὖν</strong></span> <span class='ocrx_word' id='word_1_415' title='bbox 2706 2786 2893 2841; x_wconf 81' lang='grc' dir='ltr'>πάλιν</span> <span class='ocrx_word' id='word_1_416' title='bbox 2911 2789 2970 2842; x_wconf 82' lang='grc' dir='ltr'>οἱ</span> <span class='ocrx_word' id='word_1_417' title='bbox 3006 2787 3280 2844; x_wconf 82' lang='grc' dir='ltr'>Ἰουδαῖοι</span> <span class='ocrx_word' id='word_1_418' title='bbox 3301 2790 3528 2856; x_wconf 74' lang='grc' dir='ltr'>λίθους,</span> <span class='ocrx_word' id='word_1_419' title='bbox 3555 2789 3670 2844; x_wconf 62' lang='grc' dir='ltr'><strong>ἵνα</strong></span> 
     </span>
    </p>
   </div>
   <div class='ocr_carea' id='block_1_55' title="bbox 2086 2872 2646 2929">
    <p class='ocr_par' dir='ltr' id='par_1_55' title="bbox 2086 2872 2646 2929">
     <span class='ocr_line' id='line_1_55' title="bbox 2086 2872 2646 2929; baseline 0.007 -4"><span class='ocrx_word' id='word_1_420' title='bbox 2086 2872 2420 2927; x_wconf 63' lang='grc' dir='ltr'><strong>νιιθάσωσιν·</strong></span> <span class='ocrx_word' id='word_1_421' title='bbox 2442 2877 2646 2929; x_wconf 78' lang='grc' dir='ltr'>αὐτόν.</span> 
     </span>
    </p>
   </div>
   <div class='ocr_carea' id='block_1_56' title="bbox 2158 2963 3658 3040">
    <p class='ocr_par' dir='ltr' id='par_1_56' title="bbox 2158 2963 3658 3040">
     <span class='ocr_line' id='line_1_56' title="bbox 2158 2963 3658 3040; baseline 0.006 -23"><span class='ocrx_word' id='word_1_422' title='bbox 2158 2964 2252 3035; x_wconf 84' lang='grc' dir='ltr'><strong>Μὴ</strong></span> <span class='ocrx_word' id='word_1_423' title='bbox 2283 2966 2644 3036; x_wconf 85' lang='grc' dir='ltr'>ἀνασχόμενοι</span> <span class='ocrx_word' id='word_1_424' title='bbox 2673 2969 2781 3039; x_wconf 83' lang='grc' dir='ltr'>γὰρ</span> <span class='ocrx_word' id='word_1_425' title='bbox 2797 2968 2984 3034; x_wconf 80' lang='grc' dir='ltr'>αὑτοῦ,</span> <span class='ocrx_word' id='word_1_426' title='bbox 3010 2969 3068 3023; x_wconf 83' lang='grc' dir='ltr'>ἓν</span> <span class='ocrx_word' id='word_1_427' title='bbox 3098 2963 3238 3023; x_wconf 82' lang='grc' dir='ltr'>εἶναι</span> <span class='ocrx_word' id='word_1_428' title='bbox 3264 2969 3455 3024; x_wconf 78' lang='grc' dir='ltr'>ἑαυτὸν</span> <span class='ocrx_word' id='word_1_429' title='bbox 3474 2970 3658 3040; x_wconf 81' lang='grc' dir='ltr'>λέγον-</span> 
     </span>
    </p>
   </div>
   <div class='ocr_carea' id='block_1_57' title="bbox 2087 3056 3657 3135">
    <p class='ocr_par' dir='ltr' id='par_1_57' title="bbox 2087 3056 3657 3135">
     <span class='ocr_line' id='line_1_57' title="bbox 2087 3056 3657 3135; baseline 0.004 -25"><span class='ocrx_word' id='word_1_430' title='bbox 2087 3074 2178 3120; x_wconf 91' lang='grc' dir='ltr'><strong>τος</strong></span> <span class='ocrx_word' id='word_1_431' title='bbox 2199 3056 2334 3126; x_wconf 85' lang='grc' dir='ltr'>πρὸς</span> <span class='ocrx_word' id='word_1_432' title='bbox 2366 3056 2456 3109; x_wconf 83' lang='grc' dir='ltr'>τὸν</span> <span class='ocrx_word' id='word_1_433' title='bbox 2481 3057 2700 3129; x_wconf 82' lang='grc' dir='ltr'>Πατέρα</span> <span class='ocrx_word' id='word_1_434' title='bbox 2718 3099 2733 3124; x_wconf 87' lang='grc'><strong>,</strong></span> <span class='ocrx_word' id='word_1_435' title='bbox 2775 3059 2868 3112; x_wconf 75' lang='grc' dir='ltr'><strong>ἐπὶ</strong></span> <span class='ocrx_word' id='word_1_436' title='bbox 2895 3061 2955 3112; x_wconf 85' lang='grc' dir='ltr'>τὸ</span> <span class='ocrx_word' id='word_1_437' title='bbox 2981 3060 3240 3130; x_wconf 72' lang='grc' dir='ltr'>φονεῦσαι</span> <span class='ocrx_word' id='word_1_438' title='bbox 3277 3063 3437 3116; x_wconf 82' lang='grc' dir='ltr'>αὐτὸν</span> <span class='ocrx_word' id='word_1_439' title='bbox 3463 3063 3657 3135; x_wconf 79' lang='grc' dir='ltr'>ὥρμη-</span> 
     </span>
    </p>
   </div>
   <div class='ocr_carea' id='block_1_58' title="bbox 416 3130 1982 3226">
    <p class='ocr_par' dir='ltr' id='par_1_58' title="bbox 416 3130 1981 3221">
     <span class='ocr_line' id='line_1_58' title="bbox 416 3130 1981 3221; baseline 0.017 -37"><span class='ocrx_word' id='word_1_440' title='bbox 416 3130 559 3200; x_wconf 81' lang='lat' dir='ltr'><strong>rapti</strong></span> <span class='ocrx_word' id='word_1_441' title='bbox 587 3141 737 3200; x_wconf 87' lang='lat' dir='ltr'><strong>sunt,</strong></span> <span class='ocrx_word' id='word_1_442' title='bbox 763 3135 891 3193; x_wconf 86' lang='lat' dir='ltr'><strong>licet</strong></span> <span class='ocrx_word' id='word_1_443' title='bbox 921 3144 1355 3215; x_wconf 88' lang='lat' dir='ltr'><strong>unumquodque</strong></span> <span class='ocrx_word' id='word_1_444' title='bbox 1406 3163 1633 3218; x_wconf 83' lang='lat' dir='ltr'><strong>Operum</strong></span> <span class='ocrx_word' id='word_1_445' title='bbox 1671 3130 1796 3221; x_wconf 84' lang='lat' dir='ltr'><strong>ejus</strong></span> <span class='ocrx_word' id='word_1_446' title='bbox 1817 3153 1981 3210; x_wconf 82' lang='lat' dir='ltr'><strong>Deum</strong></span> 
     </span>
    </p>
   </div>
   <div class='ocr_carea' id='block_1_59' title="bbox 2093 3130 3659 3226">
    <p class='ocr_par' dir='ltr' id='par_1_59' title="bbox 2093 3149 3659 3226">
     <span class='ocr_line' id='line_1_59' title="bbox 2093 3149 3659 3226; baseline 0.006 -26"><span class='ocrx_word' id='word_1_447' title='bbox 2093 3164 2186 3201; x_wconf 87' lang='grc' dir='ltr'><strong>σαν</strong></span> <span class='ocrx_word' id='word_1_448' title='bbox 2211 3163 2225 3177; x_wconf 81' lang='lat'>&#39;</span> <span class='ocrx_word' id='word_1_449' title='bbox 2248 3149 2449 3220; x_wconf 87' lang='grc' dir='ltr'>καίπερ</span> <span class='ocrx_word' id='word_1_450' title='bbox 2476 3149 2707 3203; x_wconf 83' lang='grc' dir='ltr'>ἑκάστου</span> <span class='ocrx_word' id='word_1_451' title='bbox 2731 3151 2840 3204; x_wconf 85' lang='grc' dir='ltr'><strong>τῶν</strong></span> <span class='ocrx_word' id='word_1_452' title='bbox 2869 3154 2998 3222; x_wconf 84' lang='grc' dir='ltr'>παρ’</span> <span class='ocrx_word' id='word_1_453' title='bbox 3016 3152 3184 3206; x_wconf 81' lang='grc' dir='ltr'>αὐτοῦ</span> <span class='ocrx_word' id='word_1_454' title='bbox 3206 3155 3504 3226; x_wconf 83' lang='grc' dir='ltr'>γινομένων</span> <span class='ocrx_word' id='word_1_455' title='bbox 3520 3156 3659 3210; x_wconf 74' lang='grc' dir='ltr'>Θεὸν</span> 
     </span>
    </p>
   </div>
   <div class='ocr_carea' id='block_1_60' title="bbox 415 3221 1983 3303">
    <p class='ocr_par' dir='ltr' id='par_1_60' title="bbox 415 3221 1983 3303">
     <span class='ocr_line' id='line_1_60' title="bbox 415 3221 1983 3303; baseline 0.016 -31"><span class='ocrx_word' id='word_1_456' title='bbox 415 3233 540 3274; x_wconf 89' lang='lat' dir='ltr'><strong>esse</strong></span> <span class='ocrx_word' id='word_1_457' title='bbox 574 3221 723 3278; x_wconf 91' lang='lat' dir='ltr'><strong>illum</strong></span> <span class='ocrx_word' id='word_1_458' title='bbox 757 3236 956 3282; x_wconf 87' lang='lat' dir='ltr'><strong>natura</strong></span> <span class='ocrx_word' id='word_1_459' title='bbox 995 3233 1130 3286; x_wconf 88' lang='lat' dir='ltr'><strong>satis</strong></span> <span class='ocrx_word' id='word_1_460' title='bbox 1167 3235 1512 3303; x_wconf 64' lang='lat' dir='ltr'><strong>praedicaret.</strong></span> <span class='ocrx_word' id='word_1_461' title='bbox 1538 3237 1657 3293; x_wconf 88' lang='lat' dir='ltr'><strong>Non</strong></span> <span class='ocrx_word' id='word_1_462' title='bbox 1683 3240 1860 3295; x_wconf 92' lang='lat' dir='ltr'><strong>solum</strong></span> <span class='ocrx_word' id='word_1_463' title='bbox 1883 3258 1983 3297; x_wconf 88' lang='lat' dir='ltr'><strong>au—</strong></span> 
     </span>
    </p>
   </div>
   <div class='ocr_carea' id='block_1_61' title="bbox 417 3319 1980 3401">
    <p class='ocr_par' dir='ltr' id='par_1_61' title="bbox 417 3319 1980 3401">
     <span class='ocr_line' id='line_1_61' title="bbox 417 3319 1980 3401; baseline 0.016 -36"><span class='ocrx_word' id='word_1_464' title='bbox 417 3323 524 3367; x_wconf 92' lang='lat' dir='ltr'><strong>tem</strong></span> <span class='ocrx_word' id='word_1_465' title='bbox 551 3329 718 3380; x_wconf 89' lang='lat' dir='ltr'><strong>nunc,</strong></span> <span class='ocrx_word' id='word_1_466' title='bbox 755 3319 850 3373; x_wconf 90' lang='lat' dir='ltr'><strong>sed</strong></span> <span class='ocrx_word' id='word_1_467' title='bbox 895 3327 948 3374; x_wconf 92' lang='lat' dir='ltr'><strong>et</strong></span> <span class='ocrx_word' id='word_1_468' title='bbox 997 3322 1137 3378; x_wconf 90' lang='lat' dir='ltr'><strong>alias</strong></span> <span class='ocrx_word' id='word_1_469' title='bbox 1167 3326 1401 3383; x_wconf 90' lang='lat' dir='ltr'><strong>sublatis</strong></span> <span class='ocrx_word' id='word_1_470' title='bbox 1444 3330 1720 3401; x_wconf 89' lang='lat' dir='ltr'><strong>lapidibus</strong></span> <span class='ocrx_word' id='word_1_471' title='bbox 1765 3345 1827 3390; x_wconf 91' lang='lat' dir='ltr'><strong>ut</strong></span> <span class='ocrx_word' id='word_1_472' title='bbox 1857 3352 1980 3392; x_wconf 92' lang='lat' dir='ltr'><strong>eum</strong></span> 
     </span>
    </p>
   </div>
   <div class='ocr_carea' id='block_1_62' title="bbox 416 3399 1981 3480">
    <p class='ocr_par' dir='ltr' id='par_1_62' title="bbox 416 3399 1981 3480">
     <span class='ocr_line' id='line_1_62' title="bbox 416 3399 1981 3480; baseline 0.018 -28"><span class='ocrx_word' id='word_1_473' title='bbox 416 3399 811 3472; x_wconf 80' lang='lat' dir='ltr'><strong>interﬁcerent,</strong></span> <span class='ocrx_word' id='word_1_474' title='bbox 869 3410 1181 3469; x_wconf 89' lang='lat' dir='ltr'><strong>immobiles</strong></span> <span class='ocrx_word' id='word_1_475' title='bbox 1233 3399 1516 3472; x_wconf 69' lang='lat' dir='ltr'><strong>steterunt</strong></span> <span class='ocrx_word' id='word_1_476' title='bbox 1542 3422 1595 3475; x_wconf 85' lang='lat' dir='ltr'><strong>vi</strong></span> <span class='ocrx_word' id='word_1_477' title='bbox 1639 3431 1694 3477; x_wconf 87' lang='lat' dir='ltr'><strong>et</strong></span> <span class='ocrx_word' id='word_1_478' title='bbox 1743 3424 1981 3480; x_wconf 78' lang='lat' dir='ltr'><strong>ellicacia</strong></span> 
     </span>
    </p>
   </div>
   <div class='ocr_carea' id='block_1_63' title="bbox 411 3490 1972 3583">
    <p class='ocr_par' dir='ltr' id='par_1_63' title="bbox 411 3490 1972 3583">
     <span class='ocr_line' id='line_1_63' title="bbox 411 3490 1972 3583; baseline 0.018 -38"><span class='ocrx_word' id='word_1_479' title='bbox 411 3490 618 3549; x_wconf 87' lang='lat' dir='ltr'><strong>Christi</strong></span> <span class='ocrx_word' id='word_1_480' title='bbox 640 3511 739 3551; x_wconf 71' lang='grc' dir='ltr'>εει</span> <span class='ocrx_word' id='word_1_481' title='bbox 759 3513 869 3568; x_wconf 91' lang='lat' dir='ltr'><strong>quo</strong></span> <span class='ocrx_word' id='word_1_482' title='bbox 897 3501 1104 3571; x_wconf 89' lang='lat' dir='ltr'><strong>liquido</strong></span> <span class='ocrx_word' id='word_1_483' title='bbox 1120 3513 1340 3561; x_wconf 85' lang='lat' dir='ltr'><strong>constat</strong></span> <span class='ocrx_word' id='word_1_484' title='bbox 1365 3526 1512 3576; x_wconf 88' lang='lat' dir='ltr'><strong>eum,</strong></span> <span class='ocrx_word' id='word_1_485' title='bbox 1544 3513 1648 3567; x_wconf 88' lang='lat' dir='ltr'><strong>nisi</strong></span> <span class='ocrx_word' id='word_1_486' title='bbox 1677 3515 1972 3583; x_wconf 87' lang='lat' dir='ltr'><strong>volentem,</strong></span> 
     </span>
    </p>
   </div>
   <div class='ocr_carea' id='block_1_64' title="bbox 413 3593 1981 3677">
    <p class='ocr_par' dir='ltr' id='par_1_64' title="bbox 413 3593 1981 3677">
     <span class='ocr_line' id='line_1_64' title="bbox 413 3593 1981 3677; baseline 0.018 -39"><span class='ocrx_word' id='word_1_487' title='bbox 413 3598 692 3654; x_wconf 86' lang='lat' dir='ltr'><strong>nunquam</strong></span> <span class='ocrx_word' id='word_1_488' title='bbox 732 3603 1028 3657; x_wconf 90' lang='lat' dir='ltr'><strong>passurum</strong></span> <span class='ocrx_word' id='word_1_489' title='bbox 1070 3593 1268 3653; x_wconf 81' lang='lat' dir='ltr'><strong>fuisse.</strong></span> <span class='ocrx_word' id='word_1_490' title='bbox 1311 3599 1679 3662; x_wconf 87' lang='lat' dir='ltr'><strong>Nihilosecius</strong></span> <span class='ocrx_word' id='word_1_491' title='bbox 1710 3623 1806 3677; x_wconf 90' lang='lat' dir='ltr'><strong>per</strong></span> <span class='ocrx_word' id='word_1_492' title='bbox 1831 3625 1981 3665; x_wconf 84' lang='lat' dir='ltr'><strong>sum-</strong></span> 
     </span>
    </p>
   </div>
   <div class='ocr_carea' id='block_1_65' title="bbox 413 3679 1979 3753">
    <p class='ocr_par' dir='ltr' id='par_1_65' title="bbox 413 3679 1979 3753">
     <span class='ocr_line' id='line_1_65' title="bbox 413 3679 1979 3753; baseline 0.019 -28"><span class='ocrx_word' id='word_1_493' title='bbox 413 3688 556 3728; x_wconf 86' lang='lat' dir='ltr'><strong>mam</strong></span> <span class='ocrx_word' id='word_1_494' title='bbox 580 3679 1056 3736; x_wconf 88' lang='lat' dir='ltr'><strong>mansuetudinem</strong></span> <span class='ocrx_word' id='word_1_495' title='bbox 1077 3684 1330 3744; x_wconf 78' lang='lat' dir='ltr'><strong>Christus</strong></span> <span class='ocrx_word' id='word_1_496' title='bbox 1356 3689 1626 3749; x_wconf 80' lang='lat' dir='ltr'><strong>furiosum</strong></span> <span class='ocrx_word' id='word_1_497' title='bbox 1658 3708 1849 3751; x_wconf 89' lang='lat' dir='ltr'><strong>eorum</strong></span> <span class='ocrx_word' id='word_1_498' title='bbox 1877 3699 1979 3753; x_wconf 85' lang='lat' dir='ltr'><strong>im-</strong></span> 
     </span>
    </p>
   </div>
   <div class='ocr_carea' id='block_1_66' title="bbox 411 3769 1974 3855">
    <p class='ocr_par' dir='ltr' id='par_1_66' title="bbox 411 3769 1974 3855">
     <span class='ocr_line' id='line_1_66' title="bbox 411 3769 1974 3855; baseline 0.015 -35"><span class='ocrx_word' id='word_1_499' title='bbox 411 3773 596 3834; x_wconf 86' lang='lat' dir='ltr'><strong>petum</strong></span> <span class='ocrx_word' id='word_1_500' title='bbox 627 3769 875 3825; x_wconf 83' lang='lat' dir='ltr'><strong>cohibuit</strong></span> <span class='ocrx_word' id='word_1_501' title='bbox 908 3773 1104 3829; x_wconf 89' lang='lat' dir='ltr'><strong>dicens</strong></span> <span class='ocrx_word' id='word_1_502' title='bbox 1135 3796 1148 3831; x_wconf 90' lang='lat'><strong>:</strong></span> <span class='ocrx_word' id='word_1_503' title='bbox 1181 3777 1438 3850; x_wconf 83' lang='lat' dir='ltr'><strong>Nunquid</strong></span> <span class='ocrx_word' id='word_1_504' title='bbox 1471 3785 1541 3839; x_wconf 88' lang='lat' dir='ltr'><strong>ob</strong></span> <span class='ocrx_word' id='word_1_505' title='bbox 1580 3787 1806 3855; x_wconf 88' lang='lat' dir='ltr'><strong>aliquod</strong></span> <span class='ocrx_word' id='word_1_506' title='bbox 1849 3806 1974 3845; x_wconf 84' lang='lat' dir='ltr'><strong>ver-</strong></span> 
     </span>
    </p>
   </div>
   <div class='ocr_carea' id='block_1_67' title="bbox 411 3859 1978 3952">
    <p class='ocr_par' dir='ltr' id='par_1_67' title="bbox 411 3859 1978 3952">
     <span class='ocr_line' id='line_1_67' title="bbox 411 3859 1978 3952; baseline 0.016 -40"><span class='ocrx_word' id='word_1_507' title='bbox 411 3859 538 3913; x_wconf 91' lang='lat' dir='ltr'><strong>bum</strong></span> <span class='ocrx_word' id='word_1_508' title='bbox 571 3860 716 3929; x_wconf 89' lang='lat' dir='ltr'><strong>quod</strong></span> <span class='ocrx_word' id='word_1_509' title='bbox 768 3862 882 3916; x_wconf 81' lang='lat' dir='ltr'><strong>dixi</strong></span> <span class='ocrx_word' id='word_1_510' title='bbox 928 3864 1258 3936; x_wconf 87' lang='lat' dir='ltr'><strong>irascimini,</strong></span> <span class='ocrx_word' id='word_1_511' title='bbox 1313 3882 1405 3926; x_wconf 89' lang='lat' dir='ltr'><strong>aut</strong></span> <span class='ocrx_word' id='word_1_512' title='bbox 1448 3861 1526 3929; x_wconf 42' lang='lat' dir='ltr'><strong>&#39;ob</strong></span> <span class='ocrx_word' id='word_1_513' title='bbox 1563 3879 1785 3948; x_wconf 85' lang='lat' dir='ltr'><strong>aliquod</strong></span> <span class='ocrx_word' id='word_1_514' title='bbox 1839 3897 1978 3952; x_wconf 89' lang='lat' dir='ltr'><strong>opus</strong></span> 
     </span>
    </p>
   </div>
   <div class='ocr_carea' id='block_1_68' title="bbox 409 3950 1979 4044">
    <p class='ocr_par' dir='ltr' id='par_1_68' title="bbox 409 3950 1979 4044">
     <span class='ocr_line' id='line_1_68' title="bbox 409 3950 1979 4044; baseline 0.017 -41"><span class='ocrx_word' id='word_1_515' title='bbox 409 3950 557 4020; x_wconf 88' lang='lat' dir='ltr'><strong>quod</strong></span> <span class='ocrx_word' id='word_1_516' title='bbox 589 3952 728 4008; x_wconf 79' lang='lat' dir='ltr'><strong>feci?</strong></span> <span class='ocrx_word' id='word_1_517' title='bbox 756 3952 812 4008; x_wconf 88' lang='lat' dir='ltr'><strong>Si</strong></span> <span class='ocrx_word' id='word_1_518' title='bbox 843 3958 988 4010; x_wconf 92' lang='lat' dir='ltr'><strong>enim</strong></span> <span class='ocrx_word' id='word_1_519' title='bbox 1019 3975 1129 4015; x_wconf 90' lang='lat' dir='ltr'><strong>non</strong></span> <span class='ocrx_word' id='word_1_520' title='bbox 1161 3965 1332 4019; x_wconf 91' lang='lat' dir='ltr'><strong>multa</strong></span> <span class='ocrx_word' id='word_1_521' title='bbox 1377 3966 1626 4024; x_wconf 76' lang='lat' dir='ltr'><strong>fecissem</strong></span> <span class='ocrx_word' id='word_1_522' title='bbox 1662 3969 1770 4026; x_wconf 89' lang='lat' dir='ltr'><strong>Deo</strong></span> <span class='ocrx_word' id='word_1_523' title='bbox 1813 3950 1979 4044; x_wconf 42' lang='lat' dir='ltr'><strong>digna</strong></span> 
     </span>
    </p>
   </div>
   <div class='ocr_carea' id='block_1_69' title="bbox 408 4051 1978 4124">
    <p class='ocr_par' dir='ltr' id='par_1_69' title="bbox 408 4051 1978 4124">
     <span class='ocr_line' id='line_1_69' title="bbox 408 4051 1978 4124; baseline 0.015 -27"><span class='ocrx_word' id='word_1_524' title='bbox 408 4057 690 4114; x_wconf 83' lang='lat' dir='ltr'><strong>opera,me</strong></span> <span class='ocrx_word' id='word_1_525' title='bbox 720 4055 919 4104; x_wconf 88' lang='lat' dir='ltr'><strong>natura</strong></span> <span class='ocrx_word' id='word_1_526' title='bbox 947 4051 1116 4108; x_wconf 90' lang='lat' dir='ltr'><strong>Deum</strong></span> <span class='ocrx_word' id='word_1_527' title='bbox 1146 4070 1272 4112; x_wconf 88' lang='lat' dir='ltr'><strong>esse</strong></span> <span class='ocrx_word' id='word_1_528' title='bbox 1295 4061 1579 4124; x_wconf 88' lang='lat' dir='ltr'><strong>testantia,</strong></span> <span class='ocrx_word' id='word_1_529' title='bbox 1602 4065 1804 4120; x_wconf 88' lang='lat' dir='ltr'><strong>merito</strong></span> <span class='ocrx_word' id='word_1_530' title='bbox 1832 4067 1978 4120; x_wconf 90' lang='lat' dir='ltr'><strong>indi-</strong></span> 
     </span>
    </p>
   </div>
   <div class='ocr_carea' id='block_1_70' title="bbox 405 4135 1977 4223">
    <p class='ocr_par' dir='ltr' id='par_1_70' title="bbox 405 4135 1977 4223">
     <span class='ocr_line' id='line_1_70' title="bbox 405 4135 1977 4223; baseline 0.012 -36"><span class='ocrx_word' id='word_1_531' title='bbox 405 4135 710 4204; x_wconf 77' lang='lat' dir='ltr'><strong>gnaremini</strong></span> <span class='ocrx_word' id='word_1_532' title='bbox 745 4138 1031 4197; x_wconf 90' lang='lat' dir='ltr'><strong>audientes</strong></span> <span class='ocrx_word' id='word_1_533' title='bbox 1067 4157 1153 4198; x_wconf 92' lang='lat' dir='ltr'><strong>me</strong></span> <span class='ocrx_word' id='word_1_534' title='bbox 1181 4159 1327 4201; x_wconf 91' lang='lat' dir='ltr'><strong>nunc</strong></span> <span class='ocrx_word' id='word_1_535' title='bbox 1362 4145 1639 4204; x_wconf 86' lang='lat' dir='ltr'><strong>dicentem</strong></span> <span class='ocrx_word' id='word_1_536' title='bbox 1676 4170 1689 4206; x_wconf 74' lang='grc' dir='ltr'><strong>ε</strong></span> <span class='ocrx_word' id='word_1_537' title='bbox 1729 4172 1748 4204; x_wconf 80' lang='grc' dir='ltr'><strong>ι</strong></span> <span class='ocrx_word' id='word_1_538' title='bbox 1785 4153 1900 4223; x_wconf 81' lang='lat' dir='ltr'><strong>Ego</strong></span> <span class='ocrx_word' id='word_1_539' title='bbox 1923 4161 1977 4208; x_wconf 90' lang='lat' dir='ltr'><strong>et</strong></span> 
     </span>
    </p>
   </div>
   <div class='ocr_carea' id='block_1_71' title="bbox 404 4223 1975 4310">
    <p class='ocr_par' dir='ltr' id='par_1_71' title="bbox 404 4223 1975 4310">
     <span class='ocr_line' id='line_1_71' title="bbox 404 4223 1975 4310; baseline 0.013 -31"><span class='ocrx_word' id='word_1_540' title='bbox 404 4223 565 4282; x_wconf 87' lang='lat' dir='ltr'><strong>Pater</strong></span> <span class='ocrx_word' id='word_1_541' title='bbox 606 4244 776 4283; x_wconf 88' lang='lat' dir='ltr'><strong>unum</strong></span> <span class='ocrx_word' id='word_1_542' title='bbox 812 4246 1040 4300; x_wconf 89' lang='lat' dir='ltr'><strong>sumus;</strong></span> <span class='ocrx_word' id='word_1_543' title='bbox 1084 4252 1104 4285; x_wconf 86' lang='grc'><strong>›</strong></span> <span class='ocrx_word' id='word_1_544' title='bbox 1139 4235 1236 4290; x_wconf 90' lang='lat' dir='ltr'><strong>sed</strong></span> <span class='ocrx_word' id='word_1_545' title='bbox 1271 4253 1379 4293; x_wconf 90' lang='lat' dir='ltr'><strong>non</strong></span> <span class='ocrx_word' id='word_1_546' title='bbox 1411 4238 1516 4294; x_wconf 89' lang='lat' dir='ltr'><strong>hoc</strong></span> <span class='ocrx_word' id='word_1_547' title='bbox 1545 4241 1833 4310; x_wconf 78' lang='lat' dir='ltr'><strong>dixissem,</strong></span> <span class='ocrx_word' id='word_1_548' title='bbox 1869 4245 1975 4300; x_wconf 90' lang='lat' dir='ltr'><strong>nisi</strong></span> 
     </span>
    </p>
   </div>
   <div class='ocr_carea' id='block_1_72' title="bbox 404 4321 1976 4396">
    <p class='ocr_par' dir='ltr' id='par_1_72' title="bbox 404 4321 1976 4396">
     <span class='ocr_line' id='line_1_72' title="bbox 404 4321 1976 4396; baseline 0.012 -24"><span class='ocrx_word' id='word_1_549' title='bbox 404 4333 503 4389; x_wconf 87' lang='lat' dir='ltr'><strong>per</strong></span> <span class='ocrx_word' id='word_1_550' title='bbox 530 4321 718 4375; x_wconf 89' lang='lat' dir='ltr'><strong>omnia</strong></span> <span class='ocrx_word' id='word_1_551' title='bbox 752 4338 874 4392; x_wconf 73' lang='lat' dir='ltr'><strong>qua:</strong></span> <span class='ocrx_word' id='word_1_552' title='bbox 915 4325 1021 4380; x_wconf 83' lang='lat' dir='ltr'><strong>feci</strong></span> <span class='ocrx_word' id='word_1_553' title='bbox 1052 4328 1397 4396; x_wconf 90' lang='lat' dir='ltr'><strong>probassem.</strong></span> <span class='ocrx_word' id='word_1_554' title='bbox 1441 4331 1533 4386; x_wconf 87' lang='lat' dir='ltr'><strong>Ait</strong></span> <span class='ocrx_word' id='word_1_555' title='bbox 1574 4349 1705 4389; x_wconf 88' lang='lat' dir='ltr'><strong>vero</strong></span> <span class='ocrx_word' id='word_1_556' title='bbox 1748 4351 1778 4390; x_wconf 89' lang='lat' dir='ltr'><strong>a</strong></span> <span class='ocrx_word' id='word_1_557' title='bbox 1815 4336 1976 4391; x_wconf 82' lang='lat' dir='ltr'><strong>Patre</strong></span> 
     </span>
    </p>
   </div>
   <div class='ocr_carea' id='block_1_73' title="bbox 403 4414 1972 4487">
    <p class='ocr_par' dir='ltr' id='par_1_73' title="bbox 403 4414 1972 4487">
     <span class='ocr_line' id='line_1_73' title="bbox 403 4414 1972 4487; baseline 0.011 -21"><span class='ocrx_word' id='word_1_558' title='bbox 403 4418 458 4466; x_wconf 89' lang='lat' dir='ltr'><strong>et</strong></span> <span class='ocrx_word' id='word_1_559' title='bbox 484 4426 595 4466; x_wconf 92' lang='lat' dir='ltr'><strong>non</strong></span> <span class='ocrx_word' id='word_1_560' title='bbox 618 4427 647 4466; x_wconf 87' lang='lat' dir='ltr'><strong>a</strong></span> <span class='ocrx_word' id='word_1_561' title='bbox 675 4414 861 4484; x_wconf 85' lang='lat' dir='ltr'><strong>seipso</strong></span> <span class='ocrx_word' id='word_1_562' title='bbox 886 4431 1074 4487; x_wconf 91' lang='lat' dir='ltr'><strong>opera,</strong></span> <span class='ocrx_word' id='word_1_563' title='bbox 1107 4421 1376 4477; x_wconf 85' lang='lat' dir='ltr'><strong>modestia</strong></span> <span class='ocrx_word' id='word_1_564' title='bbox 1418 4425 1678 4479; x_wconf 88' lang='lat' dir='ltr'><strong>nimirum</strong></span> <span class='ocrx_word' id='word_1_565' title='bbox 1717 4437 1879 4484; x_wconf 90' lang='lat' dir='ltr'><strong>utens</strong></span> <span class='ocrx_word' id='word_1_566' title='bbox 1906 4428 1972 4483; x_wconf 89' lang='lat' dir='ltr'><strong>ad</strong></span> 
     </span>
    </p>
   </div>
   <div class='ocr_carea' id='block_1_74' title="bbox 2083 3241 3660 3315">
    <p class='ocr_par' dir='ltr' id='par_1_74' title="bbox 2083 3241 3660 3315">
     <span class='ocr_line' id='line_1_74' title="bbox 2083 3241 3660 3315; baseline 0.007 -22"><span class='ocrx_word' id='word_1_567' title='bbox 2083 3241 2245 3294; x_wconf 77' lang='grc' dir='ltr'>αὐτὸν</span> <span class='ocrx_word' id='word_1_568' title='bbox 2275 3242 2716 3312; x_wconf 82' lang='grc' dir='ltr'>ἀναγορευόντων</span> <span class='ocrx_word' id='word_1_569' title='bbox 2746 3242 2926 3311; x_wconf 81' lang='grc' dir='ltr'>φύσει.</span> <span class='ocrx_word' id='word_1_570' title='bbox 2957 3246 3032 3298; x_wconf 85' lang='grc' dir='ltr'><strong>Οὐ</strong></span> <span class='ocrx_word' id='word_1_571' title='bbox 3072 3246 3231 3315; x_wconf 79' lang='grc' dir='ltr'>μόνον</span> <span class='ocrx_word' id='word_1_572' title='bbox 3265 3247 3323 3300; x_wconf 87' lang='grc' dir='ltr'><strong>δὲ</strong></span> <span class='ocrx_word' id='word_1_573' title='bbox 3370 3249 3484 3313; x_wconf 83' lang='grc' dir='ltr'>νῦν,</span> <span class='ocrx_word' id='word_1_574' title='bbox 3519 3249 3660 3304; x_wconf 62' lang='grc' dir='ltr'>ἀλλὰ</span> 
     </span>
    </p>
   </div>
   <div class='ocr_carea' id='block_1_75' title="bbox 2083 3331 3653 3408">
    <p class='ocr_par' dir='ltr' id='par_1_75' title="bbox 2083 3331 3653 3408">
     <span class='ocr_line' id='line_1_75' title="bbox 2083 3331 3653 3408; baseline 0.005 -22"><span class='ocrx_word' id='word_1_575' title='bbox 2083 3333 2176 3387; x_wconf 84' lang='grc' dir='ltr'>καὶ</span> <span class='ocrx_word' id='word_1_576' title='bbox 2209 3331 2394 3388; x_wconf 82' lang='grc' dir='ltr'>ἄλλοτε</span> <span class='ocrx_word' id='word_1_577' title='bbox 2432 3332 2685 3397; x_wconf 77' lang='grc' dir='ltr'>λαϐόντες</span> <span class='ocrx_word' id='word_1_578' title='bbox 2732 3334 2910 3399; x_wconf 82' lang='grc' dir='ltr'>λίθους</span> <span class='ocrx_word' id='word_1_579' title='bbox 2931 3336 3024 3389; x_wconf 66' lang='lat' dir='ltr'><strong>ent</strong></span> <span class='ocrx_word' id='word_1_580' title='bbox 3060 3337 3140 3406; x_wconf 84' lang='grc' dir='ltr'>τῷ</span> <span class='ocrx_word' id='word_1_581' title='bbox 3183 3338 3345 3392; x_wconf 81' lang='grc' dir='ltr'>αὺτδν</span> <span class='ocrx_word' id='word_1_582' title='bbox 3376 3340 3653 3408; x_wconf 84' lang='grc' dir='ltr'>φονεῦσαι,</span> 
     </span>
    </p>
   </div>
   <div class='ocr_carea' id='block_1_76' title="bbox 2079 3424 3668 3501">
    <p class='ocr_par' dir='ltr' id='par_1_76' title="bbox 2079 3424 3668 3501">
     <span class='ocr_line' id='line_1_76' title="bbox 2079 3424 3668 3501; baseline 0.003 -21"><span class='ocrx_word' id='word_1_583' title='bbox 2079 3424 2329 3495; x_wconf 78' lang='grc' dir='ltr'>ἀκίνητοι</span> <span class='ocrx_word' id='word_1_584' title='bbox 2359 3425 2593 3495; x_wconf 73' lang='grc' dir='ltr'>ἔστησαν</span> <span class='ocrx_word' id='word_1_585' title='bbox 2615 3425 2865 3498; x_wconf 74' lang='grc' dir='ltr'>ἐνεργείᾳ</span> <span class='ocrx_word' id='word_1_586' title='bbox 2887 3430 2951 3498; x_wconf 80' lang='grc' dir='ltr'><strong>τῇ</strong></span> <span class='ocrx_word' id='word_1_587' title='bbox 2981 3427 3073 3480; x_wconf 88' lang='lat' dir='ltr'><strong>toﬁ</strong></span> <span class='ocrx_word' id='word_1_588' title='bbox 3101 3428 3335 3500; x_wconf 80' lang='grc' dir='ltr'>Χριστοῦ</span> <span class='ocrx_word' id='word_1_589' title='bbox 3353 3447 3370 3463; x_wconf 87' lang='grc'><strong>·</strong></span> <span class='ocrx_word' id='word_1_590' title='bbox 3401 3429 3476 3493; x_wconf 84' lang='grc' dir='ltr'>ὡς</span> <span class='ocrx_word' id='word_1_591' title='bbox 3496 3431 3668 3501; x_wconf 64' lang='grc' dir='ltr'>δῆλον</span> 
     </span>
    </p>
   </div>
   <div class='ocr_carea' id='block_1_77' title="bbox 2081 3517 3654 3594">
    <p class='ocr_par' dir='ltr' id='par_1_77' title="bbox 2081 3517 3654 3594">
     <span class='ocr_line' id='line_1_77' title="bbox 2081 3517 3654 3594; baseline 0.004 -25"><span class='ocrx_word' id='word_1_592' title='bbox 2081 3517 2176 3569; x_wconf 76' lang='grc' dir='ltr'>καὶ</span> <span class='ocrx_word' id='word_1_593' title='bbox 2206 3517 2272 3570; x_wconf 81' lang='grc' dir='ltr'>ἐκ</span> <span class='ocrx_word' id='word_1_594' title='bbox 2311 3517 2501 3570; x_wconf 82' lang='grc' dir='ltr'>τούτου</span> <span class='ocrx_word' id='word_1_595' title='bbox 2548 3519 2824 3585; x_wconf 85' lang='grc' dir='ltr'>γενέσθαι,</span> <span class='ocrx_word' id='word_1_596' title='bbox 2866 3519 2948 3572; x_wconf 87' lang='grc' dir='ltr'>ὃτι</span> <span class='ocrx_word' id='word_1_597' title='bbox 2971 3521 3071 3574; x_wconf 84' lang='grc' dir='ltr'>οὐκ</span> <span class='ocrx_word' id='word_1_598' title='bbox 3114 3520 3179 3574; x_wconf 82' lang='grc' dir='ltr'>ἂν</span> <span class='ocrx_word' id='word_1_599' title='bbox 3212 3522 3468 3592; x_wconf 74' lang='grc' dir='ltr'>ἔπασχεν,</span> <span class='ocrx_word' id='word_1_600' title='bbox 3500 3524 3548 3575; x_wconf 85' lang='grc' dir='ltr'><strong>εί</strong></span> <span class='ocrx_word' id='word_1_601' title='bbox 3577 3524 3654 3594; x_wconf 85' lang='grc' dir='ltr'><strong>μὴ</strong></span> 
     </span>
    </p>
   </div>
   <div class='ocr_carea' id='block_1_78' title="bbox 2081 3608 3653 3685">
    <p class='ocr_par' dir='ltr' id='par_1_78' title="bbox 2081 3608 3653 3685">
     <span class='ocr_line' id='line_1_78' title="bbox 2081 3608 3653 3685; baseline 0.005 -24"><span class='ocrx_word' id='word_1_602' title='bbox 2081 3608 2244 3662; x_wconf 80' lang='grc' dir='ltr'>ἑκών.</span> <span class='ocrx_word' id='word_1_603' title='bbox 2277 3608 2468 3679; x_wconf 84' lang='grc' dir='ltr'>Ὅμως</span> <span class='ocrx_word' id='word_1_604' title='bbox 2492 3608 2578 3661; x_wconf 87' lang='grc' dir='ltr'>διὰ</span> <span class='ocrx_word' id='word_1_605' title='bbox 2598 3609 2866 3678; x_wconf 70' lang='grc' dir='ltr'>ὴπιότηηα</span> <span class='ocrx_word' id='word_1_606' title='bbox 2887 3611 2915 3662; x_wconf 84' lang='grc' dir='ltr'><strong>ὀ</strong></span> <span class='ocrx_word' id='word_1_607' title='bbox 2947 3612 3182 3680; x_wconf 77' lang='grc' dir='ltr'>Χριστὸς</span> <span class='ocrx_word' id='word_1_608' title='bbox 3206 3613 3526 3668; x_wconf 80' lang='grc' dir='ltr'>κατέστελλε</span> <span class='ocrx_word' id='word_1_609' title='bbox 3552 3617 3653 3685; x_wconf 82' lang='grc' dir='ltr'>τὴν</span> 
     </span>
    </p>
   </div>
   <div class='ocr_carea' id='block_1_79' title="bbox 2079 3701 3663 3774">
    <p class='ocr_par' dir='ltr' id='par_1_79' title="bbox 2079 3701 3663 3774">
     <span class='ocr_line' id='line_1_79' title="bbox 2079 3701 3663 3774; baseline 0.004 -19"><span class='ocrx_word' id='word_1_610' title='bbox 2079 3702 2301 3756; x_wconf 79' lang='grc' dir='ltr'>ἐκείνων</span> <span class='ocrx_word' id='word_1_611' title='bbox 2347 3701 2538 3769; x_wconf 75' lang='grc' dir='ltr'>ἄλογον</span> <span class='ocrx_word' id='word_1_612' title='bbox 2581 3703 2778 3773; x_wconf 83' lang='grc' dir='ltr'>ὁρμὴν,</span> <span class='ocrx_word' id='word_1_613' title='bbox 2810 3702 2983 3770; x_wconf 83' lang='grc' dir='ltr'>λέγων</span> <span class='ocrx_word' id='word_1_614' title='bbox 3004 3746 3018 3769; x_wconf 87' lang='grc'><strong>,</strong></span> <span class='ocrx_word' id='word_1_615' title='bbox 3060 3706 3143 3766; x_wconf 86' lang='grc' dir='ltr'>οὺ,</span> <span class='ocrx_word' id='word_1_616' title='bbox 3184 3706 3282 3759; x_wconf 87' lang='grc' dir='ltr'><strong>Διὰ</strong></span> <span class='ocrx_word' id='word_1_617' title='bbox 3313 3709 3462 3759; x_wconf 84' lang='grc' dir='ltr'>ποῖον</span> <span class='ocrx_word' id='word_1_618' title='bbox 3492 3707 3663 3774; x_wconf 78' lang='grc' dir='ltr'>λόγον·</span> 
     </span>
    </p>
   </div>
   <div class='ocr_carea' id='block_1_80' title="bbox 2079 3789 3648 3868">
    <p class='ocr_par' dir='ltr' id='par_1_80' title="bbox 2079 3789 3648 3868">
     <span class='ocr_line' id='line_1_80' title="bbox 2079 3789 3648 3868; baseline 0.003 -21"><span class='ocrx_word' id='word_1_619' title='bbox 2079 3795 2137 3848; x_wconf 82' lang='grc' dir='ltr'>ὃν</span> <span class='ocrx_word' id='word_1_620' title='bbox 2158 3789 2329 3858; x_wconf 78' lang='grc' dir='ltr'>εἷπον,</span> <span class='ocrx_word' id='word_1_621' title='bbox 2355 3793 2664 3864; x_wconf 79' lang='grc' dir='ltr'>θυμοῦσθε;</span> <span class='ocrx_word' id='word_1_622' title='bbox 2687 3793 2843 3858; x_wconf 79' lang='grc' dir='ltr'>ἀλλὰ,</span> <span class='ocrx_word' id='word_1_623' title='bbox 2859 3793 2958 3847; x_wconf 78' lang='grc' dir='ltr'><strong>Διὰ</strong></span> <span class='ocrx_word' id='word_1_624' title='bbox 2985 3797 3134 3848; x_wconf 81' lang='grc' dir='ltr'>ποῖον</span> <span class='ocrx_word' id='word_1_625' title='bbox 3156 3797 3315 3866; x_wconf 75' lang='grc' dir='ltr'>ἔργον</span> <span class='ocrx_word' id='word_1_626' title='bbox 3331 3797 3359 3850; x_wconf 81' lang='grc' dir='ltr'><strong>ὃ</strong></span> <span class='ocrx_word' id='word_1_627' title='bbox 3382 3799 3648 3868; x_wconf 87' lang='grc' dir='ltr'>ὲποίησα;</span> 
     </span>
    </p>
   </div>
   <div class='ocr_carea' id='block_1_81' title="bbox 2078 3885 3655 3960">
    <p class='ocr_par' dir='ltr' id='par_1_81' title="bbox 2078 3885 3655 3960">
     <span class='ocr_line' id='line_1_81' title="bbox 2078 3885 3655 3960; baseline 0.003 -22"><span class='ocrx_word' id='word_1_628' title='bbox 2078 3887 2140 3939; x_wconf 81' lang='grc' dir='ltr'><strong>Εἰ</strong></span> <span class='ocrx_word' id='word_1_629' title='bbox 2170 3886 2278 3957; x_wconf 88' lang='grc' dir='ltr'><strong>γὰρ</strong></span> <span class='ocrx_word' id='word_1_630' title='bbox 2320 3886 2393 3956; x_wconf 80' lang='grc' dir='ltr'>μὴ</span> <span class='ocrx_word' id='word_1_631' title='bbox 2422 3885 2674 3954; x_wconf 74' lang='grc' dir='ltr'>ἐποίησα,</span> <span class='ocrx_word' id='word_1_632' title='bbox 2706 3887 2858 3954; x_wconf 74' lang='grc' dir='ltr'>φησὶ,</span> <span class='ocrx_word' id='word_1_633' title='bbox 2905 3886 3073 3939; x_wconf 86' lang='grc' dir='ltr'>πολλὰ</span> <span class='ocrx_word' id='word_1_634' title='bbox 3113 3886 3385 3960; x_wconf 84' lang='grc' dir='ltr'>θεοπρεπῆ</span> <span class='ocrx_word' id='word_1_635' title='bbox 3419 3890 3552 3960; x_wconf 77' lang='grc' dir='ltr'>ἔργα</span> <span class='ocrx_word' id='word_1_636' title='bbox 3583 3892 3655 3944; x_wconf 78' lang='grc' dir='ltr'>τὰ</span> 
     </span>
    </p>
   </div>
   <div class='ocr_carea' id='block_1_82' title="bbox 2077 3977 3648 4048">
    <p class='ocr_par' dir='ltr' id='par_1_82' title="bbox 2077 3977 3648 4048">
     <span class='ocr_line' id='line_1_82' title="bbox 2077 3977 3648 4048; baseline 0.003 -18"><span class='ocrx_word' id='word_1_637' title='bbox 2077 3978 2358 4032; x_wconf 78' lang='grc' dir='ltr'>δεικνύντα</span> <span class='ocrx_word' id='word_1_638' title='bbox 2395 3995 2460 4046; x_wconf 89' lang='grc' dir='ltr'>με</span> <span class='ocrx_word' id='word_1_639' title='bbox 2501 3977 2661 4047; x_wconf 88' lang='grc' dir='ltr'>φύσει</span> <span class='ocrx_word' id='word_1_640' title='bbox 2707 3978 2858 4044; x_wconf 85' lang='grc' dir='ltr'>Θεὸν,</span> <span class='ocrx_word' id='word_1_641' title='bbox 2918 3979 3142 4042; x_wconf 85' lang='grc' dir='ltr'>εἰκότως</span> <span class='ocrx_word' id='word_1_642' title='bbox 3169 3980 3235 4033; x_wconf 84' lang='grc' dir='ltr'>ἂν</span> <span class='ocrx_word' id='word_1_643' title='bbox 3266 3982 3648 4048; x_wconf 81' lang='grc' dir='ltr'>ἠγανακτεῖτε,</span> 
     </span>
    </p>
   </div>
   <div class='ocr_carea' id='block_1_83' title="bbox 2076 4069 3659 4144">
    <p class='ocr_par' dir='ltr' id='par_1_83' title="bbox 2076 4069 3659 4144">
     <span class='ocr_line' id='line_1_83' title="bbox 2076 4069 3659 4144; baseline 0.001 -21"><span class='ocrx_word' id='word_1_644' title='bbox 2076 4071 2171 4124; x_wconf 83' lang='grc' dir='ltr'><strong>νῦν</strong></span> <span class='ocrx_word' id='word_1_645' title='bbox 2199 4069 2488 4133; x_wconf 80' lang='grc' dir='ltr'>ἀκούοντές</span> <span class='ocrx_word' id='word_1_646' title='bbox 2519 4087 2622 4140; x_wconf 88' lang='grc' dir='ltr'>μου</span> <span class='ocrx_word' id='word_1_647' title='bbox 2640 4069 2888 4138; x_wconf 77' lang='grc' dir='ltr'>λέγοντος</span> <span class='ocrx_word' id='word_1_648' title='bbox 2909 4088 2922 4101; x_wconf 86' lang='lat'><strong><em>°</em></strong></span> <span class='ocrx_word' id='word_1_649' title='bbox 2961 4090 2980 4122; x_wconf 74' lang='grc' dir='ltr'><strong>ι</strong></span> <span class='ocrx_word' id='word_1_650' title='bbox 3020 4072 3160 4140; x_wconf 86' lang='grc' dir='ltr'><strong>Ἐγὼ</strong></span> <span class='ocrx_word' id='word_1_651' title='bbox 3189 4075 3282 4126; x_wconf 76' lang='grc' dir='ltr'><strong>καὶ</strong></span> <span class='ocrx_word' id='word_1_652' title='bbox 3308 4076 3335 4126; x_wconf 93' lang='lat'><strong>6</strong></span> <span class='ocrx_word' id='word_1_653' title='bbox 3371 4075 3559 4144; x_wconf 80' lang='grc' dir='ltr'>Πατὴρ</span> <span class='ocrx_word' id='word_1_654' title='bbox 3591 4077 3659 4128; x_wconf 60' lang='grc' dir='ltr'>ἓν</span> 
     </span>
    </p>
   </div>
   <div class='ocr_carea' id='block_1_84' title="bbox 2076 4158 3650 4234">
    <p class='ocr_par' dir='ltr' id='par_1_84' title="bbox 2076 4158 3650 4234">
     <span class='ocr_line' id='line_1_84' title="bbox 2076 4158 3650 4234; baseline 0.004 -21"><span class='ocrx_word' id='word_1_655' title='bbox 2076 4162 2243 4223; x_wconf 79' lang='grc' dir='ltr'>ἐσμεν</span> <span class='ocrx_word' id='word_1_656' title='bbox 2275 4181 2294 4210; x_wconf 74' lang='grc' dir='ltr'><strong>ι</strong></span> <span class='ocrx_word' id='word_1_657' title='bbox 2328 4160 2465 4214; x_wconf 83' lang='grc' dir='ltr'>Ἀλλ’</span> <span class='ocrx_word' id='word_1_658' title='bbox 2492 4162 2593 4214; x_wconf 84' lang='grc' dir='ltr'>οὐκ</span> <span class='ocrx_word' id='word_1_659' title='bbox 2629 4162 2694 4215; x_wconf 83' lang='grc' dir='ltr'>ἂν</span> <span class='ocrx_word' id='word_1_660' title='bbox 2742 4158 2894 4216; x_wconf 86' lang='grc' dir='ltr'>εἷπον</span> <span class='ocrx_word' id='word_1_661' title='bbox 2920 4162 3097 4223; x_wconf 82' lang='grc' dir='ltr'>τοῦτο,</span> <span class='ocrx_word' id='word_1_662' title='bbox 3120 4164 3166 4216; x_wconf 86' lang='grc' dir='ltr'><strong>εί</strong></span> <span class='ocrx_word' id='word_1_663' title='bbox 3199 4163 3271 4234; x_wconf 82' lang='grc' dir='ltr'>μὴ</span> <span class='ocrx_word' id='word_1_664' title='bbox 3315 4165 3405 4218; x_wconf 85' lang='grc' dir='ltr'><strong>διὰ</strong></span> <span class='ocrx_word' id='word_1_665' title='bbox 3433 4166 3650 4220; x_wconf 87' lang='grc' dir='ltr'>πάντων</span> 
     </span>
    </p>
   </div>
   <div class='ocr_carea' id='block_1_85' title="bbox 2075 4246 3650 4330">
    <p class='ocr_par' dir='ltr' id='par_1_85' title="bbox 2075 4246 3650 4330">
     <span class='ocr_line' id='line_1_85' title="bbox 2075 4246 3650 4330; baseline 0.005 -25"><span class='ocrx_word' id='word_1_666' title='bbox 2075 4246 2150 4306; x_wconf 82' lang='grc' dir='ltr'>ὦν</span> <span class='ocrx_word' id='word_1_667' title='bbox 2184 4253 2435 4319; x_wconf 79' lang='grc' dir='ltr'>ἐποίησα,</span> <span class='ocrx_word' id='word_1_668' title='bbox 2473 4251 2633 4305; x_wconf 83' lang='grc' dir='ltr'>τοῦτο</span> <span class='ocrx_word' id='word_1_669' title='bbox 2660 4253 2858 4318; x_wconf 73' lang='grc' dir='ltr'>ἔδειξα.</span> <span class='ocrx_word' id='word_1_670' title='bbox 2887 4256 3023 4325; x_wconf 76' lang='grc' dir='ltr'>Φησὶ</span> <span class='ocrx_word' id='word_1_671' title='bbox 3050 4255 3106 4306; x_wconf 83' lang='grc' dir='ltr'><strong>δὲ</strong></span> <span class='ocrx_word' id='word_1_672' title='bbox 3135 4256 3288 4326; x_wconf 85' lang='grc' dir='ltr'>παρὰ</span> <span class='ocrx_word' id='word_1_673' title='bbox 3319 4257 3413 4310; x_wconf 83' lang='grc' dir='ltr'><strong>τοῦ</strong></span> <span class='ocrx_word' id='word_1_674' title='bbox 3437 4260 3650 4330; x_wconf 71' lang='grc' dir='ltr'>Πατρὸς</span> 
     </span>
    </p>
   </div>
   <div class='ocr_carea' id='block_1_86' title="bbox 2075 4342 3652 4420">
    <p class='ocr_par' dir='ltr' id='par_1_86' title="bbox 2075 4342 3652 4420">
     <span class='ocr_line' id='line_1_86' title="bbox 2075 4342 3652 4420; baseline 0.002 -23"><span class='ocrx_word' id='word_1_675' title='bbox 2075 4345 2136 4397; x_wconf 76' lang='grc' dir='ltr'>οὐ</span> <span class='ocrx_word' id='word_1_676' title='bbox 2169 4343 2299 4414; x_wconf 49' lang='grc' dir='ltr'>παρέ</span> <span class='ocrx_word' id='word_1_677' title='bbox 2332 4342 2526 4395; x_wconf 79' lang='grc' dir='ltr'>ἑαυτοῦ</span> <span class='ocrx_word' id='word_1_678' title='bbox 2565 4342 2635 4397; x_wconf 83' lang='grc' dir='ltr'>τὰ</span> <span class='ocrx_word' id='word_1_679' title='bbox 2679 4343 2817 4414; x_wconf 78' lang='grc' dir='ltr'>ἔργα</span> <span class='ocrx_word' id='word_1_680' title='bbox 2845 4386 2860 4406; x_wconf 89' lang='grc'><strong>,</strong></span> <span class='ocrx_word' id='word_1_681' title='bbox 2905 4347 3310 4416; x_wconf 82' lang='grc' dir='ltr'>μετριοφρονῶν</span> <span class='ocrx_word' id='word_1_682' title='bbox 3363 4349 3501 4420; x_wconf 88' lang='grc' dir='ltr'>πρὸς</span> <span class='ocrx_word' id='word_1_683' title='bbox 3548 4349 3652 4418; x_wconf 80' lang='grc' dir='ltr'>τὴν</span> 
     </span>
    </p>
   </div>
   <div class='ocr_carea' id='block_1_87' title="bbox 2075 4433 3644 4511">
    <p class='ocr_par' dir='ltr' id='par_1_87' title="bbox 2075 4433 3644 4511">
     <span class='ocr_line' id='line_1_87' title="bbox 2075 4433 3644 4511; baseline 0.005 -25"><span class='ocrx_word' id='word_1_684' title='bbox 2075 4435 2232 4506; x_wconf 84' lang='grc' dir='ltr'><strong>ἡμῶν</strong></span> <span class='ocrx_word' id='word_1_685' title='bbox 2259 4433 2548 4502; x_wconf 81' lang='grc' dir='ltr'>ὠφέλειαν,</span> <span class='ocrx_word' id='word_1_686' title='bbox 2577 4434 2665 4488; x_wconf 84' lang='grc' dir='ltr'><strong>ἴνα</strong></span> <span class='ocrx_word' id='word_1_687' title='bbox 2698 4436 2771 4505; x_wconf 82' lang='grc' dir='ltr'><strong>μὴ</strong></span> <span class='ocrx_word' id='word_1_688' title='bbox 2800 4436 2928 4490; x_wconf 84' lang='grc' dir='ltr'>ὅταν</span> <span class='ocrx_word' id='word_1_689' title='bbox 2967 4436 3223 4508; x_wconf 82' lang='grc' dir='ltr'>λάϐωμέν</span> <span class='ocrx_word' id='word_1_690' title='bbox 3241 4455 3297 4492; x_wconf 90' lang='grc' dir='ltr'><strong>τι</strong></span> <span class='ocrx_word' id='word_1_691' title='bbox 3318 4439 3468 4511; x_wconf 82' lang='grc' dir='ltr'>παρὰ</span> <span class='ocrx_word' id='word_1_692' title='bbox 3485 4440 3644 4502; x_wconf 81' lang='grc' dir='ltr'>Θεοῦ.</span> 
     </span>
    </p>
   </div>
   <div class='ocr_carea' id='block_1_88' title="bbox 403 4510 1982 4602">
    <p class='ocr_par' dir='ltr' id='par_1_88' title="bbox 403 4510 1974 4595">
     <span class='ocr_line' id='line_1_88' title="bbox 403 4510 1974 4595; baseline 0.012 -35"><span class='ocrx_word' id='word_1_693' title='bbox 403 4514 650 4560; x_wconf 89' lang='lat' dir='ltr'><strong>nostram</strong></span> <span class='ocrx_word' id='word_1_694' title='bbox 687 4510 1000 4577; x_wconf 91' lang='lat' dir='ltr'><strong>utilitatem,</strong></span> <span class='ocrx_word' id='word_1_695' title='bbox 1046 4529 1114 4570; x_wconf 91' lang='lat' dir='ltr'><strong>ne</strong></span> <span class='ocrx_word' id='word_1_696' title='bbox 1144 4531 1273 4570; x_wconf 91' lang='lat' dir='ltr'><strong>cum</strong></span> <span class='ocrx_word' id='word_1_697' title='bbox 1303 4519 1510 4588; x_wconf 89' lang='lat' dir='ltr'><strong>aliquid</strong></span> <span class='ocrx_word' id='word_1_698' title='bbox 1549 4535 1579 4574; x_wconf 93' lang='lat' dir='ltr'><strong>a</strong></span> <span class='ocrx_word' id='word_1_699' title='bbox 1610 4519 1722 4576; x_wconf 92' lang='lat' dir='ltr'><strong>Deo</strong></span> <span class='ocrx_word' id='word_1_700' title='bbox 1755 4525 1974 4595; x_wconf 83' lang='lat' dir='ltr'><strong>accepi-</strong></span> 
     </span>
    </p>
   </div>
   <div class='ocr_carea' id='block_1_89' title="bbox 2093 4510 3648 4602">
    <p class='ocr_par' dir='ltr' id='par_1_89' title="bbox 2093 4510 3648 4602">
     <span class='ocr_line' id='line_1_89' title="bbox 2093 4510 3648 4602; baseline 0.006 -26"><span class='ocrx_word' id='word_1_701' title='bbox 2093 4522 2549 4593; x_wconf 71' lang='grc' dir='ltr'>ἰλαζονευώμεθα.</span> <span class='ocrx_word' id='word_1_702' title='bbox 2593 4523 2899 4594; x_wconf 84' lang='grc' dir='ltr'>Δεδειχέναι</span> <span class='ocrx_word' id='word_1_703' title='bbox 2937 4526 2994 4579; x_wconf 78' lang='grc' dir='ltr'><strong>δὲ</strong></span> <span class='ocrx_word' id='word_1_704' title='bbox 3045 4529 3175 4599; x_wconf 82' lang='grc' dir='ltr'>περὶ</span> <span class='ocrx_word' id='word_1_705' title='bbox 3213 4529 3308 4582; x_wconf 90' lang='lat' dir='ltr'><strong>toﬁ</strong></span> <span class='ocrx_word' id='word_1_706' title='bbox 3339 4510 3547 4602; x_wconf 82' lang='grc' dir='ltr'>Πατρδς</span> <span class='ocrx_word' id='word_1_707' title='bbox 3579 4533 3648 4585; x_wconf 69' lang='grc' dir='ltr'><strong>τὰ</strong></span> 
     </span>
    </p>
   </div>
   <div class='ocr_carea' id='block_1_90' title="bbox 404 4605 1974 4671">
    <p class='ocr_par' dir='ltr' id='par_1_90' title="bbox 404 4605 1974 4671">
     <span class='ocr_line' id='line_1_90' title="bbox 404 4605 1974 4671; baseline 0.013 -20"><span class='ocrx_word' id='word_1_708' title='bbox 404 4612 551 4664; x_wconf 91' lang='lat' dir='ltr'><strong>mus,</strong></span> <span class='ocrx_word' id='word_1_709' title='bbox 585 4612 910 4670; x_wconf 85' lang='lat' dir='ltr'><strong>arrogantes</strong></span> <span class='ocrx_word' id='word_1_710' title='bbox 934 4605 1127 4661; x_wconf 89' lang='lat' dir='ltr'><strong>simus.</strong></span> <span class='ocrx_word' id='word_1_711' title='bbox 1149 4605 1472 4666; x_wconf 87' lang='lat' dir='ltr'><strong>Ostendisse</strong></span> <span class='ocrx_word' id='word_1_712' title='bbox 1501 4627 1632 4668; x_wconf 86' lang='lat' dir='ltr'><strong>vero</strong></span> <span class='ocrx_word' id='word_1_713' title='bbox 1662 4629 1722 4670; x_wconf 89' lang='lat' dir='ltr'><strong>se</strong></span> <span class='ocrx_word' id='word_1_714' title='bbox 1752 4629 1782 4668; x_wconf 92' lang='lat' dir='ltr'><strong>a</strong></span> <span class='ocrx_word' id='word_1_715' title='bbox 1813 4615 1974 4671; x_wconf 89' lang='lat' dir='ltr'><strong>Patre</strong></span> 
     </span>
    </p>
   </div>
   <div class='ocr_carea' id='block_1_91' title="bbox 402 4690 1972 4776">
    <p class='ocr_par' dir='ltr' id='par_1_91' title="bbox 402 4690 1972 4776">
     <span class='ocr_line' id='line_1_91' title="bbox 402 4690 1972 4776; baseline 0.015 -36"><span class='ocrx_word' id='word_1_716' title='bbox 402 4701 570 4758; x_wconf 90' lang='lat' dir='ltr'><strong>opera</strong></span> <span class='ocrx_word' id='word_1_717' title='bbox 603 4690 759 4755; x_wconf 87' lang='lat' dir='ltr'><strong>dicit,</strong></span> <span class='ocrx_word' id='word_1_718' title='bbox 790 4710 902 4749; x_wconf 90' lang='lat' dir='ltr'><strong>non</strong></span> <span class='ocrx_word' id='word_1_719' title='bbox 931 4711 991 4751; x_wconf 88' lang='lat' dir='ltr'><strong>se</strong></span> <span class='ocrx_word' id='word_1_720' title='bbox 1019 4697 1088 4753; x_wconf 88' lang='lat' dir='ltr'><strong>ab</strong></span> <span class='ocrx_word' id='word_1_721' title='bbox 1123 4713 1311 4755; x_wconf 90' lang='lat' dir='ltr'><strong>eorum</strong></span> <span class='ocrx_word' id='word_1_722' title='bbox 1337 4701 1531 4758; x_wconf 82' lang='lat' dir='ltr'><strong>ellectu</strong></span> <span class='ocrx_word' id='word_1_723' title='bbox 1565 4713 1618 4759; x_wconf 89' lang='lat' dir='ltr'><strong>et</strong></span> <span class='ocrx_word' id='word_1_724' title='bbox 1656 4707 1972 4776; x_wconf 83' lang='lat' dir='ltr'><strong>operatione</strong></span> 
     </span>
    </p>
   </div>
   <div class='ocr_carea' id='block_1_92' title="bbox 401 4781 1970 4870">
    <p class='ocr_par' dir='ltr' id='par_1_92' title="bbox 401 4781 1970 4870">
     <span class='ocr_line' id='line_1_92' title="bbox 401 4781 1970 4870; baseline 0.013 -36"><span class='ocrx_word' id='word_1_725' title='bbox 401 4781 642 4837; x_wconf 88' lang='lat' dir='ltr'><strong>alienum</strong></span> <span class='ocrx_word' id='word_1_726' title='bbox 688 4783 1101 4854; x_wconf 84' lang='lat' dir='ltr'><strong>demonstrans,</strong></span> <span class='ocrx_word' id='word_1_727' title='bbox 1142 4790 1252 4846; x_wconf 93' lang='lat' dir='ltr'><strong>imo</strong></span> <span class='ocrx_word' id='word_1_728' title='bbox 1306 4795 1477 4851; x_wconf 88' lang='lat' dir='ltr'><strong>totius</strong></span> <span class='ocrx_word' id='word_1_729' title='bbox 1527 4797 1751 4855; x_wconf 72' lang='lat' dir='ltr'><strong>deit‘atis</strong></span> <span class='ocrx_word' id='word_1_730' title='bbox 1802 4815 1970 4870; x_wconf 90' lang='lat' dir='ltr'><strong>opera</strong></span> 
     </span>
    </p>
   </div>
   <div class='ocr_carea' id='block_1_93' title="bbox 399 4873 1970 4962">
    <p class='ocr_par' dir='ltr' id='par_1_93' title="bbox 399 4873 1970 4962">
     <span class='ocr_line' id='line_1_93' title="bbox 399 4873 1970 4962; baseline 0.015 -34"><span class='ocrx_word' id='word_1_731' title='bbox 399 4887 524 4928; x_wconf 87' lang='lat' dir='ltr'><strong>esse</strong></span> <span class='ocrx_word' id='word_1_732' title='bbox 553 4873 776 4931; x_wconf 87' lang='lat' dir='ltr'><strong>docens.</strong></span> <span class='ocrx_word' id='word_1_733' title='bbox 811 4877 998 4936; x_wconf 88' lang='lat' dir='ltr'><strong>Deitas</strong></span> <span class='ocrx_word' id='word_1_734' title='bbox 1044 4899 1177 4940; x_wconf 90' lang='lat' dir='ltr'><strong>vero</strong></span> <span class='ocrx_word' id='word_1_735' title='bbox 1225 4903 1336 4942; x_wconf 88' lang='lat' dir='ltr'><strong>una</strong></span> <span class='ocrx_word' id='word_1_736' title='bbox 1379 4889 1705 4962; x_wconf 77' lang='lat' dir='ltr'><strong>intelligitur</strong></span> <span class='ocrx_word' id='word_1_737' title='bbox 1733 4909 1763 4949; x_wconf 91' lang='lat' dir='ltr'><strong>a</strong></span> <span class='ocrx_word' id='word_1_738' title='bbox 1806 4896 1970 4951; x_wconf 91' lang='lat' dir='ltr'><strong>nobis</strong></span> 
     </span>
    </p>
   </div>
   <div class='ocr_carea' id='block_1_94' title="bbox 397 4963 1970 5049">
    <p class='ocr_par' dir='ltr' id='par_1_94' title="bbox 397 4963 1970 5049">
     <span class='ocr_line' id='line_1_94' title="bbox 397 4963 1970 5049; baseline 0.016 -32"><span class='ocrx_word' id='word_1_739' title='bbox 397 4964 455 5018; x_wconf 92' lang='lat' dir='ltr'><strong>in</strong></span> <span class='ocrx_word' id='word_1_740' title='bbox 488 4963 653 5020; x_wconf 86' lang='lat' dir='ltr'><strong>Patre</strong></span> <span class='ocrx_word' id='word_1_741' title='bbox 682 4975 736 5022; x_wconf 91' lang='lat' dir='ltr'><strong>et</strong></span> <span class='ocrx_word' id='word_1_742' title='bbox 765 4967 904 5024; x_wconf 81' lang='lat' dir='ltr'><strong>Filio</strong></span> <span class='ocrx_word' id='word_1_743' title='bbox 929 4980 985 5027; x_wconf 93' lang='lat' dir='ltr'><strong>et</strong></span> <span class='ocrx_word' id='word_1_744' title='bbox 1019 4973 1234 5045; x_wconf 88' lang='lat' dir='ltr'><strong>Spiritu</strong></span> <span class='ocrx_word' id='word_1_745' title='bbox 1265 4992 1479 5035; x_wconf 88' lang='lat' dir='ltr'><strong>sancto.</strong></span> <span class='ocrx_word' id='word_1_746' title='bbox 1520 4981 1676 5049; x_wconf 81' lang='lat' dir='ltr'><strong>Quod</strong></span> <span class='ocrx_word' id='word_1_747' title='bbox 1708 4987 1852 5040; x_wconf 91' lang='lat' dir='ltr'><strong>enim</strong></span> <span class='ocrx_word' id='word_1_748' title='bbox 1885 4990 1970 5042; x_wconf 89' lang='lat' dir='ltr'><strong>vi-</strong></span> 
     </span>
    </p>
   </div>
   <div class='ocr_carea' id='block_1_95' title="bbox 396 5056 1966 5145">
    <p class='ocr_par' dir='ltr' id='par_1_95' title="bbox 396 5056 1966 5145">
     <span class='ocr_line' id='line_1_95' title="bbox 396 5056 1966 5145; baseline 0.015 -35"><span class='ocrx_word' id='word_1_749' title='bbox 396 5056 596 5112; x_wconf 87' lang='lat' dir='ltr'><strong>delicet</strong></span> <span class='ocrx_word' id='word_1_750' title='bbox 649 5057 780 5115; x_wconf 80' lang='lat' dir='ltr'><strong>facit</strong></span> <span class='ocrx_word' id='word_1_751' title='bbox 817 5060 1000 5128; x_wconf 82' lang='lat' dir='ltr'><strong>Pater,</strong></span> <span class='ocrx_word' id='word_1_752' title='bbox 1056 5067 1160 5122; x_wconf 92' lang='lat' dir='ltr'><strong>hoc</strong></span> <span class='ocrx_word' id='word_1_753' title='bbox 1194 5072 1482 5140; x_wconf 73' lang='lat' dir='ltr'><strong>perficitur</strong></span> <span class='ocrx_word' id='word_1_754' title='bbox 1527 5091 1626 5145; x_wconf 91' lang='lat' dir='ltr'><strong>per</strong></span> <span class='ocrx_word' id='word_1_755' title='bbox 1658 5076 1857 5132; x_wconf 88' lang='lat' dir='ltr'><strong>Filium</strong></span> <span class='ocrx_word' id='word_1_756' title='bbox 1911 5081 1966 5134; x_wconf 90' lang='lat' dir='ltr'><strong>in</strong></span> 
     </span>
    </p>
   </div>
   <div class='ocr_carea' id='block_1_96' title="bbox 399 5144 1968 5230">
    <p class='ocr_par' dir='ltr' id='par_1_96' title="bbox 399 5144 1968 5230">
     <span class='ocr_line' id='line_1_96' title="bbox 399 5144 1968 5230; baseline 0.017 -31"><span class='ocrx_word' id='word_1_757' title='bbox 399 5144 629 5216; x_wconf 89' lang='lat' dir='ltr'><strong>Spiritu.</strong></span> <span class='ocrx_word' id='word_1_758' title='bbox 681 5148 748 5204; x_wconf 87' lang='lat' dir='ltr'><strong>Et</strong></span> <span class='ocrx_word' id='word_1_759' title='bbox 794 5167 994 5209; x_wconf 89' lang='lat' dir='ltr'><strong>rursus</strong></span> <span class='ocrx_word' id='word_1_760' title='bbox 1044 5160 1188 5228; x_wconf 91' lang='lat' dir='ltr'><strong>quod</strong></span> <span class='ocrx_word' id='word_1_761' title='bbox 1238 5159 1413 5221; x_wconf 85' lang='lat' dir='ltr'><strong>Filius</strong></span> <span class='ocrx_word' id='word_1_762' title='bbox 1463 5144 1616 5230; x_wconf 74' lang='lat' dir='ltr'><strong>facit,</strong></span> <span class='ocrx_word' id='word_1_763' title='bbox 1648 5169 1752 5224; x_wconf 91' lang='lat' dir='ltr'><strong>hoc</strong></span> <span class='ocrx_word' id='word_1_764' title='bbox 1803 5173 1968 5227; x_wconf 91' lang='lat' dir='ltr'><strong>Pater</strong></span> 
     </span>
    </p>
   </div>
   <div class='ocr_carea' id='block_1_97' title="bbox 395 5235 1965 5329">
    <p class='ocr_par' dir='ltr' id='par_1_97' title="bbox 395 5235 1965 5329">
     <span class='ocr_line' id='line_1_97' title="bbox 395 5235 1965 5329; baseline 0.018 -40"><span class='ocrx_word' id='word_1_765' title='bbox 395 5235 578 5296; x_wconf 77' lang='lat' dir='ltr'><strong>facere</strong></span> <span class='ocrx_word' id='word_1_766' title='bbox 605 5241 660 5294; x_wconf 92' lang='lat' dir='ltr'><strong>in</strong></span> <span class='ocrx_word' id='word_1_767' title='bbox 697 5241 906 5312; x_wconf 83' lang='lat' dir='ltr'><strong>Spiritu</strong></span> <span class='ocrx_word' id='word_1_768' title='bbox 941 5247 1166 5306; x_wconf 83' lang='lat' dir='ltr'><strong>dicitur.</strong></span> <span class='ocrx_word' id='word_1_769' title='bbox 1193 5252 1373 5318; x_wconf 87' lang='lat' dir='ltr'><strong>Quare</strong></span> <span class='ocrx_word' id='word_1_770' title='bbox 1397 5268 1451 5312; x_wconf 89' lang='lat' dir='ltr'><strong>et</strong></span> <span class='ocrx_word' id='word_1_771' title='bbox 1492 5259 1609 5329; x_wconf 89' lang='lat' dir='ltr'><strong>ipse</strong></span> <span class='ocrx_word' id='word_1_772' title='bbox 1636 5260 1776 5316; x_wconf 81' lang='lat' dir='ltr'><strong>dixit</strong></span> <span class='ocrx_word' id='word_1_773' title='bbox 1807 5281 1820 5317; x_wconf 86' lang='lat'><strong>;</strong></span> <span class='ocrx_word' id='word_1_774' title='bbox 1855 5283 1874 5314; x_wconf 83' lang='grc' dir='ltr'><strong>ι</strong></span> <span class='ocrx_word' id='word_1_775' title='bbox 1921 5265 1965 5317; x_wconf 76' lang='grc' dir='ltr'><strong>Α</strong></span> 
     </span>
    </p>
   </div>
   <div class='ocr_carea' id='block_1_98' title="bbox 394 5330 1963 5426">
    <p class='ocr_par' dir='ltr' id='par_1_98' title="bbox 394 5330 1963 5426">
     <span class='ocr_line' id='line_1_98' title="bbox 394 5330 1963 5426; baseline 0.02 -44"><span class='ocrx_word' id='word_1_776' title='bbox 394 5330 606 5400; x_wconf 83' lang='lat' dir='ltr'><strong>meipso</strong></span> <span class='ocrx_word' id='word_1_777' title='bbox 637 5333 775 5389; x_wconf 91' lang='lat' dir='ltr'><strong>nihil</strong></span> <span class='ocrx_word' id='word_1_778' title='bbox 819 5336 980 5404; x_wconf 81' lang='lat' dir='ltr'><strong>facio,</strong></span> <span class='ocrx_word' id='word_1_779' title='bbox 1025 5340 1184 5400; x_wconf 87' lang='lat' dir='ltr'><strong>Pater</strong></span> <span class='ocrx_word' id='word_1_780' title='bbox 1211 5363 1342 5403; x_wconf 90' lang='lat' dir='ltr'><strong>vero</strong></span> <span class='ocrx_word' id='word_1_781' title='bbox 1381 5350 1437 5405; x_wconf 91' lang='lat' dir='ltr'><strong>in</strong></span> <span class='ocrx_word' id='word_1_782' title='bbox 1469 5368 1553 5409; x_wconf 90' lang='lat' dir='ltr'><strong>me</strong></span> <span class='ocrx_word' id='word_1_783' title='bbox 1581 5369 1812 5412; x_wconf 90' lang='lat' dir='ltr'><strong>manens</strong></span> <span class='ocrx_word' id='word_1_784' title='bbox 1845 5358 1963 5426; x_wconf 81' lang='lat' dir='ltr'><strong>ipse</strong></span> 
     </span>
    </p>
   </div>
   <div class='ocr_carea' id='block_1_99' title="bbox 394 5413 800 5492">
    <p class='ocr_par' dir='ltr' id='par_1_99' title="bbox 394 5413 800 5492">
     <span class='ocr_line' id='line_1_99' title="bbox 394 5413 800 5492; baseline 0.01 -22"><span class='ocrx_word' id='word_1_785' title='bbox 394 5413 527 5474; x_wconf 75' lang='lat' dir='ltr'><strong>facit</strong></span> <span class='ocrx_word' id='word_1_786' title='bbox 549 5436 738 5492; x_wconf 88' lang='lat' dir='ltr'><strong>opera.</strong></span> <span class='ocrx_word' id='word_1_787' title='bbox 781 5442 800 5474; x_wconf 74' lang='grc' dir='ltr'><strong>ι</strong></span> 
     </span>
    </p>
   </div>
   <div class='ocr_carea' id='block_1_100' title="bbox 468 5529 960 5607">
    <p class='ocr_par' dir='ltr' id='par_1_100' title="bbox 468 5529 960 5607">
     <span class='ocr_line' id='line_1_100' title="bbox 468 5529 960 5607; baseline 0.012 -23"><span class='ocrx_word' id='word_1_788' title='bbox 468 5531 512 5563; x_wconf 78' lang='grc'><strong>⁸³</strong></span> <span class='ocrx_word' id='word_1_789' title='bbox 541 5529 778 5607; x_wconf 85' lang='lat' dir='ltr'><strong>Philipp.</strong></span> <span class='ocrx_word' id='word_1_790' title='bbox 809 5553 867 5601; x_wconf 82' lang='lat' dir='ltr'><strong>ll,</strong></span> <span class='ocrx_word' id='word_1_791' title='bbox 912 5539 960 5590; x_wconf 79' lang='grc' dir='ltr'><strong>Τ.</strong></span> 
     </span>
    </p>
   </div>
   <div class='ocr_carea' id='block_1_101' title="bbox 2075 4616 3643 4690">
    <p class='ocr_par' dir='ltr' id='par_1_101' title="bbox 2075 4616 3643 4690">
     <span class='ocr_line' id='line_1_101' title="bbox 2075 4616 3643 4690; baseline 0.004 -20"><span class='ocrx_word' id='word_1_792' title='bbox 2075 4617 2212 4689; x_wconf 77' lang='grc' dir='ltr'>ἔργα</span> <span class='ocrx_word' id='word_1_793' title='bbox 2243 4618 2426 4688; x_wconf 72' lang='grc' dir='ltr'>φησὶν,</span> <span class='ocrx_word' id='word_1_794' title='bbox 2461 4617 2564 4669; x_wconf 78' lang='grc' dir='ltr'>οὐκ</span> <span class='ocrx_word' id='word_1_795' title='bbox 2588 4616 2866 4687; x_wconf 79' lang='grc' dir='ltr'>ἀλλότριον</span> <span class='ocrx_word' id='word_1_796' title='bbox 2905 4618 3098 4672; x_wconf 78' lang='grc' dir='ltr'>ἑαυτὸν</span> <span class='ocrx_word' id='word_1_797' title='bbox 3131 4619 3348 4684; x_wconf 80' lang='grc' dir='ltr'>δεικνὺς</span> <span class='ocrx_word' id='word_1_798' title='bbox 3376 4622 3476 4690; x_wconf 82' lang='grc' dir='ltr'>τῆς</span> <span class='ocrx_word' id='word_1_799' title='bbox 3497 4625 3643 4676; x_wconf 81' lang='grc' dir='ltr'>ὲκεί-</span> 
     </span>
    </p>
   </div>
   <div class='ocr_carea' id='block_1_102' title="bbox 2075 4703 3642 4782">
    <p class='ocr_par' dir='ltr' id='par_1_102' title="bbox 2075 4703 3642 4782">
     <span class='ocr_line' id='line_1_102' title="bbox 2075 4703 3642 4782; baseline 0.006 -26"><span class='ocrx_word' id='word_1_800' title='bbox 2075 4722 2180 4758; x_wconf 92' lang='grc' dir='ltr'><strong>νων</strong></span> <span class='ocrx_word' id='word_1_801' title='bbox 2211 4703 2510 4773; x_wconf 77' lang='grc' dir='ltr'>ἐνεργείας,</span> <span class='ocrx_word' id='word_1_802' title='bbox 2537 4703 2673 4756; x_wconf 80' lang='grc' dir='ltr'>ἀλλὰ</span> <span class='ocrx_word' id='word_1_803' title='bbox 2693 4704 2959 4759; x_wconf 83' lang='grc' dir='ltr'>διδάσκων</span> <span class='ocrx_word' id='word_1_804' title='bbox 2989 4707 3070 4760; x_wconf 81' lang='grc' dir='ltr'>ὅτι</span> <span class='ocrx_word' id='word_1_805' title='bbox 3107 4709 3205 4778; x_wconf 83' lang='grc' dir='ltr'>τῆς</span> <span class='ocrx_word' id='word_1_806' title='bbox 3225 4711 3354 4782; x_wconf 83' lang='grc' dir='ltr'>ὅλης</span> <span class='ocrx_word' id='word_1_807' title='bbox 3385 4713 3498 4764; x_wconf 75' lang='grc' dir='ltr'>ἐστὶ</span> <span class='ocrx_word' id='word_1_808' title='bbox 3523 4713 3642 4766; x_wconf 86' lang='grc' dir='ltr'>θεό-</span> 
     </span>
    </p>
   </div>
   <div class='ocr_carea' id='block_1_103' title="bbox 2073 4791 3643 4872">
    <p class='ocr_par' dir='ltr' id='par_1_103' title="bbox 2073 4791 3643 4872">
     <span class='ocr_line' id='line_1_103' title="bbox 2073 4791 3643 4872; baseline 0.009 -30"><span class='ocrx_word' id='word_1_809' title='bbox 2073 4809 2234 4861; x_wconf 81' lang='grc' dir='ltr'>τητος</span> <span class='ocrx_word' id='word_1_810' title='bbox 2262 4792 2328 4844; x_wconf 77' lang='grc' dir='ltr'>τὰ</span> <span class='ocrx_word' id='word_1_811' title='bbox 2363 4791 2519 4862; x_wconf 79' lang='grc' dir='ltr'>ἔργα.</span> <span class='ocrx_word' id='word_1_812' title='bbox 2560 4792 2763 4862; x_wconf 82' lang='grc' dir='ltr'>Θεότης</span> <span class='ocrx_word' id='word_1_813' title='bbox 2795 4793 2849 4846; x_wconf 82' lang='grc' dir='ltr'><strong>δὲ</strong></span> <span class='ocrx_word' id='word_1_814' title='bbox 2875 4795 2973 4863; x_wconf 89' lang='grc' dir='ltr'>μία</span> <span class='ocrx_word' id='word_1_815' title='bbox 3007 4799 3203 4851; x_wconf 88' lang='grc' dir='ltr'>νοεῖται</span> <span class='ocrx_word' id='word_1_816' title='bbox 3240 4800 3369 4871; x_wconf 76' lang='grc' dir='ltr'>παρ’</span> <span class='ocrx_word' id='word_1_817' title='bbox 3401 4803 3556 4872; x_wconf 75' lang='grc' dir='ltr'>ἡμῶν</span> <span class='ocrx_word' id='word_1_818' title='bbox 3585 4805 3643 4856; x_wconf 82' lang='grc' dir='ltr'>ὲν</span> 
     </span>
    </p>
   </div>
   <div class='ocr_carea' id='block_1_104' title="bbox 2073 4881 3643 4963">
    <p class='ocr_par' dir='ltr' id='par_1_104' title="bbox 2073 4881 3643 4963">
     <span class='ocr_line' id='line_1_104' title="bbox 2073 4881 3643 4963; baseline 0.008 -29"><span class='ocrx_word' id='word_1_819' title='bbox 2073 4883 2247 4952; x_wconf 72' lang='grc' dir='ltr'>Πατρὶ</span> <span class='ocrx_word' id='word_1_820' title='bbox 2267 4883 2359 4936; x_wconf 78' lang='grc' dir='ltr'>καὶ</span> <span class='ocrx_word' id='word_1_821' title='bbox 2380 4881 2494 4952; x_wconf 83' lang='grc' dir='ltr'>Υἱῴ</span> <span class='ocrx_word' id='word_1_822' title='bbox 2519 4883 2614 4935; x_wconf 75' lang='grc' dir='ltr'>καὶ</span> <span class='ocrx_word' id='word_1_823' title='bbox 2652 4883 2788 4952; x_wconf 84' lang='grc' dir='ltr'>ἁγίῳ</span> <span class='ocrx_word' id='word_1_824' title='bbox 2815 4884 3114 4956; x_wconf 82' lang='grc' dir='ltr'>Πνεύματι.</span> <span class='ocrx_word' id='word_1_825' title='bbox 3140 4889 3317 4962; x_wconf 87' lang='grc' dir='ltr'>Ὅπερ</span> <span class='ocrx_word' id='word_1_826' title='bbox 3346 4893 3454 4962; x_wconf 81' lang='grc' dir='ltr'><strong>γάρ</strong></span> <span class='ocrx_word' id='word_1_827' title='bbox 3483 4894 3643 4963; x_wconf 83' lang='grc' dir='ltr'>τυχὸν</span> 
     </span>
    </p>
   </div>
   <div class='ocr_carea' id='block_1_105' title="bbox 2073 4971 3638 5054">
    <p class='ocr_par' dir='ltr' id='par_1_105' title="bbox 2073 4971 3638 5054">
     <span class='ocr_line' id='line_1_105' title="bbox 2073 4971 3638 5054; baseline 0.01 -29"><span class='ocrx_word' id='word_1_828' title='bbox 2073 4975 2219 5026; x_wconf 88' lang='grc' dir='ltr'>ποιεῖ</span> <span class='ocrx_word' id='word_1_829' title='bbox 2253 4974 2280 5024; x_wconf 91' lang='lat'><strong>6</strong></span> <span class='ocrx_word' id='word_1_830' title='bbox 2302 4971 2510 5043; x_wconf 83' lang='grc' dir='ltr'>Πατὴρ,</span> <span class='ocrx_word' id='word_1_831' title='bbox 2533 4971 2692 5025; x_wconf 80' lang='grc' dir='ltr'>τοῦτο</span> <span class='ocrx_word' id='word_1_832' title='bbox 2721 4973 2954 5030; x_wconf 88' lang='grc' dir='ltr'>τελεῖται</span> <span class='ocrx_word' id='word_1_833' title='bbox 2988 4977 3056 5030; x_wconf 85' lang='grc' dir='ltr'>δι’</span> <span class='ocrx_word' id='word_1_834' title='bbox 3097 4979 3226 5033; x_wconf 85' lang='grc' dir='ltr'><strong>Υἱοῦ</strong></span> <span class='ocrx_word' id='word_1_835' title='bbox 3249 4983 3307 5034; x_wconf 83' lang='grc' dir='ltr'>ἐν</span> <span class='ocrx_word' id='word_1_836' title='bbox 3335 4983 3638 5054; x_wconf 76' lang='grc' dir='ltr'>Πνεύματι.</span> 
     </span>
    </p>
   </div>
   <div class='ocr_carea' id='block_1_106' title="bbox 2072 5065 3640 5148">
    <p class='ocr_par' dir='ltr' id='par_1_106' title="bbox 2072 5065 3640 5148">
     <span class='ocr_line' id='line_1_106' title="bbox 2072 5065 3640 5148; baseline 0.008 -30"><span class='ocrx_word' id='word_1_837' title='bbox 2072 5065 2180 5118; x_wconf 75' lang='grc' dir='ltr'><strong>Καὶ</strong></span> <span class='ocrx_word' id='word_1_838' title='bbox 2209 5065 2391 5127; x_wconf 79' lang='grc' dir='ltr'>πάλιν,</span> <span class='ocrx_word' id='word_1_839' title='bbox 2441 5065 2469 5118; x_wconf 85' lang='grc' dir='ltr'>ὃ</span> <span class='ocrx_word' id='word_1_840' title='bbox 2522 5068 2663 5118; x_wconf 81' lang='grc' dir='ltr'>ποιεῖ</span> <span class='ocrx_word' id='word_1_841' title='bbox 2706 5067 2734 5118; x_wconf 92' lang='lat'><strong>6</strong></span> <span class='ocrx_word' id='word_1_842' title='bbox 2765 5067 2911 5134; x_wconf 77' lang='grc' dir='ltr'>Υἱὸς,</span> <span class='ocrx_word' id='word_1_843' title='bbox 2953 5071 3109 5126; x_wconf 82' lang='grc' dir='ltr'>τοῦτο</span> <span class='ocrx_word' id='word_1_844' title='bbox 3142 5072 3358 5140; x_wconf 80' lang='grc' dir='ltr'>λέγεται</span> <span class='ocrx_word' id='word_1_845' title='bbox 3389 5078 3416 5128; x_wconf 87' lang='lat'><strong>6</strong></span> <span class='ocrx_word' id='word_1_846' title='bbox 3451 5077 3640 5148; x_wconf 79' lang='grc' dir='ltr'>Πατὴρ</span> 
     </span>
    </p>
   </div>
   <div class='ocr_carea' id='block_1_107' title="bbox 2073 5156 3638 5236">
    <p class='ocr_par' dir='ltr' id='par_1_107' title="bbox 2073 5156 3638 5236">
     <span class='ocr_line' id='line_1_107' title="bbox 2073 5156 3638 5236; baseline 0.01 -28"><span class='ocrx_word' id='word_1_847' title='bbox 2073 5159 2246 5209; x_wconf 87' lang='grc' dir='ltr'>ποιεῖν</span> <span class='ocrx_word' id='word_1_848' title='bbox 2290 5159 2348 5209; x_wconf 84' lang='grc' dir='ltr'>ἐν</span> <span class='ocrx_word' id='word_1_849' title='bbox 2393 5156 2688 5227; x_wconf 80' lang='grc' dir='ltr'>Πνεύματι.</span> <span class='ocrx_word' id='word_1_850' title='bbox 2743 5160 2832 5212; x_wconf 84' lang='grc' dir='ltr'><strong>Διὸ</strong></span> <span class='ocrx_word' id='word_1_851' title='bbox 2878 5165 2971 5216; x_wconf 77' lang='grc' dir='ltr'>καὶ</span> <span class='ocrx_word' id='word_1_852' title='bbox 3009 5165 3168 5229; x_wconf 77' lang='grc' dir='ltr'>αὐτὸς</span> <span class='ocrx_word' id='word_1_853' title='bbox 3206 5167 3422 5236; x_wconf 80' lang='grc' dir='ltr'>ἔλεγεν·</span> <span class='ocrx_word' id='word_1_854' title='bbox 3455 5187 3472 5221; x_wconf 80' lang='grc' dir='ltr'><strong>ι</strong></span> <span class='ocrx_word' id='word_1_855' title='bbox 3518 5171 3638 5222; x_wconf 85' lang='grc' dir='ltr'><strong>Ἀπ’</strong></span> 
     </span>
    </p>
   </div>
   <div class='ocr_carea' id='block_1_108' title="bbox 2073 5247 3641 5330">
    <p class='ocr_par' dir='ltr' id='par_1_108' title="bbox 2073 5247 3641 5330">
     <span class='ocr_line' id='line_1_108' title="bbox 2073 5247 3641 5330; baseline 0.01 -29"><span class='ocrx_word' id='word_1_856' title='bbox 2073 5247 2311 5318; x_wconf 78' lang='grc' dir='ltr'>ἐμαυτοῦ</span> <span class='ocrx_word' id='word_1_857' title='bbox 2350 5249 2500 5300; x_wconf 82' lang='grc' dir='ltr'>οὐδὲν</span> <span class='ocrx_word' id='word_1_858' title='bbox 2532 5251 2688 5314; x_wconf 80' lang='grc' dir='ltr'>ποιῶ,</span> <span class='ocrx_word' id='word_1_859' title='bbox 2723 5252 2750 5304; x_wconf 90' lang='lat'><strong>6</strong></span> <span class='ocrx_word' id='word_1_860' title='bbox 2774 5253 2830 5307; x_wconf 81' lang='grc' dir='ltr'><strong>δὲ</strong></span> <span class='ocrx_word' id='word_1_861' title='bbox 2852 5255 3039 5326; x_wconf 78' lang='grc' dir='ltr'>Πατὴρ</span> <span class='ocrx_word' id='word_1_862' title='bbox 3077 5257 3134 5311; x_wconf 82' lang='grc' dir='ltr'>ἐν</span> <span class='ocrx_word' id='word_1_863' title='bbox 3157 5258 3281 5330; x_wconf 70' lang='grc' dir='ltr'>ἐμοὶ</span> <span class='ocrx_word' id='word_1_864' title='bbox 3315 5260 3510 5330; x_wconf 82' lang='grc' dir='ltr'>μένων,</span> <span class='ocrx_word' id='word_1_865' title='bbox 3540 5262 3641 5315; x_wconf 58' lang='grc' dir='ltr'><strong>αὐτ</strong></span> 
     </span>
    </p>
   </div>
   <div class='ocr_carea' id='block_1_109' title="bbox 2069 5338 2678 5410">
    <p class='ocr_par' dir='ltr' id='par_1_109' title="bbox 2069 5338 2678 5410">
     <span class='ocr_line' id='line_1_109' title="bbox 2069 5338 2678 5410; baseline -0.003 -16"><span class='ocrx_word' id='word_1_866' title='bbox 2069 5341 2159 5404; x_wconf 78' lang='grc' dir='ltr'><strong>τὸς</strong></span> <span class='ocrx_word' id='word_1_867' title='bbox 2192 5343 2334 5393; x_wconf 88' lang='grc' dir='ltr'>ποιεῖ</span> <span class='ocrx_word' id='word_1_868' title='bbox 2363 5338 2432 5392; x_wconf 72' lang='grc' dir='ltr'><strong>τὰ</strong></span> <span class='ocrx_word' id='word_1_869' title='bbox 2460 5339 2616 5410; x_wconf 81' lang='grc' dir='ltr'>ἔργα.</span> <span class='ocrx_word' id='word_1_870' title='bbox 2662 5362 2678 5393; x_wconf 76' lang='grc' dir='ltr'><strong>ι</strong></span> 
     </span>
    </p>
   </div>
   <div class='ocr_carea' id='block_1_110' title="bbox 467 5671 1982 5765">
    <p class='ocr_par' dir='ltr' id='par_1_110' title="bbox 467 5671 1948 5754">
     <span class='ocr_line' id='line_1_110' title="bbox 467 5671 1948 5754; baseline 0.011 -28"><span class='ocrx_word' id='word_1_871' title='bbox 467 5671 704 5746; x_wconf 72' lang='grc' dir='ltr'><strong>(ιγΕγὼ</strong></span> <span class='ocrx_word' id='word_1_872' title='bbox 744 5716 756 5729; x_wconf 91' lang='grc'><strong>.</strong></span> <span class='ocrx_word' id='word_1_873' title='bbox 786 5718 796 5729; x_wconf 91' lang='grc'>.</span> <span class='ocrx_word' id='word_1_874' title='bbox 831 5719 841 5731; x_wconf 91' lang='grc'>.</span> <span class='ocrx_word' id='word_1_875' title='bbox 873 5720 884 5731; x_wconf 95' lang='grc'>.</span> <span class='ocrx_word' id='word_1_876' title='bbox 916 5680 1162 5748; x_wconf 81' lang='grc' dir='ltr'>θεότητα</span> <span class='ocrx_word' id='word_1_877' title='bbox 1197 5683 1320 5739; x_wconf 84' lang='lat' dir='ltr'><strong>add.</strong></span> <span class='ocrx_word' id='word_1_878' title='bbox 1357 5698 1422 5741; x_wconf 76' lang='lat' dir='ltr'><strong>ex</strong></span> <span class='ocrx_word' id='word_1_879' title='bbox 1450 5692 1639 5743; x_wconf 84' lang='lat' dir='ltr'><strong>catena</strong></span> <span class='ocrx_word' id='word_1_880' title='bbox 1671 5689 1816 5754; x_wconf 60' lang='lat' dir='ltr'><strong>Van,</strong></span> <span class='ocrx_word' id='word_1_881' title='bbox 1853 5689 1948 5746; x_wconf 81' lang='lat' dir='ltr'><strong>fol.</strong></span> 
     </span>
    </p>
   </div>
   <div class='ocr_carea' id='block_1_111' title="bbox 2093 5671 2614 5765">
    <p class='ocr_par' dir='ltr' id='par_1_111' title="bbox 2126 5691 2614 5765">
     <span class='ocr_line' id='line_1_111' title="bbox 2126 5691 2614 5765; baseline 0.012 -20"><span class='ocrx_word' id='word_1_882' title='bbox 2126 5691 2186 5760; x_wconf 83' lang='grc' dir='ltr'>Β,</span> <span class='ocrx_word' id='word_1_883' title='bbox 2221 5709 2305 5765; x_wconf 85' lang='lat' dir='ltr'><strong>ap.</strong></span> <span class='ocrx_word' id='word_1_884' title='bbox 2343 5693 2446 5750; x_wconf 66' lang='lat' dir='ltr'><strong>.llai</strong></span> <span class='ocrx_word' id='word_1_885' title='bbox 2483 5697 2614 5753; x_wconf 85' lang='lat' dir='ltr'><strong>ibid.</strong></span> 
     </span>
    </p>
   </div>
  </div>
