3882 6206
223 336 299 395 :5
992 330 1063 385 IN
1100 328 1437 388 JO‘ANNEM.
1482 366 1550 374 —
1591 336 1721 391 LIB.
1764 339 1787 393 Ἰ

1896 340 1981 397 ΕΤ
2023 340 2614 408 ἮΙΙΧΒΑϐΜΕΝΤΑ.
3387 343 3467 400 εσ

294 447 435 518 Περι
464 445 653 502 καλοῦ
683 444 958 516 ἕργουοὺ
990 448 1305 518 λιθάζομέν
1340 465 1437 515 σε,
1473 451 1634 505 ἀλλὰ
1652 455 1783 523 περὶ

1961 456 2040 523 Χ,
2079 456 2167 511 55.
2212 457 2286 512 De
2319 458 2467 512 bono
2492 473 2642 526 opere
2668 473 2772 510 non
2816 454 3119 526 lnpidamus
3164 466 3233 524 te,
3274 458 3363 511 sed
3394 475 3460 513 ac

224 541 640 610 βλασφημίας.

298 633 555 702 Ἔχοντες
579 630 739 700 ζῆλον
759 630 915 695 Θεοῦ,
935 631 1052 684 ἀλλ’
1081 632 1142 684 ού
1173 634 1293 687 κατ’
1322 634 1637 702 ἐπίγνωσιν,
1658 635 1795 703 ὴγα-

222 726 457 780 νάκτουν
512 723 801 787 ἀκούοντες
854 723 949 776 τοῦ
980 723 1217 795 Χριστοῦ
1267 725 1547 793 λέγοντος·
1579 745 1597 777 ι
1654 726 1794 795 Ἐγὼ

222 818 319 871 καὶ
348 820 377 869 6
400 815 586 886 Πατὴρ
614 815 674 869 ἓν
718 814 905 884 ἐσμεν.
955 833 975 865 ι
1013 816 1077 868 Τί
1117 816 1225 886 γὰρ
1256 816 1315 870 τὸ
1370 818 1582 871 κωλύον
1635 818 1795 871 αὐτὸν

222 903 366 959 εἶναι
404 905 462 957 ἒν
494 903 629 975 πρὸς
678 904 769 957 τὸν
810 904 1051 972 Πατέρα,
1105 906 1262 975 εἴπερ
1321 907 1648 961 ἐπίστευσαν
1710 909 1793 961 ὅτι

221 998 357 1061 Θεὸς
384 994 453 1068 ἦν
474 999 616 1051 κατά
648 997 807 1067 φύσιν
827 1015 841 1061 ;
863 998 956 1049 Διὸ
984 998 1076 1050 καὶ
1113 998 1353 1062 λιθάζειν
1393 1000 1552 1053 αὑτὸν
1581 1001 1795 1071 ἐπεχεί-

226 1106 376 1160 ρουν,
402 1090 496 1142 καὶ
518 1087 942 1157 ἀπολογούμενοι
979 1088 1045 1142 δι’
1073 1090 1139 1160 ἣν
1167 1091 1347 1143 αίτίαν
1375 1091 1532 1145 τοῦτο
1552 1093 1788 1157 ἐποίουν,

223 1180 412 1249 φασὶν,
443 1182 525 1234 ὅτι
557 1180 656 1249 οὐχ
677 1180 861 1233 ἕνεκεν
888 1173 963 1234 ὧν
1001 1181 1265 1253 ἐποίησας
1286 1183 1469 1237 καλῶν
1502 1183 1791 1254 λιθάζομέν

224 1289 309 1334 σε,
337 1272 452 1325 ἀλλ’
475 1273 557 1325 ὅτι
575 1272 912 1344 βλασφημεῖς
934 1275 1121 1329 ἀὐτοὶ
1151 1276 1215 1330 ἐκ
1242 1276 1336 1330 τοῦ
1360 1278 1601 1331 ἐναντίου
1626 1278 1793 1348 βλασ-

223 1361 553 1432 φημοῦντες,
584 1362 651 1415 δι’
675 1356 746 1415 ὧν
785 1363 975 1433 ἧθελον
1019 1365 1263 1431 λιθάζειν
1293 1366 1384 1419 τὸν
1421 1367 1549 1420 ὄντα
1578 1368 1790 1439 ἀληθῶς

222 1453 379 1516 Θεὸν,
412 1454 731 1522 ἀγνοοῦντες
756 1456 835 1509 ὅτι
868 1457 931 1509 ού
962 1461 1141 1529 γυμνῇ
1174 1461 1239 1529 τῇ
1276 1458 1485 1529 θεότητι
1511 1460 1732 1530 ἔμελλεν
1761 1462 1789 1513 6

235 1541 442 1612 Ἰησοῦς
470 1543 772 1613 ἐπιδημεῖν,
800 1544 934 1597 ἀλλά
964 1546 1336 1617 σαρκούμενος
1383 1548 1447 1599 ἐκ
1478 1549 1790 1619 σπέρματος

223 1633 411 1697 Δασὶδ,
442 1634 790 1706 βλασφημίαν
824 1632 1239 1705 εἷναι-λέγοντες
1265 1638 1363 1710 τὴν
1399 1638 1564 1710 ὀρθὴν
1594 1641 1788 1711 ὁμολο-

222 1725 370 1793 γίαν.
398 1727 700 1791 Φάσκοντος
727 1723 841 1793 οῦν,
873 1748 891 1779 ι
916 1728 1055 1797 Ἐγὼ
1080 1731 1173 1782 καὶ
1195 1732 1223 1781 6
1246 1731 1429 1803 Πατὴρ
1460 1731 1518 1784 ἐν
1547 1734 1733 1802 ἐσμεν,
1763 1753 1781 1781 ι

1894 548 2236 615 blasphemia.

1963 636 2152 691 Zelum
2188 636 2283 692 Dei
2315 637 2620 702 habentes,
2664 637 2764 693 sed
2804 652 2914 692 non
2945 636 3244 692 secundum
3281 635 3460 689 scicn-

1893 728 2065 791 tiam,
2120 728 2558 800 indignabantur
2606 729 2897 783 audientes
2955 728 3229 783 dicentem
3296 728 3459 781 Chri-

1892 829 2035 875 stum
2071 838 2085 874 :
2124 840 2142 871 ι
2178 820 2291 889 Ego
2333 828 2388 876 et
2419 820 2583 875 Pater
2615 836 2787 876 unum
2832 836 3043 875 sumus.
3081 839 3107 871 ι
3144 818 3281 885 Quid
3313 820 3456 872 (ιιιίιιι

1891 910 2115 965 vetabat
2139 926 2263 965 eum
2300 926 2423 966 esse
2460 928 2627 965 unum
2670 926 2795 965 cum
2828 910 3011 975 Patre,
3056 912 3101 965 si
3139 911 3300 965 modo
3334 925 3457 963 cre-

1890 1000 2158 1056 didissent
2216 1017 2340 1056 eum
2394 1018 2518 1058 esse
2577 1004 2881 1059 secundum
2934 1011 3188 1059 naturam
3250 1002 3462 1056 Deum?

1846 1081 1851 1093 ’
1891 1090 2071 1156 Quare
2113 1099 2166 1146 et
2214 1091 2429 1160 lapides
2466 1092 2522 1145 in
2565 1107 2689 1147 eum
2717 1092 2904 1161 jacere
2954 1092 3372 1163 aggrediuntur,
3406 1098 3460 1143 et

1890 1182 2159 1236 rationem
2187 1181 2485 1237 reddenles
2510 1196 2608 1237 cur
2637 1182 2701 1235 id.
2730 1182 2997 1243 facerent,
3030 1183 3205 1247 aiunt,
3239 1180 3354 1235 Non
3389 1182 3460 1234 ob

1889 1288 1955 1329 ea
2004 1288 2126 1343 quae
2173 1273 2435 1343 praeclare
2482 1272 2661 1328 fecisti
2697 1272 3014 1343 lapidamus
3054 1282 3134 1333 te.
3190 1273 3283 1328 sed
3330 1274 3468 1341 quia

1890 1366 2236 1435 blasphemas
2274 1383 2288 1419 :
2333 1380 2458 1419 cum
2497 1364 2602 1435 ipsi
2656 1380 2687 1419 ο
2720 1364 3005 1420 contrario
3053 1364 3456 1433 blasphement'.

1890 1455 1957 1509 ad
1995 1455 2350 1525 lapidandum
2385 1470 2534 1520 eum,
2569 1455 2661 1525 qui
2694 1471 2824 1510 vere
2856 1463 2942 1510 est
2986 1455 3149 1521 Deus,
3186 1455 3418 1508 accincti
3441 1496 3457 1520 ,

1890 1547 2141 1602 videlicet
2189 1548 2407 1617 ignari,
2458 1564 2567 1602 non
2621 1548 2677 1601 in
2728 1548 2981 1618 simplici
3020 1548 3225 1603 deitate
3271 1546 3457 1601 Jesum

1889 1641 2253 1695 adventurum
2306 1656 2370 1694 ac
2420 1640 2921 1711 peregrinaturum,
2970 1640 3067 1695 sed
3117 1656 3182 1695 ex
3243 1640 3469 1694 semine

1892 1732 2057 1787 David
2088 1732 2463 1796 incarnatum,
2495 1744 2549 1788 et
2583 1740 2788 1787 rectam
2829 1732 3232 1787 confessionem
3262 1732 3314 1785 in
3347 1732 3459 1786 bla«

223 1818 300 1887 μὴ
327 1817 573 1883 νοοῦντες
592 1819 650 1873 δέ
673 1819 754 1882 τίς
782 1822 811 1874 ό
835 1820 1006 1875 ταῦτα
1031 1822 1203 1890 λέγων
1230 1824 1400 1885 ἐστὶν,
1428 1824 1565 1877 ἀλλὰ
1590 1827 1669 1888 είς
1689 1826 1785 1897 τὴν

1893 1824 2193 1893 sphemiam
2228 1825 2679 1894 interpretantes.
2726 1824 2862 1879 Cum
2899 1825 3067 1896 igitur
3114 1823 3285 1896 669
3318 1823 3461 1878 dice-

221 1907 405 1978 σάρκα
446 1909 613 1979 μόνην
658 1909 979 1978 βλέποντες,
1019 1912 1334 1966 καταλεύειν
1370 1913 1531 1966 αὐτὸν
1574 1915 1787 1985 ἐπεχεί-

225 2017 372 2071 ρουν,
398 2001 743 2071 βλασφημίας
767 2004 1070 2073 ἐγκλήματι
1093 2005 1527 2075 περιϐάλλοντες.
1556 2007 1655 2061 Διά
1679 2008 1786 2076 γὰρ

218 2093 317 2147 τοῦ
347 2094 542 2163 φάναι,
586 2115 603 2146 ι
645 2094 785 2164 Ἐγὼ
824 2096 920 2148 καὶ
948 2098 976 2150 6
1004 2096 1196 2167 Πατὴρ
1241 2096 1299 2149 ἐν
1336 2097 1501 2167 ἐσμεν
1525 2136 1540 2159 ,
1576 2116 1603 2149 ι
1634 2098 1797 2165 φασὶ,

218 2184 353 2238 Θεὸν
383 2186 605 2239 σεαυτὸν
634 2186 777 2239 κατά
797 2186 957 2255 φύσιν
984 2191 1185 2250 ποιεῖς’
1238 2187 1396 2241 τοῦτο
1432 2189 1589 2258 μόνον
1612 2188 1787 2242 νοοῦν-

218 2291 312 2338 τες
338 2274 533 2344 ὀρθῶς.
556 2276 849 2345 Κρείττους
871 2273 963 2329 οὖν
994 2275 1103 2329 τῶν
1134 2276 1363 2330 ἀνοσίων
1402 2278 1691 2350 Ἀρειανῶν
1736 2280 1783 2331 οἱ

231 2367 493 2431 Ἰουδαῖοι,
532 2368 622 2421 τὸν
654 2369 789 2432 ὅλως
812 2371 982 2421 εἰπεῖν
1026 2368 1376 2439 θαρσήσαντα
1398 2386 1413 2400 ’
1460 2388 1479 2420 ι
1523 2370 1664 2438 Ἐγὼ
1692 2372 1786 2424 καὶ

219 2460 250 2510 6
271 2459 461 2528 Πατὴρ
486 2459 545 2511 ’ἐν
585 2461 769 2528 ἐσμεν,
810 2480 825 2511 ι
865 2462 1053 2529 ὥσπερ
1082 2461 1140 2525 ἐξ
1167 2460 1462 2529 ἀναγκαίου
1495 2460 1652 2529 λόγου
1678 2462 1786 2514 λοι-

220 2550 323 2603 πὸν
350 2551 484 2619 πρὸς
515 2551 571 2603 τὸ
598 2552 697 2619 τῆς
723 2550 974 2621 θεότητος
1004 2551 1311 2604 ἀναϐαίνειν
1347 2551 1566 2620 ἀξίωμα
1604 2552 1787 2605 διαϐε-

222 2640 554 2711 ϐαιούμενοι.
588 2641 713 2703 Πῶς
744 2642 853 2712 γὰρ
879 2642 944 2695 ἂν
977 2642 1033 2694 ἓν
1072 2642 1305 2712 ὑπάρχοι
1342 2642 1477 2711 πρὸς
1514 2643 1604 2696 τὸν
1629 2644 1795 2711 φύσει·

220 2729 374 2793 Θεὸν,
403 2729 433 2781 6
465 2729 539 2799 μὴ
566 2729 723 2782 τοῦτο
753 2731 1049 2800 ὑπάρχων;
1102 2730 1319 2801 Ἐπειδὴ
1345 2731 1401 2783 δὲ
1423 2731 1481 2783 οὐ
1512 2731 1785 2801 ψεύδεται,

220 2820 364 2873 κατὰ
405 2820 566 2889 φύσιν
598 2822 706 2891 ἄρα
748 2822 841 2873 καὶ
876 2821 1037 2883 αὐτὸς
1071 2820 1331 2890 ὑπάρχων
1376 2819 1540 2885 Θεὸς,
1576 2822 1635 2875 ἐν
1674 2824 1792 2875 ἐστι

221 2913 359 2983 1:96;
395 2913 486 2966 τὸν
511 2914 758 2984 Πατέρα·
796 2916 824 2966 6
852 2913 908 2966 δὲ
929 2913 1167 2976 τοιοῦτος
1196 2912 1314 2976 πῶς
1350 2912 1417 2966 ἂν
1446 2913 1529 2983 εἴη
1564 2916 1789 2985 γενητὸς

219 3004 254 3074 ἢ
285 3003 679 3073 πεποιημένοςς

1890 1924 1973 1970 ret
2002 1934 2015 1967 :
2048 1934 2066 1965 ι
2104 1917 2212 1985 ligo
2242 1926 2296 1970 et
2327 1914 2488 1970 Pater
2518 1932 2683 1969 unum
2719 1931 2932 1980 sumus,
2967 1935 2985 1967 ι
3038 1930 3149 1970 non
3187 1930 3471 1985 cognove-~

1889 2013 2020 2060 runt
2048 2006 2173 2074 quis
2202 2016 2348 2060 esset
2376 2007 2470 2076 qui
2514 2006 2617 2060 hoc
2648 2007 2889 2068 diceret,
2910 2006 3003 2061 sed
3039 2005 3092 2058 in
3112 2020 3333 2060 carnem
3364 2020 3458 2059 so-

1891 2095 1999 2149 lam
2030 2095 2397 2157 intendentes,
2440 2097 2674 2151 obruere
2709 2098 2986 2165 lapidibus
3015 2112 3139 2152 eum
3178 2098 3469 2159 volebant,.

1891 2188 2250 2256 blasphemia:
2297 2188 2506 2243 crimen
2538 2190 2877 2259 alliugentes.
2915 2189 3070 2254 Quod
3112 2189 3255 2242 enim
3302 2188 3457 2242 dixe-

1892 2287 1977 2332 rat
2013 2297 2026 2332 :
2068 2298 2086 2329 ο
2128 2277 2242 2349 Ego
2270 2288 2324 2333 et
2358 2278 2522 2333 Pater
2553 2296 2720 2334 unum
2754 2295 2970 2343 sumus,
3020 2299 3039 2332 ι
3085 2280 3258 2346 aiunt,
3295 2277 3471 2347 Teip-m

1892 2385 2013 2423 sum
2045 2368 2211 2424 Deum
2247 2370 2547 2424 secundum
2595 2378 2851 2425 naturam
2886 2370 3041 2434 lacis,
3091 2370 3195 2425 hoc
3236 2369 3455 2439 quidem

1892 2461 2067 2516 solum
2100 2469 2249 2516 recte
2292 2461 2697 2516 existimantes.
2753 2460 2943 2531 Itaque
2997 2462 3179 2532 impiis
3238 2461 3459 2514 Ariauis

1894 2553 2148 2607 meliores
2176 2561 2306 2607 sunt
2335 2552 2507 2607 ,Ιυὰςεί
2528 2594 2543 2619 ,
2578 2568 2702 2607 eum
2744 2556 2839 2624 qui
2870 2555 3097 2608 omnino
3146 2553 3329 2608 dicere
3362 2567 3463 2605 auo

1894 2660 1989 2698 sus
2041 2643 2242 2707 fuerat,
2292 2662 2310 2695 ι
2360 2644 2475 2715 Ego
2522 2652 2576 2700 et
2608 2643 2775 2700 Pater
2811 2661 2975 2699 unum
3020 2661 3233 2709 sumus,
3277 2663 3296 2695 ι
3336 2653 3458 2697 lan-

1893 2748 2057 2803 quam
2099 2749 2164 2787 ex
2200 2734 2509 2788 necessaria
2550 2733 2765 2788 ratione
2812 2734 3071 2803 deinceps
3122 2736 3187 2786 ad
3236 2732 3467 2787 deitatis

1894 2826 2113 2879 culmen
2178 2826 2481 2881 ascendere
2540 2826 2898 2881 aliirrnantes.
2970 2824 3255 2891 Quomodo
3309 2824 3455 2879 enim

1895 2930 2064 2968 unum
2097 2930 2220 2967 cum
2273 2925 2472 2970 natura
2515 2915 2625 2971 Deo
2663 2923 2829 2979 esset,
2865 2916 2958 2986 qui
3007 2932 3115 2970 non
3149 2916 3250 2970 hoc
3275 2916 3466 2984 ipSum

1892 3006 2153 3061 haberet?
2188 3007 2328 3072 Quia
2369 3022 2500 3062 vero
2544 3023 2654 3063 non
2700 3010 2985 3073 mentitur,
3030 3008 3217 3077 utique
3262 3020 3430 3061 secun

220 3095 351 3149 dum
393 3105 644 3150 naturam
692 3096 808 3165 ipse
841 3093 983 3149 Deus
1009 3095 1309 3157 exsistens,
1342 3110 1513 3148 unum
1576 3104 1660 3150 est
1689 3110 1815 3150 cum
1891 3097 2052 3156 Patre
2088 3121 2102 3156 :
2154 3102 2248 3171 qui
2291 3117 2420 3157 vero
2464 3102 2733 3172 ejusmodi
2788 3112 2896 3168 est,
2946 3102 3222 3173 quomodo
3278 3100 3457 3155 factus

221 3190 385 3244 tuerit
401 3189 426 3242 ?

302 3280 443 3351 Ἐγὼ
469 3275 608 3334 εἶπα
628 3295 643 3310 ’
687 3280 822 3334 Θεοί
849 3279 1013 3344 ἐστε,
1030 3280 1122 3334 καὶ
1148 3279 1218 3333 τὰ
1248 3280 1396 3348 ἑξῆς.

288 3372 405 3426 Νῦν
443 3372 681 3441 ἐλέγχων
703 3371 828 3434 τοὺς
867 3370 1173 3435 Ἰουδαίους,
1203 3372 1284 3424 ὅτι
1308 3373 1368 3424 οὐ
1395 3370 1482 3424 διὰ
1505 3371 1566 3424 τὸ
1595 3372 1787 3424 εἰπεῖν·

221 3486 245 3517 ε
279 3464 422 3533 Ἐγὼ
446 3464 542 3517 καὶ
562 3466 589 3517 6
615 3462 802 3532 Πατὴρ
830 3462 887 3513 ’έν
912 3464 1101 3531 ἐσμεν,
1147 3481 1165 3513 ι
1194 3462 1434 3527 ἐλίθαζον
1455 3461 1634 3523 αὐτὸν,
1656 3461 1793 3514 ἀλλὰ

220 3557 420 3627 μάτην,
456 3554 638 3624 φησίν·
668 3554 752 3618 El,
784 3553 1012 3624 ἐπείπερ
1047 3548 1199 3606 εἷπον
1220 3553 1453 3623 ἐμαυτὸν
1473 3552 1623 3618 Θεὸν,
1649 3552 1791 3606 δοκῶ

219 3647 584 3717 βλασφημεῖν,
616 3646 756 3698 διατί
785 3645 879 3697 τοῦ
916 3646 1129 3715 Πατρὸς
1153 3646 1439 3715 είρηκότος
1471 3645 1560 3698 διὰ
1580 3644 1674 3697 τοῦ
1706 3645 1792 3697 νό-

220 3756 321 3808 μου
350 3739 485 3808 πρὸς
507 3739 647 3802 ,τοὺς
677 3737 1015 3806 ἀνθρώπους,
1068 3737 1190 3789 Θεοί
1223 3739 1365 3800 ἐστε,
1397 3737 1497 3789 οὐκ
1542 3736 1790 3806 ἐκρίνατε

213 3829 375 3883 τοῦτο
413 3824 551 3882 εἶναι
580 3828 959 3898 βλασφημίαν;
991 3829 1160 3882 Τοῦτο
1182 3829 1236 3882 δέ
1256 3846 1443 3899 φησιν,
1476 3828 1596 3897 οὐχὶ
1624 3845 1790 3897 προσ-

216 3919 549 3990 καλούμενος
576 3922 770 3983 αύτοὺς
804 3923 978 3973 εἰπεῖν
1008 3938 1059 3973 τι
1087 3921 1229 3973 κατὰ
1266 3920 1361 3973 τοῦ
1396 3920 1606 3991 Πατρός
1627 3936 1640 3950 ο
1674 3920 1788 3973 ἀλλ’

217 4013 455 4082 ἐλέγχων
483 4013 563 4065 ὅτι
584 4013 674 4064 τὸν
698 4013 857 4081 νόμον
878 4012 1131 4079 ἀγνοοῦσι
1154 4012 1249 4065 καὶ
1278 4010 1375 4075 τὰς
1403 4011 1789 4075 θεοπνεύστους

217 4104 461 4174 Γραφάς.
508 4104 725 4173 Ἐπειδὴ
762 4104 818 4156 δὲ
866 4104 977 4157 τῶν
1029 4104 1331 4174 είρημένων
1376 4104 1512 4156 θεῶν
1553 4105 1647 4156 καὶ¹
1696 4104 1789 4158 τοῦ

216 4191 381 4260 φύσει
412 4192 569 4257 Θεοῦ,
600 4192 736 4245 πολὺ
765 4192 827 4245 τὸ
852 4193 1051 4262 μέσον,
1078 4192 1145 4245 δι’
1174 4187 1248 4245 ὧν
1281 4193 1429 4261 λέγει
1460 4193 1700 4247 διδάσκει
1729 4194 1790 4246 τὸ

212 4283 469 4353 διάφορον
493 4300 506 4313 ·
565 4284 614 4335 εί
641 4282 748 4354 γὰρ
796 4285 846 4335 οἱ
878 4284 1155 4355 ἄνθρωποι
1206 4285 1341 4355 πρὸς
1379 4284 1473 4347 οὓς
1510 4285 1734 4352 γέγονεν
1762 4285 1789 4336 ὁ

215 4374 310 4427 τοῦ
333 4374 468 4426 Θεοῦ
506 4374 682 4444 λόγος,
723 4376 836 4428 θεοὶ
864 4376 1176 4446 κέκληνται,
1210 4377 1304 4429 καὶ
1329 4376 1789 4446 ὲλαμπρύνθησαν

212 4469 284 4537 τῇ
306 4466 408 4536 τῆς
436 4467 688 4537 θεότητος
708 4468 862 4536 τιμῇ,
898 4467 989 4519 τὸν
1021 4466 1115 4519 τοῦ
1151 4467 1284 4519 Θεοῦ
1306 4467 1462 4534 λόγον
1492 4467 1787 4519 εἰσοικισά-

216 4575 370 4628 μενοι
400 4559 493 4610 καὶ
514 4558 905 4627 εἰσδεδεγμένοι
930 4558 1071 4611 κατὰ
1112 4559 1311 4629 ψυχὴν,
1341 4558 1456 4621 πῶς
1489 4559 1587 4611 οὐκ
1614 4557 1679 4610 ἂν
1701 4557 1785 4629 εἴη

1810 3286 1853 3342 C
1959 3280 2037 3344 Χ,
2069 3280 2156 3335 54.
2196 3279 2307 3349 Ego
2341 3280 2495 3334 dixi:
2529 3279 2616 3333 Dii
2648 3281 2808 3346 estis,
2831 3288 2885 3335 et
2915 3281 3141 3350 reliqua.

1962 3369 2120 3424 Nunc
2175 3372 2517 3439 redarguens
2570 3370 2822 3434 Judzeos,
2866 3371 2959 3441 qui
3002 3387 3110 3425 non
3169 3381 3461 3441 propterea

1890 3462 2037 3529 quod
2071 3464 2305 3517 dixisset
2331 3465 2390 3528 εἶ(
2421 3462 2530 3532 Ego
2552 3472 2606 3517 et
2629 3462 2790 3517 Pater
2815 3480 2983 3517 unum
3012 3480 3204 3518 sumus
3225 3505 3238 3523 ,
3271 3483 3289 3515 ›
3322 3466 3456 3534 Inpi-

1891 3552 2096 3605 dabam
2147 3567 2294 3613 eum,
2348 3551 2443 3605 sed
2491 3552 2720 3615 frustra,
2779 3552 2979 3620 inquit.
3026 3551 3083 3605 Si
3124 3553 3268 3605 enim
3309 3568 3450 3621 quo-

1892 3642 2039 3695 niam
2077 3642 2189 3697 dixi
2229 3642 2498 3712 meipsum
2536 3642 2707 3697 Deum
2737 3683 2753 3706 ,
2793 3644 2985 3698 videor
3039 3644 3455 3712 blasphemare,

1890 3749 1990 3788 cur
2033 3748 2159 3787 cum
2197 3732 2360 3787 Pater
2389 3734 2589 3789 dixerit
2624 3750 2720 3805 per
2748 3735 2917 3803 legem
2950 3735 3016 3788 ad
3044 3735 3296 3789 homines
3321 3776 3335 3798 ,
3371 3734 3455 3787 dii

1889 3824 2024 3879 estis
2044 3863 2059 3886 ,
2100 3840 2209 3877 non
2241 3824 2635 3894 blasphemiam
2665 3841 2788 3879 esse
2815 3824 3155 3893 judicastis?
3184 3824 3296 3879 Hoc
3323 3840 3458 3879 ver)

1888 3916 2027 3969 dicit
2076 3930 2183 3969 non
2228 3930 2358 3980 eos,
2409 3924 2470 3968 ut
2514 3916 2723 3985 aliquid
2756 3923 2950 3969 contra
2981 3914 3197 3969 Patrem
3233 3916 3452 3981 dicant,

1890 4008 2128 4063 incitans
2148 4048 2163 4071 ,
2200 4008 2293 4063 sed
2322 4016 2585 4076 tanquam
2619 4007 2755 4077 legis
2784 4017 2838 4061 et
2875 4023 3173 4063 sacrarum,
3203 4006 3458 4076 Scriptu-

1889 4111 2073 4149 rarum
2125 4097 2345 4165 ignaros
2393 4098 2754 4151 convincens.
2811 4096 3272 4165 Quandoquidem
3322 4113 3463 4151 vero

1889 4187 2035 4241 inter
2064 4186 2246 4241 dictos
2276 4188 2409 4241 deos
2437 4195 2491 4241 et
2520 4186 2687 4241 Deum
2723 4196 2924 4240 natura
2958 4202 3217 4255 magnum
3249 4187 3455 4241 discri-

1891 4294 2012 4333 men
2041 4286 2147 4343 est,
2171 4277 2554 4342 dill'erentiam,
2582 4294 2677 4348 per
2703 4278 2817 4332 hmo
2838 4294 2960 4348 quae
2987 4278 3155 4339 dicit,
3176 4280 3453 4333 ostendit:

1889 4370 1935 4423 si
1971 4370 2115 4422 enim
2151 4368 2403 4424 homines
2437 4369 2503 4423 ad
2536 4385 2676 4435 quos
2715 4384 2897 4423 sermo
2942 4368 3032 4423 Dei
3077 4369 3297 4424 habitus
3324 4380 3408 4424 est
3436 4410 3457 4433 ,

1887 4460 1963 4513 dii
1994 4460 2172 4513 vocati
2213 4467 2383 4523 sunt,
2423 4467 2478 4514 et
2519 4458 2748 4512 deitatis
2788 4458 2999 4512 honore
3036 4460 3315 4524 decorati,
3359 4459 3454 4513 Dei

1888 4553 2055 4606 verbo
2090 4552 2231 4605 intra
2274 4552 2517 4605 animam
2560 4560 2822 4619 recepto,
2866 4550 3145 4619 quomodo
3188 4567 3297 4605 non
3350 4552 3456 4605 erit

214 4648 377 4716 φύσει
400 4647 549 4709 Θεὸς,
579 4650 607 4700 ό
644 4647 709 4699 δι’
742 4648 800 4700 δν
854 4650 1049 4701 ἐκεῖνοι
1111 4649 1259 4713 θεοί;
1300 4648 1434 4708 Θεὸς
1495 4649 1603 4718 γὰρ
1650 4644 1718 4717 ἦν
1757 4651 1784 4701 6

1893 4654 2084 4699 natura
2114 4644 2256 4698 Deus
2287 4643 2332 4698 is
2366 4658 2463 4711 per
2486 4657 2648 4711 quem
2683 4641 2763 4694 illi
2789 4641 2908 4695 dii?
2933 4661 2952 4692 ι
2985 4642 3128 4697 Deus
3157 4645 3303 4696 enim
3336 4652 3456 4696 erat

212 4740 407 4806 Αόγος,
442 4738 582 4791 κατὰ
599 4740 692 4808 τὴν
745 4738 988 4792 Ἰωάννου
1023 4741 1210 4809 φωνήν
1235 4757 1248 4769 ο
1286 4741 1315 4791 6
1348 4740 1442 4792 καὶ
1471 4742 1582 4799 τοῖς
1605 4739 1782 4801 ἄλλοις

211 4830 371 4882 τοῦτο
418 4829 755 4898 προξενήσας
800 4830 863 4882 τὸ
904 4830 1177 4900 λαμπρόν.
1220 4831 1280 4883 Εἰ
1324 4830 1434 4901 γὰρ
1466 4833 1493 4885 6
1521 4831 1614 4885 τοῦ
1646 4831 1781 4884 Θεοῦ

211 4923 385 4987 Λόγος
410 4920 498 4973 διὰ
514 4922 606 4974 τοῦ
627 4921 782 4988 ἁγίου
812 4921 949 4973 Πνεύ
958 4939 1127 4991 ματος
1148 4923 1336 4990 ἀνάγει
1358 4922 1492 4993 πρὸς
1520 4924 1618 4993 τὴν
1642 4924 1781 4995 ὑπὲρ

211 5010 498 5081 ἄνθρωπον
532 5012 709 5082 χάριν,
740 5011 832 5065 καὶ
870 5016 1206 5081 κατακοσμεῖ
1239 5013 1392 5083 θεῖκῇ
1418 5017 1547 5085 τιμῇ
1569 5015 1694 5077 τοὺς
1726 5018 1783 5068 ἐν

209 5097 295 5165 οἷς
328 5103 394 5156 ἂν
422 5104 651 5170 γένοιτο,
685 5104 864 5166 διὰτί,
886 5106 1043 5173 φησὶ,
1082 5106 1290 5172 λέγετε,
1324 5108 1405 5159 ὅτι
1458 5107 1779 5177 βλασφημῶ,

210 5194 386 5261 λέγων
410 5196 643 5262 ἐμαυτὸν
674 5194 799 5247 Υίὸν
827 5196 962 5249 Θεοῦ
1018 5197 1111 5249 καὶ
1148 5197 1313 5262 Θεόν;
1350 5198 1565 5269 Καίπερ
1610 5198 1677 5249 δι’
1706 5191 1782 5250 ὧν

210 5285 586 5354 ὲνεχειρίσθην
645 5289 775 5358 παρ’
827 5286 991 5340 αὑτοῦ
1043 5289 1485 5359 μαρτυρούμενος
1529 5291 1610 5343 ὅτι
1647 5289 1780 5353 Θεός

210 5377 329 5444 εἰμι
353 5375 529 5442 φύσει.
579 5378 837 5444 Ἀγιάσας
873 5379 978 5450 γάρ
1011 5397 1077 5449 με
1118 5381 1433 5433 ἀπέστειλεν
1456 5384 1535 5443 είς
1578 5381 1668 5435 τὸν
1692 5387 1782 5435 κόο

214 5481 353 5535 σμον
381 5468 608 5535 Σωτῆρα
634 5468 726 5521 τοῦ
763 5470 998 5539 κόσμου·
1056 5473 1193 5541 ὅπερ
1248 5472 1409 5541 μόνου
1456 5474 1573 5525 ἐστὶ
1618 5473 1777 5541 φύσει

209 5555 368 5620 Θεοῦ,
401 5556 462 5608 τὸ
491 5556 747 5611 δύνασθαι
770 5545 1049 5623 διασῶζειν
1080 5563 1143 5617 ἐκ
1165 5562 1255 5615 τοῦ
1287 5562 1529 5617 διαϐόλου
1566 5566 1654 5619 καὶ
1682 5564 1779 5633 τῆς

285 5738 325 5767 ³³
361 5734 681 5798 .loan.1,l.
776 5748 781 5753 '

1891 4739 2159 4798 Verbum,
2189 4737 2392 4805 )juxta
2440 4734 2709 4789 Joannem
2762 4734 2829 4799 “,
2868 4736 2963 4804 qui
3012 4744 3065 4789 et
3115 4736 3239 4790 aliis
3287 4736 3462 4803 hujus.

1887 4830 2196 4899 Splendoris
2220 4827 2547 4881 conciliator
2572 4841 2638 4879 ac
2675 4827 2929 4896 pararius
2965 4826 3085 4880 fuit.
3114 4824 3169 4880 Si
3192 4828 3337 4881 enim
3363 4826 3454 4881 Dei

1891 4922 2131 4975 Verb‘um
2162 4936 2261 4989 per
2287 4920 2548 4990 Spiritum
2585 4927 2835 4973 sanctum
2861 4919 2925 4972 ad
2953 4921 3185 4989 gratiam
3215 4920 3457 4977 hominis

1888 5010 2202 5064 conditione
2242 5008 2504 5076 majorem
2535 5008 2755 5071 evehit,
2788 5017 2843 5061 et
2884 5008 3093 5062 honore
3125 5008 3312 5063 divino
3357 5025 3457 5063 eos

1888 5103 2259 5173 quibusinest
2331 5101 2615 5154 illustrat:
2663 5115 2967 5170 quorsum,
3014 5100 3227 5169 inquit,
3269 5102 3458 5155 dicitis

1888 5212 1975 5250 me
2028 5194 2438 5263 blasphemare,
2497 5207 2624 5246 cum
2678 5193 2804 5246 dico
2858 5208 2943 5246 me
2991 5192 3192 5246 Filium
3256 5192 3346 5247 Dei
3399 5202 3454 5246 et

1890 5287 2096 5350 Deum,
2141 5286 2391 5355 quamvis
2420 5301 2483 5339 ex
2516 5284 2587 5339 iis
2618 5299 2741 5353 quae
2773 5284 2903 5337 mihi
2938 5285 3009 5339 ab
3042 5300 3109 5338 eo
3150 5285 3455 5339 commissa

1887 5386 2017 5433 sunt
2047 5377 2182 5433 satis
2209 5376 2503 5431 testimonii
2522 5375 2735 5429 dederit
2761 5391 2847 5429 me
2870 5391 2994 5430 esse
3014 5389 3209 5430 natura
3238 5375 3452 5429 Deum?

1887 5469 1988 5524 Ubi
2018 5470 2161 5524 enim
2194 5484 2279 5523 me
2312 5468 2678 5523 sanctiﬁcavit
2700 5506 2715 5531 ,
2750 5467 2899 5520 misit
2932 5468 2988 5521 in
3020 5466 3284 5520 mundum
3317 5466 3449 5519 Ser-

1887 5570 2128 5618 vatorcm
2159 5562 2385 5623 mundi,
2407 5560 2551 5631 quod
2584 5563 2746 5614 unius
2775 5570 2858 5614 cst
2884 5568 3079 5613 natura
3116 5558 3205 5613 Dci
3232 5598 3248 5621 ,
3286 5574 3454 5629 posse
