3882 6206
419 301 534 378 11’

1438 325 1496 384 s.
1525 323 1810 383 CYRILLI
1839 320 2312 380 ALEXANDRINI
2341 315 2660 374 ARCHIEP.
2846 272 2852 279 ’
3583 309 3659 365 ss

419 433 670 490 homines
698 447 728 487 ιι
759 431 980 491 diabolo
1005 441 1061 490 et
1087 445 1312 504 peccato
1337 445 1392 493 et
1423 438 1649 496 interitu
1678 436 1985 492 vindicare.

2095 433 2369 504 ἁμαρτίας
2401 431 2496 484 καὶ
2528 428 2632 498 τῆς
2684 396 2890 498 ςρθορᾶς
2940 425 3064 486 τοὺς
3112 421 3450 493 ἀνθρώπους.
3518 417 3659 477 Ἀλλ’

420 526 526 581 Sed
570 525 803 580 forsitan
835 540 960 581 cum
992 525 1180 582 divina
1225 528 1512 598 Scriptura
1558 529 1711 584 dicat
1750 542 1780 580 a
1826 526 1990 581 Patre

418 617 617 673 Filium
649 631 777 672 esse
819 616 1053 673 missum
1079 660 1094 684 ,
1140 620 1326 675 statim
1368 619 1665 674 haereticus
1691 618 1988 673 dictionem

419 707 474 761 in
503 707 593 762 sui
622 706 831 762 erroris
860 708 1122 775 pabulum
1147 709 1378 779 arripit,
1405 717 1460 764 et
1487 709 1710 765 omnino
1739 709 1991 765 dicturus

419 806 545 863 est,
570 814 675 854 vos
701 799 794 869 qui
835 798 1036 855 Filium
1068 799 1233 857 Patre
1280 802 1549 856 minorem
1596 801 1782 857 dicere
1826 816 1991 857 recu-

422 890 600 955 satis,
634 890 912 962 quomodo
941 907 1054 946 non
1108 893 1302 948 videtis
1348 892 1418 947 ab
1467 907 1538 947 eo
1585 892 1816 949 missum
1862 901 1989 948 tan-

420 995 585 1049 quam
631 982 702 1035 ab
750 982 940 1053 aliquo
973 982 1182 1052 majore
1213 985 1391 1055 67o.
1411 999 1478 1039 ac
1511 985 1994 1054 superemineute?

419 1063 561 1128 Quid
611 1079 744 1134 ergo
785 1064 1070 1131 dicemus,
1108 1069 1216 1123 nisi
1264 1069 1416 1139 quod
1457 1070 1748 1126 missionis
1792 1086 1990 1126 nomen

421 1152 586 1206 modo
618 1162 672 1209 et
703 1155 1006 1210 conditioni
1054 1157 1345 1214 inanitatis
1385 1162 1623 1213 maxime
1655 1161 1995 1217 conveniat?

420 1245 597 1300 Audis
624 1247 768 1300 enim
799 1255 859 1302 ut
889 1247 1101 1327 Paulus
1145 1249 1257 1304 ista
1300 1250 1411 1305 duo
1440 1250 1784 1323 coniungens
1811 1252 1991 1319 dicat,

422 1347 552 1390 trmc
582 1337 813 1393 missum
844 1354 875 1393 a
902 1338 1062 1394 Patre
1096 1340 1296 1395 Filium
1317 1382 1332 1407 ,
1359 1342 1583 1412 quando
1611 1341 1790 1399 factus
1815 1352 1903 1400 est
1927 1360 1991 1400 ex

423 1432 686 1496 muliere,
718 1442 772 1488 et
803 1432 909 1489 sub
938 1433 1110 1504 legem
1141 1433 1433 1489 nobiscum
1469 1434 1620 1489 venit
1655 1436 1720 1500 ”',
1753 1436 1883 1491 licet
1914 1436 1994 1490 le-

421 1525 658 1591 gislator
698 1524 977 1581 exsistens
1019 1532 1075 1579 et
1106 1523 1374 1580 Dominus
1420 1526 1483 1579 ³⁸.
1531 1525 1590 1578 Si
1627 1541 1761 1581 vero
1795 1527 1997 1582 intelli-

420 1626 583 1686 gatur
609 1625 773 1672 natus
800 1616 855 1670 in
895 1616 1039 1672 servi
1090 1615 1267 1670 forma
1315 1614 1517 1679 Filius,
1545 1615 1744 1671 deinde
1782 1617 1997 1671 dicatur

422 1707 629 1762 missus
669 1723 698 1760 a
738 1708 939 1772 Patre,
989 1707 1201 1762 nullum
1250 1708 1478 1762 cumino
1512 1708 1639 1762 inde
1665 1708 1869 1778 accipit
1900 1709 1996 1765 de-

2091 525 2221 589 ῐσως
2240 526 2369 578 ὅταν
2399 526 2433 594 ἡ
2460 522 2579 575 Θεία
2611 518 2801 591 Γραφὴ
2850 516 3004 587 λέγῃ,
3032 514 3182 586 παρά
3205 514 3298 568 τοῦ
3319 514 3529 586 Πατρὸς
3550 517 3661 569 ἀπ-

2090 615 2346 671 εστάλθαι
2377 614 2470 668 τὸν
2511 611 2660 677 Υίδν,
2689 609 2851 673 εὐθὺς
2882 606 3205 678 ὁάίρετικὺς
3235 605 3449 677 τροφὴν.
3475 608 3541 676 τῇ
3579 606 3662 658 αξ.

2072 710 2215 783 ’κεία
2246 708 2422 781 πλάνῃ
2467 707 2701 760 ποιεῖται
2726 702 2824 774 τὴν
2847 699 3011 765 λέξιν.
3047 700 3163 769 ὲρεῖ
3201 697 3259 751 δέ
3302 713 3404 750 που
3441 696 3662 758 πάντως

2089 802 2172 855 ὃτι
2196 801 2356 871 ὑμεῖς
2373 800 2423 852 oi
2444 793 2866 870 παραιτούμενοι
2899 783 3079 859 λέγειν
3121 788 3213 841 τὸν
3244 787 3371 840 Υίδν
3403 786 3663 840 ἐλάττονα

2091 892 2184 947 τοῦ
2220 891 2454 962 Πατρὸς,
2486 888 2601 949 πῶς
2627 888 2726 956 οὐχ
2755 885 2919 957 ὁρᾶτε
2946 883 3075 952 παρ’
3109 879 3289 935 αὐτοῦ
3307 879 3664 950 πεμπόμενον

2090 985 2166 1048 ὡς
2198 982 2350 1054 παρὰ
2380 978 2624 1052 μείζονάς
2668 993 2814 1040 τινος
2849 976 2944 1029 καὶ
2984 971 3412 1044 ὑπερκειμένου.;
3457 971 3522 1023 Τί
3562 966 3662 1022 οὖν

2091 1072 2420 1147 ὲροῦμεν;ἢ
2466 1072 2548 1125 ὅτι
2603 1067 2665 1123 τὸ
2711 1068 2810 1138 τῆς
2842 1063 3145 1134 ἀποστολῆς
3190 1063 3382 1132 δνομα,
3429 1061 3668 1131 μάλιστα

2095 1168 2197 1239 μὲν
2234 1165 2439 1238 πρέπει
2485 1163 2598 1225 τοῖς
2637 1160 2737 1231 τῆς
2792 1156 3072 1220 κενώσεως
3118 1155 3372 1226 μέτροις;
3419 1153 3663 1216 ’Δκούεις

2093 1259 2202 1330 γὰρ
2230 1259 2313 1311 ὅτι
2352 1255 2638 1309 συνάπτων
2672 1251 2699 1303 6
2737 1248 2948 1311 Παῦλος
2988 1245 3293 1316 ἀμφότερα,
3344 1244 3465 1297 τότε
3498 1244 3664 1313 φησὶν

2095 1346 2433 1404 ἀπεστάλθαι
2460 1344 2609 1416 παρά
2635 1341 2728 1396 τοῦ
2757 1339 2967 1411 Πατρὸς
2994 1339 3087 1393 τὸν
3117 1338 3246 1390 Υίὺν
3265 1379 3281 1404 ,
3319 1337 3407 1390 ὅτε
3447 1336 3541 1388 καὶ
3568 1333 3666 1402 γέ-

2095 1456 2252 1510 γονεν
2276 1439 2343 1491 ὲκ
2369 1434 2629 1506 γυναικὸς
2656 1433 2753 1486 καὶ
2790 1430 2895 1484 ὑπὸ
2921 1428 3083 1500 νόμον
3126 1427 3202 1492 ὡς
3229 1427 3511 1498 ἄνθρωπος
3541 1424 3664 1495 μεθ’

2095 1529 2272 1601 ἡμῶν,
2301 1528 2480 1581 καίτοι
2504 1522 2803 1595 νομοθέτης
2830 1520 2907 1573 ῶν
2941 1520 3035 1573 καὶ
3064 1518 3291 1590 Κύριος.
3314 1517 3378 1569 Et
3413 1516 3475 1571 δὲ
3493 1519 3666 1570 νοοῖτο

2094 1620 2333 1693 γεγονὼς
2366 1620 2425 1673 ὲν
2452 1621 2518 1689 τῇ
2554 1615 2741 1670 δούλου
2766 1616 2946 1684 μορφῇ
2969 1616 2998 1666 6
3016 1611 3161 1676 Υἱὸς,
3194 1607 3319 1664 εἶταρ
3336 1609 3663 1664 ἀποστέλλε-

2100 1712 2225 1765 σθαι
2264 1710 2476 1779 λέγοιτο
2501 1706 2648 1779 παρά
2673 1704 2766 1758 τοῦ
2791 1706 2903 1758 Πατ
2914 1704 3024 1774 ρὸς,
3049 1702 3200 1756 οὐδὲν
3240 1701 3377 1767 ὅλως
3404 1701 3666 1771 ὑπομένει

422 1798 749 1852 trimentum
784 1792 809 1861 ,’
859 1799 1222 1855 nihilominus
1280 1800 1331 1854 ei
1383 1800 1881 1857 consubstantialis
1939 1811 1994 1857 et

2095 1804 2154 1856 1:6
2182 1802 2395 1873 βλάϐος,
2423 1802 2503 1863 είς
2546 1799 2604 1852 τὸ
2627 1793 2766 1851 εἶναι
2790 1797 2886 1849 καὶ
2908 1793 3190 1866 ὀμοούσιος
3216 1792 3363 1864 αὐτῷ
3414 1793 3505 1847 καὶ
3554 1794 3668 1846 ἰσο-

422 1888 595 1957 gloria
628 1905 749 1959 par,
780 1890 1044 1961 nullaque
1077 1906 1141 1945 re
1172 1907 1402 1961 prorsus
1438 1891 1785 1948 imminutus.
1820 1891 1995 1949 Voces

423 1979 693 2048 siquidem
736 1988 942 2034 nostrae
972 1980 1018 2035 si
1048 1979 1117 2035 de
1148 1978 1269 2035 Deo
1301 1980 1689 2045 enuntientur,
1716 1995 1826 2035 non
1858 1980 1995 2035 adeo

421 2077 739 2123 accuratum
768 2084 996 2123 examen
1027 2069 1362 2133 admittunt,
1393 2084 1495 2124 nec
1521 2085 1614 2125 eas
1639 2071 1894 2139 accipere
1920 2076 1994 2125 ita

420 2168 639 2227 oportet
675 2167 739 2214 ut
763 2174 831 2214 ex
859 2169 1048 2213 nostra
1082 2159 1485 2216 consuetudine
1515 2169 1762 2225 sonant,
1795 2162 1892 2218 sed
1934 2168 1996 2216 ut

420 2251 620 2306 divinae
670 2266 1053 2322 supremusque
1090 2262 1306 2308 naturae
1331 2256 1615 2310 convenit.
1639 2254 1782 2321 Quid
1811 2256 1993 2320 enim,

421 2342 465 2397 si
496 2342 736 2397 hominis
768 2343 954 2412 lingua
977 2359 1089 2398 non
1114 2344 1280 2400 habet
1303 2360 1471 2401 voces
1492 2346 1559 2401 ad
1584 2347 1994 2403 enarrationem

418 2434 617 2488 divinae
637 2433 1088 2505 gloriaeidoueas?
1106 2435 1291 2501 Quare
1307 2437 1610 2492 absurdum
1632 2446 1741 2504 est,
1769 2447 1995 2509 propter

423 2526 677 2580 humanm
710 2527 910 2595 lingua:
939 2527 1315 2583 inﬁrmitatem
1341 2535 1397 2582 et
1428 2529 1693 2585 dictionis
1727 2530 1994 2599 jejunita-

429 2624 536 2668 tum
598 2632 663 2670 ac
716 2618 993 2688 inopiam,
1053 2634 1326 2688 suprema:
1400 2621 1731 2691 ccelestique
1807 2622 1997 2693 gloriae

417 2710 770 2765 eminentiam
818 2711 962 2766 laedi.
1005 2711 1321 2767 Memineris
1359 2712 1676 2770 Salomonis
1715 2716 1993 2773 dicentis:

423 2822 443 2853 ‹
468 2798 654 2856 Gloria
684 2801 898 2858 Domini
927 2803 1176 2858 occultat
1201 2819 1569 2859 sermoncmu
1589 2805 1823 2862 Curiose
1845 2808 1992 2862 enim

419 2892 757 2961 inquirentes
781 2892 997 2949 Domini
1023 2896 1251 2964 gloriam
1272 2936 1286 2959 ,
1308 2894 1519 2951 similes
1540 2896 1654 2951 illis
1682 2913 1877 2952 sumus
1901 2897 1995 2968 qui

421 2987 602 3053 palmo
633 2986 832 3040 cmlum
860 2987 1041 3041 metiri
1075 2988 1267 3042 volunt
1300 2989 1366 3041 ³⁷.
1399 2986 1572 3059 Igitur
1599 3004 1723 3043 cum
1755 2989 1995 3044 humano

419 3090 570 3131 more
595 3077 805 3147 aliquid
832 3077 1042 3133 dicitur
1070 3079 1137 3134 de
1182 3078 1294 3136 Deo
1316 3122 1330 3146 ,
1360 3080 1666 3150 accipiatur
1692 3089 1752 3135 ut
1781 3082 1849 3137 de
1878 3081 1990 3138 Deo

2093 1895 2257 1964 κλεὴς
2294 1894 2389 1946 καὶ
2414 1891 2531 1945 κατ’
2561 1889 2710 1943 οὐδὲν
2750 1887 2886 1949 ὅλως
2930 1883 3426 1956 μειονεκτούμενος.
3461 1885 3525 1937 Δί
3552 1883 3666 1951 γάρ

2091 2001 2176 2039 τοι
2200 1983 2374 2048 λέξεις
2397 1985 2453 2036 αί
2487 1979 2615 2051 παρ’
2650 1978 2807 2049 ήμῶν
2835 1979 2883 2031 εἰ
2930 1976 3058 2045 περὶ
3081 1975 3218 2028 Θεοῦ
3248 1974 3663 2045 προσφέροιντο,

2094 2079 2192 2150 τὴν
2217 2074 2417 2146 ἀκριϐῆ
2447 2070 2839 2143 παραιτοῦνται
2862 2068 3095 2139 βάσανον
3115 2084 3129 2097 ·
3166 2066 3270 2137 χρὴ
3294 2066 3351 2119 δὲ
3374 2064 3541 2127 αὐτάς
3562 2064 3666 2134 οὐχ

2094 2170 2236 2224 οὕτω
2268 2169 2406 2220 νοεῖν
2452 2162 2594 2217 κατά
2628 2162 2726 2233 τὴν
2759 2163 2815 2215 έν
2861 2163 2992 2230 ἡμῖν
3024 2159 3307 2229 συνήθειαν
3351 2158 3510 2226 λέγω,
3545 2156 3666 2211 άλὶέ

2094 2261 2169 2324 ῶς
2204 2261 2270 2313 ἂν
2300 2259 2437 2329 αὐτῇ
2481 2254 2679 2324 πρέποι
2705 2255 2770 2324 τῇ
2798 2253 2918 2322 θεία
2960 2252 3052 2305 καὶ
3086 2250 3362 2321 ὑπερτάτη
3394 2248 3570 2317 φύσει.
3595 2248 3667 2302 Τί

2095 2353 2224 2424 γὰρ,
2242 2355 2291 2405 εί
2314 2350 2390 2421 μὴ
2419 2349 2530 2418 ἔχει
2548 2345 2731 2416 φωνάς
2759 2347 2792 2415 ή
2818 2343 3105 2417 ἀνθρώπου
3132 2341 3344 2411 γλῶττα
3361 2340 3666 2412 δυναμένας

2094 2444 2325 2515 ἀρκέσαι
2356 2443 2421 2512 τῇ
2461 2440 2581 2511 θείᾳ
2613 2436 2739 2510 δόξῃ
2786 2435 2923 2507 πρὸς
2966 2434 3260 2505 ὲξήγησινς
3310 2433 3461 2486 Ἐστι
3485 2431 3667 2485 τοίνυν

2094 2539 2294 2592 ἄτοπον
2321 2533 2408 2587 διὰ
2430 2532 2528 2602 τὴν
2554 2530 2654 2601 τῆς
2705 2526 3050 2599 ἀνθρωπίνης
3107 2524 3350 2596 γλώττης
3380 2524 3683 2578 ἀσθένειαν»

2095 2629 2189 2683 καὶ
2220 2628 2318 2696 τὴν
2346 2628 2404 2678 ὲν
2426 2622 2568 2689 λέξει
2597 2619 2889 2690 πτωχείαν,
2917 2619 3014 2687 τῆς
3049 2618 3308 2671 ἀνωτάτω
3344 2616 3532 2669 πασῶν
3565 2615 3669 2669 δό-

2096 2720 2192 2790 ξης
2215 2714 2513 2771 ἀδικεῖσθαι
2543 2712 2640 2783 τὴν
2666 2709 2959 2781 ὑπεροχήν.
2984 2708 3247 2777 Μέμνησο
3272 2706 3364 2760 τοῦ
3390 2706 3670 2774 Σολομῶν-

2092 2830 2183 2874 τος
2206 2810 2455 2879 λέγοντος
2475 2823 2491 2838 ⁸
2528 2825 2546 2857 ι
2586 2805 2723 2870 Δόξα
2743 2803 2949 2873 Κυρίου
2986 2799 3217 2871 κρύπτει
3241 2799 3419 2868 λόγον.
3455 2817 3474 2849 ι
3499 2799 3667 2871 Περι-

2096 2902 2449 2975 εργαςόμενοι
2488 2896 2597 2967 γὰρ
2652 2892 2896 2967 ἀκριϐῶς
2951 2893 3050 2961 τὴν
3100 2892 3194 2945 τοῦ
3232 2890 3440 2961 Κυρίου
3483 2889 3663 2955 δόξαν,

2095 2994 2352 3064 ἐοίκαμεν
2379 2992 2491 3052 τοίς
2513 2987 2754 3043 ἐθέλουσι
2783 2985 3030 3057 σπιθαμῇ
3079 2983 3343 3054 μετρῆσαι
3381 2982 3475 3035 τὸν
3496 2982 3668 3052 οὐρα-

2094 3086 2205 3141 νόν.
2241 3081 2450 3139 Οὐκοῦν
2481 3082 2610 3135 ὅταν
2636 3077 2989 3148 ἀνθρωπίνων
3023 3094 3078 3129 τι
3101 3074 3327 3144 λέγηται
3353 3074 3481 3145 περὶ
3506 3074 3666 3139 Θεοῦ,

417 3168 691 3221 convenit.
711 3167 853 3233 Quid
876 3168 1023 3223 enim
1050 3184 1180 3239 agas
1203 3185 1330 3225 eum
1353 3171 1546 3226 audias
1567 3180 1855 3227 canentem
1884 3171 1990 3225 Da-

2095 3177 2321 3232 νοείσθω
2343 3171 2681 3244 θεοπρεπῶς.
2722 3171 2878 3226 Ἐπεὶ
2905 3169 2959 3223 τί
2989 3168 3233 3240 ποιήσεις
3270 3167 3398 3220 ὅταν
3428 3165 3670 3237 ἀκούσῃς

421 3259 632 3314 videm:
661 3278 680 3309 ι
704 3257 809 3324 Qui
840 3259 1002 3316 sedes
1032 3276 1200 3330 super
1219 3261 1536 3328 Cherubin),
1563 3277 1790 3332 appare,
1816 3265 1997 3319 excita

419 3358 740 3419 potestatem
782 3358 958 3414 tuam,
984 3361 1040 3406 et
1081 3353 1204 3407 veni
1247 3353 1315 3407 ad
1357 3352 1687 3409 servandum
1729 3369 1831 3409 nos
1876 3356 1945 3409 ³⁸.
1972 3374 1991 3408 ι

417 3441 706 3508 Quomodo
728 3442 875 3496 enim
905 3442 1058 3498 sedet
1082 3442 1228 3514 quod
1254 3451 1338 3498 est
1361 3446 1789 3515 lncorporeum?
1816 3446 1880 3500 Et
1905 3446 1995 3501 ubi

418 3542 502 3588 est
529 3533 773 3588 universi
809 3532 958 3588 Deus
981 3573 997 3597 ,
1029 3550 1194 3605 quem
1229 3543 1290 3589 ut
1316 3535 1506 3590 veniat
1533 3538 1599 3590 ad
1627 3550 1730 3591 nos
1761 3537 1993 3603 invitat,

418 3624 692 3678 dicentem
718 3625 924 3694 alioqui
953 3640 1050 3695 per
1075 3628 1427 3695 prophetam:
1453 3646 1471 3679 ι
1495 3623 1754 3697 Nunquid
1792 3628 1995 3683 coelum

420 3724 476 3768 et
498 3724 700 3771 terram
732 3731 833 3786 ego
861 3717 1085 3788 impleo,
1110 3719 1247 3773 dicit
1277 3719 1547 3778 Dominus
1568 3722 1609 3754 ”
1628 3722 1680 3775 ?i
1699 3719 1996 3788 Quomodo

423 3809 594 3878 igitur
647 3810 832 3863 veniat
877 3812 944 3863 ad
991 3825 1097 3866 nos
1146 3811 1241 3881 qui
1276 3813 1460 3867 omnia
1514 3813 1751 3884 implet?
1780 3811 1995 3868 Rursus

422 3901 691 3971 scriptum
745 3910 831 3957 est
880 3903 1079 3957 turrim
1124 3904 1180 3959 in
1227 3905 1429 3959 cmlum
1476 3901 1857 3975 magnitudine
1900 3917 1993 3958 as-

422 3998 734 4060 surgentem
758 3993 1026 4061 quosdam
1052 3993 1324 4049 aediﬁcare
1349 4009 1661 4065 aggressos;
1689 4003 1740 4049 et
1765 3995 1995 4050 descen-

423 4084 500 4136 dit
541 4083 808 4140 Dominus
847 4092 908 4138 ut
940 4086 1152 4141 videret
1183 4087 1376 4142 urbem
1413 4094 1468 4142 et
1501 4088 1698 4142 turrim
1723 4127 1737 4153 ,
1770 4095 1825 4143 et
1859 4087 1996 4142 dixit

424 4174 722 4231 Dominus:
744 4176 1040 4247 «Agedum,
1061 4177 1460 4235 descendentes
1484 4178 1894 4235 contundamus
1909 4195 1996 4235 eo-

433 4282 554 4321 rum
593 4268 812 4339 linguas
854 4270 1004 4325 illico
1042 4272 1108 4324 ”.
1141 4289 1160 4322 ι
1189 4270 1475 4337 Quomodo
1497 4270 1993 4326 descenditDomi-

425 4375 560 4425 nus,
589 4361 673 4415 vel
707 4375 814 4429 qua
858 4362 1075 4416 ratione
1119 4371 1308 4416 sancta
1349 4360 1599 4416 Trinitas
1651 4358 1892 4432 seipsam
1925 4362 1994 4417 ad

424 4455 752 4509 descensum
784 4454 1038 4508 hortatur
1060 4455 1084 4507 ἲ
1110 4453 1250 4520 Quid
1276 4468 1438 4517 vero,
1465 4453 1553 4507 dic
1583 4453 1720 4506 mihi
1743 4492 1757 4516 ,
1786 4461 1841 4508 et
1874 4453 1995 4523 ipse

2096 3265 2389 3336 ψάλλοντος
2414 3261 2507 3315 τοῦ
2535 3259 2697 3331 Δαϐίδ
2716 3277 2729 3291 ·
2756 3277 2775 3311 ι
2815 3259 2875 3313 Ὀ
2892 3256 3198 3328 καθήμενος
3219 3257 3310 3309 ἐπὶ
3333 3255 3439 3309 τῶν
3461 3256 3670 3327 Χερου-

2097 3357 2233 3426 ϐὶμ,
2277 3352 2575 3425 ὲμφάνηθι,
2612 3350 2886 3420 ὲξέγειρον
2921 3350 3020 3419 τὴν
3054 3346 3372 3402 δυναστείαν
3403 3364 3531 3409 σου,
3573 3346 3677 3400 καὶ.

2096 3448 2218 3501 ἐλθὲ
2244 3448 2324 3509 είς
2353 3446 2414 3499 τδ
2441 3445 2611 3499 σῶσαι
2639 3445 2816 3515 ήμᾶς;
2848 3461 2867 3493 ι
2901 3441 3027 3503 Πῶς
3052 3440 3161 3510 γὰρ
3193 3440 3423 3509 κάθηται
3443 3439 3505 3492 τὸ
3524 3439 3671 3492 ἀσώ-

2099 3555 2302 3611 ματον;
2334 3537 2444 3591 Ποῦ
2470 3537 2528 3591 δὲ
2553 3537 2680 3590 ὄντα
2700 3535 2807 3589 τῶν
2829 3533 2966 3589 ὅλων
2987 3532 3119 3586 Θεὸν
3142 3531 3278 3603 πρὸς
3308 3533 3455 3602 ἡμᾶς
3476 3528 3671 3599 ἀφικέ·

2098 3632 2221 3686 σθαι
2272 3628 2581 3702 παρακαλεῖ
2625 3627 2718 3681 τὸν
2768 3624 2996 3694 λέγοντα
3047 3623 3135 3677 διὰ
3183 3620 3290 3675 τῶν
3338 3620 3669 3693 προφητῶνο

2102 3744 2121 3777 ι
2144 3722 2234 3794 Μὴ
2260 3722 2381 3794 οὐχὶ
2408 3721 2498 3775 τὸν
2518 3718 2742 3791 οὐρανὸν
2759 3717 2854 3770 καὶ
2882 3716 2980 3787 τὴν
3004 3714 3110 3784 γῆν
3130 3711 3239 3780 ἐγὼ
3268 3712 3492 3783 πληρῶ;
3518 3710 3677 3779 λέγει

2094 3814 2322 3887 Κύριος.
2362 3812 2474 3867 Ποῦ
2496 3813 2677 3865 τοίνυν
2711 3810 2777 3863 ἂν
2804 3807 2933 3879 ἔλθη
2956 3806 3091 3877 πρὸς
3118 3805 3263 3875 ἡμᾶς
3283 3805 3310 3857 6
3336 3804 3511 3857 πάντα
3529 3800 3673 3872 πληο

2098 3907 2242 3981 ρῶν;
2295 3906 2463 3960 Πάλιν
2511 3902 2863 3973 γέγραπται,
2922 3898 3003 3952 ὅτι
3056 3895 3265 3967 πύργον
3314 3893 3672 3963 οὐρανομήκη

2095 3995 2494 4059 κατεσκεύαζόν
2538 4010 2703 4056 τινες.
2758 3990 2870 4044 Καὶ
2895 3986 3101 4054 κατέϐη
3156 3984 3360 4055 Κύριος
3414 3983 3537 4036 ίδείν
3568 3982 3672 4054 τὴν

2095 4090 2250 4144 πόλιν
2270 4088 2364 4142 καὶ
2389 4087 2478 4141 τὸν
2497 4085 2706 4157 πύργον
2725 4100 2739 4114 ·
2772 4083 2865 4136 καὶ
2887 4076 3008 4135 εἷπε
3035 4078 3239 4150 Κύριος
3255 4094 3269 4107 ο
3313 4095 3332 4127 ι
3361 4074 3525 4129 Δεῦτε
3574 4075 3674 4128 καὶ

2094 4179 2431 4241 καταϐάντες
2482 4177 2799 4246 συγχέωμεν
2848 4171 3030 4226 αὐτῶν
3060 4169 3161 4234 τάς
3188 4167 3438 4237 γλώσσας
3462 4167 3598 4219 ἐκεῖ.
3643 4185 3665 4218 ι

2095 4272 2203 4327 Ποῦ
2231 4270 2435 4341 κατέϐη
2486 4269 2721 4340 Κύριος;
2767 4265 2951 4337 ἢτίνα
3003 4262 3261 4335 τρόπονή
3321 4258 3451 4327 ἀγία
3499 4256 3677 4328 Τριάς

2094 4363 2292 4436 ἑαυτὴν
2315 4363 2396 4425 εἰς
2421 4359 2647 4415 κάθοδον
2675 4357 3036 4429 παροτρύνεις
3069 4354 3134 4407 Τί
3159 4353 3237 4418 δὲ,
3277 4350 3401 4404 εἰπέ
3427 4367 3539 4420 μοι,
3573 4348 3673 4403 καὶ

2097 4448 2258 4518 αὐτὸς
2285 4454 2314 4507 6
2345 4451 2536 4522 Πατὴρ
2557 4450 2797 4521 πέμπειν
2830 4450 2962 4518 ἡμῖν
2995 4444 3056 4512 ὲξ
3087 4442 3317 4514 οὐρανοῦ
3352 4441 3445 4495 τὸν
3478 4441 3671 4510 Παρά-

426 4543 590 4599 Pater
617 4545 917 4600 missurum
951 4560 1012 4600 se
1045 4546 1208 4599 nobis
1242 4560 1273 4600 e
1305 4545 1449 4598 coelo
1480 4542 1825 4598 Paracletum
1868 4559 1994 4614 pro-

2099 4546 2293 4616 κλητον
2315 4542 2706 4613 smmum;
2747 4539 2859 4593 Ποῦ
2882 4537 2989 4608 γὰρ
3017 4536 3051 4607 ἢ
3080 4534 3243 4588 πόθεν
3278 4532 3553 4602 πέμπεται
3606 4529 3683 4583 τὸ

426 4637 626 4692 misit?
656 4635 756 4692 Ubi
793 4636 941 4691 enim
977 4637 1059 4691 vel
1097 4635 1244 4691 unde
1277 4636 1518 4690 mittitur
1556 4636 1659 4689 hoc
1688 4635 1839 4705 quod
1873 4652 1993 4690 om-

425 4729 516 4782 nia
547 4728 775 4797 implet?
801 4747 821 4780 ι
852 4726 1096 4798 Spiritus
1123 4728 1267 4782 enim
1294 4727 1509 4782 Domini
1537 4725 1773 4796 replevit
1803 4726 1994 4782 orbem

424 4827 695 4873 terrarum
738 4819 817 4882 ἰ,
851 4837 871 4870 ι
907 4827 966 4873 ιιι
997 4817 1268 4888 scriptum
1306 4824 1414 4873 est.
1456 4816 1626 4887 Igitur
1660 4831 1821 4871 voces
1873 4829 1998 4885 quae

424 4909 726 4964 secundum
755 4924 856 4963 nos
889 4917 1046 4970 sunt,
1073 4906 1387 4978 signiﬁcant
1429 4922 1493 4962 ea
1542 4921 1664 4975 qua:
1702 4921 1869 4977 supra
1897 4921 1999 4962 nos

424 5008 592 5064 sunt,
625 4999 671 5056 si
714 5000 784 5054 dc
831 4998 943 5055 Deo
975 4998 1249 5054 dicantur.
1307 4996 1407 5054 Vis
1450 4998 1741 5067 concipere
1790 4997 1999 5068 aliquid

425 5106 613 5145 rerum
645 5090 916 5159 ejusmodi
955 5089 1281 5155 diﬁicilium,
1335 5088 1535 5144 deinde
1582 5089 1681 5143 tibi
1731 5089 1798 5143 ad
1846 5104 1999 5144 com-

426 5182 850 5253 prehensionem
872 5183 1096 5238 animus
1116 5180 1429 5236 imbecillus
1445 5189 1553 5245 est,
1570 5180 1731 5251 idque
1753 5188 1868 5236 tute
1885 5180 2002 5251 ipse

426 5275 643 5330 tentis?
670 5274 746 5330 Ne
777 5275 967 5345 iniquo
994 5275 1182 5328 animo
1217 5273 1384 5339 feras,
1412 5289 1446 5329 ο
1480 5273 1647 5327 homo
1668 5312 1682 5335 ,
1718 5271 1889 5328 fatere
1920 5271 1998 5326 tui

426 5364 602 5433 ipsius
642 5372 854 5419 natura:
888 5362 1264 5417 inﬁrmitatem
1296 5403 1312 5426 ,
1353 5362 1675 5417 memineris
1712 5360 1954 5417 dicentis
1983 5379 1996 5414 :

435 5475 454 5505 σ
484 5455 733 5512 Fortiora
764 5455 925 5528 671
964 5462 1017 5509 te
1043 5469 1113 5509 ne
1139 5469 1355 5523 quaeras
1386 5454 1433 5484 “
1459 5467 1474 5505 :
1507 5470 1525 5503 ι
1549 5467 1675 5507 cum
1716 5452 1773 5505 in
1807 5452 1997 5507 orbem

427 5548 568 5607 solis
595 5547 817 5602 oculum
846 5544 1097 5615 corporis
1124 5540 1432 5597 intenderis
1451 5579 1467 5606 ,
1493 5540 1676 5594 statim
1711 5540 1998 5605 averteris,

2103 4638 2279 4690 πάντα
2313 4633 2583 4707 πληροῦν;
2621 4652 2640 4685 ‹
2675 4630 2900 4703 Πνεῦμα
2926 4628 3034 4698 γάρ
3084 4626 3291 4697 Κυρίου
3339 4623 3673 4694 πεπλήρωκε

2099 4727 2198 4797 τὴν
2222 4725 2567 4795 οἰκουμένην,
2601 4742 2619 4773 ι
2675 4719 2818 4775 καθά
2880 4719 3211 4788 γέγραπται.
3253 4711 3460 4767 Οὐκοῦν
3497 4712 3554 4763 αἱ
3582 4710 3677 4763 λέ·-

2102 4816 2214 4883 Est;
2246 4817 2302 4868 αἱ
2335 4813 2457 4868 καθ’
2506 4813 2677 4883 ἡμᾶς,
2710 4809 2779 4864 τὰ
2818 4809 2958 4879 ὑπὲρ
2992 4807 3136 4877 ἡμᾶς
3186 4802 3566 4875 σημαίνουσιν,
3619 4802 3675 4853 εἰ

2101 4909 2194 4962 ἐπὶ
2214 4905 2348 4960 Θεοῦ
2379 4904 2639 4973 λέγοιντο.
2666 4901 2852 4955 Βούλει
2884 4918 2937 4953 τι
2958 4901 3148 4970 νοῆσαι
3175 4896 3283 4949 τῶν
3319 4895 3461 4950 οῦτω
3482 4895 3679 4964 δυσχεο

2102 4996 2232 5068 ρῶν,
2256 4991 2372 5048 εἶτά
2410 5010 2493 5046 σοι
2522 4991 2657 5063 πρὸς
2689 4986 2998 5058 κατάληψιν
3040 4988 3068 5039 6
3100 4983 3226 5045 νοῦς
3269 4980 3486 5036 ἀσθενεί
3512 5018 3527 5039 ,
3575 4978 3681 5033 καὶ

2099 5086 2258 5140 τοῦτο
2311 5082 2521 5144 παθὼν,
2567 5080 2829 5153 αἰσθάνῃς
2868 5078 2960 5150 Μὴ
3011 5075 3341 5147 χαλεπήνῃς,
3392 5069 3673 5141 ἄνθρωπε,

2100 5177 2349 5248 ὁμολόγει
2369 5176 2467 5246 τῆς
2496 5172 2662 5227 αὑτοῦ
2693 5172 2907 5243 φύσεως
2940 5169 3038 5240 τὴν
3068 5166 3351 5221 ἀσθένειαν
3370 5201 3385 5225 ,
3427 5159 3684 5232 μέμνησο

2101 5267 2194 5321 τοῦ
2232 5267 2518 5335 λέγοντοςο
2566 5285 2583 5315 ι
2620 5261 2965 5334 ’ἰσχυρότερά
2998 5275 3089 5312 σου
3147 5255 3221 5326 μὴ
3260 5254 3441 5324 ζήτει”
3481 5269 3500 5301 ι
3541 5250 3677 5303 ὅταν

2103 5362 2183 5423 είς
2217 5359 2304 5413 τὸν
2332 5356 2425 5412 τοῦ
2463 5356 2613 5427 ἡλίου
2636 5354 2834 5410 κύκλον
2875 5352 2967 5407 τὸν
2999 5348 3093 5404 τοῦ
3126 5346 3375 5417 σώματος
3396 5338 3679 5411 ὀφθαλμὸν

2104 5452 2411 5524 άνατείνῃς,
2454 5450 2616 5514 εὐθὺς
2648 5447 3031 5518 ἀποστρέφεις,
3082 5444 3156 5513 τῇ
3178 5439 3271 5493 τοῦ
3301 5435 3474 5508 φωτὸς
3504 5447 3678 5524 προσ-

2106 5544 2234 5615 ϐολῇ
2264 5521 2585 5613 νικώμενος.
2628 5538 2826 5595 ’ἰστέον
2846 5536 2909 5607 δὴ
2936 5530 3028 5589 οὖν
3056 5536 3139 5588 ὅτι
3176 5531 3270 5584 καὶ
3295 5532 3331 5599 ἡ
3356 5525 3476 5579 θεία
3510 5521 3677 5592 φύσις

507 5662 549 5692 ¹⁸
579 5659 753 5713 Galat.
788 5673 863 5722 tv,
898 5658 953 5712 4.
1034 5659 1075 5691 ¹⁶
1103 5655 1221 5712 Jac.
1254 5672 1327 5719 tv,
1356 5656 1438 5708 19..
1518 5655 1559 5685 ’⁷
1589 5653 1748 5707 Prov.
1783 5668 1907 5722 xw,
1932 5655 1984 5709 Ξ.

2095 5656 2281 5713 3Psal.
2315 5670 2503 5722 um,
2529 5653 2593 5721 5;
2630 5651 2731 5708 lsa.
2766 5663 2973 5715 xxxvii,
3006 5646 3086 5703 Ιθ.
3166 5645 3207 5677 ¹⁹
3241 5641 3441 5699 Jcrcm.
3470 5648 3548 5702 tu,
3577 5634 3673 5689 24.

435 5732 483 5767 ³⁸
525 5730 656 5783 lien.
681 5745 755 5794 xi,
784 5721 858 5782 7.7
915 5730 955 5761 "
998 5727 1128 5797 Sap.
1162 5745 1207 5795 ι,
1238 5726 1289 5780 '7.
1365 5728 1408 5757 "
1450 5723 1617 5780 Eccli.
1650 5739 1742 5789 ιιι,
1773 5721 1863 5777 22.
