3882 6206
81 349 153 403 29
935 346 999 402 ΙΝ
1036 346 1383 404 10.ὶοΝΝΕΜ.
1422 348 1639 404 -LlB.

1808 349 1896 404 ET
1940 349 2054 405 νιιι
2096 350 2545 409 FRAGMENTA.
3268 358 3348 411 30'

82 470 202 539 φῶς
231 470 526 542 ἀπρόσιτον
551 468 689 521 οἰκεῖ
707 486 729 500 ν
748 467 1041 538 ἀπρόσιτον
1074 467 1130 520 δὲ
1164 470 1285 530 ταῖς
1310 467 1416 519 τῶν
1441 484 1663 539 περιερ-

1787 470 2131 538 :jaculatione
2164 470 2369 525 lumine
2403 470 2736 540 perstrictus
2779 470 3087 542 victusque.
3153 473 3345 531 Scien-

82 562 407 631 γαζομένων
429 560 705 624 διανοίαις.
731 559 850 630 Χρὴ
873 560 1067 623 τοίνυν,
1105 560 1234 611 ὅταν
1266 559 1358 611 καὶ
1390 558 1670 629 ἀνθρωπί-

1787 559 1897 613 lum
1930 575 2148 630 quoque
2194 567 2447 614 naturam
2479 560 2723 614 divinam
2760 559 3097 617 habitarein
3135 565 3343 622 lumine

81 671 205 717 ναις
236 656 441 722 φωναῖς
467 651 692 722 λαλῆται
710 652 778 704 τὰ
816 652 944 721 περὶ
970 651 1125 713 Θεοῦ,
1170 649 1336 720 μηδὲν
1358 650 1665 719 λογίζεσθαι

81 744 367 807 ταπεινὸν,
393 743 509 797 ἀλλ’
540 744 599 795 ἐν
621 745 687 812 τῇ
722 742 965 812 πτωχείᾳ
990 742 1097 795 τῶν
1120 742 1243 795 καθ’
1268 743 1416 811 ἡμᾶς
1442 741 1662 808 λέξεων,

83 833 176 883 τὸν
216 833 318 902 τῆς
348 832 498 896 Θείας
525 832 680 901 δόξης
710 830 1169 902 κατοπτρίζεσθαι
1205 830 1453 885 πλοῦτον.
1474 831 1538 883 Τί
1559 831 1667 902 γὰρ

84 928 132 976 εἰ
174 924 566 977 ἀποστέλλεται
598 922 750 994 παρὰ
776 922 873 975 τοῦ
901 922 1112 991 Πατρὸς
1140 925 1168 977 6
1213 922 1381 987 Υἱός,
1408 918 1555 992 Ἀρα
1580 922 1668 975 διὰ

85 1015 251 1067 τοῦτο
301 1016 540 1069 ἐλάττων
585 1015 770 1079 ἕσταις
821 1014 1029 1067 Οὐκοῦν
1058 1016 1187 1068 ὅταν
1218 1017 1281 1068 ὲκ
1310 1014 1406 1067 τοῦ
1441 1013 1666 1085 ἡλιακοῦ

89 1107 348 1177 σώματος
376 1108 437 1161 τὸ
464 1108 524 1172 ἐξ
563 1108 726 1161 αὐτοῦ
756 1108 1042 1178 πέμπηται
1073 1108 1209 1177 φῶς,
1235 1107 1521 1179 ἑτεροφυές
1552 1109 1667 1161 ἐστι

88 1201 223 1268 παρ’
256 1200 409 1265 αὐτὸ,
444 1201 538 1253 καὶ
566 1201 623 1253 ὲν
648 1200 893 1253 ἐλάττοσι
922 1200 1053 1270 παρ’
1091 1200 1285 1265 atii-06;
1329 1202 1519 1255 Καίτοι
1553 1202 1670 1264 πῶς

86 1291 252 1344 τοῦτο
284 1293 378 1345 καὶ
424 1293 581 1362 μόνον
628 1294 875 1363 ἐννοῆσαι
902 1333 917 1357 ,
975 1295 1075 1347 οὑκ
1131 1294 1524 1365 ἀμαθέςςφῶς
1574 1292 1669 1348 οὖν

90 1384 359 1455 ὑπάρχων
391 1386 483 1438 τοῦ
512 1386 724 1457 Πατρὸς
753 1388 781 1439 6
804 1386 951 1449 Υἱὸς,
992 1386 1266 1456 πέμπεται
1325 1387 1453 1457 πρὸς
1498 1389 1665 1457 ἡμᾶς,

88 1476 166 1535 ὡς
194 1474 349 1542 ἡλίου
375 1474 534 1543 τυχὸν
566 1475 739 1543 αὐγὴν
773 1474 1248 1543 ἀπαστράψαντος.
1283 1476 1347 1526 Ὃ
1371 1474 1434 1545 δὴ
1468 1476 1561 1527 καὶ
1586 1492 1672 1543 γεο

89 1566 286 1618 νέσθαι
316 1565 615 1635 παρεκάλει
637 1564 809 1631 λέγων
843 1567 871 1617 6
899 1565 1060 1617 Δαὸίδ
1079 1580 1092 1593 ⁸
1124 1585 1143 1616 ‹
1178 1564 1589 1629 Ἐξαπόστειλον
1612 1566 1671 1618 τὸ

92 1654 214 1721 φῶς
252 1672 347 1706 σου
380 1656 472 1707 καὶ
505 1655 602 1725 τὴν
625 1654 880 1726 ἀλήθειάν
902 1673 1015 1707 σου.
1050 1674 1071 1705 ι
1096 1656 1206 1708 Καὶ
1229 1657 1276 1707 εί
1300 1656 1427 1719 δόξα
1456 1656 1574 1708 ἐστὶ
1594 1656 1671 1726 τῷ

94 1745 299 1814 Πατρὶ,
332 1746 391 1797 τὸ
426 1744 539 1813 φῶς
569 1745 730 1814 ἔχειν,
762 1745 877 1807 πῶς
904 1745 1147 1811 έλαττον,
1177 1746 1362 1816 φησὶν,
1405 1747 1568 1800 αὐτοῦ
1607 1748 1668 1800 τὸ

1768 653 2055 707 inaccesso
2078 692 2090 711 .
2125 659 2179 707 et
2211 651 2431 721 quidem
2471 653 2758 707 inaccesso
2792 654 3153 709 curiosorum
3183 673 3340 711 men-

1766 744 1936 798 tibus.
1957 742 2137 808 Quare
2160 750 2401 811 oportet,
2435 742 2537 796 'ubi
2568 741 2636 796 de
2668 741 2779 796 Deo
2815 743 3077 798 humanis
3106 747 3343 800 vocibus

1768 851 1949 891 sermo
2001 834 2129 895 ﬂet,
2183 835 2321 888 nihil
2357 833 2632 903 abiectum
2670 842 2762 888 aut
2798 834 3003 891 humile
3060 836 3345 907 cegitare,

1768 922 1863 979 sed
1910 924 1965 977 in
2017 932 2344 994 paupertate
2392 938 2457 977 ac
2508 924 2867 980 mendicitate
2912 935 3117 981 nostrae
3148 928 3345 982 dictio-

1767 1014 1855 1069 nis
1876 1056 1889 1079 ,
1923 1014 2126 1069 divinae
2151 1015 2343 1084 gloriae
2373 1023 2634 1084 tanquam
2674 1016 2728 1068 in
2761 1016 2989 1086 speculo
3023 1019 3225 1072 intueri
3258 1019 3346 1072 di-

1768 1109 1950 1163 vitias.
1977 1107 2121 1173 Quid
2144 1107 2290 1162 enim
2317 1107 2361 1161 si
2388 1106 2626 1160 mittitur
2650 1120 2679 1160 a
2698 1106 2862 1162 Patre
2888 1106 3064 1163 Filius
3082 1110 3105 1163 ‘i
3123 1109 3203 1163 An
3228 1124 3355 1179 ιιι-ον

1770 1210 1960 1271 pterea
1995 1200 2175 1254 minor
2218 1198 2366 1253 erit?
2430 1197 2601 1267 Igitur
2650 1213 2774 1252 cum
2821 1214 2851 1252 e
2901 1214 3134 1268 corpore
3175 1201 3345 1255 solari

1771 1291 2008 1344 mittitur
2026 1290 2141 1352 lux,
2160 1290 2395 1344 diversa:
2414 1297 2625 1342 natura:
2650 1288 2716 1342 ab
2732 1304 2798 1342 eo
2815 1296 2898 1342 est
2926 1304 2990 1343 ac
3013 1290 3306 1346 deterioris
3322 1292 3355 1346 ἲ

1771 1380 1925 1445 Quod
1954 1378 2173 1449 quidem
2216 1380 2297 1431 vel
2323 1386 2536 1431 tantum
2576 1378 2825 1447 cogitare
2858 1393 3041 1433 nonne
3071 1389 3156 1434 est
3196 1397 3346 1434 sum-

1772 1485 1873 1523 ma:
1905 1468 2242 1538 imperitia?
2281 1467 2398 1521 Lux
2437 1468 2605 1537 igitur
2646 1468 2825 1523 Patris
2852 1471 3135 1525 exsistens
3171 1470 3349 1526 Filius

1773 1561 2009 1614 mittitur
2025 1560 2090 1613 ad
2125 1575 2248 1623 nos,
2277 1567 2544 1628 tanquam
2578 1560 2696 1613 sole
2729 1560 2920 1630 utique
2951 1561 3163 1615 radium
3193 1563 3349 1616 emit-

1772 1661 1940 1707 lente.
1967 1652 2120 1717 Quod
2148 1652 2368 1721 quidem
2398 1652 2513 1706 lieri
2545 1652 2879 1721 precabatur
2906 1652 3075 1707 David
3110 1654 3301 1710 dicens
3329 1673 3344 1709 :

1780 1763 1798 1795 ι
1830 1743 2031 1797 Emitte
2062 1744 2238 1796 lucem
2270 1751 2416 1796 tuam
2443 1750 2497 1795 et
2525 1743 2808 1797 veritatem
2842 1752 2990 1797 tuam
3038 1746 3105 1799 ’³.
3140 1765 3157 1796 ι
3188 1745 3253 1799 Et
3299 1747 3347 1801 si

92 1838 152 1886 ἐν
288 1836 599 1901 δοξάζεται;
633 1838 742 1890 Καὶ
771 1837 930 1899 αὐτὸς
962 1837 1016 1890 δὲ
1060 1840 1088 1890 6
1125 1837 1252 1899 Υἱὸς
1308 1839 1434 1909 περὶ
1473 1837 1666 1892 ἑαυτοῦ

1787 1834 1950 1904 gloria
1982 1841 2065 1888 est
2093 1832 2273 1886 Patris
2308 1832 2482 1886 lucem
2516 1832 2720 1886 habere
2741 1870 2754 1893 ,
2789 1832 3064 1900 quomodo
3093 1832 3347 1895 inferius,

90 1929 247 1995 λέγει
268 1943 282 1956 °
319 1945 337 1977 ι
386 1930 481 1979 Ὃν
509 1929 537 1979 6
564 1928 751 1999 Πατὴρ
784 1928 978 1998 ἡγίασε
1004 1929 1097 1982 καὶ
1127 1928 1435 1982 ἀπέστειλε.
1474 1948 1492 1979 ι
1518 1929 1591 1981 T6
1616 1929 1673 1982 δὲ

92 2020 358 2086 ἡγίασεν
400 2022 431 2088 ἡ
478 2020 668 2089 Γραφὴ
715 2020 854 2072 κατὰ
896 2019 1123 2083 πολλοὺς
1164 2019 1377 2090 δέχεται
1414 2020 1669 2091 τρόπους.

92 2110 333 2175 Λέγεται
354 2109 453 2178 μὲν
468 2109 574 2179 γὰρ
591 2110 934 2177 ἀγιὰζεσθαι,
953 2112 1013 2164 τὸ
1034 2111 1420 2182 ἅνατιθέμενον
1440 2112 1517 2182 τῷ
1533 2112 1672 2182 Θεῷ.

94 2199 211 2249 Καὶ
238 2196 369 2264 γοῦν
396 2197 497 2267 ἔφη
525 2198 659 2268 πρὸς
677 2199 879 2251 Μωσέα
898 2218 911 2229 ·
946 2219 964 2251 ι
999 2200 1247 2268 Ἀγίασόν
1278 2218 1366 2270 μοι
1397 2203 1505 2254 πᾶν
1526 2218 1676 2272 πρω-

90 2288 338 2343 τότοκον,
374 2307 392 2340 ι
437 2290 747 2357 Ἀγιάζεται
776 2291 832 2343 δὲ
858 2292 1020 2345 πάλιν
1039 2292 1098 2345 τὸ
1126 2293 1505 2364 προχειρισθὲν
1527 2296 1676 2366 παρὰ

90 2381 236 2433 Θεοῦ
267 2381 403 2451 πρὸς
443 2382 502 2434 τὸ
540 2382 745 2452 πρᾶξαί
774 2401 825 2436 τι
861 2384 970 2437 τῶν
1012 2384 1152 2438 κατὰ
1196 2385 1423 2456 γνώμην
1473 2386 1635 2439 αὐτοῦ
1660 2404 1674 2417 ·

91 2473 242 2525 οὕτω
276 2474 386 2543 γὰρ
412 2474 537 2543 περί
574 2492 633 2526 τε
664 2474 759 2527 τοῦ
791 2475 973 2547 Κύρου
1000 2476 1093 2529 καὶ
1122 2478 1230 2530 τῶν
1269 2479 1466 2547 Μήδων
1491 2480 1673 2548 φησὶν,

93 2567 190 2617 ὅτε
223 2565 323 2634 τῆς
368 2565 725 2619 Βαϐυλωνίων
760 2568 958 2631 αὐτοὺς
994 2570 1461 2639 καταστρατεύειν
1481 2571 1639 2641 ἤθελε
1660 2589 1674 2603 ο

100 2676 117 2705 ι
134 2654 398 2723 Γίγαντες
414 2656 658 2725 ἔρχονται
678 2657 781 2726 πλη
792 2659 960 2729 ρῶσαι
975 2660 1063 2713 τὸν
1080 2660 1248 2731 θυμόν
1265 2679 1387 2731 μου,
1400 2664 1681 2734 χαίροντες

96 2748 221 2816 ἅμα
255 2748 351 2800 καὶ
394 2747 705 2818 ὑϐρίζοντες
737 2751 1059 2821 ἡγιασμένοι
1115 2753 1255 2818 εἰσὶ,
1292 2755 1385 2806 καὶ
1427 2753 1538 2822 ἐγὼ
1562 2755 1680 2823 ἄγω

96 2838 322 2901 αὐτούς.
362 2857 380 2888 ι
429 2840 738 2907 Ἀγιάζεται
778 2842 835 2894 δὲ
853 2842 1013 2895 πάλιν
1041 2843 1101 2896 τὸ
1126 2845 1182 2896 ὲν
1219 2844 1432 2914 μεθέξει
1458 2847 1680 2915 γεγονὸς

95 2931 199 2983 τοῦ
235 2932 393 2999 ἁγίου
423 2932 759 3003 Πνεύματος.
788 2934 997 2987 οὐκοῦν
1018 2936 1278 3005 ἡγιᾶσθαί
1306 2955 1470 3006 φησιν
1492 2940 1680 2992 ἑαυτὸν

99 3024 257 3093 παρὰ
309 3024 402 3075 τοῦ
441 3024 653 3096 [ἰατρὸς
681 3026 711 3078 6
742 3024 905 3091 Υἱὸς,
938 3025 1014 3088 ὡς
1056 3028 1505 3097 προχειρισθέντα
1550 3032 1679 3100 παρ’
1710 3014 1735 3040 ’

100 3113 275 3167 αὑτοῦ
333 3115 472 3185 πρὸς
518 3115 854 3186 κατόρθωσιν
887 3118 984 3187 τῆς
1016 3117 1111 3170 τοῦ
1154 3118 1357 3189 κόσμου
1391 3119 1558 3189 ζωῆς,
1588 3120 1682 3174 καὶ

1775 1928 1988 1995 inquit,
2026 1942 2093 1979 eo
2119 1934 2205 1979 est
2240 1924 2290 1979 id
2320 1925 2375 1977 in
2407 1938 2517 1992 quo
2564 1923 2952 1992 gloriﬁcatur?
2998 1922 3117 1992 Ipse
3147 1924 3353 1993 quippe

1774 2020 1947 2075 Filius
1979 2020 2048 2073 de
2077 2018 2258 2088 Seipso
2289 2018 2423 2072 dicit
2451 2035 2464 2070 :
2501 2035 2518 2067 ι
2553 2016 2725 2081 Quem
2774 2015 2941 2069 Pater
2983 2015 3360 2069 sanctiﬁcavit-

1777 2120 1831 2167 et
1862 2111 2012 2165 misit
2043 2111 2108 2163 “.
2141 2129 2158 2162 ι
2190 2109 2303 2164 Hoc
2327 2124 2455 2163 vero
2489 2108 2849 2175 sanctiﬁcavit
2886 2105 3174 2177 Scriptura
3206 2107 3350 2161 mul-

1776 2205 1849 2258 tis
1880 2203 2054 2257 modis
2083 2203 2306 2271 accipit.
2353 2200 2567 2255 Dicitur
2614 2201 2760 2254 enim
2817 2199 3155 2254 sanctiﬁcari
3206 2198 3365 2268 quod~

1778 2297 1995 2351 dicatur
2025 2295 2154 2349 Deo.
2189 2296 2256 2349 Et
2280 2294 2500 2363 quidem
2545 2293 2687 2347 dixit
2715 2291 2779 2345 ad
2810 2290 2998 2346 Mosen
3027 2312 3039 2345 :
3078 2309 3097 2343 ι
3132 2291 3355 2346 Sancti—

1778 2386 1881 2440 ﬁca
1926 2384 2058 2438 mihi
2092 2398 2257 2438 omne
2300 2381 2723 2451 primogenitum
2750 2380 2816 2433 “.
2850 2398 2871 2432 ο
2900 2378 3115 2433 Rursus
3145 2380 3367 2432 sancti-7

1780 2478 1977 2533 ﬁcatur
2024 2477 2169 2545 quod
2221 2473 2580 2528 commissum
2624 2480 2709 2526 est
2743 2486 2771 2523 a
2807 2470 2919 2524 Deo
2949 2478 3003 2523 et
3039 2471 3367 2538 delegatum,

1779 2570 1845 2624 ad
1880 2568 2086 2639 aliquid
2117 2582 2308 2621 eorum
2329 2607 2343 2631 ,
2374 2580 2494 2634 quae
2526 2564 2627 2633 ipsi
2657 2563 2809 2617 cordi
2858 2574 3023 2625 sunt,
3064 2562 3354 2632 agendum.

1788 2660 1882 2714 Sic
1909 2660 2055 2713 enim
2085 2658 2152 2711 de
2181 2656 2326 2727 Cyro
2356 2664 2409 2709 et
2444 2655 2613 2708 Medis
2644 2655 2741 2715 ait,
2770 2654 2994 2721 quando
3024 2667 3119 2707 eos
3157 2652 3210 2705 in
3253 2652 3371 2703 Ba-

1781 2755 2033 2825 bylonem
2064 2750 2347 2819 suscipere
2367 2749 2773 2818 expeditionem
2802 2747 2975 2801 voluit
3007 2765 3019 2799 :
3049 2764 3067 2795 (
3100 2744 3359 2815 Gigantes

1781 2847 2009 2900 veniunt
2037 2844 2263 2913 implere
2303 2842 2546 2895 animum
2590 2856 2810 2907 meum;
2857 2838 3161 2909 gaudentes
3192 2835 3359 2890 simul

1781 2944 1836 2991 et
1896 2934 2297 2989 insolescentes
2352 2928 2685 2985 sanctiﬁcati
2740 2935 2906 2989 sunt,
2949 2934 3003 2979 et
3054 2938 3156 2994 ego
3214 2924 3363 2976 duco

1784 3040 1878 3080 eos
1910 3025 1977 3077 “.
2015 3042 2030 3074 ι
2062 3020 2301 3075 Proinde
2333 3019 2497 3073 etiam
2542 3017 2940 3077 sanctilicatur,
2994 3012 3143 3083 quod
3190 3012 3362 3082 parti-

1790 3132 1921 3187 ceps
1955 3123 2041 3171 est
2071 3113 2316 3183 Spiritus
2343 3111 2543 3166 sancti.
2575 3110 2721 3178 Ergo
2753 3107 2927 3161 Filius
2955 3121 3014 3160 se
3048 3103 3373 3159 sanctifica-v

101 3206 253 3258 κατὰ
284 3207 382 3277 τῆς
415 3206 525 3260 τῶν
564 3208 955 3278 ἀντικειμένων
984 3208 1329 3272 καταλύσεως
1348 3226 1363 3241 ο
1398 3211 1431 3280 ἢ
1459 3212 1552 3263 καὶ
1582 3211 1682 3275 έτι,

1792 3217 1906 3263 tum
1938 3208 2014 3260 ait
2046 3221 2074 3259 a
2102 3205 2297 3267 Patre,
2331 3213 2591 3272 tanquam
2624 3202 2692 3254 8h
2721 3214 2791 3269 _eo
2826 3199 2891 3251 ad
2919 3195 3359 3252 emendationem

102 3297 247 3351 καθὸ
280 3298 540 3368 ἐπέμφθη
564 3300 643 3361 είς
664 3299 724 3352 τὸ
748 3299 888 3370 ὑπὲρ
914 3300 1014 3368 τῆς
1035 3298 1129 3352 τοῦ
1176 3300 1382 3370 κόσμου
1415 3303 1684 3373 σωτηρίας

1787 3302 1914 3353 vita:
1945 3297 2135 3351 mundi
2166 3295 2511 3364 delegatum,
2559 3300 2614 3347 et
2649 3292 2703 3345 in
2752 3288 3197 3343 adversariorum
3246 3284 3369 3337 rui-

106 3389 391 3458 σεραγῆναι
412 3406 427 3421 ο
456 3390 549 3443 καὶ
581 3390 691 3461 γὰρ
719 3392 851 3459 ἆγια
876 3390 1194 3455 καλοῦνται,
1214 3392 1311 3444 καὶ⁹
1342 3392 1410 3446 τὰ
1435 3394 1684 3465 ἀφοριζό-

1788 3407 1914 3446 nam
1962 3407 2025 3447 ac
2067 3391 2440 3453 eversionem,
2484 3386 2568 3440 vel
2612 3384 2776 3439 etiam
2828 3392 3103 3451 quatenus
3154 3378 3362 3431 missus

111 3500 252 3551 μενα
284 3485 362 3545 είς
395 3482 588 3536 θυσίαν
614 3483 754 3553 Θεῷ.
801 3484 1091 3552 Ἥγιᾶσθαι
1121 3483 1179 3536 δέ
1208 3501 1386 3555 φαμεν
1412 3485 1573 3537 αὑτὸν
1598 3484 1684 3538 καὶ

1788 3497 1902 3545 est.
1964 3494 2022 3538 ut
2077 3499 2177 3553 pro
2237 3482 2414 3536 salute
2464 3477 2659 3532 mundi
2723 3483 3059 3528 mactaretur
3108 3489 3120 3523 :
3162 3469 3375 3538 quippe-

112 3573 234 3641 μεθ’
272 3571 432 3643 ἡμῶν
478 3573 835 3645 ἀνθρωπίνως
890 3576 979 3628 ὅτε
1012 3574 1202 3642 γέγονε
1251 3572 1423 3644 σάρξ·
1459 3573 1684 3645 ἡγιάσθη

1791 3586 1980 3632 saneta
2015 3584 2301 3639 vocantur,
2343 3588 2465 3644 qua:
2500 3582 2560 3624 ut
2598 3569 2708 3623 Deo
2748 3569 2804 3622 in
2849 3565 3181 3623 sacrilicium
3233 3559 3367 3615 οπο-

109 3666 223 3735 γὰρ
253 3665 418 3718 αὑτοῦ
441 3667 473 3733 ή
505 3666 661 3736 σὰρξ,
696 3666 963 3737 δεξαμένη
1002 3669 1093 3719 τὸν
1128 3666 1395 3719 ὲνωθέντα
1425 3668 1561 3737 αὐτῇ
1591 3667 1693 3720 Λό-

110 3772 230 3820 γον,
275 3753 349 3824 μὴ
384 3750 515 3807 οὖσα
550 3756 709 3823 φύσει
762 3757 912 3824 ἁγία.
962 3757 1039 3809 Δι’
1077 3749 1151 3809 ὧν
1180 3757 1237 3809 δὲ
1275 3756 1435 3810 τοῦτο
1462 3756 1690 3825 γίνεται,

111 3852 402 3919 ἁγιάζεται
438 3852 588 3919 παρὰ
620 3851 714 3905 τοῦ
757 3854 969 3924 Πατρός
994 3868 1008 3882 ’
1058 3853 1156 3923 μία
1198 3852 1305 3922 γὰρ
1352 3853 1565 3923 Πατρὸς
1603 3852 1695 3905 καὶ

118 3943 249 3995 Υἰοῦ
274 3945 369 3997 καὶ
392 3944 546 4011 ἁγίου
566 3944 927 4014 Πνεύματοςή
958 3946 1169 4012 θεότης.
1200 3944 1345 4012 Πλὴν
1362 3945 1423 3997 οὐ
1446 3944 1695 4016 καθάπερ

114 4039 176 4088 ἒν
211 4037 427 4105 ἑκάστῳ
457 4036 564 4088 τῶν
593 4036 764 4102 ἁγίων
802 4036 1087 4106 γινόμενος
1115 4040 1143 4089 6
1163 4037 1296 4099 Θεὸς
1326 4036 1541 4104 ἁγιάζει
1571 4037 1697 4090 τού-

115 4144 268 4189 τους,
300 4125 474 4189 οὕτως
503 4127 619 4178 ἐστὶ
648 4126 743 4178 καὶ
764 4127 820 4178 ὲν
844 4126 921 4196 τῷ
951 4124 1066 4196 Υίῷ
1086 4143 1099 4157 ο
1136 4126 1250 4180 ἀλλ’
1291 4127 1453 4188 αὐτὸς
1483 4129 1510 4180 6
1538 4128 1694 4191 Υἱὸς,

116 4218 351 4285 δύναμίς
412 4218 526 4269 ἐστι
573 4218 665 4269 καὶ
700 4217 860 4286 σοφία
911 4217 1005 4271 τοῦ
1040 4218 1274 4289 Πατρὸς,
1313 4219 1555 4286 ἁγιάζων
1597 4219 1698 4288 μὲν

120 4311 299 4363 πάντα
343 4311 410 4363 τὰ
464 4310 767 4379 μετέχοντα⁹
796 4309 962 4362 αὐτοῦ
1009 4311 1064 4362 ἐν
1098 4310 1375 4378 Πνεῦμα-τι
1401 4328 1415 4341 ο
1449 4311 1613 4373 αὐτὸς
1645 4310 1701 4363 δὲ

120 4402 284 4455 πάλιν
301 4402 362 4453 οὺ
380 4401 520 4455 κατά
539 4419 661 4455 τινα
680 4402 990 4471 μετουσίαν,
1012 4402 1167 4469 ἅγιος
1196 4402 1271 4454 ὣν
1302 4402 1491 4472 ὥσπερ
1514 4404 1698 4473 ἡμεῖς,

118 4495 243 4547 οὐδὲ
264 4492 411 4546 κατὰ
433 4495 590 4564 χάριν
620 4494 745 4558 Υἱὸς
774 4494 1132 4564 κεκλημένος,
1166 4493 1302 4546 ἀλλὰ
1336 4493 1581 4563 γέννημα
1604 4493 1701 4561 τῆς

1791 3680 2005 3733 rantur,
2042 3670 2246 3724 selecta
2294 3675 2444 3721 sunt.
2485 3659 2896 3717 Sanctiﬁcatum
2933 3658 3093 3712 etiam
3130 3653 3375 3708 dicimus

1790 3771 1845 3818 et
1876 3761 2163 3817 nobiscum
2196 3761 2435 3814 humano
2469 3756 2631 3813 modo
2654 3794 2668 3818 ,
2703 3751 2925 3823 quando
2960 3748 3138 3802 factus
3163 3754 3245 3800 est
3275 3760 3371 3799 cau-

1794 3870 1896 3908 ro:
1931 3853 2274 3910 sanctificata
2303 3852 2449 3907 enim
2481 3855 2566 3903 est
2613 3847 2735 3916 ejus
2773 3858 2936 3905 caro,
2996 3840 3211 3893 unitum
3263 3837 3369 3889 sibi

1794 3945 2033 4001 Verbum
2066 3945 2286 4013 adepta,
2321 3958 2447 3996 cum
2478 3950 2681 3995 natura
2704 3952 2823 3991 .non
2852 3939 2999 3989 esset
3030 3937 3245 3983 sancta.
3269 3926 3381 3981 Per

1795 4053 1917 4106 qua:
1968 4036 2114 4092 enim
2158 4035 2218 4089 lit
2260 4035 2447 4096 istud,
2492 4030 2874 4086 sanctiﬁcatnr
2925 4040 2954 4078 a
3014 4025 3225 4078 Patre:
3262 4032 3371 4071 una

1798 4126 2066 4196 siquidem
2100 4124 2285 4178 Patris
2325 4130 2379 4177 et
2424 4120 2547 4174 Filii
2582 4127 2636 4174 et
2671 4116 2912 4187 Spiritus
2946 4111 3122 4167 sancti
3170 4109 3375 4162 deitas.

1803 4218 2190 4273 Verumtamen
2244 4230 2353 4268 non
2409 4208 2873 4281 quemadmodum
2932 4205 2987 4258 in
3040 4213 3381 4269 unoquoque

1800 4316 2117 4366 sanctorum
2153 4320 2277 4361 cum
2309 4314 2393 4359 est
2428 4303 2710 4361 Deus.eos
2741 4295 3067 4362 sanctiﬁcat,
3099 4295 3177 4348 sic
3203 4292 3372 4346 etiam

1800 4410 1884 4457 est
1919 4401 1974 4455 in
2012 4398 2190 4461 Filio,
2236 4396 2331 4451 sed
2364 4397 2483 4464 ipsc
2547 4391 2722 4446 Filius
2769 4399 3017 4460 potestas
3060 4396 3142 4440 est
3183 4390 3238 4439 et
3286 4398 3380 4437 sa-

1808 4489 2014 4559 pientia
2046 4486 2231 4540 Patris
2263 4486 2330 4549 ’7,
2387 4483 2571 4536 omnia
2608 4495 2731 4549 qua:
2767 4476 3100 4548 participant
3146 4489 3269 4527 eum
3316 4472 3377 4525 in

121 4585 218 4637 τοῦ
254 4585 469 4654 Πατρὸς
525 4586 715 4648 οὐσίας
767 4586 1030 4655 ὑπάρχων
1081 4585 1269 4638 ἀΐδιον.
1314 4584 1538 4637 Ἑαυτὸν
1567 4582 1684 4651 γοῦπ

1805 4580 2048 4650 Spiritu,
2091 4577 2483 4633 sanctilicans:
2530 4573 2651 4641 ipse
2704 4586 2835 4624 vero
2887 4582 3081 4622 rursus
3133 4572 3218 4619 est
3265 4579 3378 4617 non

120 4678 547 4732 ἀντιδιαστέλλει
576 4680 687 4740 τοῖς
703 4677 843 4730 κατὰ
867 4677 1015 4729 θέσιν
1035 4676 1196 4740 θεοῖς,
1218 4676 1294 4739 ὠς
1327 4675 1489 4739 αὐτὸς
1512 4675 1600 4745 δη)
1612 4691 1701 4727 ον-

122 4776 205 4823 ὀτι
261 4770 405 4823 κατὰ
436 4769 596 4837 φύσιν
624 4770 905 4841 ὑπάρχων,
941 4770 1078 4837 ὅπερ
1118 4767 1347 4830 ἐκείνοις
1382 4769 1440 4819 ἐν
1483 4766 1703 4837 χάριτος

128 4864 288 4931 μέρει
343 4861 743 4933 προστέθειται.
799 4860 889 4913 Διὸ
936 4861 1063 4926 περὶ
1098 4860 1195 4929 μὲν
1238 4858 1402 4912 αὐτοῦ
1444 4858 1699 4925 λέγεται*

134 4972 149 4999 ί
183 4952 279 5014 Τίς
305 4951 489 5020 ὅμοιός
512 4968 593 5004 σοι
613 4952 671 5003 ἐν
693 4950 855 5013 θεοῖς,
878 4950 1050 5019 Κύριε
1071 4966 1085 5014 ;
1116 4969 1135 5001 ›
1161 4950 1236 5012 ὡς
1257 4949 1357 5002 οὐκ
1382 4949 1705 5002 ἐπείσακτον

126 5049 364 5116 ἔχοντος,
395 5048 531 5101 ἀλλὰ
557 5049 783 5117 φυσικὸν
810 5050 871 5100 τὸ
892 5047 1128 5117 ἀξίωμα.
1167 5048 1277 5101 Καὶ
1318 5047 1479 5100 πάλιν
1503 5063 1516 5076 ·
1553 5066 1570 5097 ι
1608 5046 1704 5110 Τίς

124 5142 187 5191 ὲν
219 5139 477 5207 νεφέλαις
514 5140 839 5210 ἱσωθήσεται
880 5138 959 5208 τῷ
989 5139 1274 5210 Κυρίῳ;ἦ
1315 5140 1394 5201 τίς
1441 5137 1706 5207 ὁμοιωθή-

129 5247 285 5282 σεται
312 5229 460 5299 αὑτῴ
488 5232 547 5282 ἐν
577 5232 711 5293 υἱοῖς
746 5231 914 5295 Θεοῦς
942 5250 958 5282 ι
991 5231 1120 5284 Ἰδοὺ
1152 5230 1260 5301 γὰρ
1290 5229 1476 5283 ἐνθάδε
1519 5229 1706 5295 σαφῶς

126 5326 157 5375 ὁ
193 5323 519 5393 Ψαλμῳδὸς,
554 5323 744 5378 οὐδένα
774 5325 961 5394 φησὶν,
994 5324 1118 5377 οὔτε
1150 5326 1207 5377 ἐν
1244 5324 1582 5392 προφήταις,
1612 5321 1706 5383 οὓς

130 5413 227 5465 καὶ
262 5413 491 5481 νεφέλας
529 5414 935 5486 τροπικώτερον
987 5413 1157 5481 λέγει,
1205 5410 1327 5464 οὔτε
1365 5410 1470 5481 μὴν
1502 5413 1561 5462 ὲν
1593 5412 1708 5471 τοῖς

132 5504 213 5565 εἰς
241 5504 466 5573 υίότητα
492 5505 627 5559 Θεοῦ
670 5506 1163 5575 καταταττομένοις
1202 5502 1289 5555 διὰ
1329 5501 1427 5571 τῆς
1462 5500 1704 5571 χάριτος,

210 5704 257 5732 ³³
302 5703 447 5756 Psal.
506 5722 654 5774 uti,
692 5708 743 5764 3.

139 5788 338 5834 uxxv.
370 5775 423 5827 8.

836 5708 879 5740 "'
921 5705 1075 5763 Joan.
1114 5722 1180 5772 χ,
1214 5703 1301 5760 36.
1381 5704 1423 5736 ²⁵
1468 5700 1638 5758 Exod.
1677 5715 1796 5765 xm,
1872 5699 1923 5752 ‘2.

1802 4672 2103 4727 secundum
2136 4670 2376 4738 aliquam
2419 4665 2581 4736 672
2628 4660 3106 4732 participationem
3153 4662 3378 4710 sanctus

1804 4764 2084 4819 exsistens
2151 4759 2315 4817 sicuti
2351 4774 2492 4820 nos,
2538 4771 2719 4821 neque
2777 4750 3079 4808 secundum
3147 4749 3379 4819 gratiam

1808 4856 1986 4909 Filius
2036 4862 2300 4915 vocatus,
2354 4848 2451 4903 sed
2504 4847 2758 4917 genitura
2790 4852 3011 4899 maternae
3059 4841 3381 4896 substantiae

1809 4948 1988 5003 Patris
2016 4946 2311 5001 exsistens.
2359 4940 2613 5009 Seipsum
2664 4938 2833 5008 igitur
2862 4934 3155 5005 distinguit
3204 4948 3233 4985 a
3276 4933 3382 4989 diis

1810 5058 1907 5113 per
1951 5040 2340 5109 adoptionem,
2392 5049 2515 5088 cum
2568 5034 2687 5101 ipse
2735 5031 2922 5100 utique
2970 5044 3070 5097 per
3128 5036 3381 5081 naturam

1811 5134 2076 5193 exsistat,
2116 5128 2261 5199 quod
2298 5125 2517 5197 quidem
2550 5126 2659 5179 illis
2683 5124 2806 5177 loco
2836 5121 3027 5191 gratiae
3066 5119 3381 5190 appositum

1812 5230 1916 5276 est.
1965 5221 2089 5274 ldco
2131 5218 2198 5272 de
2243 5218 2364 5285 ipso
2415 5214 2709 5269 dicituru
2740 5212 2875 5276 Quis
2926 5212 2981 5264 in
3032 5209 3136 5264 diis
3183 5209 3383 5263 similis

1814 5313 1951 5373 tibi,
1999 5309 2226 5362 Domine
2251 5307 2340 5360 '3?
2370 5325 2387 5356 ι
2419 5314 2678 5373 tanquam
2726 5317 2839 5356 non
2885 5300 3260 5359 adventitiam,
3289 5298 3383 5351 sed

1813 5404 2119 5459 naturalem
2147 5400 2473 5470 dignitatem
2505 5398 2761 5451 habente.
2792 5396 2857 5449 Et
2883 5409 3078 5447 rursus
3102 5391 3295 5455 :tQuis
3328 5392 3383 5444 in

1815 5495 2053 5550 nubibus
2084 5492 2392 5563 aequabitur
2417 5488 2691 5544 Domino?
2722 5487 2804 5542 vel
2833 5486 2958 5556 quis
2986 5482 3385 5539 assimilabitur

3152 5682 3195 5714 ³⁵
3236 5680 3381 5737 Psal.

2045 5695 2085 5727 “
2123 5691 2227 5748 lsa.
2279 5692 2491 5760 “11,5.
2602 5690 2643 5719 ³⁷
2687 5684 2857 5741 lCor.
2896 5698 2946 5752 ι,
2984 5682 3076 5736 21.
