3882 6206
507 328 591 381 δι·
1510 325 1572 381 s.
1614 325 1892 383 CYRILLI
1933 327 2406 384 ALEXANDRINI
2439 328 2766 385 ARCHIEP.
3683 337 3756 392 δε
3852 323 3853 374 ι

509 445 558 497 ei
595 442 651 496 in
688 440 815 497 ﬁliis
845 440 940 497 Dei
970 442 1057 494 ”?
1088 461 1105 493 ι
1137 439 1276 496 Ecce
1303 442 1448 496 enim
1479 441 1802 500 Psalmistes
1830 444 1934 499 hoc
1965 444 2088 498 loco

2201 444 2304 497 ἴσον
2337 443 2558 498 ἔσεσθαι
2585 444 2664 515 τῷ
2688 461 2828 498 κατα
2859 443 3019 514 φύσιν
3050 443 3182 517 Υἱῷ.
3215 446 3350 516 Περὶ
3374 446 3430 500 δὲ
3479 446 3631 517 ἡμῶν
3657 447 3749 516 γέο
3850 431 3854 528 ι

513 532 811 588 manifeste
844 533 1121 586 neminem
1158 533 1236 586 ait
1263 540 1356 586 aut
1386 532 1441 586 in
1473 533 1790 602 prephetis,
1826 550 1968 605 quos
1993 551 2085 590 ne-

511 623 672 678 bulas
710 631 870 678 vocat
901 624 1110 693 tropice
1137 662 1152 687 ,
1187 633 1282 677 aut
1311 625 1366 678 in
1397 623 1468 677 iis
1497 625 1590 694 qui
1632 641 1730 696 per
1768 627 1999 696 gratiam
2029 628 2084 680 in

516 716 837 770 ﬁlia‘tionetn
861 714 953 770 Dei
982 715 1140 769 asciti
1167 725 1319 778 sunt,
1343 717 1606 786 aequalem
1638 715 1756 772 fore
1781 717 2086 772 secundum

515 817 768 860 naturam
798 804 958 861 Filio.
999 805 1075 861 De
1106 807 1266 862 nobis
1298 823 1432 863 vero
1469 810 1740 878 scriptum
1771 818 1857 865 est
1883 829 1898 864 :
1924 829 1941 860 ι
1978 808 2089 880 Ego

515 899 630 954 dixi
656 917 669 953 :
700 897 784 953 Dii
810 900 948 954 estis
975 907 1031 953 et
1055 899 1150 952 ﬁlii
1178 899 1447 955 Altissimi
1474 916 1665 958 onmes
1695 921 1708 957 :
1736 917 1838 958 vos
1865 917 1995 958 vero
2028 909 2089 957 ut

519 989 771 1046 homines
797 990 1109 1045 moriemini
1138 991 1205 1048 ³⁸.
1241 1011 1260 1044 ι
1289 991 1368 1046 lta
1407 1002 1466 1048 ut
1501 994 1609 1049 nisi
1649 1010 1810 1050 omne
1845 996 2086 1050 studium

517 1089 572 1137 et
605 1083 1014 1138 contentionem
1066 1083 1488 1140 adhibuerimns
1525 1085 1594 1139 ad
1631 1087 1834 1141 malum
1873 1087 2087 1157 fugien-

517 1174 647 1227 dum
669 1213 684 1236 ,
716 1172 877 1229 facile
901 1175 969 1230 de
995 1190 1186 1230 eorum
1226 1191 1348 1246 quae
1378 1177 1703 1247 accepimus
1735 1179 2089 1246 possessione

516 1265 860 1320 excidemus.
892 1266 1218 1336 Accepimus
1261 1275 1439 1321 autem
1487 1283 1583 1337 per
1623 1269 1892 1337 gratiam,
1937 1277 1997 1323 ut
2034 1277 2089 1323 et

519 1357 616 1410 ﬁlii
650 1355 744 1412 Dei
770 1366 824 1412 et
847 1358 920 1412 dii
951 1373 1276 1413 vocaremur
1317 1359 1358 1390 ³¹
1382 1399 1396 1423 ,
1434 1374 1557 1428 qua
1591 1359 1814 1428 quidem
1857 1367 2084 1413 natura-

518 1449 646 1503 liter
673 1450 861 1506 insunt
893 1449 1054 1506 Filio.
1092 1449 1285 1521 Magna
1330 1451 1519 1522 itaque
1568 1461 1625 1508 et
1673 1451 1886 1506 inﬁnita
1930 1451 2085 1507 diffe-

521 1541 698 1596 rentia
729 1541 873 1596 inter
898 1556 1001 1598 nos
1032 1543 1333 1600 secundum
1364 1545 1601 1615 gratiam
1644 1555 1867 1599 vocatos
1909 1543 2084 1610 ﬁlios,

516 1639 572 1687 et
597 1647 723 1688 eum
755 1633 849 1703 qui
873 1648 1041 1689 verus
1068 1642 1153 1692 est
1188 1649 1255 1690 ac
1287 1636 1595 1690 secundum
1634 1644 1913 1692 naturam.
1947 1634 2085 1692 Ver-

2189 551 2465 602 γραπται·
2505 554 2521 587 ι
2569 534 2710 604 Ἐγὼ
2737 533 2898 588 εἶπαο
2936 537 3059 589 Θεοί
3079 539 3202 590 έστε
3227 537 3322 590 καὶ
3360 538 3466 590 υίοὶ
3502 538 3748 608 Ὑψίστου
3846 559 3854 602 ι

2191 627 2394 689 πάντες
2419 643 2433 657 ·
2468 627 2625 696 ὑμεῖς
2650 627 2706 680 δὲ
2731 627 2806 690 ὡς
2829 627 3105 696 ἄνθρωποι
3121 627 3514 700 ἀποθνήσκετε.
3554 649 3572 681 ι
3594 631 3749 685 Ὥστε
3852 659 3853 662 η

2191 719 2240 772 εί
2274 719 2348 790 μὴ
2385 720 2567 773 πᾶσαν
2599 718 2967 789 ποιησαιμεθα
2988 718 3223 790 σπουδὴν
3260 722 3339 785 είς
3378 722 3439 774 τὸ
3477 724 3753 795 παραιτεῖ-
3851 735 3853 842 ‘

2196 811 2312 842 ρο...
2344 811 2403 842 ..λ
2433 810 2636 842 ...κωκυ
2688 811 2883 842 ,ιι-κη...
2921 811 2978 842 ις
3116 813 3414 842 .ιι.ι......-..
3469 815 3753 842 ιμ-.-.τη

2194 811 2317 865 σθαι
2344 811 2405 865 τὸ
2433 810 2657 880 φαῦλον,
2687 811 2883 882 ῥᾳδίως
2919 811 2980 876 ἐξ
3007 805 3083 866 ὧν
3113 813 3436 884 εἰλήφαμεν,
3466 815 3754 868 ἀποπεσεῖν

2191 871 2488 970 δυνάμεθα.
2517 871 2833 971 Είλήιραμεν
2858 871 2915 954 δὲ
2939 871 3079 954 κατὰ
3099 871 3258 974 χάρίν
3277 871 3338 955 τδ
3360 871 3638 955 καλεῖσθαι
3662 901 3754 955 καὶ
3849 871 3854 992 ι

2191 993 2296 1046 υίοὶ
2327 992 2464 1088 Θεού
2494 996 2588 1046 καί¹
2613 992 2744 1057 θεοὶ,
2777 992 2813 1047 ἂ
2837 991 2899 1063 δὴ
2933 993 3176 1060 φυσικῶς
3214 994 3473 1065 πρόσεστι
3511 994 3589 1064 τῷ
3617 993 3752 1062 Υίῷ.
3852 1037 3853 1088 ι

2189 1083 2367 1153 Πολλὴ
2396 1078 2490 1137 οὖν
2523 1083 2618 1136 καὶ
2640 1085 2878 1154 ἄμετρος
2921 1085 3216 1155 ήδιαφορά
3262 1084 3465 1155 μεταξύ
3505 1102 3561 1137 τε
3601 1085 3754 1155 ἡμῶν
3845 1128 3854 1193 1

2190 1176 2300 1229 τῶν
2328 1175 2473 1229 κατά
2495 1175 2656 1246 χάριν
2683 1175 3037 1246 κεκλημένων
3071 1176 3202 1228 υἱῶν
3236 1175 3330 1230 καὶ
3355 1176 3449 1230 τοῦ
3484 1177 3624 1232 κατά
3651 1179 3752 1248 φύ-

2192 1285 2276 1322 σιν
2304 1267 2458 1332 όντος
2481 1269 2574 1321 καὶ
2602 1266 2880 1340 ἀληθινοῦ.
2909 1270 3083 1338 Λόγον
3111 1269 3168 1322 δὲ
3204 1268 3470 1322 ἀποκαλεῖ
3496 1268 3586 1321 τὸν
3608 1269 3752 1332 Υίὸν,

2189 1361 2220 1412 6
2257 1359 2533 1430 Ἰωάννης,
2565 1359 2770 1429 ταύτην
2819 1359 2967 1430 αὐτῷ
2995 1358 3309 1430 κυριώτατα
3349 1359 3618 1422 ἀνατιθεὶς
3658 1359 3758 1427 τὴν

2192 1451 2510 1522 ἐπωνυμίαν
2541 1451 2636 1505 καὶ
2663 1451 2761 1523 τῆς
2787 1451 2979 1515 οὐσίας
3020 1451 3254 1521 μάλιστα
3292 1450 3653 1520 σημαντικήν.
3696 1450 3754 1502 Ei

2192 1543 2250 1596 δὲ
2297 1542 2374 1614 μὴ
2404 1542 2564 1612 φύσει
2599 1542 2685 1614 εῐη
2715 1543 2929 1614 καὶτῆς
2975 1541 3164 1605 οὐσίας
3208 1540 3501 1612 δηλωτικὸν
3539 1542 3631 1594 ἐπὶ
3662 1539 3759 1594 τοῦ

2194 1636 2325 1689 Υίοῦ
2346 1637 2406 1689 τὸ
2427 1635 2597 1703 Λόγος
2624 1634 2814 1705 ὄνομα,
2839 1633 3095 1705 σημαίνει
3119 1650 3171 1686 τι
3194 1632 3408 1694 πάντως
3433 1631 3617 1702 ἕτερον
3632 1648 3648 1663 ο
3669 1633 3767 1684 καὶ

3848 1247 3854 1458 ί

517 1722 645 1775 bum
694 1736 826 1777 vero
868 1731 1031 1778 vocat
1088 1721 1290 1778 Filium
1337 1721 1616 1790 Joannes,
1670 1725 1984 1780 attribuens
2034 1725 2082 1780 ei

2201 1726 2376 1796 ζητεῖν
2399 1725 2719 1794 ἀναγκαῖον,
2759 1725 2811 1776 τί
2839 1723 2979 1778 κατὰ
3003 1722 3165 1791 φύσιν
3189 1719 3264 1774 ὢν
3296 1721 3325 1772 6
3367 1718 3520 1783 Υίὸς,
3558 1718 3759 1790 ἐκλήθη

518 1813 757 1868 maxime
786 1814 1008 1884 proprie
1032 1814 1175 1870 banc
1201 1816 1624 1886 appellationem
1649 1853 1664 1878 ,
1700 1822 1759 1870 ut
1781 1831 1904 1886 quae
1935 1815 2089 1870 miri-

520 1903 676 1955 ficam
707 1903 817 1957 vim
846 1903 1196 1974 signiﬁcandi
1229 1906 1600 1961 substantiam
1638 1905 1762 1976 ejus
1800 1906 1988 1962 habet.
2030 1906 2089 1962 Si

517 2009 648 2048 vero
671 1991 914 2050 Verbum
943 2011 1142 2052 nomen
1167 2005 1367 2051 natura
1395 2013 1504 2054 non
1537 1997 1807 2068 signiﬁcet
1832 1999 2090 2054 substan-

517 2087 648 2140 tiam
684 2087 739 2141 in
777 2086 951 2153 Filio,
979 2089 1208 2143 omnino
1240 2087 1519 2158 signiﬁcat
1552 2089 1702 2143 aliud
1723 2127 1739 2153 ,
1774 2096 1828 2144 et
1863 2104 2092 2145 necesse

516 2185 602 2234 est
630 2195 880 2249 quaerere
912 2179 1048 2251 quid
1079 2181 1360 2237 exsistens
1384 2180 1556 2236 Filius
1586 2180 1890 2237 secundum
1923 2194 2092 2237 natu-

519 2285 634 2324 ram
669 2268 906 2326 Verbum
933 2279 1162 2327 vocatus
1190 2281 1276 2328 est
1305 2312 1322 2338 ,
1347 2274 1393 2327 si
1427 2288 1534 2327 non
1570 2272 1940 2328 substantiam
1967 2273 2094 2342 ejus

519 2377 720 2417 nomen
753 2363 979 2418 indicat.
1001 2362 1185 2420 Veluti
1215 2381 1340 2420 cum
1366 2365 1493 2434 quis
1516 2363 1654 2418 dicit
1679 2363 1900 2419 fabrum
1925 2404 1940 2428 ,
1973 2374 2089 2420 sta-

517 2456 799 2520 tuarium,
847 2449 1122 2521 scribam,
1169 2472 1280 2511 non
1328 2456 1589 2511 delinitur
1618 2457 1751 2526 quid
1782 2457 1859 2512 sit
1885 2473 2090 2514 secun-

517 2548 650 2602 dum
701 2556 960 2603 naturam
1009 2549 1062 2603 id
1111 2548 1258 2619 quod
1315 2549 1682 2618 signiﬁcatur,
1739 2549 1835 2604 sed
1877 2557 2090 2603 tantum

516 2652 684 2706 quam
723 2649 896 2694 artem
934 2638 1184 2707 factitet,
1226 2641 1492 2694 ostendit.
1535 2639 1591 2694 Si
1633 2641 1804 2710 igitur
1843 2641 1951 2694 hoc
1991 2655 2091 2694 no-

519 2743 642 2784 men
701 2743 810 2783 non
860 2731 1133 2801 signiﬁcet
1183 2731 1553 2786 substantiam
1609 2730 1766 2796 Filii,
1809 2740 1865 2787 et
1903 2733 2092 2788 vocari

519 2819 758 2875 Verbum
795 2837 906 2877 non
945 2822 1190 2878 declaret
1243 2824 1423 2893 ipsum
1473 2824 1607 2896 quid
1660 2825 1732 2880 sit
1783 2825 2093 2881 secundum

522 2920 776 2965 naturam
799 2952 814 2972 ,
841 2912 936 2967 sed
967 2921 1097 2982 puta
1117 2953 1132 2977 ,
1163 2913 1309 2984 quod
1333 2915 1407 2969 sit
1435 2917 1559 2984 ejus
1587 2915 1933 2970 institutum:
1961 2916 2092 2985 quid

522 3000 725 3058 frustra
753 3005 1144 3074 evangelistam
1180 3006 1469 3068 miramur,
1492 3016 1547 3061 et
1569 3023 1835 3078 quorsum
1865 3016 2093 3062 vocatus

523 3187 759 3242 sublime
814 3188 1074 3252 locutus,
1130 3190 1259 3246 licet
1303 3192 1490 3246 divina
1545 3191 1833 3262 Scriptura
1901 3193 2093 3249 multis

524 3281 842 3336 D‘Lntinibus
874 3275 1085 3336 Filium
1109 3283 1480 3355 indigitante?
1514 3286 1584 3339 At
1620 3300 1746 3340 cum
1786 3285 1926 3340 dixit
1961 3285 2097 3340 Ver-

524 3372 651 3426 bum
671 3412 685 3435 ,
711 3373 1038 3431 admirabile
1060 3376 1334 3445 quoddam
1354 3385 1408 3431 et
1431 3378 1854 3448 supernaturale
1878 3377 2094 3431 locutus

521 3471 640 3528 est,
681 3464 932 3536 nihilque
965 3466 1115 3521 aliud
1155 3468 1204 3522 ei
1251 3468 1489 3538 adjecit,
1528 3478 1591 3523 ut
1637 3483 1865 3524 cernere
1904 3475 1991 3523 est
2027 3467 2097 3523 de

524 3555 695 3611 Paulo
717 3597 733 3621 ,
771 3557 911 3622 hoc,
942 3576 961 3609 ι
981 3557 1188 3614 Paulus
1221 3561 1544 3631 apostolus:
1580 3580 1598 3614 ι
1621 3568 1914 3616 contentus
1964 3573 2097 3614 vero

523 3655 611 3702 cst
629 3647 836 3712 dicere,
857 3647 1095 3704 Verbum
1119 3689 1134 3714 ,
1162 3651 1228 3705 ad
1259 3651 1646 3706 declarandam
1678 3650 1804 3706 Filii
1831 3653 2096 3708 substan-

526 3736 695 3803 tiam;
722 3737 838 3808 ipse
868 3739 1035 3810 igitur
1059 3748 1142 3796 est
1169 3757 1358 3796 verum
1385 3741 1839 3797 VerbumPatris
1859 3779 1876 3805 ,
1905 3751 1962 3796 et
1987 3758 2097 3796 non

525 3828 677 3884 alius
702 3831 993 3901 quisquam
1020 3842 1218 3903 praeter
1246 3834 1422 3888 illum.
1446 3835 1602 3901 Quod
1633 3835 1682 3889 si
1709 3835 1780 3889 ob
1805 3834 1948 3888 hanc
1967 3848 2100 3889 eau-

527 3937 646 3976 sam
685 3924 1074 3980 existimarunt
1113 3927 1301 3983 hostes
1338 3927 1548 3982 Christi
1589 3943 1697 3982 non
1736 3943 1860 3983 esse
1898 3925 2098 3981 Filium

526 4014 676 4070 Patri
717 4018 1250 4074 consubstantialem
1274 4059 1289 4083 ,
1321 4020 1543 4089 quando
1571 4035 1755 4089 neque
1781 4019 1944 4074 Pater
1969 4018 2101 4074 Ver-

526 4106 658 4162 bum
685 4149 700 4174 ,
743 4124 924 4180 neque
963 4109 1206 4166 Verbum
1248 4112 1412 4168 Pater
1435 4153 1450 4177 ,
1487 4121 1544 4167 et
1577 4113 1845 4167 unitatem
1885 4119 2099 4166 naturae

523 4200 688 4272 673
723 4201 1034 4257 differentia
1063 4206 1346 4259 nominum
1381 4205 1558 4261 scindi
1589 4204 1985 4271 crediderunt,
2013 4204 2099 4259 di-

527 4301 655 4344 cant
682 4293 845 4350 nobis
873 4296 1152 4364 quomodo
1180 4298 1501 4367 progenitor
1527 4297 1699 4351 Adam
1733 4297 2100 4352 consubstan-

2145 3011 2162 3022 ’
2200 3029 2217 3061 ι
2258 3009 2469 3071 Παῦλος
2495 3008 2790 3070 ἀπόστολος
2814 3025 2828 3036 ⁸
2865 3026 2886 3059 ι
2909 3007 3246 3078 ἡρκέσθη.δὲ
3269 3006 3348 3078 τῷ
3381 3008 3574 3066 εἰπεῖν,
3605 3006 3634 3058 6
3665 3004 3766 3058 Λό-

520 3102 610 3149 est
662 3095 810 3150 filius
864 3097 1133 3161 tonitrui,
1176 3107 1440 3168 tanquam
1483 3115 1739 3170 magnum
1783 3100 1999 3170 aliquod
2040 3112 2093 3154 et

2201 3118 2308 3168 γος,
2332 3101 2410 3162 εἰς
2438 3099 2497 3151 τὸ
2528 3101 2875 3170 παραστῆσαι
2918 3097 3014 3153 τοῦ
3045 3098 3174 3152 Υἱοῦ
3213 3099 3312 3168 τὴν
3345 3097 3525 3152 οὐσίαι
3557 3113 3570 3126 ο
3605 3094 3774 3159 αὐτὸς

2189 1817 2383 1886 Λόγος,
2433 1817 2484 1869 εἰ
2531 1815 2608 1887 μὴ
2647 1815 2748 1886 τὴν
2776 1814 2963 1869 οὐσίαν
2996 1813 3161 1869 αὐτοῦ
3201 1812 3456 1885 σημαίνει
3481 1811 3542 1864 τὸ
3570 1810 3758 1880 ὄνομα.

2190 1903 2316 1963 Οἷον
2335 1949 2350 1972 ,
2389 1907 2623 1962 τέκτονά
2667 1924 2750 1972 τις
2785 1906 2953 1960 εἰπὼν
2982 1906 3015 1977 ἢ
3048 1905 3287 1970 λιθοξόον
3314 1903 3348 1973 ἦ
3377 1901 3766 1974 ταχυγράφον,
3849 1923 3854 2040 ³

2190 2000 2248 2040 αὐ
2279 1999 2330 2040 τε
2358 2000 2471 2040 ἐπι
2499 1997 2639 2040 gms
2674 1997 2836 2040 (etiam
2857 1997 2918 2040 τὸ
2941 1995 3339 2040 στιιιαινόιιευον
3362 1993 3624 2040 ὁρίζεται.
3643 1991 3762 2040 ἀλλ’

2188 2000 2248 2052 οὐ
2279 1999 2331 2051 τί
2357 2000 2472 2052 ὲστι
2499 1997 2640 2052 κατά
2674 1997 2836 2066 φύσιν
2857 1997 2918 2050 τὸ
2941 1995 3339 2066 σημαινόμενον
3362 1993 3625 2065 ὁρίζεται,
3643 1991 3762 2045 ἀλλ’

2188 2086 2300 2143 οἷον
2331 2088 2445 2160 ἔχει
2474 2089 2535 2142 τὸ
2567 2089 2906 2160 ἐπιτήδευμα
2953 2087 3168 2159 μηνύει.
3225 2088 3289 2140 Ei
3339 2085 3519 2140 τοίνυν
3549 2086 3612 2139 οὐ
3660 2085 3763 2153 τὴν

2188 2086 2300 2143 οἷον
2331 2088 2445 2160 ἔχει
2474 2089 2535 2142 τὸ
2567 2089 2906 2160 ἐπιτήδευμα
2953 2087 3168 2159 μηνύει.
3225 2088 3289 2140 Ei
3339 2085 3519 2140 τοίνυν
3549 2086 3612 2139 οὐ
3660 2085 3763 2153 τὴν
3848 2073 3854 2334 Ι

2188 2181 2378 2234 οὐσίαν
2405 2179 2500 2234 τοῦ
2527 2179 2657 2234 Υἱοῦ
2697 2179 2955 2251 σημαίνει
2979 2177 3237 2250 τούνομα,
3262 2179 3358 2233 καὶ
3388 2177 3452 2231 τὸ
3481 2177 3762 2231 καλεῖσθαι

2192 2272 2384 2334 Λόγον,
2406 2272 2466 2325 οὐ
2495 2271 2548 2325 τί
2573 2273 2688 2325 έστι
2711 2273 2851 2325 κατά
2873 2270 3055 2334 φύσιν,
3086 2269 3414 2334 παρίστησιν
3428 2269 3612 2326 αὐτὸν.
3629 2269 3765 2322 ἀλλὰ

2192 2272 2384 2340 Λόγον,
2406 2272 2466 2325 οὐ
2495 2271 2548 2325 τί
2573 2273 2688 2325 έστι
2711 2273 2851 2325 κατά
2873 2270 3055 2339 φύσιν,
3086 2269 3414 2342 παρίστησιν
3428 2269 3612 2326 αὐτὸν.
3629 2269 3765 2322 ἀλλὰ

2191 2365 2325 2436 φέρε
2355 2366 2550 2432 είπεῖν,
2587 2361 2698 2419 οἷον
2729 2365 2844 2436 ἔχει
2874 2365 2936 2418 τὸ
2964 2364 3337 2436 ἐπιτήδευμαο
3377 2364 3431 2417 τί
3476 2364 3652 2434 μάτην
3671 2364 3764 2416 τὸν

2191 2462 2583 2533 εὐαγγελιστὴν
2629 2461 3018 2532 θαυμάζομενς
3061 2460 3179 2524 πῶς
3211 2459 3268 2512 δὲ
3297 2459 3392 2513 καὶ⁵
3419 2459 3619 2529 ἐκλήθη
3649 2457 3763 2522 υἱὸς
3809 2500 3818 2505 ρ

2195 2555 2441 2626 βροντῆς,
2461 2553 2538 2618 ὡς
2570 2555 2712 2625 μέγα
2733 2571 2785 2607 τι
2819 2553 3059 2624 λαλήσας
3097 2553 3191 2606 καὶ
3223 2551 3526 2623 ὑπέρογκον
3547 2567 3560 2578 ’
3586 2550 3760 2605 καίτοι

2192 2646 2406 2710 πολλοῖς
2433 2646 2690 2716 ὀνόμασιν
2745 2643 3126 2714 ἀποκαλούσης
3170 2642 3262 2697 τὸν
3305 2638 3433 2696 Υἱδν
3464 2643 3564 2713 τῆς
3611 2642 3764 2703 θείας

2192 2737 2446 2809 Γραφῆς;
2507 2737 2672 2790 Ἀλλά
2721 2737 2893 2805 Λόγον
2928 2733 3165 2807 εἰρηκὼς
3187 2775 3203 2800 ,
3251 2734 3552 2806 παράδοξόν
3583 2751 3636 2786 τι
3669 2732 3766 2786 καὶ

2193 2829 2469 2900 ὑπερφυὲς
2512 2827 2815 2898 ἐφθέγξατο
2841 2869 2856 2892 ,
2913 2827 3008 2880 καὶ
3063 2826 3218 2880 οὐδὲν
3259 2826 3446 2897 ἕτερον
3493 2826 3586 2878 ἐπὶ
3617 2823 3766 2894 αὐτῷ

2195 2919 2616 2992 προστέθεικεν,
2655 2914 2766 2972 οἷον
2817 2919 2910 2972 ἐπὶ
2947 2917 3042 2972 τοῦ
3088 2918 3303 2971 Παύλου
3359 2918 3628 2988 φαίνεται,
3681 2917 3764 2980 τὸ,

3844 2675 3854 2940 1

3847 2975 3854 3256 1

2195 3194 2304 3263 ἄρα
2323 3191 2470 3243 ἐστὶν
2497 3192 2525 3244 ό
2549 3191 2802 3260 ἀληθινὸς
2824 3187 3002 3259 Λόγος
3022 3191 3116 3244 τοῦ
3141 3189 3374 3260 Πατρδς,
3407 3188 3500 3242 καὶ
3525 3189 3623 3258 οὐχ
3651 3188 3769 3240 ἓτε-

2197 3283 2286 3353 ρός
2304 3298 2389 3344 τις
2422 3282 2552 3352 παρ’
2577 3281 2806 3334 ἐκεῖνον.
2840 3282 2902 3335 Εί
2928 3282 2984 3336 δὲ
3017 3281 3104 3335 διὰ
3130 3280 3337 3350 ταύτην
3375 3279 3646 3334 ὑπέλαϐον
3670 3278 3776 3348 τὴν

2195 3373 2375 3426 αἰτίαν
2403 3373 2452 3425 oi
2491 3372 2872 3442 χριστομάχοι,
2931 3373 3007 3444 μὴ
3035 3368 3177 3427 εἶναι
3207 3371 3300 3425 τὸν
3331 3371 3460 3424 Υἰὸν
3485 3369 3777 3441 ὁμοούσιον

2195 3464 2274 3535 τῷ
2303 3463 2496 3533 Πατρὶ,
2525 3463 2647 3514 ἐπεὶ⁸
2679 3465 2818 3534 μήτε
2847 3466 2875 3517 ὁ
2911 3463 3120 3535 Πατὴρ,
3150 3463 3344 3531 Λόγος,
3371 3464 3508 3534 μήτε
3535 3465 3564 3516 6
3597 3463 3771 3531 Λόγος

2197 3559 2422 3628 Πατήρο
2473 3559 2567 3612 καὶ
2605 3559 2706 3628 τὴν
2761 3557 2988 3626 ἑνότητα
3015 3556 3112 3626 τῆς
3155 3555 3392 3625 φύσεως,
3417 3555 3496 3626 τῷ
3528 3554 3776 3625 διαφόρῳ
3852 3597 3853 3642 ι

2196 3648 2305 3702 τῶν
2329 3650 2610 3720 ὀνομάτων
2634 3647 3018 3718 διατέμνεσθαι
3053 3649 3452 3702 πεπιστεύκασι
3471 3664 3486 3678 ⁶
3536 3648 3774 3716 λεγέτω-

2201 3756 2300 3793 σαν
2326 3742 2480 3810 ήμῖν,
2522 3740 2640 3804 πῶς
2665 3743 2694 3794 ὁ
2740 3739 3042 3811 προπάτωρ
3085 3740 3259 3811 Ἀδὰμ
3299 3741 3580 3811 ὁμοούσιος
3617 3741 3782 3794 ἔσται

2199 3831 2334 3900 πρὸς
2372 3832 2462 3885 τὸν
2492 3831 2550 3898 ἐξ
2572 3831 2737 3885 αὐτοῦ
2768 3833 3051 3901 γεγονότα,
3077 3832 3203 3888 οὐτε
3245 3834 3409 3898 αὐτὸς
3441 3834 3605 3888 Ἀϐελ
3633 3830 3780 3888 εἶναι

2198 3920 2514 3992 δυνάμενος,
2531 3921 2654 3975 οὐτε
2686 3922 2791 3994 μὴν
2815 3923 2906 3977 τοῦ
2940 3923 3106 3977 ’Ἅϐελ
3139 3927 3398 3996 ἐσομένου
3422 3925 3776 3995 ποτὲἈδάμς

2199 4013 2313 4067 ἀλλ’
2345 4014 2443 4068 οὐκ
2475 4013 2696 4068 ἐκϐαλεῖ
2734 4015 2832 4086 τῆς
2871 4015 3057 4080 οὐσίας
3106 4017 3206 4088 τὴν
3243 4018 3548 4089 ταύτότητα
3591 4020 3626 4087 ἡ
3665 4018 3781 4070 τῶν

2199 4106 2478 4176 ὀνομάτων
2500 4107 2752 4178 διαφορά.
2794 4108 2856 4160 Εἰ
2882 4108 2938 4162 δὲ
2962 4108 3121 4163 τοῦτο
3149 4111 3242 4163 ἐπὶ
3272 4110 3506 4181 γενητῆς
3533 4110 3629 4164 καὶ
3654 4127 3780 4163 κτι-

2203 4199 2332 4269 στῆς
2367 4198 2601 4268 φύσεως,
2636 4199 2756 4263 πῶς
2775 4201 2877 4253 οὐκ
2910 4201 3103 4264 ἀσεϐὲς
3135 4203 3229 4255 ἐπὶ
3255 4202 3354 4272 τῆς
3383 4203 3647 4274 ἀγενήτου
3675 4204 3784 4272 φύ-

2203 4307 2339 4354 σεως
2361 4292 2537 4345 ἐκεῖνο
2553 4292 2798 4358 δοξάζειν
2823 4293 3000 4347 πάντα
3019 4294 3419 4365 ὑπερκειμένης
3438 4293 3508 4346 τὰ
3535 4295 3746 4364 γενητὰ
3767 4311 3786 4358 ;

3849 3263 3854 3530 1

529 4383 676 4437 tialis
705 4385 810 4438 erit
851 4399 882 4437 a
919 4401 978 4440 se
1020 4387 1245 4456 genito,
1291 4402 1417 4441 cum
1473 4403 1574 4441 nec
1623 4389 1739 4456 ipse
1789 4386 1922 4440 Abel
1971 4399 2093 4442 esse

2201 4383 2276 4446 ὼς
2302 4379 2396 4437 οὖν
2433 4385 2588 4456 εἴπερ
2613 4381 2682 4456 ἦν
2710 4387 3037 4459 ὲτερούσιος,
3064 4386 3164 4439 οὐκ
3188 4385 3256 4440 ἂν
3273 4381 3341 4457 ἦν
3380 4387 3554 4455 Λόγος
3587 4385 3785 4456 ἀληθι-

531 4475 734 4542 possit,
792 4491 970 4545 neque
1031 4476 1250 4533 futurus
1309 4478 1382 4532 sit
1433 4493 1676 4546 unquam
1729 4477 1946 4530 Adam:
2001 4474 2093 4530 sed

2205 4475 2313 4539 νὸς,
2355 4475 2528 4541 οὓτως
2576 4457 2899 4549 ἐπειδήπερ
2920 4479 3068 4533 ἐστὶν
3089 4477 3396 4550 όμοούσιος,
3420 4476 3674 4548 ἀληθινὸς
3715 4478 3792 4531 ἂν

530 4562 873 4620 identitatem
903 4576 1115 4622 naturae
1153 4585 1435 4639 nunquam
1475 4570 1628 4624 tollet
1667 4569 1950 4623 nominum
1987 4567 2098 4622 dif-

2206 4569 2291 4641 εἴη
2314 4570 2505 4639 Λόγος.

529 4658 958 4728 ferentia.Quod
1000 4664 1045 4718 si
1089 4664 1193 4718 hoc
1231 4665 1285 4718 in
1312 4666 1493 4735 genita
1531 4676 1587 4719 et
1625 4673 1812 4719 creata
1857 4673 2050 4718 natura
2085 4663 2180 4729 sit,
2214 4663 2495 4734 quomodo
2539 4680 2650 4719 non
2685 4665 2913 4736 impium
2947 4672 3033 4721 est
3072 4663 3204 4720 illud
3236 4665 3450 4736 opinari
3487 4665 3542 4720 in
3578 4671 3792 4719 natura-

529 4751 796 4823 ingenita,
827 4764 882 4810 et
914 4758 1096 4810 omnia
1136 4759 1320 4828 genita
1359 4758 1852 4828 supergrediente?
1893 4765 1953 4811 ut
1992 4757 2182 4825 igitur,
2217 4759 2264 4811 si
2305 4764 2456 4812 esset
2491 4757 2632 4812 alius
2665 4757 3016 4822 substantiae,
3061 4773 3173 4812 non
3217 4766 3365 4814 esset
3401 4772 3592 4813 verum
3644 4755 3788 4813 Ver-

531 4844 658 4901 bum
682 4885 696 4909 ,
741 4847 812 4899 ita
848 4847 974 4916 quia
998 4858 1084 4903 est
1104 4851 1590 4911 consubtantialis.
1619 4866 1808 4904 verum
1849 4849 2038 4918 utique
2074 4847 2311 4904 Verbum
2346 4849 2602 4905 exsistet.

601 4942 671 5006 X,
705 4944 793 4998 37.
829 4943 888 4998 Si
917 4962 1021 4999 non
1059 4945 1198 5014 facio
1237 4960 1396 5014 opera
1436 4946 1618 4999 Patris
1655 4946 1780 5012 mei,
1805 4962 1868 5000 ne
1903 4944 2102 4998 credite

532 5036 680 5098 mihi,
709 5045 816 5091 etc.

601 5126 755 5193 Quod
783 5127 939 5192 dicit,
968 5128 1284 5196 huiusmodi
1321 5136 1426 5185 est.
1457 5129 1910 5199 Quandoquidem
1942 5127 2103 5185 facile

532 5228 616 5272 est
648 5226 706 5272 ut
731 5219 931 5289 aliquis
966 5221 1118 5276 dicat
1158 5231 1368 5290 patrem
1401 5237 1560 5277 suum
1596 5223 1790 5285 Deum,
1821 5222 1916 5277 sed
1959 5220 2102 5276 dilli-

534 5311 660 5375 cile,
691 5310 804 5365 imo
829 5327 996 5382 supra
1026 5320 1240 5367 naturae
1262 5321 1461 5368 creatae
1483 5314 1589 5368 vim
1617 5315 1882 5384 positum,
1909 5321 1967 5366 ut
1996 5313 2102 5367 hoc

536 5418 595 5457 re
623 5409 677 5458 et
707 5402 918 5460 elTectis
948 5405 1203 5460 ostendat
1242 5423 1257 5460 :
1291 5422 1388 5476 per
1431 5421 1516 5469 ea,
1560 5407 1758 5476 inquit,
1799 5421 1922 5476 qua?
1955 5416 2103 5461 recte

534 5501 590 5548 et
622 5497 1015 5551 convenienter
1056 5496 1166 5553 Deo
1221 5497 1380 5560 facio,
1411 5498 1639 5567 aequalis
1689 5495 1799 5551 Deo
1848 5503 1903 5551 et
1954 5496 2100 5550 Patri

534 5600 754 5654 cernor,
786 5603 887 5644 nec
915 5603 1138 5645 causam
1187 5589 1374 5646 dicere
1404 5589 1634 5661 potestis
1687 5604 1786 5644 cur
1821 5603 1930 5643 non
1979 5603 2101 5643 cre-

610 5769 653 5800 "
694 5768 838 5826 Psal.
874 5786 1141 5837 Lunm,
1177 5772 1226 5830 7.

2276 4947 2349 4999 Ei
2400 4945 2473 4998 οὐ
2507 4943 2654 4998 ποιῶ
2694 4942 2767 4996 τὰ
2810 4942 2955 5012 ἔργα
2985 4943 3090 4998 τοῦ
3130 4943 3360 5012 Πατρός
3384 4961 3526 5013 μου,
3550 4944 3640 5014 μὴ
3683 4963 3787 4998 πι-

2207 5035 2450 5091 στεύετέ
2475 5052 2596 5104 μοι,
2629 5035 2723 5089 καὶ
2748 5035 2819 5089 τὰ
2846 5034 2995 5106 ἑξῆς.

2285 5129 2350 5180 Ὃ
2388 5127 2554 5194 λέγει,
2595 5125 2831 5179 τοιοῦτόν
2870 5127 3039 5180 ἐστιν.
3098 5112 3313 5195 Ἐπειδὴ
3344 5124 3404 5176 τὸ
3451 5125 3627 5178 εἰπεῖν
3660 5142 3788 5178 τινα

2209 5221 2421 5291 πατέρα
2452 5219 2542 5272 τὸν
2573 5217 2705 5270 Θεὸν
2748 5218 3001 5289 εὐχερές⁸
3038 5217 3099 5270 τὸ
3127 5217 3226 5288 μέν
3262 5234 3346 5270 τοι
3386 5215 3558 5280 δεῖξαι
3583 5216 3658 5269 δι’
3690 5216 3787 5286 έρο

2207 5330 2342 5381 γων,
2373 5310 2532 5365 τοῦτο
2556 5310 2814 5381 δυσχερὲς
2846 5310 2939 5363 καὶ
2976 5309 3236 5364 ἀδύνατον
3260 5313 3325 5382 τῇ
3360 5309 3554 5364 κτίσει·
3590 5311 3675 5363 Δι’
3706 5305 3786 5364 ὧν

2209 5402 2480 5474 κατορθῶ,
2512 5402 2685 5473 φησὶ,
2716 5401 3037 5473 θεοπρεπῶς
3060 5440 3076 5464 ,
3118 5401 3230 5465 ἴσος
3261 5401 3521 5472 φαίνομαι
3550 5401 3631 5471 τῷ
3660 5400 3787 5470 Θεῷ

2210 5497 2304 5550 καὶ
2329 5494 2502 5568 ΙῙατρί
2524 5511 2538 5526 ο
2571 5494 2667 5547 καὶ
2691 5493 2918 5564 οὐδεμία
2940 5494 3066 5564 ὑμῖν
3091 5493 3353 5563 ἀπολογία
3377 5492 3688 5553 ἀπιστοῦσι,
3715 5496 3787 5562 τῇ

2211 5589 2376 5660 πείρᾳ
2399 5586 2682 5658 μαθοῦσιν,
2714 5585 2798 5640 ὅτι
2835 5585 2945 5650 ίσος
2975 5585 3091 5657 sip).
3111 5586 3189 5658 τῷ
3217 5585 3413 5656 Πατρὶ,
3448 5585 3516 5640 δι’
3539 5581 3615 5643 ὧν
3643 5582 3792 5640 ποιῶ

1306 5773 1347 5804 ³ο
1389 5772 1531 5830 Psal.
1568 5789 1768 5840 mm,
1801 5773 1869 5839 6,
1911 5771 1963 5826 '7.
2040 5773 2078 5804 ³¹
2123 5768 2142 5824 l
2183 5767 2335 5826 Joan.
2369 5785 2463 5838 ιιι,
2500 5772 2544 5824 l.
