3882 6206
126 348 195 403 33
974 344 1040 398 IN
1078 344 1527 401 ΙΟΑΝΝΕΜῘ-
1571 344 1698 404 LIB.
1721 344 1812 402 VII
1848 344 1934 400 ET
1972 343 2085 399 VIII
2120 343 2562 400 FRAGMENTA.
3311 349 3379 406 ξ’»ι

126 457 447 531 θιοπριπῶν
495 456 671 528 ἔργων
700 498 713 520 ,
749 457 795 508 εἰ
826 456 922 508 καὶ
960 456 1046 509 διὰ
1078 456 1177 528 τὴν
1221 458 1400 528 σάρκα
1435 457 1591 521 ἔδοξᾶ
1614 476 1700 522 τις

1804 457 1971 522 datis,
2005 473 2132 511 cum
2185 458 2522 527 experientia
2555 454 2864 512 didiceritis
2898 473 2981 514 me
3016 459 3160 515 Patri
3191 477 3381 533 aequa-

122 547 263 606 εἷναι
293 553 424 620 παρ’
448 550 596 619 ὑμῖν,
626 548 701 610 ὡς
724 542 803 610 εἷς
821 548 928 600 τῶν
961 548 1192 601 πολλῶν.
1230 548 1509 601 Ἐντεῦθεν
1547 549 1703 601 δυνα-

121 643 215 695 τὸν
245 643 445 695 ἐννοεῖν
474 642 557 693 ὅτι
597 659 615 690 ι
654 639 795 706 Ἐγὼ
829 641 887 691 ὲν
913 638 989 709 τῷ
1012 640 1186 710 Πατρὶ
1225 639 1319 691 καὶ
1354 642 1382 692 6
1411 639 1598 710 Πατὴρ
1644 642 1703 691 ὲν

124 734 270 803 ἐμοί.
305 752 325 784 ι
371 733 437 785 Ἢ
474 732 584 801 γὰρ
627 734 725 801 τῆς
754 731 942 792 οὐσίας
969 731 1257 800 ταυτότης,
1284 730 1373 782 τὸν
1398 729 1616 800 Πατέρα
1644 731 1701 782 ὲν

124 823 241 893 Υἰῷ
260 824 354 876 καὶ
386 824 479 876 τὸν
514 824 638 875 Υἱὸν
664 825 720 874 ὲν
750 822 927 891 Πατρὶ
956 817 1097 875 εἰναι
1138 822 1233 875 καὶ
1270 821 1500 893 ὁρᾶσθαι
1535 823 1699 877 ποιεῖ.

122 916 235 968 Καὶ
266 915 374 986 γὰρ
406 915 503 968 καὶ
546 916 631 982 ἐφ’
682 914 840 984 ἡμῶν
879 916 912 984 ἡ
955 912 1048 966 τοῦ
1084 913 1297 983 Πατρὸς
1345 913 1501 983 ἡμῶν
1543 914 1699 966 οὐσία

124 1004 450 1071 γινώσκεται
480 1008 539 1058 ὲν
588 1005 665 1073 τῷ
703 1004 833 1074 παρ’
880 1004 1045 1058 αὐτοῦ
1098 1005 1367 1074 τεχθέντι,
1395 1008 1490 1059 καὶ
1520 1008 1577 1058 ὲν
1624 1004 1702 1076 τῷ

124 1094 337 1147 τεκόντι
371 1094 533 1147 πάλιν
563 1096 596 1162 ή
640 1095 733 1147 τοῦ
774 1094 1076 1165 τεχθέντος.
1125 1091 1221 1159 Εἷς
1253 1097 1361 1170 γὰρ
1399 1099 1456 1149 ὲν
1481 1099 1646 1150 πᾶσιν
1674 1100 1703 1150 6

123 1188 222 1252 τῆς
246 1186 463 1254 φύσεως
487 1186 631 1256 ὅρος,
662 1188 757 1239 καὶ
790 1187 848 1239 ἓν
878 1190 927 1241 oi
954 1191 1154 1251 πάντες
1181 1192 1248 1260 τῇ
1298 1188 1479 1259 φύσει.
1527 1190 1615 1244 Ἐν
1643 1189 1702 1243 δὲ

123 1279 203 1350 τῷ
225 1279 653 1349 διακεχωρίσθαι
694 1282 843 1349 ἡμᾶς
882 1284 994 1343 τοῖς
1043 1281 1324 1351 σώμασιν,
1358 1282 1538 1336 οὐκέτι
1573 1283 1630 1335 ἓν
1653 1284 1703 1336 οἰ

124 1369 345 1426 πολλοίο
393 1371 531 1440 ὅπερ
560 1371 658 1422 οὐκ
701 1370 847 1424 ἐστιν
899 1374 1073 1425 εἰπεῖν
1112 1375 1204 1426 ἐπὶ
1248 1374 1342 1428 τοῦ
1376 1376 1515 1429 κατὰ
1542 1376 1703 1445 φύσιν

122 1460 284 1517 Θεοῦ.
330 1461 642 1532 ’Δσώματον
665 1463 772 1534 γὰρ
793 1464 854 1517 τὸ
882 1465 1042 1530 θεῖον,
1090 1467 1139 1518 εἰ
1167 1466 1262 1520 καὶ
1280 1468 1338 1519 ὲν
1375 1466 1705 1532 ἰδιαζούσας

124 1551 398 1622 ύπάρξεσι
419 1554 519 1621 τὴν
536 1552 696 1619 ἁγίαν
716 1553 947 1624 νοοῦμεν
968 1555 1196 1626 Τριάδα.
1220 1555 1411 1628 Πατὴρ
1434 1558 1542 1629 γάρ
1560 1558 1704 1611 ἐστιν

122 1646 151 1695 6
187 1644 401 1713 Πατὴρ,
436 1644 529 1695 καὶ
556 1644 653 1713 οὐχ
684 1644 814 1706 Υἱός
835 1660 849 1673 ⁸
876 1644 1004 1708 Υἰὸς
1039 1646 1098 1698 δὲ
1126 1646 1288 1700 πάλιν
1316 1649 1345 1699 6
1372 1648 1498 1709 Υἰὸς
1522 1650 1614 1702 καὶ
1639 1652 1698 1703 οὐ

1806 550 1910 604 lem
1961 565 2106 613 esse,
2134 565 2201 604 ex
2254 551 2325 605 iis
2364 549 2628 619 operibus
2674 563 2796 618 quae
2831 548 2973 604 facio
3016 549 3126 605 Deo
3172 567 3379 607 conve-

1804 641 2110 703 nientibus,
2158 642 2265 695 etsi
2324 649 2548 711 pr0pter
2602 655 2821 695 carnem
2865 640 3016 695 visus
3067 642 3171 696 sim
3223 643 3382 698 vobis

1803 741 2068 801 tanquam
2100 748 2244 788 unus
2270 748 2300 788 e
2329 734 2513 800 vhlgo.
2549 729 2706 787 Unde
2734 740 2915 801 potest
2946 732 3181 803 intelligi
3207 734 3379 804 quod,

1811 843 1828 875 ι
1869 822 1982 893 Ego
2016 824 2069 878 in
2112 823 2292 890 Patre,
2315 832 2371 878 et
2398 826 2565 878 Pater
2591 823 2645 876 in
2682 838 2770 878 me
2793 824 2858 877 ".
2896 844 2913 876 ι
2960 824 3091 878 Nam
3121 827 3383 882 substan-

1804 918 1898 971 tia:
1931 917 2195 971 identitas
2228 916 2448 969 Patrem
2508 918 2562 970 in
2610 916 2753 970 Filio
2784 925 2839 971 et
2884 915 3082 970 Filium
3117 918 3168 971 in
3216 916 3380 975 Patre

1802 1024 1928 1064 esse
1969 1024 2033 1063 ac
2073 1008 2242 1063 videri
2275 1008 2427 1063 facit.
2451 1007 2667 1062 Etenim
2702 1009 2870 1063 etiam
2912 1008 2966 1061 in
3004 1009 3164 1065 nobis
3197 1009 3379 1066 Patris

1804 1099 1980 1153 nostri
2017 1098 2329 1153 substantia
2376 1097 2741 1167 cognoscitur
2775 1096 2831 1149 in
2873 1112 2939 1151 eo
2965 1113 3123 1167 quem
3166 1101 3377 1168 genuit,

1802 1199 1859 1245 et
1891 1191 2133 1246 vicissim
2176 1191 2229 1245 in
2276 1190 2524 1260 genitore
2564 1188 2753 1260 geniti.
2788 1187 2942 1243 Unus
2984 1190 3130 1244 enim
3173 1192 3227 1244 in
3259 1205 3381 1245 om-

1801 1282 1965 1336 nibus
1990 1292 2072 1337 est
2101 1293 2313 1337 natura:
2339 1284 2628 1347 terminus,
2652 1290 2705 1334 et
2731 1296 2921 1335 omnes
2948 1290 3142 1335 natura
3182 1299 3375 1337 unum.

1803 1375 1912 1430 Sed
1953 1391 2020 1431 eo
2058 1382 2202 1445 quod
2237 1376 2567 1446 corporibus
2600 1376 2839 1444 separati
2874 1390 3089 1439 sumus,
3120 1376 3231 1442 jam
3266 1391 3378 1431 non

1802 1467 2043 1537 amplius
2078 1467 2237 1521 multi
2276 1483 2470 1531 unum,
2499 1467 2650 1536 quod
2675 1466 2897 1536 quidem
2925 1467 3034 1520 dici
3066 1483 3174 1520 non
3204 1477 3379 1536 potest

1803 1557 1871 1611 de
1929 1557 2040 1611 Deo
2084 1558 2387 1613 secundum
2444 1566 2722 1611 naturam.
2772 1556 3043 1611 Divinitas
3099 1559 3243 1612 enim
3295 1568 3382 1613 est

1807 1650 2162 1721 incorporea,
2187 1650 2409 1705 tametsi
2441 1651 2497 1703 in
2539 1649 2779 1720 propriis
2809 1652 3040 1705 seorsim
3068 1651 3379 1707 subsisten-

124 1736 345 1806 11ατήρ’
381 1738 474 1788 καὶ
505 1735 731 1807 Πνεῦμα
756 1738 907 1804 ἆγιον
933 1737 1241 1802 ἰδιαζόντως
1273 1739 1334 1791 τὸ
1372 1740 1616 1811 Πνεῦμα,
1654 1744 1701 1795 εἰ

1806 1739 1899 1793 tiis
1943 1747 2195 1793 sanctam
2258 1740 2605 1808 concipimus
2638 1739 2985 1794 Trinitatem.
3027 1739 3190 1794 Pater
3232 1743 3378 1795 enim

120 1828 215 1879 καὶ
238 1828 342 1879 οὐκ
371 1828 511 1879 εἰσὶν
543 1830 602 1880 ὲν
634 1829 934 1892 διαστάσει,
964 1829 1052 1882 διὰ
1089 1829 1188 1899 τὴν
1211 1831 1347 1903 πρὸς
1371 1832 1571 1903 ἄλληλα
1590 1852 1702 1887 κοι-

121 1917 319 1969 νωνίαν
350 1935 409 1969 τε
438 1919 533 1971 καὶ
558 1919 804 1987 ἑνότητα.
848 1921 996 1982 Μιᾶς
1036 1921 1214 1974 τοίνυν
1252 1921 1420 1993 οὕσης
1451 1924 1703 1996 θεότητος

120 2010 177 2061 ὲν
202 2010 381 2078 Πατρὶ
404 2009 498 2062 καὶ
521 2009 635 2079 Υἰῷ
667 2011 760 2063 καὶ
793 2011 933 2082 ἁγίῳ
958 2012 1255 2083 Πνεύματι,
1291 2015 1381 2067 τὸν
1405 2018 1620 2087 Πατέρα
1646 2020 1704 2071 ἐν

126 2102 260 2171 Υίῷ.
292 2103 383 2154 τὸν
404 2103 459 2154 δὲ
486 2102 613 2155 Υίὸν
652 2104 711 2154 ὲν
739 2105 916 2173 Πατρὶ
943 2104 1173 2175 λέγομεν
1219 2108 1467 2177 δρᾶσθαι.
1512 2110 1704 2178 Ἀναγ-

119 2198 278 2247 καῖον
297 2194 355 2246 δὲ
377 2195 598 2246 κάκεῖνο
618 2192 835 2257 εἰδέναι,
853 2194 1047 2265 ὅτιπερ
1062 2196 1122 2248 οὐ
1138 2197 1206 2249 ’τὸ
1227 2196 1510 2267 βούλεσθαι
1530 2201 1704 2255 ταύτὰ

118 2286 199 2357 τῷ
224 2286 403 2357 Πατρὶ
426 2326 443 2349 ,
472 2286 591 2339 οὐδὲ
621 2286 682 2339 τὸ
730 2287 856 2356 μίαν
884 2287 1031 2357 ἔχειν
1072 2289 1206 2360 πρὸς
1247 2291 1411 2343 αὐτὸν
1455 2292 1698 2363 γνώμην.

118 2377 537 2448 παρασκευάζει
554 2377 733 2446 λέγειν
757 2380 846 2431 τὸν
874 2380 1021 2433 Υἰόψ
1043 2400 1060 2431 ι
1085 2382 1225 2450 Ἐγὼ
1244 2384 1303 2436 ὲν
1320 2383 1399 2453 τῷ
1417 2385 1589 2456 Harp!
1610 2387 1703 2438 καὶ

117 2470 147 2521 6
169 2469 361 2539 Πατὴρ
384 2471 440 2521 ὲν
470 2469 615 2541 ἐμοὶ,
639 2488 657 2521 ι
689 2470 785 2523 καὶ
814 2490 831 2521 ι
858 2472 1001 2540 Ἐγὼ
1024 2474 1119 2527 καὶ
1138 2475 1166 2524 6
1186 2473 1373 2545 Πατὴρ
1390 2475 1447 2527 ἓν
1479 2477 1662 2545 ἐσμενο
1679 2495 1697 2527 ι

119 2560 238 2613 ἀλλ’
269 2562 355 2615 ὅτι
383 2562 482 2632 τῆς
532 2561 628 2614 τοῦ
683 2563 896 2632 Πατρὸς
944 2564 1134 2627 οὐσίας
1185 2567 1411 2636 γνήσιον
1444 2567 1704 2637 ὑπάρχων

120 2654 394 2723 γέννημα,
428 2654 608 2723 φαίνει
646 2656 743 2725 μὲν
773 2657 830 2708 ὲν
861 2656 1040 2726 ἑαυτῷ
1065 2657 1156 2709 τὸν
1183 2659 1421 2729 Πατέρα,
1455 2660 1705 2727 φαίνεται

118 2745 177 2799 δὲ
221 2747 320 2799 καὶ
358 2747 521 2809 αὐτὸς
563 2749 620 2800 ὲν
654 2748 851 2819 Πατρί.
899 2749 1036 2818 Φησὶ
1066 2750 1175 2821 γὰρ
1204 2751 1284 2803 ὄτι
1330 2751 1400 2804 τὰ
1441 2751 1580 2805 αὐτὰ
1610 2753 1704 2807 καὶ

120 2838 377 2909 βούλεται
404 2841 500 2893 καὶ
535 2840 689 2894 λαλεῖ
714 2841 810 2894 καὶ
856 2841 1028 2911 ἰσχύει
1058 2843 1137 2912 τῷ
1163 2844 1357 2914 Πατρὶ,
1390 2845 1483 2897 καὶ
1507 2861 1706 2915 κατορ-

120 2932 206 2983 θοῖ
225 2931 466 2993 εὐκόλως
497 2932 526 2984 ὃ
550 2931 714 2995 θέλει,
746 2932 842 2985 καὶ
868 2931 1011 3002 ἅπερ
1043 2934 1071 2985 6
1097 2935 1286 3004 Πατὴρ
1311 2937 1475 2993 ποιεί,
1512 2935 1597 2987 ἵνα
1617 2935 1705 2988 διὰ

117 3024 344 3077 πάντων
368 3021 551 3094 δειχθῇ
586 3023 869 3093 ὁμοούσιος
896 3023 1044 3094 αὐτῷ
1078 3026 1172 3077 καὶ
1198 3025 1298 3095 τῆς
1325 3025 1513 3088 οὐσίας
1539 3025 1703 3079 αὐτοῦ

1804 1838 1888 1883 est
1920 1828 2081 1882 Pater
2104 1839 2157 1883 et
2193 1844 2300 1882 non
2328 1829 2523 1893 Filius,
2557 1828 2729 1886 Filius
2764 1845 2956 1884 rursus
2988 1829 3160 1885 Filius
3188 1841 3241 1884 et
3269 1846 3379 1885 non

1804 1922 1988 1983 Pater,
2033 1930 2085 1975 et
2146 1920 2389 1992 Spiritus
2439 1932 2671 1978 sanctus
2709 1924 3061 1993 peculiariter
3113 1924 3378 1994 Spirims.

1804 2012 2026 2066 tametsi
2083 2011 2227 2066 inter
2278 2028 2337 2067 se
2389 2028 2495 2065 non
2543 2012 2804 2067 differant
2852 2023 3077 2084 propter
3128 2029 3381 2069 commu-

1805 2102 2024 2157 nionem
2068 2103 2211 2157 inter
2250 2118 2309 2158 se
2342 2117 2407 2156 ac
2446 2104 2728 2158 unitatem.
2754 2102 2893 2158 Cum
2942 2104 3114 2174 igitur
3158 2098 3264 2157 una
3307 2106 3383 2161 sit

1809 2194 1990 2248 deitas
2018 2194 2071 2248 in
2114 2194 2279 2249 Patre
2307 2203 2363 2249 et
2400 2194 2545 2248 Filio
2588 2203 2643 2250 et
2678 2196 2887 2265 Spiritu
2919 2206 3138 2263 sancto,
3163 2196 3380 2252 Patrem

1806 2285 1859 2339 in
1893 2285 2030 2340 Filio
2059 2296 2113 2341 et
2141 2286 2341 2342 Filium
2376 2290 2429 2341 in
2448 2288 2610 2343 Patre
2631 2288 3157 2357 conspicidicimus.
3189 2288 3296 2343 Sed
3324 2296 3381 2343 et

1804 2377 1938 2430 illud
1988 2378 2129 2432 scire
2157 2394 2385 2433 necesse
2418 2387 2523 2441 est,
2558 2394 2666 2432 non
2696 2378 2842 2447 quod
2883 2379 3074 2432 eadem
3104 2380 3233 2433 velit
3253 2394 3378 2432 cum

1804 2466 1992 2531 Patre,
2024 2469 2187 2538 eique
2230 2470 2391 2539 plane
2419 2470 2757 2534 consentiat,
2798 2460 2927 2524 ideo
2949 2468 3084 2523 eﬂici
3118 2481 3176 2523 ut
3206 2468 3380 2523 Filius

1803 2558 1953 2612 dicat
1984 2577 1997 2613 :
2041 2579 2059 2609 ι
2098 2559 2209 2627 Ego
2245 2562 2300 2613 in
2336 2559 2497 2615 Patre
2526 2568 2579 2614 et
2615 2558 2778 2613 Pater
2801 2560 2855 2612 in
2894 2575 3017 2622 me;
3050 2578 3069 2611 ι
3100 2570 3176 2622 et,
3207 2578 3227 2611 ι
3267 2561 3381 2629 Ego

1804 2658 1859 2705 et
1883 2650 2047 2705 Pater
2081 2667 2251 2705 unum
2288 2668 2483 2707 sumus
2511 2670 2522 2704 :
2554 2671 2572 2703 ι
2614 2648 2719 2705 Sed
2771 2653 2897 2721 quia
2929 2667 3054 2706 cum
3097 2652 3168 2707 sit
3200 2650 3382 2707 Patris

1805 2746 2129 2800 substantia:
2162 2760 2459 2814 germanus
2500 2759 2565 2799 ac
2613 2744 2888 2815 ingenuus
2935 2744 3099 2809 fetus,
3138 2744 3381 2799 ostendit

1804 2836 1859 2890 in
1901 2838 2088 2906 seipso
2122 2836 2367 2899 Patrem,
2395 2836 2710 2891 ostenditur
2742 2845 2795 2891 et
2828 2838 2945 2907 ipse
2989 2838 3043 2891 in
3078 2836 3260 2893 Patre.
3290 2838 3379 2891 Ait

1804 2929 1950 2983 enim
1979 2930 2170 2983 eadem
2215 2945 2276 2984 se
2307 2930 2445 2983 velle
2473 2938 2528 2983 et
2560 2929 2712 2998 loqui
2739 2937 2793 2985 et
2836 2944 3000 2999 posse
3040 2944 3163 2983 cum
3193 2928 3377 2991 Patre.

1804 3034 1858 3074 et
1899 3020 2055 3075 facile
2090 3021 2352 3092 perlicere
2384 3020 2529 3091 quod
2554 3022 2704 3084 velit,
2733 3033 2786 3074 et
2836 3020 3003 3093 674
3034 3037 3383 3091 quaecunque

118 3115 338 3185 καρπὸς
375 3114 611 3186 ἅληθής’
656 3115 752 3168 καὶ
778 3116 840 3168 οὐ
867 3116 1028 3186 μόνον
1064 3116 1203 3186 ἔχων
1237 3118 1371 3189 πρὸς
1409 3119 1569 3172 αὐτὸν
1595 3118 1701 3172 ἑνό-

1805 3114 1966 3168 Pater
1996 3114 2181 3176 faciat,
2230 3124 2289 3167 ut
2341 3130 2437 3181 per
2483 3116 2668 3169 omnia
2704 3115 3113 3169 demonstretur
3138 3114 3381 3168 consub-

115 3223 259 3277 τητα
280 3206 539 3275 σχετικὴν
558 3207 614 3257 ὲν
646 3205 828 3275 μόνοις
844 3207 1051 3276 ὁμοίοις
1073 3206 1198 3278 θελή
1208 3225 1340 3277 μασι
1365 3209 1460 3262 καὶ
1482 3208 1702 3279 θεσμοῖς

118 3300 348 3367 αγάπης
363 3316 377 3329 ο
401 3298 429 3349 ὃ
447 3297 675 3361 καὶτοῖς
696 3299 958 3369 κτίσμασι
981 3302 1264 3371 προσεῖναι
1288 3301 1540 3371 λέγομεν.
1584 3303 1704 3355 Ἐτι

118 3392 217 3444 καὶ
237 3391 268 3442 6
300 3389 429 3451 Υἱὸς
459 3390 517 3441 ὲν
546 3388 624 3459 τῷ
652 3390 829 3461 Πατρὶ
857 3390 952 3443 καὶ
978 3392 1006 3443 6
1032 3391 1220 3461 Πατὴρ
1243 3393 1300 3444 ὲν
1332 3392 1409 3461 τῷ
1441 3391 1554 3462 Υἱῷ
1584 3408 1706 3462 νοη-

119 3482 348 3552 θήσεται
380 3481 524 3534 κατὰ
559 3479 747 3534 τοῦτον
773 3483 865 3535 τὸν
902 3482 1126 3553 τρόπον·
1147 3484 1251 3544 ὅτι,
1276 3483 1337 3535 οὐ
1363 3483 1613 3553 καθάπερ
1637 3484 1703 3538 τὰ

118 3575 428 3644 κτίσματα,
463 3576 527 3627 ὲκ
560 3573 655 3627 τοῦ
689 3575 762 3644 μὴ
793 3573 944 3637 ὄντος
988 3577 1067 3637 εἰς
1109 3575 1169 3627 τὸ
1202 3572 1341 3628 εἶναι
1373 3575 1648 3645 παρῆλθεν
1677 3576 1705 3628 6

117 3666 270 3728 Υἰδς.
300 3665 336 3734 ἢ
365 3665 563 3731 ἔξωθέν
601 3666 768 3719 ποθεν
797 3666 897 3737 τὴν
926 3666 1021 3719 τοῦ
1052 3665 1191 3720 εἶναι
1221 3668 1478 3721 σύστασιν
1520 3667 1702 3739 ἔσχεν,

114 3759 234 3811 ἀλλ’
262 3760 328 3810 ὲκ
357 3758 455 3826 τῆς
493 3757 589 3810 τοῦ
636 3757 850 3828 Πατρὺς
897 3757 1085 3821 οὐσίας
1113 3758 1383 3830 προῆλθεν
1411 3758 1601 3831 ὥσπερ
1640 3762 1705 3813 ἐκ

116 3852 302 3916 φωτὸς
335 3848 700 3916 ἀπαύγασμα,
733 3847 883 3917 ἢκαὶ
914 3848 1021 3901 ἀπό
1062 3865 1205 3910 τινος
1237 3848 1424 3919 πηγῆς
1462 3850 1705 3903 ἐκϐαίνοι

115 3941 388 4011 ποταμός.
426 3940 613 3993 Ἔστιν
640 3936 733 3994 οὖν
781 3944 896 4005 τοῖς
940 3941 1108 4012 ὁρῶσι
1154 3941 1245 3995 τὸν
1285 3942 1434 4009 Υίὸν,
1481 3943 1578 4014 τὴν
1607 3941 1703 3995 τοῦ

113 4033 335 4104 Πατρὺς
364 4031 553 4084 οὐσίαν
601 4034 753 4102 όρᾷν,
798 4034 891 4085 καὶ
927 4031 990 4085 rb
1033 4032 1130 4086 τοῦ
1183 4035 1543 4101 γεννήσαντος
1577 4034 1705 4088 τδιον

114 4125 228 4177 ἀπό
264 4141 323 4177 τε
353 4124 544 4177 τούτου
570 4128 710 4177 νοεῖν
728 4141 742 4155 ·
769 4126 961 4195 ὅτιπερ
995 4125 1181 4193 ἐπειδὴ
1223 4125 1445 4196 σύμπαν
1482 4126 1543 4180 τὸ
1566 4124 1704 4182 εἶναι

115 4215 213 4270 τοῦ
240 4216 376 4268 Υἰοῦ
406 4218 469 4268 ἐκ
501 4216 601 4286 τῆς
631 4214 725 4269 τοῦ
759 4217 971 4287 Πατρὸς
1014 4217 1202 4281 οὐσίας
1239 4218 1508 4288 πρόεισιν,
1544 4219 1705 4283 αὐτός

116 4307 272 4357 ἔστιν
304 4308 362 4357 ὲν
387 4306 556 4377 Πατρί
581 4323 594 4335 ·
626 4308 719 4359 καὶ
744 4306 906 4360 πάλιν
939 4308 1005 4361 ὲκ
1029 4307 1137 4360 τῶν
1158 4308 1432 4373 ἐναντίων,
1469 4312 1497 4363 6
1514 4311 1704 4382 Πατήρ

117 4399 275 4449 ἐστιν
306 4399 365 4448 ἐν
404 4397 517 4468 Υἰῷ
545 4438 561 4462 ,
595 4397 784 4469 ἐπειδὴ
838 4399 977 4469 ὅπερ
1029 4400 1178 4452 ἐστὶν
1210 4401 1371 4464 αὐτὸς
1400 4403 1465 4472 τῇ
1522 4401 1699 4470 φύσει,

1808 3204 2088 3258 stantialis
2117 3205 2189 3264 ei.
2229 3212 2284 3257 et
2324 3204 2652 3258 substantiae
2698 3205 2818 3271 ejus
2862 3202 3074 3258 fructus
3104 3219 3291 3267 verus,
3322 3212 3380 3257 et

1806 3309 1914 3346 non
1951 3296 2128 3349 solum
2167 3295 2377 3350 habens
2425 3294 2493 3347 ad
2525 3310 2648 3348 eum
2686 3295 2947 3348 unitatem
2992 3301 3046 3349 et
3093 3294 3376 3349 habitudi-

1806 3401 1927 3439 nem
1960 3387 2302 3455 reciprocam
2346 3387 2399 3439 in
2437 3386 2573 3441 solis
2614 3386 2890 3440 similibus
2919 3385 3296 3440 voluntatibus
3323 3397 3377 3440 et

1806 3479 2021 3548 legibus
2069 3478 2407 3544 dilectionis,
2461 3494 2584 3546 quae
2623 3481 2783 3532 etiam
2836 3480 2892 3533 in
2935 3480 3205 3533 creaturis
3255 3494 3377 3535 esse

1804 3568 2063 3623 dicimus.
2104 3566 2378 3622 Praaterea
2429 3576 2485 3623 et
2526 3567 2699 3624 Filius
2750 3569 2807 3623 in
2860 3568 3019 3623 Patre
3047 3575 3100 3622 et
3133 3566 3294 3622 Pater
3320 3571 3376 3623 in

1804 3659 1947 3714 Filio
1993 3659 2335 3728 concipietnr
2398 3675 2497 3731 per
2552 3660 2698 3715 hunc
2749 3659 2994 3723 modum,
3051 3659 3221 3729 quod,
3267 3674 3376 3715 non

1805 3752 2267 3820 quemadmodum
2308 3760 2595 3815 creatura},
2626 3766 2656 3804 a
2688 3765 2795 3804 non
2830 3766 2955 3806 esse
2993 3753 3061 3804 ad
3092 3766 3215 3805 esse
3245 3766 3376 3820 pro-

1803 3842 1992 3905 cessit,
2023 3842 2105 3896 vel
2132 3842 2481 3896 extrinsecus
2512 3843 2766 3897 alicunde
2789 3843 2873 3897 sui
2916 3857 3040 3897 esse
3066 3842 3377 3897 subsisten-

1802 3936 1936 3990 tiam
1982 3934 2214 3998 habens,
2245 3933 2341 3989 sed
2401 3949 2466 3989 ex
2513 3933 2692 3989 Patris
2744 3935 3056 3989 substantia
3108 3936 3375 3999 manavit,

1806 4032 2072 4095 tan'quam
2114 4040 2144 4077 a
2190 4024 2400 4078 lumine
2434 4023 2714 4093 splendor,
2742 4025 2827 4079 vel
2879 4026 2948 4080 ab
2990 4026 3176 4094 aliquo
3224 4025 3377 4080 fonte

1804 4120 1982 4173 oritur
2026 4118 2253 4172 fliiiuen.
2294 4118 2393 4172 Est
2449 4118 2619 4188 igitur
2669 4119 3023 4173 cernentibus
3071 4117 3268 4173 Filium
3318 4129 3374 4174 et

1803 4210 1987 4265 Patris
2032 4209 2398 4265 substantiam
2434 4225 2681 4272 cernere,
2711 4217 2766 4263 et
2794 4210 3062 4279 genitoris
3091 4212 3373 4280 proprium

1802 4319 1869 4359 ex
1906 4318 1971 4357 eo
2009 4303 2302 4371 concipere
2332 4321 2346 4357 :
2375 4301 2519 4372 quod
2570 4301 2696 4371 quia
2731 4303 3043 4356 universum
3077 4317 3201 4358 esse
3246 4300 3368 4355 Filii

1805 4410 1871 4449 ex
1901 4394 2083 4450 Patris
2120 4395 2431 4449 substantia
2461 4393 2730 4464 procedit,
2760 4394 2878 4461 ipse
2905 4401 2991 4447 est
3024 4393 3078 4445 in
3106 4391 3292 4460 Patre,
3318 4406 3373 4447 et

116 4489 285 4543 τοῦτο
317 4490 416 4542 καὶ
452 4491 480 4543 6
529 4490 589 4554 ἐξ
619 4491 785 4543 αὐτοῦ
831 4492 1110 4560 προελθὼν
1140 4494 1330 4563 Λόγος.
1358 4496 1617 4550 Φαίνεται
1640 4496 1698 4549 δὲ

1806 4504 2007 4544 rursus
2034 4503 2065 4542 θ
2099 4497 2292 4543 contra
2324 4486 2483 4540 Pater
2513 4496 2598 4541 est
2644 4486 2699 4538 in
2735 4484 2895 4551 Filio,
2931 4486 3190 4553 quoniam
3224 4486 3371 4555 quod

116 4585 213 4637 καὶ
242 4583 395 4636 ἐστιν
443 4585 501 4635 6v
540 4583 674 4653 Υἱῷ,
710 4584 899 4655 ὥσπερ
928 4581 1020 4639 οὖν
1048 4587 1140 4639 καὶ
1163 4588 1221 4639 ὲν
1266 4587 1346 4657 τῷ
1372 4588 1622 4658 ποταμῷ,
1662 4590 1696 4659 ἡ

112 4669 311 4724 τοῦτον
342 4672 719 4738 ἀναϐλύζουσα
747 4676 923 4746 πηγή.
951 4675 1024 4727 Τὸ
1054 4674 1160 4747 γὰρ
1188 4675 1314 4728 ἴδιον
1339 4676 1437 4746 τῆς
1458 4675 1553 4728 τοῦ
1585 4677 1697 4729 Πα-

114 4763 247 4832 τρὸς
273 4762 460 4826 οὐσίας
492 4765 550 4815 ἐν
579 4763 691 4833 Υἰῷ
722 4765 975 4837 κείμενον
996 4804 1012 4830 ,
1051 4767 1147 4819 καὶ
1190 4767 1287 4836 τῆς
1332 4765 1604 4838 θεότητος,
1627 4768 1694 4821 ἵν’

114 4846 294 4921 οὕτως
329 4859 488 4921 εἴπω,
512 4857 574 4911 τὸ
603 4853 762 4923 εἶδος,
794 4858 1029 4912 δεικνύει
1062 4859 1219 4913 πάλιν
1245 4860 1408 4913 αὐτὸν
1438 4862 1497 4914 ὲν
1528 4859 1695 4930 αὐτῷ.

130 4950 495 5020 Ἐπιτηρῆσαι
524 4950 581 5002 δὲ
604 4951 708 5022 χρὴ
734 4952 925 5019 ὅτιπερ
955 4952 1015 5003 οὐ
1049 4951 1151 5021 τῆς
1189 4950 1461 5023 τυχούσης
1490 4953 1698 5004 οἰκονο-

119 5043 252 5109 μίας
304 5042 467 5094 ’ἐνεκα
518 5041 615 5111 τὴν
646 5042 904 5113 τοιαύτην
948 5044 1130 5113 φωνὴν
1158 5045 1379 5113 εἴρηκεν
1417 5045 1445 5096 6
1482 5043 1693 5112 Σωτήρ.

130 5132 351 5204 Ἐπειδὴ
399 5133 506 5204 γὰρ
543 5134 644 5204 τὴν
687 5136 996 5205 ταυτότητα
1048 5137 1147 5205 τῆς
1194 5136 1427 5204 φύσεως,
1469 5138 1533 5207 ἣν
1581 5135 1693 5206 ἔχει

116 5226 258 5297 πρὸς
283 5226 375 5279 τὸν
400 5227 763 5297 Γεννήσαντα,
789 5228 960 5293 δεῖξαι
996 5228 1280 5299 βουληθεὶς
1314 5224 1487 5292 εἶπεν,
1513 5248 1531 5279 ι
1555 5227 1694 5297 Ἐγὼ

114 5318 213 5369 καὶ
236 5319 265 5369 6
292 5317 481 5389 Πατὴρ
510 5317 570 5371 ἓν
602 5320 772 5389 ἐσμεν
797 5337 810 5350 ο
837 5339 855 5372 ι
892 5321 980 5374 ἵνα
1018 5321 1092 5391 μή
1122 5338 1205 5383 τις
1239 5319 1399 5374 αὐτὸν
1430 5316 1567 5373 εἶναι
1600 5323 1695 5373 καὶ

115 5409 343 5479 Πατέρα
372 5410 467 5462 καὶ
486 5407 610 5462 Υἰὸν
640 5411 923 5477 ὑπολάϐοι,
946 5412 1128 5482 μόνοις
1143 5410 1401 5481 ὀνόμασιν
1429 5414 1508 5474 εἰς
1530 5411 1695 5465 δυάδα

110 5498 615 5567 διαστελλομὲνους,
655 5502 814 5565 ὄντας
854 5502 913 5556 δὲ
944 5502 1041 5572 οὐχ
1079 5502 1249 5566 οὕτως
1274 5504 1330 5555 ὲν
1375 5502 1691 5567 ὑποστάσει,

112 5590 430 5659 ἀναγκαίως
450 5593 884 5666 ἑπεξηγούμενος
910 5596 1045 5667 ὅπερ
1074 5595 1281 5667 εἴρηκε,
1312 5595 1405 5649 καὶ
1432 5593 1693 5663 σαφέστε-

188 5769 234 5804 ⁸¹
260 5770 420 5828 Ioan.
454 5791 563 5839 xiv,
605 5773 686 5828 Il.

1804 4591 1889 4637 est
1924 4582 2015 4635 ille
2054 4590 2275 4643 natura,
2308 4581 2413 4634 hoc
2446 4588 2501 4634 et
2539 4594 2604 4633 ex
2641 4593 2707 4633 eo
2750 4578 3076 4648 proveniens
3107 4576 3286 4632 Verbu
3314 4597 3368 4630 ιι.

1802 4675 2047 4743 Apparet
2080 4689 2210 4727 vero
2236 4680 2290 4726 et
2316 4681 2401 4727 est
2444 4673 2499 4727 in
2547 4670 2710 4730 Filio.
2741 4669 3016 4740 quomodo
3038 4679 3095 4724 et
3123 4670 3178 4723 in
3206 4670 3374 4724 fluvio

1802 4767 1895 4834 qui
1930 4766 2081 4818 illum
2124 4765 2355 4819 scaturrit
2379 4771 2433 4843 et
2485 4763 2690 4818 emittit
2736 4764 2876 4817 fons.
2903 4761 3189 4832 Proprium
3223 4765 3369 4816 enim

1800 4856 1983 4913 Patris
2022 4856 2347 4912 substantiae
2376 4857 2430 4910 in
2462 4855 2604 4910 Filio
2634 4856 2795 4910 situm
2818 4873 2831 4921 ;
2855 4865 2909 4909 et
2933 4856 3179 4922 deitatis,
3210 4864 3268 4909 nt
3294 4857 3370 4910 ita

1800 4947 2016 5016 loquar,
2056 4946 2273 5016 species
2324 4945 2522 4999 iterum
2579 4945 2759 5014 ipsum
2798 4948 2851 4999 in
2885 4961 2950 5001 eo
2990 4955 3367 5016 repraesentat.

1802 5038 1909 5092 Sed
1946 5046 2001 5092 et
2038 5037 2449 5093 observandum
2486 5044 2590 5099 est,
2632 5052 2740 5089 non
2782 5036 2849 5091 de
2879 5038 3054 5090 nihilo
3086 5053 3229 5103 esse,
3271 5053 3371 5093 nec

1801 5130 2013 5197 absque
2063 5143 2277 5184 summa
2337 5129 2554 5183 ordinis
2610 5130 2844 5187 ratione.
2894 5128 3040 5198 quod
3096 5129 3369 5199 ejusmodi

1799 5237 1990 5276 vocem
2063 5221 2290 5291 protulit
2349 5220 2632 5276 Servator.
2694 5220 3149 5291 Quandoquidem
3220 5222 3369 5276 enim

1800 5315 2150 5370 identitatem
2187 5325 2399 5368 natum
2428 5329 2590 5383 quam
2626 5329 2750 5367 cum
2784 5313 2947 5368 Patre
2989 5313 3148 5367 habet
3177 5322 3367 5367 osten-

1796 5410 1927 5464 dere
1950 5408 2141 5461 volens
2178 5405 2357 5461 dixit:
2400 5423 2418 5455 ι
2461 5405 2571 5474 Ego
2605 5414 2659 5459 et
2692 5404 2854 5460 Pater
2883 5421 3050 5460 unum
3091 5418 3305 5471 sumus,
3340 5423 3364 5456 ι

1798 5517 1866 5555 ne
1895 5499 2020 5570 quis
2056 5514 2184 5553 eum
2231 5512 2354 5553 esse
2386 5504 2443 5552 et
2482 5497 2692 5552 Patrem
2741 5506 2797 5552 et
2830 5495 3025 5551 Filium
3066 5495 3364 5559 existimet,

1798 5593 1932 5649 solis
1968 5590 2287 5647 nominibus
2328 5588 2384 5644 in
2431 5588 2707 5645 binarium
2754 5589 2987 5656 divisos,
3020 5601 3366 5659 nequaquam
