3882 6206
510 319 582 375 35
1491 317 1557 370 S.
1601 314 1874 370 CYlllLLl
1914 317 2381 374 ALEXANDBINI
2421 318 2742 376 ARCHIEP.
3689 334 3758 389 56

511 447 644 489 vero
673 430 927 488 similiter
954 433 1264 505 hypostaSI,
1284 435 1605 488 necessario
1622 436 1904 504 explicans
1935 450 2044 505 quo

2218 451 2279 486 ιον
2311 436 2423 497 τοῖς
2459 436 2827 505 ἀκροωμένοις
2877 435 3009 489 αὐτὸ
3057 437 3357 501 καθιστῶν,
3397 440 3643 513 ἐπιφέρει
3671 446 3751 512 το,

510 527 674 589 dixit,
713 541 778 580 ac
810 524 1498 581 dilucidiusaudientibus
1539 526 1670 580 illud
1701 526 1960 589 reddens,
1991 528 2043 581 ac

2234 527 2374 594 Ἐγὼ
2405 530 2461 579 ὲν
2493 525 2572 597 τῷ
2599 527 2776 596 Πατρὶ
2818 527 2912 580 καὶ¹
2941 529 2969 580 6
3001 527 3188 598 Πατὴρ
3221 529 3280 582 ὲν
3308 531 3464 598 ἐμοὶ,
3504 551 3524 583 ι
3560 533 3643 586 ἵνα
3668 535 3754 588 διὰ

506 617 688 687 jungit
721 618 822 672 hoc
857 637 867 670 :
909 637 927 668 ι
963 617 1074 686 Ego
1098 617 1152 670 in
1185 617 1362 680 Patre,
1388 625 1441 669 et
1465 615 1701 671 Paterin
1725 634 1832 683 me,
1874 638 1892 669 ι
1936 626 1995 672 ttt
2017 633 2039 672 ε

2218 616 2290 670 ιὲν
2323 617 2416 670 τοῦ
2445 618 2634 671 τοῦτον
2663 619 2722 670 ἐν
2748 618 2960 688 ἐκείνῳ,
3000 620 3250 672 κάκεῖνον
3279 621 3336 672 ὲν
3369 621 3541 693 τούτῳ
3570 625 3751 691 φαίνε-

511 704 615 759 hoc
643 708 861 774 quidem
913 707 1056 774 quod
1088 706 1140 758 in
1181 705 1298 768 illo,
1331 711 1388 758 et
1417 705 1508 758 ille
1545 705 1600 759 in
1654 705 1761 760 huc
1809 709 2044 762 eernitut

2222 707 2332 774 θαι,
2387 709 2485 780 τὴν
2525 711 2827 781 ταυτότητα
2879 711 2978 782 τῆς
3026 710 3277 782 θεότητος
3316 715 3408 765 καὶ
3443 715 3542 785 τῆς
3571 717 3755 781 οὐσίας

507 799 853 852 identitatem
891 797 1134 859 deitatis,
1165 804 1220 851 et
1251 796 1581 852 substantiae
1609 798 1870 854 unitatem
1902 810 2040 854 oslet

2219 800 2283 870 ὴν
2311 799 2503 853 ἕνωσιν
2523 800 2692 871 δείξῃ.
2732 802 2833 854 Διά
2858 801 2913 854 δὲ
2951 800 3045 854 τοῦ
3085 802 3270 873 ἕτερον
3309 805 3366 858 ἐν
3388 805 3560 876 ἑτέρῳ
3592 803 3751 872 εἶναι,

511 887 628 942 dat.
660 887 735 941 Ex
768 902 834 943 eo
860 901 992 941 vero
1025 885 1169 956 quod
1201 887 1341 940 alter
1365 886 1420 940 in
1449 887 1621 941 altero
1647 889 1739 953 sit,
1761 904 1875 943 non
1915 905 2044 944 unm

2221 892 2263 963 μὴ
2289 892 2346 943 ἓν
2378 909 2429 944 τι
2454 891 2536 945 «ὣν
2565 893 2782 964 ἀριθμῷ
2811 893 2996 965 νοηθῇ,
3025 896 3053 946 6
3081 895 3211 948 ποτὲ
3242 894 3340 964 μὲν
3379 897 3594 968 Πατὴρ,
3625 902 3754 952 ποτὲ

511 977 640 1049 quid
667 991 898 1032 numero
923 977 1252 1046 accipiatur,
1274 976 1497 1046 quando
1523 978 1688 1032 modo
1715 977 1901 1042 Pater,
1925 981 2044 1036 mod

2222 985 2240 1036 ὲ
2286 985 2414 1048 Υίδς
2465 984 2701 1053 λέγεται,
2735 985 3045 1048 ἀλλ’όντως
3085 985 3371 1054 ὑφεστῶτα
3411 988 3626 1060 Πατέρα
3663 993 3755 1044 καὶ

511 1070 684 1124 Filius
719 1070 948 1134 dicitur,
973 1069 1072 1123 sed
1111 1085 1242 1124 vere
1299 1070 1692 1124 subsistentem
1741 1070 1980 1136 Patrem,
2032 1090 2044 1126 ι

2224 1079 2471 1148 φεστῶτα
2498 1079 2624 1130 Υίὸν
2654 1078 3042 1150 ἐναργέστερον
3075 1079 3353 1152 ἀποδείξῃ.
3407 1081 3464 1134 Ὁ
3500 1082 3608 1152 γὰρ
3640 1077 3751 1136 [Ια-

512 1163 904 1217 subsistentem
949 1159 1173 1226 Filium,
1219 1159 1496 1216 elIicacius
1535 1161 1896 1217 demonstret.
1923 1162 2045 1218 Pate

2220 1171 2289 1242 ὴρ
2323 1169 2418 1223 καὶ
2459 1171 2487 1222 ὁ
2510 1169 2638 1232 Υἱὸς
2669 1168 2726 1221 ἓν
2777 1168 2876 1237 μὲν
2907 1170 3015 1223 εἰσὶ
3063 1170 3206 1223 κατὰ
3247 1171 3444 1240 φύσιν,
3477 1173 3570 1226 δύο
3599 1175 3656 1227 δὲ
3695 1177 3753 1226 ἐν

510 1255 656 1310 enim
689 1264 744 1308 et
786 1252 958 1308 Filius
993 1267 1164 1307 unum
1200 1251 1423 1322 quidem
1461 1261 1591 1308 sunt
1649 1255 1953 1307 secundum
1989 1269 2043 1308 ηε

2225 1259 2424 1332 ριθμῷ,
2450 1261 2548 1330 οὐχ
2572 1260 2646 1323 ὡς
2671 1260 2788 1322 ἑνός
2819 1277 2962 1323 τινος
3004 1262 3082 1324 εἰς
3123 1261 3214 1314 δύο
3257 1251 3753 1333 καταδιαιρεθέντος

512 1355 713 1408 turam,
741 1344 850 1398 duo
881 1359 1011 1397 vero
1039 1358 1288 1404 numero,
1320 1359 1429 1397 non
1467 1353 1726 1409 tanquam
1762 1359 1872 1398 uno
1898 1345 2045 1415 aliqu

2216 1351 2350 1422 ιέρη,
2373 1351 2448 1413 ὡς
2478 1345 2616 1402 εἶναι
2641 1349 2827 1402 λοιπὸν
2855 1351 2953 1420 τῆς
2976 1350 3111 1420 πρὸς
3141 1350 3345 1421 ἄλληλα
3381 1353 3662 1416 κοινωνίας
3690 1371 3749 1406 τε

511 1437 586 1490 ita
621 1435 675 1489 in
706 1435 844 1490 duas
889 1445 1075 1505 partes
1122 1435 1323 1499 diviso,
1355 1443 1417 1488 ut
1448 1435 1709 1505 deinceps
1741 1435 1893 1490 nulla
1929 1449 2044 1490 com

2218 1441 2281 1493 ,αἱ
2305 1440 2544 1510 σχέσεως
2577 1439 2833 1510 ἀμέτοχοι
2853 1457 2866 1471 ·
2917 1440 3037 1494 οὐτε
3076 1442 3181 1514 μὴν
3223 1443 3298 1506 ὡς
3327 1443 3420 1496 τοῦ
3463 1444 3626 1497 αὐτοῦ
3658 1450 3751 1499 καὶ

511 1526 778 1581 munione
811 1524 959 1580 inter
989 1540 1048 1580 se
1078 1531 1132 1579 et
1159 1524 1483 1578 habitudine
1516 1532 1705 1578 mutua
1725 1524 2038 1594 jungantur

2216 1531 2302 1593 νὸς
2331 1531 2531 1592 διττοίς
2567 1529 2823 1602 ὀνόμασιν
2877 1531 3317 1604 ἀποκαλουμένου
3339 1551 3353 1564 ο
3404 1536 3490 1587 ἵνα
3516 1535 3574 1587 ἐν
3615 1536 3748 1607 μόνῃ

509 1632 689 1688 neque
725 1632 922 1671 rursus
955 1624 1218 1686 tanquam
1258 1630 1365 1670 uno
1397 1614 1701 1687 eodemque
1729 1615 1950 1672 duobus
1983 1633 2042 1671 nr

2217 1620 2524 1691 τροσηγορίᾳ
2553 1621 2808 1690 φαίνηται
2831 1623 2932 1692 τῆς
2950 1623 3138 1687 δυάδος
3175 1627 3209 1695 ἡ
3243 1624 3489 1695 δύναμις.
3521 1627 3653 1679 Οὐδὲ
3676 1627 3750 1690 ὡς

511 1709 754 1765 minibus
787 1718 1131 1778 nuncupato,
1180 1716 1240 1762 ut
1274 1707 1641 1778 appellatione
1673 1716 1834 1762 tenus
1883 1708 2041 1762 binar

2222 1711 2278 1764 οὗ
2313 1712 2500 1777 αὐτοῦ,
2525 1715 2654 1766 ποτὲ
2695 1715 2794 1783 μὲν
2829 1715 3060 1785 Πατρὸς,
3108 1717 3235 1770 ποτὲ
3281 1717 3338 1770 δὲ
3364 1717 3494 1770 Υἱοῦ
3526 1717 3755 1789 λεγομέ-

509 1801 596 1883 vis
629 1808 910 1870 appareat.
941 1798 1129 1870 Neque
1155 1815 1322 1870 porro
1353 1799 1542 1854 eodem
1579 1800 1716 1854 alias
1746 1799 2042 1863 Patre,alia

2216 1821 2275 1857 ου
2297 1822 2311 1836 ·
2331 1805 2491 1858 τοῦτο
2515 1807 2623 1876 γὰρ
2651 1807 2940 1861 Σαδελλίου
2973 1809 3034 1862 τὸ
3071 1809 3266 1880 δόγμα.
3325 1811 3462 1864 Ἀλλ’
3499 1814 3603 1865 εἰσὶ
3631 1788 3749 1883 μὲν,

508 1877 650 1946 Filio
677 1893 847 1955 dicto,
876 1893 1021 1962 quod
1049 1903 1135 1947 est
1163 1891 1359 1962 dogma
1388 1890 1632 1946 Sabellii.
1658 1890 1766 1944 Sed
1812 1901 1942 1946 sunt
1979 1907 2041 1945 m

2218 1895 2400 1967 κριθμῴ
2425 1896 2546 1949 δύο·
2569 1896 2685 1950 ἔστι
2717 1897 2827 1970 γὰρ
2856 1901 2884 1951 6
2905 1899 3118 1970 Πατὴρ,
3141 1877 3227 1953 ἀεὶ
3263 1901 3470 1972 Πατὴρ,
3499 1877 3751 1954 οὐδέποτε

508 2000 660 2039 mero
704 1984 834 2050 duo,
880 1985 1084 2055 quippe
1130 1995 1214 2039 est
1272 1983 1434 2039 Pater
1488 1999 1704 2055 semper
1754 1984 1936 2049 Pater,
1983 2003 2041 2057 qt

2220 1991 2263 2052 ίς
2292 1989 2420 2042 Υἱὸν
2455 1989 2940 2060 μεταποιούμενος,
2967 1991 3063 2043 καὶ
3096 1991 3258 2045 πάλιν
3288 1994 3316 2045 6
3343 1991 3488 2057 Υἱὸς,
3522 1995 3608 2046 ἀεὶ
3624 1994 3753 2057 Υἱὸς

507 2092 785 2146 nunquam
831 2078 884 2130 in
920 2077 1114 2131 Filium
1158 2083 1424 2140 mutatur,
1455 2086 1508 2131 et
1557 2093 1753 2132 rursus
1784 2087 1870 2133 est
1905 2077 2040 2132 Filiu

2224 2081 2438 2134 56érto'cs
2468 2081 2548 2144 είς
2578 2080 2798 2152 Πατέρα
2823 2079 3288 2152 μεταϐαλλόμενος
3307 2097 3319 2108 ·
3355 2081 3497 2136 οὕτω
3517 2083 3575 2135 δὲ
3599 2083 3757 2147 ὄντος

507 2183 727 2237 semper
761 2167 954 2234 Filius,
1001 2169 1092 2238 qui
1135 2183 1417 2238 nunquam
1462 2169 1516 2222 in
1555 2168 1770 2224 Patrem
1810 2169 2040 2226 transfon

2217 2171 2275 2226 οὗ
2300 2173 2647 2244 πράγματος,
2684 2173 2781 2224 καὶ
2801 2175 2858 2224 ὲν
2883 2173 3035 2226 δυάδι
3061 2174 3313 2244 κειμένου
3336 2173 3430 2226 τοῦ
3475 2173 3707 2244 ἀριθμοῦ
3733 2215 3750 2234 .

505 2268 688 2313 matur
715 2260 912 2331 :675
941 2275 1175 2330 cumque
1219 2276 1279 2316 se
1317 2261 1391 2315 ita
1426 2276 1516 2316 res
1553 2261 1772 2324 habeat,
1803 2270 1860 2317 et
1888 2277 2038 2317 numt

2221 2264 2284 2318 ία
2303 2281 2363 2317 τε
2395 2263 2554 2333 φύσις
2589 2265 2920 2336 ἀμφοτέροις
2949 2265 3042 2318 καὶ
3069 2267 3101 2334 ἡ
3131 2263 3267 2334 αὐτὴ
3291 2267 3385 2317 καὶ
3415 2265 3632 2336 θέλησις
3657 2269 3754 2319 καὶ

506 2368 603 2407 rus
653 2354 708 2407 in
753 2354 971 2408 binario
1015 2355 1086 2408 sit
1116 2353 1356 2424 positus,
1397 2361 1451 2408 et
1483 2369 1588 2407 una
1621 2365 1704 2409 est
1733 2362 1927 2408 natura
1959 2369 2039 2407 am

2217 2356 2394 2427 εότης,
2420 2357 2655 2419 ἐοικότος
2680 2359 2768 2410 ἀεὶ
2795 2358 2890 2410 τοῦ
2930 2361 3268 2428 γεννήματος
3295 2358 3373 2429 τῷ
3398 2361 3750 2430 γεγεννηκότι

504 2444 702 2508 bobus,
764 2453 820 2498 et
876 2445 1068 2500 eadem
1130 2445 1390 2499 voluntas
1449 2459 1513 2499 ac
1569 2444 1769 2510 deitas,
1829 2444 2037 2515 genitur

2216 2447 2424 2510 ιυσικῶς
2447 2465 2460 2477 ·
2489 2445 2654 2500 εἰκὼν
2685 2448 2793 2518 γάρ
2823 2448 2940 2500 ἐστι
2966 2449 3060 2502 καὶ
3089 2449 3431 2521 ἀπαύγασμα
3463 2451 3557 2505 καὶ
3574 2469 3749 2522 χαρα-

503 2550 726 2605 semper
753 2537 1069 2605 genitorem
1097 2544 1533 2606 repmsentante
1562 2553 1575 2588 :
1605 2543 1688 2590 est
1721 2536 1866 2591 enim
1899 2537 2036 2607 imag

2218 2541 2320 2611 τὴρ
2350 2540 2450 2609 τῆς
2473 2539 2568 2593 τοῦ
2615 2540 2828 2609 Πατρὺς
2869 2540 3058 2604 οὐσίας
3082 2543 3111 2593 ὁ
3138 2541 3294 2604 Υἱός·
3346 2542 3486 2596 οὓτω
3517 2545 3626 2615 γὰρ
3653 2546 3749 2598 ἕνα

503 2635 558 2682 et
613 2626 873 2696 splendor
923 2637 979 2682 et
1031 2627 1324 2682 character
1375 2628 1700 2682 substantiae
1754 2627 1934 2684 Patris
1983 2629 2036 2683 Fi

2220 2631 2359 2702 αμὲν
2381 2627 2521 2684 εἶναι
2555 2631 2688 2684 Θεὸν
2712 2630 2800 2684 διὰ
2822 2631 2920 2700 τὴν
2937 2633 3242 2703 ταύτότητα
3273 2633 3371 2704 τῆς
3401 2634 3614 2702 φύσεως
3635 2639 3749 2690 Πα-

504 2719 610 2774 lius
639 2719 716 2785 ³³;
744 2719 825 2774 sic
856 2720 1000 2774 enim
1037 2735 1207 2773 unum
1241 2719 1480 2776 dicimus
1511 2735 1634 2774 esse
1662 2719 1828 2775 Deum
1860 2729 2037 2790 propte

2217 2723 2302 2794 ρὸς
2329 2724 2463 2794 πρὸς
2497 2723 2622 2776 Υίὸν
2653 2724 2745 2776 καὶ
2765 2722 2890 2776 Υίοῦ
2918 2723 3053 2794 πρὸ.⁵
3079 2725 3316 2795 Πατέρα.
3342 2727 3448 2779 Καὶ
3475 2726 3662 2798 ὥσπερ
3688 2730 3750 2779 τὸ

505 2810 845 2865 identitatem
891 2822 1105 2866 natura;
1150 2811 1334 2866 Patris
1367 2828 1493 2867 eum
1528 2811 1668 2867 Filio
1707 2821 1761 2868 et
1791 2811 1913 2866 Filii
1948 2828 2037 2868 cut

2216 2831 2240 2866 κ
2272 2812 2366 2866 τοῦ
2393 2813 2545 2883 ἡλίου
2581 2814 2935 2884 πεμπόμενον
2962 2814 3076 2883 φῶς
3107 2815 3198 2867 καὶ
3247 2815 3609 2888 ἀπαύγασμα,
3646 2821 3749 2871 οὐκ

503 2901 687 2956 Patre.
717 2903 1190 2968 Quemadmodum
1223 2915 1404 2958 autem
1439 2905 1624 2959 lumen
1657 2913 1710 2959 et
1745 2905 2014 2974 fulgorem

2216 2922 2242 2957 ν
2270 2921 2355 2967 τις
2387 2904 2533 2958 εἴποι
2565 2905 2708 2959 κατά
2732 2905 2892 2974 φύσιν
2915 2905 3103 2975 ἕτερον
3125 2901 3264 2958 εἶναι
3293 2905 3408 2974 φῶς
3436 2907 3565 2978 παρ’
3599 2911 3749 2960 ἐκεί-

501 2993 616 3047 sole
643 2996 911 3049 emissum
941 3010 1050 3049 non
1082 2997 1210 3066 quis
1243 2996 1444 3052 dixerit
1474 2998 1776 3052 secundum
1823 3009 2034 3052 natura:

2214 3013 2285 3060 ον,
2326 2996 2358 3068 ἦ
2389 2995 2531 3050 κατὰ
2559 2996 2848 3066 μετουσίαν
2887 2997 3007 3050 τινά
3039 2997 3133 3049 καὶ
3162 2997 3346 3066 σχέσιν
3374 2997 3470 3070 τὴν
3493 2998 3551 3063 ἐξ
3582 3000 3747 3052 αὐτοῦ

502 3085 651 3139 aliud
697 3101 821 3141 esse
855 3086 1037 3141 lumen
1083 3089 1153 3143 ab
1201 3089 1315 3152 illo,
1354 3097 1451 3143 aut
1494 3090 1796 3145 secundum
1839 3092 2035 3160 partici

2213 3090 2413 3143 οιοῦτον
2442 3087 2716 3158 γενέσθαι,
2739 3088 2852 3142 ἀλλ’
2879 3089 3047 3152 ὅντως
3082 3090 3240 3159 φύσει
3268 3091 3526 3160 προῖὸνὲξ
3545 3091 3711 3145 αὐτοῦ
3731 3107 3746 3121 ⁸

502 3175 780 3243 [nationem
819 3177 1061 3248 aliquam
1115 3187 1170 3234 et
1219 3179 1594 3236 habitudinem
1642 3184 1709 3237 ab
1759 3198 1825 3238 eo
1871 3184 2035 3253 depen

2218 3180 2272 3231 αὶ
2301 3177 2393 3232 δύο
2421 3177 2520 3248 μὲν
2545 3177 2718 3231 ταῦτα
2751 3179 2905 3247 φῶτα
2930 3183 3048 3233 κατ’
3071 3181 3313 3233 ἐπίνοιαν
3357 3183 3568 3250 ὁρᾶται,
3602 3182 3661 3235 ἓν
3691 3183 3751 3235 δέ

502 3266 723 3321 dentem
757 3270 866 3324 tale
896 3285 1042 3334 esse,
1074 3271 1169 3326 sed
1201 3287 1330 3328 vere
1362 3281 1563 3328 natura
1603 3290 1667 3329 ex
1696 3290 1762 3329 eo
1793 3275 2035 3344 prodien:

2220 3273 2282 3322 ἱσι
2320 3271 2462 3323 κατὰ
2484 3269 2673 3340 φύσινο
2709 3269 2880 3334 οὕτως
2917 3271 3017 3324 οὐκ
3044 3271 3109 3325 ἄν
3138 3289 3223 3336 τις
3263 3272 3532 3340 εὐλόγως,
3576 3276 3623 3327 εί
3656 3276 3753 3326 καὶ

501 3364 557 3412 et
599 3358 710 3412 duo
763 3361 984 3428 quidem
1042 3362 1156 3416 haec
1198 3363 1405 3418 lumina
1457 3366 1874 3435 concipiuntur,
1906 3382 2034 3420 unm

2213 3362 2257 3425 ίς
2292 3361 2455 3413 δυάδα
2501 3362 2752 3431 τέμνοιτο
2781 3362 2994 3432 Πατρός
3026 3379 3084 3414 τε
3111 3363 3206 3415 καὶ
3246 3363 3376 3416 Υίοῦ
3420 3367 3448 3416 6
3489 3364 3746 3434 ἀριθμὸς,

499 3465 629 3504 vero
677 3461 805 3506 sunt
861 3454 1167 3508 secundum
1219 3463 1475 3510 naturam
1519 3473 1534 3510 :
1579 3459 1661 3512 sic
1717 3473 1878 3511 nemo
1925 3466 2032 3512 rect

2219 3451 2361 3520 εερόν
2389 3467 2442 3502 τι
2467 3449 2619 3520 παρά
2658 3449 2749 3502 τὸν
2777 3449 2999 3520 Πατέρα
3037 3451 3154 3519 ἐρεῖ
3192 3450 3282 3502 τὸν
3318 3449 3466 3513 Υίὸν,
3499 3451 3620 3502 ὅσον
3670 3455 3752 3514 εἰς

498 3557 622 3596 eum
653 3544 888 3607 ratione,
914 3546 1136 3602 tametsi
1184 3549 1470 3603 scindatur
1503 3548 1685 3603 Patris
1721 3558 1768 3603 et
1812 3549 1936 3603 Filii
1968 3566 2031 3603 nt

2218 3541 2275 3610 ὴν
2309 3540 2536 3608 Θεότητα
2571 3540 2663 3593 καὶ
2707 3539 2805 3609 τὴν
2859 3541 3163 3610 ταυτότητα
3215 3540 3310 3608 τῆς
3350 3539 3555 3603 οὐσίας.
3608 3540 3751 3592 Ἀλλ’

498 3646 702 3695 merus,
735 3632 880 3687 aliud
913 3633 1182 3703 quiddam
1215 3637 1361 3691 dicet
1409 3652 1438 3690 a
1469 3636 1630 3692 Patre
1661 3638 1856 3692 Filium
1889 3655 2029 3709 quoa

2215 3647 2366 3700 temp
2397 3631 2425 3682 6
2454 3629 2605 3699 ἥλιος
2624 3631 2681 3682 ὲν
2705 3630 2783 3700 τῷ
2816 3631 3212 3698 ἀπαυγάσματί
3247 3631 3460 3700 ἐστιτῷ
3494 3629 3554 3694 ἐξ
3579 3631 3748 3684 αὐτοῦ

498 3719 751 3774 deitatem
797 3729 852 3775 et
902 3724 1229 3779 substantia:
1273 3725 1636 3781 identitatem.
1675 3727 1778 3782 Sed
1809 3727 2031 3798 quemad

2221 3720 2492 3790 ροελθόντι
2514 3761 2528 3787 ,
2571 3723 2664 3774 καὶ¹
2707 3721 2769 3774 τὸ
2819 3721 3160 3791 ἀπαύγασμα
3205 3723 3263 3774 ὲν
3297 3721 3375 3791 τῷ
3406 3721 3541 3792 ἡλίῳ
3562 3722 3654 3790 ἀφ’
3688 3717 3751 3775 οὗ

496 3809 719 3864 modum
754 3814 838 3867 sol
870 3814 925 3867 in
962 3813 1179 3884 fulgore
1215 3831 1245 3869 a
1275 3832 1335 3871 se
1373 3817 1698 3886 prodeunte.
1729 3828 1782 3873 et
1813 3820 1989 3888 fulgor
2015 3821 2026 3872 i

2218 3812 2272 3865 αὶ
2301 3811 2556 3882 ἐξῆλθεν
2582 3813 2756 3876 οὕτως
2784 3812 2902 3865 ἐστὶ
2928 3812 3115 3884 Πατὴρ
3151 3813 3208 3866 ὲν
3232 3812 3344 3882 Υίῴ
3397 3813 3489 3865 καὶ
3528 3811 3654 3874 Υἱὸς
3689 3813 3751 3864 ἐν

497 3904 612 3956 sole
644 3919 674 3957 a
713 3920 824 3974 quo
859 3907 1082 3974 prodiit,
1110 3910 1189 3963 sic
1227 3917 1311 3973 est
1341 3909 1503 3964 Pater
1533 3911 1586 3965 in
1622 3910 1780 3976 Filio,
1810 3922 1864 3966 et
1893 3911 2030 3966 Filiu

2217 3904 2348 3974 ματρί
2371 3920 2384 3933 ο
2417 3902 2636 3974 ἀριθμῷ
2668 3904 2765 3974 μὲν
2792 3904 2871 3966 είς
2895 3903 3063 3956 δυάδα
3094 3902 3426 3973 ,τεμνόμενοι
3475 3903 3568 3955 καὶ
3592 3902 3750 3966 ὄντες

495 3993 552 4046 in
584 3993 762 4059 Patre,
810 4013 1042 4053 numero
1091 3999 1145 4052 in
1192 4001 1465 4055 hinarium
1503 4003 1685 4067 divisi,
1715 4011 1768 4058 et
1805 4005 1888 4058 sic
1921 4005 2028 4059 exsi

2216 3993 2342 4058 5τως
2373 3997 2430 4048 ἐν
2450 3995 2763 4058 ὑποστάσει,
2798 3997 2863 4065 τῇ
2886 3994 2942 4047 δὲ
2969 3993 3256 4064 ταυτότητι
3288 3994 3385 4065 τῆς
3414 3993 3629 4063 φύσεως
3663 3996 3749 4058 είς

495 4093 705 4140 stentcs
755 4087 810 4140 iu
867 4087 1188 4159 hypostasi,
1235 4091 1528 4148 identitate
1561 4109 1692 4150 vero
1748 4103 1958 4149 naturae
2007 4095 2022 4148 i

1428 4101 1528 4148 .ate
1561 4109 1692 4150 vero
1748 4103 1958 4149 naturae
2007 4095 2062 4149 in
2173 4085 2303 4154 μίαν
2332 4087 2684 4155 σφιγγόμενα
2715 4086 2961 4155 θεότητα.

494 4194 658 4231 unam
689 4179 943 4234 deitatem
981 4183 1276 4252 eompacti.

564 4270 631 4331 Χ.
669 4271 756 4326 40.
790 4270 857 4324 Et
892 4274 1022 4326 abiit
1053 4291 1239 4330 rursus
1270 4284 1416 4331 trans
1444 4275 1757 4344 Iordanem,
1789 4289 1898 4335 etc.

2237 4264 2347 4317 Καὶ
2371 4264 2605 4333 ἀπῆλθε
2631 4264 2812 4319 πάλιν
2835 4263 3022 4332 πέραν
3043 4261 3147 4315 τοῦ
3178 4262 3479 4330 Ἰορδάνου
3501 4303 3516 4318 .
3543 4264 3638 4316 καὶ
3675 4265 3747 4322 τὰ

2091 4367 2136 4423 D
2164 4358 2308 4425 ἑξῆς.

562 4450 792 4508 Relictis
819 4452 1220 4526 Hierosolymis
1242 4456 1507 4512 Servator
1527 4459 1582 4512 in
1603 4460 1784 4514 locum
1818 4461 2064 4517 fontibus

2214 4377 2334 4503 ’Ἶὲν
2364 4466 2512 4520 τοπῳ
2537 4449 2717 4520 πηγὰς
2752 4449 2924 4519 ἔχοντι
2956 4447 3344 4520 μεθορμίζεται
3380 4451 3408 4501 ὁ
3429 4448 3638 4518 Σωτὴρ,
3672 4447 3747 4500 τὰ

489 4544 884 4597 st-aturientem
928 4545 1177 4614 trajicit,
1213 4549 1366 4602 velut
1405 4550 1460 4603 in
1505 4548 1680 4620 figura
1718 4550 2022 4609 indicans:

2217 4541 2521 4611 εροσόλυμα
2561 4539 2898 4604 καταλιπὼν,
2933 4541 3017 4592 ἵνα
3066 4540 3141 4601 ὡς
3174 4539 3262 4591 διὰ
3309 4538 3482 4591 τύπου
3526 4537 3745 4605 αίνίξη-

489 4635 815 4688 relicturum
869 4635 1154 4701 Judaaam,
1209 4648 1266 4694 et
1328 4641 1394 4693 ad
1451 4642 1698 4710 gentium
1757 4642 2022 4700 Ecclesiat

2214 4651 2248 4687 ιι
2274 4633 2350 4697 ὡς
2401 4633 2711 4702 καταλείψει
2762 4633 2860 4703 μὲν
2892 4634 2989 4704 τὴν
3062 4633 3319 4686 Ἰουδαίαν
3344 4673 3358 4697 ,
3390 4633 3482 4686 ἐπὶ
3523 4634 3624 4701 τὴν
3684 4629 3747 4694 ἐξ

490 4725 900 4791 migraturum,
935 4744 1058 4797 qua:
1096 4729 1280 4785 fontes
1325 4704 1492 4786 nam!
1539 4704 1921 4803 baptismatis,
1953 4753 2023 4804 qu

2213 4727 2327 4780 lva
2361 4726 2418 4780 δὲ
2459 4726 2782 4795 Ἐκκλησίαν
2833 4726 3197 4797 μεταϐήσεται
3242 4726 3338 4796 τὴν
3380 4726 3608 4795 ἔχουσαν
3637 4724 3746 4787 τὰς

488 4816 612 4870 loco
646 4818 802 4870 multi
841 4821 1059 4888 quidem
1114 4823 1179 4877 ad
1234 4839 1360 4877 eum
1417 4825 1686 4880 accedunt
1732 4828 2021 4882 transmiss

2211 4818 2349 4889 ηγάς
2393 4818 2485 4871 τοῦ
2535 4818 2907 4888 βαπτίσματος
2949 4820 3044 4888 (η’
3097 4818 3226 4872 ἔνθα
3267 4819 3361 4871 καὶ
3404 4817 3744 4888 προσέρχον-

485 4904 725 4962 Iordane
753 4929 765 4962 :
801 4910 910 4964 hoc
942 4914 1088 4967 enim
1123 4914 1370 4970 declarat
1402 4917 1550 4971 istud
1583 4926 1736 4973 trans
1765 4917 2018 4973 Jordanet

2210 4929 2254 4964 ιι
2304 4909 2452 4982 αὐτῷ
2516 4910 2700 4964 πολλοὶ⁹
2757 4910 3229 4982 διαπεραιούμενοι
3282 4911 3371 4964 τὸν
3441 4909 3743 4980 Ἰορδάνην

485 5000 758 5055 diversari
793 5001 1080 5058 Christum
1102 5049 1115 5061 .
1141 5047 1153 5060 .
1192 5049 1206 5062 .
1236 5007 1338 5073 Qui
1374 5009 1547 5078 igitur
1573 5009 1915 5078 trajecerunt
1941 5009 2018 5062 Jo:

2211 5002 2320 5056 ›ῦτο
2353 5002 2462 5073 γὰρ
2490 5002 2640 5072 δηλοί
2670 5002 2729 5055 τὸ
2765 5003 2936 5072 πέραν
2979 5003 3074 5055 τοῦ
3125 5003 3385 5072 Ἰορδάνου
3419 4999 3744 5064 αὐλίζεσθαι

486 5091 687 5146 danem
719 5108 816 5162 per
837 5103 1094 5150 sanetum
1121 5097 1393 5166 baptisma
1417 5097 1743 5154 deferuntur
1763 5099 1828 5152 ad
1853 5098 2015 5153 Deum

2210 5099 2257 5148 ὣν
2301 5094 2555 5166 Χριστόν.
2604 5095 2668 5148 Οἱ
2702 5094 2880 5148 τοίνυν
2925 5095 3261 5167 περάσαντες
3309 5095 3399 5148 τὸν
3463 5093 3743 5164 Ἰορδάνην

553 5231 598 5263 ³³
639 5230 802 5286 llebr.
841 5245 894 5294 I,
930 5232 982 5286 5.

556 5361 632 5436 (ί)
657 5359 824 5436 Paulo
846 5363 1001 5436 aliter
1022 5361 1507 5436 catenavaticana,
1530 5363 1626 5436 fol.
1643 5361 1750 5436 217
1772 5361 1830 5426 Β,
1852 5379 1938 5436 ap.
1956 5363 2057 5436 Mai

1564 5363 1626 5416 )l.
1643 5361 1750 5436 217
1772 5361 1830 5426 Β,
1852 5379 1938 5436 ap.
1956 5363 2057 5436 Mai
2165 5362 2366 5436 τεςλδιά
2390 5363 2490 5436 τού,
2510 5363 2666 5436 ἁγίου
2705 5364 3097 5436 βαπτίσματος.

483 5426 623 5503 ibid,
642 5445 670 5503 ι,
689 5433 764 5484 Δι’
787 5426 862 5485 ὧν
882 5434 980 5503 μέν
1004 5451 1085 5487 τοι
1105 5433 1469 5486 ἀπανίσταται
1491 5433 1611 5503 ,τῆς
1640 5426 1996 5503 Ἰερουσαλὴμ

2239 5433 2377 5485 Dum
2406 5434 2516 5503 abit
2560 5426 2941 5502 Hierosolymis
2976 5436 3240 5500 Christus,
3275 5439 3447 5491 innuit
3489 5456 3543 5492 se
3583 5439 3741 5493 dem-

481 5501 1096 5579 !(ptasbg,_ativit_sssgt
1141 5505 1223 5579 ἑξτι
1268 5501 1746 5579 ’καταλείψει-,μὲν
1793 5504 1891 5567 τὴν
1931 5501 2014 5579 Ἶρι

2210 5513 2418 5557 cturum
2460 5501 2729 5579 Judaattm,
2763 5501 2919 5575 atque
2961 5505 3030 5559 ad
3075 5508 3401 5560 ethnicorum
3448 5525 3742 5579 congrega-

481 5570 657 5633 δαίαν,
694 5572 867 5647 snt-6%
895 5573 993 5643 τὴν
1024 5572 1474 5647 Ἐκκλησίαν-τὴν
1500 5571 1581 5647 ἐξ-
1598 5570 1765 5647 ὲσνῷν
1790 5643 1802 5647 Α
1825 5574 2014 5647 μεταὸί

2208 5575 2363 5626 onem
2432 5570 2956 5647 transmigruturum,
3012 5592 3134 5647 qua;
3189 5588 3433 5632 sanctum
3482 5570 3741 5647 baptisma

483 5657 652 5720 gerat,
669 5641 770 5711 τὴν
799 5641 1026 5712 ἔχουσαν
1041 5644 1112 5720 ,ὲν
1134 5641 1296 5720 ἑαυτῇ
1315 5641 1756 5720 τὴνὲπηγὴν-τὴν
1779 5643 1938 5720 ἁγίαν
1965 5661 2016 5696 τι

2207 5654 2366 5697 mtem
2395 5646 2532 5712 apud
2572 5662 2625 5720 se
2660 5641 2836 5720 habet,
2886 5647 2940 5698 id
2970 5641 3049 5701 est
3100 5646 3414 5717 Iordanem,
3451 5641 3601 5720 quem
3640 5651 3740 5719 qui

482 5709 879 5777 ϐαπτίσματος,
901 5713 1144 5767 τουτέστι
1182 5709 1296 5767 τὸν”
1315 5709 1607 5784 Ἰορδάνην,
1635 5709 1757 5768 ὂνὸὶ
1791 5713 2015 5785 περάσειε

1828 5713 2064 5785 τεράσαν-
2168 5709 2262 5782 per
2301 5709 2542 5769 sanctum
2575 5716 2893 5786 baptismum
2925 5727 3220 5787 transeunt,
3257 5727 3361 5774 etc.
