3894 6200
248 337 321 390 57
1109 331 1174 386 IN
1215 329 1560 386 JOANNEM.
1588 361 1656 370 -—
1690 328 1817 383 ΜΒ.

1945 327 1952 380 l
1987 327 2070 382 ET
2114 327 2223 382 Vlll
2258 325 2706 382 ΙσἸίᾹΟΜιΞΝΤᾹ.
3451 325 3521 380 3-8

248 453 340 504 διὰ
397 449 491 503 τοῦ
549 464 705 516 αγτου
771 446 1168 518 βαπτίσματος,
1226 447 1652 516 άποκομίζονται
1706 445 1838 516 πρὸς

1946 441 2218 513 siquidem
2253 442 2476 496 transiit
2501 457 2530 494 a
2556 437 3175 511 Synagogaluda‘orum
3207 440 3274 494 ad
3306 452 3520 512 gentes,

249 546 406 598 Θεόνο
436 545 530 597 καὶ
581 543 692 612 γάρ
742 541 945 612 μετέϐη
983 540 1090 593 άπὸ
1111 540 1211 610 τῆς
1243 539 1350 592 τῶν
1393 539 1661 592 Ἰουδαίων
1704 539 1837 590 Συν-

250 635 476 704 αγωγῆς
508 634 600 686 ἐπὶ
628 634 698 685 τὰ
723 632 874 701 ἔθνη·
899 631 993 684 καὶ
1021 631 1142 683 τότε
1172 630 1356 682 πολλοὶ
1382 625 1545 700 ἦλθον
1571 629 1708 699 πρὸς
1735 629 1832 682 αύ-

249 725 363 786 τὸν,
394 725 488 776 καὶ
520 723 844 776 ἐπίστευσαν
867 724 986 784 ταῖς
1010 721 1138 792 περὶ
1157 720 1320 774 αὑτοῦ
1353 719 1658 790 λεχθείσαις
1686 718 1834 791 παρὰ

249 815 360 868 τῶν
391 814 563 883 ἁγίων
615 816 844 882 φωναῖς,
878 813 971 866 καὶ
1021 812 1340 866 πιστεύουσι
1368 813 1448 874 εἰς
1493 810 1654 864 αὑτὸν
1695 813 1830 872 ἐκεῖ,

251 907 389 958 ὅπου
435 906 494 958 αἱ
541 904 649 956 τῶν
699 904 906 957 ὑδάτων
945 903 1145 974 πηγαὶ,
1198 903 1333 955 ὅπου
1378 902 1438 954 τὸ
1475 903 1566 954 ἐπὶ
1615 898 1835 970 Χριστῷ

251 993 618 1063 διδασκόμεθα
643 995 960 1063 μυστήριον.
1007 994 1064 1046 ’0
1104 993 1210 1063 γὰρ
1237 992 1471 1064 Χριστὸς
1499 993 1599 1044 ονἰκ
1631 993 1688 1043 ἐν
1725 993 1836 1053 τοῖς

254 1086 394 1155 πρὸς
451 1083 722 1156 Ἰορδάνην
761 1083 994 1154 νάμασιν
1032 1079 1123 1153 ἦν·
1176 1082 1313 1136 ἀλλὰ
1358 1083 1532 1152 πέραν
1575 1095 1698 1133 ποῦ’
1741 1079 1836 1132 καὶ

251 1173 426 1227 ἐλθὼν
449 1173 661 1243 ἔμεινεν
701 1175 758 1225 ἐν
785 1175 849 1243 τῇ
884 1172 942 1238 ἐξ
967 1171 1135 1225 ἐθνῶν
1176 1170 1472 1240 Ἐκκλησία
1500 1169 1834 1241 προσμείνας

254 1265 490 1333 παγίως.
522 1265 784 1335 Τιμῶμεν
825 1264 882 1316 δὲ
911 1263 1002 1316 τὸν
1043 1263 1319 1331 Ἰωάννην,
1351 1263 1448 1332 οὐχ
1491 1262 1566 1325 ὼς
1604 1263 1831 1332 ἐνεργή-

251 1359 428 1412 σαντά
469 1376 521 1410 τι
561 1356 884 1427 θεοπρεπὲς,
929 1355 1042 1408 ἀλλ’
1085 1356 1160 1418 ὡς
1203 1353 1375 1424 ἀληθῆ
1424 1354 1552 1423 περὶ
1595 1352 1833 1423 Χριστοῦ

255 1453 698 1520 μαρτυρησαντα.
750 1448 836 1518 ’ού
895 1447 1054 1517 μόνον
1094 1447 1204 1518 γάρ
1254 1445 1531 1507 Ἰωάννου,
1574 1445 1708 1498 ἀλλὰ
1741 1445 1834 1497 καὶ

254 1543 459 1604 παντὸς
487 1540 641 1610 ἁγίου
672 1541 702 1592 6
746 1540 977 1609 Χριστὸς
1025 1537 1483 1610 θαυμαστότερος·
1516 1537 1568 1593 αἱ
1599 1539 1696 1606 μὲν
1725 1537 1834 1607 γὰρ

249 1633 560 1703 προφῆται,
602 1635 631 1685 6
657 1631 714 1684 δὲ
759 1631 889 1694 Θεὸς
925 1631 1358 1702 θαυματουργός.
1402 1630 1742 1701 Σημειωτέον
1779 1630 1836 1682 δὲ

1941 544 2146 589 ettune
2169 536 2320 588 multi
2356 542 2629 591 venerunt
2655 533 2721 587 ad
2756 548 2910 598 ettni,
2940 544 2994 587 et
3021 533 3375 588 crediderunt
3397 549 3522 588 ver-

1943 627 2027 682 bis
2065 627 2132 681 de
2161 641 2228 680 eo
2263 642 2358 696 per
2397 635 2624 680 sanctos
2666 625 2930 694 prolatis,
2969 636 3023 679 et
3064 625 3139 678 ibi
3182 625 3421 680 credunt
3461 627 3518 680 in

1939 735 2064 773 eum
2092 758 2106 780 ,
2151 717 2244 772 ubi
2295 732 2564 786 aquarum
2610 724 2740 770 sunt
2783 715 3002 780 fontes,
3041 717 3132 770 ubi
3175 716 3384 772 Christi
3422 717 3521 771 do-

1939 824 2130 862 cemur
2173 809 2519 879 mysterium.
2561 805 2818 862 Christus
2857 809 3000 863 enim
3043 823 3152 861 non
3191 818 3310 862 erat
3349 808 3413 861 ad
3448 810 3521 862 ri-

1940 915 2036 954 vos
2087 901 2235 954 circa
2286 898 2612 965 Iordanem,
2651 901 2746 954 sed
2788 900 2933 954 ultra
2970 899 3212 963 alicubi,
3247 914 3358 969 quo
3391 914 3516 953 cum

1942 991 2219 1056 venisset,
2260 993 2464 1046 mansit
2505 991 2559 1043 in
2595 991 2835 1060 gentium
2882 989 3127 1044 Ecclesia
3151 1031 3165 1053 ,
3203 1001 3257 1044 et
3295 990 3518 1044 stabilis

1941 1083 2163 1137 mansit.
2195 1081 2444 1136 Colimus
2475 1096 2608 1134 vero
2636 1078 2906 1135 Joannem
2937 1123 2950 1146 ,
2985 1096 3094 1135 non
3124 1092 3384 1149 tanquam
3417 1080 3520 1133 ali-

1941 1173 2074 1242 quid
2122 1172 2370 1227 divinum
2423 1181 2747 1242 operatum,
2807 1171 2900 1227 sed
2957 1180 3218 1240 tanquam
3276 1185 3402 1226 vera
3450 1171 3519 1224 de

1939 1265 2162 1319 Christo
2205 1271 2492 1318 testatum.
2535 1263 2652 1317 Non
2711 1265 2888 1317 solum
2932 1263 3078 1317 enim
3131 1261 3379 1326 Joanne,
3420 1263 3516 1316 sed

1938 1359 2086 1414 omni
2128 1367 2324 1412 sancto
2364 1357 2624 1411 Christus
2669 1365 2756 1411 est
2787 1355 3168 1410 admirabilior
3201 1374 3214 1409 :
3253 1355 3328 1408 illi
3368 1356 3514 1409 enim

1941 1451 2260 1520 prophetae,
2315 1448 2402 1502 hic
2458 1463 2592 1502 vero
2644 1446 2788 1503 Deus
2828 1449 3095 1501 miracula
3137 1447 3368 1502 faciens.
3404 1447 3517 1501 No-

1938 1539 2163 1594 tandum
2200 1537 2369 1608 676
2411 1551 2606 1605 porro,
2639 1544 2755 1591 tum
2791 1535 3025 1590 Joannis
3049 1575 3063 1600 ,
3101 1543 3214 1590 tum
3260 1538 3515 1606 reliquo-

1940 1647 2061 1685 rum
2110 1630 2503 1699 prophetarum
2560 1628 2727 1683 verba
2782 1629 3000 1682 munire
3054 1627 3198 1682 viam
3246 1627 3311 1682 ad
3357 1629 3513 1684 (idem

253 1725 341 1776 ὃτι
365 1724 480 1786 ὁδός
503 1727 639 1775 εἰσιν
664 1722 712 1774 οἱ
752 1722 997 1774 Ἰωάννου
1037 1722 1130 1773 καὶ
1175 1720 1278 1774 τῶν
1310 1720 1514 1773 λοιπῶν
1543 1719 1837 1791 προφητῶν
1871 1723 1913 1778 Β
1938 1723 2168 1778 Christi.

252 1814 426 1883 λόγοι,
452 1816 529 1878 είς
556 1815 616 1866 τὸ
646 1813 931 1866 πιστεῦσαι
961 1812 1200 1884 Χριστῷ.

322 1903 436 1962 τΗν
459 1909 526 1961 δέ
546 1925 636 1973 τις
659 1905 936 1962 ἀσθενῶν
969 1903 1250 1973 Λάζαρος,
1285 1904 1382 1957 καὶ
1409 1903 1480 1957 τὰ
1510 1903 1659 1974 ἑξῆς.

339 1998 622 2068 Ἐπίτηδες
652 1998 710 2050 δὲ
737 1998 1010 2068 μέμνηται
1049 1995 1160 2048 τῶν
1203 1995 1483 2064 ὀνομάτων
1508 1993 1616 2047 τῶν
1657 2010 1838 2062 γυναι-

254 2089 370 2143 κῶν
407 2094 435 2142 6
461 2089 874 2159 εὐαγγελιστὴς,
909 2089 1124 2150 δεικνὺς
1166 2088 1248 2140 ὅτι
1289 2087 1551 2157 ἐπίσημοι
1595 2083 1736 2157 ἦσαν
1760 2087 1837 2150 ὡς

255 2180 549 2243 θεοσεϐεῖς·
581 2180 661 2232 διὸ
693 2181 789 2232 καὶ
821 2179 1014 2248 ἠγάπα
1049 2177 1215 2242 αὑτὰς
1233 2181 1260 2231 6
1287 2178 1508 2249 Κύριος.
1533 2179 1750 2232 Πολλῶν
1779 2179 1836 2232 δὲ

255 2273 578 2341 γεγονότων,
607 2272 683 2335 ὡς
707 2272 874 2334 εἰκὸς,
898 2272 977 2334 εἰς
1005 2271 1094 2324 τὸν
1120 2272 1326 2340 Κύριον
1351 2271 1457 2323 ὑπὸ
1477 2271 1576 2340 τῆς
1595 2271 1833 2341 Μαρίας,

255 2365 354 2419 τοῦ
392 2367 562 2436 μύρου
617 2365 888 2435 μέμνηται
923 2363 1023 2432 οὐχ
1054 2363 1128 2425 ὡς
1167 2362 1377 2432 ἔτυχεν,
1415 2363 1530 2416 ἀλλ’
1571 2364 1656 2416 ἵνα
1688 2363 1866 2434 δείξῃς,

256 2459 342 2511 ὅτι
397 2456 664 2524 τοσαύτην
714 2453 826 2525 εἶχε
878 2455 1039 2524 δίψαν
1086 2455 1119 2523 ἡ
1170 2453 1356 2524 Μαρία
1397 2455 1527 2525 περὶ
1563 2455 1654 2507 τὸν
1703 2456 1837 2524 Χρι-

262 2549 411 2609 στὸν,
447 2549 526 2601 ὅτι
584 2547 811 2617 ὲξέμαξε
868 2548 994 2609 τοὺς
1047 2547 1212 2609 πόδας
1268 2546 1434 2599 αὑτοῦ
1481 2549 1604 2610 ταῖς
1680 2547 1838 2608 ίδίαις

259 2640 428 2710 θριξὶ,
472 2639 710 2709 ζητοῦσα
735 2640 834 2710 τὴν
866 2640 930 2691 ἐκ
962 2639 1060 2708 τῆς
1093 2639 1255 2706 ἁγίας
1303 2639 1506 2709 σαρκὸς
1539 2655 1840 2708 πνευματι-

258 2735 367 2804 κὴν
407 2733 658 2802 εὐλογίαν
684 2731 1082 2801 ἀναμάξασθαι.
1114 2732 1432 2803 Θερμοτέρα
1459 2733 1515 2785 δὲ
1555 2735 1586 2802 ἡ
1625 2733 1833 2804 Μαρία,

255 2827 352 2880 διὰ
374 2825 469 2878 τοῦ
500 2824 879 2895 προσεδρεύειν
900 2826 1325 2896 ἀπερισπάστως
1365 2825 1444 2896 τῷ
1472 2824 1712 2897 Χριστῷ,
1741 2825 1837 2897 τὴν

259 2919 401 2990 πρὸς
436 2917 597 2971 αὑτὸν
634 2915 989 2991 ἐπισπωμένη
1010 2916 1342 2986 οέκειότητα.

350 3092 793 3149 Ἀποστέλλουσιν
837 3095 892 3146 αί
941 3094 1196 3160 γυναῖκες
1233 3092 1369 3162 πρὸς
1394 3093 1484 3144 τὸν
1509 3092 1712 3162 Κύριον
1753 3094 1838 3146 ἀεὶ
1864 3092 1907 3150 C

260 3185 370 3255 μὲν
415 3185 666 3238 θέλουσαι
712 3185 875 3237 αὑτὸν
928 3184 1073 3253 ἔχειν
1110 3184 1336 3255 πλησίον
1370 3183 1600 3246 ἑαυτῶν,
1638 3185 1755 3236 τότε
1780 3185 1836 3237 δὲ

260 3275 638 3346 εύπροσὼπως
671 3276 828 3328 τοῦτο
879 3275 967 3327 διὰ
1014 3275 1105 3327 τὸν
1148 3274 1534 3346 ἀρρωστοῦντα
1565 3274 1834 3328 ποιοῦσαι.

279 3367 594 3420 Ἐπίστευον
611 3366 739 3435 γὰρ,
761 3365 836 3428 ὡς
859 3367 908 3418 εἰ
933 3365 1124 3435 φανείη
1153 3366 1310 3434 μόνον
1331 3366 1358 3417 6
1385 3365 1637 3436 Χριστὸς,
1662 3365 1839 3419 άπαλ-

265 3454 461 3525 λαγείη
499 3455 594 3524 τῆς
637 3456 791 3507 νόσου
837 3456 866 3507 6
914 3455 1185 3524 κείμενος.
1230 3455 1734 3525 ’Υπομιμνήσκουσι
1783 3455 1840 3507 δέ

266 3546 369 3614 τῆς
413 3545 636 3614 ἀγάπης
673 3540 741 3616 ἦς
789 3541 902 3615 εἶχε
966 3545 1104 3616 πρὸς
1135 3545 1543 3609 τὸν-νοσοῦντα,
1587 3545 1841 3598 ἕλκουσαι

267 3636 434 3690 αὑτὸν
480 3636 568 3689 διὰ
615 3637 804 3689 τούτου
859 3639 992 3689 ἐκεῖ·
1043 3636 1260 3706 ᾔδεισαν
1305 3636 1414 3705 γὰρ
1444 3637 1526 3688 ὅτι
1562 3637 1841 3705 ἐφρόντιζε

266 3727 483 3781 τούτου.
517 3730 625 3782 Καὶ
650 3728 880 3798 ἠδύνατο
923 3729 1022 3798 μὲν
1061 3730 1155 3782 καὶ
1201 3727 1353 3781 ἀπὼν
1374 3728 1447 3791 ὼς
1478 3728 1609 3791 Θεὸς
1636 3729 1729 3782 καὶ
1774 3728 1842 3781 τὰ

268 3822 451 3874 πάντα
493 3821 788 3892 περιέπων,
821 3821 1154 3892 θεραπεῦσαι
1201 3822 1382 3874 αύτόν·
1410 3822 1560 3892 ὅμως
1596 3820 1841 3892 ἐνόμιζον

266 3912 356 3964 ὅτι
383 3913 432 3964 εἰ
466 3912 665 3982 παρῆν,
693 3914 849 3984 χεῖρα
878 3912 942 3967 ἂν
980 3912 1192 3983 ὀρέξας,
1228 3913 1448 3982 ἤγειρεν
1487 3913 1667 3966 αὐτόν.
1711 3916 1842 3964 Δυσ-

270 4003 498 4073 φοροῦσι
549 4005 624 4063 δὲ,
653 4004 728 4065 ὡς
779 4002 947 4065 εἰκὸς,
991 4005 1172 4072 οἴομαι
1211 4002 1266 4054 δὲ
1313 4001 1448 4072 μηδέ
1494 4003 1842 4072 ἀρρωστῆσαι

267 4096 407 4158 ὅλως
433 4095 525 4147 τὸν
558 4095 825 4160 Λάζαρον,
861 4096 910 4146 εἰ
943 4095 1016 4164 μὴ
1049 4094 1322 4164 ἠμέλησεν
1348 4094 1511 4146 αὑτοῦ
1540 4096 1568 4145 6
1589 4093 1838 4162 Χριστός·

272 4183 458 4236 Πάντα
493 4185 622 4254 γάρ,
658 4185 836 4251 φασὶν,
881 4185 1110 4252 ἐχόντων
1144 4184 1212 4236 τὰ
1245 4183 1423 4250 ἀγαθά
1473 4182 1581 4235 τῶν
1621 4184 1844 4248 ἀγαπω-

275 4276 451 4345 μένων
478 4276 629 4344 παρά
673 4275 826 4335 Θεοῦ,
851 4275 938 4328 διὰ
988 4276 1148 4327 ποίαν
1175 4275 1354 4327 αἰτίαν
1387 4275 1548 4337 αὐτὸς
1569 4273 1626 4326 ὂν
1650 4273 1840 4341 φιλεῖς,

268 4367 520 4432 ἁσθενεί;
572 4368 637 4419 Ἦ
673 4369 766 4420 καὶ
819 4367 976 4420 τοῦτό
1020 4384 1171 4436 φασι·
1206 4366 1431 4436 Μεγάλη
1459 4367 1557 4435 τῆς
1602 4366 1757 4419 νόσου
1805 4367 1837 4435 ἡ

2007 1899 2099 1965 XI,
2140 1900 2190 1953 l.
2230 1898 2365 1954 Erat
2396 1909 2571 1954 autem
2600 1900 2816 1970 quidam
2843 1899 3096 1969 languens
3121 1897 3385 1962 Lazarus,
3405 1907 3511 1951 etc.

2008 1989 2254 2044 Meminit
2284 2005 2348 2044 ex
2390 1989 2645 2059 professo
2683 1989 3022 2058 evangelista
3062 1989 3348 2042 nominum
3391 2003 3514 2040 mu-

1937 2079 2132 2134 lierum
2155 2121 2170 2145 ,
2201 2079 2510 2136 ostendens
2539 2095 2635 2134 eas
2668 2079 2845 2133 fuisse
2872 2079 3118 2133 illustres
3137 2116 3152 2139 ,
3179 2087 3368 2147 utpote
3394 2079 3516 2148 pias

1936 2183 1990 2226 et
2023 2171 2316 2243 religiosas
2339 2211 2354 2237 ,
2384 2179 2678 2241 propterea
2709 2178 2765 2225 et
2796 2169 3063 2224 Dominus
3097 2184 3196 2223 eas
3229 2168 3510 2238 diligebat.

1937 2265 2072 2321 Cum
2114 2273 2296 2319 autem
2349 2273 2639 2319 exstarent
2680 2263 2852 2316 multa
2896 2263 2950 2317 in
2989 2262 3277 2316 Dominum
3330 2262 3515 2316 Mariae

1938 2357 2238 2426 promerita
2262 2397 2277 2419 ,
2314 2356 2578 2425 unguenti
2614 2354 2902 2418 meminit,
2941 2369 3049 2408 non
3084 2366 3371 2422 perperam
3411 2367 3512 2406 nec

1937 2450 2086 2503 aliud
2119 2465 2308 2518 agens.
2339 2449 2436 2504 sed
2467 2457 2527 2503 ut
2554 2448 2900 2503 demonstret
2937 2453 3088 2500 tanta
3125 2446 3220 2500 siti
3279 2443 3512 2498 Mariam

1936 2558 2066 2613 erga
2106 2541 2386 2597 Christum
2441 2541 2746 2603 exarsisse,
2791 2547 2850 2593 ut
2901 2537 3068 2608 pedes
3125 2537 3246 2607 ejus
3297 2537 3513 2606 capillis

1937 2635 2299 2696 absterserit,
2343 2634 2574 2702 cupiens
2616 2648 2680 2686 ex
2723 2639 2919 2686 sancto
2957 2646 3192 2700 corpore
3231 2645 3296 2682 ac
3337 2643 3507 2681 carne

1936 2727 2279 2794 spiritualem
2333 2724 2641 2793 exprimere
2681 2721 3148 2778 benedictionem.
3184 2720 3287 2774 list
3327 2728 3513 2774 autem

1938 2816 2219 2871 ardentior
2254 2814 2446 2881 Maria,
2485 2822 2546 2869 ut
2579 2830 2700 2886 quae
2719 2825 2983 2885 perpetuo
3014 2814 3238 2868 Christo
3271 2812 3515 2866 adhaere-

1938 2919 2053 2974 ret,
2107 2924 2210 2964 nec
2259 2910 2329 2963 ab
2365 2924 2430 2963 eo
2483 2924 2544 2963 se
2596 2909 2755 2963 avelli
2808 2914 3109 2976 pateretur,
3161 2913 3326 2974 atque
3377 2902 3515 2957 adeo

1939 3016 2191 3071 magnam
2228 3016 2352 3055 cum
2392 3001 2492 3054 illo
2528 2999 2654 3054 inde
2690 2999 3064 3054 contraxisset
3097 2996 3442 3050 aiiinitatem.

2012 3093 2234 3146 Mittunt
2277 3091 2346 3146 ad
2393 3091 2687 3145 Dominum
2736 3091 3032 3150 mulieres.
3082 3102 3243 3157 quem
3290 3085 3512 3156 quidem

1942 3200 2156 3255 semper
2186 3184 2292 3239 sibi
2326 3183 2640 3253 proximum
2671 3182 2876 3235 habere
2904 3179 3238 3250 cupiebant,
3272 3176 3369 3232 sed
3400 3187 3513 3230 tum

1943 3278 2180 3331 maxime
2212 3293 2318 3330 non
2356 3278 2473 3330 sine
2511 3283 2777 3345 praetextu
2812 3275 3046 3327 honesto
3077 3280 3303 3340 prepter
3336 3285 3515 3340 aegro-

1941 3377 2172 3422 tantem.
2239 3367 2554 3422 Credebant
2611 3367 2757 3420 enim
2816 3364 2907 3417 ubi
2966 3363 3133 3417 semel
3183 3369 3516 3430 conspectus

1942 3466 2090 3513 esset
2117 3457 2374 3512 Christus
2395 3500 2410 3523 ,
2457 3472 2580 3511 eum
2614 3457 2704 3525 qui
2730 3457 2948 3525 jacebat
2993 3454 3186 3508 morbo
3215 3454 3513 3508 liberatum

1945 3550 2049 3603 iri:
2082 3557 2137 3603 et
2176 3549 2231 3602 in
2267 3549 2590 3603 memoriam
2630 3547 2678 3600 ei
2718 3554 2984 3601 revocant
3022 3544 3370 3599 dilectionem
3407 3560 3514 3612 qua

1941 3656 2145 3711 aegrum
2192 3649 2519 3710 prosecutus
2563 3646 2744 3704 esset,
2793 3654 2919 3693 eum
2976 3639 3078 3692 hoc
3124 3637 3288 3691 modo
3340 3637 3405 3690 ad
3457 3653 3517 3690 se

1943 3734 2262 3797 trahentes,
2327 3733 2469 3787 haud
2529 3732 2722 3801 utique
2776 3731 2984 3800 ignarae
3042 3730 3122 3783 illi
3187 3742 3517 3798 magnopere

1942 3841 2091 3880 cura?
2116 3840 2238 3880 esse
2270 3824 2509 3879 hominis
2547 3824 3006 3906 incolumitatem.
3046 3824 3111 3875 Et
3145 3829 3358 3890 poterat
3389 3820 3515 3888 qui-

1943 3918 2066 3972 dem
2101 3918 2232 3971 licet
2265 3917 2468 3973 absens
2495 3926 2764 3986 tanquam
2810 3915 2954 3970 Deus
2991 3923 3046 3969 et
3085 3913 3268 3967 omnia
3313 3913 3515 3981 guber—

1945 4022 2085 4061 nans
2110 4021 2236 4060 eum
2283 4021 2514 4071 curare;
2550 4015 2729 4060 tamen
2773 4004 3163 4059 existimabant
3206 4003 3250 4056 si
3295 4002 3515 4055 adessrt

1943 4107 2200 4169 porrecta
2232 4113 2398 4152 manu
2427 4114 2551 4153 eum
2589 4098 2751 4152 facile
2779 4098 3167 4152 excitaturum.
3199 4095 3379 4159 Quare
3405 4111 3513 4147 non

1946 4190 2221 4244 immerito
2246 4189 2389 4243 hanc
2413 4189 2719 4244 absentiam
2748 4203 2892 4257 aegre
2918 4187 3136 4241 ferunt:
3161 4186 3326 4239 credo
3348 4185 3512 4239 etiam

1946 4299 2050 4336 nec
2090 4283 2320 4338 omnino
2361 4289 2760 4352 aegrotaturum
2813 4279 2988 4333 fuisse
3038 4277 3347 4340 Lazarum,
3403 4276 3513 4329 nisi

1945 4388 2069 4428 eum
2121 4374 2271 4428 velut
2322 4372 2589 4426 oblivioni
2648 4371 2972 4425 tradidisset
3029 4368 3338 4423 Christus:
3387 4382 3511 4421 cum

270 4459 570 4530 θρασύτης,
594 4461 674 4512 ὃτι
703 4459 1106 4529 κατετόλμησεν
1133 4457 1415 4511 ἐπιθέσθαι
1439 4460 1550 4521 τοῖς
1571 4459 1675 4511 ὑπὸ
1703 4459 1837 4512 Θεοῦ

1945 4465 2093 4519 enim
2148 4465 2244 4534 qui
2281 4464 2590 4535 diliguntur
2623 4477 2652 4516 a
2690 4463 2798 4516 Deo
2827 4462 2978 4515 nullo
3012 4476 3120 4514 non
3155 4473 3351 4530 genere
3385 4459 3511 4512 boni

265 4549 673 4618 ἀγαπωμένοις.
698 4549 850 4618 Τάχα
877 4547 933 4600 δὲ
965 4548 1058 4600 καὶ
1076 4547 1313 4601 τοιοῦτόν
1331 4565 1381 4600 τι
1401 4547 1616 4600 δοκοῦσι
1639 4548 1832 4616 λέγειν.

276 4642 502 4712 Ἐπειδὴ
557 4641 651 4694 καὶ
692 4644 816 4704 τοὺς
836 4639 1060 4710 ἐχθροὺς
1091 4641 1311 4711 ἀγαπᾷ-ς
1356 4640 1451 4693 καὶ
1491 4641 1833 4712 θεραπεύεις,

265 4730 451 4801 πολλῷ
467 4731 664 4801 μᾶλλον
686 4731 977 4800 χρεωστείς
999 4731 1079 4792 είς
1099 4730 1226 4790 τοὺς
1247 4729 1574 4796 ἀγαπῶντάς
1605 4748 1663 4783 σε
1685 4733 1844 4787 τοῦτο

262 4821 621 4887 ἐνδείξασθαι.
653 4823 890 4875 Δύνασαι
928 4820 1038 4891 γὰρ
1063 4821 1122 4872 ἐν
1154 4820 1298 4889 μόνῳ
1335 4820 1415 4889 τῷ
1448 4821 1621 4875 θέλειν
1665 4826 1842 4881 πάντα

261 4917 509 4985 ποιῆσαι.
561 4913 802 4974 Πίστεως
843 4907 938 4965 οὖν
971 4915 1000 4964 6
1041 4911 1197 4978 λόγος
1235 4911 1430 4980 μεστὸς
1471 4913 1568 4966 καὶ
1612 4917 1713 4986 τῆς
1757 4918 1840 4981 εις

259 5008 307 5059 Χ
319 5007 498 5076 ριστὸν
524 5004 876 5076 γνησιότητος
904 5002 1193 5068 ἀπόδειξις.

1947 4554 2226 4619 fruantur,
2256 4569 2420 4625 quam
2458 4554 2529 4608 ob
2562 4568 2788 4606 causam
2824 4553 2918 4607 ille
2950 4566 3114 4621 quem
3153 4565 3308 4604 amas
3339 4565 3515 4619 aegro-

1944 4645 2071 4700 tat?
2119 4645 2213 4700 Vel
2245 4645 2348 4699 hoc
2378 4644 2544 4698 etiam
2575 4644 2767 4698 dicunt
2797 4662 2810 4697 :
2863 4658 3059 4710 magna
3119 4642 3306 4711 utique
3334 4642 3511 4695 morbi

1938 4746 2025 4792 est
2059 4736 2288 4791 audacia
2312 4775 2326 4800 ,
2361 4737 2453 4805 qui
2488 4735 2650 4790 etiam
2687 4750 2783 4789 eos
2814 4749 2958 4804 quos
2991 4733 3133 4787 Deus
3166 4741 3311 4786 amat
3353 4733 3512 4787 inva-

1939 4828 2094 4883 serit.
2137 4826 2308 4880 Forte
2338 4840 2470 4880 vero
2495 4834 2550 4880 et
2585 4825 2692 4879 tale
2722 4824 2986 4894 quiddam
3013 4823 3199 4878 dicere
3220 4823 3509 4877 videntur:

1938 4916 2400 4987 Quandoquidem
2432 4917 2618 4971 hostes
2649 4915 2835 4985 diligis
2862 4922 2918 4970 et
2944 4928 3111 4969 curas
3140 4954 3154 4976 ,
3186 4915 3362 4968 multo
3393 4928 3512 4966 ma-

1944 5011 2028 5079 gis
2059 5010 2227 5064 debes
2266 5010 2319 5063 in
2350 5024 2446 5064 eos
2475 5009 2569 5078 qui
2604 5015 2656 5062 te
2687 5014 2873 5061 amant
2895 5007 3000 5061 hoe
3023 5005 3353 5062 beneﬁcium
3373 5021 3509 5060 eon-

263 5099 430 5154 ferre.
470 5099 633 5153 Potes
672 5097 945 5166 siquidem
977 5098 1092 5151 sola
1125 5096 1408 5151 voluntate
1437 5097 1624 5152 omnia
1657 5097 1859 5157 facere.
1904 5101 2048 5175 Ergo
2092 5104 2254 5174 plena
2283 5111 2370 5158 est
2405 5103 2528 5157 lidei
2576 5102 2692 5156 hate
2732 5102 2912 5156 oratio
2935 5141 2950 5166 ,
2987 5108 3042 5154 et
3091 5098 3313 5170 ingenui
3381 5111 3510 5166 erga

265 5191 435 5246 Deum
465 5189 694 5244 aﬂectus
725 5190 1144 5244 demonstratio.

333 5283 495 5348 Αὕτη
537 5281 574 5348 ἠ
610 5278 893 5335 ἀσθένεια
944 5281 1054 5332 οὐκ
1084 5277 1216 5331 ἔστι
1266 5279 1416 5346 πρὸς
1444 5277 1831 5347 θάνατον,καὶ

255 5374 327 5426 τὰ
357 5373 502 5440 ἑξῆς.

330 5464 492 5530 Λέγει
522 5461 620 5530 μέν
642 5479 724 5514 τοι
751 5459 925 5514 ταῦτα
953 5461 980 5513 6
1017 5460 1240 5531 Κύριος,
1264 5462 1362 5531 οὐχ
1387 5462 1475 5516 ἵνα
1502 5463 1830 5528 ἀπελθόντες

257 5558 308 5608 οἱ
351 5553 630 5623 ἄνθρωποι
665 5552 1040 5620 ἀπαγγείλωσι
1083 5556 1204 5615 ταῖς
1243 5554 1510 5622 ,ἀδελφαῖς
1566 5555 1661 5608 τοῦ
1717 5558 1828 5610 Λα-

257 5646 448 5714 ζάρου,
477 5645 591 5698 ἀλλ’
623 5645 698 5706 ὡς
721 5644 850 5706 Θεὸς
894 5642 1172 5714 προλέγων
1199 5644 1258 5695 τὸ
1283 5644 1558 5714 ἐσόμενον,
1589 5647 1669 5700 ὅτι
1698 5647 1833 5716 πρὸς

257 5737 411 5802 δόξαν
443 5734 580 5790 Θεοῦ
624 5735 768 5806 ἐώρα
791 5735 851 5790 τὸ
876 5734 971 5789 τοῦ
1017 5736 1339 5806 πράγματος
1377 5736 1737 5802 ἀποτέλεσμα,
1768 5741 1828 5793 ού

2010 5278 2102 5348 XI,
2126 5281 2179 5335 4.
2222 5279 2350 5335 Ηωο
2374 5280 2662 5350 inﬁrmitas
2693 5296 2797 5335 non
2830 5289 2907 5333 est
2939 5277 3008 5332 ad
3042 5287 3279 5343 mortem,
3309 5285 3416 5333 etc.

2006 5459 2133 5515 Haec
2165 5459 2384 5531 quidem
2415 5461 2552 5516 dicit
2585 5460 2850 5517 Dominus
2873 5502 2889 5528 ,
2917 5475 3026 5515 non
3059 5468 3118 5513 ut
3151 5458 3244 5529 qui
3276 5457 3509 5512 aderant

1935 5553 2200 5608 abeuntes
2247 5554 2632 5609 renuntiarent
2668 5554 2956 5609 sororibus
2988 5551 3183 5606 Lazari
3206 5591 3221 5617 ,
3255 5549 3350 5605 sed
3385 5559 3510 5605 tan-

1938 5662 2102 5716 quam
2139 5644 2284 5702 Deus
2315 5646 2562 5701 l‘uturum
2611 5647 2953 5717 praedicens,
3003 5643 3270 5716 quoniam
3305 5645 3384 5699 rei
3413 5659 3508 5699 ex-

1938 5739 2075 5794 itum
2109 5737 2174 5793 ad
2211 5739 2441 5807 gloriam
2486 5739 2579 5795 Dei
2609 5740 2884 5809 pertinere
2917 5738 3169 5806 videbat,
3205 5753 3315 5793 non
3359 5737 3508 5806 quod
