3894 6200
414 347 489 402 39
1400 337 1457 388 S.
1493 333 1771 392 (ZYRILH
1814 327 2284 385 ALEXANDRINI
2319 327 2638 384 ARCHIEP.
3589 319 3664 380 ω

419 462 539 515 ideo
574 457 799 511 morbus
846 452 1139 508 accidisset
1187 457 1244 504 ut
1293 449 1720 518 gloriﬁcaretur,
1766 448 1994 500 stultum

2105 444 2187 496 διὰ
2221 442 2378 495 τοῦτο
2410 443 2693 513 συμϐάσης
2725 441 2820 511 τῆς
2853 440 3027 502 νόσου,
3054 440 3139 492 ἵνα
3171 438 3429 509 δοξασθῇ·
3476 437 3669 510 εὔηθες

417 554 564 607 enim
607 550 714 603 hoc
748 549 932 602 dicere
962 563 976 610 ;
1047 544 1138 598 sed
1173 542 1616 612 quandoquidem
1649 548 1987 608 contigerat,

415 645 583 698 etiam
637 639 703 692 ad
757 636 1138 692 admirabilem
1181 635 1341 688 ﬁnem
1391 633 1695 701 spectabat.
1742 629 1990 698 Seipsum

418 750 549 788 vero
578 732 740 804 677
771 732 847 784 ait
876 737 1070 784 natura
1108 727 1310 790 Deum,
1347 726 1551 796 quippe
1581 725 1636 778 in
1673 724 1848 793 ipsius
1880 727 1993 790 glo-

423 827 558 880 riam
592 826 797 877 factum
829 830 911 876 est
942 817 1086 888 quod
1123 817 1322 870 factum
1357 826 1464 870 est.
1496 815 1820 869 Prolocutus
1847 815 1990 868 enim

419 917 562 987 quod
602 916 716 970 haec
752 913 1049 968 inﬁrmitas
1080 911 1144 964 ad
1182 909 1414 976 gloriam
1449 907 1542 962 Dei
1577 915 1745 970 esset,
1765 907 1988 976 adjecit,

427 1030 445 1061 ι
478 1011 550 1064 l’t
579 1007 977 1078 gloriﬁcaretur
1008 1003 1100 1057 Dei
1151 1000 1324 1056 Filius
1357 1001 1408 1054 in
1440 1015 1525 1064 ea,
1557 1019 1576 1052 ›
1605 1001 1673 1054 de
1703 1000 1885 1068 seipso
1915 999 1994 1050 lo-

418 1117 617 1171 quens.
656 1099 802 1152 Nihil
835 1105 1018 1150 autem
1065 1095 1265 1148 mirum
1309 1093 1455 1164 quod
1495 1094 1693 1147 dixerit
1727 1107 1836 1146 non
1869 1107 1994 1146 esse

421 1194 487 1248 ad
521 1201 748 1247 mortem
777 1190 1150 1245 inﬁrmitatem
1179 1187 1368 1241 Lazari
1394 1231 1408 1252 ,
1439 1195 1492 1239 et
1519 1196 1699 1240 tamen
1734 1201 1882 1239 mors
1911 1199 1995 1237 ac-

421 1282 660 1337 ciderit:
695 1282 760 1334 ad
792 1281 866 1334 rei
895 1280 1040 1334 enim
1069 1278 1278 1332 exitum
1312 1278 1704 1348 respicientes,
1736 1275 1994 1344 quodque

420 1375 588 1444 paulo
627 1384 752 1445 post
793 1379 912 1426 erat
959 1380 1412 1433 resurrecturus,
1465 1385 1574 1422 non
1627 1369 1764 1438 quid
1814 1368 1993 1421 medio

418 1474 666 1534 tempore
697 1463 995 1533 contigerit
1029 1472 1347 1532 spectamus
1370 1501 1384 1523 ,
1417 1462 1509 1515 sed
1551 1461 1604 1513 in
1636 1477 1796 1530 quem
1829 1461 1990 1513 ﬁnem

421 1569 512 1608 res
544 1561 655 1607 tota
688 1553 964 1607 reciderit.
991 1551 1180 1605 Voluit
1209 1551 1355 1604 enim
1388 1549 1654 1603 Dominus
1682 1558 1739 1602 ut
1768 1560 1821 1602 et
1852 1564 1994 1617 azger

421 1654 675 1708 mortem,
709 1651 762 1697 et
797 1645 940 1713 quod
974 1645 1100 1698 inde
1120 1652 1364 1696 secutum
1397 1651 1506 1707 est,
1532 1641 1586 1694 in
1613 1641 1702 1695 Dei
1727 1641 1954 1710 gloriam
1975 1680 1990 1703 ,

423 1734 527 1788 hoc
549 1735 734 1789 cstsui
769 1734 968 1802 ipsius,
1005 1733 1339 1787 ostenderet.

492 1824 584 1889 ΧΙ,
618 1825 670 1879 5.
714 1824 969 1894 Diligebat
1005 1842 1122 1878 vero
1143 1823 1320 1887 Jesus,
1356 1832 1463 1878 etc.

495 1913 758 1984 Exposita
790 1915 1083 1968 mulierum
1118 1915 1354 1977 virtute,
1385 1914 1722 1984 evangelista
1751 1930 1848 1970 eas
1874 1930 1992 1970 me—

421 2006 534 2058 r’to
574 2006 649 2058 ait
677 2020 706 2058 a
735 2004 1029 2060 Servatore
1064 2006 1296 2060 dilectas
1345 2023 1358 2057 :
1403 2019 1504 2058 nec
1533 2005 1730 2060 mirum
1763 2007 1810 2061 si
1844 2023 1994 2060 mors

418 2102 476 2150 et
506 2097 736 2151 morbus
766 2096 812 2150 cl
845 2112 1008 2165 quem
1043 2095 1187 2152 Deus
1219 2095 1483 2165 diligebat
1514 2097 1798 2151 acciderit.
1832 2101 1995 2152 (Zom-

422 2189 610 2241 munia
639 2187 786 2242 enim
833 2189 1077 2242 omnium
1128 2204 1248 2257 qua!
1288 2204 1350 2242 ex
1397 2189 1716 2245 inﬁrmitate
1754 2192 1996 2245 naturali

422 2281 789 2350 proveniunt,
819 2282 1037 2335 tametsi
1069 2281 1430 2350 diligentibus
1481 2281 1648 2337 Deum
1694 2285 1995 2354 peculiaris

414 2385 484 2425 ea
524 2373 699 2442 gratia
743 2373 869 2427 data
913 2381 1034 2437 est,
1085 2382 1144 2426 ut
1189 2388 1297 2427 non
1350 2373 1537 2444 iniquo
1585 2376 1770 2430 animo
1815 2378 1996 2430 ferant

418 2479 715 2518 mrumnas.

490 2557 582 2619 ΧΙ.
616 2559 670 2612 6.
703 2555 904 2611 Mansit
934 2557 988 2610 in
1020 2560 1197 2612 eodem
1231 2559 1344 2615 loco
1377 2559 1579 2618 duabus
1612 2561 1816 2614 diebus.

494 2648 716 2702 Distulit
760 2665 920 2703 suum
967 2649 1295 2713 adventum,
1334 2659 1529 2706 utnon
1565 2669 1686 2707 eum
1721 2659 1996 2722 aegrotan-

420 2752 532 2796 tem
562 2749 818 2806 curaret,
841 2741 959 2805 sed,
979 2742 1121 2810 quod
1148 2742 1374 2812 majoris
1401 2753 1486 2798 est
1515 2745 1819 2814 potestatis,
1845 2761 1992 2800 mor-

423 2843 578 2888 t'..um
608 2832 941 2895 suscitaret,
991 2843 1050 2886 ut
1081 2834 1256 2888 multo
1297 2835 1534 2906 amplius
1569 2836 1990 2907 gloriﬁcaretur.

423 2922 615 2978 Merito
645 2937 777 2977 vero
819 2923 1092 2994 quispiam
1143 2925 1348 2980 dixerit
1400 2925 1627 2980 Mariam
1683 2928 1991 2997 symbolum

417 3028 546 3068 esse
603 3013 886 3082 gentium,
942 3012 1207 3066 Martham
1266 3023 1446 3068 autem
1498 3014 1990 3076 circumcisorum,

422 3103 648 3160 fratrem
679 3119 811 3158 vero
839 3120 1028 3158 earum
1064 3121 1093 3158 a
1125 3105 1362 3160 mortuis
1393 3106 1722 3160 suscitatum
1753 3120 1877 3159 eum
1911 3105 1994 3158 in-
2019 3132 2064 3191 ε

421 3209 596 3250 nitere
624 3195 716 3264 qui
745 3194 820 3249 ob
848 3195 1031 3264 aliqua
1067 3203 1292 3264 pecrata
1324 3195 1391 3249 ad
1437 3195 1645 3250 inferos
1693 3194 1993 3250 descende-

426 3287 529 3351 rit,
558 3286 714 3354 juxta
743 3285 876 3340 illud
903 3305 915 3340 :
945 3305 963 3337 ι
997 3288 1331 3342 Avertantur
1363 3297 1680 3356 peccatores
1723 3287 1776 3340 in
1821 3286 1994 3340 infer-

425 3394 556 3433 num
588 3377 652 3433 ³⁸.
689 3397 708 3429 ›
735 3377 847 3433 Nec
875 3379 1014 3432 citra
1046 3379 1316 3433 rationem
1349 3395 1415 3433 ex
1468 3379 1660 3433 ordine
1707 3379 1839 3448 legis
1884 3378 1997 3432 Ilo-

423 3471 590 3525 saicze
620 3471 828 3523 dictum
869 3470 945 3522 ait
973 3468 1198 3524 Marthae
1226 3488 1239 3524 :
1272 3489 1290 3520 ι
1321 3469 1556 3534 Martha,
1591 3469 1827 3535 Martha,
1852 3470 1996 3523 solli-

420 3561 532 3614 cita
563 3574 624 3616 es
651 3569 706 3616 et
739 3561 983 3615 turbaris
1015 3575 1141 3630 erga
1184 3561 1444 3631 plurima.
1474 3560 1655 3616 Unum
1700 3575 1865 3631 porro
1910 3572 1997 3616 est

422 3651 804 3705 necessarium
829 3690 844 3713 ,
882 3669 900 3703 ι
932 3651 1036 3705 hoc
1069 3658 1186 3715 est,
1219 3665 1396 3718 pauca
1425 3668 1439 3716 ;
1480 3651 1546 3704 ad
1578 3650 1811 3704 salutem
1848 3651 1996 3705 enim

423 3755 538 3793 uon
585 3741 776 3794 multis
824 3740 1114 3808 praeceptis
1161 3754 1301 3809 Opus
1343 3739 1500 3807 juxta
1559 3739 1698 3810 legis
1745 3741 1998 3809 praescri-

424 3838 618 3900 ptum,
654 3830 748 3883 sed
783 3831 972 3900 paucis
1003 3831 1184 3900 iisque
1213 3829 1281 3884 de
1309 3830 1580 3884 charitate
1609 3846 1672 3885 ac
1703 3829 2000 3887 dilectione

425 3919 577 3972 datis
597 3958 611 3980 ,
643 3920 697 3972 in
723 3921 925 3988 quibus
957 3920 1139 3990 posita
1169 3928 1253 3974 est
1284 3921 1465 3974 omnis
1497 3919 1580 3974 lex
1611 3929 1665 3974 et
1694 3923 1995 3992 prophetae.

500 4008 591 4070 XI,
623 4010 672 4062 7.
709 4009 909 4065 Eamus
932 4013 986 4064 in
1015 4010 1265 4065 Juda'am
1296 4027 1501 4066 rursus.

501 4101 604 4156 Per
643 4101 786 4157 istud
839 4103 988 4171 quod
1035 4104 1252 4157 locutus
1296 4115 1380 4158 est
1415 4104 1712 4169 Dominus,
1746 4124 1764 4156 ι
1796 4103 1999 4162 Eamus

425 4211 626 4250 rursus
647 4233 661 4259 ,
694 4213 714 4248 ι
741 4195 954 4249 videtur
987 4195 1092 4250 hoc
1121 4195 1344 4250 'dicere:
1387 4197 1503 4251 Etsi
1535 4197 1743 4269 indigni
1767 4200 1878 4254 sint
1919 4199 1998 4253 illi

2095 533 2380 603 γάρτοῦτο
2415 535 2610 586 εἰπεῖν’
2659 533 2773 586 ἀλλ’
2812 532 3044 602 ἐπείπερ
3077 531 3274 599 συνέϐη
3311 533 3404 584 καὶ
3434 533 3512 594 εἰς
3541 533 3670 584 θαυ-

2097 624 2302 693 μαστὸν
2338 624 2484 695 ἐώρα
2519 623 2691 686 τέλος.
2711 623 2930 676 Ἑαυτὸν
2959 623 3014 676 δέ
3046 640 3176 693 φησι
3210 622 3299 675 τὸν
3323 623 3481 691 φύσει
3514 623 3664 675 Θεόψ

2092 714 2256 768 αὑτοῦ
2289 715 2394 786 γάρ
2423 717 2503 780 εἰς
2536 715 2696 782 δόξαν
2735 715 2924 783 γέγονε
2967 720 3029 767 τὸ
3059 716 3296 783 γεγονός.
3333 713 3518 767 Εἰπὼν
3559 714 3667 783 γὰρ

2094 807 2176 858 ὅτι
2225 806 2365 876 ὑπὲρ
2404 806 2504 875 τῆς
2529 805 2685 875 δόξης
2729 805 2824 858 τοῦ
2877 804 3014 858 Θεοῦ
3053 805 3273 873 γέγονεν
3315 807 3346 874 ἡ
3391 804 3664 861 ἀσθένεια.

2094 899 2396 967 ἐπήγαγεν,
2447 899 2561 951 Ἵνα
2587 898 2818 969 δοξασθῇ
2856 900 2883 951 6
2909 897 3036 959 Υἱὸς
3083 897 3176 948 τοῦ
3233 895 3366 948 Θεοῦ
3411 897 3469 948 ἐν
3503 895 3662 964 αὐτῇ,

2094 991 2224 1060 περ).
2273 989 2464 1043 ἐαυτοῦ
2511 991 2704 1058 λέγων.
2746 990 2887 1043 Εἰδὲ
2923 989 3081 1052 αὐτὸς
3127 989 3224 1060 μὲν
3253 985 3373 1042 εἷπε
3423 988 3496 1058 μὴ
3526 981 3664 1040 εἶναι

2095 1081 2230 1150 προς
2277 1080 2506 1134 θάνατον
2549 1083 2648 1148 τὴν
2693 1081 2788 1134 τοῦ
2842 1082 3088 1150 Λαζάρου
3146 1077 3474 1151 ἀρρωστίαν,
3531 1094 3665 1146 συμ-

2092 1170 2292 1240 ϐέϐηκε
2320 1171 2377 1224 δέ
2405 1171 2434 1222 6
2476 1171 2720 1234 θάνατος,
2760 1171 2910 1224 οὐδὲν
2945 1169 3272 1240 θαυμαστόν·
3309 1169 3443 1238 πρὸς
3469 1171 3577 1238 γὰρ
3604 1167 3664 1217 τὸ

2093 1263 2267 1333 πέρας
2313 1263 2548 1333 ὁρῶντες
2601 1262 2691 1316 τοῦ
2722 1262 3066 1333 πράγματος,
3098 1262 3192 1315 καὶ
3213 1263 3293 1314 ὅτι
3327 1259 3516 1330 ἔμελλε
3548 1259 3663 1328 μετ’

2091 1352 2271 1420 ὀλίγον
2296 1354 2613 1421 ἀναστῆναι·
2655 1352 2772 1422 οὐχὶ
2801 1352 2853 1404 τί
2883 1351 3228 1422 συμϐέϐηκεν
3255 1353 3312 1405 ἐν
3342 1349 3420 1421 τῷ
3459 1345 3662 1416 μεταξὺ

2094 1443 2424 1514 σκοποῦμεν,
2463 1444 2578 1496 ἀλλ’
2611 1445 2690 1506 εἰς
2724 1447 2875 1496 ποῖον
2906 1442 3071 1512 ἀνέϐη
3098 1442 3159 1495 τὸ
3197 1442 3386 1511 πέρας.
3439 1441 3662 1510 Ἐκρινε

2092 1534 2199 1606 γὰρ
2265 1535 2295 1586 6
2350 1531 2552 1604 Κύριος
2615 1532 2942 1588 ἀσθενοῦντα
3023 1532 3190 1597 δεῖξαι
3252 1534 3342 1585 τὸν
3413 1531 3662 1593 θάνατον,

2092 1628 2189 1680 καὶ
2211 1627 2271 1680 τὸ
2299 1626 2544 1697 συμϐὰν,
2595 1629 2674 1689 εἰς
2720 1625 2876 1690 δόξαν
2920 1624 3054 1679 Θεοῦ
3113 1625 3300 1692 δεῖξαι,
3331 1624 3476 1678 τοῦτ’
3517 1623 3663 1676 ἐστιν

2093 1719 2307 1774 ἐαυτοῦ.

2025 1787 2066 1842 Β
2177 1811 2398 1881 Ἠγάπα
2427 1812 2493 1864 δὲ
2521 1815 2552 1864 ὀ
2581 1811 2838 1877 Ἰησοῦς,
2875 1810 2966 1863 καὶ
2995 1809 3062 1862 τά
3092 1809 3236 1878 ἐξῆς.

2167 1902 2483 1967 Καταλέξας
2524 1903 2580 1956 δὲ
2611 1905 2638 1954 6
2670 1902 3058 1972 εὐαγγελιστὴς
3093 1902 3190 1971 τὴν
3229 1899 3337 1952 τῶν
3390 1897 3662 1967 γυναικῶν

2095 1994 2314 2062 ἀρετὴν,
2341 1993 2562 2056 εἰκότως
2589 1994 2754 2057 αὑτὰς
2782 1992 3097 2059 ἀγαπᾶσθαι
3123 1990 3273 2062 παρά
3293 1989 3386 2042 τοῦ
3413 1989 3661 2058 Σωτῆρος

2095 2087 2220 2155 ἔφη’
2276 2087 2370 2139 καὶ
2408 2087 2559 2138 οὐδὲν
2603 2084 2934 2155 θαυμαστὸν,
2975 2085 3023 2136 εἰ
3079 2084 3232 2145 νόσος
3290 2081 3384 2134 κα)⁵
3435 2080 3663 2141 θάνατος

2098 2177 2294 2246 συνέϐη
2348 2177 2426 2248 τῷ
2475 2179 2539 2230 ἐκ
2594 2176 2733 2230 Θεοῦ
2784 2175 3144 2247 ἠγαπημένῳ.
3202 2172 3368 2226 Κοινὰ
3428 2171 3534 2240 γὰρ
3594 2168 3662 2222 τὰ

2094 2269 2152 2336 ἐξ
2197 2269 2479 2332 ἀσθενείας
2539 2269 2773 2338 φυσικῆς
2818 2267 3185 2338 συμϐαίνοντα
3231 2264 3414 2333 πάθη,
3476 2264 3524 2314 εἰ
3569 2262 3661 2314 καὶ

2097 2360 2237 2432 ἰδικὴ
2270 2360 2428 2432 χάρις
2473 2363 2586 2423 τοῖς
2618 2359 2872 2424 ἀγαπῶσι
2911 2359 2999 2412 τὸν
3041 2357 3172 2410 Θεὸν
3203 2355 3409 2409 δέδοται
3435 2395 3450 2420 ,
3478 2353 3538 2406 τὸ
3586 2351 3660 2422 μὴ

2099 2452 2308 2523 βαρέως
2338 2453 2526 2522 φέρειν
2554 2451 2624 2505 τά
2641 2451 2876 2522 λυπηρά.

2169 2545 2438 2610 Ἐμεινεν
2469 2542 2537 2594 ἐν
2561 2541 2607 2605 ᾦ
2639 2537 2717 2612 ἦν
2745 2543 2904 2606 τόπῳ
2931 2539 3040 2592 δύο
3069 2538 3311 2608 ἡμέρας.

2179 2634 2493 2688 Ἀνεϐάλετο
2542 2633 2641 2703 τὴν
2686 2632 2887 2702 ἄφιξιν,
2952 2633 3036 2684 ἴνα
3085 2631 3160 2701 μὴ
3202 2629 3457 2682 νοσοῦντα
3501 2625 3660 2680 αὐτὸν

2095 2729 2442 2802 θεραπεύσῃ.
2528 2725 2664 2780 ἀλλά
2724 2725 3122 2796 τελευτήσαντα
3183 2722 3478 2791 ἀναστήσῃο
3527 2718 3662 2789 ὅπερ

2095 2826 2209 2877 ἐστὶ
2241 2823 2484 2894 μείζονος
2505 2821 2807 2891 δυνάμεως,
2837 2820 2924 2872 ἴνα
2959 2817 3216 2888 μειζόνως
3254 2813 3658 2882 δοξασθήσεται.

2095 2913 2332 2974 Εἰκότως
2381 2912 2446 2964 ἀν
2494 2927 2577 2973 τις
2622 2909 2765 2962 εῐποι
2804 2907 2901 2978 τὴν
2949 2904 3165 2976 Μαρίαν
3215 2901 3480 2973 σύμϐολον
3525 2895 3662 2954 εἶναι

2094 3004 2200 3058 τῶν
2235 3004 2339 3056 ἀπὸ
2368 3002 2556 3065 ἐθνῶν,
2591 3002 2688 3072 τὴν
2719 3001 2772 3052 δὲ
2803 2998 3052 3070 Μάρθαν,
3103 2997 3210 3050 τῶν
3251 2998 3315 3048 ἐκ
3343 2992 3658 3064 περιτομῆς,

2095 3096 2184 3148 τὸν
2216 3094 2273 3147 δὲ
2302 3096 2367 3146 ἐκ
2410 3092 2618 3164 νεκρῶν
2668 3093 3022 3160 ἀνιστάμενον
3067 3088 3289 3158 ἀδελφὺν
3323 3085 3524 3150 αὐτῶν,
3570 3085 3660 3137 τὸν

2093 3189 2180 3242 διά
2207 3203 2329 3240 τινα
2363 3187 2734 3257 ἁμαρτήματα
2761 3187 2838 3247 εἰς
2872 3183 2996 3254 ᾷδου
3034 3179 3462 3250 καταϐεϐηκότα,
3521 3173 3660 3231 κατά

2094 3280 2173 3342 τὸ,
2205 3297 2224 3330 ι
2271 3278 2810 3347 Ἀποστραφήτωσαν
2843 3275 2891 3327 οἱ
2922 3273 3234 3344 ἁμαρτωλοὶ
3253 3274 3330 3334 εἰς
3347 3270 3435 3324 τὸν
3462 3267 3613 3340 ᾅδην.
3634 3285 3656 3318 ι

2095 3371 2205 3424 Καὶ
2229 3369 2328 3423 ούκ
2361 3368 2638 3431 ἀπιθάνως
2672 3366 2758 3420 διὰ
2789 3367 2886 3436 τὴν
2921 3369 2978 3418 ἐν
3005 3364 3082 3436 τῷ
3119 3363 3361 3426 Μωσέως
3391 3361 3539 3431 νόμῳ
3567 3375 3665 3412 ποι

2093 3459 2294 3514 λιτείαν
2320 3459 2486 3528 φησὶν
2515 3457 2766 3530 εἰρῆσθαι
2791 3461 2855 3528 τῇ
2878 3455 3098 3526 Μάρθα⁸
3136 3473 3156 3505 ‹
3192 3453 3410 3524 Μάρθα,
3445 3447 3663 3521 Μάρθα,

2098 3553 2368 3624 μεριμνᾷς
2410 3553 2503 3605 καὶ
2543 3550 2788 3623 τυρϐάζῃ
2829 3551 2958 3620 περὶ
3010 3548 3195 3602 πολλά.
3243 3545 3390 3608 Ἐνδς
3437 3543 3495 3597 δέ
3551 3543 3666 3596 ἐστι

2097 3646 2276 3718 χρεία,
2317 3665 2334 3695 ι
2393 3645 2512 3716 ἦτοι
2559 3643 2774 3712 ὀλίγωνο
2831 3644 2910 3706 εἰς
2963 3642 3236 3714 σωτηρίαν
3277 3641 3407 3710 γὰρ,
3453 3637 3513 3691 οὑ
3556 3637 3666 3690 τῶν

2096 3735 2309 3789 πολλῶν
2338 3735 2566 3788 ἐντολῶν
2589 3733 2746 3805 χρεία
2769 3733 2910 3788 κατά
2934 3733 2994 3785 τὸ
3016 3731 3110 3786 τοῦ
3136 3732 3298 3802 νόμου
3318 3728 3664 3800 πρόσταγμα,

2095 3826 2211 3880 ἀλλ’
2244 3826 2438 3895 ὀλίγων
2464 3825 2571 3878 τῶν
2619 3825 2748 3894 περὶ
2784 3824 3005 3893 ἀγάπης
3054 3818 3579 3892 νενομοθετημένων.
3607 3818 3666 3870 ἐν

2097 3913 2179 3981 οἷς
2204 3921 2478 3990 κρεμᾶται
2497 3919 2614 3980 ὅλος
2637 3919 2665 3970 6
2689 3917 2851 3986 νόμος
2883 3916 2976 3969 καὶ
3005 3917 3052 3968 οἱ
3087 3915 3380 3986 προφῆται.

2172 4009 2432 4077 Ἄγωμεν
2448 4010 2536 4074 εἰς
2563 4005 2678 4074 τὴν
2723 4004 3013 4059 Ἰουδαίαν
3033 4003 3241 4056 πάλιν.

2169 4099 2351 4156 Εἰπὼν
2383 4100 2482 4171 μέν
2527 4117 2608 4153 τοι
2647 4099 2674 4150 6
2704 4099 2908 4168 Κύριος
2955 4096 3034 4160 τὸ,
3090 4114 3109 4146 ι
3155 4095 3323 4148 Πάλιν
3363 4093 3607 4164 ἄγωμεν,
3641 4111 3660 4143 ι

2098 4193 2244 4246 δοκεῖ
2286 4191 2665 4262 ὑπεμφαίνειν,
2702 4191 2783 4243 ὃτι
2812 4191 2873 4242 Εἰ
2908 4188 3001 4244 καὶ
3039 4185 3247 4253 ἀνάξιοί
3288 4187 3422 4237 εἰσιν
3472 4186 3668 4238 ἐκεῖνοι

427 4284 726 4348 beneﬁcio,
759 4293 940 4338 tamen
975 4286 1106 4355 quia
1139 4294 1300 4339 vocat
1332 4287 1556 4341 occasio
1587 4303 1710 4357 qua:
1742 4288 1851 4344 illis
1892 4290 1995 4342 uti-

2105 4284 2435 4356 εὐεργεσίας,
2472 4282 2608 4336 ἀλλά
2646 4281 2837 4353 καιροῦ
2878 4281 3168 4345 καλοῦντος
3193 4281 3285 4335 τοῦ
3316 4274 3671 4351 ἐμποιοῦντος

430 4375 640 4430 litatem
672 4375 952 4444 importet,
984 4375 1278 4430 redeamus
1327 4375 1396 4429 ad
1451 4377 1597 4432 illos.
1641 4380 1711 4432 At
1741 4378 1995 4450 discipuli

2105 4379 2284 4441 αὐτοῖς
2328 4376 2614 4446 ὠφέλειαν,
2663 4374 2986 4444 ἀπέλθωμεν
3047 4373 3182 4444 πρὸς
3224 4374 3440 4436 αὐτούς.
3493 4374 3557 4426 Oi
3612 4371 3670 4426 δὲ

425 4466 628 4521 all'ectu
654 4482 788 4538 erga
815 4482 940 4521 eum
977 4469 1245 4536 impedire
1275 4469 1553 4533 videntur,
1609 4472 1913 4541 quinetiam
1945 4483 1995 4528 el

2107 4469 2343 4540 μαθηταὶ
2391 4467 2604 4521 δοκοῦσι
2646 4467 2734 4520 διὰ
2767 4465 2865 4536 τὴν
2907 4465 3126 4536 ἀγάπην
3163 4466 3262 4538 τὴν
3309 4465 3445 4536 πρὸς
3487 4465 3668 4530 αὐτὸν,

428 4567 492 4612 ut
537 4559 606 4612 de
650 4558 872 4613 homine
915 4559 1197 4629 cogitant,
1241 4560 1399 4629 quasi
1451 4576 1752 4616 occurrens
1793 4561 1998 4617 ludatis

429 4646 739 4716 periculum
773 4647 1030 4703 aditurus
1061 4649 1165 4712 sit,
1195 4650 1412 4704 etiamsi
1456 4651 1593 4704 nolit
1613 4689 1628 4714 ,
1656 4651 1824 4722 678
1855 4652 2000 4706 ideo-

429 4752 537 4806 que
568 4735 848 4791 recordari
875 4737 1071 4806 jubent
1103 4736 1344 4791 furorem
1383 4746 1438 4792 et
1481 4738 1750 4792 insaniam
1785 4737 2000 4793 Judaao-

432 4843 550 4882 rum
575 4827 632 4880 in
663 4843 744 4892 se,
769 4826 1168 4897 propemodum
1201 4829 1448 4884 dicentes
1473 4845 1487 4883 :
1517 4828 1660 4895 Quid
1689 4845 1882 4885 rursus
1913 4831 1999 4883 in—

431 4934 516 4973 .er
563 4919 817 4972 inﬁdeles
861 4927 916 4974 et
961 4919 1210 4989 ingratos
1253 4925 1464 4976 versari
1521 4923 1710 4990 cupis,
1757 4922 1850 4992 qui
1899 4938 2001 4978 nec

429 5011 654 5075 verbis,
688 5025 790 5064 nec
831 5011 1096 5080 operibus
1149 5013 1304 5067 leniri
1355 5014 1636 5085 possunt?
1683 5015 1776 5082 qui
1821 5014 2000 5070 adhuc

431 5105 644 5172 spirant
675 5101 880 5156 eadem
909 5117 974 5156 ac
1005 5104 1329 5174 sanguinem
1362 5105 1651 5160 adversum
1686 5115 1768 5168 te,
1799 5107 2000 5176 quibus

428 5195 650 5249 animus
700 5195 852 5250 rabie
886 5203 1068 5249 tumet
1097 5211 1161 5250 ac
1193 5195 1644 5252 eﬁervescit.Vel
1685 5197 1789 5251 huc
1833 5198 2001 5268 igitur

428 5289 620 5340 dicunt
642 5328 657 5351 ,
703 5288 790 5341 vel
821 5288 928 5341 hoc
959 5302 1155 5342 eorum
1200 5304 1386 5343 sermo
1416 5289 1718 5360 signiﬁcat,
1749 5289 1900 5358 ipsos
1930 5290 2000 5342 ah

425 5391 496 5431 eo
538 5377 663 5431 duci
697 5377 751 5430 in
795 5377 1149 5433 manifestum
1181 5381 1512 5449 periculum.
1546 5379 1751 5435 Tamen
1788 5396 1997 5435 morem

423 5481 626 5541 gerunt
661 5473 964 5541 magistro,
999 5481 1257 5544 tanquam
1288 5474 1380 5544 qui
1420 5473 1655 5529 meliora
1687 5475 1853 5528 norit.

501 5561 592 5625 XI,
616 5561 670 5616 9.
713 5561 968 5633 Nunquid
1004 5563 1282 5619 duodecim
1309 5575 1431 5620 sunt
1459 5566 1605 5619 hora:
1638 5565 1784 5620 diei?
1817 5575 1920 5620 etc.

501 5671 663 5727 Forte
697 5683 986 5756 comparat
1019 5677 1304 5735 hominum
1343 5687 1578 5735 mentem
1609 5677 1874 5734 novitatis
1901 5669 1998 5732 eu-

497 5803 545 5834 “
583 5803 730 5860 Psal.
766 5821 851 5871 lx,
885 5807 968 5864 18.

2105 4561 2333 4615 κωλύειν
2375 4560 2574 4626 αὑτὸν,
2624 4557 2760 4628 πλὴν
2797 4557 2872 4622 ὡς
2913 4556 3198 4628 ἄνθρωπον
3237 4554 3436 4609 οἴονται
3469 4555 3550 4607 ὃτι
3575 4554 3673 4607 καὶ⁵

2103 4656 2251 4708 ἄκων
2281 4652 2614 4706 κινδυνεύσει
2653 4653 2764 4714 τοῖς
2805 4648 3075 4711 Ἰουδαίοις
3120 4646 3444 4718 περιτυχών·
3475 4647 3674 4699 διὸκαὶ

2104 4744 2614 4814 ἀναμιμνήσκουσιν
2657 4741 2818 4794 αὐτὸν
2865 4740 2962 4810 τῆς
3022 4739 3290 4792 Ἰουδαίων
3327 4739 3465 4792 κατὰ
3507 4737 3673 4792 αὑτοῦ

2107 4833 2326 4902 μανίας,
2381 4833 2664 4902 μονονουχὶ
2702 4831 2969 4900 λέγοντες·
3011 4831 3076 4882 Τί
3123 4829 3284 4882 πάλιν
3319 4827 3498 4898 ζητεῖς
3535 4828 3679 4898 μετά

2105 4925 2214 4978 τῶν
2253 4925 2495 4978 ἀπειθῶν
2523 4921 2773 4992 γενέσθαι
2799 4923 2891 4976 καὶ
2917 4921 3224 4992 ἀχαρίστων
3261 4920 3367 4972 τῶν
3395 4921 3470 4991 μὴ
3496 4920 3681 4987 λόγοις

2111 5018 2246 5088 μηδὲ
2311 5016 2493 5086 ἔργοις
2550 5013 3002 5086 μαλασσομένωνς
3058 5015 3109 5065 οἱ
3161 5013 3256 5066 καὶ
3317 5013 3397 5064 ἔτι
3473 5012 3680 5080 φονῶσι

2106 5107 2248 5160 κατά
2277 5107 2392 5172 σοῦ,
2427 5107 2522 5160 καὶ
2542 5105 2730 5170 ζέοντα
2759 5105 2850 5158 τὸν
2881 5104 3049 5175 θυμὸν
3077 5104 3304 5174 ἔχουσιν.
3340 5104 3408 5155 ’Ἡ
3436 5099 3529 5156 οὖν
3549 5103 3682 5155 τοῦ·

2105 5197 2166 5249 τό
2200 5213 2382 5266 φασιν,
2424 5197 2457 5268 ἢ
2494 5195 2654 5250 τοῦτο
2690 5196 2941 5267 σημαίνει
2981 5199 3010 5250 6
3044 5197 3199 5264 λόγος
3232 5195 3428 5248 αύτῶψ
3464 5195 3547 5246 ὅτι
3597 5196 3682 5259 εἰς

2107 5289 2358 5359 προφανῆ
2385 5289 2628 5342 κίνδυνον
2648 5289 2846 5352 αὐτοὺς
2873 5290 3014 5357 ἄγει.
3039 5289 3224 5359 Ὅμως
3247 5287 3578 5341 ὑπακούουσι
3600 5286 3682 5356 τῷ

2105 5379 2426 5450 διδασκάλῳ,
2454 5379 2528 5443 ὡς
2549 5379 2709 5433 εἰδότι
2748 5380 2807 5432 τὸ
2833 5380 3058 5450 βέλτιον.

2173 5556 2321 5626 Οὐχὶ
2353 5555 2579 5611 δώδεκα
2597 5551 2744 5626 ὧραί
2772 5560 2888 5611 εισι
2922 5555 3027 5624 τῆς
3047 5556 3298 5625 ἡμέρας
3321 5555 3497 5608 καὶτὰ
3525 5552 3677 5624 ἑξῆς.

2178 5669 2330 5740 Τάχα
2360 5670 2416 5724 δὲ
2448 5674 2515 5742 τῇ
2543 5671 2641 5742 τῆς
2683 5670 2894 5741 ἡμέρας
2929 5670 3219 5741 ἀεικινήτῳ
3254 5670 3392 5739 φορᾷ
3414 5665 3665 5739 παρεικά·
