3894 6200
212 293 277 346 li
1064 288 1129 341 IN
1153 285 1494 343 IOANNEM.
1526 317 1595 329 --
1621 286 1749 341 LIB.
1790 285 1878 341 VII
1911 284 1999 340 ΕΤ
2030 284 2140 340 VIII
2180 282 2628 340 FRAGMENTA.
3386 282 3456 341 ﬂ

213 411 293 475 ζει
333 409 431 479 τὴν
474 408 828 478 εύπάροιστον
864 410 957 461 καὶ
998 411 1301 477 φιλόκαινον
1332 412 1440 464 τῶν
1480 409 1785 480 ἀνθρώπων

1917 408 2073 462 ιίἀοιη
2105 422 2169 462 ac
2202 405 2461 461 mobilem
2484 447 2498 472 ,
2534 417 2752 473 semper
2786 401 2973 457 ﬂuenti
3005 400 3218 455 dierum
3249 401 3455 459 motui.

212 501 475 563 δι’ἀνοιαν,
531 500 627 567 τὴν
676 499 751 570 μὴ
803 500 1098 570 ἱσταμένην
1148 503 1242 554 ἐπὶ
1308 504 1438 572 μιᾶς
1483 501 1789 571 δοκήσεως,

211 593 351 649 ἀλλὰ
386 592 783 662 μεταπηδῶσαν
834 592 943 645 ἀπὸ
987 592 1180 661 ἐτέρας
1213 592 1439 662 γνώμης
1480 593 1559 652 εἰς
1606 590 1792 659 ἄλλην,

212 684 289 747 ὡς
345 685 441 735 καὶ
497 684 531 753 ὴ
579 682 761 751 ἡμέρα
807 682 913 735 ἀπὸ
975 682 1125 753 ὥρας
1170 683 1337 753 ἄλλης
1369 686 1448 745 είς
1492 682 1657 752 ἀλλην
1704 699 1797 751 με-

212 769 480 823 ταϐαίνει.
526 770 758 840 Νοήσεις
804 770 859 822 δὲ
901 772 996 824 καὶ
1046 772 1219 835 οὕτως
1247 772 1327 835 τὸ,
1365 793 1383 822 ι
1421 772 1553 841 Οὐχὶ
1590 772 1799 826 δώδεκά

217 859 357 911 εἰσιν
414 859 473 910 αί
517 851 658 929 ὧραι
691 859 787 927 τῆς
820 859 1067 930 ἡμέρας;
1110 879 1127 912 ι
1175 861 1319 913 τοῦτ’
1377 862 1544 924 ἔστιν,
1588 861 1799 931 Ἡμέρα

214 952 332 1020 εἰμὶ
362 951 457 1002 καὶ
507 952 644 1019 φῶς.
690 952 902 1022 ’Ὠσπερ
956 949 1047 1005 οὖν
1075 954 1176 1007 οὐκ
1225 953 1291 1006 ἂν
1350 953 1673 1024 καταλήξειε
1699 953 1799 1023 τῆς

213 1040 429 1112 ἡμέρας
440 1043 500 1095 τὸ
518 1042 654 1109 φῶς,
679 1044 754 1113 μὴ
776 1044 896 1113 ούχὶ
913 1044 1001 1097 τὸν
1035 1045 1370 1115 τεταγμένον
1396 1047 1613 1115 ἀποπλη
1623 1045 1802 1115 ρῶσαν

216 1134 441 1203 καιρόν·
486 1134 658 1199 οὕτως
698 1135 797 1187 ούκ
828 1136 941 1188 ἐστι
974 1136 1081 1189 τῶν
1127 1137 1514 1207 ἐνδεχομένων,
1550 1138 1639 1189 τὸν
1670 1115 1801 1207 παρ’

216 1224 353 1296 ἐμοῦ
415 1227 795 1281 συστέλλεσθαι
843 1229 1123 1297 φωτισμὸν
1171 1230 1279 1284 ἀπὸ
1327 1230 1433 1281 τῶν
1502 1228 1801 1293 Ἰουδαίων,

222 1320 298 1390 μὴ
345 1320 426 1384 εἰς
470 1320 530 1372 τὸ
574 1321 785 1389 πρέπον
827 1322 925 1391 τῆς
976 1321 1384 1392 φιλανθρωπίας
1440 1322 1806 1395 προελθούσης

222 1411 442 1482 μέτρον.
493 1411 737 1483 Ἦμέραν
766 1412 821 1464 δὲ
858 1413 1006 1480 λέγει
1033 1414 1123 1467 τὸν
1146 1416 1242 1484 τῆς
1268 1414 1569 1485 παρουσίας
1593 1414 1803 1483 καιρὸν,

220 1500 392 1553 νύκτα.
418 1500 491 1565 δὲ,
524 1501 615 1553 τὸν
652 1501 757 1571 πρὸ
792 1501 1014 1571 ταύτης·
1044 1502 1119 1564 ὡς
1162 1504 1255 1556 καὶ
1289 1505 1417 1557 ὅταν
1460 1503 1617 1573 λέγῃ·
1656 1523 1674 1554 ι
1716 1496 1809 1553 Δεῖ

220 1594 548 1667 ἐργάζεσθαι
588 1595 655 1647 τὰ
686 1594 824 1665 ἔργα
852 1595 945 1647 τοῦ
996 1595 1309 1665 πέμψαντός
1352 1614 1442 1666 με,
1485 1596 1588 1658 ἓως
1629 1595 1809 1665 ἡμέρα

222 1685 361 1738 ἐστί.
413 1703 433 1735 ι
470 1685 640 1739 Τοῦτο
684 1682 776 1739 οὖν
815 1686 1048 1740 ἐνταῦθά
1089 1705 1241 1758 φησι,
1284 1689 1368 1741 ὅτι
1407 1689 1519 1741 Ούκ
1556 1688 1669 1740 ἔστι
1716 1686 1810 1741 νῦν

1893 513 2174 568 nunquam
2208 498 2435 552 lirmiter
2469 497 2526 550 in
2556 509 2665 550 una
2717 493 2979 564 opinione
3025 494 3417 549 consistentem
3441 536 3457 560 ,

1896 591 1991 646 sed
2038 591 2107 644 ab
2138 605 2243 643 una
2278 591 2333 643 in
2365 589 2525 642 aliam
2553 588 2881 643 sententiam
2913 585 3215 639 desultoria
3243 584 3462 639 levitate

1897 688 2274 734 transeuntem
2298 719 2313 743 ,
2345 676 2804 747 quemadmodum
2834 674 2952 730 dies
2994 676 3061 728 ab
3105 688 3212 728 una
3241 674 3378 729 hora
3406 674 3461 729 in

1900 772 2064 824 aliam
2092 770 2314 824 transit.
2344 768 2561 823 Poteris
2590 768 2758 823 etiam
2798 768 2881 822 sic
2920 766 3269 836 interpretari
3322 766 3426 821 hoc
3449 807 3463 828 ,

1905 881 1923 913 ι
1982 861 2256 931 Numquid
2289 861 2573 915 duodecim
2624 867 2754 914 sunt
2801 859 2949 912 liora:
2981 858 3129 914 diei?
3170 878 3191 911 ο
3222 857 3462 927 scilicet],

1901 951 2019 1008 dies
2050 969 2149 1024 ego
2183 969 2306 1007 sum
2339 962 2391 1007 et
2420 953 2535 1006 lux.
2575 950 2731 1003 Sicut
2762 950 2927 1020 igitur
2961 951 3053 1003 lux
3094 948 3203 1003 diei
3235 964 3344 1002 non
3377 948 3469 1003 de-

1905 1044 2083 1108 liciet,
2112 1046 2219 1098 nisi
2255 1043 2411 1113 prius
2440 1042 2806 1097 constitutum
2856 1049 3073 1110 tempus
3121 1040 3466 1110 impleverit:

1906 1139 1980 1192 ita
2008 1153 2123 1192 non
2152 1146 2237 1191 est
2266 1139 2317 1190 in
2333 1133 2776 1204 contingentibus
2805 1141 2864 1187 ut
2894 1149 3072 1187 meum
3102 1135 3288 1188 lumen
3320 1147 3351 1186 ιι
3381 1130 3471 1187 Ju-

1904 1230 2037 1286 dazis
2070 1230 2296 1285 tollatur
2326 1238 2381 1283 et
2412 1231 2764 1291 obscuretur,
2814 1226 3135 1293 priusquam
3170 1225 3236 1279 ad
3276 1239 3471 1279 conve-

1907 1323 2152 1377 nientem
2184 1337 2248 1376 ac
2279 1322 2525 1377 debitum
2572 1318 2931 1374 humanitatis
2971 1315 3193 1370 modum
3234 1317 3472 1371 devene-

1910 1414 2000 1468 rit.
2046 1412 2221 1467 Porro
2255 1412 2399 1467 diem
2429 1412 2564 1465 dicit
2612 1419 2828 1480 tempus
2881 1410 2966 1463 sui
3015 1406 3320 1472 adventus,
3373 1420 3474 1459 no-

1909 1515 2055 1561 ctem
2108 1521 2240 1560 vero
2266 1522 2387 1577 qua:
2420 1505 2574 1558 illum
2609 1502 2907 1573 praecedit,
2950 1500 3095 1555 velut
3138 1514 3261 1553 cum
3308 1499 3471 1554 etiam

1911 1600 2086 1654 dicit:
2123 1617 2140 1649 ι
2172 1597 2378 1652 Facere
2406 1604 2623 1668 oportet
2661 1610 2824 1666 opera
2865 1594 2986 1663 ejus
3027 1592 3123 1662 qui
3170 1590 3320 1645 misit
3351 1605 3471 1655 me,

1913 1696 2041 1751 dum
2072 1695 2191 1750 dies
2221 1703 2308 1749 est
2331 1695 2397 1746 ³⁸.
2427 1713 2444 1743 ι
2470 1691 2585 1747 Hoc
2614 1691 2780 1762 igitur
2808 1689 2929 1742 loco
2961 1687 3014 1740 id
3045 1685 3211 1740 dicit:
3243 1682 3363 1738 Non
3390 1691 3477 1738 est

222 1778 415 1847 καιρὸς
432 1780 727 1850 ἀποσχίσαι
750 1782 991 1851 ἐμαυτὸν
1016 1781 1125 1833 τῶν
1160 1780 1449 1845 Ἰουδαίων,
1470 1781 1573 1835 κᾶν
1599 1781 1803 1835 ἀνόσιοι

1917 1806 2057 1845 [ιηηο
2079 1798 2292 1857 tempus
2316 1796 2374 1842 ut
2404 1785 2718 1841 abstraham
2738 1797 2824 1837 me
2856 1796 2884 1835 a
2914 1779 3139 1843 Iudaeis,
3164 1778 3292 1831 licet
3322 1776 3475 1845 impii

221 1863 377 1933 ὦσιν,
413 1869 550 1923 ἀλλὰ
582 1871 761 1924 πάντα
794 1875 969 1925 ποιεῖν
1002 1872 1070 1929 τὰ
1106 1873 1240 1942 πρὸς
1276 1873 1573 1944 θεραπείαν
1604 1872 1803 1925 αὐτῶν.

224 1962 299 2014 Ob
328 1960 437 2033 γὰρ
456 1962 536 2014 δεῖ
567 1961 763 2025 αὐτοὺς
801 1962 895 2015 νῦν
930 1963 1272 2027 κολάζεσθαι,
1300 1965 1693 2034 ἀποχωρούσης
1714 1947 1808 2016 ἀπ¹

224 2052 405 2105 αὐτῶν
434 2053 531 2123 τῆς
555 2052 705 2116 Θείας
738 2054 957 2123 χάριτος
988 2054 1139 2124 ἡλίου
1181 2058 1357 2125 δίκην
1390 2054 1504 2107 ἀλλ’
1538 2054 1726 2124 ὥσπερ
1750 2053 1810 2105 τὸ

227 2141 345 2209 φῶς
378 2141 479 2211 τῆς
517 2143 725 2213 ἡμέρας
776 2144 876 2197 ούκ
920 2144 1181 2209 ἐκλείπει,
1226 2148 1274 2198 εί
1329 2145 1403 2215 μὴ
1447 2144 1708 2217 πληρωθῇ
1749 2144 1809 2197 τὸ

223 2228 598 2301 δωδεκάωρονο
650 2230 824 2295 οὕτως
877 2233 997 2286 οὐδὲ
1053 2237 1079 2287 6
1130 2235 1259 2305 παρ’
1294 2235 1428 2305 ἐμοῦ
1467 2234 1809 2287 συστέλλεται

227 2324 505 2394 φωτισμδς
540 2325 645 2395 πρὸ
667 2325 881 2396 καιροῦ,
930 2327 1065 2380 ἀλλὰ
1104 2329 1265 2399 μέχρι
1297 2327 1391 2380 τοῦ
1432 2327 1809 2399 σταυρωθῆναι

229 2415 379 2484 μενῶ
442 2416 580 2485 μετὰ
616 2416 726 2469 τῶν
792 2418 1081 2482 Ἰουδαίων,
1137 2420 1299 2483 ἐνιεὶς
1360 2421 1541 2482 αὐτοῖς
1583 2419 1658 2482 ὡς
1695 2417 1810 2486 φῶς

227 2506 329 2575 τῆς
361 2505 688 2573 θεογνωσίας
729 2509 829 2577 τὴν
879 2508 1109 2563 σύνεσιν.
1150 2510 1363 2580 Ἐπειδὴ
1406 2510 1512 2582 γὰρ
1570 2509 1810 2563 Ἰουδαῖοι

230 2596 291 2647 ἐν
324 2597 505 2649 σκότει
555 2596 704 2660 ὄντες
746 2598 1021 2661 ἀπιστίας,
1062 2600 1496 2669 προσκόπτουσιν
1552 2599 1638 2649 ἐπ’
1687 2600 1811 2669 ἐμοὶ

227 2686 304 2749 ὡς
342 2688 499 2759 λίθῳ,
534 2688 613 2741 δεῖ
632 2689 887 2742 ἀπελθεῖν
920 2691 1055 2759 πρὸς
1091 2693 1285 2753 αὐτοὺς
1319 2693 1414 2743 καὶ
1454 2690 1684 2758 φωτίσαι
1717 2690 1813 2743 αύ-

229 2777 377 2840 τοὺς,
402 2778 490 2830 ἵνα
514 2779 943 2849 παύσωνταιτῆς
975 2778 1241 2849 θεομάχου
1273 2780 1488 2849 μανίας.
1524 2778 1594 2830 Ἦ
1616 2778 1806 2841 οὕτως’

242 2867 466 2939 Ἐπειδὴ
498 2870 548 2921 οἱ
600 2869 839 2941 μαθηταὶ
892 2872 1125 2923 ἐκώλυον
1158 2872 1249 2923 τὸν
1272 2871 1504 2940 Χριστὸν
1540 2870 1811 2923 συνελθεῖν

230 2964 343 3023 τοῖς
382 2962 678 3026 Ἰουδαίοις,
699 2962 759 3014 ού
788 2964 855 3014 δι’
891 2964 1134 3025 ἑαυτοὺς,
1162 2963 1296 3015 ἀλλὰ
1315 2963 1403 3015 διὰ
1429 2962 1526 3033 τὴν
1552 2962 1686 3032 πρὸς
1718 2962 1812 3013 αύ-

1911 1886 2041 1949 sint,
2075 1883 2169 1939 sed
2201 1892 2262 1936 ut
2292 1881 2360 1936 ad
2381 1880 2718 1935 curationem
2753 1890 2941 1930 eorum
2975 1874 3111 1927 nihil
3146 1874 3475 1926 intentatum

1914 1975 2244 2044 relinquam.
2276 1972 2394 2027 Non
2427 1971 2568 2026 enim
2594 1976 2809 2038 oportet
2837 1982 2932 2021 eos
2960 1980 3108 2018 nunc
3133 1963 3393 2034 castigari
3422 1971 3480 2018 et

1910 2066 2096 2136 puniri
2115 2105 2130 2128 ,
2164 2063 2454 2119 recedente
2474 2098 2489 2125 ,
2518 2062 2667 2115 velut
2701 2061 2837 2124 sole,
2872 2059 2941 2111 ab
2964 2058 3043 2111 eis
3070 2056 3254 2111 divina
3280 2055 3477 2126 gratia,

1912 2157 2007 2213 sed
2038 2154 2497 2225 quemadmodum
2547 2152 2732 2205 lumen
2780 2148 2889 2203 diei
2942 2163 3053 2201 non
3100 2145 3321 2211 deficit,
3370 2146 3479 2201 nisi

1911 2248 2199 2304 duodecim
2229 2246 2491 2299 horarum
2526 2241 2777 2296 conlecto
2808 2240 3004 2308 spatio,
3033 2237 3115 2294 sic
3146 2252 3323 2307 neque
3353 2247 3478 2291 ante

1911 2349 2126 2409 tempus
2170 2353 2290 2393 mea
2342 2334 2691 2391 contrahitur
2739 2330 3105 2392 illuminatio,
3154 2330 3264 2384 imo
3306 2343 3479 2398 usque

1910 2432 1977 2485 ad
2007 2445 2227 2485 crucem
2257 2427 2490 2482 manebo
2509 2440 2633 2480 cum
2654 2421 3189 2485 Judmis,immittcns
3206 2419 3287 2474 eis
3309 2420 3478 2473 veluti

1912 2524 2095 2577 lumen
2129 2520 2223 2574 Dei
2258 2518 2593 2589 cognitionis
2623 2512 3071 2583 intelligentiam.
3120 2510 3480 2581 Quandoqui-

1911 2612 2034 2667 dem
2064 2611 2209 2667 enim
2238 2607 2431 2671 Judazi.
2466 2608 2522 2661 in
2562 2602 3165 2660 inﬁdelitatistenebris
3193 2609 3440 2656 errantes
3461 2641 3477 2664 ,

1914 2699 1968 2752 in
2012 2713 2098 2752 me
2140 2707 2201 2752 ut
2242 2698 2309 2751 ad
2354 2696 2593 2765 lapidem
2637 2692 2955 2757 ollendunt,
2998 2692 3237 2748 eundum
3281 2701 3365 2746 est
3413 2691 3481 2744 ad

1914 2790 2039 2843 illos
2071 2797 2126 2842 ut
2155 2789 2561 2854 illuminentur,
2589 2797 2643 2841 et
2668 2787 2922 2841 desinant
2951 2786 3006 2839 in
3036 2783 3203 2838 Deum
3235 2798 3484 2853 pugnare

1914 2895 1978 2934 ac
2009 2880 2221 2947 furere;
2246 2881 2332 2934 vel
2363 2880 2467 2933 hoc
2496 2878 2659 2932 modo
2688 2896 2701 2931 :
2736 2876 3193 2947 Quandoquidem
3225 2875 3483 2945 discipuli

1913 2970 2193 3024 Christum
2223 2969 2481 3024 accedere
2515 2967 2579 3021 ad
2610 2965 2826 3022 Judazos
2870 2966 3167 3028 vetabant,
3209 2980 3319 3019 non
3361 2979 3483 3034 pro-

230 3057 322 3109 τὸν
381 3056 545 3124 δῆθεν
598 3055 795 3124 φειδὼ,
847 3057 1259 3128 παραθαρρύνει
1321 3057 1518 3118 αὐτοὺς
1578 3055 1664 3109 διὰ
1709 3053 1811 3123 τῆς

1917 3070 2035 3133 pter
2067 3062 2277 3130 seipsos
2299 3102 2313 3127 ,
2364 3062 2460 3115 sed
2491 3058 2640 3129 quod
2670 3059 2788 3127 ejus
2822 3059 3012 3127 utique
3064 3057 3231 3111 saluti
3283 3067 3485 3111 metue-

232 3147 575 3219 παραϐολῆς,
631 3149 711 3200 ὅτι
779 3147 1032 3200 οὐδέποτε
1084 3145 1329 3199 πείσεταί
1373 3164 1426 3199 τι
1472 3146 1580 3201 τῶν
1655 3145 1813 3198 ἁϐου-

231 3240 431 3311 λήτων,
483 3240 546 3291 Et
583 3241 690 3311 γὰρ
722 3243 751 3294 6
804 3242 861 3292 ὲν
900 3239 1081 3309 ἡμέρᾳ.
1127 3238 1462 3309 περιπατῶν,
1490 3238 1549 3290 ού
1581 3238 1815 3307 προσκό-

234 3348 386 3396 πτει,
431 3332 549 3394 πῶς
588 3334 616 3391 6
657 3333 789 3384 πᾶσι
831 3331 891 3384 τὸ
924 3330 1039 3399 φῶς
1090 3331 1272 3393 ἐνιεὶς,
1322 3329 1580 3399 ὑπομένοι
1612 3347 1665 3381 τι
1704 3328 1813 3381 τῶν

234 3424 519 3493 λυπηρῶν,
572 3425 749 3489 dicunt;
805 3425 875 3476 Ἢ
940 3424 1055 3486 πῶς
1111 3426 1140 3477 6
1200 3425 1364 3476 πᾶσιν
1419 3420 1815 3475 ἀποκαλύπτων

234 3518 364 3578 τοὺς
393 3515 810 3585 κεκρυμμένους
844 3515 949 3567 τῶν
981 3514 1229 3585 πονηρῶν
1260 3514 1503 3583 βόθρους,
1539 3513 1815 3583 ὀλισθήσει

239 3608 296 3659 ὲν
325 3607 507 3669 αὐτοῖς
552 3606 624 3676 μὴ
645 3606 834 3670 εἰδώς;
872 3606 942 3658 Ἦ
969 3606 1030 3659 ού
1074 3605 1199 3675 περὶ
1226 3604 1414 3657 ἑαυτοῦ
1460 3604 1617 3657 τοῦτο
1645 3604 1812 3671 λέγει,

237 3698 375 3750 ἀλλὰ
402 3698 531 3768 περὶ
567 3697 674 3748 τῶν
709 3697 985 3766 μαθητῶν,
1029 3698 1111 3749 ὅτι
1138 3698 1289 3750 οὐδὲν
1334 3698 1613 3750 πείσονται
1642 3696 1814 3749 δεινὸν

242 3789 492 3851 συνόντες
518 3787 596 3856 τῷ
619 3788 797 3840 πάντα
849 3787 1157 3854 φωτίζοντι,
1209 3788 1303 3839 καὶ
1343 3788 1402 3840 ού
1438 3788 1593 3857 μόνον
1632 3789 1812 3849 εἰδότι,

238 3882 380 3935 ἀλλὰ
434 3880 527 3933 καὶ
574 3880 780 3951 ἑτέροις
824 3880 1262 3933 ἁποκαλύπτοντι
1295 3882 1392 3943 τὰς
1434 3882 1818 3951 κεκρυμμένας

244 3973 441 4044 βουλὰς
472 3973 579 4025 τῶν
611 3972 881 4042 πονηρῶνο
913 3972 992 4025 διὸ
1018 3972 1295 4044 προλέγων
1332 3973 1513 4035 αὐτοῖς
1544 3973 1600 4026 ἐν
1624 3991 1731 4025 τισι
1753 3974 1819 4026 τὰ

242 4065 480 4134 ἐσόμενα
517 4065 611 4117 καὶ
649 4063 1042 4132 καταφωτίξων
1079 4066 1296 4128 αὐτοὺς,
1346 4065 1445 4117 ούκ
1484 4066 1548 4134 ἑᾷ
1596 4066 1816 4135 περιπί-

242 4172 403 4208 πτειν
432 4153 744 4215 σκανδάλοις
773 4154 831 4205 ἐν
859 4155 971 4215 τοῖς
994 4152 1444 4222 συμϐησομένοις.

321 4395 578 4467 Λάζαρος
600 4398 634 4450 ὀ
669 4396 847 4465 φίλος
877 4390 1045 4463 ἡμῶν
1074 4393 1438 4461 κεκοίμηται.

335 4512 633 4579 ’Δξιόλογος
686 4511 955 4580 πρόφασις
1002 4509 1147 4561 ἕλκει
1211 4524 1279 4577 με
1348 4508 1427 4569 εἰς
1468 4503 1822 4576 Ἰερουσαλὴμ

249 4605 336 4675 (τὸ
372 4604 501 4674 γὰρ,
545 4621 563 4654 ε
628 4604 687 4656 '0
721 4602 871 4671 φίλος
910 4600 1066 4671 ἡμῶν
1106 4600 1451 4669 κεκοίμηται,
1486 4617 1505 4649 ι
1540 4597 1698 4649 τοῦτο
1733 4612 1824 4665 ση·

250 4698 479 4769 μαίνει),
521 4696 613 4749 καὶ
639 4694 731 4748 ἐὰν
764 4693 1093 4764 περιίδωμεν
1122 4691 1330 4751 τοῦτον,
1354 4689 1823 4758 ἁφιλοικτίρμονος

246 4791 602 4860 λαμὸἀνομεν
640 4788 815 4853 δόξας.
862 4786 952 4837 Διὸ
996 4783 1361 4837 δυσωπεῖσθαι
1408 4783 1511 4853 χρὴ
1553 4783 1701 4852 ἡμᾶς
1733 4781 1825 4832 ἐπὶ

245 4882 451 4953 τούτῳ,
500 4882 597 4933 καὶ
649 4880 875 4950 δραμεῖν
918 4876 1012 4929 ἐπὶ
1039 4876 1137 4945 τὴν
1191 4876 1283 4929 τοῦ
1324 4875 1475 4943 φίλου
1531 4873 1823 4943 σωτηρίαν,

251 4970 639 5042 ὑπερορῶντας
676 4969 785 5022 τῶν
831 4966 1135 5020 Ἰουδαϊκῶν
1167 4965 1487 5018 ἐπιϐουλῶν.
1519 4964 1741 5027 Δεικνὺς
1770 4963 1825 5015 δὲ

242 5064 419 5119 αὐτοῦ
453 5064 551 5133 τὴν
584 5059 863 5130 θεοπρεπῆ
907 5059 1153 5128 δύναμιν,
1195 5056 1359 5109 ὕπνον
1402 5056 1557 5109 καλεῖ
1594 5057 1691 5124 τῆς
1732 5057 1826 5107 ἁν-

250 5156 536 5227 θρωπίνης
563 5152 743 5224 ψυχῆς
786 5151 883 5222 τὴν
935 5151 1042 5202 ἀπὸ
1086 5149 1179 5202 τοῦ
1222 5150 1467 5217 σώματος
1496 5147 1691 5211 ἔξοδον
1740 5146 1828 5199 θά-

252 5264 416 5299 νατον
443 5244 549 5315 γὰρ
579 5243 676 5295 ούκ
706 5241 935 5309 ἠξίωσεν
965 5241 1134 5292 είπεῖν
1158 5240 1186 5291 ὁ
1226 5240 1414 5300 κτίσας
1443 5238 1533 5289 ἐπὶ
1555 5236 1829 5306 ἀφθαρσίᾳ

253 5337 349 5390 τὸν
377 5334 685 5403 ἄνθρωπον,
719 5330 861 5385 κατὰ
886 5331 945 5384 τὸ
970 5330 1373 5400 γεγραμμένον,
1401 5329 1495 5383 καὶ
1528 5326 1827 5397 σωτηρίους

246 5425 542 5489 ,ἀναδείξας
586 5423 681 5485 τὰς
714 5422 952 5491 γενέσεις
994 5419 1088 5474 τοῦ
1130 5421 1355 5489 κόσμου.
1391 5420 1535 5491 Πλήν
1581 5422 1695 5472 ἐστι
1736 5418 1829 5470 καὶ

254 5515 463 5587 ἀληθὴς
481 5516 510 5566 6
534 5513 709 5582 λόγος’
737 5511 901 5572 ὕπνος
926 5510 1033 5581 γὰρ
1055 5511 1221 5573 ὅντως
1246 5509 1397 5580 παρὰ
1419 5508 1537 5579 Θεῴ
1562 5510 1676 5574 καὶ,
1707 5508 1826 5559 ἓτε-

338 5695 382 5726 ³⁸
423 5692 583 5749 Joan.
619 5709 707 5756 Ix,
742 5692 792 5747 ι.
872 5692 916 5724 ⁸⁸
957 5692 1085 5763 Sap.
1123 5708 1179 5754 ι,
1216 5687 1402 5743 15-16.

601 5784 876 5842 Parant.
924 5782 1041 5842 Gtt.
1138 5778 1414 5839 LXXlV.

1917 3161 2079 3216 rent,
2131 3151 2419 3205 contirmat
2465 3166 2561 3205 eos
2610 3165 2708 3219 per
2761 3148 3114 3219 parabolam,
3147 3146 3296 3217 quod
3348 3147 3486 3202 nihil

1918 3260 2149 3315 usquam
2184 3252 2382 3312 praeter
2425 3242 2760 3295 voluntatem
2794 3254 3064 3309 passurus
3095 3238 3189 3293 sit.
3252 3237 3309 3291 Si
3339 3238 3486 3293 enim

1915 3338 2011 3408 qui
2042 3336 2288 3390 ambulat
2320 3335 2374 3388 in
2400 3335 2492 3389 die
2520 3349 2628 3388 non
2659 3332 2884 3388 oﬂ‘endit
2906 3376 2921 3398 ,
2947 3332 3226 3402 quomodo
3254 3331 3348 3401 qui
3378 3346 3489 3385 om-

1916 3428 2079 3480 nibus
2103 3425 2284 3478 lumen
2310 3423 2588 3487 immittit,
2616 3429 2904 3493 pateretur
2931 3421 3136 3490 aliquid
3195 3420 3487 3474 molestum

1917 3518 2171 3572 invitus?
2206 3518 2315 3569 Aut
2342 3517 2620 3586 quomodo
2651 3516 2744 3584 qui
2777 3515 3034 3568 omnibus
3069 3513 3277 3567 revelat
3304 3512 3490 3567 occul-

1917 3618 2000 3665 tas
2039 3609 2305 3663 malorum
2352 3608 2563 3670 foveas,
2596 3606 2914 3677 imprudens
2944 3606 2998 3659 in
3029 3620 3124 3660 eas
3156 3605 3362 3661 cadet?
3388 3603 3487 3659 Vel

1919 3716 2032 3754 non
2064 3700 2130 3754 de
2160 3699 2342 3770 seipso
2374 3699 2477 3752 hoc
2508 3698 2671 3763 dicit,
2718 3697 2813 3753 sed
2861 3696 2928 3750 de
2972 3696 3265 3767 discipulis
3287 3737 3302 3763 ,
3350 3697 3485 3751 nihil

1918 3809 2015 3848 eos
2068 3794 2322 3846 acerbum
2400 3804 2701 3860 passuros,
2753 3787 2920 3860 679
2964 3787 3207 3857 quandiu
3236 3802 3361 3841 cum
3393 3787 3489 3840 illo

1919 3890 2112 3946 erunt,
2146 3883 2241 3951 qui
2296 3882 2481 3936 omnia
2538 3879 2844 3943 illuminat,
2897 3878 3105 3947 quique
3152 3894 3260 3931 non
3312 3877 3491 3933 solum

1921 3978 2061 4039 scit,
2094 3972 2189 4027 sed
2224 3973 2350 4028 aliis
2380 3973 2546 4026 etiam
2580 3971 2775 4040 retegit
2817 3972 3033 4024 occulta
3064 3968 3334 4022 malorum
3366 3983 3493 4022 con-

1924 4066 2080 4127 silia,
2111 4064 2343 4132 ideoque
2374 4061 2684 4131 praedicens
2724 4060 2808 4115 eis
2838 4060 2893 4113 in
2925 4059 3253 4128 quibusdam
3304 4058 3490 4111 futura

1921 4166 1978 4210 et
2009 4154 2323 4207 illuminans
2351 4167 2445 4206 eos
2467 4194 2481 4216 ,
2516 4168 2625 4205 non
2659 4150 2789 4204 sinit
2820 4150 3117 4219 impingere
3146 4148 3200 4201 in
3232 4146 3491 4202 scandala

1924 4248 1978 4299 in
2011 4246 2077 4299 iis
2116 4260 2237 4314 qua:
2271 4252 2537 4297 eventura
2565 4252 2715 4297 sunt.

1997 4374 2094 4440 XI,
2126 4376 2213 4429 II.
2249 4376 2486 4429 Lazarus
2516 4374 2715 4427 amicus
2748 4384 2923 4426 noster
2946 4372 3163 4425 dormit.

1997 4489 2195 4545 Gravis
2224 4486 2443 4541 occasio
2469 4485 2636 4539 trahit
2681 4498 2767 4538 me
2807 4482 3152 4550 Jerusalem,
3197 4483 3303 4538 hoc
3346 4483 3496 4545 enim

1930 4583 2206 4653 signiﬁcat
2235 4578 2366 4632 illud
2398 4597 2409 4631 :
2450 4597 2467 4628 ι
2502 4577 2725 4630 Amicus
2770 4583 2957 4630 noster
3001 4575 3244 4642 dormit;
3281 4594 3302 4627 ι
3339 4590 3404 4635 ac
3446 4576 3494 4630 si

1928 4691 2053 4730 eum
2082 4674 2405 4743 neglexero,
2434 4670 2569 4724 mihi
2600 4669 2787 4738 opinio
2815 4667 3264 4723 immisericordis
3289 4676 3344 4723 et
3370 4668 3495 4723 duri

1930 4766 2214 4821 subeunda
2261 4771 2368 4818 est.
2422 4760 2601 4827 Quare
2650 4760 2855 4829 pudere
2906 4775 3007 4814 nos
3057 4766 3306 4829 oportet,
3343 4766 3398 4815 et
3428 4760 3497 4814 ad

1932 4859 2095 4913 amici
2144 4857 2379 4911 salutem
2430 4852 2755 4915 convolare,
2801 4851 3129 4921 contemptis
3179 4849 3494 4905 Juda'orum

1932 4952 2169 5007 insidiis.
2202 4948 2475 5004 Craterum
2508 4946 2807 5000 ostendens
2841 4960 3139 5015 congruam
3173 4943 3282 4999 Deo
3313 4952 3499 5015 poten-

1934 5045 2062 5096 tiam
2092 5057 2154 5095 ac
2180 5042 2350 5103 vires,
2382 5040 2636 5093 humanae
2664 5038 2860 5091 anima:
2893 5052 2923 5089 a
2954 5051 3184 5107 corpore
3215 5050 3498 5092 secessum

1935 5149 2186 5190 somnum
2215 5140 2372 5187 vocat
2398 5149 2411 5186 :
2451 5146 2625 5200 neque
2656 5130 2799 5183 enim
2836 5137 3067 5182 mortem
3095 5142 3300 5181 vocare
3326 5127 3499 5183 voluit

1934 5229 2023 5299 qui
2050 5226 2253 5283 creavit
2271 5226 2542 5279 hominem
2566 5223 2631 5277 ad
2654 5221 3119 5276 immortalitatem
3140 5260 3154 5283 ,
3169 5218 3329 5288 juxta
3354 5216 3501 5270 Scri-

1937 5332 2127 5391 pturas
2159 5320 2226 5383 ",
2265 5326 2319 5373 et
2348 5316 2734 5388 generationes
2764 5312 2954 5366 mundi
2989 5310 3056 5366 ad
3089 5312 3319 5367 salutem
3346 5308 3500 5364 fecit.

1938 5412 2332 5468 Verumtamen
2365 5410 2527 5464 etiam
2565 5422 2724 5463 verus
2758 5413 2842 5459 est
2878 5417 3091 5469 sermo,
3144 5409 3200 5455 et
3232 5414 3376 5470 ‘vere
3417 5406 3502 5454 est

1934 5520 2163 5562 somnus
2194 5500 2338 5574 apud
2369 5499 2537 5556 Deum
2608 5496 2852 5566 nihilque
2880 5491 3029 5547 aliud
3058 5501 3142 5547 est
3173 5486 3500 5563 temporaria

3158 5758 3193 5819 2
