3894 6200
401 286 476 344 1.3
1397 284 1455 339 δ.
1498 283 1776 339 CYRILLI
1811 284 2278 342 ALEXANDRINI
2320 285 2638 342 ARCHIEP.
3590 290 3662 343 Η

403 421 468 461 ac
501 409 886 459 momentanea
919 400 1172 472 corporis
1208 402 1385 456 nostri
1419 415 1568 457 mors
1593 440 1606 464 ,
1645 400 1889 471 simplici
1925 410 1980 456 et

2094 420 2177 472 ρον
2205 403 2378 469 οὐδὲν,
2411 407 2439 457 ὁ
2471 407 2804 475 πρόσκαιρος
2832 402 2986 473 ήμῶν
3011 402 3104 456 τοῦ
3137 402 3386 474 σώματος
3411 403 3661 468 θάνατος,

403 497 520 554 solo
557 502 836 568 prostrata
882 502 1020 548 nutu
1065 494 1184 564 ejus
1229 494 1325 562 qui
1373 494 1674 548 secundum
1721 501 1977 548 naturam

399 605 559 648 suam
599 589 708 644 vita
745 597 866 654 est,
908 587 1014 642 hoc
1045 595 1132 643 est
1169 587 1400 642 Christi.
1441 587 1836 642 Animadverte
1875 602 1978 641 au-

402 695 511 740 tem
539 698 662 738 eum
696 697 806 736 non
829 680 975 736 dixis
993 696 1052 736 se
1078 680 1355 735 :Lazarus
1370 688 1624 736 mortuus
1647 687 1753 748 est,
1771 690 1824 735 et
1839 680 1979 734 vado

405 772 473 826 ad
499 772 858 828 excitandum
895 786 1059 838 eum;
1106 771 1202 826 sed
1251 771 1366 825 ait:
1401 791 1418 822 ‹
1453 770 1690 838 Dormit,
1729 791 1748 825 ι
1777 771 1980 827 fastum

405 874 458 918 et
492 863 814 933 jactantiam
849 862 1030 916 vitans
1070 860 1143 916 ad
1182 869 1432 918 nostram
1473 862 1878 918 institutionem
1915 877 1980 918 ac

407 955 720 1008 utilitatem.
771 951 894 1007 Non
943 953 1092 1006 enim
1143 955 1279 1008 adeo
1316 954 1614 1009 obscuram
1652 956 1982 1026 plenamque

406 1045 872 1104 dissimulationis
907 1045 1184 1102 emisisset
1217 1061 1408 1101 vocem
1430 1087 1444 1112 ,
1485 1055 1545 1102 ut
1577 1048 1669 1102 vix
1704 1049 1808 1118 ipsi
1839 1064 1980 1119 quo-

407 1153 514 1208 que
558 1137 812 1207 discipuli
850 1152 1161 1192 sermonem
1218 1137 1611 1208 intelligerent.
1667 1138 1786 1196 Non
1833 1141 1981 1195 enim

406 1233 580 1286 dixit:
613 1229 763 1284 Vado
797 1230 1177 1286 viviticaturus
1198 1237 1257 1286 et
1288 1246 1318 1284 a
1351 1233 1586 1287 mortuis
1615 1233 1982 1288 suscitaturus

407 1337 564 1389 cum,
597 1322 714 1387 sed,
770 1340 788 1373 ι
820 1320 1314 1392 expergefacturus
1341 1363 1356 1386 ,
1398 1342 1418 1375 δ
1464 1324 1610 1394 quod
1643 1324 1862 1394 quidem
1886 1341 1981 1380 va-

407 1430 570 1469 cuum
605 1422 726 1469 erat
761 1414 830 1468 ab
859 1415 1010 1470 omni
1043 1414 1364 1486 suspicione
1392 1415 1698 1485 jactantite.

474 1522 578 1590 Kl,
616 1524 704 1578 12.
742 1523 805 1579 Si
831 1523 1047 1589 dormit,
1083 1524 1394 1580 salvabitur.

477 1637 560 1693 Illi
604 1652 756 1703 vero,
799 1652 910 1691 non
951 1636 1322 1708 intelligentes
1357 1639 1464 1693 vim
1505 1639 1676 1708 verbi,
1717 1640 1986 1710 putabant

407 1730 593 1786 Jesum
630 1728 818 1784 dicere
857 1727 926 1784 de
963 1728 1307 1786 dormitione
1346 1731 1548 1796 somni,
1569 1732 1684 1802 qui,
1729 1745 1982 1801 saepenu-

2081 494 2222 566 ψιλῷ
2260 498 2353 550 καὶ
2397 497 2539 567 μόνῳ
2583 495 3026 566 καταργούμενος
3079 495 3305 564 νεύματι
3364 497 3463 567 τῆς
3523 498 3717 569 κατὰξ

2085 590 2245 662 φύσιν
2299 589 2463 660 ζωῆς,
2506 589 2650 642 τοῦτ’
2690 588 2805 642 ἐστι
2855 589 3113 661 Χριστοῦ.
3158 590 3299 660 Ὅρα
3339 590 3396 644 δὲ
3439 591 3520 643 ὅτι
3563 593 3664 645 οὐκ
3701 581 3715 602 ’

2084 680 2224 737 εἷπε·
2271 681 2518 752 Λάζαρος
2568 681 2824 746 ἀπέθανε,
2873 683 2965 735 καὶ
3015 682 3316 754 πορεύομαι
3361 684 3664 755 ἀναστῆσαι

2086 775 2272 841 αὑτὸν,
2315 773 2451 827 ἀλλά
2495 791 2650 842 φησι,
2684 791 2700 824 ι
2747 776 3108 844 Κεκοίμηται,
3144 794 3162 825 ι
3199 776 3258 828 τὺ
3287 777 3665 846 κομπαστικὺν

2086 866 2322 936 φεύγων,
2367 864 2503 936 πρὸς
2545 865 2822 935 ἡμετέραν
2863 865 3209 920 διδασκαλίαν
3242 867 3335 920 καὶ
3373 867 3662 935 ὠφέλειαν.

2087 957 2160 1010 Οὐ
2206 957 2314 1028 γὰρ
2353 955 2418 1010 ἂν
2447 955 2616 1017 οὕτως
2661 955 2907 1027 ἀμυδρὰν
2954 957 3092 1025 μετὰ
3140 955 3487 1027 ἐπικρύψεως
3514 957 3668 1027 ἠφίει

2086 1049 2289 1120 φωνὴν,
2325 1047 2399 1111 ὡς
2435 1047 2554 1118 μηδ’
2598 1046 2794 1110 αὐτοὺς
2843 1047 3077 1101 συνιέναι
3123 1050 3249 1112 τοὺς
3281 1047 3528 1119 μαθητὰς
3575 1049 3667 1102 τὸν

2084 1141 2258 1210 λόγον.
2297 1140 2372 1194 Οὐ
2394 1138 2500 1210 γάρ
2526 1139 2652 1208 ἔφη,
2687 1137 2998 1209 Πορεύομαι
3019 1138 3253 1202 ζωώσων
3279 1139 3311 1210 ἢ
3344 1141 3668 1210 ἀναστήσων

2085 1232 2248 1286 αὑτὸν
2277 1234 2340 1285 ἐκ
2363 1231 2593 1302 νεκρῶν,
2615 1229 2728 1284 ἀλλ’
2754 1250 2772 1282 ι
2813 1230 3165 1294 Ἑξυπνίσων·
3204 1250 3222 1282 ι
3249 1226 3465 1301 ὃπερῆν
3495 1231 3666 1302 ἀργὸν

2084 1323 2221 1385 τέως
2257 1323 2334 1384 εἰς
2363 1323 2624 1393 ὑποψίαν.

2155 1520 2226 1572 ΕΙ
2256 1517 2624 1587 κεκοίμηται,
2651 1480 3011 1584 σωθήσεται..

2169 1636 2396 1688 Ἐκεῖνοι
2439 1635 2495 1688 δέ
2529 1635 2603 1706 μὴ
2632 1635 2922 1706 νοήσαντες
2958 1631 3052 1686 τοῦ
3097 1631 3256 1701 λόγου
3286 1631 3384 1705 τὴν
3412 1631 3665 1702 δύναμιν,

2087 1731 2341 1802 ᾠήθησαν
2378 1727 2468 1782 τὸν
2526 1729 2731 1798 Ἰησοῦν
2767 1730 2943 1797 λέγειν
2983 1730 3109 1800 περὶ
3140 1728 3445 1799 κοιμήσεως
3476 1725 3671 1790 ὕπνου,

408 1838 563 1879 mero
627 1822 864 1876 inﬁrmis
927 1820 1250 1886 adveniens,
1281 1823 1520 1892 quietem
1584 1821 1794 1878 aﬁ‘ert:
1854 1823 1980 1878 ideo

2094 1825 2143 1888 ὃς
2169 1824 2261 1878 ἐπὶ
2288 1823 2347 1875 τὸ
2381 1821 2514 1876 πολὺ
2537 1825 2649 1886 τοῖς
2667 1821 2968 1894 ἀρρώστοις
2997 1820 3338 1892 συμϐαίνων,
3361 1819 3673 1874 ἀνάπαυσιν

409 1914 563 1968 aiunt
589 1932 602 1969 :
627 1913 744 1968 Non
782 1919 867 1967 est
906 1911 1103 1966 idonea
1138 1927 1304 1968 causa
1346 1913 1620 1979 veniendi,
1644 1923 1984 1986 utexperge-

409 2005 579 2060 facias
640 2019 668 2058 a
727 2020 920 2060 somno
951 2003 1253 2072 Lazarum,
1288 2021 1466 2077 neque
1497 2007 1630 2062 utile
1663 2016 1749 2062 est
1794 2007 1985 2063 excuti

409 2112 666 2154 somnum
722 2099 936 2168 aegroti.
989 2097 1114 2154 Haec
1170 2109 1358 2154 autem
1415 2100 1672 2154 dicebant
1719 2114 1985 2155 revocare

409 2191 654 2246 volentes
705 2205 830 2246 eum
885 2190 954 2244 ab
1012 2191 1270 2245 instituto
1324 2191 1559 2256 itinere,
1623 2191 1987 2262 dicentesque

409 2278 636 2334 minime
667 2292 698 2333 e
735 2294 796 2335 re
834 2279 1012 2334 videri
1043 2286 1105 2334 ut
1132 2280 1187 2334 in
1222 2281 1404 2336 medio
1436 2281 1770 2337 sicariorum
1800 2296 1988 2338 verse-

409 2377 500 2424 tur
533 2377 755 2439 propter
785 2383 1007 2439 operam
1037 2368 1311 2424 inutilem.

477 2523 580 2587 Xl,
617 2524 704 2579 M.
740 2522 980 2577 Lazarus
1019 2532 1258 2576 mortuus
1289 2531 1387 2588 est,
1423 2529 1530 2578 etc.

478 2638 614 2694 Cum
644 2637 1043 2694 intellexissent
1068 2635 1326 2707 discipuli
1350 2652 1475 2691 eum
1502 2646 1734 2693 mortem
1758 2651 1988 2693 vocasse

412 2747 704 2796 somnum,
760 2730 1060 2785 dilucidius
1110 2729 1388 2799 expressit
1426 2729 1622 2784 dicens
1644 2768 1659 2792 ,
1688 2748 1707 2780 ‹
1741 2727 1988 2786 Mortuus

410 2833 516 2880 est.
546 2823 680 2876 :Ait
733 2831 913 2877 autem
960 2837 1020 2878 se
1066 2820 1306 2892 gaudere
1358 2836 1469 2875 non
1527 2823 1594 2875 ad
1651 2822 1986 2886 vanitatem,

410 2918 540 2987 quia
581 2915 908 2971 miraculum
947 2921 1268 2984 patraturus
1312 2921 1500 2978 esset,
1553 2913 1652 2969 sed
1697 2915 1829 2985 quia
1872 2914 1989 2970 haec

2087 1920 2250 1972 ποιεῖ·
2283 1915 2362 1970 διό
2378 1929 2562 1986 φασιν*
2591 1918 2706 1970 Οὐκ
2735 1915 3010 1984 ἀξιόλογος
3041 1917 3075 1986 ἡ
3107 1913 3289 1982 ἄφιξις
3310 1911 3404 1966 τοῦ
3425 1912 3673 1980 ἄφυπνον

2087 2011 2311 2081 ποιῆσαι
2354 2009 2443 2062 τὸν
2473 2007 2741 2079 Λάζαρον,
2792 2008 2912 2061 οὐδὲ
2938 2006 3238 2077 ἐπωφελὲς,
3283 2004 3344 2058 τὺ
3385 2005 3673 2069 ἐξυπνίσαι

2087 2103 2388 2175 ἄρρωστον.
2432 2102 2618 2156 Ταῦτα
2645 2102 2700 2154 δὲ
2735 2100 2939 2169 ἔλεγον,
2966 2099 3192 2168 ἐκκόψαι
3222 2097 3383 2152 αὑτὸν
3417 2097 3675 2168 βουλόμε-

2087 2213 2167 2249 νοι
2214 2197 2312 2266 τῆς
2352 2194 2494 2260 ὁδοῦ,
2531 2195 2779 2262 λέγοντες
2813 2193 2894 2245 ὃτι
2923 2191 3024 2244 οὐκ
3056 2188 3204 2255 ἀξιον
3231 2191 3289 2243 ἐν
3322 2189 3472 2260 μέσῳ
3513 2187 3669 2256 γενέ-

2091 2286 2215 2340 σθαι
2254 2287 2361 2340 τῶν
2412 2286 2707 2355 φονευτῶν,
2755 2284 2843 2338 διὰ
2899 2283 2959 2336 τὸ
3012 2283 3234 2353 ποιῆσαι
3290 2283 3522 2351 πρᾶγμα
3570 2271 3672 2334 ούὶ

2091 2378 2392 2447 ἐπωφελές.

2161 2533 2417 2602 Λὰζὶιρος
2444 2533 2726 2596 ἀπέθανε,
2749 2534 2840 2586 κα)¹
2863 2531 2930 2586 τά
2956 2532 3102 2602 ἑξῆς.

2159 2644 2253 2716 Μὴ
2281 2633 2592 2713 νοσησάντων
2634 2637 2724 2694 οῦν
2753 2641 2862 2694 τῶν
2896 2639 3178 2712 μαθητῶν,
3205 2640 3288 2693 ὅτι
3306 2638 3396 2692 τὸν
3416 2636 3668 2699 θάνατον,

2090 2738 2256 2792 ῦπνον
2302 2737 2588 2804 ὠνόμασε,
2646 2735 2961 2805 λευκότερον
3018 2733 3278 2804 ἐνέφηνεν
3335 2728 3540 2794 εἰπὼν,
3587 2729 3673 2782 ὅτι

2096 2849 2116 2882 ι
2167 2830 2479 2884 Ἀπέθανεν.
2514 2847 2532 2879 ι
2553 2829 2690 2899 Φησὶ
2711 2828 2766 2881 δέ
2801 2828 2990 2881 ἐαυτὸν
3011 2827 3242 2898 χαίρειν,
3276 2827 3336 2878 οὐ
3359 2824 3448 2878 διὰ
3467 2822 3676 2908 φιλοδοέ

2091 2922 2232 2989 ξίαν,
2281 2923 2363 2975 ὅτι
2408 2920 2598 2991 ἔμελλε
2648 2920 2870 2990 ποιῆσαι
2911 2921 2973 2972 τὸ
3007 2919 3213 2989 θαῦμα,
3236 2917 3350 2971 ἀλλ’
3388 2918 3475 2970 ὅτι
3516 2913 3676 2969 τοῦτο

410 3023 577 3062 causa
613 3007 798 3062 futura
825 3013 940 3061 erat
972 3005 1264 3076 discipulis
1293 3006 1440 3061 ﬁdei.
1473 3006 1642 3076 680
1666 3006 1822 3074 Quod
1858 3023 1983 3062 vero

2094 3011 2364 3083 πρόφασις
2409 3010 2600 3080 ἔμελλε
2628 3008 2872 3077 γίνεσθαι
2909 3011 3024 3072 τοῖς
3046 3008 3316 3079 μαθηταῖς
3349 3009 3428 3072 εἰς
3467 3006 3672 3059 πίστιν.

412 3101 576 3165 dicit,
602 3117 622 3151 ι
652 3098 772 3154 Non
803 3113 952 3154 eram
981 3097 1055 3152 ibi
1083 3139 1098 3163 ,
1129 3117 1147 3150 ι
1177 3098 1281 3152 hoc
1311 3096 1585 3168 signiﬁcat
1610 3117 1623 3152 :
1665 3097 1721 3152 Si
1757 3098 1983 3154 fuissem

2094 3105 2165 3156 Τὸ
2186 3103 2241 3156 δὲ
2268 3105 2461 3169 εἰπεῖν,
2505 3104 2586 3155 ὅτι
2616 3121 2633 3153 ι
2671 3103 2786 3155 Οὐκ
2816 3103 2964 3172 ἥμην
3001 3103 3134 3168 ἐκεῖ,
3171 3119 3188 3152 ι
3225 3100 3381 3154 τοῦτο
3405 3099 3572 3169 δηλοῖ·
3609 3099 3675 3151 Εἰ

413 3194 525 3259 ibi,
578 3207 686 3246 non
744 3199 996 3246 mortuus
1031 3198 1214 3256 esset;
1267 3191 1529 3246 misertus
1569 3191 1714 3246 enim
1757 3192 1983 3248 fuissem

2094 3195 2238 3265 ήμην
2287 3194 2422 3257 ἐκεῖ,
2471 3193 2569 3246 οὑκ
2618 3191 2840 3263 ἔμελλεν
2879 3191 3264 3262 ἀποθνήσκεινο
3309 3190 3516 3262 ἠλέησα
3565 3187 3678 3258 γὰρ

413 3286 535 3355 ejus
573 3285 656 3338 vel
697 3283 890 3339 leviter
926 3284 1288 3353 aegrotantis;
1331 3299 1480 3338 nunc
1527 3299 1693 3349 vero,
1739 3300 1828 3340 me
1886 3285 1985 3339 ab-

414 3385 602 3443 sente,
632 3375 862 3445 contigit
891 3389 1077 3437 mors,
1121 3382 1181 3429 ut
1227 3375 1508 3429 suscitans
1555 3390 1680 3430 eum
1731 3391 1986 3447 magnam

414 3469 704 3537 importem
740 3466 896 3520 vobis
935 3466 1228 3521 utilitatem
1266 3482 1361 3536 per
1394 3465 1556 3522 ﬁdem
1605 3469 1661 3522 in
1708 3485 1814 3525 me.
1863 3469 1990 3525 Haec

411 3572 544 3612 vero
571 3555 706 3611 dicit
736 3555 1026 3622 Christus,
1062 3571 1173 3611 non
1207 3558 1366 3626 quasi
1402 3566 1534 3613 tunc
1566 3567 1778 3612 tantum
1813 3563 1992 3630 possit

411 3649 575 3704 edere
621 3649 885 3702 miracula
914 3688 930 3713 ,
962 3664 1088 3702 cum
1144 3649 1320 3714 adsit,
1359 3650 1453 3704 sed
1501 3654 1762 3720 quoniam
1800 3652 1845 3706 si
1892 3653 1991 3707 ad-

412 3739 630 3804 fuisset,
665 3755 773 3793 non
808 3739 1144 3809 neglexisset
1178 3741 1416 3794 amicum
1449 3742 1516 3796 ad
1551 3751 1781 3798 mortem
1816 3760 1992 3813 usque

411 3831 711 3902 dejectum.
744 3830 883 3885 Illud
915 3847 1042 3887 vero
1062 3871 1077 3896 ,
1110 3851 1126 3882 ι
1153 3831 1356 3888 Eamus
1387 3834 1454 3887 ad
1485 3849 1609 3889 eum
1630 3875 1644 3898 ,
1672 3852 1690 3882 ι
1715 3843 1980 3905 tanquam

414 3922 484 3976 ad
515 3922 701 3976 vivum
741 3921 919 3989 dicit;
953 3923 1144 3976 vivunt
1184 3924 1329 3978 enim
1375 3925 1426 3978 ei
1476 3932 1535 3978 ut
1585 3924 1692 3980 Deo
1742 3929 1982 3992 mortui,

413 4025 674 4084 tanquam
703 4013 796 4083 qui
827 4014 1026 4068 victuri
1054 4023 1185 4068 sunt

482 4125 554 4180 XI
577 4165 592 4191 ,
622 4126 708 4182 i6.
741 4126 895 4180 Dixit
925 4127 1086 4196 igitur
1120 4128 1340 4182 Thomas
1365 4145 1380 4183 :
1409 4127 1608 4184 Eamus
1635 4140 1682 4185 et
1713 4147 1828 4197 nos,
1862 4142 1990 4186 utet

412 4237 507 4274 nos
534 4219 826 4272 moriantur
850 4234 968 4271 cum
993 4235 1074 4272 eo.

483 4331 707 4388 Thomae
751 4346 932 4386 sermo
983 4337 1292 4401 promptam
1344 4331 1566 4401 quidem
1615 4334 1986 4400 voluntatem,

412 4423 508 4480 sed
539 4433 593 4478 et
631 4422 980 4478 timiditatem
1001 4463 1014 4488 ,
1049 4423 1406 4492 animumque
1439 4439 1766 4494 generosum
1802 4434 1857 4480 et
1891 4425 1988 4481 Dei

2089 3285 2252 3339 αὐτὸν
2297 3285 2391 3338 καὶ
2431 3284 2609 3352 ὀλίγον
2644 3283 2938 3353 κάμνονταο
2990 3282 3084 3335 νῦν
3117 3281 3197 3348 δὲ,
3246 3281 3480 3344 ἀπόντος
3513 3276 3672 3350 ἐμοῦ,

2093 3375 2290 3446 συνέϐη
2348 3377 2376 3427 ὁ
2423 3374 2674 3438 θάνατος,
2707 3375 2792 3428 ἵνα
2830 3375 3140 3444 ἀναστήσας
3194 3372 3376 3438 αὐτὸν,
3429 3371 3676 3442 μεγάλην

2092 3469 2220 3538 ὑμῖν
2239 3468 2524 3538 ὲμποιήσω
2540 3467 2635 3538 τὴν
2662 3466 2924 3536 ὠφέλειαν
2950 3465 3036 3519 διὰ
3062 3465 3159 3535 τῆς
3190 3467 3268 3528 είς
3296 3463 3396 3535 ἐμὲ
3416 3463 3672 3526 πίστεως.

2092 3560 2276 3614 Ταῦτα
2301 3560 2357 3612 δὲ
2399 3559 2548 3628 λέγει
2579 3560 2608 3611 ὁ
2640 3559 2894 3631 Χριστὸς,
2929 3561 3028 3629 οὐχ
3065 3558 3139 3621 ὠς
3168 3558 3288 3610 τότε
3323 3558 3484 3628 μόνον
3511 3557 3675 3610 δυνά-

2097 3668 2255 3723 μενος
2284 3651 2352 3704 τὰ
2387 3651 2661 3722 Θεοπρεπῆ
2690 3653 2883 3713 ποιεῖν,
2912 3651 3039 3704 ὅταν
3081 3652 3252 3720 παρῇ-
3285 3649 3400 3702 duo
3438 3649 3677 3717 ἐπείπερ

2093 3746 2141 3796 εἰ
2173 3746 2374 3814 παρῆν,
2419 3744 2519 3795 οὐκ
2555 3742 2620 3796 ἂν
2671 3743 2894 3813 παρεῖδε
2947 3742 3036 3795 τὸν
3083 3742 3236 3811 φίλον
3281 3740 3391 3803 ἓως
3438 3739 3675 3793 θανάτου

2093 3835 2585 3890 καταϐιϐασθέντα.
2617 3835 2690 3888 Τὸ
2716 3836 2796 3900 δὲ,
2827 3855 2844 3886 ι
2879 3837 3129 3904 ’Ἄγωμεν
3157 3833 3293 3904 πρὸς
3322 3831 3508 3896 αὐτὸν,
3541 3850 3560 3882 ι
3599 3831 3678 3894 ὡς

2093 3929 2229 3998 πρὸς
2257 3929 2437 3994 ζῶντά
2471 3945 2624 3999 φησιν
2663 3926 2797 3993 ζῶσι
2826 3927 2931 3998 γὰρ
2963 3926 3113 3996 αύτῷ
3137 3926 3211 3989 ὡς
3239 3925 3357 3996 Θεῷ
3387 3927 3436 3978 οἱ
3467 3925 3676 3996 νεκροὶ,

2092 4021 2166 4085 ὡς
2203 4021 2486 4092 μέλλοντες
2514 4021 2717 4091 ζήσειν.

2158 4132 2344 4190 Εἷπεν
2391 4131 2505 4190 οὖν
2532 4139 2564 4188 ό
2611 4134 2837 4204 Θωμᾶςο
2872 4134 3127 4204 ’Ἄγωμεν
3174 4133 3274 4187 καί
3323 4131 3516 4203 ἡμεῖς,
3573 4133 3678 4187 ἵνα

2090 4226 2484 4298 ἀποθάνωμεν
2505 4228 2632 4296 μετ’
2664 4225 2872 4280 αὑτοῦ.

2172 4339 2232 4392 '0
2277 4339 2370 4392 τοῦ
2417 4338 2590 4410 Θωμᾶ
2621 4337 2776 4406 λόγος
2815 4337 2927 4408 ἔχει
2979 4337 3074 4406 μὲν
3113 4337 3442 4407 προθυμίαν·
3473 4335 3587 4406 ἔχει
3616 4335 3677 4389 δὲ

2092 4429 2188 4483 καλ¹
2228 4429 2448 4495 δειλίαν,
2491 4431 2586 4483 καὶ
2619 4431 2810 4499 γέγονε
2855 4430 2950 4501 μὲν
2985 4432 3047 4482 ἐκ
3087 4429 3334 4498 φιλοθέου
3382 4430 3674 4499 φρονήμα-

415 4523 689 4568 amantem
712 4553 726 4575 ,
761 4514 859 4568 sed
895 4513 1221 4583 permistum
1257 4513 1648 4569 incredulitate
1680 4517 1842 4585 sapit.
1874 4515 1983 4571 Nec

2094 4539 2202 4586 τος,
2251 4521 2723 4592 κατακεκέρασται
2767 4521 2825 4574 δὲ
2872 4522 2938 4590 τῇ
3019 4518 3380 4590 ὀλιγοπιστίᾳ.
3432 4519 3677 4571 Ἀπολει-

412 4607 561 4662 enim
599 4605 718 4660 vult
751 4620 1070 4672 remanere,
1107 4605 1204 4660 sed
1237 4615 1292 4660 et
1327 4605 1466 4661 alios
1499 4616 1557 4660 ut
1591 4607 1733 4662 idem
1777 4607 1986 4663 faciant

412 4698 684 4762 hortatur,
719 4695 816 4750 sed
853 4705 1036 4750 tamen
1072 4697 1317 4750 futurum
1349 4706 1505 4768 putat
1560 4707 1617 4752 ut
1655 4701 1858 4754 malum
1892 4717 1978 4756 ac-

414 4792 621 4862 cipiant
651 4807 681 4844 a
711 4789 942 4860 Iudaeis,
969 4792 1171 4862 quibus
1203 4793 1422 4849 animus
1451 4802 1536 4849 est
1565 4795 1982 4864 sanguinarius,

411 4899 523 4938 non
574 4883 938 4939 considerans
987 4884 1199 4939 scilicet
1228 4886 1338 4938 vim
1384 4892 1441 4940 ct
1482 4895 1810 4956 potestatem
1857 4888 1986 4942 Ser-

411 4974 647 5041 vatoris,
683 4975 828 5044 quod
861 4975 1035 5046 magis
1068 4977 1337 5046 oportuit.
1377 4975 1639 5031 Faciebat
1671 4989 1854 5032 autem
1885 4995 1981 5034 eos

413 5066 630 5120 timidos
676 5066 965 5131 Christus,
1017 5082 1182 5136 supra
1234 5066 1458 5120 modum
1513 5068 1841 5137 lnjuriarum
1879 5086 1980 5138 pa-

410 5158 553 5212 tiens
597 5174 737 5227 quas
797 5159 1102 5228 accipiebat
1130 5173 1159 5210 a
1193 5156 1421 5214 Judaais.
1460 5159 1553 5214 Ait
1585 5176 1714 5230 ergo
1745 5177 1852 5215 non
1887 5162 1983 5217 dc-

410 5249 702 5304 serendum
733 5266 858 5306 esse
883 5251 1206 5319 magistrum
1230 5289 1244 5312 ,
1278 5251 1408 5305 licet
1439 5261 1652 5308 certum
1685 5267 1749 5306 ac
1789 5255 1979 5323 explo-

409 5350 585 5396 ratum
619 5351 958 5413 proponatur
988 5344 1288 5412 periculum
1317 5362 1328 5397 :
1366 5341 1470 5398 ceu'
1512 5360 1643 5399 vero
1688 5346 1981 5402 subridens

407 5436 811 5505 quodammodo
833 5436 1074 5491 Thomas
1097 5437 1312 5491 dicebat
1336 5437 1468 5491 illud
1493 5480 1507 5504 ,
1531 5456 1550 5490 ι
1578 5438 1804 5503 Eamus,
1831 5459 1848 5489 ι
1875 5440 1980 5495 hoc

405 5534 511 5594 est,
543 5527 860 5597 Moriamur;
897 5528 993 5585 Vel
1025 5531 1104 5585 sic
1137 5530 1268 5584 dicit
1295 5547 1306 5583 :
1333 5528 1568 5584 Omnino
1598 5531 1644 5587 si
1681 5532 1974 5596 iverimus,

407 5619 706 5689 periimus;
754 5621 849 5675 sed
889 5629 1071 5675 tamen
1105 5622 1217 5692 pati
1265 5635 1376 5675 non
1410 5637 1764 5687 recusemus,
1799 5639 1976 5693 neque

406 5710 550 5766 enim
570 5711 706 5765 tanti
731 5710 910 5768 facere
933 5715 1100 5768 vitam
1137 5728 1235 5768 nos
1266 5721 1516 5782 oportet;
1549 5713 1593 5769 si
1628 5723 1806 5770 autem
1838 5729 1961 5770 sus-

2084 4613 2285 4683 φθῆναι
2313 4613 2422 4684 γάρ
2464 4612 2564 4665 οὐκ
2590 4611 2863 4682 ἀνέχεται,
2895 4611 3028 4664 ἀλλά
3059 4611 3153 4664 καὶ
3179 4611 3306 4674 τοὺς
3328 4611 3519 4674 ἄλλους
3539 4612 3676 4665 ἀναο

2083 4705 2260 4758 πείθει
2307 4707 2466 4758 τοῦτο
2512 4709 2703 4758 ποιεῖν’
2759 4707 2907 4775 ὅμως
2954 4705 3121 4757 οἴεται
3173 4706 3255 4758 ὃτι
3318 4705 3413 4759 καὶ
3475 4705 3675 4758 παθεῖν

2085 4795 2308 4865 ἔμελλον
2335 4796 2440 4848 ὑπὸ
2464 4794 2752 4856 Ἰουδαίων,
2782 4794 2843 4846 ού
2869 4794 3114 4857 θέλοντος
3149 4792 3337 4857 αὐτοῦ,
3370 4794 3456 4846 διὰ
3488 4793 3552 4846 τὸ
3575 4811 3678 4863 φο-

2085 4892 2234 4944 νικὸν
2276 4890 2385 4943 τῶν
2446 4889 2730 4952 Ἰουδαίων,
2765 4889 2824 4940 ού
2874 4888 3090 4942 σκοπῶν
3121 4888 3219 4957 τὴν
3250 4887 3346 4940 τοῦ
3403 4886 3675 4952 σώζοντος

2085 4983 2334 5052 δύναμιν,
2363 4983 2500 5050 ὅπερ
2529 4981 2636 5034 ἔδει
2679 4979 2897 5050 μᾶλλον.
2933 4979 3133 5032 Ἐποίει
3155 4979 3212 5031 δέ
3236 4979 3436 5041 αὐτοὺς
3462 4979 3674 5044 δειλοὺς

2084 5077 2112 5128 ὁ
2144 5073 2400 5144 Χριστὸς,
2427 5074 2567 5144 ὑπὲρ
2612 5074 2808 5142 μέτρον
2857 5069 3190 5134 ἀνεξικακῶν
3229 5072 3287 5123 ἐν
3317 5066 3399 5134 οἷς
3430 5072 3674 5142 ἔπασχεν

2086 5165 2191 5219 ὑπὸ
2231 5164 2519 5218 Ἰουδαίων.
2559 5165 2718 5233 Λέγει
2749 5160 2838 5217 οῦν
2882 5162 2956 5233 μὴ
2988 5162 3182 5234 χρῆναι
3210 5163 3547 5233 χωρίζεσθαι
3576 5165 3674 5219 τοῦ

2087 5256 2424 5321 διδασκάλου,
2457 5257 2504 5309 εἰ
2545 5257 2636 5308 καὶ
2679 5254 3041 5324 ἀναμφίὸολος
3081 5253 3368 5324 πρόκειται
3404 5255 3674 5320 κίνδυνος·

2087 5352 2162 5413 ὡς
2218 5349 2545 5419 ὑπομειδιῶν
2576 5350 2631 5401 δὲ
2687 5349 2883 5419 τρόπον
2934 5347 3053 5400 τινὰ
3092 5349 3119 5398 ὁ
3153 5346 3357 5416 Θωμᾶς
3389 5347 3545 5416 ἔλεγε
3583 5350 3668 5415 τὸ,

2090 5443 2378 5509 Ἄγωμεν,
2430 5441 2570 5493 τοῦτ’
2597 5439 2766 5505 ἔστιν,
2805 5438 3204 5508 ’Λποθάνωμεν.
3237 5439 3311 5490 Ἢ
3337 5437 3484 5492 οὕτω
3511 5441 3672 5510 φησί·

2082 5531 2307 5592 Πάντως
2350 5530 2445 5584 ἐὰν
2488 5531 2835 5600 ἀπέλθωμεν,
2883 5527 3322 5598 ἀποθνήσκομεν,
3384 5531 3540 5598 ὅμως
3593 5531 3673 5604 μὴ

2082 5621 2544 5692 παραιτησώμεθα
2607 5622 2667 5674 τὸ
2731 5612 2940 5673 παθεῖν’
2994 5621 3054 5672 οὐ
3108 5619 3218 5691 γάρ
3269 5621 3352 5674 δεῖ
3410 5622 3675 5678 τοσοῦτον

2073 5713 2387 5783 φιλοψυχεῖν
2423 5731 2437 5743 ·
2489 5715 2534 5766 εἰ
2581 5713 2636 5766 δὲ
2679 5713 2879 5782 ἐγείρει
2928 5711 3018 5765 τὸν
3070 5712 3284 5782 νεκρὸν,
3330 5715 3590 5785 περιττὸς
3641 5701 3672 5751 δ’
