3894 6200
223 288 292 345 45
1068 281 1134 336 IN
1164 280 1502 336 JOANNEM.
1526 278 1729 334 -—-LIB.
1770 278 1861 335 VII
1898 278 1987 334 ET
2027 276 2143 331 VI“
2189 273 2634 331 FRAGMENTA.
3408 276 3478 332 46

220 405 401 474 φόϐος·
433 403 626 473 ἔχομεν
659 402 765 472 γὰρ
794 401 886 454 τὸν
914 399 1211 470 δυνάμενον
1242 400 1541 469 ἀναστῆσαι
1571 397 1708 467 μετὰ
1734 396 1791 450 τὸ

1903 395 2033 449 citat
2081 402 2380 459 mortuum,
2408 389 2723 463 superﬂuus
2746 398 2830 446 est
2850 390 3307 457 timor,liabemus
3329 392 3475 448 enim

222 513 427 549 πεσειν.

286 582 408 637 Ἦν
427 584 495 636 δὲ
522 585 558 649 ἡ
587 584 850 648 Βηθανία
871 580 1048 650 ἐγγὺς
1077 579 1196 633 τῶν
1229 580 1658 648 Ἰεροσολύμων
1675 576 1792 632 ἀπὸ

220 676 481 729 σταδίων
503 674 853 727 δεκαπέντε.

288 767 387 818 Διά
418 766 576 817 τοῦτο
610 766 701 817 καὶ
736 765 795 816 τὸ
837 763 1110 832 διάστημα
1140 762 1285 830 λέγει
1313 762 1419 813 τῶν
1443 760 1662 831 ἡμερῶν
1689 762 1795 814 τῶν

220 860 355 927 μετᾶ
387 859 477 909 τὸν
506 858 732 910 θάνατον
768 857 1039 927 Λαζάρου,
1078 858 1163 909 ἴνα
1195 857 1286 908 ἐπὶ
1315 856 1472 908 πλέον
1506 855 1793 926 θαυμασθῇ

215 951 277 1001 τὸ
316 949 524 1018 θαῦμα,
564 950 657 1001 καὶ
692 949 781 1019 ῖμή
843 966 927 1011 τις
974 948 1103 1020 εἴπῃ
1139 950 1318 1019 τυχὸν,
1371 951 1450 1001 ὅτι
1490 947 1627 1018 μετὰ
1669 947 1793 1015 μίαν

216 1042 429 1110 ἡμέραν
460 1040 729 1111 ἐληλύθει,
785 1041 879 1093 καὶ
907 1041 1005 1093 οὐκ
1032 1036 1099 1111 ἦν
1143 1040 1391 1105 τεθνεὼς,
1440 1041 1571 1093 ἀλλὰ
1615 1041 1796 1110 ἀρρω-

220 1133 448 1186 στοῦντα
490 1134 651 1186 αὑτὸν
693 1134 899 1203 ἤγειρε.
934 1133 1096 1199 Λέγει
1130 1133 1185 1185 δὲ
1219 1134 1300 1185 ὅτι
1341 1132 1524 1187 πολλοὶ
1560 1131 1698 1205 ἦσαν
1730 1135 1797 1191 ⁴ὲν

215 1227 280 1293 τῇ
330 1223 572 1293 Βηθανίᾳ.
617 1223 879 1288 Ἰουδαῖοι,
925 1222 1101 1276 καίτοι
1150 1222 1348 1292 χωρίου
1390 1226 1488 1274 οὐχ
1527 1222 1677 1285 ὄντος
1699 1239 1796 1274 πο-

214 1313 591 1383 λυανθρώπου,
620 1316 685 1366 ἐκ
714 1315 811 1383 τῆς
853 1314 1204 1385 Ἰερουσαλὴμ
1236 1314 1693 1383 παραγενόμενοι·
1736 1315 1795 1366 οὐ

214 1406 324 1475 γάρ
378 1402 448 1475 ἦν
487 1406 621 1457 πολὺ
653 1406 711 1456 τὸ
752 1406 849 1475 τῆς
868 1405 990 1458 ὁδοῦ
1031 1406 1307 1475 διάστημα
1334 1405 1394 1457 τὸ
1436 1405 1642 1457 κωλύων
1673 1406 1798 1468 τοὺς

217 1497 558 1558 ὲνδιαθέτους
588 1497 774 1564 φίλους
807 1499 1045 1549 συνεῖναι
1095 1499 1214 1558 ταῖς
1248 1497 1377 1566 περὶ
1397 1496 1494 1567 τὴν
1543 1497 1793 1567 Μάρθαν·

215 1587 337 1657 ἦτοι
367 1588 599 1659 ἐπείπερ
642 1587 964 1651 ἐξάκουστον
994 1588 1183 1655 γέγονε
1210 1586 1269 1639 τὸ
1302 1586 1483 1657 θαῦμα
1514 1589 1571 1640 ὲν
1610 1591 1673 1659 τῇ
1709 1590 1800 1641 Ἰε-

220 1682 499 1753 ρουσαλὴμ
549 1680 696 1752 παρὰ
737 1682 869 1734 πᾶσι
914 1682 1005 1733 καὶ
1047 1682 1104 1733 ὲν
1144 1683 1209 1751 τῇ
1255 1680 1579 1751 περιχώρῳ,
1619 1681 1798 1751 τίθησι

214 1776 314 1844 τὴν
345 1775 540 1838 αἰτίαν,
568 1775 647 1826 ὅτι
694 1774 901 1826 πολλῶν
938 1774 1105 1827 ὄντων
1129 1775 1278 1837 ἐκεῖ,
1309 1773 1534 1835 εἰκότως
1557 1774 1799 1826 ἅπαντα·

213 1866 342 1934 χόσε
367 1866 575 1935 διεδόθη
603 1867 630 1918 ὁ
665 1866 839 1934 λόγος·
870 1866 979 1917 τῶν
1026 1865 1124 1934 μὲν
1160 1864 1564 1934 θαυμαζόντων,
1603 1864 1709 1916 τῶν
1741 1864 1798 1915 δὲ

211 1956 303 2008 διὰ
338 1948 531 2024 φθόνον
568 1958 867 2011 λαλούντων
893 1957 953 2009 τὸ
997 1958 1239 2025 γεγονὸς,
1275 1956 1411 2026 πρὸς
1452 1957 1512 2009 τὸ
1544 1956 1797 2027 διαϐολὴν

212 2053 439 2120 ποιῆσαι
467 2051 544 2122 τῷ
566 2051 803 2121 θαύματι
829 2051 916 2104 διὰ
941 2049 1461 2121 ψευδοκατηγορέας.

304 2222 374 2276 Ἦ
403 2218 520 2277 οὖν
553 2221 759 2290 Μάρθα
801 2221 877 2286 ὡς
909 2220 1174 2288 ἤκουσεν
1220 2220 1308 2274 ὅτι
1359 2217 1596 2285 Ἰησοῦς
1632 2217 1796 2286 ἔρχε-

211 2334 331 2381 ται,
367 2315 723 2384 ὑπήντησεν
749 2312 925 2378 αὐτῷ·
946 2314 1139 2381 Μαρία
1166 2311 1234 2364 δὲ
1264 2313 1332 2365 ἐν
1352 2310 1432 2377 τῷ
1452 2310 1594 2378 οἴκῳ
1621 2311 1795 2365 ἐκαθ-

212 2408 395 2470 έζὲτοε

285 2501 441 2568 Τάχα
472 2499 529 2551 δὲ
564 2498 865 2568 θερμοτέρα
898 2497 995 2567 μὲν
1030 2497 1062 2565 ἡ
1092 2493 1294 2566 Μάρθα
1318 2494 1452 2566 πρὸς
1480 2495 1542 2549 τὸ
1572 2495 1794 2566 ποιῆσαι

214 2594 284 2647 τὰ
324 2592 543 2645 δέοντα’
595 2590 674 2643 διὸ
707 2590 802 2643 καὶ
850 2587 1037 2659 πρώτη
1082 2589 1356 2658 ὑπήντησε
1383 2605 1395 2617 ο
1450 2587 1794 2656 συνετωτέρα

212 2686 272 2738 δὲ
299 2687 334 2755 ή
365 2684 549 2754 Μαρία
577 2701 590 2713 ·
644 2683 724 2734 διὸ
764 2681 838 2744 ὼς
864 2679 1335 2751 αἰσθητικωτέραν
1371 2678 1567 2749 ἔχουσα
1592 2678 1790 2749 ψυχὴν,

213 2774 428 2844 ἔμεινεν
475 2773 641 2836 οἴκοι,
688 2772 787 2833 τὰς
830 2772 894 2822 ὲκ
942 2769 1050 2822 τῶν
1099 2768 1604 2839 παραμυθουμένων
1639 2768 1791 2837 δεχο-

216 2868 354 2937 μένη
424 2865 734 2935 θεραπείας.
804 2864 869 2915 Ἦ
931 2862 985 2915 δὲ
1052 2861 1250 2932 Μάρθα
1308 2860 1384 2924 ὡς
1451 2861 1793 2930 ἁπλουστέρα

210 2959 442 3029 ἔδραμε,
481 2955 752 3028 μεθύουσα
787 2955 883 3018 μὲν
916 2953 993 3023 τῷ
1024 2954 1218 3020 πάθει,
1271 2954 1512 3025 φέρουσα
1549 2953 1605 3005 δὲ
1644 2953 1791 3022 ὅμως

212 3051 505 3113 νεανικῶς.

282 3145 483 3210 Κύριε,
524 3144 575 3194 εὶ
614 3135 688 3209 ἦς
738 3132 883 3202 ὧδε,
942 3141 1051 3192 οὐκ
1104 3138 1179 3191 ἂν
1205 3136 1499 3191 ἀπέθανεν
1536 3138 1567 3190 ό
1612 3135 1790 3190 ἀδελ-

211 3234 329 3302 φός
350 3251 491 3301 μου.

290 3328 356 3378 ‘U
386 3325 532 3393 λέγει
562 3326 595 3395 ή
622 3325 844 3396 Μάρθα,
883 3321 1124 3376 τοιοῦτον
1156 3322 1302 3373 ἐστιν
1328 3336 1340 3349 ·
1387 3320 1460 3373 Οὐ
1490 3318 1576 3373 διὰ
1611 3319 1786 3385 τοῦτο,

213 3418 404 3487 φησὶν,
452 3416 717 3469 ἀπέθανεν
768 3415 796 3465 ὁ
848 3412 1073 3481 ἀδελφός
1127 3427 1248 3479 μου,
1296 3410 1377 3462 ὃτι
1429 3410 1709 3462 ὑπόκειται
1756 3410 1788 3479 ἡ

209 3506 501 3577 ἀνθρώπου
533 3505 693 3573 φύσις
734 3503 809 3574 τῷ
838 3502 1072 3570 θανάτῳ,
1123 3501 1236 3553 ἀλλ’
1272 3500 1351 3552 ὅτι
1384 3500 1446 3551 σὺ
1487 3500 1544 3551 οὐ
1586 3500 1787 3571 παρῆς,

207 3602 237 3652 ὁ
266 3600 358 3651 τὸν
392 3599 621 3652 θάνατον
648 3596 864 3663 νικῆσαι
891 3594 1183 3663 δυνάμενος
1206 3591 1293 3644 διὰ
1320 3591 1412 3644 τοῦ
1440 3590 1789 3662 προστάγμα-

209 3710 323 3756 τος.
358 3691 493 3743 Ὑπὸ
526 3689 582 3741 δὲ
604 3690 703 3756 τῆς
741 3687 915 3753 λύπης
941 3685 1044 3751 ἔξω
1068 3684 1160 3736 τοῦ
1186 3684 1551 3755 προσήκοντος
1574 3684 1787 3737 πλανω-

213 3786 374 3855 μένῃ)
415 3780 630 3851 ἐνόμιζε
676 3778 871 3848 μηκέτι
916 3774 1169 3829 δύνασθαί
1212 3792 1264 3826 τι
1300 3775 1521 3843 ποιῆσαι
1558 3774 1647 3826 τὸν
1673 3773 1789 3825 Κύ-

214 3854 330 3948 ριον
357 3891 370 3904 ·
413 3873 488 3936 ὡς
528 3854 975 3942 παραδραμόντος
1002 3865 1095 3919 τοῦ
1117 3865 1329 3937 καιροῦ,
1358 3867 1449 3918 καὶ
1469 3864 1603 3936 ῷετο
1628 3866 1790 3919 αὑτὸν

212 3964 671 4036 παραγεγονέναι,
702 3963 802 4013 οὐκ
828 3958 920 4011 ἐπὶ
941 3958 1018 4029 τῷ
1042 3959 1342 4027 ἀναστῆσαι
1374 3954 1641 4026 Λάζαρον,
1674 3955 1787 4009 ἀλλ’

212 4060 303 4111 ἵνα
343 4054 805 4127 παραμυθήσηται
854 4050 1042 4113 αὑτάς.
1092 4050 1304 4121 Ἠρέμα
1348 4048 1455 4117 γάρ
1500 4047 1648 4117 αὐτῷ
1697 4049 1789 4100 καὶ

212 4148 597 4216 ὖπομέμφεται
630 4142 972 4214 βραδύναντι,
1006 4143 1100 4193 καὶ
1131 4141 1203 4210 μὴ
1233 4139 1392 4200 εὐθὺς
1424 4137 1630 4191 ὲλθὸντι
1663 4140 1788 4193 ὅταν

212 4239 446 4309 ἠδύνατο
476 4236 711 4307 βοηθεῖν,
746 4236 834 4288 ὂτε
868 4231 1192 4286 ἀπέστειλαν
1216 4231 1470 4297 λέγουσαι
1495 4245 1508 4259 ⁸
1560 4229 1813 4298 «Κύριε,,

211 4332 289 4384 ἴδε
309 4330 367 4385 δν
384 4330 575 4397 φιλεῖς,
596 4326 833 4379 ἀσθενεῖ.
863 4344 883 4377 ι
910 4325 981 4377 Τὸ
997 4324 1053 4377 δὲ
1070 4322 1265 4391 λέγειν,
1301 4340 1320 4373 ι
1349 4324 1487 4375 Ὅσα
1502 4321 1567 4374 ἂν
1588 4323 1787 4392 αἰτήσῃ

1898 486 1991 555 qui
2024 486 2243 555 lapsum
2281 484 2495 553 erigere
2530 482 2734 551 possit.

1966 576 2056 640 XI,
2097 576 2183 629 18.
2218 574 2351 627 Erat
2379 582 2552 626 autem
2588 571 2855 625 Bethania
2885 570 3094 624 distans
3118 571 3181 623 ab
3219 567 3477 624 Hieroso-

1899 669 2053 739 lymis
2087 664 2382 735 quindecim
2413 662 2591 717 stadia
2604 703 2618 717 .

1967 757 2265 827 Propterea
2296 756 2464 811 etiam
2496 754 2737 825 spatium
2768 753 2981 808 dierum
3014 751 3149 807 dicit
3180 760 3305 822 post
3336 767 3477 805 mor-

1898 859 2005 906 tem
2039 849 2267 915 Lazari,
2302 856 2361 902 ut
2400 848 2574 918 magis
2609 845 2945 917 stupendum
2988 846 3059 901 sit
3107 845 3472 913 miraculum;

1866 960 1867 963 η
1898 956 1999 996 nec
2025 941 2317 1011 quisquam
2346 939 2489 995 forte
2508 940 2690 1003 dicat,
2716 946 2838 1008 post
2866 954 3035 992 unum
3061 938 3202 991 diem
3232 940 3473 1003 venisse,

1898 1048 1999 1087 nec
2033 1032 2202 1088 fuisse
2231 1039 2531 1095 mortuum,
2551 1032 2644 1086 sed
2675 1031 2942 1085 duntaxat
2971 1030 3319 1100 languentem
3351 1044 3477 1084 sus-

1899 1128 2119 1179 citasse.
2156 1124 2245 1177 Ait
2311 1134 2491 1178 autem
2521 1124 2727 1177 multos
2757 1124 2810 1177 in
2859 1122 3124 1177 Bethania
3166 1120 3342 1176 fuisse
3380 1118 3477 1176 Ju-

1900 1219 2050 1273 dazos
2082 1219 2175 1288 qui
2208 1217 2277 1271 ab
2306 1216 2613 1271 Jerusalem
2653 1216 3033 1271 advenerant:
3070 1214 3278 1285 alioqui
3325 1215 3476 1270 enim

1899 1311 2054 1364 locus
2103 1309 2194 1363 ille
2233 1324 2339 1363 non
2398 1308 2695 1363 admodum
2722 1309 3038 1363 hominibus
3060 1309 3341 1378 frequens,
3374 1325 3476 1364 nec

1901 1416 2096 1471 magna
2122 1401 2289 1456 etiam
2323 1408 2446 1454 erat
2472 1400 2826 1469 intercapedo
2852 1415 2914 1454 ac
2943 1401 3205 1455 distantia
3233 1417 3353 1471 qum
3379 1402 3478 1455 im-

1901 1493 2115 1561 pediret
2147 1495 2445 1564 quominus
2507 1492 2671 1546 amici
2710 1492 2773 1546 ad
2810 1489 3081 1545 Martham
3118 1495 3471 1559 accederent;

1901 1584 1985 1638 vel
2020 1585 2277 1653 quoniam
2313 1590 2636 1653 pervaserat
2670 1582 2816 1636 fama
2847 1584 3099 1637 miraculi
3134 1598 3351 1638 omnem
3380 1583 3474 1637 Je-

1902 1677 2140 1731 rusalem
2192 1684 2246 1729 et
2307 1675 2766 1745 circumjacentia
2813 1676 2967 1742 loca;
3014 1676 3170 1745 ponit
3211 1690 3468 1739 causam,

1899 1769 2046 1837 quod
2081 1768 2269 1823 multis
2331 1768 2405 1822 ibi
2450 1767 2843 1822 exsistentibus
2890 1766 3252 1837 undequaque
3292 1767 3471 1822 disse-

1899 1860 2141 1915 minatus
2195 1868 2279 1915 est
2341 1874 2571 1914 sermo:
2631 1858 2753 1913 aliis
2810 1857 3034 1927 quidem
3093 1856 3469 1923 mirantibus,

1896 1952 2055 2021 681
2096 1952 2221 2007 aliis
2258 1967 2387 2007 vero
2424 1967 2524 2022 per
2556 1948 2823 2005 invidiam
2849 1950 3052 2003 factum
3078 1949 3469 2012 referentibus,

1899 2052 1958 2097 ut
2001 2060 2097 2113 per
2148 2045 2316 2099 falsas
2378 2043 2765 2098 accusationes
2821 2041 3088 2096 miraculo
3135 2041 3470 2095 calumniam

1898 2135 2235 2205 afﬁngerent.

1966 2222 2060 2287 XI,
2079 2224 2168 2280 ‘20.
2208 2225 2426 2279 Martha
2456 2226 2616 2296 igitur
2646 2234 2702 2278 ut
2724 2225 2929 2279 audivit
2960 2224 3098 2294 quod
3121 2221 3279 2278 Jesus
3310 2224 3469 2290 venit,

1895 2319 2125 2371 occurrit
2155 2318 2268 2382 illi;
2298 2314 2480 2373 Maria
2519 2334 2635 2371 vero
2669 2315 2811 2370 domi
2835 2316 3067 2369 sedebat.

1966 2404 2182 2460 Martha
2220 2407 2443 2477 quidem
2488 2407 2773 2476 aliquanto
2818 2405 3119 2461 ferventior
3163 2405 3232 2459 ad
3277 2420 3471 2460 neces-

1895 2501 2040 2555 saria
2070 2499 2323 2555 obeunda
2344 2541 2358 2564 ,
2392 2501 2515 2556 ideo
2545 2501 2722 2571 prima
2754 2500 2808 2552 in
2841 2514 3133 2553 occursum
3168 2499 3350 2566 venit;
3388 2500 3471 2554 in-

1895 2591 2230 2661 telligentior
2264 2601 2449 2647 autem
2484 2590 2652 2645 Maria
2676 2630 2691 2654 ,
2726 2591 3048 2660 habensque
3077 2592 3316 2645 animam
3347 2606 3469 2644 ma-

1891 2682 2031 2751 joris
2060 2698 2255 2737 sensus
2310 2698 2564 2752 capacem
2587 2725 2601 2750 ,
2633 2682 2782 2736 domi
2814 2684 3018 2739 mansit
3049 2684 3116 2737 ad
3146 2684 3470 2753 excipienda

1894 2771 2338 2825 consolationum
2388 2771 2583 2825 ofﬁcia.
2632 2770 2843 2824 Martha
2881 2787 3010 2826 vero
3058 2781 3118 2825 ut
3165 2772 3472 2842 simplicior

1895 2864 2173 2928 cucurrit,
2210 2863 2363 2918 ebria
2399 2863 2621 2933 quidem
2657 2873 2711 2919 et
2744 2863 2977 2919 confusa
3021 2865 3207 2930 luctu,
3253 2865 3348 2921 sed
3390 2874 3471 2919 ta-

1894 2965 2018 3004 men
2053 2950 2233 3006 ferens
2265 2950 2500 3007 fortiter.

1968 3128 2058 3193 ΧΙ,
2094 3130 2183 3184 21.
2224 3129 2475 3198 Domine,
2505 3133 2550 3187 si
2578 3132 2659 3187 hic
2686 3134 2896 3203 fuisses,
2930 3153 3034 3190 non
3068 3146 3305 3193 mortuus
3333 3149 3467 3194 esset

1899 3222 2067 3291 frater
2097 3238 2262 3276 meus.

1969 3311 2122 3378 Quod
2154 3313 2286 3367 dicit
2316 3312 2527 3371 Martha
2552 3317 2824 3386 ejusmodi
2858 3326 2937 3373 est
2971 3339 2983 3373 :
3014 3318 3134 3373 Non
3167 3321 3290 3375 ideo
3313 3362 3327 3384 ,
3362 3323 3466 3387 ait,

1902 3411 2153 3455 mortuus
2208 3411 2294 3457 est
2344 3404 2514 3458 frater
2552 3421 2743 3471 meus,
2797 3405 2924 3475 quia
2980 3413 3174 3458 natura
3226 3406 3468 3461 hominis

1899 3495 2060 3548 morti
2081 3496 2452 3564 subjacet,sed
2484 3497 2611 3567 quia
2635 3504 2690 3550 tu
2726 3512 2832 3550 non
2864 3497 3079 3560 aderas,
3100 3499 3193 3568 qui
3225 3499 3343 3553 solo
3365 3499 3469 3552 im-

1898 3589 2051 3657 perio
2083 3600 2311 3642 mortem
2346 3590 2561 3644 vincere
2591 3596 2769 3656 potes.
2801 3586 2919 3642 Pra:
2951 3590 3137 3644 dolore
3160 3605 3288 3644 vero
3310 3598 3466 3644 extra

1898 3686 2133 3740 rationis
2160 3683 2297 3737 fines
2323 3679 2547 3751 evagat’a
2573 3680 2849 3735 existimat
2878 3680 3014 3734 nihil
3059 3681 3294 3751 amplius
3328 3697 3467 3752 pra:—

1899 3787 2048 3832 stare
2080 3792 2245 3847 posse
2281 3772 2608 3838 Dominum,
2643 3783 2905 3843 tanquam
2932 3774 3117 3843 elapsa
3144 3774 3465 3839 occasione,

1896 3871 2230 3941 putabatque
2258 3869 2441 3937 ipsum
2474 3867 2697 3921 venisse
2726 3881 2834 3920 non
2867 3866 2931 3919 ad
2960 3866 3333 3920 suscitaudum
3362 3867 3466 3920 La-

1898 3976 2120 4023 zarum,
2155 3957 2248 4014 sed
2289 3958 2356 4011 ad
2403 3956 2551 4026 ipsas
2593 3955 2983 4011 consolandas.
3038 3955 3103 4009 Et
3152 3958 3314 4012 tacite
3344 3959 3469 4027 qui-

1896 4052 2017 4106 dem
2042 4052 2091 4104 ei
2120 4055 2411 4105 succenset
2436 4057 2701 4117 tanquam
2735 4047 2965 4101 nimium
2997 4055 3233 4111 morato,
3269 4059 3322 4103 et
3354 4065 3466 4104 non

1896 4145 2082 4199 statim
2116 4140 2367 4213 profecto
2397 4156 2522 4194 cum
2561 4139 2818 4193 auxiliari
2855 4145 3126 4208 potestate
3150 4179 3165 4203 ,
3200 4154 3323 4195 cum
3364 4143 3465 4195 mi-

1895 4241 2085 4290 serant
2137 4230 2206 4287 ad
2261 4246 2385 4285 eum
2442 4230 2729 4285 dicentes:
2775 4246 2794 4279 ι
2825 4227 3086 4292 Domine,
3122 4241 3249 4281 ecce
3299 4242 3461 4296 quem

1896 4341 2047 4382 amas
2077 4326 2323 4394 languet.
2358 4341 2378 4375 ι
2408 4321 2596 4376 Dicere
2617 4334 2765 4384 vero,
2794 4337 2811 4371 ‹
2835 4318 3106 4388 Quidquid
3140 4319 3464 4388 poposceris

210 4424 304 4477 τὸν
347 4422 501 4481 Θεὸν,
549 4419 711 4473 δώσει
743 4434 845 4482 σοι,
881 4436 898 4467 ι
945 4414 1359 4485 ὑπερυθριὼσης
1388 4413 1505 4465 ἐστὶ
1540 4413 1787 4484 φανερῶς

1903 4417 2092 4479 Deum,
2112 4416 2286 4477 dabit,
2311 4433 2329 4464 ›
2354 4412 2736 4468 erubescentis
2768 4417 2853 4465 est
2882 4419 3067 4478 petere
3095 4416 3284 4479 aperte
3313 4412 3461 4479 quod

211 4514 437 4584 αἰτῆσαι
470 4513 500 4565 ὃ
537 4511 783 4582 βούλεται
807 4525 818 4538 ·
868 4510 1016 4578 ὅμως
1052 4505 1341 4576 σφάλλεται
1372 4504 1500 4576 περὶ
1525 4504 1622 4572 τὴν
1656 4505 1788 4575 ἀλή-

212 4610 388 4672 θειαν,
434 4606 534 4674 οὐχ
580 4604 653 4666 ὼς
703 4599 823 4670 Θεῷ
861 4599 1235 4667 διαλεγομένη,
1284 4595 1397 4648 ἀλλ’
1449 4594 1522 4659 ὡς
1566 4596 1645 4647 ὲν).
1687 4595 1792 4647 τῶν

210 4701 409 4768 ἁγίων,
452 4698 541 4750 διὰ
569 4696 665 4766 τὴν
693 4692 975 4764 ὁρωμένην
1000 4689 1201 4759 σάρκα,
1223 4687 1442 4768 οἰομένη
1472 4688 1555 4739 ὅτι
1590 4686 1688 4739 ὅσα
1724 4685 1791 4739 ἂν

210 4795 413 4863 αἰτήσῃ
463 4791 537 4852 ὼς
567 4789 741 4855 ἆγιος,
772 4785 1036 4855 λαμϐάνει
1062 4782 1167 4835 ἀπὸ
1205 4778 1361 4843 Θεοῦ,
1403 4780 1464 4832 ού
1497 4780 1594 4849 μὲν
1620 4778 1789 4831 εἰδυῖα

210 4893 293 4943 ὅτι
334 4887 496 4957 φύσει
528 4884 657 4944 Θεὸς
686 4880 761 4934 ὢν
795 4880 886 4934 καὶ
911 4878 1140 4945 δύναμις
1169 4876 1262 4928 τοῦ
1300 4873 1535 4943 Πατρὺς,
1578 4873 1789 4942 ἄμαχον

210 4983 324 5052 ἔχει
351 4979 450 5049 τὴν
481 4976 574 5029 ἐπὶ
598 4975 765 5027 πᾶσιν
798 4973 968 5040 ἰσχύν.
1019 4969 1079 5022 Εἰ
1110 4969 1225 5039 ᾔδει
1270 4967 1378 5036 γάρ
1427 4968 1509 5019 ὅτι
1541 4965 1671 5026 Θεὸς
1699 4961 1787 5034 ἧν,

212 5076 310 5127 οὐκ
332 5072 398 5125 ἂν
424 5065 600 5132 εἶπεν,
628 5068 710 5120 ὅτι
739 5085 756 5116 ι
780 5064 843 5117 Εἰ
872 5059 937 5133 ἧς
967 5056 1088 5114 ὧδεο
1123 5080 1138 5111 ι
1165 5062 1191 5113 ὁ
1224 5058 1332 5128 γάρ
1358 5056 1488 5119 Θεὸς
1514 5052 1785 5124 πανταχοῦ⁹
1850 5094 1855 5105 .

209 5170 380 5219 ἐστιν.
424 5163 485 5214 Ὀ
522 5160 705 5231 μέντοι
751 5154 976 5226 Κύριος,
1024 5153 1111 5206 διὰ
1159 5152 1219 5204 τὸ
1263 5149 1655 5218 ἁφιλόκομπον,
1690 5147 1789 5198 οὐκ

210 5254 385 5320 εἶπεν,
405 5250 717 5323 Ἐγερῶτὸν
729 5248 953 5315 ἀδελφόν
968 5262 1083 5305 σου,
1106 5243 1263 5307 ἀλλὰ,
1287 5260 1307 5294 r
1342 5242 1748 5310 Ἀναστήσεται·
1763 5259 1780 5290 ›

215 5346 496 5421 μονονουχὶ
515 5344 700 5414 ἡρέμα
730 5339 897 5408 αὐτὴν
922 5337 1179 5407 ἐλέγχων,
1196 5336 1290 5388 καὶ
1314 5334 1508 5402 λέγων·
1543 5332 1786 5384 Ἀνίστα-

213 5456 297 5492 ται
326 5438 425 5509 μὲν
459 5432 641 5495 καθὼς
678 5429 874 5500 βούλει,
906 5428 1047 5499 πλὴν
1090 5427 1187 5495 οὐχ
1216 5426 1291 5487 ὼς
1328 5425 1389 5477 σὺ
1417 5422 1678 5493 νομίζεις.
1724 5422 1787 5474 Εἰ

210 5533 318 5602 γάρ
340 5529 441 5583 οἴει
481 5526 548 5580 δι’
578 5525 744 5593 εὐχῆς
781 5523 873 5574 καὶ
911 5521 1176 5590 αἰτήσεως
1212 5516 1369 5569 τοῦτο
1403 5515 1680 5578 ἀνύεσθαι,
1722 5514 1785 5565 σὺ

214 5626 352 5680 ποίει
382 5623 444 5676 τὸ
483 5620 583 5690 τῆς
613 5614 801 5687 εὐχῆς,
845 5615 919 5684 μὴ
958 5612 1062 5683 μὴν
1099 5612 1224 5681 ἐμοὶ
1255 5610 1510 5662 ἐπίταττε
1551 5606 1628 5676 τῷ
1658 5605 1788 5659 θαυ-

217 5712 528 5788 μαωυργῷ,
561 5711 623 5773 ὃς
662 5707 898 5776 δύναμαι
924 5708 990 5776 τῇ
1032 5704 1139 5775 ἰδία
1189 5700 1332 5773 ἰσχύϊ
1356 5698 1787 5787 ,άῗναστῆσαιῆτὺν

1894 4508 2064 4561 velit:
2121 4514 2303 4559 tamen
2357 4504 2578 4558 aberrat
2632 4515 2661 4553 a
2718 4500 2991 4566 veritate,
3040 4515 3151 4554 non
3200 4508 3460 4571 tanquam

1894 4598 2101 4662 Deum,
2137 4595 2232 4652 sed
2287 4602 2545 4665 tanquam
2600 4608 2767 4646 unum
2815 4601 3133 4646 sanctorum
3176 4592 3463 4662 alloquens

1896 4693 2121 4757 prepter
2168 4698 2391 4739 carnem
2417 4696 2582 4752 quam
2630 4681 2876 4745 videbat,
2917 4689 3038 4735 rata
3068 4682 3334 4752 quidquid
3367 4698 3462 4752 pe-

1893 4784 2033 4831 teret
2063 4783 2120 4829 ut
2153 4782 2381 4828 sanctus
2402 4812 2416 4835 ,
2455 4788 2484 4825 a
2524 4771 2635 4826 Deo
2664 4782 3016 4841 accepturum
3048 4788 3204 4840 esse,
3238 4774 3463 4828 minime

1893 4867 2112 4935 quidem
2146 4879 2317 4936 gnara
2354 4863 2521 4917 Deum
2556 4872 2751 4917 natura
2783 4879 2906 4919 esse
2947 4872 3001 4919 et
3036 4864 3216 4920 Patris
3268 4874 3464 4934 poten-

1893 4960 2059 5021 tiam,
2112 4958 2429 5027 invictaque
2480 4955 2535 5008 in
2580 4955 2836 5011 omnibus
2869 4956 2919 5008 vi
2952 4956 3175 5025 pollere.
3227 4955 3285 5011 Si
3316 4959 3461 5012 enim

1893 5051 2146 5105 scivissct
2178 5049 2343 5103 Deum
2372 5063 2525 5110 esse,
2552 5062 2660 5099 non
2688 5046 2923 5101 dixisset
2944 5064 2955 5099 :
2979 5046 3069 5099 «Si
3092 5048 3182 5102 hic
3201 5046 3455 5109 fuisses,»

1892 5143 2037 5197 Deus
2066 5142 2211 5196 enim
2260 5141 2462 5210 ubique
2492 5146 2596 5194 est.
2631 5140 2924 5192 Enimvero
2958 5137 3243 5203 Dominus,
3275 5148 3333 5192 ut
3366 5141 3458 5207 qui

1890 5237 2039 5288 omni
2071 5233 2339 5303 jactantia
2370 5236 2617 5293 careret,
2654 5245 2762 5284 non
2808 5229 2983 5283 dixit:
3017 5228 3312 5284 Suscitabo
3346 5229 3458 5282 fra-

1889 5333 2030 5381 trem
2062 5332 2215 5377 tuum
2247 5340 2261 5388 ;
2309 5322 2401 5376 sed
2436 5340 2453 5372 ‹
2482 5321 2751 5390 Resurget
2778 5360 2791 5383 ,
2827 5340 2843 5371 ι
2877 5319 3269 5390 propemodum
3308 5319 3457 5375 illam

1890 5418 1949 5471 in
1979 5417 2199 5471 occulto
2232 5413 2584 5483 redarguens,
2612 5422 2667 5467 et
2693 5411 2920 5466 dicens:
2946 5410 3205 5481 Resurgit
3235 5410 3456 5480 quidem

1888 5506 2349 5579 quemadmodum
2379 5506 2462 5560 vis
2483 5546 2497 5569 ,
2531 5506 2624 5560 sed
2652 5519 2762 5560 non
2790 5503 3244 5573 quemadmodum
3271 5511 3455 5572 putas.

1891 5604 1951 5659 Si
1986 5604 2132 5659 enim
2159 5603 2339 5659 credis
2370 5618 2469 5673 per
2498 5615 2691 5671 preces
2714 5608 2770 5654 et
2803 5597 3119 5668 rogationes
3148 5595 3201 5649 id
3235 5592 3452 5665 perfici,

1890 5705 1949 5752 tu
1996 5711 2154 5753 sume
2196 5695 2296 5751 tibi
2341 5702 2526 5764 partes
2562 5691 2792 5758 orandi,
2843 5705 2914 5746 ne
2951 5703 3082 5745 vero
3130 5686 3263 5742 mihi
3313 5702 3456 5759 pra-
