3894 6200
275 333 355 392 69
1135 341 1201 394 IN
1233 339 1574 399 JOANNEM.
1602 369 1672 380 —-
1708 338 1835 395 LIB.
1860 342 1951 397 γη
1987 341 2075 396 ET
2123 342 2236 399 VIII
2268 339 2711 405 FRAGMENTA.
3458 349 3528 407 50

274 451 643 538 θαυμαζέσθω
666 455 842 509 ταῦτα
870 454 944 509 ῶν
978 458 1070 511 καὶ
1094 459 1121 510 6
1148 460 1354 529 Πατήρ.
1388 460 1451 512 Τί
1480 458 1588 529 γὰρ
1615 459 1674 512 τὸ
1699 460 1859 515 πλέον

1974 462 2229 520 facturas.
2252 466 2307 521 Si
2327 467 2470 523 enim
2506 469 2718 525 factura
2740 478 3017 532 creatura,
3038 469 3335 525 secundum
3359 484 3527 538 quos-

271 537 338 597 ιν
364 543 512 615 αύτῷ
556 547 708 616 παρὰ
738 547 808 601 τὰ
855 550 1170 618 ποιήματα;
1222 550 1284 605 Εἰ
1315 553 1370 606 δὲ
1402 553 1508 606 τῶν
1538 555 1856 624 ποιημάτων

271 636 529 691 τοσοῦτον
556 639 680 693 ὅσον
705 641 862 711 ῖσμεν
893 641 1204 711 ἀπῴκισται
1234 645 1374 698 κατά
1407 646 1494 699 τὸν
1520 646 1618 716 τῆς
1642 647 1856 714 φύσεως

272 725 454 795 λόγον,
484 731 579 782 καί
610 730 699 784 διά
730 732 791 784 τὸ
820 727 956 786 εἶναι
987 734 1099 806 ζωὴ
1120 776 1133 799 ,
1178 735 1294 799 πῶς
1342 736 1408 789 ἂν
1453 736 1540 807 εἴη
1572 738 1782 807 ποίημα
1826 740 1854 790 ὁ

273 820 428 885 Υἱὸς.
478 821 591 893 ζωὴ
623 824 717 876 καὶ
746 826 910 889 αὐτὸς
956 828 1099 880 κατά
1146 827 1307 895 φύσιν
1335 830 1617 900 ύπάρχων,
1664 831 1852 901 ῶσπερ

270 908 369 965 οὖν
400 914 492 966 καὶ
519 916 547 968 ὁ
573 917 840 986 γεννήσας
869 918 1063 986 αύτὸνς
1118 920 1238 991 Ζωὴ
1286 921 1343 974 δὲ
1383 923 1520 983 ὅλως
1547 923 1655 976 τῶν
1696 940 1854 992 ποιη-

276 1004 467 1074 μάτων
487 1005 637 1058 οὐδέν
663 1008 796 1071 ἐστι,
820 1007 965 1078 ζωῆς
989 1011 1045 1063 δὲ
1069 1011 1268 1081 μᾶλλον
1292 1013 1391 1081 τῆς
1412 1012 1631 1068 ἀπὸτοῦ
1655 1014 1854 1077 ζῶντος

273 1096 413 1149 Θεοῦ
444 1099 688 1169 μέτοχον,
714 1100 832 1153 ἐπεὶ
863 1103 955 1153 καὶ
976 1123 993 1153 ι
1020 1105 1078 1155 ὲν
1108 1103 1225 1173 Θεῷ
1252 1104 1432 1174 ζῶμεν
1461 1123 1519 1159 τε
1548 1107 1643 1159 καὶ
1676 1106 1854 1159 κινού-

279 1187 425 1255 μεθα
456 1190 547 1242 καὶ
574 1192 761 1262 ἐσμὲν,
792 1214 809 1244 ι
851 1193 925 1258 ὡς
955 1196 983 1247 ὁ
1018 1196 1230 1260 Παῦλὸς
1262 1214 1449 1266 φησιν.

277 1277 391 1332 vita
427 1287 545 1343 est,
584 1281 682 1335 sed
719 1283 904 1351 potius
939 1298 968 1336 a
1004 1286 1223 1343 vivente
1260 1286 1373 1342 Deo
1404 1289 1528 1342 vitae
1556 1288 1856 1358 particeps,

282 1390 514 1443 sumus,
559 1399 576 1430 ι
625 1392 684 1434 ut
710 1381 915 1439 Paulus
950 1384 1029 1438 ait
1062 1384 1131 1438 ".

356 1470 507 1539 Τάχα
530 1471 586 1524 δὲ
619 1472 695 1543 (1)
728 1477 776 1527 οί
826 1476 1012 1531 πολλοὶ
1048 1477 1157 1530 τῶν
1197 1479 1557 1532 πιστευόντων
1581 1518 1595 1543 ,
1654 1477 1746 1529 καὶ
1782 1475 1856 1545 μὴ

280 1560 550 1633 ἄτρεπτον
585 1567 680 1618 καὶ
709 1566 925 1636 βέϐαιον
972 1568 1187 1639 ἔχοντες
1224 1569 1321 1640 τὴν
1370 1570 1576 1631 πίστιν,
1628 1568 1858 1622 τοιοῦτοί

279 1654 421 1707 εἰσιν
446 1654 521 1717 ῶς
554 1658 602 1708 τ’
634 1658 699 1713 ἂν
728 1661 901 1713 εἰπεῖν
927 1661 1054 1731 περὶ
1083 1661 1283 1725 αύτῶν,
1305 1663 1386 1714 ὅτι
1407 1660 1752 1713 πιστεύουσιν
1780 1661 1859 1723 εἰς

279 1747 374 1797 τὸν
422 1747 664 1816 Ἰησοῦν,
713 1752 807 1804 καὶ
846 1751 1184 1821 ἐπιδέχονται
1218 1753 1277 1805 τὸ
1322 1752 1710 1822 ἀποθνήσκειν,
1765 1754 1859 1804 καὶ

280 1837 606 1892 ἀποθάνοιεν
655 1858 817 1894 ποτε·
861 1843 1223 1906 ἀποθανόντες
1262 1843 1351 1908 δὲ,
1405 1845 1464 1896 ού
1508 1843 1761 1911 μένουσιν
1802 1844 1860 1894 ἐν

282 1927 535 1997 θανάτῳ,
572 1929 710 1983 ἀλλὰ
743 1930 1020 2002 ζήσονται.
1074 1934 1138 1987 Εἰ
1170 1934 1226 1986 δέ
1256 1950 1338 1995 τις
1366 1934 1466 2003 ἤδη
1503 1934 1563 1985 τὸ
1593 1933 1861 2003 ἄτρεπτον

281 2019 379 2070 καὶ
410 2019 624 2087 βέϐαιον
653 2022 989 2093 ἀνῖιληφὼς,
1046 2024 1182 2094 μετὰ
1214 2025 1418 2092 ταύτης
1452 2024 1549 2094 τῆς
1581 2024 1744 2089 ἕξεως
1778 2041 1863 2076 πι-

284 2110 488 2174 στεύοι,
515 2106 670 2175 οὗτος
699 2114 763 2166 ἂν
788 2116 871 2185 εἴη
901 2116 929 2166 ὁ
955 2114 1063 2178 ζῶν
1089 2116 1185 2169 καὶ
1215 2117 1484 2168 πιστεύων
1512 2117 1601 2168 καὶ
1630 2116 1703 2185 μὴ
1731 2118 1862 2168 ἀπο-

280 2199 609 2271 θανούμενος
640 2205 715 2266 εἰς
741 2204 829 2256 τὸν
852 2204 1038 2257 αἰῶνα.
1065 2200 1187 2267 Οἷος
1214 2201 1279 2275 ἦν
1308 2207 1335 2257 ὁ
1365 2206 1632 2276 μακάριος
1656 2205 1860 2266 Παῦλος

281 2292 459 2359 λέγων
490 2314 502 2326 ο
567 2313 585 2345 ι
633 2295 730 2358 Τίς
761 2298 909 2366 ἡμᾶς
948 2296 1173 2367 χωρίσει
1225 2297 1332 2349 ἀπὸ
1372 2297 1472 2366 τῆς
1523 2296 1743 2366 ἀγάπης
1767 2295 1862 2348 τοῦ

284 2382 523 2453 Χριστοῦ
551 2402 563 2449 ;
600 2403 619 2435 ι
664 2385 757 2437 καὶ
784 2384 851 2437 τὰ
882 2382 1031 2454 ἑξῆς.

359 2475 672 2541 Πιστεύεις
698 2476 887 2539 τούτῳ
906 2492 923 2539 ;

360 2564 880 2635 Προεξηγησάμενος
926 2568 1019 2620 τοῦ
1051 2567 1191 2620 κατά
1224 2567 1383 2620 αὐτὸν
1436 2566 1737 2636 μυστηρίου
1767 2563 1865 2633 τὴν

283 2654 553 2723 δύναμιν,
600 2658 694 2709 καὶ
736 2656 915 2721 δείξας
960 2658 1205 2729 ἐναργῶς
1246 2660 1326 2712 ὅτι
1372 2658 1484 2730 ζωὴ
1529 2659 1669 2712 κατὰ
1703 2659 1865 2727 φύσιν

286 2747 411 2799 ἐστὶ
454 2748 546 2799 καὶ
574 2747 704 2811 Θεὸς
739 2748 989 2819 ἀληθινὸς
1010 2790 1024 2812 ,
1076 2752 1300 2804 ἀπαιτεῖ
1336 2750 1433 2821 τὴν
1465 2752 1557 2803 ἐπὶ
1587 2753 1652 2822 τῇ
1685 2752 1865 2804 πίστει

290 2837 529 2903 σύνεσιν,
561 2839 728 2891 τύπον
761 2842 880 2903 ταῖς
922 2840 1268 2911 Ἐκκλησίαις
1295 2841 1387 2894 τὸν
1416 2842 1509 2894 ἐπὶ
1531 2842 1704 2911 τούτῳ
1731 2841 1862 2905 θείς.

286 2928 411 3000 Χρὴ
442 2929 547 2999 γάρ
586 2931 647 2982 ού
675 2930 920 2985 διάκενον
954 2932 1101 3001 ἡμᾶς
1124 2935 1213 2997 είςξ
1241 2931 1377 3004 ἀέρα
1407 2933 1732 3002 ῥιπτοῦντας
1759 2952 1867 3003 φω-

286 3016 408 3086 νὴν,
455 3017 514 3070 τὸ
561 3020 755 3072 σεπτὸν
785 3019 1065 3088 ὁμολογεῖν
1094 3023 1392 3091 μυστήριον
1413 3060 1428 3084 ,
1458 3022 1571 3076 ἀλλ’
1598 3025 1654 3075 ὲν
1676 3023 1869 3094 καρδίᾳ

1963 556 2111 621 dam,
2135 558 2409 614 exsistens
2452 559 2645 625 Filius,
2670 563 3009 617 resurrectio
3044 572 3129 617 est
3158 570 3213 618 et
3251 563 3387 628 vita,
3428 578 3524 617 ne-

1966 665 2244 719 quaquam
2281 652 2637 708 admirationi
2668 654 2829 710 debet
2857 671 2982 711 esse
3017 656 3129 711 haec
3164 658 3440 711 exsistens
3473 662 3527 710 et

1962 738 2145 795 Pater.
2187 740 2328 806 Quid
2366 742 2512 797 enim
2553 744 2788 813 amplius
2824 752 2910 800 est
2957 745 3013 799 in
3061 761 3126 800 eo
3159 761 3317 815 quam
3348 744 3401 798 in
3441 744 3526 799 fa-

1959 833 2166 888 cturis?
2201 833 2260 888 Si
2291 849 2423 889 vero
2460 842 2669 890 tantum
2701 847 2967 907 quantum
3000 838 3208 893 scimus
3240 852 3271 890 a
3301 834 3526 889 iacturis

1961 925 2192 979 dissitus
2229 933 2334 990 est,
2382 928 2688 983 secundum
2737 936 2949 983 naturze
2994 944 3109 984 sua:
3154 927 3420 982 rationem
3476 935 3528 981 et

1959 1016 2090 1084 quia
2124 1025 2211 1072 est
2242 1018 2351 1071 vita
2375 1058 2390 1082 ,
2425 1018 2699 1088 quomodo
2735 1019 2953 1074 factura
2991 1018 3160 1075 fuerit
3196 1016 3400 1081 Filius,
3431 1015 3525 1085 qui

1958 1116 2013 1160 et
2053 1108 2171 1176 ipse
2206 1109 2316 1161 vita
2347 1109 2653 1165 secundum
2688 1118 2944 1164 naturam
2989 1108 3244 1172 exsistit,
3292 1106 3438 1161 sicut
3473 1113 3528 1159 et

1956 1199 2051 1267 Qui
2094 1202 2285 1269 genuit
2328 1204 2502 1256 eum?
2540 1202 2774 1257 Omnino
2817 1217 2947 1257 vero
2993 1202 3143 1256 nulla
3188 1200 3526 1253 facturarum

1896 1290 2342 1361 quandoquidem
2376 1302 2429 1349 et
2469 1312 2487 1344 ι
2526 1294 2579 1347 in
2618 1292 2731 1351 Deo
2774 1295 3006 1349 vivimus
3043 1301 3095 1350 et
3128 1305 3410 1347 movemur
3473 1302 3527 1348 et

2036 1470 2199 1526 Forte
2250 1473 2408 1527 multi
2462 1488 2525 1527 ex
2587 1472 2971 1535 credentibus,
3029 1473 3525 1531 immutabilitatem

1966 1564 2397 1634 ﬁrmitatemque
2427 1565 2550 1620 ﬁdei
2583 1581 2693 1620 non
2728 1566 3013 1630 habentes,
3049 1567 3185 1622 tales
3215 1577 3345 1623 sunt
3374 1578 3429 1623 ut
3458 1568 3528 1624 de

1966 1656 2035 1712 iis
2086 1656 2196 1711 dici
2244 1659 2419 1727 possit
2474 1661 2642 1727 quod,
2680 1658 2965 1713 credentes
3017 1658 3071 1712 in
3117 1657 3326 1723 Iesum,
3363 1663 3527 1715 morti

1967 1756 2147 1803 tamen
2181 1750 2408 1804 obnoxii
2443 1760 2594 1815 sunt,
2628 1760 2683 1804 et
2712 1750 3008 1819 aliquando
3035 1751 3251 1819 quidem
3283 1753 3529 1807 moriun-

1973 1849 2096 1905 tur;
2128 1840 2182 1893 in
2235 1848 2412 1895 morte
2455 1849 2637 1896 autem
2690 1856 2797 1894 non
2849 1849 3095 1906 manent,
3134 1849 3325 1911 postea
3360 1837 3529 1897 vitam

1965 1933 2366 2000 recuperaturi.
2391 1930 2590 1986 Verum
2615 1931 2662 1985 si
2697 1932 2840 2000 quis,
2873 1932 3191 1986 firmitatem
3216 1932 3529 1989 immutabi-

1966 2022 2289 2093 litatemque
2323 2023 2436 2092 jam
2498 2032 2853 2087 consecutus,
2884 2024 2967 2077 sic
3002 2022 3211 2088 credat,
3233 2024 3379 2078 hunc
3405 2039 3530 2078 esse

1965 2113 2199 2168 dixerim
2227 2115 2499 2169 viventem
2529 2123 2581 2168 et
2614 2115 2922 2170 credentem
2972 2116 3065 2184 qui
3099 2130 3211 2170 non
3266 2116 3529 2170 morietur

1966 2206 2021 2259 in
2062 2216 2346 2261 aeternum.
2392 2206 2579 2270 Qualis
2621 2215 2741 2260 erat
2793 2205 2988 2261 beatus
3026 2203 3253 2269 Paulus,
3290 2220 3413 2261 cum
3449 2205 3529 2259 di-

1967 2304 2149 2351 ceret:
2176 2314 2195 2346 ι
2218 2295 2350 2361 Quis
2384 2311 2484 2351 nos
2499 2297 2776 2365 separabit
2802 2312 2831 2351 a
2861 2296 3129 2353 charitate
3157 2295 3365 2351 Christi
3388 2296 3473 2349 δοῖ
3501 2313 3522 2349 ι

2034 2470 2129 2537 XI,
2165 2471 2253 2526 26.
2291 2470 2475 2526 Credis
2506 2472 2669 2526 huic?

2035 2561 2197 2617 Prius
2233 2562 2479 2631 exposita
2530 2561 2583 2617 vi
2636 2560 2883 2631 mysterii
2937 2561 3083 2616 circa
3144 2576 3224 2626 se,
3274 2561 3531 2632 clareque

1966 2662 2191 2710 ostenso
2239 2653 2385 2723 quod
2434 2654 2545 2707 vita
2595 2652 2900 2709 secundum
2953 2662 3206 2709 naturam
3275 2661 3330 2708 et
3386 2651 3529 2710 Deus

1966 2764 2130 2803 verus
2191 2754 2295 2809 est,
2368 2746 2598 2816 requirit
2664 2747 2810 2802 circa
2864 2746 3023 2801 ﬁdem
3082 2747 3527 2820 intelligentiam,

1968 2839 2197 2908 ﬁguram
2228 2838 2489 2895 Ecclesiis
2529 2839 2583 2892 in
2621 2853 2687 2893 eo
2720 2854 2951 2908 ponens.
2977 2838 3097 2894 Non
3133 2838 3280 2894 enim
3316 2848 3532 2912 oportet

1968 2946 2069 2985 nos
2098 2945 2329 2984 vacuam
2386 2930 2439 2983 in
2492 2943 2615 2983 aera
2670 2928 2935 2997 iacientes
2990 2944 3178 2983 vocem
3222 2929 3533 2985 venerabile

1970 3018 2128 3073 fateri
2158 3018 2503 3089 mysterium,
2536 3018 2628 3071 sed
2667 3016 2948 3071 fundatam
2982 3017 3036 3071 in
3072 3017 3239 3073 corde
3264 3024 3319 3073 et
3348 3018 3531 3073 animo

286 3107 384 3160 καὶ
406 3107 481 3178 νῷ
516 3109 615 3178 ’τὴν
648 3111 829 3163 πίστιν
856 3107 1213 3180 ριζώσαντας,
1244 3112 1454 3183 καρπὸν
1485 3112 1576 3165 τοῦ
1607 3114 1866 3183 πράγμα-

1974 3109 2131 3165 ﬁdem
2171 3110 2470 3174 habentes,
2518 3108 2759 3165 fructum
2812 3110 2934 3179 ejus
2988 3109 3393 3166 confessionem
3434 3125 3533 3179 po-

285 3216 383 3262 τος
430 3200 698 3257 ποιεῖσθαι
734 3201 833 3273 τὴν
862 3202 1151 3271 ὁμολογίαν
1173 3246 1187 3270 ,
1234 3206 1327 3257 καὶ
1355 3203 1631 3256 πιστεύειν
1664 3204 1866 3257 ἐνδοια-

293 3288 435 3358 σμοῦ
468 3308 611 3354 τινος
654 3292 773 3361 δίχα
808 3293 901 3345 καὶ
946 3293 1216 3363 διψυχίας.
1273 3294 1563 3365 Ὑϐριστὴς
1591 3294 1698 3365 γὰρ
1728 3297 1755 3348 6
1793 3296 1867 3348 δί-

286 3381 465 3450 ψυχος
508 3382 601 3434 καὶ
631 3381 883 3451 χωλεύων
918 3382 1045 3453 περί¹
1087 3384 1187 3452 τὴν
1218 3381 1415 3435 πίστιν·
1466 3381 1555 3436 διά
1595 3380 1750 3434 τοῦτο
1775 3381 1867 3434 καὶ

291 3473 671 3535 ἀκατάστατος
704 3476 761 3526 ὲν
792 3474 993 3536 πάσαις
1017 3476 1134 3535 ταῖς
1160 3473 1297 3537 ὁδοῖς
1331 3472 1515 3526 αὑτοῦ.
1569 3473 1782 3526 Είδέναι
1810 3488 1868 3524 σε

296 3564 405 3633 μὴν
436 3565 747 3632 ἀναγκαῖον,
766 3566 848 3618 ὅτι
868 3564 986 3635 Θεῷ
1010 3566 1107 3635 τῆς
1133 3566 1368 3628 πίστεως
1387 3564 1676 3634 ὁμολογίαν
1694 3564 1869 3619 ποιού-

297 3655 473 3725 μεθα,
510 3656 613 3709 κᾶν
657 3657 722 3709 δι’
765 3656 1067 3729 ἀνθρώπων
1103 3655 1447 3727 ἐρωτώμενοι
1480 3657 1586 3709 τῶν
1620 3655 1869 3727 ἱερᾶσθαι

293 3746 569 3817 λαχόντων
606 3749 785 3819 φαμὲν
822 3749 905 3815 τὸ,
940 3748 1208 3814 Πιστεύω,
1239 3749 1298 3801 ἐν
1340 3752 1405 3820 τῇ
1440 3748 1752 3821 παραλήψει
1774 3746 1867 3800 τοῦ

297 3837 457 3905 ἁγίου
484 3836 876 3910 βαπτίσματος.
920 3842 1207 3895 Πάνδεινον
1239 3835 1332 3892 οῦν
1358 3839 1464 3910 ἄρα
1491 3840 1551 3891 τὸ
1580 3837 1867 3908 διαψεύσα-

298 3927 425 3979 σθαι
457 3929 549 3980 καὶ
598 3928 991 3999 παρολισθῆσαι
1033 3930 1167 4001 πρὸς
1197 3930 1483 3993 ἀπιστίαν,
1541 3929 1626 3981 ἵνα
1676 3928 1748 4000 μὴ
1777 3930 1871 3983 καὶ

296 4018 559 4089 δικαστὴν
610 4021 701 4072 καὶ
752 4019 1007 4091 μάρτυρα
1060 4020 1315 4083 ἀπονοίας
1360 4020 1569 4090 ἔχωμεν
1600 4020 1757 4072 αὑτὸν
1782 4020 1871 4072 τὸν

301 4110 521 4163 πάντων
558 4113 833 4182 Δεσπότην
879 4113 1143 4180 λέγοντα·
1202 4132 1219 4163 ι
1251 4113 1360 4165 Καὶ
1412 4110 1522 4180 ἐγὼ
1577 4112 1812 4182 μάρτυς,
1846 4131 1864 4163 ι

301 4198 437 4267 φησί
466 4200 689 4270 Κύριος.
740 4201 1122 4273 Ἐπιτηρητέον
1146 4200 1202 4254 δὲ
1227 4201 1307 4254 ὅτι
1338 4201 1588 4269 Λαζάρου
1618 4200 1870 4270 κειμένου

299 4294 651 4363 τεθνηκότος,
688 4294 828 4363 ὑπὲρ
869 4292 1032 4346 αὑτοῦ
1064 4292 1264 4362 τρόπον
1303 4292 1422 4345 τινὰ
1451 4292 1512 4344 τὸ
1542 4292 1762 4360 γύναιον
1790 4290 1874 4357 ὲξ-

301 4388 534 4438 αιτείται
560 4386 659 4455 τὴν
696 4386 787 4437 ἐπὶ
812 4387 876 4454 τῇ
911 4386 1090 4437 πίστει
1134 4385 1347 4437 σύνεσιν
1374 4406 1385 4414 ·
1416 4384 1503 4436 ἵνα
1530 4384 1691 4436 πάλιν
1718 4383 1746 4434 ὁ
1776 4383 1871 4436 τύ-

1971 3216 2123 3263 nere,
2155 3208 2209 3255 et
2244 3200 2472 3255 credere
2505 3200 2625 3254 sine
2674 3201 2782 3254 ulla
2843 3200 3184 3256 dubitatione
3227 3208 3282 3255 et
3334 3201 3532 3255 mentis

1969 3291 2310 3361 duplicitate.
2345 3290 2655 3360 Injuriosus
2699 3299 2784 3345 est
2821 3291 2965 3345 enim
3001 3290 3201 3360 duplex
3251 3299 3433 3346 mente
3480 3297 3535 3345 et

1968 3384 2117 3438 circa
2151 3383 2310 3439 ﬁdem
2340 3382 2679 3445 claudicans,
2710 3391 2998 3451 propterea
3030 3379 3309 3436 instabilis
3336 3380 3389 3433 in
3415 3396 3534 3433 om-

1970 3476 2132 3529 nibus
2153 3475 2255 3527 viis
2280 3474 2416 3527 suis.
2436 3472 2704 3527 Caeterum
2734 3487 2962 3527 necesse
2989 3482 3076 3526 est
3098 3471 3372 3542 intelligas
3424 3471 3535 3526 Deo
3562 3496 3565 3499 ι

1972 3582 2070 3621 nos
2087 3564 2489 3620 confessionem
2512 3564 2633 3619 ﬁdei
2661 3564 2943 3627 exhibere,
2961 3564 3126 3617 etiam
3155 3578 3277 3616 cum
3304 3576 3400 3632 per
3433 3561 3533 3615 ho-

1973 3657 2146 3711 mines
2177 3670 2460 3711 sacrorum
2486 3670 2671 3709 curam
2703 3667 2757 3713 et
2793 3654 3164 3710 sacerdotium
3197 3656 3423 3711 sortitos
3454 3654 3536 3706 in-

1973 3747 2255 3819 terrogati,
2284 3747 2518 3802 dicimus
2563 3746 2689 3811 hoc,
2710 3744 2887 3801 Credo
2920 3747 2975 3800 in
3017 3745 3327 3815 sumptione
3360 3743 3535 3801 sancti

1971 3838 2335 3909 baptismatis.
2355 3836 2530 3893 Grave
2554 3838 2721 3908 igitur
2752 3846 2805 3891 et
2831 3837 3203 3906 periculosum
3236 3836 3451 3891 mentiri
3481 3844 3535 3891 et

1972 3932 2039 3986 ad
2067 3921 2519 3986 incredulitatem
2549 3928 2857 3995 deﬂectere,
2885 3944 2953 3983 ne
2990 3928 3228 3997 judicem
3260 3935 3314 3982 et
3341 3935 3537 3983 testem

1975 4023 2228 4077 amentiae
2252 4022 2549 4075 habeamus
2575 4020 2756 4089 ipsum
2785 4021 3031 4074 omnium
3063 4017 3351 4074 Dominum
3384 4036 3399 4073 :
3440 4015 3537 4071 «Et

1974 4130 2075 4186 ego
2104 4115 2315 4178 testis,»
2340 4113 2520 4183 inquit
2547 4112 2831 4167 Dominus.
2866 4111 3003 4166 Illud
3033 4112 3194 4166 etiam
3239 4112 3541 4166 observan-

1975 4205 2100 4261 dum
2140 4207 2312 4269 venit,
2344 4204 2515 4274 quod,
2548 4202 2755 4260 Lazaro
2796 4204 3013 4274 iacente
3061 4210 3300 4267 mortuo,
3328 4215 3428 4271 pro
3473 4216 3539 4256 eo

1975 4297 2378 4367 quodammodo
2430 4296 2757 4352 muliercula
2809 4296 3183 4364 interrogatur
3218 4294 3287 4350 de
3337 4294 3538 4350 intellio

1976 4390 2159 4456 gentia
2192 4388 2337 4455 ﬁdei,
2364 4396 2423 4442 ut
2450 4403 2646 4442 rursus
2682 4389 2857 4457 figura
2888 4386 2943 4440 in
2980 4386 3247 4440 Ecclesiis
3279 4386 3456 4440 valeat
3486 4394 3540 4440 et

307 4496 403 4539 ποις
433 4479 488 4529 ὲν
514 4481 634 4539 ταῖς
668 4476 1009 4546 Ἐκκλησίαις
1039 4476 1251 4546 ἰσχύσῃ.
1301 4477 1429 4529 Ὅτε
1453 4476 1560 4546 γάρ
1594 4477 1866 4546 ἀρτιγενὲς

1979 4483 2330 4537 observetur.
2359 4482 2491 4535 Cum
2525 4482 2672 4534 enim
2698 4494 2892 4534 recens
2922 4486 3084 4533 natus
3108 4477 3334 4532 affertur
3358 4476 3541 4532 infans

304 4570 640 4639 προσάγεται
684 4569 879 4640 βρέφος
918 4569 1016 4635 τῆς
1058 4569 1412 4637 κατηχήσεως
1453 4567 1514 4619 τὸ
1546 4568 1751 4638 χρίσμα
1786 4568 1880 4621 λα-

305 4662 452 4725 ϐεῖν,
492 4662 612 4730 ἢτοι
663 4659 723 4712 τδ
752 4660 852 4730 τῆς
880 4659 1209 4722 τελειώσεως
1240 4660 1332 4711 ἐπὶ
1371 4658 1449 4727 τῷ
1497 4659 1636 4728 ἁγίῳ
1682 4659 1877 4728 βαπτί-

308 4769 497 4822 σματι,
529 4754 557 4803 6
589 4752 877 4821 προσάγων
899 4751 1038 4822 ὑπὲρ
1063 4750 1227 4804 αὑτοῦ
1257 4750 1337 4815 τὸ,
1371 4750 1558 4821 Ἀμὴν,
1588 4753 1873 4819 ἁναφωνεῖ.

321 4843 493 4914 ’Υπὲρ
522 4843 578 4896 δὲ
607 4843 715 4894 τῶν
746 4843 945 4913 ἐσχάτῃ
972 4843 1110 4911 νόσῳ
1143 4841 1589 4912 κατειλημμένων
1612 4880 1627 4904 ,
1662 4841 1879 4911 μελλόν-

306 4950 416 4987 των
442 4951 503 4986 τε
538 4935 625 4986 διὰ
655 4932 808 4986 τοῦτο
829 4932 1303 5002 βαπτίζεσθαι,καὶ
1331 4933 1720 4986 ἀποτάττονταί
1740 4951 1882 4997 τινες

310 5026 405 5078 καί¹
434 5026 838 5089 συντάττονται,
868 5026 963 5095 τὴν
997 5025 1204 5078 οἰκείαν
1232 5025 1420 5094 ῶσπερ
1451 5025 1508 5089 ἐξ
1549 5026 1768 5097 ἀγάπης
1800 5045 1881 5079 κι-

309 5116 551 5189 χρῶντες
576 5117 758 5188 φωνὴν
803 5120 917 5179 τοῖς
957 5116 1096 5187 νόσῳ
1143 5115 1535 5186 πεπεδημένοις
1560 5134 1573 5148 ο
1601 5117 1737 5188 ὅπερ
1766 5117 1879 5170 ἔστι

312 5208 551 5261 κατιδεῖν
593 5209 817 5277 γεγονὸς
870 5208 965 5261 ἐπί
1005 5226 1063 5261 τε
1105 5207 1353 5279 Λαζάρου
1393 5208 1609 5278 καὶτῆς
1648 5210 1881 5279 ἀδελφῆς

314 5299 501 5353 αὑτοῦ.
532 5300 719 5367 Σοιρῶς
743 5300 799 5352 δὲ
822 5301 855 5369 ἡ
880 5299 1078 5370 Μάρθα
1113 5300 1205 5352 καὶ
1226 5298 1578 5369 οἰκονομικῶς
1610 5316 1883 5368 προκαταυ

315 5392 531 5462 σπείρει
562 5392 660 5461 τῆς
684 5392 913 5455 πίστεως
935 5391 1032 5462 τὴν
1063 5391 1373 5462 ὁμολογίαν,
1402 5391 1486 5443 ἵνα
1513 5391 1599 5443 τὸν
1628 5391 1686 5454 ἐξ
1718 5394 1883 5462 αὐτῆς

315 5485 506 5557 θερίσῃ
540 5487 767 5557 καρπόν.

390 5628 436 5657 ³⁸
477 5628 600 5682 Act.
643 5642 750 5679 xvtt
778 5664 790 5686 ,
828 5626 917 5677 ‘28.
996 5626 1039 5657 ³ο
1076 5624 1231 5679 Rom.
1269 5638 1391 5688 vm,
1422 5624 1509 5677 δῦ.

391 5743 472 5807 (ι)
510 5740 671 5809 Τάχα
708 5740 940 5793 δὲ....

1982 4575 2049 4628 ad
2134 4572 2547 4644 suscipiendum
2639 4570 3023 4625 instructionis
3107 4568 3543 4639 initiationisque

1982 4668 2245 4729 chrisma,
2285 4680 2378 4719 seu
2437 4664 2490 4717 in
2546 4672 2740 4719 sancto
2798 4662 3127 4731 baptismate
3169 4660 3540 4731 perfectionis,

1981 4760 2073 4827 qui
2110 4756 2333 4811 adducit
2365 4771 2510 4820 eum,
2544 4770 2645 4824 pro
2680 4768 2745 4807 eo
2790 4752 3107 4822 respondet,
3144 4753 3344 4806 Amen.
3377 4748 3541 4805 Simi-

1986 4848 2110 4902 liter
2148 4862 2248 4916 pro
2303 4846 2371 4900 iis
2416 4844 2511 4913 qui
2558 4852 2807 4898 extremo
2866 4843 3061 4895 morbo
3121 4842 3541 4905 conﬂictantur,

1984 4938 2219 5007 ideoque
2263 4933 2577 5005 baptizandi
2622 4942 2770 4999 sunt,
2802 4932 3129 4987 ordinantur
3161 4946 3224 4985 ac
3262 4931 3542 4985 destinan-

1984 5038 2073 5084 tur
2103 5028 2268 5097 aliqui
2298 5026 2560 5092 quivelut
2583 5041 2646 5080 ex
2677 5024 2945 5078 charitate
2975 5038 3038 5077 ac
3069 5022 3361 5077 dilectione
3388 5036 3542 5076 suam

1986 5122 2178 5175 morbo
2225 5119 2500 5189 impeditis
2558 5115 2906 5172 commodent
2952 5129 3165 5180 vocem,
3196 5112 3363 5185 684
3398 5112 3543 5183 quod

1993 5212 2213 5283 quidem
2263 5212 2374 5282 jam
2415 5210 2666 5265 usuvenit
2715 5208 2772 5262 in
2832 5207 3038 5262 Lazaro
3086 5215 3138 5260 et
3170 5206 3290 5275 ejus
3334 5218 3542 5259 sorore.

1996 5305 2285 5375 Sapienter
2322 5318 2450 5356 vero
2484 5310 2538 5355 et
2586 5307 2739 5355 recto
2780 5300 2972 5354 ordine
3022 5296 3230 5350 Martha
3263 5295 3416 5366 prius
3460 5309 3535 5349 se-

1993 5400 2159 5450 minat
2197 5394 2319 5448 ﬁdei
2344 5391 2770 5455 confessionem,
2799 5398 2858 5444 ut
2885 5405 2949 5445 ex
2986 5403 3047 5442 ea
3082 5386 3316 5441 fructum
3353 5394 3543 5440 metat.

978 5737 1081 5792 τοῦ
1112 5734 1386 5805 Χριστοῦ.
1433 5734 1511 5789 Ex
1548 5741 1739 5788 catena
1778 5730 1866 5787 Val

1974 5746 2054 5797 na,
2093 5729 2181 5784 fol.
2229 5727 2326 5783 125
2372 5728 2422 5796 b,
2462 5739 2551 5797 ap.
2590 5724 2692 5778 Mai
2720 5723 2756 5777 Ι.
2791 5722 2827 5776 l.
2855 5736 2975 5793 pag.
3006 5722 3123 5777 I35.
