  <div class='ocr_page' id='page_1' title='image "/cluster/home/n/w/nwhite01/storage/ocr_20150623/74/nnc1.0046980180/033.png"; bbox 0 0 3894 6200; ppageno 0'>
   <div class='ocr_carea' id='block_1_1' title="bbox 393 370 3668 447">
    <p class='ocr_par' dir='ltr' id='par_1_1' title="bbox 393 370 3668 447">
     <span class='ocr_line' id='line_1_1' title="bbox 393 370 3668 447; baseline -0.005 -3"><span class='ocrx_word' id='word_1_1' title='bbox 393 387 462 447; x_wconf 72' lang='grc' dir='ltr'>δι</span> <span class='ocrx_word' id='word_1_2' title='bbox 1357 379 1415 435; x_wconf 92' lang='lat' dir='ltr'><strong>S.</strong></span> <span class='ocrx_word' id='word_1_3' title='bbox 1457 378 1738 436; x_wconf 79' lang='lat' dir='ltr'><strong>CYRILLI</strong></span> <span class='ocrx_word' id='word_1_4' title='bbox 1776 373 2253 433; x_wconf 79' lang='lat' dir='ltr'><strong>ALEXANDRINI</strong></span> <span class='ocrx_word' id='word_1_5' title='bbox 2290 375 2613 431; x_wconf 79' lang='lat' dir='ltr'><strong>ARCHIEP.</strong></span> <span class='ocrx_word' id='word_1_6' title='bbox 3591 370 3668 429; x_wconf 74' lang='lat'><strong>5‘1</strong></span> 
     </span>
    </p>
   </div>
   <div class='ocr_carea' id='block_1_2' title="bbox 468 494 1991 573">
    <p class='ocr_par' dir='ltr' id='par_1_2' title="bbox 468 496 1977 573">
     <span class='ocr_line' id='line_1_2' title="bbox 468 496 1977 573; baseline -0.007 -12"><span class='ocrx_word' id='word_1_7' title='bbox 468 505 557 573; x_wconf 75' lang='lat' dir='ltr'><strong>XI,</strong></span> <span class='ocrx_word' id='word_1_8' title='bbox 587 505 679 561; x_wconf 69' lang='lat'><strong>28.</strong></span> <span class='ocrx_word' id='word_1_9' title='bbox 713 503 783 558; x_wconf 79' lang='lat' dir='ltr'><strong>Et</strong></span> <span class='ocrx_word' id='word_1_10' title='bbox 827 504 939 559; x_wconf 70' lang='grc' dir='ltr'><strong>ἠως</strong></span> <span class='ocrx_word' id='word_1_11' title='bbox 979 504 1159 558; x_wconf 83' lang='lat' dir='ltr'><strong>locuta</strong></span> <span class='ocrx_word' id='word_1_12' title='bbox 1209 501 1364 568; x_wconf 83' lang='lat' dir='ltr'><strong>abiit,</strong></span> <span class='ocrx_word' id='word_1_13' title='bbox 1396 509 1447 556; x_wconf 84' lang='lat' dir='ltr'><strong>et</strong></span> <span class='ocrx_word' id='word_1_14' title='bbox 1493 501 1692 556; x_wconf 84' lang='lat' dir='ltr'><strong>vocavit</strong></span> <span class='ocrx_word' id='word_1_15' title='bbox 1742 496 1977 552; x_wconf 81' lang='lat' dir='ltr'><strong>Mariam</strong></span> 
     </span>
    </p>
   </div>
   <div class='ocr_carea' id='block_1_3' title="bbox 2108 494 3667 573">
    <p class='ocr_par' dir='ltr' id='par_1_3' title="bbox 2108 494 3667 566">
     <span class='ocr_line' id='line_1_3' title="bbox 2108 494 3667 566; baseline -0.003 -14"><span class='ocrx_word' id='word_1_16' title='bbox 2108 541 2116 553; x_wconf 95' lang='lat'><strong>.</strong></span> <span class='ocrx_word' id='word_1_17' title='bbox 2151 496 2264 551; x_wconf 80' lang='grc' dir='ltr'><strong>Καὶ</strong></span> <span class='ocrx_word' id='word_1_18' title='bbox 2303 496 2491 551; x_wconf 80' lang='grc' dir='ltr'>ταῦτα</span> <span class='ocrx_word' id='word_1_19' title='bbox 2519 496 2797 561; x_wconf 82' lang='grc' dir='ltr'>εἰποῦσα,</span> <span class='ocrx_word' id='word_1_20' title='bbox 2831 495 3068 566; x_wconf 78' lang='grc' dir='ltr'>ἀπῆλθε</span> <span class='ocrx_word' id='word_1_21' title='bbox 3097 496 3195 553; x_wconf 82' lang='grc' dir='ltr'><strong>καί</strong></span> <span class='ocrx_word' id='word_1_22' title='bbox 3227 494 3503 566; x_wconf 71' lang='grc' dir='ltr'>ἐφώνησε</span> <span class='ocrx_word' id='word_1_23' title='bbox 3543 496 3667 549; x_wconf 83' lang='lat' dir='ltr'><strong>Ma—</strong></span> 
     </span>
    </p>
   </div>
   <div class='ocr_carea' id='block_1_4' title="bbox 394 604 982 663">
    <p class='ocr_par' dir='ltr' id='par_1_4' title="bbox 394 604 982 663">
     <span class='ocr_line' id='line_1_4' title="bbox 394 604 982 663; baseline -0.007 -8"><span class='ocrx_word' id='word_1_24' title='bbox 394 614 629 655; x_wconf 72' lang='lat' dir='ltr'><strong>sororem</strong></span> <span class='ocrx_word' id='word_1_25' title='bbox 669 613 844 663; x_wconf 76' lang='lat' dir='ltr'><strong>suam,</strong></span> <span class='ocrx_word' id='word_1_26' title='bbox 875 604 982 651; x_wconf 93' lang='lat' dir='ltr'><strong>etc.</strong></span> 
     </span>
    </p>
   </div>
   <div class='ocr_carea' id='block_1_5' title="bbox 465 683 1972 753">
    <p class='ocr_par' dir='ltr' id='par_1_5' title="bbox 465 683 1972 753">
     <span class='ocr_line' id='line_1_5' title="bbox 465 683 1972 753; baseline -0.008 -8"><span class='ocrx_word' id='word_1_27' title='bbox 465 689 617 745; x_wconf 84' lang='lat' dir='ltr'><strong>Abiit</strong></span> <span class='ocrx_word' id='word_1_28' title='bbox 659 689 730 744; x_wconf 89' lang='lat' dir='ltr'><strong>ad</strong></span> <span class='ocrx_word' id='word_1_29' title='bbox 774 688 1082 743; x_wconf 88' lang='lat' dir='ltr'><strong>vocandam</strong></span> <span class='ocrx_word' id='word_1_30' title='bbox 1114 702 1363 743; x_wconf 85' lang='lat' dir='ltr'><strong>sororem</strong></span> <span class='ocrx_word' id='word_1_31' title='bbox 1407 700 1586 753; x_wconf 89' lang='lat' dir='ltr'><strong>suam,</strong></span> <span class='ocrx_word' id='word_1_32' title='bbox 1620 691 1681 738; x_wconf 94' lang='lat' dir='ltr'><strong>ut</strong></span> <span class='ocrx_word' id='word_1_33' title='bbox 1711 683 1764 739; x_wconf 89' lang='lat' dir='ltr'><strong>ei</strong></span> <span class='ocrx_word' id='word_1_34' title='bbox 1810 696 1972 737; x_wconf 89' lang='lat' dir='ltr'><strong>suum</strong></span> 
     </span>
    </p>
   </div>
   <div class='ocr_carea' id='block_1_6' title="bbox 396 774 1974 853">
    <p class='ocr_par' dir='ltr' id='par_1_6' title="bbox 396 774 1974 853">
     <span class='ocr_line' id='line_1_6' title="bbox 396 774 1974 853; baseline -0.008 -15"><span class='ocrx_word' id='word_1_35' title='bbox 396 783 455 839; x_wconf 87' lang='lat' dir='ltr'><strong>in</strong></span> <span class='ocrx_word' id='word_1_36' title='bbox 487 797 548 837; x_wconf 85' lang='lat' dir='ltr'><strong>re</strong></span> <span class='ocrx_word' id='word_1_37' title='bbox 581 790 897 852; x_wconf 76' lang='lat' dir='ltr'><strong>exspectata</strong></span> <span class='ocrx_word' id='word_1_38' title='bbox 925 781 1189 853; x_wconf 78' lang='lat' dir='ltr'><strong>gaudium</strong></span> <span class='ocrx_word' id='word_1_39' title='bbox 1216 796 1282 834; x_wconf 90' lang='lat' dir='ltr'><strong>ac</strong></span> <span class='ocrx_word' id='word_1_40' title='bbox 1327 793 1481 847; x_wconf 88' lang='lat' dir='ltr'><strong>spem</strong></span> <span class='ocrx_word' id='word_1_41' title='bbox 1509 774 1974 837; x_wconf 88' lang='lat' dir='ltr'><strong>communicaret,</strong></span> 
     </span>
    </p>
   </div>
   <div class='ocr_carea' id='block_1_7' title="bbox 403 867 1976 943">
    <p class='ocr_par' dir='ltr' id='par_1_7' title="bbox 403 867 1976 943">
     <span class='ocr_line' id='line_1_7' title="bbox 403 867 1976 943; baseline -0.008 -15"><span class='ocrx_word' id='word_1_42' title='bbox 403 887 524 928; x_wconf 73' lang='lat' dir='ltr'><strong>eum</strong></span> <span class='ocrx_word' id='word_1_43' title='bbox 567 873 662 943; x_wconf 88' lang='lat' dir='ltr'><strong>qui</strong></span> <span class='ocrx_word' id='word_1_44' title='bbox 703 882 954 927; x_wconf 90' lang='lat' dir='ltr'><strong>mortuus</strong></span> <span class='ocrx_word' id='word_1_45' title='bbox 992 870 1193 935; x_wconf 91' lang='lat' dir='ltr'><strong>fuerat,</strong></span> <span class='ocrx_word' id='word_1_46' title='bbox 1236 868 1540 923; x_wconf 79' lang='lat' dir='ltr'><strong>redivivum</strong></span> <span class='ocrx_word' id='word_1_47' title='bbox 1580 882 1648 921; x_wconf 75' lang='lat' dir='ltr'><strong>ex</strong></span> <span class='ocrx_word' id='word_1_48' title='bbox 1690 867 1976 935; x_wconf 86' lang='lat' dir='ltr'><strong>insperato</strong></span> 
     </span>
    </p>
   </div>
   <div class='ocr_carea' id='block_1_8' title="bbox 398 958 1970 1034">
    <p class='ocr_par' dir='ltr' id='par_1_8' title="bbox 398 958 1970 1034">
     <span class='ocr_line' id='line_1_8' title="bbox 398 958 1970 1034; baseline -0.008 -14"><span class='ocrx_word' id='word_1_49' title='bbox 398 962 1003 1034; x_wconf 70' lang='lat' dir='ltr'><strong>:ecepturae.Audierat</strong></span> <span class='ocrx_word' id='word_1_50' title='bbox 1031 962 1200 1024; x_wconf 90' lang='lat' dir='ltr'><strong>enim,</strong></span> <span class='ocrx_word' id='word_1_51' title='bbox 1224 979 1243 1011; x_wconf 75' lang='grc' dir='ltr'><strong>ι</strong></span> <span class='ocrx_word' id='word_1_52' title='bbox 1272 958 1546 1029; x_wconf 81' lang='lat' dir='ltr'><strong>Resurget</strong></span> <span class='ocrx_word' id='word_1_53' title='bbox 1568 958 1739 1011; x_wconf 86' lang='lat' dir='ltr'><strong>frater</strong></span> <span class='ocrx_word' id='word_1_54' title='bbox 1768 964 1922 1021; x_wconf 90' lang='lat' dir='ltr'><strong>tuus,</strong></span> <span class='ocrx_word' id='word_1_55' title='bbox 1951 972 1970 1005; x_wconf 77' lang='grc' dir='ltr'><strong>ι</strong></span> 
     </span>
    </p>
   </div>
   <div class='ocr_carea' id='block_1_9' title="bbox 399 1048 1977 1115">
    <p class='ocr_par' dir='ltr' id='par_1_9' title="bbox 399 1048 1977 1115">
     <span class='ocr_line' id='line_1_9' title="bbox 399 1048 1977 1115; baseline -0.01 0"><span class='ocrx_word' id='word_1_56' title='bbox 399 1056 498 1115; x_wconf 74' lang='lat' dir='ltr'><strong>aed</strong></span> <span class='ocrx_word' id='word_1_57' title='bbox 534 1055 847 1111; x_wconf 82' lang='lat' dir='ltr'><strong>Servatoris</strong></span> <span class='ocrx_word' id='word_1_58' title='bbox 887 1055 1183 1110; x_wconf 76' lang='lat' dir='ltr'><strong>adventum</strong></span> <span class='ocrx_word' id='word_1_59' title='bbox 1211 1051 1390 1107; x_wconf 86' lang='lat' dir='ltr'><strong>sorori</strong></span> <span class='ocrx_word' id='word_1_60' title='bbox 1420 1067 1535 1106; x_wconf 81' lang='lat' dir='ltr'><strong>suae</strong></span> <span class='ocrx_word' id='word_1_61' title='bbox 1567 1050 1710 1104; x_wconf 91' lang='lat' dir='ltr'><strong>clam</strong></span> <span class='ocrx_word' id='word_1_62' title='bbox 1749 1048 1977 1103; x_wconf 86' lang='lat' dir='ltr'><strong>nuntia-</strong></span> 
     </span>
    </p>
   </div>
   <div class='ocr_carea' id='block_1_10' title="bbox 396 1140 1978 1219">
    <p class='ocr_par' dir='ltr' id='par_1_10' title="bbox 396 1140 1978 1219">
     <span class='ocr_line' id='line_1_10' title="bbox 396 1140 1978 1219; baseline -0.006 -14"><span class='ocrx_word' id='word_1_63' title='bbox 396 1151 502 1214; x_wconf 81' lang='lat' dir='ltr'><strong>vit,</strong></span> <span class='ocrx_word' id='word_1_64' title='bbox 528 1148 660 1219; x_wconf 86' lang='lat' dir='ltr'><strong>quia</strong></span> <span class='ocrx_word' id='word_1_65' title='bbox 696 1163 822 1203; x_wconf 91' lang='lat' dir='ltr'><strong>cum</strong></span> <span class='ocrx_word' id='word_1_66' title='bbox 843 1162 907 1203; x_wconf 91' lang='lat' dir='ltr'><strong>ea</strong></span> <span class='ocrx_word' id='word_1_67' title='bbox 937 1157 1095 1203; x_wconf 85' lang='lat' dir='ltr'><strong>erant</strong></span> <span class='ocrx_word' id='word_1_68' title='bbox 1124 1145 1441 1201; x_wconf 70' lang='lat' dir='ltr'><strong>Judaeorum</strong></span> <span class='ocrx_word' id='word_1_69' title='bbox 1462 1141 1712 1197; x_wconf 87' lang='lat' dir='ltr'><strong>nonnulli</strong></span> <span class='ocrx_word' id='word_1_70' title='bbox 1752 1140 1978 1197; x_wconf 80' lang='lat' dir='ltr'><strong>Christo</strong></span> 
     </span>
    </p>
   </div>
   <div class='ocr_carea' id='block_1_11' title="bbox 401 1232 1978 1294">
    <p class='ocr_par' dir='ltr' id='par_1_11' title="bbox 401 1232 1978 1294">
     <span class='ocr_line' id='line_1_11' title="bbox 401 1232 1978 1294; baseline -0.004 0"><span class='ocrx_word' id='word_1_71' title='bbox 401 1238 797 1294; x_wconf 86' lang='lat' dir='ltr'><strong>miraculorum</strong></span> <span class='ocrx_word' id='word_1_72' title='bbox 850 1235 1046 1292; x_wconf 86' lang='lat' dir='ltr'><strong>factori</strong></span> <span class='ocrx_word' id='word_1_73' title='bbox 1094 1236 1428 1291; x_wconf 82' lang='lat' dir='ltr'><strong>invidentes.</strong></span> <span class='ocrx_word' id='word_1_74' title='bbox 1477 1232 1589 1290; x_wconf 82' lang='lat' dir='ltr'><strong>Nec</strong></span> <span class='ocrx_word' id='word_1_75' title='bbox 1628 1232 1978 1288; x_wconf 78' lang='lat' dir='ltr'><strong>inveniemus</strong></span> 
     </span>
    </p>
   </div>
   <div class='ocr_carea' id='block_1_12' title="bbox 401 1322 1978 1400">
    <p class='ocr_par' dir='ltr' id='par_1_12' title="bbox 401 1322 1978 1400">
     <span class='ocr_line' id='line_1_12' title="bbox 401 1322 1978 1400; baseline -0.005 -15"><span class='ocrx_word' id='word_1_76' title='bbox 401 1345 636 1400; x_wconf 84' lang='lat' dir='ltr'><strong>usquam</strong></span> <span class='ocrx_word' id='word_1_77' title='bbox 669 1329 723 1384; x_wconf 90' lang='lat' dir='ltr'><strong>in</strong></span> <span class='ocrx_word' id='word_1_78' title='bbox 752 1328 1061 1399; x_wconf 83' lang='lat' dir='ltr'><strong>Evangeliis</strong></span> <span class='ocrx_word' id='word_1_79' title='bbox 1084 1327 1376 1383; x_wconf 76' lang='lat' dir='ltr'><strong>Christum</strong></span> <span class='ocrx_word' id='word_1_80' title='bbox 1401 1326 1631 1392; x_wconf 79' lang='lat' dir='ltr'><strong>dixisse,</strong></span> <span class='ocrx_word' id='word_1_81' title='bbox 1670 1322 1815 1378; x_wconf 84' lang='lat' dir='ltr'><strong>Voca</strong></span> <span class='ocrx_word' id='word_1_82' title='bbox 1844 1322 1978 1377; x_wconf 89' lang='lat' dir='ltr'><strong>mihi</strong></span> 
     </span>
    </p>
   </div>
   <div class='ocr_carea' id='block_1_13' title="bbox 402 1412 1981 1482">
    <p class='ocr_par' dir='ltr' id='par_1_13' title="bbox 402 1412 1981 1482">
     <span class='ocr_line' id='line_1_13' title="bbox 402 1412 1981 1482; baseline -0.009 -4"><span class='ocrx_word' id='word_1_83' title='bbox 402 1436 653 1478; x_wconf 76' lang='lat' dir='ltr'><strong>sororem</strong></span> <span class='ocrx_word' id='word_1_84' title='bbox 689 1431 839 1474; x_wconf 91' lang='lat' dir='ltr'><strong>tuam</strong></span> <span class='ocrx_word' id='word_1_85' title='bbox 870 1437 883 1473; x_wconf 89' lang='lat'><strong>:</strong></span> <span class='ocrx_word' id='word_1_86' title='bbox 914 1417 1010 1474; x_wconf 91' lang='lat' dir='ltr'><strong>sed</strong></span> <span class='ocrx_word' id='word_1_87' title='bbox 1043 1416 1283 1482; x_wconf 80' lang='lat' dir='ltr'><strong>Martha,</strong></span> <span class='ocrx_word' id='word_1_88' title='bbox 1324 1414 1713 1470; x_wconf 83' lang='lat' dir='ltr'><strong>necessitatem</strong></span> <span class='ocrx_word' id='word_1_89' title='bbox 1750 1412 1981 1466; x_wconf 81' lang='lat' dir='ltr'><strong>inexcu-</strong></span> 
     </span>
    </p>
   </div>
   <div class='ocr_carea' id='block_1_14' title="bbox 400 1509 1982 1574">
    <p class='ocr_par' dir='ltr' id='par_1_14' title="bbox 400 1509 1982 1574">
     <span class='ocr_line' id='line_1_14' title="bbox 400 1509 1982 1574; baseline -0.01 -3"><span class='ocrx_word' id='word_1_90' title='bbox 400 1514 629 1571; x_wconf 87' lang='lat' dir='ltr'><strong>sabilem</strong></span> <span class='ocrx_word' id='word_1_91' title='bbox 664 1515 742 1568; x_wconf 90' lang='lat' dir='ltr'><strong>rei</strong></span> <span class='ocrx_word' id='word_1_92' title='bbox 768 1519 824 1567; x_wconf 91' lang='lat' dir='ltr'><strong>et</strong></span> <span class='ocrx_word' id='word_1_93' title='bbox 854 1511 1099 1567; x_wconf 89' lang='lat' dir='ltr'><strong>debitum</strong></span> <span class='ocrx_word' id='word_1_94' title='bbox 1141 1509 1414 1564; x_wconf 82' lang='lat' dir='ltr'><strong>adventus</strong></span> <span class='ocrx_word' id='word_1_95' title='bbox 1446 1518 1648 1560; x_wconf 88' lang='lat' dir='ltr'><strong>munus</strong></span> <span class='ocrx_word' id='word_1_96' title='bbox 1689 1517 1791 1574; x_wconf 92' lang='lat' dir='ltr'><strong>pro</strong></span> <span class='ocrx_word' id='word_1_97' title='bbox 1844 1516 1982 1557; x_wconf 90' lang='lat' dir='ltr'><strong>voce</strong></span> 
     </span>
    </p>
   </div>
   <div class='ocr_carea' id='block_1_15' title="bbox 400 1596 1981 1678">
    <p class='ocr_par' dir='ltr' id='par_1_15' title="bbox 400 1596 1981 1678">
     <span class='ocr_line' id='line_1_15' title="bbox 400 1596 1981 1678; baseline -0.01 -14"><span class='ocrx_word' id='word_1_98' title='bbox 400 1616 457 1665; x_wconf 89' lang='lat' dir='ltr'><strong>et</strong></span> <span class='ocrx_word' id='word_1_99' title='bbox 482 1607 644 1678; x_wconf 90' lang='lat' dir='ltr'><strong>jussu</strong></span> <span class='ocrx_word' id='word_1_100' title='bbox 675 1607 982 1677; x_wconf 85' lang='lat' dir='ltr'><strong>accipiens,</strong></span> <span class='ocrx_word' id='word_1_101' title='bbox 1012 1605 1122 1659; x_wconf 90' lang='lat' dir='ltr'><strong>hoc</strong></span> <span class='ocrx_word' id='word_1_102' title='bbox 1164 1603 1263 1657; x_wconf 88' lang='lat' dir='ltr'><strong>ait.</strong></span> <span class='ocrx_word' id='word_1_103' title='bbox 1296 1599 1393 1656; x_wconf 86' lang='lat' dir='ltr'><strong>Illa</strong></span> <span class='ocrx_word' id='word_1_104' title='bbox 1424 1613 1552 1655; x_wconf 90' lang='lat' dir='ltr'><strong>vero</strong></span> <span class='ocrx_word' id='word_1_105' title='bbox 1586 1596 1849 1651; x_wconf 87' lang='lat' dir='ltr'><strong>alacriter</strong></span> <span class='ocrx_word' id='word_1_106' title='bbox 1885 1609 1981 1649; x_wconf 93' lang='lat' dir='ltr'><strong>cu-</strong></span> 
     </span>
    </p>
   </div>
   <div class='ocr_carea' id='block_1_16' title="bbox 402 1684 1981 1763">
    <p class='ocr_par' dir='ltr' id='par_1_16' title="bbox 402 1684 1981 1763">
     <span class='ocr_line' id='line_1_16' title="bbox 402 1684 1981 1763; baseline -0.011 -8"><span class='ocrx_word' id='word_1_107' title='bbox 402 1698 581 1755; x_wconf 87' lang='lat' dir='ltr'><strong>currit</strong></span> <span class='ocrx_word' id='word_1_108' title='bbox 602 1697 671 1752; x_wconf 87' lang='lat' dir='ltr'><strong>ad</strong></span> <span class='ocrx_word' id='word_1_109' title='bbox 700 1712 853 1763; x_wconf 85' lang='lat' dir='ltr'><strong>eum,</strong></span> <span class='ocrx_word' id='word_1_110' title='bbox 875 1703 932 1750; x_wconf 87' lang='lat' dir='ltr'><strong>et</strong></span> <span class='ocrx_word' id='word_1_111' title='bbox 962 1696 1019 1749; x_wconf 93' lang='lat' dir='ltr'><strong>in</strong></span> <span class='ocrx_word' id='word_1_112' title='bbox 1058 1707 1360 1748; x_wconf 90' lang='lat' dir='ltr'><strong>occursum</strong></span> <span class='ocrx_word' id='word_1_113' title='bbox 1384 1689 1650 1760; x_wconf 79' lang='lat' dir='ltr'><strong>perrexit.</strong></span> <span class='ocrx_word' id='word_1_114' title='bbox 1692 1684 1981 1753; x_wconf 86' lang='lat' dir='ltr'><strong>Quomodo</strong></span> 
     </span>
    </p>
   </div>
   <div class='ocr_carea' id='block_1_17' title="bbox 402 1779 1980 1857">
    <p class='ocr_par' dir='ltr' id='par_1_17' title="bbox 402 1779 1980 1857">
     <span class='ocr_line' id='line_1_17' title="bbox 402 1779 1980 1857; baseline -0.009 -9"><span class='ocrx_word' id='word_1_115' title='bbox 402 1792 549 1849; x_wconf 89' lang='lat' dir='ltr'><strong>enim</strong></span> <span class='ocrx_word' id='word_1_116' title='bbox 596 1792 702 1847; x_wconf 91' lang='lat' dir='ltr'><strong>hoc</strong></span> <span class='ocrx_word' id='word_1_117' title='bbox 726 1805 837 1845; x_wconf 88' lang='lat' dir='ltr'><strong>non</strong></span> <span class='ocrx_word' id='word_1_118' title='bbox 869 1789 1115 1852; x_wconf 88' lang='lat' dir='ltr'><strong>fecisset,</strong></span> <span class='ocrx_word' id='word_1_119' title='bbox 1157 1801 1279 1857; x_wconf 65' lang='lat' dir='ltr'><strong>quae</strong></span> <span class='ocrx_word' id='word_1_120' title='bbox 1310 1792 1599 1854; x_wconf 88' lang='lat' dir='ltr'><strong>tantopere</strong></span> <span class='ocrx_word' id='word_1_121' title='bbox 1628 1781 1697 1836; x_wconf 91' lang='lat' dir='ltr'><strong>de</strong></span> <span class='ocrx_word' id='word_1_122' title='bbox 1730 1779 1980 1835; x_wconf 86' lang='lat' dir='ltr'><strong>absentia</strong></span> 
     </span>
    </p>
   </div>
   <div class='ocr_carea' id='block_1_18' title="bbox 403 1871 1983 1956">
    <p class='ocr_par' dir='ltr' id='par_1_18' title="bbox 403 1871 1983 1956">
     <span class='ocr_line' id='line_1_18' title="bbox 403 1871 1983 1956; baseline -0.011 -13"><span class='ocrx_word' id='word_1_123' title='bbox 403 1886 525 1956; x_wconf 86' lang='lat' dir='ltr'><strong>ejus</strong></span> <span class='ocrx_word' id='word_1_124' title='bbox 551 1883 824 1948; x_wconf 84' lang='lat' dir='ltr'><strong>doluerat,</strong></span> <span class='ocrx_word' id='word_1_125' title='bbox 868 1896 1104 1954; x_wconf 65' lang='lat' dir='ltr'><strong>quaeque</strong></span> <span class='ocrx_word' id='word_1_126' title='bbox 1144 1887 1435 1949; x_wconf 84' lang='lat' dir='ltr'><strong>tantopere</strong></span> <span class='ocrx_word' id='word_1_127' title='bbox 1469 1875 1676 1948; x_wconf 86' lang='lat' dir='ltr'><strong>pietate</strong></span> <span class='ocrx_word' id='word_1_128' title='bbox 1707 1879 1761 1927; x_wconf 89' lang='lat' dir='ltr'><strong>et</strong></span> <span class='ocrx_word' id='word_1_129' title='bbox 1793 1871 1983 1927; x_wconf 90' lang='lat' dir='ltr'><strong>chari-</strong></span> 
     </span>
    </p>
   </div>
   <div class='ocr_carea' id='block_1_19' title="bbox 406 1968 1384 2043">
    <p class='ocr_par' dir='ltr' id='par_1_19' title="bbox 406 1968 1384 2043">
     <span class='ocr_line' id='line_1_19' title="bbox 406 1968 1384 2043; baseline -0.013 -10"><span class='ocrx_word' id='word_1_130' title='bbox 406 1987 517 2033; x_wconf 86' lang='lat' dir='ltr'><strong>tate</strong></span> <span class='ocrx_word' id='word_1_131' title='bbox 546 1976 602 2032; x_wconf 89' lang='lat' dir='ltr'><strong>in</strong></span> <span class='ocrx_word' id='word_1_132' title='bbox 636 1989 880 2031; x_wconf 85' lang='lat' dir='ltr'><strong>amorem</strong></span> <span class='ocrx_word' id='word_1_133' title='bbox 911 1972 1034 2043; x_wconf 86' lang='lat' dir='ltr'><strong>ejus</strong></span> <span class='ocrx_word' id='word_1_134' title='bbox 1062 1968 1384 2026; x_wconf 80' lang='lat' dir='ltr'><strong>exarserat?</strong></span> 
     </span>
    </p>
   </div>
   <div class='ocr_carea' id='block_1_20' title="bbox 476 2235 1987 2315">
    <p class='ocr_par' dir='ltr' id='par_1_20' title="bbox 476 2235 1987 2315">
     <span class='ocr_line' id='line_1_20' title="bbox 476 2235 1987 2315; baseline -0.013 -11"><span class='ocrx_word' id='word_1_135' title='bbox 476 2248 572 2314; x_wconf 80' lang='lat' dir='ltr'><strong>XI,</strong></span> <span class='ocrx_word' id='word_1_136' title='bbox 599 2248 692 2303; x_wconf 82' lang='lat'><strong>5|.</strong></span> <span class='ocrx_word' id='word_1_137' title='bbox 719 2245 901 2301; x_wconf 66' lang='lat' dir='ltr'><strong>Iudici</strong></span> <span class='ocrx_word' id='word_1_138' title='bbox 927 2259 1049 2315; x_wconf 78' lang='lat' dir='ltr'><strong>ergo</strong></span> <span class='ocrx_word' id='word_1_139' title='bbox 1089 2243 1180 2313; x_wconf 83' lang='lat' dir='ltr'><strong>qui</strong></span> <span class='ocrx_word' id='word_1_140' title='bbox 1212 2248 1366 2297; x_wconf 81' lang='lat' dir='ltr'><strong>erant</strong></span> <span class='ocrx_word' id='word_1_141' title='bbox 1404 2254 1522 2292; x_wconf 86' lang='lat' dir='ltr'><strong>cum</strong></span> <span class='ocrx_word' id='word_1_142' title='bbox 1550 2254 1610 2290; x_wconf 83' lang='lat' dir='ltr'><strong>ea</strong></span> <span class='ocrx_word' id='word_1_143' title='bbox 1658 2235 1824 2289; x_wconf 75' lang='lat' dir='ltr'><strong>secuti</strong></span> <span class='ocrx_word' id='word_1_144' title='bbox 1865 2242 1987 2286; x_wconf 78' lang='lat' dir='ltr'><strong>sunt</strong></span> 
     </span>
    </p>
   </div>
   <div class='ocr_carea' id='block_1_21' title="bbox 406 2357 545 2396">
    <p class='ocr_par' dir='ltr' id='par_1_21' title="bbox 406 2357 545 2396">
     <span class='ocr_line' id='line_1_21' title="bbox 406 2357 545 2396; baseline 0 0"><span class='ocrx_word' id='word_1_145' title='bbox 406 2357 545 2396; x_wconf 84' lang='lat' dir='ltr'><strong>eam.</strong></span> 
     </span>
    </p>
   </div>
   <div class='ocr_carea' id='block_1_22' title="bbox 477 2418 1989 2504">
    <p class='ocr_par' dir='ltr' id='par_1_22' title="bbox 477 2418 1989 2504">
     <span class='ocr_line' id='line_1_22' title="bbox 477 2418 1989 2504; baseline -0.013 -16"><span class='ocrx_word' id='word_1_146' title='bbox 477 2430 656 2488; x_wconf 73' lang='grc' dir='ltr'>«ιυόωί</span> <span class='ocrx_word' id='word_1_147' title='bbox 691 2445 824 2504; x_wconf 83' lang='lat' dir='ltr'><strong>ergo</strong></span> <span class='ocrx_word' id='word_1_148' title='bbox 848 2429 943 2502; x_wconf 89' lang='lat' dir='ltr'><strong>qui</strong></span> <span class='ocrx_word' id='word_1_149' title='bbox 971 2443 1097 2484; x_wconf 93' lang='lat' dir='ltr'><strong>cum</strong></span> <span class='ocrx_word' id='word_1_150' title='bbox 1127 2426 1222 2483; x_wconf 89' lang='lat' dir='ltr'><strong>illa</strong></span> <span class='ocrx_word' id='word_1_151' title='bbox 1265 2431 1442 2491; x_wconf 86' lang='lat' dir='ltr'><strong>erant,</strong></span> <span class='ocrx_word' id='word_1_152' title='bbox 1476 2422 1583 2477; x_wconf 89' lang='lat' dir='ltr'><strong>rati</strong></span> <span class='ocrx_word' id='word_1_153' title='bbox 1621 2435 1741 2476; x_wconf 92' lang='lat' dir='ltr'><strong>eam</strong></span> <span class='ocrx_word' id='word_1_154' title='bbox 1775 2418 1831 2472; x_wconf 90' lang='lat' dir='ltr'><strong>in</strong></span> <span class='ocrx_word' id='word_1_155' title='bbox 1870 2431 1989 2471; x_wconf 89' lang='lat' dir='ltr'><strong>mo-</strong></span> 
     </span>
    </p>
   </div>
   <div class='ocr_carea' id='block_1_23' title="bbox 410 2512 1988 2594">
    <p class='ocr_par' dir='ltr' id='par_1_23' title="bbox 410 2512 1988 2594">
     <span class='ocr_line' id='line_1_23' title="bbox 410 2512 1988 2594; baseline -0.011 -12"><span class='ocrx_word' id='word_1_156' title='bbox 410 2533 737 2582; x_wconf 89' lang='lat' dir='ltr'><strong>numentum</strong></span> <span class='ocrx_word' id='word_1_157' title='bbox 789 2540 913 2581; x_wconf 84' lang='lat' dir='ltr'><strong>sese</strong></span> <span class='ocrx_word' id='word_1_158' title='bbox 951 2522 1296 2594; x_wconf 86' lang='lat' dir='ltr'><strong>proripuisse</strong></span> <span class='ocrx_word' id='word_1_159' title='bbox 1349 2526 1409 2574; x_wconf 90' lang='lat' dir='ltr'><strong>ut</strong></span> <span class='ocrx_word' id='word_1_160' title='bbox 1454 2531 1515 2573; x_wconf 90' lang='lat' dir='ltr'><strong>se</strong></span> <span class='ocrx_word' id='word_1_161' title='bbox 1557 2512 1873 2578; x_wconf 87' lang='lat' dir='ltr'><strong>dilaniaret,</strong></span> <span class='ocrx_word' id='word_1_162' title='bbox 1902 2524 1988 2566; x_wconf 86' lang='lat' dir='ltr'><strong>se-</strong></span> 
     </span>
    </p>
   </div>
   <div class='ocr_carea' id='block_1_24' title="bbox 409 2601 1989 2688">
    <p class='ocr_par' dir='ltr' id='par_1_24' title="bbox 409 2601 1989 2688">
     <span class='ocr_line' id='line_1_24' title="bbox 409 2601 1989 2688; baseline -0.011 -15"><span class='ocrx_word' id='word_1_163' title='bbox 409 2625 659 2688; x_wconf 86' lang='lat' dir='ltr'><strong>quuntur</strong></span> <span class='ocrx_word' id='word_1_164' title='bbox 703 2630 851 2682; x_wconf 88' lang='lat' dir='ltr'><strong>eam,</strong></span> <span class='ocrx_word' id='word_1_165' title='bbox 880 2612 952 2668; x_wconf 84' lang='lat' dir='ltr'><strong>ad</strong></span> <span class='ocrx_word' id='word_1_166' title='bbox 994 2613 1048 2668; x_wconf 90' lang='lat' dir='ltr'><strong>id</strong></span> <span class='ocrx_word' id='word_1_167' title='bbox 1104 2620 1244 2666; x_wconf 90' lang='lat' dir='ltr'><strong>nutu</strong></span> <span class='ocrx_word' id='word_1_168' title='bbox 1279 2610 1468 2665; x_wconf 86' lang='lat' dir='ltr'><strong>divino</strong></span> <span class='ocrx_word' id='word_1_169' title='bbox 1501 2605 1749 2677; x_wconf 88' lang='lat' dir='ltr'><strong>impulsi,</strong></span> <span class='ocrx_word' id='word_1_170' title='bbox 1795 2609 1859 2658; x_wconf 92' lang='lat' dir='ltr'><strong>ut</strong></span> <span class='ocrx_word' id='word_1_171' title='bbox 1902 2601 1989 2656; x_wconf 92' lang='lat' dir='ltr'><strong>vel</strong></span> 
     </span>
    </p>
   </div>
   <div class='ocr_carea' id='block_1_25' title="bbox 408 2691 1987 2768">
    <p class='ocr_par' dir='ltr' id='par_1_25' title="bbox 408 2691 1987 2768">
     <span class='ocr_line' id='line_1_25' title="bbox 408 2691 1987 2768; baseline -0.013 0"><span class='ocrx_word' id='word_1_172' title='bbox 408 2711 578 2768; x_wconf 84' lang='lat' dir='ltr'><strong>inviti</strong></span> <span class='ocrx_word' id='word_1_173' title='bbox 621 2708 691 2766; x_wconf 89' lang='lat' dir='ltr'><strong>ad</strong></span> <span class='ocrx_word' id='word_1_174' title='bbox 739 2706 1036 2764; x_wconf 84' lang='lat' dir='ltr'><strong>videndum</strong></span> <span class='ocrx_word' id='word_1_175' title='bbox 1080 2705 1412 2761; x_wconf 87' lang='lat' dir='ltr'><strong>miraculum</strong></span> <span class='ocrx_word' id='word_1_176' title='bbox 1458 2698 1837 2756; x_wconf 79' lang='lat' dir='ltr'><strong>convenirent.</strong></span> <span class='ocrx_word' id='word_1_177' title='bbox 1868 2691 1987 2748; x_wconf 82' lang='lat' dir='ltr'><strong>Nisi</strong></span> 
     </span>
    </p>
   </div>
   <div class='ocr_carea' id='block_1_26' title="bbox 410 2794 1988 2862">
    <p class='ocr_par' dir='ltr' id='par_1_26' title="bbox 410 2794 1988 2862">
     <span class='ocr_line' id='line_1_26' title="bbox 410 2794 1988 2862; baseline -0.013 -1"><span class='ocrx_word' id='word_1_178' title='bbox 410 2805 560 2862; x_wconf 87' lang='lat' dir='ltr'><strong>enim</strong></span> <span class='ocrx_word' id='word_1_179' title='bbox 613 2804 721 2859; x_wconf 90' lang='lat' dir='ltr'><strong>hoc</strong></span> <span class='ocrx_word' id='word_1_180' title='bbox 771 2817 839 2858; x_wconf 79' lang='lat' dir='ltr'><strong>ex</strong></span> <span class='ocrx_word' id='word_1_181' title='bbox 873 2799 1227 2856; x_wconf 88' lang='lat' dir='ltr'><strong>ordinatione</strong></span> <span class='ocrx_word' id='word_1_182' title='bbox 1261 2795 1357 2851; x_wconf 89' lang='lat' dir='ltr'><strong>Dei</strong></span> <span class='ocrx_word' id='word_1_183' title='bbox 1393 2794 1598 2850; x_wconf 87' lang='lat' dir='ltr'><strong>factum</strong></span> <span class='ocrx_word' id='word_1_184' title='bbox 1643 2796 1812 2855; x_wconf 87' lang='lat' dir='ltr'><strong>esset,</strong></span> <span class='ocrx_word' id='word_1_185' title='bbox 1846 2804 1988 2842; x_wconf 88' lang='lat' dir='ltr'><strong>nun-</strong></span> 
     </span>
    </p>
   </div>
   <div class='ocr_carea' id='block_1_27' title="bbox 411 2885 1990 2969">
    <p class='ocr_par' dir='ltr' id='par_1_27' title="bbox 411 2885 1990 2969">
     <span class='ocr_line' id='line_1_27' title="bbox 411 2885 1990 2969; baseline -0.011 -17"><span class='ocrx_word' id='word_1_186' title='bbox 411 2910 577 2969; x_wconf 83' lang='lat' dir='ltr'><strong>quam</strong></span> <span class='ocrx_word' id='word_1_187' title='bbox 617 2892 738 2966; x_wconf 75' lang='lat' dir='ltr'><strong>eius</strong></span> <span class='ocrx_word' id='word_1_188' title='bbox 779 2892 1119 2948; x_wconf 89' lang='lat' dir='ltr'><strong>mentionem</strong></span> <span class='ocrx_word' id='word_1_189' title='bbox 1152 2889 1382 2946; x_wconf 78' lang='lat' dir='ltr'><strong>fecisset</strong></span> <span class='ocrx_word' id='word_1_190' title='bbox 1424 2885 1785 2958; x_wconf 79' lang='lat' dir='ltr'><strong>evangelista,</strong></span> <span class='ocrx_word' id='word_1_191' title='bbox 1812 2896 1990 2951; x_wconf 89' lang='lat' dir='ltr'><strong>neque</strong></span> 
     </span>
    </p>
   </div>
   <div class='ocr_carea' id='block_1_28' title="bbox 2075 587 3289 660">
    <p class='ocr_par' dir='ltr' id='par_1_28' title="bbox 2075 587 3289 660">
     <span class='ocr_line' id='line_1_28' title="bbox 2075 587 3289 660; baseline 0 -16"><span class='ocrx_word' id='word_1_192' title='bbox 2075 590 2219 660; x_wconf 76' lang='grc' dir='ltr'>ρίαν</span> <span class='ocrx_word' id='word_1_193' title='bbox 2242 588 2358 658; x_wconf 78' lang='grc' dir='ltr'><strong>τὴν</strong></span> <span class='ocrx_word' id='word_1_194' title='bbox 2383 587 2660 657; x_wconf 61' lang='grc' dir='ltr'>ἀδελφὴν</span> <span class='ocrx_word' id='word_1_195' title='bbox 2679 587 2869 657; x_wconf 81' lang='grc' dir='ltr'>αὐτῆς</span> <span class='ocrx_word' id='word_1_196' title='bbox 2886 632 2901 655; x_wconf 85' lang='grc'><strong>,</strong></span> <span class='ocrx_word' id='word_1_197' title='bbox 2930 590 3025 644; x_wconf 73' lang='grc' dir='ltr'>καὶ</span> <span class='ocrx_word' id='word_1_198' title='bbox 3053 589 3121 644; x_wconf 90' lang='grc' dir='ltr'><strong>τά</strong></span> <span class='ocrx_word' id='word_1_199' title='bbox 3142 589 3289 659; x_wconf 79' lang='grc' dir='ltr'>ἑξῆς.</span> 
     </span>
    </p>
   </div>
   <div class='ocr_carea' id='block_1_29' title="bbox 2160 676 3669 753">
    <p class='ocr_par' dir='ltr' id='par_1_29' title="bbox 2160 676 3669 753">
     <span class='ocr_line' id='line_1_29' title="bbox 2160 676 3669 753; baseline -0.005 -17"><span class='ocrx_word' id='word_1_200' title='bbox 2160 680 2396 753; x_wconf 83' lang='grc' dir='ltr'>Ἀπῆλθε</span> <span class='ocrx_word' id='word_1_201' title='bbox 2444 681 2751 736; x_wconf 86' lang='grc' dir='ltr'>καλέσουσα</span> <span class='ocrx_word' id='word_1_202' title='bbox 2781 682 2881 753; x_wconf 82' lang='grc' dir='ltr'>τὴν</span> <span class='ocrx_word' id='word_1_203' title='bbox 2926 680 3161 752; x_wconf 82' lang='grc' dir='ltr'>ἀδελφὴν</span> <span class='ocrx_word' id='word_1_204' title='bbox 3209 680 3383 750; x_wconf 78' lang='grc' dir='ltr'>αὐτῆς</span> <span class='ocrx_word' id='word_1_205' title='bbox 3422 679 3557 747; x_wconf 81' lang='grc' dir='ltr'>πρὸς</span> <span class='ocrx_word' id='word_1_206' title='bbox 3604 676 3669 730; x_wconf 84' lang='grc' dir='ltr'><strong>τδ</strong></span> 
     </span>
    </p>
   </div>
   <div class='ocr_carea' id='block_1_30' title="bbox 2080 769 3670 846">
    <p class='ocr_par' dir='ltr' id='par_1_30' title="bbox 2080 769 3670 846">
     <span class='ocr_line' id='line_1_30' title="bbox 2080 769 3670 846; baseline -0.005 -16"><span class='ocrx_word' id='word_1_207' title='bbox 2080 774 2177 830; x_wconf 75' lang='grc' dir='ltr'><strong>καὶ</strong></span> <span class='ocrx_word' id='word_1_208' title='bbox 2218 773 2387 846; x_wconf 78' lang='grc' dir='ltr'>αὐτὴν</span> <span class='ocrx_word' id='word_1_209' title='bbox 2449 774 2776 845; x_wconf 81' lang='grc' dir='ltr'>κοινωνῆσαι</span> <span class='ocrx_word' id='word_1_210' title='bbox 2829 774 2929 843; x_wconf 85' lang='grc' dir='ltr'><strong>τῆς</strong></span> <span class='ocrx_word' id='word_1_211' title='bbox 2975 774 3068 827; x_wconf 72' lang='grc' dir='ltr'><strong>ἑπὶ</strong></span> <span class='ocrx_word' id='word_1_212' title='bbox 3112 772 3191 844; x_wconf 83' lang='grc' dir='ltr'>τῷ</span> <span class='ocrx_word' id='word_1_213' title='bbox 3232 769 3670 842; x_wconf 86' lang='grc' dir='ltr'>προσδοκωμὲνῳ</span> 
     </span>
    </p>
   </div>
   <div class='ocr_carea' id='block_1_31' title="bbox 2078 860 3671 938">
    <p class='ocr_par' dir='ltr' id='par_1_31' title="bbox 2078 860 3671 938">
     <span class='ocr_line' id='line_1_31' title="bbox 2078 860 3671 938; baseline -0.004 -19"><span class='ocrx_word' id='word_1_214' title='bbox 2078 867 2367 938; x_wconf 84' lang='grc' dir='ltr'><strong>πράγματι</strong></span> <span class='ocrx_word' id='word_1_215' title='bbox 2420 864 2725 936; x_wconf 79' lang='grc' dir='ltr'><strong>εὐθυμίας,</strong></span> <span class='ocrx_word' id='word_1_216' title='bbox 2789 863 3312 935; x_wconf 81' lang='grc' dir='ltr'>συναποληψομένην</span> <span class='ocrx_word' id='word_1_217' title='bbox 3359 860 3671 916; x_wconf 74' lang='grc' dir='ltr'><strong>ἀναστάντα</strong></span> 
     </span>
    </p>
   </div>
   <div class='ocr_carea' id='block_1_32' title="bbox 2078 953 3665 1032">
    <p class='ocr_par' dir='ltr' id='par_1_32' title="bbox 2078 953 3665 1032">
     <span class='ocr_line' id='line_1_32' title="bbox 2078 953 3665 1032; baseline -0.006 -17"><span class='ocrx_word' id='word_1_218' title='bbox 2078 962 2208 1032; x_wconf 81' lang='grc' dir='ltr'>παρ’</span> <span class='ocrx_word' id='word_1_219' title='bbox 2237 959 2428 1014; x_wconf 73' lang='grc' dir='ltr'>ἐλπίδα</span> <span class='ocrx_word' id='word_1_220' title='bbox 2454 960 2635 1012; x_wconf 84' lang='grc' dir='ltr'>πᾶσαν</span> <span class='ocrx_word' id='word_1_221' title='bbox 2650 958 2742 1011; x_wconf 77' lang='grc' dir='ltr'>τὸν</span> <span class='ocrx_word' id='word_1_222' title='bbox 2767 957 3086 1028; x_wconf 83' lang='grc' dir='ltr'><strong>τεθνηκότα.</strong></span> <span class='ocrx_word' id='word_1_223' title='bbox 3109 953 3219 1010; x_wconf 78' lang='grc' dir='ltr'><strong>τΗν</strong></span> <span class='ocrx_word' id='word_1_224' title='bbox 3238 956 3344 1027; x_wconf 77' lang='grc' dir='ltr'><strong>γὰρ</strong></span> <span class='ocrx_word' id='word_1_225' title='bbox 3363 953 3665 1008; x_wconf 82' lang='grc' dir='ltr'>ἀκούσασα’</span> 
     </span>
    </p>
   </div>
   <div class='ocr_carea' id='block_1_33' title="bbox 2085 1042 3669 1125">
    <p class='ocr_par' dir='ltr' id='par_1_33' title="bbox 2085 1042 3669 1125">
     <span class='ocr_line' id='line_1_33' title="bbox 2085 1042 3669 1125; baseline -0.008 -17"><span class='ocrx_word' id='word_1_226' title='bbox 2085 1074 2104 1108; x_wconf 78' lang='grc' dir='ltr'><strong>ι</strong></span> <span class='ocrx_word' id='word_1_227' title='bbox 2144 1054 2539 1125; x_wconf 81' lang='grc' dir='ltr'><strong>Ἀναστήσεται</strong></span> <span class='ocrx_word' id='word_1_228' title='bbox 2583 1054 2614 1106; x_wconf 82' lang='grc' dir='ltr'><strong>ὁ</strong></span> <span class='ocrx_word' id='word_1_229' title='bbox 2658 1044 2887 1121; x_wconf 79' lang='grc' dir='ltr'>ἀδελφός</span> <span class='ocrx_word' id='word_1_230' title='bbox 2916 1068 3011 1104; x_wconf 92' lang='grc' dir='ltr'><strong>σου</strong></span> <span class='ocrx_word' id='word_1_231' title='bbox 3034 1068 3047 1082; x_wconf 65' lang='grc' dir='ltr'><strong>ι</strong></span> <span class='ocrx_word' id='word_1_232' title='bbox 3078 1069 3097 1102; x_wconf 73' lang='grc' dir='ltr'><strong>ι</strong></span> <span class='ocrx_word' id='word_1_233' title='bbox 3152 1048 3327 1120; x_wconf 91' lang='grc' dir='ltr'>λάθρα</span> <span class='ocrx_word' id='word_1_234' title='bbox 3354 1046 3412 1100; x_wconf 87' lang='grc' dir='ltr'>δὲ</span> <span class='ocrx_word' id='word_1_235' title='bbox 3439 1046 3539 1115; x_wconf 77' lang='grc' dir='ltr'>τὴν</span> <span class='ocrx_word' id='word_1_236' title='bbox 3570 1042 3669 1097; x_wconf 85' lang='grc' dir='ltr'><strong>τοῦ</strong></span> 
     </span>
    </p>
   </div>
   <div class='ocr_carea' id='block_1_34' title="bbox 2080 1138 3668 1219">
    <p class='ocr_par' dir='ltr' id='par_1_34' title="bbox 2080 1138 3668 1219">
     <span class='ocr_line' id='line_1_34' title="bbox 2080 1138 3668 1219; baseline -0.008 -17"><span class='ocrx_word' id='word_1_237' title='bbox 2080 1147 2335 1218; x_wconf 81' lang='grc' dir='ltr'><strong>Σωτῆρος</strong></span> <span class='ocrx_word' id='word_1_238' title='bbox 2369 1145 2671 1219; x_wconf 79' lang='grc' dir='ltr'>παρουσίαν</span> <span class='ocrx_word' id='word_1_239' title='bbox 2699 1146 2765 1215; x_wconf 83' lang='grc' dir='ltr'>τῇ</span> <span class='ocrx_word' id='word_1_240' title='bbox 2817 1144 3023 1214; x_wconf 80' lang='grc' dir='ltr'><strong>ἀδελφῇ</strong></span> <span class='ocrx_word' id='word_1_241' title='bbox 3047 1143 3216 1212; x_wconf 79' lang='grc' dir='ltr'>αὐτῆς</span> <span class='ocrx_word' id='word_1_242' title='bbox 3249 1138 3668 1210; x_wconf 70' lang='grc' dir='ltr'>εὐηγγελίσατο,</span> 
     </span>
    </p>
   </div>
   <div class='ocr_carea' id='block_1_35' title="bbox 2081 1228 3673 1311">
    <p class='ocr_par' dir='ltr' id='par_1_35' title="bbox 2081 1228 3673 1311">
     <span class='ocr_line' id='line_1_35' title="bbox 2081 1228 3673 1311; baseline -0.009 -16"><span class='ocrx_word' id='word_1_243' title='bbox 2081 1241 2170 1295; x_wconf 83' lang='grc' dir='ltr'><strong>διά</strong></span> <span class='ocrx_word' id='word_1_244' title='bbox 2216 1241 2278 1293; x_wconf 82' lang='grc' dir='ltr'><strong>τὸ</strong></span> <span class='ocrx_word' id='word_1_245' title='bbox 2334 1235 2818 1311; x_wconf 78' lang='grc' dir='ltr'>παρακαθέζεσθαι</span> <span class='ocrx_word' id='word_1_246' title='bbox 2872 1235 2981 1290; x_wconf 86' lang='grc' dir='ltr'>τῶν</span> <span class='ocrx_word' id='word_1_247' title='bbox 3042 1233 3313 1289; x_wconf 82' lang='grc' dir='ltr'><strong>Ἰουδαίων</strong></span> <span class='ocrx_word' id='word_1_248' title='bbox 3360 1231 3510 1290; x_wconf 82' lang='grc' dir='ltr'>τινάς</span> <span class='ocrx_word' id='word_1_249' title='bbox 3556 1228 3673 1282; x_wconf 83' lang='grc' dir='ltr'>τῶν</span> 
     </span>
    </p>
   </div>
   <div class='ocr_carea' id='block_1_36' title="bbox 2083 1319 3673 1405">
    <p class='ocr_par' dir='ltr' id='par_1_36' title="bbox 2083 1319 3673 1405">
     <span class='ocr_line' id='line_1_36' title="bbox 2083 1319 3673 1405; baseline -0.011 -17"><span class='ocrx_word' id='word_1_250' title='bbox 2083 1332 2425 1405; x_wconf 79' lang='grc' dir='ltr'>φθονούντων</span> <span class='ocrx_word' id='word_1_251' title='bbox 2476 1324 2986 1401; x_wconf 85' lang='grc' dir='ltr'>θαυματουργοῦντι</span> <span class='ocrx_word' id='word_1_252' title='bbox 3028 1323 3106 1394; x_wconf 83' lang='grc' dir='ltr'><strong>τῷ</strong></span> <span class='ocrx_word' id='word_1_253' title='bbox 3134 1321 3374 1395; x_wconf 81' lang='grc' dir='ltr'>Χριστῷ.</span> <span class='ocrx_word' id='word_1_254' title='bbox 3430 1319 3538 1373; x_wconf 74' lang='grc' dir='ltr'>Καὶ</span> <span class='ocrx_word' id='word_1_255' title='bbox 3569 1319 3673 1388; x_wconf 85' lang='grc' dir='ltr'><strong>ούχ</strong></span> 
     </span>
    </p>
   </div>
   <div class='ocr_carea' id='block_1_37' title="bbox 2083 1405 3640 1495">
    <p class='ocr_par' dir='ltr' id='par_1_37' title="bbox 2083 1405 3640 1495">
     <span class='ocr_line' id='line_1_37' title="bbox 2083 1405 3640 1495; baseline -0.012 -17"><span class='ocrx_word' id='word_1_256' title='bbox 2083 1425 2388 1495; x_wconf 83' lang='grc' dir='ltr'>εὑρήσομεν</span> <span class='ocrx_word' id='word_1_257' title='bbox 2432 1423 2491 1475; x_wconf 89' lang='grc' dir='ltr'><strong>ἑν</strong></span> <span class='ocrx_word' id='word_1_258' title='bbox 2529 1422 2641 1482; x_wconf 88' lang='grc' dir='ltr'>τοῖς</span> <span class='ocrx_word' id='word_1_259' title='bbox 2678 1417 3032 1485; x_wconf 86' lang='grc' dir='ltr'>Εὐαγγελίοις</span> <span class='ocrx_word' id='word_1_260' title='bbox 3074 1416 3158 1469; x_wconf 83' lang='grc' dir='ltr'><strong>ὅτι</strong></span> <span class='ocrx_word' id='word_1_261' title='bbox 3194 1409 3478 1483; x_wconf 81' lang='grc' dir='ltr'>ὁΧριστὸς</span> <span class='ocrx_word' id='word_1_262' title='bbox 3518 1405 3640 1462; x_wconf 83' lang='grc' dir='ltr'>εἷπε</span> 
     </span>
    </p>
   </div>
   <div class='ocr_carea' id='block_1_38' title="bbox 2082 1497 3671 1585">
    <p class='ocr_par' dir='ltr' id='par_1_38' title="bbox 2082 1497 3671 1585">
     <span class='ocr_line' id='line_1_38' title="bbox 2082 1497 3671 1585; baseline -0.013 -15"><span class='ocrx_word' id='word_1_263' title='bbox 2082 1516 2253 1571; x_wconf 83' lang='grc' dir='ltr'>Κάλει</span> <span class='ocrx_word' id='word_1_264' title='bbox 2303 1531 2392 1585; x_wconf 90' lang='grc' dir='ltr'><strong>μοι</strong></span> <span class='ocrx_word' id='word_1_265' title='bbox 2422 1512 2520 1582; x_wconf 80' lang='grc' dir='ltr'>τὴν</span> <span class='ocrx_word' id='word_1_266' title='bbox 2548 1510 2785 1582; x_wconf 85' lang='grc' dir='ltr'>ἀδελφήν</span> <span class='ocrx_word' id='word_1_267' title='bbox 2820 1526 2914 1562; x_wconf 90' lang='grc' dir='ltr'><strong>σου</strong></span> <span class='ocrx_word' id='word_1_268' title='bbox 2934 1524 2949 1540; x_wconf 88' lang='grc'><strong>·</strong></span> <span class='ocrx_word' id='word_1_269' title='bbox 3000 1504 3115 1561; x_wconf 85' lang='grc' dir='ltr'>ἀλλ’</span> <span class='ocrx_word' id='word_1_270' title='bbox 3152 1505 3185 1574; x_wconf 76' lang='grc' dir='ltr'><strong>ἡ</strong></span> <span class='ocrx_word' id='word_1_271' title='bbox 3218 1503 3416 1573; x_wconf 83' lang='grc' dir='ltr'>Μάρθα</span> <span class='ocrx_word' id='word_1_272' title='bbox 3442 1500 3538 1571; x_wconf 84' lang='grc' dir='ltr'>τὴν</span> <span class='ocrx_word' id='word_1_273' title='bbox 3571 1497 3671 1551; x_wconf 86' lang='grc' dir='ltr'><strong>τοῦ</strong></span> 
     </span>
    </p>
   </div>
   <div class='ocr_carea' id='block_1_39' title="bbox 2083 1590 3672 1677">
    <p class='ocr_par' dir='ltr' id='par_1_39' title="bbox 2083 1590 3672 1677">
     <span class='ocr_line' id='line_1_39' title="bbox 2083 1590 3672 1677; baseline -0.014 -16"><span class='ocrx_word' id='word_1_274' title='bbox 2083 1606 2411 1677; x_wconf 88' lang='grc' dir='ltr'>πράγματος</span> <span class='ocrx_word' id='word_1_275' title='bbox 2466 1599 2843 1672; x_wconf 83' lang='grc' dir='ltr'>ἀπαραίτητον</span> <span class='ocrx_word' id='word_1_276' title='bbox 2893 1596 3083 1669; x_wconf 79' lang='grc' dir='ltr'>χρείαν</span> <span class='ocrx_word' id='word_1_277' title='bbox 3127 1596 3222 1649; x_wconf 79' lang='grc' dir='ltr'><strong>καὶ</strong></span> <span class='ocrx_word' id='word_1_278' title='bbox 3276 1592 3337 1645; x_wconf 79' lang='grc' dir='ltr'>τὸ</span> <span class='ocrx_word' id='word_1_279' title='bbox 3379 1590 3478 1660; x_wconf 84' lang='grc' dir='ltr'>τῆς</span> <span class='ocrx_word' id='word_1_280' title='bbox 3526 1605 3672 1659; x_wconf 87' lang='grc' dir='ltr'>παρ-</span> 
     </span>
    </p>
   </div>
   <div class='ocr_carea' id='block_1_40' title="bbox 2082 1681 3674 1768">
    <p class='ocr_par' dir='ltr' id='par_1_40' title="bbox 2082 1681 3674 1768">
     <span class='ocr_line' id='line_1_40' title="bbox 2082 1681 3674 1768; baseline -0.013 -16"><span class='ocrx_word' id='word_1_281' title='bbox 2082 1698 2269 1762; x_wconf 88' lang='grc' dir='ltr'>ουσίας</span> <span class='ocrx_word' id='word_1_282' title='bbox 2313 1693 2783 1768; x_wconf 88' lang='grc' dir='ltr'>χρεωστούμενον,</span> <span class='ocrx_word' id='word_1_283' title='bbox 2833 1691 2954 1745; x_wconf 72' lang='grc' dir='ltr'>ἀντὶ</span> <span class='ocrx_word' id='word_1_284' title='bbox 3001 1687 3302 1748; x_wconf 89' lang='grc' dir='ltr'>κελεύσεως</span> <span class='ocrx_word' id='word_1_285' title='bbox 3349 1682 3444 1737; x_wconf 74' lang='grc' dir='ltr'><strong>καὶ</strong></span> <span class='ocrx_word' id='word_1_286' title='bbox 3483 1681 3674 1750; x_wconf 79' lang='grc' dir='ltr'>φωνῆς</span> 
     </span>
    </p>
   </div>
   <div class='ocr_carea' id='block_1_41' title="bbox 2084 1772 3681 1860">
    <p class='ocr_par' dir='ltr' id='par_1_41' title="bbox 2084 1772 3681 1860">
     <span class='ocr_line' id='line_1_41' title="bbox 2084 1772 3681 1860; baseline -0.013 -16"><span class='ocrx_word' id='word_1_287' title='bbox 2084 1787 2352 1860; x_wconf 78' lang='grc' dir='ltr'>δεξαμένη</span> <span class='ocrx_word' id='word_1_288' title='bbox 2373 1826 2388 1854; x_wconf 90' lang='grc'><strong>,</strong></span> <span class='ocrx_word' id='word_1_289' title='bbox 2425 1784 2584 1839; x_wconf 82' lang='grc' dir='ltr'>τοῦτὸ</span> <span class='ocrx_word' id='word_1_290' title='bbox 2613 1801 2800 1855; x_wconf 84' lang='grc' dir='ltr'>φησιν.</span> <span class='ocrx_word' id='word_1_291' title='bbox 2862 1782 2926 1836; x_wconf 84' lang='grc' dir='ltr'><strong><em>Ἥ</em></strong></span> <span class='ocrx_word' id='word_1_292' title='bbox 2950 1781 3007 1834; x_wconf 89' lang='grc' dir='ltr'><strong>δὲ</strong></span> <span class='ocrx_word' id='word_1_293' title='bbox 3036 1778 3269 1848; x_wconf 88' lang='grc' dir='ltr'>ἑτοίμως</span> <span class='ocrx_word' id='word_1_294' title='bbox 3295 1776 3494 1846; x_wconf 79' lang='grc' dir='ltr'>έδραμε</span> <span class='ocrx_word' id='word_1_295' title='bbox 3530 1772 3681 1843; x_wconf 80' lang='grc' dir='ltr'>πρὸς</span> 
     </span>
    </p>
   </div>
   <div class='ocr_carea' id='block_1_42' title="bbox 2089 1862 3682 1948">
    <p class='ocr_par' dir='ltr' id='par_1_42' title="bbox 2089 1862 3682 1948">
     <span class='ocr_line' id='line_1_42' title="bbox 2089 1862 3682 1948; baseline -0.013 -13"><span class='ocrx_word' id='word_1_296' title='bbox 2089 1880 2282 1947; x_wconf 78' lang='grc' dir='ltr'>αὐτὸν,</span> <span class='ocrx_word' id='word_1_297' title='bbox 2328 1879 2422 1933; x_wconf 61' lang='grc' dir='ltr'><strong>καὶ¹</strong></span> <span class='ocrx_word' id='word_1_298' title='bbox 2474 1878 2717 1948; x_wconf 75' lang='grc' dir='ltr'>ύπαντᾷν</span> <span class='ocrx_word' id='word_1_299' title='bbox 2764 1873 2957 1929; x_wconf 83' lang='grc' dir='ltr'>ἑθέλει.</span> <span class='ocrx_word' id='word_1_300' title='bbox 3019 1869 3143 1934; x_wconf 82' lang='grc' dir='ltr'><strong>Πῶς</strong></span> <span class='ocrx_word' id='word_1_301' title='bbox 3176 1868 3286 1940; x_wconf 78' lang='grc' dir='ltr'><strong>γάρ</strong></span> <span class='ocrx_word' id='word_1_302' title='bbox 3331 1867 3431 1920; x_wconf 82' lang='grc' dir='ltr'><strong>οὐκ</strong></span> <span class='ocrx_word' id='word_1_303' title='bbox 3473 1862 3682 1934; x_wconf 77' lang='grc' dir='ltr'>ἔμελλε</span> 
     </span>
    </p>
   </div>
   <div class='ocr_carea' id='block_1_43' title="bbox 2088 1957 3677 2044">
    <p class='ocr_par' dir='ltr' id='par_1_43' title="bbox 2088 1957 3677 2044">
     <span class='ocr_line' id='line_1_43' title="bbox 2088 1957 3677 2044; baseline -0.014 -14"><span class='ocrx_word' id='word_1_304' title='bbox 2088 1975 2248 2030; x_wconf 88' lang='grc' dir='ltr'>τοῦτο</span> <span class='ocrx_word' id='word_1_305' title='bbox 2282 1975 2457 2027; x_wconf 83' lang='grc' dir='ltr'>ποιεῖν</span> <span class='ocrx_word' id='word_1_306' title='bbox 2495 1973 2529 2044; x_wconf 81' lang='grc' dir='ltr'>ἡ</span> <span class='ocrx_word' id='word_1_307' title='bbox 2575 1971 2782 2041; x_wconf 85' lang='grc' dir='ltr'>σφόδρα</span> <span class='ocrx_word' id='word_1_308' title='bbox 2820 1964 3136 2036; x_wconf 82' lang='grc' dir='ltr'>λυπουμένη</span> <span class='ocrx_word' id='word_1_309' title='bbox 3192 1962 3284 2016; x_wconf 73' lang='grc' dir='ltr'><strong>ἑπί</strong></span> <span class='ocrx_word' id='word_1_310' title='bbox 3316 1963 3382 2032; x_wconf 84' lang='grc' dir='ltr'>τῆ</span> <span class='ocrx_word' id='word_1_311' title='bbox 3432 1957 3677 2028; x_wconf 75' lang='grc' dir='ltr'>ἀπουσίᾳ</span> 
     </span>
    </p>
   </div>
   <div class='ocr_carea' id='block_1_44' title="bbox 2088 2048 3677 2135">
    <p class='ocr_par' dir='ltr' id='par_1_44' title="bbox 2088 2048 3677 2135">
     <span class='ocr_line' id='line_1_44' title="bbox 2088 2048 3677 2135; baseline -0.015 -12"><span class='ocrx_word' id='word_1_312' title='bbox 2088 2066 2278 2134; x_wconf 74' lang='grc' dir='ltr'>αὐτοῦ,</span> <span class='ocrx_word' id='word_1_313' title='bbox 2306 2067 2400 2120; x_wconf 72' lang='grc' dir='ltr'><strong>καὶ</strong></span> <span class='ocrx_word' id='word_1_314' title='bbox 2424 2065 2625 2135; x_wconf 83' lang='grc' dir='ltr'>θερμὸν</span> <span class='ocrx_word' id='word_1_315' title='bbox 2645 2063 2846 2134; x_wconf 79' lang='grc' dir='ltr'>ἔχουσα</span> <span class='ocrx_word' id='word_1_316' title='bbox 2877 2059 3132 2131; x_wconf 83' lang='grc' dir='ltr'>φρόνημα</span> <span class='ocrx_word' id='word_1_317' title='bbox 3163 2056 3242 2119; x_wconf 87' lang='grc' dir='ltr'><strong>εἰς</strong></span> <span class='ocrx_word' id='word_1_318' title='bbox 3265 2052 3545 2108; x_wconf 82' lang='grc' dir='ltr'>εὐσέϐειαν</span> <span class='ocrx_word' id='word_1_319' title='bbox 3574 2048 3677 2102; x_wconf 76' lang='grc' dir='ltr'>καὶ</span> 
     </span>
    </p>
   </div>
   <div class='ocr_carea' id='block_1_45' title="bbox 2089 2155 2892 2232">
    <p class='ocr_par' dir='ltr' id='par_1_45' title="bbox 2089 2155 2892 2232">
     <span class='ocr_line' id='line_1_45' title="bbox 2089 2155 2892 2232; baseline -0.012 -16"><span class='ocrx_word' id='word_1_320' title='bbox 2089 2162 2310 2232; x_wconf 88' lang='grc' dir='ltr'>ἀγάπην</span> <span class='ocrx_word' id='word_1_321' title='bbox 2341 2161 2421 2222; x_wconf 90' lang='grc' dir='ltr'><strong>εἰς</strong></span> <span class='ocrx_word' id='word_1_322' title='bbox 2455 2156 2617 2212; x_wconf 83' lang='grc' dir='ltr'>αύτδν</span> <span class='ocrx_word' id='word_1_323' title='bbox 2650 2155 2851 2226; x_wconf 80' lang='grc' dir='ltr'>πολλὴν</span> <span class='ocrx_word' id='word_1_324' title='bbox 2877 2170 2892 2220; x_wconf 88' lang='grc'>;</span> 
     </span>
    </p>
   </div>
   <div class='ocr_carea' id='block_1_46' title="bbox 2165 2237 3672 2315">
    <p class='ocr_par' dir='ltr' id='par_1_46' title="bbox 2165 2237 3672 2315">
     <span class='ocr_line' id='line_1_46' title="bbox 2165 2237 3672 2315; baseline -0.013 -6"><span class='ocrx_word' id='word_1_325' title='bbox 2165 2256 2231 2308; x_wconf 84' lang='grc' dir='ltr'><strong>οι</strong></span> <span class='ocrx_word' id='word_1_326' title='bbox 2258 2252 2374 2308; x_wconf 77' lang='grc' dir='ltr'><strong>οὖν</strong></span> <span class='ocrx_word' id='word_1_327' title='bbox 2411 2249 2679 2306; x_wconf 83' lang='grc' dir='ltr'>Ἰουδαῖοι</span> <span class='ocrx_word' id='word_1_328' title='bbox 2718 2250 2772 2302; x_wconf 84' lang='grc' dir='ltr'>οἱ</span> <span class='ocrx_word' id='word_1_329' title='bbox 2801 2246 2972 2313; x_wconf 78' lang='grc' dir='ltr'>ὄντες</span> <span class='ocrx_word' id='word_1_330' title='bbox 2991 2245 3120 2315; x_wconf 82' lang='grc' dir='ltr'>μετ’</span> <span class='ocrx_word' id='word_1_331' title='bbox 3152 2241 3372 2310; x_wconf 81' lang='grc' dir='ltr'>αὐτῆς,</span> <span class='ocrx_word' id='word_1_332' title='bbox 3407 2237 3672 2307; x_wconf 60' lang='lat' dir='ltr'><strong>mon</strong></span> 
     </span>
    </p>
   </div>
   <div class='ocr_carea' id='block_1_47' title="bbox 2089 2342 2499 2415">
    <p class='ocr_par' dir='ltr' id='par_1_47' title="bbox 2089 2342 2499 2415">
     <span class='ocr_line' id='line_1_47' title="bbox 2089 2342 2499 2415; baseline -0.022 -10"><span class='ocrx_word' id='word_1_333' title='bbox 2089 2353 2290 2415; x_wconf 79' lang='grc' dir='ltr'>θησαν</span> <span class='ocrx_word' id='word_1_334' title='bbox 2322 2342 2499 2411; x_wconf 79' lang='grc' dir='ltr'>αὐτῇ.</span> 
     </span>
    </p>
   </div>
   <div class='ocr_carea' id='block_1_48' title="bbox 2160 2424 3678 2501">
    <p class='ocr_par' dir='ltr' id='par_1_48' title="bbox 2160 2424 3678 2501">
     <span class='ocr_line' id='line_1_48' title="bbox 2160 2424 3678 2501; baseline -0.011 -10"><span class='ocrx_word' id='word_1_335' title='bbox 2160 2441 2223 2491; x_wconf 84' lang='grc' dir='ltr'>Οἰ</span> <span class='ocrx_word' id='word_1_336' title='bbox 2250 2432 2343 2491; x_wconf 80' lang='grc' dir='ltr'><strong>οὖν</strong></span> <span class='ocrx_word' id='word_1_337' title='bbox 2376 2434 2625 2496; x_wconf 79' lang='grc' dir='ltr'>συνόντες</span> <span class='ocrx_word' id='word_1_338' title='bbox 2663 2431 2904 2487; x_wconf 80' lang='grc' dir='ltr'>Ἰουδαῖοι</span> <span class='ocrx_word' id='word_1_339' title='bbox 2924 2470 2940 2495; x_wconf 94' lang='grc'><strong>,</strong></span> <span class='ocrx_word' id='word_1_340' title='bbox 2970 2428 3248 2501; x_wconf 76' lang='grc' dir='ltr'>οἰηθέντες</span> <span class='ocrx_word' id='word_1_341' title='bbox 3275 2424 3445 2495; x_wconf 77' lang='grc' dir='ltr'>αὐτὴν</span> <span class='ocrx_word' id='word_1_342' title='bbox 3475 2427 3678 2493; x_wconf 79' lang='grc' dir='ltr'>δεδρα-</span> 
     </span>
    </p>
   </div>
   <div class='ocr_carea' id='block_1_49' title="bbox 2092 2513 3679 2603">
    <p class='ocr_par' dir='ltr' id='par_1_49' title="bbox 2092 2513 3679 2603">
     <span class='ocr_line' id='line_1_49' title="bbox 2092 2513 3679 2603; baseline -0.013 -18"><span class='ocrx_word' id='word_1_343' title='bbox 2092 2530 2326 2603; x_wconf 81' lang='grc' dir='ltr'>μηκέναι</span> <span class='ocrx_word' id='word_1_344' title='bbox 2370 2529 2463 2581; x_wconf 75' lang='grc' dir='ltr'><strong>ἐπὶ</strong></span> <span class='ocrx_word' id='word_1_345' title='bbox 2503 2525 2564 2578; x_wconf 84' lang='grc' dir='ltr'><strong>τὸ</strong></span> <span class='ocrx_word' id='word_1_346' title='bbox 2596 2525 2859 2595; x_wconf 81' lang='grc' dir='ltr'>μνημεῖον</span> <span class='ocrx_word' id='word_1_347' title='bbox 2892 2522 3027 2595; x_wconf 79' lang='grc' dir='ltr'>πρὸς</span> <span class='ocrx_word' id='word_1_348' title='bbox 3046 2516 3336 2588; x_wconf 31' lang='grc' dir='ltr'>τὸηὲαυτὴν</span> <span class='ocrx_word' id='word_1_349' title='bbox 3370 2513 3679 2586; x_wconf 72' lang='grc' dir='ltr'>σπαράξαι,</span> 
     </span>
    </p>
   </div>
   <div class='ocr_carea' id='block_1_50' title="bbox 2092 2605 3675 2688">
    <p class='ocr_par' dir='ltr' id='par_1_50' title="bbox 2092 2605 3675 2688">
     <span class='ocr_line' id='line_1_50' title="bbox 2092 2605 3675 2688; baseline -0.013 -10"><span class='ocrx_word' id='word_1_350' title='bbox 2092 2619 2576 2677; x_wconf 78' lang='grc' dir='ltr'>συνακολουθοῦσιν</span> <span class='ocrx_word' id='word_1_351' title='bbox 2620 2619 2780 2688; x_wconf 76' lang='grc' dir='ltr'>αὐτῇ,</span> <span class='ocrx_word' id='word_1_352' title='bbox 2807 2614 3037 2686; x_wconf 79' lang='grc' dir='ltr'>νεύματι</span> <span class='ocrx_word' id='word_1_353' title='bbox 3066 2611 3202 2667; x_wconf 83' lang='grc' dir='ltr'>Θεοῦ</span> <span class='ocrx_word' id='word_1_354' title='bbox 3246 2609 3403 2663; x_wconf 83' lang='grc' dir='ltr'>τοῦτο</span> <span class='ocrx_word' id='word_1_355' title='bbox 3451 2605 3675 2661; x_wconf 87' lang='grc' dir='ltr'>ποιοῦν-</span> 
     </span>
    </p>
   </div>
   <div class='ocr_carea' id='block_1_51' title="bbox 2087 2696 3677 2780">
    <p class='ocr_par' dir='ltr' id='par_1_51' title="bbox 2087 2696 3677 2780">
     <span class='ocr_line' id='line_1_51' title="bbox 2087 2696 3677 2780; baseline -0.014 -9"><span class='ocrx_word' id='word_1_356' title='bbox 2087 2733 2210 2780; x_wconf 85' lang='grc' dir='ltr'>τες,</span> <span class='ocrx_word' id='word_1_357' title='bbox 2255 2715 2343 2768; x_wconf 84' lang='grc' dir='ltr'><strong>ἵνα</strong></span> <span class='ocrx_word' id='word_1_358' title='bbox 2375 2711 2700 2767; x_wconf 83' lang='grc' dir='ltr'>συνέλθωσιν</span> <span class='ocrx_word' id='word_1_359' title='bbox 2742 2708 2837 2763; x_wconf 75' lang='grc' dir='ltr'><strong>ἐπὶ</strong></span> <span class='ocrx_word' id='word_1_360' title='bbox 2877 2706 2955 2778; x_wconf 84' lang='grc' dir='ltr'>τῷ</span> <span class='ocrx_word' id='word_1_361' title='bbox 2987 2706 3050 2760; x_wconf 79' lang='grc' dir='ltr'>τὸ</span> <span class='ocrx_word' id='word_1_362' title='bbox 3089 2702 3275 2775; x_wconf 89' lang='grc' dir='ltr'>θαῦμα</span> <span class='ocrx_word' id='word_1_363' title='bbox 3310 2701 3436 2754; x_wconf 87' lang='grc' dir='ltr'>ἰδεῖν</span> <span class='ocrx_word' id='word_1_364' title='bbox 3462 2697 3558 2751; x_wconf 72' lang='grc' dir='ltr'><strong>καὶ</strong></span> <span class='ocrx_word' id='word_1_365' title='bbox 3593 2696 3677 2769; x_wconf 69' lang='grc' dir='ltr'>μὴ</span> 
     </span>
    </p>
   </div>
   <div class='ocr_carea' id='block_1_52' title="bbox 2090 2787 3675 2880">
    <p class='ocr_par' dir='ltr' id='par_1_52' title="bbox 2090 2787 3675 2880">
     <span class='ocr_line' id='line_1_52' title="bbox 2090 2787 3675 2880; baseline -0.014 -18"><span class='ocrx_word' id='word_1_366' title='bbox 2090 2806 2426 2880; x_wconf 85' lang='grc' dir='ltr'>βουλόμενοι.</span> <span class='ocrx_word' id='word_1_367' title='bbox 2473 2805 2537 2858; x_wconf 83' lang='grc' dir='ltr'>Εἰ</span> <span class='ocrx_word' id='word_1_368' title='bbox 2568 2803 2676 2874; x_wconf 83' lang='grc' dir='ltr'>γὰρ</span> <span class='ocrx_word' id='word_1_369' title='bbox 2712 2801 2786 2873; x_wconf 86' lang='grc' dir='ltr'><strong>μὴ</strong></span> <span class='ocrx_word' id='word_1_370' title='bbox 2816 2796 3103 2869; x_wconf 77' lang='grc' dir='ltr'>οἰκονομίᾳ</span> <span class='ocrx_word' id='word_1_371' title='bbox 3130 2794 3265 2849; x_wconf 82' lang='grc' dir='ltr'>Θεοῦ</span> <span class='ocrx_word' id='word_1_372' title='bbox 3298 2790 3457 2845; x_wconf 86' lang='grc' dir='ltr'>τοῦτο</span> <span class='ocrx_word' id='word_1_373' title='bbox 3490 2787 3675 2858; x_wconf 78' lang='grc' dir='ltr'>ἐγεγό-</span> 
     </span>
    </p>
   </div>
   <div class='ocr_carea' id='block_1_53' title="bbox 2088 2880 3673 2967">
    <p class='ocr_par' dir='ltr' id='par_1_53' title="bbox 2088 2880 3673 2967">
     <span class='ocr_line' id='line_1_53' title="bbox 2088 2880 3673 2967; baseline -0.015 -12"><span class='ocrx_word' id='word_1_374' title='bbox 2088 2918 2199 2966; x_wconf 89' lang='grc' dir='ltr'>νει,</span> <span class='ocrx_word' id='word_1_375' title='bbox 2241 2900 2341 2953; x_wconf 84' lang='grc' dir='ltr'><strong>οὐκ</strong></span> <span class='ocrx_word' id='word_1_376' title='bbox 2369 2898 2434 2952; x_wconf 79' lang='grc' dir='ltr'>ἂν</span> <span class='ocrx_word' id='word_1_377' title='bbox 2471 2896 2748 2967; x_wconf 75' lang='grc' dir='ltr'>ἐμέμνητο</span> <span class='ocrx_word' id='word_1_378' title='bbox 2788 2889 2953 2946; x_wconf 83' lang='grc' dir='ltr'>αὐτοῦ</span> <span class='ocrx_word' id='word_1_379' title='bbox 2996 2894 3024 2945; x_wconf 82' lang='grc' dir='ltr'>ὁ</span> <span class='ocrx_word' id='word_1_380' title='bbox 3060 2884 3487 2957; x_wconf 81' lang='grc' dir='ltr'>εὐαγγελιστὴς,</span> <span class='ocrx_word' id='word_1_381' title='bbox 3541 2880 3673 2935; x_wconf 75' lang='grc' dir='ltr'>οὔτε</span> 
     </span>
    </p>
   </div>
   <div class='ocr_carea' id='block_1_54' title="bbox 413 2973 1991 3061">
    <p class='ocr_par' dir='ltr' id='par_1_54' title="bbox 413 2976 1989 3053">
     <span class='ocr_line' id='line_1_54' title="bbox 413 2976 1989 3053; baseline -0.011 -7"><span class='ocrx_word' id='word_1_382' title='bbox 413 2994 815 3046; x_wconf 79' lang='lat' dir='ltr'><strong>concurrentes</strong></span> <span class='ocrx_word' id='word_1_383' title='bbox 876 2987 932 3039; x_wconf 89' lang='lat' dir='ltr'><strong>in</strong></span> <span class='ocrx_word' id='word_1_384' title='bbox 1009 2982 1445 3053; x_wconf 90' lang='lat' dir='ltr'><strong>unumquodque</strong></span> <span class='ocrx_word' id='word_1_385' title='bbox 1512 2992 1715 3034; x_wconf 85' lang='lat' dir='ltr'><strong>causas</strong></span> <span class='ocrx_word' id='word_1_386' title='bbox 1780 2976 1989 3044; x_wconf 87' lang='lat' dir='ltr'><strong>scripto</strong></span> 
     </span>
    </p>
   </div>
   <div class='ocr_carea' id='block_1_55' title="bbox 2108 2973 3676 3061">
    <p class='ocr_par' dir='ltr' id='par_1_55' title="bbox 2108 2973 3676 3061">
     <span class='ocr_line' id='line_1_55' title="bbox 2108 2973 3676 3061; baseline -0.013 -15"><span class='ocrx_word' id='word_1_387' title='bbox 2108 2993 2186 3057; x_wconf 77' lang='grc' dir='ltr'><strong>τὰς</strong></span> <span class='ocrx_word' id='word_1_388' title='bbox 2215 2994 2297 3061; x_wconf 76' lang='grc' dir='ltr'><strong>ἐφ’</strong></span> <span class='ocrx_word' id='word_1_389' title='bbox 2330 2990 2545 3060; x_wconf 82' lang='grc' dir='ltr'>ἑκάστῳ</span> <span class='ocrx_word' id='word_1_390' title='bbox 2581 2984 2986 3057; x_wconf 80' lang='grc' dir='ltr'>συμϐαινούσας</span> <span class='ocrx_word' id='word_1_391' title='bbox 3016 2980 3195 3044; x_wconf 88' lang='grc' dir='ltr'>αἰτίας</span> <span class='ocrx_word' id='word_1_392' title='bbox 3226 2976 3596 3061; x_wconf 66' lang='grc' dir='ltr'>ἀπεγράφετο,</span> <span class='ocrx_word' id='word_1_393' title='bbox 3622 2973 3676 3026; x_wconf 89' lang='grc' dir='ltr'><strong>εἰ</strong></span> 
     </span>
    </p>
   </div>
   <div class='ocr_carea' id='block_1_56' title="bbox 416 3069 1986 3149">
    <p class='ocr_par' dir='ltr' id='par_1_56' title="bbox 416 3069 1986 3149">
     <span class='ocr_line' id='line_1_56' title="bbox 416 3069 1986 3149; baseline -0.008 -10"><span class='ocrx_word' id='word_1_394' title='bbox 416 3082 758 3147; x_wconf 85' lang='lat' dir='ltr'><strong>mandasset,</strong></span> <span class='ocrx_word' id='word_1_395' title='bbox 784 3079 895 3135; x_wconf 87' lang='lat' dir='ltr'><strong>nisi</strong></span> <span class='ocrx_word' id='word_1_396' title='bbox 921 3078 1124 3149; x_wconf 90' lang='lat' dir='ltr'><strong>ubique</strong></span> <span class='ocrx_word' id='word_1_397' title='bbox 1150 3077 1389 3132; x_wconf 80' lang='lat' dir='ltr'><strong>maxime</strong></span> <span class='ocrx_word' id='word_1_398' title='bbox 1407 3072 1624 3129; x_wconf 88' lang='lat' dir='ltr'><strong>veritati</strong></span> <span class='ocrx_word' id='word_1_399' title='bbox 1656 3069 1986 3128; x_wconf 85' lang='lat' dir='ltr'><strong>studuisset.</strong></span> 
     </span>
    </p>
   </div>
   <div class='ocr_carea' id='block_1_57' title="bbox 2093 3059 3680 3156">
    <p class='ocr_par' dir='ltr' id='par_1_57' title="bbox 2093 3059 3680 3156">
     <span class='ocr_line' id='line_1_57' title="bbox 2093 3059 3680 3156; baseline -0.017 -16"><span class='ocrx_word' id='word_1_400' title='bbox 2093 3084 2168 3156; x_wconf 82' lang='grc' dir='ltr'>μὴ</span> <span class='ocrx_word' id='word_1_401' title='bbox 2194 3059 2465 3151; x_wconf 85' lang='grc' dir='ltr'>πανταχοῦ</span> <span class='ocrx_word' id='word_1_402' title='bbox 2491 3059 2590 3149; x_wconf 84' lang='grc' dir='ltr'><strong>τῆς</strong></span> <span class='ocrx_word' id='word_1_403' title='bbox 2608 3075 2861 3147; x_wconf 83' lang='grc' dir='ltr'>ἀληθείας</span> <span class='ocrx_word' id='word_1_404' title='bbox 2891 3072 3245 3128; x_wconf 81' lang='grc' dir='ltr'>ἀντεποιεῖτο.</span> <span class='ocrx_word' id='word_1_405' title='bbox 3269 3063 3435 3121; x_wconf 80' lang='grc' dir='ltr'>Εῐπεν</span> <span class='ocrx_word' id='word_1_406' title='bbox 3460 3059 3553 3118; x_wconf 80' lang='grc' dir='ltr'><strong>οὖν</strong></span> <span class='ocrx_word' id='word_1_407' title='bbox 3574 3063 3680 3130; x_wconf 84' lang='grc' dir='ltr'><strong>τὴν</strong></span> 
     </span>
    </p>
   </div>
   <div class='ocr_carea' id='block_1_58' title="bbox 416 3152 1991 3254">
    <p class='ocr_par' dir='ltr' id='par_1_58' title="bbox 416 3163 1990 3228">
     <span class='ocr_line' id='line_1_58' title="bbox 416 3163 1990 3228; baseline -0.009 -2"><span class='ocrx_word' id='word_1_408' title='bbox 416 3169 544 3228; x_wconf 81' lang='lat' dir='ltr'><strong>Ideo</strong></span> <span class='ocrx_word' id='word_1_409' title='bbox 572 3170 715 3227; x_wconf 79' lang='lat' dir='ltr'><strong>dixit</strong></span> <span class='ocrx_word' id='word_1_410' title='bbox 743 3183 970 3225; x_wconf 83' lang='lat' dir='ltr'><strong>causam</strong></span> <span class='ocrx_word' id='word_1_411' title='bbox 1005 3183 1106 3222; x_wconf 91' lang='lat' dir='ltr'><strong>cur</strong></span> <span class='ocrx_word' id='word_1_412' title='bbox 1136 3166 1294 3221; x_wconf 91' lang='lat' dir='ltr'><strong>multi</strong></span> <span class='ocrx_word' id='word_1_413' title='bbox 1340 3163 1407 3219; x_wconf 88' lang='lat' dir='ltr'><strong>ad</strong></span> <span class='ocrx_word' id='word_1_414' title='bbox 1444 3167 1862 3217; x_wconf 86' lang='lat' dir='ltr'><strong>monumentum</strong></span> <span class='ocrx_word' id='word_1_415' title='bbox 1899 3172 1990 3212; x_wconf 87' lang='lat' dir='ltr'><strong>ac--</strong></span> 
     </span>
    </p>
   </div>
   <div class='ocr_carea' id='block_1_59' title="bbox 2108 3152 3681 3254">
    <p class='ocr_par' dir='ltr' id='par_1_59' title="bbox 2108 3152 3681 3244">
     <span class='ocr_line' id='line_1_59' title="bbox 2108 3152 3681 3244; baseline -0.017 -13"><span class='ocrx_word' id='word_1_416' title='bbox 2108 3152 2272 3233; x_wconf 82' lang='grc' dir='ltr'>ιίτίαν</span> <span class='ocrx_word' id='word_1_417' title='bbox 2318 3174 2384 3227; x_wconf 88' lang='grc' dir='ltr'>δι’</span> <span class='ocrx_word' id='word_1_418' title='bbox 2429 3173 2498 3244; x_wconf 77' lang='grc' dir='ltr'>ἢν</span> <span class='ocrx_word' id='word_1_419' title='bbox 2551 3170 2733 3224; x_wconf 75' lang='grc' dir='ltr'>πολλοὶ</span> <span class='ocrx_word' id='word_1_420' title='bbox 2776 3169 2857 3231; x_wconf 86' lang='grc' dir='ltr'><strong>εἰς</strong></span> <span class='ocrx_word' id='word_1_421' title='bbox 2897 3164 2957 3219; x_wconf 83' lang='grc' dir='ltr'>τὺ</span> <span class='ocrx_word' id='word_1_422' title='bbox 3012 3164 3274 3235; x_wconf 85' lang='grc' dir='ltr'>μνημεῖον</span> <span class='ocrx_word' id='word_1_423' title='bbox 3311 3159 3579 3230; x_wconf 78' lang='grc' dir='ltr'>ἔδραμον,</span> <span class='ocrx_word' id='word_1_424' title='bbox 3623 3152 3681 3205; x_wconf 70' lang='grc' dir='ltr'>οἳ</span> 
     </span>
    </p>
   </div>
   <div class='ocr_carea' id='block_1_60' title="bbox 417 3248 1991 3339">
    <p class='ocr_par' dir='ltr' id='par_1_60' title="bbox 417 3249 1991 3333">
     <span class='ocr_line' id='line_1_60' title="bbox 417 3249 1991 3333; baseline -0.011 -13"><span class='ocrx_word' id='word_1_425' title='bbox 417 3272 730 3330; x_wconf 86' lang='lat' dir='ltr'><strong>currerent,</strong></span> <span class='ocrx_word' id='word_1_426' title='bbox 776 3262 870 3333; x_wconf 91' lang='lat' dir='ltr'><strong>qui</strong></span> <span class='ocrx_word' id='word_1_427' title='bbox 922 3259 1128 3331; x_wconf 89' lang='lat' dir='ltr'><strong>reperti</strong></span> <span class='ocrx_word' id='word_1_428' title='bbox 1164 3263 1295 3313; x_wconf 87' lang='lat' dir='ltr'><strong>sunt</strong></span> <span class='ocrx_word' id='word_1_429' title='bbox 1340 3265 1395 3312; x_wconf 91' lang='lat' dir='ltr'><strong>et</strong></span> <span class='ocrx_word' id='word_1_430' title='bbox 1455 3254 1685 3311; x_wconf 90' lang='lat' dir='ltr'><strong>fuerunt</strong></span> <span class='ocrx_word' id='word_1_431' title='bbox 1737 3249 1991 3317; x_wconf 72' lang='lat' dir='ltr'><strong>miraculi</strong></span> 
     </span>
    </p>
   </div>
   <div class='ocr_carea' id='block_1_61' title="bbox 2108 3248 3677 3339">
    <p class='ocr_par' dir='ltr' id='par_1_61' title="bbox 2108 3248 3677 3339">
     <span class='ocr_line' id='line_1_61' title="bbox 2108 3248 3677 3339; baseline -0.016 -17"><span class='ocrx_word' id='word_1_432' title='bbox 2108 3265 2402 3339; x_wconf 79' lang='grc' dir='ltr'>εὑρέθησάν</span> <span class='ocrx_word' id='word_1_433' title='bbox 2453 3281 2510 3317; x_wconf 89' lang='grc' dir='ltr'><strong>τε</strong></span> <span class='ocrx_word' id='word_1_434' title='bbox 2552 3263 2647 3316; x_wconf 87' lang='grc' dir='ltr'><strong>καί</strong></span> <span class='ocrx_word' id='word_1_435' title='bbox 2681 3258 2938 3328; x_wconf 87' lang='grc' dir='ltr'>γεγόνασι</span> <span class='ocrx_word' id='word_1_436' title='bbox 2985 3254 3177 3309; x_wconf 74' lang='grc' dir='ltr'>θεαταὶ</span> <span class='ocrx_word' id='word_1_437' title='bbox 3225 3250 3318 3305; x_wconf 89' lang='grc' dir='ltr'><strong>τοῦ</strong></span> <span class='ocrx_word' id='word_1_438' title='bbox 3372 3248 3677 3316; x_wconf 65' lang='grc' dir='ltr'>θαύματος,</span> 
     </span>
    </p>
   </div>
   <div class='ocr_carea' id='block_1_62' title="bbox 419 3346 1505 3424">
    <p class='ocr_par' dir='ltr' id='par_1_62' title="bbox 419 3346 1505 3424">
     <span class='ocr_line' id='line_1_62' title="bbox 419 3346 1505 3424; baseline -0.008 -15"><span class='ocrx_word' id='word_1_439' title='bbox 419 3361 783 3424; x_wconf 89' lang='lat' dir='ltr'><strong>spectatores,</strong></span> <span class='ocrx_word' id='word_1_440' title='bbox 815 3350 1054 3419; x_wconf 89' lang='lat' dir='ltr'><strong>aliisque</strong></span> <span class='ocrx_word' id='word_1_441' title='bbox 1087 3346 1505 3403; x_wconf 79' lang='lat' dir='ltr'><strong>renuntiarunt.</strong></span> 
     </span>
    </p>
   </div>
   <div class='ocr_carea' id='block_1_63' title="bbox 489 3430 1993 3511">
    <p class='ocr_par' dir='ltr' id='par_1_63' title="bbox 489 3430 1993 3511">
     <span class='ocr_line' id='line_1_63' title="bbox 489 3430 1993 3511; baseline -0.009 -13"><span class='ocrx_word' id='word_1_442' title='bbox 489 3443 582 3507; x_wconf 81' lang='lat' dir='ltr'><strong>XI,</strong></span> <span class='ocrx_word' id='word_1_443' title='bbox 614 3445 704 3500; x_wconf 77' lang='lat'><strong>32.</strong></span> <span class='ocrx_word' id='word_1_444' title='bbox 755 3441 938 3496; x_wconf 69' lang='lat' dir='ltr'><strong>Maria</strong></span> <span class='ocrx_word' id='word_1_445' title='bbox 966 3457 1091 3511; x_wconf 85' lang='lat' dir='ltr'><strong>ergo</strong></span> <span class='ocrx_word' id='word_1_446' title='bbox 1123 3456 1243 3494; x_wconf 84' lang='lat' dir='ltr'><strong>cum</strong></span> <span class='ocrx_word' id='word_1_447' title='bbox 1285 3439 1507 3492; x_wconf 75' lang='lat' dir='ltr'><strong>venisset</strong></span> <span class='ocrx_word' id='word_1_448' title='bbox 1538 3435 1628 3489; x_wconf 89' lang='lat' dir='ltr'><strong>ubi</strong></span> <span class='ocrx_word' id='word_1_449' title='bbox 1651 3442 1769 3489; x_wconf 83' lang='lat' dir='ltr'><strong>erat</strong></span> <span class='ocrx_word' id='word_1_450' title='bbox 1810 3430 1993 3497; x_wconf 73' lang='lat' dir='ltr'><strong>Iesus,</strong></span> 
     </span>
    </p>
   </div>
   <div class='ocr_carea' id='block_1_64' title="bbox 420 3534 1190 3605">
    <p class='ocr_par' dir='ltr' id='par_1_64' title="bbox 420 3534 1190 3605">
     <span class='ocr_line' id='line_1_64' title="bbox 420 3534 1190 3605; baseline -0.008 -12"><span class='ocrx_word' id='word_1_451' title='bbox 420 3538 610 3593; x_wconf 75' lang='lat' dir='ltr'><strong>cecidit</strong></span> <span class='ocrx_word' id='word_1_452' title='bbox 638 3537 708 3592; x_wconf 80' lang='lat' dir='ltr'><strong>ad</strong></span> <span class='ocrx_word' id='word_1_453' title='bbox 736 3536 891 3605; x_wconf 75' lang='lat' dir='ltr'><strong>pedes</strong></span> <span class='ocrx_word' id='word_1_454' title='bbox 915 3534 1054 3605; x_wconf 80' lang='lat' dir='ltr'><strong>ejus,</strong></span> <span class='ocrx_word' id='word_1_455' title='bbox 1083 3544 1190 3588; x_wconf 87' lang='lat' dir='ltr'><strong>etc.</strong></span> 
     </span>
    </p>
   </div>
   <div class='ocr_carea' id='block_1_65' title="bbox 492 3616 1999 3699">
    <p class='ocr_par' dir='ltr' id='par_1_65' title="bbox 492 3616 1999 3699">
     <span class='ocr_line' id='line_1_65' title="bbox 492 3616 1999 3699; baseline -0.009 -18"><span class='ocrx_word' id='word_1_456' title='bbox 492 3628 664 3699; x_wconf 87' lang='lat' dir='ltr'><strong>Igitur</strong></span> <span class='ocrx_word' id='word_1_457' title='bbox 692 3625 867 3681; x_wconf 82' lang='lat' dir='ltr'><strong>Maria</strong></span> <span class='ocrx_word' id='word_1_458' title='bbox 896 3631 1285 3695; x_wconf 63' lang='lat' dir='ltr'><strong>praematuram</strong></span> <span class='ocrx_word' id='word_1_459' title='bbox 1313 3627 1544 3677; x_wconf 90' lang='lat' dir='ltr'><strong>mortem</strong></span> <span class='ocrx_word' id='word_1_460' title='bbox 1577 3617 1764 3674; x_wconf 90' lang='lat' dir='ltr'><strong>fratris</strong></span> <span class='ocrx_word' id='word_1_461' title='bbox 1795 3616 1879 3672; x_wconf 91' lang='lat' dir='ltr'><strong>sui</strong></span> <span class='ocrx_word' id='word_1_462' title='bbox 1909 3629 1999 3669; x_wconf 88' lang='lat' dir='ltr'><strong>ac-</strong></span> 
     </span>
    </p>
   </div>
   <div class='ocr_carea' id='block_1_66' title="bbox 422 3704 1999 3774">
    <p class='ocr_par' dir='ltr' id='par_1_66' title="bbox 422 3704 1999 3774">
     <span class='ocr_line' id='line_1_66' title="bbox 422 3704 1999 3774; baseline -0.01 -1"><span class='ocrx_word' id='word_1_463' title='bbox 422 3717 632 3774; x_wconf 89' lang='lat' dir='ltr'><strong>cidisse</strong></span> <span class='ocrx_word' id='word_1_464' title='bbox 670 3716 748 3771; x_wconf 88' lang='lat' dir='ltr'><strong>ait</strong></span> <span class='ocrx_word' id='word_1_465' title='bbox 788 3717 859 3772; x_wconf 88' lang='lat' dir='ltr'><strong>ob</strong></span> <span class='ocrx_word' id='word_1_466' title='bbox 888 3712 1108 3768; x_wconf 89' lang='lat' dir='ltr'><strong>Domini</strong></span> <span class='ocrx_word' id='word_1_467' title='bbox 1138 3711 1468 3774; x_wconf 87' lang='lat' dir='ltr'><strong>absentiam,</strong></span> <span class='ocrx_word' id='word_1_468' title='bbox 1495 3719 1548 3765; x_wconf 90' lang='lat' dir='ltr'><strong>et</strong></span> <span class='ocrx_word' id='word_1_469' title='bbox 1575 3718 1709 3763; x_wconf 88' lang='lat' dir='ltr'><strong>tunc</strong></span> <span class='ocrx_word' id='word_1_470' title='bbox 1741 3704 1999 3761; x_wconf 87' lang='lat' dir='ltr'><strong>advenire</strong></span> 
     </span>
    </p>
   </div>
   <div class='ocr_carea' id='block_1_67' title="bbox 424 3796 1999 3883">
    <p class='ocr_par' dir='ltr' id='par_1_67' title="bbox 424 3796 1999 3883">
     <span class='ocr_line' id='line_1_67' title="bbox 424 3796 1999 3883; baseline -0.009 -19"><span class='ocrx_word' id='word_1_471' title='bbox 424 3824 653 3883; x_wconf 85' lang='lat' dir='ltr'><strong>peregre</strong></span> <span class='ocrx_word' id='word_1_472' title='bbox 685 3808 908 3863; x_wconf 90' lang='lat' dir='ltr'><strong>domum</strong></span> <span class='ocrx_word' id='word_1_473' title='bbox 946 3819 1126 3870; x_wconf 89' lang='lat' dir='ltr'><strong>suam,</strong></span> <span class='ocrx_word' id='word_1_474' title='bbox 1159 3818 1288 3859; x_wconf 88' lang='lat' dir='ltr'><strong>cum</strong></span> <span class='ocrx_word' id='word_1_475' title='bbox 1322 3816 1486 3858; x_wconf 89' lang='lat' dir='ltr'><strong>omne</strong></span> <span class='ocrx_word' id='word_1_476' title='bbox 1524 3811 1739 3870; x_wconf 90' lang='lat' dir='ltr'><strong>tempus</strong></span> <span class='ocrx_word' id='word_1_477' title='bbox 1766 3796 1999 3853; x_wconf 89' lang='lat' dir='ltr'><strong>curandi</strong></span> 
     </span>
    </p>
   </div>
   <div class='ocr_carea' id='block_1_68' title="bbox 424 3892 2002 3973">
    <p class='ocr_par' dir='ltr' id='par_1_68' title="bbox 424 3892 2002 3973">
     <span class='ocr_line' id='line_1_68' title="bbox 424 3892 2002 3973; baseline -0.008 -17"><span class='ocrx_word' id='word_1_478' title='bbox 424 3901 831 3973; x_wconf 66' lang='lat' dir='ltr'><strong>praeteriisset:</strong></span> <span class='ocrx_word' id='word_1_479' title='bbox 871 3907 1038 3968; x_wconf 88' lang='lat' dir='ltr'><strong>atque</strong></span> <span class='ocrx_word' id='word_1_480' title='bbox 1098 3912 1163 3952; x_wconf 82' lang='lat' dir='ltr'><strong>ex</strong></span> <span class='ocrx_word' id='word_1_481' title='bbox 1231 3908 1301 3951; x_wconf 90' lang='lat' dir='ltr'><strong>eo</strong></span> <span class='ocrx_word' id='word_1_482' title='bbox 1364 3892 1744 3963; x_wconf 86' lang='lat' dir='ltr'><strong>conjecturam</strong></span> <span class='ocrx_word' id='word_1_483' title='bbox 1799 3904 2002 3959; x_wconf 90' lang='lat' dir='ltr'><strong>capere</strong></span> 
     </span>
    </p>
   </div>
   <div class='ocr_carea' id='block_1_69' title="bbox 424 3981 2000 4064">
    <p class='ocr_par' dir='ltr' id='par_1_69' title="bbox 424 3981 2000 4064">
     <span class='ocr_line' id='line_1_69' title="bbox 424 3981 2000 4064; baseline -0.009 -14"><span class='ocrx_word' id='word_1_484' title='bbox 424 3994 573 4061; x_wconf 83' lang='lat' dir='ltr'><strong>licet,</strong></span> <span class='ocrx_word' id='word_1_485' title='bbox 610 3992 759 4064; x_wconf 91' lang='lat' dir='ltr'><strong>quod</strong></span> <span class='ocrx_word' id='word_1_486' title='bbox 795 4000 1057 4061; x_wconf 86' lang='lat' dir='ltr'><strong>tanquam</strong></span> <span class='ocrx_word' id='word_1_487' title='bbox 1093 3987 1207 4044; x_wconf 82' lang='lat' dir='ltr'><strong>Deo</strong></span> <span class='ocrx_word' id='word_1_488' title='bbox 1235 3985 1341 4058; x_wconf 91' lang='lat' dir='ltr'><strong>ipsi</strong></span> <span class='ocrx_word' id='word_1_489' title='bbox 1371 3985 1476 4039; x_wconf 87' lang='lat' dir='ltr'><strong>hoc</strong></span> <span class='ocrx_word' id='word_1_490' title='bbox 1510 3983 1752 4048; x_wconf 89' lang='lat' dir='ltr'><strong>dicebat,</strong></span> <span class='ocrx_word' id='word_1_491' title='bbox 1776 3981 2000 4036; x_wconf 91' lang='lat' dir='ltr'><strong>tametsi</strong></span> 
     </span>
    </p>
   </div>
   <div class='ocr_carea' id='block_1_70' title="bbox 425 4072 2002 4147">
    <p class='ocr_par' dir='ltr' id='par_1_70' title="bbox 425 4072 2002 4147">
     <span class='ocr_line' id='line_1_70' title="bbox 425 4072 2002 4147; baseline -0.008 -4"><span class='ocrx_word' id='word_1_492' title='bbox 425 4103 537 4142; x_wconf 91' lang='lat' dir='ltr'><strong>non</strong></span> <span class='ocrx_word' id='word_1_493' title='bbox 570 4091 826 4141; x_wconf 89' lang='lat' dir='ltr'><strong>accurate</strong></span> <span class='ocrx_word' id='word_1_494' title='bbox 871 4083 1059 4137; x_wconf 88' lang='lat' dir='ltr'><strong>locuta</strong></span> <span class='ocrx_word' id='word_1_495' title='bbox 1105 4087 1213 4147; x_wconf 89' lang='lat' dir='ltr'><strong>est,</strong></span> <span class='ocrx_word' id='word_1_496' title='bbox 1244 4089 1366 4134; x_wconf 86' lang='lat' dir='ltr'><strong>rata</strong></span> <span class='ocrx_word' id='word_1_497' title='bbox 1414 4091 1525 4132; x_wconf 88' lang='lat' dir='ltr'><strong>non</strong></span> <span class='ocrx_word' id='word_1_498' title='bbox 1555 4073 1721 4146; x_wconf 75' lang='lat'><strong>685</strong></span> <span class='ocrx_word' id='word_1_499' title='bbox 1756 4072 2002 4130; x_wconf 82' lang='lat' dir='ltr'><strong>adfuisse</strong></span> 
     </span>
    </p>
   </div>
   <div class='ocr_carea' id='block_1_71' title="bbox 428 4167 2002 4251">
    <p class='ocr_par' dir='ltr' id='par_1_71' title="bbox 428 4167 2002 4251">
     <span class='ocr_line' id='line_1_71' title="bbox 428 4167 2002 4251; baseline -0.008 -15"><span class='ocrx_word' id='word_1_500' title='bbox 428 4184 608 4251; x_wconf 87' lang='lat' dir='ltr'><strong>ipsum</strong></span> <span class='ocrx_word' id='word_1_501' title='bbox 663 4176 812 4248; x_wconf 91' lang='lat' dir='ltr'><strong>quod</strong></span> <span class='ocrx_word' id='word_1_502' title='bbox 871 4175 1088 4230; x_wconf 87' lang='lat' dir='ltr'><strong>abesset</strong></span> <span class='ocrx_word' id='word_1_503' title='bbox 1132 4185 1386 4242; x_wconf 90' lang='lat' dir='ltr'><strong>corpore.</strong></span> <span class='ocrx_word' id='word_1_504' title='bbox 1438 4167 1545 4225; x_wconf 90' lang='lat' dir='ltr'><strong>Sed</strong></span> <span class='ocrx_word' id='word_1_505' title='bbox 1594 4176 1782 4223; x_wconf 89' lang='lat' dir='ltr'><strong>tamen</strong></span> <span class='ocrx_word' id='word_1_506' title='bbox 1826 4167 2002 4223; x_wconf 89' lang='lat' dir='ltr'><strong>multo</strong></span> 
     </span>
    </p>
   </div>
   <div class='ocr_carea' id='block_1_72' title="bbox 426 4258 2006 4348">
    <p class='ocr_par' dir='ltr' id='par_1_72' title="bbox 426 4258 2006 4348">
     <span class='ocr_line' id='line_1_72' title="bbox 426 4258 2006 4348; baseline -0.009 -19"><span class='ocrx_word' id='word_1_507' title='bbox 426 4272 659 4348; x_wconf 88' lang='lat' dir='ltr'><strong>peritior</strong></span> <span class='ocrx_word' id='word_1_508' title='bbox 686 4282 737 4326; x_wconf 83' lang='lat' dir='ltr'><strong>et</strong></span> <span class='ocrx_word' id='word_1_509' title='bbox 776 4267 1171 4338; x_wconf 84' lang='lat' dir='ltr'><strong>intelligentior</strong></span> <span class='ocrx_word' id='word_1_510' title='bbox 1202 4264 1440 4328; x_wconf 85' lang='lat' dir='ltr'><strong>Martha,</strong></span> <span class='ocrx_word' id='word_1_511' title='bbox 1464 4278 1578 4317; x_wconf 89' lang='lat' dir='ltr'><strong>non</strong></span> <span class='ocrx_word' id='word_1_512' title='bbox 1608 4261 1767 4325; x_wconf 78' lang='lat' dir='ltr'><strong>dixit,</strong></span> <span class='ocrx_word' id='word_1_513' title='bbox 1797 4280 1817 4313; x_wconf 75' lang='grc' dir='ltr'><strong>ι</strong></span> <span class='ocrx_word' id='word_1_514' title='bbox 1849 4258 2006 4326; x_wconf 82' lang='lat' dir='ltr'><strong>Quae-</strong></span> 
     </span>
    </p>
   </div>
   <div class='ocr_carea' id='block_1_73' title="bbox 426 4351 2002 4437">
    <p class='ocr_par' dir='ltr' id='par_1_73' title="bbox 426 4351 2002 4437">
     <span class='ocr_line' id='line_1_73' title="bbox 426 4351 2002 4437; baseline -0.011 -14"><span class='ocrx_word' id='word_1_515' title='bbox 426 4380 647 4437; x_wconf 89' lang='lat' dir='ltr'><strong>cunque</strong></span> <span class='ocrx_word' id='word_1_516' title='bbox 690 4376 890 4435; x_wconf 84' lang='lat' dir='ltr'><strong>posces</strong></span> <span class='ocrx_word' id='word_1_517' title='bbox 932 4359 1127 4422; x_wconf 89' lang='lat' dir='ltr'><strong>Deum,</strong></span> <span class='ocrx_word' id='word_1_518' title='bbox 1174 4356 1329 4411; x_wconf 86' lang='lat' dir='ltr'><strong>dabit</strong></span> <span class='ocrx_word' id='word_1_519' title='bbox 1371 4354 1469 4411; x_wconf 92' lang='lat' dir='ltr'><strong>tibi</strong></span> <span class='ocrx_word' id='word_1_520' title='bbox 1514 4353 1679 4409; x_wconf 89' lang='lat' dir='ltr'><strong>Deus.</strong></span> <span class='ocrx_word' id='word_1_521' title='bbox 1716 4372 1736 4406; x_wconf 74' lang='grc' dir='ltr'><strong>ι</strong></span> <span class='ocrx_word' id='word_1_522' title='bbox 1770 4353 1901 4407; x_wconf 88' lang='lat' dir='ltr'><strong>Ideo</strong></span> <span class='ocrx_word' id='word_1_523' title='bbox 1933 4351 2002 4406; x_wconf 91' lang='lat' dir='ltr'><strong>ad</strong></span> 
     </span>
    </p>
   </div>
   <div class='ocr_carea' id='block_1_74' title="bbox 429 4444 2007 4526">
    <p class='ocr_par' dir='ltr' id='par_1_74' title="bbox 429 4444 2007 4526">
     <span class='ocr_line' id='line_1_74' title="bbox 429 4444 2007 4526; baseline -0.011 -9"><span class='ocrx_word' id='word_1_524' title='bbox 429 4460 573 4516; x_wconf 87' lang='lat' dir='ltr'><strong>hanc</strong></span> <span class='ocrx_word' id='word_1_525' title='bbox 602 4456 744 4512; x_wconf 88' lang='lat' dir='ltr'><strong>nihil</strong></span> <span class='ocrx_word' id='word_1_526' title='bbox 778 4451 1080 4526; x_wconf 88' lang='lat' dir='ltr'><strong>respondet</strong></span> <span class='ocrx_word' id='word_1_527' title='bbox 1120 4449 1409 4513; x_wconf 88' lang='lat' dir='ltr'><strong>Dominus,</strong></span> <span class='ocrx_word' id='word_1_528' title='bbox 1447 4446 1516 4501; x_wconf 91' lang='lat' dir='ltr'><strong>ad</strong></span> <span class='ocrx_word' id='word_1_529' title='bbox 1563 4444 1839 4501; x_wconf 88' lang='lat' dir='ltr'><strong>Martham</strong></span> <span class='ocrx_word' id='word_1_530' title='bbox 1869 4458 2007 4500; x_wconf 89' lang='lat' dir='ltr'><strong>vero</strong></span> 
     </span>
    </p>
   </div>
   <div class='ocr_carea' id='block_1_75' title="bbox 2100 3350 2779 3425">
    <p class='ocr_par' dir='ltr' id='par_1_75' title="bbox 2100 3350 2779 3425">
     <span class='ocr_line' id='line_1_75' title="bbox 2100 3350 2779 3425; baseline -0.016 -12"><span class='ocrx_word' id='word_1_531' title='bbox 2100 3358 2195 3413; x_wconf 78' lang='grc' dir='ltr'>καί.</span> <span class='ocrx_word' id='word_1_532' title='bbox 2221 3356 2400 3418; x_wconf 81' lang='grc' dir='ltr'>ἄλλοις</span> <span class='ocrx_word' id='word_1_533' title='bbox 2420 3350 2779 3425; x_wconf 82' lang='grc' dir='ltr'>ἀπήγγειλαν.</span> 
     </span>
    </p>
   </div>
   <div class='ocr_carea' id='block_1_76' title="bbox 2183 3428 3681 3515">
    <p class='ocr_par' dir='ltr' id='par_1_76' title="bbox 2183 3428 3681 3515">
     <span class='ocr_line' id='line_1_76' title="bbox 2183 3428 3681 3515; baseline -0.016 -9"><span class='ocrx_word' id='word_1_534' title='bbox 2183 3452 2254 3506; x_wconf 86' lang='grc' dir='ltr'><em>Ἠ</em></span> <span class='ocrx_word' id='word_1_535' title='bbox 2293 3445 2406 3504; x_wconf 77' lang='grc' dir='ltr'><strong>οὖν</strong></span> <span class='ocrx_word' id='word_1_536' title='bbox 2435 3446 2633 3515; x_wconf 77' lang='grc' dir='ltr'>Μαρία</span> <span class='ocrx_word' id='word_1_537' title='bbox 2669 3445 2750 3511; x_wconf 86' lang='grc' dir='ltr'>ὡς</span> <span class='ocrx_word' id='word_1_538' title='bbox 2784 3439 2974 3513; x_wconf 75' lang='grc' dir='ltr'>ἦλθεν</span> <span class='ocrx_word' id='word_1_539' title='bbox 3020 3438 3173 3492; x_wconf 84' lang='grc' dir='ltr'>ὅπου</span> <span class='ocrx_word' id='word_1_540' title='bbox 3220 3430 3300 3505; x_wconf 81' lang='grc' dir='ltr'><strong>ἦν</strong></span> <span class='ocrx_word' id='word_1_541' title='bbox 3340 3435 3373 3488; x_wconf 87' lang='grc' dir='ltr'><em>ὁ</em></span> <span class='ocrx_word' id='word_1_542' title='bbox 3421 3428 3681 3498; x_wconf 82' lang='grc' dir='ltr'>Ἰησοῦς,</span> 
     </span>
    </p>
   </div>
   <div class='ocr_carea' id='block_1_77' title="bbox 2100 3520 3484 3606">
    <p class='ocr_par' dir='ltr' id='par_1_77' title="bbox 2100 3520 3484 3606">
     <span class='ocr_line' id='line_1_77' title="bbox 2100 3520 3484 3606; baseline -0.017 -11"><span class='ocrx_word' id='word_1_543' title='bbox 2100 3541 2283 3595; x_wconf 74' lang='grc' dir='ltr'>ἔπεσε</span> <span class='ocrx_word' id='word_1_544' title='bbox 2318 3536 2467 3606; x_wconf 77' lang='grc' dir='ltr'>πρὸς</span> <span class='ocrx_word' id='word_1_545' title='bbox 2489 3534 2633 3600; x_wconf 85' lang='grc' dir='ltr'>τοὺς</span> <span class='ocrx_word' id='word_1_546' title='bbox 2662 3531 2854 3596; x_wconf 84' lang='grc' dir='ltr'>πόδας</span> <span class='ocrx_word' id='word_1_547' title='bbox 2877 3526 3088 3590; x_wconf 85' lang='grc' dir='ltr'>αὑτοῦ,</span> <span class='ocrx_word' id='word_1_548' title='bbox 3116 3524 3300 3580; x_wconf 78' lang='grc' dir='ltr'>καὶτὰ</span> <span class='ocrx_word' id='word_1_549' title='bbox 3338 3520 3484 3589; x_wconf 75' lang='grc' dir='ltr'>ἑξῆς.</span> 
     </span>
    </p>
   </div>
   <div class='ocr_carea' id='block_1_78' title="bbox 2184 3609 3685 3701">
    <p class='ocr_par' dir='ltr' id='par_1_78' title="bbox 2184 3609 3685 3701">
     <span class='ocr_line' id='line_1_78' title="bbox 2184 3609 3685 3701; baseline -0.016 -17"><span class='ocrx_word' id='word_1_550' title='bbox 2184 3632 2250 3684; x_wconf 86' lang='grc' dir='ltr'><strong>Ἦ</strong></span> <span class='ocrx_word' id='word_1_551' title='bbox 2282 3628 2462 3701; x_wconf 88' lang='grc' dir='ltr'>μέντοι</span> <span class='ocrx_word' id='word_1_552' title='bbox 2494 3625 2711 3697; x_wconf 84' lang='grc' dir='ltr'>Μαρία,</span> <span class='ocrx_word' id='word_1_553' title='bbox 2744 3622 2994 3693; x_wconf 80' lang='grc' dir='ltr'>πρόωρον</span> <span class='ocrx_word' id='word_1_554' title='bbox 3040 3614 3370 3687; x_wconf 85' lang='grc' dir='ltr'>γεγενῆσθαι</span> <span class='ocrx_word' id='word_1_555' title='bbox 3416 3611 3563 3680; x_wconf 82' lang='grc' dir='ltr'>λέγει</span> <span class='ocrx_word' id='word_1_556' title='bbox 3587 3609 3685 3662; x_wconf 86' lang='grc' dir='ltr'><strong>τὸν</strong></span> 
     </span>
    </p>
   </div>
   <div class='ocr_carea' id='block_1_79' title="bbox 2104 3699 3685 3788">
    <p class='ocr_par' dir='ltr' id='par_1_79' title="bbox 2104 3699 3685 3788">
     <span class='ocr_line' id='line_1_79' title="bbox 2104 3699 3685 3788; baseline -0.015 -13"><span class='ocrx_word' id='word_1_557' title='bbox 2104 3699 2329 3776; x_wconf 85' lang='grc' dir='ltr'>θάνατον</span> <span class='ocrx_word' id='word_1_558' title='bbox 2365 3716 2444 3788; x_wconf 85' lang='grc' dir='ltr'><strong>τῷ</strong></span> <span class='ocrx_word' id='word_1_559' title='bbox 2475 3713 2689 3785; x_wconf 78' lang='grc' dir='ltr'>ἀδελφῷ</span> <span class='ocrx_word' id='word_1_560' title='bbox 2716 3711 2805 3766; x_wconf 81' lang='grc' dir='ltr'>διὰ</span> <span class='ocrx_word' id='word_1_561' title='bbox 2834 3711 2896 3764; x_wconf 80' lang='grc' dir='ltr'><strong>τὸ</strong></span> <span class='ocrx_word' id='word_1_562' title='bbox 2922 3711 3143 3763; x_wconf 82' lang='grc' dir='ltr'>ἀπεῖναι</span> <span class='ocrx_word' id='word_1_563' title='bbox 3172 3706 3263 3759; x_wconf 84' lang='grc' dir='ltr'><strong>τὸν</strong></span> <span class='ocrx_word' id='word_1_564' title='bbox 3290 3704 3493 3774; x_wconf 81' lang='grc' dir='ltr'>Κύριον</span> <span class='ocrx_word' id='word_1_565' title='bbox 3516 3717 3533 3734; x_wconf 80' lang='grc' dir='ltr'><strong>ο</strong></span> <span class='ocrx_word' id='word_1_566' title='bbox 3584 3699 3685 3752; x_wconf 69' lang='grc' dir='ltr'><strong>καὶ</strong></span> 
     </span>
    </p>
   </div>
   <div class='ocr_carea' id='block_1_80' title="bbox 2103 3792 3683 3883">
    <p class='ocr_par' dir='ltr' id='par_1_80' title="bbox 2103 3792 3683 3883">
     <span class='ocr_line' id='line_1_80' title="bbox 2103 3792 3683 3883; baseline -0.015 -15"><span class='ocrx_word' id='word_1_567' title='bbox 2103 3815 2224 3868; x_wconf 81' lang='grc' dir='ltr'>τότε</span> <span class='ocrx_word' id='word_1_568' title='bbox 2256 3812 2420 3883; x_wconf 73' lang='grc' dir='ltr'>φησὶν</span> <span class='ocrx_word' id='word_1_569' title='bbox 2443 3805 2901 3877; x_wconf 76' lang='grc' dir='ltr'>ἐπιδεδημηκέναι</span> <span class='ocrx_word' id='word_1_570' title='bbox 2926 3800 3088 3855; x_wconf 76' lang='grc' dir='ltr'>αὐτὸν</span> <span class='ocrx_word' id='word_1_571' title='bbox 3113 3797 3191 3868; x_wconf 82' lang='grc' dir='ltr'>τῷ</span> <span class='ocrx_word' id='word_1_572' title='bbox 3217 3796 3351 3867; x_wconf 76' lang='grc' dir='ltr'>οἴκῳ</span> <span class='ocrx_word' id='word_1_573' title='bbox 3369 3835 3383 3859; x_wconf 92' lang='grc'><strong>,</strong></span> <span class='ocrx_word' id='word_1_574' title='bbox 3406 3796 3494 3847; x_wconf 84' lang='grc' dir='ltr'><strong>ὅτε</strong></span> <span class='ocrx_word' id='word_1_575' title='bbox 3521 3794 3549 3846; x_wconf 85' lang='grc' dir='ltr'><em>ὀ</em></span> <span class='ocrx_word' id='word_1_576' title='bbox 3580 3792 3683 3861; x_wconf 83' lang='grc' dir='ltr'>τῆς</span> 
     </span>
    </p>
   </div>
   <div class='ocr_carea' id='block_1_81' title="bbox 2106 3882 3686 3977">
    <p class='ocr_par' dir='ltr' id='par_1_81' title="bbox 2106 3882 3686 3977">
     <span class='ocr_line' id='line_1_81' title="bbox 2106 3882 3686 3977; baseline -0.016 -18"><span class='ocrx_word' id='word_1_577' title='bbox 2106 3882 2402 3977; x_wconf 84' lang='grc' dir='ltr'>θεραπείας</span> <span class='ocrx_word' id='word_1_578' title='bbox 2434 3899 2753 3972; x_wconf 87' lang='grc' dir='ltr'>παρέδραμε</span> <span class='ocrx_word' id='word_1_579' title='bbox 2791 3893 2983 3964; x_wconf 82' lang='grc' dir='ltr'>καιρός</span> <span class='ocrx_word' id='word_1_580' title='bbox 3006 3908 3022 3922; x_wconf 85' lang='grc'><strong>·</strong></span> <span class='ocrx_word' id='word_1_581' title='bbox 3081 3889 3174 3944; x_wconf 76' lang='grc' dir='ltr'>καὶ</span> <span class='ocrx_word' id='word_1_582' title='bbox 3214 3887 3328 3941; x_wconf 79' lang='grc' dir='ltr'>ἔστι</span> <span class='ocrx_word' id='word_1_583' title='bbox 3362 3884 3459 3956; x_wconf 81' lang='grc' dir='ltr'>μὲν</span> <span class='ocrx_word' id='word_1_584' title='bbox 3489 3882 3585 3937; x_wconf 82' lang='grc' dir='ltr'><strong>καὶ</strong></span> <span class='ocrx_word' id='word_1_585' title='bbox 3616 3882 3686 3935; x_wconf 81' lang='grc' dir='ltr'><strong>ἑκ</strong></span> 
     </span>
    </p>
   </div>
   <div class='ocr_carea' id='block_1_82' title="bbox 2104 3973 3683 4064">
    <p class='ocr_par' dir='ltr' id='par_1_82' title="bbox 2104 3973 3683 4064">
     <span class='ocr_line' id='line_1_82' title="bbox 2104 3973 3683 4064; baseline -0.018 -12"><span class='ocrx_word' id='word_1_586' title='bbox 2104 3998 2295 4053; x_wconf 86' lang='grc' dir='ltr'>τούτου</span> <span class='ocrx_word' id='word_1_587' title='bbox 2325 3991 2726 4064; x_wconf 83' lang='grc' dir='ltr'>στοχάσασθαι,</span> <span class='ocrx_word' id='word_1_588' title='bbox 2760 3990 2847 4042; x_wconf 83' lang='grc' dir='ltr'><strong>ὅτι</strong></span> <span class='ocrx_word' id='word_1_589' title='bbox 2882 3987 2956 4050; x_wconf 83' lang='grc' dir='ltr'><strong>ὡς</strong></span> <span class='ocrx_word' id='word_1_590' title='bbox 2984 3981 3103 4053; x_wconf 80' lang='grc' dir='ltr'>Θεῷ</span> <span class='ocrx_word' id='word_1_591' title='bbox 3135 3978 3285 4050; x_wconf 79' lang='grc' dir='ltr'>αὐτῷ</span> <span class='ocrx_word' id='word_1_592' title='bbox 3314 3977 3467 4045; x_wconf 78' lang='grc' dir='ltr'>ἔλεγε</span> <span class='ocrx_word' id='word_1_593' title='bbox 3498 3973 3683 4040; x_wconf 86' lang='grc' dir='ltr'>τοῦτο,</span> 
     </span>
    </p>
   </div>
   <div class='ocr_carea' id='block_1_83' title="bbox 2107 4064 3686 4153">
    <p class='ocr_par' dir='ltr' id='par_1_83' title="bbox 2107 4064 3686 4153">
     <span class='ocr_line' id='line_1_83' title="bbox 2107 4064 3686 4153; baseline -0.02 -10"><span class='ocrx_word' id='word_1_594' title='bbox 2107 4090 2157 4142; x_wconf 92' lang='grc' dir='ltr'><strong>εἰ</strong></span> <span class='ocrx_word' id='word_1_595' title='bbox 2188 4087 2284 4142; x_wconf 78' lang='grc' dir='ltr'>καὶ</span> <span class='ocrx_word' id='word_1_596' title='bbox 2304 4087 2404 4139; x_wconf 81' lang='grc' dir='ltr'><strong>οὐκ</strong></span> <span class='ocrx_word' id='word_1_597' title='bbox 2430 4080 2675 4153; x_wconf 78' lang='grc' dir='ltr'>ἀκρισῶς</span> <span class='ocrx_word' id='word_1_598' title='bbox 2698 4075 3022 4147; x_wconf 83' lang='grc' dir='ltr'>λελάληκεν,</span> <span class='ocrx_word' id='word_1_599' title='bbox 3065 4069 3287 4141; x_wconf 88' lang='grc' dir='ltr'>οἰομένη</span> <span class='ocrx_word' id='word_1_600' title='bbox 3322 4067 3397 4137; x_wconf 84' lang='grc' dir='ltr'><strong>μὴ</strong></span> <span class='ocrx_word' id='word_1_601' title='bbox 3424 4064 3686 4153; x_wconf 56' lang='grc' dir='ltr'>παρεῖναι</span> 
     </span>
    </p>
   </div>
   <div class='ocr_carea' id='block_1_84' title="bbox 2107 4150 3688 4242">
    <p class='ocr_par' dir='ltr' id='par_1_84' title="bbox 2107 4150 3688 4242">
     <span class='ocr_line' id='line_1_84' title="bbox 2107 4150 3688 4242; baseline -0.018 -6"><span class='ocrx_word' id='word_1_602' title='bbox 2107 4180 2270 4236; x_wconf 78' lang='grc' dir='ltr'>αὐτὸν</span> <span class='ocrx_word' id='word_1_603' title='bbox 2298 4179 2345 4232; x_wconf 85' lang='grc' dir='ltr'><strong>εἰ</strong></span> <span class='ocrx_word' id='word_1_604' title='bbox 2378 4176 2472 4231; x_wconf 76' lang='grc' dir='ltr'><strong>καὶ</strong></span> <span class='ocrx_word' id='word_1_605' title='bbox 2501 4150 2649 4242; x_wconf 82' lang='grc' dir='ltr'>ἀπῆν</span> <span class='ocrx_word' id='word_1_606' title='bbox 2677 4170 2757 4241; x_wconf 81' lang='grc' dir='ltr'>τῷ</span> <span class='ocrx_word' id='word_1_607' title='bbox 2780 4166 3013 4238; x_wconf 83' lang='grc' dir='ltr'>σώματι.</span> <span class='ocrx_word' id='word_1_608' title='bbox 3060 4159 3450 4233; x_wconf 82' lang='grc' dir='ltr'>Ἀκριϐεστέρα</span> <span class='ocrx_word' id='word_1_609' title='bbox 3469 4156 3527 4209; x_wconf 84' lang='grc' dir='ltr'>δὲ</span> <span class='ocrx_word' id='word_1_610' title='bbox 3544 4150 3688 4212; x_wconf 80' lang='grc' dir='ltr'>οὖσα</span> 
     </span>
    </p>
   </div>
   <div class='ocr_carea' id='block_1_85' title="bbox 2108 4242 3689 4336">
    <p class='ocr_par' dir='ltr' id='par_1_85' title="bbox 2108 4242 3689 4336">
     <span class='ocr_line' id='line_1_85' title="bbox 2108 4242 3689 4336; baseline -0.019 -11"><span class='ocrx_word' id='word_1_611' title='bbox 2108 4272 2203 4325; x_wconf 74' lang='grc' dir='ltr'>καὶ</span> <span class='ocrx_word' id='word_1_612' title='bbox 2234 4264 2575 4336; x_wconf 88' lang='grc' dir='ltr'>συνετωτέρα</span> <span class='ocrx_word' id='word_1_613' title='bbox 2601 4262 2704 4333; x_wconf 77' lang='grc' dir='ltr'>τῆς</span> <span class='ocrx_word' id='word_1_614' title='bbox 2732 4256 2961 4329; x_wconf 83' lang='grc' dir='ltr'>Μάρθας</span> <span class='ocrx_word' id='word_1_615' title='bbox 2980 4295 2998 4320; x_wconf 89' lang='grc'><strong>,</strong></span> <span class='ocrx_word' id='word_1_616' title='bbox 3044 4254 3145 4307; x_wconf 74' lang='grc' dir='ltr'><strong>οὐκ</strong></span> <span class='ocrx_word' id='word_1_617' title='bbox 3171 4247 3347 4304; x_wconf 75' lang='grc' dir='ltr'>εἶπεν·</span> <span class='ocrx_word' id='word_1_618' title='bbox 3388 4267 3407 4299; x_wconf 79' lang='grc' dir='ltr'><strong>ι</strong></span> <span class='ocrx_word' id='word_1_619' title='bbox 3447 4247 3587 4299; x_wconf 88' lang='grc' dir='ltr'><strong>Ὅσα</strong></span> <span class='ocrx_word' id='word_1_620' title='bbox 3616 4242 3689 4296; x_wconf 81' lang='grc' dir='ltr'>ἂν</span> 
     </span>
    </p>
   </div>
   <div class='ocr_carea' id='block_1_86' title="bbox 2108 4336 3690 4433">
    <p class='ocr_par' dir='ltr' id='par_1_86' title="bbox 2108 4336 3690 4433">
     <span class='ocr_line' id='line_1_86' title="bbox 2108 4336 3690 4433; baseline -0.02 -16"><span class='ocrx_word' id='word_1_621' title='bbox 2108 4364 2309 4433; x_wconf 77' lang='grc' dir='ltr'>αἰτήσῃ</span> <span class='ocrx_word' id='word_1_622' title='bbox 2323 4359 2414 4411; x_wconf 84' lang='grc' dir='ltr'><strong>τὸν</strong></span> <span class='ocrx_word' id='word_1_623' title='bbox 2434 4354 2586 4418; x_wconf 82' lang='grc' dir='ltr'>Θεὸν,</span> <span class='ocrx_word' id='word_1_624' title='bbox 2617 4350 2777 4406; x_wconf 85' lang='grc' dir='ltr'>δώσει</span> <span class='ocrx_word' id='word_1_625' title='bbox 2805 4366 2887 4402; x_wconf 89' lang='grc' dir='ltr'><strong>σοι</strong></span> <span class='ocrx_word' id='word_1_626' title='bbox 2916 4349 2944 4401; x_wconf 87' lang='grc' dir='ltr'>ὁ</span> <span class='ocrx_word' id='word_1_627' title='bbox 2970 4346 3119 4408; x_wconf 78' lang='grc' dir='ltr'>Θεός.</span> <span class='ocrx_word' id='word_1_628' title='bbox 3151 4362 3169 4395; x_wconf 72' lang='grc' dir='ltr'><strong>ι</strong></span> <span class='ocrx_word' id='word_1_629' title='bbox 3200 4342 3291 4394; x_wconf 80' lang='grc' dir='ltr'>Διὸ</span> <span class='ocrx_word' id='word_1_630' title='bbox 3319 4339 3451 4411; x_wconf 83' lang='grc' dir='ltr'>πρὸς</span> <span class='ocrx_word' id='word_1_631' title='bbox 3478 4336 3690 4404; x_wconf 78' lang='grc' dir='ltr'>ταύτην</span> 
     </span>
    </p>
   </div>
   <div class='ocr_carea' id='block_1_87' title="bbox 2108 4427 3688 4515">
    <p class='ocr_par' dir='ltr' id='par_1_87' title="bbox 2108 4427 3688 4515">
     <span class='ocr_line' id='line_1_87' title="bbox 2108 4427 3688 4515; baseline -0.018 -8"><span class='ocrx_word' id='word_1_632' title='bbox 2108 4427 2260 4507; x_wconf 66' lang='grc' dir='ltr'>οὐδέν</span> <span class='ocrx_word' id='word_1_633' title='bbox 2279 4427 2454 4502; x_wconf 35' lang='grc' dir='ltr'>-.λαλεῖ</span> <span class='ocrx_word' id='word_1_634' title='bbox 2494 4446 2523 4497; x_wconf 85' lang='grc' dir='ltr'>ὁ</span> <span class='ocrx_word' id='word_1_635' title='bbox 2551 4443 2776 4515; x_wconf 82' lang='grc' dir='ltr'>Κύριος,</span> <span class='ocrx_word' id='word_1_636' title='bbox 2806 4438 2943 4511; x_wconf 82' lang='grc' dir='ltr'>πρὸς</span> <span class='ocrx_word' id='word_1_637' title='bbox 2976 4437 3032 4490; x_wconf 81' lang='grc' dir='ltr'>δὲ</span> <span class='ocrx_word' id='word_1_638' title='bbox 3073 4436 3172 4506; x_wconf 81' lang='grc' dir='ltr'><strong>τὴν</strong></span> <span class='ocrx_word' id='word_1_639' title='bbox 3192 4430 3423 4502; x_wconf 87' lang='grc' dir='ltr'>Μάρθαν</span> <span class='ocrx_word' id='word_1_640' title='bbox 3473 4427 3688 4499; x_wconf 83' lang='grc' dir='ltr'>μακρὸν</span> 
     </span>
    </p>
   </div>
   <div class='ocr_carea' id='block_1_88' title="bbox 428 4518 1991 4625">
    <p class='ocr_par' dir='ltr' id='par_1_88' title="bbox 428 4518 1991 4625">
     <span class='ocr_line' id='line_1_88' title="bbox 428 4518 1991 4625; baseline -0.011 -18"><span class='ocrx_word' id='word_1_641' title='bbox 428 4551 705 4625; x_wconf 81' lang='lat' dir='ltr'><strong>prolixum</strong></span> <span class='ocrx_word' id='word_1_642' title='bbox 757 4518 951 4602; x_wconf 78' lang='lat' dir='ltr'><strong>habuit</strong></span> <span class='ocrx_word' id='word_1_643' title='bbox 1000 4556 1335 4603; x_wconf 89' lang='lat' dir='ltr'><strong>sermonem.</strong></span> <span class='ocrx_word' id='word_1_644' title='bbox 1386 4538 1497 4594; x_wconf 87' lang='lat' dir='ltr'><strong>Sed</strong></span> <span class='ocrx_word' id='word_1_645' title='bbox 1546 4539 1691 4593; x_wconf 87' lang='lat' dir='ltr'><strong>enim</strong></span> <span class='ocrx_word' id='word_1_646' title='bbox 1744 4537 1991 4592; x_wconf 90' lang='lat' dir='ltr'><strong>obrutam</strong></span> 
     </span>
    </p>
   </div>
   <div class='ocr_carea' id='block_1_89' title="bbox 2108 4518 3688 4625">
    <p class='ocr_par' dir='ltr' id='par_1_89' title="bbox 2110 4518 3688 4625">
     <span class='ocr_line' id='line_1_89' title="bbox 2110 4518 3688 4625; baseline -0.019 -27"><span class='ocrx_word' id='word_1_647' title='bbox 2110 4544 2332 4597; x_wconf 83' lang='grc' dir='ltr'>διέτεινε</span> <span class='ocrx_word' id='word_1_648' title='bbox 2371 4539 2463 4592; x_wconf 82' lang='grc' dir='ltr'><strong>τὸν</strong></span> <span class='ocrx_word' id='word_1_649' title='bbox 2493 4537 2670 4605; x_wconf 83' lang='grc' dir='ltr'>λόγον.</span> <span class='ocrx_word' id='word_1_650' title='bbox 2728 4533 2807 4602; x_wconf 77' lang='grc' dir='ltr'><strong>Τῇ</strong></span> <span class='ocrx_word' id='word_1_651' title='bbox 2844 4529 2993 4601; x_wconf 79' lang='grc' dir='ltr'>λύπῃ</span> <span class='ocrx_word' id='word_1_652' title='bbox 3026 4526 3209 4598; x_wconf 85' lang='grc' dir='ltr'>μέντοι</span> <span class='ocrx_word' id='word_1_653' title='bbox 3256 4520 3558 4625; x_wconf 67' lang='grc' dir='ltr'>μεθύουσαν</span> <span class='ocrx_word' id='word_1_654' title='bbox 3585 4518 3688 4588; x_wconf 79' lang='grc' dir='ltr'>τὴν</span> 
     </span>
    </p>
   </div>
   <div class='ocr_carea' id='block_1_90' title="bbox 430 4630 2005 4702">
    <p class='ocr_par' dir='ltr' id='par_1_90' title="bbox 430 4630 2005 4702">
     <span class='ocr_line' id='line_1_90' title="bbox 430 4630 2005 4702; baseline -0.011 -3"><span class='ocrx_word' id='word_1_655' title='bbox 430 4644 620 4700; x_wconf 83' lang='lat' dir='ltr'><strong>dolore</strong></span> <span class='ocrx_word' id='word_1_656' title='bbox 668 4639 898 4695; x_wconf 83' lang='lat' dir='ltr'><strong>Mariam</strong></span> <span class='ocrx_word' id='word_1_657' title='bbox 959 4652 1071 4692; x_wconf 91' lang='lat' dir='ltr'><strong>non</strong></span> <span class='ocrx_word' id='word_1_658' title='bbox 1114 4633 1417 4702; x_wconf 80' lang='lat' dir='ltr'><strong>redarguit,</strong></span> <span class='ocrx_word' id='word_1_659' title='bbox 1456 4630 1504 4684; x_wconf 90' lang='lat' dir='ltr'><strong>ei</strong></span> <span class='ocrx_word' id='word_1_660' title='bbox 1543 4630 1635 4699; x_wconf 91' lang='lat' dir='ltr'><strong>qui</strong></span> <span class='ocrx_word' id='word_1_661' title='bbox 1691 4635 2005 4684; x_wconf 88' lang='lat' dir='ltr'><strong>creaturam</strong></span> 
     </span>
    </p>
   </div>
   <div class='ocr_carea' id='block_1_91' title="bbox 429 4721 2006 4802">
    <p class='ocr_par' dir='ltr' id='par_1_91' title="bbox 429 4721 2006 4802">
     <span class='ocr_line' id='line_1_91' title="bbox 429 4721 2006 4802; baseline -0.01 -11"><span class='ocrx_word' id='word_1_662' title='bbox 429 4749 647 4791; x_wconf 88' lang='lat' dir='ltr'><strong>omnem</strong></span> <span class='ocrx_word' id='word_1_663' title='bbox 680 4732 864 4802; x_wconf 88' lang='lat' dir='ltr'><strong>implet</strong></span> <span class='ocrx_word' id='word_1_664' title='bbox 897 4732 1002 4786; x_wconf 89' lang='lat' dir='ltr'><strong>hoc</strong></span> <span class='ocrx_word' id='word_1_665' title='bbox 1021 4729 1313 4790; x_wconf 74' lang='lat' dir='ltr'><strong>locutam,r</strong></span> <span class='ocrx_word' id='word_1_666' title='bbox 1344 4722 1396 4778; x_wconf 90' lang='lat' dir='ltr'><strong>Si</strong></span> <span class='ocrx_word' id='word_1_667' title='bbox 1422 4721 1624 4777; x_wconf 85' lang='lat' dir='ltr'><strong>fuisses</strong></span> <span class='ocrx_word' id='word_1_668' title='bbox 1644 4721 1756 4789; x_wconf 90' lang='lat' dir='ltr'><strong>hic,</strong></span> <span class='ocrx_word' id='word_1_669' title='bbox 1780 4740 1798 4773; x_wconf 75' lang='grc' dir='ltr'><strong>ι</strong></span> <span class='ocrx_word' id='word_1_670' title='bbox 1821 4737 2006 4777; x_wconf 81' lang='lat' dir='ltr'><strong>exem-</strong></span> 
     </span>
    </p>
   </div>
   <div class='ocr_carea' id='block_1_92' title="bbox 432 4816 2006 4901">
    <p class='ocr_par' dir='ltr' id='par_1_92' title="bbox 432 4816 2006 4901">
     <span class='ocr_line' id='line_1_92' title="bbox 432 4816 2006 4901; baseline -0.01 -17"><span class='ocrx_word' id='word_1_671' title='bbox 432 4830 582 4901; x_wconf 90' lang='lat' dir='ltr'><strong>plum</strong></span> <span class='ocrx_word' id='word_1_672' title='bbox 609 4824 769 4881; x_wconf 89' lang='lat' dir='ltr'><strong>nobis</strong></span> <span class='ocrx_word' id='word_1_673' title='bbox 799 4825 1049 4896; x_wconf 78' lang='lat' dir='ltr'><strong>praebens</strong></span> <span class='ocrx_word' id='word_1_674' title='bbox 1084 4836 1194 4876; x_wconf 91' lang='lat' dir='ltr'><strong>non</strong></span> <span class='ocrx_word' id='word_1_675' title='bbox 1221 4816 1590 4888; x_wconf 82' lang='lat' dir='ltr'><strong>redarguendi</strong></span> <span class='ocrx_word' id='word_1_676' title='bbox 1615 4831 1712 4872; x_wconf 86' lang='lat' dir='ltr'><strong>eos</strong></span> <span class='ocrx_word' id='word_1_677' title='bbox 1745 4816 1839 4886; x_wconf 89' lang='lat' dir='ltr'><strong>qui</strong></span> <span class='ocrx_word' id='word_1_678' title='bbox 1874 4823 2006 4871; x_wconf 89' lang='lat' dir='ltr'><strong>sunt</strong></span> 
     </span>
    </p>
   </div>
   <div class='ocr_carea' id='block_1_93' title="bbox 429 4907 2007 4983">
    <p class='ocr_par' dir='ltr' id='par_1_93' title="bbox 429 4907 2007 4983">
     <span class='ocr_line' id='line_1_93' title="bbox 429 4907 2007 4983; baseline -0.009 -6"><span class='ocrx_word' id='word_1_679' title='bbox 429 4922 488 4979; x_wconf 90' lang='lat' dir='ltr'><strong>in</strong></span> <span class='ocrx_word' id='word_1_680' title='bbox 534 4918 740 4975; x_wconf 86' lang='lat' dir='ltr'><strong>recenti</strong></span> <span class='ocrx_word' id='word_1_681' title='bbox 771 4913 1197 4983; x_wconf 87' lang='lat' dir='ltr'><strong>vehementique</strong></span> <span class='ocrx_word' id='word_1_682' title='bbox 1249 4911 1424 4965; x_wconf 88' lang='lat' dir='ltr'><strong>luctu.</strong></span> <span class='ocrx_word' id='word_1_683' title='bbox 1475 4907 1776 4978; x_wconf 85' lang='lat' dir='ltr'><strong>Propterea</strong></span> <span class='ocrx_word' id='word_1_684' title='bbox 1826 4922 2007 4978; x_wconf 88' lang='lat' dir='ltr'><strong>neque</strong></span> 
     </span>
    </p>
   </div>
   <div class='ocr_carea' id='block_1_94' title="bbox 432 4994 2007 5079">
    <p class='ocr_par' dir='ltr' id='par_1_94' title="bbox 432 4994 2007 5079">
     <span class='ocr_line' id='line_1_94' title="bbox 432 4994 2007 5079; baseline -0.011 -14"><span class='ocrx_word' id='word_1_685' title='bbox 432 4998 772 5079; x_wconf 85' lang='lat' dir='ltr'><strong>colloquitur</strong></span> <span class='ocrx_word' id='word_1_686' title='bbox 824 5019 948 5060; x_wconf 91' lang='lat' dir='ltr'><strong>cum</strong></span> <span class='ocrx_word' id='word_1_687' title='bbox 997 5017 1084 5068; x_wconf 90' lang='lat' dir='ltr'><strong>ea,</strong></span> <span class='ocrx_word' id='word_1_688' title='bbox 1117 5015 1299 5071; x_wconf 88' lang='lat' dir='ltr'><strong>neque</strong></span> <span class='ocrx_word' id='word_1_689' title='bbox 1353 4996 1493 5053; x_wconf 90' lang='lat' dir='ltr'><strong>dicit</strong></span> <span class='ocrx_word' id='word_1_690' title='bbox 1534 5011 1599 5051; x_wconf 88' lang='lat' dir='ltr'><strong>ea</strong></span> <span class='ocrx_word' id='word_1_691' title='bbox 1654 5010 1776 5066; x_wconf 88' lang='lat' dir='ltr'><strong>quae</strong></span> <span class='ocrx_word' id='word_1_692' title='bbox 1828 4994 2007 5051; x_wconf 85' lang='lat' dir='ltr'><strong>sorori</strong></span> 
     </span>
    </p>
   </div>
   <div class='ocr_carea' id='block_1_95' title="bbox 433 5087 2013 5174">
    <p class='ocr_par' dir='ltr' id='par_1_95' title="bbox 433 5087 2013 5174">
     <span class='ocr_line' id='line_1_95' title="bbox 433 5087 2013 5174; baseline -0.012 -16"><span class='ocrx_word' id='word_1_693' title='bbox 433 5096 555 5174; x_wconf 76' lang='lat' dir='ltr'><strong>eius</strong></span> <span class='ocrx_word' id='word_1_694' title='bbox 584 5099 743 5165; x_wconf 79' lang='lat' dir='ltr'><strong>dixit,</strong></span> <span class='ocrx_word' id='word_1_695' title='bbox 788 5096 1050 5169; x_wconf 88' lang='lat' dir='ltr'><strong>quoniam</strong></span> <span class='ocrx_word' id='word_1_696' title='bbox 1102 5094 1287 5148; x_wconf 89' lang='lat' dir='ltr'><strong>aderat</strong></span> <span class='ocrx_word' id='word_1_697' title='bbox 1328 5105 1527 5159; x_wconf 85' lang='lat' dir='ltr'><strong>magna</strong></span> <span class='ocrx_word' id='word_1_698' title='bbox 1556 5087 1872 5151; x_wconf 90' lang='lat' dir='ltr'><strong>multitudo,</strong></span> <span class='ocrx_word' id='word_1_699' title='bbox 1909 5101 2013 5141; x_wconf 86' lang='lat' dir='ltr'><strong>nec</strong></span> 
     </span>
    </p>
   </div>
   <div class='ocr_carea' id='block_1_96' title="bbox 437 5181 2012 5255">
    <p class='ocr_par' dir='ltr' id='par_1_96' title="bbox 437 5181 2012 5255">
     <span class='ocr_line' id='line_1_96' title="bbox 437 5181 2012 5255; baseline -0.01 -5"><span class='ocrx_word' id='word_1_700' title='bbox 437 5194 629 5250; x_wconf 91' lang='lat' dir='ltr'><strong>talium</strong></span> <span class='ocrx_word' id='word_1_701' title='bbox 676 5191 973 5247; x_wconf 87' lang='lat' dir='ltr'><strong>verborum</strong></span> <span class='ocrx_word' id='word_1_702' title='bbox 1028 5194 1247 5255; x_wconf 89' lang='lat' dir='ltr'><strong>tempus</strong></span> <span class='ocrx_word' id='word_1_703' title='bbox 1307 5191 1479 5238; x_wconf 89' lang='lat' dir='ltr'><strong>erat:</strong></span> <span class='ocrx_word' id='word_1_704' title='bbox 1532 5181 1838 5248; x_wconf 86' lang='lat' dir='ltr'><strong>acquiescit</strong></span> <span class='ocrx_word' id='word_1_705' title='bbox 1883 5194 2012 5234; x_wconf 90' lang='lat' dir='ltr'><strong>vero</strong></span> 
     </span>
    </p>
   </div>
   <div class='ocr_carea' id='block_1_97' title="bbox 437 5272 2009 5360">
    <p class='ocr_par' dir='ltr' id='par_1_97' title="bbox 437 5272 2009 5360">
     <span class='ocr_line' id='line_1_97' title="bbox 437 5272 2009 5360; baseline -0.01 -18"><span class='ocrx_word' id='word_1_706' title='bbox 437 5289 613 5360; x_wconf 86' lang='lat' dir='ltr'><strong>magis</strong></span> <span class='ocrx_word' id='word_1_707' title='bbox 641 5293 695 5343; x_wconf 89' lang='lat' dir='ltr'><strong>et</strong></span> <span class='ocrx_word' id='word_1_708' title='bbox 722 5283 1048 5346; x_wconf 88' lang='lat' dir='ltr'><strong>assentitur,</strong></span> <span class='ocrx_word' id='word_1_709' title='bbox 1077 5279 1377 5334; x_wconf 85' lang='lat' dir='ltr'><strong>humanam</strong></span> <span class='ocrx_word' id='word_1_710' title='bbox 1413 5281 1668 5329; x_wconf 88' lang='lat' dir='ltr'><strong>naturam</strong></span> <span class='ocrx_word' id='word_1_711' title='bbox 1696 5272 2009 5337; x_wconf 89' lang='lat' dir='ltr'><strong>declarans,</strong></span> 
     </span>
    </p>
   </div>
   <div class='ocr_carea' id='block_1_98' title="bbox 438 5365 2012 5450">
    <p class='ocr_par' dir='ltr' id='par_1_98' title="bbox 438 5365 2012 5450">
     <span class='ocr_line' id='line_1_98' title="bbox 438 5365 2012 5450; baseline -0.01 -15"><span class='ocrx_word' id='word_1_712' title='bbox 438 5390 494 5435; x_wconf 87' lang='lat' dir='ltr'><strong>et</strong></span> <span class='ocrx_word' id='word_1_713' title='bbox 542 5381 881 5450; x_wconf 85' lang='lat' dir='ltr'><strong>lacrymatur</strong></span> <span class='ocrx_word' id='word_1_714' title='bbox 925 5379 981 5430; x_wconf 90' lang='lat' dir='ltr'><strong>ct</strong></span> <span class='ocrx_word' id='word_1_715' title='bbox 1016 5368 1377 5429; x_wconf 85' lang='lat' dir='ltr'><strong>confunditur</strong></span> <span class='ocrx_word' id='word_1_716' title='bbox 1405 5366 1600 5421; x_wconf 88' lang='lat' dir='ltr'><strong>videns</strong></span> <span class='ocrx_word' id='word_1_717' title='bbox 1647 5380 1768 5422; x_wconf 88' lang='lat' dir='ltr'><strong>eam</strong></span> <span class='ocrx_word' id='word_1_718' title='bbox 1820 5365 2012 5436; x_wconf 86' lang='lat' dir='ltr'><strong>lugen-</strong></span> 
     </span>
    </p>
   </div>
   <div class='ocr_carea' id='block_1_99' title="bbox 436 5460 1917 5538">
    <p class='ocr_par' dir='ltr' id='par_1_99' title="bbox 436 5460 1917 5538">
     <span class='ocr_line' id='line_1_99' title="bbox 436 5460 1917 5538; baseline -0.01 -11"><span class='ocrx_word' id='word_1_719' title='bbox 436 5480 573 5533; x_wconf 87' lang='lat' dir='ltr'><strong>tem.</strong></span> <span class='ocrx_word' id='word_1_720' title='bbox 607 5480 664 5528; x_wconf 89' lang='lat' dir='ltr'><strong>et</strong></span> <span class='ocrx_word' id='word_1_721' title='bbox 697 5469 923 5526; x_wconf 70' lang='lat' dir='ltr'><strong>Iudaeos</strong></span> <span class='ocrx_word' id='word_1_722' title='bbox 949 5465 1044 5538; x_wconf 93' lang='lat' dir='ltr'><strong>qui</strong></span> <span class='ocrx_word' id='word_1_723' title='bbox 1075 5468 1453 5521; x_wconf 83' lang='lat' dir='ltr'><strong>convenerant</strong></span> <span class='ocrx_word' id='word_1_724' title='bbox 1487 5460 1917 5529; x_wconf 84' lang='lat' dir='ltr'><strong>illacrymantes.</strong></span> 
     </span>
    </p>
   </div>
   <div class='ocr_carea' id='block_1_100' title="bbox 512 5549 2003 5632">
    <p class='ocr_par' dir='ltr' id='par_1_100' title="bbox 512 5549 2003 5632">
     <span class='ocr_line' id='line_1_100' title="bbox 512 5549 2003 5632; baseline -0.01 -14"><span class='ocrx_word' id='word_1_725' title='bbox 512 5563 605 5630; x_wconf 80' lang='lat' dir='ltr'><strong>XI,</strong></span> <span class='ocrx_word' id='word_1_726' title='bbox 640 5564 730 5619; x_wconf 77' lang='lat'><strong>&#39;53.</strong></span> <span class='ocrx_word' id='word_1_727' title='bbox 772 5559 1057 5632; x_wconf 79' lang='lat' dir='ltr'><strong>Infremuit</strong></span> <span class='ocrx_word' id='word_1_728' title='bbox 1106 5556 1309 5627; x_wconf 77' lang='lat' dir='ltr'><strong>Spiritu</strong></span> <span class='ocrx_word' id='word_1_729' title='bbox 1360 5561 1412 5608; x_wconf 85' lang='lat' dir='ltr'><strong>et</strong></span> <span class='ocrx_word' id='word_1_730' title='bbox 1484 5551 1709 5605; x_wconf 81' lang='lat' dir='ltr'><strong>turbavit</strong></span> <span class='ocrx_word' id='word_1_731' title='bbox 1755 5549 2003 5618; x_wconf 79' lang='lat' dir='ltr'><strong>seipsum.</strong></span> 
     </span>
    </p>
   </div>
   <div class='ocr_carea' id='block_1_101' title="bbox 510 5644 2006 5723">
    <p class='ocr_par' dir='ltr' id='par_1_101' title="bbox 510 5644 2006 5723">
     <span class='ocr_line' id='line_1_101' title="bbox 510 5644 2006 5723; baseline -0.011 -11"><span class='ocrx_word' id='word_1_732' title='bbox 510 5656 780 5723; x_wconf 83' lang='lat' dir='ltr'><strong>Quoniam</strong></span> <span class='ocrx_word' id='word_1_733' title='bbox 816 5669 930 5709; x_wconf 91' lang='lat' dir='ltr'><strong>non</strong></span> <span class='ocrx_word' id='word_1_734' title='bbox 961 5651 1140 5709; x_wconf 88' lang='lat' dir='ltr'><strong>solum</strong></span> <span class='ocrx_word' id='word_1_735' title='bbox 1185 5648 1331 5707; x_wconf 89' lang='lat' dir='ltr'><strong>Deus</strong></span> <span class='ocrx_word' id='word_1_736' title='bbox 1377 5644 1681 5703; x_wconf 89' lang='lat' dir='ltr'><strong>secundum</strong></span> <span class='ocrx_word' id='word_1_737' title='bbox 1732 5654 2006 5708; x_wconf 89' lang='lat' dir='ltr'><strong>naturam,</strong></span> 
     </span>
    </p>
   </div>
   <div class='ocr_carea' id='block_1_102' title="bbox 444 5735 2005 5809">
    <p class='ocr_par' dir='ltr' id='par_1_102' title="bbox 444 5735 2005 5809">
     <span class='ocr_line' id='line_1_102' title="bbox 444 5735 2005 5809; baseline -0.012 -4"><span class='ocrx_word' id='word_1_738' title='bbox 444 5747 538 5805; x_wconf 86' lang='lat' dir='ltr'><strong>sed</strong></span> <span class='ocrx_word' id='word_1_739' title='bbox 571 5754 625 5801; x_wconf 85' lang='lat' dir='ltr'><strong>et</strong></span> <span class='ocrx_word' id='word_1_740' title='bbox 646 5744 811 5800; x_wconf 90' lang='lat' dir='ltr'><strong>homo</strong></span> <span class='ocrx_word' id='word_1_741' title='bbox 834 5753 953 5800; x_wconf 89' lang='lat' dir='ltr'><strong>erat</strong></span> <span class='ocrx_word' id='word_1_742' title='bbox 975 5742 1257 5806; x_wconf 80' lang='lat' dir='ltr'><strong>Christus,</strong></span> <span class='ocrx_word' id='word_1_743' title='bbox 1291 5756 1439 5796; x_wconf 87' lang='lat' dir='ltr'><strong>nunc</strong></span> <span class='ocrx_word' id='word_1_744' title='bbox 1466 5735 1671 5809; x_wconf 86' lang='lat' dir='ltr'><strong>aliquid</strong></span> <span class='ocrx_word' id='word_1_745' title='bbox 1700 5736 2005 5790; x_wconf 85' lang='lat' dir='ltr'><strong>humanum</strong></span> 
     </span>
    </p>
   </div>
   <div class='ocr_carea' id='block_1_103' title="bbox 446 5828 2005 5908">
    <p class='ocr_par' dir='ltr' id='par_1_103' title="bbox 446 5828 2005 5908">
     <span class='ocr_line' id='line_1_103' title="bbox 446 5828 2005 5908; baseline -0.005 -18"><span class='ocrx_word' id='word_1_746' title='bbox 446 5835 671 5908; x_wconf 85' lang='lat' dir='ltr'><strong>patitur.</strong></span> <span class='ocrx_word' id='word_1_747' title='bbox 702 5832 841 5889; x_wconf 86' lang='lat' dir='ltr'><strong>Cum</strong></span> <span class='ocrx_word' id='word_1_748' title='bbox 886 5834 1033 5889; x_wconf 87' lang='lat' dir='ltr'><strong>enim</strong></span> <span class='ocrx_word' id='word_1_749' title='bbox 1061 5833 1217 5889; x_wconf 89' lang='lat' dir='ltr'><strong>dolor</strong></span> <span class='ocrx_word' id='word_1_750' title='bbox 1246 5832 1303 5887; x_wconf 87' lang='lat' dir='ltr'><strong>in</strong></span> <span class='ocrx_word' id='word_1_751' title='bbox 1346 5845 1412 5887; x_wconf 87' lang='lat' dir='ltr'><strong>eo</strong></span> <span class='ocrx_word' id='word_1_752' title='bbox 1445 5829 1674 5887; x_wconf 82' lang='lat' dir='ltr'><strong>excitari</strong></span> <span class='ocrx_word' id='word_1_753' title='bbox 1717 5828 2005 5899; x_wconf 85' lang='lat' dir='ltr'><strong>inciperet,</strong></span> 
     </span>
    </p>
   </div>
   <div class='ocr_carea' id='block_1_104' title="bbox 2108 4606 3688 4706">
    <p class='ocr_par' dir='ltr' id='par_1_104' title="bbox 2108 4606 3688 4706">
     <span class='ocr_line' id='line_1_104' title="bbox 2108 4606 3688 4706; baseline -0.017 -16"><span class='ocrx_word' id='word_1_754' title='bbox 2108 4635 2329 4706; x_wconf 89' lang='grc' dir='ltr'>Μαρίαν</span> <span class='ocrx_word' id='word_1_755' title='bbox 2356 4630 2456 4685; x_wconf 83' lang='grc' dir='ltr'><strong>οὐκ</strong></span> <span class='ocrx_word' id='word_1_756' title='bbox 2486 4627 2725 4698; x_wconf 80' lang='grc' dir='ltr'>ἐλέγχει,</span> <span class='ocrx_word' id='word_1_757' title='bbox 2752 4623 3013 4676; x_wconf 84' lang='grc' dir='ltr'>εἰποῦσαν</span> <span class='ocrx_word' id='word_1_758' title='bbox 3036 4618 3126 4682; x_wconf 84' lang='grc' dir='ltr'><strong>τὸ,</strong></span> <span class='ocrx_word' id='word_1_759' title='bbox 3164 4636 3182 4669; x_wconf 83' lang='grc' dir='ltr'><strong>ι</strong></span> <span class='ocrx_word' id='word_1_760' title='bbox 3206 4616 3268 4669; x_wconf 83' lang='grc' dir='ltr'>Εἰ</span> <span class='ocrx_word' id='word_1_761' title='bbox 3294 4611 3359 4686; x_wconf 78' lang='grc' dir='ltr'>ἧς</span> <span class='ocrx_word' id='word_1_762' title='bbox 3388 4606 3491 4666; x_wconf 83' lang='grc' dir='ltr'>ὧδε</span> <span class='ocrx_word' id='word_1_763' title='bbox 3511 4649 3527 4673; x_wconf 93' lang='grc'><strong>,</strong></span> <span class='ocrx_word' id='word_1_764' title='bbox 3559 4630 3578 4662; x_wconf 84' lang='grc'>›</span> <span class='ocrx_word' id='word_1_765' title='bbox 3607 4609 3688 4680; x_wconf 82' lang='grc' dir='ltr'>τῷ</span> 
     </span>
    </p>
   </div>
   <div class='ocr_carea' id='block_1_105' title="bbox 2110 4706 3689 4799">
    <p class='ocr_par' dir='ltr' id='par_1_105' title="bbox 2110 4706 3689 4799">
     <span class='ocr_line' id='line_1_105' title="bbox 2110 4706 3689 4799; baseline -0.018 -18"><span class='ocrx_word' id='word_1_766' title='bbox 2110 4724 2407 4799; x_wconf 88' lang='grc' dir='ltr'>πληροῦντι</span> <span class='ocrx_word' id='word_1_767' title='bbox 2434 4720 2533 4792; x_wconf 80' lang='grc' dir='ltr'>τὴν</span> <span class='ocrx_word' id='word_1_768' title='bbox 2556 4720 2774 4774; x_wconf 76' lang='grc' dir='ltr'>ἃπασαν</span> <span class='ocrx_word' id='word_1_769' title='bbox 2803 4715 2978 4768; x_wconf 81' lang='grc' dir='ltr'>κτίσιν</span> <span class='ocrx_word' id='word_1_770' title='bbox 2996 4729 3011 4744; x_wconf 76' lang='grc' dir='ltr'><strong>ο</strong></span> <span class='ocrx_word' id='word_1_771' title='bbox 3052 4710 3189 4783; x_wconf 80' lang='grc' dir='ltr'>πρὸς</span> <span class='ocrx_word' id='word_1_772' title='bbox 3222 4708 3369 4777; x_wconf 82' lang='grc' dir='ltr'>ἡμᾶς</span> <span class='ocrx_word' id='word_1_773' title='bbox 3395 4706 3689 4773; x_wconf 85' lang='grc' dir='ltr'>ὑπογραμ-</span> 
     </span>
    </p>
   </div>
   <div class='ocr_carea' id='block_1_106' title="bbox 2114 4794 3690 4891">
    <p class='ocr_par' dir='ltr' id='par_1_106' title="bbox 2114 4794 3690 4891">
     <span class='ocr_line' id='line_1_106' title="bbox 2114 4794 3690 4891; baseline -0.02 -16"><span class='ocrx_word' id='word_1_774' title='bbox 2114 4794 2336 4891; x_wconf 25' lang='grc' dir='ltr'>μδντκαὶ</span> <span class='ocrx_word' id='word_1_775' title='bbox 2358 4814 2518 4870; x_wconf 89' lang='grc' dir='ltr'>τοῦτο</span> <span class='ocrx_word' id='word_1_776' title='bbox 2550 4810 2739 4870; x_wconf 84' lang='grc' dir='ltr'>ποιῶν,</span> <span class='ocrx_word' id='word_1_777' title='bbox 2772 4807 2858 4859; x_wconf 84' lang='grc' dir='ltr'><strong>ἵνα</strong></span> <span class='ocrx_word' id='word_1_778' title='bbox 2891 4805 2966 4875; x_wconf 83' lang='grc' dir='ltr'>μὴ</span> <span class='ocrx_word' id='word_1_779' title='bbox 2992 4803 3118 4865; x_wconf 75' lang='grc' dir='ltr'>τοὺς</span> <span class='ocrx_word' id='word_1_780' title='bbox 3148 4803 3207 4853; x_wconf 86' lang='grc' dir='ltr'>ὲν</span> <span class='ocrx_word' id='word_1_781' title='bbox 3239 4800 3390 4868; x_wconf 84' lang='grc' dir='ltr'>ἀκμῇ</span> <span class='ocrx_word' id='word_1_782' title='bbox 3421 4795 3529 4848; x_wconf 79' lang='grc' dir='ltr'><strong>τῶν</strong></span> <span class='ocrx_word' id='word_1_783' title='bbox 3555 4794 3690 4865; x_wconf 80' lang='grc' dir='ltr'>θρή-</span> 
     </span>
    </p>
   </div>
   <div class='ocr_carea' id='block_1_107' title="bbox 2111 4887 3689 4974">
    <p class='ocr_par' dir='ltr' id='par_1_107' title="bbox 2111 4887 3689 4974">
     <span class='ocr_line' id='line_1_107' title="bbox 2111 4887 3689 4974; baseline -0.018 -9"><span class='ocrx_word' id='word_1_784' title='bbox 2111 4887 2218 4965; x_wconf 77' lang='grc' dir='ltr'><strong>νων</strong></span> <span class='ocrx_word' id='word_1_785' title='bbox 2277 4907 2437 4969; x_wconf 77' lang='grc' dir='ltr'>ὄντας</span> <span class='ocrx_word' id='word_1_786' title='bbox 2491 4902 2824 4974; x_wconf 75' lang='grc' dir='ltr'>ἐλέγχωμεν.</span> <span class='ocrx_word' id='word_1_787' title='bbox 2872 4897 2973 4949; x_wconf 80' lang='grc' dir='ltr'><strong>Διὰ</strong></span> <span class='ocrx_word' id='word_1_788' title='bbox 3015 4894 3172 4947; x_wconf 84' lang='grc' dir='ltr'>τοῦτο</span> <span class='ocrx_word' id='word_1_789' title='bbox 3212 4890 3332 4944; x_wconf 80' lang='grc' dir='ltr'>οὐδὲ</span> <span class='ocrx_word' id='word_1_790' title='bbox 3378 4887 3689 4955; x_wconf 75' lang='grc' dir='ltr'>διαλέγεται</span> 
     </span>
    </p>
   </div>
   <div class='ocr_carea' id='block_1_108' title="bbox 2109 4975 3690 5070">
    <p class='ocr_par' dir='ltr' id='par_1_108' title="bbox 2109 4975 3690 5070">
     <span class='ocr_line' id='line_1_108' title="bbox 2109 4975 3690 5070; baseline -0.017 -16"><span class='ocrx_word' id='word_1_791' title='bbox 2109 5001 2279 5070; x_wconf 82' lang='grc' dir='ltr'>αὐτῇ,</span> <span class='ocrx_word' id='word_1_792' title='bbox 2308 4996 2429 5050; x_wconf 83' lang='grc' dir='ltr'>οὐδὲ</span> <span class='ocrx_word' id='word_1_793' title='bbox 2472 4993 2622 5060; x_wconf 84' lang='grc' dir='ltr'>λέγει</span> <span class='ocrx_word' id='word_1_794' title='bbox 2660 4990 2729 5044; x_wconf 87' lang='grc' dir='ltr'>τὰ</span> <span class='ocrx_word' id='word_1_795' title='bbox 2755 4987 2924 5051; x_wconf 82' lang='grc' dir='ltr'>αὐτὰ,</span> <span class='ocrx_word' id='word_1_796' title='bbox 2968 4985 3004 5039; x_wconf 77' lang='grc' dir='ltr'><strong>ὃ.</strong></span> <span class='ocrx_word' id='word_1_797' title='bbox 3034 4986 3127 5039; x_wconf 73' lang='grc' dir='ltr'>καὶ</span> <span class='ocrx_word' id='word_1_798' title='bbox 3160 4982 3294 5053; x_wconf 85' lang='grc' dir='ltr'>πρὸς</span> <span class='ocrx_word' id='word_1_799' title='bbox 3324 4979 3421 5051; x_wconf 86' lang='grc' dir='ltr'><strong>τὴν</strong></span> <span class='ocrx_word' id='word_1_800' title='bbox 3453 4975 3690 5047; x_wconf 81' lang='grc' dir='ltr'>ἀδελφὴν</span> 
     </span>
    </p>
   </div>
   <div class='ocr_carea' id='block_1_109' title="bbox 2112 5070 3690 5161">
    <p class='ocr_par' dir='ltr' id='par_1_109' title="bbox 2112 5070 3690 5161">
     <span class='ocr_line' id='line_1_109' title="bbox 2112 5070 3690 5161; baseline -0.014 -16"><span class='ocrx_word' id='word_1_801' title='bbox 2112 5089 2285 5161; x_wconf 81' lang='grc' dir='ltr'>αὐτῆς</span> <span class='ocrx_word' id='word_1_802' title='bbox 2313 5085 2431 5141; x_wconf 80' lang='grc' dir='ltr'>εἷπε</span> <span class='ocrx_word' id='word_1_803' title='bbox 2452 5125 2467 5150; x_wconf 91' lang='grc'><strong>,</strong></span> <span class='ocrx_word' id='word_1_804' title='bbox 2496 5083 2583 5138; x_wconf 73' lang='grc' dir='ltr'>διὰ</span> <span class='ocrx_word' id='word_1_805' title='bbox 2610 5082 2672 5136; x_wconf 84' lang='grc' dir='ltr'><strong>τὸ</strong></span> <span class='ocrx_word' id='word_1_806' title='bbox 2703 5082 2954 5152; x_wconf 84' lang='grc' dir='ltr'>παρεῖναι</span> <span class='ocrx_word' id='word_1_807' title='bbox 3001 5078 3167 5131; x_wconf 80' lang='grc' dir='ltr'>πολὺν</span> <span class='ocrx_word' id='word_1_808' title='bbox 3222 5075 3377 5145; x_wconf 80' lang='grc' dir='ltr'>ὄχλον</span> <span class='ocrx_word' id='word_1_809' title='bbox 3395 5115 3410 5137; x_wconf 85' lang='grc'><strong>,</strong></span> <span class='ocrx_word' id='word_1_810' title='bbox 3463 5072 3558 5126; x_wconf 77' lang='grc' dir='ltr'>καὶ</span> <span class='ocrx_word' id='word_1_811' title='bbox 3613 5070 3690 5140; x_wconf 82' lang='grc' dir='ltr'>μὴ</span> 
     </span>
    </p>
   </div>
   <div class='ocr_carea' id='block_1_110' title="bbox 2115 5164 3692 5250">
    <p class='ocr_par' dir='ltr' id='par_1_110' title="bbox 2115 5164 3692 5250">
     <span class='ocr_line' id='line_1_110' title="bbox 2115 5164 3692 5250; baseline -0.013 -14"><span class='ocrx_word' id='word_1_812' title='bbox 2115 5180 2256 5237; x_wconf 81' lang='grc' dir='ltr'>εἰναι</span> <span class='ocrx_word' id='word_1_813' title='bbox 2282 5179 2476 5250; x_wconf 81' lang='grc' dir='ltr'>καιρὸν</span> <span class='ocrx_word' id='word_1_814' title='bbox 2510 5174 2619 5230; x_wconf 83' lang='grc' dir='ltr'><strong>τῶν</strong></span> <span class='ocrx_word' id='word_1_815' title='bbox 2654 5173 2929 5229; x_wconf 84' lang='grc' dir='ltr'>τοιούτων,</span> <span class='ocrx_word' id='word_1_816' title='bbox 2955 5170 3237 5243; x_wconf 73' lang='grc' dir='ltr'>ρημάτωψ</span> <span class='ocrx_word' id='word_1_817' title='bbox 3264 5164 3692 5235; x_wconf 80' lang='grc' dir='ltr'>συγκαταϐαίνει</span> 
     </span>
    </p>
   </div>
   <div class='ocr_carea' id='block_1_111' title="bbox 2115 5257 3692 5346">
    <p class='ocr_par' dir='ltr' id='par_1_111' title="bbox 2115 5257 3692 5346">
     <span class='ocr_line' id='line_1_111' title="bbox 2115 5257 3692 5346; baseline -0.014 -16"><span class='ocrx_word' id='word_1_818' title='bbox 2115 5277 2172 5330; x_wconf 82' lang='grc' dir='ltr'>δὲ</span> <span class='ocrx_word' id='word_1_819' title='bbox 2206 5272 2438 5346; x_wconf 87' lang='grc' dir='ltr'>μᾶλλον,</span> <span class='ocrx_word' id='word_1_820' title='bbox 2470 5271 2570 5341; x_wconf 86' lang='grc' dir='ltr'>τὴν</span> <span class='ocrx_word' id='word_1_821' title='bbox 2613 5267 2959 5339; x_wconf 85' lang='grc' dir='ltr'>ἀνθρωπίνην</span> <span class='ocrx_word' id='word_1_822' title='bbox 3007 5263 3166 5332; x_wconf 87' lang='grc' dir='ltr'>φύσιν</span> <span class='ocrx_word' id='word_1_823' title='bbox 3203 5258 3560 5330; x_wconf 86' lang='grc' dir='ltr'>ἀπογυμνῶν,</span> <span class='ocrx_word' id='word_1_824' title='bbox 3594 5257 3692 5310; x_wconf 87' lang='grc' dir='ltr'>δα·-</span> 
     </span>
    </p>
   </div>
   <div class='ocr_carea' id='block_1_112' title="bbox 2116 5350 3691 5438">
    <p class='ocr_par' dir='ltr' id='par_1_112' title="bbox 2116 5350 3691 5438">
     <span class='ocr_line' id='line_1_112' title="bbox 2116 5350 3691 5438; baseline -0.013 -17"><span class='ocrx_word' id='word_1_825' title='bbox 2116 5367 2273 5438; x_wconf 86' lang='grc' dir='ltr'>κρύει</span> <span class='ocrx_word' id='word_1_826' title='bbox 2289 5366 2346 5419; x_wconf 81' lang='grc' dir='ltr'>δὲ</span> <span class='ocrx_word' id='word_1_827' title='bbox 2365 5364 2459 5418; x_wconf 66' lang='grc' dir='ltr'>καὶ</span> <span class='ocrx_word' id='word_1_828' title='bbox 2480 5364 2781 5432; x_wconf 85' lang='grc' dir='ltr'>συγχεῖται,</span> <span class='ocrx_word' id='word_1_829' title='bbox 2804 5359 2923 5413; x_wconf 86' lang='grc' dir='ltr'>ἰδὼν</span> <span class='ocrx_word' id='word_1_830' title='bbox 2944 5356 3112 5426; x_wconf 85' lang='grc' dir='ltr'>αὐτὴν</span> <span class='ocrx_word' id='word_1_831' title='bbox 3135 5354 3425 5408; x_wconf 85' lang='grc' dir='ltr'>κλαίουσαν</span> <span class='ocrx_word' id='word_1_832' title='bbox 3446 5351 3543 5405; x_wconf 73' lang='grc' dir='ltr'>καὶ</span> <span class='ocrx_word' id='word_1_833' title='bbox 3565 5350 3691 5411; x_wconf 78' lang='grc' dir='ltr'>τοὺς</span> 
     </span>
    </p>
   </div>
   <div class='ocr_carea' id='block_1_113' title="bbox 2118 5449 3299 5525">
    <p class='ocr_par' dir='ltr' id='par_1_113' title="bbox 2118 5449 3299 5525">
     <span class='ocr_line' id='line_1_113' title="bbox 2118 5449 3299 5525; baseline -0.009 -13"><span class='ocrx_word' id='word_1_834' title='bbox 2118 5458 2469 5519; x_wconf 87' lang='grc' dir='ltr'>συνελθόντας</span> <span class='ocrx_word' id='word_1_835' title='bbox 2495 5456 2632 5525; x_wconf 81' lang='grc' dir='ltr'>αὐτῇ</span> <span class='ocrx_word' id='word_1_836' title='bbox 2679 5453 2965 5515; x_wconf 82' lang='grc' dir='ltr'>Ἰουδαίους</span> <span class='ocrx_word' id='word_1_837' title='bbox 2993 5449 3299 5511; x_wconf 82' lang='grc' dir='ltr'>κλαίοντας.</span> 
     </span>
    </p>
   </div>
   <div class='ocr_carea' id='block_1_114' title="bbox 2198 5535 3692 5618">
    <p class='ocr_par' dir='ltr' id='par_1_114' title="bbox 2198 5535 3692 5618">
     <span class='ocr_line' id='line_1_114' title="bbox 2198 5535 3692 5618; baseline -0.011 -13"><span class='ocrx_word' id='word_1_838' title='bbox 2198 5546 2656 5618; x_wconf 81' lang='grc' dir='ltr'>Ἐνεϐριμήσατο</span> <span class='ocrx_word' id='word_1_839' title='bbox 2715 5543 2794 5609; x_wconf 85' lang='grc' dir='ltr'>τῷ</span> <span class='ocrx_word' id='word_1_840' title='bbox 2861 5543 3158 5611; x_wconf 82' lang='grc' dir='ltr'>Πνεύματι</span> <span class='ocrx_word' id='word_1_841' title='bbox 3234 5538 3333 5594; x_wconf 77' lang='grc' dir='ltr'><strong>καί</strong></span> <span class='ocrx_word' id='word_1_842' title='bbox 3397 5535 3692 5605; x_wconf 77' lang='grc' dir='ltr'>ἐτάραξεν</span> 
     </span>
    </p>
   </div>
   <div class='ocr_carea' id='block_1_115' title="bbox 2102 5642 2352 5709">
    <p class='ocr_par' dir='ltr' id='par_1_115' title="bbox 2102 5642 2352 5709">
     <span class='ocr_line' id='line_1_115' title="bbox 2102 5642 2352 5709; baseline -0.008 -12"><span class='ocrx_word' id='word_1_843' title='bbox 2102 5642 2352 5709; x_wconf 70' lang='grc' dir='ltr'>ἑαυτόν.</span> 
     </span>
    </p>
   </div>
   <div class='ocr_carea' id='block_1_116' title="bbox 2200 5716 3689 5801">
    <p class='ocr_par' dir='ltr' id='par_1_116' title="bbox 2200 5716 3689 5801">
     <span class='ocr_line' id='line_1_116' title="bbox 2200 5716 3689 5801; baseline -0.011 -14"><span class='ocrx_word' id='word_1_844' title='bbox 2200 5732 2417 5801; x_wconf 80' lang='grc' dir='ltr'>Ἐπειδὴ</span> <span class='ocrx_word' id='word_1_845' title='bbox 2473 5731 2529 5784; x_wconf 78' lang='grc' dir='ltr'>δὲ</span> <span class='ocrx_word' id='word_1_846' title='bbox 2579 5730 2640 5784; x_wconf 79' lang='grc' dir='ltr'><strong>ού</strong></span> <span class='ocrx_word' id='word_1_847' title='bbox 2685 5730 2841 5801; x_wconf 84' lang='grc' dir='ltr'>μόνον</span> <span class='ocrx_word' id='word_1_848' title='bbox 2893 5725 3025 5788; x_wconf 83' lang='grc' dir='ltr'>θεὸς</span> <span class='ocrx_word' id='word_1_849' title='bbox 3063 5722 3203 5777; x_wconf 87' lang='grc' dir='ltr'><strong>κατά</strong></span> <span class='ocrx_word' id='word_1_850' title='bbox 3228 5718 3566 5790; x_wconf 82' lang='grc' dir='ltr'>φύο·ιν,ἀλλά</span> <span class='ocrx_word' id='word_1_851' title='bbox 3594 5716 3689 5770; x_wconf 69' lang='grc' dir='ltr'><strong>καὶ</strong></span> 
     </span>
    </p>
   </div>
   <div class='ocr_carea' id='block_1_117' title="bbox 2115 5808 3692 5896">
    <p class='ocr_par' dir='ltr' id='par_1_117' title="bbox 2115 5808 3692 5896">
     <span class='ocr_line' id='line_1_117' title="bbox 2115 5808 3692 5896; baseline -0.013 -14"><span class='ocrx_word' id='word_1_852' title='bbox 2115 5824 2398 5896; x_wconf 74' lang='grc' dir='ltr'>ἄνθρωπος</span> <span class='ocrx_word' id='word_1_853' title='bbox 2426 5821 2493 5896; x_wconf 77' lang='grc' dir='ltr'>ἦν</span> <span class='ocrx_word' id='word_1_854' title='bbox 2522 5826 2552 5878; x_wconf 86' lang='grc' dir='ltr'>ὁ</span> <span class='ocrx_word' id='word_1_855' title='bbox 2581 5822 2814 5895; x_wconf 79' lang='grc' dir='ltr'>Χριστὸς</span> <span class='ocrx_word' id='word_1_856' title='bbox 2834 5864 2847 5891; x_wconf 86' lang='grc'><strong>,</strong></span> <span class='ocrx_word' id='word_1_857' title='bbox 2894 5818 3091 5889; x_wconf 79' lang='grc' dir='ltr'>πάσχει</span> <span class='ocrx_word' id='word_1_858' title='bbox 3123 5816 3216 5871; x_wconf 77' lang='grc' dir='ltr'><strong>καὶ</strong></span> <span class='ocrx_word' id='word_1_859' title='bbox 3248 5814 3343 5869; x_wconf 87' lang='grc' dir='ltr'><strong>νῦν</strong></span> <span class='ocrx_word' id='word_1_860' title='bbox 3371 5813 3432 5866; x_wconf 82' lang='grc' dir='ltr'><strong>τὸ</strong></span> <span class='ocrx_word' id='word_1_861' title='bbox 3474 5808 3692 5880; x_wconf 75' lang='grc' dir='ltr'>ἀνθρὼ-</span> 
     </span>
    </p>
   </div>
  </div>
