  <div class='ocr_page' id='page_1' title='image "/cluster/home/n/w/nwhite01/storage/ocr_20150623/74/nnc1.0046980180/034.png"; bbox 0 0 3882 6206; ppageno 0'>
   <div class='ocr_carea' id='block_1_1' title="bbox 305 354 3559 424">
    <p class='ocr_par' dir='ltr' id='par_1_1' title="bbox 305 354 3559 424">
     <span class='ocr_line' id='line_1_1' title="bbox 305 354 3559 424; baseline -0.004 0"><span class='ocrx_word' id='word_1_1' title='bbox 305 368 377 424; x_wconf 70' lang='lat'><strong>53</strong></span> <span class='ocrx_word' id='word_1_2' title='bbox 1164 365 1227 419; x_wconf 84' lang='lat' dir='ltr'><strong>IN</strong></span> <span class='ocrx_word' id='word_1_3' title='bbox 1260 362 1600 421; x_wconf 80' lang='lat' dir='ltr'><strong>JOANNEM.</strong></span> <span class='ocrx_word' id='word_1_4' title='bbox 1633 394 1701 406; x_wconf 89' lang='lat'>—</span> <span class='ocrx_word' id='word_1_5' title='bbox 1734 362 1861 417; x_wconf 89' lang='lat' dir='ltr'><strong>LIB.</strong></span> <span class='ocrx_word' id='word_1_6' title='bbox 1906 359 1998 414; x_wconf 77' lang='lat' dir='ltr'><strong>VII</strong></span> <span class='ocrx_word' id='word_1_7' title='bbox 2039 358 2125 411; x_wconf 85' lang='lat' dir='ltr'>ET</span> <span class='ocrx_word' id='word_1_8' title='bbox 2160 357 2274 413; x_wconf 76' lang='lat' dir='ltr'><strong>VIII</strong></span> <span class='ocrx_word' id='word_1_9' title='bbox 2302 354 2733 410; x_wconf 63' lang='lat' dir='ltr'><strong>FRAGMENTA</strong></span> <span class='ocrx_word' id='word_1_10' title='bbox 3494 357 3559 411; x_wconf 67' lang='lat'><strong>54</strong></span> 
     </span>
    </p>
   </div>
   <div class='ocr_carea' id='block_1_2' title="bbox 291 465 1824 548">
    <p class='ocr_par' dir='ltr' id='par_1_2' title="bbox 291 473 1824 548">
     <span class='ocr_line' id='line_1_2' title="bbox 291 473 1824 548; baseline -0.003 -18"><span class='ocrx_word' id='word_1_11' title='bbox 291 493 474 532; x_wconf 69' lang='grc' dir='ltr'>πινον.</span> <span class='ocrx_word' id='word_1_12' title='bbox 534 477 864 548; x_wconf 78' lang='grc' dir='ltr'>Ἀρχομένης</span> <span class='ocrx_word' id='word_1_13' title='bbox 900 475 956 529; x_wconf 78' lang='grc' dir='ltr'><strong>δέ</strong></span> <span class='ocrx_word' id='word_1_14' title='bbox 1009 492 1124 538; x_wconf 83' lang='grc' dir='ltr'>πως</span> <span class='ocrx_word' id='word_1_15' title='bbox 1169 476 1225 527; x_wconf 83' lang='grc' dir='ltr'><strong>ἐν</strong></span> <span class='ocrx_word' id='word_1_16' title='bbox 1273 475 1420 544; x_wconf 85' lang='grc' dir='ltr'>αὐτῷ</span> <span class='ocrx_word' id='word_1_17' title='bbox 1467 473 1733 527; x_wconf 84' lang='grc' dir='ltr'>κινεῖσθαι</span> <span class='ocrx_word' id='word_1_18' title='bbox 1786 473 1824 525; x_wconf 58' lang='grc' dir='ltr'>τέ</span> 
     </span>
    </p>
   </div>
   <div class='ocr_carea' id='block_1_3' title="bbox 2026 465 3559 548">
    <p class='ocr_par' dir='ltr' id='par_1_3' title="bbox 2026 465 3559 537">
     <span class='ocr_line' id='line_1_3' title="bbox 2026 465 3559 537; baseline 0.001 -14"><span class='ocrx_word' id='word_1_19' title='bbox 2026 476 2178 523; x_wconf 72' lang='lat' dir='ltr'><strong>incta</strong></span> <span class='ocrx_word' id='word_1_20' title='bbox 2256 482 2422 522; x_wconf 88' lang='lat' dir='ltr'><strong>carne</strong></span> <span class='ocrx_word' id='word_1_21' title='bbox 2494 466 2607 535; x_wconf 86' lang='lat' dir='ltr'><strong>jam</strong></span> <span class='ocrx_word' id='word_1_22' title='bbox 2660 475 2917 537; x_wconf 87' lang='lat' dir='ltr'><strong>vergente</strong></span> <span class='ocrx_word' id='word_1_23' title='bbox 2984 465 3049 519; x_wconf 90' lang='lat' dir='ltr'><strong>ad</strong></span> <span class='ocrx_word' id='word_1_24' title='bbox 3111 468 3406 537; x_wconf 78' lang='lat' dir='ltr'><strong>Iacrymas,</strong></span> <span class='ocrx_word' id='word_1_25' title='bbox 3451 484 3559 524; x_wconf 86' lang='lat' dir='ltr'><strong>nou</strong></span> 
     </span>
    </p>
   </div>
   <div class='ocr_carea' id='block_1_4' title="bbox 301 558 1834 638">
    <p class='ocr_par' dir='ltr' id='par_1_4' title="bbox 301 562 1834 638">
     <span class='ocr_line' id='line_1_4' title="bbox 301 562 1834 638; baseline -0.005 -16"><span class='ocrx_word' id='word_1_26' title='bbox 301 570 495 638; x_wconf 85' lang='grc' dir='ltr'><strong>λύπης,</strong></span> <span class='ocrx_word' id='word_1_27' title='bbox 526 569 619 621; x_wconf 72' lang='grc' dir='ltr'><strong>καὶ</strong></span> <span class='ocrx_word' id='word_1_28' title='bbox 649 567 911 637; x_wconf 76' lang='grc' dir='ltr'>νευούσης</span> <span class='ocrx_word' id='word_1_29' title='bbox 941 566 1039 637; x_wconf 70' lang='grc' dir='ltr'><strong>ἤδη</strong></span> <span class='ocrx_word' id='word_1_30' title='bbox 1064 565 1200 635; x_wconf 82' lang='grc' dir='ltr'>πρὸς</span> <span class='ocrx_word' id='word_1_31' title='bbox 1233 566 1292 618; x_wconf 88' lang='grc' dir='ltr'><strong>τὸ</strong></span> <span class='ocrx_word' id='word_1_32' title='bbox 1317 564 1552 636; x_wconf 86' lang='grc' dir='ltr'>δάκρυον</span> <span class='ocrx_word' id='word_1_33' title='bbox 1586 564 1687 633; x_wconf 85' lang='grc' dir='ltr'><strong>τῆς</strong></span> <span class='ocrx_word' id='word_1_34' title='bbox 1716 562 1834 631; x_wconf 77' lang='grc' dir='ltr'>ἁγία</span> 
     </span>
    </p>
   </div>
   <div class='ocr_carea' id='block_1_5' title="bbox 2024 558 3557 638">
    <p class='ocr_par' dir='ltr' id='par_1_5' title="bbox 2024 558 3557 624">
     <span class='ocr_line' id='line_1_5' title="bbox 2024 558 3557 624; baseline 0.001 -11"><span class='ocrx_word' id='word_1_35' title='bbox 2024 562 2117 614; x_wconf 90' lang='lat' dir='ltr'><strong>init</strong></span> <span class='ocrx_word' id='word_1_36' title='bbox 2166 560 2270 614; x_wconf 87' lang='lat' dir='ltr'><strong>hoc</strong></span> <span class='ocrx_word' id='word_1_37' title='bbox 2304 574 2423 614; x_wconf 90' lang='lat' dir='ltr'><strong>eam</strong></span> <span class='ocrx_word' id='word_1_38' title='bbox 2472 558 2653 612; x_wconf 82' lang='lat' dir='ltr'><strong>facere</strong></span> <span class='ocrx_word' id='word_1_39' title='bbox 2684 558 2883 624; x_wconf 82' lang='lat' dir='ltr'><strong>solute,</strong></span> <span class='ocrx_word' id='word_1_40' title='bbox 2910 566 2967 612; x_wconf 89' lang='lat' dir='ltr'><strong>ut</strong></span> <span class='ocrx_word' id='word_1_41' title='bbox 3011 559 3181 613; x_wconf 87' lang='lat' dir='ltr'><strong>moris</strong></span> <span class='ocrx_word' id='word_1_42' title='bbox 3213 569 3298 613; x_wconf 91' lang='lat' dir='ltr'><strong>est</strong></span> <span class='ocrx_word' id='word_1_43' title='bbox 3350 560 3513 614; x_wconf 87' lang='lat' dir='ltr'><strong>nobis</strong></span> <span class='ocrx_word' id='word_1_44' title='bbox 3546 580 3557 615; x_wconf 92' lang='lat'>:</span> 
     </span>
    </p>
   </div>
   <div class='ocr_carea' id='block_1_6' title="bbox 300 647 1833 730">
    <p class='ocr_par' dir='ltr' id='par_1_6' title="bbox 300 655 1833 730">
     <span class='ocr_line' id='line_1_6' title="bbox 300 655 1833 730; baseline -0.003 -18"><span class='ocrx_word' id='word_1_45' title='bbox 300 659 537 730; x_wconf 83' lang='grc' dir='ltr'>σαρκὸς,</span> <span class='ocrx_word' id='word_1_46' title='bbox 593 660 691 711; x_wconf 80' lang='grc' dir='ltr'><strong>οὐκ</strong></span> <span class='ocrx_word' id='word_1_47' title='bbox 738 658 955 728; x_wconf 78' lang='grc' dir='ltr'><strong>ἐφίησιν</strong></span> <span class='ocrx_word' id='word_1_48' title='bbox 984 658 1155 725; x_wconf 82' lang='grc' dir='ltr'>αὐτὴν</span> <span class='ocrx_word' id='word_1_49' title='bbox 1196 657 1354 710; x_wconf 77' lang='grc' dir='ltr'>τοῦτο</span> <span class='ocrx_word' id='word_1_50' title='bbox 1392 656 1585 710; x_wconf 83' lang='grc' dir='ltr'>παθεῖν</span> <span class='ocrx_word' id='word_1_51' title='bbox 1617 655 1833 708; x_wconf 60' lang='grc' dir='ltr'>ἐκλύτωη</span> 
     </span>
    </p>
   </div>
   <div class='ocr_carea' id='block_1_7' title="bbox 2030 647 3563 730">
    <p class='ocr_par' dir='ltr' id='par_1_7' title="bbox 2030 647 3563 720">
     <span class='ocr_line' id='line_1_7' title="bbox 2030 647 3563 720; baseline 0.001 -16"><span class='ocrx_word' id='word_1_52' title='bbox 2030 651 2265 706; x_wconf 81' lang='lat' dir='ltr'><strong>lnfremit</strong></span> <span class='ocrx_word' id='word_1_53' title='bbox 2288 658 2466 705; x_wconf 90' lang='lat' dir='ltr'><strong>autem</strong></span> <span class='ocrx_word' id='word_1_54' title='bbox 2500 649 2766 719; x_wconf 62' lang='lat' dir='ltr'><strong>Spiritu,»</strong></span> <span class='ocrx_word' id='word_1_55' title='bbox 2796 648 2899 702; x_wconf 93' lang='lat' dir='ltr'><strong>hoc</strong></span> <span class='ocrx_word' id='word_1_56' title='bbox 2929 658 3013 704; x_wconf 90' lang='lat' dir='ltr'><strong>est</strong></span> <span class='ocrx_word' id='word_1_57' title='bbox 3043 650 3092 703; x_wconf 89' lang='lat' dir='ltr'><strong>vi</strong></span> <span class='ocrx_word' id='word_1_58' title='bbox 3124 648 3300 703; x_wconf 79' lang='lat' dir='ltr'><strong>sancti</strong></span> <span class='ocrx_word' id='word_1_59' title='bbox 3325 647 3563 720; x_wconf 88' lang='lat' dir='ltr'><strong>Spiritus</strong></span> 
     </span>
    </p>
   </div>
   <div class='ocr_carea' id='block_1_8' title="bbox 301 740 1834 820">
    <p class='ocr_par' dir='ltr' id='par_1_8' title="bbox 301 746 1834 820">
     <span class='ocr_line' id='line_1_8' title="bbox 301 746 1834 820; baseline -0.005 -16"><span class='ocrx_word' id='word_1_60' title='bbox 301 751 549 820; x_wconf 79' lang='grc' dir='ltr'>καθάπερ</span> <span class='ocrx_word' id='word_1_61' title='bbox 578 749 696 812; x_wconf 79' lang='grc' dir='ltr'>ἔθος</span> <span class='ocrx_word' id='word_1_62' title='bbox 723 750 853 818; x_wconf 77' lang='grc' dir='ltr'>ἡμῖν</span> <span class='ocrx_word' id='word_1_63' title='bbox 872 767 885 780; x_wconf 77' lang='grc' dir='ltr'><strong>ο</strong></span> <span class='ocrx_word' id='word_1_64' title='bbox 918 766 937 798; x_wconf 72' lang='grc' dir='ltr'><strong>ι</strong></span> <span class='ocrx_word' id='word_1_65' title='bbox 980 748 1348 818; x_wconf 72' lang='grc' dir='ltr'>Ἑμϐριμᾶται</span> <span class='ocrx_word' id='word_1_66' title='bbox 1370 747 1426 799; x_wconf 88' lang='grc' dir='ltr'>δὲ</span> <span class='ocrx_word' id='word_1_67' title='bbox 1450 746 1527 816; x_wconf 84' lang='grc' dir='ltr'><strong>τῷ</strong></span> <span class='ocrx_word' id='word_1_68' title='bbox 1544 746 1834 815; x_wconf 79' lang='grc' dir='ltr'><strong>Πνεύματι¹</strong></span> 
     </span>
    </p>
   </div>
   <div class='ocr_carea' id='block_1_9' title="bbox 2027 740 3560 820">
    <p class='ocr_par' dir='ltr' id='par_1_9' title="bbox 2027 740 3560 811">
     <span class='ocr_line' id='line_1_9' title="bbox 2027 740 3560 811; baseline -0.002 -13"><span class='ocrx_word' id='word_1_69' title='bbox 2027 743 2391 798; x_wconf 88' lang='lat' dir='ltr'><strong>uodammodo</strong></span> <span class='ocrx_word' id='word_1_70' title='bbox 2448 756 2604 795; x_wconf 91' lang='lat' dir='ltr'><strong>suam</strong></span> <span class='ocrx_word' id='word_1_71' title='bbox 2654 755 2881 795; x_wconf 88' lang='lat' dir='ltr'><strong>carnem</strong></span> <span class='ocrx_word' id='word_1_72' title='bbox 2940 740 3244 811; x_wconf 87' lang='lat' dir='ltr'><strong>increpat:</strong></span> <span class='ocrx_word' id='word_1_73' title='bbox 3287 741 3377 794; x_wconf 87' lang='lat' dir='ltr'><strong>illa</strong></span> <span class='ocrx_word' id='word_1_74' title='bbox 3430 757 3560 796; x_wconf 88' lang='lat' dir='ltr'><strong>vero</strong></span> 
     </span>
    </p>
   </div>
   <div class='ocr_carea' id='block_1_10' title="bbox 296 830 1829 910">
    <p class='ocr_par' dir='ltr' id='par_1_10' title="bbox 296 835 1829 910">
     <span class='ocr_line' id='line_1_10' title="bbox 296 835 1829 910; baseline -0.005 -17"><span class='ocrx_word' id='word_1_75' title='bbox 296 840 442 893; x_wconf 77' lang='grc' dir='ltr'>τοῦτ’</span> <span class='ocrx_word' id='word_1_76' title='bbox 471 839 609 906; x_wconf 79' lang='grc' dir='ltr'>ἔστι,</span> <span class='ocrx_word' id='word_1_77' title='bbox 645 842 710 910; x_wconf 79' lang='grc' dir='ltr'>τῇ</span> <span class='ocrx_word' id='word_1_78' title='bbox 742 837 1078 908; x_wconf 88' lang='grc' dir='ltr'>δυνάμειτοῦ</span> <span class='ocrx_word' id='word_1_79' title='bbox 1106 837 1260 905; x_wconf 84' lang='grc' dir='ltr'>ἁγίου</span> <span class='ocrx_word' id='word_1_80' title='bbox 1284 836 1603 907; x_wconf 87' lang='grc' dir='ltr'>Πνεύματος</span> <span class='ocrx_word' id='word_1_81' title='bbox 1620 835 1829 905; x_wconf 63' lang='grc' dir='ltr'>ἐπιπλήί</span> 
     </span>
    </p>
   </div>
   <div class='ocr_carea' id='block_1_11' title="bbox 2029 830 3562 910">
    <p class='ocr_par' dir='ltr' id='par_1_11' title="bbox 2029 830 3562 897">
     <span class='ocr_line' id='line_1_11' title="bbox 2029 830 3562 897; baseline -0.003 -8"><span class='ocrx_word' id='word_1_82' title='bbox 2029 836 2152 890; x_wconf 64' lang='lat' dir='ltr'><strong>nitas</strong></span> <span class='ocrx_word' id='word_1_83' title='bbox 2174 835 2278 891; x_wconf 87' lang='lat' dir='ltr'><strong>sibi</strong></span> <span class='ocrx_word' id='word_1_84' title='bbox 2303 833 2524 890; x_wconf 87' lang='lat' dir='ltr'><strong>deitatis</strong></span> <span class='ocrx_word' id='word_1_85' title='bbox 2552 840 2763 886; x_wconf 90' lang='lat' dir='ltr'><strong>motum</strong></span> <span class='ocrx_word' id='word_1_86' title='bbox 2797 847 2909 886; x_wconf 90' lang='lat' dir='ltr'><strong>non</strong></span> <span class='ocrx_word' id='word_1_87' title='bbox 2940 830 3145 897; x_wconf 81' lang='lat' dir='ltr'><strong>ferens,</strong></span> <span class='ocrx_word' id='word_1_88' title='bbox 3180 832 3363 887; x_wconf 90' lang='lat' dir='ltr'><strong>t-remit</strong></span> <span class='ocrx_word' id='word_1_89' title='bbox 3392 840 3445 886; x_wconf 90' lang='lat' dir='ltr'><strong>et</strong></span> <span class='ocrx_word' id='word_1_90' title='bbox 3475 841 3562 886; x_wconf 90' lang='lat' dir='ltr'><strong>tu-</strong></span> 
     </span>
    </p>
   </div>
   <div class='ocr_carea' id='block_1_12' title="bbox 296 923 1829 1000">
    <p class='ocr_par' dir='ltr' id='par_1_12' title="bbox 296 924 1825 1000">
     <span class='ocr_line' id='line_1_12' title="bbox 296 924 1825 1000; baseline -0.003 -18"><span class='ocrx_word' id='word_1_91' title='bbox 296 946 379 982; x_wconf 85' lang='grc' dir='ltr'><strong>τει</strong></span> <span class='ocrx_word' id='word_1_92' title='bbox 408 930 610 999; x_wconf 80' lang='grc' dir='ltr'>τρόπον</span> <span class='ocrx_word' id='word_1_93' title='bbox 639 929 763 982; x_wconf 80' lang='grc' dir='ltr'>τινὰ</span> <span class='ocrx_word' id='word_1_94' title='bbox 795 932 861 1000; x_wconf 79' lang='grc' dir='ltr'>τῇ</span> <span class='ocrx_word' id='word_1_95' title='bbox 899 928 1006 999; x_wconf 79' lang='grc' dir='ltr'>ἰδίᾳ</span> <span class='ocrx_word' id='word_1_96' title='bbox 1039 927 1201 997; x_wconf 89' lang='grc' dir='ltr'>σαρκί</span> <span class='ocrx_word' id='word_1_97' title='bbox 1228 942 1239 955; x_wconf 91' lang='grc'><strong>·</strong></span> <span class='ocrx_word' id='word_1_98' title='bbox 1276 929 1309 998; x_wconf 84' lang='grc' dir='ltr'>ἡ</span> <span class='ocrx_word' id='word_1_99' title='bbox 1334 927 1411 990; x_wconf 79' lang='grc' dir='ltr'><strong>δὲ,</strong></span> <span class='ocrx_word' id='word_1_100' title='bbox 1441 926 1499 979; x_wconf 85' lang='grc' dir='ltr'><strong>τὸ</strong></span> <span class='ocrx_word' id='word_1_101' title='bbox 1526 926 1627 997; x_wconf 82' lang='grc' dir='ltr'><strong>τῆς</strong></span> <span class='ocrx_word' id='word_1_102' title='bbox 1660 924 1825 977; x_wconf 84' lang='grc' dir='ltr'>ἐνωθε</span> 
     </span>
    </p>
   </div>
   <div class='ocr_carea' id='block_1_13' title="bbox 2027 923 3560 1000">
    <p class='ocr_par' dir='ltr' id='par_1_13' title="bbox 2027 923 3560 994">
     <span class='ocr_line' id='line_1_13' title="bbox 2027 923 3560 994; baseline -0.001 -13"><span class='ocrx_word' id='word_1_103' title='bbox 2027 929 2308 990; x_wconf 70' lang='grc' dir='ltr'>ιυίιυοιυτ,</span> <span class='ocrx_word' id='word_1_104' title='bbox 2348 926 2615 994; x_wconf 79' lang='lat' dir='ltr'><strong>luctuque</strong></span> <span class='ocrx_word' id='word_1_105' title='bbox 2654 923 3018 979; x_wconf 82' lang='lat' dir='ltr'><strong>confunditur</strong></span> <span class='ocrx_word' id='word_1_106' title='bbox 3067 939 3130 979; x_wconf 89' lang='lat' dir='ltr'><strong>ac</strong></span> <span class='ocrx_word' id='word_1_107' title='bbox 3181 931 3398 980; x_wconf 81' lang='lat' dir='ltr'><strong>aestuat.</strong></span> <span class='ocrx_word' id='word_1_108' title='bbox 3445 924 3560 979; x_wconf 83' lang='lat' dir='ltr'><strong>Hoc</strong></span> 
     </span>
    </p>
   </div>
   <div class='ocr_carea' id='block_1_14' title="bbox 298 1014 1831 1093">
    <p class='ocr_par' dir='ltr' id='par_1_14' title="bbox 298 1017 1831 1093">
     <span class='ocr_line' id='line_1_14' title="bbox 298 1017 1831 1093; baseline -0.003 -19"><span class='ocrx_word' id='word_1_109' title='bbox 298 1040 397 1093; x_wconf 81' lang='grc' dir='ltr'><strong>σης</strong></span> <span class='ocrx_word' id='word_1_110' title='bbox 429 1023 567 1092; x_wconf 76' lang='grc' dir='ltr'>αὐτῇ</span> <span class='ocrx_word' id='word_1_111' title='bbox 601 1021 852 1090; x_wconf 83' lang='grc' dir='ltr'><strong>θεότητος</strong></span> <span class='ocrx_word' id='word_1_112' title='bbox 885 1022 984 1073; x_wconf 83' lang='grc' dir='ltr'><strong>οὐκ</strong></span> <span class='ocrx_word' id='word_1_113' title='bbox 1021 1017 1318 1087; x_wconf 80' lang='grc' dir='ltr'>ἐνεγκοῦσα</span> <span class='ocrx_word' id='word_1_114' title='bbox 1340 1019 1568 1089; x_wconf 83' lang='grc' dir='ltr'><strong>κίνημα,</strong></span> <span class='ocrx_word' id='word_1_115' title='bbox 1598 1018 1789 1089; x_wconf 84' lang='grc' dir='ltr'><strong>τρέμει</strong></span> <span class='ocrx_word' id='word_1_116' title='bbox 1822 1035 1831 1051; x_wconf 71' lang='grc' dir='ltr'><strong>ι</strong></span> 
     </span>
    </p>
   </div>
   <div class='ocr_carea' id='block_1_15' title="bbox 2021 1014 3554 1093">
    <p class='ocr_par' dir='ltr' id='par_1_15' title="bbox 2021 1014 3554 1089">
     <span class='ocr_line' id='line_1_15' title="bbox 2021 1014 3554 1089; baseline -0.004 -17"><span class='ocrx_word' id='word_1_117' title='bbox 2021 1019 2151 1083; x_wconf 91' lang='lat' dir='ltr'><strong>nim,</strong></span> <span class='ocrx_word' id='word_1_118' title='bbox 2176 1021 2395 1089; x_wconf 84' lang='lat' dir='ltr'><strong>Opinor,</strong></span> <span class='ocrx_word' id='word_1_119' title='bbox 2420 1016 2699 1087; x_wconf 85' lang='lat' dir='ltr'><strong>signiﬁcat</strong></span> <span class='ocrx_word' id='word_1_120' title='bbox 2722 1015 2878 1082; x_wconf 89' lang='lat' dir='ltr'><strong>illud,</strong></span> <span class='ocrx_word' id='word_1_121' title='bbox 2907 1033 2928 1066; x_wconf 86' lang='grc'><strong><em>‹</em></strong></span> <span class='ocrx_word' id='word_1_122' title='bbox 2953 1014 3221 1069; x_wconf 89' lang='lat' dir='ltr'><strong>Turbavit</strong></span> <span class='ocrx_word' id='word_1_123' title='bbox 3250 1015 3512 1085; x_wconf 89' lang='lat' dir='ltr'><strong>seipsum.</strong></span> <span class='ocrx_word' id='word_1_124' title='bbox 3538 1035 3554 1066; x_wconf 71' lang='grc' dir='ltr'><strong>ι</strong></span> 
     </span>
    </p>
   </div>
   <div class='ocr_carea' id='block_1_16' title="bbox 296 1105 1829 1185">
    <p class='ocr_par' dir='ltr' id='par_1_16' title="bbox 296 1108 1829 1185">
     <span class='ocr_line' id='line_1_16' title="bbox 296 1108 1829 1185; baseline -0.006 -19"><span class='ocrx_word' id='word_1_125' title='bbox 296 1115 393 1167; x_wconf 70' lang='grc' dir='ltr'>καὶ</span> <span class='ocrx_word' id='word_1_126' title='bbox 419 1113 546 1185; x_wconf 88' lang='grc' dir='ltr'>θορύ</span> <span class='ocrx_word' id='word_1_127' title='bbox 558 1113 653 1165; x_wconf 84' lang='grc' dir='ltr'><strong>6ου</strong></span> <span class='ocrx_word' id='word_1_128' title='bbox 671 1113 966 1166; x_wconf 83' lang='grc' dir='ltr'><strong>πλάττεται</strong></span> <span class='ocrx_word' id='word_1_129' title='bbox 996 1113 1182 1182; x_wconf 81' lang='grc' dir='ltr'>σχῆμα</span> <span class='ocrx_word' id='word_1_130' title='bbox 1210 1113 1303 1165; x_wconf 80' lang='grc' dir='ltr'><strong>καί</strong></span> <span class='ocrx_word' id='word_1_131' title='bbox 1329 1110 1620 1179; x_wconf 83' lang='grc' dir='ltr'>συγχέεται</span> <span class='ocrx_word' id='word_1_132' title='bbox 1648 1128 1659 1139; x_wconf 91' lang='grc'>·</span> <span class='ocrx_word' id='word_1_133' title='bbox 1685 1108 1829 1163; x_wconf 77' lang='grc' dir='ltr'>πένθ‹</span> 
     </span>
    </p>
   </div>
   <div class='ocr_carea' id='block_1_17' title="bbox 2025 1105 3558 1185">
    <p class='ocr_par' dir='ltr' id='par_1_17' title="bbox 2025 1105 3558 1173">
     <span class='ocr_line' id='line_1_17' title="bbox 2025 1105 3558 1173; baseline -0.001 -11"><span class='ocrx_word' id='word_1_134' title='bbox 2025 1109 2273 1173; x_wconf 65' lang='grc' dir='ltr'><strong>[1101110άο</strong></span> <span class='ocrx_word' id='word_1_135' title='bbox 2314 1108 2460 1164; x_wconf 88' lang='lat' dir='ltr'><strong>enim</strong></span> <span class='ocrx_word' id='word_1_136' title='bbox 2502 1108 2665 1162; x_wconf 82' lang='lat' dir='ltr'><strong>aliter</strong></span> <span class='ocrx_word' id='word_1_137' title='bbox 2698 1106 3004 1163; x_wconf 85' lang='lat' dir='ltr'><strong>sustineret</strong></span> <span class='ocrx_word' id='word_1_138' title='bbox 3054 1106 3391 1161; x_wconf 85' lang='lat' dir='ltr'><strong>tumultum?</strong></span> <span class='ocrx_word' id='word_1_139' title='bbox 3420 1105 3558 1160; x_wconf 90' lang='lat' dir='ltr'><strong>Tur-</strong></span> 
     </span>
    </p>
   </div>
   <div class='ocr_carea' id='block_1_18' title="bbox 298 1196 1831 1273">
    <p class='ocr_par' dir='ltr' id='par_1_18' title="bbox 298 1196 1827 1273">
     <span class='ocr_line' id='line_1_18' title="bbox 298 1196 1827 1273; baseline -0.001 -18"><span class='ocrx_word' id='word_1_140' title='bbox 298 1203 406 1273; x_wconf 81' lang='grc' dir='ltr'>γὰρ</span> <span class='ocrx_word' id='word_1_141' title='bbox 433 1197 570 1255; x_wconf 78' lang='grc' dir='ltr'>οἶδεν</span> <span class='ocrx_word' id='word_1_142' title='bbox 604 1203 1005 1273; x_wconf 68' lang='grc' dir='ltr'>ἀναρριπίζειν.</span> <span class='ocrx_word' id='word_1_143' title='bbox 1052 1200 1223 1255; x_wconf 80' lang='grc' dir='ltr'>Τοῦτο</span> <span class='ocrx_word' id='word_1_144' title='bbox 1255 1202 1363 1272; x_wconf 81' lang='grc' dir='ltr'>γὰρ</span> <span class='ocrx_word' id='word_1_145' title='bbox 1391 1196 1544 1271; x_wconf 74' lang='grc' dir='ltr'>οἶμαι</span> <span class='ocrx_word' id='word_1_146' title='bbox 1594 1202 1827 1271; x_wconf 88' lang='grc' dir='ltr'>σημαίνε</span> 
     </span>
    </p>
   </div>
   <div class='ocr_carea' id='block_1_19' title="bbox 2026 1196 3559 1273">
    <p class='ocr_par' dir='ltr' id='par_1_19' title="bbox 2026 1197 3559 1270">
     <span class='ocr_line' id='line_1_19' title="bbox 2026 1197 3559 1270; baseline -0.003 -16"><span class='ocrx_word' id='word_1_147' title='bbox 2026 1202 2205 1255; x_wconf 90' lang='lat' dir='ltr'><strong>abitur</strong></span> <span class='ocrx_word' id='word_1_148' title='bbox 2243 1199 2465 1270; x_wconf 85' lang='lat' dir='ltr'><strong>quidem</strong></span> <span class='ocrx_word' id='word_1_149' title='bbox 2499 1214 2738 1269; x_wconf 91' lang='lat' dir='ltr'><strong>quonam</strong></span> <span class='ocrx_word' id='word_1_150' title='bbox 2770 1198 2936 1252; x_wconf 91' lang='lat' dir='ltr'><strong>modo</strong></span> <span class='ocrx_word' id='word_1_151' title='bbox 2969 1197 3250 1251; x_wconf 86' lang='lat' dir='ltr'><strong>inturbida</strong></span> <span class='ocrx_word' id='word_1_152' title='bbox 3276 1204 3331 1252; x_wconf 80' lang='lat' dir='ltr'><strong>et</strong></span> <span class='ocrx_word' id='word_1_153' title='bbox 3364 1212 3559 1252; x_wconf 86' lang='lat' dir='ltr'><strong>serena</strong></span> 
     </span>
    </p>
   </div>
   <div class='ocr_carea' id='block_1_20' title="bbox 307 1288 1840 1366">
    <p class='ocr_par' dir='ltr' id='par_1_20' title="bbox 307 1294 1840 1366">
     <span class='ocr_line' id='line_1_20' title="bbox 307 1294 1840 1366; baseline -0.001 -20"><span class='ocrx_word' id='word_1_154' title='bbox 307 1294 389 1355; x_wconf 83' lang='grc' dir='ltr'><strong>ιὸ,</strong></span> <span class='ocrx_word' id='word_1_155' title='bbox 428 1312 449 1347; x_wconf 71' lang='grc' dir='ltr'><strong>ί</strong></span> <span class='ocrx_word' id='word_1_156' title='bbox 491 1295 785 1366; x_wconf 80' lang='grc' dir='ltr'>Ἐτάραξεν</span> <span class='ocrx_word' id='word_1_157' title='bbox 819 1295 1028 1348; x_wconf 76' lang='grc' dir='ltr'>ἑαυτόν.</span> <span class='ocrx_word' id='word_1_158' title='bbox 1072 1314 1089 1344; x_wconf 74' lang='grc' dir='ltr'><strong>ι</strong></span> <span class='ocrx_word' id='word_1_159' title='bbox 1122 1295 1244 1357; x_wconf 84' lang='grc' dir='ltr'><strong>Πῶς</strong></span> <span class='ocrx_word' id='word_1_160' title='bbox 1278 1295 1387 1364; x_wconf 81' lang='grc' dir='ltr'><strong>γὰρ</strong></span> <span class='ocrx_word' id='word_1_161' title='bbox 1414 1294 1479 1347; x_wconf 82' lang='grc' dir='ltr'>ἂν</span> <span class='ocrx_word' id='word_1_162' title='bbox 1515 1294 1720 1365; x_wconf 80' lang='grc' dir='ltr'><strong>ἑτέρως</strong></span> <span class='ocrx_word' id='word_1_163' title='bbox 1749 1294 1840 1346; x_wconf 81' lang='grc' dir='ltr'><strong>ὐπι</strong></span> 
     </span>
    </p>
   </div>
   <div class='ocr_carea' id='block_1_21' title="bbox 2026 1288 3559 1366">
    <p class='ocr_par' dir='ltr' id='par_1_21' title="bbox 2026 1288 3559 1362">
     <span class='ocr_line' id='line_1_21' title="bbox 2026 1288 3559 1362; baseline -0.003 -16"><span class='ocrx_word' id='word_1_164' title='bbox 2026 1293 2218 1347; x_wconf 89' lang='lat' dir='ltr'><strong>atura?</strong></span> <span class='ocrx_word' id='word_1_165' title='bbox 2241 1293 2563 1362; x_wconf 89' lang='lat' dir='ltr'><strong>lucrepatur</strong></span> <span class='ocrx_word' id='word_1_166' title='bbox 2588 1305 2720 1346; x_wconf 90' lang='lat' dir='ltr'><strong>vero</strong></span> <span class='ocrx_word' id='word_1_167' title='bbox 2748 1305 2881 1345; x_wconf 82' lang='lat' dir='ltr'><strong>caro</strong></span> <span class='ocrx_word' id='word_1_168' title='bbox 2914 1306 3010 1361; x_wconf 91' lang='lat' dir='ltr'><strong>per</strong></span> <span class='ocrx_word' id='word_1_169' title='bbox 3037 1289 3329 1359; x_wconf 87' lang='lat' dir='ltr'><strong>Spiritum,</strong></span> <span class='ocrx_word' id='word_1_170' title='bbox 3366 1288 3559 1343; x_wconf 86' lang='lat' dir='ltr'><strong>edocta</strong></span> 
     </span>
    </p>
   </div>
   <div class='ocr_carea' id='block_1_22' title="bbox 301 1383 1834 1456">
    <p class='ocr_par' dir='ltr' id='par_1_22' title="bbox 301 1383 1834 1456">
     <span class='ocr_line' id='line_1_22' title="bbox 301 1383 1834 1456; baseline 0.002 -21"><span class='ocrx_word' id='word_1_171' title='bbox 301 1383 459 1453; x_wconf 77' lang='grc' dir='ltr'>μείνῃ</span> <span class='ocrx_word' id='word_1_172' title='bbox 490 1383 718 1453; x_wconf 81' lang='grc' dir='ltr'>θόρυϐον</span> <span class='ocrx_word' id='word_1_173' title='bbox 744 1401 757 1450; x_wconf 93' lang='grc'>;</span> <span class='ocrx_word' id='word_1_174' title='bbox 785 1383 1203 1455; x_wconf 81' lang='grc' dir='ltr'>Ταραχθήσεταί</span> <span class='ocrx_word' id='word_1_175' title='bbox 1226 1401 1290 1453; x_wconf 89' lang='grc' dir='ltr'><strong>γε</strong></span> <span class='ocrx_word' id='word_1_176' title='bbox 1324 1384 1430 1456; x_wconf 84' lang='grc' dir='ltr'>μὴν</span> <span class='ocrx_word' id='word_1_177' title='bbox 1456 1385 1597 1438; x_wconf 84' lang='grc' dir='ltr'>κατὰ</span> <span class='ocrx_word' id='word_1_178' title='bbox 1620 1385 1741 1438; x_wconf 88' lang='grc' dir='ltr'>τίνα</span> <span class='ocrx_word' id='word_1_179' title='bbox 1759 1402 1834 1456; x_wconf 76' lang='grc' dir='ltr'><strong>τρι</strong></span> 
     </span>
    </p>
   </div>
   <div class='ocr_carea' id='block_1_23' title="bbox 2022 1383 3555 1456">
    <p class='ocr_par' dir='ltr' id='par_1_23' title="bbox 2022 1387 3555 1456">
     <span class='ocr_line' id='line_1_23' title="bbox 2022 1387 3555 1456; baseline -0.003 -17"><span class='ocrx_word' id='word_1_180' title='bbox 2022 1394 2036 1439; x_wconf 84' lang='grc' dir='ltr'><strong>ι</strong></span> <span class='ocrx_word' id='word_1_181' title='bbox 2077 1387 2238 1455; x_wconf 89' lang='lat' dir='ltr'><strong>jussa</strong></span> <span class='ocrx_word' id='word_1_182' title='bbox 2285 1400 2478 1454; x_wconf 87' lang='lat' dir='ltr'><strong>sapere</strong></span> <span class='ocrx_word' id='word_1_183' title='bbox 2529 1400 2652 1454; x_wconf 70' lang='lat' dir='ltr'><strong>qua:</strong></span> <span class='ocrx_word' id='word_1_184' title='bbox 2707 1400 2875 1456; x_wconf 88' lang='lat' dir='ltr'><strong>supra</strong></span> <span class='ocrx_word' id='word_1_185' title='bbox 2913 1392 3170 1438; x_wconf 90' lang='lat' dir='ltr'><strong>naturam</strong></span> <span class='ocrx_word' id='word_1_186' title='bbox 3213 1397 3367 1436; x_wconf 92' lang='lat' dir='ltr'><strong>suam</strong></span> <span class='ocrx_word' id='word_1_187' title='bbox 3408 1391 3555 1436; x_wconf 87' lang='lat' dir='ltr'><strong>sunt.</strong></span> 
     </span>
    </p>
   </div>
   <div class='ocr_carea' id='block_1_24' title="bbox 302 1473 1835 1547">
    <p class='ocr_par' dir='ltr' id='par_1_24' title="bbox 302 1473 1835 1547">
     <span class='ocr_line' id='line_1_24' title="bbox 302 1473 1835 1547; baseline 0.004 -23"><span class='ocrx_word' id='word_1_188' title='bbox 302 1474 455 1542; x_wconf 89' lang='grc' dir='ltr'>πονή</span> <span class='ocrx_word' id='word_1_189' title='bbox 490 1473 756 1537; x_wconf 78' lang='grc' dir='ltr'><strong>ἀθόλωτος</strong></span> <span class='ocrx_word' id='word_1_190' title='bbox 782 1476 867 1527; x_wconf 73' lang='grc' dir='ltr'><strong>ἀεὶ</strong></span> <span class='ocrx_word' id='word_1_191' title='bbox 901 1477 994 1527; x_wconf 81' lang='grc' dir='ltr'><strong>καὶ</strong></span> <span class='ocrx_word' id='word_1_192' title='bbox 1024 1475 1339 1545; x_wconf 84' lang='grc' dir='ltr'>γαληνιῶσα</span> <span class='ocrx_word' id='word_1_193' title='bbox 1370 1477 1565 1545; x_wconf 82' lang='grc' dir='ltr'>φύσις;</span> <span class='ocrx_word' id='word_1_194' title='bbox 1599 1478 1835 1547; x_wconf 84' lang='grc' dir='ltr'>Ἐπιτιμί</span> 
     </span>
    </p>
   </div>
   <div class='ocr_carea' id='block_1_25' title="bbox 2024 1473 3557 1547">
    <p class='ocr_par' dir='ltr' id='par_1_25' title="bbox 2031 1473 3557 1545">
     <span class='ocr_line' id='line_1_25' title="bbox 2031 1473 3557 1545; baseline -0.001 -16"><span class='ocrx_word' id='word_1_195' title='bbox 2031 1488 2218 1545; x_wconf 85' lang='lat' dir='ltr'><strong>ropter</strong></span> <span class='ocrx_word' id='word_1_196' title='bbox 2274 1475 2377 1529; x_wconf 89' lang='lat' dir='ltr'><strong>hoc</strong></span> <span class='ocrx_word' id='word_1_197' title='bbox 2428 1476 2574 1529; x_wconf 90' lang='lat' dir='ltr'><strong>enim</strong></span> <span class='ocrx_word' id='word_1_198' title='bbox 2610 1474 2714 1528; x_wconf 80' lang='lat' dir='ltr'><strong>fuit</strong></span> <span class='ocrx_word' id='word_1_199' title='bbox 2748 1476 2801 1529; x_wconf 91' lang='lat' dir='ltr'><strong>in</strong></span> <span class='ocrx_word' id='word_1_200' title='bbox 2841 1490 3029 1539; x_wconf 90' lang='lat' dir='ltr'><strong>carne,</strong></span> <span class='ocrx_word' id='word_1_201' title='bbox 3066 1473 3179 1526; x_wconf 91' lang='lat' dir='ltr'><strong>imo</strong></span> <span class='ocrx_word' id='word_1_202' title='bbox 3229 1489 3360 1527; x_wconf 88' lang='lat' dir='ltr'><strong>vero</strong></span> <span class='ocrx_word' id='word_1_203' title='bbox 3406 1488 3557 1538; x_wconf 90' lang='lat' dir='ltr'><strong>caro,</strong></span> 
     </span>
    </p>
   </div>
   <div class='ocr_carea' id='block_1_26' title="bbox 299 1564 1832 1640">
    <p class='ocr_par' dir='ltr' id='par_1_26' title="bbox 299 1564 1829 1640">
     <span class='ocr_line' id='line_1_26' title="bbox 299 1564 1829 1640; baseline 0.004 -24"><span class='ocrx_word' id='word_1_204' title='bbox 299 1581 388 1617; x_wconf 78' lang='grc' dir='ltr'><strong>ται</strong></span> <span class='ocrx_word' id='word_1_205' title='bbox 412 1564 589 1618; x_wconf 78' lang='grc' dir='ltr'>τοίνυν</span> <span class='ocrx_word' id='word_1_206' title='bbox 624 1568 656 1637; x_wconf 82' lang='grc' dir='ltr'>ἠ</span> <span class='ocrx_word' id='word_1_207' title='bbox 689 1566 825 1637; x_wconf 75' lang='grc' dir='ltr'>σὰρξ</span> <span class='ocrx_word' id='word_1_208' title='bbox 853 1567 939 1620; x_wconf 75' lang='grc' dir='ltr'>διὰ</span> <span class='ocrx_word' id='word_1_209' title='bbox 962 1568 1055 1621; x_wconf 79' lang='grc' dir='ltr'>τοῦ</span> <span class='ocrx_word' id='word_1_210' title='bbox 1088 1569 1424 1638; x_wconf 84' lang='grc' dir='ltr'>Πνεύματος,</span> <span class='ocrx_word' id='word_1_211' title='bbox 1455 1569 1524 1622; x_wconf 83' lang='grc' dir='ltr'>τὰ</span> <span class='ocrx_word' id='word_1_212' title='bbox 1550 1569 1688 1640; x_wconf 81' lang='grc' dir='ltr'>ὑπὲρ</span> <span class='ocrx_word' id='word_1_213' title='bbox 1721 1570 1829 1637; x_wconf 88' lang='grc' dir='ltr'><strong>φύσ</strong></span> 
     </span>
    </p>
   </div>
   <div class='ocr_carea' id='block_1_27' title="bbox 2027 1564 3560 1640">
    <p class='ocr_par' dir='ltr' id='par_1_27' title="bbox 2027 1565 3560 1637">
     <span class='ocr_line' id='line_1_27' title="bbox 2027 1565 3560 1637; baseline -0.001 -16"><span class='ocrx_word' id='word_1_214' title='bbox 2027 1568 2331 1637; x_wconf 90' lang='lat' dir='ltr'><strong>mnipotens</strong></span> <span class='ocrx_word' id='word_1_215' title='bbox 2378 1567 2475 1622; x_wconf 88' lang='lat' dir='ltr'><strong>Dei</strong></span> <span class='ocrx_word' id='word_1_216' title='bbox 2512 1566 2776 1635; x_wconf 81' lang='lat' dir='ltr'><strong>Verbum,</strong></span> <span class='ocrx_word' id='word_1_217' title='bbox 2809 1575 2869 1621; x_wconf 90' lang='lat' dir='ltr'><strong>ut</strong></span> <span class='ocrx_word' id='word_1_218' title='bbox 2919 1582 3015 1637; x_wconf 93' lang='lat' dir='ltr'><strong>per</strong></span> <span class='ocrx_word' id='word_1_219' title='bbox 3050 1567 3400 1636; x_wconf 88' lang='lat' dir='ltr'><strong>operationcs</strong></span> <span class='ocrx_word' id='word_1_220' title='bbox 3444 1565 3560 1620; x_wconf 81' lang='lat' dir='ltr'><strong>efﬁ-</strong></span> 
     </span>
    </p>
   </div>
   <div class='ocr_carea' id='block_1_28' title="bbox 302 1655 1835 1732">
    <p class='ocr_par' dir='ltr' id='par_1_28' title="bbox 302 1655 1835 1732">
     <span class='ocr_line' id='line_1_28' title="bbox 302 1655 1835 1732; baseline 0.005 -25"><span class='ocrx_word' id='word_1_221' title='bbox 302 1655 438 1709; x_wconf 83' lang='grc' dir='ltr'>ἰδίαν</span> <span class='ocrx_word' id='word_1_222' title='bbox 458 1657 816 1731; x_wconf 74' lang='grc' dir='ltr'>διδασκομένη</span> <span class='ocrx_word' id='word_1_223' title='bbox 851 1663 1086 1731; x_wconf 81' lang='grc' dir='ltr'>φρονεῖν.</span> <span class='ocrx_word' id='word_1_224' title='bbox 1112 1661 1210 1714; x_wconf 79' lang='grc' dir='ltr'><strong>Διὰ</strong></span> <span class='ocrx_word' id='word_1_225' title='bbox 1233 1661 1341 1732; x_wconf 83' lang='grc' dir='ltr'>γάρ</span> <span class='ocrx_word' id='word_1_226' title='bbox 1370 1679 1451 1715; x_wconf 91' lang='grc' dir='ltr'><strong>τοι</strong></span> <span class='ocrx_word' id='word_1_227' title='bbox 1473 1660 1631 1715; x_wconf 80' lang='grc' dir='ltr'>τοῦτο</span> <span class='ocrx_word' id='word_1_228' title='bbox 1660 1661 1835 1730; x_wconf 85' lang='grc' dir='ltr'>γέγονε</span> 
     </span>
    </p>
   </div>
   <div class='ocr_carea' id='block_1_29' title="bbox 2027 1655 3560 1732">
    <p class='ocr_par' dir='ltr' id='par_1_29' title="bbox 2027 1656 3560 1729">
     <span class='ocr_line' id='line_1_29' title="bbox 2027 1656 3560 1729; baseline 0.001 -18"><span class='ocrx_word' id='word_1_229' title='bbox 2027 1674 2142 1713; x_wconf 73' lang='lat' dir='ltr'><strong>aces</strong></span> <span class='ocrx_word' id='word_1_230' title='bbox 2174 1658 2382 1729; x_wconf 89' lang='lat' dir='ltr'><strong>proprii</strong></span> <span class='ocrx_word' id='word_1_231' title='bbox 2427 1656 2690 1728; x_wconf 88' lang='lat' dir='ltr'><strong>Spiritus,</strong></span> <span class='ocrx_word' id='word_1_232' title='bbox 2725 1659 2911 1713; x_wconf 90' lang='lat' dir='ltr'><strong>carnis</strong></span> <span class='ocrx_word' id='word_1_233' title='bbox 2959 1658 3303 1713; x_wconf 82' lang='lat' dir='ltr'><strong>inﬁrmitates</strong></span> <span class='ocrx_word' id='word_1_234' title='bbox 3343 1660 3560 1714; x_wconf 81' lang='lat' dir='ltr'><strong>confor-</strong></span> 
     </span>
    </p>
   </div>
   <div class='ocr_carea' id='block_1_30' title="bbox 302 1747 1835 1823">
    <p class='ocr_par' dir='ltr' id='par_1_30' title="bbox 302 1747 1835 1823">
     <span class='ocr_line' id='line_1_30' title="bbox 302 1747 1835 1823; baseline 0.004 -25"><span class='ocrx_word' id='word_1_235' title='bbox 302 1747 358 1799; x_wconf 85' lang='grc' dir='ltr'><strong>ἐν</strong></span> <span class='ocrx_word' id='word_1_236' title='bbox 382 1748 573 1818; x_wconf 72' lang='grc' dir='ltr'>σαρκὶ,</span> <span class='ocrx_word' id='word_1_237' title='bbox 621 1748 821 1818; x_wconf 80' lang='grc' dir='ltr'>μᾶλλον</span> <span class='ocrx_word' id='word_1_238' title='bbox 850 1750 905 1802; x_wconf 81' lang='grc' dir='ltr'><strong>δὲ</strong></span> <span class='ocrx_word' id='word_1_239' title='bbox 943 1749 1099 1820; x_wconf 78' lang='grc' dir='ltr'>σάρξ,</span> <span class='ocrx_word' id='word_1_240' title='bbox 1126 1752 1154 1803; x_wconf 99' lang='lat'><strong>6</strong></span> <span class='ocrx_word' id='word_1_241' title='bbox 1180 1752 1360 1806; x_wconf 83' lang='grc' dir='ltr'>πάντα</span> <span class='ocrx_word' id='word_1_242' title='bbox 1389 1751 1589 1823; x_wconf 83' lang='grc' dir='ltr'>ἰσχύων</span> <span class='ocrx_word' id='word_1_243' title='bbox 1610 1751 1705 1805; x_wconf 79' lang='grc' dir='ltr'>τοῦ</span> <span class='ocrx_word' id='word_1_244' title='bbox 1745 1753 1835 1804; x_wconf 74' lang='lat' dir='ltr'><strong>Bst</strong></span> 
     </span>
    </p>
   </div>
   <div class='ocr_carea' id='block_1_31' title="bbox 2025 1747 3558 1823">
    <p class='ocr_par' dir='ltr' id='par_1_31' title="bbox 2025 1748 3558 1817">
     <span class='ocr_line' id='line_1_31' title="bbox 2025 1748 3558 1817; baseline 0.003 -19"><span class='ocrx_word' id='word_1_245' title='bbox 2025 1754 2220 1812; x_wconf 74' lang='lat' dir='ltr'><strong>iret,et</strong></span> <span class='ocrx_word' id='word_1_246' title='bbox 2265 1753 2543 1801; x_wconf 87' lang='lat' dir='ltr'><strong>aterrena</strong></span> <span class='ocrx_word' id='word_1_247' title='bbox 2586 1748 2918 1817; x_wconf 84' lang='lat' dir='ltr'><strong>cogitatione</strong></span> <span class='ocrx_word' id='word_1_248' title='bbox 2962 1756 3218 1802; x_wconf 86' lang='lat' dir='ltr'><strong>naturam</strong></span> <span class='ocrx_word' id='word_1_249' title='bbox 3263 1748 3558 1804; x_wconf 88' lang='lat' dir='ltr'><strong>humanam</strong></span> 
     </span>
    </p>
   </div>
   <div class='ocr_carea' id='block_1_32' title="bbox 302 1819 1835 1913">
    <p class='ocr_par' dir='ltr' id='par_1_32' title="bbox 302 1819 1835 1913">
     <span class='ocr_line' id='line_1_32' title="bbox 302 1819 1835 1913; baseline 0.005 -24"><span class='ocrx_word' id='word_1_250' title='bbox 302 1837 496 1905; x_wconf 81' lang='grc' dir='ltr'><strong>Λόγος,</strong></span> <span class='ocrx_word' id='word_1_251' title='bbox 540 1839 625 1892; x_wconf 79' lang='grc' dir='ltr'><strong>ἵνα</strong></span> <span class='ocrx_word' id='word_1_252' title='bbox 653 1842 770 1904; x_wconf 81' lang='grc' dir='ltr'>ταῖς</span> <span class='ocrx_word' id='word_1_253' title='bbox 802 1819 1103 1912; x_wconf 82' lang='grc' dir='ltr'>ἐνεργείαις</span> <span class='ocrx_word' id='word_1_254' title='bbox 1127 1841 1220 1895; x_wconf 77' lang='grc' dir='ltr'>τοῦ</span> <span class='ocrx_word' id='word_1_255' title='bbox 1250 1842 1380 1896; x_wconf 80' lang='grc' dir='ltr'>ἰδίου</span> <span class='ocrx_word' id='word_1_256' title='bbox 1411 1819 1751 1913; x_wconf 78' lang='grc' dir='ltr'>Πνεύματος,</span> <span class='ocrx_word' id='word_1_257' title='bbox 1782 1845 1835 1897; x_wconf 75' lang='grc' dir='ltr'>τὲ</span> 
     </span>
    </p>
   </div>
   <div class='ocr_carea' id='block_1_33' title="bbox 2029 1819 3562 1913">
    <p class='ocr_par' dir='ltr' id='par_1_33' title="bbox 2029 1836 3562 1912">
     <span class='ocr_line' id='line_1_33' title="bbox 2029 1836 3562 1912; baseline 0.003 -21"><span class='ocrx_word' id='word_1_258' title='bbox 2029 1837 2349 1903; x_wconf 84' lang='lat' dir='ltr'><strong>bstraheret,</strong></span> <span class='ocrx_word' id='word_1_259' title='bbox 2376 1836 2909 1910; x_wconf 75' lang='lat' dir='ltr'><strong>transformaretque</strong></span> <span class='ocrx_word' id='word_1_260' title='bbox 2937 1841 3085 1895; x_wconf 89' lang='lat' dir='ltr'><strong>velut</strong></span> <span class='ocrx_word' id='word_1_261' title='bbox 3116 1842 3169 1899; x_wconf 88' lang='lat' dir='ltr'><strong>in</strong></span> <span class='ocrx_word' id='word_1_262' title='bbox 3204 1856 3267 1896; x_wconf 92' lang='lat' dir='ltr'><strong>ea</strong></span> <span class='ocrx_word' id='word_1_263' title='bbox 3299 1842 3414 1896; x_wconf 88' lang='lat' dir='ltr'><strong>sola</strong></span> <span class='ocrx_word' id='word_1_264' title='bbox 3442 1859 3562 1912; x_wconf 76' lang='lat' dir='ltr'><strong>qua:</strong></span> 
     </span>
    </p>
   </div>
   <div class='ocr_carea' id='block_1_34' title="bbox 305 1927 1838 2007">
    <p class='ocr_par' dir='ltr' id='par_1_34' title="bbox 305 1927 1838 2007">
     <span class='ocr_line' id='line_1_34' title="bbox 305 1927 1838 2007; baseline 0.007 -28"><span class='ocrx_word' id='word_1_265' title='bbox 305 1927 403 1995; x_wconf 80' lang='grc' dir='ltr'>μὲν</span> <span class='ocrx_word' id='word_1_266' title='bbox 428 1928 526 1997; x_wconf 77' lang='grc' dir='ltr'><strong>τῆς</strong></span> <span class='ocrx_word' id='word_1_267' title='bbox 552 1932 753 2001; x_wconf 76' lang='grc' dir='ltr'>σαρκὸς</span> <span class='ocrx_word' id='word_1_268' title='bbox 777 1932 1057 1998; x_wconf 78' lang='grc' dir='ltr'>ἀσθενείας</span> <span class='ocrx_word' id='word_1_269' title='bbox 1088 1933 1356 2007; x_wconf 77' lang='grc' dir='ltr'>νευρώσῃ,</span> <span class='ocrx_word' id='word_1_270' title='bbox 1391 1936 1483 1989; x_wconf 73' lang='grc' dir='ltr'><strong>καὶ</strong></span> <span class='ocrx_word' id='word_1_271' title='bbox 1514 1936 1838 2006; x_wconf 76' lang='grc' dir='ltr'>γεωδεστέρι</span> 
     </span>
    </p>
   </div>
   <div class='ocr_carea' id='block_1_35' title="bbox 2029 1927 3562 2007">
    <p class='ocr_par' dir='ltr' id='par_1_35' title="bbox 2029 1927 3562 1998">
     <span class='ocr_line' id='line_1_35' title="bbox 2029 1927 3562 1998; baseline 0.003 -17"><span class='ocrx_word' id='word_1_272' title='bbox 2029 1943 2099 1982; x_wconf 63' lang='grc' dir='ltr'>ιρο</span> <span class='ocrx_word' id='word_1_273' title='bbox 2145 1927 2384 1997; x_wconf 88' lang='lat' dir='ltr'><strong>placent.</strong></span> <span class='ocrx_word' id='word_1_274' title='bbox 2420 1927 2593 1998; x_wconf 86' lang='lat' dir='ltr'><strong>Igitur</strong></span> <span class='ocrx_word' id='word_1_275' title='bbox 2646 1928 2873 1984; x_wconf 88' lang='lat' dir='ltr'><strong>morbus</strong></span> <span class='ocrx_word' id='word_1_276' title='bbox 2921 1938 3006 1984; x_wconf 93' lang='lat' dir='ltr'><strong>est</strong></span> <span class='ocrx_word' id='word_1_277' title='bbox 3052 1940 3266 1985; x_wconf 66' lang='lat' dir='ltr'><strong>natura:</strong></span> <span class='ocrx_word' id='word_1_278' title='bbox 3309 1931 3562 1986; x_wconf 66' lang='lat' dir='ltr'><strong>humanae</strong></span> 
     </span>
    </p>
   </div>
   <div class='ocr_carea' id='block_1_36' title="bbox 302 2018 1835 2098">
    <p class='ocr_par' dir='ltr' id='par_1_36' title="bbox 302 2022 1835 2098">
     <span class='ocr_line' id='line_1_36' title="bbox 302 2022 1835 2098; baseline 0.005 -27"><span class='ocrx_word' id='word_1_279' title='bbox 302 2022 647 2090; x_wconf 82' lang='grc' dir='ltr'>φρονήματος</span> <span class='ocrx_word' id='word_1_280' title='bbox 696 2023 976 2095; x_wconf 80' lang='grc' dir='ltr'><strong>ἀπαλλάξῃ</strong></span> <span class='ocrx_word' id='word_1_281' title='bbox 1040 2025 1139 2097; x_wconf 86' lang='grc' dir='ltr'>τὴν</span> <span class='ocrx_word' id='word_1_282' title='bbox 1173 2026 1370 2095; x_wconf 87' lang='grc' dir='ltr'>φύσιν,</span> <span class='ocrx_word' id='word_1_283' title='bbox 1418 2028 1835 2098; x_wconf 80' lang='grc' dir='ltr'>ἁναμορφώσῃί</span> 
     </span>
    </p>
   </div>
   <div class='ocr_carea' id='block_1_37' title="bbox 2029 2018 3562 2098">
    <p class='ocr_par' dir='ltr' id='par_1_37' title="bbox 2029 2018 3562 2094">
     <span class='ocr_line' id='line_1_37' title="bbox 2029 2018 3562 2094; baseline 0.003 -22"><span class='ocrx_word' id='word_1_284' title='bbox 2029 2020 2289 2073; x_wconf 84' lang='lat' dir='ltr'><strong>bnoxium</strong></span> <span class='ocrx_word' id='word_1_285' title='bbox 2318 2034 2442 2074; x_wconf 85' lang='lat' dir='ltr'><strong>esse</strong></span> <span class='ocrx_word' id='word_1_286' title='bbox 2470 2020 2520 2075; x_wconf 87' lang='lat' dir='ltr'><strong>vi</strong></span> <span class='ocrx_word' id='word_1_287' title='bbox 2546 2020 2777 2086; x_wconf 87' lang='lat' dir='ltr'><strong>doloris,</strong></span> <span class='ocrx_word' id='word_1_288' title='bbox 2801 2018 2904 2092; x_wconf 84' lang='lat' dir='ltr'><strong>qui</strong></span> <span class='ocrx_word' id='word_1_289' title='bbox 2931 2031 2985 2077; x_wconf 90' lang='lat' dir='ltr'><strong>et</strong></span> <span class='ocrx_word' id='word_1_290' title='bbox 3017 2036 3141 2076; x_wconf 91' lang='lat' dir='ltr'><strong>cum</strong></span> <span class='ocrx_word' id='word_1_291' title='bbox 3174 2022 3299 2078; x_wconf 90' lang='lat' dir='ltr'><strong>aliis</strong></span> <span class='ocrx_word' id='word_1_292' title='bbox 3336 2038 3562 2094; x_wconf 88' lang='lat' dir='ltr'><strong>supera-</strong></span> 
     </span>
    </p>
   </div>
   <div class='ocr_carea' id='block_1_38' title="bbox 300 2109 1833 2189">
    <p class='ocr_par' dir='ltr' id='par_1_38' title="bbox 300 2109 1833 2189">
     <span class='ocr_line' id='line_1_38' title="bbox 300 2109 1833 2189; baseline 0.006 -27"><span class='ocrx_word' id='word_1_293' title='bbox 300 2109 488 2183; x_wconf 79' lang='grc' dir='ltr'>ὥσπερ</span> <span class='ocrx_word' id='word_1_294' title='bbox 530 2115 611 2176; x_wconf 85' lang='grc' dir='ltr'>εἰς</span> <span class='ocrx_word' id='word_1_295' title='bbox 648 2116 787 2185; x_wconf 86' lang='grc' dir='ltr'>μόνα</span> <span class='ocrx_word' id='word_1_296' title='bbox 825 2116 894 2169; x_wconf 80' lang='grc' dir='ltr'>τὰ</span> <span class='ocrx_word' id='word_1_297' title='bbox 937 2117 1197 2171; x_wconf 83' lang='grc' dir='ltr'>δοκοῦντα</span> <span class='ocrx_word' id='word_1_298' title='bbox 1226 2118 1365 2189; x_wconf 87' lang='grc' dir='ltr'><strong>Θεῷ.</strong></span> <span class='ocrx_word' id='word_1_299' title='bbox 1427 2119 1634 2172; x_wconf 75' lang='grc' dir='ltr'>Οὐκοῦν</span> <span class='ocrx_word' id='word_1_300' title='bbox 1666 2119 1833 2189; x_wconf 83' lang='grc' dir='ltr'>νόσημ</span> 
     </span>
    </p>
   </div>
   <div class='ocr_carea' id='block_1_39' title="bbox 2027 2109 3560 2189">
    <p class='ocr_par' dir='ltr' id='par_1_39' title="bbox 2027 2112 3560 2189">
     <span class='ocr_line' id='line_1_39' title="bbox 2027 2112 3560 2189; baseline 0.003 -20"><span class='ocrx_word' id='word_1_301' title='bbox 2027 2130 2081 2169; x_wconf 75' lang='grc' dir='ltr'>ιι·</span> <span class='ocrx_word' id='word_1_302' title='bbox 2110 2113 2167 2167; x_wconf 90' lang='lat' dir='ltr'><strong>in</strong></span> <span class='ocrx_word' id='word_1_303' title='bbox 2216 2112 2392 2182; x_wconf 89' lang='lat' dir='ltr'><strong>primo</strong></span> <span class='ocrx_word' id='word_1_304' title='bbox 2430 2114 2672 2181; x_wconf 87' lang='lat' dir='ltr'><strong>Christo,</strong></span> <span class='ocrx_word' id='word_1_305' title='bbox 2701 2122 2761 2169; x_wconf 93' lang='lat' dir='ltr'><strong>ut</strong></span> <span class='ocrx_word' id='word_1_306' title='bbox 2812 2115 2881 2170; x_wconf 91' lang='lat' dir='ltr'><strong>ad</strong></span> <span class='ocrx_word' id='word_1_307' title='bbox 2933 2130 3034 2171; x_wconf 91' lang='lat' dir='ltr'><strong>nos</strong></span> <span class='ocrx_word' id='word_1_308' title='bbox 3091 2132 3308 2187; x_wconf 88' lang='lat' dir='ltr'><strong>quoque</strong></span> <span class='ocrx_word' id='word_1_309' title='bbox 3363 2134 3560 2189; x_wconf 82' lang='lat' dir='ltr'><strong>pervc—</strong></span> 
     </span>
    </p>
   </div>
   <div class='ocr_carea' id='block_1_40' title="bbox 304 2202 2120 2281">
    <p class='ocr_par' dir='ltr' id='par_1_40' title="bbox 304 2202 2120 2281">
     <span class='ocr_line' id='line_1_40' title="bbox 304 2202 2120 2281; baseline 0.001 -23"><span class='ocrx_word' id='word_1_310' title='bbox 304 2202 402 2272; x_wconf 80' lang='grc' dir='ltr'><strong>μὲν</strong></span> <span class='ocrx_word' id='word_1_311' title='bbox 428 2204 643 2272; x_wconf 81' lang='grc' dir='ltr'>φύσεως</span> <span class='ocrx_word' id='word_1_312' title='bbox 663 2208 757 2259; x_wconf 83' lang='grc' dir='ltr'><strong>ἀνθ</strong></span> <span class='ocrx_word' id='word_1_313' title='bbox 769 2208 1104 2280; x_wconf 82' lang='grc' dir='ltr'>ρωπίνης,τὺ</span> <span class='ocrx_word' id='word_1_314' title='bbox 1119 2211 1496 2281; x_wconf 84' lang='grc' dir='ltr'>τυραννεῖσθαι</span> <span class='ocrx_word' id='word_1_315' title='bbox 1512 2214 1634 2275; x_wconf 85' lang='grc' dir='ltr'>ταῖς</span> <span class='ocrx_word' id='word_1_316' title='bbox 1658 2211 1876 2275; x_wconf 86' lang='grc' dir='ltr'>λύπαις,</span> <span class='ocrx_word' id='word_1_317' title='bbox 1988 2207 2120 2263; x_wconf 86' lang='lat' dir='ltr'><strong>niat.</strong></span> 
     </span>
    </p>
   </div>
   <div class='ocr_carea' id='block_1_41' title="bbox 302 2294 2884 2378">
    <p class='ocr_par' dir='ltr' id='par_1_41' title="bbox 302 2294 2884 2378">
     <span class='ocr_line' id='line_1_41' title="bbox 302 2294 2884 2378; baseline 0.008 -29"><span class='ocrx_word' id='word_1_318' title='bbox 302 2301 583 2366; x_wconf 82' lang='grc' dir='ltr'>κρατεῖται</span> <span class='ocrx_word' id='word_1_319' title='bbox 622 2300 677 2354; x_wconf 84' lang='grc' dir='ltr'><strong>δέ</strong></span> <span class='ocrx_word' id='word_1_320' title='bbox 724 2302 819 2355; x_wconf 84' lang='grc' dir='ltr'><strong>καί</strong></span> <span class='ocrx_word' id='word_1_321' title='bbox 865 2294 1023 2357; x_wconf 78' lang='grc' dir='ltr'><strong>τοῦτὸ</strong></span> <span class='ocrx_word' id='word_1_322' title='bbox 1055 2306 1194 2375; x_wconf 86' lang='grc' dir='ltr'><strong>μετά</strong></span> <span class='ocrx_word' id='word_1_323' title='bbox 1233 2306 1342 2359; x_wconf 83' lang='grc' dir='ltr'>τῶν</span> <span class='ocrx_word' id='word_1_324' title='bbox 1383 2306 1559 2360; x_wconf 80' lang='grc' dir='ltr'>ἄλλων</span> <span class='ocrx_word' id='word_1_325' title='bbox 1589 2310 1646 2360; x_wconf 81' lang='grc' dir='ltr'><strong>ἐν</strong></span> <span class='ocrx_word' id='word_1_326' title='bbox 1678 2307 1879 2378; x_wconf 86' lang='grc' dir='ltr'>πρώτῳ</span> <span class='ocrx_word' id='word_1_327' title='bbox 1916 2302 2158 2374; x_wconf 77' lang='grc' dir='ltr'>Χριστῷ,</span> <span class='ocrx_word' id='word_1_328' title='bbox 2188 2303 2273 2357; x_wconf 83' lang='grc' dir='ltr'><strong>ἵνα</strong></span> <span class='ocrx_word' id='word_1_329' title='bbox 2304 2303 2398 2357; x_wconf 74' lang='grc' dir='ltr'>καὶ</span> <span class='ocrx_word' id='word_1_330' title='bbox 2427 2305 2508 2367; x_wconf 74' lang='grc' dir='ltr'>εὶς</span> <span class='ocrx_word' id='word_1_331' title='bbox 2533 2305 2680 2374; x_wconf 83' lang='grc' dir='ltr'><strong>ἡμᾶς</strong></span> <span class='ocrx_word' id='word_1_332' title='bbox 2706 2304 2884 2375; x_wconf 70' lang='grc' dir='ltr'><strong>διαδῇο</strong></span> 
     </span>
    </p>
   </div>
   <div class='ocr_carea' id='block_1_42' title="bbox 372 2393 1905 2473">
    <p class='ocr_par' dir='ltr' id='par_1_42' title="bbox 372 2393 1882 2473">
     <span class='ocr_line' id='line_1_42' title="bbox 372 2393 1882 2473; baseline 0.006 -29"><span class='ocrx_word' id='word_1_333' title='bbox 372 2393 482 2445; x_wconf 77' lang='grc' dir='ltr'>Καὶ</span> <span class='ocrx_word' id='word_1_334' title='bbox 517 2394 578 2446; x_wconf 84' lang='grc' dir='ltr'>τὸ</span> <span class='ocrx_word' id='word_1_335' title='bbox 603 2397 811 2467; x_wconf 82' lang='grc' dir='ltr'>ἐρωτᾷν</span> <span class='ocrx_word' id='word_1_336' title='bbox 843 2397 918 2467; x_wconf 83' lang='grc'><strong>(1)</strong></span> <span class='ocrx_word' id='word_1_337' title='bbox 950 2395 1043 2451; x_wconf 80' lang='grc' dir='ltr'><strong>οὖν</strong></span> <span class='ocrx_word' id='word_1_338' title='bbox 1078 2400 1335 2471; x_wconf 78' lang='grc' dir='ltr'>οὐδεμίαν</span> <span class='ocrx_word' id='word_1_339' title='bbox 1370 2402 1590 2469; x_wconf 76' lang='grc' dir='ltr'>ἄγνοιαν</span> <span class='ocrx_word' id='word_1_340' title='bbox 1621 2401 1775 2473; x_wconf 80' lang='grc' dir='ltr'>φέρει</span> <span class='ocrx_word' id='word_1_341' title='bbox 1804 2400 1882 2471; x_wconf 83' lang='grc' dir='ltr'>τῷ</span> 
     </span>
    </p>
   </div>
   <div class='ocr_carea' id='block_1_43' title="bbox 2029 2393 3562 2473">
    <p class='ocr_par' dir='ltr' id='par_1_43' title="bbox 2057 2397 3562 2469">
     <span class='ocr_line' id='line_1_43' title="bbox 2057 2397 3562 2469; baseline 0.002 -18"><span class='ocrx_word' id='word_1_342' title='bbox 2057 2397 2425 2466; x_wconf 86' lang='lat' dir='ltr'><strong>Interrogatio</strong></span> <span class='ocrx_word' id='word_1_343' title='bbox 2452 2398 2657 2451; x_wconf 91' lang='lat' dir='ltr'><strong>nullam</strong></span> <span class='ocrx_word' id='word_1_344' title='bbox 2714 2398 3083 2468; x_wconf 82' lang='lat' dir='ltr'><strong>ignorantiam</strong></span> <span class='ocrx_word' id='word_1_345' title='bbox 3130 2399 3407 2469; x_wconf 84' lang='lat' dir='ltr'><strong>signiﬁcat</strong></span> <span class='ocrx_word' id='word_1_346' title='bbox 3443 2399 3562 2468; x_wconf 84' lang='lat' dir='ltr'><strong>ejus</strong></span> 
     </span>
    </p>
   </div>
   <div class='ocr_carea' id='block_1_44' title="bbox 302 2482 1835 2562">
    <p class='ocr_par' dir='ltr' id='par_1_44' title="bbox 302 2482 1835 2562">
     <span class='ocr_line' id='line_1_44' title="bbox 302 2482 1835 2562; baseline 0.007 -28"><span class='ocrx_word' id='word_1_347' title='bbox 302 2482 370 2534; x_wconf 86' lang='grc' dir='ltr'>δι’</span> <span class='ocrx_word' id='word_1_348' title='bbox 389 2486 538 2553; x_wconf 79' lang='grc' dir='ltr'>ἡμᾶς</span> <span class='ocrx_word' id='word_1_349' title='bbox 567 2486 686 2539; x_wconf 87' lang='grc' dir='ltr'>καθ’</span> <span class='ocrx_word' id='word_1_350' title='bbox 716 2488 862 2557; x_wconf 83' lang='grc' dir='ltr'><strong>ἡμᾶς</strong></span> <span class='ocrx_word' id='word_1_351' title='bbox 893 2490 1172 2560; x_wconf 79' lang='grc' dir='ltr'>γενομένῳ</span> <span class='ocrx_word' id='word_1_352' title='bbox 1198 2509 1209 2521; x_wconf 92' lang='grc'><strong>·</strong></span> <span class='ocrx_word' id='word_1_353' title='bbox 1260 2491 1376 2544; x_wconf 83' lang='grc' dir='ltr'>ἀλλ’</span> <span class='ocrx_word' id='word_1_354' title='bbox 1412 2494 1474 2545; x_wconf 82' lang='grc' dir='ltr'><strong>ἐκ</strong></span> <span class='ocrx_word' id='word_1_355' title='bbox 1504 2491 1655 2545; x_wconf 76' lang='grc' dir='ltr'>τοῦδε</span> <span class='ocrx_word' id='word_1_356' title='bbox 1682 2490 1835 2562; x_wconf 77' lang='grc' dir='ltr'>μᾶλλι</span> 
     </span>
    </p>
   </div>
   <div class='ocr_carea' id='block_1_45' title="bbox 2025 2482 3558 2562">
    <p class='ocr_par' dir='ltr' id='par_1_45' title="bbox 2027 2488 3558 2559">
     <span class='ocr_line' id='line_1_45' title="bbox 2027 2488 3558 2559; baseline 0 -16"><span class='ocrx_word' id='word_1_357' title='bbox 2027 2490 2079 2543; x_wconf 83' lang='grc' dir='ltr'>υἱ</span> <span class='ocrx_word' id='word_1_358' title='bbox 2148 2498 2375 2559; x_wconf 88' lang='lat' dir='ltr'><strong>propter</strong></span> <span class='ocrx_word' id='word_1_359' title='bbox 2434 2504 2536 2544; x_wconf 92' lang='lat' dir='ltr'><strong>nos</strong></span> <span class='ocrx_word' id='word_1_360' title='bbox 2593 2488 2793 2544; x_wconf 88' lang='lat' dir='ltr'><strong>similis</strong></span> <span class='ocrx_word' id='word_1_361' title='bbox 2847 2489 3008 2546; x_wconf 91' lang='lat' dir='ltr'><strong>nobis</strong></span> <span class='ocrx_word' id='word_1_362' title='bbox 3063 2491 3242 2545; x_wconf 83' lang='lat' dir='ltr'><strong>factus</strong></span> <span class='ocrx_word' id='word_1_363' title='bbox 3305 2502 3386 2545; x_wconf 92' lang='lat' dir='ltr'><strong>est</strong></span> <span class='ocrx_word' id='word_1_364' title='bbox 3439 2491 3489 2521; x_wconf 75' lang='lat'>“</span> <span class='ocrx_word' id='word_1_365' title='bbox 3546 2508 3558 2543; x_wconf 90' lang='lat'>:</span> 
     </span>
    </p>
   </div>
   <div class='ocr_carea' id='block_1_46' title="bbox 303 2580 1836 2659">
    <p class='ocr_par' dir='ltr' id='par_1_46' title="bbox 303 2580 1836 2659">
     <span class='ocr_line' id='line_1_46' title="bbox 303 2580 1836 2659; baseline 0.007 -29"><span class='ocrx_word' id='word_1_366' title='bbox 303 2580 418 2642; x_wconf 78' lang='grc' dir='ltr'>ἴσος</span> <span class='ocrx_word' id='word_1_367' title='bbox 454 2580 529 2649; x_wconf 82' lang='grc' dir='ltr'>τῷ</span> <span class='ocrx_word' id='word_1_368' title='bbox 560 2582 733 2651; x_wconf 87' lang='grc' dir='ltr'>Πατρί</span> <span class='ocrx_word' id='word_1_369' title='bbox 767 2583 1060 2638; x_wconf 79' lang='grc' dir='ltr'>δείκνυται·</span> <span class='ocrx_word' id='word_1_370' title='bbox 1086 2588 1179 2640; x_wconf 70' lang='grc' dir='ltr'><strong>καὶ</strong></span> <span class='ocrx_word' id='word_1_371' title='bbox 1201 2586 1307 2659; x_wconf 86' lang='grc' dir='ltr'><strong>γὰρ</strong></span> <span class='ocrx_word' id='word_1_372' title='bbox 1326 2590 1531 2651; x_wconf 82' lang='grc' dir='ltr'>ἐκεῖνος</span> <span class='ocrx_word' id='word_1_373' title='bbox 1554 2590 1754 2659; x_wconf 80' lang='grc' dir='ltr'>ἐρωτᾷ,</span> <span class='ocrx_word' id='word_1_374' title='bbox 1780 2606 1836 2641; x_wconf 79' lang='grc' dir='ltr'>πε</span> 
     </span>
    </p>
   </div>
   <div class='ocr_carea' id='block_1_47' title="bbox 2026 2580 3559 2659">
    <p class='ocr_par' dir='ltr' id='par_1_47' title="bbox 2026 2580 3559 2649">
     <span class='ocr_line' id='line_1_47' title="bbox 2026 2580 3559 2649; baseline 0.001 -17"><span class='ocrx_word' id='word_1_375' title='bbox 2026 2595 2092 2634; x_wconf 92' lang='lat' dir='ltr'><strong>no</strong></span> <span class='ocrx_word' id='word_1_376' title='bbox 2123 2581 2203 2635; x_wconf 92' lang='lat' dir='ltr'><strong>sic</strong></span> <span class='ocrx_word' id='word_1_377' title='bbox 2245 2580 2397 2633; x_wconf 88' lang='lat' dir='ltr'><strong>Patri</strong></span> <span class='ocrx_word' id='word_1_378' title='bbox 2449 2580 2632 2649; x_wconf 87' lang='lat' dir='ltr'><strong>potius</strong></span> <span class='ocrx_word' id='word_1_379' title='bbox 2682 2594 2784 2634; x_wconf 89' lang='lat' dir='ltr'><strong>suo</strong></span> <span class='ocrx_word' id='word_1_380' title='bbox 2841 2580 3040 2635; x_wconf 88' lang='lat' dir='ltr'><strong>similis</strong></span> <span class='ocrx_word' id='word_1_381' title='bbox 3094 2580 3559 2636; x_wconf 84' lang='lat' dir='ltr'><strong>demonstratur:</strong></span> 
     </span>
    </p>
   </div>
   <div class='ocr_carea' id='block_1_48' title="bbox 315 2665 1848 2745">
    <p class='ocr_par' dir='ltr' id='par_1_48' title="bbox 315 2665 1848 2745">
     <span class='ocr_line' id='line_1_48' title="bbox 315 2665 1848 2745; baseline 0.009 -26"><span class='ocrx_word' id='word_1_382' title='bbox 315 2668 488 2736; x_wconf 77' lang='grc' dir='ltr'>Ἀδὰμ</span> <span class='ocrx_word' id='word_1_383' title='bbox 518 2665 606 2740; x_wconf 76' lang='grc' dir='ltr'><strong>ἦν’</strong></span> <span class='ocrx_word' id='word_1_384' title='bbox 646 2674 738 2725; x_wconf 69' lang='grc' dir='ltr'><strong>καὶ</strong></span> <span class='ocrx_word' id='word_1_385' title='bbox 766 2665 922 2737; x_wconf 74' lang='grc' dir='ltr'>οὗτος</span> <span class='ocrx_word' id='word_1_386' title='bbox 955 2674 1178 2744; x_wconf 80' lang='grc' dir='ltr'>ἄγνοιαν</span> <span class='ocrx_word' id='word_1_387' title='bbox 1227 2677 1529 2745; x_wconf 72' lang='grc' dir='ltr'>σοφίζεται,</span> <span class='ocrx_word' id='word_1_388' title='bbox 1558 2678 1653 2731; x_wconf 78' lang='grc' dir='ltr'>καὶ</span> <span class='ocrx_word' id='word_1_389' title='bbox 1678 2678 1848 2733; x_wconf 83' lang='grc' dir='ltr'>πυνθά</span> 
     </span>
    </p>
   </div>
   <div class='ocr_carea' id='block_1_49' title="bbox 2028 2665 3561 2745">
    <p class='ocr_par' dir='ltr' id='par_1_49' title="bbox 2028 2672 3561 2743">
     <span class='ocr_line' id='line_1_49' title="bbox 2028 2672 3561 2743; baseline 0.003 -19"><span class='ocrx_word' id='word_1_390' title='bbox 2028 2688 2226 2743; x_wconf 88' lang='lat' dir='ltr'><strong>amque</strong></span> <span class='ocrx_word' id='word_1_391' title='bbox 2289 2683 2343 2726; x_wconf 88' lang='lat' dir='ltr'><strong>et</strong></span> <span class='ocrx_word' id='word_1_392' title='bbox 2407 2673 2500 2727; x_wconf 88' lang='lat' dir='ltr'><strong>ille</strong></span> <span class='ocrx_word' id='word_1_393' title='bbox 2562 2672 2961 2743; x_wconf 78' lang='lat' dir='ltr'><strong>interrogavit,</strong></span> <span class='ocrx_word' id='word_1_394' title='bbox 3026 2673 3251 2727; x_wconf 89' lang='lat' dir='ltr'><strong>ubinam</strong></span> <span class='ocrx_word' id='word_1_395' title='bbox 3315 2672 3561 2728; x_wconf 84' lang='lat' dir='ltr'><strong>Adamus</strong></span> 
     </span>
    </p>
   </div>
   <div class='ocr_carea' id='block_1_50' title="bbox 302 2761 1835 2840">
    <p class='ocr_par' dir='ltr' id='par_1_50' title="bbox 302 2762 1835 2840">
     <span class='ocr_line' id='line_1_50' title="bbox 302 2762 1835 2840; baseline 0.008 -29"><span class='ocrx_word' id='word_1_396' title='bbox 302 2762 627 2815; x_wconf 80' lang='grc' dir='ltr'>νεται·‹Ποῠ</span> <span class='ocrx_word' id='word_1_397' title='bbox 656 2765 959 2831; x_wconf 87' lang='grc' dir='ltr'>τεθείκατε;</span> <span class='ocrx_word' id='word_1_398' title='bbox 989 2788 1006 2818; x_wconf 71' lang='grc' dir='ltr'><strong>ι</strong></span> <span class='ocrx_word' id='word_1_399' title='bbox 1028 2768 1169 2821; x_wconf 83' lang='grc' dir='ltr'>ὥστε</span> <span class='ocrx_word' id='word_1_400' title='bbox 1200 2769 1287 2822; x_wconf 81' lang='grc' dir='ltr'>διὰ</span> <span class='ocrx_word' id='word_1_401' title='bbox 1311 2771 1408 2840; x_wconf 84' lang='grc' dir='ltr'>τῆς</span> <span class='ocrx_word' id='word_1_402' title='bbox 1444 2769 1719 2834; x_wconf 79' lang='grc' dir='ltr'>πεύσεως,</span> <span class='ocrx_word' id='word_1_403' title='bbox 1748 2771 1835 2825; x_wconf 77' lang='grc' dir='ltr'>πλὶ</span> 
     </span>
    </p>
   </div>
   <div class='ocr_carea' id='block_1_51' title="bbox 2031 2761 3564 2840">
    <p class='ocr_par' dir='ltr' id='par_1_51' title="bbox 2031 2761 3564 2833">
     <span class='ocr_line' id='line_1_51' title="bbox 2031 2761 3564 2833; baseline -0.001 -16"><span class='ocrx_word' id='word_1_404' title='bbox 2031 2772 2132 2818; x_wconf 78' lang='lat' dir='ltr'><strong>sset</strong></span> <span class='ocrx_word' id='word_1_405' title='bbox 2167 2784 2179 2818; x_wconf 88' lang='lat'><strong>:</strong></span> <span class='ocrx_word' id='word_1_406' title='bbox 2217 2770 2271 2818; x_wconf 88' lang='lat' dir='ltr'><strong>et</strong></span> <span class='ocrx_word' id='word_1_407' title='bbox 2302 2778 2451 2817; x_wconf 90' lang='lat' dir='ltr'><strong>nunc</strong></span> <span class='ocrx_word' id='word_1_408' title='bbox 2488 2761 2654 2818; x_wconf 84' lang='lat' dir='ltr'><strong>Jesus</strong></span> <span class='ocrx_word' id='word_1_409' title='bbox 2706 2762 3073 2833; x_wconf 81' lang='lat' dir='ltr'><strong>ignorantiam</strong></span> <span class='ocrx_word' id='word_1_410' title='bbox 3113 2762 3283 2817; x_wconf 88' lang='lat' dir='ltr'><strong>veluti</strong></span> <span class='ocrx_word' id='word_1_411' title='bbox 3340 2762 3564 2816; x_wconf 89' lang='lat' dir='ltr'><strong>simulat</strong></span> 
     </span>
    </p>
   </div>
   <div class='ocr_carea' id='block_1_52' title="bbox 304 2852 1837 2933">
    <p class='ocr_par' dir='ltr' id='par_1_52' title="bbox 304 2852 1837 2933">
     <span class='ocr_line' id='line_1_52' title="bbox 304 2852 1837 2933; baseline 0.006 -29"><span class='ocrx_word' id='word_1_412' title='bbox 304 2852 395 2915; x_wconf 86' lang='grc' dir='ltr'>θος</span> <span class='ocrx_word' id='word_1_413' title='bbox 429 2855 825 2926; x_wconf 84' lang='grc' dir='ltr'>συναγερθῆναι</span> <span class='ocrx_word' id='word_1_414' title='bbox 857 2858 992 2928; x_wconf 81' lang='grc' dir='ltr'>πρὸς</span> <span class='ocrx_word' id='word_1_415' title='bbox 1016 2860 1116 2930; x_wconf 81' lang='grc' dir='ltr'><strong>τὴν</strong></span> <span class='ocrx_word' id='word_1_416' title='bbox 1145 2860 1449 2926; x_wconf 83' lang='grc' dir='ltr'>ἀπόδειξιν,</span> <span class='ocrx_word' id='word_1_417' title='bbox 1472 2862 1565 2915; x_wconf 81' lang='grc' dir='ltr'><strong>καί</strong></span> <span class='ocrx_word' id='word_1_418' title='bbox 1597 2863 1749 2933; x_wconf 76' lang='grc' dir='ltr'>παρὰ</span> <span class='ocrx_word' id='word_1_419' title='bbox 1776 2862 1837 2915; x_wconf 77' lang='grc' dir='ltr'>τᾶ</span> 
     </span>
    </p>
   </div>
   <div class='ocr_carea' id='block_1_53' title="bbox 2030 2852 3563 2933">
    <p class='ocr_par' dir='ltr' id='par_1_53' title="bbox 2030 2853 3563 2924">
     <span class='ocr_line' id='line_1_53' title="bbox 2030 2853 3563 2924; baseline -0.003 -13"><span class='ocrx_word' id='word_1_420' title='bbox 2030 2857 2302 2918; x_wconf 82' lang='lat' dir='ltr'><strong>:iscitans,</strong></span> <span class='ocrx_word' id='word_1_421' title='bbox 2341 2874 2359 2907; x_wconf 75' lang='grc' dir='ltr'><strong>ι</strong></span> <span class='ocrx_word' id='word_1_422' title='bbox 2400 2855 2638 2910; x_wconf 90' lang='lat' dir='ltr'><strong>Ubinam</strong></span> <span class='ocrx_word' id='word_1_423' title='bbox 2689 2854 2992 2924; x_wconf 87' lang='lat' dir='ltr'><strong>posuistis?</strong></span> <span class='ocrx_word' id='word_1_424' title='bbox 3028 2873 3046 2905; x_wconf 75' lang='grc' dir='ltr'><strong>ι</strong></span> <span class='ocrx_word' id='word_1_425' title='bbox 3089 2862 3141 2908; x_wconf 88' lang='lat' dir='ltr'><strong>ut</strong></span> <span class='ocrx_word' id='word_1_426' title='bbox 3190 2853 3262 2909; x_wconf 92' lang='lat' dir='ltr'><strong>ob</strong></span> <span class='ocrx_word' id='word_1_427' title='bbox 3298 2853 3441 2907; x_wconf 88' lang='lat' dir='ltr'><strong>hanc</strong></span> <span class='ocrx_word' id='word_1_428' title='bbox 3482 2855 3563 2906; x_wconf 89' lang='lat' dir='ltr'><strong>in-</strong></span> 
     </span>
    </p>
   </div>
   <div class='ocr_carea' id='block_1_54' title="bbox 302 2943 1835 3023">
    <p class='ocr_par' dir='ltr' id='par_1_54' title="bbox 302 2944 1835 3023">
     <span class='ocr_line' id='line_1_54' title="bbox 302 2944 1835 3023; baseline 0.007 -29"><span class='ocrx_word' id='word_1_429' title='bbox 302 2944 514 3015; x_wconf 84' lang='grc' dir='ltr'>ἐχθρῶν</span> <span class='ocrx_word' id='word_1_430' title='bbox 567 2948 767 3017; x_wconf 82' lang='grc' dir='ltr'>μᾶλλον</span> <span class='ocrx_word' id='word_1_431' title='bbox 835 2952 1247 3021; x_wconf 78' lang='grc' dir='ltr'>μαρτυρηθῆναι</span> <span class='ocrx_word' id='word_1_432' title='bbox 1293 2951 1354 3004; x_wconf 84' lang='grc' dir='ltr'><strong>τὸ</strong></span> <span class='ocrx_word' id='word_1_433' title='bbox 1414 2952 1715 3023; x_wconf 83' lang='grc' dir='ltr'>παράδοξον</span> <span class='ocrx_word' id='word_1_434' title='bbox 1783 2953 1835 3005; x_wconf 72' lang='grc' dir='ltr'><strong>τί</strong></span> 
     </span>
    </p>
   </div>
   <div class='ocr_carea' id='block_1_55' title="bbox 2031 2943 3564 3023">
    <p class='ocr_par' dir='ltr' id='par_1_55' title="bbox 2031 2943 3564 3017">
     <span class='ocr_line' id='line_1_55' title="bbox 2031 2943 3564 3017; baseline -0.003 -15"><span class='ocrx_word' id='word_1_435' title='bbox 2031 2948 2427 3017; x_wconf 72' lang='lat' dir='ltr'><strong>:rrogationem</strong></span> <span class='ocrx_word' id='word_1_436' title='bbox 2492 2946 2729 3017; x_wconf 89' lang='lat' dir='ltr'><strong>populus</strong></span> <span class='ocrx_word' id='word_1_437' title='bbox 2790 2951 3152 2999; x_wconf 87' lang='lat' dir='ltr'><strong>concurreret</strong></span> <span class='ocrx_word' id='word_1_438' title='bbox 3212 2943 3280 2998; x_wconf 91' lang='lat' dir='ltr'><strong>ad</strong></span> <span class='ocrx_word' id='word_1_439' title='bbox 3339 2943 3564 2998; x_wconf 91' lang='lat' dir='ltr'><strong>demon-</strong></span> 
     </span>
    </p>
   </div>
   <div class='ocr_carea' id='block_1_56' title="bbox 300 3036 1833 3117">
    <p class='ocr_par' dir='ltr' id='par_1_56' title="bbox 300 3036 1833 3117">
     <span class='ocr_line' id='line_1_56' title="bbox 300 3036 1833 3117; baseline 0.005 -28"><span class='ocrx_word' id='word_1_440' title='bbox 300 3036 653 3103; x_wconf 79' lang='grc' dir='ltr'>ἀναὸιὼσεως</span> <span class='ocrx_word' id='word_1_441' title='bbox 682 3041 776 3094; x_wconf 81' lang='grc' dir='ltr'>τοῦ</span> <span class='ocrx_word' id='word_1_442' title='bbox 802 3043 901 3114; x_wconf 80' lang='grc' dir='ltr'><strong>ἤδη</strong></span> <span class='ocrx_word' id='word_1_443' title='bbox 935 3043 1349 3114; x_wconf 79' lang='grc' dir='ltr'>διαφθαρέντος.</span> <span class='ocrx_word' id='word_1_444' title='bbox 1374 3075 1439 3086; x_wconf 87' lang='grc'><strong>--</strong></span> <span class='ocrx_word' id='word_1_445' title='bbox 1468 3047 1680 3117; x_wconf 85' lang='grc' dir='ltr'>Ἐρωτᾷ</span> <span class='ocrx_word' id='word_1_446' title='bbox 1704 3045 1833 3098; x_wconf 72' lang='grc' dir='ltr'>τοίνι</span> 
     </span>
    </p>
   </div>
   <div class='ocr_carea' id='block_1_57' title="bbox 2027 3036 3560 3117">
    <p class='ocr_par' dir='ltr' id='par_1_57' title="bbox 2027 3036 3560 3107">
     <span class='ocr_line' id='line_1_57' title="bbox 2027 3036 3560 3107; baseline -0.003 -14"><span class='ocrx_word' id='word_1_447' title='bbox 2027 3040 2278 3093; x_wconf 78' lang='lat' dir='ltr'><strong>trandum</strong></span> <span class='ocrx_word' id='word_1_448' title='bbox 2332 3040 2535 3100; x_wconf 89' lang='lat' dir='ltr'><strong>locum,</strong></span> <span class='ocrx_word' id='word_1_449' title='bbox 2583 3045 2748 3107; x_wconf 89' lang='lat' dir='ltr'><strong>atque</strong></span> <span class='ocrx_word' id='word_1_450' title='bbox 2814 3038 2888 3091; x_wconf 91' lang='lat' dir='ltr'><strong>ita</strong></span> <span class='ocrx_word' id='word_1_451' title='bbox 2950 3037 3159 3091; x_wconf 90' lang='lat' dir='ltr'><strong>inimici</strong></span> <span class='ocrx_word' id='word_1_452' title='bbox 3215 3036 3560 3106; x_wconf 87' lang='lat' dir='ltr'><strong>potissimum</strong></span> 
     </span>
    </p>
   </div>
   <div class='ocr_carea' id='block_1_58' title="bbox 300 3093 1833 3205">
    <p class='ocr_par' dir='ltr' id='par_1_58' title="bbox 300 3093 1833 3205">
     <span class='ocr_line' id='line_1_58' title="bbox 300 3093 1833 3205; baseline 0.007 -27"><span class='ocrx_word' id='word_1_453' title='bbox 300 3126 401 3195; x_wconf 79' lang='grc' dir='ltr'>οὐχ</span> <span class='ocrx_word' id='word_1_454' title='bbox 431 3128 505 3190; x_wconf 80' lang='grc' dir='ltr'><strong>ὡς</strong></span> <span class='ocrx_word' id='word_1_455' title='bbox 532 3093 741 3197; x_wconf 74' lang='grc' dir='ltr'>ἀγνοῶν</span> <span class='ocrx_word' id='word_1_456' title='bbox 757 3093 779 3160; x_wconf 11' lang='grc' dir='ltr'><strong>ὲ·</strong></span> <span class='ocrx_word' id='word_1_457' title='bbox 809 3093 926 3185; x_wconf 37' lang='lat' dir='ltr'><strong>ﬁt</strong></span> <span class='ocrx_word' id='word_1_458' title='bbox 1246 3093 1698 3205; x_wconf 48' lang='grc' dir='ltr'>ἀλλοδαπῆξ,</span> 
     </span>
    </p>
   </div>
   <div class='ocr_carea' id='block_1_59' title="bbox 2029 3093 3562 3205">
    <p class='ocr_par' dir='ltr' id='par_1_59' title="bbox 2029 3129 3562 3199">
     <span class='ocr_line' id='line_1_59' title="bbox 2029 3129 3562 3199; baseline -0.004 -11"><span class='ocrx_word' id='word_1_459' title='bbox 2029 3143 2160 3188; x_wconf 71' lang='lat' dir='ltr'><strong>astes</strong></span> <span class='ocrx_word' id='word_1_460' title='bbox 2196 3132 2389 3186; x_wconf 85' lang='lat' dir='ltr'><strong>ﬁerent</strong></span> <span class='ocrx_word' id='word_1_461' title='bbox 2427 3131 2680 3184; x_wconf 90' lang='lat' dir='ltr'><strong>miraculi</strong></span> <span class='ocrx_word' id='word_1_462' title='bbox 2728 3130 3046 3184; x_wconf 88' lang='lat' dir='ltr'><strong>resuscitati</strong></span> <span class='ocrx_word' id='word_1_463' title='bbox 3098 3129 3359 3196; x_wconf 91' lang='lat' dir='ltr'><strong>hominis,</strong></span> <span class='ocrx_word' id='word_1_464' title='bbox 3401 3144 3562 3199; x_wconf 90' lang='lat' dir='ltr'><strong>quem</strong></span> 
     </span>
    </p>
   </div>
   <div class='ocr_carea' id='block_1_60' title="bbox 300 3216 1833 3296">
    <p class='ocr_par' dir='ltr' id='par_1_60' title="bbox 300 3216 1833 3296">
     <span class='ocr_line' id='line_1_60' title="bbox 300 3216 1833 3296; baseline 0.007 -28"><span class='ocrx_word' id='word_1_465' title='bbox 300 3216 385 3269; x_wconf 80' lang='grc' dir='ltr'><strong>ὅτι</strong></span> <span class='ocrx_word' id='word_1_466' title='bbox 412 3217 639 3289; x_wconf 80' lang='grc' dir='ltr'>τέθνηκε</span> <span class='ocrx_word' id='word_1_467' title='bbox 662 3261 675 3277; x_wconf 85' lang='grc'><strong>.</strong></span> <span class='ocrx_word' id='word_1_468' title='bbox 712 3221 828 3285; x_wconf 85' lang='grc' dir='ltr'>πῶς</span> <span class='ocrx_word' id='word_1_469' title='bbox 867 3223 933 3276; x_wconf 88' lang='grc' dir='ltr'><strong>ἂν</strong></span> <span class='ocrx_word' id='word_1_470' title='bbox 965 3224 1199 3293; x_wconf 73' lang='grc' dir='ltr'>ἠγνόησε</span> <span class='ocrx_word' id='word_1_471' title='bbox 1245 3225 1306 3277; x_wconf 75' lang='grc' dir='ltr'>τὸ</span> <span class='ocrx_word' id='word_1_472' title='bbox 1352 3227 1571 3296; x_wconf 82' lang='grc' dir='ltr'>μνῆμα;</span> <span class='ocrx_word' id='word_1_473' title='bbox 1636 3226 1797 3294; x_wconf 83' lang='grc' dir='ltr'>Λέγει</span> <span class='ocrx_word' id='word_1_474' title='bbox 1829 3248 1833 3271; x_wconf 68' lang='grc' dir='ltr'><strong>ε</strong></span> 
     </span>
    </p>
   </div>
   <div class='ocr_carea' id='block_1_61' title="bbox 2029 3216 3562 3296">
    <p class='ocr_par' dir='ltr' id='par_1_61' title="bbox 2029 3223 3562 3292">
     <span class='ocr_line' id='line_1_61' title="bbox 2029 3223 3562 3292; baseline 0 -14"><span class='ocrx_word' id='word_1_475' title='bbox 2029 3241 2101 3278; x_wconf 77' lang='lat' dir='ltr'><strong>im</strong></span> <span class='ocrx_word' id='word_1_476' title='bbox 2130 3223 2359 3278; x_wconf 80' lang='lat' dir='ltr'><strong>funerea</strong></span> <span class='ocrx_word' id='word_1_477' title='bbox 2391 3223 2545 3277; x_wconf 88' lang='lat' dir='ltr'><strong>tabes</strong></span> <span class='ocrx_word' id='word_1_478' title='bbox 2572 3230 2919 3292; x_wconf 88' lang='lat' dir='ltr'><strong>corruperat.</strong></span> <span class='ocrx_word' id='word_1_479' title='bbox 2954 3252 3026 3261; x_wconf 90' lang='lat'><strong><em>—</em></strong></span> <span class='ocrx_word' id='word_1_480' title='bbox 3052 3224 3362 3290; x_wconf 72' lang='lat' dir='ltr'><strong>lutei-rogat</strong></span> <span class='ocrx_word' id='word_1_481' title='bbox 3410 3237 3562 3292; x_wconf 75' lang='lat' dir='ltr'><strong>ergo,</strong></span> 
     </span>
    </p>
   </div>
   <div class='ocr_carea' id='block_1_62' title="bbox 302 3307 1835 3388">
    <p class='ocr_par' dir='ltr' id='par_1_62' title="bbox 302 3307 1835 3388">
     <span class='ocr_line' id='line_1_62' title="bbox 302 3307 1835 3388; baseline 0.006 -27"><span class='ocrx_word' id='word_1_482' title='bbox 302 3307 477 3373; x_wconf 75' lang='grc' dir='ltr'>οὕτως</span> <span class='ocrx_word' id='word_1_483' title='bbox 510 3310 587 3374; x_wconf 85' lang='grc' dir='ltr'><strong>ὠς</strong></span> <span class='ocrx_word' id='word_1_484' title='bbox 626 3312 1015 3385; x_wconf 73' lang='grc' dir='ltr'>ἀφιλόκομπος.</span> <span class='ocrx_word' id='word_1_485' title='bbox 1058 3316 1133 3368; x_wconf 79' lang='grc' dir='ltr'><strong>Οὐ</strong></span> <span class='ocrx_word' id='word_1_486' title='bbox 1171 3317 1277 3388; x_wconf 83' lang='grc' dir='ltr'>μὴν</span> <span class='ocrx_word' id='word_1_487' title='bbox 1305 3317 1360 3369; x_wconf 83' lang='grc' dir='ltr'>δὲ</span> <span class='ocrx_word' id='word_1_488' title='bbox 1388 3313 1540 3370; x_wconf 83' lang='grc' dir='ltr'>εἶπεν</span> <span class='ocrx_word' id='word_1_489' title='bbox 1561 3334 1574 3347; x_wconf 90' lang='grc'><strong>·</strong></span> <span class='ocrx_word' id='word_1_490' title='bbox 1627 3319 1835 3387; x_wconf 79' lang='grc' dir='ltr'>Ἀγωμε</span> 
     </span>
    </p>
   </div>
   <div class='ocr_carea' id='block_1_63' title="bbox 2031 3307 3564 3388">
    <p class='ocr_par' dir='ltr' id='par_1_63' title="bbox 2031 3312 3564 3384">
     <span class='ocr_line' id='line_1_63' title="bbox 2031 3312 3564 3384; baseline -0.002 -16"><span class='ocrx_word' id='word_1_491' title='bbox 2031 3331 2103 3368; x_wconf 83' lang='grc' dir='ltr'>οη</span> <span class='ocrx_word' id='word_1_492' title='bbox 2146 3314 2274 3384; x_wconf 86' lang='lat' dir='ltr'><strong>quia</strong></span> <span class='ocrx_word' id='word_1_493' title='bbox 2311 3313 2530 3383; x_wconf 81' lang='lat' dir='ltr'><strong>ignoret</strong></span> <span class='ocrx_word' id='word_1_494' title='bbox 2566 3331 2579 3366; x_wconf 88' lang='lat'>:</span> <span class='ocrx_word' id='word_1_495' title='bbox 2611 3327 2736 3366; x_wconf 92' lang='lat' dir='ltr'><strong>nam</strong></span> <span class='ocrx_word' id='word_1_496' title='bbox 2772 3313 2863 3381; x_wconf 93' lang='lat' dir='ltr'><strong>qui</strong></span> <span class='ocrx_word' id='word_1_497' title='bbox 2908 3312 3074 3366; x_wconf 88' lang='lat' dir='ltr'><strong>etiam</strong></span> <span class='ocrx_word' id='word_1_498' title='bbox 3110 3312 3164 3365; x_wconf 89' lang='lat' dir='ltr'><strong>in</strong></span> <span class='ocrx_word' id='word_1_499' title='bbox 3204 3312 3309 3364; x_wconf 88' lang='lat' dir='ltr'><strong>alia</strong></span> <span class='ocrx_word' id='word_1_500' title='bbox 3342 3315 3564 3381; x_wconf 82' lang='lat' dir='ltr'><strong>regione</strong></span> 
     </span>
    </p>
   </div>
   <div class='ocr_carea' id='block_1_64' title="bbox 303 3402 1836 3479">
    <p class='ocr_par' dir='ltr' id='par_1_64' title="bbox 303 3402 1836 3479">
     <span class='ocr_line' id='line_1_64' title="bbox 303 3402 1836 3479; baseline 0.006 -27"><span class='ocrx_word' id='word_1_501' title='bbox 303 3403 385 3464; x_wconf 88' lang='grc' dir='ltr'><strong>εἰς</strong></span> <span class='ocrx_word' id='word_1_502' title='bbox 411 3402 472 3454; x_wconf 85' lang='grc' dir='ltr'>τὸ</span> <span class='ocrx_word' id='word_1_503' title='bbox 496 3407 784 3473; x_wconf 73' lang='grc' dir='ltr'>μνημεῖοψ</span> <span class='ocrx_word' id='word_1_504' title='bbox 808 3406 986 3477; x_wconf 85' lang='grc' dir='ltr'>ἐγερῶ</span> <span class='ocrx_word' id='word_1_505' title='bbox 1012 3407 1121 3478; x_wconf 85' lang='grc' dir='ltr'>γὰρ</span> <span class='ocrx_word' id='word_1_506' title='bbox 1141 3408 1304 3461; x_wconf 83' lang='grc' dir='ltr'>αὐτόν</span> <span class='ocrx_word' id='word_1_507' title='bbox 1324 3426 1337 3438; x_wconf 88' lang='grc'><strong>·</strong></span> <span class='ocrx_word' id='word_1_508' title='bbox 1374 3409 1421 3461; x_wconf 85' lang='grc' dir='ltr'><strong>εἰ</strong></span> <span class='ocrx_word' id='word_1_509' title='bbox 1447 3410 1621 3462; x_wconf 80' lang='grc' dir='ltr'>καὶτὸ</span> <span class='ocrx_word' id='word_1_510' title='bbox 1647 3408 1836 3479; x_wconf 75' lang='grc' dir='ltr'>μάλιστ</span> 
     </span>
    </p>
   </div>
   <div class='ocr_carea' id='block_1_65' title="bbox 2031 3402 3564 3479">
    <p class='ocr_par' dir='ltr' id='par_1_65' title="bbox 2031 3403 3564 3474">
     <span class='ocr_line' id='line_1_65' title="bbox 2031 3403 3564 3474; baseline -0.004 -13"><span class='ocrx_word' id='word_1_511' title='bbox 2031 3406 2339 3461; x_wconf 84' lang='lat' dir='ltr'><strong>onstitutus</strong></span> <span class='ocrx_word' id='word_1_512' title='bbox 2387 3411 2665 3459; x_wconf 91' lang='lat' dir='ltr'><strong>mortuum</strong></span> <span class='ocrx_word' id='word_1_513' title='bbox 2713 3412 3067 3474; x_wconf 86' lang='lat' dir='ltr'><strong>cognoverat,</strong></span> <span class='ocrx_word' id='word_1_514' title='bbox 3113 3403 3391 3473; x_wconf 88' lang='lat' dir='ltr'><strong>quomodo</strong></span> <span class='ocrx_word' id='word_1_515' title='bbox 3447 3417 3564 3456; x_wconf 90' lang='lat' dir='ltr'><strong>mo-</strong></span> 
     </span>
    </p>
   </div>
   <div class='ocr_carea' id='block_1_66' title="bbox 304 3494 1837 3574">
    <p class='ocr_par' dir='ltr' id='par_1_66' title="bbox 304 3494 1837 3574">
     <span class='ocr_line' id='line_1_66' title="bbox 304 3494 1837 3574; baseline 0.008 -30"><span class='ocrx_word' id='word_1_516' title='bbox 304 3494 576 3565; x_wconf 85' lang='grc' dir='ltr'>ἐρωτῆσαι</span> <span class='ocrx_word' id='word_1_517' title='bbox 614 3494 786 3561; x_wconf 74' lang='grc' dir='ltr'>οὕτως</span> <span class='ocrx_word' id='word_1_518' title='bbox 832 3498 1037 3570; x_wconf 86' lang='grc' dir='ltr'>ταύτην</span> <span class='ocrx_word' id='word_1_519' title='bbox 1095 3499 1206 3570; x_wconf 75' lang='grc' dir='ltr'>ἔχει</span> <span class='ocrx_word' id='word_1_520' title='bbox 1240 3500 1338 3571; x_wconf 77' lang='grc' dir='ltr'><strong>τὴν</strong></span> <span class='ocrx_word' id='word_1_521' title='bbox 1374 3502 1633 3572; x_wconf 79' lang='grc' dir='ltr'>ἔμφασιν.</span> <span class='ocrx_word' id='word_1_522' title='bbox 1691 3504 1837 3574; x_wconf 75' lang='grc' dir='ltr'>Ὅμα</span> 
     </span>
    </p>
   </div>
   <div class='ocr_carea' id='block_1_67' title="bbox 2028 3494 3561 3574">
    <p class='ocr_par' dir='ltr' id='par_1_67' title="bbox 2032 3494 3561 3564">
     <span class='ocr_line' id='line_1_67' title="bbox 2032 3494 3561 3564; baseline -0.003 -14"><span class='ocrx_word' id='word_1_523' title='bbox 2032 3504 2314 3550; x_wconf 91' lang='lat' dir='ltr'><strong>umentum</strong></span> <span class='ocrx_word' id='word_1_524' title='bbox 2373 3494 2717 3564; x_wconf 82' lang='lat' dir='ltr'><strong>ignorasset?</strong></span> <span class='ocrx_word' id='word_1_525' title='bbox 2761 3494 2853 3548; x_wconf 88' lang='lat' dir='ltr'><strong>Sic</strong></span> <span class='ocrx_word' id='word_1_526' title='bbox 2913 3501 3097 3548; x_wconf 85' lang='lat' dir='ltr'><strong>autem</strong></span> <span class='ocrx_word' id='word_1_527' title='bbox 3158 3494 3403 3563; x_wconf 86' lang='lat' dir='ltr'><strong>loquitur</strong></span> <span class='ocrx_word' id='word_1_528' title='bbox 3464 3508 3561 3547; x_wconf 92' lang='lat' dir='ltr'><strong>ceu</strong></span> 
     </span>
    </p>
   </div>
   <div class='ocr_carea' id='block_1_68' title="bbox 305 3584 1838 3663">
    <p class='ocr_par' dir='ltr' id='par_1_68' title="bbox 305 3585 1838 3663">
     <span class='ocr_line' id='line_1_68' title="bbox 305 3585 1838 3663; baseline 0.005 -27"><span class='ocrx_word' id='word_1_529' title='bbox 305 3585 587 3639; x_wconf 74' lang='grc' dir='ltr'>καὶτοῦτο</span> <span class='ocrx_word' id='word_1_530' title='bbox 629 3588 827 3650; x_wconf 87' lang='grc' dir='ltr'>εἰπὼν,</span> <span class='ocrx_word' id='word_1_531' title='bbox 860 3590 1091 3653; x_wconf 77' lang='grc' dir='ltr'>πολλοὺς</span> <span class='ocrx_word' id='word_1_532' title='bbox 1124 3592 1505 3663; x_wconf 82' lang='grc' dir='ltr'>παρεσκεύασε</span> <span class='ocrx_word' id='word_1_533' title='bbox 1535 3593 1838 3663; x_wconf 76' lang='grc' dir='ltr'>προϐαδίζει</span> 
     </span>
    </p>
   </div>
   <div class='ocr_carea' id='block_1_69' title="bbox 2031 3584 3564 3663">
    <p class='ocr_par' dir='ltr' id='par_1_69' title="bbox 2031 3584 3564 3652">
     <span class='ocr_line' id='line_1_69' title="bbox 2031 3584 3564 3652; baseline -0.001 -11"><span class='ocrx_word' id='word_1_534' title='bbox 2031 3587 2138 3642; x_wconf 92' lang='lat' dir='ltr'><strong>mni</strong></span> <span class='ocrx_word' id='word_1_535' title='bbox 2162 3587 2541 3642; x_wconf 89' lang='lat' dir='ltr'><strong>ostentatione</strong></span> <span class='ocrx_word' id='word_1_536' title='bbox 2570 3586 2801 3641; x_wconf 90' lang='lat' dir='ltr'><strong>alienus.</strong></span> <span class='ocrx_word' id='word_1_537' title='bbox 2833 3585 3012 3652; x_wconf 86' lang='lat' dir='ltr'><strong>Quare</strong></span> <span class='ocrx_word' id='word_1_538' title='bbox 3044 3601 3143 3639; x_wconf 91' lang='lat' dir='ltr'><strong>nec</strong></span> <span class='ocrx_word' id='word_1_539' title='bbox 3169 3586 3306 3639; x_wconf 82' lang='lat' dir='ltr'><strong>dixit</strong></span> <span class='ocrx_word' id='word_1_540' title='bbox 3331 3605 3343 3638; x_wconf 92' lang='lat'>:</span> <span class='ocrx_word' id='word_1_541' title='bbox 3365 3584 3564 3640; x_wconf 88' lang='lat' dir='ltr'><strong>Eamus</strong></span> 
     </span>
    </p>
   </div>
   <div class='ocr_carea' id='block_1_70' title="bbox 305 3672 1838 3753">
    <p class='ocr_par' dir='ltr' id='par_1_70' title="bbox 305 3672 1838 3753">
     <span class='ocr_line' id='line_1_70' title="bbox 305 3672 1838 3753; baseline 0.006 -29"><span class='ocrx_word' id='word_1_542' title='bbox 305 3672 493 3737; x_wconf 79' lang='grc' dir='ltr'>αὐτοῦ,</span> <span class='ocrx_word' id='word_1_543' title='bbox 517 3674 593 3738; x_wconf 83' lang='grc' dir='ltr'><strong>ὼς</strong></span> <span class='ocrx_word' id='word_1_544' title='bbox 626 3677 1007 3731; x_wconf 83' lang='grc' dir='ltr'>ὑποδείκνυται</span> <span class='ocrx_word' id='word_1_545' title='bbox 1035 3679 1094 3731; x_wconf 83' lang='grc' dir='ltr'><strong>τὸ</strong></span> <span class='ocrx_word' id='word_1_546' title='bbox 1128 3679 1477 3750; x_wconf 83' lang='grc' dir='ltr'>ζητούμενον.</span> <span class='ocrx_word' id='word_1_547' title='bbox 1512 3681 1838 3753; x_wconf 85' lang='grc' dir='ltr'>Οἰκονομικᾶ</span> 
     </span>
    </p>
   </div>
   <div class='ocr_carea' id='block_1_71' title="bbox 2032 3672 3565 3753">
    <p class='ocr_par' dir='ltr' id='par_1_71' title="bbox 2032 3677 3565 3749">
     <span class='ocr_line' id='line_1_71' title="bbox 2032 3677 3565 3749; baseline -0.005 -14"><span class='ocrx_word' id='word_1_548' title='bbox 2032 3681 2058 3735; x_wconf 79' lang='lat' dir='ltr'><strong>LI</strong></span> <span class='ocrx_word' id='word_1_549' title='bbox 2121 3686 2563 3746; x_wconf 89' lang='lat' dir='ltr'><strong>monumentum,</strong></span> <span class='ocrx_word' id='word_1_550' title='bbox 2601 3687 2655 3733; x_wconf 88' lang='lat' dir='ltr'><strong>et</strong></span> <span class='ocrx_word' id='word_1_551' title='bbox 2712 3694 2812 3749; x_wconf 85' lang='lat' dir='ltr'><strong>ego</strong></span> <span class='ocrx_word' id='word_1_552' title='bbox 2863 3694 2987 3732; x_wconf 90' lang='lat' dir='ltr'><strong>eum</strong></span> <span class='ocrx_word' id='word_1_553' title='bbox 3044 3677 3565 3746; x_wconf 86' lang='lat' dir='ltr'><strong>suscitabo:quan-</strong></span> 
     </span>
    </p>
   </div>
   <div class='ocr_carea' id='block_1_72' title="bbox 305 3758 1838 3842">
    <p class='ocr_par' dir='ltr' id='par_1_72' title="bbox 305 3758 1838 3842">
     <span class='ocr_line' id='line_1_72' title="bbox 305 3758 1838 3842; baseline 0.005 -26"><span class='ocrx_word' id='word_1_554' title='bbox 305 3758 399 3816; x_wconf 80' lang='grc' dir='ltr'><strong>οὖν</strong></span> <span class='ocrx_word' id='word_1_555' title='bbox 426 3765 520 3818; x_wconf 81' lang='grc' dir='ltr'><strong>καί</strong></span> <span class='ocrx_word' id='word_1_556' title='bbox 561 3765 717 3819; x_wconf 75' lang='grc' dir='ltr'>τοῦτο</span> <span class='ocrx_word' id='word_1_557' title='bbox 754 3763 938 3833; x_wconf 80' lang='grc' dir='ltr'>εἶπεν,</span> <span class='ocrx_word' id='word_1_558' title='bbox 999 3768 1171 3822; x_wconf 79' lang='grc' dir='ltr'>ἐλκων</span> <span class='ocrx_word' id='word_1_559' title='bbox 1213 3769 1301 3823; x_wconf 76' lang='grc' dir='ltr'>διὰ</span> <span class='ocrx_word' id='word_1_560' title='bbox 1337 3769 1430 3823; x_wconf 78' lang='grc' dir='ltr'>τοῦ</span> <span class='ocrx_word' id='word_1_561' title='bbox 1480 3773 1719 3842; x_wconf 76' lang='grc' dir='ltr'>ῥήματος</span> <span class='ocrx_word' id='word_1_562' title='bbox 1754 3772 1838 3824; x_wconf 76' lang='grc' dir='ltr'>πο]</span> 
     </span>
    </p>
   </div>
   <div class='ocr_carea' id='block_1_73' title="bbox 2028 3758 3561 3842">
    <p class='ocr_par' dir='ltr' id='par_1_73' title="bbox 2031 3766 3561 3838">
     <span class='ocr_line' id='line_1_73' title="bbox 2031 3766 3561 3838; baseline -0.003 -14"><span class='ocrx_word' id='word_1_563' title='bbox 2031 3785 2156 3825; x_wconf 92' lang='lat' dir='ltr'><strong>uam</strong></span> <span class='ocrx_word' id='word_1_564' title='bbox 2226 3769 2318 3823; x_wconf 85' lang='lat' dir='ltr'><strong>illa</strong></span> <span class='ocrx_word' id='word_1_565' title='bbox 2381 3768 2749 3838; x_wconf 84' lang='lat' dir='ltr'><strong>interrogatio</strong></span> <span class='ocrx_word' id='word_1_566' title='bbox 2825 3766 2878 3822; x_wconf 89' lang='lat' dir='ltr'><strong>id</strong></span> <span class='ocrx_word' id='word_1_567' title='bbox 2946 3767 3181 3821; x_wconf 79' lang='lat' dir='ltr'><strong>maxime</strong></span> <span class='ocrx_word' id='word_1_568' title='bbox 3236 3776 3561 3821; x_wconf 87' lang='lat' dir='ltr'><strong>eventurum</strong></span> 
     </span>
    </p>
   </div>
   <div class='ocr_carea' id='block_1_74' title="bbox 305 3854 1838 3933">
    <p class='ocr_par' dir='ltr' id='par_1_74' title="bbox 305 3854 1838 3932">
     <span class='ocr_line' id='line_1_74' title="bbox 305 3854 1838 3932; baseline 0.006 -26"><span class='ocrx_word' id='word_1_569' title='bbox 305 3854 433 3919; x_wconf 74' lang='grc' dir='ltr'>λοὺς</span> <span class='ocrx_word' id='word_1_570' title='bbox 466 3858 546 3919; x_wconf 87' lang='grc' dir='ltr'><strong>εἰς</strong></span> <span class='ocrx_word' id='word_1_571' title='bbox 590 3858 679 3911; x_wconf 80' lang='grc' dir='ltr'><strong>τὸν</strong></span> <span class='ocrx_word' id='word_1_572' title='bbox 704 3858 867 3914; x_wconf 85' lang='grc' dir='ltr'>τόπον</span> <span class='ocrx_word' id='word_1_573' title='bbox 891 3875 905 3890; x_wconf 80' lang='lat'><strong>&#39;</strong></span> <span class='ocrx_word' id='word_1_574' title='bbox 949 3861 1042 3918; x_wconf 79' lang='grc' dir='ltr'><strong>καὶ</strong></span> <span class='ocrx_word' id='word_1_575' title='bbox 1071 3863 1285 3929; x_wconf 85' lang='grc' dir='ltr'>ἀγνοεῖν</span> <span class='ocrx_word' id='word_1_576' title='bbox 1316 3862 1710 3932; x_wconf 79' lang='grc' dir='ltr'>σχηματίζεται</span> <span class='ocrx_word' id='word_1_577' title='bbox 1730 3905 1743 3927; x_wconf 92' lang='grc'><strong>,</strong></span> <span class='ocrx_word' id='word_1_578' title='bbox 1791 3863 1838 3915; x_wconf 70' lang='grc' dir='ltr'><strong>τί</strong></span> 
     </span>
    </p>
   </div>
   <div class='ocr_carea' id='block_1_75' title="bbox 2034 3854 3567 3933">
    <p class='ocr_par' dir='ltr' id='par_1_75' title="bbox 2034 3857 3567 3928">
     <span class='ocr_line' id='line_1_75' title="bbox 2034 3857 3567 3928; baseline -0.003 -11"><span class='ocrx_word' id='word_1_579' title='bbox 2034 3862 2238 3917; x_wconf 80' lang='lat' dir='ltr'><strong>)ondet.</strong></span> <span class='ocrx_word' id='word_1_580' title='bbox 2280 3858 2453 3914; x_wconf 92' lang='lat' dir='ltr'><strong>Simul</strong></span> <span class='ocrx_word' id='word_1_581' title='bbox 2496 3860 2599 3914; x_wconf 90' lang='lat' dir='ltr'><strong>hoc</strong></span> <span class='ocrx_word' id='word_1_582' title='bbox 2646 3858 2822 3924; x_wconf 87' lang='lat' dir='ltr'><strong>dicto,</strong></span> <span class='ocrx_word' id='word_1_583' title='bbox 2878 3859 3080 3913; x_wconf 90' lang='lat' dir='ltr'><strong>multos</strong></span> <span class='ocrx_word' id='word_1_584' title='bbox 3117 3859 3221 3913; x_wconf 88' lang='lat' dir='ltr'><strong>sibi</strong></span> <span class='ocrx_word' id='word_1_585' title='bbox 3261 3857 3567 3928; x_wconf 73' lang='lat' dir='ltr'><strong>praecedere</strong></span> 
     </span>
    </p>
   </div>
   <div class='ocr_carea' id='block_1_76' title="bbox 305 3946 1838 4026">
    <p class='ocr_par' dir='ltr' id='par_1_76' title="bbox 305 3946 1838 4026">
     <span class='ocr_line' id='line_1_76' title="bbox 305 3946 1838 4026; baseline 0.007 -28"><span class='ocrx_word' id='word_1_586' title='bbox 305 3946 405 4017; x_wconf 81' lang='grc' dir='ltr'><strong>τῆς</strong></span> <span class='ocrx_word' id='word_1_587' title='bbox 450 3947 863 4019; x_wconf 83' lang='grc' dir='ltr'>ἀνθρωπότητος</span> <span class='ocrx_word' id='word_1_588' title='bbox 908 3950 1149 4005; x_wconf 85' lang='grc' dir='ltr'>δουλείαν</span> <span class='ocrx_word' id='word_1_589' title='bbox 1198 3954 1290 4006; x_wconf 69' lang='grc' dir='ltr'><strong>καὶ</strong></span> <span class='ocrx_word' id='word_1_590' title='bbox 1337 3955 1608 4025; x_wconf 84' lang='grc' dir='ltr'>πτωχείαν</span> <span class='ocrx_word' id='word_1_591' title='bbox 1653 3955 1838 4026; x_wconf 85' lang='grc' dir='ltr'>οὑδαμ‹</span> 
     </span>
    </p>
   </div>
   <div class='ocr_carea' id='block_1_77' title="bbox 2035 3946 3568 4026">
    <p class='ocr_par' dir='ltr' id='par_1_77' title="bbox 2035 3948 3568 4023">
     <span class='ocr_line' id='line_1_77' title="bbox 2035 3948 3568 4023; baseline -0.003 -16"><span class='ocrx_word' id='word_1_592' title='bbox 2035 3955 2226 4023; x_wconf 88' lang='lat' dir='ltr'><strong>upulit,</strong></span> <span class='ocrx_word' id='word_1_593' title='bbox 2286 3964 2343 4008; x_wconf 90' lang='lat' dir='ltr'><strong>ut</strong></span> <span class='ocrx_word' id='word_1_594' title='bbox 2398 3968 2511 4008; x_wconf 87' lang='lat' dir='ltr'><strong>rem</strong></span> <span class='ocrx_word' id='word_1_595' title='bbox 2567 3953 2854 4022; x_wconf 78' lang='lat' dir='ltr'><strong>quaesitam</strong></span> <span class='ocrx_word' id='word_1_596' title='bbox 2910 3949 3378 4006; x_wconf 82' lang='lat' dir='ltr'><strong>demonstrarent.</strong></span> <span class='ocrx_word' id='word_1_597' title='bbox 3434 3948 3568 4004; x_wconf 91' lang='lat' dir='ltr'><strong>Pru-</strong></span> 
     </span>
    </p>
   </div>
   <div class='ocr_carea' id='block_1_78' title="bbox 309 4041 1842 4116">
    <p class='ocr_par' dir='ltr' id='par_1_78' title="bbox 309 4042 1842 4114">
     <span class='ocr_line' id='line_1_78' title="bbox 309 4042 1842 4114; baseline 0.008 -23"><span class='ocrx_word' id='word_1_598' title='bbox 309 4042 745 4112; x_wconf 84' lang='grc' dir='ltr'>παραιτούμενος</span> <span class='ocrx_word' id='word_1_599' title='bbox 768 4046 796 4097; x_wconf 89' lang='lat'><strong>6</strong></span> <span class='ocrx_word' id='word_1_600' title='bbox 824 4044 984 4113; x_wconf 82' lang='grc' dir='ltr'>φύσει</span> <span class='ocrx_word' id='word_1_601' title='bbox 1014 4046 1164 4111; x_wconf 78' lang='grc' dir='ltr'>Θεὸς,</span> <span class='ocrx_word' id='word_1_602' title='bbox 1200 4049 1294 4101; x_wconf 76' lang='grc' dir='ltr'><strong>καὶ</strong></span> <span class='ocrx_word' id='word_1_603' title='bbox 1327 4049 1505 4103; x_wconf 87' lang='grc' dir='ltr'>πάντα</span> <span class='ocrx_word' id='word_1_604' title='bbox 1522 4048 1695 4114; x_wconf 86' lang='grc' dir='ltr'>εἰδὼς,</span> <span class='ocrx_word' id='word_1_605' title='bbox 1727 4052 1787 4102; x_wconf 78' lang='grc' dir='ltr'><strong>ού</strong></span> <span class='ocrx_word' id='word_1_606' title='bbox 1819 4069 1842 4103; x_wconf 85' lang='grc' dir='ltr'><strong>τ</strong></span> 
     </span>
    </p>
   </div>
   <div class='ocr_carea' id='block_1_79' title="bbox 2032 4041 3565 4116">
    <p class='ocr_par' dir='ltr' id='par_1_79' title="bbox 2032 4041 3565 4116">
     <span class='ocr_line' id='line_1_79' title="bbox 2032 4041 3565 4116; baseline -0.003 -14"><span class='ocrx_word' id='word_1_607' title='bbox 2032 4057 2188 4102; x_wconf 89' lang='lat' dir='ltr'><strong>cnter</strong></span> <span class='ocrx_word' id='word_1_608' title='bbox 2220 4062 2349 4102; x_wconf 89' lang='lat' dir='ltr'><strong>vero</strong></span> <span class='ocrx_word' id='word_1_609' title='bbox 2382 4046 2434 4101; x_wconf 91' lang='lat' dir='ltr'><strong>id</strong></span> <span class='ocrx_word' id='word_1_610' title='bbox 2471 4060 2689 4116; x_wconf 89' lang='lat' dir='ltr'><strong>quoque</strong></span> <span class='ocrx_word' id='word_1_611' title='bbox 2721 4044 2954 4110; x_wconf 85' lang='lat' dir='ltr'><strong>dixerat,</strong></span> <span class='ocrx_word' id='word_1_612' title='bbox 2980 4052 3041 4098; x_wconf 92' lang='lat' dir='ltr'><strong>ut</strong></span> <span class='ocrx_word' id='word_1_613' title='bbox 3070 4043 3274 4097; x_wconf 91' lang='lat' dir='ltr'><strong>multos</strong></span> <span class='ocrx_word' id='word_1_614' title='bbox 3303 4058 3368 4097; x_wconf 92' lang='lat' dir='ltr'><strong>eo</strong></span> <span class='ocrx_word' id='word_1_615' title='bbox 3398 4041 3565 4097; x_wconf 87' lang='lat' dir='ltr'><strong>verbo</strong></span> 
     </span>
    </p>
   </div>
   <div class='ocr_carea' id='block_1_80' title="bbox 308 4135 1841 4212">
    <p class='ocr_par' dir='ltr' id='par_1_80' title="bbox 308 4135 1841 4212">
     <span class='ocr_line' id='line_1_80' title="bbox 308 4135 1841 4212; baseline 0.007 -28"><span class='ocrx_word' id='word_1_616' title='bbox 308 4135 568 4201; x_wconf 83' lang='grc' dir='ltr'>γεγονότα</span> <span class='ocrx_word' id='word_1_617' title='bbox 598 4137 755 4207; x_wconf 91' lang='grc' dir='ltr'>μόνον</span> <span class='ocrx_word' id='word_1_618' title='bbox 774 4177 788 4201; x_wconf 93' lang='grc'><strong>,</strong></span> <span class='ocrx_word' id='word_1_619' title='bbox 814 4138 950 4192; x_wconf 83' lang='grc' dir='ltr'>ἀλλὰ</span> <span class='ocrx_word' id='word_1_620' title='bbox 976 4138 1071 4192; x_wconf 70' lang='grc' dir='ltr'><strong>καὶ</strong></span> <span class='ocrx_word' id='word_1_621' title='bbox 1093 4139 1161 4193; x_wconf 82' lang='grc' dir='ltr'>τὰ</span> <span class='ocrx_word' id='word_1_622' title='bbox 1194 4140 1427 4211; x_wconf 88' lang='grc' dir='ltr'>ἐσόμενα</span> <span class='ocrx_word' id='word_1_623' title='bbox 1455 4142 1583 4212; x_wconf 74' lang='grc' dir='ltr'>πρὶν</span> <span class='ocrx_word' id='word_1_624' title='bbox 1621 4143 1841 4210; x_wconf 72' lang='grc' dir='ltr'>γενέσεο</span> 
     </span>
    </p>
   </div>
   <div class='ocr_carea' id='block_1_81' title="bbox 2035 4135 3568 4212">
    <p class='ocr_par' dir='ltr' id='par_1_81' title="bbox 2035 4135 3568 4206">
     <span class='ocr_line' id='line_1_81' title="bbox 2035 4135 3568 4206; baseline -0.003 -13"><span class='ocrx_word' id='word_1_625' title='bbox 2035 4139 2060 4193; x_wconf 83' lang='grc'>[1</span> <span class='ocrx_word' id='word_1_626' title='bbox 2098 4141 2277 4193; x_wconf 91' lang='lat' dir='ltr'><strong>locum</strong></span> <span class='ocrx_word' id='word_1_627' title='bbox 2310 4138 2597 4193; x_wconf 87' lang='lat' dir='ltr'><strong>traheret:</strong></span> <span class='ocrx_word' id='word_1_628' title='bbox 2627 4148 2677 4192; x_wconf 89' lang='lat' dir='ltr'><strong>et</strong></span> <span class='ocrx_word' id='word_1_629' title='bbox 2724 4135 3047 4206; x_wconf 73' lang='lat' dir='ltr'><strong>ignorantiae</strong></span> <span class='ocrx_word' id='word_1_630' title='bbox 3087 4136 3325 4206; x_wconf 89' lang='lat' dir='ltr'><strong>speciem</strong></span> <span class='ocrx_word' id='word_1_631' title='bbox 3370 4148 3481 4204; x_wconf 66' lang='lat' dir='ltr'><strong>pra:</strong></span> <span class='ocrx_word' id='word_1_632' title='bbox 3509 4148 3568 4189; x_wconf 85' lang='lat' dir='ltr'><strong>se</strong></span> 
     </span>
    </p>
   </div>
   <div class='ocr_carea' id='block_1_82' title="bbox 309 4226 3570 4296">
    <p class='ocr_par' dir='ltr' id='par_1_82' title="bbox 309 4226 3570 4296">
     <span class='ocr_line' id='line_1_82' title="bbox 309 4226 3570 4296; baseline 0 -18"><span class='ocrx_word' id='word_1_633' title='bbox 309 4226 505 4281; x_wconf 78' lang='grc' dir='ltr'>αὐτῶν.</span> <span class='ocrx_word' id='word_1_634' title='bbox 1995 4233 2119 4296; x_wconf 82' lang='lat' dir='ltr'><strong>fert,</strong></span> <span class='ocrx_word' id='word_1_635' title='bbox 2155 4234 2225 4285; x_wconf 89' lang='lat' dir='ltr'><strong>ne</strong></span> <span class='ocrx_word' id='word_1_636' title='bbox 2257 4231 2615 4285; x_wconf 89' lang='lat' dir='ltr'><strong>humanitatis</strong></span> <span class='ocrx_word' id='word_1_637' title='bbox 2660 4229 2917 4285; x_wconf 83' lang='lat' dir='ltr'><strong>servilem</strong></span> <span class='ocrx_word' id='word_1_638' title='bbox 2960 4228 3188 4282; x_wconf 78' lang='lat' dir='ltr'><strong>formam</strong></span> <span class='ocrx_word' id='word_1_639' title='bbox 3220 4226 3570 4281; x_wconf 81' lang='lat' dir='ltr'><strong>tenuitatem-</strong></span> 
     </span>
    </p>
   </div>
   <div class='ocr_carea' id='block_1_83' title="bbox 310 4321 3567 4396">
    <p class='ocr_par' dir='ltr' id='par_1_83' title="bbox 310 4321 3567 4396">
     <span class='ocr_line' id='line_1_83' title="bbox 310 4321 3567 4396; baseline 0.001 -27"><span class='ocrx_word' id='word_1_640' title='bbox 310 4332 418 4384; x_wconf 90' lang='lat' dir='ltr'><strong>que</strong></span> <span class='ocrx_word' id='word_1_641' title='bbox 464 4334 721 4376; x_wconf 89' lang='lat' dir='ltr'><strong>recusare</strong></span> <span class='ocrx_word' id='word_1_642' title='bbox 766 4321 1042 4387; x_wconf 82' lang='lat' dir='ltr'><strong>videatur,</strong></span> <span class='ocrx_word' id='word_1_643' title='bbox 1075 4325 1170 4393; x_wconf 90' lang='lat' dir='ltr'><strong>qui</strong></span> <span class='ocrx_word' id='word_1_644' title='bbox 1202 4333 1397 4379; x_wconf 90' lang='lat' dir='ltr'><strong>natura</strong></span> <span class='ocrx_word' id='word_1_645' title='bbox 1432 4341 1528 4381; x_wconf 86' lang='lat' dir='ltr'><strong>sua</strong></span> <span class='ocrx_word' id='word_1_646' title='bbox 1562 4327 1706 4380; x_wconf 80' lang='lat' dir='ltr'><strong>Deus</strong></span> <span class='ocrx_word' id='word_1_647' title='bbox 1735 4335 1873 4391; x_wconf 90' lang='lat' dir='ltr'><strong>erat,</strong></span> <span class='ocrx_word' id='word_1_648' title='bbox 1916 4334 2226 4396; x_wconf 90' lang='lat' dir='ltr'><strong>cunctaque</strong></span> <span class='ocrx_word' id='word_1_649' title='bbox 2277 4334 2502 4381; x_wconf 85' lang='lat' dir='ltr'><strong>noverat</strong></span> <span class='ocrx_word' id='word_1_650' title='bbox 2542 4322 2687 4377; x_wconf 85' lang='lat' dir='ltr'><strong>haud</strong></span> <span class='ocrx_word' id='word_1_651' title='bbox 2724 4323 2997 4391; x_wconf 77' lang='lat' dir='ltr'><strong>praeterita</strong></span> <span class='ocrx_word' id='word_1_652' title='bbox 3074 4331 3305 4385; x_wconf 91' lang='lat' dir='ltr'><strong>tantum,</strong></span> <span class='ocrx_word' id='word_1_653' title='bbox 3373 4333 3567 4375; x_wconf 87' lang='lat' dir='ltr'><strong>verum</strong></span> 
     </span>
    </p>
   </div>
   <div class='ocr_carea' id='block_1_84' title="bbox 309 4413 1357 4483">
    <p class='ocr_par' dir='ltr' id='par_1_84' title="bbox 309 4413 1357 4483">
     <span class='ocr_line' id='line_1_84' title="bbox 309 4413 1357 4483; baseline 0.01 -19"><span class='ocrx_word' id='word_1_654' title='bbox 309 4413 476 4464; x_wconf 87' lang='lat' dir='ltr'><strong>etiam</strong></span> <span class='ocrx_word' id='word_1_655' title='bbox 515 4428 577 4467; x_wconf 84' lang='lat' dir='ltr'><strong>ea</strong></span> <span class='ocrx_word' id='word_1_656' title='bbox 611 4431 729 4483; x_wconf 73' lang='lat' dir='ltr'><strong>qua:</strong></span> <span class='ocrx_word' id='word_1_657' title='bbox 761 4418 1003 4470; x_wconf 90' lang='lat' dir='ltr'><strong>nondum</strong></span> <span class='ocrx_word' id='word_1_658' title='bbox 1038 4432 1357 4474; x_wconf 80' lang='lat' dir='ltr'><strong>evenerant.</strong></span> 
     </span>
    </p>
   </div>
   <div class='ocr_carea' id='block_1_85' title="bbox 382 4504 1915 4581">
    <p class='ocr_par' dir='ltr' id='par_1_85' title="bbox 382 4506 1895 4581">
     <span class='ocr_line' id='line_1_85' title="bbox 382 4506 1895 4581; baseline 0.005 -24"><span class='ocrx_word' id='word_1_659' title='bbox 382 4506 495 4559; x_wconf 82' lang='grc' dir='ltr'>Οὐκ</span> <span class='ocrx_word' id='word_1_660' title='bbox 521 4508 937 4579; x_wconf 57' lang='grc' dir='ltr'>ἀγνοοῦντοςθ)</span> <span class='ocrx_word' id='word_1_661' title='bbox 956 4511 1015 4563; x_wconf 74' lang='grc' dir='ltr'>τὸ</span> <span class='ocrx_word' id='word_1_662' title='bbox 1047 4516 1294 4581; x_wconf 84' lang='grc' dir='ltr'>σημεῖον,</span> <span class='ocrx_word' id='word_1_663' title='bbox 1323 4513 1402 4578; x_wconf 75' lang='grc' dir='ltr'>τὸ,</span> <span class='ocrx_word' id='word_1_664' title='bbox 1429 4532 1446 4564; x_wconf 74' lang='grc' dir='ltr'><strong>ι</strong></span> <span class='ocrx_word' id='word_1_665' title='bbox 1476 4513 1585 4567; x_wconf 77' lang='grc' dir='ltr'><strong>Ποῦ</strong></span> <span class='ocrx_word' id='word_1_666' title='bbox 1613 4513 1895 4567; x_wconf 85' lang='grc' dir='ltr'>τεθείκατε</span> 
     </span>
    </p>
   </div>
   <div class='ocr_carea' id='block_1_86' title="bbox 2033 4504 3566 4581">
    <p class='ocr_par' dir='ltr' id='par_1_86' title="bbox 2070 4504 3566 4578">
     <span class='ocr_line' id='line_1_86' title="bbox 2070 4504 3566 4578; baseline 0.001 -16"><span class='ocrx_word' id='word_1_667' title='bbox 2070 4508 2190 4563; x_wconf 83' lang='grc' dir='ltr'><strong>Νοη</strong></span> <span class='ocrx_word' id='word_1_668' title='bbox 2251 4516 2382 4564; x_wconf 90' lang='lat' dir='ltr'><strong>sunt</strong></span> <span class='ocrx_word' id='word_1_669' title='bbox 2436 4508 2742 4578; x_wconf 87' lang='lat' dir='ltr'><strong>ignorantis</strong></span> <span class='ocrx_word' id='word_1_670' title='bbox 2814 4504 3078 4560; x_wconf 91' lang='lat' dir='ltr'><strong>indicium</strong></span> <span class='ocrx_word' id='word_1_671' title='bbox 3149 4504 3339 4571; x_wconf 87' lang='lat' dir='ltr'><strong>verba,</strong></span> <span class='ocrx_word' id='word_1_672' title='bbox 3390 4525 3408 4557; x_wconf 84' lang='grc'><strong><em>‹</em></strong></span> <span class='ocrx_word' id='word_1_673' title='bbox 3461 4504 3566 4564; x_wconf 91' lang='lat' dir='ltr'><strong>Ubi</strong></span> 
     </span>
    </p>
   </div>
   <div class='ocr_carea' id='block_1_87' title="bbox 312 4596 1845 4675">
    <p class='ocr_par' dir='ltr' id='par_1_87' title="bbox 312 4596 1845 4675">
     <span class='ocr_line' id='line_1_87' title="bbox 312 4596 1845 4675; baseline 0.003 -27"><span class='ocrx_word' id='word_1_674' title='bbox 312 4596 594 4667; x_wconf 77' lang='grc' dir='ltr'>Λάζαρον;</span> <span class='ocrx_word' id='word_1_675' title='bbox 617 4620 632 4650; x_wconf 78' lang='grc' dir='ltr'><strong>ι</strong></span> <span class='ocrx_word' id='word_1_676' title='bbox 657 4600 767 4653; x_wconf 79' lang='grc' dir='ltr'>ἀλλ’</span> <span class='ocrx_word' id='word_1_677' title='bbox 805 4601 991 4670; x_wconf 84' lang='grc' dir='ltr'>ἐπειδὴ</span> <span class='ocrx_word' id='word_1_678' title='bbox 1024 4602 1229 4674; x_wconf 82' lang='grc' dir='ltr'>σφόδρα</span> <span class='ocrx_word' id='word_1_679' title='bbox 1258 4603 1407 4672; x_wconf 81' lang='grc' dir='ltr'>φίλον</span> <span class='ocrx_word' id='word_1_680' title='bbox 1441 4603 1588 4675; x_wconf 79' lang='grc' dir='ltr'>αὐτῷ</span> <span class='ocrx_word' id='word_1_681' title='bbox 1621 4606 1679 4658; x_wconf 83' lang='grc' dir='ltr'><strong>τὸ</strong></span> <span class='ocrx_word' id='word_1_682' title='bbox 1704 4602 1845 4671; x_wconf 74' lang='grc' dir='ltr'>ὰφιλι</span> 
     </span>
    </p>
   </div>
   <div class='ocr_carea' id='block_1_88' title="bbox 2035 4596 3568 4675">
    <p class='ocr_par' dir='ltr' id='par_1_88' title="bbox 2035 4599 3568 4670">
     <span class='ocr_line' id='line_1_88' title="bbox 2035 4599 3568 4670; baseline 0.001 -15"><span class='ocrx_word' id='word_1_683' title='bbox 2035 4617 2263 4657; x_wconf 65' lang='grc' dir='ltr'>αῑιιιυυηι</span> <span class='ocrx_word' id='word_1_684' title='bbox 2306 4599 2615 4670; x_wconf 87' lang='lat' dir='ltr'><strong>posuistis?</strong></span> <span class='ocrx_word' id='word_1_685' title='bbox 2643 4619 2662 4651; x_wconf 85' lang='grc'><strong>›</strong></span> <span class='ocrx_word' id='word_1_686' title='bbox 2703 4600 2796 4655; x_wconf 88' lang='lat' dir='ltr'><strong>sed</strong></span> <span class='ocrx_word' id='word_1_687' title='bbox 2855 4600 2980 4669; x_wconf 89' lang='lat' dir='ltr'><strong>quia</strong></span> <span class='ocrx_word' id='word_1_688' title='bbox 3016 4599 3342 4653; x_wconf 91' lang='lat' dir='ltr'><strong>modestiam</strong></span> <span class='ocrx_word' id='word_1_689' title='bbox 3396 4601 3568 4669; x_wconf 85' lang='lat' dir='ltr'><strong>potis-</strong></span> 
     </span>
    </p>
   </div>
   <div class='ocr_carea' id='block_1_89' title="bbox 313 4689 1846 4766">
    <p class='ocr_par' dir='ltr' id='par_1_89' title="bbox 313 4693 1846 4766">
     <span class='ocr_line' id='line_1_89' title="bbox 313 4693 1846 4766; baseline 0.006 -26"><span class='ocrx_word' id='word_1_690' title='bbox 313 4706 546 4758; x_wconf 86' lang='grc' dir='ltr'>κομπον,</span> <span class='ocrx_word' id='word_1_691' title='bbox 575 4697 924 4762; x_wconf 76' lang='grc' dir='ltr'>παραιτεῖται</span> <span class='ocrx_word' id='word_1_692' title='bbox 964 4693 1142 4762; x_wconf 86' lang='grc' dir='ltr'>λέγειν</span> <span class='ocrx_word' id='word_1_693' title='bbox 1168 4713 1179 4726; x_wconf 89' lang='grc'><strong>·</strong></span> <span class='ocrx_word' id='word_1_694' title='bbox 1244 4696 1519 4766; x_wconf 84' lang='grc' dir='ltr'>Ἀπίωμεν</span> <span class='ocrx_word' id='word_1_695' title='bbox 1551 4699 1630 4759; x_wconf 82' lang='grc' dir='ltr'>εἰς</span> <span class='ocrx_word' id='word_1_696' title='bbox 1658 4695 1719 4748; x_wconf 81' lang='grc' dir='ltr'>τὸ</span> <span class='ocrx_word' id='word_1_697' title='bbox 1750 4711 1846 4766; x_wconf 75' lang='grc' dir='ltr'>μνη</span> 
     </span>
    </p>
   </div>
   <div class='ocr_carea' id='block_1_90' title="bbox 2034 4689 3567 4766">
    <p class='ocr_par' dir='ltr' id='par_1_90' title="bbox 2034 4689 3567 4754">
     <span class='ocr_line' id='line_1_90' title="bbox 2034 4689 3567 4754; baseline 0 -7"><span class='ocrx_word' id='word_1_698' title='bbox 2034 4693 2195 4747; x_wconf 83' lang='lat' dir='ltr'><strong>imum</strong></span> <span class='ocrx_word' id='word_1_699' title='bbox 2239 4692 2554 4754; x_wconf 88' lang='lat' dir='ltr'><strong>adamabat,</strong></span> <span class='ocrx_word' id='word_1_700' title='bbox 2616 4691 2797 4745; x_wconf 89' lang='lat' dir='ltr'><strong>noluit</strong></span> <span class='ocrx_word' id='word_1_701' title='bbox 2831 4690 3014 4745; x_wconf 80' lang='lat' dir='ltr'><strong>dicere</strong></span> <span class='ocrx_word' id='word_1_702' title='bbox 3049 4710 3061 4745; x_wconf 93' lang='lat'>:</span> <span class='ocrx_word' id='word_1_703' title='bbox 3114 4689 3315 4745; x_wconf 84' lang='lat' dir='ltr'><strong>Eamus</strong></span> <span class='ocrx_word' id='word_1_704' title='bbox 3354 4691 3422 4746; x_wconf 89' lang='lat' dir='ltr'><strong>ad</strong></span> <span class='ocrx_word' id='word_1_705' title='bbox 3455 4707 3567 4747; x_wconf 91' lang='lat' dir='ltr'><strong>mo-</strong></span> 
     </span>
    </p>
   </div>
   <div class='ocr_carea' id='block_1_91' title="bbox 315 4780 1848 4860">
    <p class='ocr_par' dir='ltr' id='par_1_91' title="bbox 315 4786 1848 4860">
     <span class='ocr_line' id='line_1_91' title="bbox 315 4786 1848 4860; baseline 0.004 -25"><span class='ocrx_word' id='word_1_706' title='bbox 315 4788 465 4853; x_wconf 85' lang='grc' dir='ltr'>μεῖον</span> <span class='ocrx_word' id='word_1_707' title='bbox 490 4801 504 4813; x_wconf 90' lang='grc'><strong>·</strong></span> <span class='ocrx_word' id='word_1_708' title='bbox 545 4786 715 4856; x_wconf 80' lang='grc' dir='ltr'>ἑτέρῳ</span> <span class='ocrx_word' id='word_1_709' title='bbox 756 4788 814 4839; x_wconf 87' lang='grc' dir='ltr'><strong>δέ</strong></span> <span class='ocrx_word' id='word_1_710' title='bbox 840 4788 1027 4857; x_wconf 81' lang='grc' dir='ltr'>τρόπῳ</span> <span class='ocrx_word' id='word_1_711' title='bbox 1063 4788 1221 4841; x_wconf 76' lang='grc' dir='ltr'>τοῦτό</span> <span class='ocrx_word' id='word_1_712' title='bbox 1258 4806 1410 4860; x_wconf 77' lang='grc' dir='ltr'>φησι.</span> <span class='ocrx_word' id='word_1_713' title='bbox 1451 4789 1660 4851; x_wconf 79' lang='grc' dir='ltr'>’Ἄλλως</span> <span class='ocrx_word' id='word_1_714' title='bbox 1683 4806 1763 4856; x_wconf 87' lang='grc' dir='ltr'><strong>τε,</strong></span> <span class='ocrx_word' id='word_1_715' title='bbox 1795 4789 1848 4841; x_wconf 81' lang='grc' dir='ltr'><strong>λέ</strong></span> 
     </span>
    </p>
   </div>
   <div class='ocr_carea' id='block_1_92' title="bbox 2032 4780 3565 4860">
    <p class='ocr_par' dir='ltr' id='par_1_92' title="bbox 2033 4780 3565 4852">
     <span class='ocr_line' id='line_1_92' title="bbox 2033 4780 3565 4852; baseline 0 -15"><span class='ocrx_word' id='word_1_716' title='bbox 2033 4791 2311 4838; x_wconf 92' lang='lat' dir='ltr'><strong>umentum</strong></span> <span class='ocrx_word' id='word_1_717' title='bbox 2363 4781 2511 4838; x_wconf 89' lang='lat' dir='ltr'><strong>:sed</strong></span> <span class='ocrx_word' id='word_1_718' title='bbox 2564 4782 2675 4836; x_wconf 83' lang='lat' dir='ltr'><strong>alio</strong></span> <span class='ocrx_word' id='word_1_719' title='bbox 2751 4782 2912 4835; x_wconf 90' lang='lat' dir='ltr'><strong>modo</strong></span> <span class='ocrx_word' id='word_1_720' title='bbox 2944 4781 2999 4835; x_wconf 91' lang='lat' dir='ltr'><strong>id</strong></span> <span class='ocrx_word' id='word_1_721' title='bbox 3040 4780 3256 4834; x_wconf 75' lang='lat' dir='ltr'><strong>effatur.</strong></span> <span class='ocrx_word' id='word_1_722' title='bbox 3313 4781 3565 4852; x_wconf 87' lang='lat' dir='ltr'><strong>Alioquin</strong></span> 
     </span>
    </p>
   </div>
   <div class='ocr_carea' id='block_1_93' title="bbox 310 4873 1843 4947">
    <p class='ocr_par' dir='ltr' id='par_1_93' title="bbox 310 4876 1843 4947">
     <span class='ocr_line' id='line_1_93' title="bbox 310 4876 1843 4947; baseline 0.004 -19"><span class='ocrx_word' id='word_1_723' title='bbox 310 4892 424 4944; x_wconf 85' lang='grc' dir='ltr'><strong>γων</strong></span> <span class='ocrx_word' id='word_1_724' title='bbox 447 4879 475 4929; x_wconf 93' lang='lat'><strong>6</strong></span> <span class='ocrx_word' id='word_1_725' title='bbox 493 4876 715 4947; x_wconf 79' lang='grc' dir='ltr'>Κύριος,</span> <span class='ocrx_word' id='word_1_726' title='bbox 742 4878 881 4931; x_wconf 75' lang='grc' dir='ltr'><strong>(Ποῦ</strong></span> <span class='ocrx_word' id='word_1_727' title='bbox 900 4878 1177 4932; x_wconf 83' lang='grc' dir='ltr'>τεθείκατε</span> <span class='ocrx_word' id='word_1_728' title='bbox 1209 4881 1425 4947; x_wconf 77' lang='grc' dir='ltr'>αὑτόν;›</span> <span class='ocrx_word' id='word_1_729' title='bbox 1452 4881 1680 4943; x_wconf 79' lang='grc' dir='ltr'>πολλοὺς</span> <span class='ocrx_word' id='word_1_730' title='bbox 1708 4882 1843 4935; x_wconf 81' lang='grc' dir='ltr'>ἐποίε</span> 
     </span>
    </p>
   </div>
   <div class='ocr_carea' id='block_1_94' title="bbox 2025 4873 3558 4947">
    <p class='ocr_par' dir='ltr' id='par_1_94' title="bbox 2035 4873 3558 4944">
     <span class='ocr_line' id='line_1_94' title="bbox 2035 4873 3558 4944; baseline 0 -15"><span class='ocrx_word' id='word_1_731' title='bbox 2035 4892 2123 4929; x_wconf 92' lang='lat' dir='ltr'><strong>um</strong></span> <span class='ocrx_word' id='word_1_732' title='bbox 2181 4877 2257 4929; x_wconf 88' lang='lat' dir='ltr'><strong>ait</strong></span> <span class='ocrx_word' id='word_1_733' title='bbox 2308 4875 2597 4937; x_wconf 90' lang='lat' dir='ltr'><strong>Dominus,</strong></span> <span class='ocrx_word' id='word_1_734' title='bbox 2659 4893 2677 4926; x_wconf 74' lang='grc' dir='ltr'><strong>ι</strong></span> <span class='ocrx_word' id='word_1_735' title='bbox 2720 4873 2951 4929; x_wconf 87' lang='lat' dir='ltr'><strong>Ubinam</strong></span> <span class='ocrx_word' id='word_1_736' title='bbox 3012 4876 3276 4944; x_wconf 90' lang='lat' dir='ltr'><strong>posuistis</strong></span> <span class='ocrx_word' id='word_1_737' title='bbox 3325 4877 3497 4931; x_wconf 87' lang='lat' dir='ltr'><strong>eum?</strong></span> <span class='ocrx_word' id='word_1_738' title='bbox 3540 4895 3558 4929; x_wconf 73' lang='grc' dir='ltr'><strong>ι</strong></span> 
     </span>
    </p>
   </div>
   <div class='ocr_carea' id='block_1_95' title="bbox 310 4965 1843 5043">
    <p class='ocr_par' dir='ltr' id='par_1_95' title="bbox 310 4968 1843 5043">
     <span class='ocr_line' id='line_1_95' title="bbox 310 4968 1843 5043; baseline 0.005 -23"><span class='ocrx_word' id='word_1_739' title='bbox 310 4969 436 5033; x_wconf 77' lang='grc' dir='ltr'>τοὺς</span> <span class='ocrx_word' id='word_1_740' title='bbox 472 4968 903 5037; x_wconf 79' lang='grc' dir='ltr'>συμϐαδίζοντας</span> <span class='ocrx_word' id='word_1_741' title='bbox 927 4971 1021 5023; x_wconf 81' lang='grc' dir='ltr'><strong>καί</strong></span> <span class='ocrx_word' id='word_1_742' title='bbox 1043 4970 1416 5041; x_wconf 81' lang='grc' dir='ltr'>καταμηνύειν</span> <span class='ocrx_word' id='word_1_743' title='bbox 1448 4971 1756 5037; x_wconf 83' lang='grc' dir='ltr'>ἐθέλοντας,</span> <span class='ocrx_word' id='word_1_744' title='bbox 1792 4992 1843 5043; x_wconf 74' lang='grc' dir='ltr'>με</span> 
     </span>
    </p>
   </div>
   <div class='ocr_carea' id='block_1_96' title="bbox 2034 4965 3567 5043">
    <p class='ocr_par' dir='ltr' id='par_1_96' title="bbox 2034 4965 3567 5025">
     <span class='ocr_line' id='line_1_96' title="bbox 2034 4965 3567 5025; baseline 0.001 -5"><span class='ocrx_word' id='word_1_745' title='bbox 2034 4969 2200 5025; x_wconf 75' lang='grc' dir='ltr'>ιυίιοε</span> <span class='ocrx_word' id='word_1_746' title='bbox 2253 4968 2636 5023; x_wconf 82' lang='lat' dir='ltr'><strong>commovebat</strong></span> <span class='ocrx_word' id='word_1_747' title='bbox 2696 4965 2764 5020; x_wconf 89' lang='lat' dir='ltr'><strong>ad</strong></span> <span class='ocrx_word' id='word_1_748' title='bbox 2820 4967 3194 5023; x_wconf 90' lang='lat' dir='ltr'><strong>comitandum</strong></span> <span class='ocrx_word' id='word_1_749' title='bbox 3265 4969 3317 5021; x_wconf 92' lang='lat' dir='ltr'><strong>in</strong></span> <span class='ocrx_word' id='word_1_750' title='bbox 3372 4969 3567 5022; x_wconf 87' lang='lat' dir='ltr'><strong>itinere</strong></span> 
     </span>
    </p>
   </div>
   <div class='ocr_carea' id='block_1_97' title="bbox 310 5056 1843 5133">
    <p class='ocr_par' dir='ltr' id='par_1_97' title="bbox 310 5056 1843 5132">
     <span class='ocr_line' id='line_1_97' title="bbox 310 5056 1843 5132; baseline 0.004 -22"><span class='ocrx_word' id='word_1_751' title='bbox 310 5058 469 5111; x_wconf 86' lang='grc' dir='ltr'>λιστα</span> <span class='ocrx_word' id='word_1_752' title='bbox 520 5060 646 5112; x_wconf 83' lang='grc' dir='ltr'>ὅταν</span> <span class='ocrx_word' id='word_1_753' title='bbox 682 5062 710 5112; x_wconf 96' lang='lat'><strong>6</strong></span> <span class='ocrx_word' id='word_1_754' title='bbox 752 5060 1025 5129; x_wconf 83' lang='grc' dir='ltr'>διερωτῶν</span> <span class='ocrx_word' id='word_1_755' title='bbox 1073 5056 1212 5114; x_wconf 80' lang='grc' dir='ltr'>εἶναι</span> <span class='ocrx_word' id='word_1_756' title='bbox 1260 5060 1440 5131; x_wconf 86' lang='grc' dir='ltr'>δοκοίη</span> <span class='ocrx_word' id='word_1_757' title='bbox 1489 5062 1689 5132; x_wconf 82' lang='grc' dir='ltr'>τίμιος.</span> <span class='ocrx_word' id='word_1_758' title='bbox 1729 5064 1843 5116; x_wconf 70' lang='grc' dir='ltr'>Εἰκί</span> 
     </span>
    </p>
   </div>
   <div class='ocr_carea' id='block_1_98' title="bbox 2034 5056 3567 5133">
    <p class='ocr_par' dir='ltr' id='par_1_98' title="bbox 2034 5060 3567 5133">
     <span class='ocr_line' id='line_1_98' title="bbox 2034 5060 3567 5133; baseline 0 -16"><span class='ocrx_word' id='word_1_759' title='bbox 2034 5078 2286 5133; x_wconf 71' lang='lat' dir='ltr'><strong>icumque</strong></span> <span class='ocrx_word' id='word_1_760' title='bbox 2318 5060 2832 5125; x_wconf 88' lang='lat' dir='ltr'><strong>demonstrandum,</strong></span> <span class='ocrx_word' id='word_1_761' title='bbox 2860 5063 3163 5132; x_wconf 71' lang='lat' dir='ltr'><strong>przesertim</strong></span> <span class='ocrx_word' id='word_1_762' title='bbox 3192 5064 3320 5132; x_wconf 89' lang='lat' dir='ltr'><strong>quia</strong></span> <span class='ocrx_word' id='word_1_763' title='bbox 3348 5072 3567 5132; x_wconf 84' lang='lat' dir='ltr'><strong>rogator</strong></span> 
     </span>
    </p>
   </div>
   <div class='ocr_carea' id='block_1_99' title="bbox 312 5148 1845 5224">
    <p class='ocr_par' dir='ltr' id='par_1_99' title="bbox 312 5148 1845 5224">
     <span class='ocr_line' id='line_1_99' title="bbox 312 5148 1845 5224; baseline 0.003 -22"><span class='ocrx_word' id='word_1_764' title='bbox 312 5150 369 5203; x_wconf 81' lang='grc' dir='ltr'>δὲ</span> <span class='ocrx_word' id='word_1_765' title='bbox 396 5152 477 5205; x_wconf 84' lang='grc' dir='ltr'><strong>ὄτι</strong></span> <span class='ocrx_word' id='word_1_766' title='bbox 516 5151 748 5224; x_wconf 85' lang='grc' dir='ltr'>ἐπείπερ</span> <span class='ocrx_word' id='word_1_767' title='bbox 784 5148 853 5222; x_wconf 78' lang='grc' dir='ltr'>ἦν</span> <span class='ocrx_word' id='word_1_768' title='bbox 887 5154 944 5205; x_wconf 83' lang='grc' dir='ltr'><strong>ἐν</strong></span> <span class='ocrx_word' id='word_1_769' title='bbox 976 5153 1125 5223; x_wconf 76' lang='grc' dir='ltr'>αὐτῷ</span> <span class='ocrx_word' id='word_1_770' title='bbox 1165 5152 1297 5215; x_wconf 83' lang='grc' dir='ltr'>Θεός</span> <span class='ocrx_word' id='word_1_771' title='bbox 1344 5170 1403 5205; x_wconf 87' lang='grc' dir='ltr'><strong>τε</strong></span> <span class='ocrx_word' id='word_1_772' title='bbox 1456 5156 1549 5207; x_wconf 73' lang='grc' dir='ltr'><strong>καὶ</strong></span> <span class='ocrx_word' id='word_1_773' title='bbox 1582 5155 1845 5224; x_wconf 68' lang='grc' dir='ltr'>ἄνθρωπος</span> 
     </span>
    </p>
   </div>
   <div class='ocr_carea' id='block_1_100' title="bbox 2032 5148 3565 5224">
    <p class='ocr_par' dir='ltr' id='par_1_100' title="bbox 2040 5152 3565 5223">
     <span class='ocr_line' id='line_1_100' title="bbox 2040 5152 3565 5223; baseline 0 -16"><span class='ocrx_word' id='word_1_774' title='bbox 2040 5155 2229 5209; x_wconf 87' lang='lat' dir='ltr'><strong>lustris</strong></span> <span class='ocrx_word' id='word_1_775' title='bbox 2262 5161 2404 5209; x_wconf 88' lang='lat' dir='ltr'><strong>erat.</strong></span> <span class='ocrx_word' id='word_1_776' title='bbox 2446 5153 2642 5207; x_wconf 87' lang='lat' dir='ltr'><strong>Merito</strong></span> <span class='ocrx_word' id='word_1_777' title='bbox 2672 5161 2856 5208; x_wconf 89' lang='lat' dir='ltr'><strong>autem</strong></span> <span class='ocrx_word' id='word_1_778' title='bbox 2887 5153 3014 5223; x_wconf 87' lang='lat' dir='ltr'><strong>quia</strong></span> <span class='ocrx_word' id='word_1_779' title='bbox 3057 5153 3221 5207; x_wconf 89' lang='lat' dir='ltr'><strong>simul</strong></span> <span class='ocrx_word' id='word_1_780' title='bbox 3269 5152 3413 5208; x_wconf 91' lang='lat' dir='ltr'><strong>Deus</strong></span> <span class='ocrx_word' id='word_1_781' title='bbox 3449 5163 3565 5207; x_wconf 85' lang='lat' dir='ltr'><strong>erat</strong></span> 
     </span>
    </p>
   </div>
   <div class='ocr_carea' id='block_1_101' title="bbox 314 5242 1847 5315">
    <p class='ocr_par' dir='ltr' id='par_1_101' title="bbox 314 5243 1847 5315">
     <span class='ocr_line' id='line_1_101' title="bbox 314 5243 1847 5315; baseline 0.003 -20"><span class='ocrx_word' id='word_1_782' title='bbox 314 5243 606 5313; x_wconf 83' lang='grc' dir='ltr'>ἀναμίσγει</span> <span class='ocrx_word' id='word_1_783' title='bbox 646 5243 723 5314; x_wconf 83' lang='grc' dir='ltr'><strong>τῷ</strong></span> <span class='ocrx_word' id='word_1_784' title='bbox 756 5243 1051 5315; x_wconf 86' lang='grc' dir='ltr'>θεοπρεπεῖ</span> <span class='ocrx_word' id='word_1_785' title='bbox 1083 5244 1142 5296; x_wconf 83' lang='grc' dir='ltr'><strong>τὸ</strong></span> <span class='ocrx_word' id='word_1_786' title='bbox 1173 5243 1512 5314; x_wconf 84' lang='grc' dir='ltr'>ἀνθρώπινον</span> <span class='ocrx_word' id='word_1_787' title='bbox 1536 5263 1551 5274; x_wconf 77' lang='grc'><em>’</em></span> <span class='ocrx_word' id='word_1_788' title='bbox 1583 5247 1675 5299; x_wconf 75' lang='grc' dir='ltr'><strong>καὶ</strong></span> <span class='ocrx_word' id='word_1_789' title='bbox 1702 5246 1847 5299; x_wconf 76' lang='grc' dir='ltr'>ἄπει(</span> 
     </span>
    </p>
   </div>
   <div class='ocr_carea' id='block_1_102' title="bbox 2031 5242 3564 5315">
    <p class='ocr_par' dir='ltr' id='par_1_102' title="bbox 2031 5242 3564 5315">
     <span class='ocr_line' id='line_1_102' title="bbox 2031 5242 3564 5315; baseline -0.001 -17"><span class='ocrx_word' id='word_1_790' title='bbox 2031 5252 2050 5298; x_wconf 93' lang='lat' dir='ltr'><strong>t</strong></span> <span class='ocrx_word' id='word_1_791' title='bbox 2079 5245 2261 5311; x_wconf 74' lang='lat' dir='ltr'><strong>homo,</strong></span> <span class='ocrx_word' id='word_1_792' title='bbox 2292 5244 2488 5300; x_wconf 84' lang='lat' dir='ltr'><strong>miscet</strong></span> <span class='ocrx_word' id='word_1_793' title='bbox 2519 5244 2771 5315; x_wconf 86' lang='lat' dir='ltr'><strong>dignitati</strong></span> <span class='ocrx_word' id='word_1_794' title='bbox 2812 5242 3008 5298; x_wconf 73' lang='lat' dir='ltr'><strong>divinae</strong></span> <span class='ocrx_word' id='word_1_795' title='bbox 3043 5245 3316 5297; x_wconf 86' lang='lat' dir='ltr'><strong>humanos</strong></span> <span class='ocrx_word' id='word_1_796' title='bbox 3359 5251 3518 5297; x_wconf 91' lang='lat' dir='ltr'><strong>actus</strong></span> <span class='ocrx_word' id='word_1_797' title='bbox 3551 5260 3564 5296; x_wconf 87' lang='lat'><strong>:</strong></span> 
     </span>
    </p>
   </div>
   <div class='ocr_carea' id='block_1_103' title="bbox 320 5333 1853 5406">
    <p class='ocr_par' dir='ltr' id='par_1_103' title="bbox 320 5333 1853 5406">
     <span class='ocr_line' id='line_1_103' title="bbox 320 5333 1853 5406; baseline 0.003 -22"><span class='ocrx_word' id='word_1_798' title='bbox 320 5333 418 5401; x_wconf 79' lang='grc' dir='ltr'><strong>μὲν</strong></span> <span class='ocrx_word' id='word_1_799' title='bbox 450 5337 903 5404; x_wconf 80' lang='grc' dir='ltr'>τερατουργὴσων</span> <span class='ocrx_word' id='word_1_800' title='bbox 954 5333 1028 5397; x_wconf 81' lang='grc' dir='ltr'><strong>ὡς</strong></span> <span class='ocrx_word' id='word_1_801' title='bbox 1058 5333 1220 5397; x_wconf 79' lang='grc' dir='ltr'>Θεὸς,</span> <span class='ocrx_word' id='word_1_802' title='bbox 1273 5333 1423 5386; x_wconf 79' lang='grc' dir='ltr'>λαλεῖ</span> <span class='ocrx_word' id='word_1_803' title='bbox 1463 5334 1519 5388; x_wconf 82' lang='grc' dir='ltr'><strong>δὲ</strong></span> <span class='ocrx_word' id='word_1_804' title='bbox 1566 5335 1641 5398; x_wconf 78' lang='grc' dir='ltr'><strong>ὡς</strong></span> <span class='ocrx_word' id='word_1_805' title='bbox 1682 5334 1853 5406; x_wconf 69' lang='grc' dir='ltr'>ἀνθρα</span> 
     </span>
    </p>
   </div>
   <div class='ocr_carea' id='block_1_104' title="bbox 2034 5333 3567 5406">
    <p class='ocr_par' dir='ltr' id='par_1_104' title="bbox 2034 5334 3567 5406">
     <span class='ocr_line' id='line_1_104' title="bbox 2034 5334 3567 5406; baseline -0.002 -16"><span class='ocrx_word' id='word_1_806' title='bbox 2034 5337 2217 5406; x_wconf 90' lang='lat' dir='ltr'><strong>bitque</strong></span> <span class='ocrx_word' id='word_1_807' title='bbox 2276 5336 2603 5391; x_wconf 89' lang='lat' dir='ltr'><strong>miraculum</strong></span> <span class='ocrx_word' id='word_1_808' title='bbox 2665 5336 2913 5391; x_wconf 90' lang='lat' dir='ltr'><strong>editurus</strong></span> <span class='ocrx_word' id='word_1_809' title='bbox 2978 5344 3038 5389; x_wconf 91' lang='lat' dir='ltr'><strong>ut</strong></span> <span class='ocrx_word' id='word_1_810' title='bbox 3094 5334 3267 5397; x_wconf 91' lang='lat' dir='ltr'><strong>Deus,</strong></span> <span class='ocrx_word' id='word_1_811' title='bbox 3323 5335 3567 5402; x_wconf 88' lang='lat' dir='ltr'><strong>loquitur</strong></span> 
     </span>
    </p>
   </div>
   <div class='ocr_carea' id='block_1_105' title="bbox 315 5419 1848 5498">
    <p class='ocr_par' dir='ltr' id='par_1_105' title="bbox 315 5419 1848 5494">
     <span class='ocr_line' id='line_1_105' title="bbox 315 5419 1848 5494; baseline -0.001 -16"><span class='ocrx_word' id='word_1_812' title='bbox 315 5441 416 5487; x_wconf 90' lang='grc' dir='ltr'>πος</span> <span class='ocrx_word' id='word_1_813' title='bbox 443 5441 455 5454; x_wconf 88' lang='grc'><strong>·</strong></span> <span class='ocrx_word' id='word_1_814' title='bbox 492 5424 585 5477; x_wconf 76' lang='grc' dir='ltr'><strong>καὶ</strong></span> <span class='ocrx_word' id='word_1_815' title='bbox 618 5423 760 5494; x_wconf 71' lang='grc' dir='ltr'>ἅπερ</span> <span class='ocrx_word' id='word_1_816' title='bbox 784 5419 923 5477; x_wconf 77' lang='grc' dir='ltr'>οἶδεν</span> <span class='ocrx_word' id='word_1_817' title='bbox 949 5422 1023 5485; x_wconf 83' lang='grc' dir='ltr'><strong>ὡς</strong></span> <span class='ocrx_word' id='word_1_818' title='bbox 1046 5422 1177 5485; x_wconf 84' lang='grc' dir='ltr'>Θεὸς</span> <span class='ocrx_word' id='word_1_819' title='bbox 1200 5464 1213 5490; x_wconf 88' lang='grc'><strong>,</strong></span> <span class='ocrx_word' id='word_1_820' title='bbox 1248 5423 1459 5493; x_wconf 86' lang='grc' dir='ltr'>ἀγνοεῖν</span> <span class='ocrx_word' id='word_1_821' title='bbox 1492 5423 1603 5476; x_wconf 78' lang='grc' dir='ltr'>ἐσθ’</span> <span class='ocrx_word' id='word_1_822' title='bbox 1639 5424 1726 5477; x_wconf 78' lang='grc' dir='ltr'><strong>ὅτε</strong></span> <span class='ocrx_word' id='word_1_823' title='bbox 1758 5442 1848 5494; x_wconf 54' lang='grc' dir='ltr'><strong>σχῇ</strong></span> 
     </span>
    </p>
   </div>
   <div class='ocr_carea' id='block_1_106' title="bbox 2031 5419 3564 5498">
    <p class='ocr_par' dir='ltr' id='par_1_106' title="bbox 2031 5426 3564 5498">
     <span class='ocr_line' id='line_1_106' title="bbox 2031 5426 3564 5498; baseline -0.001 -17"><span class='ocrx_word' id='word_1_824' title='bbox 2031 5443 2174 5482; x_wconf 71' lang='lat' dir='ltr'><strong>tmen</strong></span> <span class='ocrx_word' id='word_1_825' title='bbox 2210 5436 2269 5482; x_wconf 88' lang='lat' dir='ltr'><strong>ut</strong></span> <span class='ocrx_word' id='word_1_826' title='bbox 2304 5427 2508 5482; x_wconf 90' lang='lat' dir='ltr'><strong>homo:</strong></span> <span class='ocrx_word' id='word_1_827' title='bbox 2534 5437 2734 5497; x_wconf 74' lang='lat' dir='ltr'><strong>etquae</strong></span> <span class='ocrx_word' id='word_1_828' title='bbox 2760 5428 2930 5498; x_wconf 89' lang='lat' dir='ltr'><strong>probe</strong></span> <span class='ocrx_word' id='word_1_829' title='bbox 2966 5427 3107 5482; x_wconf 90' lang='lat' dir='ltr'><strong>Deus</strong></span> <span class='ocrx_word' id='word_1_830' title='bbox 3138 5434 3383 5489; x_wconf 86' lang='lat' dir='ltr'><strong>noverat,</strong></span> <span class='ocrx_word' id='word_1_831' title='bbox 3415 5426 3564 5496; x_wconf 87' lang='lat' dir='ltr'><strong>igno-</strong></span> 
     </span>
    </p>
   </div>
   <div class='ocr_carea' id='block_1_107' title="bbox 391 5559 854 5630">
    <p class='ocr_par' dir='ltr' id='par_1_107' title="bbox 391 5559 854 5630">
     <span class='ocr_line' id='line_1_107' title="bbox 391 5559 854 5630; baseline -0.004 -16"><span class='ocrx_word' id='word_1_832' title='bbox 391 5561 433 5591; x_wconf 80' lang='grc'><strong>⁸¹</strong></span> <span class='ocrx_word' id='word_1_833' title='bbox 463 5559 769 5630; x_wconf 89' lang='lat' dir='ltr'><strong>Philipp.n,</strong></span> <span class='ocrx_word' id='word_1_834' title='bbox 797 5561 854 5613; x_wconf 91' lang='lat'><strong>7.</strong></span> 
     </span>
    </p>
   </div>
   <div class='ocr_carea' id='block_1_108' title="bbox 389 5679 1922 5752">
    <p class='ocr_par' dir='ltr' id='par_1_108' title="bbox 389 5680 1890 5752">
     <span class='ocr_line' id='line_1_108' title="bbox 389 5680 1890 5752; baseline 0.001 -20"><span class='ocrx_word' id='word_1_835' title='bbox 389 5681 465 5748; x_wconf 83' lang='grc' dir='ltr'>(ἰ)</span> <span class='ocrx_word' id='word_1_836' title='bbox 496 5680 684 5752; x_wconf 73' lang='grc' dir='ltr'>Καίτὸ</span> <span class='ocrx_word' id='word_1_837' title='bbox 708 5680 928 5747; x_wconf 65' lang='grc' dir='ltr'>ἐρωτᾷν·</span> <span class='ocrx_word' id='word_1_838' title='bbox 952 5723 963 5734; x_wconf 93' lang='grc'><strong>.</strong></span> <span class='ocrx_word' id='word_1_839' title='bbox 994 5725 1005 5736; x_wconf 93' lang='grc'><strong>.</strong></span> <span class='ocrx_word' id='word_1_840' title='bbox 1034 5720 1046 5733; x_wconf 89' lang='grc'><strong>.</strong></span> <span class='ocrx_word' id='word_1_841' title='bbox 1079 5723 1089 5733; x_wconf 95' lang='grc'><strong><em>.</em></strong></span> <span class='ocrx_word' id='word_1_842' title='bbox 1119 5682 1405 5751; x_wconf 69' lang='grc' dir='ltr'>γενέσεως</span> <span class='ocrx_word' id='word_1_843' title='bbox 1439 5680 1655 5734; x_wconf 73' lang='grc' dir='ltr'><strong>αὐτῶν.</strong></span> <span class='ocrx_word' id='word_1_844' title='bbox 1686 5681 1758 5733; x_wconf 74' lang='lat' dir='ltr'><strong>Ex</strong></span> <span class='ocrx_word' id='word_1_845' title='bbox 1783 5682 1890 5735; x_wconf 80' lang='lat' dir='ltr'><strong>Ma-</strong></span> 
     </span>
    </p>
   </div>
   <div class='ocr_carea' id='block_1_109' title="bbox 2025 5679 3558 5752">
    <p class='ocr_par' dir='ltr' id='par_1_109' title="bbox 2069 5679 3558 5752">
     <span class='ocr_line' id='line_1_109' title="bbox 2069 5679 3558 5752; baseline -0.002 -15"><span class='ocrx_word' id='word_1_846' title='bbox 2069 5686 2145 5749; x_wconf 63' lang='lat' dir='ltr'><strong>(“li</strong></span> <span class='ocrx_word' id='word_1_847' title='bbox 2177 5686 2297 5737; x_wconf 71' lang='grc' dir='ltr'><strong>Οὐκ</strong></span> <span class='ocrx_word' id='word_1_848' title='bbox 2332 5684 2698 5752; x_wconf 68' lang='grc' dir='ltr'>ἀγνοοῦντος</span> <span class='ocrx_word' id='word_1_849' title='bbox 2805 5682 3295 5749; x_wconf 77' lang='grc' dir='ltr'>παραιτούμενος.</span> <span class='ocrx_word' id='word_1_850' title='bbox 3315 5679 3387 5752; x_wconf 53' lang='lat' dir='ltr'><strong>liv</strong></span> <span class='ocrx_word' id='word_1_851' title='bbox 3407 5688 3558 5752; x_wconf 46' lang='lat' dir='ltr'><strong>cute.</strong></span> 
     </span>
    </p>
   </div>
   <div class='ocr_carea' id='block_1_110' title="bbox 321 5749 3469 5876">
    <p class='ocr_par' dir='ltr' id='par_1_110' title="bbox 321 5749 3469 5876">
     <span class='ocr_line' id='line_1_110' title="bbox 321 5749 3469 5876; baseline 0.001 -75"><span class='ocrx_word' id='word_1_852' title='bbox 321 5750 911 5876; x_wconf 49' lang='lat' dir='ltr'><strong>giu&#39;IIICrI‘ySO‘tI‘PIIlIII</strong></span> <span class='ocrx_word' id='word_1_853' title='bbox 943 5749 1222 5819; x_wconf 32' lang='lat' dir='ltr'><strong>tract.&#39;16,</strong></span> <span class='ocrx_word' id='word_1_854' title='bbox 1263 5753 1384 5808; x_wconf 85' lang='lat' dir='ltr'><strong>cod.</strong></span> <span class='ocrx_word' id='word_1_855' title='bbox 1433 5752 1526 5808; x_wconf 81' lang='lat' dir='ltr'><strong>fol.</strong></span> <span class='ocrx_word' id='word_1_856' title='bbox 1566 5752 1668 5807; x_wconf 72' lang='lat'><strong>57:!</strong></span> <span class='ocrx_word' id='word_1_857' title='bbox 1700 5752 1748 5815; x_wconf 75' lang='grc' dir='ltr'>ί),</span> <span class='ocrx_word' id='word_1_858' title='bbox 1798 5770 1882 5822; x_wconf 83' lang='lat' dir='ltr'><strong>ap.</strong></span> <span class='ocrx_word' id='word_1_859' title='bbox 1998 5772 2065 5809; x_wconf 80' lang='lat' dir='ltr'><strong>na</strong></span> <span class='ocrx_word' id='word_1_860' title='bbox 2106 5749 2485 5824; x_wconf 76' lang='lat' dir='ltr'><strong>Vaticanaap.</strong></span> <span class='ocrx_word' id='word_1_861' title='bbox 2525 5753 2625 5808; x_wconf 79' lang='lat' dir='ltr'><strong>Mai</strong></span> <span class='ocrx_word' id='word_1_862' title='bbox 2662 5755 2780 5809; x_wconf 91' lang='lat' dir='ltr'><strong>loco</strong></span> <span class='ocrx_word' id='word_1_863' title='bbox 2814 5769 2977 5822; x_wconf 83' lang='lat' dir='ltr'><strong>supra</strong></span> <span class='ocrx_word' id='word_1_864' title='bbox 3010 5754 3247 5818; x_wconf 82' lang='lat' dir='ltr'><strong>laudato,</strong></span> <span class='ocrx_word' id='word_1_865' title='bbox 3282 5768 3333 5821; x_wconf 76' lang='grc' dir='ltr'>ρ.</span> <span class='ocrx_word' id='word_1_866' title='bbox 3372 5749 3469 5805; x_wconf 81' lang='grc'><strong>155</strong></span> 
     </span>
     <span class='ocr_line' id='line_1_111' title="bbox 384 5839 807 5876; baseline 0.005 -4"><span class='ocrx_word' id='word_1_867' title='bbox 384 5839 431 5874; x_wconf 83' lang='grc' dir='ltr'><strong>;ιι</strong></span> <span class='ocrx_word' id='word_1_868' title='bbox 486 5862 497 5872; x_wconf 94' lang='grc'>.</span> <span class='ocrx_word' id='word_1_869' title='bbox 551 5859 563 5872; x_wconf 94' lang='grc'><strong>.</strong></span> <span class='ocrx_word' id='word_1_870' title='bbox 602 5840 652 5876; x_wconf 86' lang='lat' dir='ltr'><strong>n.</strong></span> <span class='ocrx_word' id='word_1_871' title='bbox 720 5842 807 5876; x_wconf 65' lang='grc' dir='ltr'><strong>(Η.</strong></span> 
     </span>
    </p>
   </div>
   <div class='ocr_carea' id='block_1_111' title="bbox 384 5839 807 5892">
    <p class='ocr_par' dir='ltr' id='par_1_111' title="bbox 384 5839 807 5892">
     <span class='ocr_line' id='line_1_112' title="bbox 384 5839 807 5892; baseline 0.005 -20"><span class='ocrx_word' id='word_1_872' title='bbox 384 5839 431 5874; x_wconf 82' lang='grc' dir='ltr'>;ιι</span> <span class='ocrx_word' id='word_1_873' title='bbox 464 5839 497 5873; x_wconf 87' lang='grc' dir='ltr'>ι.</span> <span class='ocrx_word' id='word_1_874' title='bbox 531 5839 563 5873; x_wconf 90' lang='grc' dir='ltr'>ι.</span> <span class='ocrx_word' id='word_1_875' title='bbox 602 5840 652 5892; x_wconf 84' lang='lat' dir='ltr'><strong>p.</strong></span> <span class='ocrx_word' id='word_1_876' title='bbox 692 5839 807 5876; x_wconf 61' lang='lat'><strong>103}.</strong></span> 
     </span>
    </p>
   </div>
  </div>
