3882 6206
402 314 470 369 55
1397 315 1452 371 S.
1478 316 1744 371 CYRILLI
1789 310 2250 368 ALL'XANDRINI
2282 315 2595 369 ARClllllP.
3558 306 3626 362 56

396 427 518 467 rare
578 413 850 469 interdum
895 416 1151 481 simulat,
1195 417 1560 473 humanitatis
1603 416 1938 485 exiguitate"

2066 412 2348 480 ματίζεται
2365 455 2379 475 ,
2410 414 2510 483 τὴν
2536 415 2632 483 τῆς
2657 411 3072 480 ἀνθρωπότητος
3099 403 3366 474 πτωχείαν
3388 402 3624 474 οὐδαμοῦ

398 520 676 574 nunquam
712 508 1024 564 detrectans
1049 508 1145 582 (l).

464 589 558 657 XI,
599 595 688 650 55.
731 594 907 666 Igitur
934 598 1258 670 lacrymatus
1288 609 1366 654 est
1396 599 1575 656 Iesus.

464 677 669 737 Videas
705 688 1042 756 evangelista
1085 690 1479 761 lacrymantem
1532 699 1780 745 naturam
1835 692 1959 746 illa-

392 776 769 846 crymabilem,
805 779 1170 849 obstupescit,
1225 783 1327 838 etsi
1358 784 1526 855 686
1574 785 1796 854 propria
1845 787 1959 840 haec

390 872 534 918 esset
562 866 746 922 carnis
777 867 1013 932 allectio,
1034 871 1364 942 minimeque
1381 873 1572 929 deitati
1599 877 1954 931 conveniens.

391 953 686 1025 Lacrymas
733 974 862 1014 vero
911 959 1090 1015 fundit
1129 961 1420 1032 Dominus,
1453 967 1809 1036 conspicatus
1859 967 1957 1022 ho-

389 1045 590 1099 minem
639 1047 707 1101 ad
766 1051 1058 1119 imaginem
1104 1053 1190 1108 sui
1237 1053 1444 1110 factum
1489 1065 1762 1113 mortuum
1808 1074 1952 1122 esse,

390 1146 447 1190 ut
488 1147 710 1196 nostras
746 1141 1017 1214 lacrymas
1066 1145 1341 1202 cohibeat.
1382 1147 1617 1219 Propter
1646 1151 1750 1204 hoc
1806 1151 1951 1206 enim

387 1239 638 1286 mortuus
677 1240 780 1299 est,
814 1243 873 1288 ut
908 1245 961 1290 et
994 1252 1094 1292 nos
1135 1251 1308 1294 morte
1337 1236 1724 1306 liberaremur,
1752 1251 1807 1298 et
1833 1250 1956 1296 tan-

390 1319 560 1390 tisper
603 1324 822 1391 quidem
859 1326 1214 1398 lacrymatus.
1239 1329 1435 1388 deinde
1473 1349 1598 1388 mox
1638 1335 1955 1403 comprimit

386 1410 678 1482 Iacrymas,
718 1416 931 1472 scilicet
978 1436 1046 1473 ue
1097 1421 1349 1476 videatur
1395 1423 1572 1478 durus
1625 1426 1847 1494 quidam
1898 1435 1952 1480 et

386 1502 784 1562 immisericors
813 1509 931 1562 sine
961 1510 1076 1564 ullo
1105 1527 1271 1566 sensu
1305 1513 1468 1569 alieni
1501 1515 1710 1571 doloris
1730 1536 1744 1582 ;
1766 1523 1820 1572 et
1850 1533 1950 1572 nos

382 1607 605 1663 quoque
632 1597 782 1651 circa
811 1600 943 1653 talia
965 1600 1225 1658 erudiens
1250 1618 1313 1658 ac
1336 1604 1540 1659 docens
1564 1621 1633 1661 ne
1655 1607 1776 1675 plus
1801 1607 1949 1677 justo

382 1685 660 1740 solvamur
694 1688 749 1742 in
798 1690 1008 1746 luctum
1041 1694 1112 1748 ob
1157 1703 1406 1752 mortuos
1440 1714 1453 1749 :
1488 1698 1621 1752 illud
1669 1700 1813 1753 enim
1857 1715 1945 1754 re-

382 1776 527 1830 dolet
571 1777 970 1836 humanitatem
1023 1799 1086 1838 ac
1141 1787 1595 1853 misericordiam,
1628 1789 1733 1844 hoc
1787 1791 1946 1860 plane

380 1866 635 1936 ignavum
667 1877 722 1924 et
755 1873 1036 1930 muliebre.
1071 1876 1138 1931 Et
1171 1878 1241 1933 ob
1279 1877 1419 1934 hanc
1447 1895 1670 1936 causam
1702 1883 1950 1951 permisit

380 1974 493 2014 suae
547 1963 698 2016 carni
751 1965 999 2020 nonnihil
1053 1966 1205 2037 ﬂere,
1236 1970 1364 2025 licet
1425 1973 1696 2030 exsistens
1753 1985 1947 2032 natura

380 2049 639 2108 immunis
701 2070 731 2108 a
793 2056 1082 2128 lacrymis,
1133 2061 1383 2132 nullique
1436 2065 1614 2120 dolori
1677 2067 1947 2126 obnoxius

379 2137 558 2205 quoad
594 2141 870 2210 propriam
897 2156 1176 2204 naturam.
1220 2148 1329 2218 Ipsi
1361 2168 1579 2223 quoque
1608 2171 1799 2213 osores
1839 2160 1944 2213 ini-

377 2229 504 2283 mici
539 2231 881 2291 admirantur
911 2238 1186 2310 lacrymas
1229 2240 1464 2297 Domini.
1504 2245 1641 2299 Nam
1676 2250 1770 2317 qui
1801 2259 1941 2304 stre-

375 2336 482 2376 nue
525 2321 1005 2396 philosophantur,
1040 2341 1279 2401 suntque
1335 2334 1393 2389 in
1455 2351 1651 2407 magna
1687 2339 1942 2408 opinione

374 2410 679 2479 hominum,
707 2431 850 2486 aegre
883 2419 1277 2492 lacrymantur,
1314 2432 1573 2496 tanquam
1605 2445 1824 2486 omnem
1853 2449 1942 2488 ca-

373 2503 678 2562 lamitatem
740 2523 1122 2580 aspernantes.
1193 2515 1466 2572 Putabant
1520 2531 1702 2576 autem
1767 2523 1939 2580 Judaei

369 2614 493 2652 eum
528 2609 754 2672 propter
787 2615 1018 2660 mortem
1053 2608 1245 2664 Lazari
1279 2609 1438 2678 ﬂere;
1465 2621 1520 2666 at
1552 2616 1672 2684 ipse
1710 2618 1939 2674 misera-

369 2687 518 2743 tione
570 2699 752 2746 tactus
799 2695 979 2750 omnis
1036 2695 1289 2753 humanzc
1344 2710 1554 2758 natura:
1603 2704 1770 2771 ﬂevit,
1827 2724 1933 2762 non

367 2777 544 2830 solum
590 2777 856 2835 Lazarum
904 2783 1117 2855 lugens,
1142 2786 1238 2841 sed
1287 2789 1432 2858 quod
1483 2789 1594 2858 jam
1626 2792 1757 2845 olim
1791 2796 1938 2848 acci-

366 2865 522 2923 derat
545 2871 688 2939 apud
719 2887 778 2928 se
810 2875 1080 2944 cogitans,
1113 2895 1237 2933 cum
1269 2881 1527 2938 universa
1565 2884 1805 2940 humana
1834 2904 1932 2942 na.

365 2967 490 3014 tura
531 2964 698 3017 morti
743 2965 1048 3035 subiaceat,
1084 2971 1387 3042 meritoque
1426 2975 1568 3030 hanc
1600 2979 1827 3032 multam
1879 2987 1932 3035 et

2064 505 2515 574 παραιτούμενος.

2143 593 2512 660 Ἐδὰκρυσεν
2539 587 2651 646 οὖν
2680 593 2712 644 ὀ
2745 587 2995 657 Ἰησοῦς.

2139 685 2198 737 '0
2241 685 2423 754 μέντοι
2475 679 2864 749 εὐαγγελιστὴς
2910 677 3123 746 βλέπων
3154 672 3495 744 δακρύουσαν
3525 687 3626 740 την

2059 777 2356 847 ἀδάκρυτον
2411 775 2573 844 φύσιν
2599 813 2613 834 ,
2663 771 3140 840 καταπλήττεται,
3188 767 3236 818 εἰ
3267 764 3360 818 καὶ
3403 762 3532 814 ἴδιον
3556 754 3627 830 ἦν

2057 871 2154 938 τῆς
2213 868 2409 938 σαρκὸς
2453 867 2514 920 τὸ
2562 865 2766 928 πάθος,
2821 863 2915 916 καὶ
2947 860 3008 914 ού
3056 862 3121 930 τῇ
3151 857 3361 957 θεότητι
3389 853 3623 957 πρέπον.

2056 961 2292 1032 Δακρύει
2325 961 2383 1013 δὲ
2406 961 2433 1012 6
2454 959 2656 1027 Κύριος
2674 999 2688 1020 ,
2726 954 2988 1026 ἑωρακὼς
3017 953 3107 1005 τὸν
3139 947 3425 1044 κατ’μίδίαν
3441 947 3628 1044 είκόνα

2055 1053 2317 1122 γεγονότα
2361 1050 2671 1118 ἄνθρωπον,
2723 1043 3202 1114 κατεφθαρμένον,
3253 1039 3340 1092 ἵνα
3379 1037 3438 1090 τὸ
3466 1037 3628 1105 ἡμῶν

2057 1143 2370 1214 περιστείλῃ
2411 1142 2663 1209 δάκρυον.
2720 1136 2818 1189 Διά
2846 1135 2969 1206 ,γὰρ
2990 1131 3148 1185 τοῦτο
3195 1130 3287 1182 καὶ
3331 1125 3622 1187 ἀπέθανεν,

2055 1236 2140 1289 ἵνα
2183 1235 2276 1286 καλ⁵
2322 1235 2484 1302 ἡμεῖς
2534 1227 2937 1297 ἀπαλλαγῶμεν
2990 1223 3254 1278 θανιείιτου⁸
3306 1217 3530 1288 δακρύει
3565 1215 3624 1268 δὲ

2057 1327 2233 1398 μόνον,
2274 1324 2367 1377 καὶ
2400 1322 2561 1384 εὐθὺς
2591 1321 2773 1390 ἐπέχει
2805 1319 2865 1371 τὸ
2893 1313 3252 1416 Macrinam-Iw:
3379 1307 3508 1416 δόξῃ
3538 1323 3623 1416 τις

2051 1419 2200 1490 ὠμὸς
2229 1417 2326 1470 καὶ
2355 1414 2683 1485 ἀσυμπαθὴς
2717 1407 2854 1463 εἶναι
2875 1451 2888 1473 ,
2928 1409 3019 1462 καὶ
3059 1408 3205 1477 ἡμᾶς
3238 1403 3330 1456 ἐπὶ
3370 1403 3482 1462 τοῖς
3505 1403 3624 1490 ,αὑ-

2051 1489 2161 1574 τοῖς
2187 1508 2455 1562 παιδεύων
2483 1506 2556 1576 μὴ
2586 1505 2680 1556 ἐπὶ
2708 1503 2839 1554 πολὺ
2866 1497 3152 1553 ἐκλύεσθαι
3177 1496 3267 1548 ἐπὶ
3291 1496 3403 1554 τοῖς
3431 1489 3624 1557 τεθνη-

2051 1601 2170 1653 κόσι
2198 1617 2211 1630 ο
2243 1599 2303 1651 τὸ
2349 1596 2446 1666 μὲν
2471 1594 2600 1664 γὰρ,
2633 1589 2973 1661 συμπαθείας
3003 1586 3290 1656 ἐχόμενον,
3319 1582 3380 1634 τὸ
3409 1581 3487 1641 δὲ,
3518 1595 3622 1646 γυ-

2049 1695 2291 1748 ναικικὸν
2325 1692 2418 1746 καὶ
2445 1687 2724 1757 ἄνανδρον.
2755 1682 2853 1736 Διὰ
2877 1681 3033 1735 τοῦτο
3065 1675 3156 1732 οὖν
3187 1673 3532 1745 συνεχώρησε
3553 1675 3620 1742 τῇ

2052 1787 2156 1843 ἰδία
2183 1782 2348 1843 σαρκὶ
2374 1779 2603 1833 κλαῦσαι
2629 1776 2808 1843 ὀλίγον
2826 1816 2840 1838 ,
2870 1772 3074 1840 καίπερ
3097 1769 3171 1822 ὢν
3200 1769 3264 1837 τῇ
3300 1765 3460 1834 φύσει
3491 1763 3620 1819 ἄδαι-

2052 1842 2185 1947 κρυς
2215 1835 2311 1926 καὶ
2347 1870 2562 1937 ἁπάσης
2593 1865 2941 1925 ἀνεπίδεκτος
2975 1859 3153 1928 λύπης
3173 1897 3186 1916 .
3217 1859 3350 1956 ὅσον
3372 1857 3450 1915 είς
3481 1853 3622 1956 ἰδίαν

2051 1943 2230 2037 φύσιν.
2285 1960 2634 2032 Θαυμάζουσι
2669 1953 2726 2009 δὲ
2773 1956 2865 2009 καὶ
2927 1952 3080 2006 αὐτοὶ
3119 1952 3167 2002 οἱ
3199 1946 3514 2017 μισοῦντες,
3560 1943 3622 1996 τὸ

2049 2058 2254 2127 Κυρίου
2291 2056 2352 2107 τὸ
2379 2054 2631 2122 δάκρυον.
2671 2052 2734 2100 Οἱ
2768 2047 2876 2116 γὰρ
2893 2048 2970 2108 είς
2994 2045 3160 2144 ἀκρον
3183 2041 3617 2144 φιλρσοφοῦντες,

2047 2151 2142 2204 καὶ
2156 2152 2203 2202 οἱ
2222 2149 2278 2200 ὲν
2301 2144 2567 2215 ὑπολήψει
2585 2142 2832 2213 λαμπρᾷ,
2848 2136 3252 2208 δυσχερέστατα
3269 2133 3618 2201 δακρύουσιν,

2044 2245 2118 2307 ὡς
2153 2240 2686 2307 κατανεανιευόμενοι
2748 2234 2928 2302 πάσης
2977 2229 3278 2298 συμφορᾶς.
3340 2221 3624 2292 Ἐνόμιζον

2041 2338 2096 2391 δὲ
2124 2338 2170 2389 οἱ
2205 2334 2447 2388 Ἰουδαῖοι
2479 2333 2560 2384 ὄτι
2586 2327 2676 2382 διὰ
2702 2328 2791 2381 τὸν
2821 2326 3050 2378 θάνατον
3082 2321 3314 2390 ἐδάκρυε
3338 2316 3616 2385 Λαζάρου·

2042 2429 2202 2490 αὐτὸς
2242 2425 2298 2478 δὲ
2350 2425 2532 2477 πᾶσαν
2583 2421 2682 2489 τὴν
2742 2415 3090 2488 ἀνθρωπίνην
3138 2411 3296 2480 φύσιν
3347 2405 3618 2462 κατελεῶν

2041 2524 2362 2591 ἐδάκρυσεν,
2401 2518 2460 2570 οὐ
2500 2516 2657 2585 μόνον
2677 2511 2928 2580 Λάζαρον
2959 2506 3180 2569 κλαίων,
3200 2503 3334 2557 ἀλλὰ
3353 2502 3414 2555 τὸ
3444 2501 3616 2554 πάλαι

2042 2610 2386 2682 συμϐεϐηκὸς
2415 2605 2628 2667 ἐννοῶν,
2660 2604 2742 2656 ὅτι
2769 2601 2917 2654 πᾶσα
2942 2601 2974 2668 ἡ
3011 2594 3367 2666 ἀνθρωπότης
3393 2591 3617 2659 γέγονεν

2039 2703 2142 2755 ὑπὸ
2176 2701 2405 2753 θάνατον
2430 2739 2443 2763 ,
2476 2694 2699 2755 δικαίως
2738 2690 2816 2759 τῷ
2848 2688 3076 2758 τοιούτῳ
3113 2684 3376 2753 ἐπιτιμίῳ
3405 2683 3614 2734 ὑποπε-

2039 2796 2225 2848 σοῦσα.
2279 2791 2463 2844 Ἀλλοι
2495 2789 2552 2841 δὲ
2596 2786 2700 2838 ὑπὸ
2745 2784 2837 2836 τοῦ
2875 2779 3068 2852 φθόνου
3109 2775 3429 2848 τρωθέντες,
3460 2773 3616 2827 οὐδὲν

2037 2887 2222 2954 ἔλεγον
2256 2881 2461 2949 ἀγαθόν
2487 2897 2499 2909 ·
2553 2879 2611 2930 οὐ
2650 2875 2760 2946 γὰρ
2796 2873 2938 2928 κατὰ
2969 2871 3232 2942 ἀλήθειαν
3259 2867 3488 2938 ᾐτιῶντο
3523 2864 3616 2917 τὸν

2036 2977 2268 3047 Κύριον,
2309 2974 2384 3036 ὡς
2441 2969 2809 3040 ἐπιτρέψαντα
2849 2964 3140 3018 ἀποθανεῖν
3187 2961 3275 3012 τὸν
3322 2958 3611 3027 Λάζαρονο

364 3049 574 3108 cladem
612 3069 776 3124 passa
815 3059 907 3113 sit.
935 3059 1041 3113 Alii
1070 3075 1202 3116 vero
1232 3063 1405 3120 livore
1426 3068 1766 3124 exstimulati
1795 3071 1931 3125 nihil

2047 3069 2191 3122 τοῦτο
2224 3067 2332 3137 γὰρ
2367 3060 2435 3136 ἦν
2473 3060 2838 3116 πιστευόντων
2877 3059 2958 3111 ὅτι
3001 3054 3232 3124 ἠδύνατο
3264 3050 3352 3104 τὸν
3386 3048 3616 3146 θάνατον

365 3160 559 3200 sanum
609 3147 973 3217 loquebantur
1013 3170 1026 3204 :
1072 3168 1182 3209 non
1223 3156 1366 3209 enim
1409 3172 1598 3212 revera
1643 3161 1932 3218 insimula-

365 3237 494 3292 bant
524 3237 816 3296 Dominum
864 3245 1025 3313 quasi
1066 3245 1285 3303 sivisset
1311 3249 1450 3304 mori
1480 3249 1748 3308 Lazarum
1783 3274 1796 3309 :
1828 3256 1931 3312 hoc

361 3329 508 3384 enim
561 3329 758 3388 fuisset
807 3335 1152 3391 credentium
1185 3352 1311 3393 eum
1365 3355 1531 3410 posse
1577 3353 1808 3400 mortem
1860 3348 1931 3402 si-

363 3427 525 3476 stere.
580 3421 685 3477 Sed
745 3432 954 3479 tantum
1008 3443 1120 3483 non
1181 3430 1286 3485 hoc
1338 3431 1640 3490 dicebant:
1678 3437 1779 3493 Ubi
1837 3446 1930 3494 tua

361 3509 558 3578 virtus,
589 3526 622 3566 o
652 3513 1044 3571 miraculorum
1071 3517 1290 3574 editor?
1313 3520 1454 3577 Ecce
1496 3525 1638 3578 enim
1670 3535 1723 3580 et
1753 3539 1804 3582 te
1830 3543 1929 3582 no-

361 3605 506 3659 lente
536 3615 783 3663 mortuus
814 3616 899 3663 est
931 3624 1091 3678 quem
1125 3612 1346 3668 amabas
1373 3632 1387 3668 :
1417 3617 1560 3686 quod
1622 3619 1764 3674 enim
1805 3639 1928 3678 eum

361 3704 574 3746 amares
620 3693 825 3748 indicio
881 3706 1010 3750 sunt
1048 3705 1156 3752 tua:
1211 3700 1482 3771 lacrymie.
1533 3703 1590 3759 Si
1643 3721 1773 3777 ergo
1823 3719 1930 3767 tuae

364 3776 580 3836 virtutis
603 3790 658 3835 et
685 3787 942 3852 potentiae
970 3785 1074 3839 fuit
1105 3790 1252 3858 quod
1293 3792 1442 3847 circa
1474 3809 1676 3850 caz-cum
1716 3776 1926 3856 l‘actum

359 3879 468 3936 cst,
501 3881 719 3939 poteras
751 3880 805 3928 et
849 3883 1078 3931 mortem
1129 3880 1410 3936 retardare
1447 3898 1509 3937 ac
1558 3899 1929 3957 compescere,

2041 3161 2252 3232 στῆσαι.
2302 3156 2460 3210 Ἀλλὰ
2495 3151 2776 3226 μονονουχὶ
2804 3148 2961 3202 τοῦτό
2994 3163 3156 3215 φασιν
3181 3161 3196 3174 ³
3239 3141 3350 3195 Ποῦ
3380 3143 3412 3212 ή
3457 3138 3614 3208 ίσχύς

2040 3270 2163 3316 σου,
2204 3245 2250 3303 ὧ
2279 3243 2694 3317 θαυματουργέ;
2760 3241 2892 3294 Ἰδοὺ
2919 3238 3028 3309 γὰρ
3055 3237 3148 3290 καὶ
3182 3236 3255 3307 μὴ
3290 3233 3614 3305 βουλομένου

2040 3345 2134 3398 σοῦ
2155 3387 2169 3407 ,
2204 3343 2463 3412 τέθνηκεν
2491 3341 2518 3392 ό
2551 3335 2656 3389 ὑπὸ
2693 3332 2786 3386 σοῦ
2814 3330 3138 3429 φιλούμενος
3158 3344 3171 3358 °
3204 3329 3307 3429 ’ὅτι
3476 3324 3614 3429 ὴχάο

2038 3455 2167 3501 πας,
2191 3429 2352 3506 δῆλον
2385 3433 2444 3498 ἐξ
2478 3424 2541 3484 οὗ
2570 3425 2846 3496 δακρύεις.
2865 3425 2928 3477 El
2953 3418 3047 3476 οὖν
3076 3417 3144 3492 ἦν
3169 3419 3270 3488 τῆς
3299 3417 3398 3486 σῆς
3432 3417 3612 3485 ἰσχύος

2033 3532 2094 3584 τὸ
2119 3528 2212 3583 τοῦ
2237 3523 2440 3594 τυφλοῦ
2462 3518 2885 3593 ἕργον,ὴδύνασο
2910 3514 3004 3566 καὶ
3026 3511 3116 3563 τὸν
3141 3509 3371 3610 θάνατον
3395 3507 3613 3610 στῆσῗ,

2034 3623 2171 3691 ὅπερ
2216 3617 2332 3672 ἐστὶ
2380 3616 2476 3668 καὶ
2527 3612 2657 3666 αύτὸ
2736 3609 2875 3678 ὑπὲρ
2925 3603 3213 3676 ἀνθρώπου
3261 3599 3441 3695 φύσιν.
3500 3597 3614 3695 ,Ὡς

2033 3712 2404 3783 ἐπιχαίροντες
2437 3701 2529 3760 οὖν
2558 3703 2617 3769 ἐξ
2649 3695 2722 3754 ὧν
2753 3701 2938 3770 ἑώρων
2962 3695 3162 3767 τρόπον
3182 3691 3329 3796 τινὰ⁹
3347 3691 3619 3796 παραλυιο-

2040 3779 2207 3877 μένην
2228 3779 2350 3872 Ῠτὴν
2379 3795 2542 3853 αὑτοῦ
2565 3795 2722 3860 δόξαν
2741 3833 2756 3858 ,
2792 3792 2924 3862 φασὶ
2951 3788 3112 3842 τοῦτο
3141 3802 3155 3816 ·
3192 3782 3363 3846 Δύτός
3389 3799 3452 3850 γε
3506 3779 3616 3851 μὴν

2039 3897 2338 3966 ἐδάκρυσεν
2378 3891 2472 3944 ἐπὶ
2494 3887 2749 3957 Λαζάρῳ.

362 3961 505 4028 quod
540 3960 758 4029 quidem
809 3972 893 4019 est
941 3979 1109 4034 supra
1155 3975 1410 4023 naturam
1452 3973 1711 4031 hominis.
1761 3977 1934 4049 Igitur
1975 3960 2304 4040 insultantes
2354 3982 2424 4045 ei,
2447 3979 2594 4050 quod
2643 3978 2890 4030 viderent
2957 3970 3362 4045 quodammodo
3425 3966 3612 4022 immi.

361 4059 549 4106 nutam
584 4051 704 4121 ejus
735 4054 986 4123 gloriam,
1014 4056 1119 4111 hoc
1166 4059 1355 4114 dicunt
1386 4080 1399 4116 :
1435 4062 1555 4133 Ipse
1586 4067 1805 4136 quidem
1845 4073 2181 4148 lacrymatus
2211 4082 2293 4129 est
2320 4087 2484 4142 super
2511 4070 2739 4124 Lazaro.

431 4141 522 4196 Sic
566 4142 770 4199 dicitur
820 4162 920 4216 pro
954 4167 968 4202 :
1000 4147 1321 4207 Commotus
1366 4153 1432 4208 ad
1488 4156 1927 4219 misericordiam

361 4243 581 4302 propter
611 4236 909 4291 multorum
937 4238 1232 4310 lacrymas,
1257 4244 1547 4314 imperavit
1580 4250 1798 4318 spiritui
1825 4269 1928 4310 suo

361 4333 423 4378 ut
452 4333 684 4381 mortem
719 4327 884 4382 etiam
918 4339 1046 4385 ante
1079 4343 1298 4402 tempus
1323 4337 1640 4406 debellaret,
1668 4357 1731 4398 ac
1760 4344 1930 4401 Laza-

360 4431 484 4468 rum
517 4417 830 4474 suscitaret.

432 4508 659 4563 Miratur
683 4527 880 4567 rursus
903 4513 1064 4570 divus
1088 4518 1422 4587 evangelista
1451 4519 1664 4578 ﬂentem
1698 4542 1930 4585 cernens

361 4593 812 4666 illacrymabilem
850 4608 1126 4658 naturam.
1150 4605 1316 4676 Atqui
1343 4609 1579 4666 humana
1607 4615 1719 4669 hate
1746 4623 1929 4687 passio

363 4695 498 4745 erat.
527 4689 889 4746 Miserabatur
919 4696 1067 4748 enim
1094 4713 1205 4751 non
1236 4701 1354 4756 sine
1387 4718 1576 4768 causa,
1609 4720 1928 4773 corruptum

367 4784 560 4837 videns
592 4784 867 4846 hominem
909 4787 976 4841 ad
1011 4788 1301 4860 imaginem
1333 4793 1425 4850 Dei
1456 4807 1720 4865 creatum,
1757 4812 1810 4856 et
1841 4819 1934 4856 ca-

368 4874 704 4932 lamitatibus
742 4879 949 4933 nostris
997 4883 1447 4940 contristabatur.
1483 4886 1599 4944 Nisi
1641 4893 1785 4945 enim
1835 4909 1931 4962 pro

366 4965 527 5020 nobis
573 4965 911 5037 lacrymatus
958 4979 1125 5036 esset,
1152 4990 1326 5028 meam
1381 4993 1490 5032 non
1536 4981 1815 5037 cohiberet
1856 4987 1931 5038 la-

362 5069 626 5126 crymam.
674 5055 806 5112 Nam
852 5061 995 5114 sicut
1041 5063 1086 5116 is
1139 5063 1232 5132 qui
1262 5074 1379 5118 erat
1411 5065 1644 5122 Verbum
1693 5071 1922 5128 dicens:

368 5166 386 5196 ι
429 5145 538 5218 Ego
580 5164 700 5202 sum
753 5153 911 5220 panis
963 5153 1031 5208 de
1066 5156 1209 5208 coelo
1262 5156 1620 5227 descendens,
1657 5163 1928 5234 vitamque

365 5237 570 5294 mundo
604 5241 837 5297 aﬂ‘ereus
864 5245 952 5309 δι’,
988 5265 1004 5296 ι
1040 5247 1288 5314 permisit
1323 5257 1505 5305 tamen
1547 5253 1839 5322 aliquando
1871 5265 1928 5310 ut

435 5440 498 5474 W
533 5439 692 5497 Joan.
736 5459 810 5509 vn,
846 5443 933 5497 50.

439 5577 518 5644 (l)
573 5579 723 5632 Ἀντί
767 5580 873 5634 τοῦ
919 5619 932 5632 .
964 5621 978 5633 .
1011 5620 1023 5633 .
1059 5619 1071 5633 .

440 5668 516 5734 {2)
573 5671 1053 5738 Καταπλήττεται
1115 5713 1127 5725 .
1180 5716 1192 5726 .

2117 4169 2260 4222 Ἀντί
2283 4166 2378 4219 τοῦ
2420 4165 2494 4234 (Ι)
2519 4205 2534 4228 ,
2577 4164 2953 4230 Κεκινημενος
2994 4160 3073 4221 εἰς
3111 4157 3260 4210 ἔλεον
3293 4158 3356 4208 ὲκ
3391 4153 3485 4206 τοῦ
3516 4153 3613 4207 δα-

2035 4261 2238 4322 κρῦσαι
2265 4257 2513 4319 πολλοὺς,
2533 4253 2835 4307 ἐνετείλατο
2853 4251 3053 4322 τρόπον
3069 4249 3190 4304 τινα
3204 4248 3282 4319 τῷ
3307 4247 3421 4317 ἰδίῳ
3438 4249 3614 4300 [Ινεύ-

2038 4317 2168 4421 ματ-ι
2197 4347 2590 4405 καταπαλαίειν
2607 4384 2619 4408 ,
2647 4345 2740 4398 καὶ
2760 4344 2866 4415 πρὸ
2888 4341 3099 4414 καιροῦ,
3124 4340 3219 4394 τοῦ
3243 4339 3495 4405 θανάτου,
3517 4339 3613 4391 καὶ

2040 4444 2341 4512 ἀναστῆσαι
2369 4440 2461 4492 τὸν
2490 4437 2757 4507 Λάζαρον.

2091 4528 2542 4597 Καταπλήττεται
2573 4526 2649 4592 (‘2)
2669 4523 2828 4577 πάλιν
2850 4525 2877 4576 ό
2895 4521 3178 4585 θεσπέσιος
3195 4519 3607 4592 εὐαγγελιστὴς,

2039 4621 2379 4690 δακρύουσαν
2413 4617 2624 4688 βλέπων
2668 4615 2765 4686 τὴν
2813 4615 3112 4685 ἀδάκρυτον
3156 4613 3338 4684 φύσιν.
3387 4615 3498 4667 Καὶ
3545 4615 3611 4666 τὸ

2038 4711 2206 4776 πάθος
2229 4707 2296 4782 ἧν
2320 4708 2677 4779 ἀνθρώπινον.
2712 4706 2888 4758 Ἦλέει
2914 4703 3021 4776 γὰρ
3055 4705 3282 4768 εἰκότως
3305 4704 3605 4775 κατεφθαρ-

2042 4802 2197 4873 μένον
2231 4801 2372 4872 ὀρῶν
2403 4800 2494 4853 τὸν
2529 4799 2647 4852 κατ’
2677 4797 2810 4850 ίδίαν
2838 4795 3047 4859 εἰκόνα,
3086 4795 3178 4848 καὶ
3218 4793 3607 4862 ἐπιστυγνάζει

2029 4896 2148 4956 ταῖς
2167 4892 2459 4962 ἡμετέραις
2479 4891 2804 4959 συμφοραῖς.
2821 4887 2884 4940 El
2901 4886 3008 4958 γὰρ
3027 4888 3101 4958 μὴ
3117 4885 3444 4958 δεδάκρυκεν
3462 4886 3607 4954 ὑπὲρ

2030 4984 2183 5055 ἡμῶν
2204 5023 2217 5045 ,
2249 4984 2348 5036 ούκ
2371 4982 2434 5035 ἂν
2466 4982 2526 5034 τὸ
2567 4981 2698 5049 ἐμὸν
2735 4978 3062 5050 περιεστάλη
3103 4979 3358 5049 δάκρυον.
3393 4978 3606 5048 Ὀνπερ

2032 5077 2139 5145 γὰρ
2167 5074 2366 5145 τρόπον
2389 5073 2548 5135 αὐτὸς
2571 5068 2638 5142 ἦν
2675 5074 2703 5125 6
2734 5072 2903 5140 Λόγος
2928 5074 2955 5125 6
2979 5070 3172 5136 εἰπὼν,
3218 5089 3235 5121 ‹
3262 5069 3402 5138 Ἐγώ
3432 5070 3547 5138 εἰμι
3573 5073 3604 5122 6

2033 5169 2192 5238 ἄρτος
2237 5168 2266 5218 ὁ
2311 5163 2368 5228 ἐξ
2413 5163 2639 5235 ούρανοῦ
2674 5163 2951 5229 καταϐὰς,
2995 5164 3088 5216 καὶ
3118 5161 3261 5232 ζωὴν
3293 5161 3468 5224 διδοὺς
3524 5163 3605 5232 τῷ

2034 5262 2273 5326 κόσμῳ,›
2311 5255 2729 5325 συγκεχώρηκεν
2759 5257 2867 5308 ὰπὸ
2885 5256 3082 5326 μέρους
3104 5255 3202 5323 τῆς
3233 5255 3365 5318 ἰδίας
3393 5254 3598 5327 σαρκός

1124 5580 1230 5634 τὸν
1270 5581 1557 5650 Λάζαρον.
1609 5583 1682 5638 Ex
1733 5585 1934 5642 Macari

2047 5588 2372 5659 lirysoceph.
2400 5588 2439 5642 l.
2473 5587 2508 5642 l.
2539 5602 2628 5658 ap.
2665 5585 2770 5645 Mai
2801 5586 2930 5641 ibid.

1310 5713 1323 5725 .
1396 5675 1494 5728 καὶ
1563 5677 1934 5746 ἀσυμπαθές.
1998 5679 2070 5734 lix
2129 5689 2318 5735 catena
2363 5679 2540 5751 Vatic.
2583 5694 2670 5750 ap.
2703 5677 2805 5734 Mai
2837 5677 2966 5736 ibid.
3000 5675 3173 5750 Hujus
3202 5688 3255 5736 ct
3307 5681 3588 5751 sequentis

371 5739 654 5810 fragmenti
705 5742 920 5796 nonnisi
973 5744 1251 5812 particulae
1299 5747 1539 5814 quaedam
1606 5739 1820 5804 exstant
1873 5739 1925 5805 in
1958 5760 2147 5807 catcua
2178 5750 2526 5816 Corderiana,
2557 5739 2760 5819 p.'29l.
