3882 6206
185 315 253 367 57
1037 326 1101 380 IN
1131 327 1470 383 JOANNI‘IM.
1505 361 1577 368 —-
1609 331 1730 384 LIB.

1845 333 1862 384 I
1899 330 1983 384 ΕΤ
2011 331 2123 386 VIII
2158 331 2606 388 FRAGMENTA.
3361 332 3430 390 58

183 425 400 496 ἰσχύσαι
422 430 541 481 κατ’
573 430 743 496 αὐτῆς
767 433 824 486 τὸ
849 440 1060 508 πεινῇν·
1080 439 1222 492 οὕτω
1251 442 1548 504 κάνταῦθα,
1581 442 1724 513 λύπη

1863 454 2060 500 contra
2113 449 2391 517 propriam
2462 457 2685 502 carnem
2736 445 2908 500 fames
2961 448 3309 516 praevaleret,
3355 452 3434 504 ita

180 517 531 584 ἀνεπίδεκτος
573 521 647 574 ῶν
689 524 764 588 ὡς
793 526 960 591 Θεὸς,
1009 530 1216 599 ἐφῆκεν
1251 533 1552 602 συμπαθῶς
1596 537 1757 588 ἐκπι-

181 610 485 681 κρανθῆναι
509 614 641 683 πρὸς
663 615 897 687 δάκρυον
923 623 989 690 τῇ
1013 623 1198 692 σαρκὶ,
1227 625 1358 694 πρὸς
1389 627 1752 698 ὑπογραμμὸν

179 699 468 770 ἡμέτερον.
508 703 717 776 Ὥσπερ
746 707 855 777 γάρ
879 709 937 761 τὸ
968 709 1174 765 κλαίειν
1205 715 1469 785 σφοδρῶς,
1497 717 1604 771 τῶν
1629 721 1753 772 ἀτο-

181 791 444 844 πωτάτων
467 794 609 846 εῐποι
640 812 723 858 τις
749 797 836 851 ἀν’
855 799 998 854 οὕτω
1021 802 1083 854 τὸ
1117 803 1239 874 μηδ’
1266 805 1401 870 ὅλως
1425 808 1752 879 ἀνασχέσθαι

178 886 409 954 κλαίειν,
427 889 662 960 σκληρὸν
692 893 789 946 καὶ
809 894 1148 965 ἀωμπαθές.

256 1105 312 1158 '0
341 1102 458 1162 οὖν
493 1108 722 1175 Ἰησοῦς
753 1109 940 1164 πάλιν
969 1112 1401 1182 ἐμϐριμώμενος
1434 1113 1504 1167 ἐν
1532 1111 1746 1185 ἑαυτῷ,

172 1197 405 1266 ἔρχεται
430 1205 520 1267 είς
554 1203 622 1256 τὸ
649 1202 962 1271 μνημεῖον.

251 1338 516 1394 Ἐνταῦθα
538 1341 636 1412 τὴν
663 1342 999 1414 ἐμϐριμησιν
1023 1344 1250 1414 νοοῦμεν
1269 1385 1284 1412 ,
1300 1345 1398 1415 τὴν
1419 1345 1581 1398 οἱονεὶ
1607 1345 1742 1416 μετά

168 1433 434 1502 κινήσεως
461 1435 560 1504 τῆς
591 1435 712 1488 κατ’
733 1435 983 1502 ἐξουσίαν
1017 1435 1234 1505 θέλησιν
1257 1454 1270 1467 ·
1306 1437 1401 1490 καὶ
1424 1439 1504 1491 ὅτι
1537 1436 1740 1508 ἀγριώ-

166 1540 323 1592 τερον
356 1528 422 1595 τῇ
454 1525 598 1597 λύπῃ
633 1528 955 1598 ἐπετίμησε,
982 1530 1075 1582 καὶ
1108 1529 1184 1599 τῷ
1210 1529 1430 1601 δακρύῳ
1458 1530 1535 1601 τῷ
1556 1535 1618 1584 ἐκ
1639 1532 1738 1602 τῆς

165 1616 343 1686 λύπης
361 1619 640 1687 ἐκκεῖσθαι
657 1619 922 1689 μέλλοντι.
939 1621 1027 1684 Ὠς
1042 1621 1152 1692 γὰρ
1167 1621 1299 1684 Θεὸς
1315 1622 1738 1691 παιδαγωγικῶς

165 1709 229 1776 τῇ
249 1708 634 1779 ἀνθρωπότητι
648 1710 882 1780 ἐπετιμᾷ
896 1750 910 1774 ,
941 1709 1495 1782 [κατα]νεανιεύεσθαι
1516 1713 1740 1766 ἐπιτάτ-

161 1810 272 1847 των
295 1795 404 1848 τῶν
432 1795 709 1867 λυπηρῶν·
745 1797 776 1868 ἢ
812 1797 1107 1868 θεοπρεπεῖ
1137 1799 1395 1870 κινήματι
1423 1799 1736 1872 διορίζεται,

160 1881 242 1936 ὅτι
290 1885 396 1955 χρὴ
419 1884 716 1957 ἀνατρέψαι
735 1886 920 1942 λοιπὸν
939 1887 1032 1942 τοῦ
1051 1888 1280 1943 Θανάτου
1299 1891 1358 1943 τὸ
1374 1890 1594 1962 κράτος.
1628 1893 1738 1944 Καὶ

1855 553 2002 592 nunc
2029 540 2193 592 etiam
2222 553 2349 593 cum
2375 546 2522 594 esset
2577 538 2818 593 tristitia:
2867 538 3150 603 immunis,
3181 549 3241 595 ut
3265 540 3432 609 Deus,

1855 630 2136 685 concessit
2157 631 2313 684 carni
2341 637 2402 684 ut
2431 628 2867 685 misericorditer
2900 630 2967 684 ad
3008 632 3277 702 lacrymas
3305 648 3432 688 eum

1855 737 2092 777 mcerore
2138 721 2482 786 flecteretur,
2525 721 2763 790 exempli
2822 722 2996 774 nostri
3057 733 3246 776 causa.
3296 721 3432 777 Nam

1855 814 2020 870 sicuti
2058 815 2291 869 multum
2337 814 2490 878 ﬂere,
2521 811 2822 868 absurdum
2859 814 3064 868 merito
3093 812 3326 881 dicitur;
3357 815 3432 869 ita

1853 920 2136 977 nunquam
2166 905 2236 960 ad
2281 905 2465 961 ﬂetum
2494 905 2849 970 commoveri,
2891 905 3091 960 durum
3128 915 3183 960 et
3220 906 3431 962 immite

1852 1005 1959 1052 est.

1920 1126 2015 1192 XI,
2040 1123 2131 1183 38.
2161 1126 2319 1182 Jesus
2361 1143 2484 1199 ergo
2531 1143 2742 1182 rursum
2785 1127 3014 1196 fremens
3056 1128 3110 1182 in
3152 1129 3428 1198 semetipso

1849 1222 1987 1277 venit
2011 1221 2080 1274 ad
2103 1231 2516 1275 monumentum.

1913 1359 2030 1415 IIoc
2059 1359 2182 1415 loco
2219 1358 2499 1414 fremitum
2539 1365 2595 1414 et
2629 1358 3068 1429 indignationem
3093 1360 3419 1429 accipimus,

1843 1455 2013 1510 veluti
2046 1469 2170 1508 cum
2203 1461 2352 1507 motu
2401 1451 2496 1521 qui
2542 1451 2598 1504 in
2633 1459 2903 1520 potestate
2945 1451 3017 1506 sit
3061 1452 3420 1515 voluntatem,

1843 1546 2100 1616 quodque
2154 1543 2410 1614 asperius
2440 1543 2618 1598 dolori
2655 1552 3029 1610 succenseret,
3053 1544 3421 1614 lacrymzeque

1841 1650 1907 1690 ex
1955 1634 2007 1687 vi
2059 1633 2272 1687 doloris
2321 1643 2677 1686 emanaturae.
2719 1632 3002 1702 Tanquam
3065 1633 3211 1688 enim
3273 1633 3420 1689 Deus

1842 1724 2190 1794 paedagogica
2239 1724 2571 1779 auctoritate
2605 1724 3005 1778 humanitatem
3062 1725 3330 1794 increpat,
3361 1726 3416 1780 in

1842 1816 2112 1871 molestiis
2153 1830 2419 1885 generose
2464 1831 2524 1870 se
2571 1830 2764 1886 gerere
2813 1815 3015 1886 jubens
3048 1835 3062 1871 :
3098 1817 3184 1870 vel
3231 1817 3418 1871 divino

1842 1916 1994 1961 motu
2034 1908 2308 1977 praecipit,
2349 1907 2611 1976 deinceps
2656 1905 3011 1962 evertendam
3055 1921 3179 1963 esse
3225 1909 3418 1963 mortis

158 1976 320 2030 τοῦτο
344 1976 431 2030 διά
452 1977 552 2047 τῆς
573 1979 706 2044 ἰδίας
731 1980 894 2034 αὐτοῦ
923 1983 1175 2052 ἐμφαίνει
1205 1983 1425 2056 σαρκὸς,
1443 1987 1537 2038 καὶ
1559 1984 1619 2038 τὸ
1643 1984 1730 2038 τοῦ

1841 1976 2162 2070 potentiam.
2202 1976 2430 2069 Hocque
2462 1999 2520 2052 in
2565 2001 2789 2068 propria
2819 2013 2991 2053 carne
3051 1997 3287 2054 ostendit
3321 2017 3334 2052 :
3364 2011 3420 2055 et

159 2065 414 2136 σώματος
436 2068 644 2140 κίνημα
668 2071 730 2124 τὸ
756 2075 1140 2143 κεκρυμμένον
1163 2075 1461 2145 ἐσήμαινεν
1489 2074 1694 2128 ἔσωθεν
1716 2094 1730 2107 ο

157 2157 254 2211 καὶ
285 2159 443 2213 τοῦτο
472 2161 622 2232 δηλοῖ
642 2156 745 2216 ὧδε
779 2165 871 2229 τὸ,
928 2166 1402 2236 Ἐνεῦριμήσατο,
1452 2169 1573 2221 ἀντὶ
1611 2169 1729 2231 τοῦ,

152 2251 257 2304 Διά
283 2254 665 2323 σχημαι..σμοῦ
690 2255 784 2308 τοῦ
808 2255 1078 2327 σώματος,
1115 2258 1176 2310 τὸ
1196 2260 1576 2330 κεκρυμμένον
1603 2261 1731 2331 ἐσή-

155 2357 320 2410 μαινε
342 2344 566 2414 κίνημα.
579 2341 682 2394 Τὸν
696 2343 749 2395 δὲ
763 2343 906 2398 λίθον
921 2345 937 2401 ί
950 2347 965 2398 I
979 2349 994 2414 )
1008 2346 1105 2399 οὐκ
1120 2347 1410 2404 ἀπεκύλισε
1420 2353 1488 2406 δι’
1509 2351 1726 2413 ἐαυτοῦ,

147 2431 243 2484 διὰ
275 2430 370 2484 δύο
407 2433 580 2485 ταῦτα
601 2449 614 2461 ·
645 2434 702 2488 ἓν
731 2436 830 2506 μὲν
857 2436 1120 2490 διδάσκων
1148 2439 1229 2490 ὅτι
1253 2441 1505 2509 περιττὸν
1528 2444 1586 2494 ἐν
1619 2446 1730 2505 τοῖς

149 2528 230 2598 μὴ
265 2529 582 2597 ἀναγκαίοις
631 2529 1104 2602 θαυματουργείν·
1145 2532 1335 2605 ἕτερον
1374 2535 1467 2601 δὲ,
1520 2537 1599 2590 ὅτι
1630 2538 1728 2590 αύ-

144 2621 242 2684 τὸς
283 2621 383 2692 μὲν
415 2623 616 2693 ἐγείρει
647 2625 774 2687 τοὺς
800 2628 1045 2696 νεκροὺς,
1077 2629 1517 2700 παραστήσονται
1551 2629 1607 2682 δὲ
1649 2631 1728 2693 εἰς

145 2712 456 2783 ὑπηρεσίαν
483 2713 576 2767 τοῦ
608 2714 922 2786 Πνεύματος
955 2717 1004 2769 οἱ
1035 2717 1255 2786 ἄγγελοι
1277 2760 1291 2782 ,
1324 2717 1418 2781 οὒς
1448 2721 1543 2772 καὶ
1575 2719 1722 2791 θερι-

143 2803 284 2866 στάς
311 2802 546 2874 ἀλλαχοῦ
577 2803 960 2874 παραδολικῶς
987 2806 1250 2860 ἀποκαλεῖ
1278 2807 1306 2859 ὁ
1325 2805 1547 2878 Κύριος.

213 3049 385 3118 Λέγει
422 3049 584 3114 αὐτῷ
612 3051 651 3119 ἠ
686 3051 894 3122 Μάρθα
916 3067 932 3084 ο
975 3055 1151 3122 Κύριε
1187 3053 1303 3123 ἤδη
1334 3053 1478 3115 ὄζει·
1521 3071 1726 3124 τεταρ-

140 3141 313 3208 ταῖος
350 3143 459 3212 γάρ
486 3143 640 3197 ἐστι.

214 3233 299 3287 Τά
356 3235 566 3304 μεγάλα
608 3235 716 3288 τῶν
751 3236 1195 3308 κατορθωμάτων
1233 3238 1425 3291 εἴωθεν
1480 3239 1726 3293 ἀπιστεῖ-

140 3325 303 3390 σθαι,
360 3328 452 3380 καὶ
492 3329 606 3391 τοῖς
653 3327 794 3399 ὑπὲρ
845 3328 1005 3398 λόγον
1046 3329 1330 3384 ἀκολουθεῖ
1369 3332 1431 3384 τὸ
1480 3333 1554 3402 μὴ
1604 3331 1725 3385 λίαν

136 3421 379 3492 ἑτοίμως
414 3420 698 3475 πείθεσθαι
722 3438 736 3453 ο
781 3423 921 3492 ὅπερ
954 3439 1045 3492 μοι
1076 3421 1226 3475 δοκεῖ
1269 3422 1463 3477 παθεῖν
1505 3425 1597 3478 καὶ
1625 3424 1725 3496 τὴν

137 3512 357 3584 ἀγαθὴν
380 3511 632 3583 Μάρθαν,
654 3513 860 3568 καὶτοῦ
881 3513 1214 3585 καθήκοντος
1235 3515 1439 3586 ταύτην
1467 3514 1724 3587 ἐξέστησε

135 3601 428 3676 λογισμοῦ·
447 3605 539 3658 καὶ
568 3605 757 3676 πρώην
775 3605 1132 3671 πιστεύσασα,
1150 3607 1313 3661 πάλιν
1330 3607 1436 3659 ὑπὸ
1465 3607 1724 3671 ἀπιστίας

138 3698 285 3768 α’ύτη
319 3697 643 3768 χειμάζεται
683 3701 750 3769 τῇ
791 3697 1064 3770 ὑπερϐολῇ
1108 3697 1202 3752 τοῦ
1237 3699 1515 3770 θαύματος
1540 3717 1554 3731 ·
1602 3702 1723 3772 ἥτις

141 3790 242 3843 καὶ
285 3790 363 3853 ὡς
405 3791 546 3844 πάνυ
587 3791 802 3860 τιμῶσα
834 3791 924 3844 τὸν
976 3791 1233 3861 Χριστὸν,
1258 3787 1380 3845 εἷπε
1411 3792 1492 3856 τὸ,
1531 3811 1552 3845 ι
1582 3793 1722 3863 Ἤδη

137 3882 281 3946 δζει,
309 3901 329 3934 ι
368 3881 505 3952 πρὸς
542 3881 606 3935 τὸ
659 3882 732 3953 μὴ
775 3882 1096 3953 ἀηδισθῆναι
1142 3883 1330 3937 τοῦτον
1381 3887 1444 3938 ἐκ
1483 3885 1584 3956 τῆς
1629 3884 1723 3938 τοῦ

138 3973 344 4042 νεκροῦ
371 3973 636 4038 δυσωδίας
666 3991 680 4004 ·
713 3973 746 4045 ἢ
777 3974 851 4037 ὠς
884 3973 1144 4045 αἰσχύνην
1176 3975 1334 4028 τοῦτὸ
1365 3993 1517 4046 φησι,
1550 3976 1724 4030 Σπεύ-

137 4069 296 4122 δουσι
347 4070 457 4138 γὰρ
506 4069 556 4121 οἱ
603 4066 710 4121 τῶν
764 4066 1072 4120 τεθνεώτων
1120 4069 1331 4132 οἰκεῖοι,
1369 4069 1474 4139 πρὸ
1516 4069 1611 4122 τοῦ
1659 4069 1721 4122 τὸ

140 4159 310 4230 σῶμα
342 4159 590 4228 γενέσθαι
623 4159 884 4225 δυσῶδες,
920 4159 1265 4232 κατακρύψαι
1288 4163 1352 4230 τῇ
1387 4164 1456 4233 γῇ
1479 4178 1492 4189 ·
1528 4163 1720 4233 αίσχυσ

137 4254 362 4324 νόμενοι
383 4255 510 4318 τοὺς
535 4253 762 4318 ζῶντας.
795 4258 890 4308 καὶ
913 4254 1137 4322 ἀτιμίαν
1163 4255 1457 4326 ἡγούμενοι
1483 4255 1576 4309 τοῦ
1606 4257 1719 4310 κεί-

139 4347 335 4417 μένου,
366 4347 426 4399 τὸ
459 4346 835 4417 βδελύττεσθαι
873 4347 1034 4402 αὐτὸν
1068 4348 1222 4412 παρά
1251 4364 1412 4402 τινων
1445 4349 1540 4402 κει.

222 4589 267 4621 δ’
301 4587 494 4645 Matth.
529 4609 647 4661 xui,
682 4595 768 4651 59.

114 4817 126 4836 ,
215 4771 294 4842 (Ι)
340 4769 556 4826 Partem
602 4771 766 4838 hujus
806 4769 1133 4842 ifragmenti,
1190 4768 1313 4842 inde
1358 4784 1386 4818 a
1429 4766 1608 4842 verbis
1639 4767 1730 4821 τὸν

136 4836 250 4912 γὰρ
376 4857 549 4910 usque
578 4841 643 4895 ad
677 4836 703 4893 ὸ
738 4836 941 4912 Κύριος
979 4841 1118 4893 libro
1153 4856 1252 4892 suo
1289 4838 1510 4912 inseruit
1544 4836 1729 4891 Maca-

137 4909 258 4966 rius
291 4909 769 4982 Chrysocephalus
806 4909 926 4966 loco
967 4912 1217 4982 laudato,
1247 4923 1371 4960 cum
1415 4909 1595 4982 aliqua
1637 4922 1730 4982 va-

135 4985 338 5037 rietate
368 4999 382 5034 :
409 4977 529 5035 ’Τὸν
567 4977 674 5052 γὰρ
706 4982 850 5034 λίθον
891 4983 991 5035 οὐκ
1032 4982 1128 5034 ἀπ.
1165 4980 1229 5032 δι’
1260 4978 1481 5052 ἑαυτοῦ,
1531 4977 1588 5052 ἓν
1631 4978 1731 5048 μὲν

133 5052 411 5124 διδάσκων
447 5054 528 5106 ὅτι
572 5048 699 5124 περ.
735 5053 796 5104 τὸ
839 5053 912 5122 μὴ
960 5055 1016 5105 ἐν
1057 5053 1168 5114 τοῖς
1207 5048 1527 5124 ἀναγκαίοις
1560 5048 1731 5124 θαυμί

136 5122 290 5185 Mox,
319 5124 524 5194 ἐγειρεί
566 5117 693 5186 τοῦς
738 5117 962 5192 νεκροὺς
1005 5125 1062 5194 ἐν
1099 5125 1165 5191 τῇ
1202 5118 1507 5190 συντελείᾳ,
1537 5127 1595 5174 et
1636 5117 1731 5172 τοῦ

138 5192 478 5262 πράγματος
505 5193 634 5263 legit
675 5210 770 5262 pro
795 5195 888 5246 τοῦ
916 5192 1256 5263 ῌνεύματος.

220 5258 501 5339 (2)Ῥ;ιιιιο
537 5258 692 5322 aliter
712 5273 905 5339 cateua
923 5258 1232 5339 Vaticanai
1261 5260 1342 5315 Τὰ
1377 5258 1723 5339 μεγάλαιτῶν

145 5327 589 5411 κατορθωμάτων
623 5333 968 5411 ἀπιστεῖσθαι
1003 5333 1162 5411 (pilai.
1198 5327 1722 5411 Θαυμαστὸνρύδὲν,

145 5415 198 5464 εἰ
228 5399 329 5480 τῆν
361 5399 544 5464 πὶστιν
578 5407 993 5480 ὁμολογήσασα)
1015 5399 1204 5480 ὲπάλιν
1234 5399 1577 5480 ὀλιγοπιστὶα
1612 5414 1724 5477 χει-

151 5467 409 5550 μάζὲται.
442 5467 679 5542 Εἰκότως
717 5467 774 5532 δέ
801 5467 985 5555 τικκαὶ
1015 5473 1199 5555 ἕτερον
1240 5467 1725 5555 νοοησαραντοῦτο

151 5538 322 5623 ξράναι
357 5551 579 5623 πρὸςᾲτὸ
609 5538 799 5623 παρόνέ
850 5545 944 5623 Ἐκ
971 5538 1169 5623 πολλῆς
1195 5538 1408 5623 rapa;
1431 5540 1604 5623 ἔοικεν
1635 5538 1726 5617 τύ·

149 5608 416 5686 λαῦείαςξ
466 5608 563 5690 τῆς
606 5621 670 5670 ἐκ
692 5608 799 5690 ’τοῦ
834 5608 1154 5690 τεθνηκότος
1193 5608 1460 5690 augeam);
1494 5608 1728 5690 ἐκπνοῆς

152 5677 554 5745 ἁντιλαόέσθαῖ
576 5689 808 5760 Χριστὸν
836 5677 1190 5760 ούᾼβούὶεται.
1229 5684 1518 5760 ΙΙ-ἀσχομεν
1549 5677 1730 5760 δὲκαὶ

155 5763 348 5834 ἕτερον
371 5764 419 5816 οἱ
449 5763 556 5817 τῶν
581 5748 789 5829 νεκρῶν
819 5748 1116 5827 κηδεμόνες
1144 5771 1156 5784 °
1192 5753 1296 5822 πρὸ
1325 5748 1430 5820 γὰρ
1467 5748 1732 5809 δυσώδους

1750 4127 1796 4183 D

1839 2089 2088 2160 corporis
2117 2089 2416 2144 commotio
2437 2086 2782 2158 signiﬁcabat
2812 2087 2959 2156 quod
2985 2094 3105 2143 erat
3135 2089 3415 2143 occultum

1836 2183 1988 2237 intus
2021 2200 2034 2236 :
2067 2182 2212 2252 quod
2251 2183 2308 2234 in
2340 2180 2486 2234 hunc
2520 2179 2741 2234 modum
2787 2178 2954 2250 687
2980 2179 3206 2234 denotat
3257 2179 3415 2241 illud.

1833 2274 2128 2342 infremuit,
2155 2287 2256 2342 pro
2285 2287 2351 2327 eo
2377 2269 2524 2341 quod
2561 2277 2668 2335 est,
2712 2285 2810 2340 per
2833 2270 3066 2341 figuram
3100 2282 3154 2325 et
3185 2269 3415 2325 confor-

1834 2366 2130 2420 mationem
2160 2365 2412 2433 corporis
2458 2362 2734 2417 occultum
2780 2371 2988 2416 motum
3041 2360 3414 2432 significabat.

1831 2456 2090 2527 Lapidem
2119 2472 2251 2511 vero
2280 2471 2389 2510 non
2417 2455 2617 2510 evolvit
2647 2470 2743 2525 per
2765 2469 2847 2519 se,
2872 2463 3097 2523 propter
3122 2453 3236 2508 haec
3260 2453 3371 2507 duo
3399 2472 3413 2507 :

1832 2565 2001 2604 unum
2029 2549 2271 2619 quidem,
2298 2564 2408 2619 quo
2439 2545 2663 2602 doceret
2691 2544 3032 2617 superfluum
3062 2560 3183 2600 esse
3215 2547 3272 2600 in
3304 2561 3413 2600 non

1828 2642 2163 2699 necessariis
2203 2641 2470 2696 miracula
2507 2639 2718 2703 facere;
2753 2639 3012 2704 alterum,
3049 2636 3196 2706 quod
3235 2636 3413 2692 susci-

1829 2743 1972 2789 taret
2005 2734 2122 2803 ipse
2155 2739 2419 2795 mortuos,
2450 2729 2700 2784 adfuturi
2732 2737 2916 2784 autem
2947 2736 3137 2783 essent
3161 2728 3214 2782 in
3252 2728 3415 2782 mini-

1827 2827 2054 2882 sterium
2088 2824 2331 2894 Spiritus
2360 2823 2560 2893 angeli,
2591 2837 2732 2892 quos
2762 2831 2816 2877 et
2855 2836 3132 2876 messores
3181 2821 3322 2877 alias
3357 2822 3412 2874 in

1864 2918 2084 2973 arabola
2113 2925 2269 2971 vocat
2301 2914 2564 2970 Dominus
2582 2913 2666 2968 “2

1903 3073 1990 3139 XI,
2013 3074 2103 3130 '59.
2132 3073 2275 3127 Dicit
2306 3075 2354 3127 ei
2389 3071 2604 3126 Martha
2634 3088 2652 3127 :
2683 3071 2928 3134 Domine.
2956 3071 3074 3142 jam
3104 3073 3248 3142 fetet,
3280 3087 3411 3142 qua-

1829 3167 2112 3221 triduanus
2142 3166 2280 3220 enim
2313 3173 2411 3219 est.

1897 3255 2214 3330 Ingentibus
2242 3258 2402 3312 factis
2434 3256 2570 3311 fides
2607 3255 2854 3326 derogari
2898 3255 3060 3321 solet,
3094 3265 3146 3309 et
3181 3255 3249 3310 iis
3287 3269 3409 3325 quae

1826 3366 1993 3421 supra
2037 3359 2258 3421 captum
2293 3357 2424 3404 sunt
2465 3348 2568 3402 hoc
2620 3348 2736 3404 fere
2771 3347 3152 3418 conjungitur,
3191 3355 3250 3400 ut
3299 3362 3407 3403 non

1827 3441 1986 3498 facile
2021 3437 2377 3497 audientibus
2417 3438 2738 3510 persuaderi
2775 3439 2994 3508 possint
3024 3457 3038 3493 :
3074 3438 3220 3508 quod
3254 3437 3409 3492 bonae

1827 3534 2054 3590 Marthae
2105 3532 2434 3589 usuvenisse
2477 3531 2610 3586 mihi
2638 3531 2875 3593 videtur,
2904 3538 2962 3584 ut
2989 3538 3142 3585 extra
3176 3530 3408 3585 rationis

1825 3625 1963 3682 lines
2009 3632 2367 3695 evagaretur;
2420 3629 2476 3677 et
2528 3621 2780 3692 quamvis
2838 3629 3000 3676 antea
3056 3618 3407 3686 credidisset,

1825 3731 2023 3772 rursus
2061 3723 2243 3770 tamen
2290 3712 2679 3769 incredulitate
2711 3709 3006 3768 fluctuaret
3049 3726 3118 3767 ex
3155 3712 3407 3767 miraculi

1825 3804 2227 3876 magnitudine,
2263 3819 2385 3875 quae
2417 3803 2639 3873 quidem
2677 3802 2825 3874 quod
2869 3802 3151 3859 Christum
3185 3817 3408 3874 magno-

1824 3913 1956 3968 pere
1987 3905 2355 3962 revereretur,
2383 3895 2523 3950 dixit
2556 3913 2571 3952 :
2614 3913 2633 3947 ι
2657 3894 2776 3950 Jam
2812 3893 2964 3960 fetet,
3007 3913 3027 3948 ι
3059 3907 3128 3950 ne
3155 3895 3409 3950 molestia

1825 3990 2136 4046 afﬁceretur
2174 4005 2242 4045 ex
2276 3988 2450 4044 fetore
2476 3994 2530 4044 et
2556 3987 2929 4059 graveolentia
2955 3986 3243 4044 cadaveris
3278 4005 3293 4043 :
3322 3988 3409 4042 vel

1827 4087 2088 4152 tanquam
2129 4080 2339 4150 pudore
2383 4080 2491 4136 hoc
2538 4079 2694 4135 dicit.
2729 4077 3035 4151 Properant
3063 4080 3212 4136 enim
3251 4093 3405 4134 mor-

1825 4181 2042 4226 tuorum
2075 4171 2256 4241 agnati
2284 4185 2516 4242 corpora
2535 4179 2681 4226 terra
2705 4171 3062 4235 abscondere,
3083 4172 3406 4240 priusquam

1826 4263 1970 4318 male
2004 4263 2150 4318 olere
2182 4263 2466 4334 incipiant,
2488 4263 2716 4318 reveriti
2736 4263 2916 4328 vivos,
2936 4270 2991 4318 et
3019 4261 3088 4317 ad
3120 4259 3406 4316 infamiam

1823 4354 2061 4423 jacentis
2093 4356 2368 4427 pertinere
2391 4356 2518 4425 rati,
2548 4356 2595 4413 si
2621 4355 2844 4427 quidam
2887 4369 3015 4411 eum
3051 4363 3392 4410 aversentur.

1833 4765 2006 4842 ρσμῆς
2029 4767 2434 4842 κατακρύπτειν
2476 4767 2553 4838 τῷ
2579 4768 2735 4842 τάφῳ
2772 4771 2840 4824 τὰ
2874 4771 2982 4842 τῶν
3008 4773 3416 4842 κατοιχομένων

1833 4835 2063 4910 λείψανα
2079 4837 2168 4891 διὰ
2193 4835 2427 4910 σπουδῆς
2454 4835 2776 4910 ποιούμεθα,
2799 4840 3022 4910 ἀτιμίαν
3043 4841 3135 4896 τοῦ
3160 4835 3246 4894 κεί
3251 4843 3412 4910 μένου

1835 4906 2366 4982 νομίζοντες-τὸμτῶν
2385 4906 2473 4982 ἔτι
2491 4906 2709 4982 ζώντων
2739 4911 2826 4982 ἐπ’
2848 4906 2997 4981 αύτῷ
3029 4906 3406 4982 βδελυγμένον.

1848 4975 2194 5050 Ἐρυθρᾷ-..δ’
2221 4976 2410 5050 ὥσπερ
2434 4980 2484 5050 Δἠ
2519 4979 2678 5050 φύσις
2719 4980 2778 5032 τὸ
2817 4975 3158 5050 παρὰίῥύσιν
3198 4975 3409 5050 ’ὕπομέ-

1833 5046 2237 5124 νουσαέπάθος.
2538 5049 2768 5124 θανάτου
2804 5046 3136 5124 δημιουργὸς
3179 5053 3207 5104 ὁ
3253 5046 3404 5115 Θεὸς,

1830 5116 1956 5189 ούδέ
1970 5117 2231 5189 τέρπεται
2259 5119 2351 5170 ἐπὶ
2368 5116 2612 5189 ἀπωλείᾳ
2641 5116 2877 5182 ζώντων.

1902 5185 2374 5264 illagnajacinora
2409 5205 2543 5257 a’gre
2572 5185 2879 5264 creduntur.
2927 5192 3026 5246 Nil
3054 5210 3176 5264 ergo
3207 5197 3402 5250 mirum

1828 5260 1874 5311 si
1906 5257 2315 5334 ﬁdent_llartlrn_
2341 5276 2507 5322 nuper
2531 5262 2797 5330 professa,
2820 5262 3014 5315 iterum
3053 5257 3270 5332 inﬁrma
3298 5267 3404 5334 [ide

1826 5338 2000 5404 nutat.
2031 5326 2346 5404 Verisimile
2395 5326 2656 5404 praeterea
2711 5341 2810 5392 est,
2853 5335 2964 5387 alia
3019 5326 3220 5404 quoque
3271 5326 3401 5390 cura

1822 5400 1976 5453 illam
2021 5401 2353 5470 laborantem
2385 5400 2481 5453 hoc
2517 5403 2574 5455 in
2616 5404 2864 5470 praesenti
2913 5400 3142 5459 dixisse;
3183 5405 3402 5460 Videtur

1820 5471 1959 5522 enim
1981 5469 2044 5524 ob
2073 5469 2298 5522 multam
2323 5487 2476 5523 suam
2506 5469 2870 5540 reverentiam,
2895 5474 3127 5529 noluisse
3158 5485 3213 5527 ut
3243 5475 3400 5530 Chri-

1829 5551 1942 5594 stus
1987 5540 2183 5622 tuente.
2220 5541 2417 5594 mortui
2440 5543 2617 5622 rodore
2677 5543 2963 5613 amaretur.
2999 5545 3160 5622 Aliud
3198 5563 3406 5617 quoque

1829 5627 1922 5686 nos
1959 5617 2103 5680 angit
2135 5617 2278 5663 circa
2312 5621 2638 5686 mortuorum
2661 5631 2844 5686 curam
2876 5630 2894 5666 :
2927 5624 3048 5668 ante
3073 5617 3212 5669 enim
3241 5635 3398 5686 quant

1829 5681 1967 5749 fetor
1992 5690 2218 5745 creetur,
2256 5682 2477 5737 condere
2510 5685 2712 5738 tantulo
2763 5696 3092 5739 mortuorum
3138 5681 3390 5756 reliquias
