  <div class='ocr_page' id='page_1' title='image "/cluster/home/n/w/nwhite01/storage/ocr_20150623/74/nnc1.0046980180/037.png"; bbox 0 0 3894 6200; ppageno 0'>
   <div class='ocr_carea' id='block_1_1' title="bbox 508 316 3771 400">
    <p class='ocr_par' dir='ltr' id='par_1_1' title="bbox 508 316 3771 400">
     <span class='ocr_line' id='line_1_1' title="bbox 508 316 3771 400; baseline 0.006 -22"><span class='ocrx_word' id='word_1_1' title='bbox 508 316 585 378; x_wconf 78' lang='lat'><strong><em>59</em></strong></span> <span class='ocrx_word' id='word_1_2' title='bbox 1504 332 1565 392; x_wconf 89' lang='lat' dir='ltr'><strong><em>S.</em></strong></span> <span class='ocrx_word' id='word_1_3' title='bbox 1600 334 1881 392; x_wconf 64' lang='lat' dir='ltr'><strong><em>CYRIILI</em></strong></span> <span class='ocrx_word' id='word_1_4' title='bbox 1910 336 2388 396; x_wconf 77' lang='lat' dir='ltr'><strong><em>ALEXANDRINI</em></strong></span> <span class='ocrx_word' id='word_1_5' title='bbox 2419 341 2745 398; x_wconf 74' lang='lat' dir='ltr'><strong><em>ARCHIEP.</em></strong></span> <span class='ocrx_word' id='word_1_6' title='bbox 3700 342 3771 400; x_wconf 77' lang='grc'><strong><em>60</em></strong></span> 
     </span>
    </p>
   </div>
   <div class='ocr_carea' id='block_1_2' title="bbox 580 437 2093 532">
    <p class='ocr_par' dir='ltr' id='par_1_2' title="bbox 580 437 2086 525">
     <span class='ocr_line' id='line_1_2' title="bbox 580 437 2086 525; baseline 0.014 -32"><span class='ocrx_word' id='word_1_7' title='bbox 580 437 672 502; x_wconf 82' lang='lat' dir='ltr'><strong><em>XI,</em></strong></span> <span class='ocrx_word' id='word_1_8' title='bbox 701 441 790 498; x_wconf 73' lang='grc'><strong><em>40.</em></strong></span> <span class='ocrx_word' id='word_1_9' title='bbox 835 444 1027 502; x_wconf 81' lang='lat' dir='ltr'><strong><em>Nonne</em></strong></span> <span class='ocrx_word' id='word_1_10' title='bbox 1064 449 1161 504; x_wconf 79' lang='lat' dir='ltr'><strong><em>tibi</em></strong></span> <span class='ocrx_word' id='word_1_11' title='bbox 1197 451 1313 506; x_wconf 70' lang='lat' dir='ltr'><strong><em>dixi</em></strong></span> <span class='ocrx_word' id='word_1_12' title='bbox 1367 455 1640 523; x_wconf 73' lang='lat' dir='ltr'><strong><em>quoniam,</em></strong></span> <span class='ocrx_word' id='word_1_13' title='bbox 1689 458 1738 511; x_wconf 99' lang='lat' dir='ltr'><strong><em>si</em></strong></span> <span class='ocrx_word' id='word_1_14' title='bbox 1778 458 2086 525; x_wconf 75' lang='lat' dir='ltr'><strong><em>credideris,</em></strong></span> 
     </span>
    </p>
   </div>
   <div class='ocr_carea' id='block_1_3' title="bbox 2201 437 3770 532">
    <p class='ocr_par' dir='ltr' id='par_1_3' title="bbox 2267 457 3770 532">
     <span class='ocr_line' id='line_1_3' title="bbox 2267 457 3770 532; baseline 0.002 -17"><span class='ocrx_word' id='word_1_15' title='bbox 2267 462 2389 516; x_wconf 84' lang='grc' dir='ltr'><strong><em>Οὐκ</em></strong></span> <span class='ocrx_word' id='word_1_16' title='bbox 2434 457 2612 516; x_wconf 76' lang='grc' dir='ltr'>εἶπόν</span> <span class='ocrx_word' id='word_1_17' title='bbox 2639 477 2758 526; x_wconf 82' lang='grc' dir='ltr'>σοι,</span> <span class='ocrx_word' id='word_1_18' title='bbox 2792 461 2880 515; x_wconf 86' lang='grc' dir='ltr'>ὅτι</span> <span class='ocrx_word' id='word_1_19' title='bbox 2913 462 3023 516; x_wconf 81' lang='grc' dir='ltr'><strong><em>ἐὰν</em></strong></span> <span class='ocrx_word' id='word_1_20' title='bbox 3054 461 3425 531; x_wconf 77' lang='grc' dir='ltr'><strong><em>πιστεύσῃς,</em></strong></span> <span class='ocrx_word' id='word_1_21' title='bbox 3479 461 3615 532; x_wconf 73' lang='grc' dir='ltr'>ὄψει</span> <span class='ocrx_word' id='word_1_22' title='bbox 3656 462 3770 531; x_wconf 77' lang='grc' dir='ltr'><strong><em>τὴν</em></strong></span> 
     </span>
    </p>
   </div>
   <div class='ocr_carea' id='block_1_4' title="bbox 505 531 1141 607">
    <p class='ocr_par' dir='ltr' id='par_1_4' title="bbox 505 531 1141 607">
     <span class='ocr_line' id='line_1_4' title="bbox 505 531 1141 607; baseline 0.02 -19"><span class='ocrx_word' id='word_1_23' title='bbox 505 531 703 589; x_wconf 77' lang='lat' dir='ltr'><strong><em>videbis</em></strong></span> <span class='ocrx_word' id='word_1_24' title='bbox 734 536 963 607; x_wconf 76' lang='lat' dir='ltr'><strong><em>gloriam</em></strong></span> <span class='ocrx_word' id='word_1_25' title='bbox 994 540 1094 597; x_wconf 85' lang='lat' dir='ltr'><strong><em>Dei</em></strong></span> <span class='ocrx_word' id='word_1_26' title='bbox 1112 545 1141 603; x_wconf 69' lang='grc'><em>1</em></span> 
     </span>
    </p>
   </div>
   <div class='ocr_carea' id='block_1_5' title="bbox 578 621 2093 703">
    <p class='ocr_par' dir='ltr' id='par_1_5' title="bbox 578 621 2093 703">
     <span class='ocr_line' id='line_1_5' title="bbox 578 621 2093 703; baseline 0.015 -24"><span class='ocrx_word' id='word_1_27' title='bbox 578 621 776 698; x_wconf 79' lang='lat' dir='ltr'><strong><em>Ingens</em></strong></span> <span class='ocrx_word' id='word_1_28' title='bbox 825 630 1031 689; x_wconf 88' lang='lat' dir='ltr'><strong><em>bonum</em></strong></span> <span class='ocrx_word' id='word_1_29' title='bbox 1072 646 1159 693; x_wconf 91' lang='lat' dir='ltr'><strong><em>est</em></strong></span> <span class='ocrx_word' id='word_1_30' title='bbox 1213 637 1348 695; x_wconf 76' lang='lat' dir='ltr'><strong><em>fides</em></strong></span> <span class='ocrx_word' id='word_1_31' title='bbox 1381 656 1507 696; x_wconf 91' lang='lat' dir='ltr'><strong><em>cum</em></strong></span> <span class='ocrx_word' id='word_1_32' title='bbox 1556 658 1622 698; x_wconf 78' lang='lat' dir='ltr'><strong><em>ex</em></strong></span> <span class='ocrx_word' id='word_1_33' title='bbox 1660 643 1874 700; x_wconf 90' lang='lat' dir='ltr'><strong><em>ardenti</em></strong></span> <span class='ocrx_word' id='word_1_34' title='bbox 1906 646 2093 703; x_wconf 89' lang='lat' dir='ltr'><strong><em>animo</em></strong></span> 
     </span>
    </p>
   </div>
   <div class='ocr_carea' id='block_1_6' title="bbox 508 718 2092 807">
    <p class='ocr_par' dir='ltr' id='par_1_6' title="bbox 508 718 2092 807">
     <span class='ocr_line' id='line_1_6' title="bbox 508 718 2092 807; baseline 0.015 -38"><span class='ocrx_word' id='word_1_35' title='bbox 508 718 777 784; x_wconf 85' lang='lat' dir='ltr'><strong><em>nascitur,</em></strong></span> <span class='ocrx_word' id='word_1_36' title='bbox 811 727 1134 795; x_wconf 72' lang='lat' dir='ltr'><strong>tantamque</strong></span> <span class='ocrx_word' id='word_1_37' title='bbox 1166 727 1276 782; x_wconf 83' lang='lat' dir='ltr'><strong><em>vim</em></strong></span> <span class='ocrx_word' id='word_1_38' title='bbox 1314 731 1500 796; x_wconf 88' lang='lat' dir='ltr'><strong><em>habet,</em></strong></span> <span class='ocrx_word' id='word_1_39' title='bbox 1533 740 1594 786; x_wconf 93' lang='lat' dir='ltr'><strong><em>ut</em></strong></span> <span class='ocrx_word' id='word_1_40' title='bbox 1626 748 1738 788; x_wconf 87' lang='lat' dir='ltr'><strong><em>non</em></strong></span> <span class='ocrx_word' id='word_1_41' title='bbox 1788 735 1966 791; x_wconf 89' lang='lat' dir='ltr'><strong><em>solum</em></strong></span> <span class='ocrx_word' id='word_1_42' title='bbox 1996 738 2092 807; x_wconf 87' lang='lat' dir='ltr'><strong><em>qui</em></strong></span> 
     </span>
    </p>
   </div>
   <div class='ocr_carea' id='block_1_7' title="bbox 505 809 2095 887">
    <p class='ocr_par' dir='ltr' id='par_1_7' title="bbox 505 809 2095 887">
     <span class='ocr_line' id='line_1_7' title="bbox 505 809 2095 887; baseline 0.016 -25"><span class='ocrx_word' id='word_1_43' title='bbox 505 809 684 863; x_wconf 84' lang='lat' dir='ltr'><strong><em>credit</em></strong></span> <span class='ocrx_word' id='word_1_44' title='bbox 733 821 1012 880; x_wconf 92' lang='lat' dir='ltr'><strong><em>servetur,</em></strong></span> <span class='ocrx_word' id='word_1_45' title='bbox 1037 816 1134 872; x_wconf 89' lang='lat' dir='ltr'><strong><em>sed</em></strong></span> <span class='ocrx_word' id='word_1_46' title='bbox 1188 828 1252 875; x_wconf 90' lang='lat' dir='ltr'><strong><em>ut</em></strong></span> <span class='ocrx_word' id='word_1_47' title='bbox 1299 822 1466 878; x_wconf 90' lang='lat' dir='ltr'><strong><em>etiam</em></strong></span> <span class='ocrx_word' id='word_1_48' title='bbox 1512 823 1746 880; x_wconf 88' lang='lat' dir='ltr'><strong><em>aliorum</em></strong></span> <span class='ocrx_word' id='word_1_49' title='bbox 1798 825 1934 884; x_wconf 78' lang='lat' dir='ltr'><strong><em>ﬁdes</em></strong></span> <span class='ocrx_word' id='word_1_50' title='bbox 1969 830 2095 887; x_wconf 88' lang='lat' dir='ltr'><strong><em>aliis</em></strong></span> 
     </span>
    </p>
   </div>
   <div class='ocr_carea' id='block_1_8' title="bbox 507 900 2094 982">
    <p class='ocr_par' dir='ltr' id='par_1_8' title="bbox 507 900 2094 982">
     <span class='ocr_line' id='line_1_8' title="bbox 507 900 2094 982; baseline 0.016 -28"><span class='ocrx_word' id='word_1_51' title='bbox 507 900 673 955; x_wconf 88' lang='lat' dir='ltr'><strong><em>saluti</em></strong></span> <span class='ocrx_word' id='word_1_52' title='bbox 729 904 824 968; x_wconf 86' lang='lat' dir='ltr'><strong><em>sit,</em></strong></span> <span class='ocrx_word' id='word_1_53' title='bbox 862 914 924 961; x_wconf 93' lang='lat' dir='ltr'><strong><em>ut</em></strong></span> <span class='ocrx_word' id='word_1_54' title='bbox 968 908 1022 963; x_wconf 92' lang='lat' dir='ltr'><strong><em>in</em></strong></span> <span class='ocrx_word' id='word_1_55' title='bbox 1060 910 1447 982; x_wconf 88' lang='lat' dir='ltr'><strong><em>Capharnaum</em></strong></span> <span class='ocrx_word' id='word_1_56' title='bbox 1499 918 1780 975; x_wconf 89' lang='lat' dir='ltr'><strong><em>resolutus</em></strong></span> <span class='ocrx_word' id='word_1_57' title='bbox 1828 921 2094 980; x_wconf 87' lang='lat' dir='ltr'><strong><em>membris</em></strong></span> 
     </span>
    </p>
   </div>
   <div class='ocr_carea' id='block_1_9' title="bbox 505 993 2096 1079">
    <p class='ocr_par' dir='ltr' id='par_1_9' title="bbox 505 993 2096 1079">
     <span class='ocr_line' id='line_1_9' title="bbox 505 993 2096 1079; baseline 0.018 -37"><span class='ocrx_word' id='word_1_58' title='bbox 505 993 844 1062; x_wconf 82' lang='lat' dir='ltr'><strong><em>paralyticus</em></strong></span> <span class='ocrx_word' id='word_1_59' title='bbox 869 1013 967 1068; x_wconf 90' lang='lat' dir='ltr'><strong><em>per</em></strong></span> <span class='ocrx_word' id='word_1_60' title='bbox 993 1000 1154 1058; x_wconf 72' lang='lat' dir='ltr'><strong><em>fidem</em></strong></span> <span class='ocrx_word' id='word_1_61' title='bbox 1187 1020 1378 1060; x_wconf 92' lang='lat' dir='ltr'><strong><em>eorum</em></strong></span> <span class='ocrx_word' id='word_1_62' title='bbox 1409 1007 1503 1079; x_wconf 91' lang='lat' dir='ltr'><strong><em>qui</em></strong></span> <span class='ocrx_word' id='word_1_63' title='bbox 1537 1009 1829 1079; x_wconf 84' lang='lat' dir='ltr'><strong>portabant</strong></span> <span class='ocrx_word' id='word_1_64' title='bbox 1859 1027 1984 1067; x_wconf 92' lang='lat' dir='ltr'><strong><em>eum</em></strong></span> <span class='ocrx_word' id='word_1_65' title='bbox 2014 1028 2096 1069; x_wconf 86' lang='lat' dir='ltr'><strong><em>sa-</em></strong></span> 
     </span>
    </p>
   </div>
   <div class='ocr_carea' id='block_1_10' title="bbox 505 1089 2094 1176">
    <p class='ocr_par' dir='ltr' id='par_1_10' title="bbox 505 1089 2094 1176">
     <span class='ocr_line' id='line_1_10' title="bbox 505 1089 2094 1176; baseline 0.017 -41"><span class='ocrx_word' id='word_1_66' title='bbox 505 1091 671 1138; x_wconf 91' lang='lat' dir='ltr'><strong><em>natus</em></strong></span> <span class='ocrx_word' id='word_1_67' title='bbox 702 1096 808 1153; x_wconf 91' lang='lat' dir='ltr'><strong><em>est,</em></strong></span> <span class='ocrx_word' id='word_1_68' title='bbox 840 1097 901 1143; x_wconf 93' lang='lat' dir='ltr'><strong><em>ut</em></strong></span> <span class='ocrx_word' id='word_1_69' title='bbox 951 1089 1194 1152; x_wconf 85' lang='lat' dir='ltr'><strong><em>Lazarus</em></strong></span> <span class='ocrx_word' id='word_1_70' title='bbox 1226 1112 1323 1167; x_wconf 92' lang='lat' dir='ltr'><strong><em>per</em></strong></span> <span class='ocrx_word' id='word_1_71' title='bbox 1363 1098 1524 1154; x_wconf 81' lang='lat' dir='ltr'><strong><em>ﬁdem</em></strong></span> <span class='ocrx_word' id='word_1_72' title='bbox 1555 1101 1786 1168; x_wconf 89' lang='lat' dir='ltr'><strong><em>sororis,</em></strong></span> <span class='ocrx_word' id='word_1_73' title='bbox 1830 1103 1900 1158; x_wconf 88' lang='lat' dir='ltr'><strong><em>ad</em></strong></span> <span class='ocrx_word' id='word_1_74' title='bbox 1928 1121 2094 1176; x_wconf 88' lang='lat' dir='ltr'><strong><em>quam</em></strong></span> 
     </span>
    </p>
   </div>
   <div class='ocr_carea' id='block_1_11' title="bbox 505 1173 2093 1265">
    <p class='ocr_par' dir='ltr' id='par_1_11' title="bbox 505 1173 2093 1265">
     <span class='ocr_line' id='line_1_11' title="bbox 505 1173 2093 1265; baseline 0.018 -37"><span class='ocrx_word' id='word_1_75' title='bbox 505 1173 646 1228; x_wconf 79' lang='lat' dir='ltr'><strong><em>dixit</em></strong></span> <span class='ocrx_word' id='word_1_76' title='bbox 678 1175 987 1237; x_wconf 90' lang='lat' dir='ltr'><strong><em>Dominus:</em></strong></span> <span class='ocrx_word' id='word_1_77' title='bbox 1029 1202 1048 1236; x_wconf 87' lang='grc'>‹</span> <span class='ocrx_word' id='word_1_78' title='bbox 1089 1185 1348 1258; x_wconf 84' lang='lat' dir='ltr'><strong>Nunquid</strong></span> <span class='ocrx_word' id='word_1_79' title='bbox 1385 1190 1501 1246; x_wconf 83' lang='lat' dir='ltr'><strong><em>dixi</em></strong></span> <span class='ocrx_word' id='word_1_80' title='bbox 1541 1192 1640 1249; x_wconf 88' lang='lat' dir='ltr'><strong><em>tibi</em></strong></span> <span class='ocrx_word' id='word_1_81' title='bbox 1664 1197 1837 1265; x_wconf 86' lang='lat' dir='ltr'><strong><em>quod,</em></strong></span> <span class='ocrx_word' id='word_1_82' title='bbox 1891 1173 2093 1257; x_wconf 34' lang='lat' dir='ltr'><strong><em>si&#39;cre-</em></strong></span> 
     </span>
    </p>
   </div>
   <div class='ocr_carea' id='block_1_12' title="bbox 506 1265 2092 1356">
    <p class='ocr_par' dir='ltr' id='par_1_12' title="bbox 506 1265 2092 1356">
     <span class='ocr_line' id='line_1_12' title="bbox 506 1265 2092 1356; baseline 0.019 -36"><span class='ocrx_word' id='word_1_83' title='bbox 506 1265 614 1333; x_wconf 88' lang='lat' dir='ltr'><strong><em>dis,</em></strong></span> <span class='ocrx_word' id='word_1_84' title='bbox 651 1269 863 1329; x_wconf 80' lang='lat' dir='ltr'><strong><em>videbis</em></strong></span> <span class='ocrx_word' id='word_1_85' title='bbox 894 1276 1127 1346; x_wconf 87' lang='lat' dir='ltr'><strong><em>gloriam</em></strong></span> <span class='ocrx_word' id='word_1_86' title='bbox 1164 1280 1300 1337; x_wconf 80' lang='lat' dir='ltr'><strong><em>Dei?</em></strong></span> <span class='ocrx_word' id='word_1_87' title='bbox 1340 1301 1359 1336; x_wconf 74' lang='grc'><strong>»</strong></span> <span class='ocrx_word' id='word_1_88' title='bbox 1395 1288 1794 1356; x_wconf 86' lang='lat' dir='ltr'><strong><em>propemodum</em></strong></span> <span class='ocrx_word' id='word_1_89' title='bbox 1843 1290 2036 1350; x_wconf 91' lang='lat' dir='ltr'><strong><em>dicens</em></strong></span> <span class='ocrx_word' id='word_1_90' title='bbox 2078 1313 2092 1350; x_wconf 88' lang='lat'><strong>:</strong></span> 
     </span>
    </p>
   </div>
   <div class='ocr_carea' id='block_1_13' title="bbox 507 1358 2096 1460">
    <p class='ocr_par' dir='ltr' id='par_1_13' title="bbox 507 1358 2096 1460">
     <span class='ocr_line' id='line_1_13' title="bbox 507 1358 2096 1460; baseline 0.021 -48"><span class='ocrx_word' id='word_1_91' title='bbox 507 1358 969 1434; x_wconf 81' lang='lat' dir='ltr'><strong><em>Quandoquidem</em></strong></span> <span class='ocrx_word' id='word_1_92' title='bbox 1006 1369 1252 1430; x_wconf 82' lang='lat' dir='ltr'><strong><em>Lazarus</em></strong></span> <span class='ocrx_word' id='word_1_93' title='bbox 1296 1384 1545 1435; x_wconf 89' lang='lat' dir='ltr'><strong><em>mortuus</em></strong></span> <span class='ocrx_word' id='word_1_94' title='bbox 1591 1382 1817 1441; x_wconf 87' lang='lat' dir='ltr'><strong><em>credere</em></strong></span> <span class='ocrx_word' id='word_1_95' title='bbox 1850 1402 1959 1442; x_wconf 91' lang='lat' dir='ltr'><strong><em>non</em></strong></span> <span class='ocrx_word' id='word_1_96' title='bbox 1997 1404 2096 1460; x_wconf 90' lang='lat' dir='ltr'><strong><em>po-</em></strong></span> 
     </span>
    </p>
   </div>
   <div class='ocr_carea' id='block_1_14' title="bbox 507 1460 2097 1551">
    <p class='ocr_par' dir='ltr' id='par_1_14' title="bbox 507 1460 2097 1551">
     <span class='ocr_line' id='line_1_14' title="bbox 507 1460 2097 1551; baseline 0.02 -45"><span class='ocrx_word' id='word_1_97' title='bbox 507 1461 636 1517; x_wconf 86' lang='lat' dir='ltr'><strong><em>test,</em></strong></span> <span class='ocrx_word' id='word_1_98' title='bbox 661 1463 718 1510; x_wconf 92' lang='lat' dir='ltr'><strong><em>tu</em></strong></span> <span class='ocrx_word' id='word_1_99' title='bbox 742 1460 923 1529; x_wconf 89' lang='lat' dir='ltr'><strong>quoad</strong></span> <span class='ocrx_word' id='word_1_100' title='bbox 953 1463 1112 1518; x_wconf 83' lang='lat' dir='ltr'><strong><em>tidem</em></strong></span> <span class='ocrx_word' id='word_1_101' title='bbox 1149 1469 1353 1523; x_wconf 88' lang='lat' dir='ltr'><strong><em>mortui</em></strong></span> <span class='ocrx_word' id='word_1_102' title='bbox 1379 1470 1553 1526; x_wconf 83' lang='lat' dir='ltr'><strong><em>vicem</em></strong></span> <span class='ocrx_word' id='word_1_103' title='bbox 1584 1476 1863 1546; x_wconf 86' lang='lat' dir='ltr'><strong>suppleas.</strong></span> <span class='ocrx_word' id='word_1_104' title='bbox 1888 1477 2097 1551; x_wconf 80' lang='lat' dir='ltr'><strong>Duplex</strong></span> 
     </span>
    </p>
   </div>
   <div class='ocr_carea' id='block_1_15' title="bbox 506 1549 2095 1638">
    <p class='ocr_par' dir='ltr' id='par_1_15' title="bbox 506 1549 2095 1638">
     <span class='ocr_line' id='line_1_15' title="bbox 506 1549 2095 1638; baseline 0.02 -41"><span class='ocrx_word' id='word_1_105' title='bbox 506 1552 690 1601; x_wconf 88' lang='lat' dir='ltr'><strong><em>autem</em></strong></span> <span class='ocrx_word' id='word_1_106' title='bbox 723 1559 811 1605; x_wconf 91' lang='lat' dir='ltr'><strong><em>est</em></strong></span> <span class='ocrx_word' id='word_1_107' title='bbox 844 1549 967 1606; x_wconf 80' lang='lat' dir='ltr'><strong><em>ﬁdei</em></strong></span> <span class='ocrx_word' id='word_1_108' title='bbox 1000 1557 1244 1625; x_wconf 89' lang='lat' dir='ltr'><strong>species:</strong></span> <span class='ocrx_word' id='word_1_109' title='bbox 1273 1560 1380 1615; x_wconf 88' lang='lat' dir='ltr'><strong><em>alia</em></strong></span> <span class='ocrx_word' id='word_1_110' title='bbox 1410 1564 1631 1633; x_wconf 90' lang='lat' dir='ltr'><strong><em>quidem</em></strong></span> <span class='ocrx_word' id='word_1_111' title='bbox 1664 1549 2095 1638; x_wconf 37' lang='lat' dir='ltr'><strong><em>dogmatica—as-</em></strong></span> 
     </span>
    </p>
   </div>
   <div class='ocr_carea' id='block_1_16' title="bbox 507 1640 2092 1732">
    <p class='ocr_par' dir='ltr' id='par_1_16' title="bbox 507 1640 2092 1732">
     <span class='ocr_line' id='line_1_16' title="bbox 507 1640 2092 1732; baseline 0.02 -41"><span class='ocrx_word' id='word_1_112' title='bbox 507 1640 768 1697; x_wconf 90' lang='lat' dir='ltr'><strong><em>sensione</em></strong></span> <span class='ocrx_word' id='word_1_113' title='bbox 815 1646 1018 1701; x_wconf 91' lang='lat' dir='ltr'><strong><em>mentis</em></strong></span> <span class='ocrx_word' id='word_1_114' title='bbox 1054 1648 1262 1707; x_wconf 86' lang='lat' dir='ltr'><strong>habens</strong></span> <span class='ocrx_word' id='word_1_115' title='bbox 1301 1652 1369 1709; x_wconf 90' lang='lat' dir='ltr'><strong><em>de</em></strong></span> <span class='ocrx_word' id='word_1_116' title='bbox 1402 1654 1506 1711; x_wconf 88' lang='lat' dir='ltr'><strong><em>hac</em></strong></span> <span class='ocrx_word' id='word_1_117' title='bbox 1536 1672 1595 1713; x_wconf 90' lang='lat' dir='ltr'><strong><em>re</em></strong></span> <span class='ocrx_word' id='word_1_118' title='bbox 1627 1659 1835 1731; x_wconf 87' lang='lat' dir='ltr'><strong><em>aliqua,</em></strong></span> <span class='ocrx_word' id='word_1_119' title='bbox 1870 1672 1928 1718; x_wconf 93' lang='lat' dir='ltr'><strong><em>ut</em></strong></span> <span class='ocrx_word' id='word_1_120' title='bbox 1968 1666 2092 1732; x_wconf 88' lang='lat' dir='ltr'><strong><em>hoc,</em></strong></span> 
     </span>
    </p>
   </div>
   <div class='ocr_carea' id='block_1_17' title="bbox 512 1728 2091 1822">
    <p class='ocr_par' dir='ltr' id='par_1_17' title="bbox 512 1728 2091 1822">
     <span class='ocr_line' id='line_1_17' title="bbox 512 1728 2091 1822; baseline 0.02 -43"><span class='ocrx_word' id='word_1_121' title='bbox 512 1746 532 1779; x_wconf 72' lang='grc' dir='ltr'><strong><em>ι</em></strong></span> <span class='ocrx_word' id='word_1_122' title='bbox 573 1728 676 1796; x_wconf 86' lang='lat' dir='ltr'><strong><em>Qui</em></strong></span> <span class='ocrx_word' id='word_1_123' title='bbox 719 1733 894 1790; x_wconf 82' lang='lat' dir='ltr'><strong>credit</strong></span> <span class='ocrx_word' id='word_1_124' title='bbox 938 1738 991 1792; x_wconf 92' lang='lat' dir='ltr'><strong><em>in</em></strong></span> <span class='ocrx_word' id='word_1_125' title='bbox 1032 1736 1231 1795; x_wconf 88' lang='lat' dir='ltr'><strong><em>Filium</em></strong></span> <span class='ocrx_word' id='word_1_126' title='bbox 1273 1758 1385 1800; x_wconf 92' lang='lat' dir='ltr'><strong><em>non</em></strong></span> <span class='ocrx_word' id='word_1_127' title='bbox 1426 1728 1738 1816; x_wconf 58' lang='lat' dir='ltr'><strong><em>judicatun</em></strong></span> <span class='ocrx_word' id='word_1_128' title='bbox 1771 1752 1819 1784; x_wconf 77' lang='grc'><strong><em>’⁵³</em></strong></span> <span class='ocrx_word' id='word_1_129' title='bbox 1854 1771 1871 1822; x_wconf 89' lang='lat'><strong>;</strong></span> <span class='ocrx_word' id='word_1_130' title='bbox 1912 1775 1931 1807; x_wconf 75' lang='grc' dir='ltr'><strong><em>ι</em></strong></span> <span class='ocrx_word' id='word_1_131' title='bbox 1987 1728 2091 1812; x_wconf 86' lang='lat' dir='ltr'><strong><em>alia</em></strong></span> 
     </span>
    </p>
   </div>
   <div class='ocr_carea' id='block_1_18' title="bbox 2191 551 2729 620">
    <p class='ocr_par' dir='ltr' id='par_1_18' title="bbox 2191 551 2729 620">
     <span class='ocr_line' id='line_1_18' title="bbox 2191 551 2729 620; baseline 0.007 -14"><span class='ocrx_word' id='word_1_132' title='bbox 2191 551 2380 616; x_wconf 76' lang='grc' dir='ltr'>δόξαν</span> <span class='ocrx_word' id='word_1_133' title='bbox 2403 553 2512 608; x_wconf 84' lang='grc' dir='ltr'><strong><em>τοῦ</em></strong></span> <span class='ocrx_word' id='word_1_134' title='bbox 2542 554 2729 620; x_wconf 84' lang='grc' dir='ltr'>Θεοῦ;</span> 
     </span>
    </p>
   </div>
   <div class='ocr_carea' id='block_1_19' title="bbox 2262 646 3771 722">
    <p class='ocr_par' dir='ltr' id='par_1_19' title="bbox 2262 646 3771 722">
     <span class='ocr_line' id='line_1_19' title="bbox 2262 646 3771 722; baseline 0.003 -21"><span class='ocrx_word' id='word_1_135' title='bbox 2262 646 2425 716; x_wconf 80' lang='grc' dir='ltr'><strong><em>Μέγα</em></strong></span> <span class='ocrx_word' id='word_1_136' title='bbox 2466 648 2669 717; x_wconf 79' lang='grc' dir='ltr'>ἀγαθὸν</span> <span class='ocrx_word' id='word_1_137' title='bbox 2711 649 2929 715; x_wconf 79' lang='grc' dir='ltr'><strong><em>πίστις,</em></strong></span> <span class='ocrx_word' id='word_1_138' title='bbox 2981 650 3112 705; x_wconf 82' lang='grc' dir='ltr'>ὅταν</span> <span class='ocrx_word' id='word_1_139' title='bbox 3165 651 3272 705; x_wconf 83' lang='grc' dir='ltr'><strong><em>ἀπὸ</em></strong></span> <span class='ocrx_word' id='word_1_140' title='bbox 3305 651 3515 722; x_wconf 77' lang='grc' dir='ltr'>θερμῆς</span> <span class='ocrx_word' id='word_1_141' title='bbox 3556 648 3771 720; x_wconf 82' lang='grc' dir='ltr'>γίνηται</span> 
     </span>
    </p>
   </div>
   <div class='ocr_carea' id='block_1_20' title="bbox 2191 737 3772 815">
    <p class='ocr_par' dir='ltr' id='par_1_20' title="bbox 2191 737 3772 815">
     <span class='ocr_line' id='line_1_20' title="bbox 2191 737 3772 815; baseline 0.002 -24"><span class='ocrx_word' id='word_1_142' title='bbox 2191 737 2429 804; x_wconf 82' lang='grc' dir='ltr'><strong><em>διανοίας</em></strong></span> <span class='ocrx_word' id='word_1_143' title='bbox 2447 781 2463 806; x_wconf 93' lang='grc'><strong><em>,</em></strong></span> <span class='ocrx_word' id='word_1_144' title='bbox 2499 742 2593 794; x_wconf 75' lang='grc' dir='ltr'>καὶ</span> <span class='ocrx_word' id='word_1_145' title='bbox 2618 741 2890 814; x_wconf 82' lang='grc' dir='ltr'><strong><em>τοσαύτην</em></strong></span> <span class='ocrx_word' id='word_1_146' title='bbox 2919 741 3032 813; x_wconf 74' lang='grc' dir='ltr'>ἔχει</span> <span class='ocrx_word' id='word_1_147' title='bbox 3061 742 3293 815; x_wconf 90' lang='grc' dir='ltr'>δύναμιν</span> <span class='ocrx_word' id='word_1_148' title='bbox 3313 786 3326 808; x_wconf 90' lang='grc'><strong><em>,</em></strong></span> <span class='ocrx_word' id='word_1_149' title='bbox 3358 743 3498 797; x_wconf 83' lang='grc' dir='ltr'>ὥστε</span> <span class='ocrx_word' id='word_1_150' title='bbox 3519 742 3581 797; x_wconf 83' lang='grc' dir='ltr'>οὐ</span> <span class='ocrx_word' id='word_1_151' title='bbox 3615 741 3772 813; x_wconf 83' lang='grc' dir='ltr'>μόνον</span> 
     </span>
    </p>
   </div>
   <div class='ocr_carea' id='block_1_21' title="bbox 2190 829 3774 898">
    <p class='ocr_par' dir='ltr' id='par_1_21' title="bbox 2190 829 3774 898">
     <span class='ocr_line' id='line_1_21' title="bbox 2190 829 3774 898; baseline 0.002 -16"><span class='ocrx_word' id='word_1_152' title='bbox 2190 831 2220 883; x_wconf 99' lang='lat'><strong><em>6</em></strong></span> <span class='ocrx_word' id='word_1_153' title='bbox 2250 829 2522 884; x_wconf 81' lang='grc' dir='ltr'><strong><em>πιστεύων</em></strong></span> <span class='ocrx_word' id='word_1_154' title='bbox 2551 830 2816 898; x_wconf 76' lang='grc' dir='ltr'>σώζεται,</span> <span class='ocrx_word' id='word_1_155' title='bbox 2863 832 2998 887; x_wconf 75' lang='grc' dir='ltr'><strong><em>ἀλλά</em></strong></span> <span class='ocrx_word' id='word_1_156' title='bbox 3045 835 3140 888; x_wconf 62' lang='grc' dir='ltr'><strong><em>καὶ⁵</em></strong></span> <span class='ocrx_word' id='word_1_157' title='bbox 3177 834 3325 889; x_wconf 78' lang='grc' dir='ltr'>ἄλλοι</span> <span class='ocrx_word' id='word_1_158' title='bbox 3349 833 3523 889; x_wconf 76' lang='grc' dir='ltr'>ἄλλων</span> <span class='ocrx_word' id='word_1_159' title='bbox 3554 851 3774 888; x_wconf 87' lang='grc' dir='ltr'>πιστευ-</span> 
     </span>
    </p>
   </div>
   <div class='ocr_carea' id='block_1_22' title="bbox 2195 918 3776 995">
    <p class='ocr_par' dir='ltr' id='par_1_22' title="bbox 2195 918 3776 995">
     <span class='ocr_line' id='line_1_22' title="bbox 2195 918 3776 995; baseline 0.002 -23"><span class='ocrx_word' id='word_1_160' title='bbox 2195 918 2404 973; x_wconf 83' lang='grc' dir='ltr'>σάντων</span> <span class='ocrx_word' id='word_1_161' title='bbox 2433 919 2736 991; x_wconf 69' lang='grc' dir='ltr'><strong><em>ἐσώθησαν⁸</em></strong></span> <span class='ocrx_word' id='word_1_162' title='bbox 2793 921 2870 986; x_wconf 84' lang='grc' dir='ltr'><strong><em>ὡς</em></strong></span> <span class='ocrx_word' id='word_1_163' title='bbox 2915 924 2943 976; x_wconf 91' lang='lat'><strong><em>6</em></strong></span> <span class='ocrx_word' id='word_1_164' title='bbox 2975 924 3033 976; x_wconf 77' lang='grc' dir='ltr'>ἐν</span> <span class='ocrx_word' id='word_1_165' title='bbox 3068 925 3446 995; x_wconf 81' lang='grc' dir='ltr'>Καπαρναοὺμ</span> <span class='ocrx_word' id='word_1_166' title='bbox 3481 924 3776 995; x_wconf 72' lang='grc' dir='ltr'><strong><em>χαλασθεὶς</em></strong></span> 
     </span>
    </p>
   </div>
   <div class='ocr_carea' id='block_1_23' title="bbox 2193 1011 3770 1087">
    <p class='ocr_par' dir='ltr' id='par_1_23' title="bbox 2193 1011 3770 1087">
     <span class='ocr_line' id='line_1_23' title="bbox 2193 1011 3770 1087; baseline 0.001 -23"><span class='ocrx_word' id='word_1_167' title='bbox 2193 1011 2537 1081; x_wconf 85' lang='grc' dir='ltr'>παράλυτος,</span> <span class='ocrx_word' id='word_1_168' title='bbox 2586 1012 2677 1067; x_wconf 86' lang='grc' dir='ltr'>διὰ</span> <span class='ocrx_word' id='word_1_169' title='bbox 2704 1013 2801 1086; x_wconf 82' lang='grc' dir='ltr'><strong><em>τὴν</em></strong></span> <span class='ocrx_word' id='word_1_170' title='bbox 2829 1014 3010 1069; x_wconf 87' lang='grc' dir='ltr'>πίστιν</span> <span class='ocrx_word' id='word_1_171' title='bbox 3032 1015 3141 1069; x_wconf 85' lang='grc' dir='ltr'><strong><em>τῶν</em></strong></span> <span class='ocrx_word' id='word_1_172' title='bbox 3173 1015 3545 1087; x_wconf 79' lang='grc' dir='ltr'><strong><em>βασταζόντων</em></strong></span> <span class='ocrx_word' id='word_1_173' title='bbox 3569 1014 3731 1071; x_wconf 74' lang='grc' dir='ltr'>αὐτόν</span> <span class='ocrx_word' id='word_1_174' title='bbox 3756 1031 3770 1045; x_wconf 76' lang='grc' dir='ltr'><strong>ο</strong></span> 
     </span>
    </p>
   </div>
   <div class='ocr_carea' id='block_1_24' title="bbox 2191 1102 3771 1178">
    <p class='ocr_par' dir='ltr' id='par_1_24' title="bbox 2191 1102 3771 1178">
     <span class='ocr_line' id='line_1_24' title="bbox 2191 1102 3771 1178; baseline 0.005 -23"><span class='ocrx_word' id='word_1_175' title='bbox 2191 1102 2269 1166; x_wconf 87' lang='grc' dir='ltr'>ὼς</span> <span class='ocrx_word' id='word_1_176' title='bbox 2308 1105 2338 1156; x_wconf 91' lang='lat'><strong><em>6</em></strong></span> <span class='ocrx_word' id='word_1_177' title='bbox 2374 1102 2624 1173; x_wconf 82' lang='grc' dir='ltr'><strong>Λάζαρος</strong></span> <span class='ocrx_word' id='word_1_178' title='bbox 2645 1144 2662 1168; x_wconf 93' lang='grc'><strong><em>,</em></strong></span> <span class='ocrx_word' id='word_1_179' title='bbox 2689 1104 2777 1157; x_wconf 71' lang='grc' dir='ltr'><strong><em>διὰ</em></strong></span> <span class='ocrx_word' id='word_1_180' title='bbox 2805 1104 2905 1174; x_wconf 85' lang='grc' dir='ltr'>τὴν</span> <span class='ocrx_word' id='word_1_181' title='bbox 2945 1106 3043 1177; x_wconf 81' lang='grc' dir='ltr'>τῆς</span> <span class='ocrx_word' id='word_1_182' title='bbox 3081 1106 3317 1178; x_wconf 82' lang='grc' dir='ltr'><strong><em>ἀδελφῆς</em></strong></span> <span class='ocrx_word' id='word_1_183' title='bbox 3337 1146 3352 1170; x_wconf 92' lang='grc'><strong><em>,</em></strong></span> <span class='ocrx_word' id='word_1_184' title='bbox 3406 1107 3542 1178; x_wconf 81' lang='grc' dir='ltr'>πρὸς</span> <span class='ocrx_word' id='word_1_185' title='bbox 3569 1106 3634 1177; x_wconf 74' lang='grc' dir='ltr'>ἦν</span> <span class='ocrx_word' id='word_1_186' title='bbox 3667 1106 3771 1175; x_wconf 78' lang='grc' dir='ltr'><strong><em>ἔφη</em></strong></span> 
     </span>
    </p>
   </div>
   <div class='ocr_carea' id='block_1_25' title="bbox 2193 1193 3773 1269">
    <p class='ocr_par' dir='ltr' id='par_1_25' title="bbox 2193 1193 3773 1269">
     <span class='ocr_line' id='line_1_25' title="bbox 2193 1193 3773 1269; baseline 0 -20"><span class='ocrx_word' id='word_1_187' title='bbox 2193 1198 2221 1249; x_wconf 91' lang='lat'><strong><em>6</em></strong></span> <span class='ocrx_word' id='word_1_188' title='bbox 2251 1195 2489 1268; x_wconf 75' lang='grc' dir='ltr'>Κύριοςσ</span> <span class='ocrx_word' id='word_1_189' title='bbox 2528 1216 2545 1248; x_wconf 84' lang='grc' dir='ltr'><strong><em>ι</em></strong></span> <span class='ocrx_word' id='word_1_190' title='bbox 2577 1198 2690 1251; x_wconf 84' lang='grc' dir='ltr'>Οὐκ</span> <span class='ocrx_word' id='word_1_191' title='bbox 2719 1193 2873 1251; x_wconf 78' lang='grc' dir='ltr'>εἶπόν</span> <span class='ocrx_word' id='word_1_192' title='bbox 2913 1214 2995 1250; x_wconf 86' lang='grc' dir='ltr'><strong><em>σοι</em></strong></span> <span class='ocrx_word' id='word_1_193' title='bbox 3041 1199 3124 1252; x_wconf 87' lang='grc' dir='ltr'><strong><em>ὃτι</em></strong></span> <span class='ocrx_word' id='word_1_194' title='bbox 3175 1200 3269 1253; x_wconf 83' lang='grc' dir='ltr'><strong><em>ὲάν</em></strong></span> <span class='ocrx_word' id='word_1_195' title='bbox 3312 1197 3611 1269; x_wconf 79' lang='grc' dir='ltr'>πιστεύῃς,</span> <span class='ocrx_word' id='word_1_196' title='bbox 3650 1197 3773 1265; x_wconf 72' lang='grc' dir='ltr'>ὄψει</span> 
     </span>
    </p>
   </div>
   <div class='ocr_carea' id='block_1_26' title="bbox 2194 1286 3773 1361">
    <p class='ocr_par' dir='ltr' id='par_1_26' title="bbox 2194 1286 3773 1361">
     <span class='ocr_line' id='line_1_26' title="bbox 2194 1286 3773 1361; baseline 0 -21"><span class='ocrx_word' id='word_1_197' title='bbox 2194 1289 2293 1359; x_wconf 85' lang='grc' dir='ltr'>τὴν</span> <span class='ocrx_word' id='word_1_198' title='bbox 2325 1286 2484 1354; x_wconf 81' lang='grc' dir='ltr'>δόξαν</span> <span class='ocrx_word' id='word_1_199' title='bbox 2532 1288 2627 1345; x_wconf 83' lang='grc' dir='ltr'><strong><em>τοῦ</em></strong></span> <span class='ocrx_word' id='word_1_200' title='bbox 2678 1289 2813 1343; x_wconf 84' lang='grc' dir='ltr'>Θεοῦ</span> <span class='ocrx_word' id='word_1_201' title='bbox 2841 1308 2856 1354; x_wconf 86' lang='lat'><strong>;</strong></span> <span class='ocrx_word' id='word_1_202' title='bbox 2887 1310 2906 1342; x_wconf 76' lang='grc' dir='ltr'><strong><em>ι</em></strong></span> <span class='ocrx_word' id='word_1_203' title='bbox 2960 1292 3243 1361; x_wconf 75' lang='grc' dir='ltr'>μονονουχὶ</span> <span class='ocrx_word' id='word_1_204' title='bbox 3286 1291 3495 1360; x_wconf 81' lang='grc' dir='ltr'>λέγων’</span> <span class='ocrx_word' id='word_1_205' title='bbox 3554 1289 3773 1357; x_wconf 78' lang='grc' dir='ltr'>Ἐπειδὴ</span> 
     </span>
    </p>
   </div>
   <div class='ocr_carea' id='block_1_27' title="bbox 2195 1379 3775 1453">
    <p class='ocr_par' dir='ltr' id='par_1_27' title="bbox 2195 1379 3775 1453">
     <span class='ocr_line' id='line_1_27' title="bbox 2195 1379 3775 1453; baseline 0.001 -21"><span class='ocrx_word' id='word_1_206' title='bbox 2195 1380 2445 1452; x_wconf 78' lang='grc' dir='ltr'><strong><em>Λάζαρος</em></strong></span> <span class='ocrx_word' id='word_1_207' title='bbox 2492 1382 2684 1453; x_wconf 79' lang='grc' dir='ltr'>νεκρὸς</span> <span class='ocrx_word' id='word_1_208' title='bbox 2729 1381 2804 1435; x_wconf 80' lang='grc' dir='ltr'><strong><em>ὢν</em></strong></span> <span class='ocrx_word' id='word_1_209' title='bbox 2839 1382 3116 1437; x_wconf 79' lang='grc' dir='ltr'>πιστεύειν</span> <span class='ocrx_word' id='word_1_210' title='bbox 3160 1384 3220 1436; x_wconf 81' lang='grc' dir='ltr'><strong><em>ού</em></strong></span> <span class='ocrx_word' id='word_1_211' title='bbox 3258 1383 3509 1448; x_wconf 87' lang='grc' dir='ltr'>δύναται,</span> <span class='ocrx_word' id='word_1_212' title='bbox 3567 1381 3632 1434; x_wconf 82' lang='grc' dir='ltr'><strong><em>σὺ</em></strong></span> <span class='ocrx_word' id='word_1_213' title='bbox 3678 1379 3775 1434; x_wconf 86' lang='grc' dir='ltr'><strong><em>τοῦ</em></strong></span> 
     </span>
    </p>
   </div>
   <div class='ocr_carea' id='block_1_28' title="bbox 2196 1469 3777 1545">
    <p class='ocr_par' dir='ltr' id='par_1_28' title="bbox 2196 1469 3777 1545">
     <span class='ocr_line' id='line_1_28' title="bbox 2196 1469 3777 1545; baseline 0 -22"><span class='ocrx_word' id='word_1_214' title='bbox 2196 1470 2392 1541; x_wconf 82' lang='grc' dir='ltr'>νεκροῦ</span> <span class='ocrx_word' id='word_1_215' title='bbox 2421 1469 2481 1523; x_wconf 84' lang='grc' dir='ltr'><strong><em>τὸ</em></strong></span> <span class='ocrx_word' id='word_1_216' title='bbox 2507 1469 2693 1526; x_wconf 81' lang='grc' dir='ltr'>λεῖπον</span> <span class='ocrx_word' id='word_1_217' title='bbox 2734 1472 2835 1544; x_wconf 84' lang='grc' dir='ltr'>τῆς</span> <span class='ocrx_word' id='word_1_218' title='bbox 2857 1473 3094 1537; x_wconf 86' lang='grc' dir='ltr'>πίστεως</span> <span class='ocrx_word' id='word_1_219' title='bbox 3123 1473 3538 1545; x_wconf 82' lang='grc' dir='ltr'>ἀναπλήρωσον.</span> <span class='ocrx_word' id='word_1_220' title='bbox 3588 1470 3777 1525; x_wconf 82' lang='grc' dir='ltr'>Διττὸν</span> 
     </span>
    </p>
   </div>
   <div class='ocr_carea' id='block_1_29' title="bbox 2195 1559 3779 1645">
    <p class='ocr_par' dir='ltr' id='par_1_29' title="bbox 2195 1559 3779 1645">
     <span class='ocr_line' id='line_1_29' title="bbox 2195 1559 3779 1645; baseline 0.001 -32"><span class='ocrx_word' id='word_1_221' title='bbox 2195 1559 2250 1613; x_wconf 82' lang='grc' dir='ltr'>δὲ</span> <span class='ocrx_word' id='word_1_222' title='bbox 2289 1561 2389 1630; x_wconf 82' lang='grc' dir='ltr'>τῆς</span> <span class='ocrx_word' id='word_1_223' title='bbox 2424 1560 2659 1626; x_wconf 88' lang='grc' dir='ltr'>πίστεως</span> <span class='ocrx_word' id='word_1_224' title='bbox 2702 1563 2761 1616; x_wconf 86' lang='grc' dir='ltr'>τὺ</span> <span class='ocrx_word' id='word_1_225' title='bbox 2806 1559 2945 1628; x_wconf 80' lang='grc' dir='ltr'>εἶδος</span> <span class='ocrx_word' id='word_1_226' title='bbox 2969 1603 2985 1628; x_wconf 88' lang='grc'><strong><em>,</em></strong></span> <span class='ocrx_word' id='word_1_227' title='bbox 3022 1566 3092 1645; x_wconf 47' lang='grc' dir='ltr'>,τὸ</span> <span class='ocrx_word' id='word_1_228' title='bbox 3141 1564 3241 1635; x_wconf 83' lang='grc' dir='ltr'><strong><em>μὲν</em></strong></span> <span class='ocrx_word' id='word_1_229' title='bbox 3283 1563 3611 1633; x_wconf 79' lang='grc' dir='ltr'>δογματικὸν</span> <span class='ocrx_word' id='word_1_230' title='bbox 3646 1578 3779 1630; x_wconf 84' lang='grc' dir='ltr'>συγ-</span> 
     </span>
    </p>
   </div>
   <div class='ocr_carea' id='block_1_30' title="bbox 2197 1651 3779 1728">
    <p class='ocr_par' dir='ltr' id='par_1_30' title="bbox 2197 1651 3779 1728">
     <span class='ocr_line' id='line_1_30' title="bbox 2197 1651 3779 1728; baseline 0.002 -23"><span class='ocrx_word' id='word_1_231' title='bbox 2197 1651 2491 1706; x_wconf 79' lang='grc' dir='ltr'>κατάθεσιν</span> <span class='ocrx_word' id='word_1_232' title='bbox 2525 1656 2626 1725; x_wconf 82' lang='grc' dir='ltr'>τῆς</span> <span class='ocrx_word' id='word_1_233' title='bbox 2674 1654 2851 1727; x_wconf 79' lang='grc' dir='ltr'>ψυχῆς</span> <span class='ocrx_word' id='word_1_234' title='bbox 2895 1656 3020 1725; x_wconf 74' lang='grc' dir='ltr'>ἔχον</span> <span class='ocrx_word' id='word_1_235' title='bbox 3069 1657 3199 1728; x_wconf 76' lang='grc' dir='ltr'>περὶ</span> <span class='ocrx_word' id='word_1_236' title='bbox 3251 1654 3405 1709; x_wconf 82' lang='grc' dir='ltr'>τοῦδέ</span> <span class='ocrx_word' id='word_1_237' title='bbox 3465 1670 3641 1717; x_wconf 76' lang='grc' dir='ltr'>τινοςο</span> <span class='ocrx_word' id='word_1_238' title='bbox 3702 1653 3779 1717; x_wconf 83' lang='grc' dir='ltr'>ὡς</span> 
     </span>
    </p>
   </div>
   <div class='ocr_carea' id='block_1_31' title="bbox 2197 1746 3776 1822">
    <p class='ocr_par' dir='ltr' id='par_1_31' title="bbox 2197 1746 3776 1822">
     <span class='ocr_line' id='line_1_31' title="bbox 2197 1746 3776 1822; baseline 0 -23"><span class='ocrx_word' id='word_1_239' title='bbox 2197 1747 2276 1813; x_wconf 80' lang='grc' dir='ltr'><strong><em>τὸ,</em></strong></span> <span class='ocrx_word' id='word_1_240' title='bbox 2305 1766 2325 1799; x_wconf 73' lang='grc' dir='ltr'><strong><em>ι</em></strong></span> <span class='ocrx_word' id='word_1_241' title='bbox 2368 1747 2426 1800; x_wconf 86' lang='lat'>&#39;0</span> <span class='ocrx_word' id='word_1_242' title='bbox 2451 1748 2722 1803; x_wconf 81' lang='grc' dir='ltr'>πιστεύων</span> <span class='ocrx_word' id='word_1_243' title='bbox 2753 1751 2833 1814; x_wconf 74' lang='grc' dir='ltr'><strong><em>είς</em></strong></span> <span class='ocrx_word' id='word_1_244' title='bbox 2857 1750 2948 1804; x_wconf 82' lang='grc' dir='ltr'><strong><em>τὸν</em></strong></span> <span class='ocrx_word' id='word_1_245' title='bbox 2979 1751 3128 1816; x_wconf 74' lang='grc' dir='ltr'>Υίδν,</span> <span class='ocrx_word' id='word_1_246' title='bbox 3155 1751 3215 1804; x_wconf 83' lang='grc' dir='ltr'><strong><em>οὐ</em></strong></span> <span class='ocrx_word' id='word_1_247' title='bbox 3241 1750 3484 1822; x_wconf 79' lang='grc' dir='ltr'>κρίνεται</span> <span class='ocrx_word' id='word_1_248' title='bbox 3508 1764 3520 1778; x_wconf 83' lang='grc'><em>’</em></span> <span class='ocrx_word' id='word_1_249' title='bbox 3555 1767 3574 1799; x_wconf 74' lang='grc' dir='ltr'><strong><em>ι</em></strong></span> <span class='ocrx_word' id='word_1_250' title='bbox 3606 1746 3667 1800; x_wconf 80' lang='grc' dir='ltr'>τὸ</span> <span class='ocrx_word' id='word_1_251' title='bbox 3695 1747 3776 1811; x_wconf 82' lang='grc' dir='ltr'><strong><em>δὲ,</em></strong></span> 
     </span>
    </p>
   </div>
   <div class='ocr_carea' id='block_1_32' title="bbox 506 1817 2093 1919">
    <p class='ocr_par' dir='ltr' id='par_1_32' title="bbox 506 1817 2093 1919">
     <span class='ocr_line' id='line_1_32' title="bbox 506 1817 2093 1919; baseline 0.019 -44"><span class='ocrx_word' id='word_1_252' title='bbox 506 1837 630 1892; x_wconf 76' lang='lat' dir='ltr'><strong><em>quae</em></strong></span> <span class='ocrx_word' id='word_1_253' title='bbox 663 1826 782 1880; x_wconf 85' lang='lat' dir='ltr'><strong><em>vice</em></strong></span> <span class='ocrx_word' id='word_1_254' title='bbox 834 1829 1027 1897; x_wconf 71' lang='lat' dir='ltr'><strong><em>gratia:</em></strong></span> <span class='ocrx_word' id='word_1_255' title='bbox 1062 1846 1094 1885; x_wconf 91' lang='lat' dir='ltr'><strong><em>a</em></strong></span> <span class='ocrx_word' id='word_1_256' title='bbox 1127 1832 1353 1891; x_wconf 84' lang='lat' dir='ltr'><strong>Christo</strong></span> <span class='ocrx_word' id='word_1_257' title='bbox 1387 1836 1570 1894; x_wconf 92' lang='lat' dir='ltr'><strong><em>datur.</em></strong></span> <span class='ocrx_word' id='word_1_258' title='bbox 1639 1860 1659 1894; x_wconf 79' lang='grc' dir='ltr'><strong><em>ι</em></strong></span> <span class='ocrx_word' id='word_1_259' title='bbox 1699 1842 1765 1898; x_wconf 87' lang='lat' dir='ltr'><strong><em>Et</em></strong></span> <span class='ocrx_word' id='word_1_260' title='bbox 1809 1817 1939 1902; x_wconf 85' lang='lat' dir='ltr'><strong><em>huic</em></strong></span> <span class='ocrx_word' id='word_1_261' title='bbox 1971 1849 2093 1919; x_wconf 90' lang='lat' dir='ltr'><strong><em>qui-</em></strong></span> 
     </span>
    </p>
   </div>
   <div class='ocr_carea' id='block_1_33' title="bbox 2201 1817 3774 1919">
    <p class='ocr_par' dir='ltr' id='par_1_33' title="bbox 2201 1817 3774 1915">
     <span class='ocr_line' id='line_1_33' title="bbox 2201 1817 3774 1915; baseline 0 -21"><span class='ocrx_word' id='word_1_262' title='bbox 2201 1842 2258 1894; x_wconf 82' lang='grc' dir='ltr'>ὲν</span> <span class='ocrx_word' id='word_1_263' title='bbox 2294 1840 2515 1912; x_wconf 87' lang='grc' dir='ltr'>χάριτος</span> <span class='ocrx_word' id='word_1_264' title='bbox 2564 1842 2723 1914; x_wconf 84' lang='grc' dir='ltr'>μέρει</span> <span class='ocrx_word' id='word_1_265' title='bbox 2776 1843 2927 1915; x_wconf 79' lang='grc' dir='ltr'>παρὰ</span> <span class='ocrx_word' id='word_1_266' title='bbox 2975 1843 3071 1899; x_wconf 86' lang='grc' dir='ltr'><strong><em>τοῦ</em></strong></span> <span class='ocrx_word' id='word_1_267' title='bbox 3110 1817 3348 1915; x_wconf 78' lang='grc' dir='ltr'>Χριστοῦ</span> <span class='ocrx_word' id='word_1_268' title='bbox 3394 1842 3774 1915; x_wconf 69' lang='grc' dir='ltr'>δωρούμενονι</span> 
     </span>
    </p>
   </div>
   <div class='ocr_carea' id='block_1_34' title="bbox 511 1916 2093 2007">
    <p class='ocr_par' dir='ltr' id='par_1_34' title="bbox 511 1916 2093 2007">
     <span class='ocr_line' id='line_1_34' title="bbox 511 1916 2093 2007; baseline 0.018 -37"><span class='ocrx_word' id='word_1_269' title='bbox 511 1916 661 1982; x_wconf 92' lang='lat' dir='ltr'><strong><em>dem,</em></strong></span> <span class='ocrx_word' id='word_1_270' title='bbox 689 1919 786 1985; x_wconf 89' lang='lat' dir='ltr'><strong>ait,</strong></span> <span class='ocrx_word' id='word_1_271' title='bbox 816 1937 911 1991; x_wconf 88' lang='lat' dir='ltr'><strong><em>per</em></strong></span> <span class='ocrx_word' id='word_1_272' title='bbox 935 1922 1203 1995; x_wconf 84' lang='lat' dir='ltr'><strong><em>Spiritum</em></strong></span> <span class='ocrx_word' id='word_1_273' title='bbox 1228 1930 1390 1987; x_wconf 89' lang='lat' dir='ltr'><strong><em>datur</em></strong></span> <span class='ocrx_word' id='word_1_274' title='bbox 1412 1946 1597 1990; x_wconf 92' lang='lat' dir='ltr'><strong><em>sermo</em></strong></span> <span class='ocrx_word' id='word_1_275' title='bbox 1613 1937 1914 2007; x_wconf 68' lang='lat' dir='ltr'><strong><em>sapientiae,</em></strong></span> <span class='ocrx_word' id='word_1_276' title='bbox 1935 1916 2093 2000; x_wconf 81' lang='lat' dir='ltr'><strong><em>alteri</em></strong></span> 
     </span>
    </p>
   </div>
   <div class='ocr_carea' id='block_1_35' title="bbox 505 2011 2097 2107">
    <p class='ocr_par' dir='ltr' id='par_1_35' title="bbox 505 2011 2097 2107">
     <span class='ocr_line' id='line_1_35' title="bbox 505 2011 2097 2107; baseline 0.018 -44"><span class='ocrx_word' id='word_1_277' title='bbox 505 2025 637 2066; x_wconf 91' lang='lat' dir='ltr'><strong><em>vero</em></strong></span> <span class='ocrx_word' id='word_1_278' title='bbox 672 2011 936 2082; x_wconf 70' lang='lat' dir='ltr'><strong><em>ﬁdei“;s</em></strong></span> <span class='ocrx_word' id='word_1_279' title='bbox 971 2034 1094 2088; x_wconf 63' lang='lat' dir='ltr'><strong><em>qua!</em></strong></span> <span class='ocrx_word' id='word_1_280' title='bbox 1117 2021 1338 2091; x_wconf 86' lang='lat' dir='ltr'><strong><em>quidem</em></strong></span> <span class='ocrx_word' id='word_1_281' title='bbox 1371 2040 1480 2080; x_wconf 91' lang='lat' dir='ltr'><strong><em>non</em></strong></span> <span class='ocrx_word' id='word_1_282' title='bbox 1513 2035 1725 2083; x_wconf 89' lang='lat' dir='ltr'><strong><em>tantum</em></strong></span> <span class='ocrx_word' id='word_1_283' title='bbox 1757 2041 1842 2088; x_wconf 94' lang='lat' dir='ltr'><strong>est</strong></span> <span class='ocrx_word' id='word_1_284' title='bbox 1873 2034 2097 2107; x_wconf 86' lang='lat' dir='ltr'><strong><em>dogma-</em></strong></span> 
     </span>
    </p>
   </div>
   <div class='ocr_carea' id='block_1_36' title="bbox 506 2103 2096 2189">
    <p class='ocr_par' dir='ltr' id='par_1_36' title="bbox 506 2103 2096 2189">
     <span class='ocr_line' id='line_1_36' title="bbox 506 2103 2096 2189; baseline 0.019 -34"><span class='ocrx_word' id='word_1_285' title='bbox 506 2103 639 2172; x_wconf 90' lang='lat' dir='ltr'><strong><em>tica,</em></strong></span> <span class='ocrx_word' id='word_1_286' title='bbox 668 2107 766 2162; x_wconf 91' lang='lat' dir='ltr'><strong>sed</strong></span> <span class='ocrx_word' id='word_1_287' title='bbox 818 2112 1119 2167; x_wconf 89' lang='lat' dir='ltr'><strong><em>multorum</em></strong></span> <span class='ocrx_word' id='word_1_288' title='bbox 1155 2132 1277 2186; x_wconf 86' lang='lat' dir='ltr'><strong><em>quae</em></strong></span> <span class='ocrx_word' id='word_1_289' title='bbox 1322 2133 1491 2189; x_wconf 89' lang='lat' dir='ltr'><strong><em>supra</em></strong></span> <span class='ocrx_word' id='word_1_290' title='bbox 1531 2120 1809 2180; x_wconf 84' lang='lat' dir='ltr'><strong><em>hominem</em></strong></span> <span class='ocrx_word' id='word_1_291' title='bbox 1851 2103 1983 2182; x_wconf 71' lang='lat' dir='ltr'><strong><em>sunt</em></strong></span> <span class='ocrx_word' id='word_1_292' title='bbox 2015 2128 2096 2185; x_wconf 80' lang='lat' dir='ltr'><strong><em>ef-</em></strong></span> 
     </span>
    </p>
   </div>
   <div class='ocr_carea' id='block_1_37' title="bbox 507 2198 2098 2292">
    <p class='ocr_par' dir='ltr' id='par_1_37' title="bbox 507 2198 2098 2292">
     <span class='ocr_line' id='line_1_37' title="bbox 507 2198 2098 2292; baseline 0.017 -42"><span class='ocrx_word' id='word_1_293' title='bbox 507 2198 729 2264; x_wconf 80' lang='lat' dir='ltr'><strong><em>fectrix,</em></strong></span> <span class='ocrx_word' id='word_1_294' title='bbox 764 2201 839 2256; x_wconf 91' lang='lat' dir='ltr'><strong><em>ita</em></strong></span> <span class='ocrx_word' id='word_1_295' title='bbox 886 2214 945 2258; x_wconf 91' lang='lat' dir='ltr'><strong><em>ut</em></strong></span> <span class='ocrx_word' id='word_1_296' title='bbox 977 2206 1144 2262; x_wconf 89' lang='lat' dir='ltr'><strong><em>etiam</em></strong></span> <span class='ocrx_word' id='word_1_297' title='bbox 1196 2217 1417 2266; x_wconf 89' lang='lat' dir='ltr'><strong><em>montes</em></strong></span> <span class='ocrx_word' id='word_1_298' title='bbox 1460 2213 1763 2271; x_wconf 84' lang='lat' dir='ltr'><strong><em>transferat</em></strong></span> <span class='ocrx_word' id='word_1_299' title='bbox 1802 2217 1871 2271; x_wconf 72' lang='lat'><strong><em>“.</em></strong></span> <span class='ocrx_word' id='word_1_300' title='bbox 1926 2218 2098 2292; x_wconf 90' lang='lat' dir='ltr'><strong><em>lgitur</em></strong></span> 
     </span>
    </p>
   </div>
   <div class='ocr_carea' id='block_1_38' title="bbox 507 2286 2097 2372">
    <p class='ocr_par' dir='ltr' id='par_1_38' title="bbox 507 2286 2097 2372">
     <span class='ocr_line' id='line_1_38' title="bbox 507 2286 2097 2372; baseline 0.017 -30"><span class='ocrx_word' id='word_1_301' title='bbox 507 2286 720 2345; x_wconf 82' lang='lat' dir='ltr'><strong><em>Martha</em></strong></span> <span class='ocrx_word' id='word_1_302' title='bbox 752 2308 817 2349; x_wconf 79' lang='lat' dir='ltr'><strong>ex</strong></span> <span class='ocrx_word' id='word_1_303' title='bbox 851 2295 1172 2356; x_wconf 83' lang='lat' dir='ltr'><strong><em>inﬁrmitate</em></strong></span> <span class='ocrx_word' id='word_1_304' title='bbox 1197 2301 1369 2372; x_wconf 75' lang='lat'><strong><em>688</em></strong></span> <span class='ocrx_word' id='word_1_305' title='bbox 1414 2305 1863 2367; x_wconf 88' lang='lat' dir='ltr'><strong><em>ratiocinationis</em></strong></span> <span class='ocrx_word' id='word_1_306' title='bbox 1909 2286 1974 2367; x_wconf 72' lang='grc' dir='ltr'>ιιῖ</span> <span class='ocrx_word' id='word_1_307' title='bbox 2012 2314 2097 2368; x_wconf 92' lang='lat' dir='ltr'><strong><em>in-</em></strong></span> 
     </span>
    </p>
   </div>
   <div class='ocr_carea' id='block_1_39' title="bbox 406 2380 2098 2472">
    <p class='ocr_par' dir='ltr' id='par_1_39' title="bbox 406 2380 2098 2472">
     <span class='ocr_line' id='line_1_39' title="bbox 406 2380 2098 2472; baseline 0.017 -34"><span class='ocrx_word' id='word_1_308' title='bbox 406 2380 407 2383; x_wconf 53' lang='grc'><em>“</em></span> <span class='ocrx_word' id='word_1_309' title='bbox 506 2387 890 2447; x_wconf 89' lang='lat' dir='ltr'><strong><em>credulitatem</em></strong></span> <span class='ocrx_word' id='word_1_310' title='bbox 923 2393 1146 2461; x_wconf 89' lang='lat' dir='ltr'><strong><em>incidit,</em></strong></span> <span class='ocrx_word' id='word_1_311' title='bbox 1198 2397 1295 2452; x_wconf 90' lang='lat' dir='ltr'><strong><em>sed</em></strong></span> <span class='ocrx_word' id='word_1_312' title='bbox 1319 2414 1426 2453; x_wconf 92' lang='lat' dir='ltr'><strong><em>non</em></strong></span> <span class='ocrx_word' id='word_1_313' title='bbox 1462 2400 1593 2456; x_wconf 89' lang='lat' dir='ltr'><strong><em>sinit</em></strong></span> <span class='ocrx_word' id='word_1_314' title='bbox 1629 2402 1986 2472; x_wconf 90' lang='lat' dir='ltr'><strong><em>Dominus,et</em></strong></span> <span class='ocrx_word' id='word_1_315' title='bbox 2015 2426 2098 2466; x_wconf 85' lang='lat' dir='ltr'><strong><em>ce-</em></strong></span> 
     </span>
    </p>
   </div>
   <div class='ocr_carea' id='block_1_40' title="bbox 506 2479 2095 2569">
    <p class='ocr_par' dir='ltr' id='par_1_40' title="bbox 506 2479 2095 2569">
     <span class='ocr_line' id='line_1_40' title="bbox 506 2479 2095 2569; baseline 0.016 -38"><span class='ocrx_word' id='word_1_316' title='bbox 506 2479 697 2535; x_wconf 90' lang='lat' dir='ltr'><strong><em>leriter</em></strong></span> <span class='ocrx_word' id='word_1_317' title='bbox 743 2482 874 2539; x_wconf 85' lang='lat' dir='ltr'><strong><em>huic</em></strong></span> <span class='ocrx_word' id='word_1_318' title='bbox 924 2487 1070 2543; x_wconf 86' lang='lat' dir='ltr'><strong><em>malo</em></strong></span> <span class='ocrx_word' id='word_1_319' title='bbox 1124 2487 1287 2544; x_wconf 80' lang='lat' dir='ltr'><strong><em>ﬁnem</em></strong></span> <span class='ocrx_word' id='word_1_320' title='bbox 1341 2490 1595 2562; x_wconf 87' lang='lat' dir='ltr'><strong><em>imponit.</em></strong></span> <span class='ocrx_word' id='word_1_321' title='bbox 1641 2492 1872 2566; x_wconf 86' lang='lat' dir='ltr'><strong><em>Oportet</em></strong></span> <span class='ocrx_word' id='word_1_322' title='bbox 1924 2502 2095 2569; x_wconf 87' lang='lat' dir='ltr'><strong><em>enim,</em></strong></span> 
     </span>
    </p>
   </div>
   <div class='ocr_carea' id='block_1_41' title="bbox 509 2570 2096 2663">
    <p class='ocr_par' dir='ltr' id='par_1_41' title="bbox 509 2570 2096 2663">
     <span class='ocr_line' id='line_1_41' title="bbox 509 2570 2096 2663; baseline 0.016 -39"><span class='ocrx_word' id='word_1_323' title='bbox 509 2570 713 2639; x_wconf 83' lang='lat' dir='ltr'><strong><em>inquit,</em></strong></span> <span class='ocrx_word' id='word_1_324' title='bbox 737 2575 968 2632; x_wconf 87' lang='lat' dir='ltr'><strong><em>credere</em></strong></span> <span class='ocrx_word' id='word_1_325' title='bbox 998 2578 1252 2646; x_wconf 77' lang='lat' dir='ltr'><strong><em>ﬁrmiter,</em></strong></span> <span class='ocrx_word' id='word_1_326' title='bbox 1275 2588 1336 2636; x_wconf 89' lang='lat' dir='ltr'><strong><em>ut</em></strong></span> <span class='ocrx_word' id='word_1_327' title='bbox 1361 2582 1654 2641; x_wconf 90' lang='lat' dir='ltr'><strong><em>videantur</em></strong></span> <span class='ocrx_word' id='word_1_328' title='bbox 1681 2603 1747 2643; x_wconf 87' lang='lat' dir='ltr'><strong><em>ea</em></strong></span> <span class='ocrx_word' id='word_1_329' title='bbox 1778 2605 1900 2660; x_wconf 83' lang='lat' dir='ltr'><strong><em>quae</em></strong></span> <span class='ocrx_word' id='word_1_330' title='bbox 1943 2609 2096 2663; x_wconf 89' lang='lat' dir='ltr'><strong><em>spem</em></strong></span> 
     </span>
    </p>
   </div>
   <div class='ocr_carea' id='block_1_42' title="bbox 507 2673 2099 2746">
    <p class='ocr_par' dir='ltr' id='par_1_42' title="bbox 507 2673 2099 2746">
     <span class='ocr_line' id='line_1_42' title="bbox 507 2673 2099 2746; baseline 0.014 -28"><span class='ocrx_word' id='word_1_331' title='bbox 507 2676 772 2735; x_wconf 89' lang='lat' dir='ltr'><strong><em>superant</em></strong></span> <span class='ocrx_word' id='word_1_332' title='bbox 805 2686 819 2723; x_wconf 90' lang='lat'><strong>:</strong></span> <span class='ocrx_word' id='word_1_333' title='bbox 858 2685 1094 2742; x_wconf 84' lang='lat' dir='ltr'><strong><em>magnus</em></strong></span> <span class='ocrx_word' id='word_1_334' title='bbox 1132 2673 1281 2729; x_wconf 90' lang='lat' dir='ltr'><strong><em>enim</em></strong></span> <span class='ocrx_word' id='word_1_335' title='bbox 1325 2688 1412 2730; x_wconf 92' lang='lat' dir='ltr'><strong><em>est</em></strong></span> <span class='ocrx_word' id='word_1_336' title='bbox 1445 2678 1694 2746; x_wconf 89' lang='lat' dir='ltr'><strong><em>morbus,</em></strong></span> <span class='ocrx_word' id='word_1_337' title='bbox 1741 2683 1961 2740; x_wconf 90' lang='lat' dir='ltr'><strong><em>animus</em></strong></span> <span class='ocrx_word' id='word_1_338' title='bbox 2001 2701 2099 2741; x_wconf 91' lang='lat' dir='ltr'><strong><em>an-</em></strong></span> 
     </span>
    </p>
   </div>
   <div class='ocr_carea' id='block_1_43' title="bbox 508 2764 2094 2848">
    <p class='ocr_par' dir='ltr' id='par_1_43' title="bbox 508 2764 2094 2848">
     <span class='ocr_line' id='line_1_43' title="bbox 508 2764 2094 2848; baseline 0.014 -36"><span class='ocrx_word' id='word_1_339' title='bbox 508 2774 660 2829; x_wconf 90' lang='lat' dir='ltr'><strong><em>ceps,</em></strong></span> <span class='ocrx_word' id='word_1_340' title='bbox 691 2770 746 2816; x_wconf 91' lang='lat' dir='ltr'><strong><em>et</em></strong></span> <span class='ocrx_word' id='word_1_341' title='bbox 791 2764 885 2832; x_wconf 84' lang='lat' dir='ltr'><strong><em>q&#39;ui</em></strong></span> <span class='ocrx_word' id='word_1_342' title='bbox 923 2764 1017 2820; x_wconf 90' lang='lat' dir='ltr'><strong><em>Dei</em></strong></span> <span class='ocrx_word' id='word_1_343' title='bbox 1067 2769 1246 2836; x_wconf 89' lang='lat' dir='ltr'><strong><em>gratia</em></strong></span> <span class='ocrx_word' id='word_1_344' title='bbox 1276 2772 1718 2845; x_wconf 86' lang='lat' dir='ltr'><strong><em>muneribusque</em></strong></span> <span class='ocrx_word' id='word_1_345' title='bbox 1763 2793 1866 2833; x_wconf 91' lang='lat' dir='ltr'><strong><em>nos</em></strong></span> <span class='ocrx_word' id='word_1_346' title='bbox 1896 2778 2094 2848; x_wconf 86' lang='lat' dir='ltr'><strong><em>privat.</em></strong></span> 
     </span>
    </p>
   </div>
   <div class='ocr_carea' id='block_1_44' title="bbox 507 2850 2099 2941">
    <p class='ocr_par' dir='ltr' id='par_1_44' title="bbox 507 2850 2099 2941">
     <span class='ocr_line' id='line_1_44' title="bbox 507 2850 2099 2941; baseline 0.016 -36"><span class='ocrx_word' id='word_1_347' title='bbox 507 2850 633 2907; x_wconf 81' lang='lat' dir='ltr'><strong><em>Ideo</em></strong></span> <span class='ocrx_word' id='word_1_348' title='bbox 663 2855 757 2923; x_wconf 92' lang='lat' dir='ltr'><strong><em>qui</em></strong></span> <span class='ocrx_word' id='word_1_349' title='bbox 798 2855 847 2911; x_wconf 90' lang='lat' dir='ltr'><strong><em>ei</em></strong></span> <span class='ocrx_word' id='word_1_350' title='bbox 884 2861 1227 2927; x_wconf 75' lang='lat' dir='ltr'><strong><em>succensuit,</em></strong></span> <span class='ocrx_word' id='word_1_351' title='bbox 1259 2864 1579 2920; x_wconf 90' lang='lat' dir='ltr'><strong><em>universum</em></strong></span> <span class='ocrx_word' id='word_1_352' title='bbox 1608 2867 1891 2924; x_wconf 83' lang='lat' dir='ltr'><strong><em>hominum</em></strong></span> <span class='ocrx_word' id='word_1_353' title='bbox 1927 2886 2099 2941; x_wconf 88' lang='lat' dir='ltr'><strong><em>genus</em></strong></span> 
     </span>
    </p>
   </div>
   <div class='ocr_carea' id='block_1_45' title="bbox 505 2946 2095 3028">
    <p class='ocr_par' dir='ltr' id='par_1_45' title="bbox 505 2946 2095 3028">
     <span class='ocr_line' id='line_1_45' title="bbox 505 2946 2095 3028; baseline 0.014 -30"><span class='ocrx_word' id='word_1_354' title='bbox 505 2946 706 3010; x_wconf 83' lang='lat' dir='ltr'><strong><em>erexit,</em></strong></span> <span class='ocrx_word' id='word_1_355' title='bbox 733 2963 802 3003; x_wconf 90' lang='lat' dir='ltr'><strong><em>ne</em></strong></span> <span class='ocrx_word' id='word_1_356' title='bbox 835 2951 1093 3022; x_wconf 89' lang='lat' dir='ltr'><strong><em>ancipitis</em></strong></span> <span class='ocrx_word' id='word_1_357' title='bbox 1134 2954 1303 3009; x_wconf 89' lang='lat' dir='ltr'><strong><em>animi</em></strong></span> <span class='ocrx_word' id='word_1_358' title='bbox 1338 2955 1574 3028; x_wconf 80' lang='lat' dir='ltr'><strong><em>ﬁdeique</em></strong></span> <span class='ocrx_word' id='word_1_359' title='bbox 1600 2960 1761 3016; x_wconf 87' lang='lat' dir='ltr'><strong><em>malis</em></strong></span> <span class='ocrx_word' id='word_1_360' title='bbox 1797 2970 2095 3020; x_wconf 88' lang='lat' dir='ltr'><strong><em>teneretur.</em></strong></span> 
     </span>
    </p>
   </div>
   <div class='ocr_carea' id='block_1_46' title="bbox 506 3035 2096 3126">
    <p class='ocr_par' dir='ltr' id='par_1_46' title="bbox 506 3035 2096 3126">
     <span class='ocr_line' id='line_1_46' title="bbox 506 3035 2096 3126; baseline 0.014 -36"><span class='ocrx_word' id='word_1_361' title='bbox 506 3035 683 3093; x_wconf 86' lang='lat' dir='ltr'><strong><em>Porro</em></strong></span> <span class='ocrx_word' id='word_1_362' title='bbox 713 3039 978 3098; x_wconf 88' lang='lat' dir='ltr'><strong><em>Christus</em></strong></span> <span class='ocrx_word' id='word_1_363' title='bbox 1021 3044 1203 3102; x_wconf 89' lang='lat' dir='ltr'><strong><em>vitans</em></strong></span> <span class='ocrx_word' id='word_1_364' title='bbox 1235 3047 1452 3104; x_wconf 88' lang='lat' dir='ltr'><strong><em>inanem</em></strong></span> <span class='ocrx_word' id='word_1_365' title='bbox 1492 3049 1747 3120; x_wconf 79' lang='lat' dir='ltr'><strong><em>gloriam,</em></strong></span> <span class='ocrx_word' id='word_1_366' title='bbox 1789 3069 1900 3109; x_wconf 92' lang='lat' dir='ltr'><strong><em>non</em></strong></span> <span class='ocrx_word' id='word_1_367' title='bbox 1937 3056 2096 3126; x_wconf 81' lang='lat' dir='ltr'><strong><em>dixit,</em></strong></span> 
     </span>
    </p>
   </div>
   <div class='ocr_carea' id='block_1_47' title="bbox 510 3126 2167 3228">
    <p class='ocr_par' dir='ltr' id='par_1_47' title="bbox 510 3126 2167 3228">
     <span class='ocr_line' id='line_1_47' title="bbox 510 3126 2167 3228; baseline 0.014 -47"><span class='ocrx_word' id='word_1_368' title='bbox 510 3126 742 3188; x_wconf 80' lang='lat' dir='ltr'><strong><em>Videbis</em></strong></span> <span class='ocrx_word' id='word_1_369' title='bbox 776 3134 1008 3203; x_wconf 76' lang='lat' dir='ltr'><strong><em>gloriam</em></strong></span> <span class='ocrx_word' id='word_1_370' title='bbox 1058 3152 1258 3203; x_wconf 88' lang='lat' dir='ltr'><strong><em>meam,</em></strong></span> <span class='ocrx_word' id='word_1_371' title='bbox 1304 3141 1399 3196; x_wconf 90' lang='lat' dir='ltr'><strong><em>sed</em></strong></span> <span class='ocrx_word' id='word_1_372' title='bbox 1442 3142 1536 3197; x_wconf 89' lang='lat' dir='ltr'><strong><em>Dei</em></strong></span> <span class='ocrx_word' id='word_1_373' title='bbox 1569 3162 1583 3199; x_wconf 93' lang='lat'><strong>:</strong></span> <span class='ocrx_word' id='word_1_374' title='bbox 1616 3144 1790 3215; x_wconf 81' lang='lat' dir='ltr'><strong><em>gloria</em></strong></span> <span class='ocrx_word' id='word_1_375' title='bbox 1838 3162 1968 3204; x_wconf 91' lang='lat' dir='ltr'><strong><em>vero</em></strong></span> <span class='ocrx_word' id='word_1_376' title='bbox 2002 3148 2095 3206; x_wconf 92' lang='lat' dir='ltr'><strong><em>Dei</em></strong></span> <span class='ocrx_word' id='word_1_377' title='bbox 2124 3170 2167 3228; x_wconf 73' lang='grc' dir='ltr'><strong>ρ</strong></span> 
     </span>
    </p>
   </div>
   <div class='ocr_carea' id='block_1_48' title="bbox 507 3226 2093 3306">
    <p class='ocr_par' dir='ltr' id='par_1_48' title="bbox 507 3226 2093 3306">
     <span class='ocr_line' id='line_1_48' title="bbox 507 3226 2093 3306; baseline 0.013 -28"><span class='ocrx_word' id='word_1_378' title='bbox 507 3232 617 3290; x_wconf 80' lang='grc' dir='ltr'>εει,</span> <span class='ocrx_word' id='word_1_379' title='bbox 648 3226 923 3284; x_wconf 86' lang='lat' dir='ltr'><strong><em>suscitare</em></strong></span> <span class='ocrx_word' id='word_1_380' title='bbox 960 3238 1263 3286; x_wconf 89' lang='lat' dir='ltr'><strong><em>mortuum.</em></strong></span> <span class='ocrx_word' id='word_1_381' title='bbox 1293 3233 1414 3304; x_wconf 86' lang='lat' dir='ltr'><strong><em>Ipse</em></strong></span> <span class='ocrx_word' id='word_1_382' title='bbox 1463 3235 1632 3306; x_wconf 88' lang='lat' dir='ltr'><strong><em>igitur</em></strong></span> <span class='ocrx_word' id='word_1_383' title='bbox 1660 3248 1744 3293; x_wconf 84' lang='lat' dir='ltr'><strong>est</strong></span> <span class='ocrx_word' id='word_1_384' title='bbox 1789 3242 2093 3298; x_wconf 89' lang='lat' dir='ltr'><strong><em>secundum</em></strong></span> 
     </span>
    </p>
   </div>
   <div class='ocr_carea' id='block_1_49' title="bbox 507 3317 2089 3402">
    <p class='ocr_par' dir='ltr' id='par_1_49' title="bbox 507 3317 2089 3402">
     <span class='ocr_line' id='line_1_49' title="bbox 507 3317 2089 3402; baseline 0.013 -33"><span class='ocrx_word' id='word_1_385' title='bbox 507 3324 761 3371; x_wconf 91' lang='lat' dir='ltr'><strong><em>naturam</em></strong></span> <span class='ocrx_word' id='word_1_386' title='bbox 793 3317 961 3385; x_wconf 84' lang='lat' dir='ltr'><strong><em>Deus,</em></strong></span> <span class='ocrx_word' id='word_1_387' title='bbox 992 3322 1088 3391; x_wconf 91' lang='lat' dir='ltr'><strong><em>qui</em></strong></span> <span class='ocrx_word' id='word_1_388' title='bbox 1119 3323 1279 3389; x_wconf 80' lang='lat' dir='ltr'><strong><em>dixit,</em></strong></span> <span class='ocrx_word' id='word_1_389' title='bbox 1318 3344 1337 3378; x_wconf 73' lang='grc' dir='ltr'><strong><em>ι</em></strong></span> <span class='ocrx_word' id='word_1_390' title='bbox 1375 3324 1489 3397; x_wconf 84' lang='lat' dir='ltr'><strong><em>Ego</em></strong></span> <span class='ocrx_word' id='word_1_391' title='bbox 1524 3344 1644 3383; x_wconf 91' lang='lat' dir='ltr'><strong><em>sum</em></strong></span> <span class='ocrx_word' id='word_1_392' title='bbox 1674 3333 2029 3402; x_wconf 89' lang='lat' dir='ltr'><strong><em>resurrectio,</em></strong></span> <span class='ocrx_word' id='word_1_393' title='bbox 2069 3355 2089 3389; x_wconf 79' lang='grc' dir='ltr'><strong><em>ι</em></strong></span> 
     </span>
    </p>
   </div>
   <div class='ocr_carea' id='block_1_50' title="bbox 506 3408 2093 3496">
    <p class='ocr_par' dir='ltr' id='par_1_50' title="bbox 506 3408 2093 3496">
     <span class='ocr_line' id='line_1_50' title="bbox 506 3408 2093 3496; baseline 0.013 -34"><span class='ocrx_word' id='word_1_394' title='bbox 506 3408 670 3478; x_wconf 88' lang='lat' dir='ltr'><strong><em>cujus</em></strong></span> <span class='ocrx_word' id='word_1_395' title='bbox 695 3411 927 3480; x_wconf 90' lang='lat' dir='ltr'><strong><em>gloriam</em></strong></span> <span class='ocrx_word' id='word_1_396' title='bbox 974 3415 1261 3471; x_wconf 90' lang='lat' dir='ltr'><strong><em>mulierem</em></strong></span> <span class='ocrx_word' id='word_1_397' title='bbox 1309 3420 1476 3489; x_wconf 92' lang='lat' dir='ltr'><strong><em>paulo</em></strong></span> <span class='ocrx_word' id='word_1_398' title='bbox 1507 3429 1632 3490; x_wconf 88' lang='lat' dir='ltr'><strong><em>post</em></strong></span> <span class='ocrx_word' id='word_1_399' title='bbox 1659 3422 1902 3479; x_wconf 88' lang='lat' dir='ltr'><strong><em>visuram</em></strong></span> <span class='ocrx_word' id='word_1_400' title='bbox 1933 3426 2093 3496; x_wconf 80' lang='lat' dir='ltr'><strong><em>dixit,</em></strong></span> 
     </span>
    </p>
   </div>
   <div class='ocr_carea' id='block_1_51' title="bbox 506 3502 2091 3587">
    <p class='ocr_par' dir='ltr' id='par_1_51' title="bbox 506 3502 2091 3587">
     <span class='ocr_line' id='line_1_51' title="bbox 506 3502 2091 3587; baseline 0.013 -32"><span class='ocrx_word' id='word_1_401' title='bbox 506 3502 729 3568; x_wconf 84' lang='lat' dir='ltr'><strong><em>quando</em></strong></span> <span class='ocrx_word' id='word_1_402' title='bbox 767 3506 982 3574; x_wconf 89' lang='lat' dir='ltr'><strong><em>putabit</em></strong></span> <span class='ocrx_word' id='word_1_403' title='bbox 1006 3509 1290 3565; x_wconf 88' lang='lat' dir='ltr'><strong><em>veritatem</em></strong></span> <span class='ocrx_word' id='word_1_404' title='bbox 1332 3526 1441 3567; x_wconf 89' lang='lat' dir='ltr'><strong><em>non</em></strong></span> <span class='ocrx_word' id='word_1_405' title='bbox 1476 3515 1717 3581; x_wconf 90' lang='lat' dir='ltr'><strong><em>mentiri,</em></strong></span> <span class='ocrx_word' id='word_1_406' title='bbox 1742 3516 1834 3581; x_wconf 88' lang='lat' dir='ltr'><strong><em>qui</em></strong></span> <span class='ocrx_word' id='word_1_407' title='bbox 1870 3518 2091 3587; x_wconf 90' lang='lat' dir='ltr'><strong><em>quidem</em></strong></span> 
     </span>
    </p>
   </div>
   <div class='ocr_carea' id='block_1_52' title="bbox 505 3597 2093 3675">
    <p class='ocr_par' dir='ltr' id='par_1_52' title="bbox 505 3597 2093 3675">
     <span class='ocr_line' id='line_1_52' title="bbox 505 3597 2093 3675; baseline 0.01 -26"><span class='ocrx_word' id='word_1_408' title='bbox 505 3597 763 3653; x_wconf 77' lang='lat' dir='ltr'><strong><em>Christus</em></strong></span> <span class='ocrx_word' id='word_1_409' title='bbox 802 3606 922 3664; x_wconf 83' lang='lat' dir='ltr'><strong><em>est;</em></strong></span> <span class='ocrx_word' id='word_1_410' title='bbox 952 3608 1071 3655; x_wconf 89' lang='lat' dir='ltr'><strong><em>erat</em></strong></span> <span class='ocrx_word' id='word_1_411' title='bbox 1120 3610 1302 3658; x_wconf 89' lang='lat' dir='ltr'><strong><em>autem</em></strong></span> <span class='ocrx_word' id='word_1_412' title='bbox 1356 3604 1403 3660; x_wconf 90' lang='lat' dir='ltr'><strong><em>ei</em></strong></span> <span class='ocrx_word' id='word_1_413' title='bbox 1462 3607 1794 3675; x_wconf 88' lang='lat' dir='ltr'><strong><em>promissum</em></strong></span> <span class='ocrx_word' id='word_1_414' title='bbox 1860 3607 1979 3665; x_wconf 82' lang='lat' dir='ltr'><strong><em>fore</em></strong></span> <span class='ocrx_word' id='word_1_415' title='bbox 2029 3618 2093 3667; x_wconf 87' lang='lat' dir='ltr'><strong><em>ut</em></strong></span> 
     </span>
    </p>
   </div>
   <div class='ocr_carea' id='block_1_53' title="bbox 507 3689 2089 3771">
    <p class='ocr_par' dir='ltr' id='par_1_53' title="bbox 507 3689 2089 3771">
     <span class='ocr_line' id='line_1_53' title="bbox 507 3689 2089 3771; baseline 0.011 -31"><span class='ocrx_word' id='word_1_416' title='bbox 507 3696 763 3745; x_wconf 90' lang='lat' dir='ltr'><strong><em>mortuus</em></strong></span> <span class='ocrx_word' id='word_1_417' title='bbox 793 3689 915 3759; x_wconf 85' lang='lat' dir='ltr'><strong><em>ejus</em></strong></span> <span class='ocrx_word' id='word_1_418' title='bbox 965 3690 1140 3748; x_wconf 83' lang='lat' dir='ltr'><strong><em>frater</em></strong></span> <span class='ocrx_word' id='word_1_419' title='bbox 1168 3704 1505 3766; x_wconf 88' lang='lat' dir='ltr'><strong><em>resurgeret.</em></strong></span> <span class='ocrx_word' id='word_1_420' title='bbox 1543 3696 1609 3751; x_wconf 85' lang='lat' dir='ltr'><strong><em>Et</em></strong></span> <span class='ocrx_word' id='word_1_421' title='bbox 1643 3698 1814 3754; x_wconf 83' lang='lat' dir='ltr'><strong><em>Maria</em></strong></span> <span class='ocrx_word' id='word_1_422' title='bbox 1845 3702 2089 3771; x_wconf 89' lang='lat' dir='ltr'><strong><em>quidem,</em></strong></span> 
     </span>
    </p>
   </div>
   <div class='ocr_carea' id='block_1_54' title="bbox 505 3785 2093 3856">
    <p class='ocr_par' dir='ltr' id='par_1_54' title="bbox 505 3785 2093 3856">
     <span class='ocr_line' id='line_1_54' title="bbox 505 3785 2093 3856; baseline 0.012 -25"><span class='ocrx_word' id='word_1_423' title='bbox 505 3786 697 3849; x_wconf 88' lang='lat' dir='ltr'><strong><em>utpote</em></strong></span> <span class='ocrx_word' id='word_1_424' title='bbox 746 3797 871 3851; x_wconf 76' lang='lat' dir='ltr'><strong><em>qua:</em></strong></span> <span class='ocrx_word' id='word_1_425' title='bbox 905 3792 991 3840; x_wconf 87' lang='lat' dir='ltr'><strong><em>est</em></strong></span> <span class='ocrx_word' id='word_1_426' title='bbox 1053 3785 1473 3856; x_wconf 89' lang='lat' dir='ltr'><strong><em>intelligentior,</em></strong></span> <span class='ocrx_word' id='word_1_427' title='bbox 1515 3791 1728 3846; x_wconf 91' lang='lat' dir='ltr'><strong><em>nullum</em></strong></span> <span class='ocrx_word' id='word_1_428' title='bbox 1787 3793 2093 3850; x_wconf 79' lang='lat' dir='ltr'><strong><em>dubitantis</em></strong></span> 
     </span>
    </p>
   </div>
   <div class='ocr_carea' id='block_1_55' title="bbox 505 3873 2092 3952">
    <p class='ocr_par' dir='ltr' id='par_1_55' title="bbox 505 3873 2092 3952">
     <span class='ocr_line' id='line_1_55' title="bbox 505 3873 2092 3952; baseline 0.011 -28"><span class='ocrx_word' id='word_1_429' title='bbox 505 3873 672 3926; x_wconf 88' lang='lat' dir='ltr'><strong><em>animi</em></strong></span> <span class='ocrx_word' id='word_1_430' title='bbox 711 3874 932 3944; x_wconf 89' lang='lat' dir='ltr'><strong><em>signum</em></strong></span> <span class='ocrx_word' id='word_1_431' title='bbox 979 3891 1092 3946; x_wconf 71' lang='lat' dir='ltr'><strong><em>prae</em></strong></span> <span class='ocrx_word' id='word_1_432' title='bbox 1135 3894 1195 3934; x_wconf 89' lang='lat' dir='ltr'><strong>se</strong></span> <span class='ocrx_word' id='word_1_433' title='bbox 1237 3877 1419 3934; x_wconf 83' lang='lat' dir='ltr'><strong><em>ferens</em></strong></span> <span class='ocrx_word' id='word_1_434' title='bbox 1461 3881 1754 3952; x_wconf 90' lang='lat' dir='ltr'><strong><em>loquitur:</em></strong></span> <span class='ocrx_word' id='word_1_435' title='bbox 1794 3892 1850 3938; x_wconf 92' lang='lat' dir='ltr'><strong><em>at</em></strong></span> <span class='ocrx_word' id='word_1_436' title='bbox 1881 3883 2092 3941; x_wconf 82' lang='lat' dir='ltr'><strong><em>Martha</em></strong></span> 
     </span>
    </p>
   </div>
   <div class='ocr_carea' id='block_1_56' title="bbox 505 3965 1520 4034">
    <p class='ocr_par' dir='ltr' id='par_1_56' title="bbox 505 3965 1520 4034">
     <span class='ocr_line' id='line_1_56' title="bbox 505 3965 1520 4034; baseline 0.01 -16"><span class='ocrx_word' id='word_1_437' title='bbox 505 3965 763 4034; x_wconf 88' lang='lat' dir='ltr'><strong><em>ancipitis</em></strong></span> <span class='ocrx_word' id='word_1_438' title='bbox 790 3968 960 4023; x_wconf 85' lang='lat' dir='ltr'><strong><em>animi</em></strong></span> <span class='ocrx_word' id='word_1_439' title='bbox 990 3970 1181 4026; x_wconf 86' lang='lat' dir='ltr'><strong><em>morbo</em></strong></span> <span class='ocrx_word' id='word_1_440' title='bbox 1212 3972 1520 4028; x_wconf 86' lang='lat' dir='ltr'><strong><em>tenebatur.</em></strong></span> 
     </span>
    </p>
   </div>
   <div class='ocr_carea' id='block_1_57' title="bbox 579 4054 2197 4137">
    <p class='ocr_par' dir='ltr' id='par_1_57' title="bbox 579 4054 2197 4137">
     <span class='ocr_line' id='line_1_57' title="bbox 579 4054 2197 4137; baseline 0.009 -28"><span class='ocrx_word' id='word_1_441' title='bbox 579 4054 672 4121; x_wconf 75' lang='lat' dir='ltr'><strong><em>XI,</em></strong></span> <span class='ocrx_word' id='word_1_442' title='bbox 727 4056 818 4112; x_wconf 71' lang='grc'><strong><em>41.</em></strong></span> <span class='ocrx_word' id='word_1_443' title='bbox 881 4057 1073 4129; x_wconf 79' lang='lat' dir='ltr'><strong><em>Pater,</em></strong></span> <span class='ocrx_word' id='word_1_444' title='bbox 1134 4077 1233 4131; x_wconf 89' lang='lat' dir='ltr'><strong><em>ago</em></strong></span> <span class='ocrx_word' id='word_1_445' title='bbox 1294 4062 1390 4116; x_wconf 88' lang='lat' dir='ltr'><strong><em>tibi</em></strong></span> <span class='ocrx_word' id='word_1_446' title='bbox 1435 4065 1642 4134; x_wconf 85' lang='lat' dir='ltr'><strong><em>gratias</em></strong></span> <span class='ocrx_word' id='word_1_447' title='bbox 1692 4065 1831 4137; x_wconf 84' lang='lat' dir='ltr'><strong><em>quod</em></strong></span> <span class='ocrx_word' id='word_1_448' title='bbox 1889 4068 2093 4123; x_wconf 81' lang='lat' dir='ltr'><strong><em>audisti</em></strong></span> <span class='ocrx_word' id='word_1_449' title='bbox 2192 4076 2197 4079; x_wconf 85' lang='grc'><em>’</em></span> 
     </span>
    </p>
   </div>
   <div class='ocr_carea' id='block_1_58' title="bbox 505 4157 749 4211">
    <p class='ocr_par' dir='ltr' id='par_1_58' title="bbox 505 4157 749 4211">
     <span class='ocr_line' id='line_1_58' title="bbox 505 4157 749 4211; baseline 0.016 -10"><span class='ocrx_word' id='word_1_450' title='bbox 505 4163 605 4211; x_wconf 82' lang='lat' dir='ltr'><strong><em>me,</em></strong></span> <span class='ocrx_word' id='word_1_451' title='bbox 640 4157 749 4205; x_wconf 90' lang='lat' dir='ltr'><strong><em>etc.</em></strong></span> 
     </span>
    </p>
   </div>
   <div class='ocr_carea' id='block_1_59' title="bbox 571 4240 2094 4319">
    <p class='ocr_par' dir='ltr' id='par_1_59' title="bbox 571 4240 2094 4319">
     <span class='ocr_line' id='line_1_59' title="bbox 571 4240 2094 4319; baseline 0.007 -23"><span class='ocrx_word' id='word_1_452' title='bbox 571 4240 943 4299; x_wconf 82' lang='lat' dir='ltr'><strong><em>OEconomice</em></strong></span> <span class='ocrx_word' id='word_1_453' title='bbox 967 4255 1022 4300; x_wconf 91' lang='lat' dir='ltr'><strong><em>et</em></strong></span> <span class='ocrx_word' id='word_1_454' title='bbox 1055 4261 1156 4316; x_wconf 89' lang='lat' dir='ltr'><strong><em>pro</em></strong></span> <span class='ocrx_word' id='word_1_455' title='bbox 1187 4262 1372 4302; x_wconf 91' lang='lat' dir='ltr'><strong><em>rerum</em></strong></span> <span class='ocrx_word' id='word_1_456' title='bbox 1411 4248 1604 4304; x_wconf 89' lang='lat' dir='ltr'><strong><em>ordine</em></strong></span> <span class='ocrx_word' id='word_1_457' title='bbox 1642 4249 1890 4319; x_wconf 87' lang='lat' dir='ltr'><strong><em>loquitur</em></strong></span> <span class='ocrx_word' id='word_1_458' title='bbox 1927 4251 2094 4306; x_wconf 85' lang='lat' dir='ltr'><strong><em>Chri-</em></strong></span> 
     </span>
    </p>
   </div>
   <div class='ocr_carea' id='block_1_60' title="bbox 2203 1926 3778 2008">
    <p class='ocr_par' dir='ltr' id='par_1_60' title="bbox 2203 1926 3778 2008">
     <span class='ocr_line' id='line_1_60' title="bbox 2203 1926 3778 2008; baseline 0.003 -25"><span class='ocrx_word' id='word_1_459' title='bbox 2203 1948 2222 1983; x_wconf 80' lang='grc' dir='ltr'><strong><em>ι</em></strong></span> <span class='ocrx_word' id='word_1_460' title='bbox 2249 1926 2320 2003; x_wconf 60' lang='grc' dir='ltr'><strong><em>τῷ</em></strong></span> <span class='ocrx_word' id='word_1_461' title='bbox 2357 1933 2455 2004; x_wconf 82' lang='grc' dir='ltr'><strong><em>μὲν</em></strong></span> <span class='ocrx_word' id='word_1_462' title='bbox 2481 1934 2611 2006; x_wconf 78' lang='grc' dir='ltr'>γὰρ,</span> <span class='ocrx_word' id='word_1_463' title='bbox 2636 1936 2789 2005; x_wconf 82' lang='grc' dir='ltr'>φησὶ,</span> <span class='ocrx_word' id='word_1_464' title='bbox 2812 1937 2900 1990; x_wconf 75' lang='grc' dir='ltr'>διὰ</span> <span class='ocrx_word' id='word_1_465' title='bbox 2928 1936 3021 1991; x_wconf 86' lang='grc' dir='ltr'><strong><em>τοῦ</em></strong></span> <span class='ocrx_word' id='word_1_466' title='bbox 3047 1936 3363 2008; x_wconf 87' lang='grc' dir='ltr'>Πνεύματος</span> <span class='ocrx_word' id='word_1_467' title='bbox 3391 1936 3589 2000; x_wconf 80' lang='grc' dir='ltr'>δίδοται</span> <span class='ocrx_word' id='word_1_468' title='bbox 3619 1933 3778 2003; x_wconf 81' lang='grc' dir='ltr'><strong><em>λόγος</em></strong></span> 
     </span>
    </p>
   </div>
   <div class='ocr_carea' id='block_1_61' title="bbox 2199 2023 3780 2097">
    <p class='ocr_par' dir='ltr' id='par_1_61' title="bbox 2199 2023 3780 2097">
     <span class='ocr_line' id='line_1_61' title="bbox 2199 2023 3780 2097; baseline 0.001 -22"><span class='ocrx_word' id='word_1_469' title='bbox 2199 2023 2418 2091; x_wconf 84' lang='grc' dir='ltr'>σοφίας,</span> <span class='ocrx_word' id='word_1_470' title='bbox 2457 2024 2628 2097; x_wconf 78' lang='grc' dir='ltr'>ἑτέρῳ</span> <span class='ocrx_word' id='word_1_471' title='bbox 2649 2026 2707 2079; x_wconf 85' lang='grc' dir='ltr'>δὲ</span> <span class='ocrx_word' id='word_1_472' title='bbox 2745 2027 2943 2091; x_wconf 82' lang='grc' dir='ltr'>πίστις·</span> <span class='ocrx_word' id='word_1_473' title='bbox 2974 2047 2990 2078; x_wconf 80' lang='grc' dir='ltr'><strong><em>ι</em></strong></span> <span class='ocrx_word' id='word_1_474' title='bbox 3022 2028 3143 2097; x_wconf 81' lang='grc' dir='ltr'>ἥτις</span> <span class='ocrx_word' id='word_1_475' title='bbox 3184 2028 3245 2081; x_wconf 82' lang='grc' dir='ltr'><strong><em>ού</em></strong></span> <span class='ocrx_word' id='word_1_476' title='bbox 3276 2027 3578 2097; x_wconf 86' lang='grc' dir='ltr'>δογματικὴ</span> <span class='ocrx_word' id='word_1_477' title='bbox 3614 2026 3780 2095; x_wconf 83' lang='grc' dir='ltr'>μόνον</span> 
     </span>
    </p>
   </div>
   <div class='ocr_carea' id='block_1_62' title="bbox 2197 2114 3782 2190">
    <p class='ocr_par' dir='ltr' id='par_1_62' title="bbox 2197 2114 3782 2190">
     <span class='ocr_line' id='line_1_62' title="bbox 2197 2114 3782 2190; baseline 0.003 -25"><span class='ocrx_word' id='word_1_478' title='bbox 2197 2114 2364 2179; x_wconf 73' lang='grc' dir='ltr'>ἐστὶν,</span> <span class='ocrx_word' id='word_1_479' title='bbox 2398 2114 2533 2169; x_wconf 89' lang='grc' dir='ltr'><strong><em>ἀλλά</em></strong></span> <span class='ocrx_word' id='word_1_480' title='bbox 2558 2115 2787 2171; x_wconf 76' lang='grc' dir='ltr'>καὶτῶν</span> <span class='ocrx_word' id='word_1_481' title='bbox 2825 2118 2963 2188; x_wconf 81' lang='grc' dir='ltr'>ὑπὲρ</span> <span class='ocrx_word' id='word_1_482' title='bbox 3002 2118 3290 2190; x_wconf 79' lang='grc' dir='ltr'>ἄνθρωπον</span> <span class='ocrx_word' id='word_1_483' title='bbox 3320 2116 3668 2189; x_wconf 80' lang='grc' dir='ltr'>ὲνεργητικὴ,</span> <span class='ocrx_word' id='word_1_484' title='bbox 3701 2115 3782 2179; x_wconf 83' lang='grc' dir='ltr'>ὡς</span> 
     </span>
    </p>
   </div>
   <div class='ocr_carea' id='block_1_63' title="bbox 2197 2206 3780 2282">
    <p class='ocr_par' dir='ltr' id='par_1_63' title="bbox 2197 2206 3780 2282">
     <span class='ocr_line' id='line_1_63' title="bbox 2197 2206 3780 2282; baseline 0.001 -23"><span class='ocrx_word' id='word_1_485' title='bbox 2197 2206 2291 2260; x_wconf 77' lang='grc' dir='ltr'>καὶ</span> <span class='ocrx_word' id='word_1_486' title='bbox 2311 2206 2412 2279; x_wconf 78' lang='grc' dir='ltr'><strong><em>ὅρη</em></strong></span> <span class='ocrx_word' id='word_1_487' title='bbox 2446 2207 2811 2279; x_wconf 87' lang='grc' dir='ltr'>μεθιστάνειν.</span> <span class='ocrx_word' id='word_1_488' title='bbox 2848 2211 2910 2263; x_wconf 82' lang='grc' dir='ltr'><strong>Ἠ</strong></span> <span class='ocrx_word' id='word_1_489' title='bbox 2934 2210 3116 2282; x_wconf 80' lang='grc' dir='ltr'>μέντοι</span> <span class='ocrx_word' id='word_1_490' title='bbox 3140 2208 3337 2280; x_wconf 80' lang='grc' dir='ltr'><strong>Μάρθα</strong></span> <span class='ocrx_word' id='word_1_491' title='bbox 3365 2210 3469 2262; x_wconf 79' lang='grc' dir='ltr'><strong><em>ὑπὸ</em></strong></span> <span class='ocrx_word' id='word_1_492' title='bbox 3496 2207 3780 2272; x_wconf 78' lang='grc' dir='ltr'>ἀσθενείας</span> 
     </span>
    </p>
   </div>
   <div class='ocr_carea' id='block_1_64' title="bbox 2196 2299 3780 2373">
    <p class='ocr_par' dir='ltr' id='par_1_64' title="bbox 2196 2299 3780 2373">
     <span class='ocr_line' id='line_1_64' title="bbox 2196 2299 3780 2373; baseline 0.002 -22"><span class='ocrx_word' id='word_1_493' title='bbox 2196 2299 2501 2372; x_wconf 85' lang='grc' dir='ltr'>λογισμῶν,</span> <span class='ocrx_word' id='word_1_494' title='bbox 2523 2303 2604 2366; x_wconf 81' lang='grc' dir='ltr'><strong><em>εἰς</em></strong></span> <span class='ocrx_word' id='word_1_495' title='bbox 2628 2302 2885 2357; x_wconf 82' lang='grc' dir='ltr'>ἀπιστίαν</span> <span class='ocrx_word' id='word_1_496' title='bbox 2913 2303 3191 2361; x_wconf 76' lang='grc' dir='ltr'>ἐνέπεσεν.</span> <span class='ocrx_word' id='word_1_497' title='bbox 3227 2302 3363 2356; x_wconf 74' lang='grc' dir='ltr'>Ἀλλ’</span> <span class='ocrx_word' id='word_1_498' title='bbox 3394 2305 3423 2356; x_wconf 91' lang='lat'><strong><em>6</em></strong></span> <span class='ocrx_word' id='word_1_499' title='bbox 3450 2302 3651 2373; x_wconf 80' lang='grc' dir='ltr'>Κύριος</span> <span class='ocrx_word' id='word_1_500' title='bbox 3676 2303 3780 2355; x_wconf 78' lang='grc' dir='ltr'>οὐκ</span> 
     </span>
    </p>
   </div>
   <div class='ocr_carea' id='block_1_65' title="bbox 2197 2393 3778 2467">
    <p class='ocr_par' dir='ltr' id='par_1_65' title="bbox 2197 2393 3778 2467">
     <span class='ocr_line' id='line_1_65' title="bbox 2197 2393 3778 2467; baseline 0.001 -23"><span class='ocrx_word' id='word_1_501' title='bbox 2197 2393 2406 2465; x_wconf 73' lang='grc' dir='ltr'>ἐφίησι,</span> <span class='ocrx_word' id='word_1_502' title='bbox 2423 2393 2575 2448; x_wconf 84' lang='grc' dir='ltr'>λύσιν</span> <span class='ocrx_word' id='word_1_503' title='bbox 2602 2394 2918 2465; x_wconf 80' lang='grc' dir='ltr'>ὑπενεγκὼν</span> <span class='ocrx_word' id='word_1_504' title='bbox 2942 2394 3020 2467; x_wconf 79' lang='grc' dir='ltr'>τῷ</span> <span class='ocrx_word' id='word_1_505' title='bbox 3045 2395 3208 2451; x_wconf 83' lang='grc' dir='ltr'>πάθει</span> <span class='ocrx_word' id='word_1_506' title='bbox 3232 2398 3473 2467; x_wconf 87' lang='grc' dir='ltr'>ταχεῖαν.</span> <span class='ocrx_word' id='word_1_507' title='bbox 3497 2394 3617 2465; x_wconf 79' lang='grc' dir='ltr'><strong><em>Χρὴ</em></strong></span> <span class='ocrx_word' id='word_1_508' title='bbox 3644 2394 3778 2463; x_wconf 76' lang='grc' dir='ltr'>γὰρ,</span> 
     </span>
    </p>
   </div>
   <div class='ocr_carea' id='block_1_66' title="bbox 2199 2485 3776 2560">
    <p class='ocr_par' dir='ltr' id='par_1_66' title="bbox 2199 2485 3776 2560">
     <span class='ocr_line' id='line_1_66' title="bbox 2199 2485 3776 2560; baseline 0.001 -22"><span class='ocrx_word' id='word_1_509' title='bbox 2199 2486 2353 2556; x_wconf 77' lang='grc' dir='ltr'>φησὶ,</span> <span class='ocrx_word' id='word_1_510' title='bbox 2369 2486 2648 2540; x_wconf 80' lang='grc' dir='ltr'>πιστεύειν</span> <span class='ocrx_word' id='word_1_511' title='bbox 2664 2487 2944 2559; x_wconf 82' lang='grc' dir='ltr'><strong><em>ἀσφαλῶς,</em></strong></span> <span class='ocrx_word' id='word_1_512' title='bbox 2959 2488 3050 2543; x_wconf 75' lang='grc' dir='ltr'>ἴνα</span> <span class='ocrx_word' id='word_1_513' title='bbox 3066 2487 3326 2560; x_wconf 80' lang='grc' dir='ltr'>θεάσηται</span> <span class='ocrx_word' id='word_1_514' title='bbox 3340 2487 3407 2541; x_wconf 86' lang='grc' dir='ltr'>τὰ</span> <span class='ocrx_word' id='word_1_515' title='bbox 3423 2487 3554 2559; x_wconf 81' lang='grc' dir='ltr'>παρ’</span> <span class='ocrx_word' id='word_1_516' title='bbox 3565 2485 3776 2540; x_wconf 71' lang='grc' dir='ltr'>ἐλπίδα·</span> 
     </span>
    </p>
   </div>
   <div class='ocr_carea' id='block_1_67' title="bbox 2201 2578 3782 2654">
    <p class='ocr_par' dir='ltr' id='par_1_67' title="bbox 2201 2578 3782 2654">
     <span class='ocr_line' id='line_1_67' title="bbox 2201 2578 3782 2654; baseline -0.001 -21"><span class='ocrx_word' id='word_1_517' title='bbox 2201 2579 2344 2649; x_wconf 82' lang='grc' dir='ltr'><strong><em>μέγα</em></strong></span> <span class='ocrx_word' id='word_1_518' title='bbox 2382 2578 2492 2653; x_wconf 84' lang='grc' dir='ltr'>γὰρ</span> <span class='ocrx_word' id='word_1_519' title='bbox 2527 2581 2561 2652; x_wconf 79' lang='grc' dir='ltr'><strong>ἡ</strong></span> <span class='ocrx_word' id='word_1_520' title='bbox 2597 2579 2820 2652; x_wconf 75' lang='grc' dir='ltr'>διψυχία</span> <span class='ocrx_word' id='word_1_521' title='bbox 2876 2581 3118 2654; x_wconf 87' lang='grc' dir='ltr'>νόσημα,</span> <span class='ocrx_word' id='word_1_522' title='bbox 3150 2581 3247 2636; x_wconf 70' lang='grc' dir='ltr'><strong><em>κα)⁸</em></strong></span> <span class='ocrx_word' id='word_1_523' title='bbox 3300 2580 3640 2652; x_wconf 83' lang='grc' dir='ltr'>ἀποστεροῦν</span> <span class='ocrx_word' id='word_1_524' title='bbox 3666 2579 3782 2634; x_wconf 84' lang='grc' dir='ltr'><strong><em>τῶν</em></strong></span> 
     </span>
    </p>
   </div>
   <div class='ocr_carea' id='block_1_68' title="bbox 2198 2670 3779 2746">
    <p class='ocr_par' dir='ltr' id='par_1_68' title="bbox 2198 2670 3779 2746">
     <span class='ocr_line' id='line_1_68' title="bbox 2198 2670 3779 2746; baseline -0.001 -22"><span class='ocrx_word' id='word_1_525' title='bbox 2198 2672 2262 2724; x_wconf 81' lang='grc' dir='ltr'><strong><em>ὲκ</em></strong></span> <span class='ocrx_word' id='word_1_526' title='bbox 2288 2670 2423 2726; x_wconf 85' lang='grc' dir='ltr'>Θεοῦ</span> <span class='ocrx_word' id='word_1_527' title='bbox 2459 2674 2836 2744; x_wconf 81' lang='grc' dir='ltr'>χαρισμάτων.</span> <span class='ocrx_word' id='word_1_528' title='bbox 2873 2674 2963 2728; x_wconf 84' lang='grc' dir='ltr'>Διὸ</span> <span class='ocrx_word' id='word_1_529' title='bbox 2986 2674 3159 2746; x_wconf 80' lang='grc' dir='ltr'>ταύτῃ</span> <span class='ocrx_word' id='word_1_530' title='bbox 3183 2673 3533 2744; x_wconf 78' lang='grc' dir='ltr'>ἐπιτιμήσας,</span> <span class='ocrx_word' id='word_1_531' title='bbox 3560 2671 3621 2724; x_wconf 79' lang='grc' dir='ltr'><strong><em>τὸ</em></strong></span> <span class='ocrx_word' id='word_1_532' title='bbox 3640 2670 3779 2724; x_wconf 85' lang='grc' dir='ltr'>πάν-</span> 
     </span>
    </p>
   </div>
   <div class='ocr_carea' id='block_1_69' title="bbox 2199 2762 3783 2838">
    <p class='ocr_par' dir='ltr' id='par_1_69' title="bbox 2199 2762 3783 2838">
     <span class='ocr_line' id='line_1_69' title="bbox 2199 2762 3783 2838; baseline -0.003 -20"><span class='ocrx_word' id='word_1_533' title='bbox 2199 2782 2305 2820; x_wconf 88' lang='grc' dir='ltr'><strong><em>των</em></strong></span> <span class='ocrx_word' id='word_1_534' title='bbox 2338 2765 2643 2835; x_wconf 87' lang='grc' dir='ltr'>ἀνθρώπων</span> <span class='ocrx_word' id='word_1_535' title='bbox 2681 2764 3030 2838; x_wconf 85' lang='grc' dir='ltr'>διωρθώσατο</span> <span class='ocrx_word' id='word_1_536' title='bbox 3053 2765 3244 2835; x_wconf 81' lang='grc' dir='ltr'>γένος,</span> <span class='ocrx_word' id='word_1_537' title='bbox 3285 2764 3428 2819; x_wconf 82' lang='grc' dir='ltr'>ὥστε</span> <span class='ocrx_word' id='word_1_538' title='bbox 3470 2764 3544 2835; x_wconf 86' lang='grc' dir='ltr'>μὴ</span> <span class='ocrx_word' id='word_1_539' title='bbox 3578 2762 3783 2818; x_wconf 80' lang='grc' dir='ltr'>ἁλῶναι</span> 
     </span>
    </p>
   </div>
   <div class='ocr_carea' id='block_1_70' title="bbox 2197 2856 3783 2931">
    <p class='ocr_par' dir='ltr' id='par_1_70' title="bbox 2197 2856 3783 2931">
     <span class='ocr_line' id='line_1_70' title="bbox 2197 2856 3783 2931; baseline -0.002 -19"><span class='ocrx_word' id='word_1_540' title='bbox 2197 2862 2311 2923; x_wconf 80' lang='grc' dir='ltr'>τοῖς</span> <span class='ocrx_word' id='word_1_541' title='bbox 2335 2859 2435 2929; x_wconf 81' lang='grc' dir='ltr'>τῆς</span> <span class='ocrx_word' id='word_1_542' title='bbox 2464 2858 2718 2931; x_wconf 70' lang='grc' dir='ltr'>διψυχίας</span> <span class='ocrx_word' id='word_1_543' title='bbox 2749 2861 2959 2923; x_wconf 81' lang='grc' dir='ltr'>κακοῖς.</span> <span class='ocrx_word' id='word_1_544' title='bbox 3009 2861 3233 2928; x_wconf 80' lang='grc' dir='ltr'>Φεύγων</span> <span class='ocrx_word' id='word_1_545' title='bbox 3268 2859 3326 2912; x_wconf 87' lang='grc' dir='ltr'>δὲ</span> <span class='ocrx_word' id='word_1_546' title='bbox 3355 2858 3415 2912; x_wconf 88' lang='grc' dir='ltr'>τὺ</span> <span class='ocrx_word' id='word_1_547' title='bbox 3450 2856 3726 2922; x_wconf 80' lang='grc' dir='ltr'>κενόδοξον</span> <span class='ocrx_word' id='word_1_548' title='bbox 3753 2859 3783 2909; x_wconf 88' lang='lat'><strong><em>6</em></strong></span> 
     </span>
    </p>
   </div>
   <div class='ocr_carea' id='block_1_71' title="bbox 2199 2948 3783 3024">
    <p class='ocr_par' dir='ltr' id='par_1_71' title="bbox 2199 2948 3783 3024">
     <span class='ocr_line' id='line_1_71' title="bbox 2199 2948 3783 3024; baseline -0.002 -21"><span class='ocrx_word' id='word_1_549' title='bbox 2199 2951 2468 3022; x_wconf 83' lang='grc' dir='ltr'>Χριστὸς,</span> <span class='ocrx_word' id='word_1_550' title='bbox 2493 2952 2594 3006; x_wconf 84' lang='grc' dir='ltr'><strong><em>οὐκ</em></strong></span> <span class='ocrx_word' id='word_1_551' title='bbox 2622 2950 2796 3016; x_wconf 80' lang='grc' dir='ltr'>εἶπεν,</span> <span class='ocrx_word' id='word_1_552' title='bbox 2834 2952 2993 3022; x_wconf 76' lang='grc' dir='ltr'>Ὀψει</span> <span class='ocrx_word' id='word_1_553' title='bbox 3018 2953 3117 3024; x_wconf 85' lang='grc' dir='ltr'><strong><em>τὴν</em></strong></span> <span class='ocrx_word' id='word_1_554' title='bbox 3138 2951 3294 3016; x_wconf 82' lang='grc' dir='ltr'>δόξαν</span> <span class='ocrx_word' id='word_1_555' title='bbox 3334 2968 3435 3023; x_wconf 91' lang='grc' dir='ltr'><strong><em>μου</em></strong></span> <span class='ocrx_word' id='word_1_556' title='bbox 3455 2994 3470 3017; x_wconf 90' lang='grc'><strong><em>,</em></strong></span> <span class='ocrx_word' id='word_1_557' title='bbox 3518 2949 3652 3004; x_wconf 86' lang='grc' dir='ltr'><strong><em>ἀλλά</em></strong></span> <span class='ocrx_word' id='word_1_558' title='bbox 3681 2948 3783 3021; x_wconf 78' lang='grc' dir='ltr'><strong><em>τὴν</em></strong></span> 
     </span>
    </p>
   </div>
   <div class='ocr_carea' id='block_1_72' title="bbox 2198 3042 3784 3116">
    <p class='ocr_par' dir='ltr' id='par_1_72' title="bbox 2198 3042 3784 3116">
     <span class='ocr_line' id='line_1_72' title="bbox 2198 3042 3784 3116; baseline -0.002 -20"><span class='ocrx_word' id='word_1_559' title='bbox 2198 3043 2293 3097; x_wconf 83' lang='grc' dir='ltr'><strong><em>τοῦ</em></strong></span> <span class='ocrx_word' id='word_1_560' title='bbox 2316 3043 2449 3098; x_wconf 88' lang='grc' dir='ltr'>Θεοῦ</span> <span class='ocrx_word' id='word_1_561' title='bbox 2473 3062 2487 3076; x_wconf 81' lang='grc'><em>’</em></span> <span class='ocrx_word' id='word_1_562' title='bbox 2546 3044 2673 3111; x_wconf 80' lang='grc' dir='ltr'>δόξα</span> <span class='ocrx_word' id='word_1_563' title='bbox 2702 3046 2760 3099; x_wconf 78' lang='grc' dir='ltr'>δὲ</span> <span class='ocrx_word' id='word_1_564' title='bbox 2791 3043 2959 3112; x_wconf 82' lang='grc' dir='ltr'>Θεοῦ,</span> <span class='ocrx_word' id='word_1_565' title='bbox 2998 3044 3061 3099; x_wconf 81' lang='grc' dir='ltr'><strong><em>τὸ</em></strong></span> <span class='ocrx_word' id='word_1_566' title='bbox 3105 3047 3314 3116; x_wconf 73' lang='grc' dir='ltr'>ἐγεῖραι</span> <span class='ocrx_word' id='word_1_567' title='bbox 3341 3043 3552 3114; x_wconf 87' lang='grc' dir='ltr'>νεκρόν.</span> <span class='ocrx_word' id='word_1_568' title='bbox 3605 3042 3784 3105; x_wconf 69' lang='grc' dir='ltr'>Αὐτὸς</span> 
     </span>
    </p>
   </div>
   <div class='ocr_carea' id='block_1_73' title="bbox 2200 3132 3782 3208">
    <p class='ocr_par' dir='ltr' id='par_1_73' title="bbox 2200 3132 3782 3208">
     <span class='ocr_line' id='line_1_73' title="bbox 2200 3132 3782 3208; baseline -0.002 -18"><span class='ocrx_word' id='word_1_569' title='bbox 2200 3132 2292 3191; x_wconf 76' lang='grc' dir='ltr'><strong><em>οὖν</em></strong></span> <span class='ocrx_word' id='word_1_570' title='bbox 2320 3138 2429 3208; x_wconf 84' lang='grc' dir='ltr'><strong><em>ἄρα</em></strong></span> <span class='ocrx_word' id='word_1_571' title='bbox 2459 3138 2606 3191; x_wconf 73' lang='grc' dir='ltr'>ἐστὶν</span> <span class='ocrx_word' id='word_1_572' title='bbox 2657 3140 2686 3192; x_wconf 90' lang='lat'><strong><em>6</em></strong></span> <span class='ocrx_word' id='word_1_573' title='bbox 2716 3139 2857 3192; x_wconf 83' lang='grc' dir='ltr'>κατὰ</span> <span class='ocrx_word' id='word_1_574' title='bbox 2897 3139 3058 3208; x_wconf 76' lang='grc' dir='ltr'>φύσιν</span> <span class='ocrx_word' id='word_1_575' title='bbox 3087 3138 3218 3201; x_wconf 71' lang='grc' dir='ltr'>Θεὸς</span> <span class='ocrx_word' id='word_1_576' title='bbox 3237 3177 3252 3201; x_wconf 89' lang='grc'><strong><em>,</em></strong></span> <span class='ocrx_word' id='word_1_577' title='bbox 3300 3140 3328 3193; x_wconf 88' lang='grc' dir='ltr'><strong>ὁ</strong></span> <span class='ocrx_word' id='word_1_578' title='bbox 3353 3136 3544 3201; x_wconf 78' lang='grc' dir='ltr'>εἰπὼν,</span> <span class='ocrx_word' id='word_1_579' title='bbox 3575 3155 3595 3189; x_wconf 80' lang='grc' dir='ltr'><strong><em>ι</em></strong></span> <span class='ocrx_word' id='word_1_580' title='bbox 3635 3135 3782 3205; x_wconf 82' lang='grc' dir='ltr'>Ἑγὼ</span> 
     </span>
    </p>
   </div>
   <div class='ocr_carea' id='block_1_74' title="bbox 2202 3223 3784 3304">
    <p class='ocr_par' dir='ltr' id='par_1_74' title="bbox 2202 3223 3784 3304">
     <span class='ocr_line' id='line_1_74' title="bbox 2202 3223 3784 3304; baseline -0.001 -22"><span class='ocrx_word' id='word_1_581' title='bbox 2202 3231 2318 3300; x_wconf 79' lang='grc' dir='ltr'>εἰμι</span> <span class='ocrx_word' id='word_1_582' title='bbox 2342 3232 2374 3301; x_wconf 82' lang='grc' dir='ltr'>ὴ</span> <span class='ocrx_word' id='word_1_583' title='bbox 2402 3231 2696 3295; x_wconf 87' lang='grc' dir='ltr'>ἀνάστασις</span> <span class='ocrx_word' id='word_1_584' title='bbox 2717 3270 2730 3294; x_wconf 91' lang='grc'><strong><em>,</em></strong></span> <span class='ocrx_word' id='word_1_585' title='bbox 2758 3251 2776 3282; x_wconf 72' lang='grc' dir='ltr'><strong><em>ι</em></strong></span> <span class='ocrx_word' id='word_1_586' title='bbox 2799 3223 2861 3285; x_wconf 72' lang='grc' dir='ltr'>οὗ</span> <span class='ocrx_word' id='word_1_587' title='bbox 2883 3234 2980 3304; x_wconf 83' lang='grc' dir='ltr'><strong><em>τὴν</em></strong></span> <span class='ocrx_word' id='word_1_588' title='bbox 3008 3231 3165 3297; x_wconf 82' lang='grc' dir='ltr'>δόξαν</span> <span class='ocrx_word' id='word_1_589' title='bbox 3190 3232 3306 3302; x_wconf 86' lang='grc' dir='ltr'>μετ’</span> <span class='ocrx_word' id='word_1_590' title='bbox 3329 3231 3391 3284; x_wconf 78' lang='grc' dir='ltr'>οὐ</span> <span class='ocrx_word' id='word_1_591' title='bbox 3414 3229 3549 3283; x_wconf 78' lang='grc' dir='ltr'>πολὺ</span> <span class='ocrx_word' id='word_1_592' title='bbox 3571 3228 3784 3297; x_wconf 79' lang='grc' dir='ltr'>θεωρή-</span> 
     </span>
    </p>
   </div>
   <div class='ocr_carea' id='block_1_75' title="bbox 2204 3317 3783 3393">
    <p class='ocr_par' dir='ltr' id='par_1_75' title="bbox 2204 3317 3783 3393">
     <span class='ocr_line' id='line_1_75' title="bbox 2204 3317 3783 3393; baseline -0.001 -21"><span class='ocrx_word' id='word_1_593' title='bbox 2204 3337 2318 3373; x_wconf 89' lang='grc' dir='ltr'>σειν</span> <span class='ocrx_word' id='word_1_594' title='bbox 2363 3318 2462 3391; x_wconf 81' lang='grc' dir='ltr'>τὴν</span> <span class='ocrx_word' id='word_1_595' title='bbox 2494 3321 2729 3389; x_wconf 87' lang='grc' dir='ltr'>γυναῖκά</span> <span class='ocrx_word' id='word_1_596' title='bbox 2757 3338 2957 3393; x_wconf 85' lang='grc' dir='ltr'>φησιν,</span> <span class='ocrx_word' id='word_1_597' title='bbox 3000 3323 3128 3376; x_wconf 82' lang='grc' dir='ltr'>ὅταν</span> <span class='ocrx_word' id='word_1_598' title='bbox 3171 3321 3328 3392; x_wconf 78' lang='grc' dir='ltr'>οἰηθῇ</span> <span class='ocrx_word' id='word_1_599' title='bbox 3379 3321 3454 3391; x_wconf 81' lang='grc' dir='ltr'><strong><em>μὴ</em></strong></span> <span class='ocrx_word' id='word_1_600' title='bbox 3486 3317 3783 3391; x_wconf 76' lang='grc' dir='ltr'>ψεύδεσθαι</span> 
     </span>
    </p>
   </div>
   <div class='ocr_carea' id='block_1_76' title="bbox 2201 3409 3781 3486">
    <p class='ocr_par' dir='ltr' id='par_1_76' title="bbox 2201 3409 3781 3486">
     <span class='ocr_line' id='line_1_76' title="bbox 2201 3409 3781 3486; baseline -0.001 -20"><span class='ocrx_word' id='word_1_601' title='bbox 2201 3413 2300 3484; x_wconf 80' lang='grc' dir='ltr'><strong><em>τὴν</em></strong></span> <span class='ocrx_word' id='word_1_602' title='bbox 2341 3412 2633 3484; x_wconf 74' lang='grc' dir='ltr'>ἀλήθειαν,</span> <span class='ocrx_word' id='word_1_603' title='bbox 2675 3415 2735 3479; x_wconf 84' lang='grc' dir='ltr'>ὅς</span> <span class='ocrx_word' id='word_1_604' title='bbox 2769 3416 2916 3468; x_wconf 76' lang='grc' dir='ltr'>ἐστιν</span> <span class='ocrx_word' id='word_1_605' title='bbox 2957 3417 2986 3469; x_wconf 94' lang='lat'><strong><em>6</em></strong></span> <span class='ocrx_word' id='word_1_606' title='bbox 3014 3414 3249 3486; x_wconf 84' lang='grc' dir='ltr'>Χριστός</span> <span class='ocrx_word' id='word_1_607' title='bbox 3271 3430 3287 3446; x_wconf 77' lang='grc' dir='ltr'><strong>ο</strong></span> <span class='ocrx_word' id='word_1_608' title='bbox 3326 3409 3395 3486; x_wconf 75' lang='grc' dir='ltr'>ἦν</span> <span class='ocrx_word' id='word_1_609' title='bbox 3423 3413 3479 3467; x_wconf 80' lang='grc' dir='ltr'>δὲ</span> <span class='ocrx_word' id='word_1_610' title='bbox 3513 3413 3651 3483; x_wconf 79' lang='grc' dir='ltr'>αὐτῇ</span> <span class='ocrx_word' id='word_1_611' title='bbox 3680 3413 3781 3465; x_wconf 83' lang='grc' dir='ltr'><strong><em>ὲπ-</em></strong></span> 
     </span>
    </p>
   </div>
   <div class='ocr_carea' id='block_1_77' title="bbox 2200 3505 3780 3578">
    <p class='ocr_par' dir='ltr' id='par_1_77' title="bbox 2200 3505 3780 3578">
     <span class='ocr_line' id='line_1_77' title="bbox 2200 3505 3780 3578; baseline -0.001 -19"><span class='ocrx_word' id='word_1_612' title='bbox 2200 3505 2467 3576; x_wconf 83' lang='grc' dir='ltr'>αγγελθὲν</span> <span class='ocrx_word' id='word_1_613' title='bbox 2486 3548 2500 3571; x_wconf 91' lang='grc'><strong><em>,</em></strong></span> <span class='ocrx_word' id='word_1_614' title='bbox 2542 3507 2605 3560; x_wconf 80' lang='grc' dir='ltr'>τὸ</span> <span class='ocrx_word' id='word_1_615' title='bbox 2636 3507 2937 3578; x_wconf 82' lang='grc' dir='ltr'>ἀναστῆναι</span> <span class='ocrx_word' id='word_1_616' title='bbox 2962 3508 3054 3562; x_wconf 83' lang='grc' dir='ltr'><strong><em>τὸν</em></strong></span> <span class='ocrx_word' id='word_1_617' title='bbox 3097 3508 3290 3578; x_wconf 85' lang='grc' dir='ltr'>νεκρὸν</span> <span class='ocrx_word' id='word_1_618' title='bbox 3323 3506 3494 3577; x_wconf 82' lang='grc' dir='ltr'>αὐτῆς</span> <span class='ocrx_word' id='word_1_619' title='bbox 3527 3505 3780 3574; x_wconf 80' lang='grc' dir='ltr'>ἀδελφόν.</span> 
     </span>
    </p>
   </div>
   <div class='ocr_carea' id='block_1_78' title="bbox 2201 3594 3785 3670">
    <p class='ocr_par' dir='ltr' id='par_1_78' title="bbox 2201 3594 3785 3670">
     <span class='ocr_line' id='line_1_78' title="bbox 2201 3594 3785 3670; baseline -0.001 -19"><span class='ocrx_word' id='word_1_620' title='bbox 2201 3597 2313 3651; x_wconf 75' lang='grc' dir='ltr'><strong><em>Καὶ</em></strong></span> <span class='ocrx_word' id='word_1_621' title='bbox 2345 3599 2378 3668; x_wconf 79' lang='grc' dir='ltr'><strong>ἠ</strong></span> <span class='ocrx_word' id='word_1_622' title='bbox 2413 3598 2512 3668; x_wconf 85' lang='grc' dir='ltr'>μὲν</span> <span class='ocrx_word' id='word_1_623' title='bbox 2533 3598 2726 3670; x_wconf 88' lang='grc' dir='ltr'>Μαρία</span> <span class='ocrx_word' id='word_1_624' title='bbox 2760 3598 3102 3670; x_wconf 72' lang='grc' dir='ltr'>συνετωτερα</span> <span class='ocrx_word' id='word_1_625' title='bbox 3129 3594 3284 3664; x_wconf 84' lang='grc' dir='ltr'>οὖσα,</span> <span class='ocrx_word' id='word_1_626' title='bbox 3305 3598 3458 3652; x_wconf 75' lang='grc' dir='ltr'>οὐδὲν</span> <span class='ocrx_word' id='word_1_627' title='bbox 3485 3597 3785 3651; x_wconf 83' lang='grc' dir='ltr'>ὲνδοιαστι-</span> 
     </span>
    </p>
   </div>
   <div class='ocr_carea' id='block_1_79' title="bbox 2202 3688 3780 3764">
    <p class='ocr_par' dir='ltr' id='par_1_79' title="bbox 2202 3688 3780 3764">
     <span class='ocr_line' id='line_1_79' title="bbox 2202 3688 3780 3764; baseline -0.001 -22"><span class='ocrx_word' id='word_1_628' title='bbox 2202 3688 2297 3743; x_wconf 88' lang='grc' dir='ltr'>κόν</span> <span class='ocrx_word' id='word_1_629' title='bbox 2328 3688 2624 3760; x_wconf 81' lang='grc' dir='ltr'>φθέγγεται</span> <span class='ocrx_word' id='word_1_630' title='bbox 2649 3706 2664 3720; x_wconf 77' lang='lat'>&#39;</span> <span class='ocrx_word' id='word_1_631' title='bbox 2699 3693 2734 3764; x_wconf 80' lang='grc' dir='ltr'><strong>ἡ</strong></span> <span class='ocrx_word' id='word_1_632' title='bbox 2757 3690 2817 3745; x_wconf 84' lang='grc' dir='ltr'>δὲ</span> <span class='ocrx_word' id='word_1_633' title='bbox 2846 3691 3047 3763; x_wconf 84' lang='grc' dir='ltr'>Μάρθα</span> <span class='ocrx_word' id='word_1_634' title='bbox 3067 3730 3083 3758; x_wconf 90' lang='grc'><strong><em>,</em></strong></span> <span class='ocrx_word' id='word_1_635' title='bbox 3114 3691 3194 3763; x_wconf 82' lang='grc' dir='ltr'><strong><em>τῷ</em></strong></span> <span class='ocrx_word' id='word_1_636' title='bbox 3222 3691 3322 3761; x_wconf 83' lang='grc' dir='ltr'>τῆς</span> <span class='ocrx_word' id='word_1_637' title='bbox 3357 3690 3607 3761; x_wconf 78' lang='grc' dir='ltr'>διψυχίας</span> <span class='ocrx_word' id='word_1_638' title='bbox 3645 3705 3780 3743; x_wconf 86' lang='grc' dir='ltr'>κατ-</span> 
     </span>
    </p>
   </div>
   <div class='ocr_carea' id='block_1_80' title="bbox 2201 3784 2701 3856">
    <p class='ocr_par' dir='ltr' id='par_1_80' title="bbox 2201 3784 2701 3856">
     <span class='ocr_line' id='line_1_80' title="bbox 2201 3784 2701 3856; baseline -0.002 -18"><span class='ocrx_word' id='word_1_639' title='bbox 2201 3784 2379 3856; x_wconf 82' lang='grc' dir='ltr'>είχετο</span> <span class='ocrx_word' id='word_1_640' title='bbox 2414 3785 2701 3856; x_wconf 85' lang='grc' dir='ltr'>νοσήματι.</span> 
     </span>
    </p>
   </div>
   <div class='ocr_carea' id='block_1_81' title="bbox 2269 4066 3781 4141">
    <p class='ocr_par' dir='ltr' id='par_1_81' title="bbox 2269 4066 3781 4141">
     <span class='ocr_line' id='line_1_81' title="bbox 2269 4066 3781 4141; baseline 0.001 -19"><span class='ocrx_word' id='word_1_641' title='bbox 2269 4066 2482 4137; x_wconf 80' lang='grc' dir='ltr'>Πάτερ,</span> <span class='ocrx_word' id='word_1_642' title='bbox 2516 4070 2855 4140; x_wconf 78' lang='grc' dir='ltr'>εὐχαριστῶ</span> <span class='ocrx_word' id='word_1_643' title='bbox 2878 4085 2979 4125; x_wconf 87' lang='grc' dir='ltr'><strong><em>σοι</em></strong></span> <span class='ocrx_word' id='word_1_644' title='bbox 3007 4070 3096 4125; x_wconf 82' lang='grc' dir='ltr'>ὅτι</span> <span class='ocrx_word' id='word_1_645' title='bbox 3127 4069 3399 4141; x_wconf 81' lang='grc' dir='ltr'>ἤκουσάς</span> <span class='ocrx_word' id='word_1_646' title='bbox 3415 4087 3557 4139; x_wconf 83' lang='grc' dir='ltr'>μου,</span> <span class='ocrx_word' id='word_1_647' title='bbox 3592 4068 3689 4123; x_wconf 76' lang='grc' dir='ltr'><strong><em>καὶ</em></strong></span> <span class='ocrx_word' id='word_1_648' title='bbox 3712 4070 3781 4123; x_wconf 70' lang='grc' dir='ltr'>τὰ</span> 
     </span>
    </p>
   </div>
   <div class='ocr_carea' id='block_1_82' title="bbox 2196 4161 3783 4326">
    <p class='ocr_par' dir='ltr' id='par_1_82' title="bbox 2196 4161 3783 4326">
     <span class='ocr_line' id='line_1_82' title="bbox 2196 4161 3783 4326; baseline -0.001 -18"><span class='ocrx_word' id='word_1_649' title='bbox 2196 4161 2643 4326; x_wconf 36' lang='grc' dir='ltr'><strong><em>ἐξ...θῗιονομικιῖις</em></strong></span> <span class='ocrx_word' id='word_1_650' title='bbox 2678 4255 2860 4326; x_wconf 78' lang='grc' dir='ltr'>μέντοι</span> <span class='ocrx_word' id='word_1_651' title='bbox 2893 4255 2968 4319; x_wconf 83' lang='grc' dir='ltr'>ὡς</span> <span class='ocrx_word' id='word_1_652' title='bbox 3002 4253 3287 4325; x_wconf 83' lang='grc' dir='ltr'>ἄνθρωπος</span> <span class='ocrx_word' id='word_1_653' title='bbox 3310 4253 3461 4308; x_wconf 82' lang='grc' dir='ltr'>λαλεῖ</span> <span class='ocrx_word' id='word_1_654' title='bbox 3490 4255 3519 4307; x_wconf 91' lang='lat'><strong><em>6</em></strong></span> <span class='ocrx_word' id='word_1_655' title='bbox 3544 4253 3783 4326; x_wconf 80' lang='grc' dir='ltr'>Χριστὸς</span> 
     </span>
    </p>
   </div>
   <div class='ocr_carea' id='block_1_83' title="bbox 505 4336 2093 4419">
    <p class='ocr_par' dir='ltr' id='par_1_83' title="bbox 505 4336 2087 4410">
     <span class='ocr_line' id='line_1_83' title="bbox 505 4336 2087 4410; baseline 0.004 -21"><span class='ocrx_word' id='word_1_656' title='bbox 505 4340 627 4389; x_wconf 85' lang='lat' dir='ltr'><strong><em>stus</em></strong></span> <span class='ocrx_word' id='word_1_657' title='bbox 667 4349 769 4391; x_wconf 90' lang='lat' dir='ltr'><strong><em>ceu</em></strong></span> <span class='ocrx_word' id='word_1_658' title='bbox 814 4336 980 4391; x_wconf 91' lang='lat' dir='ltr'><strong><em>homo</em></strong></span> <span class='ocrx_word' id='word_1_659' title='bbox 1013 4337 1255 4395; x_wconf 89' lang='lat' dir='ltr'><strong><em>demisse</em></strong></span> <span class='ocrx_word' id='word_1_660' title='bbox 1295 4339 1538 4409; x_wconf 90' lang='lat' dir='ltr'><strong><em>quidem,</em></strong></span> <span class='ocrx_word' id='word_1_661' title='bbox 1576 4355 1753 4410; x_wconf 89' lang='lat' dir='ltr'><strong><em>neque</em></strong></span> <span class='ocrx_word' id='word_1_662' title='bbox 1784 4339 2087 4395; x_wconf 89' lang='lat' dir='ltr'><strong><em>secundum</em></strong></span> 
     </span>
    </p>
   </div>
   <div class='ocr_carea' id='block_1_84' title="bbox 2201 4336 3782 4419">
    <p class='ocr_par' dir='ltr' id='par_1_84' title="bbox 2201 4345 3782 4419">
     <span class='ocr_line' id='line_1_84' title="bbox 2201 4345 3782 4419; baseline -0.001 -20"><span class='ocrx_word' id='word_1_663' title='bbox 2201 4345 2512 4418; x_wconf 83' lang='grc' dir='ltr'>χθαμαλῶς,</span> <span class='ocrx_word' id='word_1_664' title='bbox 2542 4349 2604 4400; x_wconf 85' lang='grc' dir='ltr'><strong><em>οὐ</em></strong></span> <span class='ocrx_word' id='word_1_665' title='bbox 2633 4347 2776 4401; x_wconf 85' lang='grc' dir='ltr'>κατὰ</span> <span class='ocrx_word' id='word_1_666' title='bbox 2803 4347 2903 4419; x_wconf 82' lang='grc' dir='ltr'><strong><em>τὴν</em></strong></span> <span class='ocrx_word' id='word_1_667' title='bbox 2936 4347 3034 4417; x_wconf 81' lang='grc' dir='ltr'>τῆς</span> <span class='ocrx_word' id='word_1_668' title='bbox 3063 4346 3316 4418; x_wconf 83' lang='grc' dir='ltr'>θεότητος</span> <span class='ocrx_word' id='word_1_669' title='bbox 3340 4345 3615 4417; x_wconf 83' lang='grc' dir='ltr'>ὑπεροχήν</span> <span class='ocrx_word' id='word_1_670' title='bbox 3635 4361 3648 4375; x_wconf 90' lang='grc'><strong>·</strong></span> <span class='ocrx_word' id='word_1_671' title='bbox 3685 4346 3782 4398; x_wconf 79' lang='grc' dir='ltr'>καὶ</span> 
     </span>
    </p>
   </div>
   <div class='ocr_carea' id='block_1_85' title="bbox 502 4424 2093 4512">
    <p class='ocr_par' dir='ltr' id='par_1_85' title="bbox 502 4424 2089 4504">
     <span class='ocr_line' id='line_1_85' title="bbox 502 4424 2089 4504; baseline 0.008 -27"><span class='ocrx_word' id='word_1_672' title='bbox 502 4424 721 4483; x_wconf 87' lang='lat' dir='ltr'><strong><em>deitatis</em></strong></span> <span class='ocrx_word' id='word_1_673' title='bbox 736 4428 1187 4498; x_wconf 90' lang='lat' dir='ltr'><strong><em>eminentiam,et</em></strong></span> <span class='ocrx_word' id='word_1_674' title='bbox 1210 4433 1380 4487; x_wconf 85' lang='lat' dir='ltr'><strong><em>rel&#39;ert</em></strong></span> <span class='ocrx_word' id='word_1_675' title='bbox 1409 4432 1641 4503; x_wconf 88' lang='lat' dir='ltr'><strong><em>gratiam</em></strong></span> <span class='ocrx_word' id='word_1_676' title='bbox 1659 4433 1832 4497; x_wconf 85' lang='lat' dir='ltr'><strong><em>Patri,</em></strong></span> <span class='ocrx_word' id='word_1_677' title='bbox 1848 4448 1958 4488; x_wconf 93' lang='lat' dir='ltr'><strong><em>non</em></strong></span> <span class='ocrx_word' id='word_1_678' title='bbox 1988 4449 2089 4504; x_wconf 91' lang='lat' dir='ltr'><strong><em>pro</em></strong></span> 
     </span>
    </p>
   </div>
   <div class='ocr_carea' id='block_1_86' title="bbox 2201 4424 3780 4512">
    <p class='ocr_par' dir='ltr' id='par_1_86' title="bbox 2201 4435 3780 4512">
     <span class='ocr_line' id='line_1_86' title="bbox 2201 4435 3780 4512; baseline -0.001 -20"><span class='ocrx_word' id='word_1_679' title='bbox 2201 4438 2450 4509; x_wconf 69' lang='grc' dir='ltr'>ὶναφέρει</span> <span class='ocrx_word' id='word_1_680' title='bbox 2490 4438 2568 4510; x_wconf 82' lang='grc' dir='ltr'><strong><em>τῷ</em></strong></span> <span class='ocrx_word' id='word_1_681' title='bbox 2605 4440 2782 4512; x_wconf 77' lang='grc' dir='ltr'>Πατρὶ</span> <span class='ocrx_word' id='word_1_682' title='bbox 2817 4440 2918 4511; x_wconf 83' lang='grc' dir='ltr'>τὴν</span> <span class='ocrx_word' id='word_1_683' title='bbox 2971 4441 3152 4512; x_wconf 84' lang='grc' dir='ltr'>χάριν,</span> <span class='ocrx_word' id='word_1_684' title='bbox 3192 4440 3292 4511; x_wconf 82' lang='grc' dir='ltr'>οὐχ</span> <span class='ocrx_word' id='word_1_685' title='bbox 3334 4438 3473 4512; x_wconf 77' lang='grc' dir='ltr'>ὑπὲρ</span> <span class='ocrx_word' id='word_1_686' title='bbox 3521 4435 3780 4509; x_wconf 80' lang='grc' dir='ltr'>Λαζάρου</span> 
     </span>
    </p>
   </div>
   <div class='ocr_carea' id='block_1_87' title="bbox 503 4519 2093 4604">
    <p class='ocr_par' dir='ltr' id='par_1_87' title="bbox 503 4519 2088 4594">
     <span class='ocr_line' id='line_1_87' title="bbox 503 4519 2088 4594; baseline 0.005 -21"><span class='ocrx_word' id='word_1_687' title='bbox 503 4519 715 4575; x_wconf 85' lang='lat' dir='ltr'><strong><em>Lazaro</em></strong></span> <span class='ocrx_word' id='word_1_688' title='bbox 740 4522 1034 4586; x_wconf 79' lang='lat' dir='ltr'><strong><em>duntaxat,</em></strong></span> <span class='ocrx_word' id='word_1_689' title='bbox 1051 4523 1148 4579; x_wconf 89' lang='lat' dir='ltr'><strong>sed</strong></span> <span class='ocrx_word' id='word_1_690' title='bbox 1173 4539 1274 4594; x_wconf 88' lang='lat' dir='ltr'><strong><em>pro</em></strong></span> <span class='ocrx_word' id='word_1_691' title='bbox 1302 4525 1550 4580; x_wconf 92' lang='lat' dir='ltr'><strong><em>omnium</em></strong></span> <span class='ocrx_word' id='word_1_692' title='bbox 1581 4526 1713 4581; x_wconf 90' lang='lat' dir='ltr'><strong><em>vita.</em></strong></span> <span class='ocrx_word' id='word_1_693' title='bbox 1738 4525 1923 4584; x_wconf 92' lang='lat' dir='ltr'><strong><em>Bonus</em></strong></span> <span class='ocrx_word' id='word_1_694' title='bbox 1941 4529 2088 4583; x_wconf 90' lang='lat' dir='ltr'><strong><em>enim</em></strong></span> 
     </span>
    </p>
   </div>
   <div class='ocr_carea' id='block_1_88' title="bbox 2201 4519 3780 4604">
    <p class='ocr_par' dir='ltr' id='par_1_88' title="bbox 2201 4529 3780 4604">
     <span class='ocr_line' id='line_1_88' title="bbox 2201 4529 3780 4604; baseline 0 -21"><span class='ocrx_word' id='word_1_695' title='bbox 2201 4529 2374 4601; x_wconf 77' lang='grc' dir='ltr'>μόνον,</span> <span class='ocrx_word' id='word_1_696' title='bbox 2411 4529 2527 4585; x_wconf 81' lang='grc' dir='ltr'>ἀλλ’</span> <span class='ocrx_word' id='word_1_697' title='bbox 2575 4530 2718 4604; x_wconf 76' lang='grc' dir='ltr'>ὑπὲρ</span> <span class='ocrx_word' id='word_1_698' title='bbox 2749 4533 2848 4601; x_wconf 81' lang='grc' dir='ltr'>τῆς</span> <span class='ocrx_word' id='word_1_699' title='bbox 2899 4533 3117 4587; x_wconf 89' lang='grc' dir='ltr'>πάντων</span> <span class='ocrx_word' id='word_1_700' title='bbox 3155 4530 3323 4602; x_wconf 80' lang='grc' dir='ltr'>ζωῆς.</span> <span class='ocrx_word' id='word_1_701' title='bbox 3394 4530 3623 4599; x_wconf 78' lang='grc' dir='ltr'>Ἀγαθός</span> <span class='ocrx_word' id='word_1_702' title='bbox 3667 4531 3780 4602; x_wconf 82' lang='grc' dir='ltr'><strong><em>γάρ</em></strong></span> 
     </span>
    </p>
   </div>
   <div class='ocr_carea' id='block_1_89' title="bbox 503 4615 2093 4726">
    <p class='ocr_par' dir='ltr' id='par_1_89' title="bbox 503 4615 2087 4680">
     <span class='ocr_line' id='line_1_89' title="bbox 503 4615 2087 4680; baseline 0.005 -13"><span class='ocrx_word' id='word_1_703' title='bbox 503 4629 630 4669; x_wconf 88' lang='lat' dir='ltr'><strong><em>cum</em></strong></span> <span class='ocrx_word' id='word_1_704' title='bbox 665 4615 755 4680; x_wconf 86' lang='lat' dir='ltr'><strong><em>sit,</em></strong></span> <span class='ocrx_word' id='word_1_705' title='bbox 779 4631 1015 4672; x_wconf 89' lang='lat' dir='ltr'><strong><em>concors</em></strong></span> <span class='ocrx_word' id='word_1_706' title='bbox 1059 4625 1145 4673; x_wconf 90' lang='lat' dir='ltr'><strong>est</strong></span> <span class='ocrx_word' id='word_1_707' title='bbox 1172 4616 1322 4672; x_wconf 88' lang='lat' dir='ltr'><strong><em>Patri</em></strong></span> <span class='ocrx_word' id='word_1_708' title='bbox 1358 4619 1413 4673; x_wconf 91' lang='lat' dir='ltr'><strong><em>in</em></strong></span> <span class='ocrx_word' id='word_1_709' title='bbox 1451 4619 1619 4673; x_wconf 86' lang='lat' dir='ltr'><strong><em>vitam</em></strong></span> <span class='ocrx_word' id='word_1_710' title='bbox 1665 4618 1939 4676; x_wconf 88' lang='lat' dir='ltr'><strong><em>reducens</em></strong></span> <span class='ocrx_word' id='word_1_711' title='bbox 1984 4620 2087 4675; x_wconf 92' lang='lat' dir='ltr'><strong><em>ho-</em></strong></span> 
     </span>
    </p>
   </div>
   <div class='ocr_carea' id='block_1_90' title="bbox 2201 4615 3780 4726">
    <p class='ocr_par' dir='ltr' id='par_1_90' title="bbox 2201 4621 3780 4726">
     <span class='ocr_line' id='line_1_90' title="bbox 2201 4621 3780 4726; baseline -0.001 -48"><span class='ocrx_word' id='word_1_712' title='bbox 2201 4624 2289 4688; x_wconf 73' lang='grc' dir='ltr'>ὢν,</span> <span class='ocrx_word' id='word_1_713' title='bbox 2322 4624 2663 4697; x_wconf 83' lang='grc' dir='ltr'>ὁμογνώμων</span> <span class='ocrx_word' id='word_1_714' title='bbox 2692 4625 2811 4679; x_wconf 74' lang='grc' dir='ltr'>ἐστὶ</span> <span class='ocrx_word' id='word_1_715' title='bbox 2832 4624 2912 4697; x_wconf 81' lang='grc' dir='ltr'>τῷ</span> <span class='ocrx_word' id='word_1_716' title='bbox 2945 4626 3140 4697; x_wconf 69' lang='grc' dir='ltr'>Πατρὶ,</span> <span class='ocrx_word' id='word_1_717' title='bbox 3172 4621 3520 4726; x_wconf 60' lang='grc' dir='ltr'>ἀνακομίζων</span> <span class='ocrx_word' id='word_1_718' title='bbox 3557 4623 3656 4694; x_wconf 80' lang='grc' dir='ltr'><strong><em>τὴν</em></strong></span> <span class='ocrx_word' id='word_1_719' title='bbox 3681 4624 3780 4726; x_wconf 58' lang='grc' dir='ltr'>ἀν-</span> 
     </span>
    </p>
   </div>
   <div class='ocr_carea' id='block_1_91' title="bbox 505 4708 2093 4789">
    <p class='ocr_par' dir='ltr' id='par_1_91' title="bbox 505 4708 2085 4782">
     <span class='ocr_line' id='line_1_91' title="bbox 505 4708 2085 4782; baseline 0.005 -21"><span class='ocrx_word' id='word_1_720' title='bbox 505 4708 669 4763; x_wconf 84' lang='lat' dir='ltr'><strong><em>tuinis</em></strong></span> <span class='ocrx_word' id='word_1_721' title='bbox 708 4723 986 4773; x_wconf 85' lang='lat' dir='ltr'><strong><em>naturam,</em></strong></span> <span class='ocrx_word' id='word_1_722' title='bbox 1022 4726 1144 4780; x_wconf 73' lang='lat' dir='ltr'><strong><em>quae</em></strong></span> <span class='ocrx_word' id='word_1_723' title='bbox 1186 4712 1255 4766; x_wconf 92' lang='lat' dir='ltr'><strong><em>ob</em></strong></span> <span class='ocrx_word' id='word_1_724' title='bbox 1307 4711 1511 4766; x_wconf 88' lang='lat' dir='ltr'><strong><em>violata</em></strong></span> <span class='ocrx_word' id='word_1_725' title='bbox 1548 4712 1708 4782; x_wconf 90' lang='lat' dir='ltr'><strong><em>jussa</em></strong></span> <span class='ocrx_word' id='word_1_726' title='bbox 1767 4713 1824 4767; x_wconf 92' lang='lat' dir='ltr'><strong><em>in</em></strong></span> <span class='ocrx_word' id='word_1_727' title='bbox 1883 4728 2085 4770; x_wconf 89' lang='lat' dir='ltr'><strong><em>corru-</em></strong></span> 
     </span>
    </p>
   </div>
   <div class='ocr_carea' id='block_1_92' title="bbox 2201 4708 3781 4789">
    <p class='ocr_par' dir='ltr' id='par_1_92' title="bbox 2201 4713 3781 4789">
     <span class='ocr_line' id='line_1_92' title="bbox 2201 4713 3781 4789; baseline 0 -21"><span class='ocrx_word' id='word_1_728' title='bbox 2201 4713 2413 4787; x_wconf 81' lang='grc' dir='ltr'>θρὼπου</span> <span class='ocrx_word' id='word_1_729' title='bbox 2444 4716 2605 4786; x_wconf 85' lang='grc' dir='ltr'>φύσιν</span> <span class='ocrx_word' id='word_1_730' title='bbox 2639 4717 2719 4781; x_wconf 77' lang='grc' dir='ltr'><strong><em>εἰς</em></strong></span> <span class='ocrx_word' id='word_1_731' title='bbox 2748 4717 2848 4789; x_wconf 83' lang='grc' dir='ltr'>τὴν</span> <span class='ocrx_word' id='word_1_732' title='bbox 2882 4716 3057 4787; x_wconf 78' lang='grc' dir='ltr'>ζωὴν,</span> <span class='ocrx_word' id='word_1_733' title='bbox 3097 4717 3198 4787; x_wconf 84' lang='grc' dir='ltr'><strong><em>τὴν</em></strong></span> <span class='ocrx_word' id='word_1_734' title='bbox 3237 4718 3316 4781; x_wconf 75' lang='grc' dir='ltr'><strong><em>εἰς</em></strong></span> <span class='ocrx_word' id='word_1_735' title='bbox 3350 4714 3555 4788; x_wconf 82' lang='grc' dir='ltr'>φθορὰν</span> <span class='ocrx_word' id='word_1_736' title='bbox 3579 4715 3781 4769; x_wconf 84' lang='grc' dir='ltr'>πεσοῦ-</span> 
     </span>
    </p>
   </div>
   <div class='ocr_carea' id='block_1_93' title="bbox 505 4798 2093 4881">
    <p class='ocr_par' dir='ltr' id='par_1_93' title="bbox 505 4798 2085 4869">
     <span class='ocr_line' id='line_1_93' title="bbox 505 4798 2085 4869; baseline 0.006 -17"><span class='ocrx_word' id='word_1_737' title='bbox 505 4798 748 4869; x_wconf 90' lang='lat' dir='ltr'><strong><em>ptionem</em></strong></span> <span class='ocrx_word' id='word_1_738' title='bbox 801 4799 1074 4856; x_wconf 90' lang='lat' dir='ltr'><strong><em>inciderat</em></strong></span> <span class='ocrx_word' id='word_1_739' title='bbox 1123 4816 1188 4856; x_wconf 89' lang='lat' dir='ltr'><strong><em>ac</em></strong></span> <span class='ocrx_word' id='word_1_740' title='bbox 1241 4802 1564 4869; x_wconf 89' lang='lat' dir='ltr'><strong><em>interitum,</em></strong></span> <span class='ocrx_word' id='word_1_741' title='bbox 1622 4803 1830 4858; x_wconf 88' lang='lat' dir='ltr'><strong><em>nullam</em></strong></span> <span class='ocrx_word' id='word_1_742' title='bbox 1875 4804 2085 4862; x_wconf 88' lang='lat' dir='ltr'><strong><em>habens</em></strong></span> 
     </span>
    </p>
   </div>
   <div class='ocr_carea' id='block_1_94' title="bbox 2201 4798 3780 4881">
    <p class='ocr_par' dir='ltr' id='par_1_94' title="bbox 2201 4807 3780 4881">
     <span class='ocr_line' id='line_1_94' title="bbox 2201 4807 3780 4881; baseline 0.002 -22"><span class='ocrx_word' id='word_1_743' title='bbox 2201 4824 2295 4860; x_wconf 85' lang='grc' dir='ltr'><strong><em>σαν</em></strong></span> <span class='ocrx_word' id='word_1_744' title='bbox 2323 4807 2413 4863; x_wconf 81' lang='grc' dir='ltr'><strong><em>διά</em></strong></span> <span class='ocrx_word' id='word_1_745' title='bbox 2441 4808 2541 4881; x_wconf 83' lang='grc' dir='ltr'>τῆς</span> <span class='ocrx_word' id='word_1_746' title='bbox 2562 4811 2870 4881; x_wconf 79' lang='grc' dir='ltr'>παρακοῆς,</span> <span class='ocrx_word' id='word_1_747' title='bbox 2890 4808 3149 4881; x_wconf 79' lang='grc' dir='ltr'>οὐδεμίαν</span> <span class='ocrx_word' id='word_1_748' title='bbox 3178 4809 3317 4881; x_wconf 75' lang='grc' dir='ltr'>ἔχων</span> <span class='ocrx_word' id='word_1_749' title='bbox 3353 4809 3617 4878; x_wconf 69' lang='grc' dir='ltr'>διαφορὰν</span> <span class='ocrx_word' id='word_1_750' title='bbox 3639 4810 3780 4879; x_wconf 82' lang='grc' dir='ltr'>πρὸς</span> 
     </span>
    </p>
   </div>
   <div class='ocr_carea' id='block_1_95' title="bbox 505 4888 2093 4975">
    <p class='ocr_par' dir='ltr' id='par_1_95' title="bbox 505 4888 2085 4961">
     <span class='ocr_line' id='line_1_95' title="bbox 505 4888 2085 4961; baseline 0.006 -20"><span class='ocrx_word' id='word_1_751' title='bbox 505 4888 574 4942; x_wconf 85' lang='lat' dir='ltr'><strong><em>ad</em></strong></span> <span class='ocrx_word' id='word_1_752' title='bbox 644 4888 946 4945; x_wconf 87' lang='lat' dir='ltr'><strong><em>bonitatem</em></strong></span> <span class='ocrx_word' id='word_1_753' title='bbox 1013 4891 1193 4949; x_wconf 87' lang='lat' dir='ltr'><strong><em>Patris</em></strong></span> <span class='ocrx_word' id='word_1_754' title='bbox 1260 4891 1647 4948; x_wconf 74' lang='lat' dir='ltr'><strong><em>diﬂ‘erentiam.</em></strong></span> <span class='ocrx_word' id='word_1_755' title='bbox 1711 4893 2085 4961; x_wconf 83' lang='lat' dir='ltr'><strong><em>Quemadmo-</em></strong></span> 
     </span>
    </p>
   </div>
   <div class='ocr_carea' id='block_1_96' title="bbox 2201 4888 3781 4975">
    <p class='ocr_par' dir='ltr' id='par_1_96' title="bbox 2201 4899 3781 4975">
     <span class='ocr_line' id='line_1_96' title="bbox 2201 4899 3781 4975; baseline 0.001 -22"><span class='ocrx_word' id='word_1_756' title='bbox 2201 4899 2293 4970; x_wconf 83' lang='grc' dir='ltr'><strong><em>τὴν</em></strong></span> <span class='ocrx_word' id='word_1_757' title='bbox 2329 4901 2425 4954; x_wconf 87' lang='grc' dir='ltr'><strong><em>τοῦ</em></strong></span> <span class='ocrx_word' id='word_1_758' title='bbox 2456 4902 2669 4974; x_wconf 84' lang='grc' dir='ltr'>Πατρὸς</span> <span class='ocrx_word' id='word_1_759' title='bbox 2697 4902 3032 4972; x_wconf 87' lang='grc' dir='ltr'>ἀγαθότητα.</span> <span class='ocrx_word' id='word_1_760' title='bbox 3068 4904 3281 4975; x_wconf 86' lang='grc' dir='ltr'>Ὥσπερ</span> <span class='ocrx_word' id='word_1_761' title='bbox 3301 4901 3359 4956; x_wconf 80' lang='grc' dir='ltr'>δὲ</span> <span class='ocrx_word' id='word_1_762' title='bbox 3383 4902 3478 4956; x_wconf 76' lang='grc' dir='ltr'>καὶ</span> <span class='ocrx_word' id='word_1_763' title='bbox 3507 4903 3669 4973; x_wconf 84' lang='grc' dir='ltr'>ἡμεῖς</span> <span class='ocrx_word' id='word_1_764' title='bbox 3690 4901 3781 4955; x_wconf 83' lang='grc' dir='ltr'>διὰ</span> 
     </span>
    </p>
   </div>
   <div class='ocr_carea' id='block_1_97' title="bbox 505 4979 2093 5064">
    <p class='ocr_par' dir='ltr' id='par_1_97' title="bbox 505 4979 2089 5056">
     <span class='ocr_line' id='line_1_97' title="bbox 505 4979 2089 5056; baseline 0.005 -22"><span class='ocrx_word' id='word_1_765' title='bbox 505 4979 635 5035; x_wconf 88' lang='lat' dir='ltr'><strong><em>dum</em></strong></span> <span class='ocrx_word' id='word_1_766' title='bbox 686 4997 817 5036; x_wconf 89' lang='lat' dir='ltr'><strong><em>vero</em></strong></span> <span class='ocrx_word' id='word_1_767' title='bbox 874 4992 928 5037; x_wconf 88' lang='lat' dir='ltr'><strong><em>et</em></strong></span> <span class='ocrx_word' id='word_1_768' title='bbox 977 4998 1079 5039; x_wconf 89' lang='lat' dir='ltr'><strong><em>nos</em></strong></span> <span class='ocrx_word' id='word_1_769' title='bbox 1136 5000 1231 5053; x_wconf 89' lang='lat' dir='ltr'><strong><em>per</em></strong></span> <span class='ocrx_word' id='word_1_770' title='bbox 1277 4985 1556 5056; x_wconf 85' lang='lat' dir='ltr'><strong><em>prOpriam</em></strong></span> <span class='ocrx_word' id='word_1_771' title='bbox 1602 4985 1872 5040; x_wconf 91' lang='lat' dir='ltr'><strong><em>rationem</em></strong></span> <span class='ocrx_word' id='word_1_772' title='bbox 1927 4986 2089 5041; x_wconf 89' lang='lat' dir='ltr'><strong><em>indu-</em></strong></span> 
     </span>
    </p>
   </div>
   <div class='ocr_carea' id='block_1_98' title="bbox 2201 4979 3780 5064">
    <p class='ocr_par' dir='ltr' id='par_1_98' title="bbox 2201 4989 3780 5064">
     <span class='ocr_line' id='line_1_98' title="bbox 2201 4989 3780 5064; baseline 0.003 -21"><span class='ocrx_word' id='word_1_773' title='bbox 2201 4989 2301 5044; x_wconf 80' lang='grc' dir='ltr'>τῶν</span> <span class='ocrx_word' id='word_1_774' title='bbox 2329 4990 2546 5045; x_wconf 73' lang='grc' dir='ltr'>οἰκείων</span> <span class='ocrx_word' id='word_1_775' title='bbox 2576 4992 2851 5063; x_wconf 81' lang='grc' dir='ltr'>λογισμῶν</span> <span class='ocrx_word' id='word_1_776' title='bbox 2886 4993 3295 5064; x_wconf 86' lang='grc' dir='ltr'>άναπειθόμεθα</span> <span class='ocrx_word' id='word_1_777' title='bbox 3317 4995 3398 5057; x_wconf 80' lang='grc' dir='ltr'><strong><em>εἰς</em></strong></span> <span class='ocrx_word' id='word_1_778' title='bbox 3430 4994 3485 5047; x_wconf 86' lang='grc' dir='ltr'><strong><em>τὸ</em></strong></span> <span class='ocrx_word' id='word_1_779' title='bbox 3512 4993 3587 5064; x_wconf 86' lang='grc' dir='ltr'>μὴ</span> <span class='ocrx_word' id='word_1_780' title='bbox 3619 4994 3780 5063; x_wconf 81' lang='grc' dir='ltr'>ποιῆ-</span> 
     </span>
    </p>
   </div>
   <div class='ocr_carea' id='block_1_99' title="bbox 505 5074 2093 5160">
    <p class='ocr_par' dir='ltr' id='par_1_99' title="bbox 505 5074 2085 5159">
     <span class='ocr_line' id='line_1_99' title="bbox 505 5074 2085 5159; baseline 0.003 -30"><span class='ocrx_word' id='word_1_781' title='bbox 505 5074 684 5129; x_wconf 90' lang='lat' dir='ltr'><strong><em>cimur</em></strong></span> <span class='ocrx_word' id='word_1_782' title='bbox 722 5090 828 5129; x_wconf 93' lang='lat' dir='ltr'><strong><em>non</em></strong></span> <span class='ocrx_word' id='word_1_783' title='bbox 857 5076 1039 5130; x_wconf 78' lang='lat' dir='ltr'><strong><em>facere</em></strong></span> <span class='ocrx_word' id='word_1_784' title='bbox 1068 5076 1215 5146; x_wconf 89' lang='lat' dir='ltr'><strong><em>quod</em></strong></span> <span class='ocrx_word' id='word_1_785' title='bbox 1248 5078 1430 5133; x_wconf 89' lang='lat' dir='ltr'><strong><em>visum</em></strong></span> <span class='ocrx_word' id='word_1_786' title='bbox 1463 5086 1547 5134; x_wconf 88' lang='lat' dir='ltr'><strong><em>est</em></strong></span> <span class='ocrx_word' id='word_1_787' title='bbox 1574 5092 1597 5159; x_wconf 60' lang='grc' dir='ltr'><strong>ί</strong></span> <span class='ocrx_word' id='word_1_788' title='bbox 1619 5077 1699 5133; x_wconf 91' lang='lat' dir='ltr'><strong><em>sic</em></strong></span> <span class='ocrx_word' id='word_1_789' title='bbox 1720 5086 1773 5132; x_wconf 89' lang='lat' dir='ltr'><strong><em>et</em></strong></span> <span class='ocrx_word' id='word_1_790' title='bbox 1799 5076 2085 5145; x_wconf 89' lang='lat' dir='ltr'><strong><em>Dominus,</em></strong></span> 
     </span>
    </p>
   </div>
   <div class='ocr_carea' id='block_1_100' title="bbox 2201 5074 3779 5160">
    <p class='ocr_par' dir='ltr' id='par_1_100' title="bbox 2201 5083 3779 5160">
     <span class='ocr_line' id='line_1_100' title="bbox 2201 5083 3779 5160; baseline 0.002 -24"><span class='ocrx_word' id='word_1_791' title='bbox 2201 5101 2284 5137; x_wconf 83' lang='grc' dir='ltr'><strong><em>σαι</em></strong></span> <span class='ocrx_word' id='word_1_792' title='bbox 2315 5083 2375 5137; x_wconf 84' lang='grc' dir='ltr'><strong><em>τὸ</em></strong></span> <span class='ocrx_word' id='word_1_793' title='bbox 2405 5084 2632 5156; x_wconf 77' lang='grc' dir='ltr'>δοκηθὲν</span> <span class='ocrx_word' id='word_1_794' title='bbox 2652 5127 2666 5153; x_wconf 89' lang='grc'><strong><em>,</em></strong></span> <span class='ocrx_word' id='word_1_795' title='bbox 2715 5085 2859 5141; x_wconf 85' lang='grc' dir='ltr'>οῦτω</span> <span class='ocrx_word' id='word_1_796' title='bbox 2893 5088 2987 5142; x_wconf 70' lang='grc' dir='ltr'>καὶ</span> <span class='ocrx_word' id='word_1_797' title='bbox 3028 5091 3058 5142; x_wconf 94' lang='lat'><strong><em>6</em></strong></span> <span class='ocrx_word' id='word_1_798' title='bbox 3086 5087 3288 5160; x_wconf 81' lang='grc' dir='ltr'>Κύριος</span> <span class='ocrx_word' id='word_1_799' title='bbox 3317 5128 3332 5153; x_wconf 95' lang='grc'><strong><em>,</em></strong></span> <span class='ocrx_word' id='word_1_800' title='bbox 3358 5087 3530 5156; x_wconf 86' lang='grc' dir='ltr'>Λόγος</span> <span class='ocrx_word' id='word_1_801' title='bbox 3572 5084 3650 5140; x_wconf 83' lang='grc' dir='ltr'><strong><em>ὢν</em></strong></span> <span class='ocrx_word' id='word_1_802' title='bbox 3682 5088 3779 5140; x_wconf 74' lang='grc' dir='ltr'><strong><em>καὶ</em></strong></span> 
     </span>
    </p>
   </div>
   <div class='ocr_carea' id='block_1_101' title="bbox 505 5151 2093 5252">
    <p class='ocr_par' dir='ltr' id='par_1_101' title="bbox 505 5164 2084 5239">
     <span class='ocr_line' id='line_1_101' title="bbox 505 5164 2084 5239; baseline 0.009 -23"><span class='ocrx_word' id='word_1_803' title='bbox 505 5164 733 5219; x_wconf 84' lang='lat' dir='ltr'><strong><em>verbum</em></strong></span> <span class='ocrx_word' id='word_1_804' title='bbox 781 5168 1056 5225; x_wconf 81' lang='lat' dir='ltr'><strong><em>exsistens</em></strong></span> <span class='ocrx_word' id='word_1_805' title='bbox 1108 5185 1173 5225; x_wconf 91' lang='lat' dir='ltr'><strong><em>ac</em></strong></span> <span class='ocrx_word' id='word_1_806' title='bbox 1227 5172 1521 5227; x_wconf 88' lang='lat' dir='ltr'><strong><em>consilium</em></strong></span> <span class='ocrx_word' id='word_1_807' title='bbox 1577 5171 1780 5239; x_wconf 88' lang='lat' dir='ltr'><strong><em>Patris,</em></strong></span> <span class='ocrx_word' id='word_1_808' title='bbox 1847 5174 2084 5230; x_wconf 91' lang='lat' dir='ltr'><strong><em>amicum</em></strong></span> 
     </span>
    </p>
   </div>
   <div class='ocr_carea' id='block_1_102' title="bbox 2201 5151 3773 5252">
    <p class='ocr_par' dir='ltr' id='par_1_102' title="bbox 2201 5151 3773 5252">
     <span class='ocr_line' id='line_1_102' title="bbox 2201 5151 3773 5252; baseline 0.003 -23"><span class='ocrx_word' id='word_1_809' title='bbox 2201 5175 2357 5248; x_wconf 80' lang='grc' dir='ltr'>βουλὴ</span> <span class='ocrx_word' id='word_1_810' title='bbox 2389 5177 2483 5232; x_wconf 83' lang='grc' dir='ltr'><strong><em>τοῦ</em></strong></span> <span class='ocrx_word' id='word_1_811' title='bbox 2514 5151 2750 5250; x_wconf 69' lang='grc' dir='ltr'>Πατρός,</span> <span class='ocrx_word' id='word_1_812' title='bbox 2784 5180 2935 5247; x_wconf 85' lang='grc' dir='ltr'>φίλον</span> <span class='ocrx_word' id='word_1_813' title='bbox 2969 5182 3099 5252; x_wconf 75' lang='grc' dir='ltr'>ἡμῖν</span> <span class='ocrx_word' id='word_1_814' title='bbox 3128 5151 3396 5250; x_wconf 68' lang='grc' dir='ltr'>πεποιήκε</span> <span class='ocrx_word' id='word_1_815' title='bbox 3419 5151 3508 5233; x_wconf 69' lang='grc' dir='ltr'><strong><em>τδν</em></strong></span> <span class='ocrx_word' id='word_1_816' title='bbox 3528 5179 3773 5250; x_wconf 82' lang='grc' dir='ltr'><strong><em>Πατέρα.</em></strong></span> 
     </span>
    </p>
   </div>
   <div class='ocr_carea' id='block_1_103' title="bbox 506 5259 2093 5343">
    <p class='ocr_par' dir='ltr' id='par_1_103' title="bbox 506 5259 2085 5336">
     <span class='ocr_line' id='line_1_103' title="bbox 506 5259 2085 5336; baseline 0.006 -25"><span class='ocrx_word' id='word_1_817' title='bbox 506 5259 667 5313; x_wconf 79' lang='lat' dir='ltr'><strong><em>nobis</em></strong></span> <span class='ocrx_word' id='word_1_818' title='bbox 742 5260 923 5317; x_wconf 89' lang='lat' dir='ltr'><strong><em>reddit</em></strong></span> <span class='ocrx_word' id='word_1_819' title='bbox 975 5262 1216 5318; x_wconf 89' lang='lat' dir='ltr'><strong><em>Patrem.</em></strong></span> <span class='ocrx_word' id='word_1_820' title='bbox 1283 5263 1471 5336; x_wconf 86' lang='lat' dir='ltr'><strong><em>Neque</em></strong></span> <span class='ocrx_word' id='word_1_821' title='bbox 1544 5280 1678 5320; x_wconf 87' lang='lat' dir='ltr'><strong><em>vero</em></strong></span> <span class='ocrx_word' id='word_1_822' title='bbox 1738 5265 2085 5321; x_wconf 91' lang='lat' dir='ltr'><strong><em>divinitatem</em></strong></span> 
     </span>
    </p>
   </div>
   <div class='ocr_carea' id='block_1_104' title="bbox 2201 5259 3775 5343">
    <p class='ocr_par' dir='ltr' id='par_1_104' title="bbox 2201 5268 3775 5343">
     <span class='ocr_line' id='line_1_104' title="bbox 2201 5268 3775 5343; baseline 0 -22"><span class='ocrx_word' id='word_1_823' title='bbox 2201 5268 2304 5321; x_wconf 64' lang='grc' dir='ltr'><strong><em>Καὶ</em></strong></span> <span class='ocrx_word' id='word_1_824' title='bbox 2337 5269 2400 5321; x_wconf 77' lang='grc' dir='ltr'><strong><em>οὐ</em></strong></span> <span class='ocrx_word' id='word_1_825' title='bbox 2441 5269 2615 5342; x_wconf 78' lang='grc' dir='ltr'>δήπου</span> <span class='ocrx_word' id='word_1_826' title='bbox 2660 5271 2841 5343; x_wconf 83' lang='grc' dir='ltr'>φαμὲν</span> <span class='ocrx_word' id='word_1_827' title='bbox 2874 5273 2958 5325; x_wconf 84' lang='grc' dir='ltr'>ὅτι</span> <span class='ocrx_word' id='word_1_828' title='bbox 3006 5273 3287 5342; x_wconf 76' lang='grc' dir='ltr'>ὀργίζεται</span> <span class='ocrx_word' id='word_1_829' title='bbox 3335 5271 3395 5324; x_wconf 83' lang='grc' dir='ltr'>τὸ</span> <span class='ocrx_word' id='word_1_830' title='bbox 3419 5271 3601 5335; x_wconf 81' lang='grc' dir='ltr'>Θεῖον,</span> <span class='ocrx_word' id='word_1_831' title='bbox 3657 5269 3775 5323; x_wconf 82' lang='grc' dir='ltr'>ἀλλ’</span> 
     </span>
    </p>
   </div>
   <div class='ocr_carea' id='block_1_105' title="bbox 506 5353 2093 5435">
    <p class='ocr_par' dir='ltr' id='par_1_105' title="bbox 506 5353 2090 5429">
     <span class='ocr_line' id='line_1_105' title="bbox 506 5353 2090 5429; baseline 0.003 -20"><span class='ocrx_word' id='word_1_832' title='bbox 506 5353 669 5409; x_wconf 86' lang='lat' dir='ltr'><strong><em>irasci</em></strong></span> <span class='ocrx_word' id='word_1_833' title='bbox 706 5353 963 5421; x_wconf 87' lang='lat' dir='ltr'><strong><em>dicimus,</em></strong></span> <span class='ocrx_word' id='word_1_834' title='bbox 995 5357 1091 5411; x_wconf 89' lang='lat' dir='ltr'><strong><em>sed</em></strong></span> <span class='ocrx_word' id='word_1_835' title='bbox 1136 5357 1288 5427; x_wconf 90' lang='lat' dir='ltr'><strong><em>quia,</em></strong></span> <span class='ocrx_word' id='word_1_836' title='bbox 1327 5372 1453 5413; x_wconf 89' lang='lat' dir='ltr'><strong><em>cum</em></strong></span> <span class='ocrx_word' id='word_1_837' title='bbox 1504 5357 1649 5413; x_wconf 91' lang='lat' dir='ltr'><strong><em>Deus</em></strong></span> <span class='ocrx_word' id='word_1_838' title='bbox 1681 5359 1754 5414; x_wconf 91' lang='lat' dir='ltr'><strong><em>sit</em></strong></span> <span class='ocrx_word' id='word_1_839' title='bbox 1796 5359 1985 5429; x_wconf 88' lang='lat' dir='ltr'><strong><em>justus</em></strong></span> <span class='ocrx_word' id='word_1_840' title='bbox 2035 5370 2090 5416; x_wconf 89' lang='lat' dir='ltr'><strong><em>et</em></strong></span> 
     </span>
    </p>
   </div>
   <div class='ocr_carea' id='block_1_106' title="bbox 2201 5353 3773 5435">
    <p class='ocr_par' dir='ltr' id='par_1_106' title="bbox 2201 5361 3773 5435">
     <span class='ocr_line' id='line_1_106' title="bbox 2201 5361 3773 5435; baseline 0 -21"><span class='ocrx_word' id='word_1_841' title='bbox 2201 5362 2277 5415; x_wconf 80' lang='grc' dir='ltr'>’ότι</span> <span class='ocrx_word' id='word_1_842' title='bbox 2307 5362 2514 5428; x_wconf 79' lang='grc' dir='ltr'>δίκαιος</span> <span class='ocrx_word' id='word_1_843' title='bbox 2555 5362 2630 5417; x_wconf 82' lang='grc' dir='ltr'>ὣν</span> <span class='ocrx_word' id='word_1_844' title='bbox 2662 5365 2759 5419; x_wconf 77' lang='grc' dir='ltr'>καὶ</span> <span class='ocrx_word' id='word_1_845' title='bbox 2806 5364 3046 5433; x_wconf 83' lang='grc' dir='ltr'>ἀγαθὸς,</span> <span class='ocrx_word' id='word_1_846' title='bbox 3100 5361 3208 5418; x_wconf 80' lang='grc' dir='ltr'>οἶδε</span> <span class='ocrx_word' id='word_1_847' title='bbox 3236 5365 3325 5418; x_wconf 83' lang='grc' dir='ltr'><strong><em>τὸν</em></strong></span> <span class='ocrx_word' id='word_1_848' title='bbox 3365 5366 3433 5435; x_wconf 75' lang='grc' dir='ltr'>τῇ</span> <span class='ocrx_word' id='word_1_849' title='bbox 3456 5362 3773 5434; x_wconf 76' lang='grc' dir='ltr'>ἐπιτιμήσει</span> 
     </span>
    </p>
   </div>
   <div class='ocr_carea' id='block_1_107' title="bbox 576 5508 2304 5582">
    <p class='ocr_par' dir='ltr' id='par_1_107' title="bbox 576 5508 2304 5582">
     <span class='ocr_line' id='line_1_107' title="bbox 576 5508 2304 5582; baseline 0.005 -17"><span class='ocrx_word' id='word_1_850' title='bbox 576 5509 622 5542; x_wconf 74' lang='grc'>⁸³</span> <span class='ocrx_word' id='word_1_851' title='bbox 654 5508 815 5567; x_wconf 83' lang='lat' dir='ltr'><strong><em>Joan.</em></strong></span> <span class='ocrx_word' id='word_1_852' title='bbox 851 5529 933 5576; x_wconf 86' lang='grc' dir='ltr'>ιιι,</span> <span class='ocrx_word' id='word_1_853' title='bbox 961 5512 1047 5568; x_wconf 79' lang='grc'><strong><em>18.</em></strong></span> <span class='ocrx_word' id='word_1_854' title='bbox 1123 5515 1170 5547; x_wconf 69' lang='grc'><strong>⁸⁸</strong></span> <span class='ocrx_word' id='word_1_855' title='bbox 1208 5512 1228 5567; x_wconf 96' lang='lat' dir='ltr'><strong><em>l</em></strong></span> <span class='ocrx_word' id='word_1_856' title='bbox 1267 5515 1397 5572; x_wconf 88' lang='lat' dir='ltr'><strong><em>Cor.</em></strong></span> <span class='ocrx_word' id='word_1_857' title='bbox 1430 5532 1532 5581; x_wconf 82' lang='lat' dir='ltr'><strong><em>xn,</em></strong></span> <span class='ocrx_word' id='word_1_858' title='bbox 1565 5516 1620 5581; x_wconf 87' lang='lat'><strong><em>8,</em></strong></span> <span class='ocrx_word' id='word_1_859' title='bbox 1652 5516 1705 5573; x_wconf 92' lang='lat'><strong><em>9.</em></strong></span> <span class='ocrx_word' id='word_1_860' title='bbox 1781 5515 1828 5548; x_wconf 77' lang='lat'><strong>“</strong></span> <span class='ocrx_word' id='word_1_861' title='bbox 1863 5514 1884 5571; x_wconf 92' lang='grc' dir='ltr'><strong><em>ι</em></strong></span> <span class='ocrx_word' id='word_1_862' title='bbox 1917 5516 2048 5573; x_wconf 85' lang='lat' dir='ltr'><strong><em>Cor.</em></strong></span> <span class='ocrx_word' id='word_1_863' title='bbox 2085 5531 2179 5572; x_wconf 81' lang='lat' dir='ltr'><strong><em>xm</em></strong></span> <span class='ocrx_word' id='word_1_864' title='bbox 2203 5558 2218 5582; x_wconf 90' lang='lat'><strong><em>,</em></strong></span> <span class='ocrx_word' id='word_1_865' title='bbox 2247 5520 2304 5573; x_wconf 77' lang='lat'><strong><em>9..</em></strong></span> 
     </span>
    </p>
   </div>
   <div class='ocr_carea' id='block_1_108' title="bbox 508 5648 3767 5726">
    <p class='ocr_par' dir='ltr' id='par_1_108' title="bbox 508 5648 3767 5726">
     <span class='ocr_line' id='line_1_108' title="bbox 508 5648 3767 5726; baseline 0.002 -25"><span class='ocrx_word' id='word_1_866' title='bbox 508 5648 839 5717; x_wconf 67' lang='lat' dir='ltr'><strong><em>festinamus,</em></strong></span> <span class='ocrx_word' id='word_1_867' title='bbox 874 5649 1096 5703; x_wconf 84' lang='lat' dir='ltr'><strong><em>dedecus</em></strong></span> <span class='ocrx_word' id='word_1_868' title='bbox 1146 5651 1396 5726; x_wconf 70' lang='lat' dir='ltr'><strong><em>exstincti</em></strong></span> <span class='ocrx_word' id='word_1_869' title='bbox 1446 5661 1767 5726; x_wconf 48' lang='lat' dir='ltr'><strong><em>reputantes,</em></strong></span> <span class='ocrx_word' id='word_1_870' title='bbox 1802 5653 1850 5707; x_wconf 84' lang='lat' dir='ltr'><strong><em>si</em></strong></span> <span class='ocrx_word' id='word_1_871' title='bbox 1902 5651 1966 5726; x_wconf 70' lang='grc' dir='ltr'><strong><em>(ψ</em></strong></span> <span class='ocrx_word' id='word_1_872' title='bbox 2018 5653 2082 5706; x_wconf 86' lang='lat' dir='ltr'><strong><em>iis</em></strong></span> <span class='ocrx_word' id='word_1_873' title='bbox 2195 5656 2354 5709; x_wconf 80' lang='lat' dir='ltr'><strong><em>Hand</em></strong></span> <span class='ocrx_word' id='word_1_874' title='bbox 2398 5658 2540 5712; x_wconf 83' lang='lat' dir='ltr'><strong><em>enim</em></strong></span> <span class='ocrx_word' id='word_1_875' title='bbox 2594 5670 2809 5714; x_wconf 81' lang='lat' dir='ltr'><strong><em>mortem</em></strong></span> <span class='ocrx_word' id='word_1_876' title='bbox 2844 5657 2983 5713; x_wconf 79' lang='lat' dir='ltr'><strong><em>Deus</em></strong></span> <span class='ocrx_word' id='word_1_877' title='bbox 3020 5667 3238 5726; x_wconf 75' lang='lat' dir='ltr'><strong><em>crearit,</em></strong></span> <span class='ocrx_word' id='word_1_878' title='bbox 3277 5673 3437 5726; x_wconf 82' lang='lat' dir='ltr'><strong><em>neque</em></strong></span> <span class='ocrx_word' id='word_1_879' title='bbox 3487 5661 3767 5712; x_wconf 72' lang='lat' dir='ltr'><strong><em>viventium</em></strong></span> 
     </span>
    </p>
   </div>
   <div class='ocr_carea' id='block_1_109' title="bbox 506 5718 2692 5793">
    <p class='ocr_par' dir='ltr' id='par_1_109' title="bbox 506 5718 2692 5793">
     <span class='ocr_line' id='line_1_109' title="bbox 506 5718 2692 5793; baseline 0.006 -22"><span class='ocrx_word' id='word_1_880' title='bbox 506 5720 596 5787; x_wconf 77' lang='lat' dir='ltr'><strong><em>qui</em></strong></span> <span class='ocrx_word' id='word_1_881' title='bbox 628 5718 797 5770; x_wconf 83' lang='lat' dir='ltr'><strong><em>adhuc</em></strong></span> <span class='ocrx_word' id='word_1_882' title='bbox 844 5721 1018 5773; x_wconf 82' lang='lat' dir='ltr'><strong><em>vivunt</em></strong></span> <span class='ocrx_word' id='word_1_883' title='bbox 1068 5721 1404 5793; x_wconf 78' lang='lat' dir='ltr'><strong><em>fastidiatur.</em></strong></span> <span class='ocrx_word' id='word_1_884' title='bbox 1451 5720 1595 5775; x_wconf 79' lang='lat' dir='ltr'><strong><em>Nam</em></strong></span> <span class='ocrx_word' id='word_1_885' title='bbox 1639 5724 1796 5790; x_wconf 82' lang='lat' dir='ltr'><strong><em>pudet</em></strong></span> <span class='ocrx_word' id='word_1_886' title='bbox 1825 5723 2082 5793; x_wconf 82' lang='lat' dir='ltr'><strong><em>quodam-</em></strong></span> <span class='ocrx_word' id='word_1_887' title='bbox 2190 5728 2351 5783; x_wconf 71' lang='lat' dir='ltr'><strong><em>exitio</em></strong></span> <span class='ocrx_word' id='word_1_888' title='bbox 2385 5729 2692 5785; x_wconf 78' lang='lat' dir='ltr'><strong><em>delectalur.</em></strong></span> 
     </span>
    </p>
   </div>
   <div class='ocr_carea' id='block_1_110' title="bbox 513 5790 2077 5866">
    <p class='ocr_par' dir='ltr' id='par_1_110' title="bbox 513 5790 2077 5866">
     <span class='ocr_line' id='line_1_110' title="bbox 513 5790 2077 5866; baseline 0.006 -26"><span class='ocrx_word' id='word_1_889' title='bbox 513 5790 664 5843; x_wconf 84' lang='lat' dir='ltr'><strong><em>modo</em></strong></span> <span class='ocrx_word' id='word_1_890' title='bbox 705 5798 952 5844; x_wconf 82' lang='lat' dir='ltr'><strong><em>naturam</em></strong></span> <span class='ocrx_word' id='word_1_891' title='bbox 1010 5792 1307 5860; x_wconf 80' lang='lat' dir='ltr'><strong><em>passionem</em></strong></span> <span class='ocrx_word' id='word_1_892' title='bbox 1345 5804 1537 5864; x_wconf 65' lang='grc' dir='ltr'><strong><em>νησίον</em></strong></span> <span class='ocrx_word' id='word_1_893' title='bbox 1576 5790 2077 5866; x_wconf 66' lang='grc' dir='ltr'>ιιιιιιιιαιιιρενρίοιί.</span> 
     </span>
    </p>
   </div>
  </div>
