3894 6200
186 372 244 426 6|

1040 374 1107 430 IN
1140 374 1474 429 JOANNEII.
1513 407 1579 414 —
1616 376 1742 430 LIB.
1769 377 1966 433 VIIE'I‘
1992 381 2103 437 VIII
2132 382 2576 438 FRAGMENTA.

3371 385 3441 437 6?.

183 486 465 559 πρέποντα
493 486 711 558 καιρὸν,
763 488 856 540 καὶ
901 486 989 540 τὸν
1025 491 1087 557 τῇ
1121 488 1323 540 ἀνέσει.
1378 487 1523 558 Πλὴν
1551 489 1770 559 εὐχαρι-

1878 497 2071 555 bonus,
2126 497 2277 548 novit
2337 496 2695 566 iucrcpationi
2758 505 2971 566 tempus
3028 513 3331 565 congruum
3390 506 3443 550 et

184 583 303 633 στεῖ
345 583 372 633 0
405 578 641 650 Κύριος,
694 579 788 631 καὶ
824 578 984 631 τοῦτο
1021 580 1166 631 ποιεῖ
1210 579 1346 649 πρὸς
1402 581 1767 649 ὑπογραμμὸν

183 672 370 742 ἡμῶν,
396 672 570 740 τιμῶν
595 672 686 723 τὸν
719 672 956 742 Πατέρα.
977 672 1147 724 Ὅταν
1178 672 1234 723 δὲ
1261 672 1289 722 0
1316 671 1428 733 ἶσος
1448 672 1526 741 τῷ
1555 672 1653 741 ἴσῳ
1677 674 1766 724 εύ-

184 764 511 835 χαριστῇ,ού
535 766 678 815 ποιεῖ
698 763 915 824 πάντως
942 762 1098 815 τοῦτο
1117 763 1216 831 τῆς
1238 763 1425 825 ούσίας
1450 762 1763 815 ἐλάττωσιν.

184 847 350 905 Δι’ὧν
371 853 428 904 δὲ
446 854 609 922 ὲπιση
619 852 891 922 μαίνεται,
908 851 989 903 ὅτι
1006 852 1102 904 Διὰ
1124 852 1214 903 τὸν
1237 852 1391 921 όχλον
1408 852 1578 904 ταῦτα
1600 852 1764 919 λέγω,

186 945 468 1015 μονονουχί
497 961 692 1014 φησιν,
723 945 803 996 ὅτι
842 942 1301 1013 Προσπεποίημαι
1332 943 1432 1013 τῆς
1455 944 1768 1015 προσευχῆς

182 1036 244 1087 τὸ
266 1036 467 1104 σχῆμα,
505 1036 601 1087 καὶ
625 1033 982 1103 οἰκονομικῶς
1002 1028 1154 1086 εἶπον
1177 1034 1544 1104 εὐχαριστεῖν.
1582 1034 1767 1105 ’ῌδειν

158 1120 291 1197 ἰγάρ
320 1128 399 1179 ὅτι
428 1126 658 1179 πάντοτέ
691 1143 789 1195 μου
816 1124 1055 1189 ἀκούεις.
1080 1126 1154 1177 Οὐ
1188 1126 1295 1196 γάρ
1329 1128 1445 1179 ἐστι
1479 1126 1614 1196 πρὸς
1642 1129 1766 1179 ἐαυ-

185 1218 281 1285 τὴν
309 1217 538 1287 ἀπειθὴς
574 1220 607 1287 ἡ
648 1218 743 1287 μία
768 1217 869 1286 τῆς
902 1216 1155 1287 θεότητος
1185 1218 1378 1286 φύσις,
1430 1218 1658 1287 ἐπείπερ
1688 1214 1767 1281 εἷς

183 1311 333 1361 ἐστιν
362 1311 391 1362 0
417 1309 517 1377 τῆς
550 1309 780 1380 Τριάδος
806 1307 951 1373 νοῦς,
986 1309 1198 1379 Πατρός
1219 1348 1233 1372 ,
1281 1308 1412 1361 Υἱοῦ
1436 1351 1451 1374 ,
1487 1310 1583 1362 κα)⁸
1609 1309 1769 1361 Πνεύ-

187 1414 375 1471 ματος.
415 1399 585 1464 Εἰδὼς
618 1396 710 1452 οὖν
730 1440 744 1461 ,
776 1400 977 1470 φησὶν,
1008 1402 1089 1453 ὅτι
1129 1400 1227 1471 μία
1255 1401 1411 1471 ἡμῶν
1442 1403 1475 1471 ὴ
1515 1401 1768 1471 βούλησις

185 1492 281 1545 καὶ
303 1493 361 1544 ἓν
390 1492 449 1544 τὺ
474 1491 685 1561 θέλημα
703 1532 718 1556 ,
770 1491 857 1543 διὰ
888 1492 978 1545 τὸν
1009 1492 1164 1561 ὄχλον
1186 1492 1357 1545 ταῦτα
1387 1493 1541 1563 ἔφην.
1586 1494 1767 1547 Ταῦτα

184 1584 241 1637 δὲ
270 1587 298 1638 0
325 1584 562 1653 Χριστὸς
596 1585 743 1653 λέγει
767 1585 852 1637 διὰ
869 1586 993 1647 τοὺς
1034 1584 1341 1649 Ἰουδαίους,
1376 1586 1453 1655 τῷ
1484 1587 1657 1658 Πατρὶ
1679 1588 1768 1640 εύ-

185 1674 481 1744 χαριστῶν,
517 1674 717 1728 ὡσανεὶ
761 1675 826 1728 δι’
857 1673 1021 1727 αὑτοῦ
1073 1674 1311 1745 ἐνεργῶν
1345 1674 1413 1727 τὰ
1466 1676 1764 1747 θεοπρεπῆ,

187 1768 277 1819 ἵνα
324 1769 520 1837 μηκέτι
554 1767 779 1819 εἴπωσιν
822 1768 905 1820 ὅτι
940 1768 995 1819 ὲν
1032 1767 1363 1830 Βεελζεὸοὺλ
1396 1771 1538 1820 ποιεῖ
1577 1769 1645 1820 τὰ
1675 1785 1770 1839 ση-

191 1862 320 1929 μεῖα
341 1876 354 1889 ·
391 1859 736 1926 ἀπολογεῖται
778 1860 833 1911 δὲ
866 1859 961 1912 καὶ
990 1858 1079 1911 διὰ
1106 1859 1167 1911 τὸ
1192 1861 1377 1930 σχῆμα
1410 1860 1506 1927 τῆς
1537 1877 1766 1929 προσευ-

188 1955 292 2022 χῆς
313 1993 327 2016 ,
375 1951 463 2004 ἵνα
500 1953 574 2022 μὴ
611 1950 1087 2020 σκανδαλισθῶμεν
1116 1952 1305 2020 ἡμεῖς,
1354 1950 1523 2004 εἰπὼν
1550 1952 1630 2004 ὅτι
1661 1954 1764 2005 Διὰ

186 2043 281 2095 τὴν
305 2042 457 2112 ὄχλον
476 2041 633 2094 τοῦτο
649 2042 897 2112 ἐποίησα.
922 2042 1029 2094 Καὶ
1050 2042 1130 2105 τὸ,
1159 2060 1176 2091 t
1199 2041 1270 2093 Σύ
1300 2058 1365 2111 με
1385 2041 1729 2105 ἀπέστειλας,
1745 2061 1762 2093 ›

185 2134 279 2188 διὰ
300 2134 397 2198 τὰς
440 2134 735 2196 Ἰουδαῖκὰς
773 2134 1027 2195 ὑπονοίας
1070 2133 1253 2203 φησίν.
1310 2133 1467 2185 Ἥκω
1513 2132 1621 2203 γὰρ
1668 2132 1769 2185 ούκ

186 2228 284 2280 ἀπ’
312 2226 566 2297 ἐμαυτοῦ,
593 2227 667 2289 ὡς
696 2227 745 2278 οἱ
778 2225 1225 2297 ψευδοπροφῆται
1252 2225 1326 2296 (I)
1351 2242 1363 2253 °
1412 2225 1524 2279 ἀλλ’
1553 2225 1769 2295 εὐδοκία

188 2322 257 2390 σῇ
305 2321 399 2373 καὶ
442 2319 657 2388 θελήσει
719 2320 951 2388 ἐμαυτὸν
994 2319 1269 2380 ὲκένωσα,
1322 2320 1532 2389 μορφὴν
1585 2320 1768 2373 δούλου

185 2413 395 2476 λαϐὼν,
428 2414 512 2466 ἵνα
537 2413 697 2465 πάλιν
720 2411 1052 2483 κατορθώσω
1081 2412 1179 2482 τὴν
1222 2411 1384 2482 ζωήν.
1418 2413 1769 2483 Οἰκονομικὸς

186 2502 285 2560 οὖν
319 2506 418 2575 τῆς
457 2505 767 2576 προσευχῆς
809 2508 835 2558 ὁ
874 2506 1093 2575 τρόπος,
1132 2504 1228 2556 καὶ
1262 2505 1499 2574 σχήματι
1546 2504 1771 2575 πρέπων

185 2598 269 2669 τῷ
304 2598 442 2668 μετά
481 2598 679 2669 σαρκὸς
700 2636 715 2660 ,
742 2597 860 2667 ούχὶ
888 2600 953 2667 τῇ
981 2598 1079 2667 τῆς
1115 2596 1367 2666 θεότητος
1394 2597 1637 2668 ὑπεροχῇ
1678 2596 1772 2650 καὶ

187 2691 515 2761 ἀσυγκρίτῳ
552 2690 915 2760 λαμπρότητι.
954 2689 1025 2740 Τὸ
1068 2688 1177 2758 γὰρ
1224 2688 1359 2750 ὅλως
1411 2690 1629 2758 αἰτῆσαι
1680 2691 1773 2743 καὶ

183 2781 379 2834 λαϐεῖν
404 2822 418 2844 ,
462 2780 825 2850 δουλοπρεπὲς
858 2779 922 2832 ἂν
964 2778 1048 2849 εἴη
1089 2779 1289 2849 μᾶλλον
1314 2820 1328 2843 ,
1388 2779 1482 2832 καὶ
1517 2779 1593 2847 τῷ
1626 2779 1773 2847 βασι-

182 2874 469 2943 λευομένῳ
496 2872 925 2942 κατειθισμένον.
955 2873 1153 2942 Δράσει
1188 2888 1251 2940 γε
1286 2870 1391 2941 μὴν
1423 2870 1775 2939 ἀνεγκλήτως

182 2967 284 3019 καὶ
317 2964 474 3018 τοῦτο
505 2965 737 3035 Χριστός
757 2981 771 2993 ·
801 2966 829 3017 0
859 2965 967 3035 γὰρ
996 2964 1281 3033 ἄνθρωπος
1307 2962 1561 3030 γενέσθαι
1596 2979 1765 3016 κατα-

181 3058 511 3127 ὂεξάμενος,
545 3057 660 3119 πῶς
681 3056 747 3110 ἂν
779 3056 857 3110 ἔτι
894 3057 1294 3126 παραιτήσαιτο
1322 3054 1389 3107 τὰ
1414 3054 1728 3125 ἀνθρώπινα
1753 3072 1767 3120 ;

184 3150 471 3205 obnoxius
517 3150 586 3204 sit
624 3159 971 3204 consuetum.
1019 3145 1124 3201 Sed
1172 3156 1352 3201 tamen
1389 3148 1527 3201 citra
1575 3146 2061 3216 reprehensionem
2094 3147 2197 3201 hoc
2228 3146 2392 3201 faciet
2426 3146 2686 3201 Christus
2739 3164 2752 3199 :

1801 1831 1842 1884 B

1869 584 2209 639 remissioni.
2244 584 2349 641 Sed
2391 588 2536 640 enim
2567 589 2772 656 gratias
2806 589 2915 656 agit
2950 586 3239 652 Dominus,
3282 588 3443 655 idque

1870 676 1936 729 ad
1972 676 2377 731 institutionem
2424 688 2666 732 nostram
2710 682 2856 742 facit,
2895 677 3104 732 Patrem
3143 679 3441 734 honorans.

1868 766 2003 820 Cum
2049 782 2178 821 vero
2229 784 2324 837 par
2376 769 2491 837 pari
2529 772 2735 839 gratias
2787 770 2920 839 agit,
2957 785 3187 838 prorsus
3233 770 3440 822 nullam

1869 859 2121 911 essentia:
2168 857 2587 914 diminutionem
2642 860 2743 913 hoc
2791 860 3039 913 includit.
3086 859 3225 925 Quid
3277 860 3443 928 igitur

1870 949 2106 1003 indicat?
2131 951 2273 1019 quod
2309 958 2527 1019 propter
2557 952 2775 1004 turbam
2824 952 2937 1005 haec
2965 952 3133 1015 dicat,
3160 951 3443 1018 fermeque

1869 1041 1978 1094 ait:
2013 1039 2276 1094 Simulavi
2319 1042 2647 1111 precationis
2697 1044 2960 1112 speciem,
3004 1051 3057 1097 et
3102 1042 3444 1095 meonomiee

1869 1140 2034 1200 atque
2072 1132 2137 1186 ad
2180 1134 2447 1188 rationem
2487 1134 2700 1188 ordinis
2731 1134 2842 1188 dixi
2893 1150 2978 1188 me
3012 1136 3215 1205 gratias
3258 1149 3438 1203 agere.

1871 1223 2120 1279 Sciebam
2150 1225 2292 1279 enim
2325 1224 2469 1293 quod
2502 1225 2705 1293 ubique
2742 1241 2827 1279 me
2857 1225 3068 1280 audias.
3094 1225 3302 1293 Quippe
3331 1239 3436 1278 non

1868 1326 1950 1369 est
1996 1330 2182 1369 secum
2239 1315 2537 1379 dissidens,
2597 1330 2698 1370 nec
2761 1316 2864 1369 sibi
2924 1317 3272 1383 immorigera
3336 1330 3437 1367 una

1869 1405 2090 1459 deitatis
2138 1413 2360 1471 natura,
2390 1407 2835 1476 quandoquidem
2886 1424 2989 1460 una
3039 1418 3123 1461 est
3160 1408 3444 1461 Trinitatis

1869 1515 2045 1564 mens,
2090 1497 2268 1553 Patris
2316 1506 2369 1552 et
2417 1498 2538 1551 Filii
2586 1511 2640 1553 et
2692 1498 2931 1568 Spiritus
2986 1503 3182 1554 sancti.
3229 1498 3444 1554 Gnarus

1868 1605 2028 1658 ergo,
2082 1590 2295 1658 inquit,
2346 1588 2494 1657 quod
2551 1604 2659 1642 una
2716 1590 2787 1644 sit
2858 1597 3108 1643 nostrum
3168 1591 3440 1653 voluntas.

1871 1696 2149 1749 unumque
2174 1680 2488 1745 consilium,
2541 1688 2763 1748 propter
2812 1680 2981 1750 689
3038 1681 3442 1734 multitudinem

1870 1769 1985 1823 ham
2021 1768 2155 1822 dixi.
2192 1768 2316 1822 Ilaac
2344 1784 2475 1822 vero
2515 1767 2648 1820 dicit
2677 1767 2932 1822 Christus
2965 1767 3440 1837 propterJudaaos,

1873 1860 2017 1915 Patri
2060 1862 2266 1930 gratias
2311 1877 2498 1929 agens,
2542 1870 2800 1929 tanquam
2844 1877 2936 1930 per
2989 1877 3112 1914 eum
3162 1860 3273 1914 Deo
3307 1875 3442 1913 con-

1872 1953 2142 2007 venientia
2176 1952 2441 2017 eﬂieiens,
2485 1968 2552 2006 ne
2581 1952 2816 2021 amplius
2853 1951 3043 2004 dicant
3073 1952 3221 2004 illum
3262 1951 3444 2006 facere

1876 2044 2031 2114 signa
2077 2046 2130 2098 in
2163 2043 2447 2099 Beelzebul
2483 2062 2496 2097 :
2525 2044 2796 2097 rationem
2828 2044 2989 2097 etiam
3024 2042 3199 2096 reddit
3235 2050 3288 2095 et
3320 2058 3444 2111 pro-

1875 2150 1994 2207 pter
2016 2136 2250 2208 ﬁguram
2288 2138 2647 2207 precationis,
2676 2153 2743 2191 ne
2780 2150 2883 2189 nos
2917 2137 3079 2189 etiam
3113 2136 3447 2189 scandalize-

1875 2245 2018 2292 mur,
2069 2230 2139 2285 ob
2178 2230 2589 2284 multitudinem
2635 2244 2696 2283 se
2734 2229 2835 2283 hoc
2880 2228 3076 2281 IeciSse
3106 2228 3441 2297 prolocutus.

1874 2320 1941 2375 Et
1973 2324 2099 2388 hoc,
2134 2341 2151 2374 ι
2194 2320 2276 2376 Tu
2313 2338 2399 2375 me
2431 2321 2653 2384 misisti,
2691 2341 2709 2372 ›
2742 2328 2964 2390 propter
3000 2318 3309 2374 Iudaeorum
3356 2334 3448 2372 su-

1876 2411 2150 2480 spiciones
2211 2413 2339 2466 ait:
2392 2410 2561 2467 Venio
2620 2413 2765 2466 enim
2812 2426 2921 2465 non
2978 2426 3008 2463 a
3098 2411 3328 2479 meipso,
3388 2417 3447 2462 ut

1874 2504 2392 2575 pseudoprophetae,
2445 2504 2539 2558 sed
2594 2504 2835 2558 lubentia
2902 2510 2993 2555 tua
3048 2510 3103 2555 et
3164 2501 3447 2554 voluntate

1868 2596 2137 2665 meipsum
2186 2595 2506 2658 exinaniri,
2558 2594 2786 2649 formam
2842 2594 2988 2649 servi
3041 2592 3316 2661 accipiens
3364 2591 3446 2653 “,

1870 2700 1928 2743 ut
1972 2690 2040 2744 de
2092 2690 2303 2757 integro
2352 2687 2557 2756 erigam
2608 2695 2662 2741 et
2710 2687 3011 2741 instaurem
3065 2685 3251 2739 vitam.
3282 2682 3451 2752 Igitur

1869 2789 2021 2836 recte
2050 2788 2103 2833 et
2124 2780 2317 2834 ordine
2339 2780 2622 2834 institutus
2657 2788 2741 2833 est
2769 2778 3102 2849 precationis
3135 2776 3355 2839 modus,
3388 2784 3443 2828 et

1872 2876 2084 2929 habitui
2134 2874 2186 2928 in
2225 2888 2391 2928 carne
2443 2872 2797 2933 conveniens,
2839 2887 2947 2925 non
2996 2870 3217 2924 deitatis
3272 2869 3451 2923 excel-

1876 2969 2060 3021 lentia:
2104 2974 2159 3021 et
2208 2965 2626 3034 incomparabili
2685 2963 2985 3033 splendori.
3021 2960 3259 3016 Omnino
3301 2959 3447 3013 enim

1879 3062 2063 3122 petere
2096 3062 2151 3107 et
2186 3054 2432 3121 accipere
2460 3053 2656 3107 servile
2686 3052 2869 3112 fuerit,
2911 3059 2963 3104 et
2994 3051 3043 3103 ei
3093 3050 3184 3119 qui
3222 3047 3455 3119 imperio

2822 3161 2947 3199 nam
3017 3145 3110 3215 qui
3184 3143 3427 3198 sustinui

185 3240 314 3298 ﬁeri
376 3240 572 3304 homo,
610 3237 885 3308 quomodo
935 3252 1059 3306 qua:
1118 3237 1357 3290 humana
1417 3243 1545 3289 sunt
1614 3235 1936 3290 recusaret?

260 3333 375 3388 Καὶ
422 3331 607 3384 ταῦτα
650 3330 863 3393 εἰπὼν,
910 3327 1080 3398 φωνῇ
1117 3330 1351 3397 μεγάλῃ
1398 3328 1768 3398 ἑκραύγασε·

1950 3328 2039 3394 λι,
2074 3329 2163 3382 I5.
2194 3328 2322 3382 Haec
2356 3345 2472 3381 cum
2504 3330 2745 3392 dixisset,
2778 3344 2969 3395 magna
3002 3344 3121 3380 voce
3158 3328 3405 3381 clamat-it
3430 3367 3445 3381 .

186 3424 438 3492 Λάζαρε,
471 3422 649 3489 δεῦρο
685 3422 822 3485 ἕξω.

263 3516 370 3569 Τὸν
398 3513 607 3583 δυσώδη
650 3513 861 3582 νεκρὸν,
893 3513 1028 3582 μετὰ
1063 3512 1331 3584 τετάρτην
1376 3516 1475 3585 τῆς
1520 3515 1779 3584 τελευτῆς

191 3607 447 3677 ἡμέραν,
491 3606 555 3657 ἐκ
587 3604 685 3672 τῆς
726 3603 899 3672 θήκης
929 3602 1192 3673 ἐξήγαγε,
1224 3604 1318 3656 καὶ
1350 3604 1439 3656 τὸν
1466 3606 1777 3675 πεπεδημέ-

192 3714 288 3750 νον
316 3694 411 3747 καὶ
434 3692 939 3761 συμπεποδισμένον
970 3691 1203 3760 βαδίζειν
1234 3692 1483 3745 ἐκέλευσε
1502 3735 1516 3756 ,
1550 3695 1646 3746 καὶ
1675 3711 1779 3748 πα-

199 3786 484 3858 ραχρῆμα,
527 3786 555 3838 ὅ
593 3802 653 3837 τε
694 3784 921 3847 θάνατος
957 3784 1352 3853 ὲδραπέτευσε,
1397 3786 1489 3837 καὶ
1533 3786 1560 3837 ὀ
1589 3787 1779 3857 νεκρὸς

197 3879 405 3949 ἔδραμε
436 3877 533 3946 τῆς
585 3875 873 3945 σηπεδόνος
904 3875 1269 3943 ἀπαλλαγεὶς,
1324 3876 1418 3928 καὶ
1447 3875 1543 3946 τὴν
1574 3877 1778 3947 ταύτης

198 3968 540 4037 ἀποθέμενος
586 3966 883 4029 δυσωδίαν,
932 3966 1027 4018 καὶ
1070 3966 1169 4029 τὰς
1209 3966 1303 4019 τοῦ
1348 3968 1577 4020 Θανάτου
1606 3968 1779 4031 πύλας

197 4058 508 4129 διαφυγὼν,
559 4059 652 4112 καὶ
690 4058 793 4110 ὑπὸ
818 4058 927 4111 τῶν
954 4058 1165 4127 δεσμῶν
1189 4059 1248 4110 οὐ
1289 4058 1627 4130 κωλυόμενος
1656 4060 1780 4129 τρέ-

197 4171 339 4223 χειν,
371 4152 464 4205 καὶ
493 4152 569 4222 τῷ
600 4152 697 4221 μὲν
728 4150 1042 4221 καλύμματι
1089 4149 1181 4203 τοῦ
1217 4151 1507 4219 προσώπου
1530 4191 1544 4212 ,
1573 4153 1633 4205 τὸ
1669 4152 1781 4222 βλέ-

200 4262 329 4297 πειν
351 4242 735 4315 ἀφῃρημένος,
777 4241 1068 4306 ἀκωλύτως
1100 4242 1155 4294 δὲ
1187 4242 1323 4313 πρὸς
1354 4243 1444 4295 τὸν
1479 4243 1781 4296 καλέσαντα

198 4336 436 4405 τρέχων,
486 4334 582 4386 καὶ
630 4334 727 4403 τὴν
765 4335 1098 4405 Δεσποτικὴν
1152 4334 1527 4402 ἐπιγινώσκων
1576 4338 1777 4406 φωνήν.

199 4424 529 4495 Θεοπρεπὴς
550 4423 656 4493 γὰρ
690 4426 717 4476 0
749 4424 925 4491 λόγος,
952 4425 1046 4477 καί
1084 4424 1358 4494 βασιλικὸν
1394 4425 1454 4478 τὸ
1485 4426 1778 4495 κέλευσμα,

199 4516 361 4569 λύσιν
389 4514 508 4585 ἔχον
529 4514 778 4581 θανάτου,
814 4516 909 4568 καὶ
938 4516 1142 4584 φθορᾶς
1173 4516 1505 4587 ἀνατροπὴν,
1527 4518 1617 4570 καὶ
1642 4518 1781 4588 ὑπὲρ

201 4611 362 4678 λόγον
413 4609 692 4680 ἐνεργείας
738 4608 1030 4675 ἀπόδειξιν.
1095 4609 1167 4663 Τό
1208 4628 1270 4677 γε
1322 4610 1426 4681 μὴν
1478 4611 1783 4681 διαπρυσίῳ

203 4702 445 4773 χρῆσθαι
489 4702 730 4769 κραυγῇ,
772 4697 919 4763 ξένον
977 4701 1253 4770 πανταχοῦ
1291 4702 1384 4754 καὶ
1416 4701 1681 4772 ἀσύνηθες
1704 4702 1781 4771 τῷ

203 4792 425 4862 Σωτῆρι
452 4790 689 4860 Χριστῷ.
748 4792 855 4842 Καὶ
886 4790 1017 4858 γοῦν
1050 4795 1077 4844 0
1125 4792 1254 4855 Θεὸς
1303 4793 1396 4845 καὶ
1430 4795 1619 4864 Πατὴρ
1656 4796 1782 4865 περὶ

204 4883 374 4936 αὐτοῦ
424 4884 526 4934 πού
566 4900 728 4952 φησιν
756 4900 767 4912 ·
828 4901 846 4932 r
878 4884 989 4935 Ούκ
1021 4883 1219 4953 ἐρίσει,
1260 4884 1379 4936 οὐδὲ
1406 4886 1732 4954 κραυγάσει,
1758 4904 1776 4936 ι

208 4976 306 5027 καὶ
334 4973 401 5025 τὰ
432 4973 578 5041 ἑξῆς.
627 4973 888 5043 ’Λψοφητὶ
914 4973 1020 5043 γὰρ
1056 4973 1147 5025 καὶ
1176 4974 1403 5044 θορύϐου
1428 4974 1547 5043 δίχα
1585 4975 1783 5037 παντὸς

210 5063 280 5115 τὰ
304 5063 407 5131 τῆς
428 5063 660 5133 ἀληθοῦς
684 5064 933 5132 θεότητος
956 5063 1090 5133 ἔργα
1111 5081 1123 5093 ·
1144 5063 1311 5116 ταῦτα
1339 5064 1394 5115 δὲ
1426 5066 1493 5117 τὰ
1531 5066 1627 5132 τῆς
1651 5066 1781 5135 ἁλη-

211 5154 338 5217 θοῦς
363 5151 432 5223 ῆν
471 5156 529 5205 ὲν
563 5155 783 5225 Χριστῷ
810 5172 823 5186 ·
872 5154 1003 5217 Θεὸς
1052 5156 1159 5224 γὰρ
1184 5159 1245 5207 ὲκ
1271 5156 1405 5209 Θεοῦ
1449 5157 1585 5209 κατὰ
1622 5157 1781 5226 φύσιν

213 5246 331 5296 ἐστὶ
363 5245 456 5296 καὶ
487 5244 759 5314 ἀληθινός.
819 5245 881 5296 Τί
912 5241 1002 5297 οὖν
1046 5246 1152 5313 ἄρα
1184 5246 1365 5314 φαμὲν
1386 5285 1399 5305 ,
1430 5246 1553 5298 ὅταν
1586 5246 1781 5315 ἴδωμεν

214 5335 504 5405 ἀσυνήθως
542 5334 993 5404 ἀνακεκραγότα;
1044 5335 1117 5385 Ού
1146 5334 1253 5403 γὰρ
1282 5334 1451 5404 δήπου
1524 5336 1777 5406 κατοιχή-

217 5433 367 5482 σεταί
405 5447 489 5491 τις
522 5432 602 5491 εἰς
638 5428 794 5481 τοῦτο
831 5428 1068 5498 μωρίας,
1115 5428 1189 5490 ῶς
1218 5426 1321 5493 ἔξω
1352 5427 1445 5481 τοῦ
1484 5429 1784 5497 πρέποντος

290 5564 332 5593 ⁸⁸
362 5562 601 5634 Philipp.
633 5579 706 5627 ιι,
744 5563 867 5618 6-8.
946 5563 986 5593 ⁸⁷
1028 5564 1133 5617 Isa.
1170 5577 1279 5617 χιιι
1305 5602 1319 5626 ,
1353 5563 1406 5615 2.

1816 4671 1859 4726 0

1878 3418 2105 3485 Lazare,
2132 3422 2244 3473 veni
2281 3421 2427 3489 {oras

1949 3511 2225 3567 Fetentetn
2251 3520 2530 3564 mortuum
2556 3520 2678 3580 post
2710 3520 2965 3580 quartum
2998 3524 3028 3563 a
3053 3519 3227 3564 morte
3252 3510 3393 3563 diem
3420 3528 3450 3564 e

1878 3604 2133 3673 sepulcro
2200 3604 2421 3667 eduxit,
2468 3604 2822 3672 vinctumque
2862 3618 2925 3656 ac
2976 3602 3292 3673 impeditum
3334 3619 3454 3656 am-

1880 3692 2073 3747 bulare
2113 3693 2305 3762 jussit,
2339 3701 2584 3763 tuncque
2615 3701 2841 3762 repente
2875 3700 2928 3748 et
2961 3708 3108 3748 mors
3136 3693 3364 3763 aufugit,
3399 3703 3455 3750 et

1880 3797 2129 3839 mortuus
2181 3798 2210 3836 a
2255 3785 2545 3854 putredine
2596 3785 2864 3838 liberatus
2916 3787 3186 3849 cucurrit,
3237 3787 3455 3853 abjecto

1880 3876 2028 3929 omni
2083 3875 2204 3944 ejus
2252 3874 2448 3938 fetore,
2483 3884 2537 3929 et
2584 3877 2759 3945 portis
2799 3878 2993 3930 mortis
3039 3877 3284 3944 elapsus,
3316 3878 3453 3930 nihil

1883 3968 2114 4022 vinculis
2139 3969 2255 4022 suis
2296 3984 2520 4023 currere
2556 3968 2892 4036 prohibitus.
2921 3968 2985 4020 Et
3013 3970 3196 4023 vultus
3228 3969 3451 4038 quidem

1881 4058 2189 4112 velamento
2220 4058 2439 4114 videndi
2489 4074 2592 4112 usu
2632 4060 2897 4126 privatus,
2937 4060 3089 4113 nullo
3137 4068 3315 4113 tamen
3351 4059 3454 4111 im-

1884 4149 2217 4213 pedimento,
2282 4150 2583 4218 quominus
2619 4151 2684 4204 ad
2721 4166 2845 4205 eum
2886 4152 2976 4219 qui
3012 4159 3301 4204 vocaverat
3328 4165 3453 4203 cur-

1883 4249 2048 4306 reret,
2080 4240 2412 4308 retardatus,
2438 4256 2745 4312 agnoscens
2776 4241 2984 4295 Domini
3013 4256 3228 4295 vocem.
3260 4241 3455 4295 Sermo

1882 4333 2028 4387 enim
2064 4330 2173 4386 Deo
2204 4333 2424 4402 dignus,
2446 4344 2499 4389 et
2531 4334 2749 4402 jussum
2784 4333 2989 4403 regium
3019 4332 3220 4386 habens
3248 4333 3452 4385 exitum

1882 4426 2080 4480 mortis
2118 4436 2171 4480 et
2204 4426 2579 4495 corruptionis
2622 4426 2987 4486 eversionem,
3022 4433 3076 4478 et
3118 4424 3454 4493 operationis

1884 4520 2095 4573 ratione
2131 4518 2356 4586 majoris
2409 4517 2972 4572 demonstrationem.
3008 4515 3145 4568 Illud
3194 4530 3323 4569 vero
3374 4516 3454 4568 uti

1884 4610 2125 4663 clamore
2166 4618 2326 4663 acuto
2361 4618 2411 4663 et
2447 4608 2761 4678 penetranti
2796 4623 2995 4661 novum
3033 4606 3237 4675 ubique
3282 4613 3337 4659 et
3368 4605 3454 4658 in-

1887 4702 2071 4754 solens
2104 4699 2383 4754 Servatori
2412 4700 2655 4754 Christo.
2686 4699 2901 4754 Etenim
2934 4698 3076 4753 Deus
3110 4706 3166 4751 et
3202 4697 3366 4750 Pater
3392 4696 3459 4751 de

1886 4792 1983 4844 illo
2016 4791 2217 4844 alicubi
2258 4792 2334 4844 ait
2364 4810 2375 4845 :
2409 4809 2427 4843 ι
2462 4789 2582 4844 Νοιι
2620 4790 2938 4854 contendet,
2984 4804 3164 4858 neque
3191 4789 3459 4845 vocifera-

1885 4880 2129 4945 bitur",
2164 4899 2181 4931 ι
2222 4889 2276 4934 ει
2335 4882 2567 4950 reliqua.
2622 4881 2799 4951 Opera
2849 4882 2993 4934 enim
3052 4895 3193 4935 verae
3237 4879 3459 4934 deitatis

1886 4973 2006 5025 sine
2041 4972 2277 5041 strepitu
2323 4979 2375 5025 et
2417 4973 2663 5026 tumultu
2706 4973 2854 5026 omni
2903 4972 3081 5027 Iiunt:
3118 4973 3234 5026 Iitec
3274 4980 3458 5026 autem

1887 5079 2015 5119 vera
2046 5064 2267 5119 deitatis
2298 5074 2453 5118 erant
2494 5067 2548 5119 in
2579 5066 2802 5119 Christo
2830 5084 2843 5119 :
2868 5066 3067 5136 quippe
3092 5065 3232 5119 Deus
3258 5066 3322 5119 de
3350 5063 3460 5120 Deo

1890 5156 2195 5211 secundum
2238 5164 2492 5210 naturam
2530 5165 2613 5211 est
2666 5172 2731 5211 ac
2764 5173 2947 5212 verus.
2988 5157 3131 5223 Quid
3178 5158 3345 5227 igitur
3378 5156 3461 5209 di-

1891 5266 2104 5315 cemus,
2148 5267 2271 5305 cum
2306 5250 2596 5304 rideamus
2649 5265 2774 5303 eum
2812 5251 2887 5302 ita
2930 5256 3129 5320 praeter
3159 5259 3460 5303 consuetu-

1892 5342 2078 5398 dinem
2153 5342 2582 5399 vociferantem?
2636 5342 2747 5398 Nec
2815 5342 2960 5397 enim
3032 5343 3327 5412 quisquam
3397 5357 3462 5391 eo

1895 5435 2148 5491 amentiae
2175 5436 2445 5502 devenict,
2478 5445 2534 5490 ut
2569 5445 2765 5506 praeter
2797 5435 3055 5489 decorum
3089 5434 3290 5488 fecisse
3316 5431 3460 5487 dicat

294 5739 367 5805 (I)
414 5736 600 5811 Locus
646 5736 930 5811 restitutus
977 5755 1041 5793 ex
1096 5737 1313 5793 Macarii
1354 5738 1779 5807 Chrysoccpbali
1820 5748 1977 5796 tract.
2020 5740 2115 5807 I6,
2164 5759 2248 5811 ap.
2291 5742 2391 5797 Mai
2432 5742 2561 5798 ibid.
2608 5740 2747 5795 Editi
2782 5740 3038 5795 omittunt
3111 5742 3271 5797 verba
3336 5741 3458 5809 ἥκω

229 5844 245 5860 .
273 5846 286 5859 .
315 5849 326 5861 .
353 5848 364 5859 .
396 5806 861 5877 ψευδοπροφῆται.
