3882 6206
533 320 607 377 03
1549 312 1609 370 S.
1634 312 1913 370 CYRILLI
1963 311 2434 370 ALEXANDRINI
2461 311 2778 368 ABCHIEP.
3678 325 3743 378 σι

527 448 585 494 et
615 437 687 491 ab
731 435 909 492 adicio
950 435 1270 489 recessisse.
1295 433 1582 501 Quomodo
1631 435 1799 506 igitur
1849 439 1955 492 hoc
1995 437 2075 491 fiti

2196 435 2330 490 ἰέναι
2352 434 2411 488 τὸ
2437 436 2615 504 λέγειν
2646 438 2829 497 αὐτὸν,
2855 437 2949 490 καὶ
2972 438 3235 509 ἁμαρτεῖν
3256 440 3349 494 τοῦ
3380 442 3605 508 δέοντος.
3633 447 3744 506 Πῶς

522 527 693 601 ego
723 525 894 581 Habet
934 525 1202 580 rationem
1236 525 1326 580 hic
1362 525 1596 592 clamor,
1627 543 1790 597 quem
1824 543 2086 584 necessa-

528 623 614 675 rio
644 633 981 690 exponemus
1010 616 1079 671 ad
1115 616 1409 671 utilitatem
1440 618 1802 674 audientium.
1832 619 2087 691 Figuram

526 710 699 766 veluti
721 710 1010 780 quamdam
1032 710 1307 780 generalis
1327 711 1640 764 mortalium
1670 714 2089 770 resurrectionis

525 802 584 856 in
618 800 725 854 hoc
772 800 920 854 circa
949 797 1217 854 Lazarum
1251 800 1525 855 miraculo
1559 800 1735 863 novit,
1753 811 1809 855 et
1850 802 1999 871 quod
2033 802 2088 856 in

527 907 637 946 uno
659 891 1018 962 adimpletum
1046 901 1151 956 est,
1175 892 1453 962 egregiam
1486 894 1816 948 universalis
1838 901 1893 947 et
1921 894 2089 950 totius

526 982 723 1037 statuit
773 996 896 1039 esse
932 982 1250 1054 imaginem.
1289 982 1578 1040 Credimus
1611 984 1760 1038 enim
1793 992 2086 1039 venturum

524 1089 648 1129 esse
698 1073 965 1142 judicem,
1017 1082 1074 1129 et
1131 1081 1382 1131 tenemus
1433 1074 1672 1128 futuram
1730 1075 1888 1144 signo
1948 1076 2089 1129 tubae

525 1164 992 1229 inclamationem,
1044 1163 1203 1233 juna
1257 1164 1407 1221 illam
1461 1162 1614 1219 Pauli
1643 1180 1829 1218 vocem
1855 1163 1923 1228 “,
1966 1180 2087 1218 omo

523 1256 686 1309 uilius
721 1254 923 1324 ubique
950 1265 1227 1310 terrarum
1268 1254 1587 1324 jacentibus
1638 1266 1697 1310 ut
1727 1265 1954 1327 surgant
1989 1258 2088 1311 im-

526 1356 1104 1416 perantem,operante
1127 1348 1322 1417 utique
1362 1362 1477 1402 rem
1504 1348 1666 1401 istam
1692 1347 1954 1402 ineffabili
1991 1363 2089 1418 po-

526 1444 722 1491 testate
762 1435 877 1502 Dei,
911 1438 1001 1491 eni
1031 1438 1219 1491 omnia
1250 1437 1472 1492 cedunt.
1507 1435 1800 1505 Propterea
1850 1437 1996 1490 enim
2034 1445 2089 1492 et

524 1526 609 1579 lex
664 1541 694 1579 a
743 1524 892 1581 Mose
943 1527 1088 1591 lata,
1142 1541 1267 1581 cum
1325 1527 1524 1580 festum
1579 1524 2086 1580 Tabernaculorum

522 1619 816 1689 figuraret:
849 1637 868 1670 ι
903 1618 1210 1684 Celebrate,
1245 1620 1440 1689 inquit,
1466 1621 1647 1689 ipsutn
1680 1621 1733 1673 in
1769 1619 2085 1673 memoriam

2190 523 2284 579 οὖν
2304 525 2573 596 ἐνδέχεται
2597 527 2838 591 ςΟύκοῦν
2866 526 2977 597 ἔχει
3005 527 3159 595 λόγον
3181 532 3214 600 ἡ
3246 532 3477 603 κραυγὴ,
3495 535 3561 604 ἢν
3586 535 3746 601 aeq-

2189 615 2360 679 καίως
2403 615 2653 688 ἐροῦμεν,
2692 618 2780 672 διά
2828 618 2889 672 τὸ
2915 621 3027 681 τοῖς
3070 620 3436 690 ἀκροωμένοις
3463 625 3745 697 χρήσιμον·

2191 706 2375 761 Τύπον
2415 707 2604 779 ὥσπερ
2650 708 2770 762 τινὰ
2811 710 2910 778 τῆς
2948 708 3175 763 καθόλου
3227 711 3334 764 τῶν
3379 714 3586 785 νεκρῶν
3626 717 3746 770 ἀνα-

2192 799 2453 863 στάσεως,
2477 798 2539 851 τὸ
2564 801 2655 852 ἐπὶ
2684 799 2918 871 Λαζάρῳ
2948 802 3180 853 ποιεῖται
3212 801 3423 872 θαῦμα·
3469 806 3638 859 καὶτὸ
3666 809 3748 874 ἐφ’

2188 889 2270 941 ἐνὶ
2301 889 2674 960 πληρούμενον
2697 930 2712 952 ,
2772 891 2951 944 εἰκόνα
2983 890 3074 943 τοῦ
3108 893 3464 964 γενικωτέρου
3496 894 3590 948 καὶ
3617 895 3749 951 κατὰ

2190 978 2388 1041 παντὸς
2419 980 2614 1051 ἔστησε
2641 976 2832 1051 καλήν.
2883 981 3000 1034 Ὀτι
3032 981 3140 1051 γὰρ
3165 980 3282 1052 ἥξει
3338 982 3530 1053 κριτὴς
3594 1000 3749 1037 πεπιι-

2191 1069 2496 1139 στεύκαμεν
2519 1108 2537 1135 ,
2587 1070 2915 1140 λογιζόμεθά
2936 1088 2993 1123 τε
3021 1071 3102 1124 δτι
3132 1072 3346 1142 κραυγή
3376 1089 3458 1135 τις
3491 1072 3640 1126 ἔσται
3668 1074 3753 1128 διὰ

2190 1160 2509 1229 σάλπιγγος.
2546 1163 2686 1214 κατὰ
2720 1161 2817 1232 τὴν
2846 1161 2939 1214 τοῦ
2966 1162 3179 1215 Παύλου
3217 1164 3421 1233 φωνὴν,
3452 1163 3752 1218 διακελευο-

2191 1251 2330 1323 μένη
2351 1255 2463 1316 τοῖς
2487 1253 2545 1305 ἐν
2588 1255 2657 1323 γῇ
2697 1252 2969 1322 κειμένοις
2996 1253 3095 1325 τὴν
3135 1254 3435 1307 ἀνάστασιν
3456 1295 3470 1316 ,
3502 1256 3753 1326 ἐνεργού-

2190 1360 2289 1413 σης
2316 1344 2556 1413 δηλονότι
2582 1345 2643 1397 τὸ
2684 1345 2917 1413 πρᾶγμα
2948 1345 3043 1414 τῆς
3073 1346 3311 1416 ἀρρήτου
3360 1344 3637 1416 δυνάμεως
3661 1347 3753 1401 τοῦ

2188 1434 2365 1486 πάντα
2392 1433 2662 1503 ἰσχύοντος
2688 1434 2842 1487 Θεοῦ.
2875 1436 2972 1488 Διά
2999 1435 3106 1505 γάρ
3137 1452 3219 1487 τοι
3240 1434 3395 1488 τοῦτο
3424 1437 3519 1489 καὶ
3540 1439 3568 1489 ό
3596 1438 3755 1507 νόμος

2185 1524 2272 1577 διὰ
2304 1526 2575 1589 Μωσέως,
2606 1525 2693 1577 ὅτε
2719 1524 2819 1595 τῆς
2860 1525 3240 1594 Σκηνοπηγίας
3278 1526 3477 1578 ἐτύπου
3507 1527 3607 1596 τὴν
3638 1529 3755 1599 ἐορ-

2185 1616 2303 1686 τὴν,
2337 1634 2355 1666 ι
2396 1615 2720 1687 Ἐορτάσατε
2742 1655 2759 1679 ,
2807 1617 3002 1686 φησὶν,
3037 1618 3227 1686 αὐτὴν,
3258 1613 3598 1688 μνημόσυνον
3627 1619 3752 1671 σαλ-

521 1712 798 1767 tubarunt.
831 1733 849 1764 ι
882 1711 1017 1766 Cum
1049 1713 1196 1767 enim
1230 1712 1426 1766 iterum
1451 1712 1848 1781 compingenda
1873 1712 2075 1764 venienl

2188 1706 2420 1772 πίγγων.
2451 1724 2470 1755 ι
2530 1703 2958 1775 Συμπήγνυσθαι
3014 1706 3123 1775 γὰρ
3189 1705 3487 1775 μελλόντων
3536 1705 3753 1769 ἐσαῦθις

520 1803 760 1857 humana
800 1819 1057 1874 corpora,
1099 1811 1159 1858 et
1208 1803 1646 1872 uniuscujusque
1687 1804 1871 1855 anima
1924 1816 2075 1855 suum

2186 1795 2295 1849 τῶν
2347 1772 3054 1866 ἀνθρωπίνωννσωμάτων,
3092 1772 3203 1851 ’καί
3248 1796 3344 1865 τὴν
3389 1796 3521 1849 ἰδίαν
3568 1796 3756 1867 ῶσπερ

520 1892 690 1946 veluti
732 1892 1144 1945 tabernaculum
1178 1892 1360 1945 denuo
1400 1898 1776 1958 assumptum,
1804 1887 2087 1941 insonabit

522 1985 677 2053 prius
730 1984 952 2053 jussum
999 1982 1254 2047 Doutini,
1313 1989 1368 2035 et
1423 1980 1853 2036 resurrectionis
1915 1979 2086 2032 veluti

522 2083 731 2129 tessera
765 2075 1010 2139 dabitur,
1060 2074 1303 2143 tubaque
1338 2072 1435 2127 Dei
1467 2079 1650 2135 cauet,
1691 2071 1848 2140 juxta
1888 2069 2086 2138 praedi-

520 2176 689 2220 ctum.
723 2165 892 2238 Igitur
933 2167 989 2220 in
1033 2166 1256 2235 figuram
1282 2163 1406 2234 ejus
1431 2177 1691 2234 magnum
1722 2162 1998 2231 quoddam
2030 2169 2085 2215 et

519 2256 850 2311 audiendum
901 2256 1052 2311 circa
1113 2254 1383 2309 Lazarum
1439 2254 1759 2308 inclamavit
1806 2253 2084 2312 Christus,

520 2363 631 2402 non
668 2363 993 2418 tnaguopere
1020 2347 1444 2402 consuetudinis
1474 2361 1703 2411 memor,
1727 2344 1854 2398 dum
1892 2361 2085 2399 eorum

517 2454 641 2510 qua
661 2439 717 2494 in
738 2441 1150 2510 exspectatione
1171 2446 1382 2505 essent,
1404 2436 1628 2506 ﬁguram
1649 2445 2084 2507 repraasentaret.

588 2548 665 2604 Ita
713 2552 988 2615 nonnulli,
1024 2550 1469 2619 quandoquidem
1521 2552 1654 2605 nihil
1719 2567 1828 2604 non
1893 2557 2076 2619 potest

516 2640 759 2695 divinum
795 2639 1056 2702 Verbum,
1109 2639 1383 2709 desperati
1435 2653 1705 2709 prorsus,
1764 2648 1820 2694 et
1864 2640 2076 2693 animae

518 2739 744 2785 mortuae
797 2730 1020 2785 fetorem
1050 2732 1417 2800 exspirantes,
1472 2738 1528 2786 et
1583 2739 1925 2785 mortuorum
1977 2730 2078 2785 ba-

516 2822 751 2876 bitacula
805 2822 1135 2885 int-olentes,
1196 2822 1671 2893 supervenientem
1736 2823 1868 2892 ipsis
1934 2825 2076 2878 divi-

517 2928 650 2968 num
695 2928 1002 2969 sermonem
1062 2915 1312 2976 audiunt,
1347 2928 1412 2968 ac
1449 2914 1692 2983 ipsorum
1744 2916 1955 2971 animas
1988 2933 2080 2986 pe-

517 3012 769 3060 netrante
799 3004 1004 3058 virtute
1033 3005 1155 3073 ejus
1180 3004 1277 3073 qui
1299 3004 1455 3068 dicit,
1490 3023 1508 3055 ι
1531 3006 1651 3059 veni
1686 3004 1855 3070 feras,
1898 3027 1914 3055 ι
1946 3022 2077 3075 pro-

2184 1886 2389 1957 σκηνὴν
2439 1884 2902 1957 παραληψομένης
2960 1887 3085 1940 ὅσον
3123 1887 3334 1941 οὐδέπω
3371 1888 3470 1956 τῆς
3523 1889 3755 1940 ἑκάστου

2181 1974 2377 2044 ψυχῆς,
2411 1977 2865 2046 προαναφωνήσει
2894 1976 3177 2047 κέλευσμα
3204 1976 3267 2029 τὸ
3292 1978 3642 2041 Δεσποτικδν,
3664 1979 3756 2030 καὶ

2183 2067 2484 2136 προηχήσει
2538 2067 2598 2119 τὸ
2657 2069 2755 2137 τῆς
2795 2068 3144 2132 ἀναστάσεως
3184 2068 3466 2138 σύνθημα,
3520 2068 3755 2136 σάλπιγξ

2183 2156 2316 2210 Θεοῦ
2336 2199 2350 2221 ,
2377 2158 2516 2210 κατὰ
2545 2159 2605 2211 τὸ
2632 2158 2944 2228 εἰρημένον.
2982 2160 3075 2223 Et;
3099 2159 3268 2213 τύπον
3290 2152 3382 2214 οῦν
3410 2159 3633 2228 ταύτης,
3660 2160 3755 2212 ἐπὶ

2188 2246 2421 2316 Λαζάρῳ
2453 2246 2594 2315 μέγα
2638 2263 2692 2297 τι
2732 2247 2827 2299 καὶ
2859 2247 3183 2311 ἐξάκουστον
3221 2248 3465 2319 ἐφώνησε
3496 2248 3751 2318 Χριστὸς,

2187 2338 2248 2389 ού
2282 2338 2488 2407 σφόδρα
2509 2338 2603 2390 τοῦ
2637 2337 2901 2408 συνήθους
2926 2340 3217 2411 φροντίσας
3237 2379 3253 2405 ,
3290 2339 3377 2393 ἵνα
3396 2339 3506 2393 τῶν
3535 2338 3759 2397 ἔσεσθαι

2191 2429 2656 2499 προσδοκωμένων
2687 2430 2926 2502 ἐπιδείξῃ
2957 2432 3048 2485 τὸν
3082 2431 3273 2485 τύπον.

2265 2544 2421 2597 Οὕτω
2439 2545 2502 2614 δή
2521 2562 2661 2608 τινες
2678 2547 2722 2613 (1
2736 2547 2774 2615 ),
2792 2546 2879 2599 διά
2898 2547 2986 2600 τὸν
3003 2547 3177 2601 πάντα
3192 2547 3486 2617 δυνάμενον
3500 2547 3593 2601 τοῦ
3616 2544 3756 2604 Θεοῦ

2182 2635 2354 2702 Λόγον
2397 2636 2571 2706 πάντη
2601 2636 3073 2704 ἀπογνωσθέντες,
3122 2640 3217 2691 καὶ
3262 2641 3363 2709 τῆς
3403 2642 3461 2691 ἐν
3487 2640 3632 2711 ψυχῇ
3662 2656 3754 2695 νι-

2183 2728 2447 2799 κρότητος
2467 2730 2563 2798 τὴν
2590 2730 2848 2799 δυσωδίαν
2874 2731 3106 2800 ἔχοντες,
3125 2733 3220 2785 καὶ
3249 2731 3521 2794 οἰκοῦντες
3541 2732 3752 2803 νεκρῶν

2182 2822 2512 2893 οἰκητήριον,
2535 2820 2777 2885 ἐλθόντος
2801 2822 2935 2891 πρὸς
2961 2823 3153 2886 αὐτοὺς
3175 2823 3266 2874 τοῦ
3288 2823 3443 2891 λόγου
3470 2823 3749 2887 ἀκούουσι,

2186 2913 2282 2964 καὶ
2326 2912 2755 2979 καθικνουμένης
2790 2912 2954 2965 αὑτοῦ
3000 2912 3099 2982 τῆς
3124 2913 3401 2984 δυνάμεως
3428 2913 3535 2966 τῶν
3555 2914 3747 2984 ψυχῶν

2184 2999 2361 3053 αὐτῶν
2389 2999 2658 3067 λέγοντος.
2672 3022 2687 3051 ι
2700 3000 2869 3071 Δεῦρο
2884 3001 3009 3066 ἔξω,
3025 3002 3356 3072 »ἐξέρχονται
3380 3003 3460 3055 ἔτι
3475 3002 3747 3077 [κηρίαις]

515 3092 842 3165 grediuntur
880 3093 1088 3147 institis
1118 3093 1297 3147 adhuc
1327 3094 1691 3168 'mortualium
1727 3095 2075 3149 vinculorum

2182 3093 2290 3146 τῶν
2335 3093 2540 3162 νεκρῶν
2569 3094 2781 3161 δεσμῶν
2803 3094 3095 3162 δεδεμένοι.
3142 3094 3394 3164 Ἰιῖξῆλθεν
3420 3095 3555 3165 γὰρ.
3590 3098 3748 3165 φησι,

515 3187 744 3258 alligati.
775 3189 923 3242 Exiit
949 3190 1118 3250 enim,
1149 3188 1327 3257 inquit
1360 3187 1669 3257 Scriptura,
1698 3190 1790 3259 qui
1821 3198 2074 3246 mortuus

514 3279 712 3345 fuerat,
746 3280 927 3335 adhuc
972 3280 1281 3335 devinctus.
1327 3280 1532 3335 Deinde
1556 3290 1825 3350 praesente
1849 3279 1981 3336 Jesu
2020 3292 2075 3337 et

511 3370 820 3439 discipulis,
854 3370 1071 3439 illisque
1089 3370 1410 3436 mandante,
1447 3371 1731 3426 resolvunt
1756 3372 2074 3427 mortuariis

510 3462 743 3516 vinculis
798 3478 922 3519 eum
959 3462 1057 3532 qui
1113 3460 1257 3518 Filio
1300 3462 1396 3517 Dei
1454 3477 1662 3518 morem
1710 3471 1974 3535 gesserat,
2017 3471 2072 3518 et

509 3553 762 3623 sepulcro
802 3553 1100 3622 prodierat.
1133 3550 1182 3607 ls
1223 3562 1407 3607 autem
1442 3553 1718 3608 resolutus
1762 3554 1877 3609 abit
1912 3552 2070 3621 liber,

507 3654 563 3698 et
594 3656 720 3696 mox
752 3656 878 3696 cum
924 3641 1149 3695 Christo
1186 3641 1503 3696 discumbit.
1537 3640 1713 3711 Hujus
1762 3643 2070 3698 animarum

507 3733 719 3789 ordinis
751 3733 929 3803 imago
965 3732 1099 3788 mibi
1140 3731 1360 3789 videtur
1390 3731 1650 3801 Lazarus,
1681 3735 1772 3805 qui
1805 3746 1923 3791 erat
1971 3736 2072 3791 Be-

507 3820 696 3873 thania
750 3820 1064 3883 oriundus,
1118 3821 1172 3876 id
1231 3830 1316 3877 est
1365 3823 1688 3878 obedientia:
1737 3824 1921 3880 domo.
1968 3825 2069 3880 Hic

506 3918 698 3979 postea
721 3911 1028 3979 aegrotavit,
1059 3912 1156 3981 qui
1190 3927 1359 3968 sanus
1392 3927 1519 3966 cum
1551 3923 1724 3976 esset,
1752 3930 1783 3969 a
1818 3912 1952 3970 Jesu
1987 3915 2070 3970 di-

507 4000 796 4068 ligebatur.
827 4000 980 4055 Haud
1009 4016 1142 4071 ergo
1170 4002 1550 4072 desperandus
1592 4021 1661 4060 ne
1696 4006 1790 4061 ille
1843 4007 2067 4077 quidem

503 4089 598 4158 qui
648 4089 704 4143 in
735 4101 980 4144 extrema
1029 4091 1382 4160 improbitate
1414 4101 1688 4149 versatur.
1730 4095 2064 4153 Praeclarum

502 4179 721 4245 quidem
744 4188 830 4236 est
855 4197 963 4235 non
992 4181 1290 4248 infirmari;
1318 4183 1363 4236 si
1402 4185 1527 4254 quis
1555 4194 1734 4241 tamen
1767 4200 2067 4259 aagrotave-

504 4273 595 4334 rit,
621 4281 740 4327 oret
770 4288 836 4327 ne
875 4272 1165 4328 infirmitas
1197 4271 1314 4340 ejus
1347 4275 1420 4327 sit
1448 4276 1513 4329 ad
1546 4284 1798 4341 mortem,
1837 4278 1931 4333 sed
1967 4294 2065 4348 pro

501 4363 678 4430 gloria
713 4362 828 4417 Dei.
856 4365 1010 4428 Quod
1057 4375 1308 4434 spectare
1355 4367 1479 4421 licet
1518 4369 1572 4421 in
1604 4369 1709 4424 isto
1753 4372 1846 4440 qui
1878 4369 2061 4427 Jesum

2178 3186 2208 3238 ό
2241 3183 2518 3253 τεθνηκὼς
2546 3185 2846 3253 δεδεμένος.
2873 3180 3007 3238 Εἶτα
3038 3185 3303 3255 παρόντος
3329 3186 3420 3240 τοῦ
3456 3186 3632 3257 Ἰησοῦ
3655 3188 3754 3240 καὶ

2176 3275 2285 3328 τῶν
2310 3275 2568 3346 μαθητῶν
2587 3315 2603 3338 ,
2654 3277 2747 3328 καὶ
2773 3275 3126 3339 κελεύσαντος
3163 3276 3345 3337 αὐτοῖς
3363 3316 3378 3339 ,
3427 3275 3614 3329 λύουσι
3641 3275 3752 3329 τῶν

2176 3367 2270 3421 τοῦ
2300 3365 2491 3438 νεκροῦ
2535 3365 2747 3435 δεσμῶν
2777 3366 2867 3419 τὸν
2898 3366 3187 3421 πεισθέντα
3228 3367 3306 3437 τῷ
3341 3367 3455 3437 Υίῷ
3486 3367 3582 3421 τοῦ
3610 3367 3751 3421 Θεοῦ

2177 3460 2273 3512 καὶ
2298 3459 2584 3526 γενόμενον
2627 3457 2731 3521 ἔξω
2760 3456 2850 3510 τοῦ
2904 3475 3007 3528 μνη
3018 3457 3190 3528 μείου.
3230 3440 3315 3512 ’Ὁ
3339 3457 3396 3512 δὲ
3423 3458 3604 3522 λυθεὶς
3639 3459 3749 3512 ᾶπ-

2176 3565 2312 3602 εισιν
2357 3547 2665 3618 ἐλεύθερος,
2707 3548 2800 3601 καὶ
2844 3547 2972 3617 ἑξῆς
3003 3549 3380 3604 συνανάχειται
3428 3550 3505 3621 τῷ
3546 3550 3748 3622 Ἰησοῦ.

2176 3638 2428 3691 Τοιούτου
2479 3637 2619 3702 τινὸς
2689 3638 2967 3708 τάγματος
3008 3638 3273 3708 σύμϐολον
3311 3635 3449 3694 εἶναί
3482 3658 3572 3712 μοι
3602 3641 3753 3695 δοκεῖ

2172 3731 2203 3783 ὁ
2226 3731 2495 3800 Λάζαρος,
2522 3730 2667 3792 ὅστις
2699 3730 2797 3799 μὲν
2825 3725 2893 3801 ἦν
2925 3730 3034 3784 ἀπὸ
3063 3730 3353 3799 Βηθανίας,
3392 3730 3484 3786 τοῦ
3516 3732 3618 3802 τῆς
3644 3732 3752 3785 ὑπο

2174 3821 2344 3891 ακοῆς
2395 3822 2562 3874 οἴκου.
2629 3820 2950 3891 Ἠσθὲνησεν
2999 3820 3257 3893 ὕστερον,
3308 3822 3483 3876 καίτοι
3538 3838 3604 3890 γε
3657 3823 3752 3876 ὅτε

2176 3911 2413 3981 ὑγίαινεν
2443 3911 2595 3980 φίλος
2636 3911 2711 3964 ὢν
2762 3912 2856 3965 τοῦ
2895 3913 3088 3983 Ἰησοῦ.
3147 3915 3222 3966 οὐ
3245 3913 3325 3966 δεῖ
3350 3908 3441 3969 οῦν
3468 3914 3752 3984 ἀπογινώ-

2174 4018 2326 4055 σκειν
2346 4003 2438 4055 καὶ
2460 4001 2548 4054 τὸν
2569 4004 2627 4055 ἐν
2655 4002 2857 4074 ἐσχάτῃ
2880 4003 3044 4074 κακίᾳ
3066 4005 3370 4075 γινόμενον.
3395 4006 3505 4059 Καὶ
3531 4006 3618 4060 ὅτι
3640 4022 3751 4063 κα.-

2172 4093 2260 4147 λὸν
2283 4093 2382 4163 μὲν
2396 4092 2456 4145 τὸ
2482 4092 2816 4163 μηάσθενεῐν
2835 4109 2850 4123 ’
2875 4094 2922 4145 εί
2940 4094 2997 4147 δέ
3019 4111 3102 4157 τις
3122 4094 3369 4159 ἀσθενεῖ,
3392 4095 3636 4166 εὐχέσθω
3657 4099 3752 4152 ἵνα
3836 4144 3837 4151 η

2174 4183 2249 4253 μὴ
2277 4183 2311 4252 ἠ
2344 4180 2593 4234 ἀσθένεια
2618 4180 2779 4233 αὑτοῦ
2799 4182 2932 4252 πρὸς
2957 4183 3183 4236 θάνατον
3206 4183 3579 4253 γένηται,άλλ⁹
3603 4187 3751 4258 ὑπὲρ

2169 4271 2268 4340 τῆς
2297 4271 2454 4340 δόξης
2498 4269 2592 4322 τοῦ
2624 4270 2779 4325 Θεοῦ.
2826 4270 2952 4325 Ὀτε
3013 4271 3160 4324 ἐστιν
3202 4273 3328 4327 ἰδεῖν
3371 4276 3464 4328 τὸν
3517 4277 3750 4331 ἀκολου-

2171 4362 2363 4415 θοῦντα
2392 4360 2469 4431 τῷ
2508 4361 2712 4432 Ἰησοῦ,
2756 4363 2877 4415 τίνα
2903 4363 3103 4433 τρόπον
3130 4366 3158 4416 ὁ
3184 4365 3421 4430 τοιοῦτος
3459 4367 3747 4439 ἐξέρχεται

500 4461 787 4507 vocantem
817 4455 1090 4522 sequitur,
1117 4458 1390 4523 quomodo
1415 4472 1608 4525 nempe
1628 4459 1697 4512 ob
1721 4457 1849 4514 Jesu
1873 4476 2062 4515 vocem

2182 4455 2266 4506 ιὲν
2297 4453 2384 4506 διὰ
2410 4454 2509 4524 τὴν
2556 4454 2730 4522 Ἰησοῦ
2763 4454 2946 4524 φωνὴν
2974 4495 2990 4519 ,
3030 4454 3108 4509 ἔτι
3133 4456 3188 4509 δὲ
3215 4459 3423 4529 σειραῖς
3447 4460 3554 4513 τῶν
3593 4460 3747 4515 ἰδίων

500 4545 654 4610 exiit,
699 4545 878 4599 adhuc
924 4554 1107 4600 tamen
1156 4559 1506 4615 peccatorum
1563 4564 1787 4604 suorum
1828 4551 2063 4607 vinculis

500 4636 756 4707 alligatus
801 4648 856 4692 et
896 4640 1234 4694 constrictus
1266 4654 1282 4690 :
1313 4640 1384 4694 ob
1418 4641 1791 4710 paenitentiam
1839 4641 2060 4710 quidem

499 4735 554 4784 et
588 4728 956 4784 obedientiam
1010 4729 1142 4786 Jesu
1178 4734 1320 4792 voci.
1370 4733 1596 4796 vivens;
1627 4733 1720 4787 sed
1755 4734 1883 4802 quia
1922 4749 2064 4787 non-

498 4819 629 4874 dum
673 4829 1022 4888 peccatorum
1060 4823 1271 4892 laqueis
1304 4823 1542 4885 solutus,
1584 4823 1824 4876 nondum
1874 4823 2063 4878 liberis

499 4910 729 4980 pedibus
764 4913 1015 4969 incedere
1047 4916 1264 4980 valens;
1294 4914 1389 4968 sed
1422 4930 1596 4983 neque
1631 4915 1809 4969 solute
1843 4916 2061 4984 operari

500 5005 816 5072 praeclarum
848 5005 1053 5075 aliquid
1088 5006 1290 5071 valens,
1320 5014 1542 5074 propter
1569 5022 1763 5060 manus
1791 5008 2061 5075 pedesque

496 5092 816 5148 mortuariis
844 5093 1092 5164 ligaturis
1125 5086 1450 5164 impeditos;
1478 5102 1641 5163 atque
1670 5095 1741 5149 ob
1775 5095 1825 5149 id
1857 5095 2055 5149 faciem

496 5200 715 5255 quoque
762 5184 1070 5254 ignorantia
1117 5187 1351 5240 velatam
1403 5201 1618 5256 gerens.
1666 5182 2054 5240 Verumtamen

494 5270 622 5326 Jesu
655 5275 912 5328 mandato
938 5277 1151 5329 solutus
1191 5290 1253 5329 ac
1288 5264 1426 5329 liber
1459 5274 1707 5338 effectus,
1730 5277 1837 5331 tale
1871 5276 2055 5345 ingre-

495 5363 641 5418 ditur
674 5364 796 5428 iter,
828 5380 1003 5434 eoque
1034 5366 1299 5433 pervenit,
1334 5374 1393 5419 ut
1430 5382 1572 5420 unus
1605 5365 1671 5420 de
1704 5364 2057 5420 discumben-

568 5515 611 5547 “
653 5514 669 5567 I
709 5515 832 5569 Cor.
865 5530 954 5579 xv,
990 5515 1081 5569 52.
1122 5584 1127 5589 δ

2169 4545 2580 4615 ἁμαρτημάτων
2606 4544 2885 4615 δεδεμένος
2905 4547 2998 4598 καὶ
3017 4526 3341 4617 ἐσφιγμένος
3358 4591 3374 4613 ,
3399 4549 3488 4603 διά
3515 4552 3616 4621 μὲν
3642 4553 3747 4623 τὴν

2173 4638 2459 4706 μετάνοιαν
2487 4637 2581 4690 καὶ
2609 4637 2670 4688 τὸ
2703 4637 3002 4707 ἀκηκοέναι
3020 4638 3120 4707 τῆς
3155 4638 3329 4709 Ἰησοῦ
3358 4641 3560 4710 φωνῆς.
3584 4642 3704 4707 ζῶν
3722 4659 3739 4675 ⁶
3836 4668 3837 4717 ι

2168 4723 2254 4779 διὰ
2285 4726 2341 4778 δὲ
2372 4727 2433 4779 τὸ
2462 4727 2537 4799 μὴ
2565 4725 2923 4781 ἀπολελύσθαι
2954 4728 3060 4781 τῶν
3074 4729 3171 4799 τῆς
3197 4731 3467 4800 ἁμαρτίας
3495 4733 3741 4804 δεσμῶν,

2173 4816 2305 4887 μηδὲ
2333 4817 2433 4887 ἢδη
2454 4817 2710 4869 δύνασθαι
2736 4817 3039 4888 ἐλευθέροις
3064 4819 3364 4873 ἐπιϐαίνειν
3392 4823 3569 4885 ποσὶν,
3599 4824 3743 4878 ἀλλὰ
3836 4860 3837 4865 η

2171 4910 2304 4981 μηδὲ
2338 4912 2581 4980 ἐνεργεῖν
2609 4909 3023 4980 ἀπολελυμὲνως
3051 4911 3119 4965 τὰ
3143 4912 3482 4983 διαφέροντα,
3517 4914 3741 4984 δεδεμὲμ
3836 4960 3837 4971 η

2166 5018 2253 5064 νος
2299 5002 2395 5063 τὰς
2423 5003 2610 5071 χεῖρας
2652 5001 2745 5053 καὶ
2789 5004 2913 5066 τοὺς
2948 5004 3111 5067 πόδας
3150 5006 3363 5075 δεσμοῖς
3392 5008 3604 5078 νεκρῶν
3635 5028 3765 5082 κηκ
3836 4994 3837 5001 γ

2168 5092 2338 5161 ρίαις’
2375 5093 2467 5144 καὶ
2494 5092 2580 5144 διὰ
2617 5092 2815 5156 ταύτας
2856 5094 2953 5165 τὴν
2977 5095 3096 5164 ὄψιν
3128 5099 3192 5165 τῇ
3230 5096 3420 5168 ἀγνοίᾳ
3449 5100 3737 5173 κεκαλυμκ

2167 5183 2343 5253 μενος.
2392 5181 2489 5235 Διά
2533 5181 2593 5235 δὲ
2625 5182 2722 5253 τὴν
2769 5184 3061 5251 πρόσταξιν
3095 5185 3188 5238 τοῦ
3231 5186 3403 5256 Ἰησοῦ
3431 5187 3614 5252 λυθεὶς
3638 5190 3736 5243 καὶ

2163 5274 2405 5342 ἀφεθεὶς,
2437 5272 2725 5343 πορεύεται
2760 5276 3010 5344 τοιαύτην
3059 5277 3314 5347 πορείαν,
3358 5275 3500 5330 ὥστε
3520 5278 3735 5346 φθάσαι

2167 5365 2326 5419 αὐτὸν
2363 5366 2453 5417 ἐπὶ
2494 5364 2572 5434 τῷ
2615 5365 2711 5419 ἕνα
2746 5367 2838 5419 καὶ
2880 5367 3041 5419 αὐτὸν
3077 5368 3327 5436 γενέσθαι
3354 5369 3461 5423 τῶν
3492 5387 3732 5429 συνανα-

568 5697 644 5755 ll)
677 5699 836 5753 Οὕτω
866 5698 941 5764 δή
970 5715 1127 5764 τινες
1168 5739 1179 5755 .
1211 5734 1223 5750 .
1258 5737 1270 5751 .
1308 5740 1317 5753 .
1346 5698 1412 5754 ἐν
1447 5697 1566 5765 τοῖς
1600 5697 1927 5769 μνήμασιν.
1981 5697 2056 5754 Ex

2182 5716 2286 5756 uena
2311 5698 2564 5757 Vaticana
2598 5716 2684 5772 ap.
2708 5701 2806 5756 Mai
2843 5702 2972 5759 ibid.
