3882 6206
210 229 287 283 6Ῐὶ

1078 220 1144 274 ΙΝ
1172 220 1513 277 JOANNEM.
1543 254 1609 264 —
1642 221 1770 275 LIB.
1808 217 1896 273 VII
1942 220 2029 273 ET
2073 219 2186 274 VIII
2222 217 2666 273 FRAGMENTA.

3404 221 3476 277 66

206 342 486 416 κειμένων
523 338 670 411 αὐτῷ
708 337 905 411 Ἰησοῦ.
958 337 1081 391 Τίσι
1111 339 1166 391 δέ
1198 339 1346 394 λύειν
1385 341 1547 393 αὑτὸν
1576 340 1798 408 ἐπέτρε-

1906 337 2051 391 tibus
2080 353 2204 389 cum
2237 336 2365 392 Jesu
2400 336 2517 390 ﬁeri
2552 337 2745 406 possit.
2782 336 2900 390 Jam
2943 338 3273 407 quibusnam
3300 337 3474 395 Laza-

203 438 346 507 ψεν,
370 435 432 487 οὐ
460 433 768 502 γέγραπται
786 447 798 460 ·
836 430 869 501 ἢ
895 431 1010 493 τοῖς
1044 431 1338 502 μαθηταῖς,
1367 433 1399 503 ἢ
1434 435 1546 495 τοῖς
1577 447 1799 484 συνακο-

204 527 543 599 λουθήσασιν
573 523 849 586 Ἰουδαίοις
870 563 884 585 ,
917 523 949 594 ἢ
979 522 1075 577 καὶ
1098 522 1353 591 ἀγγέλοις
1388 524 1517 584 ἴσως
1544 524 1654 584 τοῖς
1685 520 1801 573 δια-

207 620 562 691 κονουμένοις
591 616 740 687 αὐτῷ
761 614 897 687 πρὸς
919 616 1016 683 τὴν
1039 616 1150 669 τῶν
1170 614 1473 687 ἀνθρώπων
1500 615 1796 683 σωτηρίαν.

209 712 327 765 Καὶ
358 708 473 762 ἐστι
521 725 585 774 τε
620 705 851 758 συνιδεῖν
878 704 1335 774 ἀποθνησκόντων
1359 703 1626 776 διαφοράν
1646 742 1659 765 ,
1690 703 1801 753 τῶν

209 802 316 871 μὲν
348 798 471 871 μηδ’
502 798 637 860 ὅλως
673 795 928 860 ἐξιόντων
953 794 1048 847 τοῦ
1079 793 1250 860 οἴκου,
1284 794 1358 857 ὡς
1387 794 1480 847 ἐπὶ
1509 794 1607 863 τῆς
1640 792 1799 846 Ἰαεί-

208 910 309 964 ρου
358 890 631 962 θυγατρὸς
653 929 665 952 ,
700 888 809 942 τῶν
851 889 908 941 δὲ
934 888 1035 960 ἤδη
1067 889 1338 942 ἀπιόντων
1374 889 1467 940 ἐπὶ
1502 887 1562 940 τὸ
1591 888 1796 957 μνῆμα,

204 985 286 1048 ὡς
341 983 435 1037 ἐπὶ¹
487 982 582 1037 τοῦ
628 980 745 1035 υίοῦ
785 981 885 1051 τῆς
913 982 1125 1052 χήρας·
1193 980 1304 1033 τῶν
1362 980 1419 1033 δέ
1472 979 1565 1033 καὶ
1615 977 1800 1030 τεθέν-

203 1092 320 1130 των
366 1076 425 1127 ἐν
458 1074 536 1145 τῷ
578 1073 832 1145 μνημείῳ
870 1074 965 1126 καὶ
992 1073 1093 1143 ήδη
1119 1072 1454 1141 σεσηπότων.
1508 1068 1717 1122 Ἀθλιοι
1742 1067 1799 1120 δὲ

206 1168 366 1240 παρὰ
413 1168 624 1230 τούτοις
665 1168 715 1218 ot
758 1166 853 1218 ἐπὶ
895 1165 1078 1218 πλεῖον
1123 1164 1552 1236 ἐμϐραδύνοντες
1602 1163 1658 1214 ἐν
1687 1162 1799 1226 τοῖς

211 1263 515 1331 μνήμασιν.

293 1354 353 1407 Ἡ
377 1352 517 1422 ὄψις
544 1352 732 1408 αὐτοῦ
770 1350 1069 1420 σουδαρίῳ
1091 1350 1478 1420 περιεδέδετο.

282 1446 550 1510 Πεσόντες
594 1448 675 1509 είς
716 1444 1012 1515 ἁμαρτίαν,
1042 1443 1294 1515 καθάπερ
1328 1461 1380 1496 τι
1413 1442 1675 1514 κάλυμμα
1697 1443 1796 1515 τὴν

207 1537 467 1590 ἐντεῦθεν
509 1537 776 1607 αἰσχύνην
815 1536 895 1605 τῷ
937 1536 1034 1604 τῆς
1060 1534 1236 1604 ψυχῆς
1274 1534 1551 1605 προσώπῳ
1582 1549 1796 1604 περιτε-

209 1628 512 1699 θείκαμεν,
581 1629 814 1690 καὶτοῖς
859 1625 954 1678 τοῦ
992 1626 1223 1678 Θανάτου
1278 1622 1795 1693 κατεδεσμεύθημεν

1902 445 2025 483 rum
2070 432 2285 484 solvere
2331 430 2708 498 imperaverit,
2753 439 2978 483 nonest
3014 431 3303 500 scriptum,
3344 449 3473 487 num

1903 520 2162 574 videlicet
2195 520 2507 590 discipulis,
2543 534 2611 572 an
2662 519 3020 587 sequentibus
3050 535 3108 573 se
3146 519 3370 587 Judaeis,
3406 539 3476 577 an

1902 611 2065 664 etiam
2116 610 2355 665 fortasse
2407 611 2636 679 angelis,
2673 611 2769 679 qui
2814 610 3202 680 ministrabant
3262 613 3364 681 ipsi
3420 614 3474 666 in

1902 706 2250 774 procuranda
2294 705 2583 757 hominum
2633 704 2830 757 salute.
2862 702 3105 772 Denique
3136 704 3473 758 observanda

1900 804 1987 851 est
2028 804 2373 851 mortuorum
2426 796 2766 861 differentia;
2809 809 3045 863 namque
3096 796 3187 849 alii
3231 798 3474 851 IIOIItIlIIII

1901 888 2064 944 domo
2117 890 2250 943 elati
2320 888 2557 951 fuerant,
2615 896 2675 941 ut
2737 887 2871 942 Jairi
2932 888 3042 942 ﬁlia
3076 906 3089 940 :
3122 889 3213 942 alii
3268 891 3335 943 ad
3388 907 3477 945 se-

1902 982 2152 1051 pulcrum
2182 982 2294 1050 jam
2327 981 2710 1051 portabantur,
2741 990 2798 1032 ut
2831 980 2976 1034 ﬁlius
3008 982 3185 1035 viduae
3216 1000 3227 1034 :
3258 983 3353 1035 alii
3383 981 3477 1036 de-

1900 1069 2067 1141 nique
2104 1072 2217 1139 jam
2254 1071 2307 1123 in
2350 1079 2710 1124 monumento
2744 1072 3021 1140 jacebnnt.
3058 1083 3112 1127 ct
3142 1074 3359 1142 quidem
3392 1084 3476 1128 ta-

1900 1157 2204 1214 bescentes.
2232 1158 2336 1214 Sed
2370 1161 2705 1216 infeliciores
2752 1165 2962 1219 caeteris
2994 1176 3147 1229 sunt,
3177 1167 3268 1234 qui
3302 1167 3393 1221 diu
3418 1167 3474 1222 in

1899 1251 2171 1319 sepulcris
2200 1250 2562 1304 demorantur
2591 1252 2690 1321 (‘2).

1970 1341 2063 1407 XI,
2107 1343 2195 1397 ιιι.
2234 1341 2425 1397 Facies
2455 1344 2566 1412 ejus
2591 1345 2807 1400 sudario
2837 1357 2950 1400 erat
2981 1349 3164 1417 ligata.

1969 1435 2026 1487 In
2071 1446 2357 1506 peccaturo
2408 1437 2566 1505 lapsi,
2600 1436 2842 1493 dedecus
2917 1441 3045 1494 inde
3096 1451 3472 1510 contractum,

1897 1528 2066 1582 veluti
2100 1530 2376 1599 quoddam
2404 1531 2673 1593 velamen,
2712 1532 2909 1587 anima:
2944 1542 3146 1588 nostrae
3180 1536 3336 1591 faciei
3365 1537 3474 1592 cir-

1898 1622 2339 1691 cumposuimus,
2384 1629 2441 1675 et
2490 1622 2683 1675 mortis
2741 1623 2956 1692 laqueis
3012 1624 3207 1679 irretiti
3258 1644 3471 1685 sumus.

209 1720 448 1792 βρόχοις.
504 1721 675 1774 Ὅταν
702 1716 795 1772 οὖν
839 1721 989 1789 ἡμᾶς
1046 1718 1186 1771 κατὰ
1213 1716 1303 1769 τὸν
1329 1719 1426 1785 τῆς
1457 1714 1802 1777 ἀναστάσεως

1905 1711 2039 1765 Cum
2077 1712 2248 1782 igitur
2283 1728 2382 1766 nos
2418 1713 2568 1766 circa
2603 1721 2820 1783 tempus
2852 1718 3279 1773 resurrectionis
3305 1734 3335 1774 e
3357 1735 3473 1773 mo-

207 1815 401 1883 καιρὸν
442 1812 549 1867 τῶν
587 1813 697 1867 ἀπὸ
738 1811 840 1883 γῆς
889 1812 1190 1883 μνημάτων
1233 1810 1428 1876 ἐξοίσει
1477 1811 1505 1861 ὁ
1534 1809 1786 1879 Χριστὸς,

203 1903 330 1955 τότε
354 1902 439 1974 δὴ,
467 1902 610 1967 τότε,
641 1900 748 1955 τῶν
775 1904 833 1955 ἐν
866 1902 1006 1972 ἀρχῇ
1036 1899 1314 1962 ἀπολύσας
1349 1897 1554 1963 κακῶν,
1585 1899 1680 1950 καὶ
1699 1914 1791 1949 πε-

211 1993 441 2065 ριαιρῶν
456 1993 661 2064 τρόπον
679 1993 799 2046 τινὰ
817 1990 918 2062 τῆς
940 1992 1198 2063 αίσχύνης
1219 1992 1278 2043 τὸ
1304 1990 1585 2060 κάλυμμα,
1605 1988 1790 2041 λοιπὸν

205 2083 507 2155 ἐλευθέρως
534 2083 779 2137 ἀνεῖσθαι
805 2082 1015 2136 κελεύει
1038 2123 1051 2146 ,
1092 2083 1189 2151 οὐχ
1220 2082 1461 2152 ἁμαρτίᾳ
1495 2096 1790 2150 τυραννου-

210 2176 404 2245 μένους
422 2218 435 2242 ,
476 2176 574 2245 οὐχ
621 2174 1017 2245 ὑποκειμένους
1044 2177 1113 2244 τῇ
1146 2174 1324 2244 φθορᾷ
1342 2214 1355 2235 ,
1384 2173 1417 2243 ἢ
1446 2172 1649 2242 ἑτέροις
1679 2169 1790 2223 τισὶ

206 2267 423 2321 εἰωθόσι
466 2265 703 2329 κακοῦν,
752 2266 827 2331 ὼς
856 2266 1191 2337 πληροῦσθαι
1234 2268 1291 2317 ἐν
1324 2267 1458 2335 ἡμῖν
1487 2263 1548 2317 τὸ
1573 2263 1640 2315 δι’
1671 2262 1789 2325 ἐνὸς

206 2359 315 2411 τῶν
340 2360 512 2426 άγίων
534 2358 828 2429 προφητῶν
861 2358 1150 2429 εἰρημένον
1170 2375 1182 2387 ·
1208 2376 1225 2408 ι
1263 2354 1661 2421 Ἐξελεύσεσθε,
1695 2354 1789 2406 καὶ

209 2453 528 2521 σκιρτήσετε
550 2452 625 2515 ὡς
651 2453 924 2523 μοσχάρια
953 2452 1015 2502 ἐκ
1041 2449 1252 2519 δεσμῶν
1276 2450 1557 2519 ἀνειμένα.
1586 2470 1603 2500 ι

279 2543 517 2595 Λύσατε
552 2541 739 2595 αὐτὸν
767 2542 865 2594 καὶ
907 2541 1088 2610 ἄφετε
1124 2539 1397 2609 ὑπάγειν.

277 2627 573 2698 Χρησίμως
602 2626 695 2681 οὖν
737 2629 825 2682 διὰ
856 2627 1054 2699 χειρῶν
1092 2629 1307 2680 οἰκείων
1355 2630 1651 2700 ἐπέτρεψεν
1692 2632 1789 2684 αύε-

204 2721 320 2781 τοῖς
350 2719 507 2772 λῦσαι
538 2722 700 2773 αὑτὸν
722 2760 737 2785 ,
782 2722 869 2773 ἵνα
910 2723 1181 2792 μηδεμίαν
1215 2721 1389 2791 ἔχοιεν
1428 2724 1789 2793 συκοφαντίας

204 2811 491 2881 ἀφορμὴν,
540 2812 675 2865 ἀλλὰ
728 2814 1004 2884 μάρτυρες
1045 2807 1147 2865 ὦσι
1186 2814 1281 2866 τοῦ
1329 2813 1625 2884 θαύματος.
1680 2817 1788 2869 Καὶ

206 2902 362 2955 τοῦτο
390 2904 445 2956 δὲ
485 2904 597 2974 ἔχει
621 2904 819 2974 δεῖγμα
852 2906 948 2976 τῆς
980 2904 1274 2974 καθολικῆς
1308 2907 1674 2970 ἀναστάσεως,
1698 2908 1787 2961 ὅτε

206 2992 470 3063 λυομένης
494 2994 593 3063 τῆς
631 2995 905 3065 ἁμαρτίας
935 2998 1027 3048 καὶ
1051 2996 1148 3065 τῆς
1177 2994 1269 3048 τοῦ
1302 2994 1532 3048 θανάτου
1561 2996 1784 3067 φθορᾶς,

1899 1804 2179 1858 numentis
2212 1804 2465 1859 extrahet
2493 1803 2777 1868 Christus,
2808 1812 2940 1861 tunc
2968 1817 3116 1862 certe
3149 1817 3472 1880 repnrgatos

1899 1910 1999 1949 nos
2039 1897 2107 1950 ab
2145 1899 2377 1968 antiqua
2431 1899 2574 1963 labe,
2609 1897 2865 1954 detracto
2903 1902 3216 1959 velamento
3269 1905 3471 1960 liberos

1898 1986 1979 2042 ire
2013 1988 2254 2056 jubebit,
2288 2005 2395 2043 non
2426 1990 2701 2045 obnoxios
2735 1980 2949 2061 peccati
2986 1994 3264 2062 tyrannidi
3295 2012 3472 2068 neque

1897 2083 2262 2150 corruptioni,
2292 2081 2524 2153 aliisque
2558 2082 2717 2137 malis
2757 2083 3043 2138 interitum
3088 2083 3467 2151 aIIerentibus,

1897 2171 1971 2225 ita
2009 2183 2066 2227 ut
2096 2174 2150 2226 in
2184 2173 2342 2228 nobis
2373 2174 2669 2243 impleatur
2716 2174 2865 2243 quod
2902 2174 2972 2229 ab
3002 2190 3113 2230 uno
3150 2186 3470 2233 sanctorum

1896 2266 2287 2334 praplietarum
2342 2266 2549 2321 dictum
2611 2275 2693 2323 est
2732 2286 2746 2322 :
2784 2286 2806 2319 ι
2846 2267 3238 2339 Egrediemini,
3271 2279 3327 2326 et
3376 2285 3470 2328 sa-

1897 2357 2043 2413 lietis
2092 2359 2237 2414 sicut
2268 2359 2420 2414 parvi
2461 2360 2617 2413 vituli
2650 2360 2892 2416 vinculis
2923 2362 3159 2416 exsoluti
3184 2364 3247 2416 ι’.
3284 2381 3306 2414 ο

1965 2530 2057 2595 XI,
2096 2532 2185 2585 M.
2217 2530 2415 2586 Solvite
2444 2548 2561 2585 eunt
2585 2540 2635 2585 et
2659 2532 2818 2586 sinite
2845 2530 3011 2588 abire.

1968 2621 2187 2677 Utiliter
2234 2624 2408 2694 igitur
2462 2624 2581 2679 suis
2618 2638 2714 2678 eos
2758 2624 3017 2680 manibus
3058 2624 3273 2681 solvere
3312 2625 3471 2683 illum

1897 2712 2175 2784 permisit,
2203 2729 2274 2767 ne
2312 2713 2481 2766 ullam
2514 2712 2780 2767 baberent
2811 2713 3101 2768 calumnia:
3133 2730 3346 2782 ansam,
3375 2716 3472 2773 sed

1896 2805 2152 2858 miraculi
2193 2810 2362 2859 testes
2418 2804 2622 2857 forent.
2658 2803 2830 2873 quue
2875 2803 3333 2874 signiﬁcationem
3369 2806 3471 2860 ba-

1896 2896 1987 2949 bet.
2020 2895 2351 2949 universalis
2384 2894 2841 2959 resurrectionis,
2871 2895 3096 2964 quando
3130 2897 3314 2951 soluto
3345 2912 3470 2966 pec-

1896 2997 2018 3038 cato
2078 2991 2135 3038 et
2204 2986 2398 3038 mortis
2452 2985 2840 3053 corruptione,
2888 2988 3267 3056 unusquiSque
3331 2988 3468 3043 liber

204 3059 488 3155 ἐλεύθερος
529 3059 762 3152 άφίεται-
794 3086 1049 3148 ἕκαστος.
1106 3059 1390 3149 ’Πεσόντες
1433 3086 1542 3157 γάρ
1708 3089 1788 3150 εἰς

1898 3077 2205 3130 dimittitur.
2255 3075 2392 3129 Cum
2457 3077 2605 3130 enim
2674 3078 2728 3129 in
2790 3087 3078 3148 peccatum
3133 3079 3468 3146 incidimus,

204 3178 500 3247 ἁμαρτίαν,
538 3177 789 3249 καθάπερ
817 3196 868 3231 τι
899 3179 1162 3247 κάλυμμα
1197 3179 1299 3249 τὴν
1323 3179 1570 3232 ἐντεῦθεν
1598 3181 1788 3251 αίσχύ-

202 3284 301 3337 νην
342 3267 421 3338 τῷ
464 3269 564 3338 τῆς
607 3268 785 3339 ψυχῆς
840 3269 1118 3339 προσώπῳ
1164 3271 1652 3341 περιτεθείκαμεν,
1694 3274 1787 3325 καὶ

202 3361 313 3421 τοῖς
347 3358 443 3412 τοῦ
481 3360 712 3413 θανάτου
761 3360 1281 3433 καταδεσμεύθημεν
1331 3361 1565 3432 βρόχοις.
1621 3365 1787 3417 Ὅταν

202 3443 297 3501 οὖν
327 3451 476 3519 ἡμᾶς
515 3449 657 3504 κατά
685 3450 774 3502 τὸν
805 3451 905 3519 τῆς
936 3452 1285 3514 ἀναστάσεως
1318 3451 1508 3521 καιρὸν
1544 3452 1650 3505 τῶν
1680 3454 1787 3506 ἀπὸ

203 3542 309 3613 γῆς
339 3544 637 3613 μνημάτων
656 3543 839 3614 ἐξοίσῃ
866 3543 1122 3613 Χριστὸς,
1141 3545 1259 3596 τότε
1293 3545 1387 3597 καὶ
1412 3544 1520 3597 τῶν
1544 3546 1786 3616 ἀρχαίων

204 3628 481 3693 ἀπολύσας
535 3629 747 3692 κακῶν,
810 3633 904 3684 καὶ
954 3632 1223 3701 περιελὼν
1275 3633 1476 3702 τρόπον
1522 3636 1644 3686 τινὰ
1688 3636 1787 3706 τῆς

202 3720 467 3792 αἰσχύνης
518 3723 579 3776 τὸ
617 3726 914 3794 κάλυμμα,
964 3725 1147 3778 λοιπὸν
1203 3726 1505 3795 ἐλευθέρως
1544 3728 1786 3781 ἀνεῖσθαι

203 3813 475 3877 κελεύσει,
497 3815 594 3884 οὐχ
626 3816 1018 3885 ὑποκειμένους
1043 3821 1107 3888 τῇ
1132 3818 1304 3888 φθορᾷ
1324 3818 1416 3870 καὶ
1438 3822 1547 3882 τοῖς
1572 3820 1785 3873 εἰωθόσι

201 3910 392 3968 κακοῖς
426 3923 438 3934 ·
480 3908 555 3970 ὼς
600 3909 936 3979 πληροῦσθαι
984 3911 1041 3962 ἐν
1091 3913 1225 3980 ἡμῖν
1276 3912 1336 3963 τὸ
1389 3912 1454 3965 δι’
1508 3914 1624 3976 ἐνὸς
1676 3914 1784 3966 τῶν

203 3998 499 4069 προφητῶν
521 4000 811 4069 εἰρημένον
833 4018 846 4029 ·
882 4021 899 4051 ι
922 4001 1325 4066 Ἑξελεύσεσθε,
1347 4006 1441 4055 καὶ
1464 4008 1784 4075 σκιρτήσετε

200 4089 279 4147 ὡς
316 4090 584 4161 μοσχάρισ.
609 4094 673 4144 ὲκ
697 4091 912 4162 δεσμῶν
940 4093 1222 4162 ἀνειμένα.
1263 4115 1278 4144 ι
1318 4096 1571 4164 Λάμὸανε
1609 4097 1661 4148 δέ
1697 4115 1785 4166 μοι

198 4177 263 4230 τὸ
289 4177 475 4247 θαῦμα
541 4180 635 4233 καὶ¹
688 4182 781 4233 ἐπὶ
824 4182 891 4234 τὰ
915 4183 1079 4246 ἐντός.
1126 4183 1189 4237 Et
1240 4185 1347 4254 γὰρ
1389 4187 1416 4236 ό
1457 4186 1580 4249 νοῦς
1628 4188 1785 4256 ἡμῶν

200 4269 462 4323 ἀποθάνοι
486 4272 755 4342 Λάζαρος,
780 4273 861 4325 δεῖ
890 4275 1029 4343 μετὰ
1059 4275 1517 4347 ἐξομολογήσεως,
1544 4278 1617 4340 ὡς
1638 4280 1786 4351 Μάρ-

202 4364 301 4412 θαν
331 4362 422 4413 καὶ
449 4362 687 4433 Μαρίαν,
730 4364 829 4434 τὴν
860 4365 1048 4435 ύλικὴν
1098 4368 1276 4437 σάρκα
1312 4368 1406 4419 καὶ
1445 4369 1543 4439 τὴν
1579 4386 1775 4439 σεμνο-

200 4453 363 4523 τέραν
395 4455 570 4525 ψυχὴν
613 4457 928 4526 προσελθεῖν
966 4457 1041 4528 τῷ
1075 4458 1295 4529 Χριστῷ
1336 4461 1428 4512 καὶ
1458 4462 1771 4531 παρακαλέ-

202 4563 325 4597 σαι·
374 4548 464 4598 καὶ
520 4547 579 4611 ὃς
624 4548 881 4615 ἐπιστάς,
930 4549 1030 4621 τὴν
1079 4552 1428 4623 ἐπικειμένην
1472 4556 1538 4623 τῇ
1584 4556 1770 4624 μνήμη

199 4636 430 4707 ἀρθῆναι
482 4638 727 4691 κελεύσει
766 4639 1063 4711 πώρωσιν,
1118 4642 1211 4694 καὶ
1256 4646 1495 4712 φωνήσει
1561 4645 1773 4717 μεγάλῃ

202 4730 348 4799 φωνῇ
382 4729 483 4799 τῆς
524 4730 884 4802 εὐαγγελικῆς
921 4732 1220 4802 σάλπιγγος
1248 4751 1261 4763 ·
1298 4733 1467 4805 Δεῦρο
1510 4734 1615 4799 ἔξω
1665 4736 1771 4789 τῶν

197 4820 292 4872 τοῦ
328 4821 532 4891 κόσμου
553 4823 950 4893 περισπασμῶν
971 4841 985 4853 ·
1017 4825 1110 4877 καὶ
1138 4825 1238 4887 τὰς
1272 4825 1457 4892 σειρὰς
1484 4825 1632 4878 λύσει
1665 4828 1773 4879 τῶν

202 4913 504 4981 ἁμαρτιῶν,
535 4913 675 4967 ὥστε
709 4914 967 4970 δύνασθαι
1006 4914 1275 4970 κινεῖσθαι
1313 4917 1596 4987 ἀραρότως
1637 4917 1771 4988 πρὸς

201 5005 420 5073 ἀρετήν.

268 5098 491 5151 Πολλοὶ
528 5094 640 5153 οὖν
679 5100 746 5153 ἐκ
777 5100 894 5153 τῶν
933 5102 1235 5155 Ἰουδαίων
1254 5100 1628 5157 ἐπίστευσαν·
1676 5106 1764 5169 εἱς

197 5190 401 5243 αὐτόν.

267 5278 356 5342 Τῷ
387 5280 673 5351 παραδόξῳ
713 5282 1023 5351 νικηθέντες
1075 5282 1260 5337 πολλοὶ
1309 5284 1758 5338 πεπιστεύκασιν·

264 5392 309 5424 ’⁵⁸
349 5391 578 5448 Malacb.
621 5411 695 5461 tv,
726 5396 781 5449 2.

265 5507 348 5580 (1),
363 5506 463 5563 Ed.
504 5527 518 5563 :
556 5526 680 5564 πεσ.
710 5527 763 5577 γ.
790 5510 868 5571 εἰς
900 5510 998 5578 ἀμ.
1030 5512 1143 5580 τοῖς
1168 5507 1262 5580 τοῦ
1295 5508 1523 5580 θανάτου
1552 5510 1772 5580 δεσμοῖς

198 5578 722 5650 κατεδεσμεύθημεν·
747 5580 990 5649 λάμϐανε
1011 5579 1067 5631 δέ
1092 5597 1180 5649 μοι
1200 5579 1260 5631 τὸ
1282 5579 1612 5650 θαῦμαριαί,
1640 5578 1751 5650 etc.

200 5646 513 5719 Suppletum
535 5646 853 5707 ei'Macario
874 5651 964 5706 fol.
989 5646 1114 5715 585',
1134 5665 1223 5720 ap.
1250 5648 1352 5704 Mai
1386 5646 1421 5705 Ι.
1460 5652 1496 5704 l.
1541 5665 1593 5719 p.
1622 5649 1742 5705 I35.

1891 3171 2245 3241 ignominiam
2287 3171 2417 3226 inde
2457 3182 2793 3239 manantem,
2826 3189 2925 3228 ceu
2979 3174 3253 3243 quoddam
3284 3175 3465 3228 velum

1890 3265 2087 3318 animae
2114 3274 2318 3319 nostra:
2348 3264 2508 3319 faciei
2539 3265 2889 3328 obducimus,
2916 3274 2969 3319 et
3003 3268 3196 3321 mortis
3229 3268 3466 3322 vinculis

1891 3356 2198 3425 alligamur.
2233 3356 2368 3410 Cum
2406 3364 2588 3411 autem
2628 3373 2728 3411 nos
2762 3360 3192 3414 resurrectionis
3212 3368 3468 3429 tempore

1889 3462 1919 3500 c
1948 3457 2110 3501 terrae
2145 3449 2518 3503 monumentis
2540 3449 2741 3503 educet
2762 3450 3038 3514 Christus,
3062 3463 3190 3505 tunc
3217 3452 3466 3521 antiquis

1890 3540 2189 3609 expediens
2218 3539 2832 3609 tnalis,detraliensque
2865 3542 3272 3610 quodammodo
3307 3543 3463 3612 igno-

1889 3631 2071 3685 minia?
2102 3632 2583 3701 velum,postbinc
2613 3633 2818 3689 liberos
2850 3637 3003 3689 abire
3031 3634 3262 3702 jubebit,
3284 3650 3461 3705 neque

1889 3722 2097 3790 peccati
2132 3720 2370 3775 ulterius
2423 3722 2716 3791 tyrannide
2757 3737 3004 3791 pressos,
3042 3736 3220 3790 neque
3267 3737 3462 3776 corru—

1890 3814 2060 3884 ptioni
2102 3812 2357 3868 subditos
2405 3823 2500 3868 aut
2534 3816 2817 3869 consuetis
2856 3815 3016 3869 malis
3048 3831 3063 3866 :
3100 3822 3159 3867 ut
3210 3813 3460 3884 perﬁcia-

1889 3918 1977 3961 tur
2015 3910 2070 3961 in
2120 3909 2277 3961 nobis
2325 3907 2535 3961 dictum
2577 3908 2706 3961 olim
2766 3909 2834 3962 ab
2879 3925 2990 3962 uno
3039 3923 3069 3962 e
3126 3907 3407 3977 prophetis
3442 3926 3459 3959 :

1893 4016 1909 4047 ‹
1952 3997 2336 4067 Egrediemini,
2366 4005 2420 4050 et
2458 4008 2719 4065 tanquam
2750 3999 2908 4053 vituli
2953 4000 3167 4054 salictis
3223 4000 3460 4055 vinculis

1888 4089 2141 4140 resoluti.
2198 4108 2216 4138 ›
2284 4088 2655 4143 Accommoda
2726 4091 2859 4144 mihi
2910 4093 3073 4144 etiam
3132 4093 3459 4145 miraculum

1886 4180 1952 4233 ad
1979 4180 2139 4249 691
2186 4180 2476 4234 interiora.
2511 4181 2571 4235 Si
2601 4184 2749 4236 enim
2786 4199 2940 4238 mens
2971 4196 3155 4238 nostra
3197 4194 3457 4254 tanquam

1886 4272 2128 4325 Lazarus
2188 4280 2403 4326 mortua
2471 4273 2572 4337 sit,
2638 4283 2859 4344 oportet
2923 4291 3049 4329 cum
3109 4274 3460 4331 confessione

1888 4368 2081 4420 molem
2140 4367 2330 4421 carnis
2364 4368 2731 4431 materialem,
2760 4376 2817 4421 et
2850 4368 3306 4422 venerabiliorem
3339 4370 3458 4421 ani—

1884 4472 2046 4517 mam,
2086 4466 2350 4525 tanquam
2391 4456 2660 4511 Martbatn
2699 4469 2751 4513 et
2787 4458 3044 4523 Mariam,
3092 4458 3353 4514 accedere
3386 4459 3459 4511 ad

1879 4549 2159 4604 Christum
2199 4556 2256 4601 et
2306 4548 2594 4617 deprecari
2633 4571 2643 4603 :
2680 4559 2735 4603 et
2780 4549 2874 4603 ille
2904 4558 3094 4605 astans
3142 4550 3455 4620 impositam

1880 4644 2161 4698 memoriae
2200 4642 2318 4696 tolli
2351 4641 2569 4711 jubebit
2596 4641 2855 4696 duritiem
2889 4657 2954 4695 ac
2986 4642 3211 4706 callum,
3244 4650 3297 4695 et
3338 4642 3456 4694 cla-

1880 4734 2052 4787 mabit
2098 4748 2294 4801 magna
2335 4733 2664 4803 evangelica:
2700 4733 2845 4787 tubae
2882 4748 3013 4787 voce
3054 4754 3066 4787 :
3112 4732 3231 4787 Huc
3273 4736 3458 4788 venite

1879 4834 2032 4880 extra
2078 4825 2268 4878 mundi
2307 4824 2701 4879 distractiones
2736 4843 2748 4878 :
2784 4835 2839 4879 et
2866 4825 3044 4894 solvet
3098 4832 3453 4895 peccatorum

1879 4929 2125 4979 catenas,
2168 4918 2240 4970 ita
2278 4924 2337 4970 ut
2378 4916 2654 4987 possimus
2700 4918 2906 4972 moveri
2956 4916 3345 4971 convenienter
3380 4916 3452 4969 ad

1878 5012 2156 5064 virtntcm.
3448 5008 3471 5102 ί

1946 5098 2044 5163 XI,
2107 5100 2192 5153 ιε.
2256 5097 2417 5152 Multi
2461 5115 2581 5168 ergo
2629 5114 2694 5152 ea:
2752 5098 2957 5155 Judcet's
3008 5098 3341 5153 crediderunt
3364 5097 3446 5163 [in

1878 5208 2017 5245 ετιιη.

1947 5283 2094 5337 Multi
2144 5282 2224 5336 rei
2282 5281 2526 5335 novitate
2573 5289 2628 5335 et
2683 5283 2953 5337 miraculo
3005 5282 3137 5335 \‘icli
3182 5277 3435 5335 credide-

1952 5508 2553 5580 (2)Contemporaneus
2615 5512 2820 5581 Cyrillo
2851 5510 3192 5576 Augustinus
3232 5511 3315 5579 pie
3344 5511 3439 5566 do—

1865 5588 2058 5647 ctequc
2091 5591 2468 5648 argumentum
2490 5584 2590 5635 hoc
2616 5583 2683 5635 de
2708 5583 2883 5635 tribus
2908 5583 3140 5634 mortuis
3158 5596 3188 5633 a
3209 5581 3441 5639 Domino

1859 5651 2139 5705 suscitatis
2176 5659 2374 5706 tractat
2421 5668 2675 5708 sermone
2712 5667 2897 5718 xcvnt,
2938 5652 3023 5706 ed.
3059 5650 3235 5707 Mwn.
