3882 6206
435 246 503 303 67
1433 245 1492 301 S.
1531 242 1810 302 CYBILLI
1848 242 2329 301 ALEXANDRINI
2360 243 2690 305 ARCHIEP.
3630 250 3702 308 68

438 357 613 429 runt;
667 359 759 414 alii
812 372 943 416 vero
976 357 1150 415 livore
1189 358 1455 430 impulsi,
1495 361 1850 417 occasionem
1890 359 2018 415 inde

2132 358 2309 432 ἕτεροι
2353 360 2412 415 δὲ
2454 360 2533 432 τῷ
2564 359 2744 432 φθόνῳ
2765 361 3088 434 τρωθέντες,
3125 361 3382 439 ἀφορμὴν
3410 365 3698 424 *ποιοῦνται

440 458 798 522 sumpserunt
855 451 1115 521 patrandi
1172 464 1240 506 ea
1288 466 1416 522 quae
1474 452 1679 508 invidis
1728 466 1849 508 mos
1897 460 2019 515 est,

438 543 896 612 principibusque
920 542 1072 612 quod
1105 542 1314 596 factum
1343 550 1465 596 erat
1493 545 1838 607 retulerunt,
1875 551 1938 597 ut
1966 550 2021 597 et

441 635 551 689 illis
585 634 655 689 ob
707 650 773 689 ea
818 650 940 702 quae
971 633 1168 689 fecerit
1195 632 1456 688 Christus
1479 673 1496 700 ,
1526 636 1778 690 molestia
1808 635 2022 692 allectis

438 734 494 781 et
525 726 1073 793 anxiis,nonnullum
1105 725 1192 780 sui
1223 726 1432 781 doloris
1460 727 1715 783 solatium
1748 729 2020 796 habeant,

440 820 677 874 inventis
708 819 792 873 sui
827 819 1087 874 maeroris
1119 820 1476 876 consortibus
1509 835 1573 874 ac
1599 821 1869 876 rivalibus
1889 862 1903 885 ,
1931 829 2020 874 ut-

439 928 549 982 que
603 928 729 966 cum
766 911 871 980 ipsi
912 925 1024 965 non
1059 918 1286 981 possent
1336 912 1393 966 in
1428 927 1491 967 os
1526 912 1730 967 intueri
1765 928 1889 968 eum
1925 913 2020 983 qui

440 1003 576 1059 nihil
616 1002 889 1073 injustum
930 1000 1160 1066 fecerat,
1200 1002 1539 1071 potentiores
1593 1002 1860 1059 adversus
1894 1019 2019 1060 eum

441 1098 726 1152 irritarent
765 1102 934 1165 atque
970 1093 1362 1150 accenderent.

482 1188 617 1256 “XI,
651 1190 743 1244 47.
784 1187 927 1254 Quid
958 1187 1189 1257 facimus
1212 1228 1227 1255 ,
1257 1187 1386 1258 quia
1423 1187 1508 1241 hic
1538 1187 1693 1242 homo
1729 1187 1899 1241 multa
1945 1188 2023 1241 si—

437 1299 542 1354 gna
577 1282 710 1352 facit
733 1284 760 1337 .9

507 1374 806 1430 Enimvero
843 1374 1129 1441 Pharisaei,
1172 1373 1380 1429 omissa
1417 1371 1815 1437 admiratione,
1841 1372 2020 1427 dolori

439 1480 500 1520 se
554 1466 815 1531 tradunt,
867 1473 923 1520 et
968 1466 1037 1521 de
1084 1465 1394 1520 occidendo
1474 1466 1796 1520 consultant
1856 1481 2019 1535 quem

442 1558 806 1628 potentiorem
863 1557 1094 1626 vident,
1150 1573 1262 1612 non
1315 1556 1627 1628 cogitantes
1686 1557 2019 1613 ineffabilem

443 1653 774 1723 potentiam,
807 1659 887 1717 et,
910 1660 972 1705 ut
997 1650 1068 1706 de
1095 1649 1321 1705 homine
1351 1650 1589 1720 simplici
1616 1650 2018 1717 existimantes,

2121 449 2184 503 τὸ
2216 450 2398 519 θαῦμα
2434 450 2528 504 τοῦ
2561 450 2757 521 δράσαι
2791 450 2860 504 τὰ
2888 451 2995 505 τῶν
3041 451 3400 522 φθονούντων,
3457 458 3554 513 καί⁵
3583 461 3699 524 τοῖς

2122 543 2451 615 ἡγουμένοις
2500 544 2850 615 ἀπήγγειλαν
2885 544 2948 598 τὸ
2979 546 3203 614 γεγονὸς
3223 587 3239 611 ,
3294 547 3382 601 ἵνα
3424 550 3698 607 κάκεινων

2122 633 2473 704 λυπηθέντων
2496 633 2582 702 ἐφ’
2606 626 2687 696 οἷς
2716 633 3011 702 εἰργάσατο
3038 637 3066 688 ὁ
3090 635 3345 707 Χριστὸς,
3378 637 3548 709 σχῶσι
3574 658 3701 697 τινα

2123 724 2450 796 παραψυχὴν
2484 725 2586 796 τῆς
2617 725 2753 789 ἰδίας
2809 725 3005 797 λύπης,
3062 726 3141 797 τῷ
3187 729 3285 781 καὶ
3323 729 3516 797 ἄλλους
3552 732 3701 804 ἔχειν

2122 819 2428 888 ὁμόφρονας
2472 819 2566 871 καὶ
2620 820 3019 886 συγκοινωνοὺς
3049 819 3148 890 τῆς
3178 821 3529 893 παράφρονος
3559 823 3702 878 ταύ-

2123 928 2221 980 της
2257 910 2452 982 λύπης·
2496 910 2591 965 καὶ
2624 910 2710 964 ἴνα
2762 911 2918 964 αὐτοὶ
2969 912 3045 983 μὴ
3090 911 3366 982 ἰσχύοντες
3402 914 3595 984 βλέψαι
3622 916 3700 987 (1)

2122 998 2213 1051 τὸν
2243 997 2395 1051 οὐδὲν
2418 997 2778 1070 ἀδικήσαντα,
2826 1000 2953 1063 τοὺς
2990 999 3394 1074 δυνατωτέρους
3434 1005 3554 1058 κατ’
3598 1005 3703 1058 αύ-

2123 1088 2218 1141 τοῦ
2253 1088 2566 1158 ἐρεθίσωσι.
2812 1094 2818 1100 ’

2199 1182 2261 1236 Τί
2306 1180 2614 1249 ποιοῦμεν,
2667 1181 2757 1234 ὅτι
2810 1183 2844 1234 ὀ
2894 1181 3203 1252 ἄνθρωπος
3251 1180 3432 1254 οὗτος
3478 1187 3703 1259 σημεῖα

2124 1273 2330 1328 πολλὰ
2362 1274 2554 1337 ποιεῦ

2207 1368 2423 1439 Ἀμέλει
2455 1369 2550 1422 καί
2575 1371 2622 1423 οἰ
2665 1369 2763 1441 μὲν
2790 1372 3076 1444 Φαρισαῖοι
3108 1371 3170 1424 τὸ
3198 1371 3498 1443 θαυμάζειν
3529 1373 3700 1442 ἀφέν-

2123 1476 2235 1524 τες,
2268 1460 2360 1513 ἐπὶ
2385 1460 2446 1513 τὸ
2476 1460 2766 1516 λυπεῖσθαι
2800 1463 3116 1532 τρέπονται,
3148 1465 3243 1517 καὶ
3271 1464 3501 1518 θανάτου
3534 1466 3703 1519 αὑτὸν

2124 1552 2409 1624 κρείττονα
2467 1553 2777 1625 βλέποντες,
2822 1556 3143 1610 ἀποκτεῖναι
3182 1557 3547 1628 βουλεύονται⁵
3598 1557 3703 1614 οὐκ

2128 1643 2436 1708 ἐννοοῦντες
2467 1643 2564 1715 τὴν
2593 1644 2799 1714 ἄφατον
2836 1646 3107 1711 ἐξουσίαν,
3151 1646 3227 1711 ὡς
3256 1649 3386 1721 περὶ
3410 1648 3701 1721 ἀνθρώπου

441 1712 718 1800 dicuntzc
751 1712 894 1811 Quid
942 1742 1179 1798 facimus
1213 1782 1228 1807 ,
1279 1743 1414 1814 quia
1460 1712 1626 1798 homo
1679 1743 1795 1813 ipse
1848 1712 2018 1797 multa

2132 1736 2179 1790 se
2213 1735 2370 1807 ψιλοῦ
2398 1712 2730 1804 ἐννοοῦντες,
2778 1737 3022 1793 ἐλάλουν·
3054 1757 3073 1791 ι
3116 1740 3180 1793 Τί
3231 1712 3524 1813 ποιοῦμεν,
3554 1743 3638 1795 ὅτι
3670 1742 3703 1795 ὁ

443 1839 601 1907 signa
630 1835 803 1890 facit?
835 1853 854 1887 ι
906 1834 1157 1904 quamvis
1202 1834 1378 1903 magis
1422 1849 1490 1889 ex
1533 1848 1601 1888 eo
1647 1834 1878 1889 credere
1925 1849 2021 1889 eos

443 1928 689 1997 oportuit
729 1926 907 1996 ipsum
938 1940 1062 1980 esse
1088 1923 1373 1980 Christum
1398 1962 1413 1989 ,
1450 1940 1611 1994 quem
1647 1925 1836 1979 divina
1866 1923 2020 1979 Scri-

443 2028 605 2088 ptura
640 2018 825 2072 multis
859 2017 993 2071 locis
1035 2017 1425 2086 praedixisset,
1470 2015 1716 2071 futurum
1766 2016 2024 2073 videlicet

443 2108 740 2162 multorum
777 2107 1174 2162 miraculorum
1222 2106 1510 2161 factorem.
1558 2106 1638 2161 illi
1692 2121 1824 2162 vero
1857 2108 2023 2162 etiam

443 2214 667 2255 causam
706 2208 1019 2270 praetexunt
1042 2237 1059 2265 ,
1097 2215 1195 2270 per
1227 2213 1394 2269 quam
1432 2200 1758 2254 nitebantur
1792 2215 2023 2271 persna-

443 2294 573 2347 dere
604 2291 908 2347 levioribus
943 2300 1003 2345 ut
1042 2306 1169 2346 eum
1224 2291 1573 2357 occiderent,
1624 2301 1679 2345 et
1711 2292 1910 2347 aiunt:
1960 2289 2022 2346 Si

444 2401 568 2441 eum
602 2386 682 2440 sic
723 2385 1178 2455 perniiserimus,
1215 2399 1317 2454 pro
1357 2399 1424 2438 eo
1471 2384 1619 2453 quod
1666 2392 1790 2451 est,
1839 2386 2025 2440 vivere

443 2486 499 2531 et
531 2474 796 2529 miracula
832 2472 1015 2529 fecere
1036 2512 1052 2539 ,
1085 2475 1324 2544 pessime
1351 2474 1642 2529 nobiscum
1700 2486 1913 2545 agetur.
1963 2475 2022 2530 Si

444 2567 592 2622 enim
650 2566 743 2623 isti
800 2566 973 2635 legem
1025 2565 1255 2621 violanti
1304 2566 1501 2636 vulgus
1552 2566 1887 2633 adliaeserit,
1934 2582 2024 2623 res

445 2667 650 2713 nostra:
688 2658 950 2729 deinceps
980 2657 1340 2713 conclamata:
1384 2667 1536 2723 sunt,
1564 2673 1628 2713 ac
1654 2660 2023 2729 postmodum,

447 2759 711 2821 tanquam
766 2747 971 2805 Iudaeis
1026 2748 1332 2805 debilitatis
1363 2765 1428 2805 ac
1464 2750 1893 2814 inclinantibus,
1934 2752 2024 2806 in-

446 2842 650 2896 vadent
681 2840 738 2896 in
786 2855 888 2895 nos
939 2838 1205 2903 Romani,
1252 2854 1430 2910 neque
1476 2841 1726 2910 paternis
1775 2841 2026 2897 moribus

446 2949 552 2990 nos
581 2935 754 2989 libere
785 2933 866 2988 uti
901 2933 1106 2998 sinent,
1132 2947 1311 3002 neque
1340 2939 1540 2986 nostra:
1585 2933 1733 3002 genti
1766 2948 2020 3002 praeesse,

2123 1825 2411 1896 ἄνθρωπος
2457 1820 2609 1890 οὗτος
2643 1826 2816 1880 πολλὰ
2849 1832 3052 1899 σημεῖα
3075 1832 3255 1895 ποιεῖ;
3296 1850 3313 1881 ι
3358 1830 3548 1884 Καίτοι
3577 1830 3702 1884 δέον

2122 1917 2187 1968 ἐκ
2210 1915 2400 1968 τούτου
2436 1915 2639 1984 μᾶλλον
2664 1917 2981 1984 πιστεῦσαι,
3009 1920 3091 1972 ὅτι
3112 1920 3273 1984 αὐτὸς
3294 1916 3361 1990 ἦν
3387 1924 3416 1975 ὁ
3439 1921 3698 1993 Χριστὸς,

2121 2007 2182 2061 ὃν
2205 2009 2238 2077 ἡ
2272 2007 2630 2072 θεόπνευστος
2652 2010 2844 2082 Γραφὴ
2875 2011 2934 2064 ἐν
2967 2011 3181 2075 πολλοῖς
3222 2013 3699 2084 προανεφὼνησεν,

2123 2100 2206 2152 ὅτι
2234 2098 2445 2152 πολλῶν
2483 2101 2726 2170 σημείων
2759 2100 2910 2155 ἔσται
2965 2100 3318 2173 δημιουργός.
3375 2104 3438 2155 Oi
3475 2102 3555 2168 δὲ,
3603 2103 3700 2157 καὶ

2124 2191 2299 2245 αἰτίαν
2339 2190 2785 2262 προφασίζονται,
2818 2191 2885 2245 δι’
2917 2187 2986 2264 ἧς
3018 2192 3317 2264 ἐπειρῶντο
3354 2196 3537 2247 πεῖσαι
3570 2194 3701 2256 τοὺς

2124 2284 2542 2356 ἐλαφροτέρους,
2600 2287 2918 2338 ἀποκτεῖναι
2971 2285 3153 2351 αὑτὸν,
3226 2285 3319 2339 καί
3376 2302 3570 2355 φασιν·
3601 2286 3701 2338 Ἂν

2125 2377 2375 2447 ἐάσωμεν
2402 2375 2788 2441 αύτὸνόῦτως,
2829 2377 2950 2430 ἀντὶ
2984 2375 3097 2441 τοῦ,
3136 2375 3313 2441 ζῶντα
3360 2379 3452 2432 καὶ
3488 2377 3704 2450 θαυμα-

2124 2469 2476 2541 τουργοῦντα,
2520 2469 2821 2539 πεισόμεθα
2869 2469 3144 2524 πάνδεινα.
3194 2467 3322 2523 Ἐὰν
3370 2470 3479 2539 γάρ
3525 2469 3704 2540 τούτῳ

2123 2561 2215 2614 τὸν
2244 2561 2406 2632 νόμον
2441 2558 2762 2613 καταλύοντι
2808 2559 3142 2613 πιστεύσωσι
3188 2559 3393 2625 πολλοὶ,
3423 2561 3701 2630 οἰχήσεται

2125 2653 2312 2707 λοιπὸν
2342 2653 2412 2707 τά
2465 2653 2730 2725 ήμέτερα’
2777 2652 2874 2705 καὶ
2927 2652 3114 2705 λοιπὸν
3163 2654 3239 2715 ὼς
3285 2652 3701 2724 άσθενησάντων

2139 2745 2406 2799 Ἰουδαίων
2435 2747 2515 2808 εἰς
2544 2745 2718 2807 τέλος,
2750 2744 3106 2813 ἐπιθήσονται
3155 2745 3291 2815 ἡμῖν
3323 2746 3370 2797 oi
3405 2746 3697 2808 Ῥωμαῖοι,

2127 2840 2221 2892 καὶ
2246 2840 2345 2891 ούκ
2376 2839 2627 2891 ἐάσουσιν
2654 2840 2804 2909 ἡμᾶς
2832 2839 2945 2900 τοῖς
2996 2835 3271 2908 πατρῴοις
3309 2835 3487 2890 ἔθεσιν
3529 2837 3701 2899 ἀδεῶς

2127 2930 2457 3003 χρήσασθαι,
2483 2929 2607 2983 οὔτε
2642 2929 2736 2982 τοῦ
2772 2928 2901 2982 ἰδίου
2935 2928 3123 2999 ἄρχειν
3152 2927 3361 2992 ἔθνους,
3399 2926 3524 2981 οὕτε
3549 2927 3705 2980 δικάο

450 3043 629 3098 neque
650 3025 902 3096 judicare
924 3066 939 3088 ,
974 3025 1189 3095 ipsique
1218 3026 1400 3095 potius
1426 3024 1793 3092 iudicabunt,
1826 3034 1881 3081 et
1912 3042 2018 3080 non

2132 3022 2260 3086 ζειν,
2315 3021 2468 3075 αὐτοὶ
2495 3021 2694 3092 μᾶλλον
2744 3021 3079 3085 δικάζοντες,
3116 3020 3208 3074 καὶ
3239 3021 3547 3089 οὐχ-ἡμεῖς
3597 3019 3703 3072 ἔτι.

447 3119 685 3188 amplius
711 3132 830 3172 nos.
869 3115 979 3171 Sed
1008 3116 1156 3171 enim
1185 3116 1273 3170 hic
1296 3130 1489 3186 poenas
1521 3116 1793 3172 dederunt
1820 3115 2020 3183 Judaei,

450 3210 578 3263 licet
621 3222 731 3262 non
777 3193 890 3277 pro.
921 3205 1190 3275 gravitate
1230 3220 1425 3260 eorum
1470 3220 1594 3275 qua:
1636 3205 1693 3259 in
1736 3207 2018 3261 Christum

448 3298 838 3368 deliquerunt,
893 3294 1166 3351 dederunt
1198 3304 1421 3350 tamen:
1467 3310 1591 3365 quae
1629 3296 1776 3351 enim
1824 3313 1920 3351 ceu
1953 3298 2022 3352 ad

447 3388 764 3445 evitandum
828 3387 1080 3443 fecerunt
1144 3387 1393 3442 dicentes
1431 3404 1496 3442 ιι
1529 3385 1587 3441 Si
1646 3387 2023 3445 dimiserimus

446 3486 611 3556 692
646 3485 792 3540 hunc
813 3525 827 3549 ,
862 3482 1096 3538 Romani
1129 3482 1329 3538 tollent
1363 3483 1554 3538 urbem
1587 3490 1644 3537 et
1670 3491 1886 3554 gentem
1919 3500 2018 3538 no-

450 3584 642 3631 stram.
680 3593 698 3625 ι
730 3575 853 3629 Haec
880 3581 1173 3644 postquam
1205 3572 1495 3635 fecerunt,
1539 3588 1652 3627 non
1691 3575 1972 3630 evitarunt
2001 3595 2015 3632 :

449 3667 589 3723 urbe
614 3667 760 3722 enim
789 3681 982 3722 eorum
1016 3681 1047 3719 a
1084 3664 1351 3720 Romanis
1381 3676 1543 3736 capta
1574 3677 1631 3722 et
1659 3668 1847 3723 diruto
1878 3678 2020 3725 tem-

447 3760 575 3831 plo,
626 3759 731 3829 ipsi
783 3769 1042 3828 tanquam
1091 3759 1239 3814 servi
1282 3759 1615 3814 verberones
1664 3767 1719 3814 et
1769 3761 2018 3831 fugitivi,

450 3850 688 3904 infames
720 3862 773 3904 et
807 3856 1057 3905 errantes
1093 3848 1301 3916 ubique
1334 3847 1575 3918 dispersi
1615 3858 1761 3905 sunt.
1801 3848 2020 3905 Dabunt

447 3957 583 3997 vero
611 3949 668 3997 et
698 3941 811 3995 illic
840 3941 1063 3996 meritas
1095 3954 1322 4010 pinnas,
1356 3955 1480 3994 cum
1513 3941 1657 3996 enim
1691 3942 2018 4011 agnoverint

449 4031 882 4096 humanitatem,
919 4032 1094 4086 scient
1122 4031 1422 4096 potentiam
1443 4071 1458 4097 ,
1491 4031 1652 4102 cujus
1678 4040 1733 4088 et
1766 4033 1858 4089 hic
1894 4034 2017 4088 nul-

449 4124 562 4177 lum
590 4122 702 4192 jam
730 4122 1165 4192 experimentum
1198 4129 1485 4190 ceperunt.

520 4209 610 4277 XI,
650 4210 743 4265 49.
796 4207 942 4263 Unus
971 4219 1147 4263 autem
1175 4223 1241 4263 ea:
1268 4209 1424 4277 ipsis,
1455 4226 1575 4265 cum
1604 4219 1742 4266 esset
1775 4213 2014 4283 pontifex

445 4303 574 4354 anui
604 4299 770 4364 illius,
803 4299 964 4366 dixit,
985 4308 1095 4356 etc.

522 4391 628 4447 Sed
679 4390 826 4463 quod
864 4394 1080 4448 occulte
1116 4393 1378 4450 dicebant
1416 4402 1470 4448 et
1507 4392 1882 4449 moliebantur
1919 4394 2017 4451 Ju-

447 4487 584 4552 daei,
616 4487 720 4541 hoc
748 4493 938 4557 aperte
966 4486 1159 4542 suadet
1188 4488 1269 4543 eis
1300 4494 1358 4543 ut
1412 4486 1625 4541 faciant
1665 4488 2013 4544 sacerdotum

448 4579 731 4649 princeps,
767 4587 822 4631 et
863 4577 1146 4635 Christum
1183 4579 1554 4645 interficiant,
1592 4589 1856 4652 tanquam
1895 4598 1925 4638 e
1958 4598 2018 4638 re

446 4669 627 4739 gentis
664 4666 767 4723 hoc
799 4668 992 4724 dicens
1015 4708 1031 4735 ,
1070 4669 1199 4724 licet
1232 4685 1369 4741 gens
1399 4671 1628 4740 injusta.
1657 4671 1724 4726 Et
1749 4689 1863 4728 rem
1894 4674 2018 4745 qui-

445 4761 571 4815 dem
603 4774 788 4813 veram
823 4759 996 4824 dicit,
1035 4759 1131 4814 sed
1167 4776 1273 4813 non
1308 4776 1375 4815 ex
1402 4776 1594 4815 eorum
1633 4762 1978 4834 malignitate
2000 4805 2015 4831 ,

2127 3114 2270 3183 Πλὴν
2302 3114 2350 3167 εἰ
2370 3115 2464 3167 καὶ
2486 3114 2560 3185 μὴ
2591 3113 2772 3181 ἀξίαν,
2803 3107 2878 3167 ὧν
2910 3115 2990 3178 εἰς
3014 3113 3104 3167 τὸν
3145 3113 3421 3183 Δεσπότην
3447 3111 3537 3164 τὸν
3561 3113 3705 3183 Χρι-

2128 3206 2249 3258 στὸν
2287 3206 2541 3276 ἔδρασαν,
2598 3204 2833 3258 ἐνταῦθα
2900 3204 3060 3275 δίκην
3112 3204 3302 3258 ἔδοσαν
3332 3205 3381 3256 οἱ
3415 3202 3703 3265 Ἰουδαῖοι,

2126 3300 2312 3352 ἐδοσαν
2363 3299 2406 3351 δ’
2438 3295 2530 3352 οὖν
2558 3301 2706 3370 ὅμως
2725 3316 2739 3331 ο
2787 3298 2823 3352 ὃ.
2857 3298 2966 3370 γὰρ
2993 3298 3069 3362 ὡς
3098 3297 3507 3369 διαφευξόμενοι
3542 3296 3703 3367 ἔδρα-

2128 3406 2224 3443 σαν
2289 3391 2581 3460 φήσαντες,
2617 3409 2637 3442 ι
2689 3390 2813 3444 Ἐὰν
2864 3388 3093 3459 ἀφῶμεν
3140 3388 3323 3451 αὐτὸν,
3380 3385 3607 3459 ἀροῦσιν
3653 3389 3703 3440 οἱ

2137 3482 2396 3551 Ῥωμαῖοι
2426 3482 2520 3533 καὶ
2549 3480 2645 3551 τὴν
2676 3481 2830 3535 πόλιν
2856 3479 3019 3551 ἡμῶν
3049 3481 3142 3533 καὶ
3170 3478 3232 3533 τὸ
3257 3477 3428 3543 ἔθνος,
3470 3496 3490 3529 ι
3525 3477 3704 3531 ταῦτα

2127 3574 2314 3645 ἐπειδὴ
2340 3574 2607 3644 ἔπραξαν,
2643 3575 2703 3627 οὐ
2752 3573 3028 3642 διέφυγονο
3081 3573 3178 3644 τῆς
3210 3573 3321 3643 γὰρ
3366 3571 3574 3635 πόλεως
3605 3572 3707 3624 αύ-

2126 3665 2235 3719 τῶν
2262 3665 2495 3736 ἁλούσης
2526 3665 2631 3718 ὑπὸ
2663 3664 2971 3735 Ῥωμαίων,
3008 3662 3101 3717 καὶ
3141 3663 3233 3716 τοῦ
3269 3661 3397 3718 ναοῦ
3436 3662 3704 3734 καθαιρε-

2128 3752 2336 3819 θέντος,
2369 3754 2524 3808 αύτοὶ
2552 3753 2740 3825 ὥσπερ
2785 3754 3070 3825 μαστιγίαι
3113 3754 3255 3818 τινὲς
3289 3756 3383 3806 καὶ
3407 3752 3700 3824 δραπέται,

2125 3842 2311 3914 ἄτιμοί
2352 3861 2411 3896 τε
2441 3845 2535 3897 καὶ
2576 3844 2793 3914 ἀλῆται,
2838 3844 3113 3913 πανταχοῦ
3147 3843 3538 3914 διεσπάρησαν.
3579 3845 3701 3895 Δώ-

2126 3950 2277 3986 σουσι
2302 3933 2358 3986 δὲ
2382 3936 2605 3987 κάκεῖσε
2649 3934 2750 4004 τὴν
2789 3932 2968 3997 ἀξίανο
3003 3931 3077 4002 μὴ
3119 3933 3432 4000 ἐπιγνόντες
3458 3932 3567 4003 γὰρ
3598 3933 3704 4003 τὴν

2125 4026 2553 4097 φιλανθρωπίαν,
2590 4027 2824 4080 εἴσονται
2868 4024 2965 4096 τὴν
3009 4024 3276 4088 ἐξουσίαν,
3309 4020 3377 4096 ἧς
3415 4023 3706 4078 κάνταῦθα

2125 4120 2321 4189 πεῖραν
2356 4118 2616 4190 βραχεῖαν
2645 4118 2951 4189 εἰλήφασιν.

2194 4206 2300 4277 Εἷς
2337 4211 2404 4264 δέ
2436 4228 2525 4277 τις
2552 4211 2620 4276 ἐξ
2649 4212 2849 4265 αὐτῶν
2885 4210 3196 4279 ἀρχιερεὺς
3227 4209 3313 4262 ὢν
3349 4207 3454 4262 τοῦ
3498 4207 3707 4263 ἐνιαυ-

2123 4303 2230 4356 τοῦ
2267 4304 2527 4367 ἐκείνου,
2555 4300 2706 4367 εἶπε,
2741 4304 2835 4357 καὶ
2862 4304 2931 4356 τὰ
2955 4302 3104 4372 ἑξῆς.

2207 4394 2346 4447 Ἀλλ’
2373 4396 2511 4465 ὅπερ
2535 4395 2720 4463 ἔλεγον
2737 4396 2860 4466 μὲν,
2892 4396 3029 4466 ὅπερ
3057 4393 3231 4467 λάθρα
3257 4393 3529 4465 ἐμελέτων
3562 4392 3702 4447 Ἰου-

2123 4486 2262 4541 δαῖοι
2287 4487 2532 4557 ποιῆσαι,
2563 4485 2722 4539 τοῦτο
2762 4485 3010 4557 φανερῶς
3037 4486 3223 4548 αὐτοῖς
3252 4487 3280 4539 ὁ
3316 4485 3523 4539 τούτων
3555 4487 3701 4555 ἀρχ-

2137 4580 2317 4650 ιερεὺς
2348 4579 2707 4650 συμϐουλεύει
2748 4581 2944 4644 ποιεῖν,
2983 4581 3078 4632 καὶ
3117 4578 3373 4649 φονεῦσαι
3420 4576 3511 4632 τὸν
3563 4577 3704 4646 Χρι-

2129 4670 2272 4732 στὸν.
2317 4671 2391 4735 ὡς
2427 4671 2565 4743 ὑπὲρ
2594 4671 2688 4725 τοῦ
2723 4671 2910 4735 ἔθνους
2960 4671 3116 4725 τοῦτο
3166 4670 3362 4739 λέγων,
3408 4670 3615 4738 καίπερ
3636 4669 3703 4721 τδ

2124 4763 2274 4828 ἔθνος
2302 4763 2485 4818 ἄδικον
2518 4766 2618 4835 (2).
2650 4765 2891 4835 Πρᾶγμα
2934 4763 2993 4817 δὲ
3046 4761 3243 4833 ἀληθές
3286 4776 3470 4831 φησιν,
3501 4760 3605 4813 ούκ
3635 4761 3703 4813 ἐκ

447 4860 502 4904 at
541 4866 608 4905 ex
646 4849 739 4904 Dei
776 4851 1057 4906 voluntate
1086 4859 1140 4905 et
1170 4852 1440 4921 sapientia
1469 4854 1538 4908 ad
1571 4854 1774 4909 bonum
1806 4856 2018 4911 directa

2132 4856 2221 4927 τῆς
2252 4856 2433 4910 αὐτῶν
2459 4856 2787 4926 δυστροπίας
2842 4855 3293 4926 κατωρθωμένον,
3338 4852 3452 4906 ἀλλ’
3497 4853 3562 4904 ἐκ
3596 4851 3700 4922 τῆς

446 4943 573 4998 fuit.
615 4943 696 4997 Illi
728 4945 872 4998 enim
909 4944 975 4997 ad
1009 4960 1163 4999 suam
1195 4946 1499 5015 perniciem
1531 4945 1818 5002 Christum
1865 4948 2018 5002 occi-

2132 4949 2217 5001 τοῦ
2253 4947 2390 5001 Θεοῦ
2421 4949 2702 5019 δυνάμεως
2728 4949 2825 5002 καὶ
2854 4949 3065 5019 σοφίας.
3099 4951 3159 5002 Οἱ
3198 4949 3297 5018 μὲν
3328 4946 3437 5019 γὰρ
3468 4948 3552 4999 ἐπ’
3576 4945 3701 4999 ὀλέ-

445 5038 690 5091 derunt:
727 5035 817 5089 hic
855 5051 986 5089 vero
1034 5045 1213 5091 morte
1264 5036 1495 5093 aﬂ'ectus
1544 5041 1849 5094 secundum
1879 5035 2018 5094 Acar-

2132 5040 2239 5111 θρῳ
2271 5040 2384 5111 ἰδίῳ
2428 5042 2518 5093 τὸν
2545 5041 2781 5113 Χριστὸν
2818 5042 3179 5105 ἀπέκτειναν,
3210 5041 3238 5092 ὁ
3268 5041 3325 5093 δὲ
3363 5038 3701 5103 θανατωθεὶς

444 5140 567 5182 nem
590 5167 606 5190 ,
631 5125 877 5180 omnium
897 5127 1057 5182 nobis
1085 5127 1353 5182 bonorum
1383 5144 1549 5186 causa
1573 5129 1699 5189 fuit.
1724 5130 2016 5188 Excidium

430 5260 459 5339 '_
515 5264 591 5334 χι)
632 5261 750 5339 Non
776 5262 895 5318 sine
934 5262 1306 5339 indignatione
1328 5265 1486 5339 leges
1523 5268 1629 5322 ista
1660 5270 1802 5339 apud
1837 5271 2013 5339 Cyril—

450 5332 556 5413 tum
584 5333 652 5413 ad
688 5332 849 5413 ἔρξῃ.
889 5350 955 5413 ξι
980 5351 993 5385 :
1030 5332 1138 5413 Καὶ
1170 5337 1254 5388 ἵνα
1279 5332 1435 5413 αὐτοὶ
1460 5339 1548 5413 λμὴ
1580 5332 1856 5413 ἰσχύοντες
1882 5332 2012 5413 ’βλέο

446 5404 539 5482 ψαι
565 5404 654 5482 τὸν
691 5404 843 5482 οῦδὲν
891 5405 1256 5482 ἀδικήσαντα,
1301 5409 1425 5482 τοῦς
1448 5404 1858 5482 ’δυνατωτέρους
1889 5404 2010 5466 κατ’

443 5472 607 5528 αὑτοῦ
637 5474 938 5545 ἐρεθίσωσι.
998 5472 1165 5545 thue
1208 5492 1324 5528 cum
1357 5476 1458 5543 ipsi
1489 5495 1593 5531 non
1622 5472 1921 5542 posseittiin
1953 5500 2011 5539 os

442 5545 637 5617 intueri
668 5561 783 5598 eum
817 5546 906 5617 qui
953 5545 1083 5617 nihil
1140 5545 1395 5610 iniustum
1425 5546 1653 5614 fecerat,
1693 5555 2009 5617 potentiores

446 5615 843 5686 adversuseunt
870 5616 1151 5668 irritarent
1198 5625 1353 5685 atque
1379 5615 1737 5674 accenderent.
1797 5623 2011 5686 Quanta

444 5685 590 5737 enim
621 5683 852 5753 ὰὸλεψία
888 5700 996 5742 non
1036 5683 1343 5756 percepisse
1391 5686 1621 5759 βλάψαι,
1672 5683 1862 5746 (crdere
1893 5710 2009 5746 eum

2126 5133 2311 5204 σαρκὶ,
2364 5133 2582 5187 πάντων
2620 5135 2752 5205 ἡμῖν
2798 5134 3019 5203 γέγονεν
3074 5134 3245 5198 αἴτιος
3290 5132 3401 5185 τῶν
3447 5130 3697 5200 ἀγαθῶν.

2116 5276 2207 5345 qui
2248 5274 2395 5345 nulla
2442 5272 2645 5345 injuria
2690 5273 2969 5343 aﬂ'ecerat!
3033 5275 3398 5339 Cornu-:mus,
3448 5270 3698 5330 Monum.

2123 5346 2265 5398 1';ch
2291 5344 2409 5410 Gn,
2441 5344 2502 5409 II,
2532 5345 2657 5400 δη.

2191 5415 2265 5479 t2)
2300 5419 2382 5470 An
2417 5415 2618 5468 ἀδικῶν
2650 5416 2730 5471 vel
2780 5415 3028 5479 ἀδικοῦν,
3075 5421 3135 5468 ut
3161 5415 3261 5474 sit,
3296 5411 3451 5477 Quod
3490 5413 3701 5467 occulte

2118 5486 2471 5538 moliebantur
2498 5484 2676 5541 Judtei
2696 5526 2711 5551 ,
2748 5488 2849 5556 ihoc
2880 5496 3055 5556 aperte
3081 5485 3267 5556 suadet
3298 5484 3371 5536 eis
3395 5494 3454 5535 ut
3484 5482 3700 5556 faciant

2117 5572 2294 5609 eorum
2342 5556 2609 5625 pontifex,
2650 5569 2696 5611 et
2725 5553 2998 5612 Christum
3046 5553 3564 5625 interﬁciant,quasi
3598 5569 3701 5619 pro

2118 5636 2266 5698 gente
2293 5626 2390 5678 hoc
2418 5622 2618 5698 dicens,
2646 5629 2860 5698 quiiqut
2886 5626 3235 5698 quodutanten
3257 5632 3468 5698 gentem
3488 5622 3700 5698 injuria

2118 5683 2393 5766 amriebat.
2426 5683 2706 5753 Cornicen.
2737 5683 2976 5754 Monum.
3014 5694 3160 5753 Eccl.
3196 5683 3373 5763 Cr'.,l,
3402 5692 3527 5749 560.
