3882 6206
150 302 218 355 69
993 300 1059 355 ΙΝ
1089 298 1429 356 JOANNEM.
1471 331 1538 340 —
1597 299 1724 354 LIB.
1772 297 1862 354 VII
1900 297 1985 353 ET
2016 298 2127 354 VIII
2171 296 2620 352 FRAGMENTA.
3333 297 3401 350 70

162 416 457 471 Ἀπώλειαν
495 419 552 472 δὲ
581 418 674 473 τοῦ
708 419 893 484 ἔθνους
944 422 1120 484 καλεῖ,
1160 423 1220 475 τὸ
1254 423 1357 475 ὑπὸ
1386 425 1542 493 χεῖρα
1574 423 1726 491 γενέ-

1851 437 1959 476 vero
1997 421 2176 492 gentis
2209 420 2344 474 dicit
2376 419 2566 473 venire
2604 416 2706 471 sub
2759 422 3079 486 potestatem
3128 412 3402 470 Romano-

151 508 274 564 σθαι
300 510 401 581 τὴν
434 509 769 584 Ῥωμαῖκὴν,
818 514 912 567 καὶ
949 513 1243 567 ἀπολέσθαι
1290 515 1388 584 τὴν
1430 512 1523 566 τοῦ
1555 515 1719 584 νόμου

152 600 309 654 σκιάν
338 617 351 630 ⁸
380 601 518 673 ὅπερ
573 603 872 673 ἀνατρέψαι
914 603 1237 675 ζητοῦντες,
1275 606 1593 675 ὑπέμειναν.
1634 605 1724 672 Ἐξ

150 692 354 761 ἀνόμου
390 693 489 761 μὲν
533 690 624 747 οὖν
668 690 789 747 εἷπε
836 695 1061 767 γνώμης
1104 700 1129 750 6
1172 698 1428 765 Καϊάφας
1477 696 1504 749 ὃ
1549 693 1721 762 εἶπεν,

150 782 298 850 ὅμως
328 784 355 835 6
392 784 547 851 λόγος
596 786 785 853 γέγονε
836 788 1161 858 πράγματος
1191 788 1422 858 ἀληθοῦς
1457 790 1726 859 ἑρμηνευ-

150 874 334 937 τικὸς,
370 874 446 938 ὡς
473 878 531 928 ἐν
574 877 725 943 τάξει
762 878 1197 950 προίσῖενεχθεὶς
1230 882 1585 952 προφητείας.
1638 882 1725 943 Ὡς

150 962 259 1033 γάρ
291 963 513 1032 γέγονεν
555 968 726 1031 αἴτιος
769 970 990 1036 ἀγαθῶν
1021 972 1047 1022 6
1074 970 1165 1022 τοῦ
1196 970 1434 1040 Χριστοῦ
1476 970 1723 1035 θάνατος,

153 1061 534 1125 προαναφωνεί
582 1059 755 1125 λέγων
788 1060 815 1111 ὃ
866 1061 966 1113 οὐκ
1022 1057 1153 1125 οἶδε,
1207 1062 1303 1115 καὶ
1349 1061 1591 1128 δοξάζων
1636 1063 1727 1115 τὸν

151 1146 285 1200 Θεὸν
311 1147 385 1211 ὡς
409 1152 437 1201 6
464 1150 695 1220 Βαλαὰμ
734 1152 875 1204 κατά
920 1152 1185 1222 ἀνάγκην,
1231 1153 1460 1224 ἐπείπερ
1489 1149 1556 1225 ἦν
1591 1152 1728 1224 ἔχων

152 1238 213 1289 τὸ
266 1240 536 1309 ἱερατικὸν
570 1241 807 1313 ἀξίωμα,
858 1242 933 1306 ὡς
982 1244 1081 1296 ούκ
1137 1243 1286 1314 αύτῷ
1335 1244 1579 1312 δοθείσης
1628 1243 1728 1313 τῆς

155 1334 515 1403 προφητείας,
569 1335 705 1388 ἀλλὰ
738 1336 813 1406 τῷ
845 1337 945 1405 τῆς
992 1337 1292 1409 ἱερωσύνης
1335 1339 1598 1409 χρίσματι
1632 1337 1725 1410 [aL

156 1423 420 1495 σχήματι]
455 1441 469 1454 ·
504 1426 620 1496 ἦτοι
654 1426 712 1491 ἐξ
742 1422 815 1479 ὧν
842 1426 1065 1497 ὕστερον
1098 1428 1165 1480 τὰ
1210 1430 1470 1500 εἰρημένα
1510 1430 1730 1497 γέγονεν

155 1514 262 1566 ὑπὸ
316 1515 409 1567 τοῦ
462 1517 684 1585 Καῖάφα
737 1519 829 1570 καὶ
868 1518 1069 1588 ἀπέϐη,
1105 1520 1165 1571 οὐ
1214 1522 1430 1583 πάντως
1476 1520 1730 1584 λαϐόντος

156 1606 503 1677 προφητικὴν
531 1609 711 1679 χάριν.
772 1611 931 1674 Εἰκὸς
974 1614 1080 1682 γὰρ
1119 1614 1199 1666 ὅτι
1251 1613 1279 1665 ὃ
1326 1613 1545 1667 λαλοῦσί
1587 1632 1732 1678 τινες

153 1699 385 1767 γίνεται·
420 1702 467 1751 εί
505 1702 601 1754 καὶ
630 1703 705 1772 μὴ
733 1704 932 1768 εἰδότες
969 1707 1049 1758 ὅτι
1082 1707 1300 1769 πάντως
1327 1706 1498 1772 ἔσται,
1536 1707 1729 1761 λαλοῦ-

158 1804 264 1842 σιν.
302 1790 360 1843 Ὀ
420 1790 519 1860 μὲν
584 1788 676 1845 οὖν
733 1795 989 1863 Καϊάφας
1054 1798 1191 1867 ὑπὲρ
1249 1798 1422 1866 μόνων
1466 1798 1731 1851 Ἰουδαίων

1827 529 1949 568 rum
1973 553 1987 578 ,
2032 520 2085 566 et
2119 510 2304 581 perire
2337 510 2589 563 umbram
2627 507 2764 578 legis
2788 546 2803 568 ,
2840 506 2985 575 quod
3025 516 3272 560 avertere
3302 522 3400 559 cu-

1830 607 2043 674 pientes
2066 644 2079 667 ,
2122 603 2501 657 incurrerunt.
2538 600 2604 653 Et
2638 600 2859 669 quidem
2895 615 2961 654 ex
2998 600 3188 668 iniqua
3220 611 3404 653 meme

1830 697 2048 751 locutus
2082 703 2169 750 est
2208 694 2448 764 Caiphas
2502 694 2645 760 quod
2705 692 2923 746 locutus
2976 699 3107 758 est;
3160 699 3403 744 attamen

1833 802 2015 841 sermo
2041 787 2159 855 ejus
2194 786 2272 840 rei
2304 800 2446 839 vera:
2496 784 2768 853 interpres
2821 783 3070 843 exstitit.
3123 782 3287 836 veluti
3348 783 3402 835 in

1832 879 2024 932 ordine
2075 878 2378 947 pr0phetiae
2432 876 2771 931 enuntiatus.
2836 874 2990 940 Quod
3048 874 3193 928 enim
3255 888 3405 927 mors

1783 1033 1785 1035 1
1833 971 2043 1027 Christi
2078 975 2349 1025 bonorum
2392 984 2556 1024 causa
2598 968 2739 1033 fuit,
2782 967 3037 1038 praedixit
3078 969 3311 1036 loquens
3351 965 3404 1019 id

1836 1065 1979 1134 quod
2023 1064 2315 1133 ignorabat
2358 1071 2411 1116 et
2456 1062 2743 1115 Dominum
2789 1060 3139 1130 gloriﬁcans,
3191 1067 3247 1112 ut
3304 1058 3406 1111 Ba-

1834 1156 1975 1209 laam
2006 1156 2074 1220 ⁸ο,
2108 1171 2174 1209 ex
2209 1154 2573 1219 necessitate,
2611 1154 2871 1222 quoniam
2903 1150 3197 1207 sacerdotii
3231 1149 3410 1221 digni-

1836 1253 2002 1300 tatem
2037 1246 2355 1306 obtinebat,
2391 1260 2499 1298 non
2533 1252 2797 1313 tanquam
2835 1244 2882 1297 ei
2917 1243 3042 1296 data
3078 1241 3361 1312 prophetia
3386 1282 3404 1304 ,

1836 1338 1932 1392 sed
1983 1338 2275 1392 sacerdotii
2316 1336 2642 1391 functione:
2693 1336 2809 1391 sive
2855 1338 3002 1404 quod
3054 1333 3405 1404 postmodum

1836 1444 1957 1498 qum
2009 1429 2156 1482 dicta
2204 1428 2423 1484 fuerant
2448 1444 2476 1481 a
2501 1427 2707 1498 Caipha
2739 1436 3064 1489 evenerunt,
3102 1428 3198 1480 illo
3230 1427 3409 1480 nulla-

1838 1532 1997 1575 tenus
2033 1520 2410 1590 propheticam
2440 1521 2675 1589 gratiam
2706 1520 2926 1587 adepto.
2964 1519 3405 1573 Consentaneum

1836 1621 1919 1668 est
1975 1614 2117 1667 enim
2175 1620 2233 1666 ut
2282 1612 2426 1681 quod
2478 1613 2699 1683 quidam
2752 1612 3055 1680 loquuntur
3105 1611 3246 1675 ﬁat,
3301 1611 3409 1666 etsi

1837 1706 1989 1759 nullo
2008 1704 2169 1758 modo
2200 1704 2381 1759 sciant
2407 1706 2552 1775 quod
2581 1705 2805 1758 omnino
2839 1703 3083 1757 futurum
3106 1704 3195 1758 sit.
3215 1701 3407 1755 Enim-

1836 1810 1969 1850 vero
2012 1796 2254 1865 Caiphas
2303 1796 2525 1850 dicebat
2575 1811 2673 1865 pro
2728 1795 2860 1850 solis
2907 1793 3114 1849 Judaeis
3166 1793 3409 1848 futuram

157 1878 345 1948 ἔλεγεν
378 1880 595 1936 ἔσεσθαι
626 1884 715 1937 τὸν
741 1886 1269 1956 Χριστοῦ-θάνατον,
1306 1891 1334 1941 6
1357 1889 1414 1941 δὲ
1448 1889 1588 1960 ὑπὲρ
1627 1891 1731 1943 πά-

1851 1886 2038 1941 3hristi
2076 1896 2307 1941 mortem
2337 1906 2349 1940 :
2389 1888 2483 1941 hic
2514 1902 2645 1941 vero
2678 1902 2803 1940 eum
2844 1888 3013 1941 fuisse
3047 1888 3118 1939 ait
3152 1901 3252 1956 pro
3282 1887 3412 1939 uni-

159 1989 262 2043 σης
295 1974 456 2027 αὐτόν
501 1993 632 2045 φησι
682 1978 934 2045 γενέσθαι
963 1979 1063 2049 τῆς
1103 1981 1539 2052 ἁνθρωπότητος.
1572 1982 1730 2044 Γένος

160 2064 266 2133 μὲν
309 2064 417 2134 γὰρ
463 2068 558 2119 καὶ
607 2066 771 2120 τέκνα
822 2068 955 2121 Θεοῦ
1007 2071 1246 2134 ἅπαντες
1296 2070 1729 2142 χρηματίζομεν,

159 2155 297 2209 καθὸ
327 2157 541 2210 πάντων
586 2160 704 2211 ἐστὶ
752 2162 940 2230 Πατὴρ
979 2162 1164 2231 τρόπῳ
1202 2162 1575 2233 δημιουργικῷ
1612 2179 1734 2230 γεν-

160 2248 354 2317 νήσας,
387 2250 482 2301 καὶ
535 2250 758 2319 ἀγαγὼν
804 2251 994 2322 ὥσπερ
1026 2254 1104 2316 εἰς
1138 2252 1369 2323 ὕπαρξιν
1403 2253 1470 2306 τὰ
1493 2254 1594 2306 οὐκ
1648 2253 1735 2306 ὸν-

158 2356 228 2390 τα
256 2338 353 2408 (1)·
386 2340 465 2392 ἔτι
513 2340 570 2393 δὲ
606 2343 701 2393 καὶ
737 2343 819 2395 ὅτι
867 2345 988 2397 κατ’
1033 2344 1215 2397 εἰκόνα
1264 2344 1427 2397 αὐτοῦ
1474 2344 1735 2415 ἐτιμήθη-

163 2447 264 2498 μεν
304 2432 587 2498 γεγονότες
618 2431 678 2496 ἐξ
724 2434 918 2504 ἀρχῆς,
969 2436 1062 2487 καὶ
1110 2436 1297 2505 ἄρχειν
1340 2436 1593 2506 λαχόντες
1627 2436 1734 2489 τῶν

160 2522 257 2573 ἐπὶ
283 2522 408 2589 γῆς,
440 2524 534 2576 καὶ
563 2525 795 2588 εὐτόνως
824 2528 921 2596 τὴν
959 2527 1161 2597 ἀρετὴν
1197 2529 1575 2599 ἐργαζόμενοι·
1595 2528 1733 2580 Ἀλλ’

162 2614 489 2684 ὲσκόρπισεν
522 2618 548 2668 6
578 2617 839 2682 Σατανᾶς,
878 2620 936 2671 ἐν
967 2618 1147 2689 ταυτῷ
1188 2623 1365 2690 μεῖναι
1401 2621 1476 2692 μὴ
1520 2638 1734 2692 συγχω-

165 2707 360 2776 ρήσας,
395 2707 483 2759 καὶ
522 2709 966 2782 ἀποϐουκολήσας
991 2712 1344 2784 πολυτρόπως
1369 2714 1465 2784 τῆς
1498 2716 1575 2778 εἰς
1605 2714 1736 2767 Θεὸν

164 2796 525 2865 προσεδρείας
573 2799 663 2852 τὸν
713 2799 1018 2873 ἄνθρωπονο
1072 2806 1428 2873 συνεισήγαγε
1476 2805 1532 2857 δὲ
1577 2805 1737 2858 πάλιν

164 2889 260 2939 καὶ
294 2890 619 2959 συνεκόμισε
660 2892 865 2954 πάντας
900 2892 986 2944 διὰ
1023 2893 1126 2963 τῆς
1159 2894 1392 2957 πίστεως
1436 2897 1463 2947 6
1505 2895 1738 2965 Χριστὸς

164 2980 247 3042 εἰς
278 2978 408 3049 μίαν
438 2980 605 3051 αὐλὴν
629 2984 717 3035 καὶ
736 2982 832 3053 τὴν
849 2984 1194 3053 Ἐκκλησίαν,
1214 2987 1305 3038 καὶ
1335 2986 1440 3038 ὑπὸ
1464 2985 1624 3055 ζυγὸν
1644 2988 1740 3042 ἕνα

166 3071 574 3140 παρεσκεύασε,
611 3073 827 3127 πάντων
856 3074 915 3127 ἓν
937 3076 1261 3143 γεγονότων,
1301 3078 1589 3142 Ἰουδαίων,
1624 3078 1740 3131 Ἐλ-

166 3163 365 3233 λήνων,
403 3163 713 3235 βαρϐάρων,
766 3167 1008 3233 Σκυθῶν,
1041 3169 1136 3223 καὶ
1178 3171 1257 3232 εἰς
1308 3170 1405 3222 ἕνα
1434 3169 1620 3222 καινὸν
1646 3171 1740 3225 ἀν-

1837 1994 2000 2033 versa
2035 1979 2273 2033 humana
2311 1987 2532 2032 natura.
2578 1978 2789 2032 Etenim
2832 1993 3007 2049 genus
3056 1986 3110 2032 et
3166 1978 3262 2031 ﬁlii
3313 1976 3410 2033 Dei

1840 2083 2033 2123 omnes
2063 2068 2366 2122 audimus“
2397 2108 2412 2133 ,
2440 2075 2711 2137 quatenus
2741 2076 2824 2122 est
2855 2068 3098 2121 omnium
3129 2066 3291 2122 Pater
3317 2067 3412 2137 qui

1841 2176 1938 2230 per
1970 2161 2193 2213 modum
2226 2158 2441 2230 opiﬁcis
2461 2162 2674 2229 genuit,
2699 2169 2751 2213 et
2786 2160 2841 2213 in
2873 2161 3288 2214 subsistenuam
3325 2175 3414 2213 re-

1840 2252 1997 2305 duxit
2022 2266 2084 2305 ea
2117 2268 2237 2320 qua:
2269 2267 2377 2307 non
2408 2260 2585 2307 erant.
2622 2253 2852 2321 Insuper
2881 2253 3010 2322 quia
3039 2252 3151 2320 jam
3187 2252 3314 2305 inde
3344 2251 3415 2304 ab

1842 2344 2003 2397 initio
2037 2342 2104 2397 ad
2142 2345 2435 2413 imaginem
2465 2344 2587 2413 ejus
2622 2343 2749 2398 facti
2789 2344 3155 2412 honoratique
3187 2358 3411 2406 sumus,

1842 2434 2021 2490 sortiti
2054 2444 2320 2504 praeterea
2344 2437 2590 2488 omnium
2626 2451 2749 2504 qua:
2778 2436 2834 2488 in
2866 2445 3009 2488 terra
3063 2442 3193 2489 sunt
3244 2434 3415 2503 impe—

1841 2524 2025 2589 rium,
2061 2533 2325 2593 rectoque
2360 2532 2553 2579 tenore
2592 2525 2853 2579 virtutem
2906 2533 3250 2579 evercentes.
3308 2522 3414 2578 Sed

1842 2616 2136 2685 dissipavit
2168 2632 2266 2670 nos
2288 2618 2544 2682 Satanas,
2564 2617 2753 2670 eodem
2781 2623 2924 2670 statu
2959 2631 3279 2685 permanere
3306 2631 3416 2670 non

1843 2725 2082 2779 passus,
2118 2711 2398 2779 variisque
2430 2710 2647 2763 technis
2677 2716 2729 2762 et
2765 2708 3058 2762 fraudibus
3085 2748 3099 2773 ,
3144 2724 3213 2763 ne
3253 2712 3417 2762 homo

1844 2810 2111 2871 perpetuo
2159 2799 2265 2855 Deo
2300 2801 2641 2863 adhaereret,
2678 2802 2844 2854 evicit
2878 2819 2890 2855 :
2926 2817 3121 2855 rursus
3157 2818 3285 2855 vero
3315 2817 3417 2856 nos

1845 2892 2195 2963 congregavit
2227 2901 2282 2946 et
2314 2893 2558 2962 collegit,
2588 2908 2780 2947 omnes
2815 2894 2869 2946 in
2895 2909 3057 2947 unam
3103 2896 3313 2948 caulam
3362 2902 3416 2948 et

1846 2976 2151 3032 Ecclesiam
2180 2978 2343 3049 693
2378 2995 2471 3048 per
2506 2980 2665 3033 ﬁdem
2698 2979 2960 3035 Christus
2991 2983 3310 3048 collocavit,
3341 2983 3416 3037 ita

1848 3077 1907 3122 ut
1937 3084 2129 3123 omnes
2157 3070 2210 3122 in
2242 3086 2408 3123 unum
2442 3070 2572 3124 facti
2615 3070 2726 3124 sint
2765 3069 2970 3137 Judaei,
3031 3069 3237 3133 Grreci.
3287 3073 3420 3127 bar-

1848 3161 1967 3215 bari
1990 3201 2003 3219 ,
2040 3160 2255 3231 Scytha:
2276 3203 2289 3225 ,
2320 3170 2372 3215 et
2403 3163 2456 3215 in
2486 3178 2655 3215 unum
2688 3177 2887 3216 novum
2925 3162 3203 3219 hominem
3240 3165 3416 3220 refor-

163 3253 385 3324 θρωπον
439 3254 951 3326 ἀναπλαττομένων,
1007 3258 1099 3310 καὶ
1152 3258 1600 3329 προσκυνούντων
1647 3260 1737 3311 ἕνα

1851 3254 1980 3306 mati
2020 3255 2087 3318 ⁵³,
2121 3262 2176 3308 et
2213 3270 2380 3307 unum
2414 3252 2583 3309 Deum
2621 3255 2870 3310 adorent.

161 3346 320 3398 Θεόν.

239 3443 350 3509 Οὐχ
382 3439 455 3502 ὡς
488 3439 564 3511 (2)
593 3440 735 3494 κατά
767 3440 982 3512 πνεῦμα
1014 3442 1349 3512 προφητείας
1387 3442 1490 3496 ὑπὸ
1522 3443 1744 3512 Καῖἀφα

164 3533 369 3604 ὲρῤέθη
391 3550 402 3561 ·
435 3534 495 3585 ού
522 3532 630 3603 γὰρ
662 3535 721 3586 τὸ
752 3534 970 3603 πνεῦμα
998 3535 1058 3585 τὸ
1087 3536 1424 3604 προφητικὸν
1454 3536 1746 3607 ἐπιϐουλὴν

166 3624 453 3693 συνίστησι
482 3624 624 3678 κατὰ
660 3624 925 3696 Χριστοῦ,
971 3625 1109 3679 ἀλλὰ
1140 3626 1280 3679 κατά
1307 3644 1428 3679 τινα
1459 3629 1745 3698 συντυχίαν

164 3714 249 3783 τῷ
292 3715 485 3786 ἀληθεῖ
534 3716 625 3767 καὶ
673 3716 1023 3787 γενησομένῳ
1066 3718 1353 3787 πράγματι
1406 3719 1742 3789 συνδραμόν·

168 3805 523 3875 συγχωρηθὲν
558 3805 706 3875 αὐτῷ
736 3806 834 3875 τῆς
880 3805 1134 3874 τοιαύτης
1172 3805 1471 3875 ἐπιψαῦσαι
1515 3807 1635 3860 καθ’
1665 3808 1746 3860 ὅτι

166 3892 240 3968 ἦν
272 3897 587 3967 ἀρχιερεὺς,
643 3898 729 3950 ἵνα
757 3897 845 3949 διὰ
887 3897 979 3950 τοῦ
1008 3898 1272 3967 στόματος
1318 3896 1484 3951 αὐτοῦ
1516 3899 1745 3969 φανερὸν

168 3989 401 4057 γένηται
426 3988 489 4040 τὸ
504 3992 883 4060 κεκρυμμένον
908 3992 1021 4052 τοῖς
1048 3989 1353 4061 ἀνθρώποις
1386 3989 1489 4052 ἕως
1509 3990 1632 4042 τότε
1654 3991 1747 4043 καὶ

168 4080 371 4150 ἀγνοού
382 4100 559 4150 μενον.

260 4173 375 4225 Ἀπ’
410 4174 648 4241 ἐκείνης
676 4169 789 4228 οὖν
828 4172 936 4241 τῆς
964 4172 1117 4241 ὥρας
1156 4173 1746 4237 συνεϐουλεύσαντο,

170 4267 278 4319 ἵνα
310 4266 746 4320 ἀποκτείνωσιν
776 4269 985 4320 αὐτόν.

249 4354 408 4427 Εἶχον
441 4358 538 4427 μὲν
568 4358 676 4427 γὰρ
729 4358 827 4427 τὴν
870 4357 1163 4425 ἐπιθυμίαν
1204 4358 1303 4428 τῆς
1334 4358 1475 4411 κατὰ
1513 4356 1749 4427 Χριστοῦ

172 4449 515 4520 μιαιφονίας·
554 4450 661 4502 ἀπὸ
689 4448 745 4501 δὲ
776 4448 870 4500 τοῦ
913 4447 1103 4519 καιροῦ
1136 4448 1260 4502 καθ’
1286 4448 1345 4502 ὃν
1387 4449 1448 4501 τὸ
1476 4449 1752 4520 συνέδριον

1916 3430 2033 3486 Νοιι
2075 3430 2402 3501 prophetico
2437 3431 2637 3499 spiritu
2670 3430 2907 3501 Caiphas
2938 3433 3156 3488 locutus
3196 3440 3298 3496 est,
3324 3450 3420 3489 nc-

1846 3538 1952 3593 qne
2003 3525 2149 3577 enim
2215 3523 2514 3592 prophetiae
2592 3524 2823 3591 spiritus
2896 3525 3127 3579 insidias
3197 3525 3420 3580 Christo

1848 3615 2047 3680 struit;
2083 3613 2181 3668 sed
2207 3628 2340 3668 casu
2369 3614 2610 3684 quodam
2639 3615 2692 3668 in
2731 3632 2843 3670 rem
2876 3632 3057 3671 veram
3091 3626 3145 3671 et
3177 3633 3300 3671 mox
3331 3617 3418 3671 fu-

1848 3715 2028 3760 turam
2094 3706 2563 3775 incurritzeique
2621 3722 2953 3761 concessum
3012 3708 3115 3761 fuit
3172 3710 3227 3761 in
3280 3709 3420 3762 hanc

1847 3798 2235 3867 cogitationem
2292 3798 2499 3861 venire,
2550 3805 2823 3866 quatenus
2878 3797 3129 3868 pontifex
3176 3808 3318 3866 erat,
3357 3808 3419 3853 ut

1846 3906 1941 3945 ore
1988 3890 2108 3960 ejus
2148 3905 2235 3943 res
2268 3888 2588 3945 hominibus
2624 3890 2893 3945 hactenus
2933 3891 3151 3945 occulta
3182 3899 3236 3946 et
3261 3892 3420 3961 igno-

1847 3991 1966 4036 rata
1993 3983 2297 4053 pateﬁeret.

1920 4177 1990 4231 XI
2014 4219 2028 4241 ,
2070 4180 2158 4232 55.
2194 4178 2270 4230 Ab
2299 4179 2391 4232 illo
2419 4196 2539 4249 ergo
2575 4179 2660 4233 die
2694 4181 3084 4250 cogitaverunt,
3120 4193 3177 4236 ut
3215 4183 3421 4253 interﬁ-

1850 4282 2022 4325 cerent
2051 4289 2191 4327 eum.

1922 4363 2225 4419 lncesserat
2280 4364 2499 4434 quidem
2561 4366 2669 4420 illis
2702 4366 2907 4421 Christi
2943 4366 3230 4422 occidendi
3263 4369 3421 4440 cupi-

1856 4460 2002 4514 ditas
2032 4479 2046 4527 ;
2080 4460 2173 4514 sed
2208 4476 2269 4513 ea
2304 4460 2450 4514 velut
2481 4461 2703 4514 initium
2738 4462 2932 4516 habuit
2963 4464 3031 4517 ab
3061 4479 3127 4517 eo
3176 4474 3425 4535 tempore

169 4541 423 4612 γέγονεν,
458 4540 629 4611 ἀρχὴν
682 4539 869 4610 ὥσπερ
920 4540 1098 4605 ἔλαϐε,
1148 4540 1599 4609 δημοσιευθείσης
1648 4542 1737 4610 τῆς

1854 4566 1963 4620 quo
2009 4551 2300 4604 consilium
2352 4552 2547 4605 initum
2594 4562 2713 4614 est,
2764 4554 3008 4607 omnium
3059 4555 3260 4612 animis
3308 4570 3421 4612 tum

168 4636 434 4690 ἁπάντων
482 4634 560 4694 είς
623 4631 780 4684 τοῦτο
840 4632 1220 4695 συναινέσεως.
1276 4633 1349 4685 Οὐ
1396 4631 1506 4703 γὰρ
1535 4627 1684 4683 εἶπεν
1722 4631 1750 4681 ὁ

170 4722 593 4792 εὐαγγελιστὴς,
644 4723 724 4776 ὅτι
770 4724 865 4776 ἀπ’
908 4724 1122 4792 ἐκείνης
1169 4725 1268 4795 τῆς
1306 4722 1457 4793 ὥρας
1503 4722 1753 4775 ἐϐουλεύ-

174 4834 343 4872 σαντο
398 4817 621 4887 ποιῆσαι
668 4816 757 4868 τὸν
810 4816 991 4884 φόνον,
1052 4815 1190 4869 ἀλλὰ
1239 4814 1746 4880 συνεϐουλεύσαντο,

171 4909 324 4963 τοῦτ’
358 4909 524 4973 ἔστιν,
555 4909 692 4978 ὅπερ
725 4906 802 4978 τῷ
831 4908 953 4961 καθ’
978 4907 1207 4960 ἕκαστον
1237 4908 1432 4972 ἐδόκει,
1460 4910 1613 4978 κοινῇ
1641 4909 1750 4961 πᾶ-

174 5019 265 5055 σιν
291 5002 508 5071 ἧρεσεν.

264 5091 473 5161 Ἐγγὺς
506 5091 575 5144 δὲ
616 5089 727 5159 τῆς
756 5090 977 5159 ἐρήμου
1005 5090 1283 5159 διατρίϐει
1308 5089 1459 5161 μετὰ
1492 5089 1610 5143 τῶν
1634 5107 1750 5160 μα-

175 5182 399 5251 θητῶν.

251 5275 364 5327 Kal.
388 5274 618 5327 ἐνταῦθα
633 5274 810 5327 τοίνυν
831 5274 909 5335 ὡς
945 5274 1214 5328 Ἰουδαίων
1236 5276 1527 5346 ὑποχωρεῖ,
1556 5276 1616 5328 ού
1640 5275 1750 5328 δει-

1858 4644 2077 4696 demum
2125 4643 2177 4695 in
2236 4643 2337 4695 hoc
2385 4643 2855 4712 conspirantibus.
2917 4644 3033 4699 Non
3087 4648 3244 4700 enim-
3284 4649 3426 4704 dixit

1857 4734 2194 4803 evangelista
2220 4772 2233 4797 ,
2268 4734 2335 4787 ab
2370 4735 2462 4787 illa
2501 4736 2633 4788 hora
2664 4751 2759 4791 eos
2792 4738 2956 4791 caedis
2999 4737 3265 4794 faciendae
3292 4757 3426 4796 con-

1856 4826 2037 4880 silium
2068 4826 2315 4894 cepisse,
2350 4825 2446 4879 sed
2478 4827 2642 4881 simul
2678 4837 2732 4883 et
2764 4830 3055 4885 universos
3096 4831 3162 4885 de
3205 4849 3266 4886 ea
3295 4849 3427 4887 con-

1856 4918 2093 4972 sultassc
2122 4934 2134 4969 :
2169 4918 2272 4971 hoc
2305 4929 2415 4982 est,
2454 4919 2599 4987 quod
2648 4922 2903 4989 privatim
2938 4923 3172 4993 singulis
3205 4925 3426 4980 videba-

1857 5015 1970 5068 tur.
2002 5008 2058 5061 in
2092 5024 2384 5063 commune
2414 5011 2672 5064 omnibus
2704 5013 3000 5081 placuisse.

1924 5098 1994 5152 ΧΙ
2015 5139 2029 5163 ,
2058 5099 2145 5154 54.
2182 5098 2351 5154 Juxta
2377 5100 2642 5155 desertum
2672 5120 2787 5157 vero
2810 5103 2949 5173 degit
2977 5122 3093 5158 cum
3126 5108 3423 5176 discipulis.

1925 5278 1989 5332 Et
2020 5278 2109 5332 hic
2137 5279 2358 5347 quidem
2390 5279 2595 5335 recedit
2636 5296 2663 5334 a
2691 5278 2896 5337 ludatis
2917 5323 2930 5348 ,
2962 5298 3067 5336 non
3098 5283 3209 5336 ullo
3240 5297 3381 5340 metu
3402 5323 3419 5350 ,

252 5394 299 5424 ⁵ο
337 5390 496 5445 Num.
569 5407 723 5457 xxnv,
755 5392 779 5443 l
820 5407 940 5462 sqq.
1018 5392 1062 5421 “
1101 5390 1120 5444 l
1155 5390 1310 5446 Joan.
1348 5409 1442 5459 ιιι,
1478 5395 1529 5451 1.
1606 5397 1651 5427 ⁵³
1681 5396 1737 5468 Ε]

1851 5417 1879 5455 ε.
1914 5416 1982 5466 ιι,
2014 5396 2198 5453 15-16.

257 5562 335 5631 (1)
364 5558 487 5621 Εόη
512 5557 736 5631 ἀγαγὼν
766 5558 953 5629 ὥσπερ
975 5601 989 5615 .
1018 5600 1030 5612 .
1057 5601 1070 5612 .
1102 5601 1116 5614 .
1145 5601 1158 5614 .
1189 5601 1202 5613 .
1235 5559 1303 5612 τὰ
1328 5558 1426 5611 οὐκ
1446 5556 1753 5631 ὅνταὶ-ειιιη

180 5627 382 5688 lacuna
428 5630 644 5697 punctis
696 5627 974 5686 denotata.
1019 5630 1216 5688 llestit.
1245 5646 1310 5687 ex
1350 5636 1541 5685 catena
1571 5627 1749 5687 Vatic.

183 5719 276 5774 ap.
312 5703 414 5758 Mai
437 5700 593 5766 ibid.,
624 5715 675 5772 p.
712 5700 835 5756 155.

1934 5564 2008 5636 (2)
2030 5566 2164 5636 οὐχ
2207 5563 2277 5629 ὠς
2312 5603 2325 5618 .

1862 5634 1884 5689 f
1920 5564 2164 5692 623236;;
2207 5563 2277 5629 ὡς
2312 5603 2325 5618 .
2355 5602 2369 5616 .
2396 5603 2408 5617 .
2443 5562 2898 5633 ,ἁγιόούμενοκ
2926 5566 3002 5619 Ex
3022 5574 3211 5621 catena
3224 5561 3428 5637 Vatic.,

1884 5651 1915 5689 o
1944 5678 1954 5689 .
2096 5676 2107 5688 .

1884 5651 1954 5689 OI.
1988 5651 2107 5689 I‘ZU.
