3882 6206
350 377 420 436 δι
1314 369 1372 426 S.
1415 369 1695 426 CYRILL!
1733 364 2209 425 ALEXANDRINI
2248 366 2569 422 ARCHIEP.
3548 361 3631 420 5‘1

426 494 515 563 XI,
544 494 637 550 28.
671 493 741 548 Et
784 494 896 549 hwc
936 493 1116 548 locuta
1167 492 1321 558 abiit,
1353 500 1405 546 et
1451 491 1649 547 vocavit
1699 487 1934 544 Mariam

2064 531 2073 544 .
2108 487 2221 542 Kal
2261 486 2448 542 ταῦτα
2476 487 2754 552 εἰποῦσα,
2788 486 3025 557 ἀπῆλθε
3053 488 3151 545 καὶ
3183 486 3459 558 ἐερώνηοπε⁵
3501 488 3627 540 Μαι-

352 603 587 644 sororem
627 602 801 653 suam,
832 594 938 641 etc.

422 679 574 734 Abiit
616 679 688 733 ad
731 677 1039 732 vocandam
1072 691 1320 732 sororem
1364 690 1543 743 suam,
1576 682 1638 729 ut
1667 673 1721 729 ei
1767 686 1929 728 suum

353 773 413 828 in
444 786 505 826 re
537 779 855 841 exspectata
883 770 1147 842 gaudium
1174 785 1238 824 ac
1284 783 1439 838 spem
1466 765 1930 828 communicaret,

359 877 481 917 eum
523 863 619 932 qui
659 871 911 917 mortuus
949 859 1150 925 fuerat,
1193 859 1497 913 redivivum
1537 872 1605 912 ex
1646 858 1933 925 insperato

355 952 961 1023 :ecepturae.Audierat
988 952 1157 1014 enim,
1182 970 1200 1001 (
1228 949 1503 1019 Resurget
1525 948 1696 1002 frater
1725 955 1878 1012 tuus,
1908 963 1927 996 ι

354 1045 455 1104 sed
491 1044 804 1101 Servatoris
844 1045 1140 1099 adventum
1168 1042 1347 1098 sorori
1378 1057 1492 1097 suae
1524 1040 1666 1094 clam
1705 1038 1933 1093 nuntia-

353 1140 459 1204 vit,
485 1137 616 1208 quia
653 1152 778 1192 cum
800 1152 864 1192 ea
895 1147 1052 1192 erant
1082 1135 1398 1191 Judasorum
1418 1130 1670 1188 nonnulli
1708 1130 1934 1187 Christo

356 1228 754 1283 miraculorum
807 1225 1003 1281 [actori
1051 1226 1384 1281 invidentes.
1433 1222 1545 1280 Nec
1585 1222 1935 1278 inveniemus

359 1334 592 1390 usquam
626 1319 680 1373 in
709 1318 1018 1389 Evangeliis
1042 1316 1333 1373 Christum
1357 1316 1588 1382 dixisse,
1627 1312 1772 1368 Voca
1799 1313 1935 1367 mihi

359 1424 611 1467 sororem
647 1420 796 1463 tuam
826 1427 840 1462 :
871 1406 967 1464 sed
1000 1405 1240 1473 Martha,
1281 1404 1670 1460 necessitatem
1706 1401 1937 1456 inexcu-

357 1503 587 1560 sabilem
621 1505 699 1558 rei
725 1508 781 1556 et
811 1501 1057 1556 debitum
1098 1499 1371 1554 adventus
1403 1508 1605 1550 munus
1645 1507 1748 1563 pro
1800 1505 1938 1546 voce

357 1606 413 1654 et
438 1596 602 1666 jussu
632 1596 939 1667 accipiens.
969 1594 1079 1648 hoc
1121 1592 1220 1647 ait.
1253 1590 1351 1646 Illa
1380 1603 1509 1645 vero
1542 1585 1805 1641 alacriter
1842 1599 1937 1638 cu-

359 1687 538 1743 currit
558 1686 627 1741 ad
657 1701 810 1753 eum,
831 1693 889 1740 et
918 1685 976 1739 in
1015 1697 1316 1739 occursum
1340 1678 1606 1751 perrexit.
1649 1674 1938 1744 Quomodo

359 1781 506 1838 enim
553 1781 659 1837 hoc
683 1795 794 1834 non
826 1778 1072 1841 fecisset,
1112 1790 1235 1846 quae
1267 1782 1555 1843 tantopere
1584 1772 1653 1826 de
1686 1769 1936 1825 absentia

2032 581 2176 650 ρίαν
2198 579 2315 649 τὴν
2339 578 2616 649 ἀδελφὴν
2636 579 2825 648 αὐτῆς
2842 623 2857 646 ,
2886 581 2981 635 καί
3009 581 3077 635 τά
3098 580 3246 651 ἑξῆς.

2117 670 2352 744 Ἀπῆλθε
2401 672 2707 727 καλέσουσα
2738 673 2837 744 τὴν
2883 672 3118 743 ἀδελφὴν
3165 671 3339 741 αὐτῆς
3379 669 3513 738 πρὸς
3559 668 3628 722 τὸ

2036 764 2133 820 καὶ
2174 764 2344 836 αὐτὴν
2404 766 2733 835 κοινωνῆσαι
2785 765 2886 834 τῆς
2932 765 3024 818 ἐπὶ
3068 763 3147 835 τῷ
3189 761 3630 834 προσδοκωμένῳ

2034 858 2324 929 πράγματι
2376 855 2681 927 εὐθυμίας,
2745 854 3268 926 συναποληψομένην
3315 851 3630 907 ἀναστάντα

2034 953 2164 1023 παρ’
2194 950 2385 1004 ἐλπίδα
2410 951 2591 1003 πᾶσαν
2606 949 2698 1002 τὸν
2723 948 3042 1020 τεθνηκότα.
3065 944 3175 1001 ’Ἦν
3194 946 3301 1018 γάρ
3320 944 3625 999 ἀκούσασα’

2041 1064 2061 1098 ι
2100 1045 2496 1116 Ἀναστήσεται
2539 1045 2570 1097 ὁ
2615 1034 2843 1111 ἀδελφός
2872 1059 2967 1095 σου
2991 1058 3003 1073 ι
3034 1060 3053 1093 ι
3109 1039 3283 1111 λάθρα
3311 1037 3368 1091 δὲ
3395 1038 3495 1107 τὴν
3527 1034 3629 1088 τοῦ

2037 1138 2291 1209 Σωτῆρος
2325 1135 2627 1210 παρουσίαν
2655 1137 2721 1206 τῇ
2773 1135 2979 1205 ἀδελφῇ
3003 1134 3172 1203 αὐτῆς
3205 1129 3627 1202 εὐηγγελίσατο,

2037 1232 2125 1285 διά
2173 1231 2234 1284 τὸ
2290 1226 2774 1302 παρακαθέζεσθαι
2828 1226 2937 1281 τῶν
2997 1224 3269 1280 Ἰουδαίων
3316 1223 3467 1282 τινὰς
3513 1221 3632 1274 τῶν

2039 1323 2381 1396 φθονούντων
2432 1315 2942 1391 θαυματουργοῦντι
2983 1314 3062 1386 τῷ
3091 1312 3330 1386 Χριστῷ.
3386 1310 3495 1364 Καὶ
3526 1310 3633 1379 οὐχ

2039 1415 2345 1486 εὑρήσομεν
2388 1414 2447 1466 ὲν
2485 1413 2597 1473 τοῖς
2634 1407 2987 1476 Εὑαγγελίοις
3031 1407 3114 1461 ὅτι
3150 1407 3178 1458 ὁ
3201 1400 3435 1474 Χριστὸς
3474 1396 3595 1453 εἷπε

2037 1506 2212 1562 Κάλει
2258 1522 2348 1576 μοι
2378 1503 2476 1572 τὴν
2504 1501 2741 1573 ἀδελφήν
2776 1517 2870 1553 σου
2889 1515 2904 1532 ⁸
2956 1496 3071 1552 ἀλλ’
3108 1496 3141 1565 ή
3174 1494 3372 1564 Μάρθα
3399 1491 3495 1562 τὴν
3527 1488 3629 1543 τοῦ

2040 1597 2367 1667 πράγματος
2422 1590 2799 1663 ἀπαραίτητον
2849 1587 3039 1660 χρείαν
3083 1587 3178 1639 καὶ
3232 1583 3293 1636 τὺ
3336 1582 3433 1651 τῆς
3482 1596 3630 1650 παρ-

2038 1688 2225 1752 ουσίας
2269 1683 2739 1758 χρεωστούμενον,
2788 1682 2910 1736 ἀντὶ
2956 1678 3258 1738 κελεύσεως
3304 1674 3401 1728 καί
3439 1672 3631 1742 φωνῆς

2041 1777 2308 1850 δεξαμένη
2328 1818 2344 1845 ,
2381 1775 2540 1830 τοῦτό
2568 1791 2755 1846 φησιν.
2807 1772 2882 1850 ’Ἦ
2905 1772 2963 1824 δὲ
2992 1770 3225 1839 ἑτοίμως
3251 1767 3450 1838 έδραμε
3486 1764 3639 1835 πρὸς

360 1875 482 1945 ejus
507 1872 780 1938 doluerat,
825 1885 1060 1943 quasque
1100 1842 1392 1939 tantopere
1426 1865 1632 1938 pietate
1663 1869 1717 1917 et
1749 1861 1939 1917 chari-

2064 1842 2237 1937 ιύτδν,
2284 1842 2377 1923 καὶ
2429 1842 2672 1938 ὑπντᾷν
2719 1847 2913 1920 ἐθέλει.
2975 1860 3098 1924 Πῶς
3132 1859 3243 1931 γὰρ
3287 1858 3388 1911 οὐκ
3429 1854 3640 1926 ἔμελλε·

363 1977 474 2023 tate
502 1965 559 2022 in
593 1978 837 2020 amorem
868 1962 990 2033 ejus
1018 1958 1340 2016 exarserat?

433 2237 528 2303 XI,
556 2237 649 2292 5|.
675 2235 857 2290 Judaei
883 2248 1005 2305 ergo
1046 2233 1136 2303 qui
1169 2238 1322 2286 erant
1360 2243 1478 2282 cum
1506 2243 1566 2280 ea
1615 2225 1780 2278 seculi
1820 2232 1943 2276 sunt

363 2346 502 2385 eam.

434 2420 613 2477 Judaei
647 2435 781 2493 ergo
804 2419 1052 2491 quicum
1083 2416 1179 2472 illa
1221 2421 1398 2481 erant,
1431 2411 1538 2467 rati
1577 2425 1697 2466 eam
1731 2407 1787 2463 in
1825 2421 1944 2461 mo-

366 2522 693 2572 numentum
746 2529 869 2570 sese
908 2511 1252 2583 proripuisse
1305 2515 1365 2563 ut
1410 2521 1471 2562 se
1513 2502 1829 2567 dilaniaret,
1858 2514 1944 2555 se-

365 2612 615 2677 quuntur
659 2619 807 2671 eam,
836 2602 908 2658 ad
949 2603 1004 2658 id
1060 2609 1200 2656 nutu
1235 2599 1424 2655 divino
1456 2594 1705 2666 impulsi,
1751 2599 1814 2647 ut
1858 2591 1945 2646 vel

363 2700 535 2757 inviti
577 2698 647 2755 ad
694 2695 991 2754 videndum
1036 2694 1368 2751 miraculum
1414 2688 1794 2746 convenirent.
1825 2681 1943 2738 Nisi

366 2794 516 2852 enim
569 2793 677 2849 hoc
726 2807 795 2847 ex
829 2788 1182 2846 ordinatione
1217 2785 1312 2841 Dei
1349 2784 1554 2839 factum
1598 2786 1768 2846 esset,
1802 2793 1943 2831 nun.

367 2900 533 2959 quam
573 2882 694 2955 eius
735 2882 1076 2938 mentionem
1108 2878 1338 2936 fecisset
1379 2875 1741 2947 evangelista,
1768 2885 1945 2941 neque

368 2984 771 3035 concurrentes
831 2976 888 3029 in
965 2971 1400 3042 unumquodque
1468 2982 1671 3023 causas
1736 2965 1945 3034 scripto

372 3072 714 3137 mandasset,
740 3069 851 3125 nisi
876 3068 1080 3138 ubique
1106 3066 1344 3121 maxime
1363 3062 1580 3119 veritati
1612 3059 1942 3117 studuisset.

2043 1966 2204 2020 τοῦτο
2238 1966 2413 2018 ποιεῖν
2451 1964 2484 2034 ἡ
2530 1961 2737 2032 σφόδρα
2776 1955 3093 2027 λυπουμένη
3148 1953 3240 2007 ἐπὶ
3272 1955 3338 2024 τῆ
3388 1948 3632 2019 ἀπουσίᾳ

2044 2056 2233 2125 αὐτοῦ,
2262 2057 2357 2110 καὶ
2380 2055 2580 2126 θερμὸν
2601 2052 2802 2124 ἔχουσα
2833 2049 3088 2122 φρόνημα
3118 2047 3199 2110 εἰς
3221 2044 3502 2099 εὐσέϐειαν
3531 2040 3633 2093 καὶ

2043 2152 2266 2222 ἀγάπην
2297 2152 2376 2213 εἰς
2410 2146 2573 2203 αύτδν
2605 2145 2807 2216 πολλὴν
2833 2161 2848 2211 ;

2121 2247 2188 2299 Οἱ
2214 2242 2329 2297 οὖν
2366 2239 2635 2297 Ἰουδαῖοι
2673 2241 2727 2293 οἱ
2756 2237 2928 2303 ὄντες
2947 2236 3076 2306 μετ’
3108 2232 3328 2301 αὐτῆς,
3363 2228 3628 2298 ἠκολού-

2045 2344 2245 2405 θησαν
2277 2332 2454 2402 αὐτῇ.

2116 2431 2178 2482 Οἰ
2206 2422 2298 2481 οὖν
2331 2424 2581 2487 συνόντες
2619 2422 2896 2486 Ἰουδαῖοι,
2926 2419 3203 2491 οἰηθέντες
3230 2415 3401 2486 αὐτὴν
3431 2418 3633 2485 δεδρα-

2049 2520 2282 2593 μηκέναι
2325 2519 2419 2571 ἐπὶ
2458 2515 2519 2569 τὸ
2552 2516 2815 2586 μνημεῖον
2848 2513 2983 2586 πρὸς
3002 2512 3062 2566 τὸ
3093 2507 3291 2579 ἑαυτὴν
3326 2504 3633 2576 σπαράξαι,

2047 2609 2531 2667 συνακολουθοῦσιν
2576 2609 2736 2679 αὐτῇ,
2762 2604 2992 2676 νεύματι
3022 2602 3157 2657 Θεοῦ
3201 2600 3359 2654 τοῦτο
3407 2597 3631 2652 ποιοῦν-

2043 2723 2166 2770 τες,
2210 2705 2298 2758 ἴνα
2331 2702 2655 2757 συνέλθωσιν
2697 2699 2792 2754 ἐπὶ
2832 2697 2911 2769 τῷ
2942 2697 3005 2750 τὸ
3044 2693 3230 2765 θαῦμα
3266 2692 3392 2745 ἰδεῖν
3419 2688 3514 2742 καὶ
3549 2687 3632 2761 μὴ

2046 2796 2382 2869 βουλόμενοι.
2429 2796 2492 2848 Εἰ
2523 2794 2631 2864 γάρ
2668 2791 2742 2864 μὴ
2771 2786 3058 2859 οἰκονομίᾳ
3085 2785 3221 2840 Θεοῦ
3253 2782 3413 2837 τοῦτο
3445 2779 3631 2849 ἐγεγό-

2044 2909 2154 2955 νει,
2196 2890 2297 2943 οὐκ
2324 2888 2390 2943 ἂν
2426 2887 2703 2958 ἐμέμνητο
2743 2880 2908 2937 αὐτοῦ
2951 2884 2979 2936 ὁ
3015 2876 3443 2948 εύαγγελιστὴς,
3497 2872 3628 2926 οὔτε

2043 2983 2142 3046 τάς
2171 2984 2253 3051 ἐφ’
2285 2981 2501 3050 ἑκάστῳ
2536 2975 2942 3047 συμϐαινούσας
2970 2971 3150 3035 αἰτίας
3181 2968 3551 3051 ἀπεγράφετο,
3578 2964 3631 3018 εί

2049 3074 2123 3147 μὴ
2150 3050 2420 3142 πανταχοῦ
2446 3070 2545 3140 τῆς
2563 3066 2816 3138 ἀληθείας
2846 3063 3201 3119 ἀντεποιεῖτο.
3224 3054 3391 3112 Εἶπεν
3415 3050 3508 3110 οὖν
3529 3053 3635 3122 τήν

372 3159 500 3217 Ideo
528 3160 670 3216 dixit
699 3173 925 3215 causam
961 3172 1062 3212 cur
1092 3156 1251 3211 multi
1295 3153 1362 3208 ad
1399 3156 1817 3207 monumentum
1854 3161 1946 3202 ac»

2064 3144 2227 3222 ιίτίαν
2273 3165 2339 3217 δι’
2385 3164 2453 3234 ἢν
2506 3161 2688 3214 πολλοὶ
2732 3160 2811 3222 εἰς
2853 3156 2912 3211 τὸ
2967 3155 3230 3227 μνημεῖον
3266 3150 3534 3221 ἔδραμον,
3577 3144 3635 3198 οἳ

373 3261 687 3320 currerent,
732 3252 826 3323 qui
879 3248 1084 3321 reperti
1120 3253 1251 3302 sunt
1296 3255 1351 3302 et
1410 3244 1642 3300 fuerunt
1692 3239 1946 3307 miraculi

375 3351 739 3414 spectatores,
770 3340 1011 3408 aliisque
1042 3336 1461 3393 renuntiarunt.

445 3432 537 3497 XI,
570 3434 659 3489 52.
712 3431 894 3486 Maria
922 3446 1048 3501 ergo
1078 3446 1199 3483 cum
1241 3429 1463 3483 venisset
1493 3425 1583 3480 ubi
1606 3433 1724 3480 erat
1765 3421 1948 3488 Iesus,

376 3528 566 3582 cecidit
595 3526 663 3581 ad
692 3524 847 3594 pedes
871 3524 1010 3594 ejus,
1038 3534 1146 3578 etc.

448 3618 620 3689 Igitur
648 3615 823 3671 Maria
852 3621 1241 3684 praematuram
1268 3617 1500 3667 mortem
1532 3606 1719 3664 fratris
1749 3606 1835 3661 sui
1864 3619 1954 3659 ac-

378 3707 587 3764 cidisse
625 3706 703 3761 ait
743 3707 815 3762 oh
844 3702 1065 3758 Domini
1094 3701 1423 3765 absentiam,
1450 3709 1503 3754 et
1530 3707 1665 3752 tunc
1696 3695 1955 3751 advenire

380 3813 608 3873 peregre
640 3797 864 3854 domum
902 3809 1082 3860 suam,
1115 3808 1243 3849 cum
1277 3806 1441 3848 omne
1479 3800 1693 3860 tempus
1721 3786 1955 3842 curandi

380 3890 740 3962 prseteriisset
773 3908 787 3944 :
826 3897 993 3958 atque
1053 3901 1119 3942 ex
1186 3898 1256 3940 eo
1320 3881 1699 3953 conjecturam
1755 3894 1956 3950 capere

380 3984 529 4050 licet,
565 3983 716 4054 quod
751 3991 1013 4051 tanquam
1049 3976 1162 4034 Deo
1192 3975 1297 4048 ipsi
1326 3975 1432 4029 hoc
1465 3973 1706 4038 dicebat,
1731 3970 1956 4027 tametsi

380 4093 493 4132 non
526 4081 782 4131 accurate
828 4073 1014 4128 locuta
1060 4077 1168 4136 est,
1200 4078 1321 4124 rata
1369 4081 1480 4122 non
1509 4064 1676 4137 685
1711 4062 1957 4120 adfuisse

384 4174 564 4240 ipsum
619 4166 768 4238 quod
826 4165 1043 4220 abesset
1087 4176 1340 4234 corpore.
1392 4157 1500 4215 Sed
1550 4166 1737 4213 tamen
1781 4158 1957 4213 multo

382 4261 615 4337 peritior
642 4271 693 4316 et
731 4257 1128 4328 intelligentior
1158 4254 1394 4319 Martha,
1419 4268 1533 4308 non
1563 4251 1723 4316 dixit,
1752 4270 1771 4303 ι
1804 4249 1961 4317 Quae-

382 4370 603 4427 cunque
646 4366 846 4425 posces
889 4349 1082 4412 Deum,
1130 4346 1284 4402 dabit
1326 4344 1423 4401 tibi
1468 4344 1635 4400 Deus.
1671 4363 1691 4396 ι
1725 4343 1856 4398 Ideo
1888 4341 1957 4398 ad

384 4450 529 4506 hanc
559 4445 699 4502 nihil
734 4441 1036 4516 respondet
1076 4439 1364 4503 Dominus,
1401 4437 1470 4492 ad
1518 4435 1793 4492 Martham
1824 4450 1961 4490 vero

2054 3256 2357 3329 εὑρέθησάν
2408 3271 2465 3307 τε
2508 3253 2602 3307 καὶ
2636 3250 2893 3320 γεγόνασι
2940 3245 3132 3301 θεαταί⁸
3180 3241 3274 3297 τοῦ
3328 3239 3632 3308 θαύματος,

2055 3348 2150 3403 καὶ
2177 3346 2356 3409 ἄλλοις
2375 3341 2733 3416 ἀπήγγειλαν.

2139 3442 2209 3496 Ἠ
2248 3436 2362 3495 οὖν
2390 3437 2589 3505 Μαρία
2624 3436 2705 3500 ὡς
2739 3430 2929 3505 ἦλθεν
2974 3430 3128 3484 ὅπου
3175 3422 3255 3497 ἦν
3295 3427 3328 3479 ὁ
3377 3420 3637 3491 Ἰησοῦς,

2056 3532 2238 3585 ἔπεσε
2273 3526 2422 3597 πρὸς
2444 3525 2588 3591 τοὺς
2617 3522 2809 3587 πόδας
2833 3517 3043 3582 αὑτοῦ,
3071 3516 3165 3571 καὶ
3187 3515 3255 3568 τά
3293 3512 3439 3582 ἑξῆς.

2139 3622 2204 3675 Ἦ
2237 3619 2417 3691 μέντοι
2449 3616 2666 3687 Μαρία,
2699 3612 2949 3684 πρόωρον
2994 3605 3325 3679 γεγενῆσθαι
3371 3603 3517 3672 λέγει
3541 3601 3640 3654 τὸν

2060 3712 2284 3766 θάνατον
2320 3707 2399 3778 τῷ
2430 3704 2644 3776 ἀδελφῷ
2671 3702 2760 3757 διὰ
2789 3701 2850 3755 τὸ
2877 3702 3098 3755 ἀπεῖναι
3127 3698 3218 3751 τὸν
3244 3695 3448 3766 Κύριον
3471 3710 3488 3726 ο
3538 3691 3640 3745 καὶ

2058 3805 2179 3858 τότε
2211 3803 2376 3873 φησὶν
2398 3797 2856 3869 ἐπιδεδημηκέναι
2880 3792 3043 3846 αὐτὸν
3068 3789 3146 3860 τῷ
3172 3788 3306 3858 οἴκῳ
3324 3827 3339 3850 ,
3361 3788 3448 3839 ὅτε
3476 3787 3504 3839 ὁ
3534 3784 3637 3853 τῆς

2061 3892 2357 3966 θεραπείας
2389 3889 2708 3962 παρέδραμε
2746 3884 2937 3955 καιρός
2962 3900 2976 3913 ·
3036 3881 3128 3936 καὶ
3169 3879 3283 3933 ἐστι
3317 3876 3415 3948 μὲν
3444 3875 3538 3930 καὶ
3568 3874 3640 3927 ὲκ

2059 3988 2250 4043 τούτου
2280 3981 2681 4055 στοχάσασθαι,
2715 3981 2802 4034 ὅτι
2837 3978 2911 4040 ὡς
2939 3973 3058 4046 Θεῷ
3090 3970 3240 4042 αὑτῷ
3269 3970 3422 4038 ἔλεγε
3453 3965 3637 4031 τοῦτο,

2062 4080 2111 4133 εἰ
2143 4078 2239 4132 καί
2259 4077 2360 4130 οὐκ
2385 4071 2630 4143 ἀκριϐῶς
2653 4068 2976 4139 λελάληκεν,
3020 4061 3241 4133 οἰομένη
3277 4059 3353 4130 μὴ
3379 4057 3641 4129 παρεῖναι

2062 4171 2225 4227 αὑτὸν
2253 4170 2301 4222 εί
2332 4166 2426 4221 καὶ
2456 4163 2603 4233 ἀπῆν
2632 4162 2712 4232 τῷ
2736 4159 2967 4229 σώματι.
3015 4151 3406 4225 Ἀκριϐεστέρα
3425 4148 3482 4203 δὲ
3499 4143 3642 4205 οὖσα

2062 4262 2158 4316 καὶ
2188 4256 2530 4327 συνετωτέρα
2556 4253 2659 4323 τῆς
2687 4248 2916 4320 Μάρθας
2935 4287 2953 4311 ,
2999 4246 3100 4298 οὐκ
3125 4240 3302 4297 εἷπενσ
3343 4260 3362 4291 ι
3403 4240 3541 4292 Ὅσα
3568 4234 3643 4289 ἂν

2062 4353 2264 4424 αἰτήσῃ
2278 4349 2369 4402 τὸν
2388 4346 2541 4409 Θεὸν,
2572 4341 2732 4397 δώσει
2759 4357 2842 4394 σοι
2870 4341 2899 4393 ὁ
2925 4338 3074 4400 Θεός.
3106 4355 3124 4388 ι
3154 4335 3245 4387 Διὸ
3274 4332 3407 4403 πρὸς
3433 4328 3643 4396 ταύτην

2063 4419 2214 4498 οὐδέν
2234 4419 2410 4493 -.λαλεῖ
2449 4436 2478 4488 ὁ
2507 4433 2731 4506 Κύριος,
2761 4429 2897 4502 πρὸς
2930 4429 2987 4482 δὲ
3027 4427 3126 4498 τὴν
3148 4423 3377 4495 Μάρθαν
3428 4419 3642 4493 μακρὸν

385 4541 661 4615 prolixum
713 4510 907 4593 habuit
955 4547 1290 4592 sermonem.
1341 4528 1451 4584 Sed
1501 4530 1645 4584 enim
1698 4528 1947 4584 obrutam

2064 4536 2287 4589 διέτεινε
2326 4531 2417 4584 τὸν
2448 4528 2624 4597 λόγον.
2683 4525 2761 4595 Τῇ
2799 4521 2947 4593 λύπῃ
2980 4519 3164 4590 μέντοι
3209 4513 3512 4615 μεθύουσαν
3537 4510 3642 4581 τὴν

386 4634 576 4689 dolore
625 4629 854 4684 Mariam
914 4641 1027 4681 non
1069 4622 1371 4692 redarguit,
1411 4620 1460 4675 ei
1498 4620 1590 4690 qui
1646 4627 1959 4675 creaturam

384 4739 603 4781 omnem
635 4721 820 4793 implet
853 4721 958 4775 hoc
978 4719 1269 4780 locutam,¢
1299 4712 1352 4768 Si
1377 4712 1580 4768 fuisses
1598 4712 1711 4780 hic,
1735 4731 1752 4764 ι
1775 4728 1960 4768 exem-

386 4820 537 4891 plum
564 4814 725 4871 nobis
756 4814 1004 4885 prahens
1040 4825 1150 4865 non
1176 4806 1546 4877 redarguendi
1571 4821 1668 4862 eos
1701 4807 1795 4877 qui
1829 4814 1960 4862 sunt

384 4912 442 4970 in
490 4908 696 4964 recenti
727 4903 1153 4973 vehementique
1203 4901 1379 4955 luctu.
1430 4897 1732 4969 Propterea
1782 4914 1961 4969 neque

387 4996 727 5069 colloquitur
780 5009 905 5049 cum
954 5006 1040 5057 ea,
1073 5005 1254 5060 neque
1308 4987 1449 5043 dicit
1490 5002 1554 5043 ea
1609 5002 1732 5057 qua:
1783 4986 1961 5042 sorori

388 5086 510 5163 eius
539 5088 698 5154 dixit,
744 5085 1006 5157 quoniam
1057 5083 1243 5137 aderat
1282 5095 1483 5150 magna
1511 5079 1827 5142 multitudo,
1864 5092 1968 5132 nec

392 5184 585 5240 talium
632 5180 929 5236 verborum
985 5184 1203 5245 tempus
1263 5182 1434 5229 erat:
1488 5173 1793 5240 acquiescit
1837 5185 1966 5226 vero

391 5279 568 5350 magis
597 5282 650 5332 et
678 5271 1005 5336 assentitur,
1033 5269 1332 5324 humanam
1368 5273 1623 5321 naturam
1650 5264 1963 5328 declarans,

392 5379 449 5425 et
496 5371 838 5440 lacrymatur
881 5369 937 5419 et
972 5360 1333 5419 confunditur
1360 5357 1555 5413 videns
1602 5371 1722 5413 eam
1775 5357 1967 5429 lugen-

391 5470 527 5523 tem.
562 5470 619 5517 et
652 5458 879 5515 Judaeos
904 5456 999 5529 qui
1032 5460 1408 5512 convenerant
1442 5451 1872 5522 illacrymantcs.

468 5553 561 5619 XI,
595 5554 686 5610 '53.
727 5550 1013 5623 Infremuit
1061 5547 1265 5619 Spiritu
1317 5552 1368 5599 et
1439 5542 1664 5596 turbavit
1709 5542 1958 5611 seipsum.

465 5647 735 5714 Quoniam
771 5660 886 5700 non
917 5643 1096 5700 solum
1142 5639 1289 5697 Deus
1334 5636 1636 5693 secundum
1687 5645 1960 5701 naturam,

399 5738 493 5795 sed
526 5745 581 5792 et
602 5735 766 5792 homo
788 5744 908 5791 erat
931 5734 1214 5797 Christus,
1248 5745 1396 5787 nunc
1423 5726 1627 5799 aliquid
1656 5727 1959 5782 humanum

400 5826 626 5899 patitur.
657 5823 795 5881 Cum
841 5824 989 5880 enim
1017 5824 1173 5880 dolor
1202 5823 1260 5878 in
1303 5836 1368 5878 eo
1401 5820 1629 5877 excitari
1673 5820 1960 5891 inciperet,

2062 4626 2283 4698 Μαρίαν
2310 4621 2411 4676 οὐκ
2441 4620 2680 4689 ἐλέγχει,
2706 4615 2968 4668 εἰποῦσαν
2990 4611 3080 4676 τὸ,
3118 4628 3136 4661 ι
3160 4609 3223 4661 Εἰ
3248 4604 3313 4679 ῆς
3343 4600 3446 4659 ὧδε
3465 4643 3482 4667 ,
3512 4623 3531 4655 ι
3559 4602 3642 4672 τῷ

2065 4716 2361 4791 πληροῦντι
2389 4712 2488 4785 τὴν
2511 4711 2728 4765 ἃπασαν
2757 4706 2965 4760 κτίσινο
3007 4702 3143 4775 πρὸς
3176 4701 3324 4771 ἡμᾶς
3350 4699 3645 4767 ὑπογραμ-

2068 4788 2172 4882 μὸν
2182 4788 2289 4863 ’καὶ
2312 4805 2472 4861 τοῦτο
2505 4800 2693 4863 ποιῶν,
2726 4799 2813 4852 ἵνα
2846 4797 2921 4868 μὴ
2946 4796 3072 4858 τοὺς
3103 4795 3161 4846 ὲν
3193 4793 3344 4861 ἀκμῇ
3376 4789 3483 4842 τῶν
3508 4788 3645 4858 θρή-

2065 4881 2172 4956 νων
2231 4899 2391 4960 ὄντας
2446 4893 2779 4965 ἐλέγχωμεν.
2828 4890 2928 4942 Διά
2970 4886 3126 4940 τοῦτο
3167 4883 3286 4937 οὐδὲ
3332 4881 3644 4948 διαλέγεται

2064 4993 2234 5062 αὐτῇ,
2262 4988 2384 5042 οὐδὲ
2427 4985 2577 5053 λέγει
2614 4982 2684 5037 τά
2710 4980 2879 5043 αὐτὰ,
2923 4978 2959 5033 ἀ
2988 4980 3081 5032 καὶ
3114 4976 3248 5046 πρὸς
3278 4973 3375 5044 τὴν
3407 4969 3645 5040 ἀδελφὴν

2066 5081 2238 5151 αὐτῆς
2266 5077 2385 5133 εἷπε
2406 5118 2422 5143 ,
2450 5076 2538 5131 διὰ
2565 5074 2627 5128 τὸ
2657 5076 2909 5144 παρεῖναι
2956 5071 3122 5124 πολὺν
3177 5069 3331 5139 ὄχλον
3349 5109 3364 5130 ,
3417 5066 3510 5119 καὶ
3565 5064 3645 5134 μὴ

2070 5171 2210 5228 εἶναι
2236 5170 2431 5242 καιρὸν
2465 5168 2574 5223 τῶν
2609 5166 2885 5223 τοιούτων,
2911 5164 3191 5236 ῥημάτων·
3219 5158 3647 5230 συγκαταδαίνει

2069 5269 2127 5322 δὲ
2161 5265 2357 5338 μᾶλλον
2377 5303 2393 5327 ,
2425 5264 2525 5335 τὴν
2567 5260 2914 5332 ἀνθρωπίνην
2962 5257 3121 5325 φύσιν
3157 5252 3512 5324 ἀπογυμνῶν,
3545 5252 3648 5304 δα-

2071 5359 2229 5431 κρύει
2244 5358 2300 5412 δὲ
2319 5357 2414 5411 καὶ
2434 5357 2737 5425 συγχεῐται,
2759 5352 2878 5406 ἰδὼν
2899 5350 3067 5420 αὐτὴν
3090 5349 3379 5403 κλαίουσαν
3400 5345 3495 5400 καὶ
3517 5345 3646 5406 τοὺς

2074 5451 2424 5512 συνελθόντας
2450 5449 2587 5519 αὐτῇ
2635 5446 2920 5508 Ἰουδαίους
2948 5444 3254 5505 κλαίοντας.

2153 5539 2611 5611 Ἐνεϐριμήσιῑτο
2670 5537 2750 5602 τῷ
2816 5537 3113 5605 Πνεύματι
3189 5532 3288 5588 καί
3352 5530 3647 5600 ἐτάραξεν

2056 5636 2307 5700 ἑαυτόν.

2154 5724 2373 5794 Ἐπειδὴ
2428 5724 2485 5778 δὲ
2533 5724 2595 5777 ού
2640 5724 2796 5794 μόνον
2849 5719 2980 5783 Θεὸς
3018 5717 3159 5771 κατά
3184 5712 3519 5786 Quamdiu
3546 5711 3643 5765 καὶ

2069 5817 2352 5890 ἅνθρωπος
2380 5813 2447 5890 ἧν
2477 5818 2506 5871 ὁ
2536 5815 2769 5888 Χριστὸς
2790 5858 2803 5885 ,
2850 5813 3046 5884 πάσχει
3079 5811 3171 5865 καὶ
3204 5809 3299 5865 νῦν
3326 5808 3387 5862 τὸ
3428 5804 3647 5875 ἀνθρὼ-
