3882 6206
305 373 378 429 53
1164 370 1228 424 IN
1259 367 1601 426 JOANNEM.
1633 400 1702 411 —
1734 366 1861 422 LIB.
1906 364 1998 420 VII
2039 363 2125 417 ET
2159 362 2274 418 VIII
2302 359 2733 416 FRAGMENTA
3495 362 3559 416 54

289 499 474 537 απινον.
534 482 866 553 Ἀρχομένης
900 480 956 534 δέ
1009 496 1125 543 πως
1169 481 1226 533 ὲν
1273 480 1421 550 αὐτῴ
1467 479 1733 533 κινεῖσθαι
1786 477 1882 547 τῆς

1991 481 2178 529 sancta
2256 487 2422 528 carne
2495 471 2606 541 jam
2661 480 2916 542 vergente
2984 470 3050 524 ad
3111 473 3406 542 lacrymas,
3450 489 3560 529 non

302 574 496 643 λύπης,
526 574 620 626 καὶ
650 572 912 642 νευούσης
941 571 1039 642 ἤδη
1065 569 1201 641 πρὸς
1232 571 1293 623 τὸ
1317 569 1553 641 δάκρυον
1586 569 1688 639 τῆς
1716 567 1879 636 ἁγίας

301 663 538 735 σαρκὸς,
594 665 692 717 οὐκ
738 663 954 734 ἐφίησιν
984 662 1156 730 αὐτὴν
1196 662 1354 715 τοῦτο
1393 661 1585 715 παθεῖν
1618 659 1879 726 ἐκλύτως,

302 755 550 826 καθάπερ
579 755 698 817 ἔθος
723 755 854 824 ἡμῖν
873 773 886 786 ο
919 771 938 804 ι
981 753 1348 823 Ἐμϐριμᾶται
1370 752 1426 804 δὲ
1451 751 1528 822 τῷ
1545 751 1841 820 Ππύματι*
1857 768 1875 801 ι

298 845 444 898 τοῦτ’
472 843 610 911 ἔστι,
646 847 712 916 τῇ
743 842 969 914 δυνάμει
987 842 1079 895 τοῦ
1107 841 1262 910 ἁγίου
1285 841 1603 912 Πνεύματος
1620 839 1883 910 ἐπιπλήτ-

297 951 381 987 τει
409 935 610 1004 τρόπον
640 934 763 988 τινὰ
796 937 862 1005 τῇ
899 932 1006 1004 ίδίᾳ
1039 931 1202 1003 σαρκί
1228 948 1239 960 ·
1277 933 1309 1003 ή
1335 932 1412 996 δὲ,
1441 931 1500 984 τὸ
1527 931 1627 1002 τῆς
1660 928 1881 982 ἐνωθείσ

299 1045 398 1098 σης
430 1028 566 1097 αὐτῇ
601 1025 852 1096 θεότητος
885 1027 984 1078 οὐκ
1021 1022 1319 1092 ἐνεγκοῦσα
1340 1023 1568 1095 κίνημα,
1597 1023 1790 1095 τρέμει
1822 1039 1882 1074 τε

298 1119 394 1172 καὶ
419 1117 546 1188 θορύ
559 1118 654 1170 6ου
672 1118 966 1171 πλάττεται
996 1117 1182 1188 σχῆμα
1210 1117 1304 1170 καὶ
1329 1116 1621 1185 συγχέεται
1648 1131 1660 1144 ⁸
1685 1113 1883 1179 πένθος

299 1209 407 1278 γὰρ
434 1202 570 1260 οἶδεν
604 1207 1004 1278 ἀναρριπίζειν.
1053 1206 1224 1260 Τοῦτο
1255 1207 1364 1277 γὰρ
1391 1201 1544 1277 οἶμαι
1594 1206 1882 1277 σημαίνειν

308 1299 390 1361 ιὸ,
428 1317 448 1352 ι
491 1300 786 1371 Ἐτάραξεν
819 1300 1028 1353 ἑαυτόν.
1072 1318 1089 1349 ι
1122 1300 1245 1362 Πῶς
1278 1299 1388 1370 γὰρ
1415 1298 1480 1352 ἂν
1515 1298 1720 1370 ἑτέρως
1749 1299 1883 1352 ὑπο-

302 1387 460 1458 μείνῃ
491 1388 718 1458 θόρυϐον
745 1406 757 1455 ;
785 1388 1204 1461 Ταραχθήσεταί
1226 1405 1290 1458 γε
1324 1389 1430 1460 μὴν
1457 1390 1597 1444 κατὰ
1620 1389 1742 1444 τίνα
1759 1390 1883 1462 τρό-

301 1479 455 1547 πονή
490 1478 756 1542 ἀθόλωτος
783 1481 868 1532 ἀεὶ
901 1482 994 1533 καὶ
1024 1480 1340 1551 γαληνιῶσα
1370 1482 1565 1550 φύσις;
1598 1482 1883 1552 Ἐπιτιμᾶ-

300 1586 389 1622 ται
412 1568 590 1623 τοίνυν
623 1572 656 1642 ἡ
689 1571 825 1642 σὰρξ
853 1571 939 1625 διὰ
962 1572 1056 1626 τοῦ
1089 1573 1424 1642 Πνεύματος,
1456 1573 1525 1627 τὰ
1551 1574 1688 1645 ὑπὲρ
1721 1575 1881 1642 φύσιν

303 1660 438 1714 ἰδίαν
458 1661 816 1736 διδασκομένη
852 1668 1087 1736 φρονεῖν.
1112 1665 1211 1719 Διά
1232 1666 1341 1738 γάρ
1369 1683 1452 1720 τοι
1473 1665 1631 1720 τοῦτο
1661 1665 1882 1735 γέγονεν

302 1751 358 1803 ἐν
382 1753 573 1823 σαρκὶ,
621 1753 821 1823 μᾶλλον
850 1754 905 1807 δέ
943 1754 1100 1826 σὰρξ,
1127 1757 1155 1808 6
1181 1756 1360 1811 πάντα
1389 1756 1590 1828 ίσχύων
1611 1755 1705 1810 τοῦ
1745 1757 1880 1810 θεοῦ

302 1842 496 1910 Λόγος,
539 1843 626 1896 ἵνα
653 1847 770 1908 ταῖς
802 1846 1103 1917 ἐνεργείαις
1127 1847 1220 1900 τοῦ
1250 1847 1381 1901 ίδίου
1411 1848 1752 1919 Πνεύματος,
1781 1849 1880 1912 τὰς

306 1931 403 2000 μὲν
426 1932 526 2002 τῆς
552 1937 753 2006 σαρκὸς
777 1937 1058 2002 ἀσθενείας
1089 1938 1357 2012 νευρώσῃ,
1391 1941 1483 1994 καὶ
1513 1941 1879 2011 γεωδεστέρου

303 2027 648 2095 φρονήματος
696 2028 977 2100 ἀπαλλάξῃ
1040 2029 1139 2102 τὴν
1173 2030 1370 2099 φύσιν,
1418 2032 1792 2103 ἀναμορφὼσῃ
1823 2032 1878 2085 δέ

301 2113 489 2187 ῶσπερ
531 2119 610 2182 εἰς
648 2120 788 2189 μόνα
825 2120 895 2174 τὰ
937 2122 1198 2176 δοκοῦντα
1227 2123 1366 2194 Θεῷ.
1427 2124 1635 2177 Οὐκοῦν
1666 2123 1878 2194 νόσημα

304 2206 402 2276 μὲν
428 2208 643 2277 φύσεως
663 2212 1030 2285 ἀνθρωπίνης,
1044 2215 1104 2268 τὺ
1120 2215 1496 2286 τυραννεῖσθαι
1512 2218 1634 2280 ταῖς
1658 2215 1876 2280 λύπαις,

303 2305 583 2371 κρατεῖται
622 2305 678 2358 δὲ
724 2306 820 2360 καὶ
865 2299 1024 2362 τοῦτὸ
1055 2311 1195 2380 μετὰ
1233 2311 1343 2364 τῶν
1383 2310 1560 2365 ἄλλων
1589 2315 1647 2365 ἐν
1678 2311 1879 2383 πρώτῳ

373 2398 483 2450 Καὶ
518 2399 578 2451 τὸ
603 2401 812 2471 ἐρωτᾷν
844 2401 919 2472 (I)
950 2399 1043 2457 οὖν
1078 2404 1335 2476 οὐδεμίαν
1371 2406 1591 2474 ἄγνοιαν
1621 2406 1776 2478 φέρει
1804 2405 1882 2476 τῷ

303 2486 370 2539 δι’
389 2490 539 2558 ἡμᾶς
567 2491 687 2543 καθ’
717 2493 864 2562 ἡμᾶς
894 2495 1172 2566 γενομένῳ
1197 2513 1210 2526 ι
1260 2495 1376 2549 ἀλλ’
1411 2498 1474 2549 ἐκ
1504 2496 1655 2550 τοῦδε
1682 2496 1882 2566 μᾶλλον

303 2584 418 2646 ἴσος
454 2584 530 2654 τῷ
560 2586 734 2656 Πατρὶ
768 2588 1060 2643 δείκνυται’
1087 2592 1180 2644 καὶ
1201 2590 1308 2664 γὰρ
1326 2594 1531 2656 ἐκεῖνος
1554 2594 1754 2664 ἐρωτᾷ,
1780 2593 1881 2646 ποῦ

315 2672 488 2740 Ἀδὰμ
518 2670 607 2745 ἦν’
647 2679 739 2730 καὶ
767 2670 923 2742 οὗτος
956 2678 1178 2749 ἄγνοιαν
1227 2681 1529 2750 σοφίζεται,
1559 2683 1654 2736 καὶ
1679 2683 1886 2738 πυνθά-

303 2767 627 2820 νεται·ιῐ]οῦ
657 2769 960 2837 τεθείκατε;
989 2792 1007 2822 ι
1029 2773 1169 2826 ὥστε
1199 2773 1288 2827 διὰ
1312 2776 1409 2845 τῆς
1444 2774 1720 2839 πεύσεως,
1748 2776 1888 2845 πλῆ-

305 2857 396 2920 θος
429 2860 825 2931 συναγερθῆναι
858 2863 992 2933 πρὸς
1017 2865 1117 2935 τὴν
1145 2865 1449 2931 ἀπόδειξιν,
1472 2868 1566 2920 καὶ
1597 2868 1750 2938 παρά
1775 2866 1885 2920 τῶν

303 2949 514 3020 ἐχθρῶν
567 2953 768 3022 μᾶλλον
835 2956 1249 3027 μαρτυρηθῆναι
1294 2956 1355 3009 τὸ
1415 2956 1715 3028 παράδοξον
1783 2957 1886 3027 τῆς

302 3041 654 3109 ἀναϐιώσεως
681 3046 776 3099 τοῦ
803 3048 902 3118 ἤδη
935 3047 1350 3120 διαφθαρέντος.
1373 3080 1440 3091 -
1469 3051 1680 3122 Ἐρωτᾷ
1705 3050 1885 3104 τοίνυν

302 3132 401 3200 οὐχ
431 3133 505 3196 ὡς
531 3133 742 3202 ἀγνοῶν
768 3153 780 3165 ·
832 3137 927 3190 καὶ
961 3138 1069 3210 γάρ
1113 3140 1200 3192 ἐπ’
1246 3139 1554 3210 ἀλλοδαπῆς
1588 3139 1662 3194 ὣν
1684 3180 1698 3201 ,
1730 3140 1885 3204 είδὼς

302 3221 386 3275 ὅτι
412 3221 640 3293 τέθνηκε
663 3267 675 3283 ,
713 3226 829 3290 πῶς
867 3227 934 3281 ἂν
965 3229 1201 3298 ἠγνόησε
1245 3230 1306 3282 τὸ
1352 3232 1572 3301 μνῆμα;
1636 3231 1798 3299 Λέγει
1828 3231 1883 3286 δέ

303 3312 478 3377 οὕτως
511 3315 588 3378 ὡς
627 3317 1014 3390 ἀφιλόκομπος.
1059 3320 1133 3374 Οὐ
1171 3321 1278 3394 μὴν
1305 3321 1360 3374 δὲ
1387 3317 1540 3375 εἶπεν
1562 3339 1575 3352 ·
1627 3324 1882 3392 Ἀγωμεν

305 3407 385 3469 είς
411 3407 473 3460 τὸ
496 3411 785 3479 μνημεῖονο
809 3411 986 3482 ἐγερῶ
1012 3411 1122 3482 γὰρ
1141 3413 1304 3466 αὐτόν
1324 3430 1337 3443 ·
1374 3414 1421 3466 εί
1447 3414 1621 3467 καὶτὸ
1647 3413 1882 3484 μάλιστα

305 3498 576 3570 ἐρωτῆσαι
615 3499 786 3566 οὕτως
832 3503 1038 3575 ταύτην
1095 3504 1206 3574 ἔχει
1241 3505 1338 3576 τὴν
1374 3506 1634 3577 ἔμφασιν.
1691 3509 1884 3579 Ὅμως

305 3588 587 3644 καὶτοῦτο
629 3593 828 3655 εἰπὼν,
860 3595 1091 3658 πολλοὺς
1124 3597 1505 3668 παρεσκεύασε
1535 3598 1884 3668 προϐαδίζειν

305 3677 494 3742 αὑτοῦ,
517 3678 593 3743 ὡς
627 3681 1007 3736 ὑποδείκνυται
1035 3683 1095 3736 τὸ
1127 3683 1478 3756 ζητούμενον.
1512 3686 1885 3758 Οίκονομικῶς

305 3762 399 3821 οὖν
427 3769 520 3822 καὶ
561 3770 717 3824 τοῦτο
754 3767 939 3837 εἶπεν,
999 3772 1171 3827 ἕλκων
1214 3774 1302 3828 διὰ
1337 3773 1431 3828 τοῦ
1480 3778 1720 3847 ῥήματος
1754 3776 1886 3829 πολ-

305 3858 434 3924 λοὺς
468 3862 547 3924 είς
589 3863 680 3915 τὸν
704 3862 866 3918 τόπον
891 3880 906 3894 ⁸
950 3865 1043 3922 καὶ
1072 3867 1286 3934 ἀγνοεῖν
1317 3867 1711 3937 σχηματίζεται
1730 3910 1744 3932 ,
1791 3868 1888 3938 τὴν

305 3951 406 4022 τῆς
450 3951 864 4024 ἀνθρωπότητος
908 3955 1150 4009 δουλείαν
1199 3959 1290 4010 καὶ
1337 3959 1608 4029 πτωχείαν
1653 3960 1887 4031 οὐδαμοῦ

309 4046 746 4117 παραιτούμενος
769 4050 797 4101 6
823 4049 985 4119 φύσει
1015 4051 1164 4116 Θεὸς,
1200 4054 1294 4106 καὶ
1327 4053 1505 4107 πάντα
1523 4053 1696 4119 εἰδὼς,
1728 4056 1787 4107 οὐ
1819 4055 1887 4109 τὰ

308 4139 568 4205 γεγονότα
598 4141 756 4212 μόνον
775 4181 789 4206 ,
815 4142 951 4196 ἀλλά
976 4142 1071 4197 καὶ
1094 4144 1160 4198 τά
1193 4145 1428 4216 ἐσόμενα
1455 4146 1584 4217 πρὶν
1621 4147 1887 4216 γενέσεως

310 4248 505 4286 αυτων.

1985 567 2117 621 sinit
2166 566 2270 620 hoc
2304 579 2424 619 eam
2472 563 2653 618 facere
2685 563 2884 629 solute,
2909 571 2968 617 ut
3011 564 3181 619 moris
3213 573 3298 619 est
3350 565 3513 619 nobis
3546 585 3558 621 :

1989 656 2265 712 «Infremit
2287 663 2466 710 autem
2500 654 2767 724 Spiritu,»
2796 653 2899 708 hoc
2929 662 3013 710 est
3043 655 3093 708 vi
3124 653 3300 709 sancti
3325 653 3564 726 Spiritus

1982 748 2391 820 quodammodo
2448 761 2604 800 suam
2654 760 2881 800 carnem
2941 745 3244 816 increpat:
3287 746 3377 800 illa
3429 762 3561 801 vero

1985 841 2152 895 unita:
2174 839 2278 895 sibi
2303 839 2524 894 deitatis
2552 845 2763 892 motum
2797 851 2909 891 non
2940 836 3145 902 ferens,
3179 837 3363 893 tremit
3392 845 3445 892 et
3475 845 3563 890 tu-

1982 934 2308 996 multuatur,
2349 931 2616 1000 luctuque
2655 929 3018 985 confunditur
3067 945 3130 984 ac
3181 936 3398 986 aestuat.
3445 929 3562 984 Hoc

1983 1024 2152 1088 enim,
2175 1025 2394 1094 opinor,
2420 1021 2699 1092 signiﬁcat
2723 1019 2878 1088 illud,
2907 1039 2928 1072 ι
2953 1019 3222 1074 Turbavit
3249 1019 3513 1090 scipsum.
3537 1039 3556 1072 ι

1983 1114 2273 1180 Quomodo
2313 1113 2460 1169 enim
2501 1113 2666 1168 aliter
2697 1111 3005 1168 sustineret
3054 1111 3392 1166 tumultum?
3421 1109 3559 1165 Tur-

1982 1206 2205 1261 habitur
2243 1204 2466 1276 quidem
2499 1219 2738 1274 quonam
2769 1203 2936 1257 modo
2969 1202 3251 1257 inturbida
3276 1210 3331 1257 et
3364 1216 3561 1257 serena

1982 1298 2218 1352 natura?
2241 1297 2563 1366 Increpatur
2587 1310 2720 1351 vero
2749 1310 2882 1351 caro
2914 1311 3010 1366 per
3036 1294 3329 1365 Spiritum,
3366 1293 3560 1348 edocta

1982 1399 2037 1446 et
2077 1392 2238 1460 jussa
2285 1405 2478 1460 sapere
2529 1405 2652 1460 quae
2707 1405 2875 1461 supra
2912 1398 3170 1443 naturam
3213 1402 3368 1442 suam
3408 1395 3556 1442 sunt.

1983 1479 2219 1551 Propter
2275 1481 2378 1535 hoc
2428 1481 2574 1534 enim
2609 1478 2715 1533 fuit
2747 1481 2802 1534 in
2840 1494 3028 1544 carne,
3066 1478 3179 1532 imo
3228 1494 3361 1533 vero
3406 1493 3559 1544 caro,

1983 1573 2331 1642 omnipotens
2379 1571 2474 1627 Dei
2512 1571 2776 1640 Verbum,
2809 1580 2869 1626 ut
2919 1587 3016 1643 per
3051 1572 3401 1641 operationcs
3443 1571 3560 1626 elli-

1983 1678 2143 1720 caces
2173 1663 2383 1734 pr0prii
2428 1661 2690 1734 Spiritus,
2725 1664 2912 1718 carnis
2959 1663 3303 1719 inﬁrmitates
3343 1665 3562 1720 confor-

1984 1759 2145 1817 taret,
2168 1759 2220 1803 et
2265 1758 2542 1806 aterrena
2586 1753 2918 1822 cogitatione
2963 1762 3218 1808 naturam
3263 1753 3558 1809 humanam

1913 1824 1955 1878 Β
1988 1842 2350 1908 abstraheret,
2376 1841 2908 1915 translormaretque
2937 1845 3086 1900 velut
3115 1846 3170 1905 in
3203 1861 3268 1901 ea
3299 1847 3414 1902 sola
3441 1863 3564 1917 qua:

1988 1931 2100 1986 Deo
2145 1932 2384 2002 placent.
2421 1931 2593 2002 Igitur
2646 1933 2873 1990 morbus
2921 1943 3007 1989 est
3053 1944 3266 1990 natura:
3309 1936 3564 1991 humana:

1987 2025 2289 2079 obnoxium
2319 2039 2442 2079 esse
2470 2025 2520 2079 vi
2546 2025 2777 2092 doloris,
2801 2022 2905 2097 qui
2931 2036 2985 2082 et
3017 2041 3142 2080 cum
3174 2027 3299 2084 aliis
3335 2043 3563 2099 supera-

1989 2127 2080 2174 tur
2111 2118 2168 2172 in
2216 2117 2392 2187 primo
2430 2118 2673 2186 Christo,
2700 2127 2760 2175 ut
2812 2120 2882 2176 ad
2933 2136 3035 2176 nos
3091 2137 3309 2192 quoque
3363 2139 3561 2194 perve-

1988 2211 2121 2268 niat.

1917 2307 2158 2380 Χριστῷ,
2189 2308 2274 2362 ἴνα
2304 2308 2398 2362 καὶ
2428 2310 2508 2372 είς
2533 2308 2681 2379 ἡμᾶς
2706 2308 2885 2381 διαϐῇ.

2058 2401 2426 2471 Interrogatio
2451 2403 2657 2456 nullam
2715 2403 3084 2473 ignorantiam
3131 2404 3407 2474 signiﬁcat
3442 2405 3564 2473 ejus

1986 2495 2080 2564 qui
2148 2502 2375 2564 propter
2434 2509 2536 2548 nos
2593 2493 2794 2550 similis
2847 2494 3009 2551 nobis
3064 2497 3242 2550 factus
3305 2507 3387 2550 est
3439 2497 3489 2526 δι
3546 2514 3558 2549 :

1983 2585 2092 2639 imo
2123 2586 2204 2640 sic
2245 2585 2397 2638 Patri
2449 2584 2633 2654 patius
2683 2599 2784 2639 suo
2841 2585 3040 2640 similis
3095 2585 3560 2641 demonstratur:

1986 2693 2226 2748 namque
2289 2687 2343 2732 et
2408 2677 2500 2732 ille
2563 2677 2961 2748 interrogavit,
3026 2677 3251 2733 ubinam
3315 2677 3562 2734 Adamus

1986 2776 2132 2824 esset
2167 2788 2180 2822 :
2216 2774 2271 2824 et
2302 2783 2451 2822 nunc
2488 2765 2654 2824 Jesus
2705 2767 3073 2838 ignorantiam
3113 2766 3283 2822 veluti
3340 2767 3565 2821 simulat

1987 2861 2304 2924 sciscitans,
2341 2879 2359 2912 ι
2399 2859 2638 2915 Ubinam
2689 2859 2993 2930 posuistis?
3028 2879 3046 2911 ι
3089 2867 3142 2913 ut
3190 2857 3262 2914 ob
3298 2858 3441 2912 hanc
3482 2860 3564 2912 in-

1989 2953 2427 3022 terrogationem
2491 2951 2730 3022 populus
2791 2957 3152 3005 concurreret
3211 2948 3280 3003 ad
3339 2948 3566 3003 demon-

1988 3045 2278 3101 strandum
2332 3045 2535 3105 locum,
2583 3051 2749 3112 atque
2814 3043 2889 3096 ita
2950 3042 3159 3096 inimici
3214 3041 3562 3112 potissimum

1992 3147 2160 3193 testes
2196 3137 2390 3191 ﬁerent
2426 3135 2680 3189 miraculi
2728 3135 3046 3190 resuscitati
3097 3134 3359 3202 hominis,
3401 3149 3563 3205 quem

1985 3230 2102 3300 jam
2131 3227 2359 3283 funerea
2391 3227 2546 3283 tabes
2573 3236 2920 3297 corruperat.
2954 3257 3026 3266 —
3053 3229 3363 3296 Interrogat
3410 3242 3562 3297 ergo,

1990 3335 2102 3374 non
2145 3320 2275 3389 quia
2311 3317 2531 3388 ignoret
2566 3335 2579 3371 :
2611 3332 2736 3371 nam
2772 3318 2864 3387 qui
2907 3316 3074 3372 etiam
3110 3317 3164 3370 in
3205 3317 3309 3370 alia
3342 3319 3565 3386 regione

1989 3411 2339 3466 constitutus
2387 3416 2665 3464 mortuum
2713 3417 3067 3479 cognoverat,
3113 3408 3391 3478 quomodo
3446 3422 3566 3461 mo-

1989 3508 2314 3556 numentum
2374 3499 2718 3569 ignorasset?
2761 3499 2854 3554 Sic
2912 3506 3097 3553 autem
3158 3498 3403 3568 loquitur
3464 3513 3563 3553 ceu

1987 3592 2138 3648 omni
2162 3592 2542 3648 ostentatione
2569 3591 2801 3646 alienus.
2833 3590 3013 3658 Quare
3044 3606 3143 3645 nec
3169 3591 3306 3645 dixit
3331 3609 3342 3644 :
3365 3588 3564 3646 Eamus

1989 3685 2058 3740 ad
2121 3690 2564 3751 monumentum,
2601 3691 2656 3738 et
2712 3699 2812 3754 ego
2862 3699 2988 3737 eum
3043 3683 3566 3752 suscitabo:quan-

1989 3791 2156 3846 quam
2225 3774 2318 3828 illa
2382 3773 2750 3843 interrogatio
2825 3771 2878 3827 id
2945 3772 3181 3826 maxime
3235 3781 3562 3826 eventurum

1988 3867 2239 3938 spondet.
2280 3863 2453 3920 Simul
2497 3865 2600 3920 hoc
2645 3864 2823 3930 dicto,
2877 3864 3080 3918 multos
3117 3863 3221 3918 sibi
3261 3861 3568 3934 praecedere

1991 3959 2227 4028 impulit,
2286 3969 2344 4014 ut
2398 3973 2510 4013 rem
2567 3957 2854 4028 quaesitam
2910 3954 3378 4011 demonstrarent.
3435 3953 3568 4009 Pru-

1992 4053 2189 4107 denter
2219 4067 2349 4108 vero
2382 4051 2435 4106 id
2471 4064 2689 4121 quoque
2721 4049 2954 4116 dixerat,
2979 4057 3040 4103 ut
3071 4048 3274 4102 multos
3303 4063 3368 4102 eo
3398 4046 3566 4102 verbo

1994 4143 2060 4198 ad
2098 4145 2278 4198 locum
2311 4143 2557 4198 traheret
2584 4162 2598 4197 :
2627 4152 2679 4197 et
2724 4139 3058 4210 ignorantiae"
3087 4141 3325 4211 speciem
3370 4154 3482 4209 prae
3509 4153 3569 4194 se

1994 4238 2120 4301 fert,
2155 4239 2226 4290 ne
2258 4236 2614 4290 humanitatis
2661 4233 2916 4290 servilem
2960 4233 3188 4287 formam
3218 4231 3570 4286 tenuitatem-

310 4336 418 4388 que
463 4338 722 4381 recusare
767 4326 1043 4392 videatur,
1075 4330 1171 4398 qui
1202 4337 1397 4385 natura
1432 4346 1529 4386 sua
1563 4332 1706 4385 Deus
1735 4339 1873 4396 erat,
1916 4339 2226 4400 cunctaque
2277 4339 2502 4386 noverat
2542 4327 2687 4382 haud
2723 4327 2997 4396 praeterita
3073 4335 3305 4390 tantum,
3373 4337 3567 4379 verum

309 4418 476 4469 etiam
515 4433 578 4472 ea
611 4435 730 4488 quae
761 4422 1004 4474 nondum
1038 4436 1357 4479 evenerant.

382 4511 496 4563 Οὐκ
521 4512 844 4579 ἀγνοοῦντος
861 4516 937 4585 (ἓ)
957 4515 1015 4568 τὸ
1047 4520 1294 4586 σημεῖον,
1323 4518 1402 4582 τὸ,
1429 4536 1446 4569 ι
1476 4518 1586 4572 Ποῦ
1613 4517 1883 4572 τεθείκατε

2071 4513 2190 4568 Νοη
2251 4521 2382 4569 sunt
2437 4512 2742 4583 ignorantis
2814 4509 3078 4565 indicium
3150 4510 3339 4575 verba,
3390 4530 3409 4563 ι
3461 4509 3568 4569 Ubi

313 4601 594 4672 Δάζαρον;
617 4624 633 4655 ι
658 4605 769 4658 ἀλλ’
806 4606 992 4675 ἐπειδὴ
1024 4607 1229 4678 σφόδρα
1258 4607 1408 4676 φίλον
1441 4608 1589 4679 αὐτῷ
1621 4611 1680 4662 τὸ
1705 4605 1890 4676 ἀφιλό-

313 4710 546 4763 κομπον,
575 4701 925 4767 παραιτεῖται
964 4698 1143 4767 λέγειν
1168 4717 1180 4731 ·
1244 4701 1520 4771 Ἀπίωμεν
1551 4704 1630 4764 είς
1658 4699 1719 4752 τὸ
1751 4715 1886 4770 μνη-

317 4793 465 4858 μεῖον
490 4806 504 4819 ⁸
545 4791 716 4861 ἑτέρῳ
757 4793 814 4845 δὲ
841 4793 1028 4862 τρόπῳ
1063 4793 1222 4846 τοῦτό
1257 4810 1409 4865 φησι.
1451 4794 1660 4856 ’Ἄλλως
1683 4811 1764 4860 τε,
1795 4793 1887 4847 λέ-

312 4896 426 4949 γων
447 4884 475 4934 6
493 4881 716 4953 Κύριος,
742 4883 882 4936 ιΠοῦ
900 4883 1177 4937 τεθείκατε
1209 4885 1426 4952 αὐτόν;›
1452 4885 1681 4949 πολλοὺς
1709 4886 1880 4940 ἐποίει

311 4974 437 5038 τοὺς
472 4973 904 5042 συμϐαδίζοντας
927 4975 1021 5028 καὶ
1043 4975 1416 5046 καταμηνύειν
1448 4976 1756 5042 ἐθέλοντας,
1793 4978 1890 5048 μά-

311 5063 470 5116 λιστα
521 5064 648 5117 ὃταν
682 5066 711 5117 6
753 5065 1025 5134 διερωτῶν
1073 5061 1212 5118 εἴναι
1260 5065 1440 5136 δοκοίη
1489 5066 1689 5137 τίμιος.
1729 5068 1890 5131 Εἰκὸς

314 5155 370 5208 δέ
397 5156 478 5208 ὅτι
517 5156 748 5228 ἐπείπερ
784 5153 853 5228 ἦν
887 5159 944 5210 ἐν
976 5157 1126 5227 αὐτῷ
1165 5157 1297 5221 Θεός
1343 5175 1404 5211 τε
1457 5160 1549 5212 καὶ
1582 5159 1886 5229 ἄνθρωπος,

316 5248 606 5318 ἀναμίσγει
646 5247 723 5319 τῷ
757 5248 1051 5320 θεοπρεπεῖ
1083 5249 1142 5301 τὸ
1173 5249 1512 5319 ἀνθρώπινον
1536 5267 1550 5281 ο
1583 5251 1676 5304 καὶ
1702 5251 1888 5304 ἄπεισι

321 5337 419 5406 μὲν
450 5341 904 5408 τερατουργήσων
953 5338 1028 5402 ὡς
1059 5338 1220 5402 Θεὸς,
1274 5338 1423 5391 λαλεῖ
1463 5339 1520 5393 δέ
1566 5339 1642 5403 ὡς
1682 5339 1888 5411 ἀνθρω-

316 5445 417 5492 πος
443 5445 456 5459 ⁶
493 5428 586 5481 καὶ
619 5426 760 5498 ἆπερ
784 5423 923 5481 οἶδεν
949 5427 1024 5490 ὡς
1046 5427 1178 5490 Θεὸς
1200 5469 1214 5495 ,
1247 5427 1460 5497 ἀγνοεῖν
1493 5428 1602 5480 ἐσθ’
1640 5429 1726 5482 ὅτε
1757 5447 1887 5501 σχη-

391 5566 434 5596 “
464 5563 770 5634 Philippm,
797 5565 854 5618 7.

389 5685 466 5752 (I)
497 5684 603 5737 Καὶ
621 5685 684 5737 τὸ
708 5685 928 5752 ἐρωτᾷν
952 5727 964 5739 .
995 5729 1006 5741 .
1035 5725 1047 5738 .
1079 5728 1090 5738 .
1119 5686 1405 5755 γενέσεως
1439 5685 1656 5739 αὐτῶν.
1687 5685 1758 5738 Ex
1783 5686 1890 5739 Ma-

321 5756 456 5809 carii
490 5755 911 5824 Chrysocephali
944 5766 1106 5812 tract.
1139 5757 1224 5823 16,
1263 5757 1385 5812 cod.
1433 5757 1526 5812 fol.
1565 5757 1669 5811 57').
1700 5757 1748 5820 b,
1798 5774 1882 5828 ap.

324 5828 432 5881 Mai
464 5825 498 5878 I.
531 5825 564 5877 1.
604 5844 653 5896 p.
692 5826 807 5880 lii.

1995 4605 2264 4662 Lazarum
2307 4605 2616 4675 posuistis?
2643 4624 2662 4657 ›
2703 4605 2796 4660 sed
2854 4605 2980 4675 quia
3015 4604 3343 4658 modestiam
3395 4606 3568 4674 potis-

1995 4698 2196 4752 simum
2239 4697 2554 4761 adamabat,
2616 4695 2798 4749 noluit
2830 4695 3014 4750 dicere
3049 4715 3061 4750 :
3113 4694 3315 4751 Eamus
3355 4697 3423 4751 ad
3455 4713 3568 4754 mo-

1993 4795 2312 4843 numentum
2363 4806 2377 4842 :
2418 4786 2512 4842 sed
2565 4787 2676 4841 alio
2751 4787 2912 4840 modo
2945 4786 2998 4841 id
3039 4785 3256 4840 eﬁ‘atur.
3313 4787 3567 4857 Alioquin

1993 4880 2124 4935 dum
2181 4881 2256 4934 ait
2308 4880 2598 4943 Dominus,
2659 4898 2678 4932 ι
2720 4877 2952 4934 Ubinam
3013 4881 3276 4950 posuistis
3325 4883 3498 4936 eum?
3541 4900 3560 4934 ι

1993 4974 2201 5029 multos
2253 4972 2637 5028 commovebat
2695 4970 2765 5025 ad
2820 4973 3194 5028 oomitandum
3265 4974 3317 5026 in
3373 4973 3569 5028 itinere

1996 5067 2286 5138 locumque
2318 5065 2832 5131 demonstrandum,
2860 5068 3163 5138 praisertim
3192 5068 3320 5137 quia
3348 5077 3570 5137 rogator

1997 5159 2230 5215 illustris
2263 5166 2404 5214 erat.
2446 5157 2642 5212 Merito
2672 5165 2856 5214 autem
2887 5158 3014 5228 quia
3057 5158 3221 5213 simul
3271 5157 3414 5214 Deus
3449 5169 3567 5213 erat

1997 5257 2051 5303 et
2079 5250 2262 5316 homo,
2293 5249 2488 5305 miscet
2519 5249 2771 5320 dignitati
2811 5247 3009 5303 divinae
3043 5249 3317 5303 humanos
3360 5257 3518 5303 actus
3551 5265 3566 5302 :

1997 5342 2218 5411 abitque
2277 5340 2603 5396 miraculum
2665 5341 2913 5396 editurus
2978 5348 3038 5393 nt
3094 5339 3268 5403 Dens,
3323 5341 3568 5408 loquitur

1992 5441 2175 5487 tamen
2210 5440 2269 5487 ut
2304 5432 2508 5487 homo:
2534 5442 2588 5488 et.
2612 5448 2734 5502 quae
2760 5434 2930 5503 probe
2965 5431 3108 5487 Deus
3137 5439 3384 5493 noverat,
3415 5432 3566 5502 igno-

2069 5690 2145 5754 (2)
2177 5691 2297 5742 Οὐκ
2332 5689 2699 5756 ἀγνοοῦντος
2805 5689 3296 5756 παραιτούμενος.
3315 5684 3388 5756 Ex
3413 5692 3558 5740 cate-

1998 5777 2066 5814 na
2105 5758 2359 5815 Vaticana
2380 5754 2484 5828 ἰιιι.
2525 5759 2625 5813 Mai
2662 5760 2780 5814 loco
2814 5754 2978 5828 supra
3011 5760 3248 5824 laudato,
3282 5774 3334 5826 p.
3373 5754 3470 5810 155
