3882 6206
193 313 261 365 57
1043 324 1109 378 IN
1140 325 1477 381 JOANNI'III.
1514 360 1584 367 —
1616 330 1740 383 LIB.
1781 331 1870 384 VII
1907 329 1991 383 ΕΤ
2020 331 2130 386 VIII
2166 331 2613 388 FRAGMENTA.
3369 332 3438 391 53

191 422 408 494 ἰσχύσαι
430 428 548 480 κατ’
582 428 750 495 αὐτῆς
775 432 832 484 τὸ
858 439 1067 506 πεινῇν·
1088 438 1229 491 οὕτω
1260 442 1556 505 κάνταῦθα,
1590 442 1732 512 λύπη

1870 454 2067 499 contra
2121 449 2399 516 propriam
2469 460 2691 501 carnem
2744 445 2915 501 fames
2969 450 3316 517 praevaleret,
3363 452 3443 506 ita

188 516 539 582 ἁνεπίδεκτος
582 520 655 572 ὢν
697 522 772 586 ώς
800 524 967 589 Θεὸς,

190 609 493 678 κρανθῆναι
517 612 650 681 πρὸς
671 614 905 685 δάκρυον
930 621 997 689 τῇ
1021 622 1205 690 σαρκὶ,
1234 624 1366 692 πρὸς
1396 626 1760 698 ὑπογραμμὸν

188 698 475 768 ἡμέτερον.
515 702 725 774 Ὠσπερ
753 705 863 775 γὰρ
886 707 944 760 τὸ
976 708 1181 763 κλαίειν
1212 714 1477 784 σφοδρῶς,
1504 717 1611 769 τῶν
1637 720 1761 771 ἀτο-

189 790 451 842 πωτάτων
475 792 618 845 εἴποι
648 811 730 856 τις
756 795 843 849 ἄν·
862 797 1005 852 οὕτω
1029 801 1090 853 τὸ
1124 803 1247 871 μηδ’
1274 803 1408 869 ὅλως
1432 807 1760 878 ἀνασχέσθαι

187 885 416 951 κλαίειν,
434 887 669 958 σκληρὸν
700 892 796 944 κα)⁵
816 893 1156 964 ἀσυμπαθές.

1018 529 1223 598 ὲφῆκεν
1259 533 1559 601 συμπαθῶς
1604 536 1763 587 ἐκπι-

263 1102 319 1155 Ὀ
349 1100 465 1159 οὖν
500 1105 730 1173 Ἰησοῦς
760 1108 947 1163 πάλιν
977 1111 1408 1181 ἐμϐριμώμενος
1442 1113 1510 1166 ἐν
1539 1111 1752 1184 ἐαυτῷ,

179 1196 413 1264 ἔρχεται
438 1203 528 1265 εὶς
563 1202 630 1254 τὸ
656 1201 969 1270 μνημεῖον.

259 1336 524 1392 Ἐνταῦθα
546 1340 643 1411 τὴν
672 1342 1006 1412 ἐμϐριμησιν
1031 1342 1257 1412 νοοῦμεν
1276 1384 1291 1410 ,
1308 1343 1405 1413 τὴν
1426 1344 1587 1396 οἱονεὶ
1613 1344 1749 1414 μετά

174 1432 441 1501 κινήσεως
469 1434 568 1503 τῆς
599 1434 720 1487 κατ’
741 1434 989 1499 ἐξουσίαν
1025 1434 1241 1503 θέλησιν
1264 1453 1276 1465 ·
1312 1436 1408 1489 καὶ
1431 1437 1512 1489 ὅτι
1544 1435 1747 1507 ἀγριώ-

172 1539 332 1591 τερον
365 1527 430 1593 τῇ
462 1524 605 1595 λύπῃ
640 1527 961 1596 ἐπετίμησε,
989 1529 1082 1580 καὶ
1115 1528 1191 1598 τῷ
1218 1528 1436 1599 δακρύῳ
1465 1529 1541 1599 τῷ
1563 1533 1625 1583 ἐκ
1646 1531 1745 1600 τῆς

170 1614 350 1683 λύπης
369 1617 646 1685 ἐκχεῖσθαι
664 1618 928 1688 μέλλοντι.
946 1620 1033 1682 Ὠς
1049 1619 1157 1691 γὰρ
1174 1620 1305 1683 Θεὸς
1323 1621 1744 1690 παιδαγωγικῶς

171 1707 237 1774 τῇ
258 1706 917 1778 ἀνθρωπότητιὲπετιμᾷ,
947 1708 1502 1781 [κατα]νεανιεύεσθαι
1523 1712 1746 1764 ἐπιτάτ-

169 1808 281 1845 των
304 1792 411 1845 τῶν
439 1793 716 1865 λυπηρῶν·
751 1796 783 1866 ἢ
819 1795 1113 1867 θεοπρεπεῖ
1144 1798 1401 1868 κινήματι
1430 1798 1742 1871 διορίζεται,

165 1878 250 1933 ὅτι
298 1883 403 1953 χρὴ
426 1883 723 1955 ἀνατρέψαι
743 1885 926 1940 λοιπὸν
946 1886 1038 1939 τοῦ
1058 1887 1287 1941 θανάτου
1306 1890 1365 1942 τὸ
1382 1889 1600 1960 κράτος.
1635 1892 1744 1943 Καὶ

1861 553 2010 592 nunc
2037 540 2200 592 etiam
2230 553 2357 592 cum
2383 546 2529 594 esset
2584 539 2825 593 tristitia:
2874 538 3157 603 immunis,
3188 550 3249 595 ut
3272 541 3438 610 Deus,

1863 630 2143 683 concessit
2165 630 2320 683 carni
2350 636 2410 683 ut
2439 628 2874 685 misericorditer
2908 630 2974 684 ad
3015 632 3284 702 lacrymas
3313 649 3439 689 cum

1862 736 2099 776 mcerore
2145 721 2490 785 ﬂecteretur,
2533 721 2770 790 exempli
2830 722 3003 774 nostri
3065 734 3253 776 causa.
3303 721 3439 777 Nam

1863 813 2027 869 sicuti
2066 814 2298 868 multum
2344 814 2496 879 ﬂere,
2529 811 2829 868 absurdum
2868 814 3071 868 merito
3100 813 3333 880 dicitur;
3365 816 3440 869 ita

1861 920 2143 976 nunquam
2174 905 2243 959 ad
2288 905 2472 961 ﬂetum
2501 906 2855 970 commoveri,
2898 904 3098 960 durum
3135 916 3190 959 et
3228 906 3438 962 immite

1860 1004 1966 1051 est.

1927 1126 2022 1192 XI,
2047 1124 2137 1183 38.
2168 1126 2326 1182 Jesus
2368 1143 2492 1199 ergo
2538 1143 2749 1182 rursum
2793 1128 3021 1196 fremens
3063 1129 3117 1182 in
3159 1130 3435 1198 semetipso

1857 1222 1995 1276 venit
2018 1220 2087 1274 ad
2110 1230 2523 1274 monumentum.

1920 1358 2037 1414 lloc
2066 1359 2189 1414 loco
2227 1358 2506 1414 fremitum
2546 1365 2601 1414 et
2635 1358 3075 1429 indignationem
3100 1360 3426 1430 accipimus,

1850 1454 2021 1509 veluti
2053 1468 2177 1507 cum
2210 1460 2358 1506 motu
2407 1450 2502 1521 qui
2549 1451 2604 1504 in
2640 1459 2910 1520 potestate
2951 1452 3023 1506 sit
3067 1452 3426 1516 voluntatem,

1849 1545 2106 1615 quodque
2161 1543 2416 1613 asperius
2447 1542 2625 1598 doleri
2662 1553 3036 1611 succenseret,
3061 1544 3428 1615 lacrymaeque

1848 1650 1914 1689 ex
1961 1634 2014 1686 vi
2066 1633 2278 1687 doloris
2328 1643 2684 1686 emanaturaa.
2725 1632 3008 1703 Tanquam
3071 1634 3217 1688 enim
3280 1634 3427 1690 Deus

1850 1723 2196 1794 padagogica
2246 1724 2577 1779 auctoritate
2612 1724 3012 1779 humanitatem
3068 1725 3337 1796 increpat,
3369 1728 3424 1780 in

1848 1816 2119 1871 molestiis
2160 1830 2426 1885 generose
2471 1830 2530 1870 se
2578 1830 2770 1886 gerere
2820 1816 3021 1885 jubens
3055 1836 3068 1872 :
3104 1817 3191 1871 vel
3238 1818 3424 1872 divino

1849 1916 2000 1961 motu
2040 1908 2314 1976 praecipit,
2356 1907 2617 1976 deinceps
2662 1906 3017 1962 evertendam
3061 1922 3185 1963 esse
3232 1910 3425 1963 mortis

165 1973 328 2028 τοῦτο
352 1974 438 2028 διὰ
460 1976 559 2046 τῆς
580 1977 713 2042 ίδίας
738 1979 900 2033 αὐτοῦ
928 1983 952 2032 ὲ
961 1982 1181 2051 μφαίνει
1212 1983 1432 2055 σαρκὸς,
1449 1986 1543 2037 καὶ
1566 1984 1625 2037 τὸ
1650 1984 1735 2038 τοῦ

1847 1973 2167 2069 potentiam.
2208 1973 2435 2068 hocque
2468 1998 2526 2052 in
2553 1973 2795 2067 ipropria
2825 2014 2997 2053 carne
3058 1998 3293 2054 ostendit
3327 2018 3339 2052 :
3371 2012 3426 2055 et

165 2064 421 2134 σώματος
444 2067 651 2138 κίνημα
675 2070 736 2121 τὸ
763 2073 1146 2141 κεκρυμμένον
1169 2074 1467 2143 ἐσήμαινεν
1496 2074 1700 2128 ἔσωθεν
1723 2094 1736 2107 ο

163 2155 261 2209 καὶ
293 2158 449 2211 τοῦτο
479 2159 629 2230 δηλοῖ
649 2155 751 2215 ὧδε
785 2164 877 2227 τὸ,
935 2165 1408 2234 Ἐνεϐριμήσατο,
1458 2168 1580 2220 ἀντὶ
1618 2169 1736 2229 τοῦ,

157 2248 265 2302 Διά
291 2253 671 2321 σχηματισμοῦ
697 2253 789 2305 τοῦ
814 2253 1083 2325 σώματος,
1121 2258 1182 2309 τὸ
1203 2260 1582 2328 κεκρυμμένον
1609 2261 1738 2331 ὲσή-

161 2356 327 2407 μαινε
349 2342 572 2411 κίνημα.
585 2339 688 2392 Τὸν
704 2341 756 2392 δὲ
769 2342 912 2396 λίθον
928 2345 943 2410 (
957 2345 971 2397 Ι
985 2346 1001 2413 )
1015 2346 1110 2398 οὐκ
1126 2346 1416 2403 ἀπεκύλισε
1427 2351 1494 2405 δι’
1515 2350 1733 2412 ἑαυτοῦ,

152 2429 250 2482 διὰ
283 2428 376 2482 δύο
413 2431 586 2483 ταῦτα
608 2448 620 2459 ⁸
651 2433 708 2486 ἓν
737 2434 835 2503 μὲν
863 2435 1126 2488 διδάσκων
1154 2438 1234 2489 ὄτι
1260 2440 1511 2509 περιττὸν
1534 2444 1592 2494 ἐν
1626 2446 1735 2504 τοῖς

156 2526 238 2596 μὴ
272 2527 588 2595 ἀναγκαίοις
638 2529 1110 2600 θαυματουργεῖν’
1151 2531 1341 2603 ἓτερον
1381 2535 1473 2600 δὲ,
1526 2537 1604 2588 ὅτι
1636 2537 1734 2589 αύ-

147 2619 250 2682 eo;
291 2620 388 2690 μὲν
422 2621 624 2691 ἐγείρει
653 2624 780 2686 τοὺς
806 2626 1052 2695 νεκροὺς,
1082 2628 1523 2698 παραστήσονται
1558 2629 1613 2681 δὲ
1655 2631 1734 2692 εἰς

148 2710 462 2780 ὑπηρεσίαν
489 2712 582 2765 τοῦ
615 2712 927 2784 Πνεύματος
961 2716 1010 2767 οἱ
1040 2716 1296 2784 ἄγγελοι,
1330 2717 1424 2780 οὓς
1454 2720 1548 2771 καὶ
1581 2719 1728 2790 θεριυ

146 2800 291 2863 στὰς
319 2800 551 2871 ἀλλαχοῦ
583 2801 965 2872 παραδολικῶς
992 2805 1257 2859 ἀποκαλεῖ
1284 2805 1312 2857 ὁ
1330 2805 1553 2877 Κύριος.

219 3046 391 3116 Λέγει
428 3048 589 3113 αὐτῷ
617 3050 656 3117 ἠ
692 3049 899 3119 Μάρθα
923 3066 937 3082 ·
981 3053 1156 3120 Κύριε
1193 3052 1308 3121 ἤδη
1340 3052 1484 3114 ὄζει·
1527 3070 1731 3122 τεταρ-

144 3139 319 3206 ταῖος
358 3142 465 3210 γάρ
492 3140 645 3195 ἐστι.

220 3232 306 3285 Τὰ
362 3234 571 3303 μεγάλα
614 3233 721 3287 τῶν
758 3234 1200 3306 κατορθωμάτων
1238 3237 1430 3291 εἴωθεν
1486 3238 1732 3292 ἀπιστεῖ-

146 3324 309 3387 σθαι,
365 3327 459 3378 καὶ⁵
498 3328 611 3389 τοῖς
658 3326 798 3398 ὑπὲρ
850 3326 1010 3396 λόγον
1051 3328 1335 3382 ἀκολουθεῖ
1376 3331 1437 3383 τὸ
1486 3333 1561 3402 μὴ
1610 3331 1729 3384 λίαν

142 3419 385 3490 ἑτοίμως
420 3419 703 3472 πείθεσθαι
727 3436 741 3451 ο
786 3421 926 3490 ὅπερ
959 3437 1050 3491 μοι
1082 3420 1231 3474 δοκεῖ
1274 3422 1467 3476 παθεῖν
1511 3425 1602 3477 καὶ
1631 3424 1729 3494 τὴν

143 3510 363 3582 ἀγαθὴν
385 3510 637 3580 Μάρθαν,
659 3512 864 3565 καὶτοῦ
886 3511 1219 3583 καθήκοντος
1241 3514 1444 3585 ταύτην
1472 3512 1728 3585 ἐξέστησε

141 3602 432 3674 λογισμοῦ·
452 3604 543 3656 καὶ
574 3603 763 3675 πρώην
781 3604 1137 3670 πιστεύσασα,
1156 3605 1319 3659 πάλιν
1336 3604 1441 3657 ὑπὸ
1470 3605 1729 3669 ἀπιστίας

146 3696 291 3765 αὕτη
324 3695 647 3766 χειμάζεται
688 3698 755 3767 τῇ
796 3696 1069 3768 ὑπερϐολῇ
1114 3696 1208 3750 τοῦ
1242 3698 1520 3769 θαύματος
1545 3715 1558 3729 ⁸
1607 3700 1729 3770 ἥτις

148 3788 248 3841 καὶ
290 3788 367 3851 ὠς
410 3790 551 3842 πάνυ
592 3789 806 3859 τιμῶσα
839 3789 930 3842 τὸν
982 3790 1238 3859 Χριστὸν,
1263 3786 1385 3843 εἷπε
1416 3792 1496 3855 τὸ,
1536 3809 1556 3843 ι
1588 3793 1727 3862 Ἤδη

144 3881 286 3943 ὄζει,
314 3900 333 3931 ι
373 3879 510 3951 πρὸς
547 3880 611 3933 τὸ
663 3881 736 3951 μή
779 3880 1100 3952 ἀηδισθῆναι
1147 3882 1335 3935 τοῦτον
1386 3885 1449 3937 ὲκ
1488 3884 1588 3955 τῆς
1634 3883 1728 3938 τοῦ

145 3971 348 4040 νεκροῦ
376 3971 640 4035 δυσωδίας
671 3989 684 4002 ·
718 3972 751 4043 ἢ
782 3972 857 4035 ώς
889 3972 1148 4043 αἰσχύνην
1181 3973 1338 4026 τοῦτό
1370 3992 1522 4045 φησι.
1556 3975 1729 4029 Σπεύ-

144 4066 299 4120 Bonet
352 4068 461 4137 γὰρ
511 4067 561 4118 οί
608 4065 715 4119 τῶν
769 4065 1077 4118 τεθνεώτων
1125 4068 1335 4131 οἰκεῖοι,
1374 4068 1479 4138 πρὸ
1521 4068 1616 4121 τοῦ
1664 4068 1726 4122 τὸ

148 4158 313 4228 σῶμα
346 4157 595 4226 γενέσθαι
628 4157 889 4222 δυσῶδες,
925 4158 1270 4230 κατακρύψαι
1293 4162 1357 4229 τῇ
1391 4163 1496 4232 γῇ·
1534 4163 1725 4232 αἰσχυ-

144 4252 365 4322 νόμενοι
388 4254 515 4316 τοὺς
541 4252 767 4317 ζῶντας,
800 4257 894 4306 καί⁸
918 4252 1141 4320 ἀτιμίαν
1168 4254 1462 4325 ἡγούμενοι
1488 4254 1580 4308 τοῦ
1611 4256 1724 4309 κεί-

147 4345 338 4415 μένου,
370 4345 430 4398 τὸ
464 4345 839 4416 βδελύττεσθαι
878 4346 1038 4400 αὐτὸν
1073 4347 1226 4410 παρά
1256 4363 1417 4400 τινων
1449 4348 1545 4401 ’2).

227 4588 271 4619 δ’
305 4585 498 4643 Matth.
532 4608 651 4659 χιιι,
686 4594 773 4650 59.

124 4816 135 4833 ,
219 4769 297 4840 (I)
344 4768 560 4824 Partem
606 4769 770 4837 hujus
819 4769 1137 4838 fragmenti,
1194 4768 1317 4840 inde
1362 4784 1389 4818 a
1433 4766 1613 4840 verbis
1644 4766 1735 4819 τὸν

146 4835 253 4911 γὰρ
380 4856 553 4909 usque
582 4841 647 4894 ad
681 4835 707 4892 δ
743 4835 945 4910 Κύριος
983 4840 1122 4893 libro
1157 4855 1256 4890 suo
1292 4837 1513 4911 inseruit
1548 4835 1733 4890 Maea-

146 4909 260 4965 rius
294 4911 772 4980 Chrysocephalus
811 4909 930 4964 leco
972 4911 1221 4969 laudato,
1251 4922 1374 4959 eum
1420 4909 1599 4980 aliqua
1641 4921 1735 4980 va-

144 4983 341 5034 rietate
372 4999 385 5032 :
413 4977 533 5034 Τὸν
572 4977 677 5050 ὴάρ
710 4980 854 5032 λίθον
895 4982 994 5033 οὐκ
1036 4980 1132 5032 ἀπ.
1169 4980 1233 5031 δι’
1264 4977 1485 5050 ἑαυτοῦ,
1535 4977 1592 5050 ἓν
1635 4977 1735 5047 μὲν

143 5050 415 5121 διδάσκων
450 5053 532 5105 ὅτι
577 5047 703 5121 περ.
739 5051 800 5102 τὸ
843 5051 915 5121 μὴ
964 5054 1021 5103 ὲν
1060 5053 1171 5113 τοῖς
1211 5048 1530 5121 ἀναγκαίοις
1564 5047 1735 5121 θαυμί

145 5119 294 5182 Mox,
323 5122 527 5192 ὲγειρεῖ
571 5117 697 5184 τοῦς
742 5117 966 5190 νεκροὺς
1010 5124 1066 5192 εν
1103 5123 1169 5189 τῇ
1205 5117 1510 5188 συντελείᾳ,
1541 5127 1599 5172 et
1640 5117 1735 5170 τοῦ

147 5190 482 5260 πράγματος
509 5192 638 5261 legit
680 5208 774 5260 pro
800 5194 891 5244 τοῦ
920 5190 1260 5261 ῌνεύματος.

224 5257 504 5337 (ἳγΡιιυΙο
540 5257 695 5320 aliter
717 5272 908 5337 catena
928 5257 1189 5337 Vaticana
1210 5280 1235 5337 _:_
1264 5259 1345 5313 Τὰ
1381 5257 1727 5337 μεχάλαξῷν

154 5327 593 5408 κατορθωμάτων
627 5332 971 5408 ἀπιστεῖσθαι
1006 5332 1165 5408 φιλεῖ.
1202 5327 1727 5408 Θαυμαστὸνρύδὲν,

153 5412 202 5461 εἰ
231 5397 333 5477 τῆν
366 5397 548 5461 πίστιν
582 5405 997 5477 ὁμολογήσασαᾳ,
1019 5397 1207 5477 ζ-πάλιν
1238 5397 1581 5477 summa;
1616 5414 1729 5475 χει-

158 5467 414 5547 μάζεται.
446 5467 682 5539 Εἰκότως
722 5467 778 5529 δέ
806 5467 989 5547 τι-καὶ
1018 5472 1203 5547 ἕτερον
1244 5472 1540 5547 νοοήσαραν
1569 5467 1729 5547 τοῦτο

158 5536 327 5617 ξράναι
362 5549 495 5620 πρὸς
522 5549 583 5600 τὸ
612 5536 802 5616 παρὸν.
854 5544 948 5620 Ἐοκ
974 5536 1173 5620 πολλῆς
1199 5536 1411 5620 rapui);
1434 5539 1608 5620 ἔοικεν
1639 5536 1729 5615 εύ-

155 5609 420 5683 λαὸείαςξ
471 5609 567 5687 τῆς
610 5619 674 5667 ὲκ
697 5609 803 5667 ’τοῦ
837 5612 1157 5687 τεθνηκότος
1196 5609 1464 5687 ὀρρώδους
1498 5609 1732 5687 ἐκπνοῆς

158 5675 558 5742 ἀντιλαδέσθαὶ-
579 5686 811 5757 Χριστὸν
840 5675 1193 5758 ούλβούλεται.
1233 5682 1521 5758 ΙΙᾹάσχομεν
1553 5675 1733 5758 δεῇκαὶ

161 5761 351 5831 ἕτερον
376 5762 423 5813 οἱ
454 5760 560 5814 τῶν
585 5747 792 5825 νέκρῶν
824 5747 1119 5825 κηδεμόνες
1148 5769 1159 5781 ·
1195 5750 1299 5820 πρὸ
1328 5748 1433 5817 γὰρ
1471 5747 1735 5807 δυσώδους

1845 2089 2093 2159 corporis
2124 2088 2421 2143 commotio
2444 2086 2788 2158 signiﬁcabat
2819 2088 2964 2156 quod
2992 2095 3111 2143 erat
3142 2089 3422 2143 occultum

1842 2183 1994 2236 intus
2028 2200 2041 2235 :
2074 2181 2219 2251 quod
2257 2182 2313 2233 in
2346 2180 2492 2234 hunc
2526 2179 2747 2233 modum
2793 2179 2960 2249 687
2987 2179 3212 2234 denotat
3263 2180 3421 2241 illud.

1839 2273 2134 2341 infremuit,
2161 2287 2261 2341 pro
2292 2286 2357 2326 eo
2383 2269 2529 2341 quod
2568 2277 2674 2334 est,
2718 2284 2815 2339 per
2840 2270 3072 2341 ﬁguram
3106 2281 3160 2324 et
3192 2269 3421 2324 confor-

1841 2365 2135 2418 mulionem
2166 2365 2418 2433 corporis
2465 2362 2740 2416 occultum
2786 2371 2993 2415 motum
3047 2361 3419 2431 significabat.

1837 2455 2096 2527 Lapidem
2126 2471 2256 2511 vero
2287 2470 2396 2508 non
2423 2455 2623 2509 evolvit
2653 2469 2749 2524 per
2771 2469 2853 2518 se,
2877 2463 3103 2523 propter
3128 2454 3241 2508 haec
3266 2453 3376 2507 duo
3404 2472 3419 2507 :

1838 2565 2007 2603 unum
2035 2548 2277 2619 quidem,
2304 2564 2414 2618 quo
2445 2546 2669 2601 doceret
2697 2544 3038 2616 superﬂuum
3068 2560 3188 2600 esse
3222 2546 3278 2599 in
3309 2562 3419 2599 non

1833 2641 2167 2698 necessariis
2208 2641 2475 2695 miracula
2513 2639 2724 2703 facere;
2759 2639 3017 2703 alterum,
3055 2636 3203 2706 quod
3241 2637 3419 2691 susci-

1834 2742 1978 2788 taret
2011 2733 2128 2802 ipse
2160 2740 2424 2794 mortuos,
2456 2728 2705 2783 adfuturi
2738 2737 2921 2783 autem
2953 2735 3142 2783 essent
3167 2728 3220 2781 in
3258 2728 3420 2782 mini-

1833 2826 2059 2881 sterium
2094 2824 2336 2893 Spiritus
2365 2822 2566 2893 angeli,
2596 2836 2737 2891 quos
2768 2832 2821 2877 et
2861 2836 3137 2876 messores
3187 2822 3327 2876 alias
3363 2822 3417 2874 in

1869 2917 2089 2972 arabola
2120 2924 2274 2970 vocat
2307 2914 2569 2969 Dominus
2587 2914 2673 2967 ⁸³³.

1908 3073 1995 3139 XI,
2019 3074 2107 3129 59.
2137 3073 2280 3127 Dicit
2311 3074 2359 3126 ei
2394 3071 2609 3126 Martha
2640 3088 2658 3126 :
2688 3071 2933 3134 Domine.
2961 3071 3079 3141 jam
3110 3072 3253 3142 fetet,
3286 3089 3416 3142 qua-

1835 3166 2117 3220 triduanus
2148 3166 2284 3219 enim
2318 3173 2415 3219 est.

1903 3256 2219 3329 Ingentibus
2247 3258 2407 3313 factis
2440 3256 2574 3311 ﬁdes
2612 3256 2859 3326 derogari
2903 3256 3065 3321 solet,
3099 3265 3151 3309 et
3186 3255 3255 3310 iis
3293 3270 3415 3325 qua-

1832 3366 1998 3420 supra
2042 3358 2263 3420 captum
2299 3357 2429 3404 sunt
2470 3349 2573 3403 hoc
2625 3349 2740 3404 fere
2775 3347 3158 3419 conjungitur,
3197 3356 3255 3402 ut
3305 3363 3413 3404 nou

1831 3440 1991 3497 facile
2026 3437 2382 3496 audientibus
2422 3439 2742 3511 persuaderi
2780 3439 2998 3509 possint
3030 3458 3043 3494 :
3080 3439 3225 3509 quod
3259 3439 3414 3494 bona:

1832 3533 2059 3588 Marthae
2112 3533 2439 3588 usuvenisse
2483 3532 2614 3586 mihi
2642 3532 2880 3594 videtur,
2909 3538 2967 3585 ut
2994 3540 3148 3586 extra
3182 3532 3413 3587 rationis

1831 3625 1967 3681 ﬁnes
2014 3633 2372 3694 evagaretur;
2426 3629 2482 3677 et
2533 3622 2785 3692 quamvis
2842 3630 3005 3676 antea
3061 3619 3412 3686 credidisset,

1830 3730 2028 3770 rursus
2067 3722 2249 3769 tamen
2296 3713 2683 3768 incredulitate
2715 3711 3011 3768 ﬂuctuaret
3054 3726 3122 3768 ex
3160 3712 3412 3767 miraculi

1831 3804 2232 3876 magnitudine,
2268 3819 2390 3874 quae
2422 3804 2644 3873 quidem
2681 3803 2829 3873 quod
2874 3803 3155 3859 Christum
3189 3818 3413 3875 magno-

1830 3912 1962 3967 pere
1992 3906 2360 3961 revereretur,
2388 3895 2528 3950 dixit
2562 3913 2576 3951 :
2619 3914 2637 3947 ι
2662 3894 2780 3950 Jam
2817 3895 2970 3960 fetet,
3012 3913 3031 3948 ι
3063 3909 3132 3950 ne
3160 3895 3413 3951 molestia

1830 3990 2141 4045 adiceretur
2179 4004 2247 4044 ex
2281 3987 2455 4043 fetore
2481 3994 2535 4044 et
2561 3987 2933 4059 graveolentia
2960 3986 3247 4043 cadaveris
3283 4007 3297 4044 :
3327 3989 3414 4043 vel

1832 4087 2092 4151 tanquam
2133 4080 2344 4150 pudore
2388 4080 2496 4135 hoc
2544 4079 2699 4135 dicit.
2733 4077 3039 4150 Properant
3068 4080 3216 4135 enim
3255 4094 3409 4135 mor-

1830 4180 2047 4225 tuorum
2080 4171 2262 4241 agnati
2289 4185 2521 4241 corpora
2540 4178 2685 4226 terra
2708 4171 3067 4235 abscondere,
3086 4172 3410 4241 priusquam

1832 4262 1975 4316 male
2009 4262 2154 4317 olere
2187 4263 2472 4334 incipiant,
2493 4262 2721 4317 reveriti
2740 4263 2920 4328 vivos,
2940 4270 2995 4318 et
3024 4261 3092 4317 ad
3124 4259 3409 4316 infamiam

1827 4354 2065 4422 jacentis
2098 4356 2372 4426 pertinere
2395 4354 2523 4424 rati,
2553 4356 2600 4412 si
2626 4355 2848 4426 quidam
2891 4369 3019 4410 eum
3055 4362 3397 4410 aversentur.

1838 4765 2010 4842 ρσμῆς
2034 4767 2439 4842 κατακρύπτειν
2480 4767 2558 4837 τῷ
2582 4768 2739 4842 τάφῳ
2776 4770 2844 4824 τά
2878 4771 2985 4842 τῶν
3012 4772 3419 4842 κατοιχομένων

1839 4834 2067 4910 λείψανα
2083 4837 2172 4890 διὰ
2197 4834 2431 4910 σπουδῆς
2459 4834 2780 4910 ποιούμεθα,
2803 4840 3025 4908 ἀτιμίαν
3046 4842 3138 4896 τοῦ
3163 4834 3249 4894 κεί
3255 4844 3415 4910 μένου

1839 4905 2370 4981 νομίζοντεςςτὸῌτῶν
2389 4905 2475 4981 ἔτι.
2495 4905 2713 4981 ζώντων
2743 4912 2829 4981 ἐπ’
2852 4905 3000 4981 αὖτῷ
3033 4905 3410 4981 βδελυγμξένον.

1853 4975 2198 5050 Ἐρυθριᾷλδ
2225 4975 2413 5050 ὥσπερ
2437 4979 2487 5050 Λή
2523 4979 2683 5045 φύσις
2722 4979 2782 5032 τὸ
2822 4975 3161 5049 παρὰ’‹ρύσιει
3201 4975 3412 5050 ’ὑπομέ-

1838 5046 2001 5123 νουσα
2020 5116 2031 5123 _
2051 5046 2240 5110 πάθος.
2384 5046 2512 5123 fcio
2542 5050 2771 5123 (lavdem)
2808 5046 3139 5123 δημιουργὸς
3182 5053 3211 5104 ὁ
3256 5046 3408 5116 Θεὸς,

1834 5116 1959 5188 οὐδε
1974 5116 2234 5188 τέρπεται
2263 5119 2354 5170 ἐπὶ
2372 5116 2616 5188 ἀπωλείᾳ
2645 5116 2880 5182 ζώντων.

1907 5185 2377 5264 ῌᾳθιια-[αείιιονα
2413 5206 2546 5257 a‘gre
2576 5185 2882 5264 creduntur.
2930 5192 3029 5245 Nil
3058 5210 3179 5264 ergo
3211 5198 3405 5250 mirum

1833 5260 1878 5310 si
1910 5258 2319 5335 ﬁdent'Mart/ta
2345 5276 2511 5322 nuper
2536 5262 2799 5329 professa,
2823 5263 3017 5335 iterum
3057 5258 3273 5331 inﬁrma
3302 5269 3408 5335 ﬁde

1830 5339 2003 5403 nutat.
2036 5326 2349 5403 Verisimile
2399 5326 2659 5403 prwterea
2715 5342 2812 5391 est.
2857 5334 2967 5387 alia
3022 5326 3224 5403 quoque
3275 5326 3405 5391 cura

1827 5399 1979 5452 illam
2025 5401 2357 5471 laborantem
2389 5399 2485 5453 hoc
2520 5403 2577 5455 in
2620 5403 2867 5471 praesenti
2917 5399 3146 5459 dixisse.-
3186 5405 3405 5461 Videtur

1824 5471 1962 5521 enim
1985 5469 2047 5522 ob
2078 5469 2302 5521 multam
2327 5488 2480 5523 suam
2510 5469 2873 5539 reverentiam,
2899 5474 3130 5529 noluisse
3161 5487 3217 5528 ut
3246 5476 3403 5530 Chri-

1833 5550 1945 5591 stus
1991 5539 2187 5621 (ciente.
2224 5542 2421 5593 mortui
2461 5542 2620 5597 odore
2680 5542 2966 5613 aﬁlaretur.
3002 5545 3164 5621 Aliud
3202 5564 3409 5618 quoque

1832 5626 1925 5686 nos
1962 5618 2107 5679 angit
2139 5618 2281 5662 circa
2316 5621 2642 5686 mortuorum
2664 5631 2847 5686 curam
2878 5631 2897 5667 :
2929 5625 3051 5669 ante
3076 5618 3214 5669 enim
3244 5635 3401 5686 quant

1832 5680 1970 5747 fetor
1996 5690 2222 5745 creetur,
2260 5682 2480 5735 condere
2514 5685 2715 5739 tumulo
2767 5697 3095 5740 mortuorum
3141 5680 3393 5755 reliquias
