3882 6206
495 325 572 387 59

1490 339 1551 398 S.
1587 341 1867 399 CYRILLI
1896 342 2374 401 ALEXANDBINI
2404 345 2730 403 ARCHIEP.
3684 344 3756 403 60

566 446 658 512 XI,
688 450 777 508 40.
821 453 1014 511 Nonne
1051 457 1148 513 tibi
1184 458 1300 514 dixi
1354 462 1626 531 quoniam,
1675 465 1724 518 si
1764 465 2073 531 credideris,

2254 469 2375 522 Οὐκ
2421 463 2598 522 εἶπόν
2625 482 2744 531 σοι,
2778 467 2866 519 ὅτι
2898 467 3009 522 ἐὰν
3040 466 3410 536 πιστεύσῃς,
3464 464 3600 536 ὄψει
3641 465 3757 535 τὴν

492 541 689 599 videbis
722 546 949 616 gloriam
980 549 1081 605 Dei
1099 554 1128 611 1

564 630 763 707 Ingens
812 638 1018 698 bonum
1058 654 1146 701 est
1201 645 1336 703 ﬁdes
1368 663 1494 704 cum
1544 665 1610 706 ex
1647 650 1860 707 ardenti
1892 652 2079 709 animo

496 727 764 794 nascitur,
798 736 1121 803 tantamque
1154 736 1264 790 vim
1301 739 1487 804 habet,
1521 748 1582 794 ut
1614 756 1724 795 non
1774 741 1953 798 solum
1983 744 2079 814 qui

492 818 672 873 credit
720 829 999 888 servetur,
1024 824 1122 880 sed
1176 837 1240 881 ut
1287 829 1455 886 etiam
1500 831 1733 887 aliorum
1785 833 1921 890 ﬁdes
1956 837 2082 893 aliis

495 909 660 964 saluti
716 912 812 977 sit,
850 922 912 969 ut
956 916 1010 971 in
1047 919 1435 990 Capharnaum
1486 925 1768 982 resolutus
1815 928 2081 987 membris

493 1003 832 1071 paralyticos
857 1021 954 1076 per
981 1007 1142 1065 ﬁdem
1175 1028 1367 1068 eorum
1397 1015 1491 1086 qui
1524 1017 1816 1087 portabant
1846 1034 1971 1074 eum
2001 1035 2084 1076 sa-

493 1100 658 1147 natus
690 1105 795 1162 est,
827 1105 889 1152 ut
938 1097 1183 1159 Lazarus
1214 1120 1311 1174 per
1351 1105 1513 1162 [idem
1543 1107 1774 1174 sororis,
1818 1109 1888 1165 ad
1916 1128 2082 1182 quam

493 1182 634 1238 dixit
665 1183 929 1246 Dominus
961 1208 975 1246 :
1017 1210 1036 1243 ι
1078 1192 1336 1265 Nunquid
1373 1197 1489 1253 dixi
1529 1199 1628 1257 tibi
1652 1204 1826 1272 quod,
1879 1205 1928 1260 si
1957 1222 2082 1264 cre-

493 1274 602 1341 dis,
639 1279 851 1337 videbis
883 1284 1116 1355 gloriam
1153 1287 1289 1345 Dei?
1328 1309 1348 1344 ι
1383 1294 1783 1363 propemodum
1832 1297 2024 1356 dicens
2066 1320 2080 1356 :

495 1367 957 1442 Quandoquidem
994 1378 1241 1438 Lazarus
1284 1392 1534 1442 mortuus
1579 1389 1805 1448 credere
1839 1409 1947 1448 non
1987 1411 2085 1466 po-

495 1470 624 1527 test,
649 1472 706 1519 tu
730 1469 912 1537 quoad
942 1472 1101 1527 tidem
1138 1477 1341 1530 mortui
1368 1478 1541 1534 vicem
1573 1483 1852 1553 suppleas.
1877 1484 2085 1557 Duplex

495 1561 678 1609 autem
712 1568 799 1614 est
832 1558 956 1615 ﬁdei
989 1565 1233 1634 species:
1263 1568 1369 1623 alia
1399 1572 1620 1640 quidem
1652 1575 1961 1645 dogmatica
1992 1594 2083 1636 as-

495 1649 756 1738 sensione
804 1655 1007 1710 mentis
1042 1656 1251 1715 habens
1290 1660 1358 1716 de
1391 1661 1495 1718 hac
1525 1679 1584 1720 re
1616 1666 1823 1738 aliqua,
1858 1678 1917 1725 ut
1957 1672 2081 1738 hoc,

2177 557 2367 622 δόξαν
2390 559 2498 613 τοῦ
2528 560 2678 614 Θεοῦ
2693 577 2714 625 ;

2249 652 2412 722 Μέγα
2452 654 2655 722 ἀγαθὸν
2698 655 2915 720 πίστις,
2967 654 3098 710 ὅταν
3150 655 3259 709 ἀπὸ
3291 655 3500 727 θερμῆς
3542 653 3758 724 γίνηται

2177 743 2416 809 διανοίας
2434 786 2450 811 ,
2485 747 2580 800 καὶ
2605 746 2876 819 τοσαύτην
2906 746 3019 818 ἔχει
3048 746 3279 820 δύναμιν
3299 790 3312 811 ,
3345 746 3485 801 ὥστε
3505 746 3568 800 οὐ
3601 745 3759 815 μόνον

2177 837 2207 889 6
2238 835 2510 889 πιστεύων
2537 835 2803 903 σώζεται,
2850 837 2984 892 άλλά
3032 839 3126 892 καὶ
3164 839 3311 893 ἄλλοι
3336 837 3510 892 ἄλλων
3540 853 3762 891 πιστευ-

2183 925 2392 979 σάντων
2420 925 2723 996 ἐσώθησαν·
2780 926 2857 990 ὼς
2901 929 2931 981 6
2961 928 3020 980 ἐν
3054 929 3433 998 Καπαρναοὺμ
3468 926 3764 998 χαλασθεὶς

2181 1017 2493 1087 παράλυτος
2509 1059 2524 1083 ,
2574 1018 2665 1072 διὰ
2691 1018 2787 1091 τὴν
2815 1019 2997 1073 πίστιν
3019 1019 3128 1073 τῶν
3160 1019 3532 1090 βασταζόντων
3557 1018 3720 1073 αὐτόν
3745 1034 3759 1047 ·

2180 1108 2257 1173 ὡς
2297 1111 2326 1163 6
2361 1109 2612 1179 Λάζαρος
2632 1148 2648 1172 ,
2676 1109 2764 1163 διὰ
2792 1109 2892 1179 τὴν
2932 1111 3030 1181 τῆς
3068 1110 3304 1181 ἀδελφῆς
3324 1150 3339 1173 ,
3393 1110 3529 1182 πρὸς
3556 1109 3622 1180 ἣν
3656 1108 3761 1178 ἔφη

2181 1204 2209 1256 ὁ
2240 1201 2477 1273 Κύριος’
2515 1221 2533 1253 ι
2564 1203 2678 1256 Οὐκ
2707 1197 2860 1255 εἶπόν
2900 1217 2983 1254 σοι
3029 1203 3113 1256 ὅτι
3162 1203 3256 1256 ἐὰν
3299 1200 3599 1273 πιστεύης,
3638 1199 3763 1270 ὄψει

2182 1295 2281 1364 τὴν
2313 1292 2471 1358 δόξαν
2520 1293 2615 1350 τοῦ
2665 1294 2800 1348 Θεοῦ
2828 1313 2843 1359 ;
2875 1314 2894 1347 ι
2947 1296 3230 1366 μονονουχὶ
3273 1294 3482 1363 λέγων’
3543 1291 3765 1360 Ἐπειδὴ

2183 1385 2433 1457 Λάζαρος
2480 1388 2672 1458 νεκρὸς
2716 1386 2792 1441 ὢν
2827 1386 3104 1441 πιστεύειν
3148 1388 3208 1440 οὐ
3246 1386 3497 1451 δύναται,
3556 1385 3620 1437 σὺ
3668 1382 3766 1437 τοῦ

2184 1475 2381 1547 νεκροῦ
2409 1475 2470 1529 τὸ
2496 1474 2681 1531 λεῖπον
2722 1477 2822 1548 τῆς
2845 1477 3082 1541 πίστεως
3111 1477 3526 1548 ἀναπλήρωσον.
3577 1474 3768 1528 Διττδν

2183 1564 2238 1619 δὲ
2277 1565 2377 1636 τῆς
2413 1566 2648 1630 πίστεως
2690 1567 2749 1621 τὸ
2794 1564 2932 1632 εἶδος
2957 1607 2973 1632 ,
3010 1570 3080 1651 ,τὸ
3130 1567 3229 1639 μὲν
3271 1566 3601 1636 δογματικδν
3635 1581 3772 1633 συγ-

2186 1656 2481 1711 κατάθεσιν
2514 1662 2614 1730 τῆς
2662 1658 2839 1731 ψυχῆς
2884 1660 3008 1730 ἔχον
3058 1660 3188 1732 περὶ
3239 1658 3395 1713 τοῦδέ
3454 1674 3631 1721 τινος⁸
3694 1656 3772 1720 ὡς

501 1756 521 1789 ι
562 1737 665 1805 Qui
707 1742 883 1798 credit
927 1746 980 1800 in
1022 1744 1220 1803 Filium
1262 1765 1375 1807 non
1415 1737 1725 1823 iudicaturi
1760 1759 1808 1791 "
1843 1777 1860 1829 ;
1901 1781 1919 1813 ι
1976 1737 2081 1818 alia

2190 1752 2265 1818 τὸ,
2295 1771 2314 1804 ι
2356 1752 2415 1806 '0
2440 1753 2710 1807 πιστεύων
2741 1755 2822 1819 εἰς
2846 1755 2937 1809 τὸν
2968 1755 3117 1821 Υἱδν,
3144 1755 3203 1808 ού
3230 1753 3509 1825 κρίνεται·
3545 1771 3564 1803 ι
3596 1749 3660 1805 τὸ
3688 1750 3769 1814 δὲ,

495 1846 619 1901 quae
652 1835 771 1890 vice
823 1837 1017 1905 gratia:
1052 1854 1083 1893 a
1116 1840 1341 1898 Christo
1376 1844 1559 1901 datur.
1629 1867 1649 1901 ‹
1688 1849 1755 1904 Ει
1798 1823 1928 1908 hac
1961 1856 2083 1925 qui-

2190 1847 2247 1899 ὲν
2284 1844 2504 1917 χάριτος
2553 1846 2712 1919 μέρει
2765 1848 2916 1919 παρὰ
2964 1847 3060 1902 τοῦ
3100 1823 3338 1919 Χριστοῦ
3383 1845 3767 1918 δωρούμενον·

501 1925 651 1991 dem,
678 1928 776 1994 ait,
805 1946 901 2000 per
925 1931 1193 2003 Spiritum
1217 1937 1380 1994 datur
1401 1954 1587 1997 sermo
1603 1944 1904 2014 sapientiae,
1924 1949 2082 2006 alteri

495 2034 627 2075 vero
661 2020 784 2077 ﬁdei
805 2022 850 2055 “
871 2040 884 2091 ;
906 2044 925 2077 ι
961 2042 1083 2097 qua:
1107 2029 1329 2099 quidem
1360 2047 1471 2088 non
1503 2042 1715 2090 tantum
1747 2048 1831 2094 est
1864 2041 2088 2112 dogma-

497 2112 630 2180 tica,
659 2116 757 2170 sed
808 2120 1109 2175 multorum
1145 2140 1268 2194 quae
1313 2141 1481 2197 supra
1522 2127 1800 2186 hominem
1841 2142 1973 2188 sunt
2005 2135 2086 2191 ef-

497 2207 719 2273 fectrix,
755 2210 829 2264 ita
877 2222 935 2266 ut
968 2214 1134 2270 etiam
1186 2225 1407 2273 montes
1451 2220 1754 2277 transferat
1793 2224 1862 2278 “.
1916 2225 2088 2298 Igitur

498 2296 712 2354 Martha
742 2316 808 2357 ex
842 2303 1161 2363 inﬁrmitate
1187 2309 1360 2380 688
1404 2313 1852 2372 ratiocinationis
1899 2296 1961 2372 in
2002 2320 2088 2373 in-

398 2390 401 2393 ’
497 2396 881 2455 credulitatem
914 2402 1137 2469 incidit,
1188 2404 1286 2459 sed
1309 2421 1417 2460 non
1453 2407 1584 2463 sinit
1619 2408 1977 2478 Dominus,et
2005 2430 2088 2471 ce-

498 2488 688 2544 leriter
734 2491 865 2546 huic
915 2494 1061 2551 malo
1115 2495 1278 2551 ﬁnem
1330 2498 1585 2568 imponit.
1632 2498 1862 2572 Oportet
1915 2507 2086 2574 enim,

501 2579 703 2647 inquit,
728 2583 959 2640 credere
989 2586 1243 2653 ﬁrmiter,
1265 2595 1326 2643 ut
1351 2589 1644 2648 videantur
1671 2608 1736 2649 ea
1768 2611 1890 2666 quae
1933 2614 2086 2668 spem

498 2685 763 2743 superant
796 2693 810 2731 :
850 2693 1085 2749 magnus
1123 2680 1271 2735 enim
1316 2694 1403 2737 est
1436 2685 1685 2751 morbus,
1731 2689 1950 2745 animus
1992 2705 2090 2746 an-

499 2782 652 2838 ceps,
682 2779 737 2824 et
782 2771 876 2840 q‘ui
915 2771 1009 2827 Dei
1058 2775 1237 2843 gratia
1268 2778 1709 2850 muneribusque
1753 2797 1856 2838 nos
1886 2783 2084 2852 privat.

498 2858 625 2916 Ideo
655 2863 749 2932 qui
789 2863 838 2918 ei
875 2868 1219 2932 succensuit,
1251 2870 1571 2927 universum
1599 2873 1882 2929 hominum
1918 2891 2090 2946 genus

497 2954 698 3019 erexit,
725 2970 794 3011 ne
827 2958 1085 3029 ancipitis
1127 2960 1295 3015 animi
1330 2961 1565 3034 fideique
1591 2965 1752 3021 malis
1788 2975 2087 3024 teneretur.

499 3044 675 3102 Porro
704 3047 969 3105 Christus
1013 3052 1194 3108 vitans
1226 3054 1444 3110 inanem
1484 3056 1739 3125 gloriam,
1781 3074 1892 3114 non
1929 3061 2088 3131 dixit,

502 3136 735 3197 Videbis
768 3141 1000 3211 gloriam
1051 3158 1250 3209 meam,
1297 3147 1391 3203 sed
1434 3147 1529 3204 Dei
1561 3167 1575 3204 :
1608 3150 1782 3221 gloria
1829 3167 1961 3209 vero
1994 3153 2087 3211 Dei
2116 3174 2159 3232 ρ

500 3241 609 3299 est,
641 3234 915 3291 suscitare
952 3246 1255 3293 mortuum.
1284 3239 1406 3311 Ipse
1455 3242 1625 3313 igitur
1652 3254 1736 3298 est
1781 3246 2086 3302 secundum

500 3332 753 3379 naturam
787 3325 954 3393 Deus,
985 3328 1081 3398 qui
1112 3330 1272 3396 dixit,
1310 3351 1329 3384 ι
1368 3329 1482 3403 Ego
1517 3349 1637 3389 sum
1666 3338 2022 3407 resurrectio,
2062 3359 2082 3394 ι

499 3416 664 3487 cujus
689 3418 920 3488 gloriam
967 3423 1255 3478 mulierem
1303 3426 1469 3495 paulo
1499 3434 1624 3496 post
1652 3427 1896 3484 visuram
1927 3431 2086 3501 dixit,

500 3510 722 3577 quando
759 3514 976 3583 putabit
999 3515 1284 3571 veritatem
1325 3532 1434 3572 non
1470 3520 1710 3586 mentiri,
1735 3521 1828 3587 qui
1864 3522 2085 3592 quidem

499 3605 757 3660 Christus
796 3614 1065 3672 est;erat
1114 3618 1296 3664 autem
1349 3611 1397 3666 ei
1456 3613 1788 3682 promissum
1853 3613 1972 3671 fore
2024 3622 2086 3671 ut

501 3704 757 3752 mortuus
786 3698 909 3767 ejus
959 3697 1134 3755 frater
1161 3710 1499 3773 resurgeret.
1536 3703 1603 3757 Et
1637 3704 1807 3760 Maria
1838 3707 2083 3776 quidem,

500 3795 691 3858 utpote
739 3806 864 3860 quae
898 3800 984 3848 est
1046 3792 1466 3863 intelligentior,
1509 3797 1721 3852 nullum
1781 3798 2087 3855 dubitantis

499 3881 667 3935 animi
704 3882 924 3953 signum
971 3899 1085 3955 prae
1128 3901 1189 3942 se
1231 3885 1412 3942 ferens
1454 3888 1748 3959 loquitur:
1788 3897 1843 3944 at
1875 3889 2086 3946 Martha

499 3974 756 4044 ancipitis
783 3977 954 4031 animi
983 3978 1175 4034 morbo
1206 3980 1514 4035 tenebatur.

572 4063 666 4130 XI,
721 4065 812 4120 41.
875 4065 1067 4136 Pater,
1128 4084 1227 4139 ago
1288 4069 1384 4123 tibi
1429 4071 1636 4140 gratias
1686 4071 1826 4143 quod
1883 4074 2087 4128 audisti
2188 4080 2189 4083 “

500 4172 600 4220 me,
636 4165 744 4214 etc.

567 4248 938 4307 0Economice
962 4262 1017 4308 et
1049 4268 1151 4323 pro
1182 4269 1367 4310 rerum
1406 4255 1598 4311 ordine
1636 4255 1885 4326 loquitur
1922 4256 2088 4312 Chri-

501 4349 623 4398 stus
663 4357 765 4399 ceu
810 4343 975 4399 homo
1008 4344 1249 4402 demisse
1289 4346 1533 4416 quidem,
1571 4361 1747 4416 neque
1779 4345 2082 4401 secundum

498 4433 718 4491 deitatis
733 4436 1183 4505 eminentiam,et
1205 4440 1376 4494 refert
1404 4438 1637 4510 gratiam
1654 4439 1827 4504 Patri,
1843 4454 1953 4494 non
1985 4455 2085 4511 pro

500 4528 712 4584 Lazaro
736 4530 1029 4594 duntaxat,
1046 4530 1145 4587 sed
1168 4546 1270 4601 pro
1298 4532 1546 4587 omnium
1577 4532 1709 4587 vita.
1733 4531 1919 4591 Bonus
1936 4536 2083 4589 enim

2193 1954 2212 1988 ι
2238 1931 2309 2008 τῼ
2347 1938 2444 2008 μὲν
2471 1939 2601 2010 γὰρ,
2625 1940 2779 2010 φησὶ,
2801 1941 2889 1994 διὰ
2918 1940 3011 1996 τοῦ
3036 1940 3352 2012 Πνεύματος
3380 1939 3580 2004 δίδοται
3609 1937 3773 2007 λόγος

2188 2028 2408 2097 σοφίας,
2447 2029 2617 2101 ἑτέρῳ
2639 2030 2696 2084 δὲ
2735 2032 2934 2095 πίστις·
2963 2051 2981 2083 ι
3012 2032 3133 2101 ἥτις
3174 2032 3234 2085 ού
3265 2030 3568 2102 δογματικὴ
3605 2029 3775 2099 μόνον

2187 2120 2354 2183 ἐστὶν,
2388 2119 2522 2174 ἀλλά
2547 2121 2643 2175 καὶ
2669 2120 2777 2176 τῶν
2814 2122 2954 2192 ὑπὲρ
2993 2121 3280 2194 ἄνθρωπον
3310 2120 3661 2192 ὲνεργητικὴ,
3695 2119 3776 2182 ὡς

2187 2212 2281 2266 καὶ
2301 2211 2403 2284 ὅρη
2436 2212 2801 2285 μεθιστάνειν.
2838 2215 2901 2268 Ἡ
2925 2215 3107 2286 μέντοι
3130 2212 3328 2284 Μάρθα
3356 2214 3460 2267 ὑπὸ
3486 2211 3776 2275 ἀσθενείας

2187 2304 2492 2377 λογισμῶν,
2513 2307 2594 2370 είς
2618 2307 2876 2362 ἀπιστίαν
2904 2307 3182 2365 ἐνέπεσεν.
3218 2306 3354 2360 Ἀλλ’
3385 2309 3413 2360 6
3440 2305 3642 2377 Κύριος
3670 2306 3776 2359 οὐκ

2188 2398 2397 2469 ἐφίησι,
2413 2398 2565 2453 λύσιν
2592 2399 2909 2469 ύπενεγκὼν
2932 2398 3011 2471 τῷ
3036 2399 3199 2454 πάθει
3223 2402 3465 2470 ταχεῖαν.
3488 2398 3608 2469 Χρὴ
3635 2397 3776 2466 γὰρ,

2189 2490 2344 2561 φησὶ,
2359 2490 2638 2544 πιστεύειν
2655 2491 2934 2562 ἀσφαλῶς,
2950 2493 3041 2547 ἵνα
3057 2491 3317 2563 θεάσηται
3332 2491 3398 2545 τὰ
3414 2491 3545 2562 παρ’
3556 2488 3774 2543 ἐλπίδα·

2192 2583 2335 2653 μέγα
2373 2582 2483 2657 γὰρ
2518 2585 2551 2656 ὴ
2588 2583 2810 2656 διψυχία
2867 2585 3109 2658 νόσημα,
3141 2584 3238 2639 καὶ
3292 2583 3631 2655 ἀποστεροῦν
3660 2582 3780 2636 τῶν

2189 2676 2252 2728 ὲκ
2278 2674 2414 2729 Θεοῦ
2450 2678 2827 2748 χαρισμάτων.
2864 2677 2954 2731 Διὸ
2976 2677 3149 2749 ταύτῃ
3174 2676 3524 2746 ἐπιτιμήσας,
3551 2675 3613 2727 τὸ
3632 2674 3778 2727 πάν-

2190 2787 2297 2824 των
2329 2768 2635 2838 ἀνθρώπων
2673 2768 3020 2841 διωρθώσατο
3043 2768 3234 2838 γένος,
3275 2766 3419 2820 ὥστε
3460 2766 3534 2837 μὴ
3568 2765 3781 2820 ἁλῶναι

2188 2866 2303 2927 τοῖς
2326 2864 2426 2934 τῆς
2456 2863 2710 2935 διψυχίας
2739 2865 2949 2926 κακοῖς.
3000 2864 3223 2931 Φεύγων
3259 2861 3317 2915 δὲ
3345 2860 3406 2914 τὸ
3440 2859 3725 2924 κενόδοξον
3753 2862 3782 2913 6

2190 2955 2459 3026 Χριστὸς,
2485 2956 2587 3010 οὐκ
2615 2953 2788 3020 εἶπεν,
2826 2955 2985 3025 "(Nisi
3009 2956 3109 3026 τὴν
3129 2953 3285 3019 δόξαν
3325 2970 3427 3025 μου
3447 2997 3462 3021 ,
3509 2952 3645 3007 ἀλλὰ
3677 2952 3783 3024 τὴν

2190 3047 2284 3101 τοῦ
2307 3047 2441 3102 Θεοῦ
2466 3066 2479 3080 ο
2538 3048 2665 3114 δόξα
2695 3049 2753 3102 δὲ
2783 3047 2919 3102 Θεοῦ
2937 3089 2951 3114 ,
2990 3046 3053 3101 τὸ
3096 3049 3306 3119 ἐγεῖραι
3333 3045 3544 3117 νεκρόν.
3597 3044 3785 3108 Αὐτὸς

2191 3136 2284 3195 οὖν
2313 3143 2422 3213 ἄρα
2451 3142 2599 3195 ἐστὶν
2650 3144 2678 3195 6
2709 3142 2849 3195 κατὰ
2890 3141 3050 3211 φύσιν
3079 3140 3210 3204 Θεὸς
3230 3179 3244 3203 ,
3292 3143 3321 3195 6
3344 3138 3537 3205 είπὼν,
3567 3157 3587 3191 ι
3628 3138 3782 3207 Ἐγώ

2194 3235 2311 3305 είμι
2334 3236 2367 3305 ἡ
2394 3235 2689 3299 ἀνάστασις
2710 3274 2724 3298 ,
2751 3255 2769 3285 ι
2791 3226 2854 3288 οῦ
2875 3237 2973 3307 τὴν
3001 3233 3158 3299 δόξαν
3183 3234 3298 3305 μετ’
3322 3233 3383 3286 ού
3407 3231 3541 3286 πολὺ
3564 3230 3783 3300 θεωρή-

2197 3341 2311 3377 σειν
2355 3322 2455 3395 τὴν
2487 3324 2722 3393 γυναῖκά
2750 3341 2950 3396 φησιν,
2992 3326 3121 3378 ὅταν
3165 3324 3321 3394 οίηθῇ
3372 3323 3448 3394 μὴ
3480 3319 3781 3392 ψεύδεσθαι

2193 3417 2293 3488 τὴν
2333 3416 2627 3488 ἀληθειαν,
2668 3418 2728 3482 ὃς
2762 3419 2909 3471 ἐστιν
2950 3420 2980 3473 6
3007 3417 3242 3489 Χριστός
3263 3432 3280 3448 '
3319 3411 3388 3488 ἦν
3417 3415 3472 3469 δὲ
3507 3415 3643 3485 αὐτῇ
3674 3416 3780 3468 ὲπ-

2193 3509 2460 3579 αγγελθὲν
2479 3551 2494 3576 ,
2536 3511 2599 3564 τὸ
2630 3510 2930 3580 ἀναστῆναι
2956 3510 3048 3565 τὸν
3091 3510 3284 3580 νεκρὸν
3316 3508 3488 3579 αὐτῆς
3521 3507 3779 3577 ἀδελφόν.
3852 3507 3853 3537 δ

2195 3601 2306 3656 Καὶ
2338 3603 2372 3673 ἡ
2406 3602 2505 3672 μὲν
2527 3601 2719 3674 Μαρία
2754 3601 3096 3673 συνετωτέρα
3122 3597 3278 3667 οὖσα,
3299 3600 3452 3654 οὐδὲν
3480 3600 3783 3653 ὲνδοιαστι-
3852 3602 3853 3627 δ

2195 3692 2291 3748 κόν
2321 3692 2618 3764 φθέγγεται
2643 3710 2657 3725 ο
2693 3696 2728 3767 ή
2750 3694 2811 3749 δὲ
2839 3694 3040 3767 Μάρθα
3061 3734 3077 3761 ,
3107 3693 3187 3766 τῷ
3215 3695 3315 3765 τῆς
3351 3692 3599 3764 διψυχίας
3638 3708 3780 3745 κατ-

2195 3789 2373 3861 είχετο
2407 3789 2696 3860 νοσήματι.

2262 4072 2477 4143 Πάτερ.
2510 4073 2850 4144 εὐχαριστῶ
2873 4089 2974 4130 σοι
3001 4075 3090 4130 ὅτι
3122 4073 3394 4145 ἤκουσάς
3411 4091 3552 4143 μου,
3588 4072 3686 4126 καὶ
3710 4074 3779 4126 τὰ

2190 4166 2637 4332 ὲξτ(ζῖιονομικῶς
2673 4260 2856 4332 μέντοι
2888 4259 2964 4324 ὡς
2996 4258 3282 4329 ἄνθρωπος
3305 4257 3458 4311 λαλεῖ
3487 4259 3515 4311 6
3540 4256 3780 4328 Χριστὸς

2190 4350 2506 4423 χθαμαλῶς,
2537 4354 2598 4406 ού
2629 4352 2771 4406 κατὰ
2799 4352 2897 4424 τὴν
2931 4351 3028 4421 τῆς
3059 4351 3310 4421 θεότητος
3335 4349 3610 4421 ὑπεροχήν
3629 4364 3642 4379 ’
3681 4350 3779 4402 καὶ
3852 4378 3853 4413 γ

2182 4444 2444 4515 ἀναφέρει
2486 4444 2562 4516 τῷ
2601 4445 2777 4517 Πατρὶ
2812 4444 2912 4516 τὴν
2965 4446 3147 4516 χάριν,
3187 4444 3286 4514 οὐχ
3329 4442 3470 4516 ὑπὲρ
3518 4439 3777 4514 Λαζάρου

2188 4536 2369 4607 μόνον,
2407 4535 2522 4591 ἀλλ’
2570 4536 2713 4609 ὑπὲρ
2744 4537 2843 4606 τῆς
2894 4538 3112 4591 πάντων
3151 4534 3319 4607 ζωῆς.
3390 4533 3617 4603 ’Λγαθδς
3663 4535 3776 4606 γὰρ

499 4639 626 4677 cum
661 4624 752 4689 sit,
776 4639 1011 4680 concors
1055 4632 1140 4680 est
1167 4623 1318 4679 Patri
1354 4625 1409 4681 in
1447 4626 1614 4679 vitam
1661 4625 1934 4682 reducens
1980 4626 2083 4681 ho-

2190 4629 2284 4695 ὢν,
2318 4629 2658 4702 ὁμογνώμων
2687 4630 2806 4683 ἐστὶ
2827 4628 2907 4701 τῷ
2941 4630 3135 4701 Πατρὶ,
3168 4626 3516 4699 ἀνακομίζων
3553 4626 3651 4698 τὴν
3676 4628 3776 4680 ἀν-

501 4717 664 4771 minis
705 4731 981 4781 naturam,
1018 4734 1140 4788 quae
1181 4719 1250 4774 ob
1304 4718 1507 4773 violata
1544 4718 1703 4789 jussa
1763 4720 1821 4773 in
1879 4735 2081 4776 corru-

502 4807 744 4877 ptionem
798 4807 1071 4863 inciderat
1119 4824 1184 4865 ac
1238 4810 1561 4876 interitum,
1619 4810 1826 4865 nullam
1872 4810 2082 4868 habens

502 4896 571 4951 ad
641 4897 943 4953 bonitatem
1010 4899 1188 4957 Patris
1257 4899 1644 4956 diﬂ‘erentiam.
1707 4901 2082 4968 Quemadmo-

501 4988 632 5044 dum
682 5006 814 5045 vero
871 5000 926 5045 et
974 5007 1076 5047 nos
1133 5007 1228 5062 per
1274 4993 1553 5063 propriam
1599 4992 1869 5047 rationem
1924 4993 2085 5048 indu-

502 5083 682 5138 cimur
719 5099 825 5138 non
855 5084 1036 5139 facere
1065 5083 1214 5155 quod
1247 5085 1428 5140 visum
1460 5093 1544 5140 est
1570 5099 1595 5165 :_
1617 5084 1697 5140 sic
1717 5093 1771 5139 et
1797 5083 2082 5151 Dominus,

503 5173 730 5229 verbum
778 5176 1054 5235 exsistens
1106 5194 1171 5233 ac
1224 5179 1518 5234 consilium
1575 5177 1778 5245 Patris,
1844 5181 2082 5236 amicum

503 5268 665 5322 nobis
740 5268 920 5325 reddit
972 5270 1214 5327 Patrem.
1281 5271 1468 5343 Neque
1541 5286 1676 5325 vero
1736 5270 2083 5327 divinitatem

2190 4720 2409 4792 θρώπου
2439 4722 2601 4792 φύσιν
2634 4722 2714 4786 είς
2743 4721 2844 4793 τὴν
2876 4721 3052 4791 ζωὴν,
3093 4721 3194 4791 τὴν
3232 4721 3313 4784 είς
3346 4718 3551 4792 φθορὰν
3575 4718 3776 4772 πεσοῦ-

2192 4830 2291 4866 σαν
2319 4813 2409 4867 διά
2437 4814 2536 4886 τῆς
2559 4815 2866 4885 παρακοῆς,
2887 4812 3145 4885 οὐδεμίαν
3173 4812 3313 4885 ἔχων
3349 4812 3612 4883 διαφοράν
3634 4813 3774 4883 πρὸς

2188 4905 2288 4976 τὴν
2325 4905 2421 4960 τοῦ
2452 4907 2665 4979 Πατρὸς
2693 4906 3028 4977 ἀγαθότητα.
3063 4908 3277 4979 Ὥσπερ
3298 4905 3355 4959 δὲ
3379 4906 3475 4960 καὶ
3504 4907 3665 4976 ἡμεῖς
3685 4905 3774 4959 διὰ

2187 4995 2297 5049 τῶν
2325 4996 2542 5050 οἰκείων
2571 4996 2848 5069 λογισμῶν
2882 4997 3291 5067 ἀναπειθόμεθα
3313 4999 3394 5060 εἰς
3427 4997 3483 5051 τὸ
3508 4996 3584 5067 μὴ
3614 4998 3773 5067 ποιῆ-

2191 5107 2280 5143 σαι
2312 5089 2371 5143 τὸ
2402 5090 2629 5162 δοκηθὲν
2648 5132 2663 5158 ,
2712 5091 2855 5146 οῦτω
2889 5092 2983 5146 καὶ
3024 5095 3053 5146 6
3082 5091 3284 5164 Κύριος
3314 5132 3328 5157 ,
3354 5091 3527 5159 Λόγος
3569 5088 3645 5144 ὣν
3677 5092 3772 5143 καὶ

2191 5182 2354 5254 βουλὴ
2385 5183 2480 5236 τοῦ
2511 5184 2747 5256 Πατρὸς,
2780 5184 2931 5253 φίλον
2965 5187 3096 5257 ἡμῖν
3124 5184 3393 5255 πεποίηκε
3415 5183 3504 5237 τὸν
3526 5182 3767 5254 Πατέρα.

2189 5275 2301 5327 Καὶ
2334 5274 2398 5327 οὐ
2438 5275 2612 5347 δήπου
2657 5276 2838 5348 φαμὲν
2871 5278 2954 5330 ὃτι
3003 5277 3283 5346 ὀργίζεται
3331 5274 3392 5328 τὸ
3415 5274 3595 5338 Θεῖον,
3653 5273 3768 5327 ἀλλ’

3851 4618 3854 4753 ι

3851 4768 3853 4881 ι

3851 4946 3853 5049 φ

3851 5070 3854 5216 ι

504 5362 667 5419 irasci
704 5363 962 5430 dicimus,
994 5365 1090 5420 sed
1135 5365 1286 5436 quia,
1325 5380 1450 5421 cum
1503 5362 1647 5420 Deus
1679 5365 1752 5420 sit
1794 5365 1983 5435 justus
2032 5376 2083 5422 et

2193 5367 2275 5421 ὅτι
2304 5367 2511 5433 δίκαιος
2552 5367 2627 5421 ὣν
2660 5370 2756 5424 καὶ
2803 5368 3042 5439 ἀγαθὸς,
3096 5365 3205 5422 οἶδε
3232 5368 3321 5422 τὸν
3362 5371 3430 5439 τῇ
3453 5365 3767 5437 ἐπιτιμήσει
3851 5368 3853 5475 1

575 5518 621 5552 ⁸³
653 5517 814 5576 Joan.
850 5538 933 5586 ιιι,
961 5522 1047 5577 18.
1124 5522 1169 5555 ίδ
1207 5521 1226 5575 1
1266 5523 1395 5579 Cor.
1428 5538 1530 5587 xu,
1563 5523 1619 5589 8,
1650 5522 1704 5579 9.
1779 5522 1826 5554 “
1862 5521 1882 5577 ι
1915 5522 2046 5579 Cor.
2082 5537 2178 5579 xm
2201 5564 2216 5588 ,
2245 5526 2302 5579 2.

508 5656 839 5726 festinamus.
874 5658 1096 5713 dedecus
1146 5658 1395 5713 exstincti
1444 5667 1766 5726 reputantes,
1800 5659 1849 5713 si
1900 5658 1965 5711 ab
2016 5659 2080 5713 iis

506 5729 595 5795 qui
624 5727 797 5799 adhuc
844 5730 1019 5783 vivunt
1068 5729 1403 5797 fastidiatur.
1448 5728 1592 5782 Nam
1638 5730 1795 5797 pudet
1825 5730 2081 5799 quodam-

512 5798 664 5851 modo
706 5807 953 5853 naturam
1010 5801 1307 5869 passionem
1344 5812 1535 5871 ιιι-(υἱον
1575 5798 2076 5872 naturampcrpcti.

2192 5662 2353 5715 Haud
2397 5663 2538 5718 enim
2592 5674 2806 5718 mortem

2188 5734 2350 5789 exitio
2383 5735 2689 5791 delectatur.

2843 5661 2980 5717 Deus
3017 5671 3236 5730 crearit,
3275 5677 3434 5731 neque
3485 5663 3762 5715 viventium

3850 5538 3854 5639 Ι

3851 5822 3853 5927 ι
