3882 6206
187 364 248 418 6|
1041 366 1108 422 ΙΝ
1141 366 1475 421 JOANNEM.
1513 399 1581 406 —
1616 368 1743 422 LIB.
1770 368 1967 424 ΥΙΙΕΤ
1992 372 2103 428 Vill
2133 373 2577 429 FRAGMENTA.
3371 377 3441 430 6?.

184 478 468 550 πρέποντα
496 477 713 550 καιρὸν,
765 479 857 531 καὶ
902 478 989 531 τὸν
1025 482 1088 549 τῇ
1121 479 1324 532 ἀνέσει.
1378 479 1524 549 Πλὴν
1552 481 1771 550 εὐχαρι-

1878 488 2072 546 bonus,
2127 488 2277 541 novit
2337 488 2695 557 increpationi
2758 496 2971 556 tempus
3028 504 3331 556 congruum
3390 498 3444 543 et

184 574 305 626 στεῖ
346 575 374 625 6
406 570 643 642 Κύριος,
695 571 790 622 καὶ
826 569 985 622 τοῦτο
1022 572 1166 622 ποιεῖ
1211 570 1347 640 πρὸς
1403 572 1768 641 ὑπογραμμὸν

184 664 372 735 ἡμῶν,
399 664 573 733 τιμῶν
598 664 687 715 τὸν
721 663 956 734 Πατέρα.
978 663 1148 715 Ὅταν
1179 663 1235 715 δὲ
1262 664 1291 714 6
1317 663 1429 725 ἴσος
1450 664 1526 733 τῷ
1556 664 1654 733 ἴσῳ
1678 666 1767 716 εύ-

184 756 513 827 χαριστῇ,ού
538 757 681 807 ποιεῖ
700 755 916 816 πάντως
942 753 1099 807 τοῦτο
1118 754 1217 823 τῆς
1240 754 1427 817 οὐσίας
1451 754 1764 807 ἐλάττωσιν.

183 839 352 898 Δι’ὧν
373 846 430 897 δὲ
449 846 610 914 ὲπιση
620 844 892 914 μαίνεται,
909 843 989 895 ὄτι
1007 843 1103 896 Διά
1125 844 1215 895 τὸν
1238 844 1392 913 ὄχλον
1410 843 1579 895 ταῦτα
1600 844 1765 911 λέγω,

186 936 470 1007 μονονουχί
501 953 693 1006 φησιν,
724 936 805 988 ὅτι
844 935 1302 1006 Προσπεποίημαι
1333 935 1432 1005 τῆς
1456 936 1769 1006 προσευχῆς

182 1028 245 1080 τὸ
267 1029 469 1097 σχῆμα,
507 1028 603 1079 καὶ
627 1026 983 1096 οἰκονομικῶς
1003 1020 1156 1078 εἷπον
1178 1026 1546 1096 εὐχαριστεῖν.
1582 1027 1767 1097 ’ᾙδειν

155 1112 294 1189 ἰγάρ
322 1120 402 1172 ὅτι
430 1118 660 1172 πάντοτέ
693 1136 792 1187 μου
818 1116 1056 1181 ἀκούεις.
1081 1118 1155 1170 Οὐ
1190 1118 1296 1188 γάρ
1330 1120 1446 1170 ἐστι
1480 1118 1615 1188 πρὸς
1642 1120 1767 1171 ἑαυ-

184 1211 283 1278 τὴν
312 1210 541 1280 ἀπειθὴς
576 1212 608 1279 ἡ
650 1209 745 1279 μία
770 1209 870 1278 τῆς
904 1208 1157 1279 θεότητος
1186 1209 1379 1277 φύσις,
1431 1210 1659 1279 ἐπείπερ
1689 1205 1768 1272 εἷς

183 1303 336 1355 ἔστιν
365 1304 394 1355 6
419 1302 519 1370 τῆς
552 1302 595 1354 Τ
604 1302 782 1373 ριάδος
808 1299 953 1366 νοῦς,
988 1302 1199 1371 Πατρὸς
1220 1340 1234 1363 ,
1282 1300 1413 1353 Υίοῦ
1437 1343 1452 1365 ,
1488 1302 1583 1354 καὶ
1610 1300 1770 1353 Πνεύ-

187 1407 379 1465 ματος.
418 1392 587 1456 Είδὼς
619 1389 712 1445 οὖν
732 1432 746 1453 ,
778 1392 979 1462 φησὶν,
1010 1394 1090 1445 ὅτι
1130 1392 1228 1462 μία
1255 1392 1412 1462 ἡμῶν
1443 1395 1475 1462 ἡ
1516 1392 1769 1462 βούλησις

185 1485 284 1539 καὶ
308 1486 364 1537 ἒν
393 1484 451 1537 τὸ
476 1483 687 1554 θέλημα
706 1524 720 1548 ,
772 1484 858 1536 διὰ
889 1484 979 1537 τὸν
1010 1484 1165 1553 ὄχλον
1187 1484 1358 1537 ταῦτα
1388 1484 1542 1554 ἔφην.
1587 1485 1768 1538 Ταῦτα

184 1577 243 1630 δὲ
274 1580 302 1631 6
329 1577 564 1646 Χριστὸς
598 1578 745 1645 λέγει
770 1576 854 1629 διὰ
871 1577 995 1640 τοὺς
1036 1576 1341 1642 Ἰουδαίους,
1377 1577 1454 1647 τῷ
1484 1578 1657 1649 Πατρλ.
1679 1579 1769 1630 εύ-

186 1667 484 1737 χαριστῶν,
519 1666 719 1721 ὡσανεὶ
764 1667 829 1720 δι’
860 1665 1022 1719 αὐτοῦ
1074 1666 1312 1737 ἐνεργῶν
1346 1666 1414 1719 τὰ
1467 1667 1765 1739 θεοπρεπῆ,

188 1760 279 1812 ἴνα
327 1760 522 1830 μηκέτι
557 1758 782 1812 εῐπωσιν
825 1760 907 1813 ὄτι
942 1760 997 1811 ὲν
1033 1759 1363 1823 Βεελζεὸοὺλ
1396 1763 1539 1812 ποιεῖ
1578 1760 1645 1811 τὰ
1676 1777 1771 1830 ση-

194 1855 323 1922 μεῖα
343 1869 356 1881 ·
394 1852 739 1919 ἀπολογεῖται
780 1852 835 1903 δὲ
868 1852 962 1905 καὶ
992 1850 1079 1903 διὰ
1107 1850 1168 1903 τὸ
1193 1854 1377 1922 σχῆμα
1410 1852 1506 1919 τῆς
1536 1869 1767 1922 προσευ-

191 1948 294 2015 χῆς
315 1986 329 2009 ,
377 1944 465 1997 ἵνα
503 1945 577 2014 μὴ
613 1942 1088 2012 σκανδαλισθῶμεν
1117 1944 1305 2012 ἡμεῖς,
1355 1942 1523 1996 εἰπὼν
1549 1945 1630 1996 ὅτι
1662 1946 1765 1998 Διά

190 2036 283 2088 τὸν
306 2034 460 2105 ὄχλον
479 2034 635 2087 τοῦτο
652 2034 899 2104 ἐποίησα.
924 2034 1031 2086 Καὶ
1051 2034 1132 2097 τὸ,
1161 2052 1178 2083 ι
1200 2033 1270 2085 Σύ
1300 2051 1365 2103 με
1385 2033 1729 2097 ἀπέστειλας,
1744 2053 1762 2085 ι

190 2128 281 2181 διά
302 2127 398 2191 τὰς
441 2126 737 2188 ’Ῑουδαῖκάς
775 2125 1029 2187 ὑπονοίας
1072 2124 1254 2194 φησίν.
1310 2126 1468 2176 ’Ἥκω
1513 2124 1621 2196 γὰρ
1669 2125 1769 2177 ούκ

190 2221 287 2273 ἀπ’
314 2219 569 2290 ἐμαυτοῦ,
595 2219 670 2282 ὡς
698 2219 747 2270 οί
780 2217 1226 2288 ψευδοπροφῆται
1253 2217 1327 2288 (1)
1351 2234 1363 2245 ·
1412 2216 1525 2271 ἀλλ’
1554 2218 1770 2288 εὐδοκία

194 2315 262 2383 σῇ
306 2314 400 2366 καὶ
442 2311 658 2381 θελήσει
721 2311 953 2381 ἐμαυτὸν
996 2310 1269 2373 ὲκένωσα,
1322 2312 1532 2382 μορφὴν
1585 2312 1768 2365 δούλου

190 2406 397 2469 λαϐὼν,
429 2406 513 2459 ἵνα
539 2405 699 2457 πάλιν
722 2403 1053 2475 κατορθώσω
1082 2404 1180 2474 τὴν
1222 2403 1385 2474 ζωήν.
1419 2405 1771 2475 Οἰκονομικὸς

192 2495 289 2552 οὖν
321 2498 420 2567 τῆς
459 2497 767 2569 προσευχῆς
810 2501 837 2550 6
875 2498 1095 2568 τρόπος,
1134 2496 1229 2549 καὶ
1263 2498 1500 2566 σχήματι
1547 2497 1771 2567 πρέπων

192 2591 274 2662 τῷ
308 2591 444 2661 μετά
483 2590 681 2661 σαρκὸς
702 2629 717 2653 ,
744 2590 861 2660 οὐχὶ
889 2592 954 2659 τῇ
983 2590 1082 2659 τῆς
1117 2589 1367 2658 θεότητος
1395 2590 1637 2660 ὑπεροχῇ
1679 2589 1772 2643 καὶ

197 2684 517 2755 ἀσυγκρίτῳ
554 2682 917 2753 λαμπρότητι.
955 2681 1027 2733 Τὸ
1070 2680 1179 2750 γὰρ
1225 2680 1361 2743 ὅλως
1412 2682 1628 2750 αἰτῆσαι
1681 2683 1774 2735 καὶ

192 2774 381 2827 λαϐεῖν
405 2815 419 2838 ,
464 2773 826 2843 δουλοπρεπὲς
859 2772 923 2825 ἂν
966 2771 1050 2841 εἴη
1091 2771 1290 2840 μᾶλλον
1315 2812 1329 2835 ,
1389 2771 1483 2824 καὶ
1518 2771 1594 2840 τῷ
1626 2772 1773 2840 βασι-

192 2866 471 2937 λευομένῳ
498 2864 926 2934 κατειθισμένον.
956 2865 1154 2934 Δράσει
1190 2881 1253 2931 γε
1288 2862 1391 2934 μὴν
1424 2864 1775 2932 ἀνεγκλήτως

193 2960 290 3011 καὶ
320 2957 476 3011 τοῦτο
506 2958 739 3028 Χριστός
759 2973 773 2985 ·
802 2959 830 3009 6
860 2958 969 3027 γὰρ
996 2956 1282 3025 ἄνθρωπος
1308 2954 1561 3023 γενέσθαι
1596 2972 1765 3009 κατα-

191 3051 512 3120 δεξάμενος.
546 3049 661 3113 πῶς
683 3048 748 3103 ἂν
780 3048 858 3102 ἔτι
895 3049 1296 3118 παραιτήσαιτο
1323 3047 1390 3099 τὰ
1415 3046 1727 3118 ἀνθρώπινα
1753 3065 1767 3113 ;

196 3143 472 3197 obnoxius
517 3143 586 3197 sit
624 3152 972 3197 consuetum.
1020 3138 1125 3194 Sed
1174 3149 1353 3193 tamen
1390 3140 1529 3193 citra
1575 3138 2061 3207 reprehensionem
2093 3140 2197 3193 hoc
2229 3138 2392 3193 faciet
2426 3139 2686 3194 Christus
2738 3157 2752 3191 :

1870 576 2209 631 remissioni.
2245 575 2349 632 Sed
2391 580 2536 631 enim
2567 580 2773 647 gratias
2805 580 2915 647 agit
2950 577 3239 644 Dominus,
3282 580 3443 647 idque

1870 668 1937 721 ad
1972 668 2377 723 institutionem
2424 679 2665 723 nostram
2710 672 2857 733 facit,
2896 668 3105 723 Patrem
3144 651 3441 726 honorans.

1869 756 2003 811 Cum
2050 774 2179 812 vero
2229 775 2324 828 par
2375 761 2491 829 pari
2529 763 2736 830 gratias
2788 762 2920 830 agit,
2958 776 3187 829 prorsus
3234 762 3441 814 nullam

1869 850 2122 903 essentia:
2169 849 2588 906 diminutionem
2642 852 2743 905 hoc
2792 852 3039 904 includit.
3086 850 3224 917 Quid
3277 851 3443 919 igitur

1871 941 2106 995 indicat?
2131 942 2273 1011 quod
2309 950 2527 1011 propter
2557 944 2775 996 turbam
2824 944 2939 997 haec
2966 944 3133 1006 dicat,
3160 943 3443 1011 fermeque

1870 1033 1979 1085 ait:
2013 1030 2276 1086 Simulavi
2318 1034 2647 1103 precationis
2697 1036 2960 1103 speciem,
3004 1043 3058 1088 et
3103 1035 3443 1087 (Pconomice

1870 1132 2034 1192 atque
2072 1124 2137 1178 ad
2181 1126 2447 1180 rationem
2487 1125 2700 1180 ordinis
2731 1126 2841 1179 dixi
2894 1142 2978 1179 me
3013 1127 3215 1196 gratias
3258 1141 3437 1195 agere.

1872 1214 2120 1270 Sciebam
2150 1217 2292 1271 enim
2325 1216 2469 1285 quod
2502 1218 2705 1286 ubique
2741 1233 2827 1271 me
2857 1218 3069 1272 audias.
3095 1216 3302 1286 Quippe
3331 1231 3436 1270 non

1868 1318 1951 1360 est
1998 1322 2182 1361 secum
2239 1306 2537 1369 dissidens,
2597 1322 2698 1361 nec
2761 1308 2864 1361 sibi
2924 1308 3272 1375 immorigera
3336 1322 3438 1360 una

1869 1396 2091 1451 deitatis
2139 1405 2360 1464 natura,
2390 1398 2835 1467 quandoquidem
2886 1416 2990 1452 una
3039 1410 3125 1452 est
3160 1399 3444 1452 Trinitatis

1870 1506 2045 1556 mens,
2090 1489 2268 1545 Patris
2316 1499 2369 1545 et
2415 1490 2538 1544 Filii
2586 1502 2640 1545 et
2692 1489 2931 1560 Spiritus
2985 1494 3183 1545 sancti.
3229 1490 3444 1545 Gnarus

1869 1596 2029 1649 ergo,
2083 1581 2295 1650 inquit,
2345 1581 2493 1649 quod
2550 1596 2658 1635 una
2715 1582 2787 1635 sit
2856 1589 3108 1635 nostrum
3168 1582 3440 1645 voluntas,

1872 1688 2150 1741 unumque
2175 1672 2488 1737 consilium,
2540 1681 2763 1741 propter
2812 1672 2981 1742 689
3038 1672 3442 1726 multitudinem

1871 1760 1986 1814 haec
2022 1759 2156 1814 dixi.
2193 1761 2317 1814 llaec
2344 1776 2475 1815 vero
2514 1760 2647 1814 dicit
2676 1759 2932 1815 Christus
2964 1759 3440 1829 prepterJudaeos,

1874 1852 2017 1907 Patri
2061 1853 2266 1922 gratias
2312 1869 2499 1922 agens,
2542 1862 2800 1921 tanquam
2843 1869 2936 1923 per
2988 1869 3113 1906 eum
3162 1852 3273 1907 Deo
3307 1867 3442 1906 con-

1874 1944 2143 1999 venientia
2177 1944 2441 2009 eﬂiciens,
2485 1961 2552 1999 ne
2581 1944 2815 2014 amplius
2853 1943 3043 1997 dicant
3073 1945 3222 1996 illum
3263 1944 3444 1998 facere

1876 2037 2032 2106 signa
2078 2037 2131 2089 in
2164 2035 2447 2090 Beelzebul
2483 2054 2495 2089 :
2525 2037 2796 2089 rationem
2827 2037 2990 2089 etiam
3025 2035 3199 2089 reddit
3235 2042 3288 2088 et
3321 2051 3444 2104 pro-

1875 2142 1996 2200 pter
2017 2128 2251 2200 ﬁguram
2288 2130 2648 2199 precationis,
2677 2145 2743 2183 ne
2779 2143 2882 2183 nos
2916 2128 3081 2182 etiam
3114 2128 3447 2181 scandalize-

1875 2238 2019 2285 mur,
2070 2222 2139 2277 ob
2179 2221 2589 2276 multitudinem
2635 2237 2697 2275 se
2734 2222 2835 2275 hoc
2879 2222 3077 2275 fecisse
3106 2220 3442 2290 prolocutus.

1874 2314 1942 2368 Et
1974 2317 2100 2380 hoc,
2134 2334 2152 2367 ι
2194 2312 2277 2367 Tu
2313 2330 2399 2368 me
2431 2314 2653 2376 misisti,
2692 2333 2709 2365 ›
2742 2321 2963 2383 propter
2999 2312 3309 2366 Judaeorum
3356 2326 3448 2364 su-

1876 2404 2151 2473 spiciones
2211 2406 2339 2459 ait:
2393 2403 2561 2459 Venio
2620 2405 2765 2458 enim
2812 2419 2920 2458 non
2978 2419 3007 2456 a
3097 2404 3328 2472 meipso,
3389 2410 3447 2454 ut

1875 2496 2392 2567 pseudoprophetae,
2445 2497 2540 2551 sed
2594 2496 2835 2550 lubentia
2902 2503 2993 2548 tua
3047 2502 3102 2548 et
3164 2494 3447 2547 voluntate

1868 2589 2137 2658 meipsum
2186 2588 2506 2651 exinanivi,
2558 2586 2786 2641 formam
2842 2587 2987 2641 servi
3041 2585 3316 2654 accipiens
3364 2584 3446 2646 “,

1870 2693 1928 2736 ut
1973 2682 2041 2736 de
2092 2682 2303 2750 integro
2352 2679 2557 2749 erigam
2607 2687 2662 2734 et
2709 2679 3011 2734 instanrem
3064 2678 3251 2733 vitam.
3281 2674 3451 2745 Igitur

1868 2782 2021 2829 recte
2050 2781 2103 2827 et
2125 2772 2317 2827 ordine
2339 2772 2622 2827 institutus
2657 2780 2742 2826 est
2769 2772 3101 2841 precationis
3134 2768 3354 2833 modus,
3388 2776 3442 2821 et

1873 2868 2085 2922 habitui
2134 2867 2187 2921 in
2225 2881 2391 2920 carne
2443 2864 2798 2926 conveniens,
2839 2879 2947 2918 non
2996 2862 3216 2917 deitatis
3271 2862 3450 2915 excel-

1876 2961 2060 3014 lentiae
2105 2968 2159 3013 et
2208 2957 2625 3026 incomparabili
2685 2956 2985 3025 splendori.
3021 2953 3258 3009 Omnino
3301 2952 3445 3005 enim

1878 3055 2064 3115 petere
2097 3054 2152 3099 et
2186 3047 2432 3113 accipere
2460 3046 2656 3099 servile
2687 3045 2869 3105 fuerit,
2911 3052 2963 3097 et
2994 3044 3043 3096 ei
3093 3043 3184 3112 qui
3222 3039 3454 3112 imperio

2822 3154 2947 3192 nam
3017 3139 3109 3208 qui
3184 3136 3426 3192 sustinui

196 3233 316 3290 ﬁeri
378 3233 573 3297 homo,
612 3229 886 3301 quomodo
937 3245 1059 3299 quae
1120 3229 1358 3283 humana
1418 3234 1546 3281 sunt
1614 3228 1936 3282 recusaret?

268 3326 379 3380 Καὶ
424 3324 609 3377 ταῦτα
652 3323 864 3386 εἰπὼν,
912 3320 1081 3391 φωνῇ
1118 3322 1351 3390 μεγάλῃ
1398 3320 1769 3389 ὲκραύγασε’

1950 3320 2039 3385 λι,
2074 3322 2162 3375 45.
2194 3320 2321 3374 Ilaec
2356 3338 2473 3374 cum
2504 3322 2745 3385 dixisset,
2779 3338 2968 3389 magna
3002 3337 3121 3373 voce
3158 3322 3404 3373 clamaril
3429 3360 3445 3374 .

196 3417 438 3485 Λάζαρε.
473 3414 650 3482 δεῦρο
687 3414 824 3477 ἔξω.

270 3510 373 3561 Τὸν
400 3505 608 3576 δυσώδη
652 3506 862 3575 νεκρὸν,
895 3505 1030 3574 μετὰ
1064 3504 1332 3577 τετάρτην
1377 3509 1475 3577 τῆς
1520 3507 1779 3577 τελευτῆς

201 3600 449 3670 ἡμέραν,
491 3599 556 3650 ὲκ
588 3596 687 3665 τῆς
727 3596 901 3665 θήκης
931 3594 1193 3666 ἐξήγαγε,
1224 3597 1319 3649 καὶ
1351 3596 1440 3649 τὸν
1468 3599 1778 3668 πεπεδημέ-

201 3706 293 3743 νον
319 3688 412 3740 καὶ
435 3685 940 3755 συμπεποδισμένον
971 3684 1204 3753 βαδίζειν
1235 3686 1484 3738 ἐκέλευσε
1503 3727 1518 3749 ,
1552 3687 1646 3739 καὶ
1676 3704 1779 3741 πα-

207 3780 485 3852 ραχρῆμα,
528 3779 556 3831 ὃ
594 3796 655 3831 τε
695 3778 922 3839 θάνατος
958 3777 1353 3847 ὲδραπέτευσε,
1397 3778 1490 3829 καὶ
1534 3779 1561 3829 6
1590 3779 1778 3849 νεκρὸς

205 3872 406 3942 ἔδραμε
437 3871 533 3940 τῆς
586 3868 876 3938 σηπεδόνος
906 3868 1270 3936 ἀπαλλαγεὶς,
1325 3869 1419 3922 καὶ
1448 3868 1544 3939 τὴν
1575 3870 1777 3940 ταύτης

205 3962 540 4031 ἀποθέμενος
587 3960 884 4022 δυσωδίαν,
933 3959 1028 4012 καὶ
1070 3960 1170 4023 τὰς
1210 3959 1304 4011 τοῦ
1350 3961 1577 4013 θανάτου
1607 3961 1779 4024 πύλας

204 4052 509 4123 διαφυγὼν,
560 4052 654 4107 καὶ
690 4052 794 4104 ὑπὸ
820 4051 929 4104 τῶν
954 4052 1165 4122 δεσμῶν
1189 4052 1249 4104 οὐ
1290 4051 1628 4123 κωλυόμενος
1656 4054 1779 4123 τρέο

205 4165 342 4218 χειν,
373 4146 465 4199 καὶ
494 4145 571 4216 τῷ
601 4146 699 4215 μὲν
730 4144 1042 4215 καλύμματι
1090 4143 1182 4197 τοῦ
1218 4145 1507 4213 προσώπου
1530 4184 1544 4205 ,
1573 4146 1633 4198 τὸ
1669 4145 1781 4215 βλέ-

207 4256 331 4292 πειν
355 4236 736 4309 ἀφῃρημένος,
778 4235 1069 4299 ἀκωλύτως
1100 4235 1156 4288 δὲ
1187 4236 1323 4307 πρὸς
1356 4236 1445 4289 τὸν
1479 4237 1780 4291 καλέσαντα

206 4330 437 4399 τρέχων,
487 4329 583 4381 καὶ
631 4328 728 4397 τὴν
766 4328 1099 4398 Δεσποτικὴν
1153 4327 1527 4396 ἐπιγινώσκων
1576 4331 1776 4399 φωνήν.

206 4419 529 4489 Θεοπρεπὴς
552 4418 658 4487 γὰρ
690 4420 717 4470 6
750 4418 927 4485 λόγος,
953 4418 1046 4470 καὶ
1084 4417 1358 4487 βασιλικὸν
1394 4419 1454 4472 τὸ
1484 4419 1777 4489 κέλευσμα,

206 4510 363 4563 λύσιν
390 4509 508 4579 ἕχον
529 4509 779 4575 θανάτου,
815 4510 910 4562 καὶ
939 4509 1143 4579 φθορᾶς
1174 4510 1505 4581 ἀνατροπὴν,
1526 4512 1616 4563 καὶ
1641 4511 1781 4582 ὑπὲρ

207 4606 365 4673 λόγον
413 4604 692 4675 ἐνεργείας
740 4602 1030 4669 ἀπόδειξιν.
1095 4604 1168 4657 Τό
1209 4621 1271 4672 γε
1322 4604 1427 4675 μὴν
1478 4605 1782 4675 διαπρυσίῳ

209 4697 446 4768 χρῆσθαι
490 4697 730 4765 κραυγῇ,
772 4692 919 4758 ξένον
977 4695 1253 4765 πανταχοῦ
1292 4696 1384 4748 καὶ
1416 4696 1680 4766 ἀσύνηθες
1702 4695 1780 4765 τῷ

209 4787 425 4857 Σωτῆρι
453 4784 689 4855 Χριστῷ.
748 4786 855 4837 Καὶ
887 4785 1017 4853 γοῦν
1050 4789 1077 4839 6
1124 4786 1253 4848 Θεὸς
1303 4788 1396 4839 καὶ
1431 4789 1618 4858 Πατὴρ
1654 4790 1781 4859 περὶ

210 4877 377 4932 αὑτοῦ
424 4879 526 4929 πού
567 4894 728 4947 φησιν
756 4896 768 4907 ·
828 4896 845 4927 ι
878 4878 989 4929 Ούκ
1021 4877 1219 4947 ἐρίσει,
1260 4878 1379 4931 οὐδὲ
1405 4879 1732 4949 κραυγάσει,
1757 4899 1775 4931 ι

213 4971 310 5022 καὶ
338 4968 402 5021 τὰ
434 4968 578 5036 ἑξῆς.
627 4968 887 5037 Ἀψοφητὶ
914 4967 1020 5036 γὰρ
1055 4968 1147 5019 καλ⁴
1176 4968 1403 5037 θορύϐου
1428 4968 1546 5038 δίχα
1584 4970 1783 5031 παντὸς

214 5058 283 5111 τά
308 5058 408 5126 τῆς
429 5056 660 5128 ἀληθοῦς
684 5058 932 5126 θεότητος
956 5057 1089 5127 ἔργα
1110 5075 1122 5087 ⁸
1143 5057 1311 5111 ταῦτα
1339 5058 1394 5110 δὲ
1426 5060 1493 5111 τὰ
1530 5060 1627 5126 τῆς
1650 5060 1781 5129 ἀλη-

215 5150 340 5212 θοῦς
367 5146 433 5219 ῆν
473 5150 530 5201 ὲν
564 5149 782 5219 Χριστῷ
809 5166 822 5181 ⁸
871 5149 1002 5211 Θεὸς
1052 5150 1158 5219 γάρ
1184 5153 1245 5202 ὲκ
1270 5150 1404 5203 Θεοῦ
1448 5152 1585 5203 κατά
1621 5151 1781 5221 φύσιν

215 5240 334 5291 ἐστὶ
367 5241 458 5292 καὶ
488 5240 758 5310 ἀληθινός.
818 5240 881 5291 Τί
911 5236 1002 5291 οὖν
1046 5241 1151 5309 ἄρα
1184 5241 1364 5309 φαμὲν
1385 5280 1398 5299 ,
1429 5241 1552 5292 ὅταν
1586 5241 1781 5311 ἴδωμεν

216 5330 505 5400 ἀσυνήθως
544 5330 953 5400 ἀνακεκραγότα
980 5346 993 5394 ;
1044 5330 1117 5381 Ού
1146 5329 1254 5399 γαρ
1283 5329 1450 5399 δήπου
1524 5332 1777 5402 κατοιχή-

218 5427 371 5477 σεται
407 5442 491 5486 τις
524 5427 603 5486 εἰς
638 5424 793 5476 τοῦτο
830 5423 1067 5493 μωρίας,
1114 5424 1188 5485 ὡς
1217 5422 1321 5487 ἔξω
1353 5422 1445 5477 τοῦ
1484 5425 1784 5493 πρέποντος

292 5560 335 5589 ⁸⁸
365 5558 601 5629 Philipp.
634 5574 705 5622 ιι,
744 5558 865 5613 6-8.
946 5558 986 5589 ⁵⁷
1028 5559 1132 5613 lsa.
1171 5572 1279 5611 xui
1305 5597 1319 5620 ,
1353 5558 1407 5611 ‘2.

1878 3410 2105 3477 Lazare,
2132 3414 2244 3466 veni
2282 3414 2428 3481 foras

1949 3503 2226 3559 Fetentetn
2252 3512 2530 3557 mortuum
2557 3512 2678 3571 post
2711 3512 2965 3572 quartum
2998 3517 3029 3555 a
3053 3512 3227 3557 morte
3252 3502 3393 3557 diem
3419 3520 3449 3557 e

1878 3596 2133 3664 sepulcro
2199 3596 2422 3661 eduxit,
2468 3597 2823 3664 vinctumque
2862 3610 2926 3649 ac
2977 3595 3292 3665 impeditum
3334 3611 3453 3648 am-

1880 3685 2073 3739 bulare
2113 3686 2306 3755 jussit,
2340 3694 2584 3755 tuncque
2615 3694 2842 3755 repente
2875 3693 2928 3740 et
2962 3701 3108 3740 mors
3136 3686 3364 3755 aufugit,
3399 3695 3454 3741 et

1879 3789 2129 3831 mortuus
2181 3791 2210 3829 a
2255 3778 2544 3847 putredine
2595 3778 2864 3831 liberatus
2917 3778 3186 3840 cucurrit,
3236 3779 3455 3846 abjecto

1878 3869 2028 3921 omni
2083 3868 2204 3937 ejus
2252 3867 2448 3931 fetore,
2482 3878 2537 3923 et
2584 3870 2759 3938 portis
2799 3870 2992 3923 mortis
3039 3869 3283 3936 elapsus,
3316 3870 3452 3923 nihil

1882 3961 2114 4015 vinculis
2138 3962 2255 4015 suis
2295 3976 2520 4016 currere
2556 3962 2891 4030 prohibitus.
2920 3960 2985 4013 Et
3012 3962 3196 4015 vultus
3228 3960 3451 4031 quidem

1880 4051 2188 4106 velamento
2219 4051 2440 4106 videndi
2490 4068 2591 4106 usu
2632 4054 2896 4120 privatus,
2936 4052 3089 4107 nullo
3136 4061 3315 4106 tamen
3351 4052 3453 4104 im-

1884 4143 2217 4207 pedimento,
2281 4143 2583 4213 quominus
2619 4144 2684 4197 ad
2720 4160 2844 4198 eum
2884 4146 2975 4213 qui
3012 4152 3301 4198 vocaverat
3328 4158 3453 4197 cur-

1881 4242 2047 4299 reret,
2080 4234 2412 4302 retardatus,
2439 4250 2745 4306 agnoscens
2775 4236 2983 4290 Domini
3012 4250 3228 4289 vocem.
3260 4234 3454 4289 Sermo

1881 4326 2028 4381 enim
2064 4324 2173 4380 Deo
2203 4327 2424 4396 dignus,
2446 4338 2500 4382 et
2532 4328 2749 4396 jussum
2782 4328 2988 4397 regium
3018 4326 3219 4380 habens
3248 4326 3452 4379 exitum

1882 4420 2079 4473 mortis
2117 4430 2171 4474 et
2203 4420 2580 4489 corruptionis
2622 4420 2987 4480 eversionem,
3020 4427 3075 4472 et
3117 4418 3455 4487 operationis

1882 4513 2095 4566 ratione
2130 4511 2356 4580 majoris
2410 4510 2971 4565 demonstrationem.
3008 4510 3145 4563 Illud
3193 4524 3323 4563 vero
3374 4511 3454 4562 uti

1884 4603 2124 4657 clamore
2166 4612 2326 4657 acuto
2360 4612 2412 4657 et
2448 4602 2760 4672 penetranti
2795 4617 2995 4655 novum
3033 4601 3237 4670 ubique
3282 4609 3337 4654 et
3368 4600 3454 4653 in-

1887 4696 2071 4748 solens
2103 4692 2383 4748 Servatori
2413 4693 2654 4749 Christo.
2686 4693 2901 4748 Etenim
2934 4692 3076 4747 Deus
3110 4702 3166 4747 et
3201 4691 3366 4745 Pater
3391 4691 3459 4746 de

1885 4787 1982 4839 illo
2016 4786 2216 4840 alicubi
2257 4787 2333 4839 ait
2363 4806 2375 4840 :
2409 4805 2427 4837 ι
2462 4784 2582 4839 Non
2620 4785 2937 4849 contendet,
2984 4799 3163 4853 neque
3190 4784 3459 4840 vocifera-

1885 4877 2035 4929 bitur
2062 4876 2128 4939 ⁸⁷,
2163 4894 2180 4927 ι
2221 4884 2276 4930 et
2334 4877 2567 4945 reliqua.
2622 4875 2799 4945 Opera
2848 4876 2993 4929 enim
3051 4889 3193 4930 vera:
3236 4874 3457 4929 deitatis

1886 4968 2005 5021 sine
2040 4967 2276 5036 strepitu
2322 4975 2374 5020 et
2416 4968 2663 5021 tumultu
2705 4968 2854 5021 omni
2902 4966 3081 5022 ﬁunt:
3118 4968 3233 5021 haec
3273 4974 3457 5020 autem

1888 5074 2014 5113 vera
2045 5059 2267 5113 deitatis
2297 5070 2453 5114 erant
2493 5062 2547 5114 in
2578 5060 2802 5115 Christo
2830 5079 2841 5114 :
2867 5061 3067 5131 quippe
3092 5060 3232 5114 Deus
3257 5060 3320 5113 de
3349 5058 3458 5113 Deo

1889 5151 2195 5206 secundum
2238 5159 2490 5205 naturam
2528 5160 2613 5207 est
2665 5168 2730 5206 ac
2762 5168 2947 5207 verus.
2988 5151 3131 5218 Quid
3177 5152 3343 5221 igitur
3377 5150 3460 5203 di-

1891 5260 2103 5309 cemus,
2147 5262 2270 5299 cum
2306 5245 2595 5300 videamus
2648 5260 2772 5298 eum
2812 5246 2886 5297 ita
2929 5252 3128 5315 prieter
3159 5254 3458 5298 consuetu:-

1892 5337 2077 5393 dinem
2151 5338 2581 5394 vociferantem?
2635 5337 2747 5392 Nec
2813 5337 2960 5392 enim
3032 5338 3326 5407 quisquam
3396 5352 3461 5387 eo

1895 5430 2147 5486 amentiae
2174 5430 2443 5497 devenict,
2476 5440 2533 5486 ut
2567 5440 2764 5501 praater
2795 5429 3055 5484 decorum
3089 5428 3290 5483 fecisse
3315 5426 3459 5481 dicat

296 5734 371 5800 (I)
420 5731 601 5805 Locus
647 5732 930 5805 restitutus
976 5750 1041 5789 ex
1095 5732 1313 5788 Macarii
1355 5732 1779 5802 Clirysoccpliali
1820 5743 1976 5791 tract.
2018 5734 2114 5801 16,
2164 5753 2248 5805 ap.
2291 5737 2390 5792 Mai
2432 5736 2559 5793 ibid.
2607 5735 2745 5791 Ειίιιί
2780 5735 3037 5790 omittunt
3111 5736 3270 5792 verba
3335 5735 3457 5805 ἥκω

227 5842 243 5858 .
271 5843 285 5856 .
317 5845 328 5857 .
358 5844 369 5854 .
402 5802 861 5872 ψευδοπροφῆται.
