3882 6206
526 312 599 368 03
1542 304 1601 362 S.
1627 304 1905 362 CYRILLI
1955 303 2426 362 ALEXANDRINI
2453 303 2770 360 ARCBIEP.
3673 318 3736 371 αι

520 440 577 487 et
608 429 679 483 ab
723 426 903 484 cilicio
942 426 1263 482 recessisse.
1288 425 1574 492 Quomodo
1623 428 1792 498 igitur
1842 432 1947 484 hoc
1988 429 2066 483 tit'

2188 427 2323 482 ίέναι
2344 426 2404 480 τὸ
2429 428 2607 497 λέγειν
2639 430 2822 488 αὐτὸν,
2847 428 2941 482 καὶ
2965 431 3227 501 ἁμαρτεῖν
3248 432 3342 486 τοῦ
3372 434 3597 501 δέοντος.
3624 438 3737 498 Πῶς

515 519 685 593 ego
715 517 887 573 liabet
926 518 1195 571 rationem
1229 516 1319 572 hic
1355 517 1588 584 clamor,
1620 535 1783 589 quem
1816 535 2079 576 necessa-

521 616 606 667 rio
636 625 974 682 exponemus
1003 609 1072 664 ad
1107 608 1401 663 utilitatem
1432 611 1795 666 audientium.
1826 611 2080 682 Figuram

519 703 691 758 veluti
713 703 1002 772 quamdam
1024 703 1299 773 generalis
1319 703 1633 756 mortalium
1662 706 2082 761 resurrectionis

518 794 576 847 in
610 792 717 846 hoc
765 793 913 847 circa
942 789 1209 846 Lazarum
1244 792 1518 847 miraculo
1551 793 1725 855 novit,
1745 803 1802 848 et
1843 794 1991 863 quod
2025 795 2080 848 in

520 899 630 937 uno
652 882 1012 953 adimpletum
1039 893 1143 948 est,
1168 885 1447 955 egregiam
1479 886 1809 941 universalis
1831 894 1886 939 et
1914 885 2081 942 totius

519 974 715 1029 statuit
765 988 889 1031 esse
925 974 1243 1046 imaginem.
1282 974 1570 1031 Credimus
1604 976 1753 1031 enim
1785 984 2078 1031 venturum

516 1081 640 1120 esse
691 1064 958 1134 iudicem,
1010 1075 1067 1121 et
1123 1074 1374 1122 tenemus
1424 1066 1665 1121 futuram
1722 1068 1881 1136 signo
1939 1068 2082 1121 tubae

517 1156 985 1220 inclamationem,
1036 1155 1195 1225 juxta
1250 1156 1400 1210 illam
1453 1154 1607 1211 Pauli
1635 1172 1821 1211 vocem
1848 1155 1914 1220 ⁸⁸,
1959 1172 2079 1211 om-

517 1248 679 1301 nibus
714 1246 916 1316 ubique
943 1257 1220 1302 terrarum
1260 1247 1579 1317 jacentibus
1630 1258 1688 1303 ut
1719 1257 1946 1320 surgant
1981 1250 2080 1303 im-

519 1347 1097 1408 perantem,0peraute
1120 1340 1315 1409 utique
1354 1354 1470 1393 rem
1496 1341 1657 1393 istam
1685 1339 1947 1394 ineﬁabiii
1983 1355 2082 1410 po-

519 1436 715 1483 testate
756 1427 870 1494 Dei,
904 1430 995 1483 cui
1024 1430 1211 1483 omnia
1242 1429 1464 1483 cedunt.
1499 1428 1793 1497 Propterea
1842 1430 1988 1483 enim
2026 1438 2081 1484 et

2182 515 2276 571 οὖν
2297 517 2566 587 ἐνδέχεται
2589 519 2831 583 ςούκοῦν
2859 519 2970 589 ἔχει
2996 519 3151 588 λόγον
3173 524 3206 592 η
3238 525 3470 595 κραυγὴ,
3488 527 3554 597 ῆν
3579 527 3739 594 ἀνιγ-

2181 607 2352 671 καίως
2395 608 2646 680 ἐροῦμεν,
2684 610 2772 663 διά
2821 611 2882 664 τὸ
2907 613 3019 673 τοῖς
3062 612 3430 683 ἀκροωμένοις
3455 617 3737 689 χρήσιμον·

2183 699 2367 753 Τύπον
2407 699 2597 771 ὥσπερ
2642 701 2763 754 τινά
2803 703 2902 771 τῆς
2940 701 3167 756 καθόλου
3219 704 3327 757 τῶν
3371 707 3578 778 νεκρῶν
3617 709 3740 762 ἀνα-

2184 792 2445 854 στάσεως,
2469 791 2531 843 τὸ
2556 792 2647 844 ἐπὶ
2676 791 2910 864 Λαζάρῳ
2941 795 3173 846 ποιεῖται
3204 793 3415 864 θαῦμα·
3461 798 3629 852 καὶτὸ
3660 800 3743 867 ἐφ’

2179 881 2263 932 ἐνὶ
2293 881 2667 952 πληρούμενον
2689 923 2705 944 ,
2766 884 2944 936 εἰκόνα
2975 882 3066 935 τοῦ
3101 886 3456 957 γενικωτέρω
3489 886 3582 940 καὶ
3608 887 3744 945 κατά

2181 970 2380 1034 παντὸς
2411 972 2607 1042 ἔστησε
2634 968 2824 1043 καλήν.
2875 973 2992 1026 Ὀτι
3024 974 3131 1044 γάρ
3157 972 3274 1044 ἥξει
3330 973 3522 1045 κριτὴς
3586 992 3743 1029 πεπι-

2184 1061 2489 1131 στεύκαμεν
2512 1101 2529 1127 ,
2579 1062 2907 1132 λογιζόμεθά
2929 1080 2985 1115 τε
3013 1064 3095 1116 δτι
3124 1065 3337 1134 κραυγή
3368 1081 3451 1126 τις
3483 1065 3631 1119 ἔσται
3661 1066 3745 1120 διὰ

2182 1153 2502 1222 σάλπιγγος,
2539 1155 2678 1206 κατὰ
2712 1153 2809 1224 τὴν
2838 1154 2931 1207 τοῦ
2958 1155 3171 1207 Παύλου
3209 1156 3414 1226 φωνὴν,
3444 1156 3744 1211 διακελευο-

2183 1244 2322 1315 μένη
2343 1247 2456 1308 τοῖς
2480 1245 2537 1298 ἐν
2580 1248 2649 1316 γῇ
2689 1244 2962 1314 κειμένοις
2988 1245 3088 1318 τὴν
3127 1247 3427 1299 ἀνάστασιν
3448 1287 3463 1309 ,
3494 1248 3746 1318 ἐνεργού-

2182 1353 2281 1406 σης
2309 1336 2548 1406 δηλονότι
2574 1338 2635 1390 τὸ
2676 1338 2909 1407 πρᾶγμα
2939 1337 3034 1409 τῆς
3066 1338 3304 1409 ἀρρήτου
3351 1337 3626 1409 δυνάμεως
3653 1340 3744 1394 τοῦ

2180 1428 2357 1480 πάντα
2384 1425 2655 1496 ἰσχύοντος
2680 1426 2834 1480 Θεοῦ.
2867 1429 2964 1481 Διὰ
2991 1427 3099 1497 γάρ
3129 1445 3211 1480 τοι
3232 1426 3387 1480 τοῦτο
3415 1430 3510 1482 καὶ
3531 1431 3559 1481 ὁ
3587 1431 3745 1499 νόμος

516 1519 602 1571 lcx
657 1533 688 1572 a
735 1516 885 1573 Mose
936 1520 1081 1583 lata,
1134 1533 1259 1573 cutn
1317 1518 1516 1572 festum
1571 1517 2066 1572 Tabernaculorum

2178 1517 2265 1570 διά
2296 1518 2567 1581 Μωσίως,
2599 1518 2684 1570 ὅτε
2712 1516 2811 1587 τῆς
2852 1518 3232 1587 Σκηνοπηγίας
3269 1518 3469 1571 ἐτύπου
3498 1519 3597 1588 τὴν
3628 1520 3745 1591 ἐορ-

514 1612 809 1681 ﬁguraret:
841 1629 860 1661 ι
895 1610 1202 1676 Celebrate,
1238 1612 1433 1680 inquit,
1459 1613 1639 1681 ipsum
1673 1613 1725 1665 in
1761 1612 2066 1665 memoriam

2178 1608 2296 1679 τὴν,
2328 1627 2347 1659 ί
2388 1609 2712 1679 Ἐορτάσατε
2734 1649 2750 1671 ,
2799 1609 2994 1678 φησὶν,
3030 1610 3219 1679 αὐτὴν,
3251 1606 3589 1681 μνημόσυνον
3616 1611 3741 1663 σαλ-

514 1704 790 1758 tttbarum.
823 1724 841 1756 ι
875 1704 1009 1758 Cum
1042 1705 1188 1759 enim
1223 1704 1418 1758 iterum
1443 1704 1840 1773 compingenda
1865 1704 2066 1756 venient

2181 1698 2412 1764 πίγγων.
2443 1716 2462 1748 ι
2522 1696 2950 1768 Σδμπήγνυσθαι
3006 1699 3115 1768 γάρ
3181 1698 3478 1769 μελλόντων
3527 1697 3743 1762 ἐσαῦθις

512 1795 752 1849 humana
792 1811 1049 1866 corpora,
1092 1803 1152 1850 et
1201 1796 1638 1863 uniuscujusque
1679 1796 1864 1847 anima
1916 1808 2066 1847 suum

2179 1787 2287 1840 τῶν
2340 1764 3045 1858 ἀνθρωπίνωντσωμάτωνή,
3084 1764 3194 1845 ⁷καί
3239 1788 3336 1859 τὴν
3380 1788 3512 1841 ίδίαν
3559 1789 3746 1859 ὥσπερ

513 1884 683 1938 veluti
724 1884 1136 1937 tabernaculum
1171 1884 1352 1936 denuo
1392 1890 1768 1950 assumptum,
1797 1878 2079 1933 insonabit

515 1976 669 2044 prius
722 1976 944 2045 jussum
993 1975 1246 2038 Domini,
1305 1981 1361 2028 et
1415 1972 1845 2027 resurrectionis
1908 1971 2078 2024 veluti

514 2075 723 2121 tessera
757 2067 1002 2130 dabitur,
1053 2065 1296 2135 tubaque
1330 2063 1427 2119 Dei
1460 2071 1642 2127 canet,
1684 2063 1840 2133 juxta
1880 2061 2078 2130 praedi-

513 2168 682 2213 ctum.
715 2157 885 2229 igitur
926 2158 982 2212 in
1025 2159 1248 2227 ﬁguram
1275 2155 1399 2227 ejus
1424 2169 1684 2226 magnum
1714 2154 1990 2223 quoddam
2022 2161 2078 2207 et

511 2248 842 2303 audiendum
894 2248 1044 2302 circa
1105 2245 1376 2301 Lazarum
1432 2245 1751 2300 inclamavit
1798 2245 2076 2304 Christus,

512 2355 623 2394 non
659 2355 986 2411 magnopere
1013 2339 1436 2395 consuetudinis
1466 2353 1696 2403 memor,
1719 2336 1847 2391 dum
1884 2353 2077 2392 eorum

509 2446 633 2502 qua
654 2430 709 2486 in
730 2432 1142 2502 exspectatione
1163 2438 1374 2497 essent,
1396 2428 1620 2498 ﬁguram
1641 2437 2077 2499 repraesentaret.

580 2540 658 2596 Ita
704 2544 980 2606 nonnulli,
1017 2541 1462 2611 quandoquidem
1512 2544 1648 2597 nihil
1711 2559 1820 2596 non
1886 2549 2069 2611 potest

508 2632 752 2686 divinum
786 2631 1047 2694 Verbum,
1102 2631 1375 2701 desperati
1427 2646 1698 2701 prorsus,
1757 2640 1812 2686 et
1856 2631 2069 2685 animae

510 2731 736 2777 mortua
789 2722 1012 2777 fetorem
1042 2723 1409 2792 exspirantes,
1464 2731 1520 2777 et
1575 2730 1917 2776 mortuormn
1969 2722 2070 2777 ha-

509 2814 743 2869 bitacula
798 2814 1128 2877 incolentes,
1188 2814 1663 2885 supervenientem
1727 2815 1860 2884 ipsis
1927 2817 2070 2870 divi-

510 2921 643 2961 num
687 2920 994 2961 sermonem
1055 2907 1304 2968 audiunt,
1339 2920 1404 2960 ac
1441 2906 1684 2975 ipsorum
1737 2907 1948 2963 animas
1980 2924 2072 2978 pe-

509 3004 761 3053 netrante
791 2997 997 3051 virtute
1025 2997 1147 3065 ejus
1173 2996 1267 3065 qui
1291 2996 1447 3060 dicit,
1482 3015 1500 3047 ι
1523 2998 1644 3050 veni
1679 2996 1847 3061 foras,
1890 3018 1906 3048 ι
1939 3014 2069 3067 pro-

2176 1878 2380 1949 σκηνὴν
2431 1876 2894 1949 παραληψομένης
2952 1879 3076 1932 ὅσον
3115 1879 3325 1933 οὐδέπω
3363 1880 3461 1949 τῆς
3514 1882 3744 1933 ἑκάστου

2174 1966 2370 2037 ψυχῆς,
2404 1969 2857 2038 προαναφωνήσει
2886 1967 3168 2039 κέλευσμά
3196 1969 3258 2022 τὸ
3284 1970 3633 2034 Δεσποτικδν,
3655 1971 3747 2023 καὶ

2176 2059 2476 2129 προηχήσει
2530 2059 2591 2111 τὸ
2649 2062 2747 2129 τῆς
2788 2060 3135 2124 ἀναστάσεως
3176 2060 3458 2131 σύνθημα,
3512 2060 3745 2129 σάλπιγξ

2175 2149 2309 2202 Θεοῦ
2328 2190 2342 2214 ,
2369 2150 2509 2202 κατὰ
2538 2151 2598 2203 τὸ
2624 2150 2936 2221 εἰρημένον.
2974 2153 3067 2215 Et;
3091 2151 3260 2205 τύπον
3281 2147 3373 2206 οὖν
3401 2151 3623 2221 ταύτης,
3653 2152 3745 2205 ἐπὶ

2180 2238 2413 2309 Λαζάρῳ
2446 2239 2587 2307 μέγα
2631 2255 2684 2290 τι
2724 2240 2819 2291 καὶ
2851 2239 3175 2303 ἐξάκουστον
3212 2241 3456 2310 ἐφώνησε
3487 2241 3741 2311 Χριστὸς,

2179 2331 2240 2381 οὐ
2274 2329 2481 2399 σφόδρα
2501 2330 2595 2382 τοῦ
2629 2329 2892 2400 συνήθους
2918 2332 3208 2403 φροντίσας
3229 2371 3245 2397 ,
3281 2332 3368 2386 ἵνα
3388 2332 3497 2385 τῶν
3526 2331 3748 2390 ἔσεσθαι

2183 2421 2648 2492 προσδοκωμένων
2678 2422 2918 2494 ἐπιδείξῃ
2949 2423 3040 2476 τὸν
3073 2423 3264 2477 τύπον.

2257 2535 2413 2588 Οὕτω
2432 2537 2495 2606 δή
2514 2554 2653 2600 τινες
2670 2539 2715 2605 (Ι
2728 2540 2766 2606 ),
2785 2538 2871 2591 διὰ
2890 2538 2978 2592 τὸν
2995 2539 3169 2594 πάντα
3184 2539 3478 2610 δυνάμενον
3491 2540 3584 2594 τοῦ
3606 2537 3746 2596 Θεοῦ

2174 2626 2346 2695 Λόγον
2390 2628 2562 2698 πάντη
2593 2628 3064 2697 ἀπογνωσθέντες,
3114 2632 3209 2684 καὶ
3254 2633 3355 2702 τῆς
3395 2634 3453 2684 ἐν
3479 2633 3623 2703 ψυχῇ
3653 2649 3744 2687 νι-

2176 2721 2440 2791 κρότητος
2460 2722 2555 2790 τὴν
2582 2722 2840 2789 δυσωδίαν
2866 2723 3098 2792 ἔχοντες,
3117 2725 3212 2777 καὶ
3241 2724 3512 2787 οἰκοῦντες
3533 2724 3743 2795 νεκρῶν

2175 2814 2504 2885 οἰκητήριον,
2527 2813 2769 2877 ἐλθόντος
2793 2815 2928 2883 πρὸς
2953 2816 3146 2878 αὐτοὺς
3168 2815 3257 2867 τοῦ
3279 2816 3434 2883 λόγου
3460 2816 3741 2879 ἀκούουσι,

2178 2905 2274 2956 καὶ
2318 2904 2747 2972 καθικνουμένης
2782 2904 2946 2957 αὐτοῦ
2992 2905 3091 2974 τῆς
3116 2905 3393 2975 δυνάμεως
3419 2905 3525 2958 τῶν
3546 2906 3738 2976 ψυχῶν

2176 2991 2353 3044 αὐτῶν
2382 2992 2649 3059 λέγοντος,
2664 3015 2679 3043 ι
2692 2992 2861 3063 Δεῦρο
2876 2993 3002 3058 ἔξω,
3017 2995 3347 3065 »ἐξέρχονται
3372 2996 3450 3048 ἔτι
3467 2995 3737 3069 [κηρίαις]

508 3085 834 3157 grediuntur
873 3085 1083 3140 institis
1110 3085 1290 3138 adhuc
1319 3086 1683 3159 .mortualium
1719 3087 2066 3141 vinculorum

2173 3086 2282 3138 τῶν
2326 3085 2532 3154 νεκρῶν
2561 3086 2773 3154 δεσμῶν
2795 3086 3087 3155 δεδεμένοι.
3135 3087 3386 3156 Ἐξῆλθεν
3411 3087 3547 3158 γάρ,
3580 3090 3740 3158 φησὶ,

507 3180 737 3250 alligati.
769 3180 915 3233 Exiit
941 3181 1110 3242 enim,
1141 3180 1319 3249 inquit
1352 3179 1661 3250 Scriptura,
1690 3182 1783 3251 qui
1814 3191 2067 3238 mortuus

506 3271 704 3337 fuerat,
739 3272 918 3326 adhuc
964 3272 1273 3328 devinctus.
1319 3272 1523 3327 Deinde
1548 3282 1817 3342 praesente
1841 3271 1973 3328 Jesu
2012 3284 2066 3329 et

503 3362 812 3431 discipulis,
846 3362 1063 3432 illisque
1081 3362 1402 3429 mandante,
1438 3362 1723 3418 resolvunt
1748 3364 2066 3419 mortuariis

502 3455 735 3509 vinculis
790 3470 915 3511 eum
951 3454 1049 3525 qui
1104 3452 1249 3510 Filio
1292 3454 1388 3510 Dei
1446 3470 1654 3511 morem
1702 3464 1966 3527 gesserat,
2009 3463 2064 3511 et

501 3545 755 3616 sepulcro
794 3545 1092 3614 prodierat.
1125 3541 1174 3599 ls
1216 3555 1399 3600 autem
1433 3546 1711 3600 resolutus
1755 3546 1869 3601 abit
1904 3545 2061 3613 liber,

499 3646 555 3690 et
587 3648 712 3688 mox
744 3648 870 3688 cum
916 3633 1141 3687 Cbristo
1178 3633 1495 3688 discumbit.
1528 3632 1705 3704 Hujus
1754 3635 2062 3690 animarum

499 3725 711 3781 ordinis
743 3725 922 3795 imago
958 3724 1092 3780 mihi
1132 3724 1352 3782 videtur
1382 3724 1641 3794 Lazarus,
1672 3728 1764 3798 qui
1797 3738 1915 3784 erat
1963 3728 2065 3784 Be-

498 3812 687 3865 tbania
742 3813 1055 3875 oriundus,
1110 3814 1165 3868 id
1223 3822 1308 3869 est
1357 3815 1681 3871 obedientiae
1729 3817 1913 3872 domo.
1960 3818 2061 3873 Hic

499 3911 689 3971 postea
713 3904 1020 3972 aagrotavit,
1051 3904 1148 3974 qui
1183 3920 1351 3960 sanus
1384 3921 1511 3960 cum
1543 3915 1716 3970 esset,
1744 3923 1774 3961 a
1810 3905 1943 3963 Jesu
1978 3908 2061 3963 di-

498 3992 788 4061 ligebatur.
819 3992 973 4048 Haud
1001 4009 1134 4064 ergo
1162 3995 1542 4065 desperandae
1583 4014 1652 4053 ne
1688 3998 1781 4054 ille
1834 4000 2059 4070 quidem

495 4081 590 4150 qui
640 4081 696 4135 in
727 4093 971 4137 extrema
1021 4083 1374 4152 improbitate
1406 4094 1679 4141 versatur.
1720 4086 2056 4145 Przeclarum

494 4172 713 4238 quidem
736 4181 822 4229 est
847 4190 955 4229 non
983 4173 1282 4241 inﬁrmari;
1310 4176 1355 4230 si
1394 4178 1519 4246 quis
1546 4187 1726 4233 tamen
1758 4192 2059 4250 aegrotave-

493 4266 586 4327 rit,
613 4273 732 4320 oret
762 4281 828 4319 ne
867 4264 1156 4320 inﬁrmitas
1189 4264 1306 4333 ejus
1338 4267 1413 4320 sit
1440 4268 1505 4322 ad
1537 4278 1790 4333 mortem,
1829 4270 1923 4326 sed
1959 4287 2057 4340 pro

493 4356 670 4422 gloria
705 4355 820 4410 Dei.
849 4358 1002 4421 Quod
1048 4367 1300 4427 spectare
1347 4359 1470 4414 licet
1511 4361 1563 4414 in
1596 4361 1701 4416 isto
1745 4364 1838 4431 qui
1869 4361 2053 4419 Iesum

2171 3178 2200 3230 ό
2233 3175 2510 3245 τεθνηκὼς
2538 3177 2839 3246 δεδεμένος.
2865 3172 2998 3230 Εἶτα
3031 3177 3294 3248 παρόντος
3321 3178 3412 3232 τοῦ
3448 3179 3624 3249 Ἰησοῦ
3646 3180 3745 3233 καὶ

2168 3267 2277 3321 τῶν
2303 3267 2560 3338 μαθητῶν
2579 3307 2594 3330 ,
2647 3270 2739 3320 καὶ¹
2766 3267 3118 3331 κελεύσαντος
3156 3268 3337 3330 αὐτοῖς
3355 3309 3369 3331 ,
3418 3268 3604 3321 λύουσι
3631 3268 3744 3321 τῶν

2169 3360 2263 3413 τοῦ
2292 3357 2484 3430 νεκροῦ
2527 3358 2738 3427 δεσμῶν
2769 3358 2859 3412 τὸν
2890 3359 3179 3413 πεισθέντα
3220 3360 3297 3429 τῷ
3333 3359 3446 3430 Υίῷ
3476 3359 3575 3414 τοῦ
3600 3360 3743 3414 Θεοῦ

2170 3452 2265 3504 καὶ
2290 3450 2576 3519 γενόμενον
2619 3448 2723 3513 ἔξω
2752 3449 2842 3502 τοῦ
2896 3449 3182 3520 μνημείου.
3222 3433 3307 3505 ’⁸0
3330 3450 3387 3504 δέ
3414 3450 3595 3514 λυθεὶς
3631 3451 3741 3505 ἄπο

2168 3558 2304 3594 εισιν
2349 3539 2657 3610 ἐλεύθερος,
2699 3540 2792 3593 καὶ
2836 3540 2964 3610 ἑξῆς
2995 3540 3372 3596 συνανάκειται
3420 3542 3497 3614 τῷ
3538 3543 3740 3615 Ἰησοῦ.

2168 3631 2420 3683 Τοιούτου
2472 3628 2611 3694 τινὸς
2680 3631 2959 3701 τάγματος
3000 3629 3265 3701 σύμϐολον
3303 3628 3441 3686 εἷναί
3474 3651 3565 3705 μοι
3592 3634 3744 3688 δοκεῖ

2165 3723 2195 3776 ὁ
2219 3723 2487 3793 Λάζαρος,
2514 3723 2660 3784 ὅστις
2691 3723 2789 3791 μὲν
2816 3718 2885 3794 ἦν
2917 3723 3025 3776 άπὺ
3055 3722 3345 3792 Βηθανίας,
3384 3723 3477 3778 τοῦ
3508 3724 3609 3795 τῆς
3636 3724 3743 3778 ὕπ-

2166 3814 2336 3883 ακοῆς
2387 3814 2554 3866 οίκου.
2621 3812 2943 3884 Ἠσθένησεν
2992 3812 3248 3885 ὕστερον,
3301 3816 3476 3869 καίτοι
3531 3831 3594 3882 γε
3649 3816 3743 3869 ὅτε

2168 3903 2405 3973 ύγίαινεν
2434 3904 2586 3973 φίλος
2628 3903 2703 3957 ὣν
2754 3904 2848 3957 τοῦ
2887 3905 3080 3976 Ἰησοῦ.
3138 3907 3214 3958 οὐ
3237 3905 3318 3959 δεῖ
3342 3901 3433 3961 οῦν
3461 3907 3743 3977 άπογινὼο

2166 4010 2318 4047 σκειν
2337 3996 2430 4048 καὶ
2452 3994 2540 4048 τὸν
2561 3996 2618 4048 ἐν
2646 3995 2849 4067 ἐσχάτῃ
2872 3995 3036 4067 κακίᾳ
3057 3998 3362 4068 γινόμενον.
3387 3999 3496 4052 Καὶ
3523 3998 3608 4052 ὅτι
3632 4015 3742 4056 κα-

2163 4085 2252 4139 λὸν
2275 4086 2373 4155 μὲν
2388 4084 2448 4138 τὸ
2474 4084 2808 4155 μὴάσθενεϊν
2828 4102 2841 4116 ·
2867 4087 2915 4138 εἰ
2931 4086 2989 4139 δέ
3011 4103 3095 4149 τις
3115 4087 3330 4140 ἀσθενεῖ
3345 4127 3361 4151 ,
3383 4088 3627 4159 εὐχέσθω
3650 4091 3743 4145 ἵνα

2166 4176 2241 4246 μὴ
2269 4176 2303 4245 ἡ
2335 4172 2585 4227 ἀσθένεια
2610 4173 2771 4226 αὐτοῦ
2791 4174 2923 4245 πρὸς
2949 4175 3176 4229 θάνατον
3198 4176 3570 4245 γένηται,άλλ’
3593 4180 3742 4249 ὺπέρ

2161 4264 2260 4333 τῆς
2288 4263 2445 4333 δόξης
2490 4261 2584 4315 τοῦ
2616 4263 2771 4318 Θεοῦ.
2818 4264 2944 4318 Ὅτε
3005 4264 3152 4317 ἔστιν
3194 4265 3321 4319 ἰδεῖν
3363 4268 3455 4320 τὸν
3508 4269 3742 4323 ἀκολου-

2163 4354 2355 4407 θοῦντα
2384 4354 2461 4424 τῷ
2500 4354 2704 4425 Ἰησοῦ,
2749 4356 2869 4408 τίνα
2896 4356 3094 4427 τρόπον
3121 4359 3150 4409 ὁ
3175 4357 3412 4422 τοιοῦτος
3449 4359 3739 4430 ἐξέρχεται

492 4453 778 4499 vocantem
809 4447 1082 4514 sequitur,
1109 4450 1382 4515 quomodo
1407 4465 1599 4517 nempe
1620 4452 1689 4504 ob
1712 4449 1840 4507 Jesu
1865 4468 2054 4507 vocem

2172 4448 2258 4515 μὲν
2289 4445 2376 4499 διὰ
2402 4447 2501 4517 τὴν
2548 4447 2722 4515 Ἰησοῦ
2755 4447 2938 4517 φωνὴν
2966 4488 2982 4512 ,
3022 4447 3099 4500 έτι
3124 4448 3180 4501 δὲ
3206 4452 3413 4520 σειραῖς
3438 4452 3547 4504 τῶν
3582 4452 3741 4507 ἰδίων

491 4537 646 4602 exiit,
690 4537 870 4591 adhuc
916 4545 1098 4592 tamen
1148 4551 1497 4608 peccatorum
1555 4557 1778 4596 suorum
1819 4544 2055 4599 vinculis

492 4628 749 4698 alligatus
793 4639 848 4684 et
888 4632 1225 4686 constrictus
1258 4646 1273 4683 :
1305 4632 1375 4686 ob
1410 4634 1783 4702 paenitentiam
1831 4634 2051 4703 quidem

491 4726 546 4775 et
580 4720 947 4777 obedientiam
1002 4721 1134 4778 Jesu
1170 4726 1312 4785 voci,
1362 4726 1588 4790 vivens;
1618 4726 1712 4780 sed
1747 4726 1874 4794 quia
1915 4742 2056 4780 non—

490 4810 621 4866 dum
665 4822 1014 4881 peccatorum
1052 4815 1262 4884 laqueis
1296 4816 1533 4878 solutus,
1576 4816 1816 4869 nondum
1866 4816 2055 4871 liberis

490 4902 721 4971 pedibus
757 4906 1006 4961 incedere
1039 4907 1256 4972 valens;
1286 4906 1382 4961 sed
1414 4922 1589 4976 neque
1622 4908 1801 4962 solute
1835 4909 2053 4976 Operari

490 4997 808 5064 praeclarum
840 4997 1044 5067 aliquid
1079 4998 1282 5064 valens,
1312 5007 1534 5067 propter
1560 5014 1755 5053 manus
1784 5000 2053 5067 pedesque

488 5085 808 5140 mortuariis
835 5085 1084 5155 ligaturis
1116 5077 1442 5156 impeditos;
1470 5094 1633 5155 atque
1662 5087 1732 5141 ob
1767 5088 1817 5141 id
1849 5087 2047 5142 faciem

488 5191 707 5247 quoque
755 5177 1062 5246 ignorantia
1109 5179 1344 5233 velatam
1395 5193 1611 5249 gerens.
1657 5175 2047 5232 Verumtamen

486 5263 615 5319 Jcsu
648 5267 903 5320 mandato
930 5268 1143 5322 solutus
1183 5283 1245 5322 ac
1280 5256 1418 5322 liber
1451 5266 1699 5329 eﬂ‘ectus,
1722 5269 1830 5323 tale
1863 5269 2046 5337 ingre-

488 5355 633 5411 ditur
666 5356 788 5421 itor,
819 5373 994 5426 eoque
1026 5358 1291 5426 pervenit,
1326 5367 1384 5411 ut
1422 5374 1564 5413 unus
1598 5357 1663 5413 de
1697 5356 2048 5413 discumben-

561 5508 604 5539 “
646 5507 663 5560 ι
701 5508 824 5562 Cor.
857 5522 945 5571 xv,
982 5507 1073 5561 52.

2160 4538 2572 4607 ἁμαρτημάτων
2597 4536 2876 4608 δεδεμένος
2898 4539 2990 4590 καὶ
3008 4539 3332 4609 ἐσφιγμένος
3350 4583 3365 4606 ,
3391 4542 3479 4595 διά
3505 4544 3605 4612 μέν
3633 4546 3741 4615 τὴν

2165 4630 2451 4699 μετάνοιαν
2479 4630 2573 4683 καὶ
2601 4629 2662 4681 τὸ
2695 4629 2993 4698 ἀκηκοέναι
3012 4631 3112 4700 τῆς
3147 4631 3321 4702 Ἰησοῦ
3350 4633 3552 4703 φωνῆς,
3574 4634 3697 4699 ζῶν
3715 4650 3735 4667 ο

2160 4716 2247 4773 διά
2277 4719 2333 4771 δὲ
2364 4719 2425 4772 τὸ
2454 4720 2529 4791 μὴ
2557 4718 2915 4774 ἀπολελύσθαι
2945 4720 3052 4773 τῶν
3066 4721 3163 4791 τῆς
3189 4723 3458 4793 ἁμαρτίας
3485 4724 3735 4796 δεσμῶν,

2165 4809 2297 4880 μηδέ
2325 4809 2426 4880 ἢδη
2447 4809 2702 4862 δύνασθαι
2728 4808 3032 4881 ἐλευθέροις
3056 4811 3355 4865 ἐπιϐαίνειν
3383 4815 3560 4877 ποσὶν,
3587 4816 3739 4871 ἀλλά

2163 4903 2296 4972 μηδὲ
2331 4904 2572 4973 ἐνεργεῖν
2601 4901 3015 4973 άπολελυμένως
3043 4904 3110 4956 τὰ
3135 4904 3473 4976 διαφέροντα,
3507 4906 3737 4978 δεδεμὲ-

2158 5011 2245 5057 νος
2291 4994 2387 5055 τάς
2416 4995 2602 5063 χεῖρας
2644 4993 2737 5046 καὶ
2781 4996 2905 5058 τοὺς
2940 4996 3103 5059 πόδας
3142 4997 3354 5066 δεσμοῖς
3383 5001 3593 5070 νεκρῶν
3625 5021 3757 5075 anan

2160 5084 2330 5153 ρίαις⁸
2367 5085 2458 5136 καὶ
2486 5085 2573 5137 διά
2610 5085 2808 5149 ταύτας
2848 5087 2945 5157 τὴν
2969 5087 3087 5156 ὄψιν
3119 5091 3183 5157 τῇ
3222 5089 3411 5160 ἀγνοίᾳ
3441 5092 3731 5165 κεκαλυμοο

2158 5175 2334 5245 μένος.
2384 5173 2481 5227 Διά
2525 5174 2584 5226 δὲ
2617 5174 2714 5244 τὴν
2761 5176 3052 5243 πρόσταξιν
3086 5178 3180 5230 τοῦ
3222 5178 3395 5248 Ἰησοῦ
3422 5179 3603 5244 λυθεὶς
3629 5183 3729 5237 καὶ

2155 5266 2397 5334 ἀφεθεὶς,
2429 5265 2717 5335 πορεύεται
2752 5268 3002 5336 τοιαύτην
3050 5268 3306 5339 πορείαν,
3350 5268 3491 5323 ὥστε
3512 5272 3727 5338 φθάσαι

2159 5356 2318 5412 αὐτὸν
2354 5358 2444 5409 ἐπὶ
2486 5356 2564 5426 τῷ
2608 5357 2704 5410 ἕνα
2739 5359 2830 5411 καὶ
2873 5358 3033 5412 αὐτὸν
3070 5360 3319 5429 γενέσθαι
3344 5363 3453 5416 τῶν
3484 5380 3725 5423 συναναο

560 5690 636 5748 li)
669 5691 827 5745 Οὕτω
858 5690 932 5756 δή
963 5706 1119 5757 τινες
1160 5732 1171 5748 .
1203 5727 1215 5743 .
1250 5729 1262 5744 .
1300 5732 1309 5746 .
1338 5690 1405 5747 ἐν
1439 5690 1559 5757 τοῖς
1592 5690 1919 5762 μνήμασιν.
1973 5689 2048 5746 Ex

2172 5709 2278 5748 .ena
2304 5691 2557 5751 Vaticana
2590 5710 2675 5765 ap.
2700 5694 2799 5749 Mai
2836 5695 2965 5752 ibid.

3839 2789 3841 2927 χ
