3882 6206
207 238 287 293 6ῗί
1076 229 1143 284 ΙΝ
1170 230 1512 287 ιοΑΝΝΕΜ.
1540 263 1607 273 -
1640 230 1768 285 LIB.
1806 226 1894 281 \‘ll
1940 230 2028 282 ET
2071 228 2184 283 \‘lll
2220 227 2664 282 FRAGMENTA.
3402 230 3474 286 06

202 352 485 425 κειμένων
522 347 669 420 αὐτῷ
707 345 903 420 Ἰησοῦ.
956 347 1080 400 Τίσι
1110 348 1164 401 δὲ
1196 349 1345 403 λύειν
1383 350 1545 402 αὑτὸν
1574 349 1782 417 ὲπέτρε⁴

1904 346 2049 400 tibus
2078 362 2202 398 cum
2235 345 2363 401 Jesu
2399 346 2516 399 lieri
2551 346 2744 415 possit.
2780 345 2899 399 Jam
2941 347 3271 417 quibusnam
3299 347 3473 405 Laza-

198 447 345 516 ψεν,
370 444 432 496 ού
459 443 797 512 γέγραπται’
834 438 868 511 ἢ
894 441 1008 502 τοῖς
1042 440 1336 511 μαθηταῖς,
1366 441 1398 513 ἢ
1433 443 1544 504 τοῖς
1576 456 1798 493 συνακο-

200 536 542 609 λουθήσασιν
572 532 848 595 Ἰουδαίοις
868 572 882 595 ,
916 532 949 603 ἢ
977 532 1073 585 καὶ
1096 532 1351 600 ἀγγέλοις
1386 533 1516 593 ἴσως
1542 534 1652 593 τοῖς
1683 529 1799 582 δια-

202 630 562 700 κονουμένοις
590 626 739 696 αὐτῷ
760 623 896 697 πρὸς
918 625 1014 692 τὴν
1038 624 1149 678 τῶν
1168 624 1471 695 ἀνθρώπων
1498 623 1794 693 σωτηρίαν.

204 721 327 774 Καὶ
359 718 473 772 ἔστι
521 734 584 784 τε
619 714 850 767 συνιδεῖν
877 713 1333 783 ἀποθνησκόντων
1358 712 1624 785 διαφορὰν
1645 751 1658 774 ,
1688 712 1799 763 τῶν

204 811 315 880 μὲν
348 808 470 881 μηδ’
501 808 637 869 ὅλως
671 804 927 869 ἐξιόντων
951 803 1046 857 τοῦ
1078 803 1249 868 οἴκου,
1281 803 1356 866 ὡς
1385 803 1478 856 ἐπὶ
1507 804 1605 872 τῆς
1638 802 1797 855 Ἰαεί-

204 920 308 973 ρου
359 900 630 971 θυγατρὸς
651 938 664 961 ,
699 898 807 951 τῶν
850 898 906 950 δὲ
933 898 1033 968 ἤδη
1066 898 1336 951 ἀπιόντων
1372 898 1465 950 ἐπὶ
1501 897 1561 949 τὸ
1589 897 1795 967 μνῆμα,

200 995 285 1057 ὡς
342 993 436 1047 ἐπὶ
486 990 580 1046 τοῦ
627 990 744 1044 υίοῦ
784 991 884 1060 τῆς
912 991 1124 1061 χήραςο
1192 990 1303 1042 τῶν
1361 990 1418 1042 δὲ
1471 989 1564 1042 καὶ
1614 987 1799 1040 τεθέν-

198 1102 320 1139 των
367 1086 425 1137 ὲν
458 1083 536 1154 τῷ
577 1082 830 1155 μνημείῳ
869 1083 964 1135 καὶ
992 1082 1092 1153 ήδη
1118 1081 1453 1150 σεσηπότων.
1507 1077 1716 1131 Ἀθλιοι
1741 1077 1797 1130 δὲ

201 1177 367 1250 παρά
412 1177 623 1239 τούτοις
664 1177 714 1227 οἰ
757 1174 851 1227 ἐπὶ
894 1175 1076 1227 πλεῖον
1121 1173 1551 1245 ὲμὸραδύνοντες
1600 1172 1657 1224 έν
1686 1172 1798 1235 τοῖς

207 1272 514 1340 μνήμασιν.

290 1363 353 1416 Ἠ
376 1362 517 1431 ὄψις
543 1362 730 1417 αὐτοῦ
769 1359 1068 1428 σουδαρίῳ
1090 1358 1477 1429 περιεδέδετο.

279 1455 549 1519 Πεσόντες
592 1457 674 1518 είς
715 1454 1011 1525 ἁμαρτίαν,
1041 1452 1293 1524 καθάπερ
1326 1470 1379 1505 τι
1412 1452 1674 1523 κάλυμμα
1696 1452 1794 1523 τὴν

203 1545 467 1599 ἐντεῦθεν
508 1546 775 1617 αἰσχύνην
814 1545 893 1615 τῷ
936 1545 1033 1613 τῆς
1059 1543 1234 1613 ψυχῆς
1273 1542 1550 1614 προσώπῳ
1581 1558 1795 1613 περιτε-

204 1636 473 1708 θείκαμεν
497 1677 512 1701 ,
580 1638 676 1690 καὶ
702 1638 813 1699 τοῖς
858 1633 953 1688 τοῦ
990 1635 1222 1688 Θανάτου
1277 1632 1793 1702 κατεδεσμεύθημεν

1901 454 2023 492 rum
2068 441 2284 493 solvere
2330 439 2707 508 imperaverit,
2752 453 2860 491 non
2891 449 2976 492 est
3013 440 3301 510 scriptum,
3343 458 3472 497 num

1902 529 2160 583 videlicet
2193 530 2505 600 discipulis,
2542 544 2610 582 an
2660 528 3018 596 sequentibus
3048 544 3107 583 se
3145 528 3369 596 Judaeis,
3404 548 3474 586 an

1900 620 2064 674 ctiam
2115 620 2354 676 fortasse
2405 620 2634 689 angelis,
2671 621 2768 688 qui
2812 620 3200 690 ministrabant
3260 622 3363 691 ipsi
3418 623 3473 676 in

1900 715 2249 783 procuranda
2292 714 2581 767 hominum
2631 714 2828 766 salute.
2859 711 3103 782 Denique
3134 714 3472 768 observanda

1899 813 1986 861 est
2025 815 2371 860 mortuorum
2424 806 2764 869 dill'erentia;
2806 819 3044 873 namque
3094 806 3185 858 alii
3229 808 3473 861 nondum

1899 898 2063 953 domo
2116 899 2248 953 elati
2318 898 2555 960 fuerant,
2614 906 2673 951 ut
2736 896 2869 951 Jairi
2932 897 3041 951 ﬁlia
3074 916 3086 950 :
3121 899 3211 952 alii
3267 900 3332 953 ad
3386 916 3475 955 sc-

1901 992 2150 1061 pulcrum
2180 992 2292 1060 jam
2325 991 2708 1060 portabantur,
2739 999 2796 1041 ut
2828 989 2974 1044 ﬁlius
3007 992 3183 1045 vidua:
3215 1010 3225 1043 :
3256 993 3352 1045 alii
3382 991 3475 1045 de-

1899 1080 2065 1150 nique
2102 1082 2215 1149 jam
2252 1080 2305 1133 in
2348 1090 2708 1133 monumento
2743 1082 3019 1149 jaccbaut.
3057 1092 3110 1136 et
3140 1084 3358 1151 quidem
3391 1093 3474 1137 ta-

1898 1167 2202 1223 bescentes.
2231 1168 2334 1223 Sed
2368 1170 2703 1225 inl‘eliciores
2750 1175 2960 1227 caeteris
2993 1186 3146 1238 sunt,
3176 1177 3267 1243 qui
3300 1176 3391 1230 diu
3417 1176 3473 1231 in

1897 1260 2169 1328 sepulcris
2198 1260 2560 1313 demorantur
2589 1262 2688 1331 (‘2).

1968 1351 2061 1417 Xl,
2105 1352 2194 1406 44.
2232 1351 2423 1407 Facies
2453 1354 2565 1422 ejus
2590 1354 2806 1409 sudario
2834 1367 2949 1409 erat
2980 1357 3162 1427 liga-ta.

1967 1444 2024 1497 In
2069 1455 2355 1514 peccatum
2405 1446 2563 1515 lapsi,
2598 1445 2840 1503 dedecus
2915 1450 3043 1504 inde
3094 1459 3470 1519 contractum,

1895 1537 2065 1591 veluti
2099 1538 2375 1609 quoddam
2402 1541 2671 1601 velamen,
2710 1541 2907 1596 animae
2943 1551 3144 1598 nostra:
3178 1545 3335 1600 faciei
3364 1547 3472 1601 cir-

1897 1630 2338 1701 cumposuimus,
2382 1637 2439 1684 et
2487 1631 2681 1685 mortis
2740 1632 2955 1701 laqueis
3010 1634 3205 1688 irretiti
3257 1653 3469 1695 sumus.

204 1729 447 1801 βρόχοις.
504 1730 673 1783 Ὅταν
702 1724 793 1782 οὖν
838 1730 988 1798 ἡμᾶς
1045 1727 1184 1780 κατά
1211 1725 1301 1778 τὸν
1328 1728 1425 1794 τῆς
1456 1723 1782 1778 ἀναστάσεως

1903 1720 2037 1774 Cum
2076 1720 2246 1791 igitur
2280 1737 2381 1775 nos
2416 1722 2566 1776 circa
2600 1731 2818 1793 tempus
2850 1727 3277 1783 resurrectionis
3303 1744 3333 1783 e
3355 1744 3472 1783 mo-

203 1824 400 1892 καιρὸν
441 1822 549 1876 τῶν
587 1822 695 1877 ἀπὸ
737 1821 838 1893 γῆς
887 1820 1189 1892 μνημάτων
1232 1818 1426 1885 ἐξοίσει
1476 1820 1504 1870 ὁ
1532 1818 1784 1889 Χριστὸς,

199 1912 330 1965 τότε
352 1912 438 1983 δὴ,
467 1912 609 1976 τότε,
640 1910 746 1964 τῶν
774 1913 832 1965 ὲν
864 1911 1005 1982 ἀρχῇ
1034 1908 1313 1971 ἀπολύσας
1348 1906 1553 1973 κακῶν,
1584 1908 1678 1959 καὶ
1698 1924 1789 1959 πε-

208 2003 441 2074 ριαιρῶν
456 2003 659 2074 τρόπον
677 2002 798 2055 τινά
816 1999 916 2072 τῆς
938 2000 1196 2072 αἰσχύνης
1218 2000 1277 2052 τὸ
1302 1999 1584 2069 κάλυμμα,
1603 1998 1788 2050 λοιπὸν

202 2093 506 2164 ἐλευθέρως
532 2092 777 2147 ἀνεῖσθαι
805 2092 1013 2145 κελεύει
1036 2132 1050 2155 ,
1091 2092 1188 2160 οὐχ
1219 2090 1459 2162 ἁμαρτίᾳ
1494 2105 1789 2159 τυραννου-

206 2184 434 2254 μένους,
475 2185 573 2255 ούχ
620 2184 1015 2255 ὑποκειμένους
1042 2186 1111 2254 τῇ
1145 2183 1354 2253 φθορᾷ,
1383 2183 1415 2252 ἢ
1445 2181 1648 2251 ἑτέροις
1678 2178 1788 2232 τισὶ

202 2276 423 2330 εἰωθόσι
466 2274 700 2338 κακοῦν,
750 2275 825 2340 ὡς
854 2275 1190 2346 πληροῦσθαι
1233 2277 1289 2326 ὲν
1323 2276 1457 2345 ἡμῖν
1486 2272 1546 2326 τὺ
1572 2272 1639 2324 δι’
1670 2271 1787 2334 ἑνὸς

202 2368 315 2420 τῶν
339 2368 511 2435 ἁγίων
532 2367 827 2438 προφητῶν
860 2367 1149 2438 εἰρημένον
1169 2384 1181 2396 ·
1206 2386 1225 2417 ‹
1262 2363 1659 2431 Ἑξελεύσεσθε,
1694 2363 1788 2416 καὶ

206 2461 528 2531 σκιρτήσετε
548 2461 623 2524 ὡς
650 2462 923 2531 μοσχάρια
952 2462 1013 2511 ἐκ
1039 2458 1251 2529 δεσμῶν
1274 2459 1555 2528 ἀνειμένα.
1584 2479 1601 2509 ι

276 2552 516 2605 Λύσατε
550 2550 738 2604 αὑτὸν
766 2551 863 2603 καὶ
906 2550 1086 2619 ἄφετε
1122 2549 1395 2618 ὑπάγειν.

274 2636 573 2708 Χρησίμως
600 2634 694 2690 οὖν
736 2638 824 2692 διά
855 2636 1052 2708 χειρῶν
1091 2638 1305 2689 οἰκείων
1354 2639 1650 2709 ἐπέτρεψεν
1690 2641 1787 2693 αύο

200 2730 319 2790 τοῖς
350 2728 507 2782 λῦσαι
537 2731 699 2783 αὑτὸν
720 2770 735 2793 ,
781 2731 867 2783 ἵνα
909 2732 1181 2801 μηδεμίαν
1214 2730 1387 2800 ἔχοιεν
1426 2733 1788 2801 συκοφαντίας

200 2820 490 2890 ἀφορμὴν,
538 2821 673 2874 ἀλλά
727 2823 1002 2893 μάρτυρες
1044 2816 1145 2875 ὦσι
1185 2823 1279 2875 τοῦ
1328 2822 1623 2893 θαύματος.
1679 2826 1786 2877 Καὶ

200 2911 361 2965 τοῦτο
389 2912 445 2965 δὲ
484 2913 596 2983 ἔχει
619 2914 818 2984 δεῖγμα
850 2915 947 2983 τῆς
978 2914 1273 2984 καθολικῆς
1306 2916 1672 2979 ἀναστάσεως,
1696 2917 1785 2969 ὅτε

200 3001 469 3072 λυομένης
492 3004 591 3072 τῆς
629 3005 904 3074 ἁμαρτίας
934 3007 1026 3056 καὶ
1050 3006 1147 3074 τῆς
1175 3003 1268 3057 τοῦ
1300 3004 1531 3057 θανάτου
1560 3005 1782 3076 φθορᾶς,

1896 1814 2177 1867 numentis
2209 1813 2463 1868 extrahet
2491 1812 2775 1877 Christus,
2807 1821 2938 1870 tunc
2966 1826 3114 1871 certe
3147 1827 3470 1890 rcpurgatos

1898 1920 1998 1959 nos
2037 1906 2105 1959 ab
2143 1909 2375 1977 antiqua
2428 1908 2572 1973 labe,
2607 1907 2863 1964 detracto
2901 1911 3214 1967 velamento
3267 1914 3470 1969 liberos

1897 1996 1978 2051 ire
2012 1997 2252 2066 jubebit,
2286 2014 2393 2053 non
2424 2000 2699 2054 obnoxios
2733 1988 2947 2071 peccati
2984 2004 3262 2073 tyrannidi
3293 2021 3470 2077 neque

1895 2092 2261 2159 corruptioni,
2290 2091 2523 2163 aliisque
2556 2091 2715 2146 malis
2756 2092 3040 2148 interitum
3086 2092 3466 2160 aﬂerentibus,

1895 2180 1970 2234 ita
2007 2192 2064 2236 ut
2094 2183 2148 2235 in
2181 2182 2340 2237 nobis
2371 2183 2667 2252 impleatur
2714 2183 2862 2253 quod
2900 2184 2970 2239 ab
3000 2199 3111 2240 uno
3147 2195 3468 2243 sanctorum

1894 2275 2284 2343 prOpIietarum
2340 2275 2547 2330 dictum
2608 2284 2691 2333 est
2731 2295 2745 2331 :
2784 2296 2804 2329 ι
2845 2276 3236 2348 Egrediemini,
3269 2288 3325 2335 et
3375 2294 3468 2338 sa-

1894 2366 2042 2421 lictis
2090 2368 2235 2423 sicut
2266 2368 2418 2423 parvi
2458 2369 2615 2422 vituli
2648 2369 2890 2425 vinculis
2922 2371 3157 2426 exsoluti
3182 2373 3246 2425 δ’.
3284 2391 3305 2424 ι

1964 2539 2055 2604 XI,
2093 2541 2183 2595 M.
2215 2539 2413 2595 Solvite
2442 2556 2559 2594 eum
2583 2550 2633 2594 et
2657 2541 2816 2594 sinite
2843 2540 3009 2597 abire.

1966 2630 2185 2686 Utiliter
2231 2633 2406 2703 igitur
2460 2633 2579 2688 suis
2617 2646 2713 2687 eos
2756 2633 3015 2689 manibus
3055 2634 3273 2691 solvere
3310 2635 3470 2692 illum

1895 2722 2173 2793 permisit,
2202 2738 2272 2776 ne
2310 2722 2479 2776 ullam
2512 2722 2778 2776 baberent
2809 2722 3099 2778 calumnia:
3131 2740 3345 2791 ansam,
3374 2726 3470 2782 sed

1894 2813 2151 2867 miraculi
2191 2820 2361 2868 testes
2416 2813 2620 2866 l'orent.
2656 2813 2829 2882 quue
2873 2813 3332 2883 signiﬁcationem
3367 2816 3469 2870 ha-

1895 2905 1985 2958 bet
2018 2904 2349 2958 universalis
2382 2904 2839 2968 resurrectionis,
2870 2904 3095 2974 quando
3128 2907 3312 2960 solii-to
3343 2921 3468 2975 pec-

1894 3007 2017 3047 cato
2078 3000 2133 3047 et
2202 2996 2396 3048 mortis
2451 2994 2838 3061 corruptione,
2886 2998 3266 3065 unusquisque
3330 2998 3466 3052 liber

200 3068 487 3164 ὲλεύθερος
528 3068 761 3162 ἀφίεται-
794 3095 1047 3157 ἕκαστος.
1104 3068 1388 3158 ’Πεσόντες
1431 3095 1539 3166 γάρ
1571 3068 1672 3166 -(l)'
1707 3068 1782 3159 είς

1895 3086 2203 3139 dimittitur.
2254 3085 2389 3138 Cum
2454 3085 2603 3139 enim
2672 3087 2726 3138 in
2789 3097 3076 3157 peccatum
3132 3088 3465 3154 incidimus,

202 3187 499 3256 ἁμαρτίαν,
537 3186 788 3258 καθάπερ
815 3206 867 3240 τι
898 3189 1161 3256 κάλυμμα
1196 3188 1297 3257 τὴν
1322 3188 1569 3241 ἐντεῦθεν
1596 3190 1786 3260 αίσχύ-

200 3293 300 3346 νην
340 3276 420 3347 τῷ
464 3278 563 3347 τῆς
606 3277 783 3349 ψυχῆς
838 3279 1117 3348 προσώπῳ
1162 3280 1650 3350 περιτεθείκαμεν,
1693 3283 1785 3334 καὶ

200 3370 312 3430 τοῖς
346 3368 440 3421 τοῦ
480 3368 709 3422 θανάτου
759 3369 1280 3441 καταδεσμεύθημεν
1330 3371 1564 3441 βρόχοις.
1620 3373 1785 3426 Ὅταν

201 3452 295 3510 οὖν
325 3460 475 3528 ἡμᾶς
514 3458 654 3512 κατά
682 3460 772 3511 τὸν
804 3461 903 3529 τῆς
934 3462 1284 3523 ἀναστάσεως
1317 3460 1507 3531 καιρόν
1543 3461 1649 3515 τῶν
1678 3464 1785 3515 ἀπὸ

202 3550 307 3622 γῆς
336 3553 635 3622 μνημάτων
654 3552 838 3623 ἐξοίσῃ
864 3553 1121 3623 Χριστὸς,
1140 3554 1258 3606 τότε
1292 3554 1385 3606 καὶ
1410 3553 1519 3606 τῶν
1542 3555 1784 3625 ἀρχαίων

202 3637 480 3702 ἀπολύσας
534 3639 746 3702 κακῶν,
808 3642 903 3693 καὶ
952 3641 1221 3710 περιελὼν
1272 3642 1474 3712 τρόπον
1520 3645 1642 3696 τινὰ
1687 3646 1786 3715 τῆς

201 3730 465 3801 αἰσχύνης
516 3733 577 3785 τὸ
615 3735 913 3803 κάλυμμα,
962 3734 1146 3787 λοιπὸν
1202 3736 1503 3805 ἐλευθέρως
1543 3737 1784 3791 ἀνεῖσθαι

201 3822 473 3888 κελεύσει,
496 3825 593 3894 ούχ
624 3825 1016 3894 ὑποκειμένους
1042 3830 1106 3897 τῇ
1130 3827 1303 3898 φθορᾷ
1322 3828 1414 3879 καὶ
1437 3831 1545 3891 τοῖς
1571 3829 1784 3883 εἰωθόσι

200 3919 391 3977 κακοῖς
425 3932 436 3943 ·
478 3918 553 3979 ὡς
599 3918 935 3989 πληροῦσθαι
983 3921 1039 3971 ὲν
1090 3922 1223 3989 ἡμῖν
1274 3920 1335 3972 τὸ
1388 3921 1453 3974 δι’
1506 3923 1622 3985 ἐνὸς
1675 3922 1783 3975 τῶν

202 4006 497 4078 προφητῶν
520 4009 809 4078 εἰρημένον
832 4027 844 4037 ·
881 4030 897 4060 ι
922 4011 1324 4075 Ἑξελεύσεσθε,
1346 4014 1439 4064 καὶ
1462 4017 1783 4084 σκιρτήσετε

200 4098 277 4156 ὠς
313 4098 582 4170 μοσχάρια
608 4103 672 4153 ἑκ
696 4100 911 4171 δεσμῶν
938 4102 1221 4171 ἀνειμένα.
1261 4124 1276 4153 ι
1316 4105 1569 4173 Λάμόανε
1606 4105 1660 4157 δέ
1696 4124 1783 4175 μοι

197 4186 261 4239 τὸ
286 4186 473 4257 θαῦμα
540 4190 633 4242 καὶ
686 4191 779 4242 ἐπὶ
821 4191 889 4243 τά
913 4192 1078 4255 ἐντός.
1125 4192 1187 4246 El
1239 4194 1345 4264 γὰρ
1387 4196 1415 4245 ό
1456 4195 1578 4258 νοῦς
1626 4197 1783 4265 ἡμῶν

200 4278 460 4331 ἀποθάνοι
485 4282 753 4351 Λάζαρος,
778 4282 860 4334 δεῖ
889 4284 1027 4352 μετά
1057 4284 1516 4355 ὲξομολογήσεως,
1542 4286 1615 4350 ὡς
1635 4290 1783 4360 Μάρ-

202 4372 299 4422 θαν
328 4371 420 4422 καὶ
449 4370 685 4442 Μαρίαν,
727 4373 827 4443 τὴν
859 4374 1046 4444 ύλικὴν
1096 4377 1274 4445 σάρκα
1311 4377 1404 4429 καὶ
1443 4378 1541 4447 τὴν
1577 4395 1772 4449 σεμνο-

200 4463 361 4533 τέραν
393 4464 569 4533 ψυχὴν
612 4466 926 4535 προσελθεῖν
964 4466 1039 4537 τῷ
1073 4468 1294 4538 Χριστῷ
1334 4470 1427 4522 καὶ
1456 4471 1768 4540 παρακαλέ-

201 4572 321 4607 σαι·
371 4558 463 4608 καὶ
519 4557 577 4619 ὃς
622 4558 878 4623 ἐπιστὰς,
929 4559 1029 4630 τὴν
1077 4561 1427 4632 ἐπικειμένην
1471 4565 1536 4633 τῇ
1582 4565 1767 4634 μνήμῃ

199 4645 428 4716 ἀρθῆναι
481 4647 724 4700 κελεύσει
764 4648 1061 4720 πώρωσιν,
1115 4651 1209 4703 καὶ
1254 4654 1493 4720 φωνήσει
1560 4654 1771 4725 μεγάλῃ

200 4740 345 4807 φωνῇ
380 4737 481 4808 τῆς
522 4739 882 4811 εὐαγγελικῆς
919 4741 1219 4810 σάλπιγγος
1246 4760 1259 4772 ο
1296 4742 1465 4813 Δεῦρο
1509 4743 1612 4808 ἔξω
1662 4745 1770 4797 τῶν

197 4830 289 4882 τοῦ
326 4830 530 4900 κόσμου
551 4832 948 4902 περισπασμῶν
969 4850 983 4862 ⁸
1015 4834 1108 4886 καὶ
1136 4833 1236 4897 τὰς
1270 4834 1455 4902 σειράς
1482 4834 1631 4887 λύσει
1663 4838 1771 4888 τῶν

200 4923 502 4990 ἁμαρτιῶν,
532 4922 674 4977 ὥστε
708 4924 965 4979 δύνασθαι
1004 4924 1274 4979 κινεῖσθαι
1311 4926 1594 4995 ἀραρότως
1635 4927 1769 4998 πρὸς

201 5014 418 5083 ἀρετήν.

266 5108 488 5161 Πολλοὶ
526 5104 638 5162 οὖν
676 5109 745 5162 ἐκ
774 5109 892 5163 τῶν
931 5110 1234 5165 Ἰουδαίων
1252 5109 1626 5165 ἐπίστευσαν
1675 5115 1762 5178 εἰς

197 5200 399 5253 «om.

265 5286 354 5352 Τῷ
385 5289 671 5360 παραδόξῳ
712 5291 1022 5361 νικηθέντες
1074 5292 1259 5346 πολλοὶ
1306 5293 1757 5347 πεπιστεύκασιν·

262 5402 306 5433 δ’
346 5401 576 5458 Malacli.
619 5420 692 5470 tv,
724 5405 780 5459 2.

263 5515 461 5589 ('liEd.
502 5537 515 5572 :
554 5536 678 5573 πεσ.
708 5536 761 5587 γ.
787 5520 867 5581 είς
898 5519 996 5586 ἀμ.
1018 5521 1141 5589 τοῖς
1166 5516 1261 5589 τοῦ
1293 5518 1521 5589 θανάτου
1550 5518 1771 5589 δεσμοῖς

199 5587 720 5659 κατεδεσμεύθημενο
745 5589 987 5658 λάμϐανε
1009 5588 1065 5639 δέ
1090 5605 1178 5657 μοι
1199 5588 1259 5640 τὸ
1280 5588 1610 5659 θαύμαριαί,
1640 5587 1749 5659 etc.

201 5654 511 5728 suppletum
533 5654 851 5716 ei'Macario
872 5659 963 5715 l'ol.
988 5654 1112 5724 583',
1132 5674 1222 5729 op.
1248 5657 1351 5713 Mai
1385 5654 1419 5713 ι’.
1459 5661 1494 5712 l.
1539 5674 1592 5727 p.
1620 5658 1741 5715 l35.

1890 3181 2243 3250 ignominiam
2285 3180 2415 3235 inde
2456 3190 2791 3249 manantem,
2823 3198 2923 3237 ceu
2977 3184 3250 3252 quoddam
3282 3184 3464 3237 velum

1888 3274 2086 3327 animae
2113 3284 2316 3328 nostra:
2346 3273 2506 3328 faciei
2537 3275 2887 3338 obducimus,
2914 3284 2967 3329 et
3000 3277 3194 3330 mortis
3228 3276 3464 3330 vinculis

1889 3365 2197 3433 alligamur.
2232 3365 2366 3419 Cum
2404 3373 2586 3420 autem
2626 3382 2726 3420 nos
2760 3369 3190 3423 resurrectionis
3210 3377 3466 3438 tempore

1888 3471 1917 3509 e
1947 3466 2108 3511 terrae
2142 3458 2515 3512 monumentis
2538 3458 2739 3512 educet
2760 3460 3036 3523 Christus,
3060 3472 3189 3514 tunc
3216 3461 3464 3531 antiquis

1888 3549 2187 3618 expediens
2216 3548 2829 3619 malis,detrahensque
2863 3551 3270 3619 quodammodo
3305 3553 3461 3621 igno-

1888 3641 2069 3694 minia:
2100 3641 2582 3711 vclum,postbinc
2611 3643 2817 3699 liberos
2849 3647 3001 3698 abire
3028 3643 3261 3712 jubebit,
3282 3659 3459 3714 neque

1887 3731 2094 3799 peccati
2130 3730 2368 3784 ulterius
2421 3731 2714 3800 tyrannide
2754 3746 3002 3801 pressos,
3040 3746 3218 3799 neque
3265 3746 3460 3785 corru-

1888 3823 2058 3893 ptioni
2100 3822 2355 3877 subditos
2403 3832 2497 3878 aut
2532 3825 2815 3878 consuetis
2854 3824 3014 3878 malis
3046 3840 3060 3874 :
3097 3832 3158 3876 ut
3209 3822 3459 3893 perﬁcia-

1887 3927 1975 3970 tur
2013 3919 2068 3971 in
2119 3918 2275 3971 nobis
2323 3916 2533 3971 dictum
2574 3918 2704 3971 olim
2763 3918 2832 3971 ab
2877 3934 2987 3971 uno
3038 3932 3068 3971 e
3124 3916 3405 3987 prophetis
3440 3935 3456 3968 :

1891 4024 1907 4055 ι
1950 4006 2334 4077 Egrediemini,
2364 4014 2418 4059 et
2455 4017 2716 4074 tanquam
2747 4008 2905 4062 vituli
2951 4009 3165 4064 salictis
3221 4009 3458 4064 vinculis

1886 4098 2138 4149 resoluti.
2197 4117 2215 4146 ι
2282 4097 2653 4152 Accommoda
2724 4100 2857 4154 mihi
2907 4102 3071 4153 etiam
3131 4102 3457 4155 miraculum

1884 4189 1949 4241 ad
1978 4189 2137 4258 691
2184 4189 2474 4243 interiora.
2510 4190 2569 4243 Si
2598 4193 2747 4245 enim
2785 4208 2938 4247 mens
2969 4205 3153 4247 nostra
3195 4203 3455 4262 tanquam

1882 4281 2126 4334 Lazarus
2186 4289 2401 4335 mortua
2469 4282 2569 4346 sit,
2636 4293 2857 4353 oportet
2920 4300 3046 4338 eum
3107 4284 3457 4340 confessione

1886 4377 2079 4430 molem
2138 4376 2328 4430 carnis
2363 4377 2729 4439 materialem,
2759 4386 2816 4430 et
2849 4377 3304 4431 venerabiliorem
3337 4380 3456 4430 ani-

1883 4480 2044 4526 mam,
2084 4475 2348 4534 tanquam
2389 4465 2658 4521 Martbam
2697 4478 2750 4522 et
2785 4467 3042 4531 Mariam,
3090 4468 3351 4523 accedere
3384 4468 3456 4521 ad

1877 4558 2157 4613 Christum
2198 4565 2254 4610 et
2304 4557 2593 4627 deprecari
2632 4580 2641 4611 :
2678 4568 2733 4612 et
2777 4558 2872 4613 ille
2902 4567 3092 4614 astans
3140 4559 3455 4629 impositam

1878 4653 2159 4707 memoria:
2198 4651 2316 4705 tolli
2348 4651 2567 4720 jubebit
2595 4650 2854 4705 duritiem
2887 4667 2952 4705 ac
2985 4652 3210 4715 callum,
3242 4659 3295 4705 et
3337 4651 3455 4704 cla-

1878 4743 2050 4796 mabit
2096 4757 2292 4811 magna
2332 4742 2663 4812 evangelicae
2699 4742 2843 4795 tuba
2880 4757 3011 4796 voce
3052 4764 3064 4796 :
3110 4741 3228 4796 Huc
3271 4744 3456 4797 venite

1877 4844 2030 4888 extra
2076 4834 2266 4888 mundi
2306 4833 2700 4889 distractiones
2734 4852 2746 4888 :
2782 4844 2838 4888 et
2865 4834 3042 4903 solvet
3097 4841 3451 4904 peccatorum

1876 4938 2123 4989 catenas,
2166 4927 2238 4979 ita
2276 4934 2336 4979 ut
2376 4926 2652 4996 possimus
2698 4926 2905 4981 moveri
2954 4925 3343 4981 convenienter
3379 4925 3449 4977 ad

1912 5021 2153 5071 irtutem.

1912 5021 2016 5071 'rtu
2083 5035 2153 5071 ιιι.

1876 5031 2076 5173 VIXI:c
2104 5110 2190 5163 45.
2253 5107 2416 5161 Multi
2459 5124 2580 5177 ergo
2627 5124 2692 5161 ex
2750 5107 2954 5164 Judazis
3006 5016 3469 5172 ειίτίὶάειίιιιιιιὶιιί

1876 5217 2015 5253 eum.

1945 5292 2092 5346 Multi
2141 5292 2222 5345 rei
2279 5291 2524 5344 novitate
2571 5298 2626 5344 et
2681 5292 2951 5346 miraculo
3003 5291 3134 5345 victi
3181 5286 3433 5344 credide-

1951 5517 2025 5585 (2)
2046 5518 2551 5590 Contemporaneus
2613 5521 2818 5591 Cyrillo
2850 5520 3313 5591 Augustinusipie
3342 5521 3437 5575 do-

1863 5597 2055 5657 cteque
2089 5601 2466 5657 argumentum
2488 5593 2588 5644 hoc
2614 5590 2681 5645 de
2706 5592 2880 5644 tribus
2906 5593 3138 5644 mortuis
3157 5606 3185 5643 a
3206 5590 3438 5648 beluino

1858 5660 2136 5714 suscitatis
2174 5668 2372 5715 tractat
2419 5676 2673 5717 sermone
2710 5676 2895 5727 xcvm,
2936 5662 3022 5715 ed.
3058 5660 3234 5717 Maca.
