3882 6206
431 268 499 325 ΒἹ
1430 267 1488 322 S.
1527 263 1806 323 CYRILLI
1844 263 2326 322 ALEXANDRINI
2357 264 2687 326 ARCHIEP.
3628 270 3703 328 68

435 379 610 450 runt;
664 381 756 437 alii
809 395 941 438 vero
973 380 1146 437 livore
1186 380 1451 451 impulsi,
1491 383 1845 438 occasionem
1887 380 2015 437 inde

2129 379 2306 453 ἕτεροι
2350 381 2408 435 δὲ
2451 381 2529 452 τῷ
2561 380 2740 452 φθόνῳ
2762 380 3084 455 τρωθέντες,
3120 382 3378 458 ἀφορμὴν
3406 384 3698 444 ποιοῦνται

436 481 795 545 sumpserunt
851 472 1111 542 patrandi
1169 486 1236 527 ea
1285 488 1412 543 quae
1471 473 1675 529 invidis
1724 488 1845 529 mos
1893 482 2016 536 est,

434 564 892 635 principibusque
917 564 1067 633 quod
1101 564 1310 617 factum
1340 571 1461 617 erat
1489 566 1834 628 retulerunt,
1871 572 1934 618 ut
1962 571 2018 618 et

438 658 547 711 illis
581 656 652 711 ob
703 672 769 711 ea
815 671 936 724 quae
968 654 1164 710 fecerit
1190 654 1452 710 Christus
1474 694 1492 721 ,
1522 656 1774 711 molestia
1805 656 2017 712 allectis

434 756 490 802 ct
522 748 1069 815 anxiis,nonnullum
1102 746 1188 801 sui
1219 748 1429 803 doloris
1457 748 1712 804 solatium
1744 750 2016 817 habeant,

436 842 674 896 inventis
704 840 789 895 sui
822 840 1083 895 mmroris
1115 842 1473 897 consortibus
1504 856 1570 895 ac
1596 842 1865 897 rivalibus
1886 882 1900 907 ,
1928 851 2016 895 ut-

436 951 545 1005 que
599 950 726 988 cum
763 933 868 1002 ipsi
908 947 1019 986 non
1056 939 1283 1002 possent
1333 933 1390 987 in
1424 949 1488 989 os
1523 934 1727 988 intueri
1761 949 1885 989 eum
1922 934 2017 1003 qui

437 1025 572 1081 nihil
613 1024 885 1094 injustum
926 1021 1156 1087 fecerat,
1196 1023 1536 1093 potentiores
1590 1023 1857 1080 adversus
1890 1040 2015 1081 eum

437 1120 723 1174 irritarent
761 1124 930 1186 atque
967 1115 1358 1171 accenderent.

478 1210 613 1277 'Xl,
647 1211 739 1266 47.
781 1208 923 1275 Quid
954 1208 1186 1278 facimus
1208 1249 1222 1277 ,
1253 1208 1381 1280 quia
1419 1208 1505 1262 hic
1534 1208 1690 1263 homo
1726 1207 1896 1262 multa
1942 1209 2019 1262 si-

433 1320 539 1375 gna
573 1304 707 1374 facit
730 1305 756 1359 ?

503 1395 802 1452 Enimvero
840 1395 1126 1462 Pharisaei,
1168 1394 1377 1450 omissa
1413 1392 1812 1461 admiratione,
1838 1394 2017 1449 dolori

436 1502 496 1542 se
550 1487 812 1553 tradunt,
864 1494 919 1542 et
964 1487 1033 1542 de
1081 1486 1391 1542 occidendo
1471 1487 1793 1541 consultant
1854 1502 2015 1556 quem

439 1580 802 1650 potentiorem
860 1579 1091 1648 vident,
1147 1594 1258 1633 non
1311 1578 1624 1649 cogitantes
1683 1578 2015 1635 ineffabilem

439 1675 771 1745 potentiam,
804 1681 884 1739 et,
907 1681 968 1726 ut
994 1672 1065 1727 de
1091 1671 1318 1726 homine
1348 1671 1586 1742 simplici
1613 1672 2014 1738 existimantes,

2118 470 2180 524 τὸ
2213 471 2395 540 θαῦμα
2431 471 2524 525 τοῦ
2558 471 2752 541 δράσαι
2787 471 2856 525 τὰ
2884 471 2991 526 τῶν
3037 472 3396 543 φθονούντων,
3453 478 3550 533 καὶ
3578 481 3698 544 τοῖς

2119 564 2447 635 ἡγουμένοις
2497 564 2846 635 ἀπήγγειλαν
2880 564 2944 618 τὸ
2975 566 3199 635 γεγονὸς
3219 607 3235 631 ,
3291 567 3378 621 ἴνα
3420 570 3698 627 κάκεινων

2119 654 2470 726 λυπηθέντων
2492 654 2578 723 ἐφ’
2603 646 2683 716 οἷς
2712 653 3007 723 εἰργάσατο
3034 657 3062 708 6
3087 656 3341 726 Χριστὸς,
3374 658 3544 729 σχῶσι
3570 678 3700 717 τινα

2119 745 2447 817 παραψυχὴν
2481 746 2581 816 τῆς
2613 746 2749 810 ἰδίας
2805 746 3002 817 λύπης,
3058 746 3137 818 τῷ
3184 748 3281 802 καὶ
3319 749 3512 816 ἄλλους
3549 752 3700 824 ἔχειν

2119 840 2425 909 ὁμόφρονας
2468 839 2562 892 καὶ
2616 840 3016 906 συγκοινωνοὺς
3045 840 3144 910 τῆς
3175 841 3525 914 παράφρονος
3556 842 3701 899 ταύ-

2120 949 2218 1001 της
2253 931 2448 1002 λύπης·
2492 931 2587 985 καὶ
2620 931 2706 985 ἵνα
2758 931 2914 985 αύτοί
2965 932 3042 1003 μὴ
3087 931 3363 1003 ἰσχύοντες
3399 934 3591 1005 βλέψαι
3619 936 3699 1006 (1)

2119 1019 2210 1071 τὸν
2239 1017 2392 1072 οὐδὲν
2415 1018 2775 1091 ἀδικήσαντα,
2822 1021 2950 1083 τοὺς
2986 1020 3391 1094 δυνατωτέρους
3430 1025 3551 1078 κατ’
3594 1025 3700 1078 αὐ-

2120 1109 2214 1162 τοῦ
2250 1108 2563 1180 ἐρεθίσωσι.
2809 1115 2815 1122 ’

2196 1202 2258 1256 Τί
2303 1200 2611 1270 ποιοῦμεν,
2663 1202 2753 1255 ὅτι
2807 1204 2840 1255 ὁ
2890 1202 3200 1272 ἅνθρωπος
3247 1200 3428 1275 οὗτος
3474 1207 3699 1279 σημεῖα

2120 1294 2327 1348 πολλὰ
2358 1295 2551 1358 ποιεῖ;

2204 1388 2420 1460 Ἀμέλει
2451 1389 2547 1443 καὶ
2572 1391 2619 1443 οἱ
2662 1390 2760 1461 μὲν
2787 1393 3073 1464 Φαρισαῖοι
3104 1390 3167 1444 τὸ
3194 1391 3494 1464 θαυμάζειν
3525 1393 3697 1463 ἀφέν-

2120 1497 2231 1545 τες,
2265 1482 2357 1534 ἐπὶ
2381 1481 2443 1534 τὸ
2472 1481 2763 1537 λυπεῖσθαι
2797 1483 3111 1552 τρέπονται,
3144 1485 3240 1538 καὶ
3267 1484 3498 1539 θανάτου
3531 1486 3700 1539 αὑτὸν

2120 1573 2406 1644 κρείττονα
2464 1574 2773 1645 βλέποντες,
2818 1577 3139 1631 ἀποκτεῖναι
3177 1577 3543 1649 βουλεύονται·
3594 1578 3700 1635 οὐκ

2124 1664 2432 1730 ἐννοοῦντες
2463 1664 2561 1737 τὴν
2590 1665 2796 1734 ἄφατον
2832 1666 3103 1732 ἐξουσίαν,
3146 1666 3222 1731 ὡς
3252 1668 3383 1741 περὶ
3407 1668 3698 1741 ἀνθρώπου

438 1767 715 1822 ιιὶουηιει
747 1765 891 1832 Quid
939 1764 1175 1820 facimus
1210 1804 1225 1828 ,
1276 1765 1410 1835 quia
1457 1768 1623 1819 homo
1676 1764 1792 1834 ipse
1845 1768 2015 1819 multa

2129 1757 2176 1810 δὲ
2210 1757 2367 1827 ψιλοῦ
2395 1734 2727 1824 ἐννοοῦντες,
2774 1757 3019 1814 ἐλάλουν·
3050 1778 3070 1811 ι
3112 1760 3177 1814 Τί
3227 1734 3521 1832 ποιοῦμεν,
3552 1763 3635 1816 ὅτι
3668 1762 3700 1816 6

439 1860 597 1929 signa
627 1856 800 1911 facit?
832 1874 851 1908 ι
902 1856 1153 1926 quamvis
1199 1856 1375 1925 magis
1420 1870 1487 1911 ex
1530 1870 1598 1911 eo
1644 1855 1875 1910 credere
1922 1870 2018 1910 eos

439 1949 685 2019 oportuit
725 1948 904 2017 ipsum
935 1961 1058 2002 esse
1085 1945 1370 2001 Christum
1394 1983 1410 2010 ,
1447 1961 1608 2016 quem
1644 1946 1833 2000 divina
1864 1944 2018 2000 Scri-

440 2050 602 2111 ptura
636 2040 822 2094 multis
855 2039 990 2093 locis
1032 2038 1422 2108 praedixisset,
1468 2037 1712 2092 futurum
1764 2038 2020 2094 videlicet

440 2130 736 2184 multorum
774 2129 1176 2183 miraculorum
1219 2127 1507 2183 factorem.
1556 2127 1634 2182 Illi
1689 2143 1821 2183 vero
1854 2130 2019 2184 etiam

440 2236 663 2276 causam
703 2229 1056 2292 praetexunt,
1094 2236 1192 2292 per
1224 2235 1392 2291 quam
1429 2221 1754 2275 nitebantur
1789 2236 2020 2292 persua-

440 2315 570 2369 dere
601 2313 905 2368 levioribus
940 2321 1000 2367 ut
1038 2327 1166 2368 eum
1221 2312 1570 2378 occiderent,
1621 2322 1677 2367 et
1708 2313 1866 2368 aiunt
1895 2332 1907 2367 :
1957 2311 2019 2367 Si

440 2423 565 2463 eum
599 2408 679 2463 sic
720 2407 1175 2477 permiserimus.
1211 2420 1314 2475 pro
1354 2420 1421 2460 eo
1468 2405 1616 2474 quod
1662 2413 1787 2473 est,
1835 2406 2022 2461 vivere

440 2508 496 2553 et
528 2497 793 2551 miracula
829 2494 1011 2550 fecere
1033 2534 1048 2560 ,
1082 2497 1321 2566 pessime
1348 2495 1640 2550 nobiscum
1697 2507 1910 2567 agetur.
1960 2497 2019 2551 Si

441 2589 589 2644 enim
646 2589 740 2644 isti
797 2588 970 2657 legem
1022 2586 1251 2642 violanti
1301 2587 1498 2658 vulgus
1550 2587 1884 2655 adhaeserit,
1931 2603 2022 2644 res

443 2689 647 2736 nostrae
685 2680 947 2750 deinceps
977 2679 1337 2735 conclamata:
1382 2689 1534 2745 sunt,
1562 2694 1626 2734 ac
1651 2682 2020 2751 postmodum,

443 2781 708 2844 tanquam
762 2769 968 2827 Iudaeis
1023 2770 1330 2826 debilitatis
1360 2786 1425 2826 ac
1461 2771 1891 2836 inclinantibus,
1932 2773 2021 2827 in-

443 2864 647 2918 vadent
678 2863 735 2919 in
783 2876 885 2917 nos
936 2860 1202 2925 Romani,
1249 2875 1427 2931 neque
1474 2862 1724 2931 palemis
1773 2862 2024 2918 moribus

443 2971 549 3012 nos
578 2957 752 3011 libere
782 2955 864 3010 uti
899 2955 1103 3020 sinent,
1129 2969 1309 3023 neque
1336 2961 1538 3008 nostra:
1582 2954 1731 3023 genti
1764 2970 2018 3024 praeesse.

2119 1846 2408 1917 ἄνθρωπος
2454 1841 2606 1911 οὗτος
2640 1847 2812 1902 πολλὰ
2846 1852 3048 1920 σημεῖα
3072 1853 3250 1917 ποιεῖ;
3292 1871 3309 1903 ι
3354 1850 3546 1904 Καίτοι
3575 1851 3699 1905 δέον

2119 1938 2183 1989 ἐκ
2207 1936 2397 1989 τούτου
2434 1937 2636 2005 μᾶλλον
2661 1937 2977 2005 πιστεῦσαι,
3006 1941 3087 1993 ὅτι
3108 1940 3268 2004 αὐτὸς
3291 1937 3358 2010 ἦν
3383 1944 3412 1995 6
3436 1941 3696 2013 Χριστὸς,

2118 2028 2235 2099 ὃνή
2269 2028 2627 2092 θεόπνευστος
2649 2031 2840 2104 Γραφὴ
2872 2031 2930 2085 ὲν
2964 2031 3178 2096 πολλοῖς
3217 2033 3696 2104 προανεφώνησεν,

2120 2121 2203 2173 ὅτι
2231 2118 2442 2173 πολλῶν
2479 2122 2722 2192 σημείων
2756 2121 2907 2175 ἔσται
2962 2121 3314 2194 δημιουργός.
3371 2124 3435 2176 Ol.
3473 2123 3553 2189 δὲ,
3600 2123 3699 2176 καὶ

2121 2212 2296 2266 αἰτίαν
2337 2212 2781 2282 προφασίζονται,
2815 2212 2882 2266 δι’
2913 2208 2982 2285 ἦς
3014 2213 3313 2285 ἐπειρῶντο
3350 2216 3534 2268 πεῖσαι
3568 2215 3699 2277 τοὺς

2122 2305 2539 2377 ἐλαφροτέρους,
2597 2308 2914 2360 ἀποκτείναι
2968 2306 3149 2372 αὐτὸν,
3223 2306 3316 2360 καί
3372 2323 3568 2376 φασιν·
3597 2307 3699 2358 Ἂν

2123 2398 2372 2468 ἐάσωμεν
2399 2397 2785 2461 αύτδνόύτως,
2825 2397 2946 2451 ἀντὶ
2980 2396 3094 2461 τοῦ,
3133 2396 3309 2462 ζῶντα
3357 2399 3449 2452 καὶ
3484 2398 3701 2470 θαυμα-

2120 2490 2474 2562 τουργοῦντα,
2518 2489 2818 2560 πεισόμεθα
2866 2489 3141 2545 πάνδεινα.
3191 2488 3318 2543 Ἐὰν
3367 2491 3477 2560 γὰρ
3523 2489 3701 2561 τούτῳ

2120 2582 2213 2636 τὸν
2241 2582 2404 2653 νόμον
2438 2580 2759 2635 καταλύοντι
2805 2580 3139 2634 πιστεύσωσι
3185 2580 3390 2645 πολλοὶ,
3420 2581 3698 2650 οἰχήσεται

2122 2674 2309 2728 λοιπὸν
2340 2675 2409 2727 τὰ
2462 2674 2726 2745 ἡμέτερα·
2774 2673 2871 2726 καὶ
2924 2672 3111 2726 λοιπὸν
3160 2674 3237 2735 ὡς
3282 2673 3699 2744 άσθενησάντων

2137 2766 2404 2820 Ἰουδαίων
2432 2768 2512 2830 εἰς
2541 2766 2714 2829 τέλος,
2747 2765 3103 2835 ἐπιθήσονται
3152 2766 3288 2836 ἡμῖν
3319 2767 3366 2818 οἰ
3402 2766 3694 2829 Ῥωμαῖοι,

2124 2860 2219 2914 καὶ
2244 2860 2343 2912 οὐκ
2374 2860 2623 2913 ἐάσουσιν
2651 2860 2800 2929 ἡμᾶς
2828 2860 2942 2921 τοῖς
2993 2856 3268 2928 πατρῴοις
3306 2856 3484 2910 ἔθεσιν
3524 2857 3700 2919 ἀδεῶς

2124 2951 2455 3023 χρήσασθαι,
2479 2950 2604 3004 οὔτε
2639 2950 2733 3003 τοῦ
2769 2949 2898 3003 ἰδίου
2931 2949 3120 3019 ἄρχειν
3150 2948 3357 3013 ἔθνους,
3396 2947 3520 3001 οὔτε
3547 2948 3703 3001 δικά-

447 3065 625 3120 neque
647 3047 898 3118 judicare
921 3087 936 3110 ,
971 3047 1186 3117 ipsique
1215 3047 1398 3116 potius
1424 3045 1791 3114 iudicabunt,
1823 3055 1878 3102 et
1911 3063 2015 3101 non

2129 3044 2257 3106 ζειν,
2313 3042 2466 3096 αὐτοὶ
2491 3042 2691 3112 μᾶλλον
2741 3042 3076 3106 δικάζοντες,
3113 3040 3205 3095 καὶ
3236 3041 3544 3110 ούχοήμεῑς
3592 3039 3699 3092 ἔτι.

445 3141 682 3210 amplius
709 3155 827 3194 nos.
866 3136 976 3193 Sed
1005 3138 1154 3193 enim
1182 3138 1271 3192 hic
1294 3152 1487 3207 prunas
1519 3137 1791 3193 dederunt
1817 3136 2018 3203 Judaei,

447 3232 575 3285 licet
618 3244 729 3284 non
775 3214 887 3298 pro
918 3227 1187 3297 gravitate
1228 3241 1422 3281 eorum
1468 3241 1591 3296 qua:
1635 3227 1691 3281 in
1733 3228 2015 3282 Christum

445 3320 834 3391 deliquerunt,
890 3316 1163 3373 dederunt
1196 3325 1419 3372 tamen:
1464 3331 1589 3386 qua:
1627 3318 1774 3372 enim
1821 3334 1917 3372 ceu
1951 3318 2019 3372 ad

444 3410 762 3467 evitandum
825 3409 1077 3465 fecerunt
1142 3408 1390 3463 dicentes
1429 3425 1494 3464 ιι
1527 3407 1585 3462 Si
1643 3408 2020 3466 dimiserimus

443 3508 609 3578 692
644 3507 789 3562 hunc
810 3547 825 3573 ,
859 3504 1093 3560 Romani
1127 3504 1326 3560 tollent
1361 3504 1551 3559 urbem
1585 3512 1642 3558 et
1667 3513 1884 3575 gentem
1916 3521 2016 3559 no-

447 3606 641 3652 strain.
678 3615 696 3648 ι
729 3597 851 3651 llaec
877 3603 1171 3666 postquam
1203 3593 1454 3649 iecerunt
1476 3634 1492 3657 ,
1537 3610 1649 3648 non
1689 3596 1969 3651 evitarunt
1999 3617 2012 3652 :

445 3690 587 3746 urbe
612 3689 758 3744 enim
787 3703 980 3744 eorum
1013 3703 1045 3741 a
1080 3686 1349 3742 Romanis
1378 3697 1540 3758 capta
1572 3698 1628 3743 et
1657 3690 1845 3744 diruto
1877 3699 2018 3746 tem-

445 3782 575 3852 plo,
623 3781 728 3851 ipsi
781 3791 1040 3851 tanquam
1088 3781 1236 3835 servi
1281 3781 1613 3836 verberones
1661 3789 1717 3836 et
1766 3782 2016 3852 fugitivi,

448 3871 686 3927 infames
718 3883 771 3925 et
804 3878 1055 3926 errantes
1091 3870 1299 3938 ubique
1331 3869 1573 3940 dispersi
1611 3879 1758 3926 sunt.
1799 3870 2018 3926 Dabunt

445 3979 580 4019 vero
609 3971 665 4019 et
696 3962 809 4017 illic
838 3963 1061 4018 meritas
1093 3977 1320 4032 poenas,
1353 3977 1477 4015 cum
1511 3963 1655 4017 enim
1689 3964 2016 4033 agnoverint

447 4053 880 4117 humanitatem,
917 4054 1092 4107 scient
1120 4052 1420 4117 potentiam
1441 4093 1456 4118 ,
1489 4052 1649 4124 cujus
1675 4062 1730 4109 et
1764 4055 1856 4110 hic
1892 4055 2015 4109 nul-

446 4147 560 4199 lum
588 4144 699 4214 jam
727 4144 1163 4214 experimentum
1196 4151 1483 4211 ceperunt.

518 4231 608 4298 XI,
649 4232 741 4287 49.
794 4229 941 4286 Unus
969 4240 1144 4284 autem
1173 4244 1239 4284 ea:
1266 4231 1421 4299 ipsis,
1453 4247 1573 4286 cum
1602 4239 1739 4287 esset
1773 4234 2012 4304 pontifex

443 4324 572 4376 anui
602 4321 769 4385 illius,
801 4321 963 4387 dixit,
983 4330 1093 4377 etc.

519 4413 626 4469 Sed
676 4413 824 4484 quod
863 4415 1078 4469 occulte
1114 4413 1376 4471 dicebant
1414 4423 1468 4470 et
1505 4414 1879 4470 moliebantur
1917 4414 2014 4471 Ju-

445 4508 582 4574 daei,
614 4508 719 4562 hoc
747 4515 936 4578 aperte
964 4507 1157 4564 suadet
1186 4509 1267 4564 eis
1298 4516 1356 4564 ut
1411 4507 1622 4563 faciant
1663 4509 2011 4565 sacerdotum

445 4601 729 4671 princeps,
765 4609 820 4653 et
860 4598 1145 4657 Christum
1181 4600 1552 4666 interficiant,
1590 4610 1854 4674 tanquam
1892 4618 1923 4658 e
1955 4618 2017 4658 re

444 4691 626 4761 gentis
662 4689 766 4744 hoc
797 4691 990 4746 dicens
1013 4729 1030 4757 ,
1068 4691 1197 4745 licet
1230 4706 1368 4763 gens
1397 4692 1625 4762 injusta.
1655 4692 1723 4747 Et
1746 4710 1861 4749 rem
1892 4695 2017 4766 qui-

444 4782 569 4836 dem
601 4795 786 4835 veram
821 4780 996 4845 dicit,
1034 4780 1130 4835 sed
1164 4797 1272 4835 non
1305 4797 1372 4836 ex
1400 4797 1593 4836 eorum
1631 4783 1976 4854 malignitate
1998 4826 2013 4851 ,

445 4881 501 4926 at
539 4888 605 4927 ex
644 4871 737 4926 Dei
774 4874 1056 4927 voluntate
1084 4880 1138 4926 et
1168 4874 1439 4942 sapientia
1468 4875 1536 4929 ad
1570 4875 1772 4930 bonum
1805 4876 2016 4932 directa

444 4965 571 5020 fuit.
614 4965 694 5018 llli
727 4968 871 5019 enim
906 4965 974 5019 ad
1007 4981 1162 5021 suam
1193 4966 1497 5037 perniciem
1530 4966 1816 5023 Christum
1863 4969 2015 5023 occi-

443 5059 688 5112 derunt:
727 5057 815 5111 hic
853 5072 984 5112 vero
1032 5066 1212 5111 morte
1263 5057 1493 5114 affectus
1543 5061 1847 5115 secundum
1894 5076 2018 5116 car-

444 5162 566 5205 nem
588 5188 604 5212 ,
629 5147 875 5202 omnium
895 5148 1056 5204 nobis
1084 5148 1351 5203 honorum
1380 5166 1547 5206 causa
1572 5150 1698 5210 fuit.
1723 5152 2014 5209 Excidium

429 5282 458 5359 ‘_
513 5286 589 5354 ιι)
632 5282 749 5359 Non
774 5284 893 5340 sine
932 5284 1305 5359 indignatione
1328 5287 1484 5359 leges
1521 5289 1628 5343 ista
1658 5291 1800 5359 apud
1835 5292 2011 5359 Cyril-

449 5356 556 5434 lum
583 5355 651 5434 ad
687 5354 847 5434 Joan.
887 5372 952 5434 ξι
978 5372 991 5407 :
1028 5353 1136 5434 Καὶ
1168 5358 1252 5409 ἵνα
1278 5353 1433 5434 αὐτοὶ
1459 5360 1546 5434 *μὴ
1579 5353 1854 5434 ἰσχύοντες
1880 5353 2010 5434 ’βλέ-

444 5425 538 5502 ψαι
564 5425 653 5502 τὸν
690 5426 842 5502 ούδὲν
889 5426 1255 5502 ἁδυεῄσαντα,
1299 5429 1424 5502 τους
1447 5425 1856 5502 δυνατωτέρους
1889 5425 2008 5487 Ξιατ’

442 5494 607 5550 αὐτοῦ
636 5495 937 5566 ἐρεθίσωσι.
996 5494 1163 5566 thue
1206 5513 1323 5550 cum
1356 5498 1457 5564 ipsi
1487 5516 1591 5552 non
1620 5494 1827 5563 possent
1865 5503 1920 5554 in
1952 5520 2009 5558 os

441 5567 637 5639 intueri
667 5582 781 5619 eum
815 5567 905 5639 qui
951 5567 1081 5639 nihil
1138 5567 1394 5631 iniustum
1424 5568 1651 5635 fecerat,
1692 5576 2006 5639 potentiores

444 5637 842 5707 adversuseunt
870 5637 1148 5690 irritarent
1196 5646 1352 5706 atque
1378 5637 1735 5694 accenderent.
1795 5643 2009 5707 Quanta

443 5707 589 5759 enim
621 5704 851 5773 ἀὸλεψία
886 5721 994 5763 non
1034 5704 1342 5777 percepisse
1389 5707 1619 5779 βλάψαι,
1670 5704 1861 5766 [crdere
1891 5730 2007 5767 eum

2124 3135 2267 3204 Πλὴν
2300 3134 2347 3187 εἰ
2367 3136 2461 3188 καὶ
2483 3134 2557 3205 μὴ
2588 3133 2769 3202 ἀξίαν,
2801 3127 2875 3187 ὧν
2906 3135 2986 3198 εἰς
3010 3133 3101 3187 τὸν
3142 3133 3417 3202 Δεσπότην
3444 3132 3533 3184 τὸν
3558 3133 3702 3203 Χρι-

2125 3226 2246 3279 στὸν
2285 3227 2537 3297 ἔδρασαν,
2595 3225 2830 3278 ἐνταῦθα
2897 3226 3057 3296 δίκην
3109 3225 3299 3278 ἔδοσαν
3330 3225 3378 3276 οἱ
3412 3222 3699 3285 Ἰουδαῖοι,

2123 3320 2310 3373 ἔδοσαν
2360 3320 2404 3372 δ’
2435 3316 2527 3373 οὗν
2555 3322 2703 3391 ὅμως
2723 3336 2737 3352 ·
2785 3318 2819 3373 ἃ
2854 3318 2964 3390 γὰρ
2990 3318 3067 3382 ὡς
3096 3317 3503 3389 διαφευξόμενοι
3538 3316 3700 3387 ἑδρα-

2126 3427 2222 3463 σαν
2287 3411 2578 3481 φήσαντες,
2615 3430 2633 3462 ι
2686 3411 2810 3464 Ἐὰν
2861 3409 3090 3479 ἀφῶμεν
3138 3408 3321 3471 αὐτὸν,
3378 3405 3602 3478 ἀροῦσιν
3649 3408 3699 3459 οἱ

2135 3503 2393 3572 Ῥωμαῖοι
2425 3503 2517 3554 καὶ
2546 3501 2642 3573 τὴν
2673 3501 2827 3555 πόλιν
2854 3500 3016 3571 ἡμῶν
3047 3501 3139 3553 καὶ
3166 3498 3229 3553 τὺ
3255 3497 3425 3563 ἔθνος,
3468 3516 3487 3549 ι
3521 3497 3699 3551 ταῦτα

2125 3595 2312 3666 ἐπειδὴ
2338 3594 2604 3664 ἔπραξαν,
2639 3595 2700 3647 οὐ
2750 3595 3025 3662 διέφυγον·
3079 3594 3176 3664 τῆς
3208 3594 3319 3663 γὰρ
3363 3591 3571 3656 πόλεως
3601 3592 3702 3645 αύ-

2124 3686 2233 3739 τῶν
2260 3686 2493 3757 ἁλούσης
2524 3685 2628 3739 ὑπὸ
2660 3685 2969 3755 Ῥωμαίων,
3005 3684 3099 3737 καὶ
3139 3682 3231 3736 τοῦ
3266 3681 3395 3737 ναοῦ
3434 3682 3700 3754 καθαιρε-

2125 3773 2334 3838 θέντος,
2367 3775 2522 3828 αύτοὶ
2550 3773 2737 3845 ὥσπερ
2782 3774 3066 3845 μαστιγίαι
3111 3774 3252 3838 τινὲς
3287 3775 3380 3826 καὶ
3404 3773 3696 3844 δραπέται,

2123 3864 2308 3935 ἄτιμοί
2350 3882 2409 3917 τε
2439 3866 2532 3918 καὶ
2574 3864 2791 3935 ἀλῆται,
2834 3864 3111 3934 πανταχοῦ
3145 3863 3535 3935 διεσπάρησαν.
3577 3865 3697 3915 Δώ-

2124 3970 2275 4007 σουσι
2300 3954 2355 4007 δὲ
2380 3956 2602 4007 κάκεῖσε
2646 3954 2747 4024 τὴν
2787 3952 2965 4017 ἀξίαν·
3000 3951 3075 4022 μὴ
3116 3953 3429 4020 ἐπιγνόντες
3456 3952 3565 4023 γὰρ
3594 3952 3699 4023 τὴν

2123 4046 2550 4118 φιλανθρωπίαν,
2586 4048 2821 4099 εἴσονται
2865 4044 2963 4117 τὴν
3006 4044 3273 4109 ἐξουσίαν,
3306 4041 3374 4116 ἧς
3413 4043 3701 4098 κάνταῦθα

2123 4141 2318 4210 πεῖραν
2354 4139 2613 4210 βραχεῖαν
2642 4138 2948 4209 εἰλήφασιν.

2192 4227 2298 4297 Εἷς
2334 4231 2401 4285 δέ
2433 4249 2523 4297 τις
2550 4231 2618 4296 ἐξ
2646 4232 2846 4285 αὐτῶν
2883 4230 3193 4300 ἀρχιερεὺς
3225 4229 3310 4283 ὢν
3346 4227 3451 4282 τοῦ
3496 4227 3702 4282 ἐνιαυ-

2120 4324 2228 4377 τοῦ
2265 4324 2524 4387 ὲκείνου,
2552 4320 2703 4388 εἶπε,
2738 4324 2833 4378 καὶ
2860 4323 2928 4377 τὰ
2953 4322 3101 4392 ἑξῆς.

2204 4415 2343 4468 Ἀλλ’
2371 4416 2508 4485 ὅπερ
2532 4415 2717 4483 ἔλεγον
2734 4416 2857 4486 μὲν,
2890 4416 3027 4486 ὅπερ
3055 4413 3229 4486 λάθρα
3255 4413 3526 4485 ἐμελέτων
3561 4413 3698 4467 Ἰου-

2121 4507 2260 4562 δαῖοι
2284 4507 2529 4577 ποιῆσαι,
2560 4506 2719 4560 τοῦτο
2759 4505 3008 4577 φανερῶς
3035 4506 3221 4569 αὐτοῖς
3250 4507 3278 4559 6
3314 4494 3521 4559 τούτων
3553 4506 3697 4575 ἀρχ-

2135 4601 2315 4671 ιερεὺς
2345 4600 2705 4670 συμϐουλεύει
2746 4602 2941 4664 ποιεῖν,
2982 4600 3076 4652 καὶ
3114 4598 3371 4669 φονεῦσαι
3418 4597 3508 4651 τὸν
3561 4597 3700 4667 Χρι-

2126 4691 2270 4753 στὸν,
2315 4691 2389 4755 ὼς
2424 4692 2561 4763 ὑπὲρ
2591 4691 2686 4745 τοῦ
2720 4691 2908 4756 ἔθνους
2957 4690 3114 4745 τοῦτο
3164 4690 3360 4759 λέγων,
3406 4689 3610 4759 καίπερ
3634 4689 3699 4742 τὺ

2122 4783 2272 4848 ἔθνος
2300 4783 2481 4838 ἄδικον
2515 4786 2615 4856 (2).
2648 4785 2888 4856 Πρᾶγμα
2932 4783 2991 4837 δὲ
3043 4782 3241 4853 ἀληθές
3284 4797 3469 4852 φησιν,
3500 4781 3602 4834 οὐκ
3631 4782 3699 4833 ἐκ

2118 4877 2219 4947 τῆς
2250 4876 2429 4931 αὐτῶν
2457 4876 2785 4947 δυστροπίας
2840 4875 3291 4946 κατωρθωμένον,
3336 4871 3451 4926 ἀλλ’
3496 4874 3561 4925 ἐκ
3593 4871 3696 4942 τῆς

2121 4969 2215 5022 τοῦ
2250 4968 2387 5022 Θεοῦ
2419 4970 2700 5040 δυνάμεως
2726 4969 2822 5023 καί¹
2851 4970 3062 5039 σοφίας.
3096 4971 3157 5022 Oi
3196 4969 3295 5039 μὲν
3326 4967 3436 5039 γὰρ
3467 4968 3551 5020 ἐπ’
3575 4965 3696 5020 ὀλέ-

2123 5060 2236 5132 θρῳ
2268 5060 2381 5132 ἰδίῳ
2425 5062 2515 5114 τὸν
2543 5062 2779 5133 Χριστὸν
2817 5062 3178 5126 ἀπέκτειναν,
3209 5062 3237 5112 ὁ
3267 5061 3323 5113 δέ
3361 5059 3697 5124 θανατωθεὶς

2124 5152 2309 5224 σαρκὶ,
2362 5154 2580 5207 πάντων
2618 5156 2750 5225 ἡμῖν
2797 5155 3017 5224 γέγονεν
3071 5154 3244 5219 αἴτιος
3288 5152 3400 5206 τῶν
3446 5151 3692 5220 ἀγαθῶν.

2113 5296 2205 5364 qui
2246 5294 2392 5348 nulla
2440 5293 2643 5363 injuria
2688 5293 2967 5364 affecerat!
3031 5296 3397 5361 COTELERIHS,
3446 5290 3691 5350 Monum.

2121 5366 2262 5418 licet.
2289 5364 2407 5431 Gr.,
2439 5364 2501 5430 ΙΙ,
2530 5367 2655 5421 b72.

2188 5435 2263 5500 (2)
2298 5440 2380 5491 An
2415 5436 2616 5488 ἀδικῶν
2649 5437 2729 5491 vel
2778 5436 3025 5499 ἀδικοῦν,
3073 5442 3133 5489 ιιι
3160 5437 3261 5495 sit,
3295 5432 3450 5499 Quod
3490 5433 3694 5487 occulte

2116 5507 2469 5559 moliebantur
2496 5504 2675 5561 Judaei
2694 5546 2709 5572 ,
2752 5509 2847 5562 hoc
2878 5516 3054 5576 aperte
3080 5505 3264 5560 suadet
3296 5504 3370 5557 eis
3394 5516 3451 5555 ut
3484 5503 3692 5576 faciant

2115 5592 2292 5629 eorum
2340 5576 2608 5645 pontifex,
2648 5589 2694 5632 et
2724 5573 2995 5633 Christum
3045 5573 3562 5645 interﬁciant,quasi
3594 5589 3694 5640 pro

2116 5656 2264 5718 gente
2291 5646 2388 5700 hoc
2417 5643 2617 5718 dicens,
2645 5649 2859 5718 quiiaut
2884 5646 3233 5718 quod__tamen
3255 5653 3467 5718 gentem
3488 5643 3691 5718 injuria

2115 5704 2392 5786 afficiebat.
2424 5704 2705 5775 Corneli.
2734 5704 2975 5774 Monum.
3013 5715 3159 5773 Eccl.
3195 5704 3372 5784 Gr'.,l,
3401 5713 3525 5770 560.
