3882 6206
136 309 208 363 69
982 307 1048 361 IN
1078 305 1417 362 JOANNEM.
1459 338 1527 346 —
1586 306 1713 360 LIB.

1841 305 1851 357 ι
1888 303 1973 358 ΕΤ
2005 303 2115 360 ΥΙΙΙ
2160 300 2608 357 FRAGMENTA.
3321 301 3389 355 τι)

149 424 446 477 Ἀπώλειαν
484 426 542 479 δὲ
570 425 663 479 τοῦ
698 426 882 491 ἔθνους
933 428 1109 491 καλεῖ,
1149 429 1209 480 τὸ
1242 428 1346 481 ὑπὸ
1375 431 1531 499 χεῖρα
1562 428 1715 497 γενέ-

1841 443 1947 482 'ero
1985 426 2165 497 gentis
2197 425 2332 479 dicit
2364 424 2554 478 venire
2593 421 2695 476 sub
2747 427 3069 490 potestatem
3117 417 3390 474 Romano-

137 515 263 572 σθαι
290 517 389 588 τὴν
424 516 757 590 Ῥωμαῖκὴν,
806 520 900 574 καὶ
937 519 1232 573 ἀπολέσθαι
1279 521 1376 590 τὴν
1419 519 1513 573 τοῦ
1544 521 1707 590 νόμου

139 607 299 661 σκιάν
326 624 340 636 ·
370 609 507 679 ὅπερ
562 610 861 679 ἀνατρέψαι
904 610 1224 682 ζητοῦντες,
1264 613 1582 682 ὑπέμειναν.
1624 611 1713 677 Ἐξ

137 698 343 768 ἀνόμου
380 700 477 769 μὲν
523 696 613 754 οὖν
658 697 779 754 εἶπε
826 701 1049 774 γνώμης
1092 706 1118 756 6
1161 703 1417 772 Καϊάφας
1466 702 1493 755 ὃ
1538 698 1709 767 εἶπεν,

137 789 287 857 ὅμως
317 792 345 842 ὁ
382 791 536 858 λόγος
585 792 774 860 γέγονε
825 794 1150 864 πράγματος
1180 794 1411 863 ἀληθοῦς
1446 796 1715 864 ἑρμηνευ-

138 881 323 943 τικὸς,
359 881 434 945 ὼς
462 885 521 935 ἐν
563 884 713 949 τάξει
752 884 1185 956 προ[σ”1ενεχθε“ις
1220 887 1573 958 προφητείας.
1626 887 1715 948 Ὠς

137 969 249 1040 γὰρ
281 970 502 1039 γέγονεν
546 974 715 1037 αἴτιος
758 976 979 1042 ἀγαθῶν
1010 978 1036 1028 6
1063 976 1155 1028 τοῦ
1184 976 1423 1046 Χριστοῦ
1465 976 1712 1040 θάνατος,

140 1068 524 1132 προαναφωνεῖ
572 1066 744 1132 λέγων
777 1066 805 1118 6
856 1067 956 1120 οὐκ
1011 1063 1142 1130 οἶδε,
1198 1068 1291 1120 καὶ
1339 1066 1581 1134 δοξάζων
1625 1068 1716 1120 τὸν

139 1153 276 1206 Θεὸν
302 1154 375 1218 ὡς
398 1159 425 1208 6
455 1156 684 1227 Βαλαὰμ
724 1158 864 1211 κατὰ
909 1158 1173 1228 ἀνάγκην,
1220 1159 1448 1229 ἐπείπερ
1478 1155 1546 1230 ἦν
1580 1158 1716 1229 ἔχων

140 1245 203 1297 τὸ
256 1247 525 1316 ἱερατικὸν
560 1248 796 1320 ἀξίωμα,
847 1249 922 1312 ὡς
972 1250 1070 1302 οὐκ
1126 1250 1275 1320 αὐτῷ
1323 1250 1568 1317 δοθείσης
1616 1249 1717 1317 τῆς

143 1342 504 1409 προφητείας,
558 1342 695 1395 ἀλλὰ.
728 1342 802 1412 τῷ
834 1344 934 1411 τῆς
981 1343 1281 1415 ἱερωσύνης
1324 1344 1587 1415 χρίσματι
1622 1342 1714 1415 [aL

145 1430 410 1502 σχήματι]
445 1447 459 1461 ·
493 1434 610 1502 ἦτοι
644 1433 701 1498 ἐξ
730 1428 805 1486 ὧν
832 1432 1055 1503 ὕστερον
1087 1434 1154 1485 τὰ
1199 1436 1459 1505 εἰρημένα
1499 1435 1719 1501 γέγονεν

144 1521 252 1573 ὑπὸ
306 1522 398 1575 τοῦ
452 1524 674 1591 Καῖάφα
726 1526 819 1576 καὶ
858 1524 1058 1595 ἀπέϐη,
1094 1525 1154 1577 ού
1204 1527 1418 1588 πάντως
1465 1525 1719 1590 λαϐόντος

144 1612 491 1684 προφητικὴν
521 1616 701 1685 χάριν.
762 1617 921 1680 Εἰκὸς
963 1619 1070 1688 γὰρ
1108 1620 1188 1671 ὅτι
1240 1618 1269 1670 ὃ
1315 1618 1535 1672 λαλοῦσί
1577 1637 1721 1683 τινες

141 1706 374 1774 γίνεται·
409 1709 457 1758 εί
495 1709 590 1760 καὶ
620 1709 695 1779 μὴ
722 1710 921 1774 εἰδότες
959 1713 1038 1764 ὅτι
1071 1712 1288 1774 πάντως
1316 1712 1487 1777 ἐσται,
1526 1712 1718 1767 λαλοῦ-

147 1811 254 1848 σιν.
292 1797 351 1849 Ὀ
409 1797 508 1866 μὲν
574 1795 665 1851 οὖν
722 1801 978 1869 Καϊάφας
1043 1804 1181 1873 ὑπὲρ
1239 1804 1412 1872 μόνων
1455 1803 1721 1857 Ἰουδαίων

1816 534 1937 573 rum
1961 558 1976 583 ,
2021 525 2073 571 et
2108 516 2293 586 perire
2326 515 2578 569 umbram
2616 512 2754 583 legis
2777 551 2791 573 ,
2829 510 2973 580 quod
3013 521 3261 563 avertere
3291 527 3389 563 cu-

1818 612 2032 680 pientes
2055 650 2069 672 ,
2110 609 2489 662 incurrerunt.
2528 604 2592 658 Et
2626 605 2848 675 quidem
2885 619 2950 659 ex
2987 604 3176 673 iniqua
3209 614 3392 657 mente

1820 703 2037 756 loculus
2071 708 2157 755 est
2197 699 2437 769 Caiphas
2491 699 2633 765 quod
2693 697 2912 751 locutus
2966 704 3096 763 est;
3149 703 3391 748 attamen

1822 807 2003 847 sermo
2030 792 2147 860 ejus
2182 790 2261 844 rei
2293 805 2435 843 verae
2485 789 2757 857 interpres
2810 788 3059 847 exstitit,
3113 786 3276 840 veluti
3336 787 3392 839 in

1820 884 2013 937 ordine
2064 883 2366 952 prophetiae
2420 881 2759 935 enuntiatus.
2824 879 2979 944 Quod
3037 879 3182 932 enim
3245 892 3395 931 mors

1822 976 2031 1031 Christi
2068 980 2338 1030 bonorum
2381 989 2545 1029 causa
2587 973 2729 1037 fuit,
2772 971 3026 1043 praedixit
3066 973 3300 1041 loquens
3340 969 3393 1023 id

1825 1070 1968 1140 quod
2012 1068 2304 1138 ignorabat
2347 1076 2400 1120 et.
2447 1067 2733 1119 Dominum
2779 1064 3127 1135 glorificans,
3179 1071 3236 1116 ut
3293 1062 3395 1115 Ba-

1823 1161 1964 1213 laam
1995 1160 2063 1225 5°,
2098 1175 2163 1213 ex
2199 1159 2562 1223 necessitate,
2600 1158 2861 1226 quoniam
2893 1154 3186 1211 sacerdotii
3220 1153 3399 1225 digni-

1826 1258 1991 1305 tatem
2026 1250 2344 1311 obtinebat,
2380 1265 2488 1302 non
2522 1257 2787 1318 tanquam
2825 1248 2872 1301 ei
2906 1248 3030 1300 data
3067 1245 3350 1316 prophetia
3375 1285 3393 1308 ,

1826 1343 1921 1397 sed
1972 1342 2264 1397 sacerdotii
2307 1341 2631 1395 functione:
2683 1341 2799 1395 sive
2845 1342 2992 1409 quod
3044 1337 3394 1407 postmodum

1825 1450 1946 1503 quae
1998 1434 2145 1487 dicta
2193 1432 2413 1488 fuerant
2437 1448 2465 1487 a
2490 1432 2697 1503 Caipha
2729 1439 3054 1493 evenerunt,
3092 1432 3187 1484 illo
3220 1431 3398 1484 nulla-

1826 1537 1986 1580 tenus
2022 1525 2400 1595 propheticam
2429 1526 2665 1594 gratiam
2696 1525 2915 1592 adepto.
2954 1523 3395 1577 Consentaneum

1824 1626 1908 1673 est
1965 1619 2107 1672 enim
2164 1626 2223 1671 ut
2272 1618 2417 1686 quod
2467 1617 2688 1687 quidam
2742 1617 3045 1684 loquuntur
3094 1615 3189 1668 ﬁat
3222 1654 3236 1679 ,
3291 1614 3398 1669 etsi

1827 1710 1979 1765 nullo
1998 1709 2159 1763 modo
2190 1709 2370 1764 sciant
2397 1710 2542 1779 quod
2571 1710 2796 1763 omnino
2829 1708 3073 1761 futurum
3095 1708 3185 1762 sit.
3205 1705 3396 1759 Enim-

1825 1816 1958 1856 vero
2002 1801 2244 1871 Caiphas
2293 1802 2515 1855 dicebat
2565 1816 2662 1871 pro
2718 1800 2850 1855 solis
2897 1797 3104 1853 Juda-is
3155 1797 3399 1852 futuram

146 1886 335 1955 ἔλεγεν
368 1887 585 1942 ἔσεσθαι
615 1891 704 1943 τὸν
730 1892 1259 1963 Χριστοῦ-θάνατον,
1295 1896 1323 1947 6
1347 1894 1403 1948 δέ
1438 1895 1577 1967 ὑπὲρ
1617 1897 1721 1949 πά-

1841 1892 2028 1947 3hristi
2066 1901 2297 1946 mortem
2327 1910 2340 1945 :
2379 1893 2472 1946 hic
2505 1906 2635 1945 vero
2668 1906 2794 1945 eum
2834 1892 3003 1945 fuisse
3037 1892 3108 1944 ait
3142 1906 3241 1960 pro
3271 1890 3402 1943 uni-

147 1996 254 2050 σης
286 1980 447 2033 αὐτόν
491 1999 622 2052 φησι
672 1984 923 2051 γενέσθαι
952 1986 1052 2055 τῆς
1092 1987 1528 2058 ἀνθρωπότητος.
1562 1988 1720 2051 Γένος

148 2070 255 2140 μὲν
300 2070 407 2140 γὰρ
453 2074 547 2125 καὶ
597 2074 761 2127 τέκνα
811 2075 944 2127 Θεοῦ
996 2077 1236 2141 ἅπαντες
1285 2077 1719 2148 χρηματίςομεν,

148 2162 287 2215 καθὸ
317 2164 531 2216 πάντων
577 2166 694 2217 ἐστὶ
741 2168 930 2237 Πατὴρ
969 2169 1155 2237 τρόπῳ
1192 2168 1565 2240 δημιουργικῷ
1603 2184 1724 2236 γεν-

149 2254 344 2324 νήσας,
378 2256 472 2308 καὶ
525 2257 747 2326 ἀγαγὼν
794 2256 984 2329 ὥσπερ
1016 2261 1094 2322 είς
1128 2258 1360 2330 ὓπαρξιν
1393 2259 1460 2312 τὰ
1484 2260 1584 2312 οῦκ
1638 2260 1724 2312 ὅν-

146 2362 217 2397 τα
246 2346 343 2415 (Ι)’
376 2346 456 2399 ἔτι
504 2347 560 2400 δέ
597 2349 690 2400 καὶ
727 2350 810 2401 ὃτι
857 2352 978 2403 κατ’
1023 2351 1205 2403 είκόνα
1253 2351 1417 2403 αὐτοῦ
1464 2349 1725 2421 ἐτιμήθη-

151 2454 253 2505 μεν
294 2439 576 2505 γεγονότες
609 2438 667 2503 ἐξ
714 2440 908 2511 ἀρχῆς,
959 2442 1052 2494 καὶ
1100 2442 1287 2511 ἄρχειν
1330 2443 1585 2512 λαχόντες
1617 2442 1724 2495 τῶν

148 2528 246 2580 ἐπὶ
274 2529 399 2597 γῆς,
431 2531 525 2582 καὶ
554 2531 785 2595 εὐτόνως
815 2534 911 2603 τὴν
949 2534 1152 2604 ἀρετὴν
1187 2535 1565 2605 ἐργαζόμενοι·
1584 2534 1723 2586 Ἀλλ’

149 2620 479 2690 ἐσκόρπισεν
512 2625 539 2675 ὁ
567 2624 830 2689 Σατανᾶς,
869 2626 927 2677 ἐν
958 2625 1138 2695 ταυτῷ
1177 2630 1355 2697 μεῖναι
1392 2627 1465 2698 μὴ
1510 2645 1724 2698 συγχω-

152 2714 351 2784 ρήσας,
385 2714 474 2766 καὶ
512 2715 956 2788 ἀποϐουκολήσας
982 2719 1334 2790 πολυτρόπως
1359 2721 1455 2790 τῆς
1488 2723 1565 2783 εἰς
1595 2720 1727 2773 Θεὸν

151 2803 516 2872 προσεδρείας
564 2806 653 2857 τὸν
704 2806 1009 2880 ἄνθρωπον
1062 2812 1419 2879 συνεισήγαγε
1466 2812 1521 2864 δέ
1567 2811 1727 2864 πάλιν

150 2896 251 2947 καὶ
284 2898 609 2966 συνεκόμισε
650 2899 855 2961 πάντας
890 2900 977 2951 διὰ
1014 2900 1116 2969 τῆς
1150 2900 1383 2963 πίστεως
1426 2903 1453 2953 ὁ
1496 2901 1729 2971 Χριστὸς

150 2988 237 3049 εἰς
269 2986 398 3055 μίαν
428 2987 595 3057 αὐλὴν
620 2991 709 3041 καὶ
727 2989 823 3059 τὴν
840 2990 1185 3060 Ἐκκλησίαν,
1204 2994 1295 3044 καὶ
1325 2992 1430 3044 ὑπὸ
1455 2992 1614 3061 ζυγὸν
1634 2994 1731 3048 ἕνα

152 3078 564 3147 παρεσκεύασε,
602 3080 818 3133 πάντων
847 3080 905 3134 ἓν
928 3082 1251 3150 γεγονότων,
1291 3084 1579 3148 Ἰουδαίων,
1615 3084 1731 3138 Ἐλ-

152 3171 356 3240 λήνων,
394 3170 704 3242 βαρϐάρων,
757 3173 998 3239 Σκυθῶν,
1032 3176 1127 3229 καὶ
1168 3178 1248 3238 είς
1299 3176 1395 3228 ἕνα
1424 3175 1611 3228 καινὸν
1636 3178 1731 3230 ἄν-

1828 2000 1990 2039 versa
2025 1985 2264 2038 humana
2301 1992 2522 2037 natura.
2568 1982 2779 2036 Etenim
2822 1998 2997 2053 genus
3046 1990 3099 2036 et
3157 1982 3251 2035 filii
3302 1980 3400 2036 Dei

1829 2089 2023 2129 omnes
2053 2074 2356 2127 audimus“
2388 2113 2402 2137 ,
2430 2080 2702 2143 quatenus
2732 2081 2814 2127 est
2845 2072 3088 2125 omnium
3120 2070 3281 2126 Pater
3307 2071 3401 2141 qui

1831 2182 1928 2235 per
1960 2166 2183 2219 modum
2217 2164 2432 2235 opificis
2451 2167 2665 2235 genuit,
2689 2174 2741 2217 et
2776 2165 2830 2218 in
2863 2166 3278 2218 subsistenttam
3316 2179 3403 2217 re-

1830 2257 1986 2311 duxit
2012 2272 2075 2311 ea
2107 2273 2228 2327 quae
2259 2273 2367 2311 non
2398 2265 2575 2312 erant.
2613 2258 2842 2326 Insuper
2871 2258 3000 2327 quia
3030 2257 3141 2325 jam
3178 2256 3304 2309 inde
3334 2255 3404 2308 ab

1833 2349 1993 2403 initio
2027 2348 2094 2402 ad
2131 2351 2426 2418 imaginem
2455 2349 2578 2418 ejus
2612 2348 2739 2403 facti
2779 2349 3145 2417 honoratique
3177 2362 3401 2410 sumus,

1832 2441 2011 2496 sortiti
2044 2449 2310 2510 praeterea
2335 2442 2580 2493 omnium
2617 2456 2739 2509 qua:
2769 2441 2825 2493 in
2856 2450 2999 2493 terra
3053 2447 3183 2494 sunt
3235 2439 3405 2507 impe-

1830 2530 1971 2584 rium
2000 2571 2015 2595 ,
2052 2539 2316 2599 rectoque
2350 2537 2544 2584 tenore
2583 2530 2844 2584 virtutem
2896 2538 3241 2583 exercentes.
3298 2526 3405 2581 Sed

1832 2621 2127 2690 dissipavit
2159 2637 2257 2675 nos
2278 2623 2535 2687 Satanas,
2554 2623 2744 2675 eodem
2772 2628 2914 2675 statu
2948 2636 3269 2690 permanere
3296 2635 3406 2674 non

1834 2731 2037 2785 passus
2059 2756 2073 2777 ,
2109 2716 2389 2784 variisque
2421 2715 2638 2769 technis
2667 2721 2719 2767 et
2756 2714 3049 2767 fraudibus
3075 2753 3089 2777 ,
3135 2729 3204 2767 ne
3243 2717 3408 2766 homo

1835 2816 2102 2877 perpetuo
2149 2805 2256 2860 Deo
2291 2807 2631 2868 adhaereret,
2668 2806 2834 2859 evicit
2868 2824 2880 2859 :
2917 2821 3111 2859 rursus
3147 2822 3275 2859 vero
3304 2822 3407 2860 nos

1836 2898 2186 2968 congregavit
2218 2906 2273 2951 et
2305 2899 2549 2968 collegit,
2579 2913 2770 2952 omnes
2806 2898 2859 2951 in
2886 2913 3048 2951 unam
3094 2900 3304 2952 caulam
3352 2906 3407 2951 et

1837 2982 2142 3037 Ecclesiam
2171 2984 2333 3055 693
2368 3001 2462 3053 per
2497 2985 2656 3038 fidem
2689 2984 2950 3039 Christus
2982 2987 3301 3053 collocavit,
3331 2987 3407 3041 ita

1838 3083 1898 3127 ut
1927 3090 2119 3128 omnes
2148 3075 2201 3127 in
2232 3091 2399 3128 unum
2434 3075 2563 3128 facti
2606 3075 2717 3129 sint
2756 3074 2960 3143 JudzPi,
3022 3074 3228 3137 Grteci,
3278 3078 3410 3131 bar-

1841 3166 1959 3221 bari
1981 3207 1994 3225 .
2031 3166 2246 3237 Scytha:
2266 3208 2281 3230 ,
2311 3175 2364 3221 et
2394 3169 2447 3220 in
2477 3183 2645 3220 unum
2678 3182 2878 3220 novum
2917 3167 3194 3223 hominem
3232 3169 3407 3224 refor-

152 3260 376 3331 θρωπον
430 3261 942 3333 ἁναπλαττομένων,
998 3265 1090 3317 καὶ
1143 3264 1590 3335 προσκυνούντων
1638 3266 1727 3318 ἕνα

1841 3260 1972 3312 mali
2010 3261 2078 3323 δ’,
2112 3268 2167 3313 et
2205 3275 2372 3312 unum
2405 3258 2575 3314 Deum
2612 3260 2861 3315 adorent.

152 3353 312 3405 Θεόν.

230 3449 343 3517 Οὐχ
374 3447 447 3509 ὼς
480 3446 555 3518 (Ξ)
585 3447 726 3501 κατὰ
758 3446 973 3518 πνεῦμα
1005 3448 1341 3519 προφητείας
1378 3449 1481 3502 ὑπὸ
1513 3449 1735 3518 Καϊάφα

154 3539 362 3611 ἐρρέθη
382 3556 395 3568 ο
426 3541 485 3593 οὐ
513 3540 621 3610 γὰρ
654 3542 712 3593 τὸ
742 3541 961 3610 πνεῦμα
990 3541 1049 3592 τὸ
1079 3542 1415 3610 προφητικὸν
1445 3542 1736 3613 ἐπιϐουλὴν

157 3632 444 3700 συνίστησι
473 3631 615 3684 κατὰ
652 3631 917 3702 Χριστοῦ,
962 3631 1100 3685 ἀλλὰ
1132 3633 1271 3686 κατά
1299 3650 1419 3686 τινα
1450 3635 1737 3705 συντυχίαν

156 3720 244 3790 τῷ
286 3722 477 3792 ἁληθεί
525 3724 617 3774 καὶ
664 3723 1015 3793 γενησομένῳ
1058 3724 1344 3793 πράγματι
1398 3724 1733 3795 συνδραμόν·

160 3812 515 3882 συγχωρηθὲν
549 3812 698 3881 αύτῷ
727 3812 825 3882 τῆς
871 3812 1127 3881 τοιαύτης
1163 3811 1463 3881 ἐπιψαῦσαι
1506 3813 1626 3866 καθ’
1657 3814 1737 3866 ὅτι

158 3900 232 3975 ἦν
266 3904 579 3974 ἀρχιερεὺς,
634 3905 719 3957 ἵνα
748 3903 837 3956 διὰ
878 3903 971 3956 τοῦ
1000 3905 1264 3973 στόματος
1309 3902 1476 3957 αὑτοῦ
1507 3905 1737 3975 φανερὸν

160 3996 393 4065 γένηται
418 3995 480 4047 τὸ
495 3998 875 4067 κεκρυμμένον
900 3998 1013 4058 τοῖς
1040 3996 1345 4067 ἀνθρώποις
1378 3996 1481 4058 ἕως
1500 3996 1624 4048 τότε
1646 3997 1739 4049 καὶ

160 4088 364 4158 ἀγνοού
374 4106 549 4156 μενον.

254 4180 367 4232 Ἀπ’
402 4181 640 4247 ἐκείνης
668 4175 781 4235 οὖν
820 4178 928 4247 τῆς
956 4178 1109 4247 ὥρας
1148 4180 1738 4243 συνεϐουλεύσαντο,

163 4274 271 4326 ἵνα
302 4274 738 4327 ἀποκτείνωσιν
768 4275 977 4326 αὐτόν.

240 4361 400 4433 Εἶχον
433 4365 530 4434 μέν
560 4365 667 4434 γὰρ
721 4364 820 4434 τὴν
863 4363 1155 4431 ἐπιθυμίαν
1196 4364 1295 4433 τῆς
1326 4363 1467 4418 κατὰ
1506 4362 1741 4432 Χριστοῦ

166 4456 507 4527 μιαιφονίας·
546 4456 653 4509 ἀπὸ
681 4456 737 4507 δέ
769 4453 862 4507 τοῦ
906 4453 1095 4525 καιροῦ
1128 4454 1252 4507 καθ’
1278 4455 1337 4508 ὃν
1380 4455 1440 4507 τὸ
1469 4454 1744 4526 συνέδριον

1907 3436 2024 3491 Non
2067 3436 2393 3506 prophetico
2428 3436 2628 3505 spirittt
2661 3435 2897 3506 Caiphas
2930 3438 3147 3493 locutus
3187 3445 3289 3500 est,
3316 3454 3411 3493 ue-

1837 3544 1943 3599 que
1994 3531 2141 3583 enim
2206 3528 2505 3597 prophetiae
2584 3528 2815 3596 spiritus
2887 3530 3119 3583 insidias
3188 3530 3411 3585 Christo

1839 3621 2038 3686 struit;
2074 3619 2172 3674 sed
2198 3633 2332 3673 casu
2360 3619 2601 3689 quodam
2630 3620 2683 3673 in
2722 3636 2834 3674 rem
2868 3637 3049 3675 veram
3082 3630 3135 3676 et
3168 3638 3291 3675 mox
3322 3622 3409 3676 fu-

1839 3720 2020 3766 turam
2084 3711 2554 3780 incurrit:eique
2613 3726 2945 3765 concessum
3003 3712 3106 3765 fuit
3164 3715 3219 3766 in
3272 3713 3411 3767 hanc

1838 3804 2227 3873 cogitationem
2283 3803 2490 3865 venire,
2542 3810 2815 3871 quatenus
2869 3802 3121 3873 pontifex
3168 3812 3310 3869 erat,
3348 3813 3411 3857 ut

1837 3911 1932 3951 ore
1979 3896 2099 3965 ejus
2139 3911 2227 3949 res
2260 3894 2579 3950 hominibus
2616 3895 2884 3950 hactenus
2925 3895 3143 3950 occulta
3173 3903 3228 3951 et
3253 3897 3411 3966 igno-

1838 3997 1957 4042 rata
1985 3988 2289 4059 patefieret.

1912 4182 1981 4236 Xl
2006 4224 2019 4247 ,
2063 4184 2149 4237 55.
2184 4184 2261 4236 Ab
2291 4184 2382 4237 illo
2410 4202 2531 4255 ergo
2566 4185 2651 4238 die
2686 4186 3075 4255 cogitaverunt,
3112 4197 3169 4240 ut
3207 4187 3412 4257 interﬁ-

1843 4287 2014 4331 cerent
2043 4294 2183 4333 eum.

1914 4369 2217 4424 lncesserat
2272 4370 2492 4439 quidem
2553 4371 2661 4425 illis
2694 4372 2899 4425 Christi
2935 4371 3223 4426 occidendi
3255 4374 3413 4445 cupi-

1848 4466 2038 4531 ditas;
2072 4466 2165 4519 sed
2200 4481 2261 4519 ea
2296 4466 2442 4520 velut
2473 4466 2695 4519 initium
2730 4467 2924 4521 habuit
2955 4469 3024 4521 ab
3053 4483 3119 4521 eo
3168 4479 3417 4539 tempore

163 4548 415 4619 γέγονεν,
449 4547 621 4618 ἀρχὴν
674 4546 861 4616 ὥσπερ
912 4546 1090 4611 ἔλαϐε,
1140 4546 1591 4616 δημοσιευθείσης
1640 4548 1727 4615 τῆς

1846 4572 1955 4626 quo
2001 4556 2292 4610 consilium
2344 4557 2539 4609 initum
2586 4567 2705 4619 est,
2757 4560 3000 4611 omnium
3051 4560 3252 4616 animis
3300 4574 3413 4616 tum

162 4642 427 4697 ἁπάντων
474 4642 552 4700 είς
614 4638 773 4691 τοῦτο
833 4639 1212 4701 συναινέσεως.
1268 4639 1341 4691 Οὐ
1389 4637 1499 4709 γὰρ
1528 4633 1677 4689 εἶπεν
1714 4636 1742 4687 ὁ

164 4729 586 4799 εὐαγγελιστὴς,
636 4730 717 4783 δτι
763 4730 857 4783 ἀπ’
901 4730 1114 4798 ἐκείνης
1162 4731 1261 4801 τῆς
1299 4728 1449 4799 ὥρας
1496 4728 1745 4781 ἐϐουλεύ-

168 4841 335 4879 σαντο
390 4824 614 4893 ποιῆσαι
660 4822 750 4875 τὸν
803 4823 983 4890 φόνον,
1044 4821 1182 4875 ἀλλὰ
1232 4820 1739 4885 συνεϐουλεύσαντο,

166 4916 316 4970 τοῦτ’
350 4916 516 4980 ἐστιν,
548 4916 685 4985 ὅπερ
717 4912 795 4984 τῷ
824 4914 945 4967 καθ’
971 4913 1199 4967 ἕκαστον
1230 4914 1425 4978 ἐδόκει,
1454 4917 1606 4985 κοινῇ
1634 4915 1743 4967 πᾶ-

170 5026 256 5062 σιν
282 5009 500 5079 ἦρεσεν.

255 5099 466 5169 Ἐγγὺς
500 5098 567 5151 δὲ
608 5096 719 5165 τῆς
748 5096 969 5166 ἐρήμου
998 5097 1276 5165 διατρίϐει
1301 5096 1452 5167 μετὰ
1485 5095 1603 5149 τῶν
1627 5113 1743 5166 μα-

171 5189 391 5258 θητῶν.

242 5282 356 5334 Kal
381 5281 610 5334 ἐνταῦθα
626 5280 803 5333 τοίνυν
825 5281 901 5342 ὡς
938 5280 1207 5334 Ἰουδαίων
1229 5282 1520 5352 ὑποχωρεῖ,
1549 5282 1609 5334 ού
1633 5281 1743 5335 δει-

244 5400 292 5431 ⁵⁰
330 5398 489 5452 Num.
562 5414 715 5463 χχιιι,
747 5398 773 5451 1
813 5414 933 5469 sqq.

250 5570 327 5639 (l)
356 5565 480 5629 Ed.,
505 5565 729 5639 ἀγαγὼν
759 5564 947 5635 ὥσπερ
968 5607 982 5622 .
1011 5606 1025 5639 ._
1050 5608 1063 5619 .
1095 5607 1109 5621 .
1139 5607 1151 5620 .
1182 5607 1195 5619 .
1228 5565 1296 5618 τὰ
1321 5565 1419 5618 οὐκ
1439 5563 1747 5639 6v1a_,_cum

178 5632 375 5694 lacuna
422 5632 638 5704 punctis
689 5632 967 5692 denotata.
1012 5637 1209 5694 ltestit.
1238 5652 1303 5693 ex
1343 5642 1535 5691 catena
1564 5632 1743 5692 Vatic.

181 5725 270 5780 ap.
306 5709 407 5765 Mai
430 5707 586 5773 ibid.,
618 5722 668 5779 p.
705 5706 828 5762 1'55.

1850 4650 2069 4702 demum
2117 4649 2169 4701 in
2228 4648 2329 4701 hoc
2377 4648 2847 4717 conspirantibus.
2908 4649 3025 4703 Non
3080 4653 3236 4705 enim-
3276 4654 3418 4708 dixit

1849 4740 2186 4809 evangelista
2212 4778 2225 4801 ,
2260 4740 2328 4792 ab
2362 4741 2454 4792 illa
2493 4741 2625 4793 hora
2656 4756 2751 4795 eos
2784 4743 2949 4796 caedis
2992 4741 3257 4799 faciendae
3285 4761 3419 4800 con-

1849 4832 2029 4886 silium
2060 4832 2307 4900 cepisse,
2343 4831 2438 4885 sed
2471 4832 2635 4886 simul
2671 4842 2724 4887 et
2756 4835 3048 4889 universos
3088 4835 3155 4889 de
3197 4853 3259 4890 ea
3286 4853 3419 4892 con—

1848 4924 2086 4977 sultasse
2115 4939 2127 4975 :
2162 4924 2264 4976 hoc
2297 4935 2408 4988 est,
2446 4925 2591 4994 quod
2641 4927 2896 4994 privatim
2930 4927 3165 4997 singulis
3197 4930 3419 4985 videba-

1850 5021 1962 5075 tur,
1996 5014 2051 5067 in
2084 5029 2376 5069 commune
2406 5016 2665 5069 omnibus
2697 5017 2993 5086 placuisse.

1917 5104 1987 5158 XI
2009 5145 2022 5169 ,
2050 5105 2138 5160 54.
2174 5104 2343 5159 Juxta
2370 5106 2634 5160 desertum
2665 5125 2780 5161 vero
2803 5107 2941 5178 degit
2969 5126 3085 5163 cum
3119 5112 3415 5181 discipulis.

1919 5283 1981 5337 Et
2013 5284 2101 5338 hic
2130 5284 2350 5353 quidem
2383 5284 2587 5340 recedit
2628 5300 2656 5338 a
2684 5283 2889 5342 Iudaeis
2910 5328 2924 5353 ,
2955 5302 3060 5340 non
3090 5288 3202 5341 ullo
3232 5302 3374 5344 metu
3395 5327 3412 5354 ,

1011 5398 1055 5428 ⁵³
1094 5396 1113 5451 l
1148 5396 1303 5452 Joan.
1341 5415 1435 5465 ιιι,
1471 5401 1522 5457 1.
1598 5402 1644 5433 ⁵³
1674 5402 1872 5473 Ephes.
1908 5421 1975 5471 lt,
2007 5401 2191 5458 15-16.

1927 5570 2001 5640 (2)
2036 5571 2157 5639 Οὐχ
2200 5568 2270 5634 ὠς
2304 5608 2317 5623 .

1856 5640 1877 5694 r
1914 5570 2157 5698 Ιϐἷῖιόὑχ
2200 5568 2270 5634 ὠς
2304 5608 2317 5623 .
2348 5607 2361 5621 .
2389 5608 2401 5621 .
2436 5608 2447 5622 .
2470 5568 2891 5638 ἀγνοούμενον.
2920 5570 2995 5623 Ex
3015 5579 3203 5625 catena
3217 5566 3421 5642 Vatic.,

1878 5657 1909 5695 o
1937 5684 1947 5694 .
2090 5681 2101 5693 .

1878 5657 1947 5695 Ol.
1980 5657 2101 5695 IZU.
