3894 6200
451 241 513 297 71
1435 232 1494 286 S.
1536 230 1808 286 CYRHLI
1853 228 2325 286 ALEXANDRINI
2363 228 2686 286 ARCHIEP.

3642 223 3710 280 7‘2

447 354 546 414 sed
575 370 646 413 ne
675 353 928 411 videatur
956 366 1051 410 eos
1087 350 1385 423 praesentia
1410 366 1512 406 sua
1536 354 1782 416 irritare,
1813 349 1925 420 jam
1957 349 2024 404 ad

2138 351 2344 416 λιάσας,
2375 351 2510 405 ἀλλά
2561 350 2649 406 ἵνα
2701 350 2776 421 μὴ
2822 349 2949 423 δόξῃ
2979 350 3256 423 ὁρώμενος
3299 347 3566 422 ἐρεθίζειν
3603 349 3705 406 αὐ·-

449 450 654 506 cadem
687 449 968 504 incensos.
1000 444 1175 500 Docet
1198 443 1366 499 etiam
1402 458 1503 499 nos
1529 443 1725 498 cedere
1753 443 2028 496 iratorum

452 540 752 601 furoribus.
787 553 889 595 nec
910 539 1180 609 projicere
1209 551 1313 590 nos
1343 535 1399 590 in
1435 535 1679 605 pericula
1714 534 1932 590 etiamsi
1962 534 2030 589 de

450 634 686 690 veritate
740 639 962 702 agatur,
993 628 1093 685 sed
1149 627 1534 698 deprehensos
1573 626 1800 697 quidem
1843 626 2029 681 consi-

451 734 632 788 stere.
663 731 822 780 antea
852 737 981 776 vero
1009 721 1322 777 detrectare
1349 727 1577 789 propter
1603 719 1844 774 incertos
1871 733 2033 773 even-

452 827 561 872 tus.
593 816 673 870 Ad
700 829 927 870 sensum
977 828 1108 869 vero
1157 813 1459 883 mysticum
1508 811 1840 874 dicendum,
1894 811 2028 866 olim

450 906 671 978 quidem
705 905 895 962 Iesum
933 905 1111 961 libere
1141 904 1462 960 ambulasse
1497 903 1550 957 in
1585 903 1784 957 mediis
1823 901 2030 958 Iudaeis

450 1015 548 1070 per
575 1001 873 1069 prophetas
895 1036 910 1062 ,
939 1012 1086 1052 nunc
1108 1011 1239 1052 vero
1268 1011 1637 1067 nequaquam.
1667 994 1854 1065 Neque
1882 996 2028 1052 enim

454 1093 510 1148 in
553 1092 633 1147 eis
677 1100 764 1146 est
793 1091 1022 1145 verbum
1057 1088 1192 1154 Dei,
1228 1090 1324 1148 sed
1369 1090 1439 1144 ab
1472 1089 1539 1144 iis
1583 1089 1823 1144 abcessit
1853 1089 1908 1142 in
1941 1102 2030 1141 so-

452 1184 740 1240 litudinem
770 1222 785 1247 ,
847 1181 916 1238 de
966 1197 1075 1253 qua
1119 1181 1325 1237 dicitur
1356 1200 1368 1235 :
1405 1199 1424 1232 ι
1459 1180 1614 1235 Multi
1668 1180 1763 1234 filii
1797 1180 2030 1236 desertae

451 1277 629 1347 magis
681 1291 850 1347 quam
907 1276 1029 1345 ejus
1064 1290 1184 1345 qua:
1217 1275 1383 1330 habet
1411 1276 1590 1329 virum
1623 1274 1691 1326 ⁵³.
1724 1293 1742 1326 ›
1769 1274 2026 1344 prraim

450 1370 748 1441 exponitur
795 1369 1147 1438 fructiﬁcalio
1168 1409 1183 1432 ,
1219 1367 1391 1423 frater
1417 1368 1694 1423 exsistens
1732 1367 1984 1422 Mauasse
2008 1405 2024 1429 ,

451 1462 691 1519 senioris
717 1462 840 1532 ejus
868 1462 962 1532 qui
993 1462 1065 1516 ab
1110 1461 1402 1527 oblivione;
1437 1469 1559 1530 post
1592 1460 1850 1530 populum
1878 1461 2024 1515 enim

452 1554 521 1610 ab
573 1556 853 1612 oblivione
897 1556 1081 1626 genita
1108 1563 1196 1610 est
1228 1556 1472 1626 gentium
1511 1554 1881 1610 fructificatio.

525 1726 626 1792 XI,
669 1727 758 1783 55.
795 1726 1113 1782 Proximum
1150 1737 1328 1783 autem
1371 1738 1487 1784 erat
1544 1728 1759 1783 Pascha
1805 1727 2027 1783 Judazo-

453 1836 572 1874 rum
592 1861 607 1882 ,
639 1829 692 1875 et
723 1821 1074 1876 ascenderunt
1106 1822 1266 1876 multi
1299 1821 1728 1892 Hierosolymam
1751 1862 1766 1887 ,
1801 1831 1858 1875 ut
1885 1822 2032 1890 puri-

452 1911 674 1978 ﬁcareut
695 1912 920 1980 κίρσοι.

522 1993 968 2058 Praetercurrens
1003 2003 1189 2060 omnia
1221 2005 1564 2076 evangelista
1586 2041 1601 2068 ,
1631 2005 1701 2062 ad
1750 2007 2030 2076 passionis

451 2095 670 2160 tempus
699 2089 869 2147 venit.
898 2088 1219 2146 Iudaeorum
1255 2108 1388 2147 vero
1419 2091 1633 2147 Pascha
1683 2103 1843 2150 vocat
1880 2097 2029 2166 quod

450 2189 536 2238 est
564 2181 622 2236 iu
655 2181 832 2251 ﬁgura
863 2197 877 2234 :
918 2197 1044 2238 nam
1078 2199 1266 2239 verum
1302 2183 1482 2240 Pacha
1513 2201 1620 2240 non
1668 2184 1987 2243 Iudaeorum
2011 2228 2026 2253 ,

461 2272 557 2330 sed
586 2273 1036 2329 Christianorum
1067 2286 1187 2340 est,
1229 2290 1452 2332 carnem
1496 2277 1708 2336 Christi
1739 2280 1856 2334 veri
1904 2281 2029 2352 agni

452 2363 882 2420 comedentium.
919 2363 1082 2421 Prius
1123 2383 1256 2424 vero
1297 2369 1678 2440 purgabantur
1723 2372 2028 2428 secundum

449 2462 692 2513 veterem
719 2455 890 2511 ritum
913 2497 929 2524 ,
952 2458 1047 2528 qui
1080 2465 1302 2527 peccata
1327 2475 1425 2515 seu
1453 2461 1796 2526 voluntaria,
1827 2466 1922 2517 seu
1953 2464 2032 2517 in-

450 2546 766 2601 voluntaria
817 2548 1245 2609 commiserant,
1300 2551 1537 2607 necdum
1577 2562 1770 2622 typum
1814 2551 2026 2608 Pascha

403 2697 406 2700 ,
452 2637 761 2704 faciebant,
796 2654 907 2695 non
937 2640 1390 2706 incircumcisus,
1422 2657 1532 2696 non
1565 2643 1892 2712 inquilinus,
1917 2658 2028 2698 non

449 2728 864 2791 mercenarius,
917 2744 1024 2783 non
1075 2730 1351 2798 pollutus,
1404 2747 1530 2802 quae
1570 2733 1755 2786 omnia
1805 2743 2028 2803 propter

450 2818 799 2874 Christianos
835 2820 1206 2889 spiritualiter
1233 2822 1389 2877 fiunt.

517 2909 686 2982 694
713 2910 813 2977 XI,
846 2912 935 2967 56.
967 2912 1291 2979 Quaerebam
1332 2932 1456 2986 ergo
1493 2915 1680 2970 Iesum
1704 2959 1717 2981 ,
1761 2925 1812 2971 et
1858 2918 2026 2971 colla-

2129 444 2277 506 τοῦς,
2311 445 2513 515 καίπερ
2545 444 2842 514 φονῶντας.
2874 444 3128 498 Διδάσκει
3156 444 3212 496 δέ
3245 445 3340 497 καὶ
3367 445 3519 514 ἡμᾶς
3547 443 3704 496 ὑπεί-

2131 551 2248 588 κειν
2287 538 2408 598 ταῖς
2449 535 2556 588 τῶν
2586 534 2955 606 ὀργιζομένων
2985 538 3210 608 ἀκμαῖς,
3240 537 3335 589 καὶ
3381 536 3457 606 μὴ
3491 535 3707 607 ἐπιρρι-

2132 643 2286 678 πτειν
2347 627 2573 690 ἑαυτοὺς
2616 631 2730 691 τοῖς
2777 628 3064 691 κινδύνοις,
3113 627 3236 698 μηδ’
3288 626 3354 681 ἂν
3419 627 3561 698 ὑπὲρ
3601 627 3704 694 τῆς

2132 719 2388 788 ἀληθείας
2412 714 2565 774 ὦσιν·
2593 721 2729 774 ἀλλὰ
2778 720 3361 791 καταλαμϐανομένους
3403 719 3524 788 μέν,
3551 719 3704 774 ἵστα·

2134 809 2278 861 σθαι·
2306 809 2594 880 μέλλοντας
2611 810 2685 874 δὲ,
2717 809 3063 873 ἀναδύεσθαι,
3087 809 3175 863 διά
3203 809 3264 862 τὸ
3293 810 3393 878 τῆς
3422 809 3704 872 ἐκϐάσεως

2131 899 2342 969 ἄδηλον.
2376 899 2520 970 Πρὸς
2561 899 2618 952 δὲ
2663 901 2955 970 ἀναγωγὴν
2985 900 3197 971 ῥητέον,
3235 901 3316 952 ὅτι
3354 899 3559 969 Ἰησοῦς
3591 898 3700 952 πά-

2130 993 2220 1045 λαι
2258 993 2377 1062 μὲν,
2434 993 2718 1065 παρρησίᾳ
2762 997 2874 1056 τοῖς
2915 993 3189 1056 Ἰουδαίοις
3235 993 3557 1064 περιεπάτει
3612 990 3703 1044 διὰ

2129 1085 2238 1138 τῶν
2272 1085 2590 1156 προφητῶν,
2623 1085 2717 1138 νῦν
2745 1085 2802 1138 δὲ
2834 1085 3040 1139 οὐκέτι.
3077 1087 3150 1138 Ού
3186 1084 3296 1156 γὰρ
3336 1084 3478 1137 ἐστιν
3512 1084 3570 1140 tv
3593 1082 3697 1137 αὖ·

2130 1185 2242 1243 τοῖς
2271 1178 2428 1246 λόγος
2473 1175 2629 1242 Θεοῦ,
2665 1175 2800 1230 ἀλλὰ
2845 1176 3089 1247 ἀπῆλθεν
3139 1178 3235 1230 ἀπ’
3264 1177 3455 1230 ἀὐτῶν
3496 1175 3578 1237 εἰς
3597 1174 3702 1244 τὴν

2130 1276 2357 1346 ἔρημον,
2396 1277 2522 1346 περὶ
2551 1270 2619 1348 ἧς
2652 1275 2890 1343 λέγεται,
2915 1275 2995 1327 ὅτι
3032 1291 3050 1322 ι
3092 1271 3270 1326 Πολλά
3301 1271 3370 1324 τὰ
3406 1269 3574 1324 τέκνα
3599 1267 3701 1337 τῆς

2130 1373 2364 1442 ἐρήμου,
2391 1369 2587 1440 μᾶλλον
2613 1370 2645 1438 ἢ
2674 1369 2771 1438 τῆς
2807 1367 3036 1438 ἐχούσης
3059 1365 3149 1418 τὸν
3180 1364 3368 1432 ἄνδρα.
3397 1381 3416 1413 ι
3459 1360 3700 1432 Ἐφραῒμ

2141 1462 2503 1533 ἑρμηνεύεται
2521 1462 2913 1529 καρποφοριά,
2939 1457 3163 1527 ἀδελφὸς
3180 1456 3256 1510 ῶν
3273 1455 3542 1524 Μανασσῆ
3569 1471 3700 1525 πρε-

2133 1553 2394 1623 σϐυτέρου
2423 1551 2516 1604 τοῦ
2563 1551 2670 1604 άπὸ
2693 1549 2911 1615 λήθης·
2962 1547 3100 1618 μετὰ
3120 1547 3228 1616 γάρ
3262 1545 3352 1598 τὸν
3381 1543 3488 1598 ἀπὸ
3532 1543 3701 1615 λήθης

2131 1641 2256 1696 λαὸν
2289 1640 2576 1710 γεγένηται
2609 1641 2642 1711 ἡ
2674 1640 2732 1705 ἐξ
2766 1638 2936 1692 ἐθνῶν
2966 1635 3333 1708 καρποφορία.

2202 1725 2314 1789 Ἦν
2356 1732 2425 1786 δὲ
2481 1732 2661 1802 ἐγγὺς
2711 1732 2775 1785 τὸ
2826 1730 3045 1797 Πάσχα
3086 1726 3204 1782 τῶν
3255 1725 3568 1787 Ἰουδαίων,
3599 1723 3700 1777 καὶ

2131 1826 2439 1894 ἀνέϐησαν
2466 1823 2684 1878 πολλοὶ
2716 1825 2802 1888 εὶς
2830 1822 3238 1891 Ἰεροσόλυμα,
3255 1819 3354 1872 ἵνα
3368 1817 3702 1887 ἁγνίσωσιν

2129 1918 2402 1982 ἑαυτούς.

2202 2010 2570 2083 Παρατρέχων
2599 2009 2812 2062 ἅπαντα
2843 2009 2872 2061 ό
2915 2006 3322 2076 εὐαγγελιστὴς,
3357 2002 3450 2056 ἐπὶ
3473 2000 3566 2054 τὸν
3595 1997 3696 2053 τοῦ

2131 2100 2338 2164 πάθους
2367 2099 2584 2170 ἔρχεται
2612 2097 2824 2167 καιρόν.
2864 2096 3132 2150 Ἰουδαίων
3157 2093 3213 2147 δὲ
3243 2093 3302 2148 τὸ
3325 2093 3515 2160 Πάσχα
3541 2087 3700 2142 καλεῖ

2129 2194 2190 2248 τὸ
2213 2193 2472 2247 τυπικόν·
2522 2191 2583 2244 τὸ
2620 2191 2729 2261 γὰρ
2757 2189 3008 2259 ἀληθινὸν
3046 2189 3238 2257 Πάσχα
3274 2186 3374 2239 οὒκ
3406 2180 3694 2242 Ἰουδαίων,

2129 2286 2265 2341 ἀλλὰ
2293 2283 2632 2356 Χριστιανῶν
2658 2281 2768 2336 τῶν
2797 2280 3084 2334 ἐσθιόντων
3103 2281 3202 2346 τὴν
3230 2278 3407 2346 σάρκα
3435 2271 3693 2346 Χριστοῦ,

2127 2378 2220 2434 τοῦ
2260 2376 2513 2448 ἀληθινοῦ
2537 2374 2732 2446 ἀμνοῦ.
2781 2372 3175 2443 Προηγνίζοντο
3211 2370 3268 2422 δὲ
3301 2366 3442 2422 κατά
3469 2366 3696 2420 παλαιδν

2128 2472 2245 2535 ἔθος
2279 2473 2328 2523 οἱ
2377 2467 2762 2539 ἡμαρτηκότες
2808 2465 3030 2518 ἑκούσια
3076 2463 3125 2532 ἦ,
3160 2461 3390 2516 ἀκούσια
3447 2457 3696 2528 ἁμαρτή-

2132 2580 2299 2633 ματα,
2327 2562 2417 2614 καὶ
2445 2561 2598 2614 οῦπω
2628 2559 2799 2612 ἐποίει
2825 2558 2886 2610 τὸ
2917 2557 3143 2608 τυπικδν
3167 2555 3376 2623 Πάσχα,
3419 2553 3516 2605 οὐκ
3552 2549 3694 2602 ἐθνι-

2128 2655 2242 2718 κὸς,
2281 2655 2380 2707 οὑκ
2433 2653 2824 2724 ἀπερίτμητος,
2873 2652 2934 2703 ού
2981 2649 3262 2718 πάροικος,
3294 2646 3354 2698 ού
3403 2642 3692 2714 μισθωτὸς,

2127 2743 2186 2795 ού
2248 2739 2682 2811 μεμολυσμένος,
2736 2739 2878 2807 άπερ
2935 2739 3111 2791 πάντα
3165 2732 3552 2804 πνευματικῶς
3603 2731 3694 2784 διὰ

2126 2832 2468 2904 Χριστιανῶν
2493 2832 2566 2900 (l)
2600 2831 2857 2898 γίνονται.

2208 2923 2480 2991 Ἐζήτουν
2528 2919 2642 2978 οὖν
2700 2922 2806 2975 τὸν
2855 2920 3119 2987 Ἰησοῦν,
3174 2919 3271 2974 καὶ
3314 2919 3528 2987 ἔλεγον
3565 2916 3693 2984 μετ’

450 3005 742 3072 συεὺαηωτ
771 3002 841 3057 ad
885 3005 1103 3060 invicem
1125 3021 1144 3060 :
1181 3005 1324 3072 Quid
1356 3007 1558 3076 putatis
1587 3007 1714 3077 quia
1751 3024 1856 3062 non
1887 3011 2022 3063 venit

2138 3017 2432 3081 ἀλλήλων·
2476 3015 2535 3068 Τί
2562 3014 2704 3084 ὑμῖν
2732 3013 2912 3077 δοκεῖ,
2945 3013 3031 3066 ὅτι
3063 3015 3134 3066 οὐ
3160 3011 3244 3080 μὴ
3285 3011 3434 3078 ἕλοῃ
3463 3012 3550 3076 εὶς
3577 3009 3695 3077 τὴν

452 3095 523 3150 ad
556 3093 696 3152 diem
723 3096 920 3166 festum
942 3101 968 3154 .9

522 3187 602 3242 Ad
635 3184 988 3259 Scenopegiae
1020 3189 1244 3254 festum,
1277 3189 1534 3246 viciniam
1563 3206 1784 3246 omnem
1811 3193 1898 3248 lex
1939 3193 2027 3264 ju-

451 3279 614 3336 bebat
652 3278 914 3337 feriatum
958 3283 1146 3338 venire
1198 3283 1251 3336 in
1289 3295 1536 3340 sanctam
1579 3287 1880 3349 civitatem,
1906 3301 2028 3357 poe-

452 3387 691 3445 namque
736 3374 1178 3432 detrectantibus
1229 3376 1562 3433 decernebat
1631 3378 1806 3436 Secus
1858 3396 2026 3447 vero,

453 3467 742 3526 Paschalis
774 3478 1020 3541 tempore
1056 3472 1115 3526 in
1147 3471 1270 3527 suis
1316 3488 1765 3543 unumquemque
1794 3474 2028 3534 urbibus

451 3561 775 3630 milibusque
821 3563 1106 3633 iuculpate
1157 3579 1382 3619 manere
1420 3566 1657 3619 sinebat.
1686 3564 1886 3634 Utique
1915 3566 2029 3619 aie-

454 3652 590 3707 bant
619 3667 744 3708 esse
769 3655 1140 3722 exploratum,
1171 3655 1315 3709 nolle
1343 3671 1466 3710 eum
1501 3654 1622 3709 festi
1655 3655 1794 3710 ritus
1821 3670 2028 3710 secun-

453 3742 586 3800 dum
613 3743 788 3812 legem
821 3744 1072 3812 exsequi,
1103 3745 1198 3814 qui
1224 3745 1292 3798 ad
1326 3745 1526 3799 festum
1553 3747 1850 3800 convenire
1880 3763 2032 3801 recuo

454 3839 625 3890 sarci.

523 3926 831 3997 Ambiguus
865 3925 1085 3996 quidem
1121 3941 1339 3990 sermo,
1371 3935 1555 3981 utrum
1589 3928 1658 3982 ab
1693 3927 1929 3984 infensis
1959 3942 2028 3983 an

454 4017 526 4072 ab
567 4018 884 4073 amantibus
925 4018 1130 4072 dictum
1165 4019 1238 4072 sit
1287 4017 1426 4072 hoc:
1458 4038 1476 4069 ι
1508 4017 1720 4073 Putatis
1754 4020 1883 4089 quia
1921 4035 2028 4073 non

453 4109 606 4164 venit
642 4109 712 4166 ad
751 4107 895 4163 diem
948 4108 1197 4162 festum?
1229 4128 1248 4162 ι
1277 4108 1572 4165 Probabile
1613 4111 1760 4165 enim
1803 4121 1890 4166 est
1930 4126 2028 4166 eos

455 4199 640 4270 loqui,
693 4199 790 4267 qui
847 4200 1151 4254 credebant
1204 4200 1258 4253 in
1309 4215 1468 4265 eum,
1513 4201 1582 4254 ad
1636 4201 1884 4257 infideles
1929 4204 2030 4258 hoc

453 4290 619 4346 modo
643 4307 656 4343 :
681 4287 1138 4358 Quandoquidem
1175 4289 1493 4347 deliberatis
1527 4290 1777 4345 occidere
1802 4289 1987 4346 Jesum
2009 4330 2026 4354 ,

454 4388 511 4434 et
532 4381 741 4450 putatis
782 4395 909 4434 eum
945 4379 1200 4450 ignorare
1233 4395 1357 4449 quae
1387 4395 1482 4434 vos
1525 4383 1662 4435 clam
1712 4382 1987 4437 statuistis
2009 4424 2023 4448 ,
2057 4366 2100 4420 Ῑ)

455 4470 562 4526 hoc
587 4471 695 4526 erit
725 4471 1236 4528 manifestissimum
1264 4473 1480 4542 signum
1511 4487 1639 4526 eum
1669 4488 1794 4528 esse
1827 4473 2020 4531 Deum.

454 4558 575 4616 Non
619 4562 766 4617 enim
813 4563 998 4620 veniet
1042 4563 1241 4620 festum
1284 4565 1572 4618 nobiscum
1607 4564 2020 4631 celebraturus,

454 4659 651 4722 utpote
682 4663 940 4724 tanquam
974 4654 1119 4710 Deus
1152 4664 1343 4712 nostra
1393 4657 1627 4711 consilia
1673 4657 1878 4713 sciens.
1927 4657 2026 4713 Vel

453 4742 536 4798 sic
569 4743 928 4812 accipiendus
959 4759 1144 4802 sermo
1177 4753 1438 4816 tanquam
1471 4747 1542 4804 ab
1569 4745 1789 4803 infestis
1815 4757 1870 4802 et
1899 4749 2026 4804 odio

455 4835 950 4904 persequentibus;
983 4836 1429 4907 quandoquidem
1459 4839 1631 4894 moris
1650 4846 1741 4895 est
1766 4837 1895 4896 Jesu
1921 4841 2026 4896 sol-

457 4939 586 4980 vere
627 4925 838 4995 legem,
885 4927 1056 4982 vultis
1092 4942 1324 4984 cernere
1363 4943 1463 4984 vos
1499 4930 1596 4999 qui
1646 4929 1699 4983 in
1739 4946 1868 4985 eum
1904 4947 2024 4986 cre-

455 5018 586 5073 ditis
628 5015 776 5087 quod
817 5017 942 5072 talis
973 5021 1073 5084 sit,
1105 5020 1255 5090 quod
1285 5035 1352 5075 ex
1385 5035 1454 5076 eo
1503 5022 1674 5090 liquet
1713 5023 1844 5092 quia
1876 5039 2022 5080 nunc

457 5124 636 5178 neque
658 5107 724 5162 ad
751 5107 950 5164 festum
985 5111 1133 5164 venit
1161 5110 1552 5166 celebrandum
1587 5114 1872 5169 nobiscum
1897 5153 1913 5180 ,
1948 5115 2026 5169 le-

454 5215 576 5271 gem
609 5199 733 5256 festi
761 5215 991 5271 prorsus
1017 5200 1302 5272 despectui
1334 5203 1560 5260 habens.
1588 5204 1703 5262 Hoc
1733 5216 1916 5262 autem
1939 5208 2022 5262 di-

429 5278 531 5386 )cit
550 5335 564 5361 ,
595 5308 707 5348 non
733 5293 876 5363 quod
902 5307 1125 5350 necesse
1151 5303 1296 5350 esset
1327 5298 1620 5354 convenire
1644 5314 1834 5355 omnes
1865 5299 2023 5354 Jeru-

525 5450 572 5480 ⁸³
609 5448 716 5506 lsa.
744 5465 852 5516 LIV,
890 5451 910 5504 l
952 5468 965 5516 ;
997 5449 1172 5504 Galat.
1212 5467 1284 5518 Iv,
1317 5450 1411 5505 27.

528 5608 604 5675 (ll
633 5607 731 5661 ΕιΙ.
769 5610 906 5681 Auli.
940 5612 1191 5681 Χριστηῦν.

537 5681 606 5748 ’2)
651 5681 739 5731 Ἱίν
772 5679 850 5744 τῷ
883 5679 1062 5748 καιρῷ
1088 5719 1099 5735 .
1131 5723 1145 5738 .
1172 5723 1182 5734 .
1211 5723 1222 5735 .
1256 5721 1268 5736 .

2128 3109 2342 3177 ἑορτήν
2362 3125 2379 3170 ;
3501 3142 3504 3144 ν

2210 3203 2300 3254 Ἐν
2346 3199 2424 3269 τῷ
2457 3199 2631 3270 καιρῷ
2677 3198 2752 3268 (2)
2778 3197 2874 3266 τῆς
2917 3197 3108 3267 ἑορτῆς
3157 3195 3256 3264 τῆς
3289 3193 3692 3264 Σκηνοπηγίας,

2129 3295 2344 3348 ἃπασαν
2371 3291 2468 3361 τὴν
2495 3289 2798 3360 περιοικίδα
2822 3289 3059 3341 ἀνελθεῖν
3092 3287 3121 3338 δ
3153 3287 3312 3356 νόμος
3339 3284 3586 3338 ἐκέλευεν
3614 3285 3697 3346 είς

2127 3383 2226 3455 τὴν
2247 3383 2438 3455 ἑορτὴν
2467 3385 2546 3443 είς
2573 3381 2672 3452 τὴν
2702 3381 2862 3448 ἁγίαν
2882 3379 3058 3442 πόλιν,
3090 3378 3184 3431 καὶ
3221 3377 3491 3446 τιμωρίαν
3515 3377 3694 3446 ὁρίζε-

2128 3493 2218 3528 ται
2261 3477 2371 3536 τοῖς
2407 3472 2480 3543 μὴ
2514 3472 2742 3525 ἀνιοῦσι.
2795 3471 2867 3522 Τό
2913 3487 2977 3538 γε
3029 3469 3135 3539 μὴν
3170 3470 3226 3522 ἐν
3263 3469 3344 3538 τῷ
3386 3467 3477 3520 τοῦ
3504 3468 3694 3537 Πάσχα

2128 3566 2326 3635 καιρῷ,
2356 3567 2558 3633 ἐφῆκεν
2586 3563 2614 3615 ὁ
2644 3564 2804 3632 νόμος
2825 3561 3170 3631 ἀνεγκλήτως
3208 3563 3264 3613 ἐν
3295 3560 3452 3622 ἰδίαις
3479 3561 3696 3629 ἑκάστῳ

2131 3658 2316 3710 πόλεσί
2339 3674 2396 3709 τε
2415 3657 2514 3712 ,καὶ
2541 3657 2726 3718 οἴκοις.
2759 3655 3029 3725 Πρόδηλον
3057 3649 3148 3706 οὖν
3173 3653 3232 3704 τὸ
3268 3652 3341 3722 μῆ
3373 3652 3696 3722 συνδραμεῖν

2129 3749 2379 3818 ἐθελῆσαι
2401 3751 2510 3810 τοῖς
2537 3747 2634 3816 τῆς
2657 3748 2849 3816 ἑορτῆς
2875 3745 3024 3798 ἔθεσι
3048 3745 3188 3798 κατὰ
3208 3744 3300 3796 τὸν
3323 3743 3505 3814 νόμον,
3528 3744 3588 3797 τὸ
3618 3744 3695 3815 μὴ

2129 3838 2301 3891 ἐλθεῖν
2329 3838 2564 3906 ἔφασκον
2591 3840 2669 3900 ei;
2694 3839 2792 3907 τὴν
2820 3838 3011 3906 ἑορτήν

2212 3928 2533 3996 Ἀμφίϐολος
2577 3929 2754 3998 μέντοι
2784 3929 2813 3980 ό
2856 3928 3034 3994 λόγος,
3071 3927 3297 3997 πότερον
3330 3928 3438 3980 ἀπὸ
3473 3927 3695 3996 μισούνο

2129 4037 2234 4073 των
2267 4021 2298 4091 ἢ
2340 4019 2677 4088 ἀγαπώντων
2728 4019 2919 4088 ἐλέχθη
2976 4021 3056 4084 τὸ,
3085 4036 3104 4069 ι
3145 4021 3360 4072 Δοκεῖτε
3403 4019 3485 4070 ὅτι
3518 4019 3579 4070 οὐ
3615 4019 3689 4090 μὴ

2131 4110 2256 4181 ἔλθῃ
2280 4113 2357 4172 εἰς
2387 4110 2484 4179 τὴν
2513 4111 2739 4179 ἐορτήν;
2777 4127 2794 4158 ι
2835 4108 2993 4171 Εἰκὸς
3022 4107 3130 4178 γὰρ
3157 4104 3224 4178 ἦν
3249 4108 3426 4174 λέγειν
3455 4109 3582 4171 τοὺς
3613 4108 3692 4170 είς

2130 4201 2290 4255 αὑτὸν
2309 4201 2660 4263 πιστεύοντας
2685 4201 2817 4270 πρὸς
2842 4201 2968 4261 τοὺς
2985 4199 3242 4261 ἀπίστους
3261 4198 3456 4262 οὕτως’
3472 4198 3690 4270 Ἐπειδὴ

2130 4290 2517 4347 ἐϐουλεύσασθε
2551 4291 2806 4358 φονεῦσαι
2834 4289 2924 4340 τὸν
2951 4287 3175 4358 Ἰησοῦν,
3213 4290 3306 4341 καὶ
3332 4289 3581 4359 νομίζετε
3609 4291 3692 4342 δτι

2130 4383 2313 4450 ἀγνοεῖ
2355 4382 2415 4434 τὸ
2461 4381 2633 4450 λάθρα
2683 4381 2810 4450 ὑμῖν
2857 4379 3212 4448 ἐσκεμμένον,
3270 4385 3497 4450 σημεῖον
3539 4382 3692 4434 ἔσται

2131 4473 2288 4525 τοῦτο
2325 4473 2514 4540 σαφὲς,
2557 4473 2637 4524 ὅτι
2668 4471 2798 4532 Θεός
2841 4471 3011 4524 ἐστιν.
3071 4471 3144 4524 Ού
3188 4472 3296 4542 γὰρ
3327 4473 3391 4542 δὴ
3424 4474 3542 4543 ἥξει
3593 4473 3690 4527 νῦν

2133 4565 2502 4634 συνεορτάσων
2553 4565 2702 4632 ἡμῖν,
2756 4560 2910 4624 εἰδὼς
2955 4561 3023 4614 τά
3082 4561 3377 4632 σκέμματα
3405 4565 3561 4634 ἡμῶν
3616 4565 3691 4627 ὡς

2131 4656 2282 4719 Θεός.
2312 4657 2382 4708 Ἦ
2413 4654 2583 4717 οὕτως
2617 4653 3013 4723 σχηματιστέον
3039 4653 3127 4706 τὸν
3161 4653 3316 4721 λόγον
3341 4654 3417 4718 ὡς
3449 4655 3558 4709 ἀπὸ
3583 4657 3693 4711 τῶν

2134 4746 2453 4817 μισούντων·
2499 4745 2752 4815 Ἐπείπερ
2785 4744 2902 4807 ἔθος
2942 4746 3028 4797 ἀεὶ
3068 4745 3148 4816 τῷ
3189 4746 3361 4816 Ἰησοῦ
3393 4747 3694 4815 παραλύειν

2129 4837 2220 4890 τὸν
2238 4839 2419 4905 νόμον,
2440 4837 2622 4890 θέλετε
2651 4833 2852 4902 γνῶναι
2876 4835 3031 4904 ὑμεῖς
3057 4837 3106 4889 οἱ
3126 4839 3204 4899 είς
3233 4837 3390 4890 αὑτὸν
3413 4837 3694 4890 πιστεύον-

2128 4948 2238 4996 τες,
2283 4932 2364 4982 ὅτι
2413 4929 2649 4992 τοιοῦτός
2684 4930 2865 4992 ἐστιν,
2906 4926 2966 4991 ἐξ
3015 4922 3089 4980 ὧν
3132 4929 3255 4981 οὔτε
3315 4929 3408 4981 νῦν
3465 4930 3546 4992 εἰς
3593 4931 3694 4999 τὴν

2129 5022 2320 5093 ἑορτὴν
2363 5023 2750 5092 παραγίνεται,
2791 5020 3001 5074 ἀθετῶν
3031 5022 3122 5074 τὸν
3160 5021 3259 5089 τῆς
3289 5020 3476 5090 ἑορτῆς
3502 5020 3688 5091 νόμον,

2130 5115 2267 5187 πρὸς
2303 5115 2364 5166 τὸ
2410 5115 2485 5185 μὴ
2531 5114 2884 5185 συνεορτάσαι
2919 5116 3080 5184 ἡμῖν;
3119 5113 3254 5182 Φησὶ
3285 5112 3340 5163 δὲ
3381 5111 3559 5175 τοῦτο,
3589 5114 3692 5185 οὐχ

2129 5209 2209 5260 ὅτι
2261 5207 2474 5277 ἀνάγκη
2506 5203 2574 5278 ἦν
2601 5207 2806 5269 πάντας
2855 5206 3178 5276 συνδραμεῖν
3215 5207 3298 5266 εἰς
3331 5204 3692 5275 Ἰερουσαλὴμ

2131 5303 2188 5352 ἐν
2224 5300 2300 5370 τῷ
2329 5301 2538 5369 Πάσχα,
2571 5301 2644 5362 ὡς
2675 5300 2767 5354 ἐπὶ
2788 5303 2854 5371 τῇ
2881 5296 3244 5370 Σκηνοπηγεᾳ,
3273 5295 3387 5348 ἀλλ’
3432 5295 3548 5366 ἤτοι
3583 5296 3694 5348 δει-

1318 5683 1402 5748 sic
1435 5681 1544 5748 τὴν
1576 5679 1807 5749 ἐρρτήν.
1847 5679 1921 5734 Ex
1950 5681 2134 5736 eadem
2161 5689 2373 5744 catena,
2405 5681 2495 5734 fol.
2541 5677 2660 5734 150.
