3882 6206
150 292 222 350 73
936 283 1003 339 IN
1041 282 1380 339 JOANNEM.
1420 312 1488 322 -—
1528 279 1655 334 LIB.
1705 278 1789 333 Vll
1834 277 1919 331 ΕΤ
1958 278 2067 332 VIII
2109 277 2551 333 FRAGMENTA.
3341 270 3404 336 π

148 412 273 472 lia;
299 394 578 473 ἀπόδειξιν
609 403 961 476 ἐμποιοῦνται
1010 402 1069 456 τὸ
1104 404 1181 473 μὴ
1222 401 1532 455 ἀναϐαίνειν
1566 399 1727 453 αὑτὸν

1837 397 2003 451 salem
2033 396 2087 450 in
2116 394 2328 452 Pascha
2348 435 2361 458 .
2390 404 2449 449 ut
2472 395 2531 448 in
2562 393 2705 450 festo
2726 392 3235 451 Tabernacllorttm
3265 415 3279 450 :
3306 398 3405 454 sed

150 504 231 566 είς
283 499 654 572 Ἰεροσόλυμα,
694 499 770 561 ὡς
818 498 893 567 μὴ
927 497 1228 566 δυναμένου
1286 494 1464 564 ἐαυτῷ
1514 493 1729 564 βοηθεῖν

150 594 212 647 ὲν
243 592 466 663 τοιαύτῃ
512 591 717 662 ἡμέρᾳ..
762 591 858 643 καὶ
890 590 979 643 διὰ
1004 588 1162 642 τοῦτο
1190 586 1726 657 ἀπολιμπανομένου.

157 688 227 739 Ἦ
262 686 355 737 καὶ
385 685 520 755 πρὸς
547 684 773 746 ἑαυτοὺς
802 682 975 735 ταῦτα
1012 699 1175 751 φασιν
1214 682 1263 734 οἱ
1292 678 1731 751 προσταχθέντες

151 776 316 831 αὑτὸν
351 775 640 829 συλλαϐεῖν
691 776 785 827 καὶ
828 773 1242 845 ὀλιγωροῦντες,
1296 774 1526 843 ἐπείπερ
1578 770 1730 824 οὗπω

152 868 316 922 αὑτὸν
342 868 529 939 ἑώρων
558 867 803 931 ἐλθόντα,
835 868 930 919 καὶ
965 866 1227 919 ἔσπευδον
1261 866 1471 935 ταχέως
1502 863 1727 935 ποιῆσαι

150 962 212 1014 τὸ
240 959 600 1032 προσταχθέν.

242 1221 293 1273 '0
331 1217 447 1276 οὖν
485 1221 716 1288 Ἰησοῦς
760 1221 876 1289 πρὸ
923 1220 992 1285 ἓξ
1043 1221 1280 1290 ἡμερῶν
1334 1221 1441 1276 τοῦ
1489 1208 1726 1291 Πάσχα,

150 1308 341 1382 ἦλθεν
376 1314 466 1376 είς
495 1311 823 1379 Βηθανίαν,
861 1312 957 1363 καὶ
988 1310 1057 1364 τὰ
1086 1310 1235 1380 ὲξῆς.

226 1403 665 1472 Καταφρονήσας
716 1402 815 1472 τῆς
876 1401 983 1454 τῶν
1042 1399 1311 1455 Ἰουδαίων
1353 1402 1646 1473 ἐπιϐουλῆς
1700 1404 1730 1455 6

154 1491 380 1562 Κύριος,
417 1492 607 1545 ἑαυτὸν
644 1491 906 1554 ἐκοινσίως
936 1490 1071 1562 πρὸς
1105 1490 1164 1543 τὸ
1195 1490 1385 1544 παθεῖν
1429 1492 1726 1555 ἐκδίδωσιν,

154 1587 279 1640 ἐπεὶ
311 1586 495 1656 παρῆν
540 1587 568 1639 6
601 1584 694 1637 τοῦ
730 1584 936 1646 πάθους
962 1583 1171 1653 καιρὸς,
1223 1586 1303 1647 είς
1336 1585 1436 1654 τὴν
1461 1584 1730 1654 Βηθανίαν

152 1677 347 1739 ἐλθὼν,
390 1678 452 1730 οὑ
494 1676 601 1747 μὴν
627 1678 705 1739 είς
740 1677 838 1747 τὴν
889 1676 1266 1747 Ἰερουσαλὴμ,
1318 1677 1406 1729 ἵνα
1445 1677 1520 1748 μὴ
1552 1679 1731 1747 αἰφνι-

1833 489 1915 542 vel
1949 489 2051 541 hoc
2082 488 2138 541 in
2172 494 2551 557 argumentum
2580 486 2794 541 timoris
2825 487 3056 541 trahunt
3075 527 3092 550 ,
3117 487 3266 558 quod
3293 504 3405 545 non

1834 578 2093 635 ascendat
2123 579 2175 633 in
2206 578 2552 642 Jerusalem,
2586 586 2845 648 tanquam
2879 580 2982 634 sibi
3026 580 3131 649 ipsi
3172 597 3409 637 succur-

1832 685 1952 723 rere
1984 685 2093 723 non
2125 668 2302 739 possit
2330 668 2383 722 in
2412 668 2507 722 tali
2533 667 2654 727 die.
2686 668 2917 739 ideoque
2946 670 3204 726 consulto
3235 671 3402 727 absit.

1831 754 1929 816 Vel
1964 762 2130 816 etiam
2162 763 2307 816 inter
2339 776 2398 815 se
2446 761 2564 814 haec
2602 760 2798 815 dicunt
2844 761 2881 813 ii
2924 761 3129 831 quibus
3172 763 3406 833 impera-

1832 862 1945 907 tum
1977 862 2097 908 erat
2139 853 2293 906 illum
2334 851 2833 922 comprehendere,
2873 853 2987 923 jam
3025 854 3270 909 animum
3311 856 3410 911 de-

1831 945 2201 1016 spOndentes,
2249 944 2696 1016 quandoquidem
2741 944 2987 1001 nondum
3021 960 3149 1002 eum
3178 946 3411 1003 venien-

1831 1046 1941 1093 tem
1966 1037 2249 1101 videbant,
2273 1046 2329 1092 et
2348 1037 2416 1092 ad
2438 1038 2706 1108 imperata
2734 1037 3089 1108 exsequenda
3118 1038 3409 1095 celerrime

1830 1146 1892 1185 se
1936 1130 2351 1200 comparabant.

1901 1221 1995 1276 Xll
2016 1261 2031 1287 ,
2066 1223 2118 1278 1.
2165 1221 2323 1277 Iesus
2354 1232 2475 1293 ergo
2501 1230 2627 1276 ante
2654 1237 2746 1276 sea:
2772 1220 2884 1277 dies
2914 1221 3140 1277 Pascha
3183 1222 3324 1276 venit
3353 1222 3408 1276 in

1834 1316 2145 1370 Bethaniam
2168 1354 2182 1380 ,
2212 1322 2322 1370 etc.

1900 1407 2245 1477 Contemptis
2268 1405 2581 1460 Iudaeorum
2607 1404 2824 1460 insidiis
2844 1404 3110 1460 Dominus
3130 1419 3191 1460 se
3213 1410 3433 1476 sponte.

1831 1514 1895 1553 ac
1928 1500 2071 1553 ultro
2102 1499 2169 1553 ad
2207 1498 2524 1568 patiendum
2572 1497 2775 1561 tradit,
2817 1498 3044 1566 quando
3086 1498 3276 1551 aderat
3314 1514 3412 1568 pa-

1831 1590 2000 1645 tiendi
2033 1600 2251 1660 tempus
2272 1632 2285 1653 .
2318 1588 2600 1659 profectus
2647 1589 2702 1642 in
2746 1584 3069 1642 Bethaniam
3099 1595 3154 1643 et
3180 1603 3288 1642 non
3320 1587 3410 1643 Je-

1834 1685 2107 1749 rusalem,
2142 1699 2211 1738 ne
2245 1690 2471 1753 repente
2499 1696 2530 1735 a
2558 1680 2764 1736 Iudaeis
2806 1691 3139 1750 conspectus
3184 1681 3310 1737 illos
3352 1682 3408 1735 in

154 1769 283 1831 δίως
306 1746 630 1837 ὀφθεὶςίτοίς
667 1746 971 1832 Ἰουδαίοις,
1006 1767 1250 1840 ὲκκαύσῃ
1283 1746 1480 1832 αὐτοὺς
1510 1746 1596 1832 θείς
1628 1746 1730 1840 θόρ-

1837 1780 1975 1833 iram
2014 1779 2371 1843 accenderet,
2409 1773 2507 1833 sed
2542 1789 2639 1845 per
2676 1775 2878 1830 famam
2902 1815 2915 1838 ,
2949 1746 3058 1845 qua
3088 1775 3146 1829 in
3178 1774 3409 1845 propin-

154 1862 279 1933 γὴν,
319 1862 455 1914 ἀλλὰ
493 1862 583 1914 διὰ
636 1860 735 1930 τῆς
780 1861 966 1931 φήμης
1012 1860 1106 1913 τοῦ
1153 1856 1288 1913 εἶναι
1334 1861 1496 1914 αὑτὸν
1541 1862 1731 1929 ἐγγὺς,

154 1954 487 2024 καταστείλῃ
518 1953 577 2005 τὸ
604 1952 724 2017 ζέον
754 1952 845 2005 τοῦ
873 1952 1099 2005 ἐκείνων
1130 1952 1323 2021 θυμοῦ.
1371 1953 1647 2006 Συνεσθίει
1674 1954 1732 2006 δὲ

152 2044 232 2117 τῷ
255 2046 517 2117 Δαζάρῳ,
537 2045 625 2098 διὰ
652 2043 841 2098 τούτου
870 2044 1303 2113 ὑπομιμνήσκων
1328 2043 1453 2105 τοὺς
1491 2042 1732 2114 ὁρῶντας

154 2139 255 2209 τῆς
286 2137 627 2210 θεοπρεποῦς
674 2136 839 2189 αὑτοῦ
878 2135 1147 2202 ἐξουσίας.
1196 2136 1451 2188 Δείκνυσι
1479 2135 1537 2187 δὲ
1571 2137 1599 2187 6
1636 2136 1730 2187 εὑ-

154 2230 486 2300 αγγελιστὴς
535 2229 623 2282 διὰ
656 2228 750 2281 τοῦ
804 2227 1163 2297 διηγήματος,
1195 2228 1277 2280 ὅτι
1313 2226 1374 2278 οὑ
1406 2225 1730 2296 κατεφρόνει

151 2324 183 2375 6
216 2323 451 2395 Χριστὸς
498 2321 591 2375 τοῦ
632 2321 818 2392 νόμου·
868 2320 990 2373 ὅθεν
1024 2320 1118 2371 καὶ
1149 2319 1254 2389 πρὸ
1293 2319 1351 2385 ἒξ
1386 2319 1608 2389 ἡμερῶν
1635 2318 1729 2372 τοῦ

154 2416 373 2485 Πάσχα,
404 2415 491 2467 ὅτε
523 2414 627 2467 ἔδει
659 2412 1032 2483 ἀγορασθῑψαι
1072 2412 1164 2464 τὸν
1210 2411 1382 2480 ἀμνὸν
1429 2410 1523 2462 καὶ
1555 2427 1729 2480 τηρη-

154 2508 317 2577 θῆναι
356 2508 461 2569 ἕως
507 2506 606 2574 τῆς
652 2504 1270 2573 τεσσαρεσκαιδεκάτης,
1317 2503 1586 2572 συνέφαγε
1617 2506 1732 2566 τοῖς

154 2600 288 2670 περὶ
318 2600 410 2651 τὸν
438 2596 706 2668 Λάζαρον·
763 2598 894 2660 ἴσως
945 2597 1044 2666 τὴν
1090 2595 1306 2666 ἡμέραν
1348 2596 1445 2666 τὴν
1480 2595 1588 2664 πρὸ
1635 2595 1728 2648 τοῦ

151 2692 426 2763 ληφθῆναι
475 2690 536 2743 τὸ
588 2689 859 2760 πρόϐατον
897 2688 1052 2751 ἔθους
1087 2688 1241 2751 ὄντος
1286 2690 1399 2750 τοῖς
1456 2686 1730 2752 Ἰουδαίοις

150 2784 333 2850 ὀλίγον
362 2800 416 2835 τι
448 2780 862 2851 πανηγυρίζειν,
891 2780 990 2832 οὑκ
1020 2782 1083 2831 ὲκ
1108 2780 1295 2848 νόμου,
1318 2780 1432 2832 ἀλλ’
1467 2779 1575 2832 ἀπὸ
1603 2797 1730 2833 συν-

148 2875 369 2947 ηθείας,
410 2874 499 2927 ἵνα
549 2872 687 2944 μετὰ
740 2872 816 2932 τὸ.
849 2870 1272 2942 παραληφθῆναι
1318 2871 1379 2924 τὸ
1435 2871 1725 2942 πρόϐατον,

150 2969 462 3040 σχολάσωσι
490 2965 676 3019 λοιπὸν
706 2965 810 3027 ἓως
836 2964 936 3033 τῆς
967 2965 1182 3035 ἑορτῆς,
1211 2964 1456 3034 νηστείᾳ,
1484 2967 1603 3035 ἦτοι
1628 2965 1732 3017 ὀλι-

149 3060 373 3130 γοσιτίᾳ
397 3059 491 3111 καὶ
529 3058 834 3128 ἁγνισμοῖς.
870 3055 1123 3109 Φαίνεται
1153 3050 1245 3109 οὖν
1273 3058 1300 3109 6
1334 3055 1537 3127 Κύριος
1569 3058 1730 3128 τιμή-

153 3169 257 3215 σας
288 3151 383 3204 καὶ
414 3153 471 3203 ὲν
495 3149 669 3220 τούτῳ
694 3148 764 3201 τὰ
803 3147 903 3216 τῆς
946 3147 1140 3218 ἑορτῆς
1184 3148 1301 3217 ἔθη.
1344 3147 1733 3219 Καταπληττόι-

154 3260 319 3315 μενος
347 3243 406 3297 δὲ
438 3244 467 3296 6
497 3242 890 3313 εὑαγγελιστής
940 3258 1127 3311 φησιν,
1157 3241 1237 3293 ὅτι
1284 3242 1312 3293 ὀ
1354 3242 1734 3311 τετραήμερος

150 3336 350 3406 νεκρὸς
385 3334 638 3406 συνήσθιε
669 3334 747 3405 τῷ
775 3334 1015 3405 Χριστῷ,
1044 3335 1124 3396 είς
1151 3332 1461 3402 ὑπόμνησιν
1488 3332 1587 3401 τῆς
1614 3332 1733 3385 Oeo-

152 3424 403 3498 πρεποῦς
435 3423 600 3477 αὑτοῦ
640 3423 906 3490 ἐξουσίας.
948 3420 1171 3489 Είσὰγει
1197 3422 1253 3474 δὲ
1293 3418 1352 3485 ἐξ
1381 3420 1602 3492 ἀγάπης
1631 3421 1733 3491 τῆς

151 3522 239 3582 είς
265 3517 518 3589 Χριστὸν,
558 3517 657 3586 τὴν
688 3516 917 3588 Μάρθαν
945 3514 1319 3576 διακονοῦσαν,
1367 3515 1462 3565 καὶ
1489 3514 1603 3576 τοῖς
1632 3513 1733 3583 τῆς

152 3611 437 3683 τραπέζης
467 3608 845 3681 ὑπηρετοῦσαν
876 3611 1080 3672 πόνοις.

230 3707 341 3759 Καὶ
375 3704 413 3770 ἠ
454 3703 664 3771 Μάρθα
690 3690 977 3770 διηκόνει.

226 3798 344 3867 Τῆς
373 3797 604 3869 Μάρθας
635 3796 1033 3867 ὑπηρετούσης,
1060 3796 1093 3866 ἠ
1128 3794 1316 3866 Μαρία
1339 3793 1610 3863 ἀλείψασα
1638 3791 1732 3846 τὸν

155 3888 366 3960 Κύριον
399 3889 575 3960 μύρῳ,
611 3888 892 3941 ἐτελείωσε
922 3888 1021 3959 τὴν
1047 3889 1127 3950 εἰς
1160 3888 1323 3941 αὑτὸν
1351 3887 1596 3957 ἀγάπην,
1632 3885 1731 3940 καὶ

149 3982 248 4035 διὰ
275 3981 387 4035 τῶν
412 3981 527 4045 δύο,
570 3980 773 4043 τέλειος
816 3981 845 4033 6
873 3979 974 4049 τῆς
1014 3979 1237 4048 ἀγάπης
1263 3980 1388 4050 ὄρος
1418 3978 1729 4049 ἐτελειώθη.

152 4075 395 4129 Δονατδν
423 4073 482 4128 δὲ
530 4073 668 4144 πρὸς
719 4072 951 4143 θεωρίαν
983 4071 1077 4124 τὸν
1127 4072 1304 4140 λόγον,
1341 4072 1429 4125 ἵνα
1480 4073 1580 4142 τὴν
1632 4071 1731 4141 μὲν

154 4165 389 4238 Μάρθαν
445 4166 709 4235 εἴπωμεν,
766 4164 865 4235 τὴν
918 4162 1226 4235 πρακτικὴν
1277 4164 1499 4235 ἀρετὴν,
1531 4164 1630 4233 τὴν
1675 4163 1732 4216 δὲ

1832 1885 1941 1942 quo
1992 1884 2112 1924 esse
2158 1870 2459 1930 diceretur,
2487 1866 2736 1923 furentes
2780 1881 2970 1921 eorum
3011 1866 3231 1920 animos
3275 1880 3411 1920 non-

1832 1966 1969 2021 nihil
2000 1962 2409 2032 comprimeret.
2443 1954 2713 2031 Epulatur
2745 1974 2879 2015 vero
2912 1974 3036 2014 cum
3071 1956 3283 2012 Lazaro
3303 1999 3317 2023 ,
3346 1973 3410 2012 ea

1830 2073 1893 2113 re
1941 2066 2281 2127 spectatores
2312 2052 3044 2120 admonens.oertioresque
3089 2049 3300 2105 faciens
3344 2048 3411 2104 de

1833 2162 1932 2203 sua
1994 2146 2182 2201 divina
2237 2144 2498 2213 potentia.
2544 2140 2798 2196 Ostendit
2850 2156 2983 2196 vero
3040 2140 3410 2211 evangelistes

1834 2240 1936 2294 hac
1966 2238 2287 2293 narratione
2303 2235 2586 2291 Christum
2614 2234 2759 2289 haud
2792 2234 3189 2304 contempsisse
3211 2233 3409 2303 legem,

1834 2332 1977 2386 unde
2006 2338 2061 2386 et
2093 2337 2221 2383 ante
2250 2328 2394 2383 diem
2430 2336 2647 2383 sextum
2699 2326 2956 2390 Pascha,
2989 2340 3114 2380 cum
3140 2325 3408 2380 emendus

1832 2431 1953 2479 erat
1983 2434 2159 2489 agnus
2192 2427 2246 2474 et
2275 2419 2595 2473 servandus
2615 2432 2791 2487 usque
2835 2416 2902 2470 ad
2938 2416 3214 2471 decimum
3238 2430 3409 2486 quar-

1831 2523 1978 2580 tum,
2011 2514 2267 2583 epulatus
2298 2519 2380 2566 est
2412 2526 2539 2565 cum
2580 2509 2826 2563 Lazaro:
2879 2509 3023 2563 forte
3056 2508 3204 2579 quod
3238 2508 3410 2565 moris

1832 2613 1951 2660 erat
1980 2603 2184 2657 Judaeis
2219 2616 2331 2656 uno
2356 2601 2471 2665 die,
2523 2609 2821 2670 antequam
2878 2607 3141 2671 caperent
3176 2614 3400 2671 agnum,

1832 2696 2088 2752 nonnihil
2120 2694 2309 2749 feri-ari
2333 2733 2350 2757 ,
2374 2710 2483 2747 non
2515 2708 2579 2748 ex
2610 2693 2729 2763 lege
2756 2692 2852 2747 sed
2883 2708 2947 2748 ex
2974 2691 3408 2759 consuetudine,

1833 2800 1912 2854 ut,
1947 2798 2070 2861 post
2104 2804 2222 2843 eam
2261 2796 2626 2856 assumptam,
2663 2786 2863 2841 darent
2892 2800 3113 2856 Operam
3148 2786 3410 2857 deinceps

1832 2896 2007 2951 usque
2034 2880 2099 2933 ad
2134 2879 2334 2934 festum
2366 2876 2583 2946 jejunio
2607 2918 2620 2941 ,
2655 2877 2772 2931 sive
2818 2878 3083 2945 paucitati
3132 2881 3314 2933 victus
3356 2888 3411 2933 et

1830 2972 2274 3043 purgationibus.
2308 2968 2540 3023 Videtur
2568 2981 2701 3039 ergo
2728 2968 2893 3039 695
2928 2969 3197 3025 Dominus
3242 2971 3410 3026 etiam

1756 3074 1802 3145 ε
1836 3065 1894 3119 in
1928 3064 2033 3118 hoc
2066 3078 2271 3117 morem
2314 3061 2439 3115 festi
2486 3060 2748 3114 coluisse.
2785 3061 3240 3117 Admirabundus
3279 3078 3413 3118 vero

1833 3156 2199 3227 evangelistes
2248 3155 2360 3218 ait,
2418 3153 2848 3223 quatriduanum
2898 3164 3176 3209 mortuum
3221 3156 3415 3225 epula-

1834 3258 1949 3305 tum
1998 3264 2124 3304 esse
2177 3261 2302 3301 cum
2337 3245 2599 3311 Christo,
2654 3245 2711 3299 in
2758 3244 2960 3301 divina
2993 3247 3113 3316 ejus
3155 3249 3414 3317 potentiae

1836 3339 2442 3397 commemorationem.
2484 3336 2702 3391 lndicat
2744 3352 2878 3393 vero
2915 3338 3084 3393 etiam
3117 3354 3185 3394 ex
3215 3339 3413 3395 aﬂ‘ectu

1833 3436 1891 3490 in
1924 3433 2205 3489 Christum
2228 3473 2242 3496 ,
2280 3429 2552 3485 Martham
2584 3430 2999 3487 ministrantem
3048 3446 3288 3500 mensae,
3335 3433 3415 3487 ian

1834 3528 2110 3596 boresque
2140 3522 2416 3594 ejusmodi
2458 3521 2777 3577 obeuntem.

1906 3704 2029 3771 XII,
2064 3704 2119 3758 2.
2162 3700 2233 3755 Et
2267 3699 2487 3755 Martha
2527 3699 2893 3754 ministrabat.

1909 3798 2124 3854 Martha
2151 3795 2500 3849 ministrante
2524 3833 2539 3858 ,
2565 3791 2733 3846 Maria
2757 3792 3096 3863 perfundens
3126 3796 3412 3853 Dominum

1836 3895 2122 3962 unguento
2144 3924 2158 3950 ,
2194 3898 2412 3940 omnem
2438 3883 2492 3937 in
2523 3898 2645 3939 cum
2681 3884 3030 3941 dilectionem
3063 3901 3415 3943 consummaa

1832 3985 1946 4046 vit,
1975 3996 2039 4036 ac
2067 3995 2163 4051 per
2193 3978 2383 4033 ambas
2415 3977 2588 4032 totius
2615 3977 2926 4035 dilectionis
2962 3980 3231 4040 terminus
3260 3998 3414 4039 com-

1828 4077 2010 4147 pletus
2040 4079 2143 4129 est.
2182 4069 2370 4126 Potest
2409 4077 2463 4125 et
2496 4069 2564 4125 ad
2602 4072 3034 4139 speculationem
3069 4073 3267 4138 refertsi
3297 4089 3415 4131 sero

1831 4181 1941 4229 mo,
1976 4172 2035 4219 ut
2071 4162 2343 4217 Martham
2374 4160 2596 4232 quidem
2626 4161 2964 4230 accipiamus
2993 4162 3251 4218 virtutem
3283 4176 3414 4225 pra-

152 4260 399 4331 Μαρίαν.
442 4258 541 4328 τὴν
580 4258 958 4327 πνευματικὴν
1015 4254 1266 4325 θεωρίαν,
1311 4255 1434 4324 ἥτις
1498 4252 1729 4306 κατόπιν

1837 4258 2060 4320 cticam,
2086 4255 2315 4308 Mariam
2347 4253 2693 4323 spiritualem
2723 4254 3415 4325 contemplationem,t:use

153 4352 332 4421 βαίνει
383 4349 482 4419 τῆς
518 4348 854 4422 πρακτικῆς·
888 4346 955 4399 δι’
989 4339 1065 4399 ὧν
1094 4346 1158 4417 δὴ
1202 4345 1583 4416 πληρεστάτην
1630 4343 1727 4415 τὴν

1837 4347 2139 4419 practicam
2171 4360 2200 4399 a
2235 4351 2395 4414 tergo
2441 4344 2716 4414 sequitur,
2762 4361 2859 4415 per
2890 4360 3028 4415 quas
3063 4346 3414 4403 absolutissi-

152 4445 235 4507 είς
292 4441 525 4513 Χριστὸν
571 4441 790 4511 ἀγάπην
854 4436 1297 4508 ἐπιδεικνύμεθα.
1363 4437 1570 4503 Ἀλλοι,
1627 4437 1728 4507 τὴν

1838 4454 1984 4493 mam
2040 4451 2173 4508 erga
2229 4437 2400 4491 Deum
2464 4435 2818 4491 dilectionem
2870 4438 3246 4508 designamus.
3303 4437 3412 4493 Alii

152 4536 388 4608 Μάρθαν
410 4535 491 4598 είς
518 4533 687 4586 τύπον
730 4531 909 4585 νοοῦσι
936 4531 1037 4601 τῆς
1068 4530 1301 4594 παλαιᾶς
1348 4529 1572 4600 Γραφῆς
1623 4529 1729 4581 ὑπ-

1839 4529 2111 4584 Martham
2169 4529 2225 4582 in
2287 4528 2517 4599 ﬁguram
2574 4536 2804 4582 sumunt
2852 4531 3060 4585 veteris
3111 4527 3411 4600 Scriptura:

154 4595 531 4699 ηριτουμινην
560 4624 800 4696 Χριστῷ.
850 4595 1349 4693 Μεταπλαττομένη
1586 4623 1730 4674 tato—

1837 4622 2238 4677 ministrantem
2275 4595 2518 4673 Christo.
2563 4616 2981 4675 Transformata
3017 4595 3291 4691 siquidem
3326 4622 3409 4677 hi-

158 4721 255 4790 ρία
299 4718 436 4790 πρὸς
479 4718 711 4789 θεωρίαν
767 4716 1160 4787 πνευματικὴν,
1215 4716 1314 4786 τὴν
1345 4714 1440 4769 τοῦ
1486 4714 1736 4785 Σωτῆρος

157 4810 440 4883 τράπεζαν
464 4812 776 4880 συγκροτεῖ.
794 4809 1023 4872 Πολλαῖς
1046 4808 1155 4879 γὰρ
1184 4806 1511 4879 μαρτυρίαις
1531 4807 1732 4876 κεχρή-

162 4904 304 4973 μεθα
331 4904 447 4965 τοῖς
475 4902 627 4972 παρὰ
660 4901 898 4973 Χριστοῦ
933 4902 1316 4971 συνιστάμενοι
1345 4900 1599 4969 δόγμασι·
1634 4901 1734 4970 τὴν

155 4995 215 5048 δὲ
258 4994 480 5065 Μαρίαν
524 4994 623 5064 τὴν
672 4993 1037 5063 εύαγγελικὴν
1096 4992 1400 5057 παίδευσιν,
1432 4990 1531 5060 τὴν
1577 4991 1735 5061 δίκην

161 5087 337 5160 μύρου
358 5084 656 5156 τρίϐουσαν
682 5083 777 5138 τοῦ
807 5083 1013 5153 Κυρίου
1036 5083 1165 5145 τοὺς
1203 5084 1393 5162 πόδας,
1415 5081 1563 5134 τοῦτ’
1596 5081 1731 5145 ἔστι,

155 5175 258 5244 τὴν
285 5174 417 5244 περὶ
459 5172 559 5242 τὴν
587 5172 691 5241 γῆν
722 5170 1021 5241 γενομένην
1064 5169 1212 5240 αὐτῷ
1253 5170 1584 5239 οίκονομίαν,
1642 5169 1734 5222 καὶ

157 5268 290 5337 ὅλην
316 5264 418 5334 τὴν
460 5262 565 5333 γῆν
620 5263 721 5333 τῆς
762 5261 991 5324 εὐωδίας
1041 5260 1373 5331 πληροῦσαν,
1404 5261 1526 5331 ἣτις
1586 5262 1733 5314 ἐστὶν

156 5351 310 5420 οῐιιος
336 5356 435 5425 τῆς
463 5352 684 5424 ἁπάσης
730 5352 1168 5425 ὰνθρωπότητος.
1210 5352 1413 5415 Ἄλλοι,
1446 5353 1549 5422 την
1573 5353 1731 5423 Μάρ-

161 5449 265 5505 θαν
296 5448 393 5519 μιν
412 5445 655 5516 λέγουσι,
686 5446 785 5515 τὴν
807 5445 915 5498 τῶν
952 5444 1218 5499 Ἰουδαίων
1257 5444 1606 5515 Συναγωγὴν,
1635 5444 1732 5515 τὴν

159 5541 251 5595 διδ
275 5536 387 5593 τῶν
424 5536 704 5609 σαρκικῶν
753 5535 1014 5591 θέλουσαν
1060 5536 1387 5609 θεραπεύειν
1432 5536 1523 5589 τὸν
1576 5534 1729 5590 Θεόνο

159 5634 260 5705 τὴν
283 5630 341 5687 δὲ
368 5630 611 5704 Μαρίαν,
640 5630 737 5703 τὴν
764 5629 825 5696 ἐξ
851 5630 1021 5684 ιθνῶν
1062 5629 1410 5701 Ἐκκλησίαν,
1444 5629 1542 5701 τὴν
1564 5645 1731 5683 πνευ-

169 5724 401 5791 mut;
430 5724 623 5788 θυσίας
672 5723 767 5777 καὶ
812 5721 985 5792 εὐώδη
1016 5721 1197 5775 πίστιν
1242 5721 1626 5793 προσάγουσαν
1649 5718 1726 5788 τῷ

521 5818 790 5879 Parnm.
830 5818 944 5882 Gn.
978 5816 1235 5876 LXXIV.

1833 4715 2007 4771 storia
2048 4713 2102 4766 in
2137 4712 2655 4781 contemplationem
2688 4712 3028 4782 spiritualem
3049 4754 3063 4777 ,
3098 4712 3407 4768 Servatoris

1839 4821 2082 4861 mensam
2117 4804 2344 4858 instruit
2382 4812 2436 4858 et
2478 4804 2728 4858 adornat.
2769 4804 2951 4860 Multis
2983 4805 3125 4860 enim
3179 4805 3411 4860 nitimur

1836 4895 2166 4951 testimoniis
2198 4894 2266 4948 de
2299 4893 2521 4949 Christo
2550 4934 2565 4957 ,
2601 4892 2876 4963 dogmatis
2909 4893 3028 4962 ejus
3060 4892 3365 4949 conﬁrmati
3394 4914 3407 4961 ;

1839 4986 2068 5040 Mariam
2100 4999 2234 5040 vero
2274 4984 2650 5054 evangelicam
2694 4984 3125 5048 institutionem,
3157 5000 3279 5056 quae
3326 4986 3411 5039 iu-

1833 5088 1948 5133 star
1982 5077 2246 5149 unguenti
2278 5077 2496 5132 Domini
2526 5077 2691 5146 pedes
2726 5078 2918 5141 unxit,
2954 5076 3060 5132 hoc
3089 5085 3174 5133 est
3203 5077 3323 5147 ejus
3355 5078 3407 5131 in

1833 5181 1979 5227 terra
2013 5172 2400 5234 (economiam,
2445 5177 2607 5239 atque
2641 5170 2960 5226 universum
3000 5168 3273 5224 terrarum
3317 5180 3411 5222 or-

1834 5265 1954 5318 bem
1984 5262 2283 5333 fragrantia
2327 5261 2517 5316 odoris
2568 5260 2782 5329 implet,
2811 5274 2934 5331 quae
2966 5266 3054 5315 est
3096 5258 3267 5313 totius
3315 5257 3411 5311 hu-

1833 5355 2115 5410 manitatis
2171 5352 2392 5409 domus.
2467 5352 2573 5406 Alii
2639 5350 2907 5405 Martham
2980 5350 3411 5421 interpretantur

1832 5442 2146 5499 Judzeorum
2201 5442 2586 5515 Synagogam,
2658 5456 2780 5512 quae
2838 5455 2935 5512 per
2992 5440 3237 5495 carnalia
3293 5438 3411 5492 vult

1835 5537 2004 5593 Deum
2039 5537 2261 5603 colere;
2297 5534 2525 5590 Mariam
2565 5548 2697 5590 vero
2725 5532 3017 5590 conﬂatam
3056 5547 3123 5588 ex
3147 5530 3410 5602 gentibus

1834 5627 2158 5692 Ecclesiam,
2189 5642 2312 5699 quae
2342 5628 2650 5699 spiritualia
2700 5624 2978 5683 sacriﬁcia
3004 5634 3061 5682 et
3088 5624 3409 5682 suaveolen-

1832 5729 1942 5777 tem
1996 5721 2155 5777 tidem
2202 5719 2425 5776 Christo
2477 5720 2675 5787 oll'ert,
2728 5719 3097 5793 exprimitque
3145 5734 3177 5774 e
3215 5724 3407 5773 sancta

2940 5814 2971 5872 3
