3894 6200
462 265 543 321 Ἲς
592 322 594 326 τ
1494 265 1554 322 S.
1593 263 1869 322 CYlllLLl
1911 262 2382 322 ALEXANDRINI
2416 264 2733 327 ARClllEP.
3643 275 3719 336 76

471 387 593 460 ejus
617 399 784 442 carne
812 383 1251 440 benedictionem
1282 397 1379 453 per
1412 384 1702 454 mysticam
1749 383 2045 453 participa-

2162 388 2385 459 Κριστῷ,
2419 389 2514 442 καὶ
2544 391 2994 463 ἀναματτομένην
3022 394 3120 464 τὴν
3148 395 3212 448 ἐκ
3241 395 3342 465 τῆς
3361 395 3522 465 ἁγίας
3549 397 3720 452 αὐτοῦ

472 478 702 532 tionem.
753 473 924 530 Oﬂ‘ert
956 488 1088 530 vero
1143 473 1365 540 libram,
1411 473 1556 543 quod
1596 481 1684 528 est
1732 473 2042 543 perfectum

474 569 709 640 pondus,
754 566 821 622 ad
861 564 1254 638 perfectionem
1296 561 1420 618 fidei
1454 563 1870 633 designandam.

542 741 676 808 XII,
729 742 783 797 '5.
823 740 1023 795 Domus
1072 757 1192 796 vero
1237 738 1454 808 impleta
1507 750 1587 793 est
1615 753 1681 794 ea:
1729 737 1890 793 odore
1941 755 2044 792 un-

473 835 675 906 guenti.

543 927 691 983 Loco
721 925 1031 995 fragrantia:
1072 931 1125 979 et
1162 923 1370 990 odoris,
1403 923 1608 980 Christi
1655 923 1898 994 cognitio
1943 927 2050 979 im-

474 1021 687 1092 pletura
727 1026 844 1074 erat
881 1019 1070 1074 orbem
1111 1027 1410 1073 terrarum.
1446 1016 1673 1087 Repleta
1707 1019 1850 1073 enim
1884 1017 2050 1073 domo

475 1113 750 1166 suavitate
801 1111 1086 1182 unguenti,
1132 1110 1300 1164 veluti
1352 1110 1605 1182 symbolo
1655 1109 2050 1165 ostendebatur

465 1205 672 1259 domus
707 1204 800 1257 illa
831 1217 950 1273 quae
985 1202 1303 1272 propediem
1335 1202 1700 1271 spiritualiter
1737 1211 1854 1256 erat
1891 1201 2050 1272 perfi-

475 1297 696 1352 cienda.
733 1295 930 1349 Statim
965 1294 1110 1350 enim
1149 1302 1271 1364 post
1298 1294 1613 1365 passionem
1648 1293 1876 1359 Christi,
1923 1295 2049 1348 uni~

471 1402 635 1443 versa
685 1397 831 1442 terra
881 1387 1038 1442 suavi
1079 1386 1250 1440 odore
1298 1393 1564 1455 tanquam
1607 1401 1803 1456 magna
1853 1385 2049 1442 domus

477 1490 758 1553 unguento
788 1482 996 1550 repleta
1030 1487 1138 1535 est.
1174 1479 1271 1533 illa
1299 1494 1430 1549 ergo
1457 1494 1554 1548 per
1587 1479 1638 1532 id
1683 1479 1827 1549 quod
1862 1479 2048 1535 sensui

478 1576 746 1644 subiacet,
789 1571 1118 1644 praedicebat
1155 1570 1207 1624 id
1242 1570 1391 1640 quod
1427 1570 1530 1625 sub
1580 1570 1920 1626 intellectum
1956 1585 2050 1625 ca-

478 1666 599 1719 dit:
633 1681 757 1719 nam
797 1665 919 1733 ejus
957 1678 1189 1733 corpore
1214 1663 1389 1717 instar
1421 1661 1686 1716 alabastri
1718 1671 2046 1731 compuncto

463 1771 544 1810 ac
574 1771 864 1828 percusso,
908 1752 1246 1825 cognitionis
1286 1750 1454 1823 696
1502 1751 1872 1807 suaveolentia
1924 1753 2048 1806 uni-
2076 1727 2122 1788 Β

477 1865 695 1906 versum
725 1849 911 1904 orbem
947 1847 1204 1916 perfudit.

547 1941 662 2004 XII,
695 1941 750 2008 ι,
777 1941 830 1996 5.
846 1940 986 1994 Dicit
1014 1941 1177 2010 igitur
1197 1937 1369 1992 ludas
1395 1937 1680 1994 Iscariotes
1709 1955 1728 1993 :
1757 1939 1935 2006 Quare
1955 1939 2050 1994 hoc

469 2041 800 2104 unguentum
825 2047 928 2086 non
949 2030 1109 2085 ueniit
1135 2029 1379 2083 trecentis
1403 2027 1662 2096 denariis,
1691 2037 1741 2083 et
1767 2029 1954 2083 datum
1972 2037 2050 2084 est

465 2126 646 2196 egenis
675 2127 699 2178 Ρ

550 2217 762 2272 Mulieri
801 2215 1058 2286 pietatem
1105 2228 1261 2268 suam
1311 2227 1441 2281 erga
1494 2211 1774 2268 Christum
1824 2214 2050 2270 testanti

469 2309 726 2380 proditor
759 2311 1068 2368 succenset,
1119 2304 1500 2374 actionemque
1550 2304 1916 2361 admiratione
1963 2307 2048 2360 di-

478 2417 638 2473 gnam
671 2399 868 2468 carpit,
913 2397 1245 2466 simulatque
1280 2412 1340 2450 se
1365 2395 1636 2450 charitate
1669 2411 1801 2466 erga
1843 2411 2049 2466 paupe-

471 2511 568 2550 res
594 2493 814 2548 modum
843 2489 1264 2560 reprehendere,
1290 2486 1440 2557 quod
1463 2494 1800 2557 unguentum
1829 2486 2050 2540 offerret

477 2595 530 2640 et
556 2599 665 2640 non
691 2590 997 2652 argentum.
1030 2579 1168 2633 Cum
1204 2587 1383 2631 autem
1417 2577 1468 2632 id
1502 2577 1645 2647 quod
1676 2592 1804 2630 vere
1845 2576 2048 2629 bonum

477 2685 564 2733 est
601 2677 904 2746 ignoraret,
931 2671 1068 2725 dicit
1102 2671 1206 2723 hoc
1235 2668 1428 2723 ludas.
1469 2667 1702 2738 Oportet
1735 2669 1876 2722 enim
1903 2669 2051 2722 obla-

479 2768 708 2830 tionem,
735 2779 858 2835 quae
895 2762 1003 2818 Ι)εο
1039 2761 1122 2824 fit,
1153 2747 1488 2830 pauperibus
1514 2759 1798 2814 anteferri.

547 2855 676 2920 Xll,
710 2856 762 2911 6.
811 2854 961 2908 Dixit
987 2863 1163 2907 autem
1191 2853 1310 2914 hoc,
1352 2868 1454 2905 non
1481 2851 1619 2920 quod
1651 2868 1732 2904 res
1767 2865 2048 2919 egenorum

479 2948 582 3018 ipsi
611 2962 752 3001 cura!
779 2953 974 3010 essent,
1025 2943 1116 2998 sed
1161 2943 1285 3011 quia
1315 2940 1402 3008 fur
1450 2949 1585 3006 erat,
1615 2951 1665 2994 et
1718 2939 1917 2994 loculos
1947 2942 2047 2992 Ita-

482 3042 626 3101 beus,
655 3048 762 3093 etc.

551 3129 792 3201 Exponit
830 3144 1057 3185 causam
1083 3129 1423 3199 evangelista
1453 3140 1553 3180 cur
1585 3124 1698 3177 ha‘c
1736 3121 2052 3193 loqueretur

479 3223 672 3288 ludas,
717 3238 826 3276 non
862 3222 1009 3292 quod
1046 3236 1313 3292 pauperes
1352 3224 1593 3281 curaret,
1641 3215 1735 3270 sed
1777 3216 1922 3285 quod
1966 3213 2055 3267 fnr

480 3323 626 3371 esset
674 3322 728 3368 et
761 3315 1085 3383 sacrilegus,
1139 3311 1248 3366 Deo
1293 3311 1507 3366 dicatas
1558 3309 1821 3376 pecunias
1874 3305 2056 3359 subri-

483 3407 660 3478 piens.
691 3407 950 3462 Christus
984 3419 1114 3460 vero
1137 3404 1424 3458 mulierem
1458 3400 1609 3456 omni
1643 3400 1806 3467 culpa
1833 3397 2052 3461 liberat,

481 3500 612 3554 dum
659 3500 877 3553 occulte
915 3496 1253 3567 proditorem
1285 3493 1587 3562 redarguit,
1631 3491 1722 3560 qui
1750 3489 1900 3543 nulla
1925 3504 2052 3542 cum

487 3591 702 3645 ratione
732 3590 895 3644 laude
936 3589 1102 3657 digna
1128 3585 1574 3656 reprehenderet,
1599 3583 1828 3637 dicens:
1864 3599 1885 3633 ι
1924 3582 2056 3638 Sine

484 3681 776 3738 illam.»l)e
804 3681 1070 3751 unguenti
1101 3694 1230 3734 vero
1249 3679 1570 3748 perfusione
1599 3691 1823 3731 causam
1855 3676 2056 3741 reddit,

482 3772 628 3842 quod
656 3785 762 3824 non
791 3770 860 3824 ad
909 3770 1119 3831 luxum,
1168 3768 1261 3824 sed
1296 3768 1362 3821 ad
1403 3767 1726 3839 mysterium
1779 3766 2056 3836 quoddam

483 3862 631 3934 quod
665 3861 812 3915 circa
836 3861 954 3930 ejus
983 3861 1326 3929 sepulturam
1359 3859 1486 3922 fuit,
1520 3863 1730 3928 spectet
1762 3873 1776 3910 :
1808 3857 1914 3912 etsi
1935 3872 2057 3927 qua:

485 3952 540 4008 id
604 3950 860 4014 faciebat,
922 3951 1205 4019 ignoraret
1257 3950 1508 4021 mysterii
1571 3948 1844 4004 rationem
1889 3956 2057 4019 atque

485 4042 871 4100 meouomiam.
908 4041 1078 4096 Multa
1126 4044 1272 4097 enim
1313 4040 1568 4096 nonnulli
1612 4049 1668 4096 et
1707 4041 1969 4096 dixerunt
2001 4049 2057 4096 et

488 4135 736 4190 fecerunt
769 4132 838 4187 ad
863 4133 1150 4204 mysticam
1184 4133 1491 4202 spectantia
1523 4132 1774 4201 ﬁguram,
1797 4132 1921 4188 licet
1955 4133 2058 4187 im-

488 4221 785 4297 prudentes
837 4233 890 4279 et
935 4225 1133 4294 ignari.
1197 4223 1304 4278 Sed
1353 4224 1499 4278 enim
1557 4225 1822 4279 Dominus
1860 4239 2056 4281 rursus

487 4314 735 4384 coarguit
759 4311 978 4376 ludam,
1010 4313 1153 4383 quod
1182 4313 1298 4367 haec
1327 4327 1434 4367 non
1466 4313 1538 4366 ob
1570 4314 1916 4384 religionem,
1959 4315 2053 4369 sed

2152 481 2352 550 σαρκὸς
2384 482 2632 551 εὐλογίαν
2661 483 2750 536 διὰ
2778 484 2874 554 τῆς
2905 486 3171 556 μυστικῆς
3198 487 3567 557 μεταλήψεως.
3621 491 3725 544 Λί-

2148 589 2284 644 τραν
2314 573 2371 626 δέ
2404 577 2692 644 προσάγει,
2727 577 2864 647 ὅπερ
2895 578 3010 630 ἐστὶ
3057 578 3260 643 τέλειος
3313 581 3572 652 σταθμὸς,
3627 582 3724 636 διὰ

2149 663 2209 715 τὸ
2237 664 2339 734 τῆς
2381 666 2616 730 πίστεως
2646 668 2872 720 τέλειον.

2232 755 2296 810 Ἠ
2319 754 2388 808 δὲ
2433 756 2590 810 οἰκία
2621 756 2933 826 ἐπληρώθη
2975 758 3044 812 ἐκ
3086 758 3196 828 τῆς
3244 759 3437 830 ὀσμῆς
3466 762 3571 816 τοῦ
3603 764 3722 831 μύ-

2142 866 2277 916 ρου.

2233 939 2320 994 Ἐν
2349 939 2498 1006 τάξει
2541 942 2788 1005 εὐωδίας,
2819 944 2852 1013 ἠ
2890 941 2986 996 τοῦ
3018 944 3256 1017 Χριστοῦ
3285 945 3484 1012 γνῶσις
3522 945 3721 1017 ἔμελλε

2153 1033 2391 1105 πληροῦν
2440 1035 2532 1088 τὸν
2581 1036 2804 1105 κόσμον.
2849 1035 2954 1088 Τοῦ
2992 1037 3100 1107 γὰρ
3149 1036 3297 1091 οἴκου
3341 1037 3723 1108 πληρωθέντος

2149 1129 2249 1196 τῆς
2287 1128 2350 1179 ἐκ
2381 1125 2475 1178 τοῦ
2518 1125 2690 1198 μύρου
2729 1127 2970 1190 εὐωδίας,
3007 1128 3348 1198 συμϐολικῶς
3377 1130 3722 1182 ἐπεδείκνυτο

2151 1218 2376 1280 ἐκεῖνος,
2422 1218 2558 1288 ὅπερ
2602 1218 2982 1288 πνευματικῶς
3025 1219 3126 1272 οὐκ
3163 1221 3241 1283 εἰς
3273 1220 3488 1291 μακρὰν
3523 1222 3723 1274 ἀποτε-

2151 1308 2406 1378 λεσθῆναι
2446 1309 2692 1380 ἔμελλεν.
2733 1309 2908 1374 Εὐθὺς
2944 1310 3050 1381 γὰρ
3100 1311 3236 1380 μετὰ
3282 1311 3344 1363 τὸ
3397 1311 3584 1376 πάθος,
3619 1312 3722 1383 τῆς

2151 1401 2389 1472 Χριστοῦ
2423 1401 2650 1466 εὐωδίας
2685 1401 2716 1471 ἡ
2770 1401 3032 1472 σύμπασα
3057 1403 3369 1474 οἰκουμένη,
3401 1402 3588 1476 ῶσπερ
3621 1405 3723 1475 μέ-

2151 1509 2254 1561 γας
2281 1489 2447 1557 οἶκος,
2475 1492 2765 1564 ἐπληρώθη
2799 1494 2990 1563 μύρου.
3033 1493 3122 1564 Τῷ
3153 1495 3327 1547 τοίνυν
3356 1495 3621 1566 αἰσθητῷ,
3656 1492 3722 1548 τὸ

2151 1584 2337 1655 νοητὸν
2387 1585 2568 1654 ἐκείνη
2609 1587 2940 1656 προεμήνυε⁶
2986 1583 3080 1637 τοῦ
3111 1584 3218 1656 γὰρ
3258 1584 3505 1656 σώματος
3549 1586 3719 1640 αὐτοῦ

2151 1675 2523 1746 ἁλλαϐάστρου
2574 1675 2728 1746 δίκην
2775 1676 3210 1747 ἐκκεντηθέντος,
3245 1679 3279 1749 ἡ
3313 1681 3414 1749 τῆς
3459 1677 3720 1747 γνώσεως

2151 1767 2348 1822 εὐωδία
2369 1768 2460 1822 τὸν
2485 1767 2605 1822 ὅλον
2632 1768 2918 1840 ἐπλήρωσε
2945 1769 3171 1840 κόσμον.

2221 1946 2390 2016 Λέγει
2416 1942 2531 2001 οὖν
2570 1945 2792 2012 Ἰούδας
2823 1950 2856 2000 ὀ
2907 1947 3316 2016 Ἰσκαριώτηςο
3349 1949 3511 2002 Διατί
3539 1949 3721 2004 τοῦτο

2149 2040 2214 2092 τὸ
2241 2040 2435 2108 μύρον
2475 2039 2586 2092 οὐκ
2625 2038 2850 2108 ἐπράθη
2882 2038 3240 2107 τριακοσίων
3259 2038 3576 2109 δηναρίων,
3615 2037 3720 2093 καί

2149 2132 2329 2201 ἐδόθη
2369 2131 2624 2201 πτωχοῖς
2645 2147 2662 2195 ;

2232 2223 2491 2292 Ἐπιτιμᾷ
2520 2225 2547 2275 6
2573 2221 2838 2292 προδότης
2865 2222 2931 2292 τῇ
2958 2220 3176 2289 γυναικὶ
3205 2220 3581 2292 ἐπιδειξαμένη
3616 2219 3718 2291 τὴν

2149 2315 2229 2378 είς
2261 2313 2496 2383 Χριστὸν
2526 2312 2829 2375 εὐσέϐειαν,
2864 2312 2960 2366 καὶ
2983 2311 3083 2381 τῆς
3109 2312 3440 2380 ἁξιαγάστου
3463 2311 3719 2382 πράξεως

2151 2402 2601 2472 ἐπιλαμϐάνεται,
2635 2402 2726 2455 καὶ
2755 2405 3134 2470 προσποιεῖται
3181 2403 3268 2455 διὰ
3310 2401 3413 2470 τῆς
3463 2405 3544 2465 είς
3588 2403 3718 2464 τοὺς

2151 2495 2398 2563 πτωχοὺς
2450 2494 2668 2562 ἀγάπης
2726 2492 3055 2561 μέμφεσθαι,
3108 2493 3241 2546 διότι
3318 2493 3488 2564 μύρον
3537 2509 3714 2564 προσο

2150 2583 2334 2653 έφερε,
2361 2582 2455 2634 καὶ
2481 2582 2580 2634 οὐκ
2612 2581 2893 2652 ἀργύριον.
2913 2583 3143 2650 Ἀγνοῶν
3163 2583 3219 2635 δὲ
3247 2583 3306 2636 τὸ
3330 2585 3498 2648 ὖντως
3526 2584 3716 2648 καλὸν,

2149 2674 2296 2742 λέγει
2323 2672 2481 2725 τοῦτο
2504 2674 2532 2724 6
2571 2671 2788 2733 Ἰούδας.
2824 2675 2915 2723 Δεῖ
2941 2673 3048 2742 γὰρ
3071 2673 3170 2742 τὴν
3200 2675 3280 2736 είς
3312 2674 3444 2727 Θεὸν
3471 2675 3720 2746 δωροφο-

2151 2765 2292 2837 ρίαν,
2329 2763 2724 2835 προτιμοτέραν
2753 2760 2890 2817 εἶναι
2916 2764 3022 2817 τῶν
3057 2765 3307 2835 πτωχῶν.

2220 2851 2366 2910 Eine
2401 2852 2469 2905 δὲ
2496 2851 2690 2916 τοῦτο,
2721 2854 2833 2922 οὐχ
2866 2852 2954 2905 ὅτι
2985 2854 3117 2921 περὶ
3145 2852 3262 2907 τῶν
3299 2856 3548 2925 πτωχῶν
3579 2857 3720 2927 ἔμε-ι

2148 2948 2280 3009 λεν,
2312 2944 2449 2998 ἀλλ’
2497 2943 2585 2995 ὅτι
2636 2944 2901 3010 κλέπτης
2932 2939 3011 3013 ἦν
3039 2943 3136 2997 καὶ
3181 2945 3248 2998 τὸ
3279 2948 3723 3018 γλωσσόκομον

2150 3033 2294 3105 εἶχε,
2320 3038 2415 3089 καὶ
2443 3035 2511 3089 τὰ
2541 3035 2688 3106 ἐξῆς.
3534 3081 3540 3087 .

2234 3129 2291 3182 Ὀ
2328 3127 2510 3197 μέντοι
2559 3127 2949 3198 εὐαγγελιστὴς
2976 3127 3249 3200 ἐξηγεῖται
3285 3130 3385 3201 τὴν
3419 3132 3618 3197 αἰτίαν,
3648 3133 3721 3186 δι’

2150 3221 2218 3291 ἣν
2247 3219 2418 3271 ταῦτα
2450 3217 2602 3272 εἶπεν
2633 3221 2661 3270 6
2694 3219 2915 3283 Ἰούδας,
2963 3220 3045 3273 ὃτι
3081 3222 3179 3291 οὐχ
3211 3223 3287 3284 ὠς
3333 3223 3441 3276 τῶν
3472 3225 3723 3294 πενήτων

2150 3309 2467 3379 κηδόμενος,
2499 3307 2635 3362 ἀλλὰ
2674 3309 2754 3361 ὅτι
2791 3309 3026 3380 κλέπτης
3063 3305 3132 3379 ἦν
3178 3310 3273 3363 καὶ
3310 3311 3600 3381 ἱερόσυλος,
3651 3315 3724 3365 τὰ

2151 3399 2229 3470 τῷ
2267 3398 2386 3470 Θεῷ
2411 3399 2774 3470 ἀνατιθέμενα
2802 3401 3059 3471 χρήματα
3089 3402 3353 3455 κλέπτων.
3397 3405 3504 3455 Καὶ
3533 3405 3561 3456 6
3585 3405 3724 3475 Xpt~

2153 3491 2274 3554 στὸς
2301 3490 2358 3543 δέ
2405 3490 2582 3559 πάσης
2629 3491 2806 3553 αἰτίας
2837 3492 3128 3562 ἐλευθέραν
3159 3493 3448 3561 ἀποφαίνει
3492 3492 3590 3564 τὴν
3617 3509 3722 3562 γυ-

2152 3587 2331 3648 ναῖκα,
2359 3583 2427 3636 δι’
2454 3578 2529 3636 ὧν
2555 3584 3052 3654 ἐγκεκαλυμμένως
3082 3585 3291 3655 ἐλέγχει
3318 3586 3406 3638 τὸν
3431 3587 3724 3658 προδότην,

2112 3674 2253 3727 ὀὐκ
2305 3673 2540 3741 εὐλόγως
2573 3672 2896 3742 αἰτιώμενον
2923 3676 2992 3726 τά
3038 3675 3260 3728 ἐπαίνου
3319 3675 3462 3740 ἄξια,
3523 3677 3723 3746 λέγων,

2161 3765 2366 3832 (Ἄφες
2393 3763 2622 3833 αὐτην.»
2669 3764 3273 3838 Ἀπολογεῖταιδέξύπὲρ
3301 3767 3400 3835 τῆς
3421 3767 3514 3820 τοῦ
3547 3768 3722 3837 μύρου

2154 3852 2406 3924 χρίσεως,
2424 3853 2484 3906 οὐ
2501 3851 2589 3904 διὰ
2611 3851 2818 3923 τρυφὴν
2841 3854 3142 3921 γεγονυίας,
3167 3855 3302 3908 ἀλλὰ
3328 3856 3417 3909 διά
3435 3873 3487 3907 τι
3513 3859 3723 3929 μυστή-

2159 3945 2444 4016 ριον,ὂπερ
2477 3947 2555 4009 εἰς
2583 3945 2672 3999 τὸν
2703 3945 2867 3999 αὐτοῦ
2885 3947 3103 4014 γέγονεν
3133 3948 3520 4016 ἐνταφιασμὸν,
3551 3950 3599 4001 εί
3626 3950 3723 4002 καὶ

2156 4035 2403 4106 ὴγνόειή
2444 4038 2717 4107 ποιήσασα
2748 4037 2843 4089 τοῦ
2897 4037 3192 4108 μυστηρίου
3236 4037 3333 4108 τὴν
3386 4039 3718 4108 οἰκονομίαν.

2157 4127 2334 4180 Πολλὰ
2351 4129 2460 4200 γάρ
2478 4145 2622 4192 τινες
2652 4129 2748 4181 καὶ
2781 4124 2930 4182 εἷπον
2951 4131 3043 4182 καὶ
3073 4129 3333 4198 ἐποίησαν
3353 4131 3433 4193 είς
3461 4131 3722 4200 μυστικὸν

2156 4220 2369 4292 ὁρῶντα
2396 4220 2566 4274 τύπον
2594 4221 2932 4289 ἀγνοοῦντες.
2957 4222 3144 4291 Ὅμως
3191 4224 3219 4274 6
3271 4221 3474 4292 Κύριος
3509 4223 3722 4294 ἐλέγχει

2158 4314 2320 4368 πάλιν
2346 4314 2436 4367 τὸν
2452 4313 2672 4379 Ἰούδαν,
2697 4315 2777 4366 ὄτι
2802 4315 2862 4366 οὐ
2891 4313 2956 4365 δι’
2987 4312 3270 4364 εὐλάϐειαν
3301 4313 3474 4365 ταῦτα
3508 4313 3720 4381 ἔλεγεν,

485 4403 559 4460 ob
587 4405 766 4473 turpis
800 4403 938 4458 lucri
985 4404 1341 4473 cupiditatem
1383 4405 1610 4469 diceret,
1656 4413 1820 4474 atque
1855 4405 2051 4475 exiguo

2162 4405 2271 4458 ἀλλ’
2299 4407 2378 4459 ὅτι
2407 4406 2794 4476 αἰσχροκερδὴς
2817 4401 2904 4475 ἦν,
2935 4405 3026 4458 καὶ
3052 4405 3118 4456 δι’
3144 4403 3320 4470 ὀλίγον
3351 4405 3558 4476 κέρδος,
3585 4421 3720 4476 προ-

485 4495 776 4550 admodum
829 4495 1202 4550 emolumento
1252 4497 1576 4568 magistrum
1624 4498 1942 4568 proditurus
1971 4513 2058 4554 es-

484 4593 588 4641 set.
623 4586 835 4656 Quippe
869 4588 1166 4656 sepulturae
1209 4596 1264 4644 et
1291 4589 1485 4644 mortis
1538 4589 1743 4643 mentio
1787 4588 1840 4642 id
1879 4589 2059 4644 decla-

485 4692 611 4731 rare
654 4677 894 4732 videtur.
943 4678 1180 4732 Adducit
1249 4680 1412 4734 etiam
1470 4681 1739 4734 rationem
1799 4679 2058 4734 Servator

485 4763 645 4818 nobis
703 4778 766 4816 ac
818 4766 1262 4832 persuasionem,
1317 4767 1521 4836 pietate
1570 4783 1697 4837 erga
1750 4783 1874 4822 eum
1917 4769 2052 4823 nihil

485 4867 610 4908 esse
640 4853 944 4922 antiquius.
989 4853 1277 4927 Permagni
1329 4857 1580 4920 interest,
1624 4860 1834 4930 inquit,
1867 4876 2052 4915 amare

486 4959 776 5014 pauperes,
811 4945 906 4999 sed
951 4953 1134 5001 tamen
1182 4950 1490 5004 reverentia
1539 4950 1630 5004 Dei
1664 4961 2046 5021 anteponatur.

484 5033 641 5100 Quod
679 5049 809 5088 vero
844 5035 1012 5096 dicit,
1044 5036 1317 5105 ejusmodi
1364 5047 1472 5093 est.
1526 5039 1794 5108 Tempus,
1839 5032 2053 5110 inquit,

484 5121 629 5192 quod
665 5123 1028 5178 constitutum
1058 5137 1142 5180 est
1169 5127 1235 5181 ad
1268 5143 1450 5182 meum
1489 5128 1776 5194 honorem,
1822 5130 1924 5184 hoc
1969 5138 2052 5185 est

485 5213 553 5268 ad
580 5229 754 5268 meam
775 5214 866 5270 hic
895 5219 1410 5284 commorationem,
1439 5213 1708 5290 pauperes
1739 5221 1870 5274 mihi
1909 5237 2050 5289 pra:-

487 5305 615 5360 ferri
647 5312 836 5360 vetat:
877 5315 931 5361 et
970 5306 1074 5362 hoc
1100 5307 1239 5364 dixit
1274 5311 1617 5367 oeconomice
1644 5322 1809 5382 atque
1834 5313 2048 5376 ordine,

483 5412 594 5451 non
641 5413 870 5468 prorsus
919 5399 1200 5456 abducens
1253 5403 1665 5461 misericordem
1713 5419 1777 5460 ac
1819 5405 1968 5474 pium
2021 5423 2050 5459 ει

483 5488 752 5544 charitate
779 5489 834 5544 in
864 5491 1314 5562 pauperes.‘.Cum
1345 5495 1512 5564 igitur
1533 5504 1749 5568 tempus
1771 5506 1854 5554 est
1877 5499 2046 5554 divini

484 5580 666 5635 cultus
695 5588 749 5636 et
778 5583 1096 5638 cantionum
1123 5600 1432 5653 sacrarum,
1463 5603 1539 5644 eze
1566 5592 1897 5660 pauperibus
1917 5608 2048 5663 prte-

487 5666 724 5725 ferendae
755 5679 883 5727 sunt
913 5693 926 5729 :
965 5673 1092 5732 licet
1115 5675 1260 5733 enim
1292 5676 1615 5736 benefacere
1646 5681 1725 5737 eis
1769 5691 1892 5752 post
1932 5684 2045 5753 spi-

2156 4496 2338 4550 δοῦναι
2371 4496 2566 4566 ἔμελλε
2600 4497 2690 4550 τὸν
2735 4494 3067 4550 διδάσκαλον.
3109 4496 3165 4548 '0
3211 4495 3320 4566 γὰρ
3354 4497 3721 4565 ἐνταφιασμὸς

2158 4588 2251 4641 καὶ
2284 4589 2317 4659 ἡ
2354 4588 2447 4640 τοῦ
2493 4588 2721 4641 θανάτου
2773 4589 2957 4658 μνήμη
3003 4587 3160 4640 τοῦτο
3207 4586 3397 4657 δηλοῦν
3449 4588 3718 4656 φαίνεται.

2170 4679 2392 4746 Ἐπάγει
2437 4680 2493 4732 δέ
2535 4678 2912 4748 καὶλογισμὸν
2937 4680 2965 4730 6
2997 4677 3207 4747 Σωτὴρ,
3241 4678 3543 4732 ἀναπείθων
3571 4681 3722 4748 ἡμᾶς

2160 4769 2239 4822 ὅτι
2291 4770 2392 4838 τῆς
2456 4773 2534 4830 εἰς
2597 4769 2757 4822 αὐτὸν
2795 4768 3073 4832 εὐσεϐείας
3129 4769 3280 4823 οὐδέν
3327 4771 3440 4821 ἐστι
3492 4767 3715 4838 βέλτιον.

2173 4861 2596 4931 Ἀξιολογωτάτη
2634 4861 2733 4930 μὲν
2762 4863 2890 4932 γὰρ,
2917 4862 3100 4931 φησὶν,
3133 4863 3165 4931 ἡ
3196 4861 3550 4930 φιλοπτωχία,
3579 4859 3721 4932 πλὴν

2157 4950 2334 5002 ὀπίσω
2387 4949 2631 5018 τετάχθω
2683 4949 2780 5018 τῆς
2832 4951 2912 5012 εἰς
2950 4950 3080 5002 θεὸν
3123 4949 3322 5011 αἰδοῦς.
3361 4949 3424 5000 Ὀ
3457 4949 3512 5000 δὲ
3546 4948 3718 5017 λέγει,

2155 5041 2394 5094 τοιοῦτόν
2426 5043 2591 5093 ἐστιν·
2637 5043 2693 5094 ’0
2745 5041 2951 5112 χρόνος,
3002 5042 3184 5111 φησὶν,
3215 5044 3243 5094 6
3275 5042 3368 5111 τῆς
3398 5043 3477 5104 εἰς
3504 5042 3604 5110 ἐμὲ
3630 5059 3721 5095 τε-

2153 5133 2426 5203 ταγμένος
2452 5132 2612 5185 ἓνεκα
2641 5136 2829 5203 τιμῆς,
2873 5134 3038 5203 ἤγουν
3064 5135 3092 5185 6
3125 5133 3220 5202 τῆς
3253 5133 3344 5184 ἐπὶ
3376 5131 3480 5200 γῆς
3508 5131 3717 5202 διατρι-

2157 5224 2278 5294 ϐῆς,
2313 5224 2410 5276 οὐκ
2443 5224 2668 5276 ἀπαιτεί
2695 5222 2830 5292 ἐμοῦ
2873 5223 3236 5294 προτιμᾶσθαι
3281 5224 3406 5285 τοὺς
3453 5222 3714 5292 πένητας.

2156 5313 2328 5366 Τοῦτο
2378 5313 2435 5365 δὲ
2483 5309 2636 5366 εἶπεν
2664 5313 3043 5383 οἰκονομικῶς,
3069 5313 3168 5365 οὐκ
3211 5312 3468 5381 ἀφίστησι
3504 5312 3603 5381 μέν
3633 5330 3718 5366 τοι

2157 5405 2440 5470 παντελῶς
2471 5409 2570 5477 τῆς
2616 5409 2694 5468 εἰς
2744 5406 2869 5469 τούς
2919 5405 3165 5474 πτωχοὺς
3206 5405 3423 5475 ἀγάπης
3455 5403 3545 5457 τὸν
3577 5421 3718 5475 συμ-

2155 5498 2322 5569 παθῆ.
2347 5501 2475 5554 Ὅτε
2504 5495 2598 5554 οὖν
2625 5501 2784 5572 χρεία
2816 5498 3068 5569 λατρείας
3095 5498 3128 5568 ἢ
3159 5495 3450 5567 ὐμνῳδίας,
3476 5497 3558 5550 δεῖ
3588 5515 3719 5568 προσ

2152 5595 2318 5664 τιμᾷν
2349 5593 2552 5656 ταύτας
2578 5595 2675 5664 τῆς
2708 5596 2789 5657 εἰς
2811 5594 2936 5656 τοὺς
2979 5591 3228 5662 πτωχοὺς
3261 5592 3503 5662 ἀγάπης
3553 5590 3716 5646 δυνα-

2149 5683 2240 5739 τὸν
2288 5683 2396 5755 γὰρ
2447 5679 2506 5736 εὖ
2560 5685 2733 5737 ποιεῖν
2767 5682 2902 5753 μετὰ
2943 5682 3040 5746 τὰς
3064 5681 3436 5751 πνευματικὰς
3470 5681 3716 5756 λειτουρο
