3882 6206
82 352 146 381 -.-:

870 353 935 408 IN
971 354 1308 412 JOANNEM.
1340 386 1410 397 —
1456 353 1583 411 LIB.
1625 354 1712 409 VII
1755 354 1843 408 ET
1879 355 1989 411 VIII
2028 358 2474 414 FRAGMENTA.
3262 371 3328 424 78

73 469 223 535 γίας.
243 469 409 539 Φησὶν
436 465 528 525 οὖν
556 472 635 525 ὅτι
663 471 776 525 Οὐκ
809 474 1147 539 άδιαστάτως
1178 475 1266 528 ἀεὶ
1296 477 1417 538 ταῖς
1448 477 1530 538 εἰς
1559 475 1626 543 ἐμ

1765 472 1983 526 ritualia
2008 472 2203 529 oﬂicia.
2236 474 2376 529 Dicit
2401 477 2569 546 igitur
2592 492 2701 532 non
2728 479 2966 564 dandam
3000 496 3121 537 esse
3154 487 3333 538 conti—

70 565 265 629 τιμαῖς
299 561 377 614 δεῖ
432 563 739 632 σχολάζειν,
790 564 912 618 οὔτε
945 567 1024 629 είς
1075 568 1174 637 τὴν
1221 568 1500 638 ἱερατικὴν
1547 567 1626 619 λει

1757 572 1954 619 nenter
2004 580 2229 636 operam
2282 564 2480 622 honori
2516 570 2660 638 ejus.
2695 586 2801 647 nec
2845 561 3009 643 697
3057 578 3241 632 omnia
3280 580 3335 633 in

70 654 339 722 τουργίαν
390 657 571 723 πάντα
610 658 943 722 ἀναλίσκειν,
977 659 1114 713 ἀλλὰ
1153 660 1222 712 τὰ
1263 661 1435 714 πολλὰ
1483 661 1626 714 δαπα

1756 673 1915 713 sacra
1949 662 2278 716 insumenda
2309 677 2454 725 esse,
2499 664 2596 717 sed
2631 666 2803 718 multa
2834 682 3077 743 quoque
3117 670 3171 722 in
3206 687 3336 739 pau-

71 750 172 816 νᾷν
204 749 286 810 εἰς
334 750 463 812 τοὺς
503 749 763 819 πένητας.
798 752 865 803 Ἦ
906 750 1113 816 οὕτως·
1159 753 1369 823 Ὥσπερ
1422 754 1562 823 μετά
1593 772 1624 806 τ

1751 765 1913 820 peres
1941 752 2239 821 eroganda.
2284 751 2381 807 Vel
2435 754 2540 807 hoc
2588 756 2751 810 modo
2787 777 2799 810 :
2834 755 3333 826 Quemadmodum,

70 839 344 909 ἀναϐῆναι
378 841 515 911 πρὸς
546 841 637 893 τὸν
671 843 910 912 Πατέρα,
944 845 1227 915 ἐπιτρέπει
1252 847 1363 908 τοῖς
1385 846 1626 916 μαθηταῖ

1749 852 2047 911 postquam
2084 844 2334 897 ascendit
2372 845 2439 899 ad
2480 844 2723 912 Patrem,
2757 850 3336 922 praecepitdiseipulis

71 930 380 998 νηστεύειν·
413 931 557 984 οὕτω
588 934 682 985 καὶ
728 933 825 1002 τῆς
865 935 944 997 εἰς
980 936 1106 998 τοὺς
1155 936 1404 1007 πτωχοὺς
1456 938 1652 1007 ἐπιμε-

69 1021 223 1085 λείας
278 1024 399 1076 τότε
452 1025 649 1088 αὐτοὺς
697 1026 1013 1098 ἀδεέστερον
1043 1029 1428 1083 ἀντιλαϐέσθαι
1462 1031 1649 1101 φησὶν,

70 1114 361 1187 ἀθορύϐως
390 1134 449 1169 τε
496 1118 698 1188 μᾶλλον
736 1121 831 1172 καὶ
864 1121 1245 1193 σχολαιότερον
1278 1122 1650 1194 κατορθώσειν

68 1207 169 1276 τὴν
199 1208 600 1279 φιλοπτωχίαν·
658 1213 793 1284 ὅπερ
836 1214 930 1265 καὶ
961 1213 1174 1282 γέγονε.
1224 1214 1380 1268 Μετὰ
1411 1215 1521 1287 γὰρ
1551 1204 1651 1288 τὴν

68 1299 340 1371 ἀνάληψιν
373 1301 467 1354 τοῦ
496 1304 769 1375 Σωτῆρος,
805 1305 991 1357 οὐκέτι
1020 1306 1348 1375 ἠκολούθουν
1373 1308 1451 1378 τῷ
1504 1307 1649 1362 διδα-

70 1391 285 1464 σκάλῳ,
333 1393 449 1446 ἀλλ’
499 1396 822 1465 ἐσχόλασαν,
876 1398 997 1450 τότε
1032 1399 1262 1463 ἐντόνως
1309 1400 1528 1455 ἅπαντα
1581 1402 1648 1456 τὰ

66 1467 562 1558 καρποφοροῦμενα
594 1490 672 1551 εἰς
696 1490 823 1553 τοὺς
852 1490 1088 1560 πένητας
1111 1491 1511 1557 ἀναλίσκοντες.

151 1578 349 1652 Ἔγνω
402 1574 516 1633 οὖν
567 1566 751 1648 ὄχλος
797 1580 865 1634 ἐκ
921 1582 1041 1634 τῶν
1101 1572 1403 1637 Ἰουδαίων
1451 1587 1645 1652 πολὺς

64 1669 155 1721 ὅτι
185 1650 320 1750 ἐκεῖ
349 1669 501 1736 ἐστι,
538 1672 633 1723 καὶ
664 1672 730 1726 τά
766 1658 916 1742 ἑξῆς.

1743 932 2000 1002 jejunare
2023 935 2090 998 ιθ,
2131 936 2212 990 sic
2259 945 2312 991 et
2364 952 2553 992 curam
2588 954 2893 1010 pauperum
2926 952 3058 997 tunc
3106 944 3337 1001 liberius

1756 1022 1833 1075 ait
1854 1024 2058 1094 suscipi
2084 1024 2264 1094 posse,
2296 1028 2614 1098 minoreque
2649 1031 2891 1101 negotio,
2918 1047 2983 1087 ac
3012 1035 3248 1089 tumultu
3283 1046 3336 1092 et

1755 1113 1965 1183 majore
2006 1116 2120 1170 otio
2157 1117 2479 1173 charitatem
2517 1122 2574 1174 in
2628 1136 2899 1192 pauperes
2950 1128 3333 1197 exercituros;

1755 1205 1904 1274 quod
1932 1211 1987 1259 et
2016 1200 2268 1277 contigit.
2303 1206 2437 1263 Post
2477 1207 2790 1266 Servatoris
2824 1214 2970 1267 enim
3004 1217 3338 1287 assumptio-

1755 1310 1880 1349 nem
1910 1311 2019 1351 non
2054 1299 2291 1369 amplius
2322 1300 2694 1370 sequebantur
2720 1305 3068 1375 magistrum,
3116 1310 3209 1362 sed
3237 1312 3333 1378 pe‘r
3432 1340 3435 1360 ς
3476 1323 3480 1327 ‘

1755 1388 1927 1442 otium
1961 1390 2301 1461 multiplices
2330 1392 2544 1451 fructus
2572 1395 2625 1449 in
2654 1394 2925 1468 pauperes
2946 1398 3205 1457 accurate
3235 1402 3333 1457 de-

1755 1483 2104 1551 promebant.

1844 1564 1970 1639 XII,
2002 1575 2054 1630 9.
2108 1572 2362 1645 Cognovit
2412 1579 2535 1648 ergo
2585 1579 2741 1633 tarb'a
2786 1582 2958 1636 multa
3006 1598 3071 1637 ea:
3112 1583 3327 1640 Jud‘w‘is

1748 1664 1875 1732 quia
1915 1664 2027 1717 illic
2061 1676 2160 1731 est,
2189 1675 2300 1721 etc.

133 1760 239 1813 Διά
269 1746 331 1812 eo
366 1759 512 1825 ξένον
542 1760 637 1815 τοῦ
681 1764 907 1833 σημείου
948 1764 1387 1836 καταπλήττεται
1415 1772 1443 1822 ό
1467 1754 1622 1839 ὄχλος

1784 1778 1785 1781 η
1816 1746 2049 1823 Propter
2086 1757 2387 1813 novitatem
2410 1760 2590 1831 signi,
2621 1777 2819 1833 magno
2850 1769 3075 1835 stupore
3106 1768 3326 1840 capitur

61 1853 159 1906 καὶ
183 1854 324 1924 ὅπερ
362 1854 599 1925 ἥκουσαν
620 1856 859 1923 γεγονὸς,
880 1855 1069 1926 ἤθελον
1095 1860 1188 1911 καὶ
1221 1859 1341 1928 ὄψει
1368 1860 1641 1932 θεωρῆσαι

61 1944 200 2014 πρὸς
238 1943 594 2017 βεϐαιοτέραν
637 1947 837 2000 πίστιν.
886 1948 959 2001 Οὐ
1004 1949 1162 2019 μόνον
1189 1949 1245 2003 δὲ
1274 1951 1366 2004 τὸν
1394 1950 1644 2023 Λάζαρον

60 2035 257 2117 ἤθελον
297 2037 443 2099 ίδεῖν,
472 2024 607 2091 ἀλλά
639 2039 734 2091 καὶ
765 2040 856 2093 τὸν
886 2043 1122 2112 Χριστὸν
1156 2042 1246 2096 τὸν
1276 2044 1370 2097 τοῦ
1418 2046 1644 2117 σημείου

60 2128 315 2200 ποιητὴν,
346 2131 406 2183 οὐ
434 2130 551 2183 τότε
578 2130 792 2202 πρῶτον
825 2133 986 2187 αὐτὸν
1012 2136 1317 2206 ἑωρακότες
1338 2154 1350 2166 ·
1372 2133 1511 2207 ἦσαν
1537 2139 1643 2207 γὰρ

57 2219 321 2282 πολλάκις
369 2221 531 2274 αὑτὸν
568 2222 785 2286 ἰδόντες,
822 2226 915 2278 καὶ
942 2225 1299 2297 ὁμιλήσαντες
1322 2229 1469 2299 αὑτῷ
1490 2245 1501 2258 °
1528 2228 1642 2282 ἀλλ’

56 2312 291 2382 ἐπείπερ
317 2309 385 2382 ἦν
421 2314 782 2384 ὑποχωρήσας
818 2316 905 2368 διὰ
933 2317 993 2369 τὸ
1018 2318 1091 2389 μὴ
1117 2320 1309 2373 παθεῖν
1340 2319 1493 2388 παρά
1520 2339 1640 2375 και-

57 2401 171 2469 ρὸν,
206 2401 432 2472 ἐζήτουν
458 2402 617 2455 πάλιν
646 2390 773 2457 ἰδεῖν
802 2406 985 2461 αὐτόν.
1018 2410 1080 2461 Ol.
1121 2409 1176 2461 δὲ
1218 2411 1637 2483 ἐπιεικέστεροι,

55 2493 149 2544 καὶ
171 2492 501 2567 ἐθαύμαζον
519 2495 703 2559 αὐτὸν,
732 2497 806 2559 ὼς
839 2498 988 2552 οὐδὲν
1010 2500 1173 2553 αὐτοῦ
1207 2502 1635 2571 κατεγνωκότες.

55 2586 435 2665 Οἰκονομικῶς
458 2582 548 2641 οὖν
586 2590 612 2640 ὁ
651 2578 855 2660 Κύριος
898 2591 996 2645 οὐκ
1054 2590 1216 2657 εὐθὺς
1264 2596 1511 2666 εἰσῆλθεν
1559 2601 1641 2662 είς

66 2662 424 2750 Ἰερουσαλὴμ
445 2720 460 2745 ,
490 2682 604 2734 ἀλλ’
656 2681 869 2753 ἔμεινεν
919 2684 1024 2750 ἔξω
1047 2728 1061 2751 ,
1097 2687 1183 2740 ἵνα
1228 2662 1382 2753 τοὺς-
1410 2691 1639 2756 πολλοὺς

52 2769 139 2822 ea
160 2774 263 2841 τῆς
294 2773 481 2844 φήμης
512 2775 884 2847 ἐπισπάσηται
921 2779 1003 2841 είς
1027 2779 1319 2850 ἐπιθυμίαν
1336 2782 1430 2836 τοῦ
1463 2782 1638 2837 θέλειν

53 2860 213 2913 αὑτὸν
250 2861 398 2917 ίδεῖν.

131 2955 611 3010 Ἔϐουλεύσαντο
644 2958 713 3011 δὲ
768 2963 822 3013 οὶ
874 2961 1164 3031 ἀρχιερεῖς
1193 3006 1207 3029 ,
1242 2965 1342 3019 ἵνα
1386 2968 1482 3021 καὶ
1530 2969 1637 3023 τὸν

52 3041 318 3111 Λάζαρον
344 3046 795 3105 ἀποκτείνωσιν.

1751 1845 2068 1910 multitudo,
2110 1858 2164 1902 et
2199 1852 2343 1919 quod
2377 1853 2589 1907 audivit
2635 1860 2851 1910 tantdm
2878 1900 2890 1921 ,
2925 1859 2990 1912 ad
3024 1858 3323 1917 ﬁrmiorem

1748 1935 1905 1989 [idem
1937 1936 2116 1994 oculis
2159 1957 2431 2013 usurpare
2464 1947 2636 2015 cupit.
2684 1947 2793 2003 Nec
2822 1958 3035 2005 tantum
3068 1949 3323 2007 volebant

1742 2024 1930 2082 videre
1960 2026 2251 2097 Lazarum,
2293 2032 2387 2086 sed
2432 2043 2485 2089 et
2526 2036 2807 2092 Christum
2852 2040 3104 2095 miraculi
3148 2043 3323 2099 facto-

1742 2132 1880 2183 rem,
1913 2135 2024 2173 non
2058 2130 2193 2176 tunc
2241 2125 2479 2193 primum
2511 2130 2635 2183 eum
2686 2129 3016 2201 conspicati,
3074 2132 3322 2190 viderant

1741 2207 1885 2265 enim
1923 2214 2089 2283 saepe,
2126 2223 2332 2270 etcum
2369 2228 2435 2273 eo
2466 2221 2727 2275 collocuti
2764 2223 3017 2293 fuerant;
3059 2224 3154 2281 sed
3192 2230 3317 2298 quia

1741 2300 1884 2357 forte
1914 2318 1974 2357 se
2022 2306 2399 2375 Subtraxerat,
2439 2328 2507 2367 ne
2562 2324 2692 2369 ante
2748 2323 2965 2387 tempus
3014 2324 3315 2387 pateretur,

1741 2409 1935 2450 rursus
1965 2412 2090 2451 eum
2120 2402 2354 2456 cernere
2379 2407 2729 2474 expetebant.
2764 2407 3161 2465 Moderatior‘es
3185 2416 3315 2464 vero

1737 2496 1793 2541 et
1829 2489 2006 2557 ipsum
2045 2492 2441 2559 suspiciebant,
2495 2498 2747 2569 nihilque
2801 2502 2853 2555 in
2896 2518 2962 2556 eo
3014 2504 3317 2573 reprehen-

1738 2581 1965 2637 debant.
2002 2582 2368 2645 OEeonomice
2412 2592 2544 2662 ergo
2583 2608 2649 2647 ac
2684 2595 2876 2650 ordine
2906 2596 3174 2654 Dominus
3204 2616 3312 2653 non

1736 2670 1922 2728 statim
1958 2676 2248 2747 ingressus
2279 2683 2365 2735 est
2393 2679 2721 2748 Jerusalem,
2755 2687 2849 2741 sed
2890 2686 3094 2743 mansit
3135 2684 3312 2755 extra,

1738 2777 1799 2823 ut
1846 2768 2195 2825 multitudini
2249 2787 2315 2827 ex
2363 2772 2508 2829 fama
2553 2777 2913 2847 cupiditatem
2952 2781 3035 2834 sui
3090 2782 3311 2837 videndi

1735 2861 2009 2930 injiceret.

1808 2952 1899 3007 XII
1923 2995 1938 3018 ,
1969 2956 2055 3010 10.
2095 2956 2399 3012 Consilium
2444 2968 2621 3012 autem
2663 2958 2893 3015 inierant
2928 2961 3191 3032 principes
3217 2982 3309 3019 sa-

1736 3044 2008 3099 cerdotum
2038 3087 2053 3111 ,
2084 3058 2141 3100 ut
2186 3059 2234 3101 et
2263 3047 2533 3103 Lazarum
2571 3052 2951 3121 interﬁcerent.

122 3138 267 3207 Ὅρα
295 3137 352 3190 δὲ
407 3139 489 3191 ὅτι
521 3144 889 3212 παραφρονεῖν
917 3143 1164 3199 δοκοῦσιν
1204 3148 1252 3200 ot
1311 3149 1625 3221 ἡγούμενοι,

1800 3138 2035 3195 Attende
2069 3142 2263 3203 etiam,
2319 3143 2464 3211 quod
2515 3141 2582 3197 de
2644 3152 2789 3197 statu
2849 3146 3053 3202 mentis
3107 3146 3305 3204 deduci

53 3228 172 3298 τῇδε
219 3232 450 3283 κάκεῖσε
508 3232 855 3305 κλονούμενοι
898 3237 1002 3290 ὑπὸ
1032 3238 1128 3291 τοῦ
1167 3240 1383 3309 φθόνου,
1415 3244 1507 3297 καὶ
1537 3246 1626 3297 οὺ-

50 3317 133 3371 δὲν
163 3320 463 3376 ἀκόλουθον
500 3322 807 3388 λαλοῦντες.
847 3327 1008 3380 Φόνον
1060 3330 1155 3382 ἐπὶ
1198 3331 1343 3402 φόνῳ
1395 3333 1629 3403 μελετῶ-

56 3426 154 3472 σιν,
184 3412 424 3481 οἰόμενοι
456 3414 549 3467 τοῦ
598 3417 899 3487 παραδόξου
947 3419 1244 3491 δραμόντος
1276 3424 1373 3495 τὴν
1399 3425 1626 3495 δύναμιν

54 3502 495 3573 συναιαιρεῖσθαι
517 3505 595 3576 τῷ
622 3508 962 3575 τελευτῶντι,
988 3511 1075 3565 ἵνα
1095 3515 1217 3576 τοὺς
1249 3514 1410 3579 λαοὺς
1427 3518 1624 3570 ἀνακό-

51 3593 189 3662 deum
211 3596 509 3668 τρέχοντας
538 3600 628 3652 ἐπὶ
662 3600 720 3654 τὸ
756 3604 1036 3656 πιστεύειν
1057 3606 1292 3678 Χριστῷ.

132 3773 531 3842 Ἀκούσαντες
569 3777 657 3830 ὅτι
694 3777 926 3848 ἔρχεται
973 3785 1006 3836 ὀ
1048 3784 1285 3851 Ἰησοῦς
1325 3788 1413 3852 εὶς
1445 3788 1618 3856 Ἰερο-

49 3864 309 3933 adium.

118 3955 539 4029 Εὑπειθέστεροι
576 3959 725 4023 ὄντες
749 3963 796 4014 οί
832 3962 979 4032 ὄχλοι
1030 3965 1123 4017 καὶ
1152 3969 1218 4037 τῇ
1254 3968 1346 4021 τοῦ
1392 3971 1617 4041 σημείου

48 4049 259 4115 ποιήσει
290 4048 624 4118 ὑπαχθέντες
653 4051 968 4121 ὑπήντησαν
995 4052 1073 4122 τῷ
1116 4054 1355 4125 Χριστῷ,
1391 4057 1617 4126 ὑμνοῦν-

45 4153 134 4199 τες
172 4138 337 4192 αὑτὸν
364 4140 441 4204 ὡς
469 4142 790 4212 νενικηκότα
820 4144 913 4196 τὸν
961 4143 1187 4199 θάνατον
1234 4148 1371 4217 μετά
1409 4148 1574 4218 βαῖων
1600 4167 1613 4179 ⁸

43 4228 355 4299 εὐφημοῦσι
386 4231 442 4284 δὲ
492 4233 591 4303 οὐχ
629 4234 835 4298 ἁπλῶς,
867 4234 981 4287 ἀλλ’
1008 4237 1072 4289 ἐκ
1117 4237 1217 4307 τῆς
1262 4237 1615 4292 θεοπνεύστου

45 4320 303 4392 Γραφῆς,
340 4323 400 4374 τὸ
459 4324 546 4376 ἐπ’
578 4325 725 4396 αὑτῷ
782 4325 961 4389 καλῶς
1008 4328 1299 4397 εἰρημένον
1349 4329 1613 4398 λέγοντες,

43 4413 432 4482 ὁμολογοῦντες
458 4417 538 4469 ὅτι
577 4418 669 4470 καὶ
723 4418 975 4487 βασιλεὺς
1022 4415 1091 4490 ἦν
1135 4420 1230 4472 τοῦ
1290 4421 1523 4493 Ἰσραὴλ,
1556 4423 1615 4475 ὃν

1730 3228 2015 3300 principes
2063 3232 2343 3299 videntur,
2393 3242 2559 3304 utque
2599 3234 2702 3290 hac
2748 3244 2803 3291 et
2855 3238 2980 3293 illac
3029 3241 3309 3309 agitentur

1730 3330 1999 3377 astuante
2036 3323 2267 3388 invidia,
2332 3326 2585 3397 nihilque
2638 3344 2954 3399 congruens
3002 3340 3057 3386 et
3107 3347 3304 3388 sanum

1728 3412 2049 3481 loquantur.
2103 3414 2320 3470 Caedem
2377 3418 2511 3472 caedi
2574 3419 2815 3489 adjicere
2872 3423 3301 3491 maehinantur,

1731 3506 1839 3558 rati
1872 3506 1981 3560 vim
2037 3507 2286 3562 miraculi
2326 3510 2510 3564 omnia
2564 3515 2913 3583 pervagantis
2970 3530 3132 3585 posse
3192 3535 3300 3573 una

1724 3605 1850 3652 cum
1890 3606 2107 3653 mortuo
2147 3600 2449 3672 exstingui,
2479 3610 2538 3657 ut
2575 3618 2847 3659 remoram
2880 3607 3172 3677 injicercnt
3200 3626 3301 3680 po-

1722 3692 1869 3761 pulis
1898 3693 2125 3748 credere
2157 3693 2211 3747 in
2242 3692 2527 3750 Christum
2563 3698 3014 3767 properantibus.

1794 3781 1923 3848 XII,
1956 3784 2043 3838 i2.
2089 3783 2222 3839 Cum
2253 3784 2549 3853 audissent,
2597 3790 2724 3857 quia
2770 3790 2907 3844 venit
2951 3789 3110 3845 Iesus
3166 3792 3298 3849 Hie-

1722 3873 2066 3943 rosolymam.

1792 3963 1989 4020 Turbae
2015 3965 2314 4022 dociliores
2346 3976 2401 4023 et
2432 3968 2499 4023 ad
2541 3968 2697 4024 ﬁdem
2731 3974 3045 4043 proniores,
3085 3982 3290 4035 recenti

1718 4056 1883 4110 etiam
1909 4057 2173 4111 miraculo
2202 4057 2460 4113 adductae
2492 4071 2797 4118 occurrunt
2824 4064 3074 4135 Christo,
3110 4070 3264 4127 laudi

1719 4148 1824 4202 bus
1864 4162 1989 4201 eum
2016 4149 2390 4215 celebrantes,
2436 4159 2698 4223 tanquam
2741 4156 2809 4211 de
2862 4169 3035 4215 morte
3089 4164 3290 4217 trium»

1716 4236 1967 4306 phasset,
1993 4245 2045 4293 et
2080 4238 2280 4295 faustis
2309 4241 2533 4310 quidem
2570 4243 3063 4306 acclamationibus
3101 4252 3290 4323 prose-

1716 4336 1983 4395 qnuntur,
2020 4342 2128 4381 non
2162 4330 2512 4400 simpliciter,
2554 4332 2649 4387 sed
2676 4349 2740 4390 ex
2781 4350 2940 4392 sacra
2978 4340 3284 4411 Scriptura,

1716 4419 1861 4489 quod
1904 4419 1970 4474 de
2002 4434 2069 4473 eo
2112 4424 2379 4490 praeclare
2410 4423 2619 4478 dictum
2655 4438 2740 4481 est.
2800 4440 3152 4501 usurpantes,
3204 4436 3286 4490 fa—

45 4504 132 4554 καὶ
172 4503 361 4571 ἔλεγον
409 4506 617 4559 ἑαυτῶν
652 4507 872 4577 βασιλέα
924 4510 1087 4575 ἴδιον,
1118 4511 1217 4582 τὴν
1244 4512 1338 4564 τοῦ
1379 4514 1613 4585 Χριστοῦ

1736 4518 2007 4580 .entesque
2036 4528 2217 4582 regem
2262 4528 2385 4568 esse
2428 4513 2631 4579 Israel,
2677 4533 2741 4572 ac
2778 4519 3073 4578 identidem
3121 4542 3282 4583 suum

45 4595 341 4665 κυριότητα
404 4598 853 4669 παραδεχόμενοι.
904 4601 1281 4674 Εὐλογημένος
1328 4605 1384 4657 δὲ
1436 4605 1613 4675 λέγον-

41 4698 129 4745 τες
154 4684 352 4748 όΥἱὸς,
385 4687 484 4755 οὐχ
531 4687 605 4751 ὡς
653 4689 901 4759 εὐλογίας
932 4692 1032 4759 τῆς
1073 4693 1224 4764 παρά
1265 4696 1476 4765 Πατρὸς
1514 4713 1609 4748 τυ-

42 4772 169 4841 χὼν,
209 4778 238 4827 ὁ
264 4777 443 4830 πάντα
484 4780 720 4846 εὐλογῶν
763 4782 857 4836 καὶ
890 4784 989 4836 οὐκ
1037 4784 1143 4836 ὲῶν
1182 4786 1606 4856 διαφθείρεσθαι,

44 4866 133 4917 καὶ
165 4869 262 4935 τῆς
299 4869 540 4938 ἀρρήτου
571 4872 757 4936 οὐσίας
777 4872 851 4926 ὧν
888 4890 902 4903 ·
945 4873 1059 4928 ἀλλ’
1085 4877 1165 4929 ὅτι
1185 4877 1453 4949 εὐλογίαή
1490 4879 1608 4951 Θεῷ

43 4955 325 5024 πρέπουσα
363 4962 456 5012 καὶ
514 4961 594 5029 τῷ
629 4964 767 5016 κατά
825 4965 983 5034 φύσιν
1016 4968 1237 5039 Κυρίῳ,
1273 4971 1607 5041 προσάγεται

43 5048 168 5115 παρ’
204 5049 389 5118 ἡμῶν,
429 5052 655 5123 ἐπείπερ
707 5055 961 5127 ἐλήλυθεν
1000 5059 1059 5110 ὲν
1110 5060 1333 5131 ὀνόματι
1378 5062 1603 5132 Κυρίου.

42 5137 247 5203 Πάντες
274 5142 382 5211 γὰρ
415 5145 463 5195 oi
507 5144 650 5213 ἅγιοι
677 5148 779 5199 οὐκ
817 5150 875 5200 ὲν
917 5149 1132 5222 ἐξουσίᾳ
1170 5155 1489 5225 κυριότητος
1510 5151 1606 5226 ἧλ-

42 5228 152 5295 θον,
192 5231 306 5284 ἀλλ’
332 5234 408 5297 ὡς
458 5236 663 5291 οἰκέται
713 5241 960 5311 γνήσιοι·
998 5236 1152 5307 οὗτος
1186 5245 1243 5297 δὲ
1273 5246 1348 5309 ὡς
1380 5247 1604 5319 Κύριος.

41 5320 129 5372 Διὸ
161 5323 251 5375 καὶ
290 5324 560 5395 ἁρμοδίως
592 5330 678 5382 ἐπ’
710 5332 856 5401 αὐτῷ
882 5334 913 5404 ἡ
944 5335 1252 5406 προφητικὴ
1292 5335 1540 5392 λέλεκται
1577 5341 1606 5410 ἡ

43 5416 211 5485 φωνή.
251 5417 314 5469 El
337 5418 445 5489 γάρ
478 5421 655 5492 κύριοι
682 5424 972 5479 καλοῦνταί
1000 5430 1235 5492 τινες,οὑ
1270 5430 1449 5499 φύσει,
1473 5432 1605 5486 ἀλλά

44 5504 219 5595 χάριτι
245 5507 423 5579 ἔχουσι
460 5511 521 5565 τὸ
552 5514 788 5586 ἀξίωμα.
811 5519 920 5571 Καὶ
950 5518 1059 5591 γὰρ
1089 5520 1183 5574 καὶ
1216 5524 1281 5592 τῇ
1308 5522 1484 5595 ἀποχῇ
1507 5524 1599 5577 τοῦ

42 5594 281 5664 ψεύδους,
308 5600 593 5657 καλοῦνται
640 5608 686 5659 oi
719 5607 993 5679 ἄνθρωποι
1031 5609 1249 5683 ἀληθεῖς
1284 5630 1297 5644 ο
1329 5613 1466 5672 ὅπερ
1498 5615 1597 5669 οὐκ

113 5774 155 5807 δ’
192 5775 383 5836 Matth.
418 5798 471 5839 ιι
494 5821 508 5849 ,
544 5785 628 5839 I5.-

1716 4602 1957 4671 ipsorum
1986 4618 2190 4674 regem,
2223 4613 2278 4660 et
2304 4606 2512 4661 Christi
2546 4609 2976 4669 dominationem
3010 4619 3286 4689 accipien-

1717 4703 1817 4749 tes.
1860 4694 2114 4751 Dicentes
2140 4713 2289 4762 vero,
2320 4698 2648 4757 Benedictus
2683 4702 2882 4769 Filius,
2915 4723 3023 4763 non
3056 4709 3159 4765 hoc
3186 4728 3285 4767 vo-

1715 4787 1858 4851 lunt,
1902 4790 2058 4857 quasi
2107 4790 2548 4847 benedictionem
2600 4810 2630 4848 a
2675 4796 2842 4868 698
2889 4799 3052 4857 Patre
3097 4820 3286 4860 conse-

1715 4889 1876 4933 cutus
1916 4881 1989 4933 sit
2019 4881 2065 4936 is
2106 4882 2200 4950 qui
2246 4884 2431 4937 omnia
2464 4884 2743 4940 benedicit
2776 4908 2787 4941 :
2838 4906 2941 4945 nec
2971 4893 3105 4948 sinit
3154 4911 3278 4950 cor-

1712 4972 1894 5040 rumpi
1932 4987 1995 5025 ac
2022 4974 2375 5039 intercidere,
2406 4976 2611 5045 quique
2637 4988 2721 5033 est
2759 4980 3054 5040 ineﬂ'abilis
3086 5000 3280 5043 essen-

1710 5063 1818 5127 tiae,
1850 5064 1942 5118 sed
1996 5066 2260 5135 quoniam
2311 5066 2634 5148 benedictio
2672 5087 2793 5140 quae
2846 5078 3102 5130 convenit
3147 5077 3278 5141 Deo,

1710 5155 1759 5209 ei
1803 5156 1897 5223 qui
1945 5156 2246 5211 secundum
2298 5166 2551 5213 naturam
2601 5159 2871 5218 Dominus
2919 5176 2999 5220 est
3031 5182 3059 5218 a
3110 5170 3269 5225 nobis

1708 5242 1981 5311 defertur,
2018 5244 2463 5316 quandoquidem
2489 5250 2638 5303 venit
2678 5252 2732 5304 in
2775 5255 2999 5309 nomine
3036 5254 3274 5313 Domini.

1707 5335 1820 5391 Nec
1864 5336 2011 5392 enim
2041 5354 2233 5395 omnes
2261 5340 2439 5394 sancti
2476 5340 2531 5395 in
2567 5350 2845 5413 potestate
2882 5346 3276 5403 dominationis

1708 5440 2001 5497 venerunt,
2036 5432 2131 5486 sed
2167 5441 2428 5503 tanquam
2451 5434 2674 5504 ingenui
2707 5437 2851 5491 servi
2882 5456 2896 5492 :
2932 5438 3021 5492 hic
3048 5454 3176 5494 vero
3216 5448 3276 5493 ut

1709 5524 2001 5580 Dominus.
2053 5525 2236 5592 Quare
2284 5528 2679 5584 convenienter
2725 5530 2793 5584 de
2845 5530 2940 5585 illo
2998 5530 3145 5586 dicta
3189 5521 3277 5587 est

1706 5617 2027 5688 proobetica
2058 5634 2181 5675 vox.
2222 5618 2341 5677 Etsi
2388 5620 2537 5677 enim
2587 5621 2843 5678 nonnulli
2887 5621 3141 5680 dicantur
3176 5623 3272 5679 do;
