3894 6200
529 347 596 401 79
1514 346 1570 399 S.
1620 342 1894 398 CYRILLI
1940 341 2412 400 ALEXANDHINI
2453 344 2783 403 ARCHIEP.
3719 346 3785 403 89

527 465 688 532 mini,
723 480 832 521 non
858 471 1059 526 natura
1087 462 1181 518 sed
1206 463 1386 533 gratia
1417 462 1561 518 hanc
1591 462 1799 518 habent
1823 462 2102 534 dignatio—

2240 482 2355 518 στιν
2380 466 2558 520 εἰπεῖν
2589 466 2682 520 ἐπὶ
2729 464 2991 538 Χριστοῦ.
3021 463 3096 519 Οὐ
3123 465 3232 537 γὰρ
3254 464 3341 519 διά
3367 463 3528 520 τοῦτο
3548 465 3789 522 καλεῖται

528 573 679 614 nem.
721 551 1006 626 Siquidem
1035 563 1089 608 et
1116 569 1183 609 ex
1217 552 1550 608 abstinentia
1589 550 1864 606 mendacii
1893 566 2100 606 vocan-

530 667 619 724 tur
658 649 910 704 homines
950 657 1201 712 veraces,
1227 645 1596 715 quodquidem
1625 645 1693 699 de
1740 643 1963 699 Christo
1993 643 2102 699 dici

2210 555 2459 628 ἀλήθεια,
2500 557 2694 630 ἐπειδὴ
2747 559 2807 612 οὺ
2848 557 3124 628 ψεύδεται,
3170 556 3286 612 ἀλλ’
3318 558 3400 611 ὅτι
3443 557 3652 629 ἀμείνω
3681 558 3790 630 εχει

2211 650 2494 714 παντελῶς
2523 649 2617 705 τοῦ
2655 650 2884 719 ψεύδους
2917 649 3015 719 τὴν
3044 649 3228 720 φύσιν.

529 754 639 795 non
669 749 870 810 potest.
912 734 1032 794 Non
1067 739 1211 794 enim
1249 739 1380 809 quia
1407 752 1514 790 nun
1546 737 1839 800 mentitur,
1864 733 1991 790 ideo
2023 749 2252 794 vocatur
2283 742 2512 806 veritas,
2580 743 2674 797 sed
2735 743 2866 812 quia
2907 751 3160 796 naturam
3225 739 3518 796 mendacio
3565 751 3792 810 prorsus

423 898 426 900 γ
531 835 796 903 majorem
827 831 1011 887 habet.

597 923 722 988 XII,
769 923 858 978 14.
899 924 1114 979 Inventa
1165 930 1342 975 autem
1389 919 1548 974 Jesus
1603 921 1806 986 asello,
1842 919 1977 975 sedit
2018 935 2110 975 su-

530 1039 620 1092 per
653 1037 790 1074 eum.

600 1134 798 1206 Magna
842 1131 988 1187 enim
1034 1128 1392 1184 multitudine
1427 1128 1606 1196 ipsum
1639 1126 1882 1196 stipante
1917 1141 1982 1180 ac
2013 1125 2107 1181 de-

532 1227 793 1288 ducente,
819 1239 885 1278 ex
927 1236 1141 1277 summa
1193 1220 1570 1275 moderatione
1621 1219 1675 1271 in
1729 1219 1887 1273 asino
1942 1217 2108 1283 sedit,

528 1320 757 1375 tradens
787 1315 948 1372 nobis
982 1314 1372 1368 documentum
1447 1327 1798 1382 nequaquam
1851 1324 1953 1365 nos
1994 1310 2113 1362 lau-

529 1411 692 1466 dibus
747 1405 1038 1470 efferendi,
1096 1412 1287 1476 utpote
1344 1403 1488 1457 intra
1535 1401 1888 1457 necessitatis
1948 1415 2109 1456 usum

529 1499 866 1556 consistens.
904 1497 1196 1550 Matthaaus
1235 1494 1462 1565 quidem
1498 1492 1682 1549 fusius
1711 1492 1778 1549 de
1801 1492 1959 1548 asino
1991 1506 2112 1546 ver-

2293 921 2504 990 Εὐρὼν
2557 921 2625 974 δὲ
2675 925 2709 975 ὀ
2770 922 3009 991 Ἰησοῦς
3050 921 3322 991 ὀνάριον,
3377 921 3659 976 ἐκάθισεν
3703 924 3794 978 ἐπ’

2218 1013 2385 1066 αὐτό.

2289 1124 2493 1180 Πολλοῦ
2542 1126 2652 1198 γάρ
2719 1124 2956 1196 πλήθους
3020 1125 3186 1178 αὑτὸν
3235 1125 3659 1199 δορυφοροῦντος
3703 1126 3798 1183 καὶ

2218 1219 2628 1291 εὐφημοῦντος,
2666 1219 2771 1273 ὑπὸ
2833 1218 3257 1291 μετριοπαθείας
3313 1219 3491 1292 ἀκρας
3535 1221 3627 1274 ἐπὶ
3676 1220 3798 1276 ὄνου

2218 1312 2510 1383 ὲκαθέσθη,
2539 1313 2808 1367 διδάσκων
2841 1314 3009 1384 ἡμᾶς,
3046 1315 3121 1384 μὴ
3168 1311 3434 1384 ὑψοῦσθαι
3467 1315 3524 1367 ὲν
3567 1317 3680 1378 τοῖς
3704 1315 3802 1368 ἑπ-

2218 1405 2408 1470 αίνοις,
2467 1406 2619 1459 οὐδὲν
2659 1404 2767 1458 τῶν
2798 1403 2899 1474 τῆς
2928 1405 3117 1476 χρείας
3145 1404 3549 1477 παρεκδαίνων.
3599 1407 3659 1460 '0
3700 1406 3804 1478 μὲν

2216 1492 2310 1549 οὖν
2338 1495 2616 1559 Ματθαῖος
2636 1538 2648 1559 ,
2681 1495 3016 1567 πλατύτερον
3039 1489 3160 1550 εἷπε
3189 1497 3258 1550 τὰ
3290 1497 3541 1568 περὶτῆς
3572 1497 3716 1552 ὄνου.
3745 1499 3804 1552 Ὁ

530 1593 600 1648 ba
640 1591 791 1646 fecit.
823 1587 1067 1644 Joannes
1105 1601 1236 1642 vero
1279 1585 1348 1639 ad
1387 1583 1440 1639 id
1488 1583 1636 1655 quod
1679 1583 1734 1638 in
1769 1599 1829 1639 re
1871 1581 2113 1637 maxime

2237 1587 2272 1639 ἱὲ
2329 1586 2580 1656 Ἰωάννης
2631 1586 2720 1639 ἐπ’
2750 1587 2881 1640 αὐτὸ
2909 1587 3004 1640 τοῦ
3059 1587 3381 1659 πράγματος
3416 1583 3548 1660 ἦλθε
3585 1588 3647 1642 τὺ
3683 1605 3806 1643 και-

530 1683 911 1740 necessarium
941 1690 1024 1736 est
1051 1680 1366 1750 properavit
1400 1692 1498 1747 pro
1529 1692 1680 1731 more
1713 1691 1837 1730 suo.
1879 1672 2112 1742 Quando

2237 1675 2515 1738 ›ιώτατον,
2549 1678 2686 1749 ὅπερ
2716 1677 2836 1738 ἔθος
2885 1677 3033 1748 αὐτῷ
3077 1681 3270 1734 ποιεῖν.
3313 1677 3530 1750 Ἐπειδὴ
3562 1680 3619 1733 δὲ
3652 1680 3807 1752 παρὰ

528 1791 662 1832 vero
713 1780 911 1845 praeter
963 1771 1430 1828 consuetudinem
1476 1785 1634 1824 suam
1683 1783 1835 1823 nunc
1889 1775 2104 1820 tantum

2237 1769 2274 1822 τὸ
2301 1768 2532 1839 σύνηθες
2576 1768 2726 1840 αὐτῷ
2754 1770 2879 1841 ἄρτι
2916 1771 3073 1840 μόνον
3117 1772 3365 1839 φαίνεται
3400 1774 3428 1825 ὁ
3458 1772 3664 1844 Κύριος
3710 1771 3807 1826 ἐπὶ

533 1867 798 1924 Dominus
837 1866 893 1919 in
927 1865 1088 1919 asino
1119 1862 1318 1919 sedens
1349 1861 1599 1917 cernitur
1621 1902 1635 1928 ,
1667 1877 1779 1916 non
1821 1866 2110 1930 propterea

2237 1879 2337 1914 ινου
2361 1833 2668 1932 καθήμενος
2681 1833 2709 1926 ,'
2728 1833 2803 1915 οὐ.
2823 1833 3102 1917 διάντοῦτό
3129 1833 3316 1934 ’φαμεν
3350 1864 3510 1919 αὐτὸν
3547 1833 3806 1923 ’καθίσαμ

531 1960 768 2016 dicimus
797 1972 920 2014 eum
956 1957 1188 2020 sedisse,
1215 1956 1360 2026 quod
1393 1954 1586 2026 procul
1625 1955 1820 2009 abesse
1854 1952 1922 2007 ab
1952 1949 2108 2014 urbe,

2237 1953 2298 2003 ἱτι
2353 1951 2572 2022 μακράν
2601 1948 2670 2023 ἦν
2712 1953 2812 2023 τῆς
2860 1954 3097 2018 πόλεως’
3136 1956 3196 2008 οὐ
3233 1955 3339 2028 γάρ
3388 1957 3580 2027 ἀπετχε
3634 1956 3813 2009 πλείω

531 2069 640 2109 non
666 2054 813 2109 enim
854 2050 1047 2107 aberat
1094 2049 1316 2118 longius
1359 2047 1675 2120 quindecim
1722 2044 1916 2101 stadiis
1951 2063 1964 2097 :
2001 2058 2110 2098 non

2237 2043 2510 2098 ῖεκαπὲντε
2543 2044 2770 2100 σταδίων
2793 2047 2967 2108 ’,οὐδὲ
3000 2049 3081 2100 ὃτι
3138 2048 3294 2119 ὄχλος
3334 2044 3401 2119 ἦν
3425 2066 3440 2081 ·
3477 2048 3570 2102 καί
3616 2047 3810 2104 ἄλλοτε

530 2147 659 2215 quia
681 2144 934 2201 conferta
963 2143 1258 2198 multitudo
1284 2151 1426 2205 erat,
1473 2157 1576 2197 nec
1613 2141 1762 2194 enim
1802 2138 1943 2192 alias
1983 2153 2110 2192 cum

2237 2135 2325 2208 (ἀρ
2376 2139 2720 2211 συνευρεθεὶς
2777 2139 2918 2212 ὔχλῳ
2950 2142 3050 2194 οὐκ
3083 2141 3307 2215 ἐποίησε
3359 2141 3550 2196 τοῦτο’
3574 2145 3719 2196 ποιεῖ
3749 2143 3812 2196 δὲ
3862 2204 3874 2215 θ

531 2239 600 2294 ab
625 2239 831 2309 ingenti
862 2235 1021 2290 turba
1057 2235 1523 2296 eircumdaretur,
1561 2231 1666 2286 hoc
1699 2229 1848 2295 fecit,
1879 2228 1974 2285 sed
2009 2229 2112 2283 hoc

2237 2226 2394 2294 τοῦτο,
2421 2228 2633 2293 δεικνὺς
2662 2230 2743 2284 ὅτι
2775 2231 2890 2284 νέον
2923 2232 3102 2304 ἑαυτῷ
3140 2233 3266 2288 λαὸν
3298 2233 3390 2287 τὸν
3417 2233 3476 2298 ἐξ
3509 2233 3678 2287 ὲθνῶν
3708 2233 3809 2288 τὸν

534 2330 660 2386 fecit
695 2328 952 2384 indicans
990 2327 1100 2382 sibi
1152 2341 1355 2381 novum
1397 2325 1659 2397 populum
1709 2322 2000 2393 egentibus
2029 2321 2111 2374 iu-

2237 2319 2518 2376 ικάθεκτον
2554 2323 2737 2394 μέλλει
2785 2325 3111 2379 ύποτάσσειν
3138 2325 3233 2378 καὶ
3259 2326 3482 2394 ἀνάγειν
3508 2327 3587 2389 είς
3624 2327 3686 2380 τδ
3707 2327 3812 2396 τῆς

533 2419 880 2474 tractabilem
932 2417 1218 2473 subditum
1262 2413 1400 2478 fore,
1454 2413 1932 2481 deducturumque
1983 2424 2108 2464 eum

2237 2413 2563 2486 ἰικαιοσύνης
2595 2415 2812 2486 ἀξίωμα
2837 2456 2850 2478 ,
2884 2415 2964 2480 είς
3022 2433 3080 2470 τε
3139 2417 3240 2488 τὴν
3288 2418 3400 2472 ἄνω
3433 2417 3812 2489 Ἰερουσαλὴμ,

533 2512 600 2567 ad
627 2510 858 2581 iustitiae
883 2508 1230 2581 dignitatem,
1255 2514 1309 2560 et
1334 2505 1401 2560 ad
1430 2504 1773 2575 superiorem
1798 2503 2114 2557 caelestem-

533 2620 640 2674 que
667 2601 994 2666 Jerusalem,
1027 2599 1189 2670 cujus
1228 2607 1449 2654 terrena
1503 2596 1678 2666 ﬁgura
1729 2602 1783 2649 et
1818 2601 2006 2664 typus,
2052 2593 2108 2648 in

532 2713 696 2768 quam
722 2694 1027 2766 ingreditur
1059 2691 1294 2764 populus
1334 2705 1510 2760 purus
1557 2687 1742 2743 factus
1786 2703 1911 2741 cum
1951 2686 2113 2740 Chri-

535 2796 644 2854 sto,
675 2801 837 2858 quem
891 2785 1022 2840 boni
1071 2791 1126 2839 et
1177 2783 1500 2838 innocentes
1556 2779 1737 2850 angeli
1798 2779 2117 2843 celebrant,

535 2894 769 2950 quorum
819 2884 988 2948 typus
1039 2883 1170 2930 sunt
1227 2873 1490 2929 infantes.
1539 2870 1759 2925 Pullum
1799 2886 1930 2926 vero
1963 2878 2122 2924 vocat

2217 2499 2285 2576 ἦς
2321 2504 2489 2570 τύπος
2523 2508 2555 2577 ἡ
2592 2507 2867 2577 ἐπίγειοςο
2899 2510 2978 2571 είς
3010 2509 3075 2580 ἥν
3105 2509 3411 2581 είσέρχεται
3433 2511 3462 2562 ὁ
3483 2509 3610 2574 λαὸς
3642 2507 3818 2563 καθα-

2226 2596 2316 2668 ρὸς
2367 2599 2661 2668 γενόμενος
2725 2600 2823 2653 σὺν
2874 2600 3097 2672 Χριστῷ
3161 2602 3484 2674 ύμνουμένῳ
3547 2601 3652 2656 ὑπὸ
3701 2601 3820 2655 τῶν

2222 2689 2447 2742 ἀκάκων
2508 2690 2776 2758 ἀγγέλων,
2829 2685 2904 2744 ὧν
2943 2691 3133 2757 τύπος,
3184 2692 3252 2747 τὰ
3295 2695 3487 2766 νήπια.
3542 2693 3728 2747 Πῶλον
3759 2693 3819 2746 δὲ

2224 2781 2397 2848 λέγει,
2442 2782 2534 2834 τὸν
2588 2782 2745 2846 ὄνον,
2778 2785 2967 2855 ἐπειδὴ
3005 2786 3032 2838 ὁ
3068 2786 3126 2851 ἐξ
3163 2785 3333 2842 ἐθνῶν
3369 2786 3516 2851 λαὸς,
3557 2787 3820 2858 ἀγύμνα-

2228 2888 2352 2935 στος
2377 2867 2442 2942 ἧν
2471 2872 2571 2941 τῆς
2601 2874 2680 2936 είς
2723 2873 3006 2928 εὐσέϐειαν
3031 2873 3271 2947 ἀγούσης
3305 2875 3561 2940 πίστεως.

535 2973 788 3037 asinum,
842 2966 1289 3039 quandoquidem
1343 2965 1633 3034 gentilium
1691 2965 1923 3034 populus
1978 2963 2238 3018 ducentis
2299 2965 2364 3018 ad
2415 2965 2672 3035 pietatem
2736 2965 2858 3022 ﬁdei
2904 2968 3061 3025 rudis
3111 2980 3167 3025 et
3209 2970 3605 3028 inexercitatus
3667 2982 3820 3029 erat.

604 3082 732 3149 XII,
777 3082 866 3137 16.
944 3081 1070 3138 Hac
1126 3097 1245 3136 uero
1303 3097 1407 3133 non
1466 3087 1813 3149 cognoverunt
1864 3078 2113 3148 discipuli

534 3179 649 3250 ejus
674 3179 928 3247 primum,
954 3185 1060 3232 etc.

607 3292 770 3347 Initio
819 3290 1048 3361 quidem
1089 3289 1418 3360 ignorabant
1465 3303 1588 3358 quae
1640 3288 1710 3342 de
1764 3289 1858 3342 illo
1907 3289 2115 3358 scripta
2143 3276 2187 3334 (ἶ

538 3393 700 3450 sunt;
726 3391 784 3439 at
815 3390 940 3454 post
969 3383 1426 3438 resurrectionem
1464 3395 1573 3434 non
1605 3380 1659 3434 in
1684 3379 1918 3433 Iudaica
1956 3379 2119 3434 caci-

539 3489 649 3537 tate
675 3485 1023 3542 manserunt,
1066 3476 1160 3531 sed
1193 3489 1292 3547 per
1333 3474 1598 3545 Spiritum
1630 3473 1768 3543 ipsis
1804 3472 2117 3526 divinorum

538 3572 833 3628 verborum
865 3567 1113 3624 revelata
1143 3576 1228 3623 est
1269 3567 1535 3637 cognitio.
1564 3563 1721 3619 Tunc
1757 3577 1888 3618 vero
1915 3563 2120 3634 glorill-

539 3669 699 3718 catus
725 3668 811 3716 est
840 3659 1118 3722 Christus,
1162 3671 1288 3713 cum
1321 3660 1376 3712 in
1407 3671 1574 3712 cruce
1607 3666 1862 3711 mortuus
1901 3654 2117 3710 revixit.

539 3753 652 3808 Nec
683 3765 849 3823 porro
869 3751 1090 3806 erubuit
1109 3749 1470 3821 evangelista,
1486 3760 1931 3802 commemorans
1960 3744 2123 3799 disci-

543 3845 801 3915 pulorum
857 3843 1270 3913 ignorantiam,
1336 3847 1392 3894 et
1457 3854 1656 3893 rursus
1713 3837 2120 3905 cognitionem,

543 3933 764 4004 quando
822 3933 1164 4004 propositum
1200 3929 1479 3992 habebat,
1523 3928 1664 3983 nihil
1707 3929 1862 3998 pensi
1922 3927 2124 3981 habere

541 4027 710 4100 699
738 4028 886 4082 circa
916 4035 1227 4096 respectum
1257 4023 1563 4086 hominum,
1598 4021 1695 4078 sed
1737 4021 1978 4092 Spiritus
2005 4021 2126 4090 glo-

549 4121 643 4173 τιτι
670 4116 981 4188 sutl‘ragari,
1015 4129 1079 4170 ac
1118 4113 1412 4169 ostendere
1444 4113 1671 4183 quinam
1719 4119 1910 4168 essent
1955 4111 2126 4166 disci-

429 4269 436 4276 .
546 4211 658 4282 puli
698 4217 824 4264 ante
849 4208 1334 4273 resurrectionem,
1360 4215 1415 4261 et
1450 4204 1673 4274 quinam
1713 4211 1842 4272 post
1876 4215 2126 4257 resurre.

545 4305 801 4359 ctionem.
838 4297 894 4354 Si
941 4301 1111 4370 igitur
1145 4298 1200 4352 hi
1243 4297 1588 4370 ignorabant,
1637 4295 1810 4348 multo
1850 4293 2025 4364 magis
2069 4301 2125 4348 et

547 4397 638 4451 alii
669 4393 864 4449 Judaei.
912 4391 1214 4461 Postquam
1249 4403 1385 4445 vero
1419 4387 1474 4442 in
1518 4400 1686 4442 cruce
1732 4393 1990 4440 mortuus
2017 4392 2122 4448 est,

548 4483 778 4537 scissum
805 4487 891 4536 est
920 4481 1123 4545 velum,
1167 4487 1227 4534 ut
1254 4477 1627 4550 intelligamus
1689 4475 1830 4529 nihil
1861 4474 2124 4542 deinceps

550 4574 802 4630 fideth
824 4583 879 4630 et
915 4573 1009 4629 Dei
1041 4573 1362 4628 amantibus
1383 4570 1830 4626 occultumesse.
1863 4567 2038 4638 Igitur
2061 4567 2124 4620 il-

550 4667 780 4722 lustrata
806 4673 894 4721 est
923 4682 1114 4720 eorum
1151 4665 1396 4737 cognitio
1417 4677 1447 4718 a
1476 4672 1731 4732 tempore
1763 4660 2127 4716 resurrectio-

549 4757 658 4824 nis,
684 4759 814 4826 quia
841 4757 1132 4827 inspiravit
1161 4757 1420 4812 Christus
1464 4755 1520 4808 in
1569 4752 1768 4807 faciem
1815 4766 2028 4816 eorum,
2070 4758 2126 4804 et

549 4850 642 4904 alii
667 4865 735 4904 ex
776 4849 899 4905 aliis
931 4848 1060 4903 facti
1117 4849 1426 4918 mutatique
1473 4853 1622 4902 sunt.
1672 4843 1779 4900 Sed
1811 4845 1986 4898 multo
2018 4859 2126 4896 am-

551 4941 698 5011 plius
725 4941 1022 4995 illuminati
1050 4941 1273 4996 fuerunt
1304 4941 1362 4995 in
1391 4941 1482 4996 die
1501 4939 1882 5000 Pentecostes,
1908 4935 2126 5006 quando

552 5032 608 5088 in
656 5040 986 5102 potestatem
1045 5033 1224 5088 sancti
1281 5030 1521 5102 Spiritus
1583 5031 1650 5085 ad
1710 5043 1808 5084 eos
1860 5028 2125 5083 venientis

550 5122 932 5180 transformati
967 5132 1116 5180 sunt.

623 5215 755 5281 XII,
791 5216 876 5270 l7.
932 5216 1314 5271 Testimonium
1352 5228 1474 5286 ergo
1493 5212 1795 5282 perhibebat
1827 5212 1983 5265 turba
2013 5198 2130 5280 quin

553 5318 670 5364 erat
720 5325 839 5362 cum
863 5323 944 5371 eo,
997 5308 1209 5379 quando
1259 5307 1529 5362 Lazarum
1580 5306 1781 5360 vocavit
1831 5305 1895 5358 de
1943 5320 2127 5358 monu-

553 5411 748 5465 mento,
788 5410 897 5457 etc.

624 5492 950 5550 Necessario
990 5493 1187 5549 ordine
1235 5501 1575 5564 postremum
1605 5491 1710 5544 hoc
1756 5499 1863 5551 est,
1894 5487 2042 5559 quod
2074 5490 2128 5542 in

555 5583 767 5642 Lazaro
807 5595 1070 5657 operatus
1099 5593 1183 5639 est
1216 5583 1541 5637 miraculum
1570 5578 1857 5645 Dominus,
1892 5592 1950 5633 ut
1977 5580 2047 5635 ob
2079 5580 2133 5634 id

2299 3083 2488 3137 Ταῦτα
2521 3083 2590 3136 δὲ
2636 3086 2747 3138 οὐκ
2785 3085 3061 3154 ἔγνωσαν
3106 3089 3162 3142 οἱ
3215 3089 3474 3159 μαθηταὶ
3514 3089 3703 3145 αὐτοῦ
3751 3091 3825 3144 τὸ

2223 3176 2478 3245 πρῶτον,
2505 3179 2600 3232 καὶ
2626 3179 2694 3232 τὰ
2726 3177 2870 3250 ἑξῆς.

2304 3291 2562 3360 Ἠγνόουν
2592 3293 2692 3364 μὲν
2745 3289 2838 3348 οὖν
2886 3294 2949 3347 τὸ
2991 3295 3110 3348 κατ’
3155 3295 3364 3366 ἀρχὰς,
3395 3295 3466 3350 τά
3518 3298 3607 3351 ἐπ’
3659 3297 3826 3370 αὐτῷ

2220 3384 2583 3454 γεγραμμένα
2626 3403 2640 3416 ·
2677 3386 2817 3456 μετά
2858 3386 2917 3439 δὲ
2968 3386 3064 3456 τὴν
3107 3387 3404 3442 ἀνάστασιν
3430 3428 3447 3452 ,
3491 3389 3592 3443 οὐκ
3652 3391 3820 3462 ἱμει-

2219 3491 2316 3530 ναν
2369 3475 2582 3545 ἔχοντες
2620 3477 2718 3548 τὴν
2776 3478 3073 3548 Ἰουδαῖκὴν
3111 3480 3399 3551 πήρωσιν,
3429 3479 3566 3534 ἀλλά
3591 3481 3820 3537 ἀπεκα-

2220 3565 2396 3638 λύφθη
2428 3569 2610 3632 αὐτοῖς
2629 3570 2719 3622 δια
2747 3569 2841 3622 τοῦ
2874 3570 3194 3640 Πνεύματος
3221 3574 3254 3643 ἠ
3285 3572 3485 3641 γνῶσις
3513 3573 3622 3629 τῶν
3647 3574 3822 3630 θείων

2220 3656 2412 3724 λόγων,
2445 3660 2575 3713 Τότε
2627 3659 2684 3713 δὲ
2733 3659 2992 3733 ὶδοξάσθη
3024 3662 3054 3714 ὁ
3082 3664 3335 3734 Χριστὸς,
3360 3665 3449 3719 ὅτε
3478 3667 3820 3737 σταυρωθεὶς

2221 3748 2442 3802 ἀνεϐίω.
2478 3751 2593 3804 υύκ
2638 3749 2872 3822 ἐρυθριᾷ
2901 3751 2959 3804 δὲ
2997 3753 3026 3804 ὁ
3055 3752 3449 3826 εὐαγγελιστὴς
3491 3755 3819 3824 καταλέγων

2221 3839 2320 3910 τὴν
2362 3841 2470 3893 τῶν
2505 3841 2764 3914 μαθητῶν
2793 3842 3034 3912 ἄγνοιαν,
3073 3845 3168 3898 καὶ
3195 3845 3355 3900 πάλιν
3383 3845 3602 3914 γνῶσιν,
3644 3849 3815 3902 ἐπεί-ὲ

2223 3949 2328 4004 περ
2361 3929 2428 4003 ἦν
2465 3934 2615 4004 αὐτῷ
2645 3935 2844 3999 σκοπὸς
2865 3980 2878 4000 ,
2920 3935 3185 4006 ἀλογήσαι
3217 3937 3313 4006 μὲν
3353 3939 3452 4008 τῆς
3483 3940 3564 4002 είς
3599 3938 3822 4010 ἀνθρώ-

2224 4041 2359 4087 πους
2390 4024 2590 4089 αἰδοῦς,
2625 4027 2994 4097 συνηγορῆσαι
3014 4027 3071 4079 δὲ
3091 4030 3157 4099 τῇ
3187 4027 3283 4081 τοῦ
3315 4030 3630 4100 Πνεύματος
3657 4031 3818 4106 δόξῃ,

2225 4114 2318 4165 καὶ
2349 4112 2520 4177 δεῖξαι
2549 4116 2695 4180 τίνες
2730 4117 2829 4185 μὲν
2857 4113 2998 4188 ἦσαν
3025 4120 3075 4171 oi
3108 4119 3352 4189 μαθηταὶ
3391 4121 3497 4190 πρὸ
3535 4121 3638 4191 τῆς
3673 4124 3816 4178 ἀνα·
3873 4175 3876 4188 ,

2227 4201 2472 4264 στάσεως
2496 4241 2511 4266 ,
2544 4203 2690 4267 τίνες
2733 4203 2790 4256 δὲ
2811 4246 2826 4270 ,
2859 4206 2999 4274 μετά
3042 4207 3138 4278 τὴν
3173 4208 3470 4263 ἀνάστασιν
3499 4211 3814 4280 γεγόνασιν.

2224 4294 2287 4347 Εἰ
2315 4290 2407 4348 οὖν
2434 4287 2580 4349 οὗτοι
2629 4297 2858 4365 ἠγνόουν
2880 4338 2896 4366 ,
2943 4298 3122 4369 πολλῷ
3178 4301 3378 4370 μᾶλλον
3411 4305 3461 4355 οἱ
3488 4303 3635 4358 ἄλλοι
3674 4305 3818 4358 Ἰουο

2223 4385 2380 4439 δαίοι.
2412 4385 2568 4439 Μετά
2618 4386 2676 4439 δὲ
2723 4388 2784 4440 τὸ
2826 4388 3206 4460 σταυρωθῆναι
3229 4431 3242 4455 ,
3272 4393 3496 4463 ἐσχίσθη
3545 4395 3606 4447 τὸ
3639 4413 3820 4450 κατα-

2226 4477 2500 4548 πέτασμα,
2535 4478 2620 4532 ἵνα
2652 4477 2870 4549 γνῶμεν
2913 4481 2997 4534 ὅτι
3034 4481 3184 4534 οὐδὲν
3213 4481 3293 4534 ἔτι
3324 4484 3432 4536 τῶν
3473 4485 3821 4557 ἀποκρύφων

2226 4569 2569 4623 διαλανθάνει
2589 4571 2715 4634 τοὺς
2748 4572 2972 4635 πιστοὺς
3007 4572 3101 4626 καὶ
3127 4573 3428 4642 φιλοθὼυς.
3474 4576 3821 4652 Ἐφωτίσθη-

2232 4677 2331 4713 σαν
2351 4656 2444 4714 οὖν
2464 4661 2564 4732 τὴν
2585 4662 2791 4731 ⁴γνῶσιν
2815 4663 2921 4716 ἀπὸ
2953 4663 3045 4717 τοῦ
3079 4667 3276 4738 καιροῦ
3306 4667 3406 4736 τῆς
3437 4669 3817 4734 ἀναστάσεως.

2231 4756 2312 4808 ὅτι
2353 4755 2686 4825 ἐνεφύσησεν
2720 4757 2750 4807 ὁ
2795 4756 3031 4828 Χριστὸς
3069 4761 3148 4823 εἰς
3189 4761 3252 4814 τὺ
3289 4762 3578 4832 πρόσωπον
3605 4763 3818 4829 αὐτῶν,

2233 4848 2326 4900 καὶ
2355 4849 2641 4916 γεγόνασιν
2677 4847 2736 4912 ἐξ
2763 4848 2966 4920 ἐτέρων
2996 4850 3166 4907 ἄλλοι.
3213 4851 3336 4906 Ἐπὶ
3359 4853 3539 4906 πλεῖον
3573 4853 3630 4906 δὲ
3671 4857 3821 4925 ἐφω-

2232 4938 2497 5010 τίσθησαν
2519 4942 2578 4993 ὲν
2609 4943 2676 5012 τῇ
2708 4941 2892 5013 ἡμέρᾳ
2919 4941 3018 5014 τῆς
3044 4945 3439 5017 Πεντηκοστῆς,
3475 4947 3566 5000 ὅτε
3597 4950 3680 5012 είς
3712 4951 3821 5022 τὴν

2233 5031 2329 5085 τοῦ
2371 5033 2823 5104 ἐπιφοιτήσαντος
2865 5035 3048 5098 αὐτοῖς
3103 5037 3258 5105 ἁγίου
3322 5038 3638 5109 Πνεύματος
3680 5058 3818 5112 μετ-

2236 5122 2561 5177 επλάττοντο
2585 5124 2835 5196 δύναμιν.

2319 5218 2662 5286 Ἐμαρτύρει
2709 5214 2825 5272 οὖν
2850 5222 2882 5272 ὀ
2922 5219 3105 5287 ὄχλος
3147 5223 3179 5273 ὀ
3207 5219 3292 5272 ὢν
3318 5221 3444 5290 μετ’
3477 5219 3687 5286 αὐτοῦ,
3724 5223 3822 5275 ὅτι

2232 5308 2340 5361 τὸν
2386 5307 2652 5377 Λάζαρον
2676 5308 2990 5378 ἐφώνησεν
3035 5311 3103 5364 ἐκ
3145 5311 3252 5365 τοῦ
3280 5313 3594 5382 μνημείου,
3620 5314 3714 5368 καὶ
3745 5313 3824 5367 τὰ

2235 5397 2381 5466 ἑξῆς.

2319 5490 2661 5558 Ἀναγκαίως
2697 5491 2772 5561 (1)
2807 5492 2914 5563 ἀρα
2963 5494 3057 5546 καὶ
3091 5495 3157 5562 τῇ
3193 5492 3345 5559 τάξει
3399 5495 3708 5551 τελευταῖον
3754 5499 3823 5551 τὸ

2239 5582 2378 5636 κατὰ
2403 5583 2494 5635 τὸν
2525 5584 2776 5655 Λάζαρον
2806 5586 2835 5638 ὀ
2868 5583 3068 5655 Κύριος
3099 5584 3683 5659 τεθαυματούργηκεν,
3725 5588 3826 5644 ἵνα

625 5764 708 5837 (ί)
752 5768 1104 5837 Ἆναγκαίως
1129 5807 1144 5820 .
1171 5803 1183 5818 .
1209 5805 1222 5820 .
1254 5805 1268 5820 .
1297 5763 1635 5822 ἀκολουθεῖ.
1666 5763 1739 5817 Ex
1771 5763 1987 5818 laudata
2014 5770 2120 5818 catt

2261 5760 2354 5815 fol.
2394 5761 2516 5816 159..
