3894 6200
178 321 243 373 8|
1010 325 1075 380 IN
1115 326 1452 385 JOANNEM.
1489 361 1557 371 —
1597 332 1724 387 LIB.
1769 332 1857 388 νη
1899 333 1987 388 ΕΤ
2031 334 2141 389 Vlll
2179 334 2621 391 FRAGMENTA.
3381 344 3450 398 εε

182 432 279 484 ἐπὶ
308 435 608 504 προσφάτῳ
629 436 801 507 τούτῳ
821 440 1065 507 γεγονότι
1097 442 1350 514 τιμηθείη
1378 445 1476 513 μὲν
1505 446 1752 515 ἐπιφανές

1873 438 2064 501 recens
2100 446 2335 510 facinus.
2356 449 2563 505 clarius
2594 466 2715 507 cum
2753 452 2909 522 plebs
2944 454 3266 521 honoraret,
3290 466 3454 529 atque

182 540 379 595 στερον
406 526 510 578 ὑπὸ
540 526 636 579 τοῦ
672 527 938 599 πλήθους,
975 532 1073 595 τῆς
1099 534 1152 585 δὲ
1188 536 1354 605 τιμῆς
1384 536 1569 589 ἕνεκεν
1601 539 1769 609 ὑπερ-

180 615 520 686 αλγήσαντες
563 622 612 672 οί
656 621 937 691 Φαρισαῖοι
973 624 1355 692 βουλεύσαιντο
1399 629 1518 681 κατ’
1556 629 1723 683 αὑτοῦ
1751 647 1762 658 ·

180 710 276 761 καὶ
294 708 471 773 οὕτως
510 713 886 785 ἐπιτελεσθείη
918 716 979 767 τὸ
1013 716 1214 781 πάθος,
1249 719 1387 790 ὅπερ
1417 722 1504 773 καὶ
1535 722 1763 789 γίνεται.

179 801 243 851 Οί
276 799 409 868 γοῦν
435 802 715 872 Φαρισαῖοι
744 799 898 857 εἶπον
928 807 1064 876 πρὸς
1090 808 1284 871 αύτούς
1314 828 1324 837 ·
1354 809 1621 880 Θεωρεῖτε
1640 853 1655 877 ,
1684 816 1765 867 ὅτι

173 890 278 943 ούκ
309 890 574 960 ὠφελεῖτε
605 894 789 961 ούδένς
831 897 1062 967 Ὀρῶσιν
1108 900 1191 952 ὅτι
1236 902 1414 972 μάτην
1454 904 1766 973 ἀντιλέγου-

179 999 263 1034 σιν
294 984 432 1051 πρὸς
457 984 553 1055 τὴν
584 986 766 1039 πίστιν
796 987 894 1058 τὴν
922 990 1002 1052 είς
1029 990 1264 1060 Χριστόν
1286 1009 1299 1021 ·
1359 994 1538 1065 μάτην
1567 997 1763 1066 ἀφορί-

176 1071 329 1134 ζουσι
354 1073 483 1136 τοὺς
506 1074 858 1140 πιστεύοντας
877 1117 892 1141 ,
938 1077 1005 1131 τὰ
1037 1080 1136 1150 μὲν
1166 1082 1573 1154 διαλεγόμενοι,
1609 1088 1677 1141 τά
1706 1088 1764 1142 δὲ

171 1163 548 1229 ἀπειλοῦντες.
590 1168 773 1223 Πάντα
816 1166 908 1224 οὖν
934 1174 1183 1243 ἀνωφελῆ
1223 1192 1386 1243 φασιν
1428 1174 1565 1232 εἶναι
1601 1182 1647 1232 εὶ
1688 1180 1765 1251 μὴ

174 1255 316 1326 πρὸς
349 1257 629 1328 ἀναίρεσιν
657 1262 819 1315 αὑτοῦ
849 1265 1165 1334 τράποιντο·
1201 1268 1311 1321 ἰδοὺ
1340 1269 1478 1343 γὰρ,
1513 1272 1674 1338 φασὶ,
1702 1273 1762 1324 τὸ

176 1347 404 1417 σύμπαν
438 1351 588 1422 αύτῷ
611 1352 815 1424 πλῆθος
843 1356 1162 1412 ακολουθεῖ.

257 1438 527 1505 ’Δκούσας
573 1442 634 1496 τὸ
686 1446 899 1515 συμϐὰν
947 1448 1056 1500 τῶν
1097 1452 1365 1519 ἁγελαίων
1406 1454 1433 1506 ό
1480 1453 1755 1522 σύλλογος,

174 1530 420 1600 εύηκόως
442 1532 664 1605 ἐπείσθη
714 1540 822 1601 τοῖς
849 1541 1216 1611 μαρτυροῦσιν
1256 1544 1337 1596 ὅτι
1364 1545 1628 1615 ἀνέστησε
1668 1546 1761 1599 τὸν

178 1621 433 1693 Λάζαρον
482 1625 510 1677 ὁ
561 1626 811 1696 Χριστὸς,
861 1631 954 1683 καὶ
990 1633 1251 1687 κατέλυσε
1292 1635 1352 1688 τὸ
1396 1636 1487 1689 τοῦ
1528 1636 1759 1690 θανάτου

173 1716 395 1783 κράτος,
428 1716 606 1780 καθὼς
638 1721 686 1771 οἱ
715 1724 985 1794 προφῆται
1022 1721 1195 1779 εἶπον.
1229 1726 1328 1779 Διὰ
1353 1728 1510 1782 τοῦτο
1535 1732 1628 1783 καὶ
1661 1733 1759 1785 ύπ-

1876 538 2021 592 hunc
2053 538 2314 594 honorem
2337 556 2479 613 aegre
2505 541 2763 598 Pharisaei
2795 544 3034 604 ferentes
3058 550 3452 622 conSpirarent

1874 631 1929 685 in
1982 634 2193 701 ipsum,
2246 640 2410 702 atque
2467 634 2542 687 ita
2604 637 2794 705 passio
2851 638 3251 710 perficeretur;
3304 644 3450 714 quod

1875 740 2064 795 reapse
2115 726 2336 780 accidit.
2381 726 2643 785 Pharisaei
2689 745 2820 801 ergo
2864 731 3122 789 dicebant
3152 735 3390 793 invicem
3435 756 3449 790 :

1878 836 1897 869 ‹
1938 816 2245 881 Videtisne,
2286 822 2564 891 quomodo
2596 822 2734 877 nihil
2770 823 3080 895 proficitis?
3114 846 3132 881 ι
3164 825 3367 887 Vident
3394 845 3458 885 se

1875 909 1999 962 lidei
2061 910 2116 965 in
2170 910 2452 968 Christum
2513 914 2716 970 frustra
2781 921 3197 993 contradicere;
3243 920 3450 978 frustra

1871 1001 2163 1055 anathema
2210 1001 2404 1058 dicunt
2462 1005 2837 1071 credentibus,
2885 1009 3086 1079 partim
3134 1012 3450 1074 suadentes,

1871 1094 2067 1163 partim
2120 1096 2286 1153 etiam
2325 1096 2667 1155 minitantes.
2701 1099 2871 1157 Cassa
2920 1102 3105 1157 omnia
3159 1101 3454 1166 allirmant,

1869 1185 1977 1241 nisi
2011 1186 2077 1241 ad
2099 1186 2306 1243 Christi
2340 1204 2530 1244 necem
2560 1190 2859 1245 deveniant
2886 1211 2898 1245 :
2926 1208 3056 1249 ecce
3089 1195 3450 1260 enim,aiunt,

1868 1278 2022 1347 plebs
2053 1280 2311 1335 universa
2344 1281 2496 1334 illum
2529 1291 2795 1338 sectatur.

1936 1458 2076 1513 Cum
2124 1458 2373 1515 audisset
2422 1460 2474 1514 id
2531 1460 2679 1529 quod
2734 1462 3019 1517 acciderat
3070 1460 3454 1532 gregariorum

1868 1552 2155 1606 hominum
2190 1552 2352 1605 turba
2375 1591 2388 1614 ,
2424 1551 2584 1605 facile
2618 1566 2904 1609 assensum
2953 1552 3187 1621 praebuit
3235 1559 3446 1608 testan-

1868 1640 2016 1697 tibus
2067 1639 2350 1697 Christum
2411 1636 2684 1695 Lazarum
2739 1654 2769 1693 a
2838 1641 3073 1697 mortuis
3134 1639 3444 1704 excitasse,

1864 1746 2225 1801 eversamque
2296 1732 2490 1789 mortis
2562 1734 2901 1802 potentiam,
2980 1730 3452 1802 quemadmodum

173 1809 412 1879 ἠντησαν
446 1811 625 1882 αὐτῷ’
656 1815 756 1866 οὐκ
792 1814 856 1867 ἂν
893 1818 1001 1888 γὰρ
1038 1820 1278 1874 τοσοῦτοι
1324 1821 1581 1895 ἐξαίφνης
1624 1842 1752 1895 μετ-

1864 1822 2144 1893 proplietze
2192 1822 2475 1879 dixerunt.
2532 1824 2827 1892 Propterea
2881 1831 2935 1878 et
2998 1823 3220 1879 obviam
3260 1821 3453 1877 ierunt

171 1899 381 1969 ἑθεντο,
422 1904 470 1955 εἰ
512 1904 587 1974 μὴ
633 1906 960 1960 ἐπίστευσαν
990 1910 1069 1981 τῷ
1103 1913 1336 1984 σημείῳ.

241 2084 517 2150 Θεωρεῖτε
540 2084 628 2138 ὅτι
650 2088 759 2141 οὐκ
783 2088 1005 2156 ὠφελεῖ
1004 2108 1063 2143 τε
1081 2091 1281 2157 οὐδὲν,
1317 2094 1413 2146 καὶ
1437 2095 1503 2148 τὰ
1530 2096 1675 2166 ἑξῆς.

241 2174 414 2227 Τοῦτο
452 2176 525 2239 ὡς
560 2177 787 2242 ἑαυτοὺς
819 2183 1329 2253 καταμεμφόμενοι,
1364 2187 1548 2253 φασὶν.
1600 2190 1751 2242 ἐπεί-

170 2281 276 2337 περ
304 2266 538 2321 ἔκπαλαι
564 2271 663 2323 οὐκ
695 2272 903 2325 ἀνεῖλον
929 2273 1025 2327 σὺν
1045 2274 1120 2343 τῷ
1144 2275 1378 2347 Λαζάρῳ
1403 2279 1491 2332 τὸν
1522 2281 1748 2350 Ἰησοῦν,

171 2359 599 2428 προτρεπόμενοι
628 2363 854 2427 suum;
886 2366 963 2428 εἰς
984 2365 1043 2418 τὸ
1081 2369 1247 2439 φονᾷν
1272 2384 1284 2396 ’
1320 2370 1751 2438 ἀγανακτοῦντες

171 2450 297 2518 περὶ
324 2450 420 2503 τοῦ
448 2452 639 2506 πιστοῦ
662 2454 923 2523 ὄχλου.ὼς
949 2457 1093 2511 ἰδίων
1108 2460 1402 2531 κτημάτων
1421 2464 1753 2535 ἀποστερού-

170 2558 346 2611 μενοι,
371 2541 479 2595 τῶν
501 2543 667 2599 ὄντων
690 2545 785 2599 τοῦ
815 2547 973 2603 Θεοῦ.

237 2631 444 2690 *Ησαν
467 2638 534 2692 δέ
561 2657 721 2707 τινες
745 2644 1038 2712 Ἕλληνες
1058 2646 1126 2699 ἐκ
1145 2646 1265 2700 τῶν
1290 2648 1750 2718 ἀναϐαινόντων,

168 2729 267 2781 ἵνα
291 2730 807 2801 προσκυνήσουσιν
832 2736 901 2793 ἐν
928 2736 1000 2803 τῇ
1028 2736 1222 2806 ἑορτῇ.

250 2824 574 2894 Ἀπορήσειε
605 2826 649 2878 δ’
680 2828 743 2881 ἄν
771 2845 855 2892 τις
894 2831 954 2883 ὲν
984 2833 1194 2895 τούτοις
1242 2834 1336 2886 καὶ⁵
1380 2835 1753 2905 διασκέψαιτο,

168 2914 311 2967 κατὰ
350 2914 471 2968 τίνα
520 2916 678 2985 λόγον
743 2920 1090 2975 ἀναϐαίνουσι
1153 2924 1263 2978 τῶν
1312 2925 1577 2997 Ἑλλήνων
1614 2929 1757 2991 τινὲς

168 3010 640 3078 προσκυνήσοντες
666 3013 745 3073 είς
780 3011 1148 3083 Ἰεροσόλυμα,
1185 3017 1278 3068 καὶ
1326 3018 1444 3069 τότε
1490 3019 1588 3089 τῆς
1618 3019 1758 3073 κατὰ

166 3094 333 3164 νόμον
360 3097 555 3167 ἑορτῆς
576 3100 1016 3173 ἐπιτελουμένης.
1041 3105 1114 3157 Ού
1159 3105 1264 3175 γὰρ
1293 3105 1355 3176 δή
1388 3105 1487 3159 πού
1523 3124 1606 3171 τις
1636 3110 1753 3179 ἐρεῖ

165 3188 305 3255 πρὸς
339 3189 441 3259 τὴν
469 3189 579 3244 τῶν
616 3194 794 3246 ἐκεῖσε
835 3194 963 3248 θέαν
1016 3195 1281 3266 ἀναϐῆναι
1329 3198 1488 3267 μόνον
1518 3201 1713 3264 αὐτούς
1741 3219 1752 3230 ·

168 3280 605 3350 συμμεθέξοντες
659 3285 767 3356 γὰρ
824 3290 934 3351 τοῖς
990 3287 1261 3353 Ἰουδαίοις
1298 3292 1395 3361 τῆς
1440 3294 1622 3357 αὐτοῖς
1662 3296 1757 3347 καὶ

170 3374 356 3441 μόνοις
378 3375 700 3447 πρεπούσης
740 3378 933 3449 ἑορτῆς
962 3381 1366 3437 ωναναθὲουσι.
1404 3383 1469 3435 Τί
1497 3384 1556 3437 τὸ
1582 3386 1755 3438 κοινὸν

166 3466 247 3525 εἰς
279 3464 535 3536 λατρείας
562 3467 718 3537 λόγον
740 3470 967 3540 Ἕλλησί
993 3489 1051 3525 τε
1086 3474 1181 3525 καὶ
1222 3474 1531 3541 Ἰουδαίοις;
1563 3476 1755 3529 Καίτοι

168 3556 304 3610 πολὺ
330 3558 631 3614 διεστῶσαν
673 3563 975 3634 εὑρήσομεν
999 3563 1097 3635 τὴν
1124 3567 1179 3617 ὲν
1208 3566 1410 3635 ἀμφοῖν
1437 3565 1549 3632 ἕξιν
1572 3584 1630 3619 τε
1663 3569 1756 3620 καὶ

168 3651 490 3721 προαίρεσιν
508 3669 523 3684 ⁸
552 3655 601 3707 οί
628 3655 726 3724 μὲν
754 3655 863 3727 γὰρ
884 3657 983 3726 τὴν
1010 3657 1286 3728 ἀλήθειαν,
1322 3658 1371 3710 οἱ
1395 3658 1451 3712 δὲ
1479 3658 1539 3711 τὸ
1561 3658 1754 3727 ψεῦδος

164 3747 516 3816 τετιμήκασι.
552 3746 617 3801 Τί
634 3745 728 3801 οῦν
760 3748 993 3820 ἐροῦμεν
1031 3751 1090 3802 ἐν
1121 3751 1364 3815 τούτοις;
1400 3752 1750 3822 Παρακειμέ-

165 3853 264 3906 νης
295 3837 396 3907 τῆς
440 3839 703 3892 Ἰουδαίων
744 3840 929 3911 χώρας
967 3845 1031 3912 τῇ
1066 3843 1175 3894 τῶν
1217 3843 1536 3906 Γαλιλαίων,
1569 3844 1753 3906 πόλεις

166 3945 223 3980 τε
252 3928 351 3981 καὶ
385 3929 575 3999 κώμας
603 3931 859 4003 ἀλλήλαις
892 3934 1123 4005 ὁμόρους
1156 3934 1370 4003 ἔχοντες
1399 3935 1658 4006 Ἔλληνές
1690 3952 1750 3987 τε

168 4017 433 4077 κάκεῖνοι,
475 4021 674 4088 συχνὰς
708 4020 808 4090 μὲν
837 4022 1117 4075 ἐποιοῦντο
1142 4022 1239 4085 τὰς
1270 4022 1568 4091 ἐπιμιξίας,
1600 4024 1749 4091 ἐφοί-

165 4110 355 4182 τωνδὲ
395 4113 528 4179 παρ’
558 4112 821 4183 ἀλλήλους
860 4114 1140 4183 ἑκάτεροι,
1171 4114 1420 4183 ποικίλης
1466 4116 1545 4176 είς
1593 4114 1751 4166 τοῦτο

168 4201 441 4272 καλούσης
469 4204 745 4276 ἀφορμῆς.
778 4206 992 4274 Ἐπειδὴ
1028 4206 1085 4259 δέ
1122 4224 1238 4270 πως
1281 4205 1587 4277 θερμοτέρα
1612 4206 1745 4259 πολὺ

168 4293 307 4365 πρὸς
352 4296 680 4364 μετάστασιν
706 4297 807 4367 τὴν
836 4297 930 4351 ἐπὶ
969 4297 1031 4350 τὸ
1062 4300 1284 4367 ἄμεινον
1330 4299 1362 4367 ἡ
1394 4298 1501 4350 τῶν
1538 4298 1749 4351 εἰδωλο-

164 4386 511 4456 λατρούντων
550 4389 670 4441 ἐστὶ
713 4388 956 4454 διάνοια,
986 4389 1081 4443 an
1114 4390 1178 4461 δὴ
1226 4390 1320 4442 καὶ
1370 4390 1512 4459 μάλα
1549 4389 1746 4460 ῥαδίως

1850 1913 1953 1983 ipsi
2003 1931 2225 1985 :neque
2268 1916 2416 1970 enim
2480 1916 2554 1969 ita
2603 1915 2899 1985 derepente
2938 1924 3048 1970 tam
3105 1914 3261 1971 multi
3320 1930 3442 1969 sese

1849 2007 2309 2069 commovissem,
2347 2008 2452 2061 nisi
2489 2007 2762 2061 miraculo
2792 2006 3187 2063 credidissent.

1922 2096 2051 2162 Xll,
2094 2100 2180 2153 19.
2248 2098 2452 2153 Videtis
2503 2100 2631 2169 quia
2669 2100 2805 2153 nihil
2844 2099 3153 2168 pro/Scitis?
3186 2106 3297 2155 etc.

1922 2189 2035 2243 lloc
2078 2189 2269 2244 dicunt
2308 2189 2469 2259 quasi
2520 2191 2736 2260 seipsos
2768 2191 3110 2253 incusantes,
3149 2186 3295 2261 quod
3328 2203 3456 2244 non.

1845 2278 2178 2349 jampridem
2230 2280 2513 2334 Christum
2566 2296 2691 2335 cum
2741 2279 2952 2337 Lazaro
3002 2279 3429 2337 interfecerint.

1850 2386 2081 2441 seseque
2111 2371 2177 2426 ad
2228 2371 2431 2425 caedem
2485 2380 2680 2425 mutuo
2726 2371 3109 2436 cohortantur,
3162 2372 3435 2442 indigna.

1850 2462 1997 2532 quod
2038 2464 2213 2518 turbae
2259 2463 2570 2524 crederent,
2609 2464 2777 2516 veluti
2811 2464 2928 2519 suis
2980 2462 3437 2533 possessionibus

1852 2554 2036 2624 ejecti,
2073 2570 2199 2607 cum
2232 2553 2367 2623 ipsae
2396 2569 2521 2608 vere
2558 2553 2626 2609 ad
2666 2552 2833 2608 Deum
2869 2556 3230 2624 pertinerent.

1926 2644 2063 2710 Xll,
2099 2644 2190 2699 20.
2246 2644 2418 2698 Erant
2474 2653 2651 2698 autem
2700 2646 2921 2715 quidam
2968 2647 3188 2713 gentiles
3236 2662 3302 2700 ea:
3354 2647 3451 2699 Ιιὶδ-

1853 2740 1941 2809 qui
1970 2738 2338 2801 ascenderant,
2371 2746 2428 2789 ut
2456 2737 2745 2790 adorarent
2793 2739 2844 2791 in
2881 2739 2967 2790 die
2998 2738 3151 2807 festo.

1926 2828 2270 2885 Dubitaverit
2294 2830 2568 2899 quispiam
2616 2832 2669 2885 in
2698 2831 2874 2894 hisce,
2924 2831 3295 2902 pendebitquc
3320 2833 3447 2887 ani—7

1858 2924 1969 2987 ιιιῖ,
2005 2936 2172 2992 quam
2218 2920 2288 2975 ob
2335 2936 2557 2975 causam
2603 2924 2853 2977 nonnulli
2883 2923 3196 2978 Graecorum
3238 2923 3435 2978 adora-

1860 3015 1970 3068 turi
2005 3015 2358 3071 ascenderint
2408 3016 2808 3088 Hierosolyma,
2854 3017 3017 3086 idque
3073 3031 3198 3069 cum
3240 3032 3431 3071 secun-

1860 3108 1989 3163 dum
2023 3109 2196 3178 legem
2235 3108 2436 3163 festum
2463 3110 2859 3165 celebraretur.
2892 3106 3080 3179 Neque
3106 3110 3253 3165 enim
3284 3111 3438 3179 quis-

1860 3210 2027 3269 quam
2058 3201 2205 3256 dicet
2243 3201 2561 3255 ascendisse
2588 3217 2681 3255 eos
2728 3201 2989 3256 duntaxat
3030 3201 3096 3255 ad
3144 3208 3432 3271 spectacu-

1859 3291 1996 3353 lum,
2029 3291 2232 3361 quippe
2261 3292 2561 3360 participes
2595 3290 2763 3345 futuri
2793 3308 2920 3345 cum
2959 3290 3163 3347 Judazis
3196 3291 3322 3346 festi
3357 3293 3435 3347 eis

1859 3381 1991 3435 solis
2008 3380 2388 3435 convenientis
2434 3380 2600 3434 simul
2630 3390 2960 3447 accurrunt;
2991 3380 3118 3451 quid
3144 3395 3438 3435 commune

1856 3474 2282 3543 quoad‘cultum
2315 3472 2521 3530 Graecis
2555 3482 2608 3529 et
2636 3473 2878 3528 Judteis?
2913 3473 3078 3541 Atqui
3134 3472 3431 3542 plurimum

1858 3562 2197 3618 differenten:
2248 3564 2302 3617 in
2355 3564 2604 3632 utrisque
2658 3563 3066 3631 couipcricmus
3100 3560 3343 3615 habitum
3380 3570 3436 3615 ct

1860 3655 2170 3710 institutum
2201 3654 2367 3709 animi
2400 3673 2414 3709 :
2466 3655 2522 3708 hi
2562 3654 2708 3708 enim
2747 3654 3061 3716 veritatem,
3096 3652 3173 3707 illi
3211 3652 3428 3706 menda-

1854 3746 2001 3802 cium
2027 3746 2235 3802 colunt.
2272 3745 2417 3813 Quid
2449 3761 2578 3818 ergo
2607 3746 2695 3801 hic
2723 3745 3009 3799 dicemus?
3040 3743 3175 3799 Cum
3216 3742 3434 3801 Judmo—

1855 3852 1975 3891 rum
2009 3837 2161 3906 regio
2197 3838 2542 3893 contermina
2583 3846 2730 3893 esset
2765 3835 3023 3899 Galilzeae,
3055 3836 3329 3905 urbesque
3366 3850 3431 3889 ac

1854 3931 2009 3983 vicos
2040 3929 2185 3984 inter
2213 3945 2273 3984 se
2295 3929 2530 3984 invicem
2556 3928 2769 3984 vicinos
2801 3929 3083 3993 haberent,
3113 3926 3432 3998 frequenter

1855 4021 1998 4074 inter
2037 4036 2095 4074 se
2121 4020 2265 4075 ultro
2297 4020 2553 4089 citroque
2593 4017 2996 4084 commeabant,
3031 4032 3094 4071 ac
3128 4018 3432 4086 permisce-

1853 4112 2079 4175 bantur,
2114 4126 2179 4164 ac
2211 4112 2432 4180 utrique
2476 4111 2745 4165 invitante
2778 4109 2847 4164 ad
2889 4110 2943 4164 id
2994 4109 3289 4179 multiplici
3337 4126 3431 4165 oc-

1850 4202 2075 4256 casione
2106 4201 2340 4254 invicem
2395 4202 2603 4255 alteros
2656 4201 2906 4255 adibant.
2971 4199 3243 4266 Quoniam
3299 4216 3429 4255 vero

1851 4294 2029 4349 multo
2068 4292 2230 4363 700
2259 4293 2544 4349 ardentior
2568 4308 2723 4349 mens
2748 4300 2866 4347 erat
2890 4292 3164 4347 idolorum
3195 4292 3425 4347 cultori-

1849 4386 1976 4448 bus,
2006 4396 2061 4441 et
2097 4384 2165 4439 ad
2202 4385 2561 4440 mutationem
2596 4385 2649 4440 in
2685 4384 2884 4439 melius
2922 4385 3266 4455 propensior,
3304 4392 3429 4438 tan-

167 4478 597 4550 ἐξελεγχομένης
613 4481 793 4534 αὐτῶν
826 4481 925 4551 τῆς
947 4481 1335 4552 ψευδολατρίας
1365 4482 1440 4545 ὡς
1471 4482 1747 4552 ἀχρήστου

1862 4492 2017 4547 quam
2047 4477 2173 4545 plus
2213 4480 2346 4533 satis
2374 4477 2579 4531 revicta
2609 4476 3006 4543 confutataque
3041 4491 3234 4530 eorum
3278 4475 3426 4530 inani

165 4572 468 4636 παντελῶς,
500 4574 897 4641 ’μετεπείοοντό
940 4592 1084 4637 τινες
1130 4576 1368 4637 εὐκόλως
1398 4593 1410 4605 ·
1444 4576 1597 4627 οῦπω
1650 4574 1749 4644 μὲν

164 4663 426 4725 ὁλοτελῶς
460 4664 541 4727 είς
574 4664 635 4716 τὸ
661 4704 672 4719 .
707 4664 852 4735 μόνῳ
890 4663 1173 4735 λατρεύειν
1216 4664 1294 4735 τῷ
1323 4665 1462 4717 κατὰ
1490 4664 1747 4732 ἀλήθειαν

163 4754 276 4806 ὄντι
328 4753 468 4824 Θεῷ,
510 4754 855 4824 μεριζόμενοι
902 4754 959 4807 δέ
1006 4772 1120 4817 πως
1160 4759 1274 4818 τοῖς
1308 4757 1388 4817 εἰς
1447 4756 1747 4809 ἀπόστασιν

164 4843 467 4914 λογισμοῖς,
498 4846 591 4898 καὶ⁵
623 4849 740 4908 ταῖς
769 4845 874 4898 τῶν
920 4847 1065 4899 ίδίων
1107 4846 1442 4899 διδασκάλων
1492 4847 1748 4917 ἑπόμενοι

165 4936 435 5006 γνώμαις,
470 4937 777 5001 Πλάτωνος,
816 4939 981 5008 φημὶ,
1015 4941 1107 4990 καὶ
1142 4939 1251 4991 τῶν
1282 4939 1401 4992 κατ’
1428 4940 1633 4989 ἐκεῖνον
1672 4934 1747 4989 εἷ-

164 5046 251 5082 ναι
282 5030 591 5098 λεγομένων
624 5029 825 5098 σοφῶν,
865 5029 1183 5098 φασκόντων
1214 5030 1308 5083 ἕνα
1337 5030 1433 5100 μὲν
1471 5031 1577 5083 τῶν
1608 5032 1745 5083 πάν-

163 5137 272 5173 των
304 5116 445 5173 εἶναι
486 5121 836 5192 δημιουργὸν,
878 5123 1206 5193 ἐγκοσμίους
1242 5122 1299 5175 δὲ
1330 5122 1458 5185 τοὺς
1504 5122 1744 5184 λοιποὺς,

165 5212 258 5263 καὶ
316 5210 507 5281 ὥσπερ
568 5213 718 5277 τινὰς
766 5214 1039 5283 ἡγεμόνας
1092 5213 1564 5285 κεχειροτονῆσθαι
1613 5215 1745 5285 παρ’

163 5306 372 5358 ἐκείνου
407 5306 541 5375 πρὸς
567 5306 829 5376 διοίκησιν
862 5305 969 5359 τῶν
1000 5305 1355 5377 ἀνθρωπίνων
1383 5306 1742 5377 πραγμάτων.

166 5398 327 5459 Ἐθος
355 5394 449 5451 οὖν
474 5415 584 5451 τισι
632 5399 1267 5469 Παλαιστινοῖς,Ἕλλησι
1311 5398 1544 5468 μάλιστα
1564 5439 1578 5462 ,
1606 5416 1747 5469 παρ-

162 5490 497 5562 εζευγμένην
552 5492 645 5545 καὶ
697 5491 913 5560 γείτονα
948 5491 1046 5562 τὴν
1098 5492 1205 5545 τῶν
1241 5491 1507 5546 Ἰουδαίων
1561 5490 1743 5560 ἔχουσι

164 5583 344 5655 χώραν
367 5624 382 5645 ,
417 5584 831 5654 ἁπομάττεσθαί
885 5602 1001 5648 πως
1038 5584 1137 5652 ἔθη
1169 5583 1237 5636 τὰ.
1279 5584 1409 5653 παρ’
1433 5582 1616 5644 αὐτοῖς
1654 5584 1743 5634 καὶ

165 5676 223 5726 τὸ
245 5675 345 5743 τῆς
380 5676 678 5745 μοναρχίας
701 5675 870 5745 ὄνομα
888 5678 1072 5745 τιμᾷν,
1093 5675 1249 5740 δόξαν
1275 5672 1417 5726 οῦτω
1444 5673 1737 5735 κάκείνοις,

165 5756 237 5817 ὧν
278 5765 479 5835 ἀρτίως
513 5764 1035 5837 ἐμνημονεύσαμεν,
1066 5768 1113 5817 εἰ
1164 5766 1256 5818 καὶ
1307 5765 1379 5835 μὴ
1416 5762 1556 5815 οὕτω
1610 5766 1739 5833 φασὶ

1854 4568 2269 4636 superstitione,
2301 4567 2425 4622 ideo
2454 4568 2704 4625 nonnulli
2742 4566 2900 4621 facile
2928 4568 3259 4623 sententiam
3304 4584 3429 4622 mu-

1852 4658 2041 4713 tabant
2077 4677 2089 4711 :
2118 4659 2212 4713 sed
2239 4660 2479 4713 nondum
2512 4660 2750 4728 perfecte
2779 4659 2844 4711 ad
2879 4659 2982 4713 hoc
3012 4668 3070 4713 ut
3093 4660 3197 4714 soli
3231 4677 3429 4716 secun-

1850 4752 1980 4805 dum
2016 4752 2296 4806 veritatem
2352 4751 2466 4805 Deo
2520 4752 2825 4816 servirent;
2878 4754 3143 4822 ancipites
3196 4766 3327 4808 vero
3373 4764 3431 4809 et

1849 4844 2121 4913 ambiguis
2151 4844 2279 4898 hinc
2302 4844 2428 4897 inde
2461 4844 2711 4897 distracti
2740 4844 3049 4898 rationibus
3071 4846 3137 4899 ad
3162 4844 3427 4901 defectio-

1852 4952 1998 4997 nem,
2030 4944 2085 4990 et
2116 4951 2341 4991 suorum
2374 4936 2767 5004 magistrorum
2792 4936 3149 5006 opinionibus
3169 4937 3423 4993 insisten-

1850 5039 1953 5092 tes,
1988 5026 2258 5090 Platonis,
2291 5027 2542 5096 inquam,
2574 5033 2627 5081 et
2662 5027 2896 5080 aliorum
2930 5027 2981 5081 id
3009 5044 3184 5099 genus
3210 5031 3425 5100 sapien-

1848 5131 1986 5184 tum,
2030 5121 2121 5189 qui
2155 5120 2308 5174 aiunt
2342 5136 2511 5173 unum
2552 5119 2773 5188 quidem
2819 5135 2944 5174 esse
2978 5122 3218 5176 universi
3263 5121 3424 5193 opiﬁ-

1846 5229 1988 5276 cem,
2017 5222 2246 5268 caeteros
2266 5227 2396 5268 vero
2428 5212 2845 5281 mundanosque
2870 5222 3130 5283 tanquam
3156 5215 3421 5284 quosdam

1847 5306 2015 5361 duces
2046 5306 2115 5359 ab
2142 5306 2237 5361 illo
2267 5315 2485 5361 creatos
2528 5306 2593 5359 ad
2628 5321 2809 5361 rerum
2865 5306 3230 5361 humanarum
3277 5307 3422 5376 regi-

1847 5412 1997 5452 men.
2050 5396 2217 5452 Moris
2272 5411 2402 5467 ergo
2461 5398 2747 5453 nonnullis
2803 5396 3147 5458 Palaestinis,
3217 5396 3423 5455 σταθείς.

1845 5488 2102 5552 maxime,
2129 5486 2363 5542 vicinam
2385 5495 2440 5543 et
2456 5488 2768 5557 contiguam
2798 5485 3111 5541 Judaaorum
3145 5486 3419 5554 regionem

1848 5578 2264 5642 accolentibus.
2319 5579 2526 5638 imitari
2577 5589 2631 5634 et
2682 5594 2965 5639 assumere
3015 5575 3421 5647 quodammodo

1844 5686 2033 5725 eorum
2065 5669 2499 5726 consuetudines
2530 5686 2591 5723 ac
2628 5684 2825 5727 mores.
2872 5676 3040 5739 atque
3080 5671 3417 5723 monarcliim

1847 5779 2047 5817 nomen
2082 5765 2137 5818 in
2168 5764 2371 5818 honore
2401 5762 2623 5826 habere,
2655 5761 2799 5832 quod
2837 5766 2909 5817 ita
2948 5762 3127 5817 visum
3167 5772 3314 5817 esset
3350 5781 3417 5817 ns
