3894 6200
506 363 578 422 83
1507 370 1564 426 S.
1606 373 1694 428 CY
1707 373 1885 429 ιιιιιι
1909 374 2381 434 ALEXANDRINI
2416 380 2746 455 ARCHH—Il‘.
3685 383 3755 438 8‘

500 495 740 551 quorum
785 481 954 553 paulo
982 491 1110 539 ante
1136 487 1526 568 meminimus,
1561 492 1665 547 etsi
1718 509 1827 567 non
1876 495 2059 564 eodem

2175 500 2427 574 καθάπερ
2456 504 2634 572 ἡμεῖς.
2665 507 2728 557 Οί
2758 504 2834 567 δὲ,
2857 505 2994 574 μήτε
3021 505 3199 575 πλήρη
3221 503 3327 574 τὴν.
3345 505 3423 567 εἰς
3470 504 3750 568 Ἰουδαίους

500 565 666 628 modo
711 570 822 644 quo
857 591 958 631 nos
1005 577 1304 648 loquimur.
1346 579 1413 635 lli
1449 565 1576 638 vero
1601 601 1712 640 non
1743 565 1969 643 omnino
2003 589 2071 643 ad

496 661 812 720 Judzeorum
846 666 986 722 ritus
1018 672 1298 749 propensi,
1329 687 1508 742 neque
1536 689 1566 728 a
1601 674 1922 732 Graecorum
1955 679 2072 749 pla-

497 754 624 812 citis
669 765 726 826 et
767 748 1315 832 moribus'digressi,
1352 765 1447 820 sed
1491 768 1726 823 mediam
1776 748 2070 840 quamdam

496 846 765 923 rationem
790 857 843 904 et
871 852 1204 906 sententiam
1253 857 1450 922 secuti,
1487 857 1564 926 pii
1593 869 1652 915 et
1694 861 1936 917 cultores
1972 861 2068 917 Dei

497 947 907 1009 nuncupantur.
943 941 1115 1018 Igitur
1147 944 1322 1015 Graeci
1351 948 1448 1018 qui
1491 947 1549 1003 in
1576 953 1830 1018 proximo
1855 953 2065 1009 habita-

499 1029 648 1096 bant,
698 1025 826 1086 eum
856 1033 1110 1089 viderent
1164 1051 1298 1093 suos
1343 1053 1526 1097 mores
1575 1056 1606 1095 a
1657 1040 1905 1100 Judaicis
1957 1061 2068 1102 non

495 1136 825 1193 magnopere
868 1123 1111 1191 ditl'erre,
1151 1128 1332 1199 quoad
1380 1131 1785 1190 sacriﬁciorum
1826 1137 1968 1193 ritus
2014 1147 2068 1194 et

497 1213 829 1268 inonarcliia:
859 1226 1248 1287 praesumptam
1275 1220 1590 1291 opinionem
1624 1224 1772 1293 (nam
1815 1241 1925 1282 non
1964 1243 2066 1282 an-

496 1309 579 1355 tea
611 1317 746 1370 gens
788 1303 957 1358 lsrael
998 1305 1065 1361 de
1096 1308 1313 1363 ratione
1356 1319 1562 1366 sancta:
1593 1318 1648 1367 et
1697 1318 2066 1372 consubstan-

495 1389 642 1445 tialis
682 1389 998 1462 Trinitatis,
1046 1395 1142 1457 sed
1177 1411 1354 1468 neque
1393 1401 1703 1478 spiritualis
1740 1405 1924 1462 cultus
1957 1409 2064 1462 vim

493 1481 828 1552 audierant),
862 1483 1215 1541 conﬂuebant
1244 1491 1408 1544 etiam
1457 1491 1777 1560 adoraturi,
1829 1499 2065 1555 maxime

491 1569 546 1624 in
580 1574 799 1644 magnis
831 1575 1270 1641 celebritatibus,
1299 1579 1466 1652 idque
1497 1597 1608 1639 non
1637 1587 1794 1656 quasi
1827 1603 2065 1659 peccan-

492 1669 574 1730 tes
633 1663 686 1717 in
729 1679 887 1739 suam
935 1667 1180 1738 ipsorum
1229 1673 1551 1744 religionem
1584 1692 1651 1732 ac
1699 1681 1933 1747 cultum,
1967 1683 2064 1739 sed

489 1754 640 1824 velut~
668 1772 838 1829 unum
865 1762 1111 1835 omnium
1147 1761 1312 1818 Deum
1343 1765 1704 1838 honorantes.

558 1845 691 1907 XII.
737 1848 828 1904 22.
883 1850 1035 1906 Venit
1071 1853 1348 1934 Philippus
1377 1867 1428 1912 et
1453 1859 1582 1914 dicit
1603 1860 1852 1919 Andrew.

559 1937 627 1994 Et
656 1939 916 1998 Pharisaei
965 1941 1277 2014 nescientes
1317 1950 1402 2005 rei
1431 1957 1720 2020 veritatem
1771 1958 1888 2014 haec
1920 1958 2064 2014 inter

489 2045 550 2086 se
598 2031 906 2104 dicebant:
967 2054 986 2088 ι
1037 2035 1176 2106 Ecce
1233 2047 1382 2098 totus
1433 2045 1674 2103 mundus
1728 2059 1852 2122 post
1909 2051 2062 2106 illum

489 2121 604 2195 abit
632 2123 716 2178 ⁸⁰.·
739 2144 759 2178 ι
789 2124 976 2198 Neque
1005 2132 1150 2186 enim
1190 2133 1372 2189 solum
1399 2133 1594 2206 Judaei,
1624 2140 1721 2195 sed
1750 2121 1805 2196 et
1831 2145 2062 2213 gentiles

487 2226 646 2268 erant
687 2217 973 2274 credituri.
1021 2221 1152 2278 Ideo
1199 2233 1252 2280 et
1297 2241 1449 2282 nunc
1495 2229 1644 2285 velut
1695 2233 2061 2301 primitiarum

488 2306 611 2372 loco
636 2306 779 2363 facta
811 2319 898 2378 est
918 2311 1236 2380 Graecorum
1269 2320 1538 2391 accessio,
1583 2331 1638 2378 et
1667 2339 1777 2378 non
1807 2341 1968 2383 secus
1997 2344 2062 2383 ac

487 2394 699 2452 Galilaei
745 2400 1083 2464 accedebant
1142 2405 1212 2459 ad
1261 2405 1572 2478 Philippum
1609 2410 1804 2478 Graeci,
1855 2428 1957 2468 ceu
2009 2427 2063 2471 et

487 2488 666 2557 ipsum
725 2491 1011 2550 Galilazum
1061 2497 1444 2564 exsistentem,
1496 2507 1557 2554 ut
1609 2503 1929 2560 ostenderet
1979 2507 2062 2564 eis

484 2580 672 2648 Jesum
706 2599 874 2653 quem
922 2601 1152 2644 cernere
1187 2591 1504 2660 cupiebant,
1562 2593 1765 2649 auditis
1815 2603 1894 2649 tot
1939 2612 2062 2666 quae

488 2673 689 2728 ﬁebant
726 2678 992 2744 secundis
1025 2681 1550 2748 acclamationibus,
1579 2692 1639 2738 ut
1665 2684 1978 2752 adorarent,
2007 2698 2062 2745 et

485 2781 549 2822 ea
620 2783 746 2839 qua:
797 2770 1089 2840 cupiebant
1148 2784 1650 2845 consequerentur.
1717 2775 2060 2838 Recordatus

483 2870 614 2920 vero
647 2856 932 2930 Philippus
973 2862 1125 2932 quod
1163 2863 1378 2920 dixerat
1404 2866 1486 2922 eis
1520 2865 1682 2923 Jesus
1714 2886 1728 2923 :
1769 2889 1787 2922 ‹
1825 2868 1879 2924 In
1912 2871 2057 2926 viam

485 2951 726 3017 gentium
755 2969 824 3006 ne
855 2953 1126 3024 abieritis,
1166 2964 1220 3010 et
1265 2955 1320 3010 in
1359 2959 1550 3014 urbem
1583 2958 2056 3018 Samaritanorum

482 3057 552 3115 ne
582 3043 968 3114 ingrediamini
995 3046 1036 3077 '"
1061 3089 1076 3112 ,
1114 3065 1132 3099 ι
1161 3049 1359 3104 metuit
1388 3066 1457 3105 ne
1480 3050 1759 3108 oﬂenderc
1806 3055 2058 3110 videatur

2175 593 2386 662 ἔχοντες
2428 597 2636 667 ῥοπὴν,
2672 599 2810 667 μήτε
2846 597 2951 668 μὴν
3005 597 3113 649 τῶν
3147 596 3369 678 Ἕλλησι
3430 596 3597 664 φίλων
3643 597 3749 664 ἀφ-

2173 687 2465 756 εστηκότες
2493 687 2653 755 ἐθῶν,
2686 690 2857 759 μέσην
2895 689 2951 742 δέ
2999 705 3121 740 τινα
3153 688 3247 740 καὶ
3273 687 3407 756 πρὸς
3436 689 3602 757 ἄμφω
3633 688 3752 758 βλέ-

2173 793 2296 828 πειν
2340 777 2750 849 ἐπιτηδεύοντες
2789 779 2968 843 δόξαν,
3001 778 3270 840 θεοσεϐεῖς
3299 779 3652 847 ὀνομάζονται
3696 781 3748 831 οί

2170 867 2421 920 τοιοῦτοι.
2477 869 2779 940 Τοιγαροῦν
2838 872 2887 922 οἱ
2937 869 3305 938 γειτονοῦντες
3347 871 3645 940 Ἕλληνες,
3685 870 3748 922 οὗ

2172 960 2377 1029 σφόδρα
2400 961 2506 1014 τῶν
2541 961 2841 1015 Ἰουδαϊκῶν
2869 961 3006 1016 ἐθῶν
3033 964 3100 1016 τὰ
3133 965 3238 1019 ἴδια
3269 965 3602 1035 διῳκισμένα
3627 962 3751 1032 βλέ-

2169 1055 2518 1117 ποντες,ὅσον
2548 1050 2683 1125 ἧκεν
2711 1057 2790 1117 είς
2819 1053 3018 1107 θυσιῶν
3043 1057 3277 1126 τρόπους
3307 1059 3400 1111 καὶ
3443 1054 3748 1126 μοναρχίας

2167 1144 2418 1214 διάληψιν
2443 1147 2522 1216 (οὐ
2570 1139 2678 1218 γὰρ
2715 1149 2930 1220 ᾔδεισαν
2982 1154 3242 1226 πρότερον
3279 1153 3377 1221 τῆς
3433 1150 3593 1217 ἀγίας
3651 1147 3748 1198 καὶ

2167 1236 2455 1304 ὁμοουσίου
2496 1239 2723 1310 Τριάδος
2770 1244 2894 1306 τοὺς
2928 1244 3116 1313 λόγους
3163 1247 3209 1296 οἱ
3251 1243 3309 1308 ἐξ
3348 1239 3583 1311 Ἰσραὴλ,
3625 1236 3749 1289 ἀλλ’

2166 1329 2288 1381 οὐδὲ
2324 1329 2422 1399 τῆς
2464 1332 2840 1402 πνευματικῆς
2869 1335 3119 1406 λατρείας
3145 1335 3242 1406 τὴν
3288 1332 3513 1401 δύναμιν
3541 1330 3582 1397 ),
3615 1345 3746 1380 συν-

2167 1418 2378 1477 έβαινον
2413 1425 2893 1492 προσκυνήσοντες,
2928 1428 2983 1478 ἐν
3016 1425 3315 1495 πανδήμοις
3359 1423 3588 1493 μάλιστα
3621 1436 3744 1471 συνο·

2164 1507 2408 1581 δρομαῖς.
2432 1512 2527 1582 οὐχ
2555 1511 2630 1575 ὡς
2666 1514 2763 1584 τὴν
2791 1515 2925 1568 ἰδίαν
2963 1515 3253 1577 λυποῦντες
3275 1513 3526 1584 λατρείαν
3551 1528 3609 1562 τε
3647 1509 3745 1562 καὶ

2167 1597 2486 1670 θρησκείαν,
2533 1601 2648 1655 ἀλλ’
2704 1604 2778 1666 ὡς
2825 1605 2910 1658 ἵνα
2943 1605 3032 1662 τὸν
3079 1605 3171 1658 ἐπὶ
3221 1605 3436 1671 πάντων
3472 1600 3745 1682 τιμῶντες

2165 1690 2321 1745 Θεόν.

2245 1874 2521 1942 Ἔρχεται
2546 1877 2842 1941 Φίλιππος
2873 1876 2971 1928 καί
3002 1874 3162 1943 λέγει
3193 1873 3272 1943 τῷ
3305 1873 3539 1940 Ἀνδρέᾳ

2233 1969 2343 2022 Καὶ
2392 1968 2464 2038 μὴ
2497 1969 2693 2032 εἰδότες
2746 1970 2796 2021 οἳ
2840 1971 3124 2038 Φαρισαῖοι
3156 1969 3217 2021 τὸ
3265 1967 3461 2036 ἀληθὲς
3516 1962 3752 2016 ἐλάλουν

2163 2058 2583 2127 λέγοντες”σ“Ἰδε
2611 2062 2638 2113 ὀ
2659 2060 2861 2130 κόσμος
2889 2060 3005 2122 ὅλος
3035 2059 3208 2112 ὀπίσω
3239 2058 3403 2124 αὑτοῦ
3438 2054 3742 2124 ἀπῆλθεν.»

2164 2151 2237 2203 Οὒ
2272 2151 2430 2218 μόνον
2455 2151 2561 2220 γὰρ
2597 2149 2860 2214 Ἰουδαῖοι,
2879 2150 3009 2202 ἀλλά
3033 2149 3126 2202 καὶ
3151 2151 3200 2202 οἱ
3229 2147 3288 2212 ἐξ
3318 2146 3484 2199 ἐθνῶν
3517 2143 3745 2212 ἔμελλον

2166 2241 2461 2294 πιστεύειν.
2495 2243 2585 2293 Διὸ
2616 2241 2708 2292 καὶ
2732 2242 2808 2304 ὡς
2837 2243 2893 2293 ἐν
2926 2241 3142 2310 ἀπαρχῇ
3173 2239 3294 2290 τότε
3319 2237 3535 2306 γέγονεν
3569 2237 3602 2304 ἡ
3631 2234 3745 2285 τῶν

2174 2333 2441 2403 Ἑλλήνιον
2486 2333 2768 2404 προσθήκη
2797 2373 2811 2396 ,
2843 2334 2939 2394 καὶ
2967 2332 3041 2394 ὡς
3085 2331 3354 2383 Γαλιλαῖοι
3387 2330 3435 2382 οἱ
3476 2327 3744 2393 ’Έλληνες

2164 2425 2468 2496 προσῆλθον
2491 2424 2566 2495 τῷ
2595 2425 2863 2494 Φιλίππῳ,
2901 2425 2975 2487 ὡς
3003 2425 3094 2476 καὶ
3127 2422 3272 2493 αὐτῷ
3304 2420 3568 2489 Γαλιλαίῳ
3599 2418 3740 2475 ὅντε,

2165 2517 2252 2570 ἵνα
2279 2517 2427 2591 δείξῃ
2449 2517 2628 2580 αὐτοῖς
2658 2517 2748 2569 τὸν
2786 2515 3010 2587 Ἰησοῦν,
3037 2516 3093 2568 ὃν
3131 2515 3319 2584 ἤθελον
3357 2513 3503 2581 ἰδεῖν,
3537 2508 3745 2576 πολλὴν

2161 2610 2450 2672 ἀκούοντες
2483 2610 2562 2672 είς
2597 2609 2759 2661 αὐτὸν
2782 2609 3072 2678 γινομένην
3111 2610 3210 2678 τὴν
3255 2604 3551 2674 εὐφημίαν,
3595 2601 3746 2653 ὥστε

2163 2701 2536 2771 προσκυνῆσαι
2590 2701 2685 2752 καὶ
2735 2698 2810 2752 ὧν
2840 2699 3030 2770 ήθελον
3081 2701 3278 2768 τυχεῖν.
3319 2693 3596 2762 Μνησθεὶς
3619 2691 3677 2744 δέ
3713 2692 3746 2742 ὁ

2159 2793 2422 2855 Φίλιππος
2455 2794 2536 2846 ὅτι
2567 2787 2687 2845 εἷπε
2726 2792 2862 2864 πρὸς
2905 2793 3100 2854 αὐτοὺς
3125 2793 3151 2843 ὁ
3178 2788 3377 2861 Κύριος
3402 2805 3414 2818 ·
3448 2807 3465 2836 ι
3490 2787 3582 2847 El;
3615 2784 3746 2836 ὁδὸν

2161 2884 2327 2938 ἐθνῶν
2359 2883 2434 2956 μὴ
2477 2883 2750 2953 ἀπέλθητε
2779 2924 2792 2946 ,
2821 2885 2915 2936 καὶ
2962 2885 3040 2946 είς
3071 2881 3223 2935 πόλιν
3268 2877 3622 2948 Σαμαρειτῶν
3663 2875 3746 2946 μὴ

2159 2975 2458 3046 εἰσέλθητε,
2496 2995 2514 3025 ι
2538 2973 2709 3044 δειλιᾷ
2738 2977 2930 3044 μήπως
2956 2971 3320 3043 προσκροῦσαι
3344 2969 3470 3039 δόξῃ
3500 2968 3625 3028 τοὺς
3661 2966 3743 3035 μὴ

2160 3069 2590 3131 πεπιστευκότας
2648 3067 2936 3136 προσάγων
2988 3064 3065 3134 τῷ
3114 3062 3366 3134 Χριστῷ,
3396 3058 3609 3126 ἀγνοῶν
3654 3059 3745 3110 ὅτι

481 3145 609 3194 eos,
641 3135 733 3202 qui
768 3133 1009 3189 nondum
1041 3136 1422 3204 crediderant,
1455 3142 1502 3197 si
1536 3141 1603 3196 ad
1632 3142 1914 3200 Christum
1958 3149 2057 3201 ad-

2166 3157 2515 3229 οἰκονομικῶς
2555 3160 2582 3210 ὁ
2611 3156 2814 3228 Κύριος
2843 3154 3081 3208 ἐκώλυσε
3116 3153 3242 3214 τοὺς
3279 3149 3528 3221 μαθητὰς
3558 3145 3742 3200 εἰσελ-

480 3218 709 3294 duceret
741 3243 754 3280 :
798 3225 1056 3302 ignorans
1103 3231 1252 3297 quod
1284 3247 1349 3286 ex
1384 3232 1818 3304 dispensationis
1865 3239 2059 3294 ordine

2166 3252 2272 3304 θεῖν
2321 3251 2455 3321 πρὸς
2509 3249 2578 3302 τὰ
2608 3248 2755 3318 ἔθνη,
2790 3248 2895 3312 ἓως
2936 3241 2996 3300 οὗ
3033 3246 3234 3315 πρῶτοι
3272 3245 3322 3296 οἱ
3368 3241 3607 3294 Ἰουδαῖοι
3636 3239 3746 3308 τὴν

483 3315 1033 3384 Dominusvetuerat
1076 3321 1232 3392 701
1287 3321 1582 3387 discipulis
1630 3344 1706 3382 ne
1752 3328 1820 3383 ad
1871 3340 2060 3401 gentes

479 3406 916 3479 ingrederentur,
957 3409 1134 3482 donec
1177 3405 1348 3482 primi
1409 3412 1584 3472 Judaei
1641 3419 1899 3474 traditam
1952 3421 2058 3476 sibi

479 3504 710 3572 gratiam
753 3502 1065 3573 rejicerent.
1099 3504 1385 3577 Tanquam
1435 3516 1618 3564 autem
1665 3513 1966 3568 ardentiori
2003 3521 2057 3569 et

479 3586 658 3664 magis
688 3585 846 3666 adea
887 3595 1103 3662 idoneo,
1124 3597 1360 3656 Andreae
1383 3599 1518 3655 dicit
1548 3617 1565 3666 ;
1612 3616 1850 3673 cumque
1879 3605 1932 3658 id
1971 3621 2057 3660 re-

480 3692 649 3755 ctum.
682 3686 864 3741 visum
901 3697 1069 3752 esset,
1115 3691 1276 3756 ambo
1321 3694 1644 3762 renuntiant
1683 3695 1941 3752 Domino.
1993 3697 2060 3753 Et

480 3775 782 3844 prudenter
811 3778 1033 3847 quidem
1073 3779 1207 3848 facit
1239 3781 1532 3853 Philippus
1564 3786 1768 3843 docens
1793 3804 1915 3855 nos,
1946 3805 2055 3843 non

481 3874 691 3923 temere
716 3869 881 3938 verba
910 3869 1158 3927 facienda
1195 3886 1319 3929 esse
1359 3877 1425 3929 ad
1457 3879 1785 3948 praepositos
1811 3888 2054 3947 nostros,

479 3956 610 4013 licet
638 3957 707 4014 de
735 3961 905 4016 rebus
939 3977 1059 4031 qua:
1095 3963 1352 4019 videntur
1379 3965 1555 4032 bonae,
1588 3969 1684 4025 sed
1717 3972 1902 4041 potius
1929 3987 2056 4026 cum

481 4050 842 4130 prudentibus
868 4051 1448 4126 deliberandumquid
1473 4057 1621 4114 facto
1648 4074 1788 4130 Opus
1818 4063 1912 4117 sit.

498 4127 511 4138 ”
551 4139 686 4216 Xll,
731 4139 820 4196 25.
874 4140 1023 4198 Venit
1058 4145 1228 4211 hora,
1265 4153 1322 4198 ut
1365 4127 1700 4218 clari/iaetu):
1723 4149 1918 4220 .Filius
1960 4153 2056 4208 ho-

480 4232 660 4300 minis.

552 4324 824 4390 Quoniam
851 4324 1019 4403 igitur
1045 4328 1282 4402 gentiles
1319 4329 1390 4400 ad
1424 4345 1552 4385 eum
1598 4331 1896 4389 videndum
1951 4350 2052 4391 au-

479 4417 942 4493 scultandumque
966 4429 1286 4494 properant,
1309 4421 1433 4478 ideo
1457 4423 1563 4478 ait:
1597 4441 1618 4477 ι
1646 4423 1807 4482 Venit
1848 4428 2007 4495 hora,
2031 4450 2050 4483 ι

2158 3343 2404 3397 δοθεῖσαν
2435 3342 2618 3402 αὐτοῖς
2653 3341 3047 3393 ἀποσείσωνται
3079 3337 3259 3410 χάριν.
3303 3335 3389 3397 Ὠς
3415 3331 3745 3404 θερμοτέρῳ

2158 3435 2214 3486 δὲ
2265 3435 2358 3486 καὶ
2414 3431 2828 3503 ἐπιτηδειοτέρῳ
2886 3430 3022 3497 πρὸς
3053 3429 3122 3482 τὰ
3176 3426 3399 3479 τοιαῦτα
3456 3423 3605 3492 λέγει
3658 3423 3745 3491 τῷ

2171 3524 2396 3595 Ἀνδρέᾳ
2421 3541 2433 3554 ·
2465 3523 2620 3586 δόξαν
2642 3524 2698 3575 δὲ
2726 3522 2868 3575 οὕτω
2911 3520 3106 3584 καλῶς,
3132 3517 3429 3588 ἀμφότεροι
3453 3513 3743 3582 ἀπαγγέλ-

2158 3617 2310 3672 λουσι
2334 3615 2412 3685 τῷ
2440 3614 2648 3685 Κυρίῳ.
2695 3613 2938 3676 Συνετῶς
2978 3611 3034 3665 δέ
3066 3611 3278 3682 πράξας
3307 3611 3334 3662 ὁ
3363 3609 3630 3669 Φίλιππος
3658 3607 3742 3659 δι-

2157 3709 2346 3762 δάσκει
2376 3708 2524 3778 ἡμᾶς
2551 3699 2639 3758 ’ὅτι
2672 3705 2730 3757 οὐ
2765 3704 2924 3758 καλὸν
2970 3706 3081 3764 τοῖς
3124 3702 3264 3771 ὑπὲρ
3291 3703 3439 3770 ἡμᾶς
3468 3699 3651 3752 λαλεῖν
3685 3715 3743 3751 τι

2156 3797 2232 3861 ὡς
2271 3798 2426 3868 ἔτυχε
2454 3837 2468 3861 ,
2523 3795 2624 3849 κᾶν
2660 3795 2788 3865 δοκῇ
2835 3812 2888 3848 τι
2939 3793 3046 3846 τῶν
3096 3792 3317 3860 ἀγαθῶν
3369 3787 3547 3856 εἶναι,
3596 3790 3742 3843 ἀλλὰ

2161 3888 2361 3960 μᾶλλον
2427 3887 2562 3959 μετά
2625 3885 2900 3958 φρονίμων
2977 3883 3373 3938 συσκεπτεσθαι
3427 3883 3495 3936 τὸ
3543 3883 3596 3936 τί
3655 3882 3744 3936 δεῖ

2159 3983 2354 4034 ποιεῖν.

2241 4155 2575 4225 Ἐλήλυθεν
2601 4157 2636 4224 ἠ
2665 4153 2785 4223 ὥρα
2829 4155 2932 4208 ἵνα
2954 4150 3225 4219 δοξασθῇ
3259 4155 3293 4206 ό
3329 4151 3464 4218 Υἱὸς
3488 4151 3595 4206 τοῦ
3627 4152 3739 4205 eir-

2157 4247 2408 4318 θρώπου.

2240 4341 2458 4413 Ἐπειδὴ
2483 4337 2574 4396 οὖν
2597 4341 2646 4393 οἱ
2677 4340 2734 4403 ἐξ
2757 4338 2922 4409 ἐθνῶν
2951 4338 3258 4405 ἐπείγονται
3291 4339 3428 4407 πρὸς
3461 4336 3524 4390 τὸ
3558 4337 3740 4391 θέλειν

2159 4434 2318 4486 αὑτὸν
2355 4433 2480 4486 ίδεῖν
2508 4432 2540 4502 ἢ
2566 4417 2905 4502 ἐπιστρέψαι,
2928 4430 3015 4482 διὰ
3033 4429 3187 4481 τοῦτό
3225 4446 3391 4499 φησιν
3411 4446 3424 4460 ο
3456 4449 3474 4479 ‹
3513 4428 3740 4496 Ἐλήλυ-

480 4525 653 4589 prope
681 4512 828 4568 enim
859 4521 979 4567 erat
1021 4514 1298 4584 passionis
1327 4523 1544 4587 tempus
1571 4558 1586 4582 ,
1617 4528 1742 4589 post
1767 4520 1910 4590 quod
1941 4533 2052 4576 sta-

2166 4527 2251 4579 Βεν
2283 4527 2315 4596 ή
2355 4525 2470 4595 ὥρα
2497 4541 2509 4553 -
2550 4543 2568 4574 ι
2607 4525 2635 4575 ὁ
2684 4522 2790 4591 γὰρ
2829 4521 3013 4590 καιρὸς
3052 4522 3220 4588 ἐγγυς
3256 4517 3323 4591 ἦν
3355 4519 3451 4573 τοῦ
3501 4519 3736 4583 πάθους,

480 4602 578 4656 tim
609 4607 1228 4680 estgentiumvocatio.
1274 4609 1438 4679 Atqui
1472 4611 1667 4665 horam
1701 4612 1790 4667 hic
1819 4615 2056 4683 appellat

477 4711 719 4770 praesens
745 4706 962 4769 tempus
983 4743 998 4767 ,
1031 4716 1137 4755 non
1165 4701 1316 4774 aliud
1353 4703 1518 4774 quid,
1558 4707 1706 4774 quod
1731 4705 1779 4759 ei
1810 4707 2052 4775 patiendi

478 4789 864 4860 necessitatem
909 4790 1186 4861 imponat,
1243 4795 1338 4864 sed
1374 4796 1557 4866 ipsum
1607 4805 1760 4853 certa
1811 4800 2049 4870 quadam

477 4879 933 4953 tleterminatione
981 4884 1054 4955 ab,
1099 4899 1167 4938 eo
1220 4885 1568 4959 praeﬁnitum.
1610 4886 1859 4946 Peractis
1903 4892 2073 4954 enim,

476 4969 732 5043 omnibus
751 4986 872 5041 quae
901 4973 968 5026 ad
996 4974 1154 5029 [idem
1183 4977 1449 5048 mortales
1482 4979 1874 5048 perducebant,
1903 4990 1956 5036 et
1981 4982 2050 5038 de

477 5075 647 5141 regno
699 5061 963 5115 cmlorum
1012 5079 1269 5122 sermone
1322 5067 1511 5140 habito
1564 5071 2044 5142 promulgataque,

475 5135 738 5218 deinceps
773 5145 840 5200 ad
877 5148 1057 5218 ipsum
1097 5153 1210 5222 spei
1244 5165 1412 5224 caput
1442 5137 1496 5210 et
1523 5135 1812 5213 summanr
1829 5135 2043 5227 tendit,

477 5231 963 5307 nempe'mortem
1007 5242 1379 5309 perimendam
1408 5286 1424 5311 ,
1471 5251 1841 5325 quodquidem
1902 5253 2047 5307 haud

475 5330 636 5385 aliter
687 5330 1095 5402 processisset,
1151 5335 1258 5390 nisi
1306 5338 1419 5392 vita
1461 5339 1579 5409 ipsa
1638 5356 1737 5410 pro
1789 5343 2052 5399 Omnibus

476 5428 708 5477 mortem
740 5423 1096 5493 pertulisset,
1127 5435 1186 5480 ut
1211 5442 1407 5485 omnes
1448 5433 1504 5484 in
1535 5447 1602 5487 eo
1639 5433 1948 5491 viveremus
1978 5437 2045 5491 δ’.

475 5501 776 5583 Propterea
800 5515 946 5570 enim
971 5531 1125 5570 suam
1149 5518 1377 5590 gloriam
1409 5529 1567 5576 vocat
1601 5533 1851 5591 mortem,
1886 5534 2050 5596 atque

481 5601 618 5675 adeo
662 5607 776 5675 pati
826 5607 1204 5679 acerbissima,
1236 5627 1468 5683 quaeque
1512 5629 1614 5684 pro
1661 5620 2064 5691 peccatoribus

546 5780 589 5808 °°
633 5779 785 5836 Joan.
822 5799 930 5850 xu,
972 5786 1052 5841 l9.
1130 5788 1182 5830 ἐ
1216 5787 1403 5844 Matth.
1437 5807 1500 5856 xl,
1536 5793 1588 5848 5.
1666 5795 1709 5825 ³³
1748 5794 1903 5852 Joan.
1939 5815 2012 5864 ιν,
2045 5801 2096 5854 9.

2161 4616 2280 4687 μεθ’
2309 4616 2366 4669 ὂν
2396 4614 2554 4678 εὐθὺς
2581 4615 2612 4684 ή
2650 4613 2756 4664 τῶν
2798 4612 2964 4664 ἐθνῶν
2991 4611 3200 4680 κλῆσις.
3226 4607 3395 4682 ’Ὠροίν
3425 4611 3481 4663 δέ
3522 4613 3582 4664 ἐν
3607 4611 3738 4664 τοὺ-

2155 4729 2266 4774 τοις
2290 4712 2382 4764 τὸν
2416 4710 2653 4778 παρόντα
2702 4708 2891 4777 καιρὸν
2922 4707 3194 4776 ὀνομάζει,
3229 4708 3329 4759 οὐκ
3363 4706 3491 4759 ἄλλο
3516 4724 3570 4758 τι
3593 4706 3738 4775 πρὸς

2155 4803 2402 4871 ἀνάγκην
2443 4802 2572 4868 ἀγον
2618 4799 2775 4870 αὐτὸν
2820 4797 2914 4850 τοῦ
2949 4798 3162 4859 παθεῖν,
3197 4798 3314 4850 ἀλλ’
3333 4800 3584 4868 ὁρισμοῖς
3616 4802 3740 4870 τοῖς

2157 4895 2286 4966 παρ’
2315 4890 2477 4945 αὑτοῦ
2515 4889 2703 4944 τοῦτον
2731 4888 3196 4958 ἀναδεικνύμενον.
3219 4889 3398 4941 Πάντα
3431 4887 3540 4959 γὰρ
3573 4890 3742 4958 ποιή-

2159 5005 2254 5047 σας
2290 4988 2386 5039 ὅσα
2420 4987 2498 5048 είς
2539 4983 2718 5035 πίστιν
2756 4983 2914 5052 ἐνῆγε
2944 4983 3068 5043 τοὺς
3104 4979 3426 5050 ἀνθρώπους
3449 5019 3465 5043 ,
3500 4980 3597 5032 καὶ
3631 4981 3741 5050 τῆς

2159 5078 2432 5148 βασιλείας
2448 5076 2556 5128 τῶν
2577 5075 2819 5145 οὐρανῶν
2849 5074 3089 5144 κηρύξας
3117 5071 3296 5139 λόγον,
3328 5071 3415 5122 ἐπ’
3443 5071 3578 5124 αὐτὸ
3619 5073 3740 5125 λοι-

2155 5165 2254 5216 πδν
2283 5167 2379 5234 τῆς
2409 5164 2618 5226 ἐλπίδος
2645 5163 2704 5215 τὸ
2748 5163 3040 5230 κεφάλαιον
3070 5160 3302 5230 βαδίζειν
3328 5160 3503 5223 θέλει,
3541 5161 3606 5213 τὸ
3641 5181 3738 5216 νε-

2155 5252 2367 5320 κρῶσαι
2391 5251 2482 5304 τὸν
2521 5251 2778 5304 θάνατον·
2810 5252 2947 5322 ὅπερ
2975 5251 3071 5302 οὐκ
3101 5248 3274 5310 ἄλλως
3307 5248 3526 5316 ἐγένετο
3557 5249 3648 5311 ἂν,
3686 5254 3741 5304 εἰ

2155 5342 2228 5413 μὴ
2260 5344 2290 5411 ἠ
2327 5341 2441 5411 ζωὴ
2483 5343 2573 5394 τὸν
2622 5343 2760 5411 ὑπὲρ
2790 5342 3040 5394 ἁπάντων
3064 5341 3318 5408 ὑπέμεινε
3361 5339 3610 5402 θάνατον,
3642 5341 3741 5394 ἵνα

2149 5435 2200 5486 οξ
2241 5434 2439 5497 πάντες
2470 5435 2720 5504 ζήσωμεν
2755 5436 2811 5485 ἐν
2841 5432 3007 5501 αὐτῷ.
3049 5431 3145 5483 Διά
3183 5430 3292 5500 γὰρ
3319 5430 3479 5483 τοῦτο
3510 5433 3606 5484 καὶ

2152 5525 2247 5591 ξαν
2267 5526 2402 5579 ἰδίαν
2430 5526 2679 5596 ὀνομάζει
2708 5525 2795 5578 τὸν
2822 5525 3068 5589 θάνατον,
3087 5523 3180 5574 καὶ
3197 5521 3258 5574 τὸ
3289 5522 3482 5576 παθεῖν
3507 5522 3736 5577 ἅπαντα

2150 5620 2215 5674 τὰ
2245 5620 2390 5674 δεινά
2439 5621 2576 5690 ὑπὲρ
2614 5618 2907 5672 τῶν-αὺτὸν
2935 5614 3305 5684 ἀτιμαζόντων
3347 5615 3733 5686 ἁμαρτωλῶν
