3882 6206
233 375 308 431 3-5
1047 364 1111 419 IN
1152 364 1491 421 JOANNEM.
1529 392 1595 402 —
1636 363 1763 417 LIB.
1806 361 1894 417 VII
1934 361 2023 417 ET
2066 360 2176 417 VIII
2215 359 2664 416 FRAGMENTA.
3409 362 3481 414 80

235 494 384 563 ὅμως
408 491 457 542 εἰ
496 491 588 542 καὶ
629 489 715 542 ἀεὶ
739 482 806 558 ἧν
833 485 1218 558 δεδοξασμένος
1248 486 1395 558 παρὰ
1421 486 1527 541 τῶν
1560 490 1616 539 ὲν
1643 487 1804 556 οὑραι

1912 499 2029 538 eum
2067 482 2526 538 dedecorantibus
2554 499 2566 534 ε
2596 487 2650 535 et
2680 477 2931 550 quamvis
2954 485 3099 533 esset
3126 491 3340 547 semper
3363 477 3478 547 gl0'

236 585 347 647 νοῖς
372 580 637 649 ἀγγέλων,
665 579 778 633 ἀλλ’
803 582 831 633 6
864 579 1092 650 σταυρὸς
1129 579 1348 648 γέγονεν
1378 578 1525 649 αὐτῷ
1549 578 1690 650 ἁρχὴ
1714 576 1806 631 τοῦ

237 666 562 735 δοξασθῆναι
601 668 692 720 ἐπὶ
742 668 845 737 γῆς
880 669 1028 738 παρὰ
1063 667 1170 721 τῶν
1202 666 1368 720 ὲθνῶν
1398 667 1473 731 ὼς
1502 667 1635 738 Θεῷ.
1678 669 1807 721 Ἐπ-

240 757 399 828 εἰπερ
440 757 608 821 ἐάσας
653 759 779 820 τοὺς
837 759 1225 829 ὲνυϐρίσαντας
1281 758 1429 829 αὐτῷ
1490 759 1805 822 Ἰουδαίους,

243 848 443 919 μετέϐη
479 852 557 912 εἰς
599 849 667 902 τὰ
699 849 846 921 ἔθνη,
882 852 974 903 καὶ
1001 850 1356 919 δοξολογεῖται
1399 852 1473 915 ὡς
1508 853 1638 916 Θεὸς
1677 855 1805 924 παρ’

237 939 417 992 αὐτῶν
449 940 796 1010 ὲλπιζόμενος
841 942 989 1013 ἥξειν
1036 947 1093 996 ἐν
1149 948 1211 1016 τῇ
1252 947 1377 1018 δόξῃ
1420 947 1510 999 τοῦ
1577 949 1803 1015 Πατρός.

238 1032 315 1084 UO
347 1033 553 1102 γυμνὸν
589 1033 645 1086 δὲ
688 1034 833 1101 λέγει
866 1034 955 1087 τὸν
984 1036 1153 1104 Λόγον
1203 1037 1625 1108 δοξασθήσεσθαι
1652 1081 1665 1103 ,
1693 1039 1806 1094 ἀλλ’

236 1121 335 1174 ἕνα
378 1122 636 1177 δεικνύων
664 1124 790 1177 Υἰὸν
816 1126 905 1179 τὸν
933 1127 991 1192 ἐξ
1035 1127 1449 1199 ἀνθρωπότητός
1474 1148 1531 1184 τε
1559 1134 1651 1186 καὶ
1692 1134 1805 1187 θεό-

234 1229 395 1281 τητος
447 1216 697 1286 ἀρρήτως
752 1217 1069 1286 νοούμενον,
1103 1220 1230 1274 Υῑὸν
1278 1220 1564 1293 ἀνθρώπου
1616 1228 1801 1296 φησὶν,

234 1303 374 1358 ἀλλὰ
416 1305 547 1367 Θεὸς
598 1308 855 1379 ὑπάρχων
907 1313 1000 1364 καὶ
1043 1314 1329 1382 νοούμενος
1361 1315 1454 1367 καὶ
1508 1316 1643 1385 μετὰ
1676 1333 1805 1388 σαρ-

234 1395 349 1459 κός.

317 1571 458 1623 Ἐὰν
477 1572 563 1641 μὴ
604 1576 637 1628 ὁ
660 1576 881 1643 κόκκος
903 1579 1007 1634 τοῦ
1024 1582 1197 1634 σίτου
1221 1586 1423 1638 πεσὼν
1443 1587 1528 1651 εὶς
1546 1586 1658 1655 τὴν
1684 1588 1803 1655 γῆν

232 1660 526 1730 ἀποθάνῃ,
560 1667 739 1733 αὐτὸς
782 1672 971 1737 μόνος
1016 1672 1182 1740 μένει
1206 1691 1220 1704 ·
1253 1675 1361 1730 ἐὰν
1398 1677 1466 1730 δὲ
1503 1679 1796 1751 ἀποθάνῃ,

234 1753 435 1807 πολὺν
452 1758 681 1823 καρπὸν
699 1759 880 1827 φέρει.

1911 574 2157 630 riiicatus
2186 576 2255 629 ab
2287 574 2494 644 angelis
2526 573 2581 627 in
2612 573 2784 639 caelo,
2820 579 3059 625 attamen
3104 585 3240 624 crux
3265 570 3315 623 ei
3350 579 3473 624 tan-

1908 682 2071 735 quam
2097 665 2205 721 Deo
2228 664 2627 733 consequentiae
2653 664 2706 718 in
2737 671 2884 718 terra
2909 662 3051 732 apud
3082 670 3269 732 gentes
3291 660 3479 731 gloria:

1908 760 2127 815 initium
2162 758 2287 812 fuit.
2318 756 2770 826 Quandoquidem
2807 753 3012 809 Judmis
3047 754 3140 824 qui
3180 767 3303 808 eum
3343 768 3477 807 con-

1908 853 2146 907 tumeliis
2177 851 2469 905 aﬂ'ecerant
2501 851 2684 905 valere
2705 850 2879 918 jussis
2900 888 2917 915 ,
2957 848 3024 902 ad
3070 854 3258 917 gentes
3291 852 3476 900 trans-

1906 946 2007 1009 iit,
2057 952 2113 999 et
2160 943 2499 1015 gloriﬁcatur
2548 950 2807 1011 tanquam
2853 940 2995 995 Deus
3029 940 3098 994 ab
3137 940 3243 1005 iis,
3278 953 3477 1005 exspe-

1906 1045 2194 1105 ctaturque
2224 1043 2483 1087 venturus
2508 1034 2562 1085 in
2583 1033 2756 1103 gloria
2778 1029 2975 1085 Patris.
3009 1028 3193 1099 Neque
3244 1027 3477 1097 simplex

1908 1128 2221 1196 nudumque
2244 1126 2380 1179 dicit
2405 1124 2643 1178 Verbum
2674 1122 3041 1193 gloriﬁcatum
3066 1122 3154 1185 iri,
3184 1118 3276 1175 sed
3303 1131 3474 1171 unum

1904 1215 2200 1269 ostendens
2226 1213 2449 1279 Filium,
2482 1214 2574 1282 qui
2601 1228 2669 1266 ex
2700 1212 3045 1265 humanitate
3074 1211 3240 1265 simul
3271 1217 3324 1263 et
3354 1208 3474 1262 dei-

1905 1314 2015 1362 tate
2061 1305 2318 1361 ineﬂabili
2368 1304 2945 1373 modointelligitur,
2984 1302 3180 1355 Filium
3233 1300 3473 1355 hominis

1903 1400 2075 1466 dicit,
2110 1399 2205 1454 sed
2237 1398 2328 1468 qui
2361 1396 2503 1452 Deus
2533 1396 2758 1452 exsistit
2785 1402 2841 1451 et
2867 1393 3192 1466 intelligitur
3220 1393 3384 1447 etiam
3416 1391 3472 1445 in

1902 1508 2090 1547 carne.

1970 1582 2106 1648 XII,
2139 1580 2231 1635 24.
2266 1579 2390 1635 Nisi
2418 1595 2645 1653 granum
2673 1577 2927 1647 frumenti
2957 1575 3146 1630 cadens
3184 1576 3238 1629 in
3276 1583 3470 1629 terram

1900 1685 2167 1729 mortuum
2184 1674 2364 1744 fuerit,
2380 1675 2548 1741 ipsum
2573 1672 2745 1725 solum
2764 1679 2974 1724 manet:
2997 1670 3043 1724 si
3068 1686 3182 1723 vero
3205 1677 3469 1722 mortuum

1899 1767 2000 1832 sit,
2028 1766 2249 1819 multum
2278 1764 2512 1833 fructum
2540 1764 2714 1831 a/fert.

306 1844 379 1897 Ού
415 1846 573 1914 μόνον
614 1849 809 1919 πάσχει
859 1852 1136 1922 προλέγων
1159 1895 1174 1921 ,
1206 1856 1324 1910 οὐδὲ
1366 1860 1447 1912 ὅτι
1484 1862 1746 1932 πάρεστι’.⁸
1772 1866 1800 1917 ὁ

1971 1827 2085 1908 Non
2116 1827 2292 1909 solum
2322 1852 2551 1922 patitur,
2575 1827 2876 1921 passurum
2904 1866 2964 1906 se
2994 1849 3302 1921 praedicens
3324 1890 3338 1913 ,
3373 1863 3471 1902 nec

235 1932 445 2003 καιρὸς,
466 1934 600 1989 ἀλλὰ
629 1939 720 1991 καὶ
747 1939 844 2009 τὴν
866 1942 1042 1997 αἰτίαν
1086 1946 1391 2014 καταλέγει,
1410 1949 1475 2002 δι’
1507 1952 1571 2021 ἢν
1590 1952 1802 2022 ἥδιστον

235 2023 528 2094 ἐποιήσατο
560 2029 636 2105 ⁹τὸ
667 2030 886 2085 παθεῖν·
920 2035 1015 2087 καὶ
1056 2036 1137 2088 ὅτι
1182 2038 1316 2092 πολὺ
1367 2041 1426 2093 τὸ
1459 2042 1552 2095 τοῦ
1600 2045 1802 2111 πάθους

235 2113 638 2208 κέρδοςΛηηγάρ
677 2161 691 2176 .
738 2160 752 2175 .
796 2162 811 2176 .
855 2165 869 2178 .
909 2126 1008 2178 οὐκ
1036 2126 1101 2180 ἂν
1142 2128 1313 2182 εἵλετο
1352 2132 1544 2185 παθεῖν
1569 2149 1582 2161 ·
1607 2136 1665 2188 ού
1694 2138 1802 2208 γὰρ

232 2203 382 2260 ἄκων
410 2206 597 2264 ἔπαθε.
623 2212 731 2264 Καὶ
762 2214 869 2284 γὰρ
901 2215 988 2268 διὰ
1010 2216 1104 2287 τὴν
1127 2220 1205 2282 εἰς
1232 2221 1376 2289 ἡμᾶς
1399 2223 1586 2292 φειδὼ,
1605 2203 1801 2279 τοσαύλ

234 2315 335 2368 την
366 2300 675 2370 ἡμερότητα
713 2304 1049 2371 ὑπεδείξατο,
1089 2309 1164 2374 ὡς
1221 2314 1312 2366 καὶ
1359 2314 1535 2367 πάντα
1584 2316 1651 2370 τὰ
1677 2317 1804 2388 ὠμὰ

236 2389 450 2444 ἑλέσθαι
478 2394 691 2449 παθεῖν.
728 2397 934 2471 Ὥσπερ
953 2400 1007 2453 δὲ
1033 2403 1061 2453 6
1098 2405 1327 2474 σπαρεὶς
1355 2406 1551 2470 κόκκος
1588 2407 1682 2461 τοῦ
1714 2409 1797 2461 σί-

234 2498 351 2546 του,
383 2485 617 2556 στάχυας
660 2490 888 2555 πολλοὺς
932 2494 1344 2562 άναϐλαστάνει,
1379 2500 1475 2569 οὑχ
1516 2501 1706 2555 ἑαυτὸν
1733 2503 1801 2555 δι’

234 2574 441 2629 ικείνου
472 2576 854 2651 ζημιούμενος,
874 2585 1004 2639 ἀλλὰ
1031 2588 1253 2658 δυνάμει
1283 2590 1425 2654 ὅλοις
1445 2594 1556 2655 τοῖς
1585 2594 1804 2658 κόκκοις

232 2664 330 2719 τοῦ
393 2668 621 2739 στάχυος
667 2673 987 2747 ἐνυπάρχων
1021 2694 1036 2708 ο
1067 2676 1126 2743 ἐξ
1168 2678 1333 2732 αὑτοῦ
1372 2680 1481 2752 γάρ
1518 2685 1568 2735 οξ
1607 2684 1805 2748 πάντες

234 2758 642 2832 ἀνεδλάστησαν
665 2781 677 2794 ·
700 2764 841 2819 οὕτω
862 2769 952 2821 καὶ
973 2771 1000 2821 ὁ
1022 2770 1225 2840 Κύριος
1252 2772 1510 2839 ἀπέθανε,
1544 2774 1635 2827 καὶ
1661 2777 1804 2829 άνοί-

233 2849 331 2915 ξας
371 2852 496 2915 τοὺς
537 2854 637 2924 τῆς
669 2859 771 2926 γῆς
830 2860 1052 2929 μυχοὺς,
1085 2864 1328 2932 ἀνήγαγε
1368 2865 1463 2917 σὺν
1505 2867 1681 2937 ἑαυτῷ
1708 2868 1804 2931 τὰς

231 2942 343 2995 τῶν
380 2944 682 3017 ἀνθρώπιον
710 2950 918 3019 ψυχὰς,
951 2953 1112 3016 αὐτὸς
1149 2952 1223 3007 ὢν
1252 2957 1311 3007 ὲν
1345 2959 1480 3010 πᾶσι
1530 2958 1671 3011 κατὰ
1712 2960 1805 3013 τὸν

232 3036 332 3104 τῆς
362 3036 595 3100 πίστεως
626 3039 779 3108 λόγον
814 3043 951 3111 μετὰ
974 3045 1067 3097 καὶ
1088 3045 1180 3098 τοῦ
1214 3047 1480 3118 ὑπάρχειν
1510 3049 1805 3104 ξδιοσυστά-

1900 1945 2031 2015 quia
2062 1952 2278 2014 tempus
2305 1943 2482 2008 adest,
2514 1942 2610 1997 sed
2639 1950 2694 1996 et
2722 1956 2947 1997 causam
2976 1949 3223 1996 recenset
3250 1948 3470 2010 propter

1902 2054 2065 2108 quam
2099 2038 2157 2092 ei
2180 2037 2638 2106 iucundissimum
2666 2035 2766 2089 fuit
2794 2037 2903 2103 pati
2929 2075 2944 2099 ,
2985 2049 3294 2105 magnoque
3320 2047 3471 2087 emo-

1903 2130 2144 2184 lumento
2171 2128 2316 2182 cedit
2356 2143 2420 2181 ea
2468 2128 2693 2197 passio;
2727 2127 2936 2196 alioqui
2974 2141 3075 2180 nec
3114 2126 3225 2195 pati
3260 2122 3472 2178 voluis-

1903 2228 2021 2285 set,
2053 2235 2175 2275 cum
2205 2219 2412 2274 invitus
2443 2218 2510 2272 ad
2545 2217 2861 2287 patiendum
2911 2216 3056 2287 adigi
3100 2230 3209 2269 non
3257 2221 3467 2284 posset.

1904 2311 2113 2368 Etenim
2147 2326 2245 2382 per
2271 2325 2537 2367 summam
2575 2310 2629 2364 in
2661 2324 2763 2364 nos
2789 2309 3115 2363 cbaritatem
3160 2318 3214 2362 et
3261 2307 3473 2362 sollici-

1906 2404 2148 2460 tudinem
2179 2418 2244 2458 eo
2269 2402 2707 2457 mansuetudinis
2736 2401 2992 2467 devenit,
3034 2410 3092 2455 ut
3129 2400 3312 2454 omnia
3344 2414 3472 2453 cru-

1904 2495 2182 2550 delissima
2239 2495 2448 2564 perpeti
2490 2510 2599 2549 non
2644 2500 2952 2549 vereretur.
3002 2491 3471 2558 Quemadmodum

1905 2587 2063 2658 702
2106 2602 2238 2641 vero
2293 2601 2522 2656 granum
2577 2584 2838 2639 frumenti
2885 2584 3223 2640 seminatum
3273 2582 3474 2637 multas

1905 2679 2087 2748 spicas
2128 2677 2479 2747 reproducit,
2525 2675 2664 2729 nihil
2698 2676 2754 2731 in
2784 2675 2964 2746 seipso
3005 2688 3101 2745 per
3134 2674 3267 2728 illud
3294 2672 3474 2726 immi-

1906 2778 2097 2825 nutum
2123 2809 2137 2834 ,
2182 2768 2275 2822 sed
2308 2775 2577 2837 potestate
2608 2769 2663 2821 in
2712 2768 2842 2822 totis
2887 2767 3053 2837 spicae
3090 2766 3277 2836 granis
3323 2764 3474 2819 exsi-

1906 2870 2058 2917 stens
2098 2860 2329 2930 (quippe
2369 2859 2556 2913 omnia
2603 2874 2671 2913 ex
2725 2874 2791 2914 eo
2832 2859 3245 2928 pullularunt),
3291 2857 3373 2912 sic
3420 2862 3477 2910 et

1903 2952 2168 3007 Dominus
2200 2960 2446 3007 mortuus
2467 2958 2573 3015 est,
2603 2960 2766 3020 atque
2796 2951 3267 3020 adapertisterrae
3295 2948 3475 3019 regio-

1906 3044 2106 3104 nibus,
2158 3044 2380 3097 reduxit
2424 3059 2607 3098 secum
2653 3042 2939 3097 hominum
2990 3042 3234 3106 animas,
3276 3040 3475 3110 ipsein

233 3140 367 3220 τως,
405 3126 479 3178 Οὐ
516 3127 676 3196 μόνον
710 3129 765 3182 δὲ
797 3134 908 3195 τοῖς
965 3133 1293 3189 ἀποθανοῦσι
1335 3136 1493 3190 τοῦτο
1520 3139 1719 3193 δέδωκε
1744 3140 1804 3192 τὸ

1912 3132 2164 3187 omnibus
2192 3133 2494 3189 secundum
2524 3134 2790 3186 rationem
2823 3131 2946 3186 ﬁdei
2980 3132 3144 3186 simul
3174 3140 3228 3186 et
3258 3131 3479 3202 prepria

237 3215 428 3286 κέρδος
447 3219 507 3271 τὸ
534 3219 600 3271 δι’
621 3222 782 3275 αὑτοῦ
806 3230 1192 3298 καρποφορεῖν,
1216 3231 1350 3285 ἀλλὰ
1368 3233 1460 3286 καὶ
1484 3235 1593 3296 τοῖς
1618 3234 1800 3298 ζῶσιν·

235 3308 286 3360 εἰ
334 3308 425 3361 καὶ
478 3311 614 3379 πρὸς
662 3313 758 3383 τὴν
790 3318 1103 3388 παραϐολὴν
1145 3323 1173 3374 6
1217 3322 1373 3391 λόγος
1427 3327 1802 3398 ὲσχηματίσθη

235 3400 496 3465 ⁸πιθανῶς.
527 3404 753 3475 Καρπὸς
785 3409 907 3479 γὰρ,
926 3411 1032 3463 τῶν
1052 3412 1144 3465 τοῦ
1180 3416 1415 3485 Χριστοῦ
1446 3418 1802 3486 παθημάτων,

236 3493 269 3559 ἡ
308 3493 520 3546 πάντων
551 3496 683 3567 ζωὴ,
709 3502 915 3569 νεκρῶν
944 3519 1003 3555 τε
1034 3505 1129 3556 καὶ
1167 3505 1383 3568 ζώντων
1408 3525 1422 3574 ;
1450 3509 1669 3581 σπέρμα
1698 3512 1804 3582 γάρ

234 3583 425 3653 γέγονε
456 3585 621 3660 ζωῆς,
655 3592 683 3643 6
710 3592 947 3663 Χριστοῦ
973 3595 1213 3661 θάνατος.

304 3758 452 3834 Ἀρά
477 3782 538 3832 γε
579 3768 611 3836 ἡ
643 3765 760 3820 θεία
801 3768 892 3822 τοῦ
936 3770 1095 3839 λόγου
1135 3774 1312 3842 φύσις,
1350 3776 1580 3831 θανάτου
1615 3779 1804 3848 γέγονε

234 3854 494 3926 δεκτική;
531 3858 638 3909 Καὶ
676 3858 793 3922 πῶς
824 3859 984 3914 τοῦτο
1023 3903 1038 3917 .
1117 3902 1133 3918 .
1212 3906 1225 3918 .
1305 3907 1318 3919 .
1400 3908 1413 3921 .
1449 3869 1547 3923 οὐκ
1593 3871 1805 3927 ἀνόσιον

236 3946 515 4009 παντελῶς
555 3966 570 4013 ;
604 3948 724 4018 Ζωὴ
774 3950 880 4021 γάρ
930 3953 1045 4005 ἐστι
1105 3955 1245 4009 κατὰ
1296 3957 1455 4025 φύσιν
1488 3962 1516 4012 ὁ
1562 3963 1626 4014 ἐκ
1670 3963 1804 4017 Θεοῦ

237 4038 448 4108 Πατρὸς
482 4038 651 4106 Λόγος
672 4056 685 4069 ’
711 4041 911 4111 ἐγείρει
937 4043 1154 4112 μᾶλλον,
1185 4047 1245 4098 ού
1280 4047 1487 4102 πίπτει.
1526 4052 1808 4123 Καταργεῖ

235 4130 326 4184 τὸν
358 4130 603 4195 θάνατον,
651 4134 711 4186 οὐ
748 4137 1029 4203 κρατεῖται
1074 4138 1266 4210 φθορᾷ.
1313 4142 1573 4196 Ζωοποιεῖ
1604 4146 1805 4214 μᾶλλον

235 4220 298 4273 τὸ
338 4220 479 4291 ζωῆς
514 4223 743 4288 ὲπιδεὲς,
774 4226 874 4280 οὐκ
928 4228 1088 4292 αὐτὸς
1141 4228 1291 4300 ζητεῖ
1330 4235 1460 4304 παρ’
1490 4235 1677 4306 ἐτέρου
1706 4239 1805 4309 τὴν

237 4312 405 4382 ζωήν.
447 4315 655 4386 Ὠσπερ
697 4316 803 4387 γάρ
834 4318 893 4371 τὸ
938 4320 1053 4387 φῶς
1090 4322 1190 4375 οὐκ
1231 4323 1295 4377 ἂν
1333 4325 1540 4393 γένοιτο
1595 4328 1802 4395 σκότος,

236 4402 409 4467 οὕτως
446 4407 725 4476 ἀμήχανον
753 4409 852 4478 τὴν
879 4408 1022 4479 ζωὴν
1075 4412 1148 4482 μὴ
1184 4410 1323 4467 εἶναι
1355 4412 1519 4487 ζωήν.
1566 4418 1689 4483 Πῶς
1713 4416 1804 4474 οὖν

1914 3225 2267 3282 subsistentia
2302 3226 2595 3279 exsistens.
2628 3223 2815 3294 Neque
2850 3234 3059 3278 tantum
3104 3223 3335 3277 mortuis
3373 3224 3479 3277 hoc

1912 3318 2128 3372 lucrum
2160 3334 2255 3387 per
2279 3333 2335 3373 se
2360 3325 2640 3386 reportare
2663 3318 2958 3383 concessit,
2997 3317 3091 3373 sed
3120 3318 3284 3371 etiam
3310 3317 3475 3380 vivis,

1910 3411 2014 3466 etsi
2047 3410 2112 3464 ad
2150 3410 2465 3479 parabolam
2501 3424 2680 3464 sermo
2717 3409 3071 3479 probabiliter
3094 3409 3475 3479 ﬁguratussit.

1909 3500 2042 3554 Nam
2089 3499 2298 3554 fructus
2338 3499 2614 3569 passionis
2653 3498 2855 3554 Christi
2905 3507 2989 3554 est
3030 3500 3274 3554 omnium
3324 3501 3475 3566 vita,

1912 3600 2025 3644 tum
2079 3598 2421 3643 mortuorum
2470 3598 2586 3643 tum
2628 3588 2874 3644 vivorum
2909 3607 2922 3643 :
2968 3605 3154 3645 semen
3198 3591 3343 3644 enim
3376 3589 3479 3646 fuit

1910 3680 2072 3743 vitie,
2113 3678 2315 3734 Christi
2354 3692 2525 3732 mors.

1982 3772 2198 3843 Ergone
2238 3772 2424 3827 divina
2458 3769 2620 3825 Verbi
2662 3780 2859 3825 natura
2899 3772 3095 3826 mortis
3129 3770 3226 3825 fuit
3262 3772 3481 3842 capax?

1911 3863 1976 3918 Et
2003 3862 2281 3935 quomodo
2311 3878 2422 3917 non
2454 3862 2557 3917 hoc
2584 3864 2740 3934 plane
2765 3863 3032 3932 impium?
3063 3863 3157 3919 Est
3190 3866 3337 3919 enim
3367 3866 3481 3918 vita

1911 3955 2212 4012 secundum
2249 3962 2499 4008 naturam
2535 3968 2600 4008 ex
2642 3952 2750 4009 Deo
2787 3951 2949 4007 Patre
2986 3952 3261 4009 Verbum:
3295 3954 3480 4023 potius

1910 4046 2073 4117 erigit
2100 4054 2155 4101 et
2179 4060 2290 4099 non
2313 4042 2484 4099 cadit.
2523 4042 2749 4098 Mortem
2780 4043 3002 4113 perimit
3038 4052 3093 4098 et
3124 4044 3481 4113 corruptione

1911 4152 2020 4191 non
2064 4138 2227 4206 perit.
2260 4133 2525 4202 t\v’iviticat
2566 4134 2741 4204 magis
2794 4132 2849 4187 id
2896 4134 3042 4202 quod
3088 4136 3201 4189 vita
3240 4135 3479 4205 indiget,

1911 4244 2013 4284 nec
2054 4228 2233 4299 ipsum
2277 4228 2346 4281 ab
2370 4227 2480 4280 alio
2520 4226 2687 4280 vitam
2747 4229 3072 4283 emenoicat.
3113 4226 3481 4292 Quemadmo-

1908 4318 2038 4373 dum
2065 4317 2209 4372 enim
2239 4316 2420 4370 lumen
2447 4330 2727 4385 nunquam
2756 4315 3069 4370 obscuritas
3101 4315 3284 4379 fuerit,
3315 4316 3395 4372 sic
3420 4324 3481 4371 ut

1912 4411 2023 4464 vita
2050 4425 2158 4463 non
2192 4409 2267 4463 sit
2293 4408 2398 4460 vita
2419 4447 2433 4469 ,
2468 4406 2581 4461 ﬁeri
2607 4407 2816 4477 nequit.
2842 4406 3128 4472 Quomodo
3154 4407 3318 4477 igitur
3340 4407 3476 4477 ipse,

235 4495 265 4545 6
288 4496 450 4558 αὐτὸς
486 4498 577 4548 καὶ
603 4496 677 4560 ὡς
699 4498 896 4562 κόκκος
927 4502 1073 4553 σίτου
1113 4502 1329 4571 λέγεται
1360 4511 1547 4561 πεσεῖν
1570 4512 1651 4573 εἰς
1678 4513 1801 4583 γῆν,

1912 4510 1963 4559 et
1993 4508 2053 4556 ut
2083 4515 2316 4571 granum
2343 4498 2606 4555 frumenti
2636 4499 2841 4553 dicitur
2869 4498 3064 4553 cadere
3094 4498 3152 4552 in
3188 4506 3394 4552 terram
3425 4507 3481 4555 et

238 4586 334 4637 καὶ
385 4587 648 4657 ἀναϐῆναι
692 4589 766 4654 ὡς
812 4590 943 4657 Θεὸς
978 4596 1034 4646 ἐν
1084 4596 1389 4668 άλλαγμῴ;
1442 4595 1518 4653 Ἦ
1566 4601 1807 4672 δηλονότι

237 4678 297 4729 τὸ
342 4678 440 4747 μὲν
478 4678 703 4732 θανάτου
755 4680 1073 4749 γεύσασθαι,
1121 4688 1318 4756 πρέποι
1372 4688 1437 4741 ἄν
1488 4691 1636 4764 αὐτῷ
1677 4693 1809 4747 καθὸ

237 4772 462 4841 γέγονεν
484 4774 763 4846 ἄνθρωπος
784 4795 796 4809 ο
824 4780 884 4832 τό
911 4797 974 4849 γε
1002 4779 1107 4849 μὴν
1134 4782 1398 4853 ἀναϐῆναι
1427 4782 1643 4849 θεῐκῶς,
1675 4785 1805 4840 ἴδιον

237 4864 406 4918 αὐτοῦ
444 4867 704 4935 φυσικῶς.

316 4961 380 5011 '0
405 4959 601 5027 φιλῶν
636 4962 751 5029 τὴν
787 4963 998 5032 ψυχὴν
1024 4964 1231 5019 αὑτοῦ.

307 5051 382 5104 Ού
416 5052 574 5120 μόνον
628 5054 769 5123 ὑμᾶς
824 5057 915 5109 ἐπὶ
966 5056 1043 5127 τῷ
1101 5058 1217 5127 ἐμῷ
1259 5059 1703 5124 σκανδαλίζεσθαι
1747 5060 1806 5112 ού

237 5142 343 5212 χρὴ
377 5142 557 5208 πάθει,
592 5145 711 5198 οὐδὲ
758 5148 1005 5199 άπιστεῖν
1043 5142 1122 5210 οἷς
1162 5144 1347 5213 εἶπον,
1374 5149 1509 5202 ἀλλὰ
1538 5151 1630 5203 καὶ
1676 5151 1809 5220 πρὸς

236 5236 393 5289 τοῦτο
442 5237 883 5308 παρεσκευάσθαι
931 5241 1218 5309 προσήκει.
1266 5241 1323 5293 ὐ
1368 5241 1474 5312 γάρ
1514 5240 1684 5293 δοκῶν
1725 5242 1810 5293 ὲν-

236 5327 409 5381 ταῦθα
443 5329 815 5399 ἐπιμελεῖσθαι
862 5331 960 5399 τῆς
1015 5331 1148 5395 ἰδίας
1200 5332 1377 5401 ψυχῆς
1424 5334 1516 5386 καὶ
1545 5333 1604 5385 οὐ
1640 5332 1810 5386 θέλων

237 5419 404 5489 αὐτὴν
445 5422 525 5482 εἰς
581 5419 856 5484 κινδύνους
886 5420 1146 5473 ἐκδιδόναι
1176 5422 1379 5490 δι’ὲμὲ,
1398 5422 1687 5474 ἀπόλλυσιν
1712 5423 1809 5475 αὐ-

235 5512 333 5581 τὴν
358 5515 414 5564 ὲν
446 5511 522 5582 τῷ
555 5512 796 5581 μέλλοντι
842 5513 1039 5583 καιρῷο
1071 5515 1097 5566 6
1124 5514 1179 5566 δὲ
1223 5514 1303 5574 εὶς
1343 5513 1618 5576 κινδύνους
1643 5514 1810 5584 αὐτὴν

235 5602 411 5664 διδοὺς
438 5604 494 5654 ὲν
516 5601 591 5672 τῷ
616 5600 709 5654 νῦν
732 5602 909 5664 αἰῶνι,
943 5603 1210 5671 μεγάλους
1238 5602 1374 5673 αὐτῇ
1404 5603 1662 5671 φυλάσσει
1688 5604 1809 5665 τοὺς

237 5691 511 5759 καρπούςι
542 5692 636 5744 καὶ
667 5692 695 5743 ὁ
723 5692 820 5761 τῆς
843 5694 902 5744 ὲν
938 5691 1015 5760 τῷ
1054 5692 1241 5761 κόσμῳ
1270 5691 1440 5762 τούτῳ
1469 5694 1809 5762 καταφρονή-

242 5800 339 5845 aa;
374 5783 518 5851 ζωῆς
546 5824 558 5846 ,
585 5783 681 5853 τὴν
715 5783 989 5854 ἄφθαρτον
1026 5785 1281 5854 κτήσεται
1332 5787 1388 5837 ἐν
1436 5784 1511 5854 τῷ
1543 5784 1806 5853 μέλλοντι.

1910 4607 2202 4664 assurgere
2256 4599 2317 4645 ut
2362 4590 2504 4645 Deus
2556 4605 2682 4645 cum
2728 4591 3157 4646 immutatione?
3212 4588 3479 4661 Equidem

1911 4692 2141 4739 mortem
2173 4691 2428 4752 gustasse
2461 4681 2719 4735 convenit
2760 4680 2837 4735 illi
2877 4689 3149 4751 quatenus
3188 4682 3353 4735 homo
3391 4681 3477 4736 fa-

1911 4786 2034 4833 ctus
2077 4784 2200 4839 est,
2231 4788 2525 4842 resurgere
2566 4787 2699 4829 vero
2743 4787 2895 4827 more
2941 4771 3036 4827 Dei
3075 4772 3357 4843 proprium
3397 4784 3482 4830 est

1908 4868 2082 4937 ipsius
2116 4865 2466 4920 naturaliter.

1982 4957 2111 5024 XII,
2143 4958 2236 5012 25.
2278 4957 2381 5022 Qui
2414 4964 2557 5010 amat
2590 4954 2826 5009 animam
2860 4971 3035 5009 suam.

1980 5047 2100 5103 Non
2121 5048 2296 5103 solum
2317 5062 2412 5103 vos
2432 5061 2543 5101 non
2569 5054 2788 5115 oportet
2820 5046 3188 5101 scandalizari
3213 5047 3283 5102 ob
3306 5062 3481 5102 meam

1912 5140 2246 5211 passionem,
2279 5153 2457 5208 neque
2486 5138 2555 5194 iis
2582 5152 2703 5207 qua:
2733 5136 2846 5193 dixi
2877 5136 3035 5191 ﬁdem
3066 5137 3479 5208 derogare,_sed

1914 5234 1982 5287 ad
2007 5233 2058 5286 id
2083 5232 2258 5302 magis
2289 5231 2573 5301 magisque
2600 5233 2880 5300 properari
2909 5233 3183 5287 convenit.
3204 5228 3309 5295 Qui
3333 5229 3478 5284 enim

1913 5325 2005 5378 hic
2040 5323 2107 5378 de
2149 5338 2249 5377 sua
2290 5324 2474 5376 anima
2497 5321 2720 5377 videtur
2743 5336 2867 5379 esse
2900 5324 3167 5378 sollicitus
3185 5363 3217 5387 ,,
3238 5336 3339 5375 nec
3366 5320 3479 5374 vult

1912 5430 2032 5468 eam
2060 5420 2287 5484 propter
2313 5427 2397 5467 me
2422 5412 2475 5466 in
2499 5412 2806 5482 periculum
2839 5414 3135 5478 adducere,
3166 5411 3477 5482 perditeam

1914 5509 1969 5561 in
2009 5506 2256 5560 futurum
2300 5515 2517 5575 tempus
2560 5525 2572 5558 :
2614 5506 2709 5576 qui
2748 5522 2877 5562 vero
2929 5520 3048 5561 eam
3089 5508 3145 5559 in
3179 5504 3477 5561 discrimen

1914 5598 2140 5666 conjicit
2192 5598 2245 5651 in
2288 5598 2540 5666 praesenti
2583 5598 2817 5662 saeculo,
2870 5610 3099 5666 magnos
3142 5594 3479 5651 ei.reservat

1915 5693 2127 5746 fruetus
2160 5708 2171 5742 :
2202 5698 2257 5744 et
2285 5690 2379 5759 qui
2400 5689 2565 5742 vitam
2596 5689 2894 5744 contemnit
2922 5688 2976 5742 in
3000 5687 3111 5744 hoc.
3128 5687 3357 5754 mundo,
3381 5687 3474 5741 im-

1915 5784 2197 5839 mortalem
2223 5782 2277 5837 in
2302 5781 2490 5836 futuro
2517 5780 2837 5851 possidebit.
2864 5778 2987 5835 Hice
3008 5787 3187 5836 autem
3213 5779 3347 5834 dixit
3374 5778 3472 5832 Do-
