3894 6200
433 344 501 404 87

424 454 629 518 minus,
649 469 759 511 non
781 465 1042 528 tauquam
1063 460 1248 515 anima
1273 460 1365 516 hic
1383 464 1646 533 patiente,
1676 466 1772 521 sed
1795 467 1992 521 animae
2021 479 2062 529 Α

425 563 667 604 amorem
698 557 886 612 vocat,
922 550 1098 608 videri
1137 567 1258 608 eam
1293 555 1564 623 retinere,
1607 558 1753 612 haud
1789 573 1992 632 corpus

423 639 690 710 periculis
721 640 1067 712 objicientes.

492 812 587 868 ΧΠ
609 853 625 879 ,
653 815 743 871 26.
779 815 840 872 Si
871 821 986 886 quis
1013 821 1149 875 mihi
1173 823 1477 890 ministrat,
1514 840 1594 879 me
1617 836 1882 895 sequatur.

491 903 647 972 Quod
677 906 812 963 dicit
837 907 1110 978 ejusmodi
1143 921 1264 968 est:
1299 911 1358 967 Si
1391 927 1514 983 ego,
1549 915 1761 984 inquit,
1796 917 1868 971 ob
1897 932 1990 971 ve-

421 1001 596 1050 stram
631 996 924 1054 utilitatem
955 999 1115 1055 trado
1149 1002 1421 1073 meipsum
1453 1004 1521 1057 ad
1551 1012 1784 1058 mortem
1803 1044 1817 1069 ,
1848 1022 1988 1075 quo-

421 1088 588 1142 modo
619 1103 730 1144 non
759 1105 990 1146 summa:
1016 1092 1248 1162 ignavia:
1276 1096 1444 1150 fuerit
1464 1111 1564 1152 vos
1593 1096 1666 1151 ob
1704 1098 1988 1167 preprium

424 1180 768 1236 commodum
809 1198 918 1238 non
959 1201 1119 1256 posse
1158 1189 1546 1258 temporariam
1584 1192 1755 1246 vitam
1803 1207 1990 1262 asper-

418 1273 583 1334 nari,
628 1281 683 1328 et
729 1287 904 1331 morte
953 1279 1176 1342 carnis,
1217 1281 1384 1336 vitam
1422 1283 1676 1340 interitus
1712 1293 1989 1354 expertem

422 1364 582 1442 703
608 1373 662 1421 et
685 1382 1028 1425 marcessere
1051 1373 1294 1427 nesciam
1326 1377 1691 1445 comparare?
1727 1375 1990 1430 Videntur

419 1455 566 1508 enim
600 1469 754 1511 suam
785 1457 1028 1528 ipsorum
1059 1461 1297 1514 animam
1327 1464 1536 1530 odisse,
1571 1473 1836 1535 quantum
1865 1467 1992 1520 atti-

418 1553 512 1599 net
557 1544 626 1610 ad
665 1548 1018 1616 passionem,
1051 1554 1146 1620 qui
1189 1553 1420 1608 tradunt
1457 1570 1576 1610 eam
1617 1555 1684 1611 ad
1725 1563 1984 1621 mortem,

417 1636 640 1694 aiterriis
671 1651 1019 1698 reservantes
1053 1643 1215 1699 bonis
1242 1663 1256 1700 :
1293 1654 1346 1700 et
1379 1647 1474 1715 qui
1504 1647 1558 1701 in
1589 1649 1988 1704 exercitatione

418 1727 676 1799 religiosa
705 1730 916 1796 vivunt,
939 1734 1174 1790 oderunt
1198 1751 1328 1792 suas
1354 1738 1598 1808 ipsorum
1631 1741 1862 1805 animas,
1887 1755 1988 1795 nec

416 1834 478 1875 se
518 1819 667 1876 vinci
709 1821 899 1877 sinunt
938 1827 1124 1882 carnis
1168 1829 1570 1898 voluptatibus.
1621 1830 1775 1896 Quod
1824 1833 1988 1903 igitur
2015 1817 2060 1874 Β

416 1908 547 1969 fecit
575 1910 832 1980 Christus
866 1926 1092 1986 propter
1117 1920 1364 1975 omnium
1391 1923 1624 1978 salutem
1655 1939 1852 1993 passus
1872 1965 1887 1990 ,
1931 1926 1985 1978 in

414 2000 647 2072 ﬁguram
688 2013 745 2061 et
787 2015 972 2076 typum
1005 2005 1348 2068 fortitudinis
1395 2012 1557 2078 fecit,
1595 2019 1985 2074 monitosesse

412 2094 604 2150 volens
633 2111 730 2153 eos
759 2100 855 2168 qui
887 2113 1232 2170 speratarum
1271 2105 1538 2161 bonorum
1573 2108 1984 2178 exspectatione

411 2185 725 2255 ducuntur,
777 2197 841 2244 ut
882 2191 950 2246 ad
985 2195 1349 2254 exercendam
1387 2198 1648 2252 virtutem
1683 2214 1743 2254 se
1795 2199 1982 2256 accin-

410 2285 563 2350 gant.
599 2279 826 2348 Oportet
853 2283 999 2345 enim
1037 2300 1157 2352 eos,
1193 2288 1389 2355 inquit,
1424 2289 1519 2358 qui
1555 2290 1744 2344 volunt
1775 2304 1863 2345 me
1895 2307 1983 2346 se-

408 2371 542 2438 qui,
603 2384 790 2452 parem
855 2375 988 2431 mihi
1040 2375 1422 2434 fortitudinem
1480 2390 1536 2437 et
1595 2382 1980 2452 conﬁdentiam

409 2461 746 2531 ostendere;
806 2466 888 2522 sic
957 2470 1110 2524 enim
1185 2471 1429 2530 victoriae
1482 2476 1707 2544 prtemia
1760 2477 1975 2530 obtine-

408 2555 566 2612 bunt.

477 2650 610 2720 XII,
646 2654 736 2710 26.
786 2655 854 2709 Et
895 2655 984 2710 ubi
1013 2671 1130 2709 sum
1175 2672 1299 2727 ego,
1349 2658 1424 2714 ibi
1466 2667 1516 2712 et
1561 2663 1806 2717 minister
1837 2682 1978 2720 υιειιδ

405 2742 527 2798 erit.

478 2832 547 2887 Et
584 2836 845 2904 quoniam
894 2838 1004 2894 dux
1049 2841 1275 2910 gloriae,
1331 2858 1438 2897 non
1489 2859 1587 2917 per
1620 2847 1850 2916 gloriam
1887 2862 1979 2906 aut

407 2924 634 2991 luxum,
679 2932 773 2983 sed
817 2945 916 3000 per
954 2931 1239 2988 infamiam
1294 2942 1350 2989 et
1390 2935 1606 2992 labores
1643 2943 1974 2998 ambulavit:

406 3015 488 3069 sic
518 3023 573 3070 et
602 3032 704 3080 nos
731 3033 894 3090 agere
926 3021 1094 3077 alacri
1122 3024 1308 3080 animo
1345 3029 1624 3095 convenit,
1653 3041 1714 3085 ut
1745 3033 1799 3086 in
1833 3049 1978 3089 eum-

405 3103 528 3160 dem
557 3122 779 3180 quoque
800 3111 983 3166 locum
1012 3104 1396 3183 perveniamus
1415 3157 1428 3180 ,
1468 3117 1826 3192 divinumque
1857 3127 1976 3195 glo-

406 3198 544 3252 riam
592 3201 1007 3272 participemus.
1049 3205 1410 3276 Ecquovero
1445 3209 1654 3269 honore
1678 3191 1828 3286 digni
1862 3191 1972 3275 'su-
2001 3191 2043 3249 δ

405 3301 480 3342 ιε·
501 3304 552 3355 5,
584 3293 678 3361 qui
707 3294 896 3350 eadem
932 3311 1056 3352 cum
1097 3298 1330 3354 Domino
1355 3312 1546 3358 nostro
1578 3309 1786 3376 perpeti
1818 3311 1978 3365 nolu-

404 3394 527 3443 mus
549 3381 580 3436 ἓν
615 3382 872 3444 Fortasse
919 3404 1053 3444 vero
1094 3393 1239 3459 quod
1289 3393 1434 3448 dixit
1465 3434 1480 3458 ,
1528 3393 1665 3452 «Ubi
1695 3415 1795 3470 ego
1817 3418 1972 3469 sum,

404 3473 482 3530 ibi
519 3488 574 3531 et
611 3479 860 3536 minister
890 3499 1052 3541 meus.
1077 3497 1231 3552 esto,
1275 3507 1294 3538 ι
1341 3504 1447 3544 non
1485 3491 1694 3557 locum,
1730 3495 1824 3551 sed
1854 3513 1974 3553 mo-

403 3562 534 3619 dum
563 3567 784 3625 virtutis
810 3571 1096 3644 intelligit;
1128 3576 1183 3629 in
1205 3576 1410 3647 quibus
1433 3580 1581 3635 visus
1609 3589 1693 3637 est
1720 3583 1972 3648 Christus

404 3665 701 3726 praestare,
759 3662 829 3721 in
869 3664 1062 3722 iisdem
1102 3667 1305 3724 debent
1344 3672 1554 3726 versari
1589 3676 1682 3743 qui
1721 3691 1844 3731 eum
1885 3696 1970 3734 se-

403 3757 651 3817 quuntur
672 3791 688 3816 ,
716 3767 826 3808 non
856 3756 910 3809 in
951 3761 1330 3829 prmrogativis
1362 3764 1563 3822 divinis
1588 3805 1602 3829 ,
1642 3767 1971 3841 homineque

403 3839 728 3909 majoribus.
759 3842 946 3915 Neque
973 3850 1120 3902 enim
1152 3851 1207 3904 in
1239 3863 1507 3922 potestate
1540 3860 1779 3916 hominis
1802 3839 1966 3916 situm

401 3937 492 3983 est
519 3945 706 3989 verum
733 3941 788 3988 et
820 3943 1018 3992 natura
1049 3937 1217 3994 Deum
1249 3941 1454 4000 imitari
1486 3967 1501 4003 :
1548 3949 1644 4005 sed
1679 3949 1736 4005 in
1769 3951 1970 4021 quibus

401 4023 674 4094 contingit
699 4025 938 4084 hominis
962 4041 1214 4087 naturam
1251 4051 1418 4106 posse
1445 4041 1690 4098 eminere
1710 4086 1724 4110 ,
1765 4059 1874 4100 non
1915 4047 1970 4100 in

402 4113 664 4173 sedandis
697 4119 870 4174 maris
907 4114 1322 4192 tempestatibus
1349 4168 1364 4194 ,
1404 4138 1458 4185 et
1497 4133 1624 4188 aliis
1670 4135 1722 4188 id
1756 4151 1928 4206 genus
1952 4175 1967 4200 ,

400 4208 508 4268 leti
544 4209 601 4264 in
646 4209 984 4272 deinissione
1021 4216 1192 4271 animi
1237 4228 1293 4274 et
1326 4225 1785 4282 mansuetudine.
1821 4236 1875 4283 et
1914 4229 1970 4282 in

401 4299 643 4362 ferendis
671 4303 912 4374 injuriis.

470 4388 716 4466 Xll,q27.
752 4391 912 4450 Nunc
942 4399 1122 4452 animo
1153 4415 1270 4452 mea
1303 4401 1515 4457 turbata
1546 4415 1646 4461 est.

469 4483 765 4543 Enimvero
797 4488 903 4543 etsi
935 4497 1199 4562 tanquam
1235 4493 1402 4548 homo
1425 4495 1686 4555 Christus
1719 4502 1970 4557 turbatur
2006 4538 2053 4595 Β

401 4576 596 4633 mortis
628 4579 984 4648 cogitatione,
1013 4591 1255 4640 attamen
1283 4595 1542 4657 tanquam
1585 4588 1723 4646 Deus
1751 4608 1818 4646 ex
1848 4609 1971 4663 per-

401 4665 716 4721 turbatione
753 4668 856 4722 illa.
881 4671 960 4725 ad
995 4670 1252 4727 ﬁduciam
1285 4677 1472 4730 statim
1494 4681 1681 4744 venit,
1723 4689 1786 4735 et
1822 4683 1970 4752 quod

401 4757 596 4811 timore
616 4769 950 4814 commotum
979 4773 1085 4827 est,
1119 4765 1184 4818 ad
1220 4769 1562 4835 praesentiam
1587 4771 1751 4826 animi
1788 4775 1974 4829 tradu-

401 4847 498 4902 cit.
533 4849 971 4908 Existimandum
1003 4863 1086 4908 est
1114 4861 1258 4910 enim
1289 4860 1454 4913 etiam
1503 4861 1558 4914 in
1595 4861 1716 4932 ipso
1745 4863 1970 4920 Christo

399 4950 464 5008 et.
494 4939 786 4997 Servatore
833 4942 1229 5000 humanitatem
1284 4964 1408 5005 esse
1452 4961 1785 5016 commotam
1844 4971 1971 5024 pro-

402 5039 526 5102 pter
556 5033 694 5088 duos
735 5041 793 5088 et
831 5039 1177 5092 necessarios
1214 5042 1429 5100 modos.
1479 5045 1696 5115 Quippe
1744 5060 1969 5117 oporte-

401 5123 496 5178 hat
522 5133 587 5181 et.
623 5139 720 5194 per
759 5124 860 5180 bos
893 5125 1070 5194 ipsum
1108 5144 1218 5183 non
1241 5132 1503 5204 Opinione
1544 5151 1609 5190 ac
1656 5139 1971 5208 suspicione

399 5217 700 5283 duntaxat,
744 5218 842 5274 s'ed
873 5222 1057 5288 potius
1088 5223 1417 5281 naturaliter
1443 5237 1498 5282 et
1531 5244 1662 5284 vere
1693 5230 1968 5287 hominem

398 5328 462 5366 ex
494 5311 721 5366 muliere
746 5319 933 5365 natum
965 5312 1174 5378 videri,
1212 5318 1396 5370 omnia
1431 5318 1671 5376 humana
1705 5323 1968 5378 ferentem

399 5403 522 5457 sine
551 5411 800 5473 peccato.
835 5400 1021 5457 Timor
1047 5405 1192 5458 enim
1226 5415 1280 5460 et
1316 5407 1552 5468 formido
1581 5419 1710 5467 sunt
1745 5423 1971 5470 natura-

402 5496 478 5548 les
503 5496 662 5552 nobis
692 5495 1170 5567 perturbationes,
1207 5515 1328 5568 quae
1363 5502 1418 5555 in
1451 5519 1740 5557 numerum
1773 5521 1971 5574 pecca-

403 5597 580 5639 torum
632 5603 745 5641 non
787 5589 1039 5642 veniunt.
1072 5587 1340 5646 Praeterea
1373 5594 1538 5648 etiam
1572 5596 1782 5651 utiliter
1819 5613 1970 5652 com-

401 5675 763 5730 m0vebautur
785 5676 1027 5732 humana
1063 5677 1117 5730 in
1155 5676 1378 5735 Christo
1415 5682 1536 5737 sine
1571 5694 1830 5754 peccato,
1859 5703 1966 5741 non

404 5776 461 5821 ut
514 5779 790 5824 commota
855 5770 1250 5832 roborarentur
1300 5783 1352 5829 et
1405 5775 1553 5829 ultra
1583 5778 1946 5833 nrocedereut

1415 352 1472 408 S.
1499 352 1778 410 CYRILLI
1805 354 2278 414 ALEXANDRINI
2315 361 2633 420 ARCIIIEP.

3598 371 3679 426 83x

2095 471 2278 527 Ταῦτα
2309 474 2366 527 δὲ
2415 475 2517 548 ἔφη
2548 480 2576 530 ὁ
2607 477 2831 548 Κύριος,
2857 478 2954 550 οὐχ
2986 481 3062 544 ὡς
3090 481 3189 549 τῆς
3223 481 3402 552 ψυχῆς
3433 482 3682 546 ἰντσοῦθσυ,
3703 497 3733 527 '-

2095 567 2428 637 πασχούσης,
2457 569 2592 628 ἀλλά
2623 571 2726 640 τῆς
2756 572 2935 643 ψυχῆς
2985 575 3167 642 φιλίαν
3193 574 3374 640 καλεῖ,
3408 575 3470 628 τὸ
3491 575 3673 629 δοκεῖν

2093 659 2263 728 αὐτὴν
2315 662 2594 731 κατέχειν,
2637 664 2698 716 οὐ
2756 665 3103 735 προδιδόντας
3149 668 3228 729 είς
3279 666 3560 730 κινδύνους
3607 665 3686 725 τὸ.

2096 751 2287 822 σῶμα.¹

2177 843 2312 896 Ἐὰν
2338 843 2465 913 ἐμοὶ
2491 845 2742 915 διακονῇ
2774 864 2864 913 τις
2883 887 2898 910 ,
2923 847 3054 917 ἐμοὶ
3087 849 3504 905 ἀκολουθείτω.

2166 934 2230 986 Ὃ
2280 933 2429 1001 λέγει
2480 935 2718 992 τοιοῦτόν
2761 939 2929 990 ἐστιν’
2983 939 3045 991 Εἰ
3100 939 3232 1007 ἐγὼ,
3268 939 3433 1008 φησὶ,
3468 938 3558 992 διὰ
3602 939 3673 993 τὸ

2090 1025 2242 1096 ὑμῶν
2274 1029 2542 1097 χρήσιμον
2583 1029 2834 1100 ἐκδίδωμι
2879 1031 3112 1100 ἐμαυτὸν
3147 1033 3228 1092 είς
3260 1031 3508 1104 θάνατον,
3543 1031 3666 1094 πῶς

2089 1119 2190 1172 οὐκ
2234 1118 2512 1190 ἄνανδρον,
2542 1120 2603 1174 τὸ
2634 1121 2706 1190 μὴ
2737 1121 2844 1174 τῶν
2887 1123 3103 1176 οἰκείων
3135 1123 3320 1175 ἕνεκεν
3347 1124 3674 1195 χρησίμων,

2088 1210 2189 1280 τῆς
2240 1212 2574 1283 προσκαίρου
2619 1213 3026 1284 καταφρονῆσαι
3073 1213 3219 1285 ζωῆς
3251 1216 3425 1280 ὑμᾶς,
3454 1216 3546 1268 καὶ
3576 1214 3659 1283 τῷ

2087 1306 2186 1374 τῆς
2209 1307 2407 1374 σαρκὸς
2439 1305 2651 1375 θανάτῳ
2678 1307 2776 1378 τὴν
2812 1307 3123 1377 ἀμάραντον
3150 1306 3453 1376 κτήσασθαι
3475 1306 3674 1375 ζωήν;Δ

2089 1396 2314 1449 Δοκοῦσι
2363 1396 2471 1467 γὰρ
2519 1401 2693 1466 μισεῖν
2732 1398 2834 1469 τὴν
2874 1399 3079 1452 ἑαυτῶν
3123 1399 3332 1468 ψυχὴν,
3373 1400 3496 1451 ὅσον
3525 1393 3662 1469 ἧκεν

2088 1491 2166 1551 είς
2199 1489 2258 1540 τὸ
2287 1489 2497 1553 παθεῖν,
2533 1490 2582 1540 οἱ
2622 1489 2920 1551 ἐκδιδόντες
2948 1490 3113 1559 αὐτὴν
3149 1491 3226 1552 εἰς
3263 1489 3512 1552 θάνατον,
3547 1491 3681 1551 τοῖς-

2088 1581 2326 1643 αξωνίοις
2353 1581 2706 1648 φυλάττοντες
2739 1581 2965 1648 ἀγαθοῖς
2985 1597 2998 1609 ⁸
3028 1582 3122 1634 καὶ
3161 1583 3210 1635 οἱ
3242 1584 3299 1634 ὲν
3337 1581 3570 1650 ἀσκήσει
3602 1578 3662 1632 δὲ

2089 1672 2310 1738 ζῶντες,
2341 1672 2559 1742 μισοῦσι
2591 1673 2692 1735 τὰς
2733 1673 2940 1726 ἑαυτῶν
2980 1673 3184 1744 ψυχὰς,
3220 1673 3319 1740 οὐχ
3357 1670 3661 1742 ἡττώμενοι

2086 1767 2206 1827 ταῖς
2255 1765 2355 1834 τῆς
2415 1764 2768 1835 φιλοσαρκίας
2812 1765 3040 1836 ἡδοναῖς.
3087 1767 3152 1816 ’0
3198 1760 3292 1816 οὗν
3345 1763 3601 1834 ἐποίησεν
3629 1762 3681 1820 ὁ.

2088 1855 2323 1926 Χριστὸς
2348 1855 2436 1909 διὰ
2481 1856 2580 1927 τὴν
2619 1856 2872 1909 ἁπάντων
2903 1856 3176 1928 σωτηρίαν
3213 1854 3419 1915 παθὼν,
3451 1855 3532 1916 είς
3558 1853 3658 1905 τύ-

2087 1963 2189 1998 πον
2237 1946 2491 2016 ὲποίηαεν
2527 1946 2778 2016 ἀνδρείας
2801 1987 2814 2010 ,
2850 1946 3114 1999 διδάσκων
3142 1947 3270 2008 τοὺς
3300 1945 3410 1997 τῶν
3439 1941 3662 2005 ἐλπιζο-

2088 2037 2264 2106 μένων
2338 2037 2556 2106 ἀγαθῶν
2614 2038 3040 2110 ἐπιθυμοῦντας,
3084 2037 3400 2104 ἐπείγεσθαι
3454 2050 3659 2105 κατορ-

2085 2129 2210 2182 θοῦν
2239 2129 2338 2199 τὴν
2368 2131 2587 2202 ἀρετήν.
2637 2132 2728 2182 Δεῖ
2772 2129 2900 2201 γὰρ,
2941 2130 3094 2199 φησὶ,
3133 2129 3260 2191 τοὺς
3285 2127 3538 2187 θέλοντας
3567 2141 3676 2194 μοι..

2083 2218 2392 2272 ἀκολουθεῖν
2421 2259 2434 2282 ,
2462 2219 2562 2290 τὴν
2617 2219 2736 2290 ῐσην
2775 2221 2897 2289 ἐμοὶ
2934 2218 3182 2290 ἀνδρείαν
3239 2220 3334 2270 καὶ
3369 2214 3663 2285 εὐτολμίαν

2082 2311 2444 2366 ἐνδείκνυσθαι
2480 2331 2491 2342 ·
2524 2310 2664 2365 οὕτω
2693 2311 2800 2382 γὰρ
2835 2310 3096 2383 λήψονται
3115 2310 3304 2379 τάτῆς
3329 2309 3489 2378 νίκης
3519 2307 3672 2377 βρα-.

2081 2403 2221 2456 δεῖα.

2150 2665 2260 2718 Καὶ
2288 2664 2438 2718 ὅπου
2465 2663 2581 2732 ειμὶ
2609 2662 2744 2732 ἐγὼ,
2770 2660 2898 2714 ἐκεῖ
2923 2660 3021 2714 καὶ
3055 2662 3087 2712 d
3105 2657 3384 2720 διάκονος
3419 2658 3454 2708 d
3510 2652 3670 2722 épt‘c-

2079 2757 2271 2812 ἔσται.

2148 2851 2255 2904 Καὶ
2276 2850 2460 2919 ἐπειδὴ
2491 2851 2518 2903 6
2548 2850 2649 2918 τῆς
2681 2846 2836 2916 δόξης
2859 2846 3118 2916 ἀρχηγὸς,
3147 2846 3207 2898 οὐ
3229 2843 3314 2896 διὰ
3347 2840 3508 2910 δόξης
3557 2838 3668 2892 καὶ

2078 2942 2286 3013 τρυφῆς
2317 2941 2572 3003 ὦδευσεν,
2610 2940 2743 2993 ἀλλὰ
2767 2938 2855 2992 διὰ
2899 2939 3120 3007 ἀτιμίας
3149 2937 3253 2990 καὶ·
3287 2935 3465 2986 πόνων
3496 2950 3508 2963 ·
3557 2931 3670 2987 οὓ-.

2078 3054 2156 3088 τω
2178 3036 2258 3088 δεῖ
2289 3036 2388 3088 καὶ
2410 3037 2555 3104 ἡμᾶς
2586 3035 2808 3102 ἀλυπως
2856 3035 3047 3095 ποιεῖν,
3087 3031 3174 3084 ἵνα
3208 3032 3287 3090 είς
3339 3027 3432 3080 τὸν
3485 3025 3677 3084 αὐτὸν,

2077 3129 2238 3181 τόπον
2266 3128 2711 3196 καταντήσωμεν,
2735 3125 2828 3178 καὶ
2856 3125 2954 3192 τῆς
2997 3122 3144 3183 θείας
3169 3119 3529 3190 μετάσχωμεν
3567 3115 3657 3174 δότ

2079 3217 2194 3289 ξης.
2219 3219 2381 3274 Ποίας
2410 3217 2465 3269 δὲ
2495 3217 2631 3281 ἄξιοί
2655 3219 2821 3286 ἐσμεν
2845 3217 3026 3284 τιμῆς,
3056 3213 3103 3264 οἱ
3139 3211 3212 3281 μὴ
3260 3211 3536 3275 ἀξιοῦντες
3580 3207 3676 3271 τὰ..

2081 3309 2171 3362 ἴσα
2213 3307 2289 3377 τῷ
2341 3306 2581 3377 Δεσπότῃ
2608 3304 2832 3368 παθεῖν;
2881 3303 3030 3371 Τάχα
3061 3301 3117 3352 δὲ
3161 3299 3349 3362 εἰπὼν,
3409 3316 3426 3349 ι
3471 3298 3656 3349 Ὅπου

2077 3400 2201 3470 εἰμὶ·
2221 3397 2352 3466 ἐγὼ,
2376 3399 2492 3450 ἐκεῖ
2520 3397 2652 3449 καὶὸ
2683 3395 2926 3454 διάκονος
2951 3395 2979 3446 6
2996 3391 3126 3460 ἐμὸς
3150 3391 3310 3447 ἔστω,
3340 3408 3358 3438 ι
3393 3387 3452 3440 οὐ
3478 3387 3679 3446 τόπον.

2074 3489 2246 3557 λέγει,
2279 3487 2413 3540 ἀλλὰ
2440 3485 2638 3556 τρόπον
2664 3484 2864 3554 ἀρετῆς
2884 3501 2896 3512 ·
2928 3482 2986 3534 ὲν
3011 3475 3092 3542 οἷς
3127 3479 3235 3546 ἐγὼ
3280 3477 3470 3546 ὤφθην
3511 3477 3655 3547 Χρι-

2077 3581 2200 3643 στὸς
2223 3579 2555 3648 διαπρέπων,
2593 3578 2791 3637 ἐντοῖς
2825 3575 3002 3633 αὐτοῖς
3022 3571 3328 3640 ὀφείλουσιν
3378 3565 3519 3622 εἷναι
3553 3568 3670 3620 καὶ.

2075 3673 2124 3724 οἱ
2141 3671 2286 3741 αὐτῷ
2316 3667 2749 3730 ἀκολουθοῦντες,
2775 3668 2872 3719 οὐκ
2897 3668 3078 3727 ἐντοῖς
3101 3663 3461 3733 θεοπρεπέσιν
3493 3659 3675 3726 ἀξιῶ-ι,

2079 3779 2210 3833 μασι
2234 3763 2326 3816 καὶ
2355 3765 2465 3823 τοῖς
2497 3761 2634 3827 ὑπὲρ
2661 3758 2961 3828 ἄνθρωπον.
3010 3756 3082 3809 Οὐ
3129 3754 3238 3824 γὰρ
3280 3752 3502 3806 δυνατὸν
3556 3753 3655 3805 ἀν-

2076 3854 2278 3924 θρώπῳ
2301 3854 2391 3906 τὸν
2417 3852 2589 3921 ἀληθῆ
2621 3851 2713 3903 καὶ
2741 3849 2896 3916 φύσει
2933 3847 3064 3899 Θεὸν
3094 3845 3436 3916 μιμήσασθαι
3469 3861 3483 3874 ο
3517 3843 3673 3897 ἀλλ’·

2072 3947 2131 3998 ὲν
2165 3939 2247 4009 οἷς
2273 3944 2543 4014 ἐνδέχεται
2575 3943 2672 4012 τὴν
2697 3938 2980 4010 ἀνθρώπου
3028 3936 3349 4007 διαπρέπειν
3383 3935 3655 3988 δύνασθαι

2072 4039 2255 4107 φύσιν,
2307 4039 2405 4092 οὐκ
2453 4039 2510 4090 ὲν
2545 4034 2622 4105 τῷ
2665 4032 2914 4105 χαλινοῦν
2966 4029 3236 4085 θάλασσαν
3268 4031 3363 4081 καὶ
3388 4027 3459 4080 τά
3483 4029 3670 4097 ὅμοια-

2073 4137 2266 4198 ποιεῖν,
2337 4131 2450 4185 ἀλλ’
2499 4131 2556 4181 ἐν
2595 4125 2673 4196 τῷ
2711 4120 2849 4178 εἶναι
2881 4122 3165 4182 ταπεινοὺς
3193 4121 3288 4172 καὶ
3312 4120 3524 4188 πράους
3551 4119 3654 4171 καὶ⁵

2071 4226 2336 4297 φέροντας
2375 4221 2580 4292 ὕϐρεις.

2143 4402 2272 4457 Νῦν
2309 4402 2347 4467 ή
2384 4397 2555 4468 ψυχή
2582 4413 2697 4464 μου
2725 4392 3086 4458 τετάρακται.

2142 4493 2290 4561 Πλὴν
2320 4494 2369 4544 εἰ
2394 4491 2488 4543 καὶ
2513 4489 2588 4550 ὡς
2613 4484 2894 4553 ἄνθρωπος
2922 4481 2949 4530 ὁ
2977 4477 3212 4548 Χριστὸς
3236 4477 3552 4552 θορυϐεῖται
3578 4479 3650 4548 τῇ

2072 4585 2166 4640 τοῦ
2195 4583 2423 4638 θανάτου
2453 4580 2660 4650 μνήμῃ,
2691 4572 2802 4626 ἀλλ’
2834 4571 2908 4632 ὼς
2949 4567 3101 4632 Θεὸς,
3145 4567 3507 4637 κεκινημένου
3546 4565 3671 4622 τοῦ⁴

2072 4676 2298 4738 πάθους,
2331 4671 2467 4743 πρὸς
2507 4668 2703 4738 θάρσος
2731 4661 2890 4722 εὐθὺς
2926 4655 3311 4726 παραγίνεται,
3351 4657 3447 4710 καὶ
3506 4657 3654 4725 πρὸς

2073 4767 2361 4835 εὐτολμίαν
2397 4756 2733 4833 μεταμορφοῖ
2758 4754 2818 4806 τὸ
2847 4752 2912 4821 τῇ
2941 4749 3112 4820 δειλίᾳ
3149 4748 3389 4817 νικηθὲν.
3444 4748 3650 4817 011166-

2077 4859 2216 4930 μεθα
2234 4855 2341 4927 γὰρ
2369 4855 2464 4906 καὶ
2487 4845 2724 4914 tuatim?)
2747 4843 2824 4911 τῷ
2849 4839 3066 4912 Χριστῷ
3096 4840 3189 4892 καὶ
3228 4839 3441 4906 Σωτῆρι
3491 4853 3651 4890 κεκι-

2073 4926 2355 5020 νῆσθαιτά
2385 4941 2693 5010 ἀνθρώπεια
2733 4934 2820 4986 διὰ
2868 4931 2959 4984 δύο
3016 4930 3108 4982 καὶ
3154 4926 3651 5020 ἀναγκαίουςλτρό-

2073 5016 2226 5103 πους,
2261 5037 2409 5089 νΕδει
2434 5033 2559 5102 γὰρ,
2581 5029 2685 5081 ἔδει
2715 5025 2808 5079 καὶ
2827 5023 2916 5076 διὰ
2947 5019 3154 5075 τούτων
3190 5018 3354 5116 αῦτδν
3382 5016 3649 5116 οῦθδοξή-

2075 5151 2156 5186 σει
2175 5132 2269 5186 καὶ
2301 5124 2544 5192 ὑπονοίᾳ,
2575 5117 2818 5189 φυσικῶς
2850 5114 2905 5167 δὲ
2942 5112 3138 5183 μᾶλλον
3167 5111 3260 5162 καὶ
3301 5106 3519 5175 ἀληθῶς
3550 5106 3652 5158 ἂν-

2073 5225 2288 5294 θρωπον
2316 5219 2380 5270 ἐκ
2409 5211 2663 5282 γυναικὸς
2692 5207 2949 5275 γεγονότα
2977 5199 3311 5294 ‹ί›ειίνερ.τθαι,Δ
3549 5198 3653 5294 (per.

2077 5289 2235 5387 ροντα
2260 5311 2329 5364 τὰ
2353 5305 2682 5377 ἀνθρώπινα,
2728 5301 2846 5368 δίχα
2900 5293 3203 5394 ἀμαρτίας..
3452 5290 3512 5342 δὲ
3540 5289 3652 5394 ’καὶ

2070 5382 2258 5468 δειλία,
2275 5401 2421 5468 πάθη
2444 5398 2538 5468 μὲν
2569 5396 2699 5464 ἡμῖν
2723 5389 2944 5461 φυσικὰ,
2970 5386 3028 5437 τό
3052 5401 3112 5452 γε
3145 5382 3251 5452 μὴν
3266 5383 3323 5433 ἐν
3343 5382 3668 5484 ἁμαρτίαις,

2070 5495 2325 5566 τετάχθαι
2357 5485 2772 5556 διαπεφευγότα.
2813 5481 2921 5533 Καὶ
2957 5476 3090 5575 πρὸς
3110 5474 3340 5575 τούτοις,
3391 5474 3472 5524 ἐτι
3513 5487 3652 5575 ἕρη-

2074 5561 2246 5659 σίμως
2264 5582 2567 5637 ὑπεκινεῖτο
2599 5577 2692 5630 καὶ
2712 5577 2768 5626 ὲν
2789 5568 3006 5641 Χριστῷ
3031 5567 3096 5620 τὰ
3147 5561 3468 5634 ἀνθρώπινα
3514 5561 3658 5659 δίχα,

2072 5654 2363 5751 ἁμαρτίας,
2394 5674 2488 5741 οὐχ
2518 5672 2604 5723 ἵνα
2629 5669 2696 5720 τὰ
2721 5663 3004 5733 κινηθέντα
3049 5657 3413 5758 κρατύνηται,
3441 5654 3537 5758 καὶ
3562 5654 3668 5715 εἰς.

2160 5746 2343 5826 τέοάσω
2365 5767 2534 5824 γωοῆ,
2568 5758 2814 5819 καθάπερ
2850 5753 2939 5805 καὶ
2970 5752 3051 5818 ἐφ’
3083 5749 3258 5817 ἡμῶν,
3288 5746 3413 5797 ἀλλ’
3443 5746 3538 5796 ἵνα
3557 5759 3650 5799 κει
