3894 6200
262 304 339 361 89
1045 301 1113 356 ιΝ
1150 300 1490 359 JOANNEM.
1534 335 1595 345 —-
1629 304 1759 358 LIB.
1802 303 1887 358 VII
1931 302 2019 357 ET
2062 303 2175 359 VIII
2215 304 2658 363 FRAGMENTA.

3450 306 3543 361 90a

262 421 556 492 κινημένα,
585 423 652 492 τῇ
678 419 775 473 τοῦ
808 420 967 488 λόγου
1007 419 1234 490 δυνάμει
1278 420 1660 491 διακόπτηται,
1711 420 1840 491 πρὸς

1952 428 2010 472 ιιι
2043 419 2205 492 704
2234 421 2288 475 in
2324 422 2486 478 nobis
2511 423 2739 487 assolet,
2755 422 2863 477 sed
2882 430 2941 475 ut
2969 420 3328 477 coucussavai-
3349 420 3523 475 ratio-

262 514 476 584 ἀμείνω
495 512 617 566 τινὰ
636 512 729 566 καὶ
757 510 1034 581 θειοτέραν
1062 510 1388 582 μετάστασιν
1414 528 1847 582 μεταστοιχειου-

236 604 439 675 ,μένης
464 603 564 671 τῆς
590 601 805 669 φύσεως
835 602 895 661 ὲν
916 601 1117 672 πρώτῳ
1144 601 1364 673 Χριστῷ
1390 619 1404 632 ·
1432 598 1501 671 ἦν
1539 602 1646 673 γὰρ
1676 601 1848 663 οὕτως

238 676 363 763 litat
393 694 491 763 οὐχ
518 693 723 762 ἑτέρως
747 694 841 746 καὶ
866 694 945 756 εἰς
966 693 1112 762 ἡμᾶς
1139 694 1336 756 αὐτοὺς
1359 693 1604 762 διαϐῆναι
1635 692 1725 745 τὸν
1751 692 1848 761 τῆς

238 750 719 894 ἷὶάσεωςἎτρόπονῖ
772 750 1243 856 Ἐνγάὲάτέαῃῇ
1275 750 1616 855 Χνριστῷιεις
1668 750 1849 837 καινόί

243 875 406 963 imm
435 876 603 945 ζωῆς,
626 878 660 946 ἡ
697 875 982 947 ἀνθρώπου
1011 877 1171 946 φύσις
1196 878 1550 947 ἀνεκομίζετο
1580 892 1593 906 ·
1618 878 1675 930 ὲν
1699 875 1848 946 αὐτῷ

230 1030 242 1044 Ι
264 968 333 1031 δὲ,
362 970 458 1022 καὶ
481 968 553 1022 τὰ
595 969 736 1040 ὑπὲρ
774 969 934 1037 φύσιν
982 970 1381 1039 ὲκερδάναμεν,
1412 969 1512 1023 Διὰ
1546 969 1656 1039 γὰρ
1691 967 1848 1021 τοῦτο

267 1061 365 1112 καὶ
391 1060 643 1129 δεύτερος
682 1062 852 1131 Ἀδὰμ
875 1064 1293 1133 κατωνόμασται
1323 1062 1472 1134 παρὰ
1510 1066 1631 1126 ταῖς
1674 1063 1848 1126 θείαις

268 1153 539 1222 Γραφαίς.
574 1155 783 1226 Ὠσπερ
810 1157 867 1209 δὲ
895 1158 970 1220 ὠς
993 1156 1279 1227 ἄνθρωπος
1301 1156 1552 1209 ὲπείνασε
1592 1156 1686 1210 καὶ
1728 1156 1849 1210 ἐκο-

264 1246 488 1310 πίασεν,
510 1246 654 1300 οὕτω
684 1248 777 1301 καὶ
799 1249 888 1309 τὸν
919 1250 981 1301 ὲκ
1011 1248 1103 1300 τοῦ
1123 1247 1328 1311 πάθους
1360 1247 1573 1317 δέχεται
1598 1247 1844 1317 θόρυϐον,

263 1338 347 1400 ὡς
394 1336 755 1409 ἀνθρώπινον.
793 1340 1129 1410 Ἰῖαράττεται
1179 1338 1235 1391 δὲ
1285 1340 1381 1408 οὐχ
1433 1338 1621 1409 ὥσπερ
1666 1341 1845 1409 ἡμεῖς,

264 1428 385 1481 ἀλλ’
411 1430 534 1482 ὅσον
566 1433 646 1493 εἰς
679 1428 928 1500 αἴσθησιν
970 1432 1128 1500 μόνον
1163 1432 1525 1501 ὑπενεχθῆναι
1572 1432 1665 1485 τοῦ
1705 1433 1846 1502 πρά-

263 1538 501 1591 γματος,
541 1518 664 1576 εἶτα
678 1522 837 1577 πάλιν
864 1525 943 1586 εἱς
968 1523 1066 1595 τὴν
1096 1524 1273 1593 ἑαυτῷ
1314 1524 1628 1593 πρέπουσαν
1666 1525 1849 1577 εὐτολ-

268 1616 401 1684 μίαν
441 1614 739 1685 ἀναπηδᾷν.
779 1615 873 1667 Ἐκ
899 1614 1102 1671 τούτων
1130 1616 1372 1685 δηλονότι
1394 1616 1487 1668 καὶ
1513 1616 1689 1685 ψυχὴν
1733 1612 1845 1685 εἶχε

261 1707 514 1776 λογικήν.
552 1705 888 1776 Ὠσπερνγάρ
913 1706 989 1776 τῷ
1017 1707 1270 1776 πεινῆσαι
1297 1708 1457 1777 τυχὸν
1480 1708 1511 1777 ἦ
1540 1707 1710 1778 ἑτέρῳ
1738 1707 1845 1759 τινὶ

1950 513 2036 567 nis
2079 513 2530 579 retardsrentur,
2580 524 2949 570 transmutata
2990 515 3044 568 in
3082 512 3523 585 primoﬂhristo

1948 605 2015 658 ad
2049 607 2326 660 meliorem
2357 608 2672 676 quemdam,
2693 616 2745 661 et
2766 608 3092 662 diviniorem
3125 614 3328 662 statum
3353 613 3519 660 natu-

1948 710 2007 749 ra
2037 713 2050 749 :
2085 695 2188 750 hoc
2219 698 2419 766 quippe
2451 698 2612 751 modo
2644 706 2698 753 et
2732 713 2842 751 non
2882 698 2994 752 alio
3018 736 3033 760 ,
3067 698 3293 752 remedii
3325 694 3520 750 modus

1948 788 2015 843 ad
2050 804 2154 844 nos
2197 789 2351 859 ipsos
2393 790 2633 844 transire
2668 797 2906 860 poterat.
2947 788 3159 844 Etenim
3193 797 3385 843 natura
3417 787 3535 843 ιω..

1949 878 2114 935 minis
2142 879 2196 933 in
2235 879 2455 933 Christo
2485 865 2554 932 ad
2591 882 2940 935 novationem
2973 881 3099 934 vitae
3128 881 3295 935 veluti
3325 881 3523 950 primi-

1948 972 2036 1025 tiae
2074 971 2403 1027 offerebatur
2435 991 2448 1025 :
2484 972 2652 1041 inque
2683 972 2804 1041 ipso
2835 981 2890 1027 et
2923 988 3045 1043 qua:
3068 981 3198 1028 sunt
3235 990 3399 1044 supra
3431 991 3523 1030 na-

1946 1068 2128 1115 turam
2171 1062 2375 1115 lucrati
2405 1078 2622 1117 sumus.
2669 1061 2803 1115 Nam
2838 1070 3064 1132 propter
3103 1062 3207 1118 hoc
3240 1075 3294 1118 et
3323 1080 3524 1119 secun-

1948 1155 2053 1209 dus
2098 1154 2272 1209 Adam
2317 1155 2627 1225 appellatus
2674 1161 2761 1209 est
2815 1155 2869 1208 in
2930 1155 3136 1209 divinis
3193 1154 3520 1225 Scripturis.

1947 1243 2414 1311 Quemadmodum
2438 1260 2569 1299 vero
2597 1254 2856 1315 tanquam
2891 1246 3055 1302 homo
3087 1247 3282 1301 esuriit
3317 1255 3370 1302 et
3412 1245 3523 1302 Ias-

1949 1334 2189 1388 situdine
2218 1333 2444 1397 deiecit,
2475 1335 2558 1389 sic
2583 1342 2638 1389 et
2668 1350 2731 1388 ex
2765 1336 3022 1403 passione
3050 1337 3287 1407 suscipit
3320 1337 3525 1392 tumul-

1947 1435 2095 1487 tum,
2129 1432 2188 1479 ut
2216 1425 2519 1479 humanum
2550 1425 2704 1495 quid.
2736 1424 3173 1481 Perturbabatur
3200 1439 3382 1481 autem
3414 1443 3521 1482 non

1948 1518 2091 1571 sicut
2109 1532 2231 1582 nos,
2257 1516 2350 1573 sed
2368 1529 2596 1572 eatenus
2614 1517 2898 1579 duntaxat,
2916 1527 2974 1572 ut
2996 1520 3162 1575 sensu
3181 1520 3258 1575 rei
3277 1519 3522 1573 nonnihil

1947 1618 2284 1680 tangeretur,
2312 1608 2511 1664 deinde
2545 1610 2730 1664 statim
2762 1609 2835 1663 ad
2862 1609 3083 1678 dignam
3116 1610 3202 1665 sui
3239 1608 3523 1664 conliden-

1949 1702 2078 1753 tiam
2108 1701 2333 1755 rediret.
2372 1700 2451 1755 Ex
2476 1700 2561 1754 his
2598 1700 2788 1768 utique
2828 1707 2978 1769 patet
3005 1714 3131 1754 eum
3168 1699 3406 1752 animam
3434 1712 3524 1752 ra-

261 1798 374 1863 τῶν
396 1798 654 1851 τοιούτων
695 1801 1033 1869 περιπεσεῖν,
1083 1799 1211 1855 ἴδιον
1262 1799 1363 1869 τῆς
1402 1799 1602 1868 σαρκὸς
1649 1798 1840 1862 πάθος,

1949 1794 2209 1847 tionalem
2234 1792 2517 1847 habuisse.
2539 1790 2611 1847 Ut
2643 1791 2788 1846 enim
2818 1792 2872 1845 in
2897 1791 3253 1846 esuritionem
3283 1798 3413 1860 puta
3439 1790 3523 1845 vel

260 1887 527 1943 οὕτωκαὶ
551 1889 611 1941 τὸ
636 1889 995 1960 ταράττεσθαι
1028 1889 1115 1944 διὰ
1156 1892 1374 1959 μνήμης
1414 1891 1514 1960 τῆς
1566 1890 1674 1943 τῶν
1736 1890 1843 1943 δει-

260 1977 391 2041 νῶν,
423 1977 603 2048 ψυχῆς
634 1976 700 2030 ἂν
738 1979 820 2049 εἴη
848 1978 1017 2041 πάθος
1065 1978 1165 2048 τῆς
1216 1970 1460 2049 λοήικῆς,
1510 1974 1658 2052 ᾗκαὶ
1710 1981 1846 2053 μόνῃ

264 2070 397 2139 ἡμῖν
418 2070 505 2123 διὰ
528 2068 637 2122 τῶν
667 2070 1019 2140 ἐνθυμήσεων
1054 2071 1456 2140 ὲπεισχρίνεται
1495 2074 1701 2143 μνήμῃ.
1734 2069 1842 2124 Οὖ-

263 2176 354 2211 πω
375 2159 485 2231 γὰρ
514 2162 572 2213 ἐν
599 2161 749 2231 αὑτῷ
775 2161 852 2231 τῷ
878 2160 1095 2233 σταυρῷ
1120 2162 1344 2230 γέγονεν
1374 2166 1402 2215 ὁ
1424 2164 1677 2234 Χριστός.
1712 2165 1846 2233 Πρό-

263 2268 407 2318 ωρον
432 2247 524 2305 οὖν
558 2252 815 2323 ὑπομένει
837 2253 926 2305 τὸν
958 2253 1205 2324 θόρυϐον,
1233 2255 1727 2325 προαναθεωρήσας
1751 2255 1845 2325 δη-

263 2341 440 2395 λονότι
474 2343 535 2395 τὸ
560 2342 771 2413 μέλλον.
798 2346 888 2397 καὶ
912 2345 988 2414 τῷ
1016 2344 1261 2416 λογισμῷ
1299 2346 1431 2416 πρὸς
1462 2345 1559 2416 τὴν
1592 2345 1841 2399 τῶννὲσο-

270 2432 448 2502 μένων
482 2435 703 2506 μνήμην
751 2434 1085 2505 ὑπενεχθείς.
1126 2437 1198 2488 Τὸ
1231 2436 1343 2506 γὰρ
1366 2436 1463 2507 τῆς
1500 2435 1698 2500 δειλίας
1742 2436 1846 2489 πά-

267 2521 380 2584 θος,
415 2521 539 2574 οὕτε
562 2524 660 2593 τῆς
698 2523 942 2587 ἀπαθοῦς
962 2526 1209 2596 εἴποιμεν
1244 2526 1513 2596 θεότητος,
1568 2526 1692 2579 οὔτε
1738 2525 1843 2597 μὴν

264 2612 369 2681 τῆς
388 2614 588 2683 σαρκός
622 2632 636 2646 ’
666 2615 938 2686 λογισμῶν
972 2618 1079 2689 γάρ
1111 2620 1226 2671 ἐστι
1250 2618 1449 2688 ψυχῆς,
1495 2620 1591 2671 καὶ
1621 2620 1682 2671 οὐ
1709 2637 1841 2689 σαρ-

265 2704 363 2767 κὸς
388 2705 451 2757 τὸ
477 2707 666 2769 πάθος.
700 2707 763 2761 ΕΞ
786 2709 841 2761 δὲ
874 2710 966 2762 καὶ
987 2711 1045 2766 τὺ
1069 2709 1260 2778 ἄλογον
1293 2710 1413 2779 ἕχον
1456 2711 1636 2782 ψυχὴν
1686 2711 1844 2781 θορυ-

270 2799 447 2854 ὖεῖται
489 2802 584 2854 καὶ
603 2804 945 2873 ταράττεται,
970 2804 1082 2857 ἀλλ’
1112 2806 1173 2857 οὐ
1205 2805 1295 2858 διὰ
1328 2808 1565 2877 μνήμης,
1596 2806 1715 2859 οὐδὲ
1753 2806 1842 2859 λο-

268 2892 547 2963 γισμῷ,τὺ
572 2895 829 2964 ὲσόμενον
859 2897 1311 2966 προανασκοποῖιν
1332 2900 1501 2961 πάθος
1527 2901 1620 2951 ἐπὶ
1644 2899 1842 2953 δειλίαν

266 2984 508 3056 ἔρχεται,
532 2985 647 3039 ἀλλ’
677 2988 802 3040 ὅταν
826 2987 1007 3051 αὐτοῖς
1028 2988 1233 3041 ἁλῶναι
1252 2989 1471 3061 γένηται
1490 2993 1602 3051 τοῖς
1631 2995 1839 3055 κακοῖς,

1947 1885 2093 1939 aliud
2117 1884 2389 1953 ejusmodi
2414 1884 2682 1947 incidere,
2712 1883 2934 1953 propria
2963 1890 3048 1937 est
3073 1880 3521 1946 carnisaﬂ‘ectiu,

1946 1978 2027 2032 sic
2056 1982 2111 2031 et
2145 1976 2413 2031 malorum
2445 1975 2706 2031 memoria
2731 1990 2793 2028 ac
2823 1974 3155 2045 cogitatione
3189 1973 3522 2045 perturbari,

1945 2082 2176 2136 prorsus
2205 2067 2405 2120 animae
2432 2066 2723 2120 rationalis
2751 2065 2965 2120 aﬂ'ectio
2989 2065 3174 2129 fuerit,
3198 2066 3344 2120 unde
3362 2063 3523 2119 nobis

1947 2176 2043 2230 per
2065 2160 2235 2214 solam
2263 2159 2580 2213 memoriam
2604 2166 2659 2211 et
2680 2159 3066 2228 cogitationem
3094 2173 3217 2212 sese
3242 2158 3523 2213 insinuare

1946 2254 2105 2307 solet.
2138 2251 2394 2306 Nondum
2424 2253 2571 2306 enim
2608 2252 2664 2304 in
2715 2252 2831 2321 ipsa
2874 2266 3042 2306 cruce
3085 2259 3204 2305 erat
3243 2249 3521 2306 Christus.

1946 2348 2114 2418 Igitur
2132 2361 2478 2418 praepropere
2498 2357 2551 2401 et
2568 2345 2952 2415 intempestive
2974 2344 3388 2415 perturbatione
3409 2341 3526 2396 alii-

1945 2441 2110 2504 citur,
2146 2440 2491 2511 prospiciens
2525 2438 2787 2493 videlicet
2822 2438 2969 2509 quod
3001 2438 3245 2490 futurum
3280 2445 3435 2498 erat,
3467 2441 3525 2488 et

1944 2533 2159 2586 ratione
2197 2532 2262 2585 ad
2297 2530 2736 2600 impendentium.
2765 2528 3087 2583 memoriam
3113 2528 3393 2596 abreptus.
3419 2525 3524 2581 Ne—

1945 2642 2053 2695 que
2083 2624 2227 2679 enim
2257 2624 2474 2677 timoris
2510 2623 2981 2692 perturbationem
3027 2631 3120 2675 aut
3163 2621 3217 2674 in
3260 2620 3521 2674 deitatem

1946 2717 2055 2787 pati
2101 2717 2377 2777 nesciam,
2432 2723 2525 2768 aut
2584 2715 2635 2768 in
2687 2730 2907 2769 carnem
2944 2714 3140 2768 cadere
3175 2714 3521 2778 dixerimus;

1944 2806 2147 2875 quippe
2164 2813 2247 2859 est
2267 2804 2380 2858 haec
2400 2806 2634 2860 rationis
2652 2806 2820 2858 animi
2849 2813 2901 2859 et
2930 2820 3037 2859 non
3067 2806 3254 2860 carnis
3277 2804 3520 2859 aﬂ‘eotio.

1944 2895 2101 2963 Quod
2140 2896 2186 2951 si
2211 2904 2263 2951 et
2296 2896 2349 2950 id
2378 2898 2525 2965 quod
2554 2896 2930 2951 irrationalem
2964 2896 3205 2950 animam
3240 2897 3407 2951 habet
3439 2905 3524 2949 tu-

1944 2988 2249 3042 multuatur
2276 2988 2439 3041 etiam
2473 2996 2525 3041 et
2558 2986 2833 3050 turbatur,
2864 3000 2971 3039 non
3000 2994 3183 3039 tamen
3217 3002 3285 3039 ex
3318 3000 3525 3038 memo-

264 3074 388 3126 τότε
416 3073 512 3126 τοῦ
530 3076 792 3145 παρόντος
816 3076 1059 3130 κινδύνου
1083 3078 1328 3146 συλλέγει
1355 3078 1507 3147 μόλις
1528 3080 1626 3149 τὴν
1655 3080 1840 3150 αἴσθη-

1947 3080 2028 3133 ria
2055 3122 2069 3143 ,
2114 3094 2293 3148 neque
2344 3094 2411 3133 ex
2450 3078 2873 3132 ratiocinatione
2901 3076 3149 3131 futurum
3176 3077 3524 3145 prospiciens

267 3180 372 3218 σιν.
414 3165 529 3218 Νῦν
556 3167 612 3220 δὲ
645 3171 681 3230 ὁ,
705 3169 906 3238 Κύριος
935 3168 1382 3240 θορυϐεῖται,οὺκ
1418 3170 1475 3237 ἐξ
1518 3167 1593 3225 ὧν
1633 3172 1840 3243 βλέπει,

264 3253 466 3325 ἀλλ’ὲξ
490 3254 565 3313 ὧν
599 3263 929 3330 ἐνθυμεῖται,
976 3263 1069 3314 καὶ
1108 3261 1167 3326 ἐξ
1216 3256 1291 3314 ὧν
1341 3264 1635 3334 προσδοκᾷ.
1693 3263 1844 3316 Ἀλλ’

263 3356 385 3409 οὐδὲ
423 3352 623 3407 εἶπενό
645 3353 897 3424 Χριστὸς,
942 3353 1003 3405 Ἡ
1026 3352 1164 3427 σάρξ
1196 3371 1295 3423 μου
1334 3354 1684 3424 τετάρακται,
1718 3354 1844 3409 ἀλλ’

274 3447 379 3501 ιἮ
409 3445 553 3515 ψυχή
581 3461 731 3515 μου.»
765 3442 994 3513 τὴντῶν
1023 3442 1405 3513 αἱρετιζόντων
1424 3444 1678 3498 ὑπόνοιαν
1700 3462 1842 3515 παρ-

264 3537 594 3606 ωθούμενος.
625 3537 684 3589 El
709 3536 765 3589 δὲ
799 3537 889 3589 καὶ
910 3538 967 3589 ὲν
1001 3539 1067 3605 τῇ
1103 3535 1310 3606 Παλαιᾷ
1335 3538 1527 3606 φήσεις
1549 3538 1683 3607 πρὸς
1712 3539 1841 3590 Ἰου-

264 3627 448 3690 δαίους
486 3627 591 3679 ὑπὸ
611 3624 742 3680 Θεοῦ
777 3626 1046 3696 εἰρῆσθαι,
1086 3645 1104 3676 ι
1140 3626 1253 3689 Τὰς
1278 3627 1470 3697 ἑορτὰς
1509 3627 1662 3697 ὑμῶν
1692 3631 1843 3697 μισεῖ

265 3723 301 3789 ἡ
326 3719 471 3802 ψυχή
511 3736 610 3789 μου
647 3735 662 3749 ·
696 3737 715 3769 ι
768 3716 1000 3788 ἐροῦμεν
1047 3718 1122 3782 ὡς
1158 3721 1273 3782 τοῖς
1325 3719 1621 3789 ἡμετέροις
1664 3719 1840 3774 ἔθεσιν

266 3812 643 3880 ἀποκέχρηται
676 3810 874 3881 μᾶλλον
899 3809 986 3862 διὰ
1007 3810 1104 3882 τὴν
1138 3811 1273 3881 πρὸς
1322 3812 1469 3881 ἡμᾶς
1496 3812 1841 3880 συγκατάϐα-

269 3919 377 3964 σιν,
397 3902 588 3972 ὥσπερ
618 3902 713 3955 καί
735 3900 1023 3969 πρόσωπον
1054 3902 1145 3953 καὶ
1169 3900 1480 3971 ὀφθαλμοὺς
1509 3903 1602 3954 καὶ
1635 3903 1703 3956 τὰ
1732 3903 1841 3955 λοι·

268 3994 347 4048 πα
379 3994 557 4049 πάντα
586 3994 721 4065 μέλη
768 3992 1073 4046 προσάπτει
1123 3992 1200 4063 τῷ
1234 3994 1510 4064 ἀσωμάτῳ
1558 4012 1837 4066 καταχρη-

268 4086 471 4149 στικῶς
501 4103 516 4118 ·
549 4085 687 4156 μετὰ
705 4085 763 4139 δὲ
786 4086 885 4154 τὴν
915 4083 1348 4155 ὲνανθρώπησιν,
1390 4087 1439 4138 εἰ
1487 4084 1631 4138 οὓτω
1684 4085 1835 4156 εἰρῆ-

268 4177 393 4231 σθαι
422 4180 688 4249 φήσομεν,
722 4177 884 4231 εἰκὼν
907 4173 976 4248 ἦν
1005 4177 1133 4246 ἄρα,
1167 4179 1261 4230 καὶ
1281 4177 1521 4248 δόκησις,
1553 4178 1646 4231 καὶ
1688 4178 1834 4243 σκιά,

268 4270 365 4326 καὶ
408 4271 468 4324 οὐ
508 4270 650 4324 κατὰ
694 4268 951 4339 ἀλήθειαν
1001 4269 1306 4339 ἄνθρωπος,
1354 4270 1496 4323 κατὰ
1548 4269 1638 4322 τὸν
1680 4270 1837 4324 ἄθεον

264 4366 460 4420 Μάνιν.
496 4364 663 4435 Ὅλην
689 4363 864 4415 τοίνυν
925 4362 1032 4415 τῶν
1070 4361 1373 4433 ἀνθρώπων
1422 4361 1581 4431 φύσιν
1628 4362 1837 4431 ἥνωσεν

1947 3172 2147 3224 malum
2185 3172 2382 3225 timore
2410 3171 2748 3239 corripitur,
2788 3169 2885 3223 sed
2919 3184 3045 3223 cum
3087 3168 3140 3221 in
3183 3168 3319 3236 ipsis
3362 3169 3524 3223 malis

1946 3262 2281 3332 deprehendi
2323 3262 2594 3330 contigit,
2653 3268 2787 3315 tunc
2831 3260 3119 3329 prasentis
3162 3259 3396 3328 periculi
3431 3258 3533 3317 vix

1945 3371 2165 3411 sensum
2193 3355 2443 3423 percipit.
2470 3353 2629 3407 Nunc
2651 3368 2781 3408 vero
2810 3351 3072 3407 Dominus
3108 3352 3385 3415 turbatur,
3413 3368 3521 3405 non

1943 3446 2014 3502 ob
2044 3461 2109 3501 ea
2126 3461 2247 3515 quze
2273 3446 2415 3499 videt
2435 3487 2449 3509 ,
2477 3444 2572 3499 sed
2603 3444 2673 3499 ob
2699 3459 2760 3498 ea
2804 3458 2926 3513 quae
2969 3442 3175 3513 cogitat
3202 3445 3270 3507 fet
3304 3444 3524 3513 opperi-

1943 3546 2053 3592 tur.
2108 3537 2213 3592 Sed
2256 3553 2433 3607 neque
2469 3536 2606 3590 dixit
2640 3536 2931 3599 Christus,
2966 3534 3110 3589 Caro
3149 3551 3268 3590 mea
3304 3536 3539 3590 turbata

1942 3640 2049 3699 est,
2072 3631 2187 3690 sed.
2208 3631 2402 3685 Anima
2423 3645 2561 3695 mea,
2590 3638 2739 3684 secta
2751 3631 2952 3682 riorum
2973 3629 3345 3698 suspicionem
3375 3643 3525 3683 amo-

1943 3724 2100 3778 Iiens.
2122 3722 2277 3789 Quod
2306 3723 2351 3777 si
2384 3722 2616 3791 objicies
2642 3722 2697 3776 in
2722 3719 2912 3776 Vetere
2933 3718 3291 3775 Testamento
3318 3718 3523 3775 Iudaeis

1942 3815 2150 3870 dictum
2200 3832 2323 3871 csse
2379 3830 2412 3869 a
2455 3814 2613 3881 Deo,
2672 3832 2691 3865 ι
2731 3811 2891 3869 Festa
2941 3820 3125 3868 vestra
3171 3813 3287 3868 odit
3340 3813 3537 3867 anima.

1941 3920 2081 3970 mea,
2115 3922 2133 3955 ι
2162 3905 2410 3959 dicemus
2438 3919 2563 3958 eum
2595 3903 2672 3957 uti
2706 3902 2969 3957 libentius
3001 3902 3213 3958 nostris
3249 3903 3519 3966 moribus,

1942 4005 2164 4067 prOpter
2186 3995 2480 4067 quamdam
2506 4035 2518 4058 ,
2555 4005 2611 4048 ut
2647 3994 2722 4048 ita
2755 3995 2971 4065 loquar,
3005 3995 3293 4050 nobiscum
3316 3994 3521 4049 conde-

1941 4087 2285 4143 scansionem
2313 4127 2328 4150 ,
2366 4088 2507 4142 sicut
2562 4095 2615 4141 et
2661 4085 2854 4141 faciem
2895 4095 2951 4141 et
2988 4088 3177 4142 oculos
3215 4096 3268 4142 et
3308 4086 3535 4159 reliqua.

1940 4180 2125 4233 omnia
2161 4178 2405 4232 membra
2442 4176 2651 4247 aﬂingit
2690 4177 3017 4246 incorporeo
3056 4177 3286 4231 abusive
3322 4194 3336 4230 :
3393 4186 3520 4247 post

1941 4269 2376 4324 incarnationem
2408 4283 2539 4322 vero
2581 4277 2635 4322 et
2686 4268 3081 4323 humanitatem
3128 4276 3473 4339 assumptam
3499 4311 3535 4334 ,,

1941 4362 1985 4419 sl
2022 4363 2092 4414 ita
2124 4361 2329 4414 dictum
2359 4376 2481 4415 esse
2504 4360 2775 4426 dicamus,
2807 4361 2910 4415 fuit
2936 4362 3127 4431 utique
3158 4363 3338 4432 imago
3366 4378 3519 4432 qua:-

265 4457 440 4526 ὲαυτῷ
467 4458 496 4509 ὁ
522 4456 615 4511 τοῦ
659 4455 793 4509 Θεοῦ
820 4455 992 4524 Λόγος
1023 4455 1107 4507 ἵνα
1140 4454 1259 4508 ὅλον
1284 4452 1433 4526 σώσῃ
1488 4453 1579 4507 τὸν
1630 4452 1836 4523 ἅνθρω-

1943 4452 2065 4506 dam
2085 4494 2100 4518 ,
2126 4460 2181 4506 et
2209 4453 2379 4516 visio,
2421 4460 2475 4505 et
2507 4452 2698 4505 umbra
2722 4492 2735 4513 ,
2773 4468 2880 4506 non
2911 4462 3091 4508 autem
3126 4469 3290 4509 verus
3314 4453 3479 4511 homo
3499 4497 3539 4523 ,,

267 4562 387 4601 πον.
420 4548 486 4599 Ὃ
506 4547 616 4618 γὰρ
648 4545 721 4617 μὴ
743 4546 1156 4616 προσείληπται,
1187 4544 1307 4598 οὐδὲ
1332 4543 1619 4597 σέσωσται.
1652 4542 1836 4596 Εἰπὼν

268 4640 449 4710 μέντοι
502 4639 581 4702 τὸ,
639 4658 658 4689 ‹
704 4636 1025 4708 Ἐταράχθη,
1062 4656 1079 4688 ι
1131 4638 1193 4690 οὐ
1250 4638 1449 4707 σιωπᾷ,
1484 4635 1597 4689 ἀλλ’
1636 4637 1716 4699 εἰς
1747 4635 1837 4688 5:3-

264 4728 490 4800 τολμῑαν
520 4727 880 4799 μεταπλάττει
914 4728 971 4781 τὺ
995 4727 1185 4791 πάθος,
1216 4727 1309 4780 καὶ
1340 4728 1623 4798 μονονουχί
1650 4742 1833 4798 φησιν·

265 4818 428 4871 Οὐδέν
457 4820 571 4871 ἐστι
608 4818 668 4870 τὸ
697 4817 986 4871 ἀποθανεῖν
1018 4834 1043 4857 σ.
1070 4816 1205 4871 ἀλλὰ
1231 4817 1319 4870 διὰ
1359 4818 1517 4871 τοῦτο
1563 4817 1837 4890 ἐπέτρεψα

263 4912 332 4979 τῇ
368 4909 530 4981 σαρκὶ
552 4910 615 4961 τὸ
647 4908 930 4967 δειλιάσαι.
976 4908 1064 4961 ἵνα
1098 4909 1566 4978 μεταστοιχειώσω
1618 4911 1697 4972 εἰς
1744 4911 1836 4962 εὐ-

262 5000 508 5070 τολμίαν.
533 4995 736 5052 Ἦλθον
758 5000 871 5060 τοῖς
900 4998 993 5049 ἐπὶ
1021 4997 1126 5068 γῆς
1148 4996 1246 5067 τὴν
1276 4996 1422 5069 ζωὴν
1448 4998 1834 5068 κατορθώσων,

262 5090 344 5146 διὸ
373 5093 469 5145 καὶ
502 5091 637 5162 πρὸς
666 5092 727 5145 τὸ
759 5092 961 5147 παθεῖν
989 5092 1383 5162 ηὑτρέπισμαι.
1430 5092 1583 5143 Αἰτεῖ
1643 5090 1700 5144 δὲ
1745 5090 1836 5142 τὸν

264 5184 507 5255 Πατέρα,
537 5184 630 5237 καὶ
679 5185 738 5237 τὸ
765 5183 867 5253 τῆς
894 5183 1055 5253 εὐχῆς
1093 5184 1277 5254 σχῆμα
1299 5182 1571 5245 διατυποί,
1612 5184 1711 5253 οὐχ
1759 5185 1836 5242 ὡς

262 5275 562 5337 ἀδυνατῶν,
574 5278 602 5329 ό
618 5275 793 5330 πάντα
814 5275 1010 5345 ἰσχύων
1024 5317 1037 5339 ,
1059 5276 1170 5328 ἀλλ’
1186 5276 1260 5339 ὡς
1274 5274 1369 5330 ἄνθ
1377 5292 1560 5346 ρωπος
1579 5274 1647 5328 τὰ
1664 5273 1835 5345 μείζω

261 5371 299 5442 ἢ
320 5370 461 5424 κατὰ
491 5368 776 5441 ἄνθρωπον
791 5369 971 5439 νέμων
999 5372 1062 5440 τῇ
1089 5369 1208 5440 θείᾳ
1242 5369 1424 5439 φύσει,
1476 5370 1582 5422 οὐκ
1622 5369 1727 5435 ἔξω
1759 5368 1834 5422 ὢν

262 5459 463 5529 ταύτης
492 5459 622 5512 ὅταν
651 5458 789 5529 καλῇ
822 5459 913 5512 τὸν
935 5459 1153 5529 Πατέρα
1191 5459 1281 5511 τὸν
1306 5459 1456 5519 ἴδιον,
1493 5459 1619 5510 ἀλλ’
1678 5458 1833 5523 εἰδὼς

259 5551 339 5602 ὅτι
361 5548 450 5602 διὰ
476 5548 689 5618 Πατρὸς
724 5550 817 5601 καὶ
854 5548 985 5602 Υἱοῦ
1022 5549 1139 5619 ἥξει
1170 5550 1203 5619 ἡ
1243 5551 1302 5601 ὲν
1332 5549 1497 5601 παντὶ
1548 5550 1831 5619 πράγματι

258 5638 486 5707 δύναμις
513 5639 607 5691 καὶ
624 5638 750 5704 δόξα
780 5654 795 5668 ·
825 5638 933 5691 εἴτε
968 5658 985 5689 ι
1023 5639 1254 5705 Δόξασόν
1275 5657 1368 5692 σου
1399 5639 1490 5691 τὸν
1522 5638 1647 5692 rem
1674 5660 1690 5689 ι
1721 5639 1832 5709 ἔχει

257 5730 537 5803 ήΓγραφή
562 5770 576 5797 ,
609 5730 716 5784 εἴτε
768 5751 786 5782 ι
828 5730 1058 5796 Δόξασὸν
1114 5748 1207 5785 σου
1258 5730 1317 5784 τὸ
1352 5731 1540 5802 ὄνομα,
1582 5752 1599 5783 ι
1640 5734 1831 5787 ταυτὸν

1939 4545 2239 4599 secundum
2277 4543 2505 4612 impium
2539 4543 2768 4598 Manem.
2808 4543 2990 4611 Quare
3030 4554 3197 4599 totam
3231 4547 3517 4601 hominum

1939 4641 2188 4688 naturam
2220 4632 2398 4685 univit
2431 4632 2538 4687 sibi
2570 4632 2663 4687 Dei
2696 4632 2933 4688 Verbum
2976 4676 2992 4698 ,
3036 4644 3094 4688 ut
3127 4645 3303 4691 totum
3340 4637 3541 4693 homi-,-

1939 4740 2061 4777 nem
2114 4732 2378 4778 servaret.
2432 4721 2587 4789 Quod
2625 4725 2770 4778 enim
2810 4741 2918 4779 non
2966 4726 3125 4796 705
3169 4736 3255 4783 est
3294 4744 3514 4785 assum-

1940 4827 2087 4885 ptum
2118 4858 2131 4880 ,
2180 4832 2353 4885 neque
2399 4824 2483 4871 est
2538 4826 2835 4872 servatum.
2890 4818 3186 4890 Propterea
3241 4822 3334 4877 ubi
3375 4822 3515 4878 dixit

1938 4908 2042 4962 hoc
2066 4949 2079 4969 ,
2119 4927 2136 4959 ι
2172 4907 2410 4963 Turbata
2443 4916 2527 4963 est
2552 4949 2568 4974 ,
2600 4928 2618 4960 ι
2660 4926 2768 4963 non
2807 4911 2966 4973 silet.
3010 4913 3103 4968 sed
3136 4915 3511 4983 perturbatio-

1938 5013 2060 5052 nem
2098 4998 2243 5051 illam
2276 4998 2330 5052 in
2358 4997 2743 5054 conﬁdentiam
2769 5010 2977 5066 mutat,
3013 5017 3077 5056 ac
3112 5005 3509 5074 propemodum

1937 5091 2014 5145 ait
2040 5109 2053 5145 :
2088 5090 2219 5145 Mori
2258 5091 2394 5144 nihil
2422 5098 2528 5155 est,
2558 5107 2750 5146 verum
2781 5090 2905 5146 ideo
2934 5093 3162 5163 permisi
3194 5096 3350 5149 carni
3378 5110 3512 5151 mea:

1936 5185 2133 5239 timore
2170 5184 2308 5239 aﬂici
2330 5223 2345 5247 ,
2389 5191 2448 5237 ut
2476 5197 2594 5238 eam
2629 5186 2697 5238 ad
2729 5184 3110 5241 fortitudinem
3143 5188 3506 5243 traducerem.

1939 5272 2072 5328 Veni
2111 5281 2170 5327 ut
2209 5274 2532 5329 mortalibus
2573 5276 2737 5328 vitam
2776 5276 3142 5331 instaurarem
3168 5316 3182 5339 ,
3217 5283 3536 5346 propterea.

1936 5383 2022 5422 me
2059 5367 2127 5422 ad
2154 5367 2468 5437 patiendum
2506 5371 2839 5437 comparavi.
2870 5368 3047 5438 Rogat
3073 5378 3254 5423 autem
3288 5367 3533 5427 Patrem;

1935 5473 2091 5513 suum
2121 5497 2135 5520 ,
2169 5467 2223 5513 et
2261 5460 2532 5514 orationis
2573 5460 2794 5513 modum
2841 5460 3180 5529 ﬁguramque
3226 5460 3505 5526 delineat,

1935 5568 2041 5606 non
2085 5562 2345 5621 tauquam
2383 5551 2655 5622 impotens
2693 5553 2786 5621 qui
2827 5553 3010 5605 ontnia
3050 5560 3267 5621 potest,
3310 5552 3406 5609 sed
3445 5564 3527 5611 ut;

1936 5645 2098 5699 homo
2132 5661 2251 5713 qua:
2284 5644 2492 5712 majora
2524 5654 2654 5698 sunt
2693 5645 2912 5698 homine
2945 5644 3145 5698 divina:
3182 5655 3394 5700 naturae
3418 5654 3493 5700 at.

1934 5736 2181 5791 tribuens
2206 5775 2218 5799 ,
2262 5752 2369 5790 non
2402 5743 2554 5790 cura
2597 5735 2737 5790 hunc
2769 5735 2988 5805 quidem
3020 5736 3333 5803 cxsistcns,
3375 5750 3521 5793 cum»
