3894 6200
441 317 504 374 οι
1388 329 1447 387 s.
1484 332 1766 389 cmeu
1797 331 2268 392 ALEXANDRINI
2305 340 2623 400 ARCHIEP.
3607 367 3675 421 se

437 442 590 505 rogat
630 434 849 494 Patrem
885 456 1043 496 suum
1067 481 1083 508 ,
1125 444 1221 500 sed
1258 449 1450 519 utique
1478 453 1625 522 quod
1664 454 1719 508 in
1748 454 1896 507 omni
1940 468 1959 505 r

437 540 529 551 η..-
554 525 764 551 n-._.-_.
808 538 852 551 ,ι
883 529 1061 551 laneum
1306 539 1319 551 ι
1367 548 1376 551 Α
1562 544 1575 551 -

2067 496 2073 505 .
2099 458 2215 510 ἐστι
2241 461 2308 530 τῇ
2331 461 2439 515 τῶν
2458 464 2830 538 θεωρημάτων
2853 469 3124 544 ἀκριϐείᾳ.
3159 475 3349 546 Ὅμως
3384 478 3413 531 6
3438 480 3672 551 Χριστός

434 540 529 594 ρει·
553 525 767 583 Patrem
802 538 857 584 et
883 529 1077 588 Filium
1117 539 1383 605 procedat
1427 544 1609 600 omnis
1654 552 1902 614 potestas
1946 562 1959 599 ι

2282 525 2307 530 --
2569 525 2581 537 .
2626 525 2658 538 ..
2930 525 2942 543 .
3030 525 3123 544 ηγ-
3196 525 3346 546 ww.
3387 525 3409 531 ς
3438 525 3668 551 ur".-.

2106 556 2522 625 καταφρονήσας
2551 558 2644 611 τοῦ
2681 558 2909 615 θανάτου
2954 565 3046 618 καὶ
3072 566 3170 636 τῆς
3217 569 3281 621 ἐκ
3333 569 3427 623 τοῦ
3481 570 3672 625 παθεῖν

430 618 607 672 honor
630 659 646 685 ,
674 621 842 689 probe
869 624 1053 681 sciens
1082 644 1096 682 :
1130 629 1246 685 sive
1279 650 1298 683 ‹
1336 631 1588 688 Clarillca
1614 634 1813 691 Filium
1846 657 1864 689 ι
1902 638 1959 691 ha

430 702 515 733 Ιωί
549 703 829 733 c--:....._.-
887 714 992 733 ΛΠ-
1096 715 1152 733 η.
1227 718 1277 733 υ.
1895 728 1907 733 -

2103 618 2385 714 αἰσχύνης,
2404 618 2558 715 ’μόνα
2585 648 2640 703 δὲ
2667 651 2735 705 τά
2779 653 2845 707 ἐκ
2870 655 2963 708 τοῦ
3008 618 3201 711 παθέῖν
3222 618 3450 714 *σκοπῶν
3472 680 3669 733 κατορ-

429 702 519 757 bet
548 703 855 778 Scriptura,
884 714 999 770 sive
1042 734 1062 767 ι
1094 715 1344 775 Clariflca
1374 736 1570 779 nomen
1595 732 1750 780 tuum
1776 766 1792 789 ,
1829 746 1848 779 ι
1891 728 1959 783 ho

2104 702 2381 802 θώματάζ
2413 702 2506 792 καὶ
2543 702 2916 799 ὅσονούδέπω
2941 747 3004 801 ἐκ
3046 749 3209 819 μέσου
3251 751 3533 821 βαδίζοντα
3579 702 3666 809 δῖά

425 796 778 856 exactissime
803 806 1105 873 speculanti
1132 809 1270 866 idem
1300 822 1405 870 est.
1426 814 1719 872 Enimvero
1739 818 1959 876 Christu

2100 796 2199 878 τού
2220 796 2451 883 θανάτου
2485 835 2582 902 τῆς
2615 833 2749 898 ίδίας
2783 838 2985 908 σαρκὸς
3007 796 3103 893 τὸν
3129 796 3397 896 άπάῑτωντ
3438 845 3665 900 θάνατον

426 894 611 954 spreta
638 900 814 949 morte
834 906 887 951 et
908 900 1180 967 passionis
1206 903 1526 975 ignominia,
1556 910 1674 965 sola
1711 926 1839 966 vero
1868 912 1959 966 ind

2102 916 2336 986 βλέπων,
2381 894 2869 997 ἁναιρέθησόμενόν
2895 894 3271 998 τέπαντελῶς
3292 894 3355 988 τὸ
3386 937 3482 1006 τῆς
3531 937 3663 1005 φθο-

423 989 706 1034 emersnra
748 988 1035 1043 commoda
1065 991 1307 1055 intuens,
1328 995 1669 1067 jamjamque
1698 997 1991 1071 aufugien-

423 1071 529 1121 tem
576 1080 607 1120 e
652 1069 832 1125 medio
881 1086 1054 1131 morte
1092 1094 1206 1134 suae
1243 1083 1431 1137 carnis
1469 1087 1715 1141 omnium
1757 1097 1959 1144 mortem

2247 1069 2349 1173 {an
2392 1069 2577 1160 λοιπόν

2100 1009 2201 1078 ρᾶς
2236 1011 2434 1078 κράτος
2454 1014 2547 1069 καὶ
2570 1016 2667 1087 τὴν
2706 1018 2990 1090 ἀνθρώπου
3032 1023 3192 1093 φύσιν
3242 1026 3663 1097 άναμορφουμέ-

2628 1110 2763 1180 πρὸς
2811 1114 3102 1186 καινότητα
3159 1117 3323 1188 ζωῆς,
3375 1119 3512 1191 πρὸς
3567 1120 3661 1172 τὸν

422 1154 732 1226 aspiciens,
767 1172 931 1234 atque
973 1169 1297 1226 abolendam
1335 1174 1581 1231 funditus
1615 1181 1957 1249 corruptioni

422 1249 724 1281 nata-niam
774 1254 1122 1281 I....._:--:.__---
1160 1271 1285 1281 _A..,
1335 1279 1383 1281 -,
1470 1267 1480 1281 .
1522 1269 1533 1279 .
1859 1272 1869 1281 .
1945 1280 1948 1281 ,

2095 1154 2228 1245 Θεὸν
2378 1154 2596 1269 Πατέρα
2627 1154 2760 1271 φῖ]σῖ
2791 1154 3071 1277 μονονουχί
3096 1224 3111 1236 ⁵
3135 1154 3198 1261 ιξι
3229 1154 3323 1264 κεί
3348 1154 3576 1281 ὀκζήρὸν
3598 1212 3659 1264 τὸ

421 1249 748 1313 potentiam,
774 1254 1126 1330 hominisque
1158 1271 1412 1319 naturam
1449 1267 1710 1338 deinceps
1744 1272 1954 1326 novitat

421 1335 544 1371 νίΙω
567 1339 970 1371 ματη-ηκηητιη...
1029 1358 1233 1371 .-.μμηη
1274 1370 1291 1371 η
1318 1369 1329 1371 _
1462 1357 1474 1371 .
1503 1357 1540 1371 η
1769 1360 1806 1371 ν.

2096 1282 2254 1353 σῶμα
2305 1249 2459 1358 πρὸς
2611 1249 2829 1356 παθεῖν,
2860 1291 2905 1350 ὦ
2957 1249 3158 1371 Πάτερ,
3199 1300 3334 1354 δέδιε
3360 1301 3417 1355 δὲ
3565 1303 3657 1355 τὸν

421 1335 545 1390 vitae
566 1339 997 1413 reformandam,
1029 1358 1240 1407 tantum
1270 1369 1376 1409 non
1408 1357 1476 1411 ad
1501 1335 1670 1414 Deum
1694 1371 1747 1416 et
1768 1360 1985 1418 Patrem

421 1426 535 1482 haec
566 1432 724 1486 verba
763 1434 893 1489 facit
926 1457 940 1493 :
994 1441 1105 1496 Etsi
1154 1446 1367 1514 pigrum
1408 1449 1476 1503 ad
1508 1452 1824 1520 patiendum
1857 1471 1984 1510 cor-

418 1532 557 1585 pus.
610 1538 644 1575 o
675 1523 836 1581 Pater
859 1567 874 1591 ,
924 1541 978 1584 et
1014 1533 1335 1591 reformidat
1374 1550 1603 1597 mortem
1635 1559 1756 1613 quae
1789 1554 1986 1615 praeter

418 1619 676 1668 naturam
696 1625 802 1683 est,
835 1636 949 1677 non
969 1632 1151 1681 tamen
1183 1642 1608 1689 consentaneum
1638 1636 1855 1693 videtur
1874 1656 1980 1705 me,

418 1709 569 1757 tuum
593 1720 926 1767 assessorem
942 1723 995 1769 et
1029 1717 1083 1771 in
1113 1734 1306 1777 omnes
1340 1724 1626 1793 imperium
1662 1730 1977 1797 habentem,

418 1792 678 1849 insolenti
721 1797 1055 1877 Judaeorunr
1083 1809 1330 1866 audaciae
1364 1792 1584 1870 dedere.
1626 1816 1820 1874 Verum
1851 1824 1980 1892 quia
2013 1808 2057 1864 Β

414 1896 479 1936 eo
511 1883 724 1954 deveni,
758 1908 778 1942 ι
811 1891 1061 1950 Clariﬁra
1084 1896 1304 1968 Filium,
1340 1923 1359 1955 ι
1396 1905 1448 1959 id
1476 1914 1602 1971 est,
1636 1925 1706 1965 ne
1739 1913 1806 1966 ad
1841 1883 1982 1969 mor-

414 1981 520 2029 tem
553 1987 772 2034 euntem
807 1984 1126 2055 impedieris
1161 2012 1174 2046 :
1207 2009 1387 2051 annue
1415 2004 1521 2052 tute
1552 2002 1819 2071 genitura:
1847 2022 1979 2076 pro-

412 2075 533 2133 pter
561 2084 851 2130 commune
878 2082 1120 2135 omnium
1148 2084 1370 2142 bonum.
1403 2087 1559 2156 Quod
1588 2108 1719 2149 vero
1747 2075 1980 2169 evange-

411 2154 537 2212 lista
552 2158 781 2225 gloriam
808 2165 939 2221 alibi
972 2185 1192 2226 crucem
1222 2154 1536 2246 appellavit,
1556 2196 1621 2236 ex
1649 2185 1768 2253 ejus
1794 2154 1977 2246 verbis

406 2246 597 2304 dicens
623 2270 636 2306 :
679 2271 695 2303 ι
724 2253 974 2313 Nondum
998 2263 1143 2317 enim
1166 2275 1284 2321 erat
1311 2267 1554 2335 Spiritus
1578 2246 1824 2344 sanctus,
1847 2280 1975 2350 quia

405 2341 650 2396 nondum
672 2341 834 2402 Jesus
856 2348 1190 2409 clarificatus
1223 2365 1342 2410 erat
1364 2358 1433 2410 ⁸³.
1465 2378 1485 2411 ι
1533 2359 1594 2415 In
1625 2341 1825 2433 quibus
1856 2341 1975 2421 ma-

402 2428 604 2487 nifcste
646 2438 969 2494 crucifixum
1024 2458 1150 2499 esse
1205 2447 1565 2506 clarificatum
1605 2428 1761 2510 dicit.
1787 2456 1973 2514 Gloria

402 2534 534 2575 vero
560 2537 719 2580 crux.
746 2525 860 2582 Etsi
879 2530 1024 2584 enim
1051 2538 1294 2604 tempore
1321 2542 1594 2606 passionis
1624 2545 1823 2601 multas
1847 2563 1973 2605 con-

402 2614 656 2672 tumelias
684 2621 906 2686 pertulit
937 2637 1154 2678 summa
1187 2629 1479 2686 tolerantia
1504 2642 1558 2688 et
1583 2646 1797 2703 sponte,
1826 2648 1969 2695 tam-

399 2704 502 2758 etsi
529 2707 679 2776 quia,
715 2723 841 2765 cum
874 2722 1060 2782 posset
1101 2731 1213 2771 non
1249 2721 1381 2788 pati,
1418 2733 1641 2801 propter
1671 2743 1772 2786 nos
1817 2732 1962 2789 ultro

400 2796 537 2851 mori
567 2800 850 2868 sustinuit,
876 2813 1098 2875 propter
1122 2809 1357 2866 aliorum
1381 2796 1732 2874 commodum
1760 2822 1811 2876 id
1835 2822 1968 2879 sub-

398 2885 478 2941 ire
497 2927 512 2951 ,
560 2905 787 2948 summa:
815 2897 987 2951 animi
1017 2903 1352 2968 praestantiae
1394 2916 1447 2961 et
1477 2923 1748 2978 suprema:
1777 2916 1967 2985 gloriae

397 2979 746 3039 tribuendum
777 2995 882 3043 est.
910 2988 1033 3046 Alio
1061 2993 1227 3048 etiam
1259 2998 1416 3051 modo
1446 2999 1680 3069 gloriam
1706 3019 1966 3062 consecu-

396 3078 486 3126 tus
517 3081 602 3129 est
626 3074 799 3134 Filius
823 3097 836 3132 :
862 3081 1011 3149 quod
1042 3084 1187 3138 enim
1220 3095 1450 3143 mortem
1484 3095 1764 3161 superavit
1785 3136 1800 3161 ,
1838 3114 1959 3153 eum

392 3160 560 3216 vitam
595 3178 717 3220 esse
753 3177 807 3222 et
839 3166 1037 3226 Filium
1077 3171 1170 3229 Dei
1204 3178 1439 3233 viventis
1473 3160 1854 3250 cognovimus.
1896 3188 1962 3245 Et

392 3252 731 3322 glorificatur
764 3257 927 3317 Pater
966 3278 1090 3318 cum
1140 3266 1301 3323 talem
1350 3269 1548 3326 habere
1578 3272 1773 3330 Filium
1803 3294 1870 3333 ex
1900 3295 1961 3336 se

392 3343 630 3411 genitum
649 3387 665 3412 ,
688 3349 867 3418 qualis
889 3352 975 3408 hic
1000 3362 1105 3421 est,
1132 3359 1497 3428 conspicitur.
1526 3363 1595 3417 At
1626 3382 1755 3422 vero
1781 3369 1959 3429 bonus

394 3435 554 3508 706
568 3447 670 3505 est;
695 3449 748 3496 et
774 3443 981 3510 lumen,
995 3454 1048 3501 et
1073 3447 1182 3502 vita
1198 3456 1252 3503 et
1274 3461 1446 3507 morte
1459 3457 1947 3524 potentior.omnia

388 3543 729 3602 quaecunque
759 3534 887 3589 velit
916 3535 1143 3594 faciens.
1173 3539 1309 3597 Cum
1342 3559 1470 3598 vero
1496 3546 1633 3602 dicit
1658 3567 1670 3602 :
1707 3550 1955 3610 Clarilica

389 3615 587 3680 Filium
610 3631 783 3692 tuum,
817 3645 836 3678 ι
874 3626 975 3681 hoc
1002 3630 1115 3684 ait:
1144 3629 1398 3690 Concede
1431 3638 1561 3691 mihi
1592 3643 1705 3708 pati
1728 3644 1955 3703 volenti.

388 3706 506 3763 Non
550 3715 697 3767 enim
740 3716 859 3772 sine
894 3720 1174 3776 voluntate
1204 3731 1258 3778 et
1296 3727 1533 3781 consilio
1567 3728 1727 3787 Pater
1757 3732 1955 3791 Filium

388 3802 536 3856 dedit
563 3805 631 3858 ad
663 3819 922 3876 mortem,
960 3812 1054 3866 sed
1085 3824 1282 3883 sponte
1309 3831 1407 3885 pro
1438 3819 1551 3873 vita
1578 3824 1765 3879 mundi
1797 3842 1812 3878 :
1851 3829 1956 3901 igi-

389 3903 479 3949 tur
522 3899 835 3956 consentire
875 3913 928 3957 et
970 3919 1215 3963 annuere
1251 3907 1499 3977 Patrem,
1541 3916 1689 3971 velut
1727 3899 1953 3979 donatio

386 3984 657 4042 bonorum
704 3993 865 4048 nobis
912 3999 1181 4066 appellata
1226 4010 1335 4058 est.
1382 4001 1516 4058 Nam
1566 4023 1666 4078 pro
1709 4016 1956 4081 passione

386 4073 523 4133 dixit
556 4079 804 4154 gloriam,
834 4087 961 4155 quia
990 4097 1044 4144 et
1075 4090 1179 4145 hoc
1206 4092 1533 4151 imitandum
1567 4073 1725 4158 nobis
1752 4120 1954 4178 propo-

384 4167 505 4234 nit;
552 4173 757 4244 quippe
803 4181 1015 4246 precari
1057 4191 1273 4252 oportet
1313 4194 1373 4239 nt
1409 4202 1516 4242 non
1556 4167 1871 4255 incidat-nus-
1897 4202 1952 4256 in

383 4262 772 4333 tentationem,
806 4268 897 4324 ubi
928 4286 1058 4327 vero
1089 4273 1446 4334 inciderimus
1466 4319 1481 4343 ,
1508 4296 1775 4351 generose
1809 4290 1954 4349 ferre

375 4719 481 4776 nisi
535 4719 827 4781 Servatore
877 4740 1115 4799 mortuo,
1161 4734 1442 4795 destructa
1493 4742 1708 4811 fuisset,
1754 4752 1837 4808 sic
1877 4719 1947 4813 de
2053 4785 2093 4839 μ

376 4825 705 4839 ,,,,,,,,,,,,,,,,,
735 4817 915 4839 ,,,,,,
941 4819 1032 4839 -.ι
1468 4832 1482 4839 -

376 4825 707 4882 unaquaque
733 4817 917 4873 carnis
937 4819 1225 4881 affectione
1244 4832 1583 4890 censendum
1607 4846 1711 4891 est.
1733 4841 1943 4916 Quippe

374 4902 479 4957 nisi
505 4903 800 4971 timuisset,
821 4908 1080 4971 immunis
1113 4916 1336 4979 timendi
1371 4932 1570 4980 natura
1594 4929 1738 4986 haud
1768 4902 1937 4991 exsti-

372 4993 527 5049 tisset
578 5014 590 5050 :
643 4996 750 5052 nisi
803 5002 1168 5061 contristatus
1223 5021 1391 5078 esset,
1435 5031 1710 5088 nusquam
1750 5026 1939 5082 eadem

370 5085 595 5145 tristitia
645 5099 700 5144 et
747 5092 936 5150 dolore
984 5100 1430 5161 caruisset:nisi
1481 5085 1841 5177 perturbatus
1885 5126 1943 5174 et

372 5178 660 5246 perculsus
717 5181 946 5252 fuisset,
997 5204 1270 5261 nusquam
1343 5196 1539 5252 horum
1607 5208 1937 5263 vacuitatem

371 5283 529 5326 nacta
571 5272 728 5329 foret.
764 5274 831 5329 Et
864 5277 920 5332 in
971 5296 1302 5352 unoquoque
1346 5302 1541 5343 eorum
1588 5309 1710 5363 quae
1745 5297 1941 5353 huma-

371 5362 520 5423 nitus
540 5364 695 5428 ﬁunt,
713 5369 1130 5425 convenientem
1162 5375 1429 5433 rationem
1456 5380 1510 5434 in
1533 5362 1765 5442 Christo
1784 5404 1942 5459 repe-

372 5454 501 5518 ries,
536 5466 952 5531 commotasque
976 5463 1161 5521 carnis
1190 5469 1504 5536 passiones,
1542 5490 1651 5531 non
1678 5485 1737 5531 ut
1770 5480 1941 5537 victo-

372 5546 509 5599 riam
544 5549 878 5615 obtinerent,
899 5553 1047 5607 velut
1069 5555 1124 5610 in
1148 5558 1331 5623 nobis,
1360 5562 1453 5616 sed
1483 5571 1539 5617 ut
1565 5576 1853 5629 commotae
1886 5572 1943 5627 vi

373 5633 535 5692 Verbi
564 5639 619 5693 in
653 5657 821 5699 carne
847 5645 1144 5705 habitantis
1176 5651 1505 5710 sedarentur
1536 5667 1589 5712 et
1622 5662 1944 5731 comprime-

371 5737 578 5795 rentur,
605 5733 1004 5796 transformata
1028 5737 1081 5794 in
1113 5741 1392 5804 meliorem
1426 5755 1628 5802 statum
1673 5764 1892 5811 natura.

443 5821 488 5853 ⁵³
511 5821 668 5879 Joan.
704 5841 806 5892 vn,
843 5828 930 5884 59.

2093 1375 2244 1445 παρὰ
2268 1377 2429 1445 φύσιν
2457 1381 2701 1448 θάνατον,
2737 1387 2872 1442 ἀλλά
2908 1392 3002 1443 καὶ
3050 1392 3147 1462 οὐχ
3197 1387 3308 1446 οἷόν
3358 1410 3474 1458 πως
3515 1389 3655 1449 εἶναι

2089 1465 2237 1520 δοκεῖ
2264 1471 2374 1533 τοῖς
2402 1471 2510 1525 τῶν
2550 1473 2819 1529 Ἰουδαίων
2855 1479 3306 1550 ἐμπαροινείσθαί
3337 1499 3403 1553 με
3461 1483 3657 1553 τολμή-

2093 1575 2226 1627 μασι
2249 1560 2339 1613 τὸν
2369 1562 2461 1616 σὺν
2490 1566 2743 1637 σύνεδρον
2784 1571 2878 1622 καὶ
2917 1572 2978 1624 τὸ
3018 1574 3157 1626 κατὰ
3201 1575 3416 1629 πάντων
3460 1575 3653 1645 ἔχοντα

2090 1651 2307 1720 κράτος,
2338 1653 2484 1725 Πλὴν
2504 1658 2732 1730 ἐπείπερ
2756 1662 2991 1732 ἀφῖγμαι
3017 1665 3154 1735 πρὸς
3198 1664 3376 1729 τοῦτο,
3431 1685 3450 1718 ι
3483 1666 3650 1734 Δόξα-

2090 1742 2183 1795 σόν
2219 1760 2313 1797 σου
2338 1746 2428 1799 τὸν
2456 1747 2604 1812 Υἱὸν,
2643 1769 2661 1801 ι
2692 1752 2848 1805 τοῦτ’
2893 1752 3007 1807 ἐστι
3039 1755 3112 1826 μὴ
3137 1756 3472 1828 διακωλύσῃς
3505 1757 3652 1812 ἰόντα

2082 1835 2218 1905 πρὸς
2248 1837 2476 1894 θάνατον
2504 1860 2516 1873 ·
2543 1845 2976 1911 συγκατάνευσον
3005 1846 3082 1917 τῷ
3111 1848 3187 1919 σῷ
3231 1852 3524 1920 γεννήματι
3559 1851 3651 1905 διὰ

2079 1927 2139 1980 τὸ
2159 1930 2292 1983 πᾶσι
2331 1931 2621 1998 λυσιτελές.
2659 1935 2781 1990 Ὀτι
2803 1939 2858 1991 δὲ
2892 1938 3050 2005 δόξαν
3077 1941 3106 1993 6
3144 1941 3530 2011 εὐαγγελιστὴς
3554 1945 3650 1996 καὶ

2079 2018 2306 2090 ἑτέρωθί
2351 2039 2452 2076 που
2484 2025 2576 2078 τὸν
2608 2017 2836 2099 σταυρὸν
2868 2031 3147 2098 ἀπεκάλει,
3199 2032 3415 2105 μαθήσῃ
3459 2033 3644 2101 λέγον-

2077 2126 2167 2172 τος
2195 2112 2358 2167 αὐτοῦ
2395 2127 2411 2145 ⁵
2450 2134 2469 2167 ι
2497 2116 2663 2172 Οὔπω
2682 2120 2788 2192 γάρ
2816 2117 2882 2192 ἦν
2923 2123 3146 2193 Πνεῦμα
3176 2124 3349 2192 ἅγιον,
3404 2127 3486 2179 ὃτι
3537 2127 3644 2196 Ίη’

2078 2204 2205 2270 σοῦς
2259 2207 2413 2264 οὔπω
2467 2212 2748 2284 ἐδοξάσθη.
2792 2235 2811 2266 ι
2845 2217 3040 2286 Σαφῶς
3082 2218 3191 2290 γὰρ
3223 2220 3280 2272 ἐν
3330 2220 3540 2282 τούτοις
3576 2218 3640 2271 τὸ

2076 2299 2472 2370 ἐσταυρῶσθαι,
2510 2305 2571 2358 τὸ
2594 2308 2850 2378 ἐδοξάσθη
2901 2310 3051 2380 φησι.
3079 2310 3215 2375 Δόξα
3246 2310 3302 2364 δὲ
3323 2314 3351 2365 ό
3390 2311 3637 2382 σταυρός.

2074 2389 2137 2443 Εἰ
2156 2391 2264 2463 γὰρ
2294 2393 2492 2467 καίπερ
2520 2399 2660 2451 κατὰ
2692 2398 2781 2453 τὸν
2810 2400 2906 2452 τοῦ
2961 2400 3167 2465 πάθους
3228 2401 3416 2473 καιρὸν
3472 2400 3644 2455 πολλὰ

2073 2483 2374 2555 ἐφύδριστα
2403 2487 2692 2558 ὑπέμεινεν
2712 2491 3045 2557 άνεξικακῶν
3075 2492 3234 2553 ἐκὼν,
3275 2494 3400 2548 ἀλλ’
3456 2494 3515 2559 ἐξ
3564 2488 3641 2548 ὧν

2070 2572 2365 2644 δυνάμενος
2394 2576 2467 2648 μὴ
2500 2578 2710 2643 παθεῖν,
2744 2580 2950 2651 ὑπέστη
3003 2582 3083 2637 δι’
3129 2586 3275 2655 ἡμᾶς
3319 2584 3643 2649 ἐθελουσίως

2069 2663 2130 2717 τὸ
2153 2666 2344 2733 πάθος,
2375 2668 2474 2738 τῆς
2503 2670 2784 2742 ὑπεράγαν
2810 2674 2955 2726 ἐστὶν
2976 2674 3376 2745 εὐσπλαγχνίας
3404 2678 3495 2729 καὶ
3539 2678 3639 2747 τῆς

2069 2757 2330 2812 ἀνωτάτω
2365 2758 2541 2830 δόξης,
2574 2761 2636 2815 τὸ
2687 2762 2754 2816 δι’
2793 2763 2969 2817 ἄλλων
3013 2766 3281 2835 ὠφέλειαν
3341 2767 3637 2837 ὑποστῆναι

2066 2846 2242 2904 τοῦτο.
2272 2850 2465 2919 Γέγονε
2493 2851 2550 2905 δέ
2581 2853 2673 2907 καὶ
2698 2854 2870 2926 ἑτέρῳ
2894 2858 3079 2928 τρόπῳ
3102 2861 3159 2911 ἐν
3186 2857 3397 2929 εὐδοξία
3422 2860 3451 2912 6
3475 2858 3598 2921 Υἱός
3616 2874 3633 2888 ⁶

2063 2937 2131 2992 δι⁹
2158 2934 2235 2994 ὧν
2267 2943 2376 3012 γὰρ
2401 2946 2778 3018 κατεκράτησε
2818 2949 2910 3002 τοῦ
2943 2950 3195 3012 θανάτου.
3258 2951 3504 3021 ἔγνωμεν
3544 2953 3645 3005 αύ-

2062 3029 2154 3084 τὸν
2182 3030 2309 3085 ὄντα
2333 3032 2476 3106 ζωὴν
2503 3036 2598 3090 καὶ
2633 3038 2756 3091 Υὶὸν
2784 3039 2918 3093 Θεοῦ
2941 3041 3033 3095 τοῦ
3087 3042 3305 3107 ζῶντος,
3346 3042 3637 3108 Δοξάζεται

1988 3145 2031 3203 ο
2063 3121 2120 3174 δὲ
2150 3124 2178 3175 6
2204 3123 2411 3195 Πατὴρ,
2450 3127 2577 3180 ὃταν
2622 3130 2879 3199 φαίνηται
2924 3132 3162 3186 τοιοῦτον
3211 3134 3347 3203 ἔχων
3401 3135 3528 3187 Υἰὸν
3574 3135 3635 3199 ἐξ

2062 3214 2255 3269 ἐαυτοῦ
2272 3218 2628 3289 γεννηθέντα,
2673 3223 2850 3287 ὁποῖός
2891 3225 3128 3279 ἐστικαὶ
3163 3226 3342 3290 αὐτός.
3387 3227 3541 3279 Ἐστι
3575 3227 3636 3280 δ’

2059 3305 2283 3374 ἀγαθὸς,
2312 3310 2448 3379 φῶς,
2484 3312 2616 3384 ζωὴ,
2654 3316 2750 3368 καὶ
2796 3315 3027 3371 θανάτου
3071 3316 3351 3388 κρείττων,
3392 3321 3486 3371 καὶ
3533 3319 3636 3372 ὃσα

2061 3394 2223 3462 θέλει,
2254 3401 2442 3457 ποιῶν.
2490 3404 2657 3459 Ὅταν
2694 3407 2752 3462 δέ
2811 3409 2980 3482 λέγῃο
3063 3430 3082 3462 ι
3132 3411 3362 3478 Δόξασόν
3407 3429 3500 3466 σου
3540 3412 3634 3464 τὸν

2058 3488 2206 3553 Υἱὸν,
2243 3511 2262 3543 ι
2294 3492 2453 3547 τοῦτό
2479 3513 2610 3567 φησι
2641 3516 2654 3529 ·
2674 3500 3113 3568 Συγκατάνευσόν
3153 3521 3240 3573 μοι
3286 3503 3477 3558 παθεῖν
3519 3503 3632 3557 ἐθέ’

2057 3580 2221 3636 λοντι.
2253 3584 2326 3636 Οὐ
2356 3585 2465 3657 γὰρ
2490 3587 2802 3659 ἀϐουλήτως
2828 3593 2920 3646 τὸν
2964 3595 3092 3649 Υἱὸν
3142 3599 3170 3649 ὁ
3212 3595 3399 3667 Πατὴρ
3428 3596 3640 3650 ἔδωκεν

2057 3674 2137 3737 είς
2170 3675 2418 3740 θάνατον,
2449 3679 2563 3733 ἀλλ’
2590 3681 2730 3735 ἐκὼν
2761 3685 2902 3757 ὑπὲρ
2926 3687 3025 3756 τῆς
3054 3686 3149 3741 τοῦ
3204 3689 3409 3758 κόσμου
3459 3688 3624 3758 ζωῆς.

2059 3761 2130 3816 Τὸ
2159 3760 2251 3819 οὖν
2268 3766 2594 3838 συνθελῆσαι
2627 3773 2718 3825 τὸν
2746 3774 2985 3846 Πατέρα,
3010 3775 3086 3839 ὡς
3129 3776 3272 3842 δόσις
3315 3778 3632 3848 ὠνόμασται

2054 3853 2187 3922 ἡμῖν
2218 3855 2455 3924 ἀγαθῶν.
2487 3859 2630 3912 Ἀντὶ
2653 3861 2760 3933 γὰρ
2788 3863 2881 3917 τοῦ
2905 3865 3120 3919 παθεῖν
3148 3867 3246 3937 τὴν
3269 3866 3457 3931 δόξαν
3479 3863 3622 3929 εἷπε,

2054 3943 2201 4013 λέγει
2225 3946 2283 4000 δέ
2309 3948 2462 4003 τοῦτο
2490 3953 2582 4004 καὶ
2621 3954 2756 4023 πρὸς
2799 3956 3160 4029 ὑπογραμμὸν
3212 3959 3385 4029 ήμῶν,
3420 3960 3500 4012 ὅτι
3542 3960 3625 4014 δεῖ

2058 4035 2157 4105 μὲν
2184 4036 2434 4108 εὔχεσθαι
2465 4042 2538 4112 μὴ
2572 4044 2832 4113 ἐμπεσεῖν
2863 4048 2943 4110 είς
2983 4049 3308 4119 πειρασμὸν,
3351 4050 3622 4120 ἐμπεσόν·

2053 4144 2147 4190 τας
2163 4130 2221 4182 δὲ
2248 4133 2510 4199 γενναίως
2530 4135 2734 4206 φέρειν,
2756 4138 2846 4191 καὶ
2869 4139 2942 4210 μὴ
2972 4141 3273 4212 άποτιτιδᾷν,
3302 4141 3624 4212 εύχεσθαίτε

2055 4221 2134 4283 είς
2159 4219 2289 4274 Θεὸν
2318 4222 2576 4295 σωθῆναι.
2616 4227 2771 4281 Ἀλλά
2817 4249 2836 4280 ‹
2884 4230 3112 4296 Δόξασόν
3143 4249 3234 4286 σου
3274 4233 3335 4285 τὸ
3368 4234 3558 4304 ὄνομα.
3595 4253 3621 4287 »λ

2055 4311 2119 4365 Et
2147 4311 2254 4384 γάρ
2267 4313 2355 4368 διὰ
2375 4314 2483 4369 τῶν
2503 4318 2757 4372 κινδύνοιν
2782 4321 2938 4392 ήμῶν
2974 4323 3260 4392 συμϐαίνει
3296 4324 3627 4393 ὣξασθῆναιι

2052 4404 2144 4457 τὸν
2177 4405 2331 4470 Θεὸν,
2361 4408 2536 4461 πάντα
2561 4409 2751 4464 τούτου
2773 4412 3016 4483 τετάχθω
3037 4414 3281 4487 δεύτερα.

2125 4679 2334 4753 ’Ὥσπερ
2360 4685 2544 4754 μέντοι
2582 4687 2681 4741 οὐκ
2713 4687 2887 4752 άλλως
2928 4691 2957 4743 6
2996 4688 3222 4756 θάνατος
3270 4695 3615 4766 κατηργήθη»

2095 4768 2128 4840 ὴ
2162 4772 2522 4839 ἀποθανόντος
2538 4776 2630 4831 τοῦ
2663 4778 2915 4851 Σωτῆρος
2946 4797 2959 4810 ·
2985 4780 3126 4836 οὕτω
3156 4784 3247 4836 καὶ
3272 4784 3356 4854 ἐφ’
3385 4786 3616 4840 ἑκάστου

2048 4861 2155 4915 τῶν
2200 4865 2299 4934 τῆς
2345 4867 2548 4937 σαρκὸς
2583 4869 2788 4924 παθῶν.
2821 4872 2882 4925 Et
2936 4876 3010 4945 μὴ
3042 4874 3150 4948 γάρ
3175 4877 3488 4941 ἐδειλίασεν,
3516 4881 3617 4934 οὐκ

2048 4952 2115 5007 ἂν
2149 4955 2207 5008 ἐν
2231 4955 2510 5030 ἐλευθερίᾳ
2532 4959 2625 5013 τοῦ
2650 4961 2849 5035 δειλιᾷν
2872 4967 2905 5036 ή
2943 4965 3101 5036 φύσις
3123 4969 3343 5036 γέγονεν
3368 4985 3382 4998 ·
3437 4975 3486 5024 εί
3539 4973 3616 5043 μὴ

2045 5043 2311 5117 ἐλυπήθη,
2336 5050 2435 5102 οὐκ
2461 5051 2527 5104 ἂν
2554 5053 2838 5126 ἀπηλλάγη
2868 5055 2962 5110 τοῦ
2982 5056 3266 5114 λυπεῖσθαί
3283 5078 3430 5115 ποτε·
3448 5065 3496 5116 εἰ
3539 5065 3614 5136 μὴ

2043 5135 2315 5209 ἐταράχθη
2336 5142 2429 5194 καὶ
2451 5140 2707 5216 ἐπτοήθη,
2732 5148 2831 5202 οὐκ
2853 5149 2917 5203 ἂν
2958 5150 3062 5217 ἐξω
3089 5154 3217 5208 ποτὲ
3244 5155 3444 5209 τούτων
3489 5135 3614 5226 ἐγέέ

2045 5243 2185 5281 νετο.
2224 5230 2332 5284 Καὶ
2366 5233 2450 5301 ἐφ’
2489 5235 2703 5308 ἑκάστῳ
2746 5239 2855 5294 τῶν
2901 5242 3251 5313 ἀνθρωπίνως
3292 5250 3609 5314 γεγονότων,

2045 5316 2136 5370 τὸν
2163 5318 2326 5373 αὐτὸν
2363 5322 2739 5395 ἐφαρμόζοντα
2786 5329 2941 5397 λόγον
2975 5332 3225 5404 εὑρήσεις
3256 5335 3312 5387 ἐν
3352 5335 3571 5405 Χριστῷ
3593 5349 3609 5363 ο

2047 5407 2118 5460 τὰ
2136 5409 2234 5481 τῆς
2255 5412 2455 5481 σαρκὸς
2496 5415 2643 5487 πάθη
2691 5420 3041 5489 κεκινημένα,
3094 5422 3192 5492 οὐχ
3236 5423 3320 5476 ἵνα
3365 5427 3611 5497 κρατήσῃ

2049 5498 2238 5571 ὥσπερ
2269 5504 2362 5556 καὶ
2382 5506 2440 5557 ἐν
2462 5506 2613 5577 ἡμῖν,
2636 5508 2750 5562 ἀλλ’
2781 5510 2868 5564 ἵνα
2888 5511 3174 5582 κινηθέντα
3199 5516 3514 5587 καταργηθῇ
3544 5518 3607 5583 τῇ

2049 5591 2275 5663 δυνάμει
2304 5595 2398 5648 τοῦ
2423 5597 2801 5668 ἐνοικήσαντος
2834 5604 2898 5673 τῇ
2934 5605 3098 5674 σαρκὶ
3128 5607 3321 5677 Λόγου,
3371 5608 3505 5683 πρὸς
3547 5609 3611 5661 τὸ

2049 5684 2266 5755 ἄμεινον
2291 5692 2752 5763 μεταποιουμένης
2782 5692 2877 5763 τῆς
2906 5694 3138 5762 φύσεως.
