3894 6200
319 347 391 402 93
1097 345 1165 401 IN
1204 344 1542 400 JOANNEM.
1582 373 1652 385 —
1692 339 1818 394 LIB.
1860 336 1949 392 Vll
1991 337 2079 392 ET
2120 338 2232 393 VIII
2270 337 2711 395 FRAGMENTA.
3330 296 3331 299 Ἴ
3484 346 3555 401 94

382 469 466 523 Οὐ
527 466 599 520 δι’
645 467 748 537 ἐμὲ
798 470 833 537 ἡ
878 467 1046 537 φωνὴ
1079 468 1230 535 αὕτη
1290 468 1556 537 γέγονεν,
1587 463 1746 519 ἀλλὰ
1790 461 1877 514 δι’
1910 470 1945 519 Α

308 560 485 632 ὑμᾶς.
850 626 851 633 γ

394 652 810 720 Ἀντεφθὲγγετο
839 654 867 704 ό
889 653 1097 724 Πατὴρ,
1132 653 1253 706 καθ’
1294 652 1351 704 ὃν
1390 646 1497 704 οἶδε
1534 648 1751 719 τρόπον,
1808 645 1884 715 τῷ

314 743 429 809 ίδίῳ
467 744 591 813 Υίῷ,
622 747 701 806 είς
731 744 1035 813 φιλοτιμίαν
1074 744 1179 796 τῶν
1210 744 1571 813 ἀκροωμένων
1605 743 1704 811 τὴν
1753 743 1883 793 ἑαυ-

307 835 401 887 τοῦ
426 834 680 904 βούλησιν
724 836 991 905 φανερῶν,
1035 836 1119 887 ἵνα
1173 835 1531 887 πιστεύσωσιν
1586 832 1886 901 ἀναμφιϐό-

310 923 436 985 λως,
464 926 545 975 ὅτι
572 925 699 986 Υἱός
726 926 840 976 ἐστι
871 924 1009 976 κατὰ
1036 922 1195 992 φύσιν
1227 922 1320 975 τοῦ
1348 922 1480 974 Θεοῦ
1511 922 1601 974 καὶ
1654 920 1881 990 Πατρός.

311 1016 573 1086 Διηπόρει
606 1015 661 1068 δὲ
685 1016 713 1066 6
736 1015 889 1084 ὄχλος
914 1017 993 1078 είς
1014 1015 1299 1085 διαφόρους
1336 1013 1589 1075 ὑπονοίας
1635 1012 1885 1081 σχιζόμε-

308 1124 396 1168 νος
426 1106 718 1167 ἀσυνέτως.
760 1106 1031 1174 Ἔδειγὰρ
1054 1107 1249 1167 αὐτοὺς
1292 1104 1541 1173 ἐννοῆσαι
1593 1103 1672 1155 ὅτι
1705 1103 1733 1153 ὁ
1775 1103 1887 1153 Πα-

308 1199 411 1266 τὴρ
440 1193 507 1267 ἦν
531 1200 558 1250 6
590 1198 1102 1267 ἁντιφθεγξόιμενος,
1137 1197 1271 1266 πρὸς
1311 1197 1369 1247 ὃν
1418 1196 1709 1261 ἐποιήσατο
1759 1194 1887 1256 τοὺς

310 1288 499 1355 λόγους
528 1290 554 1341 6
582 1288 727 1352 Υίός.
754 1291 827 1342 Οὑ
850 1287 956 1357 γὰρ
984 1287 1207 1357 βροντὴν
1228 1288 1397 1357 ᾔτησε
1455 1286 1729 1354 γενέσθαι,
1758 1284 1881 1338 οὔτε

306 1381 537 1448 ἄγγελον
562 1382 807 1450 φωνῆσαι
836 1398 847 1409 ·
884 1382 1033 1449 ὅμως
1068 1381 1142 1443 ὡς
1170 1380 1319 1443 Υἱὸς,
1357 1381 1518 1451 φησὶν
1551 1380 1631 1431 ὅτι
1663 1397 1681 1429 ‹
1712 1378 1785 1429 Οὑ
1819 1376 1886 1429 δι’

308 1471 408 1540 ἐμὲ
441 1472 661 1538 γέγονεν
696 1472 727 1538 ἠ
757 1471 905 1539 φωνὴ
928 1510 941 1531 ,
975 1469 1110 1522 ἀλλὰ
1141 1469 1206 1521 δι’
1237 1470 1381 1539 ὑμᾶς
1401 1487 1412 1498 ·
1450 1488 1468 1519 ι
1512 1468 1626 1538 ⁴ᾔδει
1651 1466 1758 1535 γὰρ
1790 1464 1885 1518 τοῦ

306 1560 556 1622 τεκόντος
582 1561 679 1629 τὴν
709 1559 959 1628 βούλησιν
985 1560 1090 1612 κᾶν
1113 1559 1285 1628 μηδὲν
1317 1557 1575 1628 ἐλαλήθη,
1601 1556 1785 1626 ἐπειδὴ
1819 1552 1886 1627 ἦν

306 1650 403 1702 καὶ
430 1650 541 1703 ἔστι
564 1650 656 1702 τοῦ
684 1651 895 1721 Πατρὸς
929 1650 1089 1716 σοςρία
1131 1651 1223 1702 καὶ
1259 1651 1447 1715 Λόγος.
1496 1650 1571 1701 Δι’
1608 1649 1749 1718 ὑμᾶς
1771 1643 1883 1708 οὖν,

308 1739 463 1807 φησι,
492 1738 713 1805 γέγονεν
748 1740 779 1807 ἡ
811 1742 958 1808 φωνή
987 1756 1000 1767 ·
1040 1738 1124 1790 ἵνα
1158 1737 1530 1807 παραδέχησθέ
1553 1755 1619 1807 με
1650 1737 1725 1800 ὡς
1758 1737 1886 1789 Υίὸν

2052 458 2170 522 XII,
2203 461 2293 514 50.
2320 460 2440 514 Non
2467 471 2678 528 propter
2703 475 2781 512 me
2801 460 2912 513 lucc
2931 475 3026 513 vox
3053 462 3208 525 venit,
3227 463 3316 516 sed
3343 474 3558 534 propter

1985 568 2092 606 vos.

2058 642 2442 713 Respondebat
2492 643 2657 699 Pater
2688 644 2917 714 proprio
2942 641 3103 705 Filio,
3146 659 3213 698 eo
3266 659 3377 714 quo
3406 646 3560 700 novit

1986 736 2171 800 modo,
2202 750 2356 791 suam
2392 735 2730 789 voluntatem
2773 735 2991 805 planam
3020 734 3250 799 faciens,
3284 736 3351 795 ad
3374 738 3561 793 conci-

1987 825 2224 880 liandam
2245 825 2583 879 audientium
2608 825 2788 889 fidem,
2808 834 2866 880 ut
2885 827 3173 882 crederent
3201 827 3321 883 sine
3349 828 3562 884 dubita-

1988 918 2131 972 tione
2161 932 2283 971 csse
2316 914 2514 971 Filium
2546 917 2638 972 Dei
2664 926 2717 972 et
2740 917 2919 974 Patris
2947 920 3250 974 secundum
3284 929 3559 977 naturam.

1987 1009 2313 1080 Ambigebat
2365 1018 2545 1063 autem
2585 1010 2876 1064 multitudo
2922 1012 2978 1065 in
3036 996 3219 1068 varias
3272 1015 3562 1083 opiniones

1988 1102 2160 1156 scissa
2195 1102 2405 1170 absque
2436 1101 2649 1155 ratione
2680 1120 2693 1155 :
2729 1102 3021 1171 oportebat
3063 1104 3208 1157 enim
3247 1104 3327 1158 eis
3375 1105 3565 1159 venire

1989 1194 2045 1247 in
2106 1202 2366 1256 mentem,
2419 1192 2637 1247 Patrem
2702 1208 2823 1249 esse
2885 1195 2975 1263 qui
3043 1194 3440 1262 responderat,
3494 1195 3559 1249 ad

1987 1300 2150 1353 quem
2202 1283 2370 1338 Filius
2418 1284 2581 1337 verba
2635 1281 2877 1337 fecisset.
2930 1281 3065 1335 Nam
3100 1297 3201 1337 nec
3249 1290 3307 1335 ut
3354 1281 3562 1335 tonitru

1993 1374 2169 1439 fieret,
2197 1390 2297 1429 nec
2344 1381 2403 1427 ut
2455 1375 2683 1443 angelus
2727 1374 3061 1441 loqueretur,
3095 1373 3281 1442 petiit;
3308 1373 3444 1426 dicit
3474 1380 3562 1425 ta-

1990 1481 2112 1521 men
2164 1479 2224 1518 ut
2269 1464 2488 1519 Filius:
2520 1483 2540 1515 ‹
2582 1463 2703 1518 Non
2760 1472 2985 1534 propter
3036 1479 3121 1517 me
3154 1464 3268 1517 hznc
3298 1479 3425 1526 vox,
3465 1464 3561 1517 sed

1989 1564 2213 1626 propter
2243 1570 2343 1610 vos
2381 1555 2524 1609 facta
2562 1565 2663 1610 est.
2710 1573 2731 1607 ι
2774 1556 2985 1626 Quippe
3008 1563 3237 1611 noverat
3275 1556 3562 1610 Genitoris

1991 1648 2347 1711 voluntatem,
2374 1648 2480 1702 etsi
2526 1646 2669 1701 nihil
2718 1647 2941 1702 locutus
2984 1654 3130 1703 esset
3166 1665 3181 1700 :
3214 1646 3562 1716 quandoqui-

1990 1740 2111 1794 dem
2140 1748 2337 1794 eratet
2375 1748 2461 1794 est
2488 1739 2668 1795 Patris
2708 1741 2979 1807 sapientia
3021 1756 3085 1795 ac
3117 1739 3382 1795 Verbum.
3424 1738 3561 1793 Pro-

307 1828 464 1889 Θεοῦ,
490 1828 547 1880 ὃν
574 1824 711 1881 οἶδεν
736 1829 862 1881 ὄντα
901 1829 1057 1897 φύσει
1089 1827 1262 1897 ἑαυτῷ
1294 1827 1419 1881 Υἱὸν
1444 1830 1471 1881 ό
1495 1829 1702 1897 Πατήρ.
1723 1826 1883 1894 Λέγει

1997 1840 2108 1899 pter
2136 1846 2234 1887 vos
2264 1846 2417 1899 ergo,
2446 1831 2543 1897 ait,
2582 1831 2722 1887 facta
2755 1841 2840 1887 est
2871 1848 2998 1895 vox,
3048 1842 3107 1887 ut
3150 1833 3435 1902 accipiatis
3475 1848 3567 1887 me

310 1920 409 1989 μὲν
441 1916 534 1972 οὖν
558 1922 585 1972 6
613 1919 814 1989 Κύριος
836 1921 916 1972 ὅτι
943 1920 1168 1987 γέγονεν
1201 1922 1232 1990 ἡ
1265 1919 1435 1988 φωνὴ,
1466 1920 1525 1971 οῦ
1560 1920 1666 1990 μὴν
1717 1935 1885 1989 προσ-

303 2011 519 2080 τίθησιν
560 2012 642 2064 ὅτι
685 2010 777 2063 τοῦ
808 2010 1021 2082 Πατρὸς
1043 2006 1130 2080 ἦν,
1153 2012 1184 2081 ἢ
1210 2010 1326 2073 πῶς
1346 2011 1567 2078 γέγονεν
1595 2028 1608 2041 ·
1640 2009 1885 2080 ἔστιγὰρ

308 2102 562 2172 περιττὸν
612 2102 787 2155 τοῦτο.
818 2102 962 2173 Πλὴν
999 2101 1429 2172 ὲπιμαρτὺρεται
1463 2103 1543 2154 ὅτι
1581 2101 1676 2154 καὶ
1704 2101 1885 2171 φωνὴν

308 2193 640 2255 ἀκούσαντες
668 2193 726 2259 ἐξ
762 2193 1013 2264 οὐρανοῦ,
1067 2193 1219 2246 οὐδὲν
1268 2190 1429 2264 ἧττον
1458 2193 1770 2267 ⁴ἐπέμειναν
1816 2195 1883 2264 τῇ

309 2283 518 2349 ἑαυτῶν
556 2283 617 2335 δυ
626 2283 863 2353 σσεϐείᾳ.

386 2461 519 2515 Νῦν
562 2462 760 2529 κρίσις
811 2461 943 2515 ἐστι
990 2460 1094 2515 τοῦ
1135 2461 1369 2531 κόσμου
1412 2463 1648 2525 τούτου,
1696 2464 1789 2521 καὶ
1818 2462 1885 2516 τὰ

311 2552 459 2621 ἑξῆς.

382 2646 495 2717 Τῆς
526 2644 618 2698 τοῦ
654 2646 904 2715 Σωτῆρος
956 2644 1251 2716 ἐπιδημίας
1280 2646 1307 2697 6
1348 2644 1672 2714 τριπόθητος
1703 2645 1885 2702 οὑτοσὶ

313 2739 527 2809 καιρὸς,
572 2738 855 2809 παροῦσαν
893 2739 993 2810 ἤδη
1026 2740 1123 2810 τὴν
1151 2740 1243 2792 ἐπὶ
1280 2742 1391 2802 τοῖς
1412 2739 1585 2793 ἔθνεσι
1616 2740 1793 2810 κρίσιν
1826 2757 1883 2793 τε

314 2831 408 2885 καὶ
460 2830 615 2901 δίκην
658 2831 960 2883 ὲδείκνυεψ
1018 2830 1240 2900 ἔμελλον
1296 2831 1402 2899 γὰρ
1452 2831 1885 2884 ἀπαλλάττεσθαι

310 2924 411 2994 τῆς
467 2922 561 2975 τοῦ
624 2922 869 2975 διαϐόλου
931 2923 1273 2989 πλεονεξίας,
1319 2924 1654 2995 δικαιότητος
1706 2924 1887 2985 αὐτοῖς

312 3016 681 3086 ἀπονέμοντος
726 3016 872 3079 ἕλεος
900 3016 991 3069 τοῦ
1027 3017 1173 3069 ὁσίου
1205 3034 1264 3070 τε
1298 3018 1390 3070 καὶ
1425 3017 1635 3069 δικαίου
1673 3016 1880 3087 κριτοῦ.

313 3109 389 3163 Οὐ
420 3110 529 3179 γὰρ
560 3110 743 3179 οἴομαι
788 3111 897 3163 δεῖν
926 3110 1133 3163 οἴεσθαι
1179 3111 1298 3163 νυνὶ
1328 3109 1748 3181 κατακρίνεσθαι
1790 3110 1883 3162 κόκ
1913 3147 1959 3209 C

314 3202 584 3268 σμον,δτε
630 3201 724 3253 τοῦ
768 3202 978 3255 δικαίου
1027 3203 1208 3273 παρῆν
1252 3205 1280 3255 ὁ
1332 3202 1549 3273 καιρός·
1598 3202 1711 3254 ἀλλ’
1744 3201 1885 3253 οὑτω

315 3294 436 3361 μὲν,
467 3294 656 3364 κόσμῳ
694 3294 873 3364 κρίσις
906 3295 1077 3356 ἔσται,
1118 3295 1259 3347 τοῦτ’
1303 3295 1447 3348 ἔστιν
1485 3295 1783 3365 ἐκδίκησις.
1825 3295 1885 3348 'O

311 3384 367 3436 δὲ
419 3384 602 3455 ἄρχων
654 3385 747 3437 τοῦ
810 3386 1016 3454 κόσμου
1064 3387 1252 3439 τούτου
1312 3387 1711 3457 ἐκϐληθήσεται
1760 3388 1883 3453 ἔξω.

317 3471 533 3532 "Edim,
568 3476 721 3543 φησὶ,
753 3475 892 3527 κατὰ
920 3475 1015 3526 τοῦ
1054 3476 1145 3527 τὸν
1185 3476 1385 3544 κόσμον
1414 3477 1734 3545 ἠδικηκότος
1769 3478 1888 3547 κρί-

316 3581 424 3628 σις,
460 3564 555 3615 καὶ
596 3564 715 3633 οὐχὶ
772 3565 914 3617 κατὰ
966 3564 1057 3617 τοῦ
1099 3566 1197 3635 τὴν
1249 3564 1464 3618 ἀδικίαν
1499 3566 1888 3634 ὑπομείναντος

314 3656 543 3725 κόσμου.
574 3658 682 3709 Καὶ
714 3655 840 3725 γὰρ,
873 3657 948 3719 ὡς
988 3658 1148 3719 αὑτὸς
1176 3660 1203 3710 ὁ
1232 3658 1465 3727 Χριστός
1498 3674 1682 3727 φησιν,
1720 3678 1738 3710 ι
1776 3659 1889 3711 Οὑκ

314 3746 636 3802 ἀπέστειλεν
679 3751 707 3802 ὁ
757 3749 884 3812 Θεὸς
939 3750 1029 3802 τὸν
1075 3750 1201 3802 Υἱὸν
1240 3750 1403 3802 αὑτοῦ
1465 3751 1551 3803 ἵνα
1589 3751 1749 3823 κρίνῃ
1801 3751 1889 3803 τὸν

316 3838 543 3907 κόσμον,
590 3838 703 3891 ἀλλ’
757 3839 843 3892 ἴνα
890 3838 1038 3909 σώσῃ
1072 3838 1164 3892 τὸν
1197 3839 1420 3909 κόσμον.
1456 3860 1474 3891 ι
1521 3841 1682 3910 Ὅρος
1712 3842 1889 3893 τοίνυν

316 3928 419 3998 τῆς
442 3928 747 3996 ἐνεστώσης
771 3930 921 3981 ἔσται
948 3930 1200 3998 κρίσεως,
1227 3929 1285 3981 τὸ
1313 3930 1638 4000 ἐκϐληθῆναι
1668 3931 1772 3995 ἔξω
1800 3934 1889 3985 τὸν

316 4020 551 4088 ἄρχοντα
590 4017 683 4070 τοῦ
717 4018 921 4088 κόσμου
967 4018 1177 4073 τούτου.
1220 4021 1575 4091 Ἐκὸληθῆναι
1606 4023 1661 4075 δὲ
1690 4024 1886 4089 πόθεν;

315 4106 350 4178 ἦ
380 4109 624 4178 δηλονότι
667 4110 765 4180 τῆς
807 4112 871 4163 ἐκ
917 4110 1036 4180 βίας
1077 4111 1225 4181 αὑτῷ
1272 4114 1679 4185 πεπορισμένης
1716 4118 1889 4191 ἀρχῆς

317 4201 535 4271 καὶτῆς
566 4203 865 4270 οὐδαμόθεν
894 4204 1278 4273 προσηκούσης
1312 4203 1605 4273 βασιλείας.

387 4293 560 4361 Κάγὼ
592 4294 698 4347 ἐὰν
725 4294 941 4363 ὑψωθῶ
966 4296 1033 4349 ἐκ
1072 4296 1181 4364 τῆς
1219 4296 1353 4367 γῆς,
1377 4299 1617 4352 ἑλκύσω
1661 4299 1892 4367 πάντας

318 4379 470 4448 πρὸς
497 4382 777 4449 ἐμαυτόν.

1988 1932 2249 1993 tanquam
2292 1923 2486 1977 Filium
2526 1922 2642 1987 Dei,
2678 1940 2844 1993 quem
2890 1925 2997 1977 scit
3024 1924 3188 1977 Pater
3226 1924 3330 1979 sibi
3368 1932 3562 1977 natura

1987 2025 2109 2066 esse
2156 2009 2372 2065 Filium.
2419 2010 2561 2065 Dicit
2595 2011 2818 2081 quidem
2876 2011 3145 2067 Dominus
3192 2012 3390 2066 factam
3438 2028 3565 2069 esse

1986 2119 2197 2167 vocem,
2232 2104 2325 2159 sed
2366 2120 2475 2158 non
2509 2105 2700 2174 adjicit
2751 2104 2930 2160 Patris
2975 2121 3117 2169 esse,
3154 2120 3253 2159 nec
3288 2105 3563 2174 quomodo

1987 2195 2132 2249 facta
2181 2196 2273 2260 sit,
2320 2198 2578 2265 quoniam
2625 2196 2677 2249 id
2720 2211 3211 2264 supervacaneum.
3251 2196 3411 2266 707
3450 2194 3560 2251 Sed

1986 2295 2042 2341 et
2071 2295 2410 2356 protestatur
2429 2289 2574 2357 quod
2601 2288 2789 2340 audita
2816 2287 2978 2341 etiam
2998 2303 3028 2341 e
3051 2288 3193 2341 caelo
3213 2302 3346 2342 voce
3363 2287 3564 2342 nihilo-

1988 2380 2170 2434 secius
2205 2380 2259 2433 in
2288 2395 2388 2435 sua
2425 2381 2705 2449 impietate
2744 2381 3173 2449 permanserint.

2057 2469 2175 2535 XII,
2211 2471 2299 2525 51.
2340 2470 2498 2524 Nunc
2530 2470 2798 2540 judicium
2828 2479 2903 2524 est
2934 2470 3137 2534 mundi,
3166 2477 3273 2524 etc.

2062 2650 2604 2705 Desideratissimum
2662 2650 2765 2705 hoc
2801 2651 3070 2706 adventus
3099 2650 3409 2705 Servatoris
3459 2664 3563 2705 no—

1989 2742 2092 2798 Stri
2136 2750 2369 2811 tempus,
2413 2744 2525 2811 jam
2558 2742 2751 2797 adesse
2802 2741 3071 2811 judicium
3101 2752 3154 2797 et
3186 2742 3455 2810 justitiam
3506 2742 3561 2795 iu

1989 2836 2247 2903 gentibus
2276 2834 2624 2898 ostendebat,
2656 2834 2860 2905 quippe
2912 2850 3038 2888 cum
3074 2849 3103 2887 a
3151 2834 3357 2888 diaboli
3402 2849 3575 2904 rapa—A

1989 2926 2156 2980 citate
2180 2925 2520 2979 vindicanda:
2556 2925 2755 2988 forent,
2788 2925 3067 2979 tribuente
3104 2926 3212 2979 illis
3250 2926 3565 2981 misericor-

1989 3017 2134 3072 diam
2171 3017 2348 3071 sancti
2380 3028 2434 3071 et
2456 3017 2593 3085 justi
2638 3017 2845 3085 judicis
2880 3019 3154 3086 teqnitate.
3182 3016 3366 3086 Neque
3392 3018 3562 3083 enim,

1991 3107 2206 3177 opinor,
2238 3107 2665 3161 existimandum
2720 3115 2805 3161 est
2843 3123 2987 3162 nunc
3020 3108 3373 3162 condemnari
3408 3124 3567 3163 mun-

1994 3201 2145 3263 dum,
2178 3215 2301 3254 cum
2357 3199 2584 3267 justilize
2617 3207 2834 3267 tempus
2874 3199 3052 3264 adest,
3090 3198 3183 3252 sed
3221 3198 3301 3251 sic
3341 3198 3562 3268 quidem

1992 3292 2198 3347 mundo
2237 3291 2342 3346 erit
2380 3289 2673 3359 judicium,
2718 3306 2913 3359 nempe
2950 3290 3277 3344 vindicatio.
3302 3289 3565 3360 Princeps

1990 3398 2120 3437 vero
2151 3384 2315 3451 hujus
2351 3381 2539 3435 mundi
2566 3380 2816 3449 ejicietur
2852 3388 3027 3436 extra.
3076 3380 3213 3447 Erit,
3246 3382 3444 3452 inquit,
3472 3381 3565 3451 ju-

1991 3476 2193 3529 dicium
2221 3473 2486 3528 adversus
2511 3488 2632 3526 eum
2666 3472 2760 3540 qui
2798 3472 3061 3527 mundum
3090 3471 3332 3534 violavit,
3365 3482 3419 3527 et
3452 3487 3563 3528 non

1991 3567 2257 3620 adversus
2286 3564 2571 3626 mundum,
2598 3562 2691 3631 qui
2727 3562 2983 3631 injuriam
3008 3570 3062 3617 et
3087 3563 3409 3632 injustitiam
3442 3579 3567 3632 per-

1991 3658 2135 3710 tulit.
2186 3656 2424 3722 Etenim,
2478 3666 2537 3711 ut
2584 3656 2702 3727 ipse
2755 3657 3009 3713 Christus
3061 3657 3155 3719 ait,
3194 3676 3212 3709 ‹
3245 3655 3364 3711 Νοη
3414 3658 3571 3715 misit

1992 3747 2134 3802 Dcus
2163 3746 2357 3801 Filium
2409 3763 2593 3812 suum,
2622 3756 2681 3803 ut
2713 3748 2981 3802 mundum
3020 3748 3320 3818 judicaret,
3368 3749 3462 3805 sed
3504 3759 3565 3804 ut

1991 3839 2253 3893 mundum
2318 3847 2565 3894 servaret
2598 3840 2663 3894 ⁸⁸.
2706 3858 2724 3891 ι
2770 3840 3063 3895 Terminus
3123 3856 3255 3911 ergo
3306 3841 3566 3896 instantis

1986 3931 2180 4003 judicii
2238 3932 2368 3994 erit,
2423 3940 2483 3986 ut
2542 3932 2802 4002 ejiciatur
2874 3934 3022 3989 foras
3088 3934 3345 4005 princeps
3399 3934 3577 4003 hujus.

1993 4024 2205 4079 mundi.
2234 4024 2390 4081 Unde
2430 4041 2565 4080 vero
2609 4026 2901 4096 ejiciatur?
2944 4043 3140 4098 nempe
3174 4044 3205 4083 ο
3252 4028 3571 4098 principatu

1994 4134 2090 4189 per
2120 4119 2228 4172 vim
2265 4129 2443 4187 parto,
2482 4127 2538 4174 et
2585 4134 2616 4175 e
2663 4135 2832 4191 regno
2862 4122 3015 4176 nullo
3050 4120 3216 4175 modo
3264 4121 3330 4175 ad
3383 4122 3564 4192 ipsum

1991 4212 2318 4280 pertinente.

2062 4300 2174 4367 XII,
2208 4303 2297 4358 52.
2327 4302 2394 4356 Et
2418 4320 2512 4374 ego
2544 4306 2591 4358 si
2618 4304 2888 4360 excitatus
2921 4306 3075 4373 fuero
3098 4322 3126 4359 ε
3152 4314 3315 4373 terra,
3354 4305 3564 4361 trahant

1991 4408 2167 4445 omnes
2194 4393 2264 4445 ad
2295 4409 2398 4447 me.

391 4474 650 4526 Τουτέστι
677 4474 781 4544 (1),
818 4476 892 4546 μὴ
925 4476 988 4547 δὴ
1022 4477 1272 4549 κωλύσῃς
1302 4478 1445 4532 ἰόντα
1474 4480 1609 4549 πρὸς
1636 4479 1886 4545 θάνατον,

2063 4485 2205 4539 Cave
2234 4500 2301 4539 ne
2330 4501 2417 4540 me
2453 4486 2751 4555 prohibeas
2790 4487 2857 4541 ad
2884 4495 3116 4542 mortem
3154 4486 3416 4555 tendere;
3453 4488 3566 4542 imo

317 4562 455 4615 αλλὰ
501 4565 931 4630 συγκατάνευσον
985 4567 1074 4620 διὰ
1116 4568 1175 4620 τὸ
1216 4570 1348 4622 πᾶσι
1400 4570 1696 4634 λυσιτελές.
1752 4571 1891 4637 Δόξα

318 4654 426 4721 γάρ
455 4654 692 4723 Χριστοῦ
739 4659 766 4708 6
812 4658 1063 4729 σταυρός.
1111 4659 1401 4723 Δοξάζεται
1448 4662 1504 4715 δὲ
1548 4666 1639 4716 καὶ
1679 4666 1887 4735 Πατὴρ,

318 4746 449 4797 ὅταν
491 4745 744 4816 φαίνηται
787 4750 1027 4801 τοιοῦτον
1065 4749 1203 4819 ἔχων
1248 4752 1339 4804 τὸν
1368 4752 1425 4819 ἐξ
1450 4756 1645 4808 ἑαυτοῦ
1673 4757 1889 4810 ὁποίόσ-

320 4853 426 4906 περ
448 4837 711 4908 ὑπάρχειν
740 4840 900 4903 αὑτὸς
928 4841 1251 4896 ὑπονοεῖται.
1284 4844 1438 4897 Ἐστι
1468 4847 1525 4899 δὲ
1560 4848 1762 4916 ἀγαθὸς
1795 4852 1889 4903 καὶ

319 4928 720 4999 φιλάνθρωπος,
752 4931 884 5000 φῶς,
921 4934 1013 4985 καὶ
1045 4934 1179 5004 ζωὴ,
1206 4937 1300 4989 καὶ
1327 4938 1532 5009 φθορᾶς
1558 4941 1815 5011 ἀμείνων.

390 5103 626 5174 Χριστοῦ
668 5105 850 5174 μέντοι
890 5105 1176 5168 δεδωκότος
1209 5106 1399 5160 ἑαυτὸν
1426 5108 1505 5178 τῷ
1540 5112 1712 5183 Πατρὶ
1748 5114 1888 5187 ὑπὲρ

319 5194 420 5263 τῆς
468 5195 624 5263 ἡμῶν
679 5198 950 5266 σωτηρίας
1001 5197 1075 5260 ὡς
1117 5199 1344 5269 ἄμωμον
1381 5203 1605 5271 ἱερεῖον,
1650 5208 1742 5259 καὶ
1793 5209 1893 5273 τὰς

322 5286 462 5356 ὑπὲρ
495 5286 653 5355 ἡμῶν
686 5291 966 5358 μονονουχὶ
996 5290 1149 5353 δίκας
1182 5291 1473 5355 τιννὺντος,
1507 5294 1890 5370 ἐλυτρώθημεν

319 5376 428 5428 τῶν
457 5378 553 5446 τῆς
584 5380 855 5450 ἁμαρτίας
893 5383 1271 5453 ἐγκλημάτων.
1306 5386 1415 5438 Καὶ
1440 5387 1503 5456 δὴ
1531 5388 1619 5441 ὅτε
1646 5392 1674 5442 ό
1699 5391 1800 5464 θὴρ
1826 5396 1890 5447 ἐκ

326 5468 491 5535 μέσου
516 5470 725 5535 γέγονε,
769 5474 861 5524 καὶ
901 5473 1175 5545 καθῃρέθη
1221 5478 1248 5529 6
1292 5476 1572 5549 τύραννος,
1620 5482 1739 5536 τότε
1768 5485 1888 5553 ἄγει

399 5604 443 5637 ⁸⁵
483 5604 639 5662 Joau.
678 5625 749 5662 xu
775 5652 787 5672 ,
827 5610 917 5663 «i7.

1995 4579 2179 4647 potius
2228 4577 2516 4642 assentire,
2560 4588 2785 4648 pr0pter
2834 4580 3200 4633 universalem
3246 4580 3562 4634 utilitatem.

1995 4670 2204 4724 Etenim
2245 4668 2417 4737 gloria
2449 4668 2653 4723 Christi
2698 4685 2833 4723 crux
2872 4678 2979 4725 est.
3022 4670 3377 4725 Gloriﬁcatur
3411 4685 3565 4739 aque

1997 4760 2192 4826 Pater,
2238 4775 2366 4813 cum
2427 4760 2590 4813 talem
2660 4759 2861 4813 habere
2920 4759 3118 4813 Filium
3180 4761 3563 4831 cognoscitur,

1995 4852 2174 4921 qualis
2217 4851 2447 4921 ipsemet
2474 4865 2599 4905 esse
2628 4850 2892 4904 creditur.
2922 4848 3019 4905 Est
3059 4858 3242 4905 autem
3279 4851 3476 4915 bonus,
3512 4860 3567 4905 et

1994 4944 2277 4998 hominum
2317 4950 2551 5007 amator,
2584 4943 2853 5008 lux,vita,
2878 4950 2931 4997 et
2965 4943 3210 5013 cujusvis
3244 4944 3570 5012 corruptelae

1999 5034 2279 5089 immunis.

2066 5126 2202 5180 Cum
2256 5126 2420 5197 igitur
2462 5125 2719 5182 Christus
2770 5126 3012 5195 seipsum
3043 5126 3194 5181 Patri
3230 5141 3329 5195 pro
3374 5132 3583 5179 nostra,

1992 5220 2235 5272 omnium
2285 5218 2461 5273 salute
2511 5218 2727 5274 dederit
2750 5218 2901 5274 velut
2957 5218 3367 5272 immaculatam
3412 5217 3567 5271 victi-

1995 5326 2160 5377 mam,
2186 5326 2250 5364 ac
2282 5326 2381 5380 pro
2414 5311 2574 5366 nobis
2600 5326 2792 5381 poenas
2818 5310 3214 5381 propemodum
3244 5308 3588 5375 exsolverit,_

1993 5416 2021 5453 a
2057 5402 2261 5470 peccati
2310 5401 2541 5456 crimine
2576 5402 2795 5457 liberati
2829 5416 3045 5456 sumus.
3085 5400 3147 5453 Et
3188 5399 3406 5468 quidem
3438 5412 3577 5453 cum.

1993 5496 2105 5547 t’era
2145 5492 2213 5548 de
2251 5493 2428 5549 medio
2458 5494 2678 5550 sublata
2713 5502 2911 5561 cst,_ac
2955 5493 3239 5550 confectus
3270 5502 3586 5561 tyrannus,‘

396 5738 473 5816 (ﬁ)
508 5744 779 5798 Τουτέστι
809 5791 817 5799 .
844 5789 857 5801 .
889 5786 901 5802 .
930 5787 941 5801 .
968 5750 1241 5815 ἀμείνων.
1275 5747 1345 5809 Ex
1370 5758 1559 5809 catena
1585 5751 1860 5823 Vaticana,

2037 5762 2150 5825 150,
2180 5777 2265 5823 an.
2295 5762 2393 5817 Mai
2429 5765 2464 5819 ι.
2495 5766 2528 5820 l.
