  <div class='ocr_page' id='page_1' title='image "/cluster/home/n/w/nwhite01/storage/ocr_20150623/74/nnc1.0046980180/065.png"; bbox 0 0 3894 6200; ppageno 0'>
   <div class='ocr_carea' id='block_1_1' title="bbox 372 330 3618 396">
    <p class='ocr_par' dir='ltr' id='par_1_1' title="bbox 372 330 3618 396">
     <span class='ocr_line' id='line_1_1' title="bbox 372 330 3618 396; baseline 0.001 -11"><span class='ocrx_word' id='word_1_1' title='bbox 372 330 444 385; x_wconf 76' lang='grc' dir='ltr'><strong>θδ</strong></span> <span class='ocrx_word' id='word_1_2' title='bbox 1361 337 1419 393; x_wconf 86' lang='lat' dir='ltr'><strong>S.</strong></span> <span class='ocrx_word' id='word_1_3' title='bbox 1455 338 1741 396; x_wconf 76' lang='lat' dir='ltr'><strong>CYBILLL</strong></span> <span class='ocrx_word' id='word_1_4' title='bbox 1765 335 2235 393; x_wconf 75' lang='lat' dir='ltr'><strong>ALEXANDRIM</strong></span> <span class='ocrx_word' id='word_1_5' title='bbox 2275 335 2597 391; x_wconf 77' lang='lat' dir='ltr'><strong>ARCHIEP.</strong></span> <span class='ocrx_word' id='word_1_6' title='bbox 3547 333 3618 389; x_wconf 75' lang='lat'><em>96</em></span> 
     </span>
    </p>
   </div>
   <div class='ocr_carea' id='block_1_2' title="bbox 369 449 1919 532">
    <p class='ocr_par' dir='ltr' id='par_1_2' title="bbox 369 449 1919 528">
     <span class='ocr_line' id='line_1_2' title="bbox 369 449 1919 528; baseline 0.008 -29"><span class='ocrx_word' id='word_1_7' title='bbox 369 455 503 501; x_wconf 83' lang='lat' dir='ltr'><strong>tunc</strong></span> <span class='ocrx_word' id='word_1_8' title='bbox 529 449 596 503; x_wconf 88' lang='lat' dir='ltr'><strong>ad</strong></span> <span class='ocrx_word' id='word_1_9' title='bbox 627 451 866 521; x_wconf 87' lang='lat' dir='ltr'><strong>seipsum</strong></span> <span class='ocrx_word' id='word_1_10' title='bbox 906 451 1125 507; x_wconf 77' lang='lat' dir='ltr'><strong>adducit</strong></span> <span class='ocrx_word' id='word_1_11' title='bbox 1152 452 1407 509; x_wconf 77' lang='lat' dir='ltr'><strong>Christus</strong></span> <span class='ocrx_word' id='word_1_12' title='bbox 1449 456 1734 511; x_wconf 84' lang='lat' dir='ltr'><strong>hominum</strong></span> <span class='ocrx_word' id='word_1_13' title='bbox 1766 474 1919 528; x_wconf 74' lang='lat' dir='ltr'><strong>genus</strong></span> 
     </span>
    </p>
   </div>
   <div class='ocr_carea' id='block_1_3' title="bbox 2029 449 3616 532">
    <p class='ocr_par' dir='ltr' id='par_1_3' title="bbox 2044 449 3616 526">
     <span class='ocr_line' id='line_1_3' title="bbox 2044 449 3616 526; baseline -0.003 -18"><span class='ocrx_word' id='word_1_14' title='bbox 2044 456 2178 526; x_wconf 81' lang='grc' dir='ltr'>πρὸς</span> <span class='ocrx_word' id='word_1_15' title='bbox 2211 455 2402 507; x_wconf 73' lang='grc' dir='ltr'>ἑαυτὸν</span> <span class='ocrx_word' id='word_1_16' title='bbox 2435 456 2463 506; x_wconf 89' lang='lat'><strong>6</strong></span> <span class='ocrx_word' id='word_1_17' title='bbox 2516 451 2753 523; x_wconf 83' lang='grc' dir='ltr'>Χριστὸς</span> <span class='ocrx_word' id='word_1_18' title='bbox 2782 449 2844 504; x_wconf 77' lang='grc' dir='ltr'>τὸ</span> <span class='ocrx_word' id='word_1_19' title='bbox 2893 451 3277 522; x_wconf 78' lang='grc' dir='ltr'>ἀποπλανηθὲν</span> <span class='ocrx_word' id='word_1_20' title='bbox 3315 449 3502 519; x_wconf 75' lang='grc' dir='ltr'>γένος,</span> <span class='ocrx_word' id='word_1_21' title='bbox 3553 453 3616 508; x_wconf 81' lang='grc' dir='ltr'><strong>οὐ</strong></span> 
     </span>
    </p>
   </div>
   <div class='ocr_carea' id='block_1_4' title="bbox 370 537 1940 612">
    <p class='ocr_par' dir='ltr' id='par_1_4' title="bbox 370 537 1940 612">
     <span class='ocr_line' id='line_1_4' title="bbox 370 537 1940 612; baseline 0.008 -21"><span class='ocrx_word' id='word_1_22' title='bbox 370 537 516 606; x_wconf 91' lang='lat' dir='ltr'><strong>quod</strong></span> <span class='ocrx_word' id='word_1_23' title='bbox 558 540 927 605; x_wconf 87' lang='lat' dir='ltr'><strong>deerraverat,</strong></span> <span class='ocrx_word' id='word_1_24' title='bbox 959 559 1066 597; x_wconf 86' lang='lat' dir='ltr'><strong>non</strong></span> <span class='ocrx_word' id='word_1_25' title='bbox 1101 545 1276 598; x_wconf 90' lang='lat' dir='ltr'><strong>solum</strong></span> <span class='ocrx_word' id='word_1_26' title='bbox 1314 545 1556 612; x_wconf 65' lang='lat' dir='ltr'><strong>Iudaeos,</strong></span> <span class='ocrx_word' id='word_1_27' title='bbox 1580 550 1672 604; x_wconf 84' lang='lat' dir='ltr'><strong>sed</strong></span> <span class='ocrx_word' id='word_1_28' title='bbox 1715 559 1767 604; x_wconf 89' lang='lat' dir='ltr'><strong>et</strong></span> <span class='ocrx_word' id='word_1_29' title='bbox 1816 553 1940 604; x_wconf 86' lang='lat' dir='ltr'><strong>uui-</strong></span> 
     </span>
    </p>
   </div>
   <div class='ocr_carea' id='block_1_5' title="bbox 369 633 1941 706">
    <p class='ocr_par' dir='ltr' id='par_1_5' title="bbox 369 633 1941 706">
     <span class='ocr_line' id='line_1_5' title="bbox 369 633 1941 706; baseline 0.011 -27"><span class='ocrx_word' id='word_1_30' title='bbox 369 643 560 685; x_wconf 74' lang='lat' dir='ltr'><strong>rersos</strong></span> <span class='ocrx_word' id='word_1_31' title='bbox 599 634 856 687; x_wconf 73' lang='lat' dir='ltr'><strong>mortales</strong></span> <span class='ocrx_word' id='word_1_32' title='bbox 894 633 960 687; x_wconf 89' lang='lat' dir='ltr'><strong>ad</strong></span> <span class='ocrx_word' id='word_1_33' title='bbox 994 635 1225 689; x_wconf 86' lang='lat' dir='ltr'><strong>salutem</strong></span> <span class='ocrx_word' id='word_1_34' title='bbox 1271 652 1365 706; x_wconf 88' lang='lat' dir='ltr'><strong>per</strong></span> <span class='ocrx_word' id='word_1_35' title='bbox 1395 636 1553 693; x_wconf 76' lang='lat' dir='ltr'><strong>[idem</strong></span> <span class='ocrx_word' id='word_1_36' title='bbox 1587 641 1642 694; x_wconf 92' lang='lat' dir='ltr'><strong>in</strong></span> <span class='ocrx_word' id='word_1_37' title='bbox 1693 657 1817 696; x_wconf 90' lang='lat' dir='ltr'><strong>eum</strong></span> <span class='ocrx_word' id='word_1_38' title='bbox 1845 659 1941 696; x_wconf 83' lang='lat' dir='ltr'><strong>vo-</strong></span> 
     </span>
    </p>
   </div>
   <div class='ocr_carea' id='block_1_6' title="bbox 369 719 1941 798">
    <p class='ocr_par' dir='ltr' id='par_1_6' title="bbox 369 719 1941 798">
     <span class='ocr_line' id='line_1_6' title="bbox 369 719 1941 798; baseline 0.01 -25"><span class='ocrx_word' id='word_1_39' title='bbox 369 735 527 775; x_wconf 86' lang='lat' dir='ltr'><strong>cans.</strong></span> <span class='ocrx_word' id='word_1_40' title='bbox 559 719 820 780; x_wconf 85' lang='lat' dir='ltr'><strong>Partialis</strong></span> <span class='ocrx_word' id='word_1_41' title='bbox 859 727 1003 780; x_wconf 84' lang='lat' dir='ltr'><strong>enim</strong></span> <span class='ocrx_word' id='word_1_42' title='bbox 1039 743 1134 796; x_wconf 85' lang='lat' dir='ltr'><strong>per</strong></span> <span class='ocrx_word' id='word_1_43' title='bbox 1170 728 1338 796; x_wconf 81' lang='lat' dir='ltr'><strong>legem</strong></span> <span class='ocrx_word' id='word_1_44' title='bbox 1376 732 1610 798; x_wconf 89' lang='lat' dir='ltr'><strong>vocatio,</strong></span> <span class='ocrx_word' id='word_1_45' title='bbox 1641 743 1696 786; x_wconf 89' lang='lat' dir='ltr'><strong>at</strong></span> <span class='ocrx_word' id='word_1_46' title='bbox 1729 735 1941 788; x_wconf 79' lang='lat' dir='ltr'><strong>univer-</strong></span> 
     </span>
    </p>
   </div>
   <div class='ocr_carea' id='block_1_7' title="bbox 369 810 1940 895">
    <p class='ocr_par' dir='ltr' id='par_1_7' title="bbox 369 810 1940 895">
     <span class='ocr_line' id='line_1_7' title="bbox 369 810 1940 895; baseline 0.011 -29"><span class='ocrx_word' id='word_1_47' title='bbox 369 810 504 866; x_wconf 83' lang='lat' dir='ltr'><strong>salis</strong></span> <span class='ocrx_word' id='word_1_48' title='bbox 545 828 642 882; x_wconf 83' lang='lat' dir='ltr'><strong>per</strong></span> <span class='ocrx_word' id='word_1_49' title='bbox 672 815 953 872; x_wconf 79' lang='lat' dir='ltr'><strong>Christum</strong></span> <span class='ocrx_word' id='word_1_50' title='bbox 983 834 996 870; x_wconf 88' lang='lat'><strong>:</strong></span> <span class='ocrx_word' id='word_1_51' title='bbox 1025 819 1229 890; x_wconf 84' lang='lat' dir='ltr'><strong>quippe</strong></span> <span class='ocrx_word' id='word_1_52' title='bbox 1280 823 1432 878; x_wconf 90' lang='lat' dir='ltr'><strong>solus</strong></span> <span class='ocrx_word' id='word_1_53' title='bbox 1456 825 1714 881; x_wconf 89' lang='lat' dir='ltr'><strong>Christus</strong></span> <span class='ocrx_word' id='word_1_54' title='bbox 1761 837 1940 895; x_wconf 90' lang='lat' dir='ltr'><strong>potest</strong></span> 
     </span>
    </p>
   </div>
   <div class='ocr_carea' id='block_1_8' title="bbox 370 904 1938 973">
    <p class='ocr_par' dir='ltr' id='par_1_8' title="bbox 370 904 1938 973">
     <span class='ocr_line' id='line_1_8' title="bbox 370 904 1938 973; baseline 0.01 -18"><span class='ocrx_word' id='word_1_55' title='bbox 370 913 627 973; x_wconf 81' lang='lat' dir='ltr'><strong>tanquam</strong></span> <span class='ocrx_word' id='word_1_56' title='bbox 672 904 816 961; x_wconf 87' lang='lat' dir='ltr'><strong>Deus</strong></span> <span class='ocrx_word' id='word_1_57' title='bbox 857 910 1019 964; x_wconf 86' lang='lat' dir='ltr'><strong>nobis</strong></span> <span class='ocrx_word' id='word_1_58' title='bbox 1055 911 1196 965; x_wconf 88' lang='lat' dir='ltr'><strong>bona</strong></span> <span class='ocrx_word' id='word_1_59' title='bbox 1237 916 1422 968; x_wconf 84' lang='lat' dir='ltr'><strong>omnia</strong></span> <span class='ocrx_word' id='word_1_60' title='bbox 1473 917 1793 972; x_wconf 78' lang='lat' dir='ltr'><strong>conciliare.</strong></span> <span class='ocrx_word' id='word_1_61' title='bbox 1828 919 1938 970; x_wconf 85' lang='lat' dir='ltr'><strong>Eu-</strong></span> 
     </span>
    </p>
   </div>
   <div class='ocr_carea' id='block_1_9' title="bbox 369 995 1937 1073">
    <p class='ocr_par' dir='ltr' id='par_1_9' title="bbox 369 995 1937 1073">
     <span class='ocr_line' id='line_1_9' title="bbox 369 995 1937 1073; baseline 0.011 -27"><span class='ocrx_word' id='word_1_62' title='bbox 369 995 598 1064; x_wconf 76' lang='lat' dir='ltr'><strong>phemite</strong></span> <span class='ocrx_word' id='word_1_63' title='bbox 627 1013 755 1052; x_wconf 85' lang='lat' dir='ltr'><strong>vero</strong></span> <span class='ocrx_word' id='word_1_64' title='bbox 795 1015 962 1054; x_wconf 85' lang='lat' dir='ltr'><strong>causa</strong></span> <span class='ocrx_word' id='word_1_65' title='bbox 1000 1017 1099 1070; x_wconf 90' lang='lat' dir='ltr'><strong>pro</strong></span> <span class='ocrx_word' id='word_1_66' title='bbox 1127 1005 1438 1073; x_wconf 69' lang='lat' dir='ltr'><strong>cruciﬁxum</strong></span> <span class='ocrx_word' id='word_1_67' title='bbox 1467 1023 1610 1072; x_wconf 87' lang='lat' dir='ltr'><strong>esse,</strong></span> <span class='ocrx_word' id='word_1_68' title='bbox 1642 1010 1937 1063; x_wconf 77' lang='lat' dir='ltr'><strong>exaltatum</strong></span> 
     </span>
    </p>
   </div>
   <div class='ocr_carea' id='block_1_10' title="bbox 367 1086 1936 1168">
    <p class='ocr_par' dir='ltr' id='par_1_10' title="bbox 367 1086 1936 1168">
     <span class='ocr_line' id='line_1_10' title="bbox 367 1086 1936 1168; baseline 0.01 -29"><span class='ocrx_word' id='word_1_69' title='bbox 367 1101 490 1140; x_wconf 83' lang='lat' dir='ltr'><strong>esse</strong></span> <span class='ocrx_word' id='word_1_70' title='bbox 521 1086 678 1144; x_wconf 89' lang='lat' dir='ltr'><strong>dixit.</strong></span> <span class='ocrx_word' id='word_1_71' title='bbox 703 1088 837 1144; x_wconf 85' lang='lat' dir='ltr'><strong>Nam</strong></span> <span class='ocrx_word' id='word_1_72' title='bbox 871 1090 1070 1145; x_wconf 82' lang='lat' dir='ltr'><strong>caedem</strong></span> <span class='ocrx_word' id='word_1_73' title='bbox 1103 1095 1441 1163; x_wconf 84' lang='lat' dir='ltr'><strong>spirantibus</strong></span> <span class='ocrx_word' id='word_1_74' title='bbox 1469 1113 1533 1151; x_wconf 91' lang='lat' dir='ltr'><strong>ac</strong></span> <span class='ocrx_word' id='word_1_75' title='bbox 1567 1101 1936 1168; x_wconf 84' lang='lat' dir='ltr'><strong>sanguinariis</strong></span> 
     </span>
    </p>
   </div>
   <div class='ocr_carea' id='block_1_11' title="bbox 363 1179 1934 1258">
    <p class='ocr_par' dir='ltr' id='par_1_11' title="bbox 363 1179 1934 1258">
     <span class='ocr_line' id='line_1_11' title="bbox 363 1179 1934 1258; baseline 0.01 -27"><span class='ocrx_word' id='word_1_76' title='bbox 363 1179 643 1234; x_wconf 88' lang='lat' dir='ltr'><strong>occultum</strong></span> <span class='ocrx_word' id='word_1_77' title='bbox 685 1196 810 1238; x_wconf 78' lang='lat' dir='ltr'><strong>esse</strong></span> <span class='ocrx_word' id='word_1_78' title='bbox 839 1184 1056 1238; x_wconf 85' lang='lat' dir='ltr'><strong>volebat</strong></span> <span class='ocrx_word' id='word_1_79' title='bbox 1092 1190 1434 1256; x_wconf 88' lang='lat' dir='ltr'><strong>mysterium,</strong></span> <span class='ocrx_word' id='word_1_80' title='bbox 1459 1192 1605 1258; x_wconf 90' lang='lat' dir='ltr'><strong>quod</strong></span> <span class='ocrx_word' id='word_1_81' title='bbox 1643 1194 1788 1245; x_wconf 89' lang='lat' dir='ltr'><strong>scire</strong></span> <span class='ocrx_word' id='word_1_82' title='bbox 1828 1209 1934 1247; x_wconf 87' lang='lat' dir='ltr'><strong>non</strong></span> 
     </span>
    </p>
   </div>
   <div class='ocr_carea' id='block_1_12' title="bbox 366 1271 1933 1353">
    <p class='ocr_par' dir='ltr' id='par_1_12' title="bbox 366 1271 1933 1353">
     <span class='ocr_line' id='line_1_12' title="bbox 366 1271 1933 1353; baseline 0.01 -32"><span class='ocrx_word' id='word_1_83' title='bbox 366 1271 754 1326; x_wconf 85' lang='lat' dir='ltr'><strong>merebantur:</strong></span> <span class='ocrx_word' id='word_1_84' title='bbox 783 1276 1021 1331; x_wconf 78' lang='lat' dir='ltr'><strong>conlatis</strong></span> <span class='ocrx_word' id='word_1_85' title='bbox 1058 1293 1186 1333; x_wconf 88' lang='lat' dir='ltr'><strong>vero</strong></span> <span class='ocrx_word' id='word_1_86' title='bbox 1219 1286 1272 1333; x_wconf 89' lang='lat' dir='ltr'><strong>et</strong></span> <span class='ocrx_word' id='word_1_87' title='bbox 1306 1283 1598 1350; x_wconf 78' lang='lat' dir='ltr'><strong>sagacibus</strong></span> <span class='ocrx_word' id='word_1_88' title='bbox 1627 1283 1933 1353; x_wconf 81' lang='lat' dir='ltr'><strong>intelligen-</strong></span> 
     </span>
    </p>
   </div>
   <div class='ocr_carea' id='block_1_13' title="bbox 363 1361 1932 1444">
    <p class='ocr_par' dir='ltr' id='par_1_13' title="bbox 363 1361 1932 1444">
     <span class='ocr_line' id='line_1_13' title="bbox 363 1361 1932 1444; baseline 0.01 -29"><span class='ocrx_word' id='word_1_89' title='bbox 363 1361 492 1416; x_wconf 88' lang='lat' dir='ltr'><strong>dum</strong></span> <span class='ocrx_word' id='word_1_90' title='bbox 518 1365 882 1437; x_wconf 81' lang='lat' dir='ltr'><strong>relinquebat,</strong></span> <span class='ocrx_word' id='word_1_91' title='bbox 903 1385 962 1423; x_wconf 83' lang='lat' dir='ltr'><strong>se</strong></span> <span class='ocrx_word' id='word_1_92' title='bbox 991 1381 1211 1439; x_wconf 90' lang='lat' dir='ltr'><strong>propter</strong></span> <span class='ocrx_word' id='word_1_93' title='bbox 1237 1388 1448 1440; x_wconf 88' lang='lat' dir='ltr'><strong>omnes,</strong></span> <span class='ocrx_word' id='word_1_94' title='bbox 1474 1384 1522 1429; x_wconf 90' lang='lat' dir='ltr'><strong>et</strong></span> <span class='ocrx_word' id='word_1_95' title='bbox 1549 1391 1650 1444; x_wconf 90' lang='lat' dir='ltr'><strong>pro</strong></span> <span class='ocrx_word' id='word_1_96' title='bbox 1680 1377 1932 1432; x_wconf 90' lang='lat' dir='ltr'><strong>omnibus</strong></span> 
     </span>
    </p>
   </div>
   <div class='ocr_carea' id='block_1_14' title="bbox 361 1459 1932 1533">
    <p class='ocr_par' dir='ltr' id='par_1_14' title="bbox 361 1459 1932 1533">
     <span class='ocr_line' id='line_1_14' title="bbox 361 1459 1932 1533; baseline 0.01 -27"><span class='ocrx_word' id='word_1_97' title='bbox 361 1469 677 1524; x_wconf 85' lang='lat' dir='ltr'><strong>passurum.</strong></span> <span class='ocrx_word' id='word_1_98' title='bbox 717 1459 938 1529; x_wconf 83' lang='lat' dir='ltr'><strong>Alioqui</strong></span> <span class='ocrx_word' id='word_1_99' title='bbox 979 1462 1143 1516; x_wconf 87' lang='lat' dir='ltr'><strong>etiam</strong></span> <span class='ocrx_word' id='word_1_100' title='bbox 1176 1463 1448 1533; x_wconf 77' lang='lat' dir='ltr'><strong>quispiam</strong></span> <span class='ocrx_word' id='word_1_101' title='bbox 1503 1467 1697 1522; x_wconf 89' lang='lat' dir='ltr'><strong>merito</strong></span> <span class='ocrx_word' id='word_1_102' title='bbox 1730 1468 1932 1523; x_wconf 80' lang='lat' dir='ltr'><strong>dixerit</strong></span> 
     </span>
    </p>
   </div>
   <div class='ocr_carea' id='block_1_15' title="bbox 360 1547 1928 1629">
    <p class='ocr_par' dir='ltr' id='par_1_15' title="bbox 360 1547 1928 1629">
     <span class='ocr_line' id='line_1_15' title="bbox 360 1547 1928 1629; baseline 0.009 -31"><span class='ocrx_word' id='word_1_103' title='bbox 360 1547 742 1604; x_wconf 84' lang='lat' dir='ltr'><strong>celsitudinem</strong></span> <span class='ocrx_word' id='word_1_104' title='bbox 774 1567 898 1607; x_wconf 85' lang='lat' dir='ltr'><strong>esse</strong></span> <span class='ocrx_word' id='word_1_105' title='bbox 930 1555 997 1608; x_wconf 88' lang='lat' dir='ltr'><strong>de</strong></span> <span class='ocrx_word' id='word_1_106' title='bbox 1047 1556 1219 1624; x_wconf 76' lang='lat' dir='ltr'><strong>gloria</strong></span> <span class='ocrx_word' id='word_1_107' title='bbox 1268 1565 1322 1611; x_wconf 88' lang='lat' dir='ltr'><strong>et</strong></span> <span class='ocrx_word' id='word_1_108' title='bbox 1377 1558 1586 1613; x_wconf 85' lang='lat' dir='ltr'><strong>honore</strong></span> <span class='ocrx_word' id='word_1_109' title='bbox 1629 1569 1928 1629; x_wconf 85' lang='lat' dir='ltr'><strong>acceptam,</strong></span> 
     </span>
    </p>
   </div>
   <div class='ocr_carea' id='block_1_16' title="bbox 361 1640 1932 1716">
    <p class='ocr_par' dir='ltr' id='par_1_16' title="bbox 361 1640 1932 1716">
     <span class='ocr_line' id='line_1_16' title="bbox 361 1640 1932 1716; baseline 0.009 -27"><span class='ocrx_word' id='word_1_110' title='bbox 361 1647 593 1693; x_wconf 88' lang='lat' dir='ltr'><strong>mortem</strong></span> <span class='ocrx_word' id='word_1_111' title='bbox 627 1642 830 1696; x_wconf 87' lang='lat' dir='ltr'><strong>crucis.</strong></span> <span class='ocrx_word' id='word_1_112' title='bbox 859 1640 1091 1712; x_wconf 84' lang='lat' dir='ltr'><strong>Propter</strong></span> <span class='ocrx_word' id='word_1_113' title='bbox 1112 1645 1215 1698; x_wconf 86' lang='lat' dir='ltr'><strong>hoc</strong></span> <span class='ocrx_word' id='word_1_114' title='bbox 1242 1645 1386 1699; x_wconf 88' lang='lat' dir='ltr'><strong>enim</strong></span> <span class='ocrx_word' id='word_1_115' title='bbox 1418 1648 1758 1716; x_wconf 82' lang='lat' dir='ltr'><strong>gloriﬁcatur</strong></span> <span class='ocrx_word' id='word_1_116' title='bbox 1777 1649 1932 1703; x_wconf 85' lang='lat' dir='ltr'><strong>Chri-</strong></span> 
     </span>
    </p>
   </div>
   <div class='ocr_carea' id='block_1_17' title="bbox 360 1729 1929 1803">
    <p class='ocr_par' dir='ltr' id='par_1_17' title="bbox 360 1729 1929 1803">
     <span class='ocr_line' id='line_1_17' title="bbox 360 1729 1929 1803; baseline 0.008 -22"><span class='ocrx_word' id='word_1_117' title='bbox 360 1737 503 1794; x_wconf 85' lang='lat' dir='ltr'><strong>stus,</strong></span> <span class='ocrx_word' id='word_1_118' title='bbox 536 1729 724 1785; x_wconf 90' lang='lat' dir='ltr'><strong>multis</strong></span> <span class='ocrx_word' id='word_1_119' title='bbox 754 1731 918 1801; x_wconf 77' lang='lat'><strong>708</strong></span> <span class='ocrx_word' id='word_1_120' title='bbox 961 1732 1287 1787; x_wconf 87' lang='lat' dir='ltr'><strong>humanitati</strong></span> <span class='ocrx_word' id='word_1_121' title='bbox 1335 1751 1427 1803; x_wconf 86' lang='lat' dir='ltr'><strong>per</strong></span> <span class='ocrx_word' id='word_1_122' title='bbox 1478 1736 1530 1790; x_wconf 89' lang='lat' dir='ltr'><strong>id</strong></span> <span class='ocrx_word' id='word_1_123' title='bbox 1572 1739 1734 1793; x_wconf 90' lang='lat' dir='ltr'><strong>bonis</strong></span> <span class='ocrx_word' id='word_1_124' title='bbox 1777 1756 1929 1793; x_wconf 89' lang='lat' dir='ltr'><strong>com-</strong></span> 
     </span>
    </p>
   </div>
   <div class='ocr_carea' id='block_1_18' title="bbox 2047 543 3617 617">
    <p class='ocr_par' dir='ltr' id='par_1_18' title="bbox 2047 543 3617 617">
     <span class='ocr_line' id='line_1_18' title="bbox 2047 543 3617 617; baseline -0.002 -18"><span class='ocrx_word' id='word_1_125' title='bbox 2047 548 2205 617; x_wconf 83' lang='grc' dir='ltr'>μόνον</span> <span class='ocrx_word' id='word_1_126' title='bbox 2241 545 2549 608; x_wconf 80' lang='grc' dir='ltr'><strong>Ἰουδαίους,</strong></span> <span class='ocrx_word' id='word_1_127' title='bbox 2585 543 2720 597; x_wconf 82' lang='grc' dir='ltr'><strong>ἀλλά</strong></span> <span class='ocrx_word' id='word_1_128' title='bbox 2749 544 2840 596; x_wconf 80' lang='grc' dir='ltr'><strong>καὶ</strong></span> <span class='ocrx_word' id='word_1_129' title='bbox 2872 543 3081 606; x_wconf 79' lang='grc' dir='ltr'>πάντας</span> <span class='ocrx_word' id='word_1_130' title='bbox 3116 543 3436 614; x_wconf 83' lang='grc' dir='ltr'><strong>ἀνθρώπους</strong></span> <span class='ocrx_word' id='word_1_131' title='bbox 3480 544 3617 614; x_wconf 84' lang='grc' dir='ltr'>πρὸς</span> 
     </span>
    </p>
   </div>
   <div class='ocr_carea' id='block_1_19' title="bbox 2044 633 3614 706">
    <p class='ocr_par' dir='ltr' id='par_1_19' title="bbox 2044 633 3614 706">
     <span class='ocr_line' id='line_1_19' title="bbox 2044 633 3614 706; baseline -0.003 -18"><span class='ocrx_word' id='word_1_132' title='bbox 2044 636 2318 706; x_wconf 82' lang='grc' dir='ltr'><strong>σωτηρίαν</strong></span> <span class='ocrx_word' id='word_1_133' title='bbox 2350 635 2529 687; x_wconf 81' lang='grc' dir='ltr'>καλῶν</span> <span class='ocrx_word' id='word_1_134' title='bbox 2561 633 2646 686; x_wconf 85' lang='grc' dir='ltr'>διὰ</span> <span class='ocrx_word' id='word_1_135' title='bbox 2671 633 2769 702; x_wconf 78' lang='grc' dir='ltr'>τῆς</span> <span class='ocrx_word' id='word_1_136' title='bbox 2807 634 2887 696; x_wconf 87' lang='grc' dir='ltr'><strong>εἰς</strong></span> <span class='ocrx_word' id='word_1_137' title='bbox 2913 633 3076 686; x_wconf 83' lang='grc' dir='ltr'>αὐτὸν</span> <span class='ocrx_word' id='word_1_138' title='bbox 3109 633 3362 696; x_wconf 83' lang='grc' dir='ltr'>πίστεως.</span> <span class='ocrx_word' id='word_1_139' title='bbox 3399 633 3614 702; x_wconf 84' lang='grc' dir='ltr'>Μερικὴ</span> 
     </span>
    </p>
   </div>
   <div class='ocr_carea' id='block_1_20' title="bbox 2040 722 3616 796">
    <p class='ocr_par' dir='ltr' id='par_1_20' title="bbox 2040 722 3616 796">
     <span class='ocr_line' id='line_1_20' title="bbox 2040 722 3616 796; baseline -0.001 -19"><span class='ocrx_word' id='word_1_140' title='bbox 2040 726 2150 796; x_wconf 78' lang='grc' dir='ltr'>γὰρ</span> <span class='ocrx_word' id='word_1_141' title='bbox 2176 729 2208 795; x_wconf 82' lang='grc' dir='ltr'><strong>ἡ</strong></span> <span class='ocrx_word' id='word_1_142' title='bbox 2237 725 2323 778; x_wconf 81' lang='grc' dir='ltr'><strong>διά</strong></span> <span class='ocrx_word' id='word_1_143' title='bbox 2357 725 2451 776; x_wconf 83' lang='grc' dir='ltr'>τοῦ</span> <span class='ocrx_word' id='word_1_144' title='bbox 2499 723 2664 793; x_wconf 84' lang='grc' dir='ltr'>νόμου</span> <span class='ocrx_word' id='word_1_145' title='bbox 2713 722 2922 792; x_wconf 79' lang='grc' dir='ltr'><strong>κλῆσις,</strong></span> <span class='ocrx_word' id='word_1_146' title='bbox 2962 723 3153 793; x_wconf 80' lang='grc' dir='ltr'><strong>γενικὴ</strong></span> <span class='ocrx_word' id='word_1_147' title='bbox 3195 723 3252 775; x_wconf 83' lang='grc' dir='ltr'>δὲ</span> <span class='ocrx_word' id='word_1_148' title='bbox 3285 725 3316 793; x_wconf 81' lang='grc' dir='ltr'>ἡ</span> <span class='ocrx_word' id='word_1_149' title='bbox 3354 722 3441 776; x_wconf 85' lang='grc' dir='ltr'><strong>διὰ</strong></span> <span class='ocrx_word' id='word_1_150' title='bbox 3482 723 3616 792; x_wconf 85' lang='grc' dir='ltr'>Χρι-</span> 
     </span>
    </p>
   </div>
   <div class='ocr_carea' id='block_1_21' title="bbox 2040 811 3612 888">
    <p class='ocr_par' dir='ltr' id='par_1_21' title="bbox 2040 811 3612 888">
     <span class='ocr_line' id='line_1_21' title="bbox 2040 811 3612 888; baseline -0.001 -18"><span class='ocrx_word' id='word_1_151' title='bbox 2040 819 2200 871; x_wconf 83' lang='grc' dir='ltr'>στοῦ·</span> <span class='ocrx_word' id='word_1_152' title='bbox 2251 818 2413 888; x_wconf 86' lang='grc' dir='ltr'>μόνος</span> <span class='ocrx_word' id='word_1_153' title='bbox 2463 817 2570 887; x_wconf 88' lang='grc' dir='ltr'><strong>γάρ</strong></span> <span class='ocrx_word' id='word_1_154' title='bbox 2600 819 2629 869; x_wconf 97' lang='lat'><strong>6</strong></span> <span class='ocrx_word' id='word_1_155' title='bbox 2683 817 2915 887; x_wconf 80' lang='grc' dir='ltr'>Χριστὸς</span> <span class='ocrx_word' id='word_1_156' title='bbox 2967 816 3191 880; x_wconf 75' lang='grc' dir='ltr'>δυνατὸς</span> <span class='ocrx_word' id='word_1_157' title='bbox 3236 811 3304 886; x_wconf 80' lang='grc' dir='ltr'>ἦν</span> <span class='ocrx_word' id='word_1_158' title='bbox 3361 814 3436 879; x_wconf 79' lang='grc' dir='ltr'><strong>ὡς</strong></span> <span class='ocrx_word' id='word_1_159' title='bbox 3479 814 3612 879; x_wconf 83' lang='grc' dir='ltr'><strong>Θεὸς</strong></span> 
     </span>
    </p>
   </div>
   <div class='ocr_carea' id='block_1_22' title="bbox 2039 906 3611 979">
    <p class='ocr_par' dir='ltr' id='par_1_22' title="bbox 2039 906 3611 979">
     <span class='ocr_line' id='line_1_22' title="bbox 2039 906 3611 979; baseline 0 -19"><span class='ocrx_word' id='word_1_160' title='bbox 2039 909 2216 962; x_wconf 81' lang='grc' dir='ltr'>πάντα</span> <span class='ocrx_word' id='word_1_161' title='bbox 2268 911 2398 979; x_wconf 85' lang='grc' dir='ltr'>ἡμῖν</span> <span class='ocrx_word' id='word_1_162' title='bbox 2453 908 2786 978; x_wconf 81' lang='grc' dir='ltr'>προξενῆσαι</span> <span class='ocrx_word' id='word_1_163' title='bbox 2841 909 2910 964; x_wconf 76' lang='grc' dir='ltr'>τὰ</span> <span class='ocrx_word' id='word_1_164' title='bbox 2978 907 3182 975; x_wconf 83' lang='grc' dir='ltr'>ἀγαθά.</span> <span class='ocrx_word' id='word_1_165' title='bbox 3233 909 3507 978; x_wconf 72' lang='grc' dir='ltr'><strong>Εὐφήμως</strong></span> <span class='ocrx_word' id='word_1_166' title='bbox 3552 906 3611 961; x_wconf 73' lang='grc' dir='ltr'>δὲ</span> 
     </span>
    </p>
   </div>
   <div class='ocr_carea' id='block_1_23' title="bbox 2038 997 3606 1068">
    <p class='ocr_par' dir='ltr' id='par_1_23' title="bbox 2038 997 3606 1068">
     <span class='ocr_line' id='line_1_23' title="bbox 2038 997 3606 1068; baseline -0.001 -17"><span class='ocrx_word' id='word_1_167' title='bbox 2038 999 2176 1062; x_wconf 83' lang='grc' dir='ltr'>λίαν,</span> <span class='ocrx_word' id='word_1_168' title='bbox 2221 999 2344 1053; x_wconf 67' lang='grc' dir='ltr'>ἀντὶ</span> <span class='ocrx_word' id='word_1_169' title='bbox 2374 997 2470 1051; x_wconf 76' lang='grc' dir='ltr'>τοῦ</span> <span class='ocrx_word' id='word_1_170' title='bbox 2525 997 2943 1066; x_wconf 75' lang='grc' dir='ltr'><strong>σταυρωθῆναι</strong></span> <span class='ocrx_word' id='word_1_171' title='bbox 2981 998 3042 1051; x_wconf 82' lang='grc' dir='ltr'>τὸ</span> <span class='ocrx_word' id='word_1_172' title='bbox 3085 997 3402 1068; x_wconf 72' lang='grc' dir='ltr'><strong>ὑψωθῆναι</strong></span> <span class='ocrx_word' id='word_1_173' title='bbox 3453 1014 3606 1066; x_wconf 78' lang='grc' dir='ltr'>φησι.</span> 
     </span>
    </p>
   </div>
   <div class='ocr_carea' id='block_1_24' title="bbox 2039 1087 3611 1162">
    <p class='ocr_par' dir='ltr' id='par_1_24' title="bbox 2039 1087 3611 1162">
     <span class='ocr_line' id='line_1_24' title="bbox 2039 1087 3611 1162; baseline -0.001 -21"><span class='ocrx_word' id='word_1_174' title='bbox 2039 1089 2162 1152; x_wconf 85' lang='grc' dir='ltr'>Τοῖς</span> <span class='ocrx_word' id='word_1_175' title='bbox 2195 1089 2294 1160; x_wconf 73' lang='grc' dir='ltr'><strong>μὲν</strong></span> <span class='ocrx_word' id='word_1_176' title='bbox 2319 1088 2426 1162; x_wconf 80' lang='grc' dir='ltr'>γὰρ</span> <span class='ocrx_word' id='word_1_177' title='bbox 2463 1087 2700 1156; x_wconf 72' lang='grc' dir='ltr'>φονῶσιν</span> <span class='ocrx_word' id='word_1_178' title='bbox 2744 1088 3066 1159; x_wconf 78' lang='grc' dir='ltr'>ἀσυμφανὲς</span> <span class='ocrx_word' id='word_1_179' title='bbox 3103 1090 3288 1159; x_wconf 80' lang='grc' dir='ltr'><strong>ἐτήρει</strong></span> <span class='ocrx_word' id='word_1_180' title='bbox 3313 1087 3372 1142; x_wconf 77' lang='grc' dir='ltr'>τὸ</span> <span class='ocrx_word' id='word_1_181' title='bbox 3403 1088 3611 1158; x_wconf 77' lang='grc' dir='ltr'>μυστή-</span> 
     </span>
    </p>
   </div>
   <div class='ocr_carea' id='block_1_25' title="bbox 2040 1177 3609 1251">
    <p class='ocr_par' dir='ltr' id='par_1_25' title="bbox 2040 1177 3609 1251">
     <span class='ocr_line' id='line_1_25' title="bbox 2040 1177 3609 1251; baseline 0 -21"><span class='ocrx_word' id='word_1_182' title='bbox 2040 1197 2151 1248; x_wconf 88' lang='grc' dir='ltr'>ριον</span> <span class='ocrx_word' id='word_1_183' title='bbox 2173 1199 2184 1209; x_wconf 91' lang='grc'>·</span> <span class='ocrx_word' id='word_1_184' title='bbox 2208 1182 2268 1232; x_wconf 80' lang='grc' dir='ltr'>οὐ</span> <span class='ocrx_word' id='word_1_185' title='bbox 2295 1180 2404 1251; x_wconf 81' lang='grc' dir='ltr'>γὰρ</span> <span class='ocrx_word' id='word_1_186' title='bbox 2428 1177 2570 1250; x_wconf 78' lang='grc' dir='ltr'>ἦσαν</span> <span class='ocrx_word' id='word_1_187' title='bbox 2601 1179 2736 1244; x_wconf 81' lang='grc' dir='ltr'>ἄξιοι</span> <span class='ocrx_word' id='word_1_188' title='bbox 2768 1180 2960 1250; x_wconf 78' lang='grc' dir='ltr'>μαθεῖν</span> <span class='ocrx_word' id='word_1_189' title='bbox 2977 1198 2988 1210; x_wconf 88' lang='grc'><strong>·</strong></span> <span class='ocrx_word' id='word_1_190' title='bbox 3019 1183 3132 1242; x_wconf 83' lang='grc' dir='ltr'>τοῖς</span> <span class='ocrx_word' id='word_1_191' title='bbox 3153 1197 3214 1248; x_wconf 86' lang='grc' dir='ltr'><strong>γε</strong></span> <span class='ocrx_word' id='word_1_192' title='bbox 3241 1180 3348 1250; x_wconf 75' lang='grc' dir='ltr'>μὴν</span> <span class='ocrx_word' id='word_1_193' title='bbox 3365 1195 3609 1249; x_wconf 79' lang='grc' dir='ltr'>νουνεχε-</span> 
     </span>
    </p>
   </div>
   <div class='ocr_carea' id='block_1_26' title="bbox 2038 1270 3608 1342">
    <p class='ocr_par' dir='ltr' id='par_1_26' title="bbox 2038 1270 3608 1342">
     <span class='ocr_line' id='line_1_26' title="bbox 2038 1270 3608 1342; baseline 0.002 -19"><span class='ocrx_word' id='word_1_194' title='bbox 2038 1273 2246 1342; x_wconf 82' lang='grc' dir='ltr'>στέροις</span> <span class='ocrx_word' id='word_1_195' title='bbox 2277 1272 2448 1340; x_wconf 74' lang='grc' dir='ltr'>ἐφῆκε</span> <span class='ocrx_word' id='word_1_196' title='bbox 2476 1273 2617 1324; x_wconf 86' lang='grc' dir='ltr'>νοεῖν</span> <span class='ocrx_word' id='word_1_197' title='bbox 2641 1273 2722 1325; x_wconf 83' lang='grc' dir='ltr'>ὅτι</span> <span class='ocrx_word' id='word_1_198' title='bbox 2751 1272 2838 1324; x_wconf 79' lang='grc' dir='ltr'>διὰ</span> <span class='ocrx_word' id='word_1_199' title='bbox 2871 1273 3080 1334; x_wconf 83' lang='grc' dir='ltr'>πάντας</span> <span class='ocrx_word' id='word_1_200' title='bbox 3109 1271 3202 1324; x_wconf 66' lang='grc' dir='ltr'><strong>καλ⁸</strong></span> <span class='ocrx_word' id='word_1_201' title='bbox 3229 1272 3368 1342; x_wconf 78' lang='grc' dir='ltr'>ὑπὲρ</span> <span class='ocrx_word' id='word_1_202' title='bbox 3391 1270 3608 1326; x_wconf 80' lang='grc' dir='ltr'>πάντων</span> 
     </span>
    </p>
   </div>
   <div class='ocr_carea' id='block_1_27' title="bbox 2038 1357 3606 1432">
    <p class='ocr_par' dir='ltr' id='par_1_27' title="bbox 2038 1357 3606 1432">
     <span class='ocr_line' id='line_1_27' title="bbox 2038 1357 3606 1432; baseline 0.001 -19"><span class='ocrx_word' id='word_1_203' title='bbox 2038 1359 2304 1414; x_wconf 75' lang='grc' dir='ltr'>πείσεται.</span> <span class='ocrx_word' id='word_1_204' title='bbox 2337 1360 2475 1416; x_wconf 78' lang='grc' dir='ltr'>Ἀλλ’</span> <span class='ocrx_word' id='word_1_205' title='bbox 2515 1359 2654 1414; x_wconf 85' lang='grc' dir='ltr'>ὥστε</span> <span class='ocrx_word' id='word_1_206' title='bbox 2683 1361 2816 1432; x_wconf 78' lang='grc' dir='ltr'>φαίη</span> <span class='ocrx_word' id='word_1_207' title='bbox 2848 1379 2929 1424; x_wconf 86' lang='grc' dir='ltr'><strong>τις</strong></span> <span class='ocrx_word' id='word_1_208' title='bbox 2963 1362 3048 1422; x_wconf 88' lang='grc' dir='ltr'><strong>ἀν,</strong></span> <span class='ocrx_word' id='word_1_209' title='bbox 3079 1357 3254 1431; x_wconf 77' lang='grc' dir='ltr'>οἶμαι,</span> <span class='ocrx_word' id='word_1_210' title='bbox 3275 1363 3367 1414; x_wconf 77' lang='grc' dir='ltr'>καὶ</span> <span class='ocrx_word' id='word_1_211' title='bbox 3398 1361 3606 1431; x_wconf 73' lang='grc' dir='ltr'>σφόδρα</span> 
     </span>
    </p>
   </div>
   <div class='ocr_carea' id='block_1_28' title="bbox 2033 1448 3595 1524">
    <p class='ocr_par' dir='ltr' id='par_1_28' title="bbox 2033 1448 3595 1524">
     <span class='ocr_line' id='line_1_28' title="bbox 2033 1448 3595 1524; baseline 0.001 -20"><span class='ocrx_word' id='word_1_212' title='bbox 2033 1452 2231 1516; x_wconf 82' lang='grc' dir='ltr'>καλῶς,</span> <span class='ocrx_word' id='word_1_213' title='bbox 2266 1452 2397 1522; x_wconf 71' lang='grc' dir='ltr'>ὕψος</span> <span class='ocrx_word' id='word_1_214' title='bbox 2430 1448 2650 1506; x_wconf 80' lang='grc' dir='ltr'>εἶναιτὸ</span> <span class='ocrx_word' id='word_1_215' title='bbox 2678 1454 2769 1506; x_wconf 70' lang='grc' dir='ltr'>ἐπὶ</span> <span class='ocrx_word' id='word_1_216' title='bbox 2801 1453 3021 1524; x_wconf 70' lang='grc' dir='ltr'>εὐκλείᾳ</span> <span class='ocrx_word' id='word_1_217' title='bbox 3061 1454 3153 1506; x_wconf 77' lang='grc' dir='ltr'><strong>καὶ</strong></span> <span class='ocrx_word' id='word_1_218' title='bbox 3193 1453 3319 1524; x_wconf 78' lang='grc' dir='ltr'>δόξῃ</span> <span class='ocrx_word' id='word_1_219' title='bbox 3369 1453 3595 1523; x_wconf 79' lang='grc' dir='ltr'>νοούμε-</span> 
     </span>
    </p>
   </div>
   <div class='ocr_carea' id='block_1_29' title="bbox 2033 1543 3607 1614">
    <p class='ocr_par' dir='ltr' id='par_1_29' title="bbox 2033 1543 3607 1614">
     <span class='ocr_line' id='line_1_29' title="bbox 2033 1543 3607 1614; baseline 0 -18"><span class='ocrx_word' id='word_1_220' title='bbox 2033 1561 2144 1610; x_wconf 80' lang='grc' dir='ltr'>νον,</span> <span class='ocrx_word' id='word_1_221' title='bbox 2168 1546 2258 1596; x_wconf 75' lang='grc' dir='ltr'><strong>τὸν</strong></span> <span class='ocrx_word' id='word_1_222' title='bbox 2296 1545 2390 1596; x_wconf 76' lang='grc' dir='ltr'><strong>ἐπὶ</strong></span> <span class='ocrx_word' id='word_1_223' title='bbox 2426 1543 2502 1613; x_wconf 79' lang='grc' dir='ltr'><strong>τῷ</strong></span> <span class='ocrx_word' id='word_1_224' title='bbox 2528 1545 2748 1614; x_wconf 86' lang='grc' dir='ltr'><strong>σταυρῷ</strong></span> <span class='ocrx_word' id='word_1_225' title='bbox 2782 1545 3030 1599; x_wconf 79' lang='grc' dir='ltr'>θάνατον.</span> <span class='ocrx_word' id='word_1_226' title='bbox 3055 1544 3344 1610; x_wconf 80' lang='grc' dir='ltr'>Δοξάζεται</span> <span class='ocrx_word' id='word_1_227' title='bbox 3373 1546 3481 1613; x_wconf 79' lang='grc' dir='ltr'>γὰρ</span> <span class='ocrx_word' id='word_1_228' title='bbox 3514 1546 3607 1598; x_wconf 75' lang='grc' dir='ltr'><strong>καὶ</strong></span> 
     </span>
    </p>
   </div>
   <div class='ocr_carea' id='block_1_30' title="bbox 2031 1635 3605 1707">
    <p class='ocr_par' dir='ltr' id='par_1_30' title="bbox 2031 1635 3605 1707">
     <span class='ocr_line' id='line_1_30' title="bbox 2031 1635 3605 1707; baseline -0.001 -19"><span class='ocrx_word' id='word_1_229' title='bbox 2031 1635 2118 1688; x_wconf 74' lang='grc' dir='ltr'><strong>διὰ</strong></span> <span class='ocrx_word' id='word_1_230' title='bbox 2145 1635 2300 1688; x_wconf 80' lang='grc' dir='ltr'>τοῦτο</span> <span class='ocrx_word' id='word_1_231' title='bbox 2322 1638 2365 1688; x_wconf 87' lang='grc' dir='ltr'>Χ</span> <span class='ocrx_word' id='word_1_232' title='bbox 2375 1636 2579 1706; x_wconf 77' lang='grc' dir='ltr'>ριστδς,</span> <span class='ocrx_word' id='word_1_233' title='bbox 2617 1637 2787 1692; x_wconf 75' lang='grc' dir='ltr'>πολλὰ</span> <span class='ocrx_word' id='word_1_234' title='bbox 2811 1639 2874 1707; x_wconf 85' lang='grc' dir='ltr'>τῇ</span> <span class='ocrx_word' id='word_1_235' title='bbox 2913 1635 3288 1706; x_wconf 81' lang='grc' dir='ltr'>ἀνθρωπότητι</span> <span class='ocrx_word' id='word_1_236' title='bbox 3307 1635 3395 1689; x_wconf 72' lang='grc' dir='ltr'>διὰ</span> <span class='ocrx_word' id='word_1_237' title='bbox 3415 1635 3605 1689; x_wconf 78' lang='grc' dir='ltr'>τούτου</span> 
     </span>
    </p>
   </div>
   <div class='ocr_carea' id='block_1_31' title="bbox 2033 1725 3601 1798">
    <p class='ocr_par' dir='ltr' id='par_1_31' title="bbox 2033 1725 3601 1798">
     <span class='ocr_line' id='line_1_31' title="bbox 2033 1725 3601 1798; baseline 0.001 -20"><span class='ocrx_word' id='word_1_238' title='bbox 2033 1726 2370 1798; x_wconf 79' lang='grc' dir='ltr'>προξενήσας</span> <span class='ocrx_word' id='word_1_239' title='bbox 2401 1728 2470 1781; x_wconf 79' lang='grc' dir='ltr'>τὰ</span> <span class='ocrx_word' id='word_1_240' title='bbox 2521 1729 2720 1797; x_wconf 86' lang='grc' dir='ltr'>ἀγαθά,</span> <span class='ocrx_word' id='word_1_241' title='bbox 2770 1729 2835 1780; x_wconf 88' lang='grc' dir='ltr'>δι’</span> <span class='ocrx_word' id='word_1_242' title='bbox 2879 1725 2954 1780; x_wconf 79' lang='grc' dir='ltr'>ὧν</span> <span class='ocrx_word' id='word_1_243' title='bbox 3006 1727 3152 1779; x_wconf 83' lang='grc' dir='ltr'>ἓλκει</span> <span class='ocrx_word' id='word_1_244' title='bbox 3199 1726 3334 1797; x_wconf 82' lang='grc' dir='ltr'>πρὸς</span> <span class='ocrx_word' id='word_1_245' title='bbox 3385 1728 3601 1780; x_wconf 76' lang='grc' dir='ltr'>ἑαυτόν·</span> 
     </span>
    </p>
   </div>
   <div class='ocr_carea' id='block_1_32' title="bbox 358 1812 1919 1898">
    <p class='ocr_par' dir='ltr' id='par_1_32' title="bbox 358 1818 1919 1898">
     <span class='ocr_line' id='line_1_32' title="bbox 358 1818 1919 1898; baseline 0.011 -30"><span class='ocrx_word' id='word_1_246' title='bbox 358 1818 585 1886; x_wconf 86' lang='lat' dir='ltr'><strong>paratis,</strong></span> <span class='ocrx_word' id='word_1_247' title='bbox 605 1835 701 1888; x_wconf 89' lang='lat' dir='ltr'><strong>per</strong></span> <span class='ocrx_word' id='word_1_248' title='bbox 717 1837 838 1888; x_wconf 73' lang='lat' dir='ltr'><strong>quae</strong></span> <span class='ocrx_word' id='word_1_249' title='bbox 866 1823 931 1875; x_wconf 87' lang='lat' dir='ltr'><strong>ad</strong></span> <span class='ocrx_word' id='word_1_250' title='bbox 961 1822 1039 1876; x_wconf 90' lang='lat' dir='ltr'><strong>sei</strong></span> <span class='ocrx_word' id='word_1_251' title='bbox 1050 1839 1204 1892; x_wconf 89' lang='lat' dir='ltr'><strong>psum</strong></span> <span class='ocrx_word' id='word_1_252' title='bbox 1231 1826 1420 1888; x_wconf 85' lang='lat' dir='ltr'><strong>trahit,</strong></span> <span class='ocrx_word' id='word_1_253' title='bbox 1443 1835 1497 1882; x_wconf 90' lang='lat' dir='ltr'><strong>et</strong></span> <span class='ocrx_word' id='word_1_254' title='bbox 1530 1844 1639 1882; x_wconf 90' lang='lat' dir='ltr'><strong>non</strong></span> <span class='ocrx_word' id='word_1_255' title='bbox 1667 1831 1919 1898; x_wconf 59' lang='lat' dir='ltr'><strong>quemad.</strong></span> 
     </span>
    </p>
   </div>
   <div class='ocr_carea' id='block_1_33' title="bbox 2029 1812 3604 1898">
    <p class='ocr_par' dir='ltr' id='par_1_33' title="bbox 2031 1817 3604 1889">
     <span class='ocr_line' id='line_1_33' title="bbox 2031 1817 3604 1889; baseline -0.001 -21"><span class='ocrx_word' id='word_1_256' title='bbox 2031 1817 2124 1869; x_wconf 75' lang='grc' dir='ltr'><strong>καὶ</strong></span> <span class='ocrx_word' id='word_1_257' title='bbox 2149 1818 2208 1868; x_wconf 86' lang='grc' dir='ltr'>οὐ</span> <span class='ocrx_word' id='word_1_258' title='bbox 2262 1817 2516 1889; x_wconf 84' lang='grc' dir='ltr'>καθάπερ</span> <span class='ocrx_word' id='word_1_259' title='bbox 2559 1820 2608 1870; x_wconf 88' lang='grc' dir='ltr'><strong>οἰ</strong></span> <span class='ocrx_word' id='word_1_260' title='bbox 2653 1819 2928 1889; x_wconf 71' lang='grc' dir='ltr'>μαθηταὶ,</span> <span class='ocrx_word' id='word_1_261' title='bbox 2970 1817 3138 1888; x_wconf 76' lang='grc' dir='ltr'>ἑτέρῳ</span> <span class='ocrx_word' id='word_1_262' title='bbox 3179 1817 3462 1889; x_wconf 73' lang='grc' dir='ltr'><strong>προσάγει.</strong></span> <span class='ocrx_word' id='word_1_263' title='bbox 3487 1817 3604 1870; x_wconf 84' lang='grc' dir='ltr'>Δεί-</span> 
     </span>
    </p>
   </div>
   <div class='ocr_carea' id='block_1_34' title="bbox 358 1908 1926 1993">
    <p class='ocr_par' dir='ltr' id='par_1_34' title="bbox 358 1908 1926 1993">
     <span class='ocr_line' id='line_1_34' title="bbox 358 1908 1926 1993; baseline 0.012 -33"><span class='ocrx_word' id='word_1_264' title='bbox 358 1908 576 1963; x_wconf 88' lang='lat' dir='ltr'><strong>modum</strong></span> <span class='ocrx_word' id='word_1_265' title='bbox 621 1911 903 1982; x_wconf 86' lang='lat' dir='ltr'><strong>discipuli,</strong></span> <span class='ocrx_word' id='word_1_266' title='bbox 945 1915 1012 1967; x_wconf 87' lang='lat' dir='ltr'><strong>ad</strong></span> <span class='ocrx_word' id='word_1_267' title='bbox 1064 1917 1233 1971; x_wconf 89' lang='lat' dir='ltr'><strong>alium</strong></span> <span class='ocrx_word' id='word_1_268' title='bbox 1281 1919 1454 1975; x_wconf 89' lang='lat' dir='ltr'><strong>ducit.</strong></span> <span class='ocrx_word' id='word_1_269' title='bbox 1494 1920 1635 1991; x_wconf 81' lang='lat' dir='ltr'><strong>Ergo</strong></span> <span class='ocrx_word' id='word_1_270' title='bbox 1683 1924 1926 1993; x_wconf 86' lang='lat' dir='ltr'><strong>seipsum</strong></span> 
     </span>
    </p>
   </div>
   <div class='ocr_carea' id='block_1_35' title="bbox 357 2008 1924 2077">
    <p class='ocr_par' dir='ltr' id='par_1_35' title="bbox 357 2008 1924 2077">
     <span class='ocr_line' id='line_1_35' title="bbox 357 2008 1924 2077; baseline 0.013 -27"><span class='ocrx_word' id='word_1_271' title='bbox 357 2015 502 2054; x_wconf 85' lang='lat' dir='ltr'><strong>nunc</strong></span> <span class='ocrx_word' id='word_1_272' title='bbox 551 2017 676 2057; x_wconf 89' lang='lat' dir='ltr'><strong>vere</strong></span> <span class='ocrx_word' id='word_1_273' title='bbox 727 2013 922 2059; x_wconf 87' lang='lat' dir='ltr'><strong>natura</strong></span> <span class='ocrx_word' id='word_1_274' title='bbox 973 2022 1096 2062; x_wconf 91' lang='lat' dir='ltr'><strong>esse</strong></span> <span class='ocrx_word' id='word_1_275' title='bbox 1130 2008 1296 2063; x_wconf 88' lang='lat' dir='ltr'><strong>Deum</strong></span> <span class='ocrx_word' id='word_1_276' title='bbox 1333 2014 1596 2077; x_wconf 85' lang='lat' dir='ltr'><strong>ostendit,</strong></span> <span class='ocrx_word' id='word_1_277' title='bbox 1629 2032 1697 2069; x_wconf 89' lang='lat' dir='ltr'><strong>ne</strong></span> <span class='ocrx_word' id='word_1_278' title='bbox 1742 2025 1924 2072; x_wconf 86' lang='lat' dir='ltr'><strong>tamen</strong></span> 
     </span>
    </p>
   </div>
   <div class='ocr_carea' id='block_1_36' title="bbox 357 2089 1925 2177">
    <p class='ocr_par' dir='ltr' id='par_1_36' title="bbox 357 2089 1925 2177">
     <span class='ocr_line' id='line_1_36' title="bbox 357 2089 1925 2177; baseline 0.015 -37"><span class='ocrx_word' id='word_1_279' title='bbox 357 2089 571 2146; x_wconf 82' lang='lat' dir='ltr'><strong>Patrem</strong></span> <span class='ocrx_word' id='word_1_280' title='bbox 603 2095 868 2149; x_wconf 83' lang='lat' dir='ltr'><strong>excludit.</strong></span> <span class='ocrx_word' id='word_1_281' title='bbox 897 2097 1029 2150; x_wconf 81' lang='lat' dir='ltr'><strong>Nam</strong></span> <span class='ocrx_word' id='word_1_282' title='bbox 1057 2114 1153 2166; x_wconf 88' lang='lat' dir='ltr'><strong>per</strong></span> <span class='ocrx_word' id='word_1_283' title='bbox 1189 2097 1384 2156; x_wconf 76' lang='lat' dir='ltr'><strong>Filium</strong></span> <span class='ocrx_word' id='word_1_284' title='bbox 1421 2104 1488 2156; x_wconf 88' lang='lat' dir='ltr'><strong>ad</strong></span> <span class='ocrx_word' id='word_1_285' title='bbox 1521 2103 1701 2161; x_wconf 87' lang='lat' dir='ltr'><strong>Patris</strong></span> <span class='ocrx_word' id='word_1_286' title='bbox 1731 2110 1925 2177; x_wconf 79' lang='lat' dir='ltr'><strong>cogni-</strong></span> 
     </span>
    </p>
   </div>
   <div class='ocr_carea' id='block_1_37' title="bbox 352 2183 1006 2253">
    <p class='ocr_par' dir='ltr' id='par_1_37' title="bbox 352 2183 1006 2253">
     <span class='ocr_line' id='line_1_37' title="bbox 352 2183 1006 2253; baseline 0.015 -19"><span class='ocrx_word' id='word_1_287' title='bbox 352 2183 554 2239; x_wconf 88' lang='lat' dir='ltr'><strong>tionem</strong></span> <span class='ocrx_word' id='word_1_288' title='bbox 586 2186 711 2253; x_wconf 89' lang='lat' dir='ltr'><strong>quis</strong></span> <span class='ocrx_word' id='word_1_289' title='bbox 748 2189 1006 2244; x_wconf 86' lang='lat' dir='ltr'><strong>trahitur.</strong></span> 
     </span>
    </p>
   </div>
   <div class='ocr_carea' id='block_1_38' title="bbox 421 2272 1926 2360">
    <p class='ocr_par' dir='ltr' id='par_1_38' title="bbox 421 2272 1926 2360">
     <span class='ocr_line' id='line_1_38' title="bbox 421 2272 1926 2360; baseline 0.014 -34"><span class='ocrx_word' id='word_1_290' title='bbox 421 2272 535 2339; x_wconf 78' lang='lat' dir='ltr'><strong>XII,</strong></span> <span class='ocrx_word' id='word_1_291' title='bbox 566 2275 654 2330; x_wconf 69' lang='lat'><strong>&#39;53.</strong></span> <span class='ocrx_word' id='word_1_292' title='bbox 691 2277 804 2332; x_wconf 75' lang='lat' dir='ltr'><strong>Hoc</strong></span> <span class='ocrx_word' id='word_1_293' title='bbox 859 2299 976 2338; x_wconf 83' lang='lat' dir='ltr'><strong>vero</strong></span> <span class='ocrx_word' id='word_1_294' title='bbox 1015 2285 1243 2352; x_wconf 81' lang='lat' dir='ltr'><strong>diccbat,</strong></span> <span class='ocrx_word' id='word_1_295' title='bbox 1277 2287 1584 2357; x_wconf 78' lang='lat' dir='ltr'><strong>signiﬁcans</strong></span> <span class='ocrx_word' id='word_1_296' title='bbox 1614 2307 1719 2360; x_wconf 79' lang='lat' dir='ltr'><strong>qua</strong></span> <span class='ocrx_word' id='word_1_297' title='bbox 1754 2306 1926 2348; x_wconf 85' lang='lat' dir='ltr'><strong>morte</strong></span> 
     </span>
    </p>
   </div>
   <div class='ocr_carea' id='block_1_39' title="bbox 349 2370 826 2424">
    <p class='ocr_par' dir='ltr' id='par_1_39' title="bbox 349 2370 826 2424">
     <span class='ocr_line' id='line_1_39' title="bbox 349 2370 826 2424; baseline 0.015 -7"><span class='ocrx_word' id='word_1_298' title='bbox 349 2374 484 2418; x_wconf 75' lang='lat' dir='ltr'><strong>esset</strong></span> <span class='ocrx_word' id='word_1_299' title='bbox 511 2370 826 2424; x_wconf 78' lang='lat' dir='ltr'><strong>moriturus.</strong></span> 
     </span>
    </p>
   </div>
   <div class='ocr_carea' id='block_1_40' title="bbox 423 2454 1922 2542">
    <p class='ocr_par' dir='ltr' id='par_1_40' title="bbox 423 2454 1922 2542">
     <span class='ocr_line' id='line_1_40' title="bbox 423 2454 1922 2542; baseline 0.014 -35"><span class='ocrx_word' id='word_1_300' title='bbox 423 2454 666 2512; x_wconf 71' lang='lat' dir='ltr'><strong>Pcrhrcc</strong></span> <span class='ocrx_word' id='word_1_301' title='bbox 711 2462 956 2516; x_wconf 82' lang='lat' dir='ltr'><strong>ostendit</strong></span> <span class='ocrx_word' id='word_1_302' title='bbox 995 2467 1327 2538; x_wconf 74' lang='lat' dir='ltr'><strong>evangelista</strong></span> <span class='ocrx_word' id='word_1_303' title='bbox 1374 2468 1662 2526; x_wconf 88' lang='lat' dir='ltr'><strong>Dominum</strong></span> <span class='ocrx_word' id='word_1_304' title='bbox 1696 2489 1922 2542; x_wconf 86' lang='lat' dir='ltr'><strong>passum</strong></span> 
     </span>
    </p>
   </div>
   <div class='ocr_carea' id='block_1_41' title="bbox 349 2553 1924 2634">
    <p class='ocr_par' dir='ltr' id='par_1_41' title="bbox 349 2553 1924 2634">
     <span class='ocr_line' id='line_1_41' title="bbox 349 2553 1924 2634; baseline 0.013 -35"><span class='ocrx_word' id='word_1_305' title='bbox 349 2561 476 2601; x_wconf 89' lang='lat' dir='ltr'><strong>esse</strong></span> <span class='ocrx_word' id='word_1_306' title='bbox 521 2563 627 2602; x_wconf 90' lang='lat' dir='ltr'><strong>nou</strong></span> <span class='ocrx_word' id='word_1_307' title='bbox 668 2567 733 2605; x_wconf 80' lang='lat' dir='ltr'><strong>cx</strong></span> <span class='ocrx_word' id='word_1_308' title='bbox 777 2553 1080 2623; x_wconf 88' lang='lat' dir='ltr'><strong>improviso</strong></span> <span class='ocrx_word' id='word_1_309' title='bbox 1125 2567 1179 2612; x_wconf 93' lang='lat' dir='ltr'><strong>et</strong></span> <span class='ocrx_word' id='word_1_310' title='bbox 1229 2559 1626 2630; x_wconf 83' lang='lat' dir='ltr'><strong>inexspectato,</strong></span> <span class='ocrx_word' id='word_1_311' title='bbox 1663 2565 1755 2618; x_wconf 92' lang='lat' dir='ltr'><strong>sed</strong></span> <span class='ocrx_word' id='word_1_312' title='bbox 1796 2581 1924 2634; x_wconf 88' lang='lat' dir='ltr'><strong>pru-</strong></span> 
     </span>
    </p>
   </div>
   <div class='ocr_carea' id='block_1_42' title="bbox 350 2636 1921 2720">
    <p class='ocr_par' dir='ltr' id='par_1_42' title="bbox 350 2636 1921 2720">
     <span class='ocr_line' id='line_1_42' title="bbox 350 2636 1921 2720; baseline 0.013 -30"><span class='ocrx_word' id='word_1_313' title='bbox 350 2636 568 2691; x_wconf 86' lang='lat' dir='ltr'><strong>dentem</strong></span> <span class='ocrx_word' id='word_1_314' title='bbox 630 2651 684 2695; x_wconf 90' lang='lat' dir='ltr'><strong>et</strong></span> <span class='ocrx_word' id='word_1_315' title='bbox 748 2645 1038 2710; x_wconf 86' lang='lat' dir='ltr'><strong>scientem,</strong></span> <span class='ocrx_word' id='word_1_316' title='bbox 1091 2649 1497 2720; x_wconf 87' lang='lat' dir='ltr'><strong>volentemque,</strong></span> <span class='ocrx_word' id='word_1_317' title='bbox 1556 2670 1656 2709; x_wconf 92' lang='lat' dir='ltr'><strong>nec</strong></span> <span class='ocrx_word' id='word_1_318' title='bbox 1708 2666 1921 2712; x_wconf 90' lang='lat' dir='ltr'><strong>tantum</strong></span> 
     </span>
    </p>
   </div>
   <div class='ocr_carea' id='block_1_43' title="bbox 350 2739 1916 2816">
    <p class='ocr_par' dir='ltr' id='par_1_43' title="bbox 350 2739 1916 2816">
     <span class='ocr_line' id='line_1_43' title="bbox 350 2739 1916 2816; baseline 0.017 -35"><span class='ocrx_word' id='word_1_319' title='bbox 350 2745 581 2796; x_wconf 71' lang='lat' dir='ltr'><strong>gnarum</strong></span> <span class='ocrx_word' id='word_1_320' title='bbox 623 2749 683 2789; x_wconf 93' lang='lat' dir='ltr'><strong>se</strong></span> <span class='ocrx_word' id='word_1_321' title='bbox 741 2739 1095 2807; x_wconf 86' lang='lat' dir='ltr'><strong>moritur-um,</strong></span> <span class='ocrx_word' id='word_1_322' title='bbox 1157 2745 1249 2799; x_wconf 91' lang='lat' dir='ltr'><strong>sed</strong></span> <span class='ocrx_word' id='word_1_323' title='bbox 1311 2761 1421 2816; x_wconf 88' lang='lat' dir='ltr'><strong>quo</strong></span> <span class='ocrx_word' id='word_1_324' title='bbox 1476 2747 1643 2801; x_wconf 88' lang='lat' dir='ltr'><strong>etiam</strong></span> <span class='ocrx_word' id='word_1_325' title='bbox 1699 2750 1916 2808; x_wconf 89' lang='lat' dir='ltr'><strong>modo:</strong></span> 
     </span>
    </p>
   </div>
   <div class='ocr_carea' id='block_1_44' title="bbox 349 2833 1722 2904">
    <p class='ocr_par' dir='ltr' id='par_1_44' title="bbox 349 2833 1722 2904">
     <span class='ocr_line' id='line_1_44' title="bbox 349 2833 1722 2904; baseline 0.015 -30"><span class='ocrx_word' id='word_1_326' title='bbox 349 2834 578 2877; x_wconf 88' lang='lat' dir='ltr'><strong>mortem</strong></span> <span class='ocrx_word' id='word_1_327' title='bbox 627 2842 760 2879; x_wconf 84' lang='lat' dir='ltr'><strong>vero</strong></span> <span class='ocrx_word' id='word_1_328' title='bbox 791 2833 1083 2899; x_wconf 81' lang='lat' dir='ltr'><strong>appellavit</strong></span> <span class='ocrx_word' id='word_1_329' title='bbox 1118 2851 1238 2904; x_wconf 60' lang='lat' dir='ltr'><strong>qua</strong></span> <span class='ocrx_word' id='word_1_330' title='bbox 1263 2842 1345 2888; x_wconf 92' lang='lat' dir='ltr'><strong>est</strong></span> <span class='ocrx_word' id='word_1_331' title='bbox 1375 2845 1722 2894; x_wconf 88' lang='lat' dir='ltr'><strong>sanctorum.</strong></span> 
     </span>
    </p>
   </div>
   <div class='ocr_carea' id='block_1_45' title="bbox 423 2913 1920 2994">
    <p class='ocr_par' dir='ltr' id='par_1_45' title="bbox 423 2913 1920 2994">
     <span class='ocr_line' id='line_1_45' title="bbox 423 2913 1920 2994; baseline 0.013 -28"><span class='ocrx_word' id='word_1_332' title='bbox 423 2913 533 2978; x_wconf 74' lang='grc' dir='ltr'><strong>ΧΗ,</strong></span> <span class='ocrx_word' id='word_1_333' title='bbox 565 2918 652 2972; x_wconf 80' lang='grc'><strong>55.</strong></span> <span class='ocrx_word' id='word_1_334' title='bbox 690 2920 874 2974; x_wconf 75' lang='lat' dir='ltr'><strong>Adhuc</strong></span> <span class='ocrx_word' id='word_1_335' title='bbox 910 2925 1098 2994; x_wconf 74' lang='lat' dir='ltr'><strong>exiguo</strong></span> <span class='ocrx_word' id='word_1_336' title='bbox 1157 2936 1383 2993; x_wconf 83' lang='lat' dir='ltr'><strong>tempore</strong></span> <span class='ocrx_word' id='word_1_337' title='bbox 1430 2929 1603 2983; x_wconf 83' lang='lat' dir='ltr'><strong>lmnen</strong></span> <span class='ocrx_word' id='word_1_338' title='bbox 1655 2931 1920 2985; x_wconf 78' lang='lat' dir='ltr'><strong>vobiscum</strong></span> 
     </span>
    </p>
   </div>
   <div class='ocr_carea' id='block_1_46' title="bbox 302 3015 441 3086">
    <p class='ocr_par' dir='ltr' id='par_1_46' title="bbox 302 3015 441 3086">
     <span class='ocr_line' id='line_1_46' title="bbox 302 3015 441 3086; baseline -0.014 -24"><span class='ocrx_word' id='word_1_339' title='bbox 302 3079 307 3086; x_wconf 34' lang='grc' dir='ltr'>ι</span> <span class='ocrx_word' id='word_1_340' title='bbox 342 3015 441 3062; x_wconf 72' lang='grc' dir='ltr'>σοι.</span> 
     </span>
    </p>
   </div>
   <div class='ocr_carea' id='block_1_47' title="bbox 421 3097 1918 3174">
    <p class='ocr_par' dir='ltr' id='par_1_47' title="bbox 421 3097 1918 3174">
     <span class='ocr_line' id='line_1_47' title="bbox 421 3097 1918 3174; baseline 0.012 -24"><span class='ocrx_word' id='word_1_341' title='bbox 421 3097 676 3154; x_wconf 84' lang='lat' dir='ltr'><strong>Christus</strong></span> <span class='ocrx_word' id='word_1_342' title='bbox 706 3117 814 3156; x_wconf 90' lang='lat' dir='ltr'><strong>non</strong></span> <span class='ocrx_word' id='word_1_343' title='bbox 846 3105 1072 3174; x_wconf 79' lang='lat' dir='ltr'><strong>exponit</strong></span> <span class='ocrx_word' id='word_1_344' title='bbox 1102 3107 1341 3164; x_wconf 83' lang='lat' dir='ltr'><strong>dilucide</strong></span> <span class='ocrx_word' id='word_1_345' title='bbox 1370 3109 1574 3166; x_wconf 67' lang='lat' dir='ltr'><strong>Judaais</strong></span> <span class='ocrx_word' id='word_1_346' title='bbox 1607 3115 1772 3166; x_wconf 86' lang='lat' dir='ltr'><strong>altum</strong></span> <span class='ocrx_word' id='word_1_347' title='bbox 1807 3130 1918 3168; x_wconf 87' lang='lat' dir='ltr'><strong>ser-</strong></span> 
     </span>
    </p>
   </div>
   <div class='ocr_carea' id='block_1_48' title="bbox 346 3191 1914 3276">
    <p class='ocr_par' dir='ltr' id='par_1_48' title="bbox 346 3191 1914 3276">
     <span class='ocr_line' id='line_1_48' title="bbox 346 3191 1914 3276; baseline 0.011 -33"><span class='ocrx_word' id='word_1_348' title='bbox 346 3191 526 3245; x_wconf 84' lang='lat' dir='ltr'><strong>monis</strong></span> <span class='ocrx_word' id='word_1_349' title='bbox 571 3195 914 3263; x_wconf 82' lang='lat' dir='ltr'><strong>mysterium,</strong></span> <span class='ocrx_word' id='word_1_350' title='bbox 942 3204 1132 3266; x_wconf 88' lang='lat' dir='ltr'><strong>utpote</strong></span> <span class='ocrx_word' id='word_1_351' title='bbox 1179 3202 1418 3268; x_wconf 84' lang='lat' dir='ltr'><strong>stupidis</strong></span> <span class='ocrx_word' id='word_1_352' title='bbox 1473 3204 1914 3276; x_wconf 85' lang='lat' dir='ltr'><strong>inﬁdelibusque,</strong></span> 
     </span>
    </p>
   </div>
   <div class='ocr_carea' id='block_1_49' title="bbox 347 3281 1914 3364">
    <p class='ocr_par' dir='ltr' id='par_1_49' title="bbox 347 3281 1914 3364">
     <span class='ocr_line' id='line_1_49' title="bbox 347 3281 1914 3364; baseline 0.01 -28"><span class='ocrx_word' id='word_1_353' title='bbox 347 3281 442 3336; x_wconf 73' lang='lat' dir='ltr'><strong>sed</strong></span> <span class='ocrx_word' id='word_1_354' title='bbox 480 3281 544 3336; x_wconf 91' lang='lat' dir='ltr'><strong>ad</strong></span> <span class='ocrx_word' id='word_1_355' title='bbox 575 3284 723 3337; x_wconf 81' lang='lat' dir='ltr'><strong>aliud</strong></span> <span class='ocrx_word' id='word_1_356' title='bbox 770 3287 968 3341; x_wconf 85' lang='lat' dir='ltr'><strong>transit</strong></span> <span class='ocrx_word' id='word_1_357' title='bbox 996 3289 1179 3343; x_wconf 88' lang='lat' dir='ltr'><strong>statim</strong></span> <span class='ocrx_word' id='word_1_358' title='bbox 1216 3293 1359 3360; x_wconf 89' lang='lat' dir='ltr'><strong>quod</strong></span> <span class='ocrx_word' id='word_1_359' title='bbox 1395 3310 1424 3346; x_wconf 90' lang='lat' dir='ltr'><strong>e</strong></span> <span class='ocrx_word' id='word_1_360' title='bbox 1447 3309 1505 3348; x_wconf 89' lang='lat' dir='ltr'><strong>re</strong></span> <span class='ocrx_word' id='word_1_361' title='bbox 1528 3296 1774 3364; x_wconf 90' lang='lat' dir='ltr'><strong>ipsorum</strong></span> <span class='ocrx_word' id='word_1_362' title='bbox 1810 3306 1914 3363; x_wconf 90' lang='lat' dir='ltr'><strong>est,</strong></span> 
     </span>
    </p>
   </div>
   <div class='ocr_carea' id='block_1_50' title="bbox 344 3375 1917 3460">
    <p class='ocr_par' dir='ltr' id='par_1_50' title="bbox 344 3375 1917 3460">
     <span class='ocr_line' id='line_1_50' title="bbox 344 3375 1917 3460; baseline 0.011 -33"><span class='ocrx_word' id='word_1_363' title='bbox 344 3375 634 3430; x_wconf 86' lang='lat' dir='ltr'><strong>declarans</strong></span> <span class='ocrx_word' id='word_1_364' title='bbox 663 3384 717 3430; x_wconf 85' lang='lat' dir='ltr'><strong>et</strong></span> <span class='ocrx_word' id='word_1_365' title='bbox 751 3379 1003 3446; x_wconf 88' lang='lat' dir='ltr'><strong>aperiens</strong></span> <span class='ocrx_word' id='word_1_366' title='bbox 1034 3395 1255 3436; x_wconf 88' lang='lat' dir='ltr'><strong>causam</strong></span> <span class='ocrx_word' id='word_1_367' title='bbox 1293 3389 1648 3453; x_wconf 88' lang='lat' dir='ltr'><strong>quamobrem</strong></span> <span class='ocrx_word' id='word_1_368' title='bbox 1683 3405 1746 3442; x_wconf 91' lang='lat' dir='ltr'><strong>ea</strong></span> <span class='ocrx_word' id='word_1_369' title='bbox 1795 3407 1917 3460; x_wconf 76' lang='lat' dir='ltr'><strong>qua:</strong></span> 
     </span>
    </p>
   </div>
   <div class='ocr_carea' id='block_1_51' title="bbox 346 3463 1912 3548">
    <p class='ocr_par' dir='ltr' id='par_1_51' title="bbox 346 3463 1912 3548">
     <span class='ocr_line' id='line_1_51' title="bbox 346 3463 1912 3548; baseline 0.01 -27"><span class='ocrx_word' id='word_1_370' title='bbox 346 3463 652 3534; x_wconf 76' lang='lat' dir='ltr'><strong>Scripturis</strong></span> <span class='ocrx_word' id='word_1_371' title='bbox 695 3469 1058 3530; x_wconf 86' lang='lat' dir='ltr'><strong>continentur</strong></span> <span class='ocrx_word' id='word_1_372' title='bbox 1105 3474 1247 3527; x_wconf 89' lang='lat' dir='ltr'><strong>haud</strong></span> <span class='ocrx_word' id='word_1_373' title='bbox 1299 3478 1625 3548; x_wconf 87' lang='lat' dir='ltr'><strong>percipiant,</strong></span> <span class='ocrx_word' id='word_1_374' title='bbox 1655 3482 1793 3536; x_wconf 86' lang='lat' dir='ltr'><strong>adeo</strong></span> <span class='ocrx_word' id='word_1_375' title='bbox 1833 3496 1912 3548; x_wconf 88' lang='lat' dir='ltr'><strong>ut,</strong></span> 
     </span>
    </p>
   </div>
   <div class='ocr_carea' id='block_1_52' title="bbox 344 3556 1913 3642">
    <p class='ocr_par' dir='ltr' id='par_1_52' title="bbox 344 3556 1913 3642">
     <span class='ocr_line' id='line_1_52' title="bbox 344 3556 1913 3642; baseline 0.011 -32"><span class='ocrx_word' id='word_1_376' title='bbox 344 3556 450 3610; x_wconf 89' lang='lat' dir='ltr'><strong>nisi</strong></span> <span class='ocrx_word' id='word_1_377' title='bbox 475 3558 524 3612; x_wconf 89' lang='lat' dir='ltr'><strong>ei</strong></span> <span class='ocrx_word' id='word_1_378' title='bbox 555 3558 914 3624; x_wconf 84' lang='lat' dir='ltr'><strong>crediderint,</strong></span> <span class='ocrx_word' id='word_1_379' title='bbox 941 3563 1034 3631; x_wconf 88' lang='lat' dir='ltr'><strong>qui</strong></span> <span class='ocrx_word' id='word_1_380' title='bbox 1083 3565 1308 3619; x_wconf 88' lang='lat' dir='ltr'><strong>omnino</strong></span> <span class='ocrx_word' id='word_1_381' title='bbox 1343 3568 1433 3622; x_wconf 86' lang='lat' dir='ltr'><strong>lux</strong></span> <span class='ocrx_word' id='word_1_382' title='bbox 1469 3579 1575 3632; x_wconf 88' lang='lat' dir='ltr'><strong>est,</strong></span> <span class='ocrx_word' id='word_1_383' title='bbox 1604 3581 1724 3625; x_wconf 87' lang='lat' dir='ltr'><strong>atra</strong></span> <span class='ocrx_word' id='word_1_384' title='bbox 1761 3575 1913 3642; x_wconf 82' lang='lat' dir='ltr'><strong>igno-</strong></span> 
     </span>
    </p>
   </div>
   <div class='ocr_carea' id='block_1_53' title="bbox 342 3649 1912 3732">
    <p class='ocr_par' dir='ltr' id='par_1_53' title="bbox 342 3649 1912 3732">
     <span class='ocr_line' id='line_1_53' title="bbox 342 3649 1912 3732; baseline 0.014 -32"><span class='ocrx_word' id='word_1_385' title='bbox 342 3649 540 3704; x_wconf 60' lang='lat' dir='ltr'><strong>rantiae</strong></span> <span class='ocrx_word' id='word_1_386' title='bbox 601 3651 746 3706; x_wconf 86' lang='lat' dir='ltr'><strong>nube</strong></span> <span class='ocrx_word' id='word_1_387' title='bbox 801 3654 1263 3727; x_wconf 88' lang='lat' dir='ltr'><strong>tcnebrarumque</strong></span> <span class='ocrx_word' id='word_1_388' title='bbox 1312 3663 1548 3732; x_wconf 77' lang='lat' dir='ltr'><strong>caligine</strong></span> <span class='ocrx_word' id='word_1_389' title='bbox 1604 3664 1912 3722; x_wconf 84' lang='lat' dir='ltr'><strong>involvcndi</strong></span> 
     </span>
    </p>
   </div>
   <div class='ocr_carea' id='block_1_54' title="bbox 342 3739 1911 3813">
    <p class='ocr_par' dir='ltr' id='par_1_54' title="bbox 342 3739 1911 3813">
     <span class='ocr_line' id='line_1_54' title="bbox 342 3739 1911 3813; baseline 0.013 -21"><span class='ocrx_word' id='word_1_390' title='bbox 342 3739 476 3800; x_wconf 85' lang='lat' dir='ltr'><strong>sint,</strong></span> <span class='ocrx_word' id='word_1_391' title='bbox 522 3757 735 3796; x_wconf 85' lang='lat' dir='ltr'><strong>necnon</strong></span> <span class='ocrx_word' id='word_1_392' title='bbox 785 3743 924 3798; x_wconf 89' lang='lat' dir='ltr'><strong>lucis</strong></span> <span class='ocrx_word' id='word_1_393' title='bbox 963 3745 1123 3803; x_wconf 88' lang='lat' dir='ltr'><strong>bonis</strong></span> <span class='ocrx_word' id='word_1_394' title='bbox 1187 3766 1251 3803; x_wconf 90' lang='lat' dir='ltr'><strong>ac</strong></span> <span class='ocrx_word' id='word_1_395' title='bbox 1306 3755 1612 3811; x_wconf 86' lang='lat' dir='ltr'><strong>commodis</strong></span> <span class='ocrx_word' id='word_1_396' title='bbox 1652 3761 1911 3813; x_wconf 84' lang='lat' dir='ltr'><strong>exuendi.</strong></span> 
     </span>
    </p>
   </div>
   <div class='ocr_carea' id='block_1_55' title="bbox 340 3828 1911 3912">
    <p class='ocr_par' dir='ltr' id='par_1_55' title="bbox 340 3828 1911 3912">
     <span class='ocr_line' id='line_1_55' title="bbox 340 3828 1911 3912; baseline 0.014 -31"><span class='ocrx_word' id='word_1_397' title='bbox 340 3828 496 3895; x_wconf 70' lang='lat' dir='ltr'><strong>Qtud</strong></span> <span class='ocrx_word' id='word_1_398' title='bbox 523 3831 670 3885; x_wconf 85' lang='lat' dir='ltr'><strong>enim</strong></span> <span class='ocrx_word' id='word_1_399' title='bbox 695 3834 894 3888; x_wconf 84' lang='lat' dir='ltr'><strong>attinet</strong></span> <span class='ocrx_word' id='word_1_400' title='bbox 925 3835 989 3888; x_wconf 85' lang='lat' dir='ltr'><strong>ad</strong></span> <span class='ocrx_word' id='word_1_401' title='bbox 1020 3835 1384 3906; x_wconf 88' lang='lat' dir='ltr'><strong>Scripturam,</strong></span> <span class='ocrx_word' id='word_1_402' title='bbox 1409 3849 1671 3912; x_wconf 88' lang='lat' dir='ltr'><strong>tanquam</strong></span> <span class='ocrx_word' id='word_1_403' title='bbox 1705 3848 1911 3910; x_wconf 91' lang='lat' dir='ltr'><strong>lumen,</strong></span> 
     </span>
    </p>
   </div>
   <div class='ocr_carea' id='block_1_56' title="bbox 341 3921 1911 4001">
    <p class='ocr_par' dir='ltr' id='par_1_56' title="bbox 341 3921 1911 4001">
     <span class='ocr_line' id='line_1_56' title="bbox 341 3921 1911 4001; baseline 0.011 -25"><span class='ocrx_word' id='word_1_404' title='bbox 341 3921 597 3976; x_wconf 71' lang='lat' dir='ltr'><strong>Moesiam</strong></span> <span class='ocrx_word' id='word_1_405' title='bbox 654 3925 1080 3994; x_wconf 86' lang='lat' dir='ltr'><strong>exspectabant.</strong></span> <span class='ocrx_word' id='word_1_406' title='bbox 1126 3927 1422 3998; x_wconf 89' lang='lat' dir='ltr'><strong>Postquam</strong></span> <span class='ocrx_word' id='word_1_407' title='bbox 1478 3943 1660 3988; x_wconf 87' lang='lat' dir='ltr'><strong>autem</strong></span> <span class='ocrx_word' id='word_1_408' title='bbox 1730 3940 1911 4001; x_wconf 88' lang='lat' dir='ltr'><strong>venit,</strong></span> 
     </span>
    </p>
   </div>
   <div class='ocr_carea' id='block_1_57' title="bbox 341 4014 1912 4093">
    <p class='ocr_par' dir='ltr' id='par_1_57' title="bbox 341 4014 1912 4093">
     <span class='ocr_line' id='line_1_57' title="bbox 341 4014 1912 4093; baseline 0.01 -25"><span class='ocrx_word' id='word_1_409' title='bbox 341 4029 470 4084; x_wconf 67' lang='lat' dir='ltr'><strong>opes</strong></span> <span class='ocrx_word' id='word_1_410' title='bbox 493 4014 575 4068; x_wconf 84' lang='lat' dir='ltr'><strong>eis</strong></span> <span class='ocrx_word' id='word_1_411' title='bbox 607 4015 661 4071; x_wconf 91' lang='lat' dir='ltr'><strong>in</strong></span> <span class='ocrx_word' id='word_1_412' title='bbox 695 4017 1040 4073; x_wconf 88' lang='lat' dir='ltr'><strong>contrarium</strong></span> <span class='ocrx_word' id='word_1_413' title='bbox 1075 4022 1276 4075; x_wconf 91' lang='lat' dir='ltr'><strong>cecidit</strong></span> <span class='ocrx_word' id='word_1_414' title='bbox 1305 4036 1739 4093; x_wconf 88' lang='lat' dir='ltr'><strong>:oppresseraut</strong></span> <span class='ocrx_word' id='word_1_415' title='bbox 1767 4031 1912 4084; x_wconf 88' lang='lat' dir='ltr'><strong>enim</strong></span> 
     </span>
    </p>
   </div>
   <div class='ocr_carea' id='block_1_58' title="bbox 339 4107 1912 4191">
    <p class='ocr_par' dir='ltr' id='par_1_58' title="bbox 339 4107 1912 4191">
     <span class='ocr_line' id='line_1_58' title="bbox 339 4107 1912 4191; baseline 0.011 -31"><span class='ocrx_word' id='word_1_416' title='bbox 339 4119 439 4160; x_wconf 84' lang='lat' dir='ltr'><strong>eos</strong></span> <span class='ocrx_word' id='word_1_417' title='bbox 459 4107 699 4162; x_wconf 78' lang='lat' dir='ltr'><strong>tenebrae</strong></span> <span class='ocrx_word' id='word_1_418' title='bbox 723 4107 796 4163; x_wconf 93' lang='lat' dir='ltr'><strong>ob</strong></span> <span class='ocrx_word' id='word_1_419' title='bbox 831 4109 1238 4168; x_wconf 82' lang='lat' dir='ltr'><strong>inﬁdelitatem.</strong></span> <span class='ocrx_word' id='word_1_420' title='bbox 1275 4114 1609 4186; x_wconf 82' lang='lat' dir='ltr'><strong>Resipiseite</strong></span> <span class='ocrx_word' id='word_1_421' title='bbox 1641 4136 1788 4191; x_wconf 81' lang='lat' dir='ltr'><strong>ergo,</strong></span> <span class='ocrx_word' id='word_1_422' title='bbox 1815 4126 1912 4189; x_wconf 89' lang='lat' dir='ltr'><strong>ait,</strong></span> 
     </span>
    </p>
   </div>
   <div class='ocr_carea' id='block_1_59' title="bbox 341 4199 1912 4286">
    <p class='ocr_par' dir='ltr' id='par_1_59' title="bbox 341 4199 1912 4286">
     <span class='ocr_line' id='line_1_59' title="bbox 341 4199 1912 4286; baseline 0.013 -36"><span class='ocrx_word' id='word_1_423' title='bbox 341 4199 772 4269; x_wconf 86' lang='lat' dir='ltr'><strong>quamprimum,</strong></span> <span class='ocrx_word' id='word_1_424' title='bbox 798 4203 974 4260; x_wconf 86' lang='lat' dir='ltr'><strong>donec</strong></span> <span class='ocrx_word' id='word_1_425' title='bbox 1000 4206 1180 4260; x_wconf 86' lang='lat' dir='ltr'><strong>adhuc</strong></span> <span class='ocrx_word' id='word_1_426' title='bbox 1203 4213 1624 4275; x_wconf 83' lang='lat' dir='ltr'><strong>superestvobis</strong></span> <span class='ocrx_word' id='word_1_427' title='bbox 1657 4216 1912 4286; x_wconf 80' lang='lat' dir='ltr'><strong>exiguum</strong></span> 
     </span>
    </p>
   </div>
   <div class='ocr_carea' id='block_1_60' title="bbox 338 4289 1914 4372">
    <p class='ocr_par' dir='ltr' id='par_1_60' title="bbox 338 4289 1914 4372">
     <span class='ocr_line' id='line_1_60' title="bbox 338 4289 1914 4372; baseline 0.014 -30"><span class='ocrx_word' id='word_1_428' title='bbox 338 4289 473 4360; x_wconf 70' lang='lat' dir='ltr'><strong>quid</strong></span> <span class='ocrx_word' id='word_1_429' title='bbox 525 4295 790 4362; x_wconf 90' lang='lat' dir='ltr'><strong>temporis</strong></span> <span class='ocrx_word' id='word_1_430' title='bbox 840 4295 906 4349; x_wconf 88' lang='lat' dir='ltr'><strong>ad</strong></span> <span class='ocrx_word' id='word_1_431' title='bbox 945 4296 1194 4352; x_wconf 86' lang='lat' dir='ltr'><strong>divinum</strong></span> <span class='ocrx_word' id='word_1_432' title='bbox 1254 4302 1438 4354; x_wconf 87' lang='lat' dir='ltr'><strong>lumen</strong></span> <span class='ocrx_word' id='word_1_433' title='bbox 1500 4302 1811 4372; x_wconf 80' lang='lat' dir='ltr'><strong>fruendum,</strong></span> <span class='ocrx_word' id='word_1_434' title='bbox 1845 4325 1914 4364; x_wconf 86' lang='lat' dir='ltr'><strong>ne</strong></span> 
     </span>
    </p>
   </div>
   <div class='ocr_carea' id='block_1_61' title="bbox 336 4384 1913 4468">
    <p class='ocr_par' dir='ltr' id='par_1_61' title="bbox 336 4384 1913 4468">
     <span class='ocr_line' id='line_1_61' title="bbox 336 4384 1913 4468; baseline 0.013 -35"><span class='ocrx_word' id='word_1_435' title='bbox 336 4393 438 4436; x_wconf 62' lang='lat' dir='ltr'><strong>vos</strong></span> <span class='ocrx_word' id='word_1_436' title='bbox 466 4384 675 4452; x_wconf 88' lang='lat' dir='ltr'><strong>peccati</strong></span> <span class='ocrx_word' id='word_1_437' title='bbox 727 4385 952 4456; x_wconf 76' lang='lat' dir='ltr'><strong>ablegat</strong></span> <span class='ocrx_word' id='word_1_438' title='bbox 987 4387 1188 4459; x_wconf 82' lang='lat' dir='ltr'><strong>caligo.</strong></span> <span class='ocrx_word' id='word_1_439' title='bbox 1231 4390 1396 4445; x_wconf 79' lang='lat' dir='ltr'><strong>Recte</strong></span> <span class='ocrx_word' id='word_1_440' title='bbox 1429 4409 1558 4448; x_wconf 88' lang='lat' dir='ltr'><strong>vero</strong></span> <span class='ocrx_word' id='word_1_441' title='bbox 1604 4395 1740 4452; x_wconf 89' lang='lat' dir='ltr'><strong>dicit</strong></span> <span class='ocrx_word' id='word_1_442' title='bbox 1786 4409 1913 4468; x_wconf 89' lang='lat' dir='ltr'><strong>post</strong></span> 
     </span>
    </p>
   </div>
   <div class='ocr_carea' id='block_1_62' title="bbox 2034 1908 3602 1979">
    <p class='ocr_par' dir='ltr' id='par_1_62' title="bbox 2034 1908 3602 1979">
     <span class='ocr_line' id='line_1_62' title="bbox 2034 1908 3602 1979; baseline 0.001 -19"><span class='ocrx_word' id='word_1_443' title='bbox 2034 1925 2190 1961; x_wconf 90' lang='grc' dir='ltr'>κνυσι</span> <span class='ocrx_word' id='word_1_444' title='bbox 2236 1908 2330 1962; x_wconf 78' lang='grc' dir='ltr'>νῦν</span> <span class='ocrx_word' id='word_1_445' title='bbox 2366 1909 2556 1962; x_wconf 79' lang='grc' dir='ltr'>ἑαυτὸν</span> <span class='ocrx_word' id='word_1_446' title='bbox 2583 1910 2712 1964; x_wconf 73' lang='grc' dir='ltr'>ὄντα</span> <span class='ocrx_word' id='word_1_447' title='bbox 2751 1910 2910 1979; x_wconf 85' lang='grc' dir='ltr'>φύσει</span> <span class='ocrx_word' id='word_1_448' title='bbox 2947 1910 3109 1975; x_wconf 83' lang='grc' dir='ltr'>Θεὸν,</span> <span class='ocrx_word' id='word_1_449' title='bbox 3143 1911 3243 1963; x_wconf 84' lang='grc' dir='ltr'>οὐκ</span> <span class='ocrx_word' id='word_1_450' title='bbox 3276 1908 3384 1974; x_wconf 78' lang='grc' dir='ltr'><strong>ἔξω</strong></span> <span class='ocrx_word' id='word_1_451' title='bbox 3434 1908 3602 1972; x_wconf 78' lang='grc' dir='ltr'>τιθεὶς</span> 
     </span>
    </p>
   </div>
   <div class='ocr_carea' id='block_1_63' title="bbox 2028 1998 3608 2072">
    <p class='ocr_par' dir='ltr' id='par_1_63' title="bbox 2028 1998 3608 2072">
     <span class='ocr_line' id='line_1_63' title="bbox 2028 1998 3608 2072; baseline -0.001 -21"><span class='ocrx_word' id='word_1_452' title='bbox 2028 1999 2120 2051; x_wconf 80' lang='grc' dir='ltr'>τὸν</span> <span class='ocrx_word' id='word_1_453' title='bbox 2149 2000 2386 2070; x_wconf 86' lang='grc' dir='ltr'>Πατέρα.</span> <span class='ocrx_word' id='word_1_454' title='bbox 2430 2002 2528 2054; x_wconf 77' lang='grc' dir='ltr'>Διά</span> <span class='ocrx_word' id='word_1_455' title='bbox 2574 2003 2679 2072; x_wconf 76' lang='grc' dir='ltr'><strong>γὰρ</strong></span> <span class='ocrx_word' id='word_1_456' title='bbox 2710 2001 2803 2055; x_wconf 77' lang='grc' dir='ltr'>τοῦ</span> <span class='ocrx_word' id='word_1_457' title='bbox 2827 1999 2972 2053; x_wconf 86' lang='grc' dir='ltr'><strong>Ὑἱοῦ</strong></span> <span class='ocrx_word' id='word_1_458' title='bbox 3016 1998 3230 2053; x_wconf 68' lang='grc' dir='ltr'>ἕλκεταί</span> <span class='ocrx_word' id='word_1_459' title='bbox 3270 2016 3354 2062; x_wconf 81' lang='grc' dir='ltr'><strong>τις</strong></span> <span class='ocrx_word' id='word_1_460' title='bbox 3389 2000 3468 2062; x_wconf 87' lang='grc' dir='ltr'><strong>εἰς</strong></span> <span class='ocrx_word' id='word_1_461' title='bbox 3502 1999 3608 2069; x_wconf 74' lang='grc' dir='ltr'>τὴν</span> 
     </span>
    </p>
   </div>
   <div class='ocr_carea' id='block_1_64' title="bbox 2028 2089 2626 2162">
    <p class='ocr_par' dir='ltr' id='par_1_64' title="bbox 2028 2089 2626 2162">
     <span class='ocr_line' id='line_1_64' title="bbox 2028 2089 2626 2162; baseline 0.003 -18"><span class='ocrx_word' id='word_1_462' title='bbox 2028 2089 2124 2144; x_wconf 79' lang='grc' dir='ltr'>τοῦ</span> <span class='ocrx_word' id='word_1_463' title='bbox 2153 2091 2366 2162; x_wconf 84' lang='grc' dir='ltr'>Πατρὸς</span> <span class='ocrx_word' id='word_1_464' title='bbox 2400 2091 2626 2159; x_wconf 85' lang='grc' dir='ltr'>γνῶσιν.</span> 
     </span>
    </p>
   </div>
   <div class='ocr_carea' id='block_1_65' title="bbox 2102 2310 3597 2379">
    <p class='ocr_par' dir='ltr' id='par_1_65' title="bbox 2102 2310 3597 2379">
     <span class='ocr_line' id='line_1_65' title="bbox 2102 2310 3597 2379; baseline 0 -15"><span class='ocrx_word' id='word_1_465' title='bbox 2102 2311 2282 2364; x_wconf 84' lang='grc' dir='ltr'>Τοῦτο</span> <span class='ocrx_word' id='word_1_466' title='bbox 2303 2311 2371 2363; x_wconf 78' lang='grc' dir='ltr'>δὲ</span> <span class='ocrx_word' id='word_1_467' title='bbox 2406 2311 2600 2379; x_wconf 68' lang='grc' dir='ltr'>ἔλεγε,</span> <span class='ocrx_word' id='word_1_468' title='bbox 2636 2312 2951 2379; x_wconf 75' lang='grc' dir='ltr'><strong>σημαίνων</strong></span> <span class='ocrx_word' id='word_1_469' title='bbox 2989 2313 3140 2378; x_wconf 78' lang='grc' dir='ltr'>ποίῳ</span> <span class='ocrx_word' id='word_1_470' title='bbox 3169 2311 3399 2375; x_wconf 80' lang='grc' dir='ltr'><strong>θανάτῳ</strong></span> <span class='ocrx_word' id='word_1_471' title='bbox 3423 2310 3597 2378; x_wconf 69' lang='grc' dir='ltr'>ἔμελ-</span> 
     </span>
    </p>
   </div>
   <div class='ocr_carea' id='block_1_66' title="bbox 2023 2403 2596 2471">
    <p class='ocr_par' dir='ltr' id='par_1_66' title="bbox 2023 2403 2596 2471">
     <span class='ocr_line' id='line_1_66' title="bbox 2023 2403 2596 2471; baseline 0.002 -16"><span class='ocrx_word' id='word_1_472' title='bbox 2023 2405 2138 2456; x_wconf 72' lang='grc' dir='ltr'><strong>λεν</strong></span> <span class='ocrx_word' id='word_1_473' title='bbox 2163 2403 2596 2471; x_wconf 79' lang='grc' dir='ltr'>ἀποθνήσκειν.</span> 
     </span>
    </p>
   </div>
   <div class='ocr_carea' id='block_1_67' title="bbox 2095 2494 3594 2567">
    <p class='ocr_par' dir='ltr' id='par_1_67' title="bbox 2095 2494 3594 2567">
     <span class='ocr_line' id='line_1_67' title="bbox 2095 2494 3594 2567; baseline 0.001 -20"><span class='ocrx_word' id='word_1_474' title='bbox 2095 2495 2195 2547; x_wconf 85' lang='grc' dir='ltr'>Διά</span> <span class='ocrx_word' id='word_1_475' title='bbox 2225 2495 2381 2547; x_wconf 75' lang='grc' dir='ltr'>τοῦτο</span> <span class='ocrx_word' id='word_1_476' title='bbox 2409 2495 2609 2559; x_wconf 78' lang='grc' dir='ltr'>ἔδειξεν</span> <span class='ocrx_word' id='word_1_477' title='bbox 2635 2496 2663 2547; x_wconf 91' lang='lat'><strong>6</strong></span> <span class='ocrx_word' id='word_1_478' title='bbox 2698 2494 3108 2567; x_wconf 81' lang='grc' dir='ltr'>εὐαγγελιστὴς.</span> <span class='ocrx_word' id='word_1_479' title='bbox 3138 2495 3219 2548; x_wconf 85' lang='grc' dir='ltr'>ὃτι</span> <span class='ocrx_word' id='word_1_480' title='bbox 3247 2495 3347 2548; x_wconf 82' lang='grc' dir='ltr'>οὐκ</span> <span class='ocrx_word' id='word_1_481' title='bbox 3383 2494 3594 2562; x_wconf 80' lang='grc' dir='ltr'>ἀγνοῶν</span> 
     </span>
    </p>
   </div>
   <div class='ocr_carea' id='block_1_68' title="bbox 2023 2587 3592 2658">
    <p class='ocr_par' dir='ltr' id='par_1_68' title="bbox 2023 2587 3592 2658">
     <span class='ocr_line' id='line_1_68' title="bbox 2023 2587 3592 2658; baseline -0.001 -16"><span class='ocrx_word' id='word_1_482' title='bbox 2023 2589 2224 2642; x_wconf 80' lang='grc' dir='ltr'>ἔπαθεν</span> <span class='ocrx_word' id='word_1_483' title='bbox 2249 2591 2276 2641; x_wconf 88' lang='grc' dir='ltr'>ὁ</span> <span class='ocrx_word' id='word_1_484' title='bbox 2314 2589 2536 2658; x_wconf 78' lang='grc' dir='ltr'>Κύριος,</span> <span class='ocrx_word' id='word_1_485' title='bbox 2568 2587 2681 2641; x_wconf 88' lang='grc' dir='ltr'>ἀλλ’</span> <span class='ocrx_word' id='word_1_486' title='bbox 2725 2587 2865 2641; x_wconf 82' lang='grc' dir='ltr'>ἑκὼν</span> <span class='ocrx_word' id='word_1_487' title='bbox 2909 2588 3002 2642; x_wconf 83' lang='grc' dir='ltr'>καὶ</span> <span class='ocrx_word' id='word_1_488' title='bbox 3033 2587 3192 2651; x_wconf 82' lang='grc' dir='ltr'>εἰδὼς</span> <span class='ocrx_word' id='word_1_489' title='bbox 3229 2590 3290 2644; x_wconf 85' lang='grc' dir='ltr'>οὑ</span> <span class='ocrx_word' id='word_1_490' title='bbox 3324 2587 3480 2657; x_wconf 81' lang='grc' dir='ltr'>μόνον</span> <span class='ocrx_word' id='word_1_491' title='bbox 3509 2589 3592 2640; x_wconf 78' lang='grc' dir='ltr'><strong>ὅτι</strong></span> 
     </span>
    </p>
   </div>
   <div class='ocr_carea' id='block_1_69' title="bbox 2023 2680 3592 2754">
    <p class='ocr_par' dir='ltr' id='par_1_69' title="bbox 2023 2680 3592 2754">
     <span class='ocr_line' id='line_1_69' title="bbox 2023 2680 3592 2754; baseline 0.001 -20"><span class='ocrx_word' id='word_1_492' title='bbox 2023 2680 2386 2752; x_wconf 81' lang='grc' dir='ltr'>ἀπέθνησκεν,</span> <span class='ocrx_word' id='word_1_493' title='bbox 2441 2681 2576 2738; x_wconf 85' lang='grc' dir='ltr'><strong>ἀλλά</strong></span> <span class='ocrx_word' id='word_1_494' title='bbox 2617 2685 2710 2736; x_wconf 77' lang='grc' dir='ltr'><strong>καὶ</strong></span> <span class='ocrx_word' id='word_1_495' title='bbox 2750 2681 2885 2754; x_wconf 73' lang='grc' dir='ltr'>ποίῳ</span> <span class='ocrx_word' id='word_1_496' title='bbox 2932 2681 3150 2752; x_wconf 85' lang='grc' dir='ltr'>τρόπῳ·</span> <span class='ocrx_word' id='word_1_497' title='bbox 3195 2681 3286 2736; x_wconf 78' lang='grc' dir='ltr'><strong>τὸν</strong></span> <span class='ocrx_word' id='word_1_498' title='bbox 3330 2681 3498 2749; x_wconf 81' lang='grc' dir='ltr'>ἁγίων</span> <span class='ocrx_word' id='word_1_499' title='bbox 3534 2680 3592 2736; x_wconf 78' lang='grc' dir='ltr'><strong>δὲ</strong></span> 
     </span>
    </p>
   </div>
   <div class='ocr_carea' id='block_1_70' title="bbox 2022 2771 2557 2842">
    <p class='ocr_par' dir='ltr' id='par_1_70' title="bbox 2022 2771 2557 2842">
     <span class='ocr_line' id='line_1_70' title="bbox 2022 2771 2557 2842; baseline 0.004 -18"><span class='ocrx_word' id='word_1_500' title='bbox 2022 2773 2272 2842; x_wconf 84' lang='grc' dir='ltr'>ὠνόμασε</span> <span class='ocrx_word' id='word_1_501' title='bbox 2307 2771 2557 2828; x_wconf 81' lang='grc' dir='ltr'>θάνατον.</span> 
     </span>
    </p>
   </div>
   <div class='ocr_carea' id='block_1_71' title="bbox 2093 2950 3481 3021">
    <p class='ocr_par' dir='ltr' id='par_1_71' title="bbox 2093 2950 3481 3021">
     <span class='ocr_line' id='line_1_71' title="bbox 2093 2950 3481 3021; baseline 0.004 -20"><span class='ocrx_word' id='word_1_502' title='bbox 2093 2951 2215 3004; x_wconf 83' lang='grc' dir='ltr'>Ἔτι</span> <span class='ocrx_word' id='word_1_503' title='bbox 2247 2951 2463 3019; x_wconf 79' lang='grc' dir='ltr'>μικρὸν</span> <span class='ocrx_word' id='word_1_504' title='bbox 2488 2953 2711 3021; x_wconf 75' lang='grc' dir='ltr'>χρόνον</span> <span class='ocrx_word' id='word_1_505' title='bbox 2738 2951 2804 3004; x_wconf 82' lang='grc' dir='ltr'>τὸ</span> <span class='ocrx_word' id='word_1_506' title='bbox 2835 2950 2960 3019; x_wconf 67' lang='grc' dir='ltr'><strong>φῶς</strong></span> <span class='ocrx_word' id='word_1_507' title='bbox 2983 2951 3112 3020; x_wconf 81' lang='grc' dir='ltr'>μεθ’</span> <span class='ocrx_word' id='word_1_508' title='bbox 3140 2950 3304 3020; x_wconf 81' lang='grc' dir='ltr'><strong>ὑμῶν</strong></span> <span class='ocrx_word' id='word_1_509' title='bbox 3328 2951 3481 3006; x_wconf 72' lang='grc' dir='ltr'>ἐστι.</span> 
     </span>
    </p>
   </div>
   <div class='ocr_carea' id='block_1_72' title="bbox 2103 3108 3586 3171">
    <p class='ocr_par' dir='ltr' id='par_1_72' title="bbox 2103 3108 3586 3171">
     <span class='ocr_line' id='line_1_72' title="bbox 2103 3108 3586 3171; baseline -0.001 -11"><span class='ocrx_word' id='word_1_510' title='bbox 2103 3109 2190 3171; x_wconf 83' lang='grc' dir='ltr'>Ὠς</span> <span class='ocrx_word' id='word_1_511' title='bbox 2217 3109 2496 3171; x_wconf 85' lang='grc' dir='ltr'>ἀσυνέτοις</span> <span class='ocrx_word' id='word_1_512' title='bbox 2522 3109 2614 3160; x_wconf 80' lang='grc' dir='ltr'><strong>καὶ</strong></span> <span class='ocrx_word' id='word_1_513' title='bbox 2649 3110 2897 3170; x_wconf 81' lang='grc' dir='ltr'>ἀπίστοις</span> <span class='ocrx_word' id='word_1_514' title='bbox 2923 3112 3033 3171; x_wconf 83' lang='grc' dir='ltr'>τοῖς</span> <span class='ocrx_word' id='word_1_515' title='bbox 3077 3108 3366 3171; x_wconf 74' lang='grc' dir='ltr'>Ἰουδαίοις,</span> <span class='ocrx_word' id='word_1_516' title='bbox 3400 3108 3462 3161; x_wconf 82' lang='grc' dir='ltr'><strong>οὐ</strong></span> <span class='ocrx_word' id='word_1_517' title='bbox 3490 3125 3586 3159; x_wconf 85' lang='grc' dir='ltr'>κα-</span> 
     </span>
    </p>
   </div>
   <div class='ocr_carea' id='block_1_73' title="bbox 2018 3198 3588 3272">
    <p class='ocr_par' dir='ltr' id='par_1_73' title="bbox 2018 3198 3588 3272">
     <span class='ocr_line' id='line_1_73' title="bbox 2018 3198 3588 3272; baseline 0 -20"><span class='ocrx_word' id='word_1_518' title='bbox 2018 3198 2234 3266; x_wconf 84' lang='grc' dir='ltr'>ταλέγει</span> <span class='ocrx_word' id='word_1_519' title='bbox 2254 3199 2441 3267; x_wconf 68' lang='grc' dir='ltr'>σαφῶς</span> <span class='ocrx_word' id='word_1_520' title='bbox 2472 3201 2499 3250; x_wconf 82' lang='grc' dir='ltr'><strong>ὁ</strong></span> <span class='ocrx_word' id='word_1_521' title='bbox 2531 3201 2762 3270; x_wconf 76' lang='grc' dir='ltr'>Χριστὸς</span> <span class='ocrx_word' id='word_1_522' title='bbox 2799 3202 2858 3255; x_wconf 78' lang='grc' dir='ltr'><strong>το</strong></span> <span class='ocrx_word' id='word_1_523' title='bbox 2890 3202 3023 3272; x_wconf 74' lang='grc' dir='ltr'>βαθὺ</span> <span class='ocrx_word' id='word_1_524' title='bbox 3052 3201 3145 3253; x_wconf 76' lang='grc' dir='ltr'><strong>τοῦ</strong></span> <span class='ocrx_word' id='word_1_525' title='bbox 3179 3199 3339 3266; x_wconf 85' lang='grc' dir='ltr'>λόγου</span> <span class='ocrx_word' id='word_1_526' title='bbox 3383 3201 3588 3269; x_wconf 75' lang='grc' dir='ltr'>μυστή-</span> 
     </span>
    </p>
   </div>
   <div class='ocr_carea' id='block_1_74' title="bbox 2020 3290 3585 3363">
    <p class='ocr_par' dir='ltr' id='par_1_74' title="bbox 2020 3290 3585 3363">
     <span class='ocr_line' id='line_1_74' title="bbox 2020 3290 3585 3363; baseline -0.001 -20"><span class='ocrx_word' id='word_1_527' title='bbox 2020 3309 2154 3362; x_wconf 85' lang='grc' dir='ltr'>ριον,</span> <span class='ocrx_word' id='word_1_528' title='bbox 2187 3290 2323 3343; x_wconf 84' lang='grc' dir='ltr'><strong>ἀλλά</strong></span> <span class='ocrx_word' id='word_1_529' title='bbox 2357 3291 2491 3361; x_wconf 76' lang='grc' dir='ltr'>πρὸς</span> <span class='ocrx_word' id='word_1_530' title='bbox 2515 3293 2701 3360; x_wconf 73' lang='grc' dir='ltr'>ἕτερον</span> <span class='ocrx_word' id='word_1_531' title='bbox 2737 3293 2900 3363; x_wconf 77' lang='grc' dir='ltr'>πηδᾷ,</span> <span class='ocrx_word' id='word_1_532' title='bbox 2929 3291 3061 3362; x_wconf 82' lang='grc' dir='ltr'>όμοῦ</span> <span class='ocrx_word' id='word_1_533' title='bbox 3091 3292 3184 3344; x_wconf 76' lang='grc' dir='ltr'>καὶ</span> <span class='ocrx_word' id='word_1_534' title='bbox 3215 3292 3276 3344; x_wconf 78' lang='grc' dir='ltr'><strong>τὸ</strong></span> <span class='ocrx_word' id='word_1_535' title='bbox 3307 3291 3585 3359; x_wconf 76' lang='grc' dir='ltr'>ὲπωφελὲς</span> 
     </span>
    </p>
   </div>
   <div class='ocr_carea' id='block_1_75' title="bbox 2017 3381 3584 3454">
    <p class='ocr_par' dir='ltr' id='par_1_75' title="bbox 2017 3381 3584 3454">
     <span class='ocr_line' id='line_1_75' title="bbox 2017 3381 3584 3454; baseline 0.003 -20"><span class='ocrx_word' id='word_1_536' title='bbox 2017 3383 2198 3446; x_wconf 83' lang='grc' dir='ltr'>αὐτοῖς</span> <span class='ocrx_word' id='word_1_537' title='bbox 2233 3381 2600 3452; x_wconf 79' lang='grc' dir='ltr'>ἐξηγούμενος</span> <span class='ocrx_word' id='word_1_538' title='bbox 2635 3385 2728 3438; x_wconf 78' lang='grc' dir='ltr'>καὶ</span> <span class='ocrx_word' id='word_1_539' title='bbox 2755 3385 2966 3447; x_wconf 86' lang='grc' dir='ltr'>δεικνὺς</span> <span class='ocrx_word' id='word_1_540' title='bbox 3004 3383 3103 3454; x_wconf 84' lang='grc' dir='ltr'><strong>τὴν</strong></span> <span class='ocrx_word' id='word_1_541' title='bbox 3129 3384 3306 3439; x_wconf 80' lang='grc' dir='ltr'>αἰτίαν</span> <span class='ocrx_word' id='word_1_542' title='bbox 3330 3384 3396 3437; x_wconf 83' lang='grc' dir='ltr'>δι’</span> <span class='ocrx_word' id='word_1_543' title='bbox 3426 3383 3492 3453; x_wconf 79' lang='grc' dir='ltr'>ἢν</span> <span class='ocrx_word' id='word_1_544' title='bbox 3519 3384 3584 3438; x_wconf 70' lang='grc' dir='ltr'>οὐ</span> 
     </span>
    </p>
   </div>
   <div class='ocr_carea' id='block_1_76' title="bbox 2015 3471 3587 3545">
    <p class='ocr_par' dir='ltr' id='par_1_76' title="bbox 2015 3471 3587 3545">
     <span class='ocr_line' id='line_1_76' title="bbox 2015 3471 3587 3545; baseline 0.001 -20"><span class='ocrx_word' id='word_1_545' title='bbox 2015 3471 2197 3526; x_wconf 82' lang='grc' dir='ltr'>νοοῦσι</span> <span class='ocrx_word' id='word_1_546' title='bbox 2225 3474 2293 3526; x_wconf 81' lang='grc' dir='ltr'><strong>τά</strong></span> <span class='ocrx_word' id='word_1_547' title='bbox 2320 3475 2376 3527; x_wconf 82' lang='grc' dir='ltr'>ὲν</span> <span class='ocrx_word' id='word_1_548' title='bbox 2397 3476 2516 3537; x_wconf 83' lang='grc' dir='ltr'>ταῖς</span> <span class='ocrx_word' id='word_1_549' title='bbox 2536 3475 2800 3545; x_wconf 77' lang='grc' dir='ltr'>Γραφαῖς,</span> <span class='ocrx_word' id='word_1_550' title='bbox 2825 3477 2918 3528; x_wconf 70' lang='grc' dir='ltr'>καὶ</span> <span class='ocrx_word' id='word_1_551' title='bbox 2947 3477 3025 3528; x_wconf 78' lang='grc' dir='ltr'>ὅτι</span> <span class='ocrx_word' id='word_1_552' title='bbox 3055 3477 3101 3527; x_wconf 81' lang='grc' dir='ltr'><strong>εἰ</strong></span> <span class='ocrx_word' id='word_1_553' title='bbox 3134 3476 3207 3544; x_wconf 82' lang='grc' dir='ltr'>μὴ</span> <span class='ocrx_word' id='word_1_554' title='bbox 3236 3473 3587 3529; x_wconf 79' lang='grc' dir='ltr'>πιστεύσειαν</span> 
     </span>
    </p>
   </div>
   <div class='ocr_carea' id='block_1_77' title="bbox 2014 3563 3582 3636">
    <p class='ocr_par' dir='ltr' id='par_1_77' title="bbox 2014 3563 3582 3636">
     <span class='ocr_line' id='line_1_77' title="bbox 2014 3563 3582 3636; baseline 0 -18"><span class='ocrx_word' id='word_1_555' title='bbox 2014 3563 2166 3634; x_wconf 81' lang='grc' dir='ltr'><strong>αὑτῷ</strong></span> <span class='ocrx_word' id='word_1_556' title='bbox 2192 3565 2329 3631; x_wconf 81' lang='grc' dir='ltr'><strong>φωτί</strong></span> <span class='ocrx_word' id='word_1_557' title='bbox 2359 3564 2493 3629; x_wconf 79' lang='grc' dir='ltr'>ὄντι,</span> <span class='ocrx_word' id='word_1_558' title='bbox 2542 3565 2799 3629; x_wconf 78' lang='grc' dir='ltr'>ὁλοτελῶς</span> <span class='ocrx_word' id='word_1_559' title='bbox 2826 3567 3022 3628; x_wconf 75' lang='grc' dir='ltr'>αὐτοὺς</span> <span class='ocrx_word' id='word_1_560' title='bbox 3067 3565 3128 3618; x_wconf 79' lang='grc' dir='ltr'>τὸ</span> <span class='ocrx_word' id='word_1_561' title='bbox 3172 3565 3270 3636; x_wconf 86' lang='grc' dir='ltr'><strong>τῆς</strong></span> <span class='ocrx_word' id='word_1_562' title='bbox 3310 3565 3582 3634; x_wconf 79' lang='grc' dir='ltr'>ἀγνωσίας</span> 
     </span>
    </p>
   </div>
   <div class='ocr_carea' id='block_1_78' title="bbox 2016 3654 3581 3726">
    <p class='ocr_par' dir='ltr' id='par_1_78' title="bbox 2016 3654 3581 3726">
     <span class='ocr_line' id='line_1_78' title="bbox 2016 3654 3581 3726; baseline 0.001 -19"><span class='ocrx_word' id='word_1_563' title='bbox 2016 3654 2381 3726; x_wconf 82' lang='grc' dir='ltr'>καταλήψεται</span> <span class='ocrx_word' id='word_1_564' title='bbox 2415 3658 2624 3720; x_wconf 80' lang='grc' dir='ltr'>σκότος,</span> <span class='ocrx_word' id='word_1_565' title='bbox 2654 3658 2747 3710; x_wconf 75' lang='grc' dir='ltr'>καὶ</span> <span class='ocrx_word' id='word_1_566' title='bbox 2775 3656 2884 3710; x_wconf 84' lang='grc' dir='ltr'>τῶν</span> <span class='ocrx_word' id='word_1_567' title='bbox 2919 3657 2984 3711; x_wconf 85' lang='grc' dir='ltr'>ὲκ</span> <span class='ocrx_word' id='word_1_568' title='bbox 3012 3656 3106 3711; x_wconf 73' lang='grc' dir='ltr'><strong>τοῦ</strong></span> <span class='ocrx_word' id='word_1_569' title='bbox 3154 3657 3331 3726; x_wconf 84' lang='grc' dir='ltr'>φωτὸς</span> <span class='ocrx_word' id='word_1_570' title='bbox 3358 3656 3581 3724; x_wconf 81' lang='grc' dir='ltr'>ἀγαθῶν</span> 
     </span>
    </p>
   </div>
   <div class='ocr_carea' id='block_1_79' title="bbox 2016 3746 3582 3818">
    <p class='ocr_par' dir='ltr' id='par_1_79' title="bbox 2016 3746 3582 3818">
     <span class='ocr_line' id='line_1_79' title="bbox 2016 3746 3582 3818; baseline 0.003 -21"><span class='ocrx_word' id='word_1_571' title='bbox 2016 3746 2459 3817; x_wconf 81' lang='grc' dir='ltr'>στερηθήσονται.</span> <span class='ocrx_word' id='word_1_572' title='bbox 2487 3748 2648 3801; x_wconf 86' lang='grc' dir='ltr'>Ὅσον</span> <span class='ocrx_word' id='word_1_573' title='bbox 2680 3747 2788 3818; x_wconf 68' lang='grc' dir='ltr'>γὰρ</span> <span class='ocrx_word' id='word_1_574' title='bbox 2825 3748 2935 3801; x_wconf 83' lang='grc' dir='ltr'><strong>ἀπὸ</strong></span> <span class='ocrx_word' id='word_1_575' title='bbox 2964 3750 3063 3818; x_wconf 81' lang='grc' dir='ltr'>τῆς</span> <span class='ocrx_word' id='word_1_576' title='bbox 3091 3749 3331 3818; x_wconf 83' lang='grc' dir='ltr'>Γραφῆς,</span> <span class='ocrx_word' id='word_1_577' title='bbox 3363 3747 3439 3811; x_wconf 86' lang='grc' dir='ltr'>ὼς</span> <span class='ocrx_word' id='word_1_578' title='bbox 3465 3747 3582 3817; x_wconf 77' lang='grc' dir='ltr'><strong>φῶς</strong></span> 
     </span>
    </p>
   </div>
   <div class='ocr_carea' id='block_1_80' title="bbox 2016 3835 3578 3910">
    <p class='ocr_par' dir='ltr' id='par_1_80' title="bbox 2016 3835 3578 3910">
     <span class='ocr_line' id='line_1_80' title="bbox 2016 3835 3578 3910; baseline 0 -21"><span class='ocrx_word' id='word_1_579' title='bbox 2016 3837 2356 3906; x_wconf 80' lang='grc' dir='ltr'>προσεδόκων</span> <span class='ocrx_word' id='word_1_580' title='bbox 2377 3840 2466 3892; x_wconf 85' lang='grc' dir='ltr'><strong>τὸν</strong></span> <span class='ocrx_word' id='word_1_581' title='bbox 2491 3840 2754 3893; x_wconf 82' lang='grc' dir='ltr'>Μεσσίαν.</span> <span class='ocrx_word' id='word_1_582' title='bbox 2783 3839 3001 3910; x_wconf 84' lang='grc' dir='ltr'>Ἐπειδὴ</span> <span class='ocrx_word' id='word_1_583' title='bbox 3026 3840 3080 3892; x_wconf 78' lang='grc' dir='ltr'>δὲ</span> <span class='ocrx_word' id='word_1_584' title='bbox 3106 3835 3286 3909; x_wconf 74' lang='grc' dir='ltr'>ἦλθεν,</span> <span class='ocrx_word' id='word_1_585' title='bbox 3318 3841 3396 3901; x_wconf 87' lang='grc' dir='ltr'><strong>εἰς</strong></span> <span class='ocrx_word' id='word_1_586' title='bbox 3420 3839 3548 3892; x_wconf 78' lang='grc' dir='ltr'><strong>τούν</strong></span> <span class='ocrx_word' id='word_1_587' title='bbox 3573 3868 3578 3874; x_wconf 93' lang='grc'><strong><em>-</em></strong></span> 
     </span>
    </p>
   </div>
   <div class='ocr_carea' id='block_1_81' title="bbox 2015 3931 3575 4002">
    <p class='ocr_par' dir='ltr' id='par_1_81' title="bbox 2015 3931 3575 4002">
     <span class='ocr_line' id='line_1_81' title="bbox 2015 3931 3575 4002; baseline 0.001 -20"><span class='ocrx_word' id='word_1_588' title='bbox 2015 3931 2193 3983; x_wconf 86' lang='grc' dir='ltr'>αντίον</span> <span class='ocrx_word' id='word_1_589' title='bbox 2235 3932 2418 3994; x_wconf 83' lang='grc' dir='ltr'>αὐτοῖς</span> <span class='ocrx_word' id='word_1_590' title='bbox 2439 3932 2615 4002; x_wconf 77' lang='grc' dir='ltr'>ἀπέϐη</span> <span class='ocrx_word' id='word_1_591' title='bbox 2634 3933 2702 3986; x_wconf 81' lang='grc' dir='ltr'><strong>τά</strong></span> <span class='ocrx_word' id='word_1_592' title='bbox 2724 3933 2823 4001; x_wconf 81' lang='grc' dir='ltr'>τῆς</span> <span class='ocrx_word' id='word_1_593' title='bbox 2843 3933 3056 3995; x_wconf 79' lang='grc' dir='ltr'>ἐλπίδος</span> <span class='ocrx_word' id='word_1_594' title='bbox 3077 3951 3088 3962; x_wconf 90' lang='grc'><strong>·</strong></span> <span class='ocrx_word' id='word_1_595' title='bbox 3120 3932 3308 3994; x_wconf 81' lang='grc' dir='ltr'>σκότος</span> <span class='ocrx_word' id='word_1_596' title='bbox 3341 3931 3451 4000; x_wconf 77' lang='grc' dir='ltr'>γὰρ</span> <span class='ocrx_word' id='word_1_597' title='bbox 3480 3931 3575 3986; x_wconf 70' lang='lat' dir='ltr'><strong>a6-</strong></span> 
     </span>
    </p>
   </div>
   <div class='ocr_carea' id='block_1_82' title="bbox 2013 4020 3576 4096">
    <p class='ocr_par' dir='ltr' id='par_1_82' title="bbox 2013 4020 3576 4096">
     <span class='ocr_line' id='line_1_82' title="bbox 2013 4020 3576 4096; baseline 0.001 -22"><span class='ocrx_word' id='word_1_598' title='bbox 2013 4023 2139 4086; x_wconf 84' lang='grc' dir='ltr'>τοὺς</span> <span class='ocrx_word' id='word_1_599' title='bbox 2157 4023 2425 4077; x_wconf 76' lang='grc' dir='ltr'>κατέλαϐε</span> <span class='ocrx_word' id='word_1_600' title='bbox 2439 4024 2523 4078; x_wconf 76' lang='grc' dir='ltr'>διὰ</span> <span class='ocrx_word' id='word_1_601' title='bbox 2537 4025 2634 4096; x_wconf 84' lang='grc' dir='ltr'><strong>τὴν</strong></span> <span class='ocrx_word' id='word_1_602' title='bbox 2652 4025 2927 4078; x_wconf 86' lang='grc' dir='ltr'>ἀπιστίαν.</span> <span class='ocrx_word' id='word_1_603' title='bbox 2945 4025 3272 4096; x_wconf 79' lang='grc' dir='ltr'>Ἀνανήψατε</span> <span class='ocrx_word' id='word_1_604' title='bbox 3293 4020 3406 4088; x_wconf 85' lang='grc' dir='ltr'>οὖν,</span> <span class='ocrx_word' id='word_1_605' title='bbox 3420 4023 3576 4095; x_wconf 73' lang='grc' dir='ltr'>φησὶ,</span> 
     </span>
    </p>
   </div>
   <div class='ocr_carea' id='block_1_83' title="bbox 2014 4112 3575 4188">
    <p class='ocr_par' dir='ltr' id='par_1_83' title="bbox 2014 4112 3575 4188">
     <span class='ocr_line' id='line_1_83' title="bbox 2014 4112 3575 4188; baseline 0.001 -23"><span class='ocrx_word' id='word_1_606' title='bbox 2014 4114 2245 4183; x_wconf 81' lang='grc' dir='ltr'>ταχέως,</span> <span class='ocrx_word' id='word_1_607' title='bbox 2297 4114 2403 4178; x_wconf 76' lang='grc' dir='ltr'><strong>ἕως</strong></span> <span class='ocrx_word' id='word_1_608' title='bbox 2435 4115 2561 4184; x_wconf 81' lang='grc' dir='ltr'>ὑμῖν</span> <span class='ocrx_word' id='word_1_609' title='bbox 2605 4116 2780 4180; x_wconf 77' lang='grc' dir='ltr'>ἔξεστι</span> <span class='ocrx_word' id='word_1_610' title='bbox 2831 4117 3026 4188; x_wconf 87' lang='grc' dir='ltr'>μικρόν</span> <span class='ocrx_word' id='word_1_611' title='bbox 3069 4133 3121 4169; x_wconf 93' lang='grc' dir='ltr'><strong>τι</strong></span> <span class='ocrx_word' id='word_1_612' title='bbox 3153 4115 3254 4184; x_wconf 79' lang='grc' dir='ltr'><strong>τῆς</strong></span> <span class='ocrx_word' id='word_1_613' title='bbox 3289 4115 3382 4167; x_wconf 84' lang='grc' dir='ltr'>τοῦ</span> <span class='ocrx_word' id='word_1_614' title='bbox 3429 4112 3575 4167; x_wconf 82' lang='grc' dir='ltr'>θείου</span> 
     </span>
    </p>
   </div>
   <div class='ocr_carea' id='block_1_84' title="bbox 2015 4203 3579 4278">
    <p class='ocr_par' dir='ltr' id='par_1_84' title="bbox 2015 4203 3579 4278">
     <span class='ocr_line' id='line_1_84' title="bbox 2015 4203 3579 4278; baseline 0 -22"><span class='ocrx_word' id='word_1_615' title='bbox 2015 4205 2189 4272; x_wconf 78' lang='grc' dir='ltr'>φωτὸς</span> <span class='ocrx_word' id='word_1_616' title='bbox 2219 4205 2392 4275; x_wconf 77' lang='grc' dir='ltr'>αὐγῆς</span> <span class='ocrx_word' id='word_1_617' title='bbox 2432 4209 2743 4276; x_wconf 83' lang='grc' dir='ltr'>μετασχεῖν,</span> <span class='ocrx_word' id='word_1_618' title='bbox 2781 4207 2868 4260; x_wconf 84' lang='grc' dir='ltr'>ἵνα</span> <span class='ocrx_word' id='word_1_619' title='bbox 2899 4207 2972 4278; x_wconf 78' lang='grc' dir='ltr'>μὴ</span> <span class='ocrx_word' id='word_1_620' title='bbox 3003 4207 3147 4276; x_wconf 82' lang='grc' dir='ltr'>ὑμᾶς</span> <span class='ocrx_word' id='word_1_621' title='bbox 3173 4205 3272 4274; x_wconf 80' lang='grc' dir='ltr'>τῆς</span> <span class='ocrx_word' id='word_1_622' title='bbox 3306 4203 3579 4275; x_wconf 76' lang='grc' dir='ltr'>ἁμαρτίας</span> 
     </span>
    </p>
   </div>
   <div class='ocr_carea' id='block_1_85' title="bbox 2015 4295 3582 4370">
    <p class='ocr_par' dir='ltr' id='par_1_85' title="bbox 2015 4295 3582 4370">
     <span class='ocr_line' id='line_1_85' title="bbox 2015 4295 3582 4370; baseline -0.001 -19"><span class='ocrx_word' id='word_1_623' title='bbox 2015 4296 2294 4370; x_wconf 76' lang='grc' dir='ltr'>καταλάϐῃ</span> <span class='ocrx_word' id='word_1_624' title='bbox 2343 4297 2554 4362; x_wconf 86' lang='grc' dir='ltr'>σκότος.</span> <span class='ocrx_word' id='word_1_625' title='bbox 2584 4299 2777 4362; x_wconf 84' lang='grc' dir='ltr'>Καλῶς</span> <span class='ocrx_word' id='word_1_626' title='bbox 2817 4299 2874 4353; x_wconf 78' lang='grc' dir='ltr'>δὲ</span> <span class='ocrx_word' id='word_1_627' title='bbox 2907 4295 3027 4352; x_wconf 88' lang='grc' dir='ltr'>εἷπε</span> <span class='ocrx_word' id='word_1_628' title='bbox 3060 4298 3197 4368; x_wconf 82' lang='grc' dir='ltr'><strong>μετά</strong></span> <span class='ocrx_word' id='word_1_629' title='bbox 3222 4297 3284 4350; x_wconf 79' lang='grc' dir='ltr'><strong>τὸ</strong></span> <span class='ocrx_word' id='word_1_630' title='bbox 3325 4297 3440 4365; x_wconf 84' lang='grc' dir='ltr'>φῶς</span> <span class='ocrx_word' id='word_1_631' title='bbox 3479 4297 3582 4366; x_wconf 77' lang='grc' dir='ltr'>τὴν</span> 
     </span>
    </p>
   </div>
   <div class='ocr_carea' id='block_1_86' title="bbox 2016 4390 3577 4462">
    <p class='ocr_par' dir='ltr' id='par_1_86' title="bbox 2016 4390 3577 4462">
     <span class='ocr_line' id='line_1_86' title="bbox 2016 4390 3577 4462; baseline -0.001 -20"><span class='ocrx_word' id='word_1_632' title='bbox 2016 4393 2261 4446; x_wconf 73' lang='grc' dir='ltr'>σκοτίανο</span> <span class='ocrx_word' id='word_1_633' title='bbox 2305 4392 2426 4444; x_wconf 86' lang='grc' dir='ltr'>κατ’</span> <span class='ocrx_word' id='word_1_634' title='bbox 2473 4393 2616 4461; x_wconf 78' lang='grc' dir='ltr'>ἴχνος</span> <span class='ocrx_word' id='word_1_635' title='bbox 2649 4392 2754 4462; x_wconf 83' lang='grc' dir='ltr'>γὰρ</span> <span class='ocrx_word' id='word_1_636' title='bbox 2801 4391 2899 4459; x_wconf 80' lang='grc' dir='ltr'>τῆς</span> <span class='ocrx_word' id='word_1_637' title='bbox 2937 4390 3031 4443; x_wconf 82' lang='grc' dir='ltr'>τοῦ</span> <span class='ocrx_word' id='word_1_638' title='bbox 3075 4391 3250 4458; x_wconf 71' lang='grc' dir='ltr'>φωτὸς</span> <span class='ocrx_word' id='word_1_639' title='bbox 3291 4390 3577 4459; x_wconf 83' lang='grc' dir='ltr'>ἀναχωρή-</span> 
     </span>
    </p>
   </div>
   <div class='ocr_carea' id='block_1_87' title="bbox 363 4475 1919 4554">
    <p class='ocr_par' dir='ltr' id='par_1_87' title="bbox 363 4475 1904 4548">
     <span class='ocr_line' id='line_1_87' title="bbox 363 4475 1904 4548; baseline 0.016 -24"><span class='ocrx_word' id='word_1_640' title='bbox 363 4486 517 4526; x_wconf 88' lang='lat' dir='ltr'><strong>ucem</strong></span> <span class='ocrx_word' id='word_1_641' title='bbox 555 4475 808 4530; x_wconf 86' lang='lat' dir='ltr'><strong>tenebras</strong></span> <span class='ocrx_word' id='word_1_642' title='bbox 842 4495 854 4531; x_wconf 91' lang='lat'><strong>:</strong></span> <span class='ocrx_word' id='word_1_643' title='bbox 890 4479 1157 4548; x_wconf 75' lang='lat' dir='ltr'><strong>evestigio</strong></span> <span class='ocrx_word' id='word_1_644' title='bbox 1195 4483 1340 4535; x_wconf 83' lang='lat' dir='ltr'><strong>enim</strong></span> <span class='ocrx_word' id='word_1_645' title='bbox 1411 4499 1631 4541; x_wconf 85' lang='lat' dir='ltr'><strong>recessu</strong></span> <span class='ocrx_word' id='word_1_646' title='bbox 1681 4490 1904 4548; x_wconf 89' lang='lat' dir='ltr'><strong>luminis</strong></span> 
     </span>
    </p>
   </div>
   <div class='ocr_carea' id='block_1_88' title="bbox 2029 4475 3579 4554">
    <p class='ocr_par' dir='ltr' id='par_1_88' title="bbox 2029 4480 3579 4553">
     <span class='ocr_line' id='line_1_88' title="bbox 2029 4480 3579 4553; baseline -0.001 -19"><span class='ocrx_word' id='word_1_647' title='bbox 2029 4499 2150 4547; x_wconf 75' lang='grc' dir='ltr'>ῖεως</span> <span class='ocrx_word' id='word_1_648' title='bbox 2177 4483 2376 4553; x_wconf 76' lang='grc' dir='ltr'>βαδίζει</span> <span class='ocrx_word' id='word_1_649' title='bbox 2414 4484 2474 4537; x_wconf 80' lang='grc' dir='ltr'><strong>τὸ</strong></span> <span class='ocrx_word' id='word_1_650' title='bbox 2514 4485 2722 4546; x_wconf 85' lang='grc' dir='ltr'>σκότος.</span> <span class='ocrx_word' id='word_1_651' title='bbox 2759 4481 2942 4535; x_wconf 85' lang='grc' dir='ltr'>Εἰπὼν</span> <span class='ocrx_word' id='word_1_652' title='bbox 2965 4481 3020 4535; x_wconf 83' lang='grc' dir='ltr'>δὲ</span> <span class='ocrx_word' id='word_1_653' title='bbox 3061 4481 3156 4533; x_wconf 77' lang='grc' dir='ltr'><strong>σὺν</strong></span> <span class='ocrx_word' id='word_1_654' title='bbox 3180 4481 3257 4551; x_wconf 82' lang='grc' dir='ltr'><strong>τῷ</strong></span> <span class='ocrx_word' id='word_1_655' title='bbox 3298 4480 3484 4552; x_wconf 79' lang='grc' dir='ltr'>ἀρθρῳ</span> <span class='ocrx_word' id='word_1_656' title='bbox 3510 4480 3579 4533; x_wconf 83' lang='grc' dir='ltr'>τὸ</span> 
     </span>
    </p>
   </div>
   <div class='ocr_carea' id='block_1_89' title="bbox 339 4565 1908 4640">
    <p class='ocr_par' dir='ltr' id='par_1_89' title="bbox 339 4565 1908 4640">
     <span class='ocr_line' id='line_1_89' title="bbox 339 4565 1908 4640; baseline 0.014 -22"><span class='ocrx_word' id='word_1_657' title='bbox 339 4565 647 4621; x_wconf 81' lang='lat' dir='ltr'><strong>succedunt</strong></span> <span class='ocrx_word' id='word_1_658' title='bbox 717 4571 980 4625; x_wconf 66' lang='lat' dir='ltr'><strong>tenebrae.</strong></span> <span class='ocrx_word' id='word_1_659' title='bbox 1046 4571 1244 4628; x_wconf 86' lang='lat' dir='ltr'><strong>Dicens</strong></span> <span class='ocrx_word' id='word_1_660' title='bbox 1300 4591 1432 4630; x_wconf 88' lang='lat' dir='ltr'><strong>vero</strong></span> <span class='ocrx_word' id='word_1_661' title='bbox 1493 4595 1615 4632; x_wconf 89' lang='lat' dir='ltr'><strong>cum</strong></span> <span class='ocrx_word' id='word_1_662' title='bbox 1676 4584 1908 4640; x_wconf 87' lang='lat' dir='ltr'><strong>articulo</strong></span> 
     </span>
    </p>
   </div>
   <div class='ocr_carea' id='block_1_90' title="bbox 340 4655 1909 4739">
    <p class='ocr_par' dir='ltr' id='par_1_90' title="bbox 340 4655 1909 4739">
     <span class='ocr_line' id='line_1_90' title="bbox 340 4655 1909 4739; baseline 0.011 -27"><span class='ocrx_word' id='word_1_663' title='bbox 340 4659 536 4719; x_wconf 74' lang='lat' dir='ltr'><strong>lumen,</strong></span> <span class='ocrx_word' id='word_1_664' title='bbox 567 4655 812 4728; x_wconf 87' lang='lat' dir='ltr'><strong>seipsum</strong></span> <span class='ocrx_word' id='word_1_665' title='bbox 841 4661 1122 4727; x_wconf 89' lang='lat' dir='ltr'><strong>indicavit,</strong></span> <span class='ocrx_word' id='word_1_666' title='bbox 1154 4667 1417 4733; x_wconf 90' lang='lat' dir='ltr'><strong>quoniam</strong></span> <span class='ocrx_word' id='word_1_667' title='bbox 1453 4667 1572 4739; x_wconf 86' lang='lat' dir='ltr'><strong>ipse</strong></span> <span class='ocrx_word' id='word_1_668' title='bbox 1607 4672 1760 4728; x_wconf 84' lang='lat' dir='ltr'><strong>solus</strong></span> <span class='ocrx_word' id='word_1_669' title='bbox 1783 4691 1909 4730; x_wconf 85' lang='lat' dir='ltr'><strong>vere</strong></span> 
     </span>
    </p>
   </div>
   <div class='ocr_carea' id='block_1_91' title="bbox 336 4748 570 4802">
    <p class='ocr_par' dir='ltr' id='par_1_91' title="bbox 336 4748 570 4802">
     <span class='ocr_line' id='line_1_91' title="bbox 336 4748 570 4802; baseline -0.009 0"><span class='ocrx_word' id='word_1_670' title='bbox 336 4756 426 4802; x_wconf 81' lang='lat' dir='ltr'><strong>est</strong></span> <span class='ocrx_word' id='word_1_671' title='bbox 455 4748 570 4801; x_wconf 87' lang='lat' dir='ltr'><strong>lux.</strong></span> 
     </span>
    </p>
   </div>
   <div class='ocr_carea' id='block_1_92' title="bbox 411 4837 1763 4912">
    <p class='ocr_par' dir='ltr' id='par_1_92' title="bbox 411 4837 1763 4912">
     <span class='ocr_line' id='line_1_92' title="bbox 411 4837 1763 4912; baseline 0.013 -22"><span class='ocrx_word' id='word_1_672' title='bbox 411 4837 524 4905; x_wconf 78' lang='lat' dir='ltr'><strong>XII,</strong></span> <span class='ocrx_word' id='word_1_673' title='bbox 553 4839 644 4894; x_wconf 72' lang='grc'><strong>40.</strong></span> <span class='ocrx_word' id='word_1_674' title='bbox 688 4839 991 4896; x_wconf 68' lang='lat' dir='ltr'><strong>Excazcavit</strong></span> <span class='ocrx_word' id='word_1_675' title='bbox 1023 4845 1184 4910; x_wconf 81' lang='lat' dir='ltr'><strong>enim,</strong></span> <span class='ocrx_word' id='word_1_676' title='bbox 1217 4848 1316 4912; x_wconf 77' lang='lat' dir='ltr'><strong>ait,</strong></span> <span class='ocrx_word' id='word_1_677' title='bbox 1347 4865 1528 4905; x_wconf 81' lang='lat' dir='ltr'><strong>eorum</strong></span> <span class='ocrx_word' id='word_1_678' title='bbox 1565 4853 1763 4908; x_wconf 82' lang='lat' dir='ltr'><strong>oculos.</strong></span> 
     </span>
    </p>
   </div>
   <div class='ocr_carea' id='block_1_93' title="bbox 411 4995 1906 5081">
    <p class='ocr_par' dir='ltr' id='par_1_93' title="bbox 411 4995 1906 5081">
     <span class='ocr_line' id='line_1_93' title="bbox 411 4995 1906 5081; baseline 0.012 -32"><span class='ocrx_word' id='word_1_679' title='bbox 411 4995 700 5052; x_wconf 79' lang='lat' dir='ltr'><strong>Enimvero</strong></span> <span class='ocrx_word' id='word_1_680' title='bbox 730 5016 837 5054; x_wconf 92' lang='lat' dir='ltr'><strong>non</strong></span> <span class='ocrx_word' id='word_1_681' title='bbox 867 5010 927 5055; x_wconf 91' lang='lat' dir='ltr'><strong>ut</strong></span> <span class='ocrx_word' id='word_1_682' title='bbox 960 5003 1327 5072; x_wconf 89' lang='lat' dir='ltr'><strong>implerentur</strong></span> <span class='ocrx_word' id='word_1_683' title='bbox 1367 5009 1628 5065; x_wconf 88' lang='lat' dir='ltr'><strong>vaticinia</strong></span> <span class='ocrx_word' id='word_1_684' title='bbox 1669 5014 1906 5081; x_wconf 64' lang='lat' dir='ltr'><strong>promte.-</strong></span> 
     </span>
    </p>
   </div>
   <div class='ocr_carea' id='block_1_94' title="bbox 336 5087 1908 5168">
    <p class='ocr_par' dir='ltr' id='par_1_94' title="bbox 336 5087 1908 5168">
     <span class='ocr_line' id='line_1_94' title="bbox 336 5087 1908 5168; baseline 0.009 -26"><span class='ocrx_word' id='word_1_685' title='bbox 336 5095 517 5142; x_wconf 84' lang='lat' dir='ltr'><strong>tarum</strong></span> <span class='ocrx_word' id='word_1_686' title='bbox 543 5087 714 5144; x_wconf 69' lang='lat' dir='ltr'><strong>Judaei</strong></span> <span class='ocrx_word' id='word_1_687' title='bbox 747 5090 1034 5146; x_wconf 91' lang='lat' dir='ltr'><strong>Dominum</strong></span> <span class='ocrx_word' id='word_1_688' title='bbox 1064 5097 1388 5151; x_wconf 83' lang='lat' dir='ltr'><strong>occiderunt</strong></span> <span class='ocrx_word' id='word_1_689' title='bbox 1415 5099 1540 5168; x_wconf 90' lang='lat' dir='ltr'><strong>(hoc</strong></span> <span class='ocrx_word' id='word_1_690' title='bbox 1568 5099 1714 5152; x_wconf 90' lang='lat' dir='ltr'><strong>enim</strong></span> <span class='ocrx_word' id='word_1_691' title='bbox 1746 5102 1908 5156; x_wconf 89' lang='lat' dir='ltr'><strong>modo</strong></span> 
     </span>
    </p>
   </div>
   <div class='ocr_carea' id='block_1_95' title="bbox 337 5179 1906 5258">
    <p class='ocr_par' dir='ltr' id='par_1_95' title="bbox 337 5179 1906 5258">
     <span class='ocr_line' id='line_1_95' title="bbox 337 5179 1906 5258; baseline 0.011 -28"><span class='ocrx_word' id='word_1_692' title='bbox 337 5179 492 5247; x_wconf 87' lang='lat' dir='ltr'><strong>impii</strong></span> <span class='ocrx_word' id='word_1_693' title='bbox 523 5196 631 5236; x_wconf 88' lang='lat' dir='ltr'><strong>non</strong></span> <span class='ocrx_word' id='word_1_694' title='bbox 675 5182 958 5252; x_wconf 81' lang='lat' dir='ltr'><strong>fuissent),</strong></span> <span class='ocrx_word' id='word_1_695' title='bbox 985 5186 1080 5242; x_wconf 73' lang='lat' dir='ltr'><strong>sed</strong></span> <span class='ocrx_word' id='word_1_696' title='bbox 1123 5203 1185 5241; x_wconf 81' lang='lat' dir='ltr'><strong>ex</strong></span> <span class='ocrx_word' id='word_1_697' title='bbox 1223 5190 1443 5258; x_wconf 88' lang='lat' dir='ltr'><strong>proprio</strong></span> <span class='ocrx_word' id='word_1_698' title='bbox 1469 5192 1674 5248; x_wconf 82' lang='lat' dir='ltr'><strong>scelere</strong></span> <span class='ocrx_word' id='word_1_699' title='bbox 1697 5207 1762 5246; x_wconf 90' lang='lat' dir='ltr'><strong>ac</strong></span> <span class='ocrx_word' id='word_1_700' title='bbox 1790 5210 1906 5246; x_wconf 79' lang='lat' dir='ltr'><strong>tua-</strong></span> 
     </span>
    </p>
   </div>
   <div class='ocr_carea' id='block_1_96' title="bbox 339 5269 1908 5351">
    <p class='ocr_par' dir='ltr' id='par_1_96' title="bbox 339 5269 1908 5351">
     <span class='ocr_line' id='line_1_96' title="bbox 339 5269 1908 5351; baseline 0.01 -30"><span class='ocrx_word' id='word_1_701' title='bbox 339 5269 474 5325; x_wconf 83' lang='lat' dir='ltr'><strong>litia.</strong></span> <span class='ocrx_word' id='word_1_702' title='bbox 497 5271 613 5327; x_wconf 85' lang='lat' dir='ltr'><strong>Etsi</strong></span> <span class='ocrx_word' id='word_1_703' title='bbox 648 5275 793 5328; x_wconf 88' lang='lat' dir='ltr'><strong>enim</strong></span> <span class='ocrx_word' id='word_1_704' title='bbox 826 5279 1194 5346; x_wconf 79' lang='lat' dir='ltr'><strong>praedixerant</strong></span> <span class='ocrx_word' id='word_1_705' title='bbox 1222 5281 1501 5351; x_wconf 71' lang='lat' dir='ltr'><strong>prophetae</strong></span> <span class='ocrx_word' id='word_1_706' title='bbox 1530 5296 1652 5350; x_wconf 75' lang='lat' dir='ltr'><strong>qute</strong></span> <span class='ocrx_word' id='word_1_707' title='bbox 1682 5284 1908 5336; x_wconf 89' lang='lat' dir='ltr'><strong>omnino</strong></span> 
     </span>
    </p>
   </div>
   <div class='ocr_carea' id='block_1_97' title="bbox 337 5370 1906 5442">
    <p class='ocr_par' dir='ltr' id='par_1_97' title="bbox 337 5370 1906 5442">
     <span class='ocr_line' id='line_1_97' title="bbox 337 5370 1906 5442; baseline 0.006 -24"><span class='ocrx_word' id='word_1_708' title='bbox 337 5371 600 5419; x_wconf 76' lang='lat' dir='ltr'><strong>eventura</strong></span> <span class='ocrx_word' id='word_1_709' title='bbox 631 5375 809 5430; x_wconf 87' lang='lat' dir='ltr'><strong>erant,</strong></span> <span class='ocrx_word' id='word_1_710' title='bbox 834 5380 888 5424; x_wconf 89' lang='lat' dir='ltr'><strong>et</strong></span> <span class='ocrx_word' id='word_1_711' title='bbox 925 5370 1193 5425; x_wconf 75' lang='lat' dir='ltr'><strong>nefarium</strong></span> <span class='ocrx_word' id='word_1_712' title='bbox 1229 5387 1293 5426; x_wconf 87' lang='lat' dir='ltr'><strong>ac</strong></span> <span class='ocrx_word' id='word_1_713' title='bbox 1323 5381 1684 5442; x_wconf 86' lang='lat' dir='ltr'><strong>spontaneum</strong></span> <span class='ocrx_word' id='word_1_714' title='bbox 1718 5389 1906 5428; x_wconf 88' lang='lat' dir='ltr'><strong>eorum</strong></span> 
     </span>
    </p>
   </div>
   <div class='ocr_carea' id='block_1_98' title="bbox 339 5457 1908 5533">
    <p class='ocr_par' dir='ltr' id='par_1_98' title="bbox 339 5457 1908 5533">
     <span class='ocr_line' id='line_1_98' title="bbox 339 5457 1908 5533; baseline 0.006 -23"><span class='ocrx_word' id='word_1_715' title='bbox 339 5457 632 5514; x_wconf 83' lang='lat' dir='ltr'><strong>consilium</strong></span> <span class='ocrx_word' id='word_1_716' title='bbox 686 5470 967 5524; x_wconf 84' lang='lat' dir='ltr'><strong>secutura,</strong></span> <span class='ocrx_word' id='word_1_717' title='bbox 1013 5463 1138 5517; x_wconf 86' lang='lat' dir='ltr'><strong>ideo</strong></span> <span class='ocrx_word' id='word_1_718' title='bbox 1207 5465 1604 5533; x_wconf 63' lang='lat' dir='ltr'><strong>pra-dixerunt,</strong></span> <span class='ocrx_word' id='word_1_719' title='bbox 1645 5473 1702 5520; x_wconf 92' lang='lat' dir='ltr'><strong>ut</strong></span> <span class='ocrx_word' id='word_1_720' title='bbox 1771 5467 1908 5520; x_wconf 90' lang='lat' dir='ltr'><strong>resi-</strong></span> 
     </span>
    </p>
   </div>
   <div class='ocr_carea' id='block_1_99' title="bbox 341 5544 1905 5623">
    <p class='ocr_par' dir='ltr' id='par_1_99' title="bbox 341 5544 1905 5623">
     <span class='ocr_line' id='line_1_99' title="bbox 341 5544 1905 5623; baseline 0.008 -27"><span class='ocrx_word' id='word_1_721' title='bbox 341 5544 617 5614; x_wconf 84' lang='lat' dir='ltr'><strong>piscentes</strong></span> <span class='ocrx_word' id='word_1_722' title='bbox 648 5549 852 5605; x_wconf 80' lang='lat' dir='ltr'><strong>diaboli</strong></span> <span class='ocrx_word' id='word_1_723' title='bbox 897 5552 1077 5606; x_wconf 79' lang='lat' dir='ltr'><strong>fossas</strong></span> <span class='ocrx_word' id='word_1_724' title='bbox 1123 5554 1486 5614; x_wconf 89' lang='lat' dir='ltr'><strong>transilirent,</strong></span> <span class='ocrx_word' id='word_1_725' title='bbox 1519 5571 1642 5607; x_wconf 87' lang='lat' dir='ltr'><strong>cum</strong></span> <span class='ocrx_word' id='word_1_726' title='bbox 1678 5570 1905 5623; x_wconf 85' lang='lat' dir='ltr'><strong>prorsus</strong></span> 
     </span>
    </p>
   </div>
   <div class='ocr_carea' id='block_1_100' title="bbox 341 5637 1906 5714">
    <p class='ocr_par' dir='ltr' id='par_1_100' title="bbox 341 5637 1906 5714">
     <span class='ocr_line' id='line_1_100' title="bbox 341 5637 1906 5714; baseline 0.008 -27"><span class='ocrx_word' id='word_1_727' title='bbox 341 5637 397 5688; x_wconf 90' lang='lat' dir='ltr'><strong>in</strong></span> <span class='ocrx_word' id='word_1_728' title='bbox 455 5645 724 5707; x_wconf 89' lang='lat' dir='ltr'><strong>potestate</strong></span> <span class='ocrx_word' id='word_1_729' title='bbox 780 5651 926 5696; x_wconf 86' lang='lat' dir='ltr'><strong>esset</strong></span> <span class='ocrx_word' id='word_1_730' title='bbox 979 5645 1314 5698; x_wconf 85' lang='lat' dir='ltr'><strong>audientium</strong></span> <span class='ocrx_word' id='word_1_731' title='bbox 1362 5660 1688 5714; x_wconf 71' lang='lat' dir='ltr'><strong>przrcavcrc.</strong></span> <span class='ocrx_word' id='word_1_732' title='bbox 1725 5646 1906 5710; x_wconf 79' lang='lat' dir='ltr'><strong>Quare</strong></span> 
     </span>
    </p>
   </div>
   <div class='ocr_carea' id='block_1_101' title="bbox 343 5732 1905 5806">
    <p class='ocr_par' dir='ltr' id='par_1_101' title="bbox 343 5732 1905 5806">
     <span class='ocr_line' id='line_1_101' title="bbox 343 5732 1905 5806; baseline 0.007 -24"><span class='ocrx_word' id='word_1_733' title='bbox 343 5732 653 5785; x_wconf 80' lang='lat' dir='ltr'><strong>necessaria</strong></span> <span class='ocrx_word' id='word_1_734' title='bbox 711 5734 1009 5802; x_wconf 70' lang='lat' dir='ltr'><strong>praedictio.</strong></span> <span class='ocrx_word' id='word_1_735' title='bbox 1057 5735 1268 5792; x_wconf 78' lang='lat' dir='ltr'><strong>Rursus</strong></span> <span class='ocrx_word' id='word_1_736' title='bbox 1325 5737 1554 5794; x_wconf 80' lang='lat' dir='ltr'><strong>alterius</strong></span> <span class='ocrx_word' id='word_1_737' title='bbox 1589 5738 1905 5806; x_wconf 66' lang='grc' dir='ltr'>ιιιιαεδιίυιιίδ</span> 
     </span>
    </p>
   </div>
   <div class='ocr_carea' id='block_1_102' title="bbox 2008 4575 3578 4647">
    <p class='ocr_par' dir='ltr' id='par_1_102' title="bbox 2008 4575 3578 4647">
     <span class='ocr_line' id='line_1_102' title="bbox 2008 4575 3578 4647; baseline -0.001 -19"><span class='ocrx_word' id='word_1_738' title='bbox 2008 4575 2154 4644; x_wconf 63' lang='grc' dir='ltr'>φῶς,</span> <span class='ocrx_word' id='word_1_739' title='bbox 2192 4577 2381 4631; x_wconf 78' lang='grc' dir='ltr'>ἑαυτὸν</span> <span class='ocrx_word' id='word_1_740' title='bbox 2409 4577 2696 4647; x_wconf 77' lang='grc' dir='ltr'>ἐδήλωσεν,</span> <span class='ocrx_word' id='word_1_741' title='bbox 2746 4578 2825 4629; x_wconf 81' lang='grc' dir='ltr'>ὅτι</span> <span class='ocrx_word' id='word_1_742' title='bbox 2876 4577 3038 4641; x_wconf 77' lang='grc' dir='ltr'>αὑτός</span> <span class='ocrx_word' id='word_1_743' title='bbox 3082 4579 3198 4630; x_wconf 74' lang='grc' dir='ltr'>ἐστι</span> <span class='ocrx_word' id='word_1_744' title='bbox 3233 4576 3390 4646; x_wconf 86' lang='grc' dir='ltr'>μόνος</span> <span class='ocrx_word' id='word_1_745' title='bbox 3434 4576 3578 4628; x_wconf 82' lang='grc' dir='ltr'><strong>κατά</strong></span> 
     </span>
    </p>
   </div>
   <div class='ocr_carea' id='block_1_103' title="bbox 2007 4666 2518 4738">
    <p class='ocr_par' dir='ltr' id='par_1_103' title="bbox 2007 4666 2518 4738">
     <span class='ocr_line' id='line_1_103' title="bbox 2007 4666 2518 4738; baseline 0.008 -20"><span class='ocrx_word' id='word_1_746' title='bbox 2007 4666 2266 4738; x_wconf 79' lang='grc' dir='ltr'>ἀλήθειαν</span> <span class='ocrx_word' id='word_1_747' title='bbox 2293 4667 2354 4721; x_wconf 81' lang='grc' dir='ltr'><strong>τὸ</strong></span> <span class='ocrx_word' id='word_1_748' title='bbox 2383 4666 2518 4736; x_wconf 79' lang='grc' dir='ltr'>φῶς.</span> 
     </span>
    </p>
   </div>
   <div class='ocr_carea' id='block_1_104' title="bbox 2080 4819 3572 4889">
    <p class='ocr_par' dir='ltr' id='par_1_104' title="bbox 2080 4819 3572 4889">
     <span class='ocr_line' id='line_1_104' title="bbox 2080 4819 3572 4889; baseline -0.005 -13"><span class='ocrx_word' id='word_1_749' title='bbox 2080 4820 2427 4889; x_wconf 71' lang='grc' dir='ltr'>Τετύφλωκε</span> <span class='ocrx_word' id='word_1_750' title='bbox 2473 4823 2613 4889; x_wconf 74' lang='grc' dir='ltr'>γὰρ,</span> <span class='ocrx_word' id='word_1_751' title='bbox 2675 4822 2866 4889; x_wconf 80' lang='grc' dir='ltr'>φησὶν,</span> <span class='ocrx_word' id='word_1_752' title='bbox 2912 4819 3111 4874; x_wconf 78' lang='grc' dir='ltr'>αὐτῶν</span> <span class='ocrx_word' id='word_1_753' title='bbox 3167 4820 3301 4884; x_wconf 82' lang='grc' dir='ltr'>τοὺς</span> <span class='ocrx_word' id='word_1_754' title='bbox 3348 4820 3572 4886; x_wconf 56' lang='lat' dir='ltr'><strong>egomt-</strong></span> 
     </span>
    </p>
   </div>
   <div class='ocr_carea' id='block_1_105' title="bbox 2003 4915 2155 4982">
    <p class='ocr_par' dir='ltr' id='par_1_105' title="bbox 2003 4915 2155 4982">
     <span class='ocr_line' id='line_1_105' title="bbox 2003 4915 2155 4982; baseline 0.007 -16"><span class='ocrx_word' id='word_1_755' title='bbox 2003 4915 2155 4982; x_wconf 74' lang='grc' dir='ltr'>μού(-</span> 
     </span>
    </p>
   </div>
   <div class='ocr_carea' id='block_1_106' title="bbox 2078 4999 3573 5074">
    <p class='ocr_par' dir='ltr' id='par_1_106' title="bbox 2078 4999 3573 5074">
     <span class='ocr_line' id='line_1_106' title="bbox 2078 4999 3573 5074; baseline 0.019 -24"><span class='ocrx_word' id='word_1_756' title='bbox 2078 5005 2189 5074; x_wconf 84' lang='grc' dir='ltr'><strong>Οὐχ</strong></span> <span class='ocrx_word' id='word_1_757' title='bbox 2218 5004 2303 5057; x_wconf 83' lang='grc' dir='ltr'><strong>ἵνα</strong></span> <span class='ocrx_word' id='word_1_758' title='bbox 2329 5003 2506 5055; x_wconf 85' lang='grc' dir='ltr'>τοίνυν</span> <span class='ocrx_word' id='word_1_759' title='bbox 2535 4999 2863 5068; x_wconf 74' lang='grc' dir='ltr'>πληρώσωσι</span> <span class='ocrx_word' id='word_1_760' title='bbox 2889 5001 2986 5062; x_wconf 70' lang='grc' dir='ltr'><strong>τὰς</strong></span> <span class='ocrx_word' id='word_1_761' title='bbox 3019 5001 3350 5070; x_wconf 72' lang='grc' dir='ltr'>προφητείας</span> <span class='ocrx_word' id='word_1_762' title='bbox 3373 5001 3421 5052; x_wconf 53' lang='grc' dir='ltr'><strong>οἱ</strong></span> <span class='ocrx_word' id='word_1_763' title='bbox 3453 5002 3573 5053; x_wconf 63' lang='grc' dir='ltr'><strong>Ἴου·</strong></span> 
     </span>
    </p>
   </div>
   <div class='ocr_carea' id='block_1_107' title="bbox 2005 5093 3572 5165">
    <p class='ocr_par' dir='ltr' id='par_1_107' title="bbox 2005 5093 3572 5165">
     <span class='ocr_line' id='line_1_107' title="bbox 2005 5093 3572 5165; baseline -0.002 -16"><span class='ocrx_word' id='word_1_764' title='bbox 2005 5095 2141 5150; x_wconf 79' lang='grc' dir='ltr'>δαῖοι</span> <span class='ocrx_word' id='word_1_765' title='bbox 2168 5096 2464 5164; x_wconf 79' lang='grc' dir='ltr'>ἐφόνευσαν</span> <span class='ocrx_word' id='word_1_766' title='bbox 2490 5095 2582 5146; x_wconf 84' lang='grc' dir='ltr'><strong>τὸν</strong></span> <span class='ocrx_word' id='word_1_767' title='bbox 2608 5093 2812 5164; x_wconf 81' lang='grc' dir='ltr'>Κύριον</span> <span class='ocrx_word' id='word_1_768' title='bbox 2830 5111 2843 5125; x_wconf 87' lang='grc'><strong>·</strong></span> <span class='ocrx_word' id='word_1_769' title='bbox 2871 5095 2904 5165; x_wconf 81' lang='grc' dir='ltr'>ἦ</span> <span class='ocrx_word' id='word_1_770' title='bbox 2933 5095 3038 5162; x_wconf 76' lang='grc' dir='ltr'>γὰρ</span> <span class='ocrx_word' id='word_1_771' title='bbox 3061 5095 3126 5147; x_wconf 86' lang='grc' dir='ltr'>ἂν</span> <span class='ocrx_word' id='word_1_772' title='bbox 3152 5095 3275 5146; x_wconf 75' lang='grc' dir='ltr'>οὔτε</span> <span class='ocrx_word' id='word_1_773' title='bbox 3294 5095 3572 5158; x_wconf 74' lang='grc' dir='ltr'>δυσσεϐεῖς</span> 
     </span>
    </p>
   </div>
   <div class='ocr_carea' id='block_1_108' title="bbox 2007 5183 3572 5256">
    <p class='ocr_par' dir='ltr' id='par_1_108' title="bbox 2007 5183 3572 5256">
     <span class='ocr_line' id='line_1_108' title="bbox 2007 5183 3572 5256; baseline -0.001 -18"><span class='ocrx_word' id='word_1_774' title='bbox 2007 5183 2168 5256; x_wconf 79' lang='grc' dir='ltr'>ἦσαν’</span> <span class='ocrx_word' id='word_1_775' title='bbox 2188 5187 2322 5241; x_wconf 87' lang='grc' dir='ltr'>ἀλλὰ</span> <span class='ocrx_word' id='word_1_776' title='bbox 2345 5187 2412 5240; x_wconf 85' lang='grc' dir='ltr'>δι’</span> <span class='ocrx_word' id='word_1_777' title='bbox 2427 5187 2634 5240; x_wconf 82' lang='grc' dir='ltr'>οἰκείαν</span> <span class='ocrx_word' id='word_1_778' title='bbox 2657 5188 2965 5240; x_wconf 84' lang='grc' dir='ltr'>κακόνοιαν.</span> <span class='ocrx_word' id='word_1_779' title='bbox 2982 5189 3042 5240; x_wconf 78' lang='lat' dir='ltr'><strong>Ei</strong></span> <span class='ocrx_word' id='word_1_780' title='bbox 3061 5187 3167 5256; x_wconf 79' lang='grc' dir='ltr'>γὰρ</span> <span class='ocrx_word' id='word_1_781' title='bbox 3197 5187 3288 5239; x_wconf 78' lang='grc' dir='ltr'><strong>καὶ</strong></span> <span class='ocrx_word' id='word_1_782' title='bbox 3317 5189 3572 5254; x_wconf 74' lang='grc' dir='ltr'>προεῖπον</span> 
     </span>
    </p>
   </div>
   <div class='ocr_carea' id='block_1_109' title="bbox 2005 5277 3572 5350">
    <p class='ocr_par' dir='ltr' id='par_1_109' title="bbox 2005 5277 3572 5350">
     <span class='ocr_line' id='line_1_109' title="bbox 2005 5277 3572 5350; baseline -0.001 -20"><span class='ocrx_word' id='word_1_783' title='bbox 2005 5281 2054 5331; x_wconf 91' lang='grc' dir='ltr'><strong>οἰ</strong></span> <span class='ocrx_word' id='word_1_784' title='bbox 2081 5279 2353 5350; x_wconf 82' lang='grc' dir='ltr'>προφῆται</span> <span class='ocrx_word' id='word_1_785' title='bbox 2399 5277 2466 5332; x_wconf 84' lang='grc' dir='ltr'><strong>τά</strong></span> <span class='ocrx_word' id='word_1_786' title='bbox 2508 5278 2596 5330; x_wconf 77' lang='grc' dir='ltr'>διὰ</span> <span class='ocrx_word' id='word_1_787' title='bbox 2635 5277 2731 5348; x_wconf 78' lang='grc' dir='ltr'>τὴν</span> <span class='ocrx_word' id='word_1_788' title='bbox 2767 5277 3012 5331; x_wconf 76' lang='grc' dir='ltr'>ἑκούσιον</span> <span class='ocrx_word' id='word_1_789' title='bbox 3040 5277 3218 5330; x_wconf 82' lang='grc' dir='ltr'>αὐτῶν</span> <span class='ocrx_word' id='word_1_790' title='bbox 3254 5277 3572 5331; x_wconf 79' lang='grc' dir='ltr'>δυσϐουλίαν</span> 
     </span>
    </p>
   </div>
   <div class='ocr_carea' id='block_1_110' title="bbox 2008 5369 3571 5440">
    <p class='ocr_par' dir='ltr' id='par_1_110' title="bbox 2008 5369 3571 5440">
     <span class='ocr_line' id='line_1_110' title="bbox 2008 5369 3571 5440; baseline -0.001 -18"><span class='ocrx_word' id='word_1_791' title='bbox 2008 5372 2218 5433; x_wconf 74' lang='grc' dir='ltr'>πάντως</span> <span class='ocrx_word' id='word_1_792' title='bbox 2250 5371 2502 5438; x_wconf 82' lang='grc' dir='ltr'>ἐσόμενα,</span> <span class='ocrx_word' id='word_1_793' title='bbox 2532 5369 2620 5423; x_wconf 86' lang='grc' dir='ltr'><strong>διά</strong></span> <span class='ocrx_word' id='word_1_794' title='bbox 2660 5369 2820 5422; x_wconf 82' lang='grc' dir='ltr'>τοῦτο</span> <span class='ocrx_word' id='word_1_795' title='bbox 2859 5372 3137 5440; x_wconf 84' lang='grc' dir='ltr'>προεῖπον,</span> <span class='ocrx_word' id='word_1_796' title='bbox 3172 5369 3260 5421; x_wconf 80' lang='grc' dir='ltr'><strong>ἵνα</strong></span> <span class='ocrx_word' id='word_1_797' title='bbox 3294 5369 3345 5420; x_wconf 75' lang='grc' dir='ltr'><strong>οἱ</strong></span> <span class='ocrx_word' id='word_1_798' title='bbox 3375 5371 3571 5439; x_wconf 78' lang='grc' dir='ltr'>νήφον·</span> 
     </span>
    </p>
   </div>
   <div class='ocr_carea' id='block_1_111' title="bbox 2007 5461 3572 5536">
    <p class='ocr_par' dir='ltr' id='par_1_111' title="bbox 2007 5461 3572 5536">
     <span class='ocr_line' id='line_1_111' title="bbox 2007 5461 3572 5536; baseline -0.001 -20"><span class='ocrx_word' id='word_1_799' title='bbox 2007 5482 2096 5527; x_wconf 82' lang='grc' dir='ltr'><strong>τες</strong></span> <span class='ocrx_word' id='word_1_800' title='bbox 2133 5465 2506 5536; x_wconf 86' lang='grc' dir='ltr'>διαπηδήσωσι</span> <span class='ocrx_word' id='word_1_801' title='bbox 2551 5466 2676 5528; x_wconf 79' lang='grc' dir='ltr'>τοὺς</span> <span class='ocrx_word' id='word_1_802' title='bbox 2718 5465 2814 5518; x_wconf 82' lang='grc' dir='ltr'>τοῦ</span> <span class='ocrx_word' id='word_1_803' title='bbox 2861 5464 3107 5518; x_wconf 76' lang='grc' dir='ltr'>διαϐόλου</span> <span class='ocrx_word' id='word_1_804' title='bbox 3149 5461 3411 5535; x_wconf 79' lang='grc' dir='ltr'>βόθρους·</span> <span class='ocrx_word' id='word_1_805' title='bbox 3455 5462 3572 5528; x_wconf 76' lang='grc' dir='ltr'>ἐξὸν</span> 
     </span>
    </p>
   </div>
   <div class='ocr_carea' id='block_1_112' title="bbox 2007 5553 3571 5624">
    <p class='ocr_par' dir='ltr' id='par_1_112' title="bbox 2007 5553 3571 5624">
     <span class='ocr_line' id='line_1_112' title="bbox 2007 5553 3571 5624; baseline -0.002 -17"><span class='ocrx_word' id='word_1_806' title='bbox 2007 5555 2115 5624; x_wconf 86' lang='grc' dir='ltr'><strong>γάρ</strong></span> <span class='ocrx_word' id='word_1_807' title='bbox 2144 5560 2360 5618; x_wconf 81' lang='grc' dir='ltr'>πάντως</span> <span class='ocrx_word' id='word_1_808' title='bbox 2393 5558 2505 5618; x_wconf 82' lang='grc' dir='ltr'>τοῖς</span> <span class='ocrx_word' id='word_1_809' title='bbox 2551 5555 2806 5609; x_wconf 83' lang='grc' dir='ltr'>ἀκούουσι</span> <span class='ocrx_word' id='word_1_810' title='bbox 2844 5555 2936 5607; x_wconf 83' lang='grc' dir='ltr'><strong>καὶ</strong></span> <span class='ocrx_word' id='word_1_811' title='bbox 2975 5554 3335 5622; x_wconf 78' lang='grc' dir='ltr'>φυλάξασθαι.</span> <span class='ocrx_word' id='word_1_812' title='bbox 3365 5553 3455 5608; x_wconf 79' lang='grc' dir='ltr'>Διὸ</span> <span class='ocrx_word' id='word_1_813' title='bbox 3481 5555 3571 5606; x_wconf 71' lang='grc' dir='ltr'><strong>καὶ</strong></span> 
     </span>
    </p>
   </div>
   <div class='ocr_carea' id='block_1_113' title="bbox 2006 5645 3569 5717">
    <p class='ocr_par' dir='ltr' id='par_1_113' title="bbox 2006 5645 3569 5717">
     <span class='ocr_line' id='line_1_113' title="bbox 2006 5645 3569 5717; baseline -0.001 -19"><span class='ocrx_word' id='word_1_814' title='bbox 2006 5647 2273 5713; x_wconf 82' lang='grc' dir='ltr'>ἀναγκαία</span> <span class='ocrx_word' id='word_1_815' title='bbox 2320 5649 2352 5714; x_wconf 86' lang='grc' dir='ltr'>ὴ</span> <span class='ocrx_word' id='word_1_816' title='bbox 2409 5647 2731 5717; x_wconf 74' lang='grc' dir='ltr'>πρόρρησις.</span> <span class='ocrx_word' id='word_1_817' title='bbox 2794 5646 2964 5698; x_wconf 81' lang='grc' dir='ltr'>Πάλιν</span> <span class='ocrx_word' id='word_1_818' title='bbox 3018 5645 3204 5716; x_wconf 77' lang='grc' dir='ltr'>ἐτέρου</span> <span class='ocrx_word' id='word_1_819' title='bbox 3263 5645 3569 5717; x_wconf 76' lang='grc' dir='ltr'>ζητήματος</span> 
     </span>
    </p>
   </div>
   <div class='ocr_carea' id='block_1_114' title="bbox 2007 5732 3569 5808">
    <p class='ocr_par' dir='ltr' id='par_1_114' title="bbox 2007 5732 3569 5808">
     <span class='ocr_line' id='line_1_114' title="bbox 2007 5732 3569 5808; baseline 0 -18"><span class='ocrx_word' id='word_1_820' title='bbox 2007 5737 2185 5800; x_wconf 68' lang='grc' dir='ltr'>λύσις·</span> <span class='ocrx_word' id='word_1_821' title='bbox 2217 5739 2296 5792; x_wconf 75' lang='grc' dir='ltr'><strong>ὅτι</strong></span> <span class='ocrx_word' id='word_1_822' title='bbox 2337 5739 2430 5808; x_wconf 73' lang='grc' dir='ltr'><strong>οὐχ</strong></span> <span class='ocrx_word' id='word_1_823' title='bbox 2473 5740 2500 5790; x_wconf 85' lang='grc' dir='ltr'><strong>ό</strong></span> <span class='ocrx_word' id='word_1_824' title='bbox 2541 5738 2669 5802; x_wconf 71' lang='grc' dir='ltr'>Θεὸς</span> <span class='ocrx_word' id='word_1_825' title='bbox 2709 5736 2984 5807; x_wconf 65' lang='grc' dir='ltr'>ἐτύφλωσε</span> <span class='ocrx_word' id='word_1_826' title='bbox 3016 5737 3140 5800; x_wconf 77' lang='grc' dir='ltr'>τους</span> <span class='ocrx_word' id='word_1_827' title='bbox 3183 5737 3499 5799; x_wconf 77' lang='grc' dir='ltr'>Ἰουδαίους·</span> <span class='ocrx_word' id='word_1_828' title='bbox 3537 5732 3569 5806; x_wconf 83' lang='grc' dir='ltr'><strong>ἦ</strong></span> 
     </span>
    </p>
   </div>
  </div>
