3894 6200
301 343 371 399 97
1086 325 1153 380 IN
1192 317 1532 381 JOANNEM.
1564 344 1636 358 —
1672 308 1802 366 LIB.
1847 302 1935 358 VII
1976 294 2063 359 ΕΤ
2106 299 2217 356 VIII
2254 292 2698 352 FRAGMENTA.
3483 277 3557 335 98

305 454 417 524 γὰρ
442 451 508 505 ἂν
535 446 656 503 οὔτε
697 444 894 516 ἀπῄτει
915 441 1112 501 αὑτοὺς
1144 438 1397 499 εὐθύνας,
1429 435 1565 486 ὅπου
1594 445 1658 496 γε
1684 424 1780 478 καὶ
1806 419 1878 472 τὰ
1906 427 1922 478 1

2029 415 2179 468 Iltllio
2213 429 2225 463 :
2257 410 2403 481 quod
2456 408 2598 463 Deus
2648 421 2757 459 non
2810 402 3108 457 excaecavit
3151 400 3397 466 Iudaeos,
3456 414 3561 454 nec

2064 508 2074 518 -
2104 522 2128 524 ,_
2169 519 2252 524 _M
2281 520 2355 524 Α--
2397 503 2458 524 -1.
2512 502 2586 524 -:-
2631 496 2973 524 ...καλή-,ἔρεψα
3035 492 3255 524 ηιιηηιδη
3285 500 3331 524 ΔΙ
3370 491 3561 524 νηΙιιη-

312 544 537 599 ἑκούσια
590 538 866 609 συγχωρεῖ
922 533 1259 602 πταίσματα.
1306 525 1367 581 Ὀ
1423 526 1480 578 δέ
1523 521 1645 583 νοῦς
1695 515 1885 573 οὑτως.

326 641 413 703 Ὡς
448 636 557 706 γὰρ
577 605 860 688 ἀπὸ-Θεοῦ
888 625 1188 697 λαληθέντα
1211 621 1281 675 τὰ
1324 621 1543 691 ῥήματα
1579 613 1607 664 ό
1665 605 1889 666 Ἡσαΐας

314 697 599 802 προφέρει.
641 725 765 778 Ἐὰν
801 723 1045 791 γένωμαι
1078 715 1367 785 ἄνθρωπος
1395 709 1490 763 καὶ
1531 703 1706 771 οἰκείᾳ
1740 697 1891 800 φωγῇ

316 785 676 895 ἐξηγήσωμαι
711 785 840 886 ὑμῖν
873 785 962 866 τὰ⁷
992 807 1247 877 λυσιτελῆ
1269 845 1284 869 ,
1328 800 1450 856 οὑδέ
1508 795 1680 856 οὑτως
1729 785 1895 843 ἁκού-

320 882 445 969 σέἑέ
475 882 487 893 '
513 882 635 984 μου,
685 882 874 977 ὥσπερ
925 903 1048 957 οὑδέ
1080 900 1189 954 τῶν
1236 890 1553 968 προφητῶν·
1599 883 1719 984 οὑδέ
1768 882 1895 984 ὅταν

322 1006 469 1076 ἴδητε
512 972 582 1056 τὰ
624 972 769 1070 ὑπὲρ
795 972 960 1064 λόγον
1009 993 1248 1064 σημεῖα,
1300 984 1451 1039 οὐδὲν
1513 982 1577 1033 ἐκ
1617 974 1713 1029 τοῦ
1767 972 1896 1025 ἰδεῖν

321 1063 766 1167 ὠφεληθήσεσθε.
814 1063 925 1143 Κάι
958 1063 1118 1138 τοῦτο
1162 1079 1314 1151 δηλοῖ
1348 1076 1431 1136 τὸ,
1488 1092 1505 1123 ι
1555 1070 1627 1123 Οὑ
1680 1067 1753 1138 μὴ
1787 1063 1900 1133 ἴδη-

322 1161 405 1244 τε..
442 1208 463 1240 ι
497 1161 599 1239 -οὑ
647 1183 757 1253 γὰρ
794 1175 950 1234 εἶπεν
980 1177 1063 1230 ὅτι
1102 1173 1358 1241 Πωρώσω
1399 1165 1576 1219 αὑτῶν
1628 1161 1725 1223 τὰς
1769 1170 1903 1226 καρτ

323 1281 466 1344 δίας,
516 1277 615 1332 καὶ
661 1248 928 1343 τυφλώσω
972 1268 1098 1329 τοὺς
1145 1260 1489 1333 ὀφθαλμοὺς,
1523 1254 1636 1307 ἀλλ’
1666 1254 1744 1305 ὅτι
1781 1248 1903 1301 Κᾶν

327 1342 624 1440 ἀκούσητε,
645 1366 706 1418 οὑ
742 1342 816 1434 μὴ
852 1358 1152 1427 ἀκούσητεο
1185 1353 1287 1407 κᾶν
1327 1350 1498 1418 ἴδητε,
1532 1347 1591 1399 οὑ
1623 1346 1696 1414 μὴ
1732 1342 1901 1410 ἴδητε,

328 1470 417 1521 ἱνα
454 1437 536 1535 μὴ.
585 1452 1021 1526 ἐπιστραφέντας
1076 1448 1334 1514 ίάσωμαι.
1385 1442 1449 1494 Εἰ
1499 1437 1608 1508 γὰρ
1665 1437 1904 1504 ἥκουσαν

329 1559 427 1613 καὶ
454 1528 606 1608 *εἶδον
643 1549 815 1619 ὅνπερ
863 1541 1032 1613 ἐχρῆν
1073 1538 1272 1609 τρόπον
1293 1574 1309 1598 ,
1365 1532 1555 1601 ἔτυχον
1588 1528 1653 1582 ἂν
1690 1528 1907 1585 πάντως

329 1648 619 1721 ὠφελείας.
651 1616 862 1696 Οὐκοῦν
890 1636 951 1689 οὑ
992 1631 1261 1703 τιμωρίας
1310 1623 1612 1693 ἀναγκαίας
1660 1620 1771 1689 ἔχει
1809 1616 1907 1685 δή·

331 1710 499 1796 λωσιν
530 1740 559 1790 ὁ
592 1734 770 1801 λόγος,
793 1726 917 1783 οὑδὲ
949 1725 1072 1793 ὅρον
1103 1716 1556 1779 καταδικάζοντος
1603 1710 1699 1763 καὶ
1738 1722 1908 1761 κατα-

331 1786 874 1905 ίῖῑηφνιξονμένόυπῶν
930 1786 1221 1875 Ἰουδαίων,
1269 1807 1407 1862 ἀλλὰ
1457 1804 1564 1857 τῶν
1617 1800 1906 1873 χρησίμων
1939 1786 1982 1843 Β

490 1890 951 1988 προαγγελτικός.
982 1905 1137 1978 ᾜδει
1175 1902 1283 1971 γὰρ
1316 1900 1460 1951 ποῖοι
1502 1894 1723 1964 ἔμελλον
1761 1890 1908 1957 γίνε-

337 2014 485 2076 σθαι,
532 1980 626 2062 καὶ
654 1980 981 2071 ὑπεφήνατυ
1008 1995 1134 2066 περὶ
1178 1990 1389 2046 αὑτῶν·
1438 1987 1577 2056 πλὴν
1605 1984 1727 2038 οὑδέ
1769 1980 1910 2034 κατὰ

340 2072 559 2160 πάντων
594 2097 766 2170 χωρεῖ
802 2097 830 2147 ὁ
865 2092 1047 2159 λόγος,
1095 2086 1234 2141 ἀλλὰ
1268 2080 1410 2137 κατὰ
1452 2079 1628 2150 μόνων
1656 2074 1767 2128 τῶν
1785 2072 1912 2126 ἀπί-

342 2214 505 2261 στων,
540 2192 726 2246 πολλοὶ
769 2188 880 2258 γὰρ
931 2176 1365 2237 πεπιστεύκασιν
1414 2171 1473 2236 ἐξ
1517 2168 1729 2223 αὑτῶν·
1772 2165 1913 2217 οὑτω

344 2288 444 2357 μὲν
472 2257 563 2337 οὖν
589 2257 957 2334 ἐκδεδὼκασιν
987 2273 1036 2324 οί
1067 2267 1492 2337 Ἐϐδομήκοντα.
1528 2258 1690 2321 Εἰκὸς
1724 2257 1802 2319 δὲ,
1831 2257 1914 2308 ὅτι

340 2348 371 2433 δ
406 2369 800 2444 εὑαγγελιστὴς
852 2368 920 2438 τῇ
963 2360 1232 2432 Ἐϐραίων
1271 2356 1478 2410 ἐκδόσει
1544 2348 1916 2416 ἀκολουθήσας

342 2435 568 2541 ἐτέρωςί
596 2435 797 2535 ἐχούσίῃ
831 2435 981 2529 παρὰ
1023 2456 1124 2527 τὴν
1173 2452 1283 2505 τῶν
1318 2447 1750 2517 Ἐὃδομήκοντα,
1797 2435 1916 2493 εἷπε

342 2562 427 2625 τὸ,
460 2560 558 2612 Δια
591 2557 750 2609 τοῦτο
793 2553 895 2606 οὑκ
924 2547 1185 2619 ἠδύναντο
1223 2540 1521 2603 πιστεύειν,
1559 2536 1746 2605 ἐπειδὴ
1794 2532 1916 2587 ἐτύο

347 2624 559 2719 φλωσεν
615 2646 838 2708 αὑτούς·
878 2644 972 2696 καὶ
1026 2642 1148 2693 ὅσον
1200 2636 1300 2706 μὲν
1344 2634 1408 2685 ἐκ
1457 2630 1559 2699 τῆς
1608 2624 1919 2695 προφανοῦς

346 2717 569 2811 λέξεως.
604 2740 705 2794 οὑκ
735 2739 956 2809 εἴρηκεν
988 2736 1070 2788 ὅτι
1110 2733 1139 2783 ό
1177 2729 1307 2792 Θεὸς
1341 2724 1650 2791 ἐτύφλωσεν
1686 2717 1917 2781 αὐτούς·

350 2836 497 2898 εἰκὸς
526 2834 606 2898 δὲ,
636 2834 718 2885 ὅτι
760 2828 921 2890 ἄλλος
964 2822 1124 2879 τοῦτο
1153 2822 1375 2891 ἐποίησε
1411 2818 1548 2889 πρὸς
1576 2817 1635 2869 τὸ
1665 2813 1918 2883 ὲπιστρὲ·

349 2927 453 2995 ψαι
501 2925 631 2984 τοῦς
677 2919 964 2981 Ἰουδαίους
998 2915 1091 2969 καὶ
1137 2915 1331 2983 τυχεῖν
1368 2910 1582 2970 ἰάσεως.
1632 2906 1697 2958 Εἰ
1738 2905 1793 2957 δὲ
1827 2902 1921 2956 καὶ

352 3016 619 3087 δεξόμεθα
650 3015 731 3067 δτι
762 3012 791 3064 ὁ
837 3010 968 3072 Θεὸς
999 3007 1327 3076 ἐτύφλωσεν,
1376 3002 1520 3056 οὕτω
1550 3001 1767 3069 νοητέον
1787 3038 1800 3061 ,
1841 3000 1920 3050 ὅτι

355 3107 753 3181 παρεχώρησεν
786 3104 984 3166 αὐτοὺς
1020 3099 1212 3153 παθεῖν
1248 3097 1344 3167 τὴν
1376 3094 1649 3164 τύφλωσιν
1695 3091 1800 3144 ὑπὸ
1828 3089 1921 3142 τοῦ
1954 3132 1997 3190 C

353 3198 629 3261 διαϐόλου,
676 3196 778 3249 οὐκ
818 3194 1057 3261 ἀγαθοὺς
1098 3191 1258 3251 ὄντας
1309 3187 1408 3257 τὴν
1440 3185 1573 3251 ἕξιν.
1622 3181 1777 3236 Οὑτω
1820 3183 1928 3251 γὰρ

357 3289 729 3361 παραδίδωσιν
762 3287 839 3348 εἰς
879 3284 1139 3351 ἀδόκιμον
1172 3280 1298 3333 νοῦν
1348 3279 1440 3333 καὶ
1481 3279 1561 3340 είς
1589 3276 1760 3338 πάθος
1806 3274 1931 3335 τοὺς

358 3380 773 3453 ὁμοιοτρόπους.
808 3376 898 3430 Ἐν
948 3366 993 3443 ᾧ
1033 3374 1090 3427 δὲ
1138 3372 1369 3424 τοιοῦτοι
1412 3365 1571 3440 ἦσαν,
1623 3368 1683 3419 οὑ
1726 3365 1932 3418 δίκαιον

470 3471 666 3533 αὑτοὺς
697 3467 900 3537 γνῶναι
931 3462 1026 3517 τοῦ
1075 3460 1374 3532 μυστηρίου
1416 3458 1477 3510 τὸ
1522 3457 1684 3526 βάθος
1724 3455 1819 3507 καὶ
1864 3452 1935 3506 τὰ

361 3564 608 3636 κρύφια,
652 3561 781 3623 τοὺς
824 3556 957 3629 μηδέ
988 3554 1086 3618 τὰς
1123 3551 1355 3623 νομικὰς
1407 3549 1627 3606 ἐντολὰς
1670 3546 1925 3615 διατηρή-

364 3671 588 3717 cavsae.
628 3650 781 3706 Ἐπεὶ
818 3645 913 3702 οὖν
956 3644 1079 3700 οὒτε
1108 3645 1197 3697 τὸν
1239 3643 1424 3712 νόμον,
1456 3638 1577 3692 οὔτε
1606 3638 1671 3690 τὰ
1704 3636 1935 3703 εὑαγγε-

362 3744 491 3800 λικὰ
516 3743 771 3810 ἐδέξαντο
790 3740 1156 3807 διατάγματα,
1182 3737 1274 3789 τὸν
1308 3735 1407 3803 τῆς
1441 3732 1680 3793 διανοίας
1711 3729 1934 3799 μύοντες

362 3836 662 3908 ὀφθαλμὸν,
710 3834 798 3887 διὰ
822 3830 979 3885 τοῦτο
1012 3830 1071 3883 οὑ
1102 3830 1344 3898 δέχονται
1385 3825 1483 3896 τὴν
1510 3823 1740 3893 φωτίσαι
1780 3822 1937 3874 δυνα-

369 3931 540 4001 μένην
566 3927 763 3989 αὑτοὺς
794 3922 1092 3976 παίδευσιν.

443 4103 635 4159 Ταῦτα
679 4100 747 4154 δὲ
778 4094 946 4152 εἶπεν
989 4094 1247 4157 Ἡσαΐας,
1295 4086 1393 4142 ὅτε
1438 4083 1557 4141 εἶδε
1605 4084 1717 4153 τὴν
1754 4083 1939 4148 δόξαν

366 4197 576 4257 αὑτοῦ,
602 4194 700 4249 καὶ
729 4191 996 4252 adlatas
1020 4185 1151 4253 περὶ
1178 4180 1385 4237 αὐτοῦ.

441 4291 565 4343 Ὅτι
626 4286 728 4357 μὲν
767 4278 859 4336 οὖν
905 4279 999 4332 τὸν
1036 4276 1162 4328 Υίὸν
1195 4277 1221 4327 ὁ
1263 4276 1546 4344 προφήτης
1590 4267 1840 4322 τεθέαται
1884 4267 1941 4319 ἐν

367 4384 438 4453 τῇ
466 4379 596 4450 δόξῃ
633 4356 728 4430 τοῦ
782 4370 917 4427 Θεοῦ
969 4369 1065 4421 καὶ
1113 4362 1360 4435 Πατρὸς,
1397 4363 1495 4415 οὑκ
1537 4360 1603 4413 ἂν
1649 4356 1942 4411 ἐνδοιάσειὲ

1991 508 2136 563 enim
2168 519 2360 575 pmuas
2394 503 2462 557 ab
2507 502 2590 556 eis
2631 496 3000 565 repetivisset,
3034 492 3256 564 quando
3284 500 3338 546 et
3370 491 3563 544 volun-

1992 601 2166 654 tarios
2236 596 2519 651 condonat
2570 589 2844 646 interdum
2891 588 3099 655 lapsus.
3143 582 3306 655 709
3357 582 3565 637 Sensus

1993 706 2124 745 vero
2169 686 2491 757 hujusmodi
2549 689 2655 738 est.
2701 679 2836 733 Nam
2889 678 3039 731 velut
3086 692 3114 729 a
3183 674 3294 728 Deo
3350 673 3566 742 prolata

1996 786 2161 837 verba
2193 781 2363 836 Isaias
2390 778 2634 848 profert:
2665 776 2719 829 Si
2752 776 2919 827 homo
2951 771 3128 825 factus
3157 767 3336 829 fuero,
3362 774 3415 819 et
3442 777 3569 832 pro-

1996 876 2115 946 pria
2149 889 2283 928 voce
2324 871 2481 925 utilia
2523 869 2680 923 vobis
2724 876 3056 935 exposuero,
3098 874 3168 914 ne
3213 857 3295 912 sic
3344 855 3570 924 quidem

2000 984 2086 1021 me
2144 965 2400 1028 audietis,
2457 959 2925 1031 quemadmodum
2980 966 3158 1022 neque
3215 949 3567 1020 prophetas:

1998 1074 2179 1129 neque
2208 1071 2333 1112 cum
2378 1054 2632 1110 videritis
2668 1052 2823 1121 signa
2857 1062 3024 1120 supra
3068 1046 3367 1099 humanum
3399 1039 3574 1094 ratio-

2001 1164 2155 1212 nem,
2177 1149 2475 1218 quidquam
2510 1145 2666 1199 vobis
2692 1141 2899 1196 vidisse
2934 1136 3223 1209 profuerit.
3258 1132 3326 1186 Et
3353 1132 3461 1186 hoc
3487 1131 3577 1184 in-

2001 1239 2148 1293 dicat
2192 1238 2351 1303 illud,
2392 1254 2411 1287 ι
2455 1251 2565 1289 non
2607 1232 2881 1286 videritis.
2927 1248 2944 1279 ›
2990 1225 3180 1295 Neque
3221 1223 3365 1278 enim
3413 1219 3575 1281 dixit,

2002 1327 2284 1383 lndurabo
2317 1341 2511 1380 eorum
2559 1322 2751 1382 corda,
2793 1327 2848 1373 et
2900 1315 3190 1372 excaecabo
3237 1309 3453 1371 oculos.
3482 1305 3579 1362 sed

2005 1418 2440 1489 quia,Quamvis
2489 1413 2802 1473 audieritis,
2839 1409 3215 1478 nequidquam
3265 1399 3581 1462 audieritis.

2006 1526 2060 1571 et
2107 1513 2362 1585 quamvis
2413 1508 2689 1569 videritis,
2735 1520 2842 1559 non
2879 1500 3153 1562 videritis,
3199 1511 3270 1551 ne
3327 1492 3581 1549 conversi

2007 1606 2311 1663 remedium
2366 1619 2394 1657 a
2440 1617 2528 1656 me
2582 1598 2890 1668 accipiatis.
2943 1594 3001 1649 Si
3032 1591 3178 1647 enim
3216 1588 3500 1643 audissent
3528 1592 3585 1640 et

2012 1697 2359 1770 aspexissent
2410 1708 2519 1764 quo
2571 1691 2755 1746 decuit
2795 1687 2982 1752 modo,
3024 1684 3252 1740 omnino
3287 1680 3584 1735 utilitatem

2012 1791 2414 1864 percepissent.
2453 1785 2623 1853 Igitur
2676 1795 2787 1835 non
2828 1776 3282 1848 signiﬁcationem
3325 1782 3585 1825 necessa-

2014 1887 2110 1939 ria:
2155 1880 2386 1936 ultionis
2417 1891 2598 1932 sermo
2630 1890 2741 1944 pra:
2785 1887 2844 1925 se
2880 1871 3007 1934 fert,
3043 1882 3220 1936 neque
3255 1862 3591 1919 determinao

2016 1985 2125 2030 tam
2157 1968 2632 2027 condemnationis
2672 1966 2727 2018 in
2766 1963 2984 2017 Iudaeos
3014 1960 3307 2021 rationem,
3340 1954 3435 2009 sed
3480 1951 3588 2006 vim

2018 2084 2082 2122 ac
2129 2065 2425 2120 eiiicaciam
2484 2060 2642 2115 utilia
2695 2052 3066 2128 praemonendi
3127 2051 3315 2104 habet.
3352 2046 3592 2101 Noverat

2018 2159 2165 2215 enim
2203 2156 2397 2227 quales
2424 2152 2594 2205 futuri
2624 2156 2803 2211 erant,
2833 2156 2887 2201 et
2934 2145 3002 2199 de
3044 2135 3152 2197 illis
3185 2137 3589 2212 pronuntiavit,

2020 2261 2337 2319 quanquam
2374 2257 2486 2297 non
2532 2241 2599 2295 ad
2645 2253 2837 2292 omnes
2875 2236 3113 2306 pertinet
3150 2246 3353 2295 sermo,
3388 2228 3485 2284 sed
3526 2227 3594 2281 ad

2022 2339 2173 2394 solos
2216 2335 2490 2396 inﬁdeles,
2526 2330 2683 2384 multi
2714 2328 2858 2382 enim
2890 2340 2957 2379 ex
3000 2325 3069 2378 iis
3107 2320 3468 2377 crediderunt
3494 2318 3541 2350 "
3578 2329 3593 2371 ε

2024 2429 2105 2482 sic
2141 2425 2310 2493 igitur
2361 2422 2655 2476 ediderunt
2715 2414 3093 2486 Septuaginta.
3143 2409 3458 2465 Verisimile
3511 2413 3598 2462 est

2022 2534 2155 2572 vero
2208 2513 2611 2583 evangelistam
2667 2506 3020 2563 Hebraeorum
3080 2503 3381 2559 editionem
3436 2516 3597 2554 secu-

2024 2626 2139 2667 tum
2192 2624 2221 2662 a
2271 2604 2631 2676 Septuaginta
2664 2601 2969 2661 diversam,
2997 2596 3209 2650 dixisse
3262 2593 3434 2656 hoc”
3461 2590 3599 2645 Pro-

2028 2712 2217 2773 pterea
2254 2713 2364 2753 non
2394 2700 2650 2765 poterant
2681 2688 2927 2753 credere,
2952 2688 3081 2757 quia
3110 2685 3516 2741 excatcaviteos
3546 2700 3594 2735 ει

2025 2801 2080 2846 et
2115 2787 2297 2861 quoad
2330 2795 2580 2856 apertam
2614 2781 2913 2836 dictionem
2958 2793 3066 2831 non
3115 2776 3251 2830 dixit
3291 2788 3602 2830 excaecasse

2029 2884 2216 2953 ipsos;
2244 2894 2341 2949 par
2366 2886 2450 2933 est
2476 2884 2659 2929 autem
2695 2873 2863 2926 alium
2896 2870 3001 2923 hoc
3032 2867 3253 2931 fecisse,
3282 2875 3343 2919 ut
3373 2881 3603 2921 converd

2032 2983 2281 3029 terentur
2343 2970 2558 3033 Judmi,
2604 2974 2658 3022 et
2722 2964 3056 3019 medicinam
3110 2968 3602 3033 consequerentur.

2033 3069 2190 3136 Quod
2230 3067 2276 3121 si
2327 3063 2670 3132 accipiamus
2722 3058 2891 3112 Deum
2925 3070 3250 3117 esczecasse,
3276 3053 3357 3108 sic
3398 3053 3608 3108 intellit

2030 3162 2290 3233 gendum,
2324 3154 2648 3227 permisisse
2675 3165 2771 3206 eos
2816 3150 2928 3219 pati
2965 3148 3266 3202 caecitatem
3300 3161 3329 3198 a
3360 3145 3605 3210 diabolo,

2030 3255 2157 3325 quia
2212 3251 2342 3305 boni
2381 3262 2490 3303 non
2523 3251 2712 3300 essent
2758 3242 2969 3296 habitu.
3005 3238 3098 3293 Sic
3150 3238 3296 3292 enim
3349 3237 3518 3291 tradit
3552 3237 3609 3291 in

2032 3346 2327 3417 reprobam
2380 3348 2647 3403 mentem,
2686 3344 2742 3391 et
2784 3336 2840 3389 in
2892 3333 3264 3387 calamitatem
3315 3330 3363 3384 ei
3396 3329 3609 3383 similes

2032 3440 2305 3497 moribus.
2337 3432 2592 3501 Quaudiu
2644 3442 2779 3483 vero
2814 3428 2950 3482 tales
2987 3432 3183 3488 erant,
3225 3439 3335 3478 nou
3390 3436 3607 3492 aequum

2032 3541 2151 3587 erat
2182 3531 2261 3586 eis
2307 3523 2725 3582 communicare
2760 3517 3104 3573 altitudinem
3148 3522 3200 3570 et
3251 3514 3436 3569 abdita
3492 3528 3611 3584 inv-

2034 3623 2214 3687 sterii,
2247 3620 2338 3691 qui
2396 3633 2463 3672 ne
2509 3613 2730 3685 quidem
2786 3612 2966 3679 legum
3017 3615 3289 3678 praecepta
3324 3607 3612 3661 observas-

2036 3726 2176 3772 sent.
2210 3711 2441 3780 Quando
2469 3720 2602 3764 vero
2632 3716 2811 3774 neque
2858 3703 3055 3772 legem,
3087 3713 3265 3770 neque
3293 3698 3609 3768 evangelica

2037 3815 2306 3882 praecepta
2334 3806 2690 3872 exceperunt,
2720 3809 2976 3868 soporem
3008 3802 3063 3849 et
3087 3801 3375 3846 veternum
3410 3790 3611 3846 mentis

2038 3881 2381 3958 nictantibus
2415 3894 2592 3951 oculis
2622 3892 2798 3963 passi,
2832 3896 3121 3959 propterea
3171 3898 3271 3937 nec
3306 3881 3612 3937 institutio-

2039 4010 2184 4055 nem,
2211 4006 2330 4062 qua:
2361 3990 2483 4043 illos
2508 3985 2825 4040 illuminare
2856 3979 3003 4050 potis
3027 3977 3121 4042 sit,
3156 3975 3474 4029 admittant.

2115 4084 2226 4151 XII,
2256 4084 2342 4137 41.
2376 4081 2500 4135 Haec
2531 4090 2649 4132 vero
2677 4075 2813 4128 dixit
2855 4071 3053 4138 Isaias,
3086 4066 3298 4139 quando
3344 4065 3471 4120 vidit
3500 4064 3615 4135 glo-

2040 4180 2177 4231 riam
2208 4176 2343 4244 ejus,
2373 4181 2420 4225 et
2450 4170 2513 4223 de
2541 4182 2601 4223 eo
2632 4167 2836 4220 locutus
2868 4172 2967 4217 est.

2114 4268 2271 4332 Quod
2311 4263 2507 4316 Filium
2562 4259 2828 4330 propheta
2862 4251 3218 4323 conspicatus
3248 4251 3320 4304 sit
3351 4247 3404 4301 in
3442 4247 3615 4319 gloria

2043 4359 2140 4414 Dei
2201 4365 2254 4411 et
2308 4355 2529 4415 Patris,
2576 4362 2739 4406 nemo
2799 4346 3064 4414 ambigit,
3116 4340 3426 4412 praesertim
3489 4352 3615 4392 cum

382 4429 438 4453 ’1⁸
474 4429 596 4450 ““τλι
653 4429 656 4430 ⁷
1236 4429 1247 4435 -

368 4490 478 4537 τις,
537 4470 786 4524 Ἰωάννου
819 4463 1122 4533 γράφοντος
1157 4455 1403 4528 ἐναργῶς
1450 4454 1579 4524 περὶ
1630 4450 1821 4516 αὑτοῦ,
1858 4450 1917 4502 ὅτ

2044 4452 2284 4508 Joannes
2313 4448 2517 4502 diserte
2554 4442 2760 4498 scribat
2805 4438 2872 4492 de
2921 4452 3008 4501 eo,
3040 4434 3189 4505 quod
3246 4433 3361 4487 haec
3412 4429 3621 4486 dixerit

370 4565 544 4620 ταῦτα
596 4556 747 4615 εἶπεν
806 4556 1070 4615 Ἡσαΐας,
1119 4552 1201 4603 ὅτι
1251 4543 1358 4600 εἶδε
1409 4548 1505 4617 τὴν
1555 4543 1710 4607 δόξαν
1751 4540 1937 4595 αὑτοῦ.

376 4654 568 4726 Ἀθρει
595 4653 651 4706 δέ
692 4666 783 4722 μοι
813 4648 914 4717 τῆς
944 4641 1282 4714 θεοπρεποῦς
1310 4638 1581 4708 ὑπεροχῆς
1616 4636 1676 4688 τὸ
1703 4633 1941 4702 ἀξίωμα,

374 4750 470 4805 καὶ
514 4744 577 4800 τὸ
624 4742 768 4798 κατὰ
817 4741 998 4809 πάσης
1026 4733 1301 4805 ὑπεροχῆς
1329 4732 1547 4802 κράτος.
1585 4730 1644 4781 'O
1696 4726 1794 4797 μὲν
1836 4728 1945 4796 γάρ

374 4846 527 4895 ἐστιν
562 4837 649 4906 ἐφ’
679 4830 885 4903 ὑψηλοῦ
913 4846 972 4882 τε
1003 4828 1096 4881 καὶ
1138 4823 1452 4894 ἐπηρμένου
1488 4821 1678 4891 θρόνου
1704 4821 1818 4881 τοῖς
1847 4820 1945 4886 τῆς

378 4929 653 5004 βασιλείας
685 4920 1144 4994 εὐπρεπεστάτοις
1183 4916 1493 4986 αὐχήμασιν
1526 4908 1585 4965 εὖ
1632 4910 1774 4981 μάλα
1816 4926 1948 4961 κατ-

377 5001 743 5092 εστεμμένος·
774 5017 829 5069 αἱ
870 5013 927 5067 δὲ
970 5011 1240 5065 ἀνώταται
1268 5007 1526 5076 δυνάμεις
1555 5004 1674 5076 μεθ’
1699 5002 1765 5067 ἃς
1796 5001 1946 5055 οὐδὲν

379 5111 639 5165 ἐπέκεινα
664 5107 783 5160 τῶν
830 5101 1073 5173 γενητῶν
1111 5095 1250 5152 εἶναι
1279 5097 1519 5164 λέγεται,
1570 5093 1752 5164 κύκλῳ
1788 5107 1945 5159 περι-

378 5200 600 5265 εστὸσι,
628 5198 782 5263 τάξιν
815 5196 1035 5266 ἔχουσαι
1062 5191 1160 5263 τὴν
1198 5187 1475 5256 οἰκετικὴν
1499 5187 1593 5240 καὶ
1621 5187 1741 5247 ταῖς
1776 5184 1948 5252 εὐφη-

384 5295 536 5365 μίαις
574 5291 1087 5364 καταγιεραίρουσαι.
1145 5285 1267 5355 Χρὴ
1318 5283 1376 5336 δέ
1433 5278 1836 5349 ὑπολαμϐάνειν
1892 5280 1949 5328 ἐν

380 5386 624 5450 toqu
667 5382 926 5454 ὑψώμασι
964 5380 1053 5433 τὸν
1104 5378 1245 5431 θεῖον
1284 5371 1529 5428 τίθεσθαι
1556 5371 1745 5441 θρόνον
1790 5369 1949 5423 οὐδα-

386 5472 772 5550 μῶςσ·εΰηδες
806 5473 918 5545 γὰρ
954 5472 1015 5525 τὸ
1062 5469 1203 5524 οὑτω
1241 5470 1396 5522 νοεῖν.
1444 5463 1610 5534 ’Υψοῦ
1653 5463 1711 5516 δέ
1756 5465 1784 5515 ὁ
1810 5462 1950 5527 Baio;

383 5568 620 5626 τέθειται
653 5565 862 5641 θρόνος,
904 5563 1041 5620 καθὸ
1088 5562 1185 5618 καὶ
1229 5562 1427 5615 νοεῖται
1469 5559 1649 5627 πάσης
1696 5554 1951 5609 ἐπέκεινα

457 5745 506 5777 ⁸⁸
541 5745 698 5801 Joan.
734 5760 801 5809 ι,
836 5744 925 5800 42.

2048 4544 2244 4603 Isaias.
2282 4539 2411 4609 quia
2452 4536 2592 4590 vidit
2619 4532 2852 4604 gloriam
2878 4529 3023 4599 ejus.
3049 4523 3283 4580 Attende
3314 4537 3446 4579 vero
3483 4523 3619 4578 mihi

2050 4638 2253 4693 divinae
2274 4631 2593 4689 eminentia:
2634 4625 3005 4694 majestatem,
3030 4629 3085 4675 et
3114 4618 3277 4689 πο
3310 4618 3367 4671 in
3400 4631 3619 4671 onmem

2049 4727 2400 4785 eminentiam
2458 4718 2768 4789 imperium.
2820 4713 2915 4767 Ille
2970 4714 3118 4767 enim
3174 4713 3230 4766 in
3275 4712 3493 4767 excelso
3557 4723 3623 4765 ac

2053 4818 2271 4877 sublimi
2324 4816 2462 4872 solio
2509 4811 2661 4867 sedet
2701 4806 3017 4877 insignibus
3060 4805 3217 4875 regni
3252 4814 3417 4874 atque
3454 4815 3623 4857 ornat

2054 4911 2257 4967 mentis
2312 4904 2598 4977 magniﬁce
2665 4898 3063 4960 circumdatus,
3115 4906 3279 4966 quem
3348 4906 3626 4964 suprema

2055 5004 2330 5075 potentiae,
2364 5000 2507 5053 ultra
2541 5010 2678 5065 quas
2723 4998 3101 5047 creaturarum
3149 4986 3287 5043 nihil
3328 5001 3456 5042 esse
3488 4985 3626 5039 dici-

2057 5107 2168 5159 tur,
2202 5095 2258 5148 in
2297 5091 2493 5145 ordine
2535 5087 2898 5142 famulantum
2942 5082 3387 5142 circumsistunt,
3417 5086 3472 5134 et
3506 5078 3627 5131 fau-

2053 5190 2155 5245 stis
2186 5180 2689 5240 acclamationibus
2726 5176 3092 5245 laudibusque
3123 5179 3483 5229 venenatur.
3509 5168 3627 5224 ϐαιά

2056 5290 2233 5337 terum
2257 5289 2607 5347 nequaquam
2632 5269 2965 5326 censendum
2987 5278 3073 5323 cst
3110 5266 3273 5322 loeali
3296 5261 3627 5320 celsitudine

2055 5374 2303 5431 divinum
2339 5369 2539 5425 solium
2592 5366 2881 5426 constitui,
2912 5361 2963 5416 id
3015 5360 3159 5416 enim
3200 5356 3451 5426 cogitare
3504 5353 3625 5408 ine~

2055 5480 2208 5541 ptum
2246 5463 2430 5519 fuerit.
2464 5458 2524 5515 In
2556 5458 2776 5516 sublimi
2827 5469 2958 5511 vero
2986 5452 3231 5507 divinum
3263 5447 3465 5503 solium
3494 5458 3627 5501 conn

2063 5537 2336 5623 stituitur,
2381 5554 2433 5607 in
2471 5559 2736 5622 quantum
2788 5549 2932 5603 ultra
2972 5556 3189 5602 omnem
3234 5547 3492 5599 naturam
3544 5537 3627 5592 ine
