3894 6200
281 281 353 341 99
1274 279 1332 334 S.
1378 277 1658 334 CYRILLI
1702 275 2173 332 ALEXANDRINI
2210 277 2534 333 ARCIIIEP.

3422 278 3524 332 100

285 397 617 470 telligibilem
677 395 828 467 regni
887 395 982 450 Dei
1041 395 1214 466 gloria
1269 395 1612 466 concipitur,
1675 394 1852 451 sessio

1964 393 2174 462 φύσεως
2202 396 2424 465 νοητῆς,
2450 397 2551 465 τῆς
2574 394 2668 448 τοῦ
2697 393 2832 448 Θεοῦ
2870 392 3148 464 βασιλειας
3173 399 3206 464 ἡ
3233 394 3377 462 δόξαο
3412 397 3446 466 ἡ
3471 397 3525 450 δὲ

285 507 414 546 vero
460 493 514 546 in
553 505 641 554 eo,
680 489 851 543 veluti
888 488 1262 542 ﬁrmissimam
1316 487 1374 542 in
1406 489 1673 541 bonorum
1708 487 1862 540 iden-

283 583 443 636 titate
481 581 779 636 stationem
828 594 893 634 ac
942 578 1291 634 durationem
1339 577 1559 632 videtur
1604 580 1856 634 innuere.

286 674 378 728 Sic
409 675 556 728 enim
583 672 737 726 canit
765 679 819 726 et
845 670 1069 725 divinus
1105 669 1279 724 David
1314 687 1329 725 :
1369 689 1387 722 ι
1437 668 1581 725 Deus
1617 670 1769 724 sedet
1803 670 1858 723 in

287 766 426 821 solio
458 771 650 820 sancto
683 763 805 833 ejus
827 763 894 816 “.
938 781 956 812 ι
993 761 1056 813 Ει
1107 759 1330 831 quidem
1373 763 1540 815 etiam
1594 761 1860 831 propheta

285 856 550 912 Jeremias
595 856 796 909 alicubi
845 855 910 908 ad
979 854 1160 924 ipsum
1199 855 1328 909 ait:
1368 869 1388 904 ι
1430 852 1512 906 Tu
1563 854 1760 908 sedens
1802 855 1858 908 in

287 949 570 1011 sazculum,
595 955 648 1000 et
669 962 770 1001 nos
791 955 1084 1015 pereuntes
1115 946 1168 998 in
1195 945 1456 1000 saeculum
1484 945 1550 998 ".
1579 963 1597 996 ›
1636 943 1862 1015 Semper

286 1042 434 1096 enim
487 1049 541 1096 et
577 1043 724 1095 omni
782 1051 1031 1110 tempore
1068 1040 1452 1110 corruptibilis
1500 1049 1585 1095 est
1622 1047 1676 1094 et
1717 1039 1861 1094 facta

287 1142 512 1197 natura,
543 1142 595 1186 et
627 1134 811 1187 omnia
844 1135 1024 1204 genita
1063 1133 1208 1186 intra
1241 1133 1387 1186 hunc
1424 1132 1647 1186 modum
1688 1148 1747 1187 se
1772 1131 1863 1186 ha-

287 1223 439 1278 bent.
467 1221 633 1277 Sedet
681 1237 832 1286 vero,
859 1230 918 1276 ut
960 1221 1098 1286 dixi,
1131 1221 1379 1275 omnium
1419 1219 1601 1290 opifex
1635 1227 1690 1275 et
1729 1235 1860 1291 ope-

289 1316 462 1369 ratrix
520 1315 833 1384 sapientia,
883 1303 942 1368 id
998 1321 1085 1368 est
1137 1313 1526 1368 inconcussam
1583 1312 1748 1366 habet
1805 1313 1860 1366 in

287 1407 478 1461 eodem
530 1409 1020 1476 perseverantiam.
1049 1403 1148 1460 Vel
1203 1406 1370 1475 igitur
1409 1404 1610 1467 sedere,
1645 1403 1859 1459 Domini

291 1509 545 1553 naturam
584 1497 880 1567 significat,
926 1497 1012 1551 vel
1047 1513 1276 1566 regnum
1332 1497 1526 1566 ipsius.
1572 1495 1858 1563 Seraphim

292 1591 350 1646 in
383 1590 566 1660 specie
614 1605 898 1645 servorum
948 1590 996 1644 ei
1051 1589 1385 1650 astantibus,
1427 1604 1661 1656 quorum
1705 1588 1861 1656 longe

292 1697 459 1752 supra
501 1697 694 1736 omnes
735 1680 961 1751 angelos
1008 1689 1091 1733 est
1136 1679 1403 1749 dignatio.
1434 1676 1862 1748 lnterpretamur

290 1785 471 1830 autem
524 1774 808 1842 Seraphim
854 1773 1006 1827 velut
1062 1769 1419 1825 incendiarios
1463 1771 1580 1825 sive
1638 1770 1853 1839 inﬂam-

290 1874 496 1918 mantes
547 1864 741 1918 :nihil
791 1863 936 1918 enim
989 1863 1251 1933 frigidum
1306 1861 1372 1916 ad
1435 1877 1723 1931 supremas
1766 1877 1860 1932 po-

291 1965 539 2018 testates,
581 1970 704 2024 quae
737 1954 848 2008 Deo
902 1955 1169 2023 proximae
1209 1962 1360 2016 sunt,
1417 1955 1655 2007 accedit.
1705 1952 1861 2018 Quod

290 2061 421 2101 vero
456 2047 743 2115 Seraphim
776 2045 877 2100 alis
900 2045 1158 2114 obtegant
1198 2044 1392 2099 faciem
1421 2051 1473 2099 et
1499 2044 1688 2114 pedes,
1719 2046 1861 2099 dua-

290 2136 501 2204 busque
550 2136 652 2188 alis
704 2135 908 2196 volent,
941 2133 1162 2200 signum
1214 2146 1300 2187 est
1335 2148 1444 2187 non
1483 2149 1643 2202 posse
1670 2150 1862 2203 quem-

288 2242 454 2297 quam
491 2233 818 2294 conceptum
868 2231 922 2279 et
976 2224 1249 2278 rationem
1299 2223 1367 2277 de
1405 2222 1541 2288 Dco,
1569 2232 1662 2278 aut
1704 2225 1860 2294 prin-

289 2320 493 2388 cipium
543 2325 637 2370 aut
691 2315 854 2370 ﬁnem
927 2314 1151 2368 intueri.
1190 2313 1364 2383 Caput
1401 2315 1547 2368 enim
1589 2322 1644 2369 et
1686 2314 1860 2368 vultus

288 2408 623 2480 principium
661 2407 960 2478 signiﬁcat,
984 2405 1136 2474 pedes
1163 2420 1292 2459 vero
1319 2404 1481 2460 ﬁnem
1509 2423 1522 2458 :
1554 2419 1720 2475 porro
1742 2406 1862 2461 sine

288 2498 566 2570 principio
601 2507 654 2551 et
692 2497 803 2551 fine
851 2495 1020 2560 Deus,
1054 2504 1107 2550 et
1141 2510 1243 2549 nos
1291 2495 1377 2549 vix
1430 2495 1670 2549 medium
1707 2511 1861 2552 asse-

287 2590 534 2660 quimur,
565 2587 916 2656 ea,inquam,
949 2601 1069 2654 qua}
1098 2585 1402 2639 secundum
1437 2594 1681 2653 tempora
1709 2594 1859 2651 sunt,

291 2681 599 2737 secundum
653 2693 794 2746 quae,
829 2692 892 2731 ea
947 2692 1066 2745 quae
1107 2675 1402 2745 aliquando
1457 2692 1564 2730 non
1599 2685 1760 2732 erant
1807 2677 1860 2731 in

291 2785 478 2826 rerum
506 2778 759 2823 naturam
803 2767 1064 2835 producta
1111 2775 1259 2821 sunt.
1293 2765 1493 2822 Volant
1526 2778 1706 2822 autem
1739 2778 1862 2821 tan-

291 2876 456 2931 quam
503 2859 640 2914 nihil
693 2859 962 2914 habentes
1015 2859 1288 2927 abjectum
1321 2873 1386 2912 ac
1420 2859 1748 2926 demissum,
1776 2868 1864 2914 ut-

292 2962 420 3022 pote
447 2965 680 3022 quorum
724 2950 953 3019 spiritus
986 2949 1162 3020 magis
1207 2950 1264 3003 in
1312 2949 1545 3004 sublime
1593 2950 1660 3004 ad
1694 2949 1862 3004 Deum

295 3043 488 3098 tendit.
535 3041 644 3096 Nec
675 3042 823 3096 enim
875 3040 1044 3095 sicuti
1093 3055 1192 3096 nos
1226 3049 1444 3096 terrena
1492 3042 1735 3112 sapiunt,
1766 3042 1861 3097 sed

293 3133 351 3188 in
376 3131 707 3203 quibusdam
740 3147 851 3184 non
881 3131 1209 3186 enarrandis
1239 3133 1671 3201 speculationum
1706 3131 1860 3188 fasti-

291 3225 400 3296 giis
427 3239 490 3278 ac
519 3223 958 3279 sublimitatibus
1009 3237 1282 3292 supremae
1334 3224 1593 3292 potentia:
1625 3235 1860 3279 mentem

291 3319 613 3382 occupatam
647 3311 871 3366 habent.
899 3311 974 3365 0s
1013 3313 1179 3366 etiam
1208 3311 1290 3366 eis
1321 3312 1575 3366 laudibus
1600 3323 1654 3366 et
1679 3314 1860 3368 faven-

291 3406 429 3457 tium
451 3402 936 3456 acclamationibus
961 3410 1221 3470 personat
1245 3421 1259 3456 z
1282 3402 1486 3472 quippe
1515 3401 1608 3457 Dci
1630 3403 1861 3473 gloriam

289 3497 615 3555 concinunt.
650 3495 812 3562 idque
843 3494 1091 3558 alternis,
1137 3509 1248 3548 non
1274 3495 1420 3561 quod
1460 3493 1738 3560 fatiscant,
1766 3496 1863 3550 sed

293 3587 524 3641 invicem
610 3584 767 3653 711
858 3583 962 3638 sibi
1021 3582 1287 3638 honorem
1343 3584 1750 3648 concedentes,
1808 3590 1863 3638 et

294 3675 464 3730 Deum
496 3676 753 3730 laudandi
785 3674 959 3729 vicem
983 3674 1087 3728 sibi
1114 3684 1304 3727 mutuo
1334 3675 1613 3728 tradentes
1643 3691 1655 3726 :
1680 3675 1863 3728 omnia

291 3769 437 3824 enim
470 3767 524 3820 in
567 3765 763 3818 ordine
817 3781 938 3834 quae
988 3779 1156 3834 supra
1201 3772 1351 3820 sunt.
1389 3763 1494 3818 Ter
1523 3780 1656 3819 vero
1706 3766 1860 3830 illud,

292 3867 551 3920 sanctas,
588 3857 834 3910 dicentes
892 3856 1233 3910 concludunt
1295 3857 1748 3927 gloriﬁcationem
1806 3861 1862 3915 in

293 3950 420 4012 hoc,
453 3966 472 4000 ι
518 3945 782 4000 Dominus
815 3943 1077 4010 Sabaoth,
1124 3965 1142 3998 ι
1184 3947 1238 4000 in
1272 3962 1378 3999 una
1412 3957 1623 4002 natura:
1660 3949 1862 4004 deitate

292 4047 544 4096 sanctam
584 4039 912 4092 Trinitatem
949 4039 1310 4094 collocantes.
1357 4039 1667 4096 Subsistere
1715 4043 1860 4096 enim

295 4147 424 4186 vere
455 4131 694 4187 dicimus
727 4131 964 4194 Patrem,
1011 4131 1093 4186 sic
1136 4140 1191 4188 et
1242 4131 1462 4200 Filium,
1495 4144 1549 4189 et
1599 4134 1860 4205 Spiritum

296 4235 575 4288 sanctum,
603 4240 703 4279 nec
736 4225 844 4278 ulla
880 4224 1025 4278 ratio
1062 4225 1114 4277 in
1163 4224 1536 4279 diversitatem
1577 4226 1860 4296 physicam

294 4318 484 4373 divisit
516 4331 962 4388 unumquemque
1021 4315 1496 4384 supradictorum,
1525 4317 1622 4372 sed
1661 4318 1717 4371 in
1764 4319 1863 4371 tri-'

293 4410 422 4481 plici
465 4409 748 4481 hypostasi
781 4423 888 4461 una
917 4407 1096 4461 deitas
1127 4408 1471 4478 intelligitur.

365 4502 832 4570 Quemadmodum
874 4501 1019 4555 enim
1060 4501 1228 4554 carbo
1267 4509 1463 4554 natura
1499 4501 1702 4571 lignum
1743 4513 1858 4565 est,

291 4605 345 4649 et
373 4596 573 4664 alioqui
606 4601 754 4648 totus
784 4608 882 4663 per
914 4600 1087 4646 totum
1123 4593 1247 4663 igne
1277 4593 1470 4652 plenus
1498 4601 1612 4656 est,
1635 4593 1863 4663 ejusque

292 4687 400 4740 vim
443 4702 507 4740 ac
553 4685 848 4740 efﬁcaciam
885 4684 1079 4749 habet,
1121 4683 1199 4736 sic
1225 4691 1279 4736 et
1313 4681 1548 4738 Verbum
1590 4683 1732 4754 ignis
1769 4699 1864 4736 ex-

293 4781 496 4836 sistens
533 4785 590 4830 ut
626 4776 802 4840 Deus,
835 4794 852 4826 ι
887 4775 1090 4829 factum
1122 4785 1208 4830 est
1238 4791 1395 4839 caro,
1424 4786 1479 4830 et
1510 4776 1777 4830 habitavit
1805 4777 1861 4830 in

293 4869 472 4922 nobis.
504 4886 522 4917 ›
551 4865 662 4920 Etsi
707 4879 837 4918 vero
863 4865 1307 4933 conspiciebatur
1346 4865 1510 4918 homo
1556 4865 1731 4919 instar
1763 4881 1860 4920 nu-

293 4968 465 5013 strum
491 4974 556 5012 ex
587 4957 1012 5026 dispensationis
1045 4957 1256 5020 ordine,
1281 4966 1520 5011 attamen
1551 4971 1711 5012 omne
1743 4957 1860 5012 dei-

293 5050 421 5103 tatis
447 5049 905 5117 complementum
937 5048 989 5100 in
1021 5063 1086 5102 eo
1113 5048 1425 5115 residebat,
1459 5050 1718 5103 nimirum
1763 5065 1861 5120 per

295 5141 514 5195 unionis
555 5139 796 5192 modum.
849 5138 1059 5193 Idcirco
1097 5139 1260 5192 etiam
1301 5153 1396 5208 per
1438 5155 1594 5194 suam
1639 5154 1855 5195 carnem

293 5229 403 5284 Deo
455 5229 809 5301 dignissimas
859 5230 1061 5283 habere
1100 5232 1344 5284 cernitur
1383 5233 1753 5301 Operationes.
1799 5233 1856 5288 Si

293 5336 423 5376 vero
453 5320 671 5376 dicatur
705 5320 918 5390 forcipe
949 5322 1107 5390 capi,
1166 5321 1441 5390 intelliges
1493 5324 1770 5392 eleganter
1803 5335 1858 5380 ct

295 5412 523 5478 urbane,
551 5429 653 5468 nos
685 5413 832 5466 circa
865 5428 988 5467 eum
1016 5411 1174 5466 (idem
1199 5426 1264 5465 ac
1294 5413 1541 5466 notitiam
1574 5416 1720 5470 velut
1759 5417 1857 5470 ali-

293 5517 400 5573 qua
431 5501 658 5573 forcipe.
696 5519 792 5572 per
813 5503 1014 5571 legales
1044 5501 1206 5556 simul
1241 5510 1295 5556 et
1330 5503 1676 5571 propheticas
1701 5508 1856 5563 insti-

293 5592 558 5658 tutiones,
589 5594 704 5648 sive
731 5591 1113 5663 prmdictiones
1143 5599 1198 5644 et
1222 5592 1555 5646 testimonia.

367 5706 415 5738 ³⁸
451 5705 597 5763 Psal.
631 5722 790 5772 ιινι,
825 5708 908 5764 l9.
988 5708 1030 5738 ⁸⁷
1073 5705 1280 5761 Baruch
1316 5722 1372 5760 lll
1397 5745 1411 5772 ,
1448 5706 1500 5760 5.

1961 484 2177 548 κὰθισις
2206 487 2239 555 ἡ
2276 486 2362 539 ἐπ’
2399 486 2569 554 αὐτῷ,
2597 486 2696 556 τὴν
2733 487 2898 538 οἱονεὶ
2940 485 3290 556 βεϐαιοτάτην
3330 487 3424 539 καὶ
3469 488 3528 538 ὲν

1957 577 2244 648 ταυτότητι
2261 578 2367 630 τῶν
2395 577 2614 646 ἀγαθῶν
2642 577 2848 648 ἴδρυσίν
2869 593 2927 629 τε
2951 578 3045 631 καὶ
3068 575 3327 648 διαμονὴν
3353 577 3528 631 ἔοικεν

1959 669 2279 740 ὑποδηλοῦν.
2305 671 2513 724 Ψάλλει
2543 672 2650 744 γὰρ
2677 672 2817 723 οῦτω
2845 671 2934 723 καὶ
2961 671 2989 724 ὁ
3018 669 3158 734 θεῐος
3188 670 3350 724 Δαϐίδ
3369 689 3382 702 '
3414 689 3432 722 ι
3469 671 3528 723 '0

1961 761 2096 825 Θεὸς
2145 761 2378 834 κάθηται
2422 762 2515 816 ἐπὶ
2568 763 2760 833 θρόνου
2798 761 2952 830 ἁγίου
3007 760 3194 815 αὑτοῦ.
3227 781 3246 813 ι
3282 762 3391 816 Καὶ
3423 762 3530 832 μὴν

1961 855 2054 907 καὶ
2087 855 2114 906 ό
2163 855 2454 924 προφήτης
2507 854 2778 925 Ἱερεμίας
2822 853 2961 922 πρὸς
2995 853 3158 908 αὐτόν
3205 853 3310 908 πού
3361 869 3525 923 φησι·

1967 964 1985 996 ι
2018 947 2089 998 Σὺ
2133 944 2442 1016 καθήμενος
2474 947 2555 1008 εἰς
2584 946 2677 998 τὸν
2719 945 2912 1008 αἰῶνα,
2949 947 3043 998 καὶ
3096 947 3256 1015 ἡμεῖς
3297 944 3529 1000 ἀπολλύ-

1965 1055 2116 1108 μενοι
2155 1040 2234 1100 είς
2257 1037 2346 1090 τὸν
2377 1037 2563 1090 αίῶνα.
2595 1056 2612 1088 ι
2647 1038 2756 1090 Ἀεὶ
2789 1037 2898 1108 γὰρ
2929 1037 3024 1090 κα)⁵
3053 1039 3110 1091 ὲν
3143 1040 3303 1091 παντὶ
3329 1039 3526 1109 χρόνῳ,

1963 1130 2176 1201 φθαρτή
2208 1129 2267 1183 τέ
2290 1131 2405 1182 ἐστι
2428 1129 2521 1182 καὶ
2549 1129 2889 1199 πεποιημένη
2918 1129 3076 1198 φύσις
3108 1129 3200 1182 καὶ
3224 1129 3333 1182 τῶν
3362 1146 3528 1199 γενη-

1960 1222 2070 1275 τῶν
2101 1223 2160 1274 ὲν
2190 1221 2399 1285 τούτοις
2434 1222 2497 1274 τὸ
2542 1221 2759 1292 μέτρον.
2787 1220 3040 1290 Κάθηται
3076 1221 3156 1286 δὲ,
3197 1221 3273 1284 ὼς
3311 1220 3527 1292 {carlqu

1963 1316 2184 1368 πάντων
2211 1317 2442 1385 τεχνῖτις
2471 1315 2565 1368 καὶ
2596 1311 2923 1384 δημιουργὸς
2956 1312 3136 1381 σοφία,
3173 1311 3321 1366 τοῦτ’
3360 1313 3526 1375 ἔστιν,

1961 1409 2256 1479 ἀκλόνητον
2279 1409 2392 1479 ἔχει
2425 1409 2522 1479 τὴν
2551 1408 2609 1460 ὲν
2640 1405 2822 1476 ταυτῷ
2849 1405 3127 1475 διαμονήν.
3154 1405 3225 1458 Ἢ
3263 1404 3439 1460 τοίνυν
3468 1405 3529 1458 τὸ

1962 1502 2278 1570 καθῆσθαι,
2309 1503 2406 1571 τὴν
2439 1499 2530 1554 τοῦ
2567 1500 2836 1552 Δεσπότου
2860 1499 3021 1568 φύσιν
3055 1498 3328 1569 σημαίνει,
3365 1498 3398 1568 ἢ
3428 1496 3527 1567 τὴν

1964 1593 2240 1664 βασιλείαν
2286 1591 2473 1655 αὑτοῦ,
2529 1590 2898 1662 παρεστώτων
2951 1590 3127 1643 αὐτῶν
3182 1591 3239 1644 ἐν
3286 1590 3526 1660 σχήματι

1961 1685 2207 1748 δουλείας
2235 1684 2345 1737 τῶν
2373 1685 2643 1754 Σεραφὶμ,
2679 1683 2714 1736 ἂ
2745 1682 3000 1752 ὑπεράνω
3041 1682 3155 1735 ἐστὶ
3187 1682 3283 1734 καὶ
3309 1683 3524 1750 ἐντιμό-

1961 1791 2098 1845 τερα
2125 1773 2235 1826 τῶν
2273 1772 2520 1841 ἀγγέλων
2548 1771 2783 1824 πάντων.
2823 1770 3247 1842 Διερμηνεύεται
3268 1770 3323 1823 δὲ
3355 1771 3523 1840 Σερα-

1963 1863 2088 1933 φὶμ,
2125 1861 2482 1931 ἐμπρησταὶ,
2522 1861 2638 1930 ἦτοι
2666 1861 3078 1929 θερμαίνοντες
3101 1876 3116 1890 °
3157 1860 3364 1932 ψυχρὸν
3415 1861 3524 1930 γὰρ

1960 1952 2114 2006 οὐδὲν
2141 1952 2452 2022 παράγεται
2481 1953 2600 2014 ταῖς
2632 1952 2744 2005 ἄνω
2784 1951 3096 2021 δυνάμεσιν,
3131 1952 3295 2022 αἴπερ
3325 1951 3390 2005 ἂν
3415 1948 3524 2004 εἶεν

1964 2045 2200 2115 μάλιστα
2230 2045 2324 2098 καὶ
2365 2043 2533 2111 ἐγγὺς
2561 2043 2714 2096 Θεοῦ.
2752 2042 3027 2112 Σύμϐολον
3068 2043 3126 2095 δὲ
3151 2043 3213 2096 τὸ
3247 2047 3369 2107 ταῖς
3400 2043 3525 2097 πτέ-

1967 2135 2088 2206 ρυξι
2111 2133 2554 2188 κατακαλύπτειν
2573 2132 2640 2185 τὰ
2660 2133 2932 2204 Σεραφὶμ,
2951 2133 3013 2184 τό
3029 2149 3086 2184 τε
3119 2132 3407 2203 πρόσωπον
3432 2137 3520 2186 κα)

1960 2228 2087 2290 τοὺς
2118 2226 2307 2288 πόδας,
2334 2226 2427 2277 καὶ
2461 2223 2716 2276 πέτεσθαι
2753 2225 2873 2284 ταῖς
2901 2222 3019 2275 δυσὶ
3049 2222 3290 2293 πτέρυξι,
3321 2221 3413 2274 τοῦ
3451 2223 3524 2289 μὴ

1961 2317 2214 2372 δύνασθαί
2256 2334 2406 2379 τινας
2451 2317 2484 2385 ἢ
2535 2314 2708 2386 ἀρχὴν
2762 2315 2793 2385 ἢ
2853 2313 3006 2376 τέλος
3045 2315 3178 2384 όρᾷν
3223 2313 3439 2366 ἐννοιῶν
3491 2330 3524 2383 η

1961 2411 2134 2478 λόγων
2171 2410 2278 2462 τῶν
2322 2409 2450 2478 περὶ
2495 2407 2650 2462 Θεοῦ.
2694 2407 2956 2477 Σημαίνει
2998 2407 3107 2478 γὰρ
3148 2408 3248 2476 τὴν
3289 2408 3524 2478 ἀρχηνή

1962 2501 2197 2570 κεφαλὴ
2237 2500 2329 2552 καὶ
2359 2501 2417 2552 τὸ
2447 2501 2800 2567 πρόσωπον’
2840 2499 2900 2552 τὸ
2940 2499 2993 2552 δέ
3023 2516 3087 2567 γε
3123 2501 3296 2563 τέλος,
3331 2502 3380 2553 oi
3422 2503 3530 2554 πό-

1962 2593 2093 2659 δες·
2142 2593 2378 2662 ἄναρχον
2416 2591 2522 2663 γὰρ
2549 2591 2608 2644 τὸ
2640 2591 2793 2645 Θεῖον
2826 2593 2920 2644 καὶ¹
2957 2591 3329 2663 ἀτελεύτητον,
3361 2610 3527 2664 προσ-

1963 2682 2230 2753 ϐάλλομεν
2255 2681 2312 2735 δὲ
2337 2683 2451 2745 τοῖς
2482 2681 2568 2734 διὰ
2602 2682 2768 2751 μέσου
2801 2682 2974 2751 μόλις,
3003 2684 3115 2744 τοῖς
3145 2683 3285 2736 κατὰ
3308 2700 3370 2752 γε
3400 2684 3528 2746 τοὺς

1962 2776 2188 2847 χρόνους
2220 2774 2361 2845 φημί
2381 2792 2394 2807 ο
2420 2773 2539 2828 καθ’
2573 2773 2664 2838 οὓς
2694 2774 2760 2827 τὰ
2792 2776 2893 2827 οὑκ
2921 2773 3050 2828 ὅντα
3085 2775 3214 2828 ποτὲ
3243 2775 3528 2848 παρήχθη-

1965 2884 2063 2921 σαν
2093 2867 2229 2938 πρὸς
2260 2864 2517 2934 ὕπαρξιν.
2548 2863 2808 2918 Πέτονταί
2836 2881 2899 2932 γε
2936 2865 3042 2935 μὴν
3080 2865 3155 2928 ὡς
3191 2865 3342 2918 οὐδὲν
3375 2865 3526 2935 ἔχον-

1963 2977 2053 3024 τες
2086 2959 2146 3012 τὸ
2178 2958 2649 3028 κατερῤιμμένον·
2689 2955 2823 3025 ὑψοῦ
2864 2955 2918 3008 δὲ
2952 2957 3149 3027 μᾶλλον
3181 2958 3268 3012 ἀεὶ
3298 2958 3358 3010 τὸ
3397 2958 3528 3029 φρό-

1887 3080 1933 3140 C
1964 3069 2111 3124 νημα
2143 3051 2278 3122 πρὸς
2305 3050 2455 3104 Θεόν.
2489 3049 2562 3102 Ού
2597 3049 2705 3119 γάρ
2728 3065 2808 3101 τοι
2833 3049 2966 3119 πρὸς
2993 3051 3140 3118 ἡμᾶς
3173 3049 3427 3120 φρονοῦσι
3461 3052 3528 3104 τὰ

1963 3146 2146 3198 κὰτω’
2180 3143 2294 3196 ἀλλ’
2331 3144 2388 3194 ὲν
2425 3143 2762 3213 ἀπορρήτοις
2803 3143 2944 3194 τισὶν
2983 3141 3267 3212 ύψώμασιν
3311 3143 3527 3196 ἐννοιῶν

1961 3237 2018 3288 αἱ
2044 3234 2318 3289 ἀνώταται
2354 3235 2632 3304 δυνάμεις,
2673 3233 2764 3286 τὸν
2802 3235 2999 3287 οἰκεῖον
3039 3235 3220 3304 έχουσι
3253 3235 3393 3289 νοῦν.
3425 3236 3524 3289 Εὕα

1961 3342 2144 3396 φημον
2174 3325 2231 3378 δὲ
2261 3326 2353 3378 καὶ
2377 3325 2452 3408 ’τὸὶ
2464 3325 2637 3395 στόμα
2661 3325 2876 3387 αὐτοῖς·
2904 3324 3242 3394 δοξολογοῦσι
3272 3327 3401 3398 γὰρ,
3434 3329 3528 3380 καὶ

1961 3418 2118 3471 τοῦτο
2157 3417 2215 3483 ἐξ
2241 3417 2499 3488 ἀμοιϐῆς,
2525 3417 2583 3469 οὐ
2610 3416 2696 3469 διὰ
2728 3434 2790 3485 γε
2819 3417 2879 3470 τὸ
2905 3418 3152 3486 κάμνειν,
3178 3418 3528 3489 παραχωροῦ-

1965 3524 2055 3560 σαι
2089 3507 2286 3578 μᾶλλον
2309 3507 2408 3570 τὰς
2437 3508 2602 3577 τιμὰς
2633 3507 2910 3577 ἀλλήλαις,
2944 3508 3039 3560 καὶ
3067 3507 3525 3578 ἁντιδωρούμεναι

1961 3600 2060 3663 τὰς
2087 3599 2418 3668 δοξολογίας·
2454 3601 2630 3653 πάντα
2658 3601 2768 3670 γὰρ
2804 3601 2862 3651 ὲν
2903 3600 3090 3669 κόσμῳ
3120 3599 3186 3652 τὰ
3237 3598 3368 3653 ἂνω.
3394 3599 3527 3670 Τρὶς

1961 3693 2018 3745 δὲ
2048 3693 2128 3755 τὸ,
2155 3692 2318 3761 ἅγιος
2369 3692 2639 3759 λέγοντες,
2679 3690 3058 3744 κατακλείουσι
3085 3690 3182 3761 τὴν
3224 3689 3526 3756 δοξολογίαν

1962 3783 2041 3844 είς
2075 3781 2156 3844 τὸ,
2206 3800 2223 3831 ι
2253 3781 2452 3850 Κύριος
2487 3778 2736 3842 Σαϐαὼθ,
2769 3801 2786 3832 ι
2839 3782 2896 3832 ἐν
2933 3781 3027 3851 μιᾷ
3057 3779 3270 3848 φύσεως
3316 3781 3526 3848 θεότητι

1961 3873 2060 3944 τὴν
2093 3873 2252 3940 ἁγίαν
2285 3871 2522 3934 τιθέντες
2565 3871 2788 3942 Τριάδα.
2833 3871 3156 3940 ’Υφεστάναι
3196 3872 3302 3942 γὰρ
3340 3873 3527 3943 ὁμολο-

1963 3965 2242 4035 γουμένως
2271 3963 2448 4032 φαμὲν
2477 3962 2567 4015 τὸν
2604 3963 2843 4033 Πατέρα,
2867 3962 3008 4016 οὓτω
3031 3963 3087 4016 δὲ
3125 3963 3216 4016 καὶ
3259 3963 3349 4016 τὸν
3380 3963 3524 4029 Υίὸν,

1963 4055 2060 4109 καὶ
2086 4056 2148 4107 τὸ
2181 4054 2405 4124 Πνεῦμα
2436 4055 2496 4106 τὸ
2526 4053 2698 4122 ἃγιον,
2743 4055 2836 4106 καὶ
2872 4055 3029 4122 λόγος
3058 4055 3230 4117 οὐδεὶς
3258 4055 3527 4126 διατέμνει

1962 4149 2098 4219 πρὸς
2125 4149 2416 4219 ἑτερότητα
2443 4147 2676 4216 φυσικὴν
2706 4147 2813 4199 τῶν
2853 4146 3252 4217 ὠνομασμένων
3279 4146 3525 4210 ἕκαστον,

1964 4241 2079 4295 ἀλλ’
2111 4241 2168 4294 ὲν
2196 4241 2530 4294 ὑποστάσεσι
2560 4239 2709 4312 τρισὶ
2737 4242 2940 4292 νοεῖται
2981 4239 3076 4310 μία
3109 4238 3316 4310 θεότης.

2041 4505 2249 4574 ’Ὠσπερ
2277 4503 2430 4573 γὰρὸ
2457 4501 2679 4572 ἄνθραξ,
2703 4503 2768 4571 τῇ
2807 4499 2966 4570 φύσει
3009 4499 3165 4566 ξύλον
3205 4501 3318 4554 ἐστὶ
3338 4541 3352 4564 ,
3388 4501 3528 4571 πλὴν

1967 4592 2084 4654 ὅλος
2105 4591 2170 4643 δι’
2193 4591 2313 4643 ὅλου
2357 4590 2699 4660 μεμέστωται
2738 4589 2831 4642 τοῦ
2877 4588 3065 4659 πυρὸς,
3107 4590 3201 4642 καὶ
3227 4589 3324 4659 τὴν
3364 4590 3526 4642 αὐτοῦ

1965 4684 2194 4753 δύναμιν
2223 4684 2318 4736 καὶ
2367 4683 2650 4752 ἐνέργειαν
2688 4681 2820 4751 ἔχει,
2859 4680 3000 4734 οὓτω
3029 4682 3123 4734 καὶ
3148 4682 3176 4733 ὁ
3219 4682 3386 4748 Λόγος
3419 4681 3527 4750 πῦρ

1963 4777 2059 4838 ῶν,
2087 4777 2161 4839 ὡς
2183 4777 2334 4841 Θεὸς,
2363 4795 2381 4826 ‹
2401 4775 2592 4844 γέγονε
2617 4774 2771 4844 σὰρξ,
2795 4774 2889 4827 καὶ
2917 4775 3225 4845 ἐσκήνωσεν
3244 4775 3300 4826 ὲν
3328 4775 3480 4842 ἡμῖν.
3504 4793 3521 4824 ι

1977 4868 2118 4921 Ἀλλ’
2149 4870 2198 4923 εἰ
2237 4869 2330 4920 καὶ
2357 4863 2425 4937 ἦν
2457 4867 2576 4920 καθ’
2605 4868 2751 4937 ἡμᾶς
2780 4865 3053 4936 ὁρώμενος
3075 4864 3356 4936 ἄνθρωπος
3387 4866 3527 4916 οίκο-

1967 4960 2226 5029 νομικῶς,
2263 4959 2373 5011 ἀλλ’
2408 4955 2499 5012 οὖν
2534 4957 2678 5011 ἅπαν
2711 4957 2772 5010 τὸ
2817 4957 2915 5028 τῆς
2959 4957 3211 5025 θεότητος
3257 4953 3528 5024 πλήρωμα

1968 5051 2286 5120 κατῴκησεν
2325 5051 2381 5102 ἐν
2401 5049 2566 5118 αὐτῷ,
2600 5048 2740 5102 κατά
2774 5048 2838 5116 γέ
2871 5065 3014 5118 φημι
3040 5049 3131 5100 τὸν
3160 5048 3258 5118 τῆς
3285 5045 3529 5108 ἑνώσεως

1963 5144 2184 5214 τρόπον.
2215 5141 2403 5213 Ταύτῃ
2429 5159 2512 5193 τοι
2541 5141 2635 5194 καὶ
2659 5141 2747 5193 διὰ
2773 5141 2872 5211 τῆς
2906 5141 3040 5204 ἰδίας
3063 5140 3282 5210 σαρκὸς,
3304 5139 3527 5208 θεοπρε-

1964 5236 2236 5297 πεστάτας
2285 5235 2424 5304 ἔχων
2455 5236 2648 5305 ὁρᾶται
2676 5235 2774 5296 τὰς
2814 5235 3113 5306 ἐνεργείας.
3149 5234 3211 5286 Εἰ
3239 5232 3293 5284 δὲ
3342 5231 3407 5301 δὴ
3438 5230 3526 5282 λέ-

1963 5341 2112 5392 γοιτο
2156 5326 2221 5394 τῇ
2247 5323 2422 5376 λαϐίδι
2455 5323 2844 5394 λαμϐάνεσθαι,
2883 5324 3131 5392 συνήσεις
3161 5321 3411 5382 ἀστείως,
3444 5319 3525 5372 ὃτι

1963 5414 2063 5484 τὴν
2095 5414 2182 5465 ἐπ’
2213 5412 2359 5481 αὐτῷ
2387 5412 2566 5465 πίστιν
2595 5413 2688 5466 καὶ
2711 5412 2909 5480 γνῶσιν
2929 5409 3178 5478 καθάπερ
3205 5406 3311 5459 τινὶ
3351 5405 3526 5458 λαϐίδι

1962 5504 2250 5574 δεχόμεθα,
2283 5503 2370 5556 διὰ
2401 5503 2645 5573 νομικῶν
2663 5519 2722 5555 τε
2753 5501 2867 5573 ἅμα
2888 5501 2982 5555 καὶ
3013 5497 3365 5571 προφητικῶν
3397 5512 3524 5549 παι-

1959 5597 2260 5669 δευμάτων,
2296 5596 2413 5666 ἦτοι
2447 5595 2896 5666 προαγορεύσεων
2927 5592 3019 5646 καὶ
3049 5589 3383 5661 μαρτυριῶν.
