3894 6200
238 276 340 343 tot

1051 282 1115 337 IN
1154 280 1495 338 JOANNEM.
1529 282 1750 337 —LIB.
1793 281 1886 336 VII
1929 280 2017 336 ΕΤ
2060 279 2171 336 VIII
2202 279 2650 337 FRAGMENTA.

3388 281 3490 337 ιω

316 408 505 476 Ὅμως
550 402 663 473 μέν
690 420 779 457 τοι
830 403 929 456 καὶ
971 402 1040 455 ἐκ
1088 401 1209 454 τῶν
1253 401 1561 469 ἀρχόντων
1607 399 1822 453 πολλοὶ

1997 396 2087 450 Xll
2111 439 2125 463 ,
2159 398 2249 452 ὁδὶ.
2289 397 2488 452 Tamen
2521 408 2571 452 et
2605 412 2669 451 ea:
2701 396 3027 466 principibus
3056 398 3211 452 multi
3254 400 3491 455 credide-

236 499 618 553 ἐπίστευσαν
652 497 738 560 εὶς
782 496 987 558 αὑτὸν,
1024 494 1118 547 καὶ
1150 494 1220 545 τά
1250 493 1397 563 ἑξῆς.

315 592 429 645 Νῦν
466 589 566 660 μέν
603 605 687 641 τοι
726 586 1124 656 συνωθούμενοι
1170 585 1275 637 ὑπὸ
1304 584 1412 636 τῶν
1452 583 1695 654 σημείων
1740 583 1819 645 είς

238 684 303 736 τὸ
336 680 636 743 πιστεύειν,
685 680 778 732 καὶ
809 678 992 731 οὐκέτι
1040 677 1348 747 τολμῶντες
1403 678 1704 745 ἀντιλέγειν
1742 663 1819 745 τῷ

240 774 452 845 Κυρίῳ,
492 771 818 825 ἐκπίπτουσι
846 771 946 838 τῆς
994 769 1213 822 αἰωνίου
1259 768 1424 839 ζωῆς,
1464 770 1695 839 ἐπιμονῇ
1721 769 1820 837 τῆς

240 862 457 915 ἑαυτῶν
489 859 795 929 βδελυρίας,
824 858 922 929 τὴν
952 860 1031 922 εἰς
1054 858 1375 927 ἀνθρώπους
1396 856 1529 911 αἰδὼ
1561 860 1660 927 τῆς
1685 857 1821 927 πρὸς

239 957 377 1008 Θεὸν
423 954 749 1016 οίκέιὼσεως
799 955 1265 1023 προτιμήσαντες,
1316 954 1410 1005 καὶ
1464 953 1622 1023 δόξης
1654 971 1820 1024 προσ⁸

241 1047 438 1118 καίρου
493 1045 669 1098 δοῦλοι
719 1045 891 1109 ὄντες,
947 1045 1219 1116 ἀφόρητον
1274 1045 1566 1114 ἡγούμενοι
1618 1045 1820 1113 ζημίαν

239 1139 306 1191 τὸ
339 1140 592 1189 ἐκπεσεῖν
632 1136 729 1201 τῆς
755 1137 818 1186 ἐκ
849 1133 958 1186 τῶν
987 1134 1295 1203 Φαρισαίων
1332 1135 1512 1203 τιμῆς.
1555 1134 1707 1187 Ἐπεὶ
1728 1129 1820 1187 οὖν
1864 1174 1869 1177 -

240 1230 406 1284 τοῦτο
431 1225 498 1299 ἦν
536 1229 598 1281 τὸ
626 1226 833 1281 κωλύον
860 1227 1059 1290 αὑτοὺς
1092 1227 1384 1279 πιστεῦσαι
1410 1227 1554 1287 τότε,
1589 1227 1820 1280 ἄκουσον

240 1324 297 1375 τί
332 1337 498 1391 φησιν
529 1321 556 1372 ὁ
579 1318 834 1390 Χριστός.

330 1415 392 1466 ’0
436 1412 736 1466 πιστεύων
794 1413 882 1476 εὶς
930 1410 1067 1479 ἐμὲ,
1114 1412 1184 1463 οὺ
1236 1411 1505 1464 πιστεύει
1561 1413 1648 1476 εἰς
1693 1410 1819 1480 ἐμὲ,

241 1507 385 1562 ἀλλ’
409 1507 496 1571 εἱς
522 1505 627 1557 τὸν
657 1502 978 1573 πέμψαντά
1000 1521 1095 1572 με,
1131 1504 1226 1556 καὶ
1255 1503 1321 1555 τὰ
1358 1502 1503 1573 ἑξῆς.

321 1600 529 1670 Κράζει
573 1596 629 1651 δὲ
662 1597 810 1670 παρὰ
845 1597 906 1649 τὸ
957 1596 1145 1659 εἰωθὸς
1184 1594 1395 1666 ἐαυτῷ,
1430 1596 1639 1665 ἐλέγχει
1688 1595 1744 1648 δέ
1786 1598 1818 1667 ἡ

245 1690 470 1761 κραυγὴ
494 1690 602 1741 τῶν
629 1689 1036 1741 πιστευσάντων
1079 1687 1178 1757 μὲν
1206 1689 1283 1750 εἰς
1320 1687 1500 1748 αὑτὸν,
1531 1688 1631 1739 οὑκ
1660 1688 1822 1754 ἐγκα-

1927 500 2047 542 runt
2086 492 2139 543 in
2182 507 2322 553 eum,
2353 499 2460 544 etc.

1995 579 2285 635 Enimvero
2311 582 2422 651 jam
2442 580 2711 649 compulsi
2736 580 3020 635 miraculis
3046 580 3111 634 ad
3135 581 3491 647 credendum,

1926 688 2027 726 nec
2053 673 2191 725 ultra
2223 673 2486 726 audentes
2513 672 2889 725 contradicere
2918 670 3171 736 Domino,
3201 672 3269 725 ab
3289 680 3494 726 aeterna

1927 766 2035 819 vita
2069 765 2331 819 excidunt
2358 782 2371 818 :
2403 765 2605 834 quippe
2637 764 2691 817 in
2715 779 2813 818 sua
2854 764 3097 832 nequitia
3127 763 3401 817 obﬁrmati
3429 778 3494 817 ac

1927 866 2363 926 perseverantes,
2398 857 2665 926 pudorem
2703 871 2765 909 ac
2799 856 3181 910 verecundiam
3212 855 3492 909 hominum

1926 949 2022 1004 Dei
2069 950 2244 1003 amori
2284 965 2347 1004 ac
2390 947 3155 1018 'conjunctioni‘anteponuut,
3196 955 3495 1000 rnamenta-

1926 1056 2044 1095 nea:
2080 1042 2268 1111 gloriae
2292 1041 2455 1106 servi,
2487 1041 2688 1109 quibus
2724 1038 3067 1093 intoleranda
3098 1037 3311 1105 jactura
3342 1036 3495 1091 vide--

1926 1138 2035 1192 tur,
2067 1132 2110 1184 si
2143 1131 2429 1189 honorem.
2481 1144 2642 1196 quem
2686 1128 2827 1197 apud
2872 1126 3182 1181 Pbariswos
3210 1127 3493 1189 obtinent,

1927 1221 2230 1275 amiserint.
2264 1219 2718 1287 Quandoquidem
2768 1218 2933 1288 igitur
2984 1218 3085 1270 hoc
3134 1233 3228 1271 eos
3284 1216 3496 1286 quomi-

1927 1329 2031 1367 nus
2054 1314 2345 1367 crederent
2391 1312 2714 1375 cohibebat,
2744 1310 2869 1362 audi
2895 1310 3023 1379 quid
3050 1310 3194 1364 dicat
3216 1310 3493 1364 Christus.

1997 1402 2118 1467 XII,
2158 1404 2249 1457 44.
2304 1403 2409 1469 Qui
2459 1404 2624 1456 credit
2676 1404 2732 1456 in
2782 1418 2895 1464 me,
2954 1418 3055 1454 non
3098 1403 3262 1454 credit
3308 1404 3361 1454 in
3393 1417 3493 1460 me.

1929 1493 2018 1547 sed
2050 1496 2104 1547 in
2139 1512 2257 1549 eum
2292 1497 2383 1565 qui
2408 1497 2554 1549 misit
2586 1511 2688 1561 me,
2723 1505 2826 1549 etc.

2000 1586 2346 1641 Vociferatur
2379 1597 2577 1657 praeter
2612 1604 2816 1641 morem
2854 1602 3012 1641 suum
3034 1627 3046 1648 ,
3075 1593 3237 1654 atque
3270 1585 3371 1639 hoc
3401 1599 3497 1640 νςο

1929 1681 2251 1736 cifcrationc
2283 1682 2719 1749 intempestivum
2751 1681 3013 1748 pudorem
3039 1695 3227 1733 eorum
3258 1679 3347 1747 qui
3374 1692 3498 1731 cre-

245 1777 576 1845 λυψαμένων
609 1777 663 1829 δὲ
688 1776 789 1841 ἔτι,
824 1776 923 1847 τὴν
954 1778 1183 1847 ἄκαιρον
1226 1776 1378 1829 αίδώ.
1413 1777 1489 1829 Οὑ
1524 1776 1632 1845 γὰρ
1667 1775 1824 1845 λελη-

1935 1772 2152 1834 debant,
2183 1773 2416 1825 necdum
2454 1781 2633 1825 tamen
2672 1772 2849 1840 palam
2896 1777 2995 1823 hoc
3045 1771 3296 1839 agebant,
3340 1784 3497 1822 coar-

247 1866 421 1929 θότως
443 1866 703 1936 τιμᾶσθαι
735 1867 981 1936 βούλεται
1014 1866 1165 1937 παρὰ
1184 1867 1293 1920 τῶν
1326 1866 1623 1937 θαυμάζειν
1662 1867 1822 1919 αὑτὸν

248 1956 611 2026 βουλομένων,
640 1956 775 2009 ἀλλά
806 1955 1075 2027 φανερῶς.
1106 1956 1316 2028 Χρῆναι
1338 1956 1445 2026 γάρ
1476 1954 1823 2025 ὑπελάμϐανε

246 2053 350 2119 τὴν
381 2050 481 2119 μὲν
509 2050 692 2103 πίστιν
730 2050 1084 2104 ἀποτίθεσθαι
1108 2052 1174 2120 τῇ
1210 2050 1426 2121 καρδίᾳ,
1466 2050 1733 2103 ποιεῖσθαί
1762 2068 1825 2118 γε

250 2142 360 2212 μὴν
406 2145 464 2195 ἐν
516 2144 800 2214 παρρησία
835 2143 1001 2212 πολλῇ
1047 2142 1147 2213 τὴν
1195 2143 1280 2194 ἐπ’
1330 2142 1465 2212 αὑτῇ
1511 2144 1826 2212 σοφωτάτην

245 2233 559 2301 ὁμολογίαν.
612 2234 828 2304 Ἐπειδὴ
875 2235 931 2287 δέ
970 2234 1101 2296 Θεὸς
1148 2232 1289 2286 κατά
1336 2233 1496 2302 φύσιν
1542 2235 1823 2306 ὑπάρχων,

246 2325 351 2394 ’τὴν
387 2324 507 2377 καθ’
552 2326 699 2396 ἡμᾶς
734 2325 899 2377 ὑπέδυ
949 2324 1181 2396 μορφὴν,
1217 2327 1565 2396 παραιτεῖται
1609 2328 1829 2396 γυμνῶς

249 2419 330 2481 εἰς
361 2417 661 2487 μισούντων
692 2416 859 2480 ἀκοὰς
902 2418 983 2479 εἰς
1020 2417 1080 2469 τὸ
1133 2416 1305 2487 παρὸν
1356 2416 1550 2478 εἰπεῖν,
1593 2418 1674 2470 ὅτι
1723 2418 1827 2488 χρὴ

248 2510 533 2563 πιστεύειν
580 2509 656 2570 εἰς
687 2508 869 2570 αὑτὸν,
919 2509 1095 2564 καίτοι
1130 2507 1385 2571 πολλάκις
1434 2508 1592 2562 τοῦτο
1624 2509 1792 2561 εἰπών
1813 2526 1825 2539 ·

247 2598 721 2668 οἱκονομικὼτατα
758 2598 814 2650 δέ
863 2598 970 2650 τῶν
1002 2599 1368 2669 νενοσηκότων
1422 2601 1508 2651 ἐπ’
1552 2598 1700 2669 αὑτῷ
1739 2600 1830 2653 τὸν

250 2690 547 2744 ἀτίθασσον
590 2688 782 2757 φθόνον
814 2687 1131 2758 καταϐραχὺ
1166 2689 1542 2759 προσερεθίζει
1590 2690 1679 2743 τὸν
1708 2690 1831 2743 νοῦν

250 2776 631 2832 καθικνεῖσθαι
662 2777 798 2845 πρὸς
834 2776 893 2827 τὸ
928 2775 1088 2844 βάθος
1122 2777 1228 2829 τῶν
1265 2778 1393 2847 περ)⁵
1428 2779 1590 2830 αὑτὸν
1628 2796 1832 2850 μυστη-

256 2872 412 2941 ρίων,
442 2870 542 2921 οὑκ
566 2870 645 2930 εἰς
681 2865 1021 2938 ἀνθρώπινον
1054 2868 1365 2938 πρόσωπον,
1401 2868 1516 2920 ἀλλ’
1549 2870 1625 2932 είς
1654 2870 1712 2924 τὸ
1734 2873 1832 2942 τῆς

248 2962 407 3023 θείας
446 2958 654 3021 οὐσίας,
684 2958 758 3020 ὡς
796 2958 1094 3027 νοουμένης
1127 2960 1224 3028 τῆς
1252 2958 1502 3028 θεότητος
1528 2960 1833 3033 ὁλοκλήρως

250 3057 311 3107 ἐν
341 3052 419 3122 τῷ
450 3050 725 3121 προσώπῳ
758 3049 851 3101 τοῦ
881 3048 1015 3101 Θεοῦ
1044 3053 1137 3102 καὶ
1174 3052 1408 3121 Πατρός.
1442 3053 1594 3121 Ἔχει
1632 3054 1741 3125 γὰρ
1776 3057 1830 3107 ἐν

252 3142 438 3213 ἐαυτῷ
470 3141 561 3193 τὸν
621 3139 745 3192 Υἰὸν
803 3138 898 3191 καὶ
959 3139 1019 3190 τὸ
1070 3139 1309 3209 Πνεῦμα.
1358 3142 1435 3192 Δι’
1464 3135 1538 3195 ὦν
1575 3145 1683 3214 γάρ
1731 3163 1835 3215 φη-

253 3251 374 3287 σιν·
435 3253 453 3285 ι
490 3234 546 3287 Ὀ
594 3231 864 3286 πιστεύων
913 3234 988 3296 εἰς
1040 3231 1160 3301 ἐμὲ,
1200 3234 1260 3285 οὑ
1299 3233 1542 3287 πιστεύει
1587 3237 1664 3298 εἰς
1710 3239 1829 3305 ἐμὲ,

249 3323 368 3378 6113
425 3324 505 3384 εἰς
560 3322 650 3375 τὸν
717 3320 1011 3389 πέμψαντά
1067 3337 1171 3390 με,
1228 3340 1245 3371 ι
1292 3322 1390 3374 οὑκ
1444 3322 1549 3387 ἔξω
1621 3323 1832 3392 τίθησιν

251 3413 448 3469 ἑαυτὸν
481 3413 576 3466 τοῦ
622 3413 973 3466 πιστεύεσθαι
1020 3413 1150 3482 παρ’
1196 3415 1354 3484 ἡμῶν
1398 3415 1479 3467 ὅτι
1516 3415 1646 3478 Θεὸς
1694 3417 1832 3468 κατά

252 3521 419 3575 φύσιν
451 3506 568 3558 ἐστὶ
603 3504 695 3558 καὶ
741 3507 804 3557 ἐκ
852 3504 988 3557 Θεοῦ
1033 3506 1241 3577 πέφηνε
1296 3507 1543 3577 Πατρόςο
1586 3509 1701 3562 ἀλλ’
1745 3511 1830 3561 ἐν-

252 3600 491 3669 τέχνως,
545 3597 690 3650 καθὰ
738 3598 971 3667 εἴρηται,
1021 3598 1457 3668 μεταχειρίζεται
1497 3601 1632 3670 πρὸς
1682 3600 1832 3654 εὑσέ-

256 3691 410 3743 ϐειαν
439 3689 548 3741 τῶν
593 3689 963 3742 ἀσθενούντων
996 3692 1087 3743 τὸν
1134 3690 1279 3754 νοῦν,
1331 3692 1415 3743 ἴνα
1456 3690 1696 3744 τοιοῦτον
1747 3694 1830 3746 ἐν·

256 3783 381 3849 νοῇς
407 3779 662 3846 λέγοντα’
696 3781 863 3831 Ὅταν
909 3783 987 3842 εἰς
1015 3782 1113 3850 ἐμὲ
1145 3779 1435 3849 πιστεύητε
1463 3780 1552 3834 τὸν
1579 3782 1645 3834 δι’
1689 3784 1831 3853 ὑμᾶς

255 3873 545 3942 ἄνθρωπον
580 3870 702 3923 καθ’
733 3872 898 3941 ὑμᾶς,
932 3873 1061 3926 Θεὸν
1095 3874 1148 3925 δὲ
1179 3874 1243 3926 δι’
1280 3872 1490 3937 ἐαυτὸν,
1533 3876 1627 3927 καὶ
1655 3876 1744 3929 τὸν
1772 3875 1831 3941 ἐξ

255 3956 425 4032 οῦπέρ
466 3964 581 4030 εἰμι
616 3959 859 4030 Πατέρα,
893 3961 965 4032 μὴ
1002 3962 1274 4033 ἀνθρώπῳ
1302 3963 1401 4033 τὴν
1428 3964 1610 4018 πίστιν
1647 3968 1830 4021 ἀνατι-

256 4055 405 4105 θέναι
454 4051 736 4120 νομίσητε.
774 4051 903 4120 Εἰμὶ
946 4051 1054 4121 γὰρ
1093 4052 1244 4105 οὑδέν
1292 4049 1455 4124 ἦττον
1497 4056 1638 4110 κατὰ
1671 4056 1828 4125 φύσιν

256 4142 409 4203 θεὸς,
441 4141 534 4192 καὶ
564 4143 612 4193 εί
643 4141 905 4210 φαίνομαι
946 4140 1069 4193 καθ’
1111 4141 1254 4210 ὑμᾶς
1276 4157 1289 4170 °
1320 4143 1429 4212 ἔχω
1467 4144 1523 4196 δὲ
1565 4147 1622 4198 ἐν
1654 4147 1828 4217 ἐαυτῷ

255 4233 345 4284 τὸν
379 4236 721 4301 γεννήσαντα
740 4248 753 4262 ·
786 4230 921 4299 ἐμοῦ
952 4232 1240 4302 τοιγαροῦν
1265 4233 1415 4297 ὄντος
1442 4237 1722 4306 ὀμοουσίου
1749 4238 1826 4308 τῷ

255 4324 632 4391 γεγεννηκότι,
689 4321 1002 4391 διαϐήσεται
1044 4322 1260 4386 πάντως
1308 4326 1342 4394 ἡ
1392 4326 1573 4389 πίστις
1627 4328 1720 4380 καὶ
1748 4331 1828 4391 είς

255 4412 420 4464 αὑτὸν
449 4413 541 4465 τὸν
590 4412 827 4483 Πατέρα.
872 4413 1048 4482 Ὅπερ
1082 4409 1174 4466 οὖν
1218 4412 1462 4485 ἔφημεν,
1508 4418 1825 4489 καταϐραχὺ
1858 4454 1902 4510 D

258 4501 676 4569 μεταπαιδεύων
715 4504 742 4555 ὁ
789 4501 993 4573 Κύριος
1023 4504 1115 4555 ἐπὶ
1143 4505 1202 4556 τὸ
1232 4505 1473 4574 ἄμεινον,
1514 4510 1607 4560 καὶ
1638 4510 1826 4581 χρησί-

258 4609 376 4660 μως
413 4592 733 4644 ἀναπλέκων
761 4593 837 4661 τῷ
876 4593 1171 4664 θεοπρεπεῖ
1204 4595 1260 4647 τὸ
1296 4596 1652 4667 ἀνθρώπινον,
1690 4600 1824 4669 ἔφα-

259 4700 418 4735 σκεν·
458 4702 473 4732 ι
512 4686 568 4736 '0
624 4684 895 4736 πιστεύων
942 4687 1020 4748 εἰς
1055 4686 1172 4754 ἐμὲ,
1212 4706 1228 4736 ι
1276 4689 1366 4740 καὶ
1409 4689 1478 4742 τὰ
1522 4690 1667 4760 ἑξῆς.
1707 4693 1827 4745 Ὅτι

259 4776 357 4843 μὲν
383 4775 492 4845 γὰρ
515 4772 615 4827 οὑκ
645 4776 724 4838 είς
758 4776 1042 4847 ἄνθρωπον
1083 4778 1267 4841 ἁπλῶς
1297 4781 1329 4849 ἡ
1371 4797 1571 4846 πιστις,
1606 4784 1718 4836 ἀλλ’
1750 4788 1824 4848 είς

256 4864 395 4917 Θεοῦ
422 4864 603 4933 φύσιν,
630 4866 678 4916 εί
711 4865 804 4918 καὶ
843 4862 911 4935 ἦν
939 4866 965 4916 ὀ
1000 4866 1169 4933 Λόγος
1202 4870 1256 4919 ἐν
1291 4870 1477 4939 σαρκὶ.
1506 4870 1591 4923 διὰ
1629 4871 1721 4925 τοῦ
1753 4874 1827 4942 μὴ

257 4957 337 5018 εἰς
369 4956 533 5007 αὑτὸν
569 4955 904 5025 πράττεσθαι
939 4955 1035 5025 τὴν
1063 4956 1243 5025 φύσιν,
1284 4954 1340 5011 εὖ
1380 4954 1524 5027 μάλα
1563 4960 1828 5032 διαμεμή-

257 5064 440 5099 νυκεν.
470 5048 591 5099 Ὅτι
616 5048 671 5099 δέ
720 5050 865 5100 ἐστιν
913 5050 969 5100 ἐν
1000 5049 1284 5118 ταυτότητι
1328 5052 1391 5119 τῇ
1442 5052 1580 5104 κατά
1618 5053 1725 5104 πᾶν
1754 5051 1829 5122 τῷ

257 5138 378 5209 Θεῷ
421 5140 517 5191 καὶ
554 5139 751 5208 Πατρὶ,
783 5139 870 5191 διὰ
903 5137 1000 5209 τὴν
1036 5142 1269 5210 φυσικὴν
1307 5141 1605 5211 ἐμφέρειαν
1648 5144 1738 5195 καὶ
1769 5144 1829 5196 τὸ

257 5234 359 5297 τῆς
389 5232 577 5295 οὐσίας
606 5232 767 5284 οἱονεὶ⁸
804 5232 1130 5296 ταυτοειδές,
1166 5232 1407 5301 διεσάφει
1439 5233 1610 5301 λέγων
1630 5251 1643 5264 ·

340 5320 489 5390 Ἐγὼ
531 5321 658 5391 φῶς
710 5323 796 5388 εὶς
838 5322 945 5376 τὸν
994 5325 1225 5393 κόσμον
1267 5324 1569 5391 ἐλήλυθα,
1616 5327 1709 5380 καὶ
1762 5328 1832 5381 τά

259 5414 404 5483 ἑξῆς.

341 5505 474 5558 Ἰδοὺ
514 5504 674 5559 πάλιν
708 5507 788 5569 εἰς
838 5505 1030 5559 ἐαυτὸν
1064 5506 1297 5577 ἁρπάζει
1326 5507 1424 5580 τὴν
1479 5510 1688 5576 πίστιν,
1736 5511 1830 5563 καὶ

258 5592 350 5647 δύο
378 5596 519 5648 κατά
547 5596 745 5648 ταυτὸν
778 5596 994 5660 ἐξανύει
1030 5596 1099 5650 τὰ
1131 5599 1542 5669 χρησιμώτατα.
1581 5600 1699 5664 Φῶς
1731 5601 1828 5671 μὲν

260 5685 365 5755 γὰρ
421 5684 613 5741 ἐαυτὸν
659 5686 922 5758 ὑπάρχειν
971 5688 1281 5759 ὁμολογῶν,
1337 5689 1466 5743 Θεὸν
1512 5692 1638 5744 ὄντα
1685 5693 1826 5745 κατὰ

1928 1866 2064 1934 guit.
2096 1862 2282 1932 Neque
2306 1864 2451 1916 enim
2486 1864 2719 1917 latenter
2749 1864 2815 1917 ab
2848 1864 2914 1917 iis
2944 1864 3034 1931 qui
3062 1864 3341 1933 suspicere
3373 1877 3494 1916 eum

1927 1958 2118 2009 volunt
2162 1966 2215 2009 et
2274 1956 2599 2025 complecti,
2650 1957 2743 2011 sed
2788 1964 2973 2025 aperte
3006 1957 3111 2009 coli
3147 1957 3278 2008 vult.
3324 1957 3501 2024 Atque

1927 2048 2064 2101 adeo
2094 2048 2440 2102 existimabat
2495 2048 2653 2102 ﬁdem
2704 2050 2756 2102 in
2810 2048 3153 2117 penitissimo
3207 2046 3370 2101 corde
3419 2062 3500 2100 re-

1929 2138 2264 2206 ponendam,
2316 2147 2572 2193 caeterum
2622 2154 2834 2193 summa
2882 2140 3125 2192 libertate
3169 2138 3327 2206 712
3379 2138 3498 2205 ejus

1930 2229 2327 2284 confessionem
2378 2231 2820 2299 expromendam.
2864 2229 3317 2297 Quandoquidem
3371 2244 3499 2279 vero

1932 2321 2075 2377 Deus
2116 2323 2419 2377 secundum
2462 2332 2712 2376 naturam
2751 2322 3023 2375 cxsistens
3054 2332 3294 2374 nostram
3329 2318 3499 2373 subiit

1930 2411 2182 2475 formam,
2208 2427 2316 2465 non
2340 2412 2457 2465 vult
2486 2411 2627 2465 nnde
2663 2427 2725 2464 ac
2758 2412 3081 2481 simpliciter
3107 2411 3245 2479 apud
3271 2412 3499 2462 intestos

1931 2510 1985 2556 et
2011 2517 2201 2556 osores
2262 2503 2315 2555 in
2356 2504 2645 2572 prtesentia
2686 2502 2962 2571 proﬁteri,
2999 2502 3142 2570 quod
3180 2503 3231 2554 in
3280 2517 3338 2555 se
3376 2516 3497 2555 cre‘

1932 2594 2169 2649 dendum
2205 2594 2315 2658 sit,
2356 2594 2571 2648 tametsi
2605 2595 2707 2647 hoc
2754 2608 2895 2663 saepe
2944 2593 3078 2646 alias
3128 2591 3366 2645 dixerit:
3403 2591 3496 2645 sed

1935 2682 2172 2735 maxime
2197 2681 2537 2735 (economice
2558 2697 2745 2736 eorum
2779 2682 2869 2749 qui
2897 2681 3259 2749 implacabilis
3284 2680 3500 2734 invidia:

1933 2776 2125 2828 morbo
2157 2775 2211 2828 in
2243 2788 2303 2828 se
2338 2775 2627 2838 laborant,
2667 2774 2929 2843 paulatim
2961 2774 3201 2825 animum
3240 2780 3499 2841 provocat

1933 2867 1998 2920 ad
2030 2867 2414 2934 penetrandam
2445 2866 2829 2935 mysteriorum
2870 2865 3018 2917 circa
3052 2865 3226 2934 ipsum
3251 2864 3499 2918 altitudi-

1932 2973 2079 3020 nem,
2118 2966 2169 3010 et
2204 2973 2312 3011 non
2348 2958 2601 3011 humana:
2636 2957 2728 3012 sed
2772 2957 2970 3011 divinae
3009 2958 3265 3011 essentia;
3308 2971 3500 3024 perso‘

1936 3063 2059 3101 nam
2086 3089 2100 3110 ,
2137 3064 2235 3103 ccu
2279 3050 2331 3102 in
2373 3048 2689 3102 universum
2741 3049 2911 3102 deitas
2958 3049 3011 3101 in
3050 3060 3280 3114 persona
3315 3045 3408 3099 Dei
3435 3059 3499 3096 ac

1934 3135 2115 3191 Patris
2150 3138 2508 3208 intelligatur.
2542 3135 2716 3190 Ilabet
2747 3137 2892 3190 enim
2924 3137 2977 3189 in
3013 3137 3195 3204 seipso
3222 3133 3415 3187 Filium
3447 3142 3502 3188 et

1937 3229 2195 3296 Spiritum
2230 3240 2502 3283 sanctum.
2532 3228 2667 3281 Nam
2703 3243 2797 3298 per
2827 3244 2948 3296 qua:
2971 3228 3148 3280 dixit:
3187 3244 3204 3277 ι
3245 3225 3348 3292 Qui
3382 3240 3504 3279 cre-

1933 3322 2015 3375 dit
2047 3322 2102 3373 in
2136 3336 2239 3381 me,
2284 3337 2391 3374 non
2428 3322 2602 3374 credit
2634 3325 2684 3374 in
2716 3336 2825 3383 me,
2853 3307 2945 3374 sed
2981 3319 3033 3372 in
3066 3334 3188 3373 eum
3230 3318 3325 3386 qui
3354 3318 3502 3373 misit

1935 3428 2051 3476 nne,
2086 3431 2104 3463 ι
2145 3427 2251 3465 non
2288 3412 2529 3465 excludit
2564 3412 2803 3480 seipsnm
2861 3410 3155 3479 quominus
3189 3408 3443 3463 credatur
3470 3426 3499 3460 a

1933 3505 2093 3558 nobis
2142 3504 2281 3559 Deus
2332 3521 2452 3558 che
2492 3504 2794 3558 secundum
2844 3513 3121 3565 naturam,
3180 3508 3235 3553 et
3280 3516 3343 3555 ex
3390 3500 3500 3552 Deo

1932 3592 2093 3648 Patre
2122 3596 2399 3650 exsisteus
2426 3614 2438 3648 ;
2465 3596 2556 3648 sed
2578 3609 2788 3649 summo
2812 3594 3065 3655 artiﬁcio,
3089 3600 3143 3645 ut
3166 3592 3370 3645 dictum
3394 3599 3498 3655 est,

1934 3688 2345 3741 imbecillorum
2389 3696 2627 3742 mentem
2664 3687 2728 3739 ad
2762 3689 3017 3755 pietatem
3050 3684 3274 3755 pellicit.
3319 3692 3375 3735 ut
3404 3697 3499 3735 ac-

1931 3778 2113 3846 cipere
2154 3778 2336 3846 possis
2387 3777 2489 3830 hoc
2535 3776 2697 3831 modo
2735 3778 3041 3844 loquentem
3080 3791 3092 3827 ι
3137 3774 3269 3828 Cum
3315 3774 3369 3827 in
3413 3783 3501 3827 tne

1931 3867 2193 3931 credetis,
2236 3877 2460 3938 propter
2508 3884 2603 3923 vos
2647 3867 2920 3921 hominem
2966 3867 3169 3920 factum
3195 3864 3497 3919 secundum

1931 3973 2050 4025 vos,
2086 3957 2255 4011 Deum
2287 3973 2418 4012 vero
2444 3974 2538 4027 per
2568 3959 2862 4028 meipsum,
2896 3965 2950 4012 et
2984 3971 3104 4011 eum
3142 3972 3203 4009 ex
3236 3971 3344 4024 quo
3378 3970 3498 4009 sum

1929 4047 2169 4113 Patrem,
2211 4063 2279 4102 ne
2312 4048 2516 4102 homini
2574 4048 2736 4102 ﬁdem
2785 4048 3023 4116 adjicere
3059 4048 3277 4115 putetis.
3322 4046 3502 4101 Nihilo

1929 4141 2112 4195 secius
2154 4139 2300 4193 enim
2338 4152 2457 4191 sum
2508 4138 2811 4192 secundum
2864 4144 3112 4190 naturam
3168 4136 3331 4198 Deus,
3397 4136 3500 4190 etsi

1928 4230 2117 4284 videar
2148 4241 2390 4286 vestrum
2447 4231 2692 4285 similis:
2758 4230 2930 4284 habeo
2981 4228 3124 4282 enim
3184 4228 3237 4281 in
3292 4227 3500 4297 meipso

1929 4324 2262 4388 Genitorem,
2287 4332 2481 4378 etcum
2514 4324 2700 4392 utique
2731 4323 2833 4377 sim
2869 4320 3114 4376 Genitori
3139 4319 3500 4373 consubstan-

1929 4416 2078 4471 tialis
2100 4455 2116 4481 ,
2151 4416 2408 4471 transibit
2437 4428 2662 4484 prorsus
2693 4414 2826 4469 ﬁdes
2854 4422 2908 4468 et
2940 4413 2992 4465 in
3036 4412 3216 4480 ipsum
3256 4410 3494 4465 Patrem.

1931 4508 2086 4574 Quod
2127 4508 2292 4578 igitur
2320 4507 2577 4571 diximus,
2614 4506 2879 4575 paulatim
2904 4503 3166 4556 Dominus
3196 4501 3498 4558 informans

1928 4601 1994 4652 ad
2028 4599 2251 4651 meliora
2313 4607 2367 4651 et
2412 4598 2736 4649 humanitati
2783 4595 3125 4649 divinitatem
3159 4595 3363 4647 utiliter
3404 4609 3499 4661 ap-

1926 4690 2161 4759 plicans,
2195 4688 2447 4741 dicebat:
2498 4706 2513 4736 ι
2544 4685 2646 4750 Qui
2677 4684 2853 4738 credit
2888 4684 2941 4737 in
2976 4700 3095 4747 me,
3134 4701 3152 4733 ι
3187 4693 3239 4736 et
3268 4683 3493 4752 reliqua.

1928 4780 2085 4847 Quod
2119 4781 2261 4833 enim
2300 4795 2408 4833 non
2439 4779 2494 4831 in
2533 4777 2806 4831 hominem
2849 4775 3166 4845 simpliciter
3201 4775 3354 4840 ﬁdes,
3402 4776 3497 4829 sed

1927 4876 1984 4928 in
2033 4873 2122 4927 Dei
2170 4881 2445 4933 naturam,
2504 4869 2607 4924 etsi
2669 4872 2785 4923 erat
2823 4865 3061 4921 Verbum
3102 4867 3155 4920 in
3197 4882 3383 4929 carne.
3432 4884 3497 4921 eo

1928 4963 2074 5034 quod
2116 4979 2223 5016 non
2259 4962 2313 5015 in
2342 4962 2520 5031 ipsum
2559 4960 2653 5013 ﬁat
2694 4968 2910 5023 natura,
2946 4959 3253 5012 luculenter
3287 4958 3496 5011 indica-

1927 5060 2023 5112 vit.
2057 5055 2211 5122 Quod
2242 5070 2371 5108 vero
2410 5069 2503 5123 per
2533 5053 2715 5106 omnia
2752 5067 2875 5105 cum
2912 5049 3072 5103 Patre
3116 5061 3171 5104 et
3202 5050 3309 5103 Deo
3341 5049 3498 5102 iden-

1930 5152 2140 5205 titatem
2179 5147 2394 5207 habeat,
2440 5156 2661 5216 propter
2701 5143 3007 5198 naturalem
3056 5142 3498 5206 similitudinem,

1929 5249 1982 5294 et
2009 5239 2172 5293 veluti
2204 5237 2445 5293 eamdem
2480 5238 2737 5307 speciem,
2769 5236 3083 5291 declarabat
3122 5234 3311 5289 dicens
3342 5252 3356 5286 :

2001 5328 2097 5382 XII
2120 5369 2134 5394 ,
2186 5328 2274 5384 46.
2317 5327 2428 5400 Ego
2459 5329 2553 5383 tua:
2588 5331 2641 5382 in
2678 5327 2932 5382 mundum
2960 5326 3109 5391 veni,
3141 5336 3250 5381 elc.

2001 5511 2140 5567 Ecce
2170 5526 2363 5567 rursus
2412 5511 2465 5563 in
2515 5511 2754 5579 scipsum
2814 5507 2971 5562 ﬁdem
3018 5504 3234 5575 arripit,
3287 5511 3341 5559 et
3389 5504 3499 5560 duo

1928 5602 2227 5658 identidem
2294 5601 2587 5656 utilissima
2649 5598 3021 5666 consequitur.
3087 5593 3289 5651 Lucem
3350 5597 3499 5650 enim

1929 5696 2169 5760 scipsnm
2202 5708 2321 5750 csse
2363 5692 2645 5761 proﬁtens,
2695 5690 2862 5744 Deum
2901 5692 3204 5745 secundum
3247 5698 3497 5747 naturam
