3894 6200
1245 284 1314 342 IN
1341 283 1624 342 JOANNlS
1662 283 2110 342 EVANGELIUM
2146 285 2276 341 LIB.
2302 286 2393 344 IX.

761 623 938 712 ΕΙΣ
1007 624 1156 709 ΤΟ
1213 619 1513 709 ΚΑΤΑ
1585 621 2092 710 ΙΩΑΝΝΗΝ
2162 622 2863 713 ΕΥΑΓΓΕΛΙΟΝ

1548 831 1986 921 ΒΙΒΛΙΟΝ
2060 830 2187 921 Θ’.

546 1220 666 1309 ΙΝ
743 1215 1258 1309 JOANNIS
1329 1219 2120 1312 EVANGELIUM
2200 1218 2560 1306 LIBER
2641 1215 3090 1308 NONUS.

1769 1437 1832 1452 συθ

247 1591 377 1647 Ὀτι
393 1593 507 1663 ἐγὼ
533 1593 603 1659 ἐξ
635 1595 895 1664 ἐμαυτοῦ
920 1597 1032 1650 οὐκ
1062 1599 1358 1664 ελαλησα,
1398 1597 1537 1651 ἀλλ’
1563 1600 1596 1651 ὁ
1618 1597 1761 1666 πέμ-

1938 1593 2101 1666 715
2128 1591 2222 1647 XII
2243 1633 2257 1658 ,
2298 1593 2402 1659 49,
2433 1592 2519 1646 50.
2555 1591 2695 1656 Quia
2728 1607 2822 1661 ego
2851 1606 2915 1644 ex
2955 1591 3148 1657 mcipso
3182 1607 3283 1644 non
3321 1606 3440 1643 sum

178 1686 303 1750 We
323 1699 406 1750 με
426 1682 652 1751 Πατὴρ,
670 1685 851 1749 αὐτός
865 1701 966 1752 μοι
987 1685 1246 1753 ἐντολὴν
1261 1685 1503 1749 δέδωκε.
1531 1688 1588 1740 τί
1612 1687 1759 1740 εἴπω

175 1775 276 1829 καὶ
302 1776 363 1828 τί
389 1775 662 1841 λαλήσω,
687 1776 788 1830 καὶ
829 1771 962 1829 οῖδα
1004 1777 1093 1830 ὅτι
1134 1780 1172 1846 ἡ
1202 1779 1421 1847 ἐντολὴ
1461 1779 1614 1847 αὕτη
1644 1778 1756 1846 ζωὴ

175 1866 421 1934 αίώνιός
474 1869 677 1922 ἐστιν’
716 1869 756 1922 d
811 1864 928 1924 οὖν
977 1869 1147 1926 λαλῶ
1171 1870 1305 1937 ἐγὼ,
1345 1871 1540 1937 καθὼς
1558 1871 1759 1939 εἴρηκέ

170 1979 273 2029 μοι
304 1965 340 2016 ὁ
370 1960 601 2029 Πατὴρ,
633 1962 826 2029 οὕτως
851 1961 1038 2016 λαλῶ.

246 2053 344 2116 Ei;
365 2053 672 2123 ἀνάμνησιν
729 2054 852 2122 ἄγει
893 2055 986 2107 τὸν
1029 2055 1138 2108 τῶν
1179 2053 1447 2107 Ἰουδαίων
1485 2053 1612 2108 λαὸν
1650 2053 1757 2107 τῶν

172 2141 262 2196 διὰ
287 2144 537 2208 Μωσέως
562 2145 1104 2216 προκεκηρυγμένων
1123 2144 1252 2216 περὶ
1270 2146 1457 2208 αὐτοῦ,
1485 2144 1757 2215 ύποπλήτ-

174 2252 254 2288 τει
300 2234 360 2288 δὲ
417 2235 508 2288 διὰ
554 2235 757 2289 τούτων
792 2235 1031 2305 εὐφυῶς,
1064 2233 1160 2288 καὶ
1185 2235 1282 2305 τὴν
1305 2233 1530 2288 ἐνοῦσαν
1573 2234 1758 2298 αὐτοῖς

173 2326 501 2396 ἀνοσιότητα
548 2326 934 2397 παραδεικνὺς,
987 2326 1280 2396 ἁπελέγχει
1321 2326 1529 2394 σαφῶς,
1570 2327 1645 2390 ὡς
1673 2327 1757 2380 ούο

174 2415 282 2481 δεὶς
304 2417 492 2480 αὐτοῖς
520 2417 676 2486 λόγος
702 2418 796 2472 τοῦ
827 2422 918 2471 καὶ
955 2419 1035 2481 είς
1054 2418 1214 2471 αὑτὸν
1239 2419 1640 2488 ὲμπαροινῆσαι
1666 2419 1757 2472 τὸν

179 2510 366 2579 νόμον,
411 2511 588 2562 καίτοι
619 2510 858 2566 δεδόσθαι
911 2509 1269 2564 πιστευθέντα
1329 2509 1480 2580 παρὰ
1503 2511 1658 2565 Θεοῦ.
1690 2511 1756 2564 Τί

176 2601 282 2672 γὰρ
305 2602 415 2671 ἔφη
450 2602 538 2655 διὰ
577 2603 821 2666 Μωσέως
872 2604 1003 2673 περὶ
1039 2602 1298 2674 Χριστοῦ,
1348 2604 1626 2674 γνώριμον
1657 2603 1755 2674 μὲν

174 2693 405 2757 ἄπεισιν,
462 2694 572 2765 ὲρῶ
636 2694 678 2747 δ’
720 2691 815 2748 οὖν
861 2696 1010 2765 ὅμως
1066 2695 1154 2748 διὰ
1207 2696 1305 2767 τὴν
1353 2695 1447 2749 τοῦ
1487 2698 1756 2768 νοήματος

174 2783 365 2854 χρείαν
391 2799 406 2810 ·
450 2801 470 2836 t
510 2785 799 2856 Προφήτην
827 2785 1115 2854 ἀναστήσω
1142 2786 1325 2848 αὐτοῖς
1341 2788 1406 2840 ὲκ
1441 2788 1608 2857 μέσου
1647 2789 1755 2841 τῶν

172 2875 421 2944 ἀδελφῶν
443 2875 643 2939 αὐτῶν,
703 2875 892 2945 ὥσπερ
924 2877 1007 2939 σὲ,
1050 2897 1068 2929 ι
1101 2878 1244 2930 τοῦτ’
1288 2878 1404 2931 ἔστι
1459 2879 1756 2952 νομοθέτην

1867 1688 2108 1750 locutus;
2140 1686 2229 1740 sed
2274 1686 2364 1757 qui
2399 1685 2543 1738 misit
2571 1700 2651 1738 me
2687 1682 2870 1749 Pater,
2915 1684 3025 1752 ipse
3057 1683 3185 1735 mihi
3215 1681 3440 1734 manda-

1866 1789 1977 1832 tum
2004 1779 2152 1832 dedit
2193 1778 2317 1848 quid
2345 1777 2546 1841 dicam,
2576 1785 2626 1831 et
2659 1778 2785 1846 quid
2823 1777 3039 1843 loquar;
3082 1787 3133 1829 et
3159 1777 3270 1830 scio
3315 1777 3443 1843 quia

1865 1872 2179 1925 mandatum
2223 1871 2336 1938 eius
2363 1871 2471 1924 vita
2508 1878 2704 1924 (eterna
2742 1880 2821 1924 est
2862 1886 2879 1922 :
2925 1885 3043 1939 qua:
3079 1886 3201 1939 ergo
3233 1869 3440 1938 loquor,

1865 1965 2003 2017 sicut
2049 1963 2185 2016 dixit
2227 1963 2356 2017 mihi
2387 1962 2570 2026 Pater,
2614 1963 2691 2017 sic
2733 1963 2933 2032 loquor.

1933 2052 2248 2107 Judreorum
2283 2053 2484 2122 populo
2513 2060 2734 2107 revocat
2777 2055 2831 2106 in
2866 2051 3184 2106 memoriam
3227 2065 3290 2104 ea
3321 2065 3443 2120 quae

1865 2145 1934 2200 de
1964 2161 2022 2200 se
2067 2160 2097 2198 a
2128 2144 2280 2200 Mose
2311 2144 2571 2215 praedicta
2605 2154 2756 2208 sunt,
2795 2152 2850 2198 et
2884 2159 2982 2214 per
3026 2143 3141 2197 haec
3179 2157 3272 2197 eos
3317 2157 3441 2211 per-

1864 2235 2106 2304 stringit,
2135 2234 2468 2305 insitamque
2486 2235 2568 2290 eis
2598 2234 2928 2304 impietatem
2953 2232 3273 2302 designans,
3295 2232 3444 2286 clare

1863 2329 2044 2398 arguit
2073 2328 2211 2382 nihil
2242 2327 2325 2385 eis
2349 2343 2496 2382 curae
2528 2343 2653 2384 esse
2689 2327 3111 2382 temulentorum
3153 2341 3304 2380 more
3338 2324 3442 2393 legi

1863 2421 2113 2484 illudere,
2144 2420 2397 2490 quamvis
2427 2437 2456 2475 a
2492 2420 2603 2474 Deo
2632 2419 2792 2473 datae.
2835 2419 2992 2473 Patet
3016 2419 3160 2473 enim
3184 2418 3443 2472 omnibus

1863 2514 1992 2584 quid
2023 2528 2119 2584 per
2151 2512 2338 2569 Mosen
2364 2513 2432 2569 de
2461 2512 2687 2567 Christo
2721 2511 2942 2576 dixerit,
2973 2511 3104 2566 illud
3132 2519 3316 2566 tamen
3358 2510 3442 2563 ai-

1864 2603 2059 2671 feram,
2092 2604 2159 2659 ad
2191 2604 2480 2658 clariorem
2506 2603 2613 2657 loci
2635 2602 3055 2672 explicationem
3091 2620 3104 2655 :
3142 2620 3160 2652 ¢
3199 2600 3444 2672 Prophe-

1862 2707 1971 2753 tam
2006 2697 2293 2753 suscitabo
2331 2697 2413 2751 eis
2441 2712 2509 2752 ex
2540 2695 2807 2751 fratribus
2849 2709 3062 2760 eorum,
3092 2695 3238 2750 sicut
3280 2703 3333 2749 te
3363 2714 3378 2750 :
3415 2714 3435 2748 ι

1863 2789 1919 2844 id
1959 2796 2043 2843 est
2081 2788 2449 2858 legislatorem
2489 2794 2544 2842 et
2578 2787 2933 2842 mediatorem
2993 2789 3135 2842 inter
3177 2786 3346 2842 Deum
3387 2798 3442 2842 et

1864 2879 2113 2936 homines
2143 2879 2189 2910 “
2240 2897 2254 2934 :
2303 2897 2321 2930 σ
2360 2887 2416 2932 et
2443 2878 2586 2932 dabo
2610 2879 2835 2932 verbum
2871 2893 3050 2932 meum
3076 2878 3130 2931 in
3159 2892 3255 2932 ore
3295 2877 3437 2946 ejus,

175 2969 265 3022 καὶ
295 2968 532 3038 μεσίτην
599 2969 732 3021 Θεοῦ
778 2969 871 3022 καὶ
906 2970 1212 3040 ἀνθρώπων
1248 2989 1262 3002 ·
1300 2990 1318 3023 ‹
1353 2972 1446 3024 καὶ
1502 2971 1657 3024 δώσω
1697 2973 1757 3024 τὸ

1868 2981 1915 3025 et
1945 2972 2200 3041 loquetur
2244 2971 2324 3027 eis
2365 2971 2670 3026 secundum
2726 2969 2874 3039 quod
2935 2969 3208 3024 mandabo
3253 2969 3325 3024 ei.
3376 2968 3443 3022 Et

177 3060 327 3131 ῥῆμά
359 3078 468 3131 μου
493 3061 551 3112 ὲν
577 3059 653 3129 τῷ
706 3061 934 3130 στόματι
971 3062 1158 3124 αὐτοῦ,
1192 3064 1288 3116 καὶ
1326 3063 1546 3134 λαλήσει
1577 3065 1761 3128 αὐτοῖς

175 3151 362 3205 καθότι
389 3151 457 3204 ἂν
478 3152 798 3222 ὲντείλωμαι
827 3153 998 3223 αύτῷ.
1029 3155 1140 3206 Καὶ
1170 3155 1197 3206 ὁ
1223 3155 1509 3226 ἄνθρωπος
1535 3157 1758 3218 ἐκεῖνος,

173 3243 229 3304 ὃς
276 3243 344 3297 ἂν
406 3243 480 3313 μὴ
538 3242 747 3317 ἀκούσῃ
802 3245 903 3297 ὅσα
937 3244 1003 3297 ἂν
1038 3245 1248 3318 λαλήσῃ
1283 3246 1310 3298 ὁ
1351 3248 1640 3317 προφήτης
1670 3247 1762 3298 ἐπὶ

175 3334 251 3404 τῷ
268 3334 503 3405 ὀνόματί
534 3351 658 3403 μου,
681 3333 789 3402 ἐγὼ
813 3335 1085 3405 ἐκδικήσω
1111 3336 1170 3399 ἐξ
1206 3334 1390 3388 αὑτοῦ.
1421 3355 1438 3386 ι
1476 3337 1563 3388 Ἐν
1585 3335 1764 3405 ταυτῷ

175 3425 470 3496 τοιγαροῦν
535 3425 564 3476 ὁ
612 3425 816 3495 Κύριος
857 3424 1014 3494 ἡμῶν
1049 3423 1259 3495 Ἰησοῦς
1311 3427 1338 3478 ὁ
1385 3425 1618 3496 Χριστὸς
1670 3424 1764 3477 τὸν

177 3517 420 3582 ἀλαζόνα
445 3516 556 3569 τῶν
602 3516 871 3570 Ἰουδαίων
913 3515 1125 3569 εὐθύνει
1155 3516 1349 3586 δῆμον,
1379 3517 1454 3579 ὼς
1489 3517 1582 3570 καὶ
1613 3517 1764 3588 αύτῷ

182 3611 494 3681 μαχόμενον
522 3609 597 3679 τῷ
656 3607 775 3680 Θεῷ
819 3607 916 3662 καὶ
976 3609 1174 3679 Πατρὶ,
1209 3609 1301 3662 καὶ
1344 3608 1410 3662 δι’
1444 3603 1518 3662 ὧν
1546 3610 1764 3680 ἐντολὴν

179 3701 463 3771 εἰληφέναι
515 3701 663 3767 λέγει
699 3700 827 3768 παρ’
852 3699 1043 3762 αὑτοῦ,
1073 3700 1167 3753 καὶ
1190 3699 1282 3769 ἀφ’
1317 3701 1511 3753 ἑαυτοῦ
1563 3700 1638 3771 μὴ
1667 3700 1764 3752 λα-

183 3791 311 3856 λεῖν,
341 3792 538 3846 ἑαυτὸν
559 3792 687 3845 ὄντα
721 3793 816 3844 τὸν
857 3794 1143 3861 προφήτην
1176 3791 1505 3846 ἐπιδεικνύει
1554 3793 1763 3861 σαφῶς,

182 3884 270 3937 τὸν
294 3885 389 3938 διὰ
421 3884 586 3953 νόμου
639 3883 1047 3954 προδοώμενον,
1101 3883 1196 3935 καὶ
1225 3884 1315 3936 διὰ
1340 3883 1440 3952 τῆς
1491 3883 1585 3937 τοῦ
1630 3884 1764 3937 Θεοῦ

185 3978 276 4030 καὶ
303 3977 522 4048 Πατρδς
551 3977 732 4046 φωνῆς
761 3976 825 4028 ὲκ
854 3975 1067 4028 πολλῶν
1095 3975 1302 4028 ἄνωθεν
1333 3978 1538 4049 χρόνων
1567 3993 1768 4048 προκεο

186 4067 557 4138 κηρσγμένον.
619 4065 792 4120 Καλεῖ
832 4064 886 4116 δέ
917 4081 1035 4127 πως
1063 4065 1199 4134 πρὸς
1235 4066 1562 4137 ἀνάμνησιν,
1589 4067 1767 4120 καίτοι

186 4158 376 4221 νωθεῐς
406 4157 564 4220 ὄντας
600 4157 818 4219 αὐτοὺς,
872 4155 948 4218 ὡς
998 4156 1048 4208 εί
1075 4156 1150 4227 μὴ
1187 4155 1458 4226 βούλοιντο
1492 4159 1604 4220 τοῖς
1636 4155 1765 4227 παρ’

187 4250 350 4304 αὑτοῦ
419 4251 846 4305 καταπείθεσθαι
902 4251 1100 4321 λόγοις,
1127 4249 1507 4304 ὑποκείσονται
1548 4248 1769 4312 πάντως

187 4340 506 4411 ἁδιαφύκτῳ
562 4341 811 4408 κολάσει,
873 4343 966 4395 καὶ
1035 4339 1396 4411 ὑπομενοῦσιν
1469 4338 1613 4410 ᾶπερ
1661 4337 1764 4409 ἔφη

185 4431 334 4496 Θεός.
355 4435 420 4486 Οἱ
447 4432 558 4505 γὰρ
582 4433 681 4504 τὴν
718 4435 870 4489 Θείαν
892 4434 1110 4505 ἐντολὴν
1138 4432 1230 4487 τοῦ
1263 4431 1398 4486 Θεοῦ
1434 4431 1528 4484 καὶ
1554 4433 1768 4502 Πατρὸς

191 4527 646 4598 παρατρέχοντες,
692 4528 788 4580 καὶ
851 4527 945 4579 τὸν
994 4525 1254 4590 ζωοποιὺν
1287 4525 1380 4578 τοῦ
1431 4524 1566 4578 Θεοῦ
1595 4526 1768 4593 Λόγον

189 4618 549 4690 ἐξωθούμενοι
607 4618 700 4673 τοῦ
745 4616 998 4691 Σωτῆρος
1040 4619 1196 4690 ήμῶν
1231 4617 1492 4690 Χριστοῦ,
1522 4616 1641 4680 πῶς
1668 4618 1769 4671 οὐκ

191 4706 248 4759 ὲν
273 4711 385 4772 τοῖς
405 4708 661 4777 ἐσχάτοις
690 4710 961 4764 κείσονται
984 4713 1200 4773 κακοῖς,
1227 4710 1259 4780 ἦ
1295 4710 1410 4774 πῶς
1440 4710 1544 4762 οὐκ
1598 4710 1769 4780 ἀμέτ-

187 4813 297 4866 οχοι
329 4798 552 4867 μενοῦσι
581 4799 677 4869 τῆς
697 4800 822 4872 παρ’
849 4800 1012 4854 αὐτοῦ
1034 4800 1198 4870 ζωῆς,
1222 4800 1455 4868 εὐλόγως
1481 4800 1769 4864 ἀκούοντες

191 4888 248 4941 τὺ
267 4891 355 4943 διὰ
385 4890 489 4960 τῆς
519 4890 616 4945 τοῦ
674 4894 954 4963 προφήτου
995 4894 1175 4962 φωνῆς
1198 4906 1212 4922 ⁶
1251 4910 1268 4943 ι
1308 4894 1404 4962 Γῆ,
1439 4894 1534 4964 γῆ,
1577 4892 1766 4958 ἄκουε,

193 4982 350 5035 ἄκουε
396 4982 558 5050 λόγον
611 4985 837 5055 Κυρίου.
880 4986 1010 5040 Ἰδοὺ
1033 4985 1146 5053 ἐγὼ
1173 4986 1364 5055 ἐπάγω
1401 4987 1494 5039 ἐπὶ¹
1520 4986 1610 5040 τὸν
1637 4985 1766 5038 λαὸν

192 5072 372 5127 τοῦτον
398 5073 568 5139 κακὰ,
596 5076 685 5129 τὸν
717 5075 927 5147 καρπον
960 5078 1306 5148 ἀποστροφῆς
1336 5077 1533 5141 αὐτῶν,
1567 5078 1650 5131 ὅτι
1687 5077 1764 5149 τῷ

193 5165 336 5235 νόμῳ
358 5183 460 5237 μου
475 5168 535 5220 οὐ
559 5168 879 5240 προσέσχον,
900 5169 1099 5224 καὶτὸν
1117 5170 1275 5238 λόγον
1294 5185 1396 5240 μου
1419 5168 1728 5235 ἀπώσαντος
1743 5189 1760 5221 ι

195 5257 362 5328 Διττῷ
388 5259 500 5331 γὰρ
527 5259 742 5332 ἐνόχους
771 5260 928 5325 ὄντας
955 5263 1263 5333 ἐγκλήματι
1308 5265 1434 5326 τοὺς
1479 5261 1767 5324 Ἰουδαίους

197 5348 498 5420 εὑρήσομεν
522 5368 534 5381 ·
587 5351 710 5406 οὔτε
741 5354 848 5424 γὰρ
874 5353 1035 5407 αὐτὸν
1079 5354 1255 5407 καίτοι
1285 5354 1479 5408 σεπτὸν
1517 5349 1656 5407 εἶναι
1684 5353 1769 5406 δο-

199 5439 393 5495 κοῦντα
427 5443 522 5496 καὶ
574 5444 724 5512 φίλον
769 5447 1099 5516 τετιμήκασι
1123 5446 1213 5499 τὸν
1247 5446 1432 5515 νόμον,
1458 5445 1551 5498 τὸν
1577 5446 1643 5500 δι’
1668 5447 1767 5499 αὑ-

198 5533 288 5587 τοῦ
329 5535 671 5606 κηρυχθέντα
741 5537 816 5608 μὴ
862 5537 1286 5609 προσηκάμενοι.
1311 5536 1432 5591 οὔτε
1465 5536 1570 5609 μὴν
1595 5553 1734 5608 προσ

271 5696 310 5725 ⁸¹
351 5695 468 5751 Iac.
506 5712 577 5759 tv,
617 5699 682 5750 l2
715 5715 728 5762 ;
763 5697 776 5750 Ι
816 5697 956 5752 Tim.
996 5715 1029 5753 η
1058 5740 1072 5760 .
1106 5701 1158 5753 ii.

399 5815 667 5876 PLTROL.
727 5815 844 5877 (in.
895 5819 990 5879 LX
1007 5820 1162 5881 ΧΠ.

1792 4319 1836 4377 C

1864 3062 2030 3117 homo
2061 3065 2153 3134 qui
2190 3080 2298 3118 non
2332 3063 2569 3117 audierit
2601 3077 2724 3132 quin
2747 3063 2964 3118 locutus
2990 3062 3150 3116 fuerit
3174 3061 3441 3132 propheta

1864 3156 1960 3210 ille
2009 3155 2064 3210 in
2127 3157 2349 3210 nomine
2401 3171 2543 3216 meo,
2596 3171 2697 3225 ego
2751 3156 3050 3210 vindictam
3103 3169 3314 3209 sumam
3375 3154 3443 3210 de

1864 3263 1931 3303 eo
1957 3247 2024 3301 “.
2075 3267 2094 3300 ι
2125 3246 2248 3302 Uno
2279 3249 2449 3317 igitur
2473 3249 2643 3320 716
2671 3247 2976 3317 eodemque
3018 3249 3139 3302 loco
3179 3247 3441 3304 Dominus

1866 3349 2054 3396 noster
2080 3339 2243 3396 Jesus
2287 3340 2540 3395 Christus
2575 3339 2873 3410 superbum
2906 3338 3218 3394 Iudaeorum
3266 3357 3442 3411 popu-

1864 3433 1977 3487 lum
2012 3433 2279 3503 iucrepat,
2304 3440 2363 3485 ut
2393 3432 2485 3500 qui
2515 3432 2617 3500 ipsi
2654 3431 2764 3484 Deo
2794 3446 2857 3485 ac.
2883 3431 3030 3485 Patri
3068 3440 3354 3500 repugnet,
3388 3443 3440 3486 et

1865 3537 1962 3593 per
1991 3538 2112 3591 quae
2147 3521 2464 3575 mandatum
2496 3521 2570 3572 ait
2596 3520 2878 3589 accepisse
2911 3521 2981 3574 ab
3003 3534 3092 3584 eo,
3125 3527 3180 3573 et
3203 3534 3233 3573 a
3260 3520 3442 3589 seipse

1866 3630 1977 3669 non
2007 3613 2175 3682 loqui,
2202 3628 2297 3682 per
2326 3613 2439 3666 haec
2471 3611 2659 3666 eadem
2693 3611 2936 3681 seipsum
2963 3611 3287 3682 prophetam
3319 3628 3444 3668 esse

1866 3706 2115 3761 declarat
2173 3706 2270 3776 qui
2310 3721 2340 3759 a
2393 3705 2508 3775 lege
2561 3704 2852 3773 praedictus
2889 3705 2982 3767 sit,
3014 3713 3072 3759 et
3117 3720 3216 3776 per
3251 3704 3344 3760 Dei
3381 3722 3446 3760 ac

1867 3798 2048 3854 Patris
2080 3813 2266 3853 vocem
2312 3799 2498 3852 multis
2542 3806 2694 3852 retro
2723 3799 3065 3867 temporibus
3106 3799 3447 3867 praenuntia--

1869 3897 1958 3944 tus
1991 3891 2081 3944 sit.
2118 3888 2212 3944 Eis
2241 3899 2444 3952 autem,
2485 3890 2738 3958 quamvis
2779 3888 2921 3943 tardi
2967 3890 3097 3954 sint,
3130 3890 3185 3944 in
3237 3905 3446 3945 memo-

1869 3982 2009 4035 riam
2039 3979 2442 4049 quodammodo
2491 3988 2732 4042 revocat,
2780 3979 2888 4032 nisi
2931 3979 3051 4048 ejus
3100 3982 3446 4035 sermonibus

1870 4087 2064 4140 parere
2109 4071 2298 4133 velint,
2340 4069 2638 4124 inevitabili
2683 4071 2953 4142 supplicio
2991 4073 3217 4127 omnino
3258 4074 3447 4142 subje-

1870 4178 2018 4220 ctum
2048 4166 2115 4220 iri
2143 4204 2158 4228 ,
2190 4179 2366 4234 eaque
2391 4179 2652 4233 passuros
2686 4181 2808 4233 quae
2827 4165 2966 4219 dixit
2991 4165 3153 4220 Deus.
3184 4165 3318 4220 Nam
3353 4169 3444 4237 qui

1871 4259 2116 4313 divinum
2167 4255 2260 4311 Dei
2306 4271 2372 4310 ac
2403 4255 2584 4309 Patris
2633 4256 2949 4309 mandatum
2986 4257 3445 4326 practergrediun-

1872 4359 1981 4415 tur,
2017 4357 2069 4405 et
2101 4349 2378 4404 viviﬁcum
2426 4349 2519 4403 Dei
2563 4364 2628 4403 ac
2667 4346 2974 4403 Servatoris
3015 4349 3188 4402 nostri
3237 4349 3443 4404 Christi

1871 4457 2180 4498 sermonem
2239 4441 2528 4511 repellunt,
2581 4437 2857 4510 quomodo
2905 4454 3013 4492 non
3064 4442 3328 4495 extnemis
3361 4445 3446 4495 in-

1871 4535 2161 4590 volventur
2199 4531 2380 4596 malis,
2427 4539 2519 4584 aut
2550 4529 2828 4601 quomodo
2855 4531 2982 4585 vitae
3017 4531 3090 4586 ab
3121 4547 3187 4586 eo
3217 4548 3444 4588 manau-

1870 4626 1942 4677 tis
1990 4640 2098 4679 non
2129 4634 2381 4695 expertes
2428 4624 2816 4688 remanebunt,
2853 4638 2962 4678 non
2999 4626 3117 4678 sine
3147 4639 3311 4678 causa
3345 4641 3444 4678 au-

1871 4716 2084 4772 dientes
2123 4716 2271 4786 quod
2311 4715 2590 4786 prophetae
2624 4730 2756 4769 voce
2786 4714 2995 4769 dictum
3024 4724 3107 4771 est
3139 4734 3154 4769 :
3193 4734 3212 4766 ι
3250 4715 3444 4778 Terra.

1872 4819 2040 4870 terra,
2068 4807 2236 4872 audi,
2269 4807 2393 4860 audi
2430 4807 2657 4861 verbum
2701 4805 2932 4861 Domini.
2966 4805 3104 4862 Ecce
3133 4824 3234 4878 ego
3272 4809 3444 4862 addu-

1868 4915 1935 4954 co
1961 4915 2127 4970 super
2153 4899 2414 4970 populum
2461 4898 2611 4952 hunc
2656 4898 2820 4960 mala,
2857 4895 3096 4953 fructum
3141 4900 3444 4955 aversionis

1868 5007 2082 5056 eorum,
2115 4991 2244 5060 quia
2276 4990 2377 5060 legi
2432 5005 2566 5045 mea:
2607 5002 2720 5043 non
2748 4989 3119 5053 attenderunt,
3153 4999 3208 5044 et
3235 5003 3442 5044 sermo-

1868 5101 1992 5140 nem
2021 5099 2198 5138 meum
2239 5082 2586 5152 projecerunt
2615 5081 2704 5134 ⁸³2
2728 5099 2746 5133 ι
2788 5079 3029 5150 Duplicis
3067 5082 3214 5135 enim
3255 5082 3441 5135 crimi-

1868 5176 1955 5232 nis
1989 5191 2114 5231 reos
2141 5190 2264 5232 esse
2305 5173 2525 5229 Iudaeos
2559 5170 2983 5242 comperiemus.
3027 5171 3137 5228 Nec
3171 5173 3316 5227 enim
3358 5173 3440 5241 ip-

1867 5284 1983 5324 sam
2023 5268 2218 5340 legem,
2249 5281 2412 5337 (luam
2457 5271 2702 5320 sanctam
2731 5263 2941 5334 alioqui
2975 5263 3260 5332 putabant,
3291 5279 3428 5317 reve

1869 5360 1960 5414 riti
1992 5367 2141 5423 sunt,
2174 5359 2378 5429 quippe
2406 5357 2499 5426 qui
2541 5371 2652 5411 non
2706 5362 3072 5425 susceperunt
3106 5370 3228 5408 eum
3273 5369 3435 5424 quem

1869 5453 1960 5508 illa
1995 5450 2342 5522 pradixerat,
2378 5464 2479 5503 nec
2516 5447 2878 5503 attenderunt
2921 5445 3233 5501 Servatoris
3266 5447 3436 5500 nostri

1867 5541 2073 5598 Christi
2106 5542 2474 5606 sermonibus,
2518 5540 2644 5596 licet
2677 5545 2865 5611 aperte
2898 5536 3190 5594 clamantis
3230 5553 3291 5594 se
3316 5551 3438 5593 esse

1273 5703 1316 5732 ει
1360 5669 1515 5757 noui.
1554 5717 1715 5763 mu,
1753 5702 1854 5770 18,
1894 5702 1981 5760 lt}.
2058 5703 2102 5735 ⁸³
2138 5702 2337 5758 Jerem.
2379 5715 2430 5756 vi
2457 5742 2470 5764 ,
2505 5701 2591 5757 l9.

3110 5817 3145 5875 4
