3894 6200
474 270 572 326 107

1503 274 1559 328 S.
1603 270 1881 331 CYRILLI
1919 272 2385 337 ALEXANDRINI
2424 275 2745 339 ARCHIEP.

3636 230 3749 346 res

471 386 658 446 utique
690 386 1010 457 prophetam
1050 388 1144 457 qui
1180 403 1276 459 per
1304 390 1477 461 legem
1508 392 1847 461 praidicitur,
1886 410 1952 451 ex
1985 410 2039 451 ec

2157 400 2424 470 εσχήκασι
2443 401 2554 463 τοῖς
2584 399 2761 466 λόγοις
2796 399 2890 453 τοῦ
2945 402 3196 473 Σωτῆρος
3262 402 3420 473 ἡμῶν
3478 404 3741 475 Χριστοῦ,

468 480 615 546 quod
641 478 716 531 ait
751 478 855 533 sibi
881 494 910 531 a
934 479 1045 533 Deo
1063 494 1126 534 ac
1149 480 1311 537 Patre
1338 482 1469 552 quid
1505 484 1653 539 dicat
1684 487 2047 558 suppeditari.

467 566 656 638 Neque
684 582 818 622 vero
869 569 1165 639 quisquam
1199 571 1499 627 existimet.
1531 590 1596 629 ex
1642 592 1707 631 eo
1754 576 1903 647 quod
1943 577 2052 633 Do-

402 702 434 726 δ,
466 657 651 711 minus
679 657 755 709 ait
792 656 928 711 nihil
953 672 982 711 a
1013 659 1199 728 seipso
1225 659 1433 727 dicere,
1464 663 1558 717 sed
1603 665 1752 735 loqui
1792 684 1823 722 a
1853 668 2050 737 Patre,

468 749 782 804 detrimenti
829 749 1132 820 quidquam
1185 753 1437 825 accipere
1480 772 1664 827 posse,
1719 759 1836 816 sive
1868 763 2053 833 quoad

466 841 738 897 rationem
786 842 1146 906 substantiae,
1201 846 1318 900 sive
1371 848 1516 917 quod
1574 851 1770 907 attinet
1822 854 1890 909 ad
1942 853 2053 909 Deo

466 934 689 1005 dignam
724 934 1064 1003 majestatem
1098 953 1110 988 :
1148 937 1243 991 sed
1279 937 1413 993 illud
1450 955 1647 997 rursus
1692 942 1932 1013 primum
1960 961 2054 1001 εοι

466 1024 624 1093 gitet,
652 1038 717 1078 ac
748 1024 1071 1094 rogantibus
1099 1025 1260 1080 nobis
1298 1028 1652 1098 respondeat,
1694 1040 1877 1088 utrum
1922 1051 2053 1091 vero

468 1125 520 1169 et
546 1116 784 1170 naturali
833 1115 945 1171 Deo
1000 1118 1306 1187 prophetiae
1363 1135 1563 1175 nomen
1619 1130 1672 1177 et
1720 1140 1835 1178 rem
1875 1126 2051 1195 ipsam

468 1206 767 1263 convenire
807 1215 1001 1277 putet;
1038 1209 1189 1278 atqui
1223 1226 1385 1265 nemo
1420 1226 1529 1267 non
1567 1212 1788 1283 dixerit,
1833 1218 2051 1288 opinor,

465 1300 791 1356 incredibile
828 1315 951 1357 esse
990 1300 1161 1357 Deum
1209 1304 1533 1375 prophetam
1566 1311 1756 1365 vocari
1798 1326 1923 1368 eum
1959 1316 2053 1385 qui

466 1391 524 1445 in
558 1392 841 1463 prophetis
871 1393 1156 1463 loquatur.
1198 1413 1216 1446 ι
1256 1394 1380 1466 lpse
1416 1399 1559 1453 enim
1595 1401 1839 1459 visiones
1869 1405 2057 1460 multi-

466 1485 716 1553 plicavit,
749 1494 808 1539 ut
849 1486 1136 1551 scribitur,
1171 1494 1225 1541 et
1250 1488 1307 1542 in
1357 1491 1615 1548 manibus
1660 1494 2053 1564 pr0phetarum

383 1612 390 1619 -
456 1574 808 1630 assimilatus
846 1586 931 1631 est
958 1575 1027 1631 “.
1068 1596 1086 1629 ι
1123 1575 1267 1643 Quia
1292 1594 1422 1650 ergo
1444 1580 1731 1639 servitutis
1760 1586 1983 1641 nomine
2001 1595 2057 1640 et

464 1667 645 1722 forma
667 1677 875 1723 nostra:
894 1668 1273 1725 similitudinis
1302 1681 1586 1742 assumpta
1604 1674 1672 1729 ad
1695 1685 1941 1732 nostram
1971 1678 2051 1733 si-

2156 491 2334 544 καίτοι
2378 490 2608 562 βοῶντος
2655 492 2979 560 ἀναφανδὸν,
3028 493 3103 557 ὼς
3162 494 3323 557 αὐτὸς
3365 494 3452 565 εἴη
3493 492 3679 565 σαφῶς
3711 499 3742 550 6

2154 583 2439 654 προφήτης
2504 584 2532 635 ὁ
2583 582 2672 637 διὰ
2726 584 2891 653 νόμου
2969 584 3482 655 χρησμῳδούμενος,
3523 587 3593 641 δι’
3664 581 3743 641 ὧν

2156 673 2364 741 ἔφασκε
2388 677 2499 739 τοῖς
2530 678 2683 746 παρά
2712 675 2805 728 τοῦ
2833 675 2967 729 Θεοῦ
2999 676 3093 729 καὶ
3124 677 3336 748 Πατρός
3374 666 3743 732 διακονεῖσθαι

2155 763 2353 833 λόγοις.
2384 766 2495 819 Kal
2538 767 2702 836 μήτις
2737 766 2934 820 οἰέσθω
2970 767 3031 819 τὸ
3075 768 3239 836 φάναι
3270 768 3361 821 τὸν
3403 768 3628 839 Κύριον,
3666 770 3745 834 ὡς

2156 858 2247 925 ἀφ’
2309 856 2502 911 ἑαυτοῦ
2562 858 2662 927 μὲν
2689 858 2861 921 οὐδὲν,
2922 859 3171 912 λαλεῖται
3195 859 3252 913 δὲ
3297 860 3448 932 παρά
3497 862 3742 931 Πατρδς,

2154 948 2359 1001 ἀδικεῖν
2384 949 2548 1001 αὑτὸν
2596 949 2855 1004 δύνασθαι
2894 950 3036 1005 κατά
3061 970 3113 1004 τι
3157 952 3287 1021 γοῦν
3338 952 3496 1016 ὂλως,
3531 953 3565 1025 ἢ
3598 954 3747 1007 κατά

2154 1040 2246 1091 τὸν
2273 1040 2369 1107 τῆς
2407 1040 2595 1104 οὐσίας
2642 1042 2835 1112 αὐτῆς,
2896 1043 3064 1112 ήγουν
3106 1045 3187 1107 είς
3241 1042 3398 1108 ἀξίας
3446 1044 3605 1113 λόγον
3642 1045 3745 1115 τῆς

2156 1132 2493 1203 θεοπρεποῦς
2518 1149 2531 1162 ·
2563 1132 2701 1185 ἀλλὰ
2745 1133 2962 1204 πρῶτον
3003 1134 3101 1205 μὲν
3139 1137 3315 1189 ἐκεῖνο
3350 1136 3744 1207 διενθυμείσθω

2155 1238 2214 1274 τε
2252 1222 2436 1287 πάλιν,
2467 1216 2562 1275 καὶ
2582 1221 2786 1291 λεγέτω
2809 1220 3089 1293 ἐρομένοις
3115 1225 3277 1294 ἡμῖν’
3300 1219 3446 1294 τΑρα
3476 1226 3583 1296 γὰρ
3606 1226 3741 1296 πρέ-

2157 1331 2281 1367 πειν
2313 1315 2559 1384 οίήσεταί
2596 1333 2679 1378 τις
2709 1315 2790 1384 τῷ
2815 1333 2876 1384 γε
2911 1316 3045 1380 ὅλως
3102 1316 3215 1370 ὄντι
3255 1334 3315 1370 τε
3344 1319 3439 1371 καὶ
3462 1317 3745 1387 νοουμένῳ

2156 1407 2294 1460 κατὰ
2351 1407 2512 1476 φύσιν
2561 1407 2699 1478 Θεῷ,
2745 1408 2805 1460 τὸ
2846 1408 2945 1479 τῆς
2984 1411 3321 1479 προφητείας
3346 1410 3516 1479 ὄνομά
3545 1428 3603 1463 τε
3641 1410 3741 1464 καὶ

2156 1500 2433 1569 πρᾶγμα;
2487 1499 2665 1552 καίτοι
2714 1501 2823 1562 πᾶς
2864 1516 2949 1562 τις
2979 1494 3092 1564 οὖν,
3132 1496 3303 1571 οἶμαι,
3347 1501 3442 1553 καὶ
3480 1499 3587 1554 τῶν
3618 1501 3741 1555 λίαν

2158 1592 2399 1663 εὐχερῶν
2431 1593 2763 1661 ἀποφήσειεν
2789 1592 2875 1656 ἂν,
2921 1593 3184 1647 ἀπίθανον
3218 1587 3357 1645 εἶναι
3395 1592 3569 1661 λέγων
3597 1594 3743 1646 ἀπο-

2159 1682 2439 1737 καλεῖσθαι
2467 1686 2753 1754 προφήτην
2771 1682 2863 1738 τὸν
2884 1684 2943 1736 ἐν
2964 1687 3270 1753 προφήταις
3286 1682 3550 1736 λαλοῦντα
3577 1682 3737 1737 Θεύν.

462 1756 829 1812 militudinem
856 1758 1122 1829 propheta
1140 1768 1370 1817 vocatus
1390 1770 1497 1827 est,
1514 1767 1829 1822 necessario
1844 1768 1892 1823 ei
1911 1784 2039 1839 quo-

2158 1796 2177 1828 ο
2224 1777 2398 1841 Αὐτὸς
2450 1780 2561 1846 γὰρ
2594 1775 2813 1847 ὁράσεις
2860 1774 3159 1845 ἐπλήθυνε,
3200 1774 3343 1829 κατὰ
3387 1774 3448 1827 τὸ
3486 1791 3744 1847 γεγραμ-

462 1865 571 1919 que
600 1850 683 1904 lex
717 1865 840 1920 quae
864 1852 1143 1920 prophetae
1170 1854 1505 1909 conveniunt
1536 1859 1805 1924 attribuit,
1829 1861 1931 1915 hoc
1965 1876 2048 1917 est

462 1941 687 1997 audisse
740 1942 947 2011 aliquid
989 1959 1019 1997 a
1063 1942 1246 2009 Patre,
1297 1958 1353 2001 et
1397 1949 1717 2004 mandatum
1764 1955 2048 2025 accepisse

460 2033 625 2103 717
663 2034 792 2104 quid
819 2035 970 2089 dicat
1024 2044 1078 2091 et
1111 2037 1244 2108 quid
1280 2038 1559 2110 loquatur.
1593 2043 1691 2100 Cui
1736 2046 2046 2103 addendum

460 2125 723 2191 arbitror,
764 2124 982 2183 Iudaeos
1033 2127 1173 2200 legis
1213 2130 1476 2201 opinione
1522 2135 1879 2193 vehementer
1913 2155 2047 2209 pra:-

458 2220 788 2280 occupatos,
826 2212 871 2268 si
905 2229 1024 2270 eam
1056 2229 1087 2269 a
1129 2215 1241 2272 Deo
1271 2220 1541 2289 prolatam
1572 2239 1695 2281 esse
1731 2227 2043 2294 crederent,

459 2300 766 2357 Salvatoris
811 2320 1094 2363 sermones
1135 2324 1417 2379 nunquam
1460 2324 1821 2386 suscepturos
1871 2320 2046 2378 fuisse

460 2394 516 2448 in
537 2394 840 2464 spiritalem
859 2398 1066 2454 cultum
1090 2409 1270 2455 vetera
1294 2405 1549 2460 mandata
1571 2410 2042 2469 transformantis.

458 2484 567 2544 Sed
601 2488 734 2557 quid
790 2504 972 2546 causa
1018 2502 1139 2546 erat
1180 2508 1283 2549 cur
1317 2495 1424 2564 ipsi
1471 2498 1682 2553 nollent
1745 2502 2041 2573 ﬁgurarum

457 2577 526 2629 ad
562 2578 847 2633 veritatem
880 2580 1429 2640 transformationem
1467 2589 1791 2659 suscipere?
1819 2593 2042 2651 Nescie-

457 2669 593 2728 bant
630 2668 799 2726 Deum
850 2686 975 2729 esse
1026 2674 1183 2729 illum
1233 2678 1539 2733 secundum
1600 2690 1879 2753 naturam,
1942 2702 2043 2743 nec

456 2762 644 2820 animo
687 2763 981 2832 capiebant
1027 2766 1375 2838 unigenitum
1426 2769 1608 2828 Patris
1655 2770 1893 2830 Verbum
1938 2795 2041 2836 no-

454 2862 631 2906 stram
671 2861 898 2923 propter
927 2870 1030 2912 nos
1058 2867 1308 2928 gestasse
1337 2876 1586 2918 carnem.
1627 2864 1850 2938 Alioqui
1891 2870 2040 2925 enim

455 2943 642 2998 statim
668 2942 780 2999 Deo
810 2946 1241 3015 procumbentes
1282 2957 1339 3005 et
1367 2965 1702 3024 quocunque
1743 2958 1909 3015 vellet
1936 2962 2041 3016 im-

454 3032 609 3102 pigre
642 3031 831 3100 delati,
862 3038 1283 3095 convenientem
1328 3043 1380 3097 ei
1415 3047 1647 3115 gloriam
1695 3060 2035 3109 servassent.

2154 1868 2333 1939 μένον,
2367 1869 2461 1921 καὶ
2509 1870 2566 1921 ἐν
2615 1867 2774 1939 χερσὶ
2804 1865 3099 1938 προφητῶν
3120 1865 3402 1936 ὡμοιώθη.
3440 1886 3457 1917 ι
3510 1865 3737 1937 Ἐπειδὴ

2147 1963 2328 2014 τοίνυν
2365 1962 2427 2015 τὺ
2467 1961 2568 2032 τῆς
2607 1961 2855 2024 δουλείας
2898 1962 3067 2030 ὖνομα
3113 1960 3205 2013 καὶ
3241 1959 3430 2029 σχῆμα
3462 1959 3565 2028 τῆς
3594 1958 3740 2030 πρὸς

2147 2056 2298 2125 ήμᾶς
2322 2055 2638 2124 ὁμοιότητος
2673 2052 2981 2117 ἀναλαϐὼν,
3011 2052 3134 2106 καθ’
3164 2053 3446 2123 ἡμετέραν
3472 2051 3740 2122 ὁμοίωσιν

2148 2148 2350 2219 ἐκλήθη
2381 2150 2689 2219 προφήτης,
2726 2145 3039 2215 ἀναγκαίως
3088 2144 3236 2214 αὐτῷ
3265 2145 3362 2197 καὶ
3393 2145 3463 2197 τὰ
3485 2142 3565 2212 τῷ
3598 2158 3738 2214 προ-

2148 2243 2293 2312 φήτῃ
2322 2241 2607 2311 πρέποντα
2650 2239 3023 2311 περιτέθεικεν
3053 2239 3081 2291 6
3116 2236 3301 2306 νόμος,
3323 2234 3471 2289 τοῦτ’
3504 2234 3639 2298 ἐστι,
3669 2233 3740 2286 τὸ

2147 2332 2412 2389 πυθέσθαι
2445 2350 2493 2386 τι
2525 2332 2675 2403 παρὰ
2699 2330 2793 2386 τοῦ
2818 2331 3050 2401 Πατρὸς,
3097 2328 3317 2399 ἐντολήν
3348 2344 3408 2380 τε
3450 2324 3737 2396 εἰληφέναι

2143 2424 2197 2477 τί
2227 2425 2376 2494 εἴπῃ,
2428 2423 2523 2475 καὶ
2560 2422 2614 2475 τί
2678 2423 2907 2493 λαλήσῃ.
2944 2421 3086 2493 Πρὸς
3118 2419 3175 2473 δέ
3197 2435 3260 2487 γε
3291 2417 3467 2487 τούτῳ
3511 2418 3741 2470 κάκεῖνο

2145 2519 2318 2569 εἰπεῖν
2347 2504 2602 2587 οἰήσομαι
2655 2515 2765 2569 δεῖν
2786 2528 2799 2542 ⁸
2828 2516 2887 2568 ἐν
2926 2512 3091 2583 πολλῇ
3150 2510 3417 2583 προλήψει
3446 2508 3736 2577 γεγονότες

2157 2609 2399 2663 ἰοὺδαῖοι
2430 2626 2494 2662 πε
2504 2609 2558 2680 pl
2587 2608 2678 2662 τὸν
2708 2608 2893 2678 νόμον,
2928 2604 3258 2673 λελαλῆσθαι
3299 2602 3451 2674 παρά
3480 2602 3571 2655 τοῦ
3594 2599 3735 2654 Θεοῦ

2144 2702 2490 2765 πιστεύοντες
2517 2701 2698 2763 αὑτὸν,
2727 2701 2825 2754 ούκ
2857 2699 2923 2753 ἂν
2954 2697 3316 2770 παρεδέξαντο
3345 2694 3437 2749 τοῦ
3478 2695 3737 2765 Σωτῆρος

2141 2795 2269 2857 τοὺς
2291 2792 2501 2861 λόγους,
2547 2794 2627 2854 είς
2675 2790 3058 2861 πνευματικὴν
3118 2787 3373 2860 λατρείαν
3426 2783 3737 2855 μεταπλάτ-

2140 2901 2328 2947 τοντος
2364 2886 2433 2938 τὰ
2485 2885 2656 2939 πάλαι
2706 2881 3061 2953 διωρισμένα.
3117 2879 3229 2934 Καὶ
3273 2878 3356 2942 τίς
3391 2878 3423 2946 ή
3455 2877 3737 2946 πρόφασις

2141 2976 2235 3029 τοῦ
2266 2976 2341 3047 μὴ
2375 2976 2551 3029 θέλειν
2575 2976 2774 3038 αὐτοὺς
2808 2970 3222 3046 παραδέξασθαι
3245 2970 3338 3024 τὸν
3357 2972 3439 3032 είς
3470 2967 3737 3039 ἀλήθειαν

2141 3068 2250 3121 τῶν
2283 3067 2471 3121 τύπων
2512 3065 2938 3136 μεταπλασμόν;
3000 3065 3114 3117 Οὐκ
3160 3063 3358 3132 ᾔδεσαν
3383 3059 3527 3114 κατὰ
3562 3060 3735 3129 φύσιν

457 3119 565 3175 Sed
595 3120 984 3180 existimabant
1027 3127 1216 3183 miseri
1260 3146 1429 3186 unum
1481 3150 1513 3189 e
1550 3138 1712 3194 nobis
1743 3143 2035 3211 exsistere,

2143 3119 2273 3215 όντα
2298 3119 2481 3223 ⁷Θεδν,
2512 3119 2641 3212 ἀλλ’
2670 3119 2966 3228 οὐδέεἷχον
3007 3157 3088 3217 εἰς
3136 3119 3283 3218 νοῦν,
3325 3154 3407 3205 ὅτι
3440 3119 3613 3220 Λόγος
3653 3150 3737 3204 ὢν

453 3226 694 3282 cumque
730 3213 895 3271 homo
923 3217 1105 3274 nudus
1144 3235 1208 3275 ac
1242 3238 1432 3281 merus
1469 3238 1636 3293 esset,
1676 3240 1893 3288 tantum
1934 3235 2039 3291 sibi

456 3314 638 3360 tamen
671 3320 975 3374 assumere,
1005 3319 1065 3365 ut
1096 3323 1150 3368 et
1176 3314 1326 3384 ipsas
1357 3317 1451 3372 Dei
1489 3318 1666 3379 Patris
1696 3324 1844 3395 leges
1882 3341 2039 3383 ever-

452 3406 571 3453 tere
606 3398 857 3454 auderet.
895 3402 1014 3467 Quo
1045 3403 1250 3460 factum
1295 3417 1381 3464 est
1426 3421 1484 3465 ut
1534 3415 1883 3485 impudenter
1914 3440 2039 3479 eum

451 3488 791 3546 clamoribus
821 3492 1201 3553 incesserent:
1240 3517 1258 3551 ι
1313 3500 1387 3557 De
1428 3503 1575 3559 bono
1612 3521 1779 3577 opere
1809 3527 1919 3568 non
1968 3517 2041 3570 la-

450 3580 708 3650 pidamus
740 3592 814 3648 te,
843 3585 937 3640 sed
967 3586 1036 3643 de
1077 3587 1418 3660 blasphemia
1460 3612 1475 3649 :
1526 3609 1581 3651 et
1616 3602 1743 3669 quia
1775 3611 1832 3657 tu
1877 3605 2040 3664 homo

450 3684 578 3724 cum
603 3672 703 3736 sis,
736 3676 971 3744 teipsum
1005 3677 1141 3734 facis
1176 3678 1345 3736 Deum
1376 3683 1444 3739 “.
1477 3704 1497 3739 ι
1546 3687 1822 3761 Singulari
1851 3696 2039 3769 itaque

451 3775 507 3821 et
531 3768 797 3835 praeclaro
837 3771 1072 3826 consilio
1108 3772 1374 3830 Dominus
1404 3789 1596 3835 noster
1633 3781 1796 3840 Jesus
1842 3788 1910 3844 ab
1943 3768 2037 3845 illa

450 3857 770 3927 suspicione
800 3860 1084 3917 auditores
1114 3864 1464 3934 abstraliens,
1498 3877 1760 3943 tanquam
1810 3892 1842 3933 a
1886 3881 2035 3936 nuda

449 3956 507 4002 et
542 3949 659 4004 sola
706 3949 947 4006 humana
984 3969 1223 4023 persona
1278 3961 1586 4017 orationem
1648 3968 1915 4025 transfert
1963 3974 2035 4030 ad

449 4054 577 4096 eum
620 4041 717 4111 qui
772 4043 952 4111 palam
980 4056 1034 4099 et
1080 4050 1203 4102 sine
1247 4051 1695 4111 contradictione
1744 4059 2031 4132 adoratur,

450 4134 649 4201 Deum,
690 4134 939 4204 inquam,
972 4146 1029 4191 ct
1076 4136 1322 4207 Patrem,
1352 4141 1669 4201 Judaeorum
1718 4154 2030 4210 vecordiam

449 4226 600 4281 omni
635 4226 851 4283 ratione
884 4228 1252 4297 confundens,
1296 4244 1353 4289 et
1381 4239 1552 4293 variis
1591 4242 1773 4299 modis
1813 4245 2031 4316 ignaras

448 4326 660 4373 mentes
703 4325 975 4384 tractans,
1010 4328 1176 4393 atque
1210 4324 1280 4378 ad
1320 4343 1450 4382 vera
1488 4339 1545 4384 et
1578 4336 2028 4394 convenientiora

448 4409 709 4465 discenda
744 4410 1054 4478 pelliciens.
1096 4413 1194 4471 His
1224 4418 1445 4485 quidem
1475 4427 1826 4485 sermonibus
1850 4438 1904 4485 et
1931 4432 2029 4487 ob-

2142 3250 2237 3305 τοῦ
2298 3250 2511 3322 Πατρός
2561 3252 2591 3302 6
2641 3248 2951 3318 Μονογενὴς
3009 3246 3108 3317 τὴν
3148 3244 3425 3315 ἡμετέραν
3476 3243 3543 3295 δι’
3579 3243 3736 3312 ἡμᾶς

2145 3344 2432 3415 πεφόρηκε
2463 3342 2746 3413 σάρκα.“Ἡ
2777 3339 2888 3411 γὰρ
2919 3339 2985 3393 ἂν
3018 3338 3181 3400 εὐθὺς
3211 3335 3581 3398 ὑποπεσόντες
3607 3332 3735 3403 Θεῷ

2143 3436 2281 3507 πρὸς
2326 3438 2435 3489 πᾶν
2469 3435 2646 3489 ὁτιοῦν
2691 3431 2958 3505 ἀμελλητὶ
2999 3430 3409 3502 μεθιστάμενοι,
3453 3426 3552 3497 τὴν
3577 3425 3736 3495 αὐτῷ

2141 3526 2460 3597 πρέπουσαν
2493 3525 2820 3595 διετήρησαν
2860 3521 3036 3586 δόξαν.
3084 3520 3274 3589 ᾭοντο
3302 3516 3359 3569 δέ
3388 3515 3590 3585 μᾶλλον
3614 3511 3734 3565 τῶν

2139 3615 2261 3669 καθ’
2309 3617 2458 3685 ἡμᾶς
2507 3616 2557 3668 oi.
2585 3614 2809 3667 δείλαιοι
2832 3611 3101 3681 ὑπάρχειν
3152 3608 3269 3672 ἐνα,
3301 3606 3394 3658 καὶ
3435 3604 3732 3675 ἄνθριινιτον

2138 3706 2268 3761 ὅντα
2300 3706 2454 3776 ψιλὸν
2491 3705 2758 3777 φρονῆσαι
2815 3700 3092 3765 τοσοῦτον,
3119 3700 3196 3762 ὼς
3239 3697 3334 3751 καὶ
3372 3697 3572 3759 αὐτοὺς
3598 3697 3730 3749 ἐπι-

2138 3802 2342 3869 χειρεῖν
2367 3799 2493 3863 τοὺς
2516 3797 2668 3869 παρά
2713 3795 2810 3851 τοῦ
2857 3793 2991 3849 Θεοῦ
3044 3793 3138 3846 καὶ
3175 3789 3390 3861 Πατρδς
3416 3786 3729 3858 παραλύειν

2137 3891 2358 3961 νόμους.
2412 3891 2524 3944 Kal
2581 3888 2710 3959 γοῦν
2765 3886 2990 3958 ἀναίδην
3036 3883 3278 3953 ἔφασκον
3323 3879 3464 3951 πρὸς
3522 3876 3725 3930 αὐτόν’

2143 4000 2162 4032 ‹
2200 3982 2336 4052 Περὶ
2382 3978 2548 4035 καλοῦ
2596 3978 2760 4051 ἔργου
2806 3976 2869 4029 οὐ
2913 3971 3207 4044 λιθάζομέν
3275 3987 3358 4035 σε,
3408 3967 3548 4022 ἀλλά
3590 3966 3726 4037 περὶ

2137 4071 2506 4143 βλασφημίας,
2563 4072 2643 4124 ὅτι
2685 4070 2749 4123 σὺ
2788 4066 3073 4139 ἄνθρωπος
3127 4062 3223 4127 ὢν,
3263 4064 3435 4123 ποιεῖς
3490 4059 3725 4112 σεαυτὸν

2132 4162 2285 4217 Θεόν.
2318 4183 2338 4215 ι
2367 4163 2467 4217 Διὰ
2522 4162 2721 4232 πολλῆς
2752 4159 2931 4213 τοίνυν
2961 4157 3057 4211 καὶ
3095 4153 3357 4225 ἀκριϐοῦς
3400 4150 3724 4220 οἰκονομίας

2130 4257 2160 4310 ό
2187 4254 2389 4327 Κύριος
2422 4255 2581 4326 ήμῶν
2620 4252 2824 4323 Ἰησοῦς
2847 4251 2944 4321 τῆς
2971 4249 3197 4316 ἐνούσης
3238 4247 3424 4307 αὐτοῖς
3459 4243 3721 4306 ὑπονοίας

2134 4348 2393 4419 μεθιστὰς
2413 4347 2535 4408 τοῦς
2555 4344 2963 4415 ἀκροωμένους,
2987 4341 3061 4405 ὡς
3080 4340 3190 4393 ἀπὸ
3227 4338 3390 4408 ψιλοῦ
3424 4338 3520 4391 καὶ
3549 4339 3717 4412 μόνον

2131 4438 2225 4492 τοῦ
2281 4436 2623 4508 ἀνθρωπίνου
2683 4432 2976 4505 προσώπου
3032 4428 3391 4501 μετακομίζει
3431 4428 3526 4481 τὸν
3554 4427 3717 4495 λόγον

449 4501 855 4557 servationibus
889 4512 1185 4561 contentus
1216 4523 1344 4564 esse
1382 4512 1511 4581 quis
1534 4525 1726 4583 posset
1751 4518 1820 4573 ad
1844 4528 2030 4575 retun-

2141 4528 2226 4580 ἐπὶ
2250 4527 2341 4579 τὸν
2379 4501 2785 4596 ἀναντιρρήτως
2804 4538 2864 4574 τε
2914 4522 3010 4574 καὶ
3047 4520 3503 4590 ὁμολογουμένως
3538 4534 3714 4589 προσ-

449 4592 632 4648 denda
687 4593 981 4663 impiorum
1028 4596 1417 4656 haereticorum
1472 4608 1746 4673 convicia,
1798 4612 1893 4680 qui
1944 4614 2029 4668 vel

448 4683 554 4739 hac
594 4693 748 4754 parte
776 4686 1045 4741 minorem
1071 4686 1234 4746 Patre
1262 4691 1463 4749 Filium
1504 4698 1849 4767 existimant,
1883 4706 2025 4776 quod

448 4775 588 4831 dixit
622 4776 761 4830 nihil
816 4792 847 4831 a
898 4778 1085 4849 seipso
1123 4782 1302 4853 loqui,
1357 4786 1454 4841 sed
1508 4788 1697 4845 datum
1757 4795 1864 4849 sibi
1901 4775 2028 4853 esse

447 4866 802 4931 mandatum,
855 4876 911 4924 et
958 4870 1103 4925 sicut
1151 4874 1362 4930 audivit
1407 4877 1577 4950 loqui.
1615 4882 1678 4937 Et
1728 4885 2027 4943 suffectura

447 4958 672 5027 quidem
709 4958 813 5012 ista
860 4959 977 5028 ipse
1007 4976 1230 5032 quoque
1257 4970 1545 5035 existimo,
1579 4974 1778 5030 addam
1817 4978 2022 5033 nihilo-

447 5050 632 5104 minus
664 5050 872 5119 aliquid
910 5052 1058 5106 aliud
1108 5070 1218 5125 quo
1255 5057 1475 5114 illorum
1521 5065 1861 5123 blateronum
1894 5087 2052 5140 proci

374 5182 379 5187 .
436 5140 656 5196 .cacitas
696 5143 942 5210 pateﬁat.
971 5144 1088 5212 Age
1115 5147 1283 5214 enim,
1326 5151 1372 5205 si
1407 5151 1606 5221 placet,
1644 5163 2021 5227 praetermisso

380 5272 383 5273 ν
445 5246 594 5286 nunc
643 5231 1074 5302 dispensationis
1123 5252 1247 5291 cum
1296 5255 1465 5298 carne
1520 5260 1794 5315 sermone,
1832 5262 2021 5309 osten-

445 5323 641 5379 damus
686 5333 831 5380 recte
862 5326 931 5379 de
970 5327 1091 5396 ipso
1123 5327 1418 5400 Unigenito
1445 5335 1652 5391 dictum
1686 5356 1809 5397 esse
1838 5345 1969 5401 illud
1996 5367 2010 5403 :

450 5431 470 5463 ι
512 5413 659 5479 Quia.
678 5430 780 5482 ego
819 5430 884 5468 ex
922 5418 1132 5484 meipso
1166 5434 1274 5473 non
1323 5423 1699 5493 loquonsed
1731 5434 1825 5503 qui
1863 5438 2015 5493 misit

446 5514 531 5556 me
555 5503 736 5570 Pater,
771 5506 888 5574 ipse
928 5505 1059 5558 mihi
1096 5511 1413 5568 mandatum
1458 5515 1607 5572 dedit
1634 5523 1765 5590 quid
1810 5524 2008 5597 dicam,

517 5681 563 5713 “
593 5679 730 5740 Osee
762 5702 863 5756 xu,
894 5692 982 5748 l0.
1056 5691 1102 5725 "
1132 5690 1287 5747 Joan.
1328 5708 1353 5745 κ
1376 5732 1392 5757 ,
1424 5692 1515 5751 ‘55.

2126 4618 2481 4688 κυνούμενον,
2513 4617 2654 4687 φημὶ
2681 4615 2739 4667 δὲ
2775 4614 2865 4668 τὸν
2892 4614 3026 4666 Θεὸν
3056 4613 3149 4665 καὶ
3184 4612 3430 4680 Πατέρα,
3457 4609 3546 4662 διὰ
3570 4626 3714 4663 παν-

2124 4710 2217 4775 τὸς
2261 4711 2457 4781 χρῆναι
2508 4710 2711 4778 τρόπου
2766 4707 2867 4775 τὴν
2895 4704 3221 4758 ἀπαίδευτον
3274 4702 3385 4755 τῶν
3435 4700 3714 4754 Ἰουδαίων

2125 4803 2355 4874 καρδίαν
2385 4801 2716 4855 ἐκδυσωπεῖν
2749 4798 3013 4868 οἰόμενος,
3071 4796 3166 4849 καὶ
3224 4792 3710 4866 μεταχειρίζεσθαι

2123 4893 2384 4955 ποικίλως
2414 4894 2539 4955 τοὺς
2572 4890 2865 4952 ἀσυνέτους
2893 4888 3188 4958 ἐπιχειρῶν
3216 4890 3297 4949 εἰς
3323 4886 3386 4939 τὸ
3415 4884 3711 4954 βούλεσθαι

2126 4982 2319 5053 μαθεῖν
2344 4980 2415 5033 τὰ
2435 4978 2608 5050 ἀληθῆ
2642 4979 2735 5033 καὶ
2777 4978 3220 5049 πρεπωδέστερα.
3266 4974 3548 5039 Τοιούτοις
3606 4974 3710 5044 μὲν

2120 5069 2212 5126 οὖν
2273 5072 2633 5142 ἀποχρήσαιτ’
2698 5071 2762 5124 ἄν
2807 5087 2893 5134 τις
2924 5070 3103 5138 λόγοις
3147 5086 3207 5121 τε
3235 5070 3332 5121 καὶ
3355 5067 3708 5138 θεωρήμασι,

2117 5162 2216 5225 τὰς
2244 5162 2352 5215 τῶν
2383 5163 2611 5215 ἀνοσίων
2660 5162 2953 5233 αἱρετικῶν
2994 5160 3313 5231 φιλοψογίας
3340 5159 3709 5229 διακρουόμε-

2118 5271 2226 5318 νος,
2261 5251 2540 5321 οἱομένων,
2564 5254 2644 5305 ὅτι
2677 5256 2826 5323 μεῖον
2850 5252 2961 5319 ἕξει
3000 5252 3141 5305 κατά
3162 5269 3214 5303 τι
3241 5249 3372 5318 γοῦν
3392 5252 3421 5302 ὁ
3446 5250 3598 5314 Υἱὸς,
3625 5251 3708 5313 ὡς

2120 5345 2255 5415 πρὸς
2282 5344 2373 5395 τὸν
2406 5343 2599 5396 ἑαυτοῦ
2632 5345 2954 5417 Γεννήτορα,
2982 5344 3068 5396 διὰ
3113 5342 3173 5394 τὸ
3200 5343 3366 5408 φάναι
3387 5341 3572 5393 λαλεῖν
3603 5341 3707 5410 μὲν

2118 5436 2214 5505 ἀφ’
2246 5435 2438 5487 ἑαυτοῦ
2464 5436 2649 5506 μηδὲν,
2691 5436 2935 5489 δεδόσθαι
2969 5451 3031 5504 γε
3079 5434 3185 5503 μὴν
3220 5433 3465 5503 ἐντολὴν,
3517 5433 3707 5487 λαλεῖν

2117 5543 2176 5578 τε
2206 5512 2640 5598 οὕτω’καθάπερ
2689 5528 2944 5599 ἠκροᾶτο.
2986 5526 3094 5579 Kal
3127 5526 3385 5596 ἀρκέσειν
3417 5522 3522 5594 μὲν
3540 5518 3709 5594 οἶμαι
